3842 6102
432 338 484 378 Iv
1578 332 1863 390 NOTITIA
1901 334 1972 390 IN
2011 335 2070 394 S.
2105 335 2532 396 EPIPHANlUM

497 438 582 495 10.
628 437 973 509 Epiphanius,
1003 443 1293 514 cpiscopus
1322 444 1475 511 Afer,
1502 447 1568 502 de
1592 463 1704 517 quo
1734 447 2123 523 Martyrologia
2155 451 2187 503 7
2213 452 2387 522 April.

492 531 577 583 11.
622 531 845 585 Flavius
887 534 1092 588 Annius
1137 533 1434 591 Eucherius
1475 537 1829 608 Epiphanius,
1867 542 1972 596 sub
2004 541 2250 598 Honorio
2277 554 2333 599 et
2366 543 2680 601 Theodosro
2731 546 3022 617 praefectus
3051 553 3228 624 urbis,
3277 559 3343 614 Α.
3377 561 3438 617 C.
3471 563 3602 630 111,
3645 567 3711 622 dc

420 642 529 699 quo
559 626 672 728 Jac.
710 629 1080 688 Gothofredus
1121 634 1189 688 ad
1231 633 1364 688 Cod.
1424 634 1681 691 Theodos.
1740 637 1834 693 lib.
1871 655 1926 706 ν,
1965 639 2040 694 De
2067 641 2292 696 domesl.
2322 652 2370 695 et
2401 652 2712 712 protector.,
2745 656 2797 701 et
2819 647 3039 704 Gruteri
3073 650 3350 724 Inscript.,
3376 673 3430 727 p.
3461 626 3630 728 cus,
3656 665 3709 720 5.

491 721 576 774 12.
624 720 953 791 Epiphanius
1001 728 1323 792 monachus,
1375 729 1441 783 ad
1471 744 1635 798 quem
1671 730 1917 800 epistolae
1951 731 2008 789 S.
2067 730 2196 788 Nili.
2234 733 2656 805 Videndumque
2717 753 2786 793 an
2819 739 3071 798 diversus
3110 744 3180 799 ab
3213 720 3707 822 hocE'Ipiphan'ius

418 814 607 880 lector,
647 818 712 872 ad
739 834 901 887 quem
939 821 1080 875 idem
1111 821 1264 878 Nilus
1288 826 1498 880 scribit.

490 909 578 1006 13.
623 910 682 966 S.
715 912 1065 983 Epiphanius,
1101 918 1394 973 Ticinensis
1430 921 1544 977 sive
1575 905 1854 990 Papiensis
1881 924 2176 994 episcopus,
2210 925 2303 995 qui
2335 940 2532 996 magna
2560 928 2702 998 apud
2740 927 3142 986 Thcodoricum
3184 947 3364 1004 regem
3398 939 3577 1006 gratia
3609 956 3694 995 va.-

427 1002 597 1069 lcbat,
629 1005 776 1060 circa
805 1007 871 1060 A.
910 1007 969 1063 C.
1003 1009 1128 1077 490,
1157 1011 1318 1082 cujus
1364 1012 1539 1067 Vitam
1570 1014 1788 1084 scripsit
1815 1031 2105 1072 successor
2131 1016 2434 1072 Ennodius.
2462 1014 2597 1074 Vide
2630 1019 2853 1074 Surium
2879 1030 2933 1076 et
2963 1002 3286 1080 Bollandum
3310 1029 3377 1081 ad
3404 1002 3588 1084 ‘21-22
3617 1030 3705 1087 Ja-

415 1111 576 1242 nuar.
617 1106 672 1154 et
713 1098 996 1157 Sirmondi
1048 1101 1352 1160 Ennodium
1403 1117 1536 1162 tom.
1573 1107 1755 1178 IOpp.
1794 1111 2108 1178 Sirmondi,
2140 1127 2194 1182 p.
2232 1112 2366 1167 1647
2399 1130 2516 1188 seq.
2567 1112 2878 1172 Tillemont.
2913 1125 3046 1174 tum.
3076 1118 3203 1174 XVI
3237 1119 3462 1180 Memor.
3507 1127 3700 1180 histor.

415 1205 500 1241 BCC
525 1206 597 1242 εδ.

413 1205 597 1243 εςειεδ.

488 1280 574 1336 14.
620 1281 974 1352 Epiphanius,
1030 1287 1362 1353 chartarius,
1393 1289 1507 1345 sive
1535 1289 1908 1347 ehartularius
1938 1292 2154 1350 comitis
2177 1296 2515 1365 patrimonii,
2547 1297 2707 1369 cujus
2735 1299 2985 1356 meminit
3008 1297 3290 1362 Ennodius
3319 1305 3411 1360 VII
3432 1349 3446 1373 ,
3491 1309 3512 1362 I
3544 1318 3599 1364 et
3633 1311 3701 1365 10

414 1373 572 1442 epist.
1119 1375 1138 1391 ⁸

487 1471 573 1524 15.
620 1470 947 1540 Epiphanius
998 1473 1262 1538 Petrteus,
1300 1475 1494 1547 Syrus,
1529 1474 1732 1532 Juliani
1777 1476 2094 1549 ct_Ulpiani
2121 1521 2136 1546 ,
2168 1482 2488 1549 rhetorum,
2523 1483 2848 1556 discipulus,
2898 1492 2993 1560 qui
3039 1502 3092 1548 et
3139 1495 3195 1550 in
3245 1498 3420 1566 patria
3455 1509 3511 1554 et
3548 1504 3693 1571 apud

412 1566 772 1625 Athenienses
799 1570 1005 1626 docuit.
1037 1570 1113 1627 De
1164 1573 1256 1628 illo
1283 1572 1565 1644 Eunapius
1596 1584 1651 1628 et
1685 1574 1883 1630 Suidas
1915 1576 1929 1645 (

2173 1580 2370 1649 scripta
2401 1581 2565 1634 etiam
2612 1593 2880 1648 recenset,
2920 1586 3058 1653 Περὶ
3090 1591 3404 1655 κοινωνίας
3431 1593 3530 1644 καὶ
3564 1566 3690 1649 6-m-

412 1656 600 1725 φορᾶς
633 1658 749 1712 τῶν
805 1659 1086 1714 στάσεων
1121 1662 1642 1732 Προγυμνάσματα
1661 1703 1675 1729 ,
1713 1664 1982 1732 Μελέτας
2001 1706 2016 1732 ,
2047 1668 2444 1737 Δημαρχικὸν,
2473 1674 2960 1742 Πολεμαρχικὸν,
2989 1679 3219 1746 Λόγους
3255 1681 3692 1751 ἐπιδεικτικούς

412 1757 467 1802 et
499 1752 805 1820 σύμμικτα
833 1754 1198 1823 θεωρήματα.
1233 1755 1364 1825 Ejus
1405 1756 1638 1826 hymnus
1676 1757 1732 1810 in
1773 1755 1929 1812 Baccl

413 1844 585 1896 stolze.

2173 1775 2320 1814 rzom.
2361 1776 2444 1828 vl,
2487 1761 2578 1816 25.
2629 1763 2710 1818 Ad
2744 1764 2888 1820 hunc
2923 1765 3284 1840 Epiphanium
3321 1773 3532 1830 Libanii
3570 1781 3690 1850 epi-

413 1851 585 1898 stola}.

484 1941 572 1995 16.
621 1939 972 2009 Epiphanius,
1011 1939 1186 1996 Mileti
1213 1943 1509 2011 episcopus,
1558 1942 1651 2012 qui
1688 1941 1934 1998 interfuit
1966 1945 2178 2014 synodo
2227 1945 2492 2015 septimae,
2528 1947 2643 2000 sive
2669 1943 2899 2002 Nicaente
2929 1950 3199 2016 secundae,
3250 1969 3357 2008 una
3390 1970 3515 2010 cum
3558 1955 3693 2027 Epi-

414 2035 638 2104 phanio,
686 2037 950 2107 episcopo
976 2037 1322 2092 Eleutherum
1346 2046 1400 2091 et
1425 2037 1600 2092 altero
1629 2038 1869 2109 Λάμπης
1899 2038 2014 2092 sive
2047 2037 2286 2109 Lampia,
2311 2049 2366 2094 et
2394 2039 2700 2110 Epiphanio
2733 2040 3071 2112 Hegumeno,
3105 2047 3220 2101 sive
3259 2050 3690 2109 arcltimandﬁta

412 2127 747 2194 Paranandi,
783 2138 837 2184 et
866 2128 1174 2200 Epiphanio
1211 2128 1445 2183 diacono
1483 2129 1798 2194 Catanensi,
1822 2130 2061 2198 episcopi
2091 2128 2356 2186 Sardiniae
2383 2133 2612 2197 vicario,
2643 2135 2738 2204 qui
2769 2150 3082 2192 sermonem
3113 2141 3502 2210 panegyricum
3534 2144 3687 2201 linit:

413 2221 502 2274 illa
547 2223 758 2291 habuit,
791 2224 885 2293 qui
919 2223 1111 2277 Latine
1135 2228 1314 2275 exstat
1345 2228 1476 2274 tom.
1509 2219 1574 2273 III
1606 2220 1763 2284 Binii,
1798 2236 1921 2292 pag.
1962 2221 2089 2276 708.

481 2318 568 2370 17.
616 2317 979 2388 Epiphanius,
1019 2317 1274 2388 Selybrt'az
1323 2317 1376 2369 in
1409 2315 1639 2370 Thracia
1685 2318 1960 2385 episcopus
1983 2356 1998 2380 ,
2049 2333 2211 2387 quem
2244 2317 2446 2374 Suidas
2475 2326 2662 2374 narrat
2707 2319 2999 2390 scripsisse
3035 2324 3233 2395 Λόγον
3262 2325 3687 2396 ἀντιῤῥητικόν

410 2413 674 2467 adversus
710 2411 1086 2477 Iconocautas,
1119 2413 1236 2466 sive
1259 2426 1361 2464 eos
1389 2412 1484 2479 qui
1513 2410 1779 2479 imagines
1808 2411 2146 2465 cremabant.

485 2502 572 2556 18.
617 2503 948 2572 Epiphanius
975 2502 1306 2570 patriarcha,
1358 2501 1433 2556 De
1460 2502 1673 2571 origine
1701 2503 1914 2558 dissidii
1947 2507 2092 2560 inter
2129 2504 2348 2563 Graecos
2379 2517 2436 2562 et
2485 2505 2728 2576 Latinos,
2779 2525 2845 2566 ex
2877 2524 2985 2582 quo
3016 2510 3224 2581 profert
3251 2514 3514 2569 nonnulla
3542 2516 3689 2572 Alla-

413 2599 540 2656 tius,
588 2598 787 2652 Contra
819 2598 1246 2668 Creiygtltonum,
1280 2612 1402 2668 pag.
1441 2597 1569 2665 577,
1601 2597 1725 2652 571.

487 2697 573 2751 19.
620 2695 950 2766 Epiphanius
986 2696 1402 2764 Alexandrinus,
1439 2711 1723 2752 sacrorum
1757 2693 1989 2753 Osiridis
2011 2707 2065 2754 et
2094 2699 2180 2755 dei
2213 2701 2439 2768 Αἰῶνος,
2481 2702 2595 2758 sive
2623 2701 2770 2768 Eri,
2807 2702 3091 2775 interpres,
3123 2705 3192 2762 de
3224 2721 3334 2778 quo
3362 2705 3688 2764 Damascius

413 2795 553 2865 apud
586 2794 830 2848 Suidam.
875 2793 1037 2848 Fasn.

481 2890 565 2943 Ab
599 2888 896 2958 Epiphanio
945 2893 1132 2946 nescio
1182 2908 1312 2964 quo,
1347 2909 1449 2949 nec
1496 2872 1792 2951 Lambecio
1828 2894 1881 2949 in
1912 2894 2210 2950 Comment.
2251 2895 2387 2950 Bibl.
2425 2895 2653 2960 Ctrsar.,
2699 2895 2790 2961 IV,
2828 2913 2949 2967 pag.
2982 2898 3107 2962 561,
3144 2899 3279 2955 satis
3329 2899 3587 2969 cognito,
3631 2900 3683 2954 in

413 2988 537 3042 cod.
576 2986 698 3048 164,
729 3005 782 3041 n.
816 2989 869 3054 4,
899 3000 1280 3060 proponuntur
1312 2993 1524 3046 cuidam
1555 2991 1612 3045 S.
1647 2995 1766 3046 viro
1798 2991 2124 3057 Qutestiones
2156 2993 2320 3048 varia:
2347 3008 2411 3046 ea:
2457 2991 2517 3046 S.
2567 2992 2625 3048 S.
2663 3001 2717 3048 et
2760 2993 2826 3048 ad
2874 2994 2996 3049 illas
3037 2995 3322 3049 memorati
3353 2997 3454 3050 viri
3505 2997 3683 3051 sancti

415 3081 795 3147 responsiones.
825 3078 935 3135 Inc.
974 3082 1093 3137 sine
1127 3082 1232 3137 ulla
1265 3084 1638 3154 inscriptione,
1682 3085 1740 3138 '0
1771 3084 1829 3138 δὲ
1867 3085 1932 3137 Ἐκ

2162 3102 2182 3148 ;
2217 3082 2550 3156 παραλαϐὼν
2576 3083 2668 3136 τὸν
2707 3082 3008 3156 μακάριον,
3045 3084 3265 3155 ἔρχεται
3295 3086 3375 3148 εἰς
3399 3085 3491 3138 τὸν
3523 3086 3679 3156 ἅγιον

425 3175 804 3228 Ἀγαθονῖκην.

527 3191 804 3228 αυονικτκν.
2582 3209 2588 3216 .

485 3191 564 3318 ιζιι
597 3213 954 3332 Epiphaniam
1008 3267 1177 3322 lilium
1219 3265 1437 3335 scripsit
1477 3263 1648 3332 Theo,
1681 3263 2118 3332 Alexandrinus,
2156 3264 2553 3336 Expositionem
2595 3282 2640 3319 s.
2689 3274 2969 3336 syntagma
3016 3264 3301 3318 secundum
3327 3264 3383 3318 in
3411 3265 3684 3334 expeditos

417 3355 690 3410 Ριοιειηωί
719 3371 964 3412 canones.
999 3357 1064 3414 ν.
1099 3357 1240 3415 infra
1275 3357 1383 3414 vol.
1423 3354 1536 3410 VIII
1567 3365 1673 3412 vet.
1709 3355 1822 3420 ed.,
1853 3371 1976 3426 pag.
2007 3355 2141 3422 212,
2192 3369 2248 3410 et
2278 3354 2510 3411 Bandiui
2539 3353 2709 3410 lndic.
2741 3355 2809 3410 ad
2858 3353 2980 3412 Cat.
3016 3356 3173 3412 codd.
3205 3356 3300 3412 Gr.
3331 3355 3526 3424 Laur.,
3558 3371 3680 3414 voc.

419 3449 662 3504 Theonis.

487 3544 818 3614 Epiphanius
854 3548 943 3614 (an
970 3543 1210 3601 Theonis
1241 3545 1456 3615 ﬁlius?)
1485 3554 1538 3600 et
1567 3544 1805 3600 Andreas
1832 3543 2004 3612 Περὶ,

2163 3541 2266 3597 τῶν
2311 3545 2408 3600 καὶ
2438 3545 2784 3615 ἀστραπῶν,
2816 3546 3024 3612 Graece,
3059 3548 3114 3602 in
3141 3547 3264 3601 cod.
3296 3545 3338 3601 11
3371 3545 3469 3600 Ge.
3508 3545 3680 3600 Whe-

425 3641 522 3693 leri
560 3641 613 3692 in
641 3638 817 3693 Catal.
847 3639 1002 3694 codd.
1031 3641 1256 3710 Anglice,
1299 3649 1430 3709 etc.,
1460 3639 1526 3708 ll,
1561 3656 1686 3712 pag.
1717 3641 1844 3706 557,
1873 3657 1930 3695 n.
1964 3641 2126 3697 9073.
2171 3639 2459 3711 Epiphanii
2486 3682 2502 3708 ,
2532 3641 2768 3698 Nemesii
2809 3645 3060 3715 episcopi,
3093 3643 3287 3715 fragm.
3320 3645 3382 3697 ὲκ
3413 3643 3508 3698 τοῦ
3535 3643 3677 3712 Περὶ

417 3735 862 3807 φιλανθρώπου,
895 3736 950 3790 in
988 3734 1307 3808 Florilegio,
1338 3746 1471 3804 etc.,
1497 3738 1561 3794 in
1578 3739 1702 3796 cod.
1731 3735 1981 3794 Naniano
2009 3738 2134 3806 132,
2171 3753 2295 3810 pag.
2327 3739 2428 3794 307
2457 3737 2722 3811 Catalogi.
2764 3738 2933 3796 HABL.

1627 3968 1716 4028 Ill.
1757 3985 2040 4026 EDITIONES
2077 3986 2122 4026 s.
2165 3988 2450 4027 EPII’IIANII.

486 4175 672 4230 Graece
707 4173 946 4243 primum
977 4172 1324 4238 Ancoratum,
1381 4172 1701 4244 Panarium,
1753 4173 2222 4245 Anacephalteosin
2269 4184 2323 4231 et
2353 4175 2555 4232 librum
2605 4175 2680 4231 De
2729 4177 2988 4231 mensuris
3038 4193 3101 4230 ar
3139 4175 3457 4247 ponderibus
3507 4174 3678 4231 edidit

421 4265 470 4320 J.
508 4265 783 4336 Oporinus
832 4280 898 4318 ex
933 4265 1117 4319 codice
1145 4280 1309 4335 quem
1353 4263 1736 4322 Melanchthon
1785 4275 1841 4321 et
1889 4261 2080 4321 Joach.
2113 4265 2464 4320 Camerarius
2513 4280 2541 4318 a
2572 4262 2622 4319 J.
2676 4263 2882 4336 Lange,
2928 4263 3290 4328 Erfurdiensi,
3329 4273 3673 4333 acceperant.

422 4367 648 4421 Basileae
701 4363 754 4418 J.
807 4362 1055 4430 llervagii
1093 4377 1308 4436 sumptu
1346 4371 1400 4420 et
1438 4366 1576 4436 typis
1608 4381 1660 4420 a.
1696 4365 1856 4428 1544,
1907 4365 2002 4419 fol.
2051 4364 2176 4421 llzcc
2221 4365 2386 4419 editio
2430 4379 2594 4418 manu
2625 4361 2847 4432 Joscphi
2885 4362 3140 4431 Scaligeri
3175 4370 3229 4415 et
3275 4361 3413 4414 Dan.
3467 4358 3675 4414 lleinsii

421 4463 625 4530 passim
653 4468 836 4514 notata
869 4459 970 4512 fuit
1003 4459 1056 4512 in
1083 4457 1214 4512 bibl.
1252 4455 1370 4511 Nic.
1401 4455 1630 4512 lleinsii.
1663 4455 2002 4511 FABB.—ESI
2034 4471 2252 4526 quoque
2284 4455 2518 4525 exempl.
2548 4454 2602 4508 in
2636 4454 2765 4508 bihl.
2793 4452 2947 4507 acad.
2986 4450 3343 4522 Erlang—8.
3387 4450 3676 4521 Epiphanii

423 4559 553 4627 Opp.
585 4537 706 4613 cum
735 4557 918 4612 collat.
953 4555 1112 4609 codd.
1164 4565 1216 4610 et
1247 4556 1392 4610 notis
1440 4570 1574 4609 mss.
1617 4562 1833 4609 exstant
1862 4553 1915 4608 in
1951 4552 2082 4607 bibl.
2129 4553 2231 4607 Ed.
2273 4550 2558 4612 Bernardi,
2592 4549 2888 4603 secundum
2926 4546 3048 4601 Cat.
3097 4545 3251 4598 codd.
3282 4545 3510 4614 Anglite,
3546 4555 3675 4604 etc.,

420 4650 482 4714 Il,
520 4668 638 4721 pag.
679 4649 807 4711 227,
849 4665 904 4702 η.
943 4648 1115 4714 7121;
1149 4647 1201 4700 in
1239 4645 1374 4700 Bibl.
1411 4655 1592 4701 autem
1626 4645 1910 4707 Leidensi,
1949 4643 2145 4714 Epiph.
2181 4641 2318 4711 Opp.
2363 4640 2536 4696 Grazc.
2569 4637 2736 4693 Basil.
2771 4637 2944 4702 1544,
2995 4645 3050 4690 et
3103 4635 3288 4689 eadem
3339 4634 3455 4687 Lat.
3492 4649 3591 4704 per
3626 4631 3674 4689 J.

417 4743 668 4806 Cornar.,
697 4741 771 4795 ib.
807 4738 964 4803 1578,
1003 4738 1121 4805 fol.,
1158 4754 1282 4794 cum
1339 4735 1526 4792 multis
1554 4735 1670 4792 Jos.
1710 4733 1973 4805 Scaligeri
2014 4734 2179 4798 notis,
2238 4731 2471 4802 margini
2511 4729 2781 4799 ascriptis.
2826 4727 2891 4782 V.
2931 4725 3054 4781 Cat.
3092 4725 3216 4780 bibl.
3245 4724 3419 4790 Leid.,
3477 4741 3529 4794 p.
3588 4724 3674 4779 59.

420 4837 588 4892 "ARL.

489 4935 679 4989 Latine
709 4932 899 4987 eadem
952 4935 1189 4999 quatuor
1215 4920 1500 4993 Epiphanii
1535 4902 1734 4988 scripta
1760 4935 1823 4974 ev
1851 4916 1973 4972 Jani
1999 4917 2245 4974 Cornarii
2271 4916 2522 4972 versione
2551 4918 2871 4988 prodierunt
2891 4918 3128 4988 primum
3161 4915 3385 4971 Basilctr
3411 4914 3475 4966 A.
3513 4913 3675 4974 1543,

420 5029 538 5089 fol.,
570 5031 762 5083 edente
790 5034 981 5082 eodem
1011 5021 1275 5092 Oporino.
1305 5016 1441 5071 Nam
1485 5016 1751 5072 editiones
1790 5014 1957 5070 Basil.
1991 5015 2121 5069 anni
2166 5014 2302 5068 1555
2337 5023 2389 5069 et
2417 5014 2554 5068 1540
2578 5057 2593 5079 ,
2629 5031 2768 5085 quas
2799 5013 2945 5069 Elias
2978 5014 3050 5069 du
3081 5013 3179 5068 Pin
3209 5021 3264 5067 et
3293 5011 3437 5066 Guil.
3464 5011 3678 5065 Caveus

421 5131 538 5190 post
571 5119 931 5174 Possevinum
965 5119 1292 5174 memorant,
1323 5125 1592 5180 nusquam
1627 5118 1862 5174 exstant,
1913 5119 1973 5163 ut
2018 5119 2162 5163 recte
2197 5110 2452 5163 observat
2488 5108 2652 5177 Casp.
2701 5105 3027 5178 Sagittarius
3065 5104 3122 5158 in
3161 5102 3568 5156 Introductione
3609 5103 3676 5155 ad

419 5218 548 5269 hist.
583 5215 788 5278 ercles.,
818 5229 873 5282 p.
909 5212 1031 5266 794.
1064 5209 1129 5263 Et
1163 5207 1303 5278 apud
1333 5205 1635 5260 Gesnerum
1673 5203 1812 5256 male
1843 5219 2106 5258 excusum
2139 5203 2298 5266 1555,
2331 5218 2428 5273 pro
2457 5201 2616 5257 1545.
2650 5201 2916 5256 Gzeterum
2948 5202 3001 5256 in
3033 5200 3364 5255 editionibus
3396 5199 3562 5254 Basil.
3606 5199 3666 5254 Α..

422 5312 579 5376 1545,
615 5309 751 5365 1560
781 5308 876 5379 (b),
916 5307 1074 5371 1578,
1108 5307 1226 5368 fol.,
1263 5303 1437 5359 Paris.
1470 5299 1630 5364 1561,
1677 5299 1754 5363 8°,
1791 5300 1933 5369 apud
1963 5300 2284 5355 Andoenum
2333 5297 2591 5362 Parvum,
2643 5297 2877 5353 accessit
2909 5294 3125 5352 libellus
3153 5293 3227 5348 De
3260 5305 3368 5348 vita
3399 5294 3680 5364 prophete-

498 5601 571 5668 (a)
615 5597 678 5653 Et
705 5597 941 5668 Eudocia
973 5596 1026 5654 in
1062 5593 1271 5663 Ἰωνιᾷ,
1299 5606 1352 5662 p.
1395 5588 1495 5644 165
1517 5631 1530 5655 ,
1557 5587 1646 5642 ubi
1681 5586 1877 5658 legitur
1903 5587 1990 5658 δη-

2162 5585 2680 5666 ρῑρΙιαῃὶἱ--ροηιτα
2727 5583 2994 5668 octoginta
3027 5581 3408 5668 hwresesopus
3433 5613 3501 5668 -τ-
3535 5579 3679 5668 Jai't‘o

427 5651 687 5742 μάὲέουςῖ
729 5667 900 5742 ιω..
1125 5735 1135 5742 _
1735 5651 1824 5742 '_
1927 5651 1966 5742 ,ζ
2100 5651 3146 5742 {ibfl'f‘ﬁou—illim"???Tim"?9'”?
3174 5651 3676 5742 “_',","i¢izi-i‘{ec__'?-

497 5723 574 5813 (θ’)
613 5723 667 5793 If.
703 5740 790 5794 εδ,
833 5755 883 5792 ε,
921 5737 1089 5800 1560,
1125 5735 1176 5788 in
1223 5733 1398 5785 fronte
1439 5730 1697 5800 scriptum
1746 5738 1830 5782 cst
1867 5746 1878 5780 :
1921 5728 1987 5781 1).
2102 5726 2384 5793 I'Iniphnnii
2412 5723 2671 5790 operibus,
2704 5726 2899 5791 partim
2942 5739 3079 5777 nunc
3104 5724 3309 5777 demum
3343 5723 3484 5776 ultra
3523 5737 3677 5789 supe-
