3808 6108
1356 334 1651 412 norma
1678 355 1744 411 [Ν
1786 356 1847 411 s.
1890 353 2337 413 EPIPHANIUM.
2546 370 2552 375 ’
3433 363 3471 408 v

207 490 328 529 rum
357 488 420 529 e'x
450 472 697 529 versione
732 472 926 527 Albani
963 471 1171 539 Torini,
1196 486 1249 531 et
1279 476 1527 545 Epistola‘
1545 480 1615 532 ad
1643 477 1903 534 Joannem
1938 478 2479 549 Hierosolymitanum
2506 478 2827 547 episcopum,
2852 472 2908 528 S.
2938 472 3266 544 Hieronymo
3299 472 3471 527 inter-

209 578 387 639 prete.
415 565 482 621 Et
514 567 568 621 in
597 566 731 623 edit.
756 566 936 622 Paris.
983 566 1142 633 1566,
1183 567 1300 633 l‘ol.,
1337 568 1716 627 Theodoretus
1744 570 1819 624 De
1848 571 2113 626 liwreticis
2149 570 2368 640 fabulis.
2402 568 2543 624 ilinc
2570 565 2699 624 Seb.
2750 565 3089 621 Cramoisius
3122 564 3177 619 in
3217 579 3313 619 sua
3352 564 3471 619 edi-

186 664 363 718 tione
391 660 566 717 Paris.
599 660 760 730 1612,
795 661 915 730 fol.,
941 678 1050 719 non
1082 665 1247 719 modo
1275 665 1527 722 Cornarii
1553 666 1859 723 versionem
1887 682 1951 721 ex
1984 666 2465 723 observationibus
2486 664 2602 720 Jac.
2626 663 2765 720 Billii
2793 665 2886 722 lib.
2919 681 2959 729 ι,
2995 679 3046 718 c.
3083 664 3173 730 18,
3201 674 3255 720 et
3283 664 3379 719 lib.
3405 680 3470 728 ιι,

208 771 261 809 c.
301 755 391 818 15,
421 755 589 810 variis
619 755 674 809 in
699 754 835 810 locis
867 754 1148 809 emendari
1178 755 1408 820 curavit,
1459 756 1554 813 sed
1583 755 1748 811 etiam
1785 755 2039 826 adjunxit
2063 755 2250 811 Graece
2276 763 2333 812 et
2359 755 2553 810 Latine
2583 753 2964 827 Physiologttm
2986 763 3040 810 et
3074 769 3381 811 sermonem
3413 754 3470 807 in

210 846 406 917 festum
436 844 754 899 Palmarum
785 861 909 901 cum
932 846 1185 901 versione
1213 853 1267 899 et
1299 846 1445 903 notis
1465 845 1529 901 D.
1559 847 1781 903 Consali
1815 845 1997 902 Ponce
2013 846 2080 902 de
2109 845 2280 911 Leon,
2310 845 2670 917 Hispalensis,
2696 856 2751 902 et
2774 846 3066 903 Homiliam
3097 847 3175 902 De
3204 847 3474 918 sepultura

214 934 420 991 Christi
447 951 571 990 cum
604 935 858 990 versione
886 934 1145 992 Stanislai
1181 935 1471 994 Phtenicii.

282 1027 560 1083 Editiones
583 1027 1012 1086 Graeco—Latina
1038 1030 1115 1101 (a)
1140 1050 1151 1084 :
1181 1031 1231 1084 1.
1251 1030 1599 1111 Parisiensis,
1630 1032 1968 1090 sectionibus
1990 1033 2106 1091 sive
2121 1033 2391 1103 capitibus
2420 1033 2701 1101 distincta,
2730 1049 2860 1090 cum
2889 1033 3140 1090 versione
3167 1040 3223 1090 et
3246 1031 3477 1089 eruditis

210 1123 357 1178 notis
387 1122 630 1194 Dionysii
666 1124 910 1190 Petavii,
952 1124 1012 1180 S.
1045 1124 1131 1191 J.,
1177 1129 1281 1197 qui
1318 1136 1514 1200 praeter
1544 1129 1677 1183 edit.
1709 1126 2080 1185 Basileensem
2117 1142 2252 1185 usus
2282 1137 2367 1184 est
2417 1129 2607 1185 codice
2649 1130 2795 1199 regis
2840 1129 3028 1186 Gallias
3058 1138 3113 1186 et
3142 1129 3308 1185 variis
3347 1129 3474 1184 lect.

213 1217 335 1271 cod.
368 1215 637 1283 Vaticani,
687 1234 823 1289 quas
856 1218 1105 1278 Andreas
1148 1221 1408 1279 Schottus
1437 1236 1563 1278 cum
1615 1223 1708 1278 illo
1740 1225 2275 1289 communicaverat,
2309 1224 2468 1289 1622,
2519 1223 2641 1288 fol.,
2673 1223 2891 1279 duobus
2917 1222 3313 1290 voluminibus,
3353 1237 3479 1294 quae

212 1309 380 1364 editio
405 1325 434 1364 a
466 1308 686 1367 Labbeo
710 1321 1048 1370 recensetur.
1081 1312 1238 1381 Quod
1264 1331 1430 1385 porro
1454 1315 1758 1374 Salmasius
1781 1319 1879 1383 ait,
1906 1318 2113 1374 nullam
2142 1320 2393 1390 paginam
2416 1320 2672 1375 versionis
2711 1317 3017 1374 Petauiame
3052 1318 3347 1390 insignibus
3377 1317 3479 1373 ali-

212 1416 340 1474 quot
374 1409 568 1461 erratis
599 1424 807 1476 uacare,
843 1409 1086 1480 iniquius
1114 1413 1320 1469 dictum
1349 1414 1521 1470 videri
1563 1416 1757 1485 possit,
1792 1416 1900 1473 nisi
1930 1415 2144 1487 majore
2171 1417 2338 1472 etiam
2375 1416 2659 1488 iniquitate
2685 1414 2941 1473 Petavius
2972 1412 3228 1468 Cornarii
3261 1411 3473 1468 versio-

212 1515 340 1554 nem
368 1500 744 1557 conculcasset
771 1510 831 1557 ut
864 1502 1149 1557 barbaram
1177 1504 1559 1576 insulsamque,
1612 1521 1723 1576 quo
1762 1505 1869 1562 nisi
1901 1514 2199 1576 praeeunte,
2226 1505 2417 1561 dubito
2469 1521 2539 1561 an
2573 1518 2818 1575 unquam
2848 1501 3140 1574 Epiphanii
3164 1501 3474 1557 versionem

213 1606 385 1648 ausus
417 1592 608 1650 luisset
632 1596 718 1650 vel
752 1596 1098 1653 absolvisset.
1131 1596 1293 1653 Plura
1326 1599 1445 1656 loca
1468 1642 1482 1666 ,
1511 1616 1544 1656 a
1574 1599 1798 1657 Petavio
1852 1601 2036 1657 minus
2062 1610 2213 1657 recte
2241 1600 2534 1668 intellecta,
2568 1600 2848 1657 illustrant
2881 1598 3186 1655 Salmasius
3217 1597 3282 1653 ad
3327 1596 3477 1652 Soli-

214 1700 372 1748 num,
401 1686 495 1754 qui
524 1686 741 1743 feneum
770 1688 1117 1758 interpretem
1145 1700 1198 1755 p.
1227 1687 1334 1750 452
1367 1697 1551 1754 vocat,
1582 1702 1639 1745 et
1666 1689 1733 1744 de
1768 1689 2386 1746 transsubstantiatione
2413 1705 2538 1762 pag.
2570 1690 2660 1756 55,
2691 1689 2818 1753 540,
2854 1697 2910 1745 et
2943 1688 3010 1744 de
3034 1702 3191 1744 coma
3221 1702 3345 1757 pag.
3375 1684 3472 1751 92,

216 1774 273 1828 in
301 1774 493 1844 primis
538 1775 641 1830 sub
680 1775 962 1832 Francisci
991 1774 1188 1831 Franci
1224 1777 1447 1834 nomine
1475 1788 1667 1834 contra
1710 1778 2057 1836 Cercoetium
2099 1781 2214 1838 sive
2243 1780 2545 1848 Petavium,
2603 1796 2729 1853 pag.
2759 1783 2828 1839 75
2860 1799 3001 1855 seq.,
3033 1791 3136 1838 etc.
3171 1779 3477 1837 Gatakerus

216 1872 332 1919 toto
360 1864 537 1934 capite
568 1864 661 1931 56,
693 1865 747 1919 in
787 1882 897 1936 quo
923 1870 1087 1926 etiam
1121 1874 1392 1942 permulta
1424 1873 1716 1946 Epiphanii
1766 1878 1887 1933 loca
1914 1879 2300 1944 emendantur,
2333 1879 2619 1935 Adversar.
2648 1884 2942 1948 posthum.,
2990 1889 3046 1936 et
3072 1878 3141 1935 ad
3189 1876 3266 1932 Μ.
3305 1876 3478 1930 Anto-

214 1959 423 2024 uinum,
455 1974 575 2028 pag.
615 1958 704 2024 48,
746 1962 867 2029 155,
904 1963 1026 2031 155,
1052 1975 1160 2022 etc.
1192 1967 1353 2023 Rich.
1384 1971 1759 2027 Montacutius
1789 1971 1843 2027 in
1867 1972 2143 2043 Apparatu
2172 1972 2242 2027 ad
2269 1974 2498 2043 origines
2531 1974 2943 2040 ecclesiasticas,
2975 1989 3101 2045 pag.
3135 1970 3393 2034 191-206,
3425 1976 3480 2024 et

216 2052 272 2104 in
312 2050 639 2120 Originibus,
690 2063 822 2109 tom.
866 2054 941 2117 ll,
994 2073 1118 2127 pag.
1158 2059 1217 2112 11
1256 2074 1372 2128 seq.
1412 2058 1462 2115 J.
1498 2060 1697 2117 Croius
1739 2063 1793 2116 in
1836 2061 2129 2134 Specimine
2173 2064 2598 2134 conjecturarum
2649 2065 2719 2119 ad
2758 2068 3000 2136 quadam
3042 2064 3161 2119 loca
3202 2062 3471 2132 Origenis,

221 2146 561 2208 Tertulliani.
592 2149 783 2205 [νειιωὶ
807 2160 855 2204 et
891 2150 1181 2223 Epiphanii
1203 2196 1218 2222 ,
1248 2153 1427 2211 Paris.
1460 2156 1622 2222 1652,
1653 2157 1732 2225 8°,
1766 2166 1820 2213 et
1849 2157 1906 2212 in
1935 2157 2236 2214 Observatt.
2274 2161 2476 2224 sacris,
2508 2176 2631 2230 pag.
2672 2159 2796 2224 147,
2838 2158 2957 2221 156,
2989 2157 3114 2213 160.
3141 2154 3479 2212 Pearsonius

220 2242 465 2298 Pt'arlecl.
497 2245 567 2299 ad
603 2246 734 2301 Acta
771 2258 968 2319 apost.,
1006 2266 1058 2321 p.
1093 2251 1152 2305 51
1179 2268 1194 2319 ;
1223 2251 1527 2309 Dodwellus
1560 2252 1633 2307 De
1668 2254 1994 2309 successione
2029 2254 2359 2323 pontiﬁcum,
2385 2269 2438 2323 p.
2471 2253 2576 2308 298
2606 2269 2761 2324 seq.;
2796 2253 3126 2315 Cotclerius,
3158 2266 3209 2321 p,
3246 2251 3375 2313 2211,
3411 2247 3479 2301 ad

218 2336 499 2406 Chrysost.
532 2339 587 2391 in
618 2339 830 2395 Daniel.
858 2350 913 2397 et
950 2343 1020 2397 ad
1063 2341 1382 2399 Damasceni
1413 2344 1671 2406 ereses,
1705 2355 1870 2415 atque
1894 2345 1949 2400 in
1979 2346 2101 2400 aliis
2127 2345 2378 2416 scriptis;
2407 2345 2542 2400 Acta
2573 2345 2819 2401 Sanctor.
2850 2344 3002 2400 Junii
3050 2352 3182 2399 tom.
3219 2341 3272 2408 l,
3301 2356 3357 2411 p.
3391 2341 3478 2395 19.

222 2426 451 2496 Congius
477 2431 528 2485 in
562 2434 633 2485 Συ
642 2433 922 2504 μψέλλιον,
950 2442 1055 2490 etc.
1080 2432 1288 2490 Omitto
1319 2434 1507 2491 Jacobi
1542 2437 1608 2491 de
1637 2436 1915 2502 Ardenna,
1943 2435 2133 2492 decani
2156 2434 2505 2501 Gestriensis,
2534 2436 2918 2507 castigationes
2948 2436 3003 2491 in
3032 2433 3396 2505 Epiphanium
3429 2441 3483 2486 et

182 2528 185 2531 '
220 2521 497 2581 Petavium
519 2528 586 2584 de
606 2537 759 2585 sacra
782 2529 1147 2613 Eucharistia,
1171 2532 1238 2587 de
1263 2533 1510 2588 czelibatu
1542 2534 1887 2613 sacerdotum
1914 2532 2059 2588 etde
2088 2533 2428 2588 orationibus
2455 2547 2554 2603 pro
2580 2531 2874 2593 defunctis,
2901 2531 3074 2587 Lond.
3097 2533 3257 2594 l683,
3274 2532 3353 2586 4°.
3382 2527 3478 2581 Al-

222 2619 555 2690 baspinaeum
586 2633 774 2680 narrat
807 2612 966 2682 Rich.
1001 2624 1212 2692 Simon,
1251 2642 1362 2683 tom
1416 2627 1437 2681 l
1468 2626 1640 2698 Epist.
1673 2612 1886 2695 select.‘,
1920 2642 2047 2699 pag.
2076 2626 2165 2695 12,
2198 2628 2462 2683 minatum
2500 2626 2692 2689 fuisse,
2726 2642 2787 2684 se
2818 2627 3134 2683 elfccturnm
3157 2665 3173 2693 ,
3235 2635 3295 2681 ut
3330 2641 3482 2697 qure-

218 2718 345 2773 dam
381 2718 433 2772 in
464 2720 604 2775 notis
631 2720 839 2777 Petavii
866 2723 1080 2794 publica
1115 2739 1349 2780 censura
1377 2725 1915 2780 condemnarentur:
1952 2725 2101 2794 quod
2136 2733 2324 2791 tamen
2360 2740 2469 2781 non
2503 2724 2701 2781 effecit.

185 2837 189 2840 ν
290 2812 346 2867 2.
388 2813 686 2885 Lipsiensis
719 2818 786 2873 A.
815 2818 956 2873 1682
1004 2818 1103 2889 (b),
1136 2818 1258 2885 fol.,
1299 2834 1422 2889 quas
1446 2818 1687 2875 Coloniae
1715 2834 1915 2875 nomen
1942 2818 2227 2888 praalixum
2258 2818 2436 2889 gerit,
2465 2826 2522 2873 et
2548 2817 2616 2873 ad
2645 2816 2874 2872 verbum
2906 2814 3270 2870 Parisiensem
3303 2811 3487 2883 expri-

220 2909 340 2965 mit,
378 2902 595 2971 additis,
628 2921 749 2975 quae
806 2905 861 2961 in
908 2908 1000 2960 illa
1031 2907 1436 2972 desiderantur,
1482 2904 1701 2962 Henrici
1736 2906 1937 2967 Valesii
1982 2908 2234 2964 oratione
2263 2907 2321 2962 in
2378 2906 2585 2965 obitum
2620 2905 2828 2963 Petavii
2872 2917 2926 2963 et
2969 2907 3146 2978 elogio
3173 2905 3297 2976 ejus
3322 2913 3488 2975 atque

223 2996 552 3068 scriptorum
582 3000 808 3056 elencho
837 3018 903 3057 ex
940 3001 1291 3059 Natbanaelis
1320 3003 1548 3059 Sotuelli
1580 3002 1722 3057 Bibl.
1754 3003 2040 3071 Jesuitica,
2087 3013 2142 3060 et
2171 3004 2376 3059 Petavii
2400 3004 2630 3061 elencho
2656 3003 3274 3075 dispunctiuncularum
3309 3000 3489 3056 Matu-

223 3088 332 3142 rini
367 3090 597 3145 Simonii
628 3091 705 3147 De
734 3095 1050 3162 paenitentia:
1073 3098 1180 3152 ritu
1211 3100 1368 3153 ueteri
1394 3100 1451 3153 in
1484 3097 1746 3164 Ecclesia,
1780 3100 1895 3155 sive
1927 3101 2223 3170 Appendice
2247 3099 2314 3155 ad
2353 3098 2758 3169 Epiphanianas
2788 3099 3299 3160 animadversiones.
3338 3096 3486 3152 edita

225 3183 462 3253 primum
508 3185 683 3243 Paris.
722 3188 881 3255 1624,
913 3190 989 3258 8°,
1017 3201 1072 3247 ct
1096 3191 1263 3250 Gabr.
1297 3195 1645 3266 Albaspinaeo
1677 3197 1957 3267 inscripta,
1988 3206 2152 3267 atque
2182 3197 2453 3267 capitibus
2490 3198 2970 3253 miscellanearum
3006 3195 3485 3261 exercitationum,

228 3277 498 3338 Salmasio
520 3286 811 3355 oppositis,
845 3295 900 3342 et
923 3288 992 3344 ad
1020 3291 1226 3347 calcem
1252 3307 1481 3363 operum
1508 3291 1731 3357 Juliani,
1751 3291 1926 3348 Paris.
1961 3293 2121 3359 1641,
2155 3295 2238 3359 ιο,
2267 3295 2477 3364 pridem
2503 3294 2763 3364 vulgatis.
2795 3290 3042 3356 Memini,
3077 3303 3164 3344 me
3195 3304 3261 3344 ex
3283 3285 3345 3340 Β.
3381 3286 3492 3342 ltti-

225 3370 319 3441 gio
351 3373 553 3440 audire,
605 3374 870 3434 Jacobum
915 3379 1305 3445 Thomasium,
1339 3383 1722 3453 prolegomena
1762 3398 1902 3440 nova
1946 3383 2075 3440 huic
2106 3384 2396 3457 Epiphanii
2428 3385 2657 3443 editioni
2691 3383 3132 3455 [st-amissurum,
3178 3380 3375 3445 multa,
3417 3379 3489 3434 ad

226 3465 383 3520 illum
433 3466 710 3535 facientia,
744 3473 1051 3545 collegisse,
1083 3476 1178 3533 Sed
1212 3477 1305 3533 illa
1331 3477 1565 3543 deinde,
1597 3478 1786 3534 nescio
1827 3495 1994 3550 quam
2026 3480 2099 3537 ob
2131 3496 2379 3547 causam,
2426 3481 2816 3552 praetermissa.
2848 3477 3030 3533 Etiam
3058 3475 3117 3530 in
3151 3475 3301 3529 Actis
3336 3473 3490 3528 erud.

229 3556 392 3622 1682,
426 3573 550 3632 pag.
578 3561 671 3627 94,
701 3563 873 3634 legas,
902 3564 1172 3625 editorem
1212 3565 1414 3622 addere
1439 3567 1706 3636 voluisse,
1754 3584 1878 3639 quae
1927 3568 2200 3628 Salmasio
2250 3572 2355 3627 sub
2382 3569 2607 3628 Antonii
2649 3568 2927 3627 Kerkoetii
2979 3567 3202 3624 nomine
3229 3565 3492 3619 Petavius

228 3651 531 3721 respondit,
564 3655 662 3710 sed
691 3654 746 3711 id
774 3654 957 3714 facere
986 3657 1243 3724 veritum,
1286 3658 1435 3728 quod
1479 3657 1736 3715 Petavius
1766 3660 1883 3730 ipse
1911 3676 2112 3718 nomen
2154 3678 2317 3718 suum
2363 3661 2473 3718 illis
2501 3662 2858 3731 praescribere
2888 3662 3174 3718 noluisset.
3221 3660 3389 3715 FABR.
3423 3688 3494 3698 —-

230 3739 522 3823 Hamberg.
558 3745 596 3799 1.
632 3759 683 3800 c.
718 3761 843 3817 pag.
891 3746 923 3800 7
952 3745 1214 3813 adnotat,
1243 3762 1400 3819 quas,
1445 3746 1561 3805 Jac.
1611 3750 1871 3807 Thomas.
1913 3751 1974 3806 in
2020 3750 2269 3822 Prolegg.
2320 3752 2735 3823 praemittendis,
2770 3768 2803 3808 a
2833 3752 2995 3809 Febr.
3033 3750 3370 3815 memoratis,
3412 3750 3483 3805 de

230 3838 520 3909 Epiphanii
546 3842 697 3897 editt.
726 3843 1114 3914 nonnullisque
1140 3844 1262 3916 ejus
1298 3847 1518 3919 scriptis
1552 3846 1879 3920 collegisset,
1922 3863 1987 3904 ea
2036 3864 2067 3905 a
2096 3848 2147 3904 J.
2201 3848 2366 3906 Gottl.
2414 3849 2626 3907 Krause
2680 3851 2736 3906 in
2800 3848 3199 3905 Umstandliche
3257 3846 3490 3902 Becher--

230 3932 449 3986 historic
481 3948 534 4002 p.
565 3932 673 3989 262
708 3949 826 3991 esse
854 3934 1148 4005 publicata.
1196 3935 1335 3991 Add.
1365 3934 1415 3991 Ι.
1448 3937 1611 3994 Fabr.
1645 3938 1699 3993 in
1736 3935 1944 3994 Hister.
1969 3938 2098 3994 bibl.
2134 3937 2331 4004 Fabr.,
2368 3939 2412 4004 l,
2439 3956 2493 4011 p.
2526 3939 2630 3995 116
2660 3955 2809 4013 sqq.,
2834 3940 2928 3996 ubi
2959 3940 3167 3995 multus
3199 3950 3284 3994 est
3310 3939 3379 3993 de
3403 3936 3492 3993 ed.

231 4022 453 4092 Colon.,
489 4026 556 4080 de
582 4023 904 4097 Epiphanio,
940 4025 1064 4097 ejus
1097 4027 1339 4097 scriptis,
1365 4029 1652 4085 erroribus
1677 4042 1731 4085 et
1757 4030 1896 4087 alios
1920 4029 2129 4087 laudat.
2154 4029 2270 4086 νγ.
2299 4028 2410 4086 DD.
2438 4029 2612 4087 "ARL.

1313 4123 1587 4181 Editiones
1620 4127 1897 4195 promissae
1922 4137 1973 4183 et
2002 4128 2205 4183 codices
2244 4144 2372 4183 mss.

309 4208 544 4268 Pransos
575 4221 796 4283 paratos
824 4215 881 4271 in
907 4214 1273 4290 Epiphanium
1298 4190 1719 4277 commentarios
1742 4223 1942 4292 habere
1966 4237 2027 4278 se
2053 4231 2108 4278 et
2135 4237 2330 4277 novam
2357 4222 2503 4278 illius
2534 4190 2827 4292 scriptoris
2847 4221 3144 4278 editionem
3175 4226 3496 4275 curaturum

234 4301 522 4373 professus
548 4311 631 4360 est
654 4302 848 4362 Petrus
873 4304 1192 4364 Lansselius
1218 4308 1272 4363 in
1301 4309 1510 4380 prtel'at.
1540 4310 1945 4382 Dispunctionis
1978 4311 2394 4378 calumniarum,
2440 4326 2580 4383 quas
2610 4321 2791 4379 vocat,
2826 4312 3128 4369 Casauboni
3154 4311 3224 4366 ad
3253 4310 3500 4383 quadam

236 4396 300 4450 S.
328 4394 535 4450 Justini
558 4400 809 4469 martyris
842 4400 982 4455 loca.

310 4488 494 4544 Multis
523 4489 657 4546 locis
689 4491 1019 4547 emaculavit
1050 4489 1414 4563 Epiphaniam
1460 4492 1698 4552 Joannes
1729 4496 1962 4563 Croius,
1995 4497 2168 4553 multa
2217 4497 2457 4552 correxit
2502 4494 2741 4554 Joannes
2770 4493 3122 4562 Pearsonius,
3167 4495 3499 4553 Cestriensis

236 4586 554 4654 episcopus,
586 4594 718 4641 teste
770 4586 973 4651 Caveo,
1006 4603 1127 4657 quae
1158 4587 1298 4643 forte
1330 4590 1628 4660 aliquando
1658 4591 1713 4645 in
1742 4591 1919 4648 lucem
1951 4591 2319 4662 proferentur.
2388 4589 2858 4647 Commentarium
2904 4607 3062 4648 suum
3108 4593 3163 4647 in
3211 4591 3500 4663 Epiphanii

238 4674 539 4729 Panarium
572 4687 837 4731 memorat
870 4676 1161 4733 Eduardus
1184 4677 1529 4736 Bernltardus
1557 4678 1712 4736 Notis
1742 4680 1811 4736 ad
1838 4680 2161 4751 Josephum,
2187 4696 2311 4753 pag.
2337 4680 2464 4737 525.

311 4767 601 4837 Epiphanii
628 4767 920 4822 Panarium
944 4768 1367 4839 elegantissimis
1392 4772 1806 4829 characteribus
1840 4788 1947 4829 ms.
1979 4789 2039 4828 se
2066 4788 2191 4829 esse
2227 4784 2450 4829 nactum
2481 4772 2674 4829 scribit
2715 4772 2943 4845 Caspar.
2975 4774 3232 4831 Barthius
3258 4776 3402 4831 notis
3433 4774 3499 4830 ad

182 4852 189 4857 Α
237 4857 605 4913 Clandianum
638 4867 876 4929 poetam,
900 4874 1025 4930 pag.
1059 4859 1167 4914 245
1193 4862 1451 4919 editionis
1481 4860 1691 4916 Hanov.
1725 4860 1889 4928 1612,
1920 4861 1998 4929 8°,
2028 4876 2195 4930 quam
2216 4860 2436 4930 juvenis
2460 4860 2757 4915 admodum
2791 4863 2981 4918 edidit.
3013 4863 3269 4918 Codicem
3301 4878 3408 4918 ms.
3446 4863 3503 4917 in

240 4951 378 5006 bibl.
431 4938 645 5019 publica
687 4951 894 5008 lenensi
942 4951 1128 5009 laudat
1172 4954 1261 5011 W.
1297 4957 1560 5014 Ernestus
1590 4955 1902 5012 Tentzelius
1943 4957 1998 5010 in
2046 4955 2286 5025 Dialogis
2320 4956 2624 5021 menstruis,
2667 4955 2988 5011 Germanice
3036 4954 3198 5010 editis
3239 4954 3307 5009 A.
3340 4954 3503 5019 1692,

243 5059 371 5113 pag.
404 5042 529 5098 885.
563 5041 805 5098 Ἐλελ-
833 5042 950 5100 Jac.
974 5043 1243 5101 Colletum
1275 5045 1457 5101 moliri
1485 5059 1681 5100 novam
1712 5043 2003 5115 Epiphanii
2036 5045 2196 5112 edit.,
2226 5044 2284 5099 in
2318 5059 2428 5115 qua
2451 5044 2726 5115 principue
2758 5045 2996 5100 Panaria
3025 5059 3096 5100 ex
3127 5044 3253 5101 cod.
3290 5044 3502 5103 Veneto

246 5140 420 5196 Marc.
453 5140 557 5195 125
588 5141 817 5196 inﬁnitis
846 5142 984 5198 locis
1010 5142 1389 5209 emendentur,
1439 5143 1623 5213 prodit
1652 5143 1917 5200 Villoison
1952 5143 2008 5197 in
2034 5143 2237 5198 Anecd.
2267 5141 2363 5197 Gr.
2385 5183 2401 5210 ,
2448 5141 2489 5196 ll
2510 5182 2527 5210 ,
2561 5157 2618 5213 p.
2648 5140 2776 5197 215.
2826 5131 2930 5196 Per
2969 5139 3113 5197 hanc
3157 5141 3505 5198 occasionem

248 5380 447 5431 riorem
471 5377 753 5451 editionem
782 5380 1026 5448 adjectis,
1060 5382 1259 5451 partim
1282 5383 1443 5436 etiam
1472 5382 1639 5435 multo
1669 5397 1830 5451 quam
1935 5394 2198 5451 excursum
2230 5377 2423 5451 legitur
2445 5392 2567 5451 pag.
2597 5375 2701 5451 585
2725 5375 3057 5451 edit.rﬂ.uu;;

250 5457 412 5501 antea
446 5446 886 5504 emendatioribus
908 5492 923 5513 ,
949 5446 1171 5519 quorum
1200 5452 1501 5519 catalogum
1545 5446 1698 5505 uersa
1728 5466 1827 5517 ρει·
1940 5517 1961 5519 ᾼ
2009 5450 2086 5519 (a)
2115 5446 2466 5519 Plura'etiam
2495 5449 2619 5519 loca
2646 5449 2700 5501 in
2732 5450 2987 5503 versione
3007 5446 3255 5519 Cornarii
3283 5448 3507 5516 castigat

251 5520 381 5598 gina
413 5519 663 5604 esten-det:
693 5509 943 5575 —Basil.
960 5509 1062 5590 ’ρετ
1075 5520 1337 5575 Joannem
1357 5509 1591 5604 Oporin‘.‘
1604 5532 1653 5603 et
1687 5509 1832 5604 μὶν-ε
1937 5509 2176 5604 Latinus
2198 5516 2468 5604 [Latinium
2493 5516 2826 5604 Pibliothgﬁa
2853 5517 3359 5604 sacrtplrofa_na.‘p.
3373 5509 3492 5604 ¹112

251 5587 512 5662 i'agium.‘
540 5591 606 5662 ῳ.
643 5589 698 5643 in
743 5605 878 5662 pag:
908 5587 1062 5645 versa
1093 5607 1353 5647 excusmn
1386 5587 1511 5647 est:
1542 5591 1832 5662 Epiphanii
1944 5659 1962 5662 _
2014 5588 2089 5662 (b)
2127 5587 2188 5641 l'n
2220 5589 2340 5645 Cat.
2367 5587 2607 5654 Askevv.,
2648 5604 2699 5658 p.
2731 5588 2911 5662 57,_n.
2956 5588 3109 5662 1581,
3133 5587 3262 5643 edit.
3291 5587 3509 5662 Colo_t_i_.,

253 5654 411 5727 epist.
443 5654 512 5708 ad
531 5654 1482 5732 _Joamte_m'Constanlinopolilanum
1506 5654 1664 5732 epi'sc.
1684 5678 1704 5727 ;
1735 5662 1830 5717 sed
1935 5654 2227 5732 2,_'l‘orsan
2272 5674 2368 5732 per
2404 5654 2973 5732 errorent'typothette
3014 5659 3215 5732 citatur
3254 5657 3510 5732 a._t65_'§,

258 5722 293 5802 ξδ’
318 5741 487 5781 manu
514 5727 674 5781 docta
706 5728 762 5781 in
788 5731 1036 5802 exemplo
1073 5722 1215 5800 quod
1257 5741 1438 5787 exstat
1471 5722 1694 5788 in'bibl.
1733 5733 1831 5785 Er-
1937 5722 2230 5802 Add._guae
2260 5722 2455 5802 scripsi
2488 5729 2543 5784 in
2575 5722 2786 5786 Introit.
2817 5727 2872 5782 in
2904 5728 3091 5783 histor.
3135 5725 3412 5796 [ιαμ-ϐω
3441 5722 3509 5789 ll,

261 5799 407 5865 lang.
443 5806 751 5852 correctum
776 5809 857 5854 est
880 5798 1419 5872 Hierosolymitanum
1443 5843 1458 5870 ,
1491 5813 1544 5860 et
1578 5804 1652 5860 ita
1687 5813 1832 5860 recte
1935 5813 1992 5869 p.
2025 5798 2132 5854 257
2160 5815 2243 5871 sq.
2274 5798 2350 5855 In.
