  <div class='ocr_page' id='page_1' title='image "/cluster/home/n/w/nwhite01/storage/ocr_20150623/41/mdp.39015008169818/017.png"; bbox 0 0 3842 6144; ppageno 0'>
   <div class='ocr_carea' id='block_1_1' title="bbox 336 348 1853 414">
    <p class='ocr_par' dir='ltr' id='par_1_1' title="bbox 336 353 1853 414">
     <span class='ocr_line' id='line_1_1' title="bbox 336 353 1853 414; baseline -0.003 0"><span class='ocrx_word' id='word_1_1' title='bbox 336 368 389 414; x_wconf 78' lang='lat' dir='ltr'><strong>vt</strong></span> <span class='ocrx_word' id='word_1_2' title='bbox 466 360 469 364; x_wconf 74' lang='grc'><em>’</em></span> <span class='ocrx_word' id='word_1_3' title='bbox 1487 354 1769 413; x_wconf 81' lang='grc' dir='ltr'><strong>ΝΟΤΙΤΙΑ</strong></span> <span class='ocrx_word' id='word_1_4' title='bbox 1804 353 1853 408; x_wconf 75' lang='lat' dir='ltr'><strong>II‘</strong></span> 
     </span>
    </p>
   </div>
   <div class='ocr_carea' id='block_1_2' title="bbox 926 348 2443 414">
    <p class='ocr_par' dir='ltr' id='par_1_2' title="bbox 1487 348 2443 413">
     <span class='ocr_line' id='line_1_2' title="bbox 1487 348 2443 413; baseline -0.008 -2"><span class='ocrx_word' id='word_1_5' title='bbox 1487 354 1769 413; x_wconf 81' lang='lat' dir='ltr'><strong>NOTITIA</strong></span> <span class='ocrx_word' id='word_1_6' title='bbox 1804 353 1874 409; x_wconf 81' lang='lat' dir='ltr'><strong>IN</strong></span> <span class='ocrx_word' id='word_1_7' title='bbox 1905 355 1962 409; x_wconf 86' lang='lat' dir='ltr'><strong>S.</strong></span> <span class='ocrx_word' id='word_1_8' title='bbox 2006 348 2443 408; x_wconf 78' lang='lat' dir='ltr'><strong>EPIPHANIUM.</strong></span> 
     </span>
    </p>
   </div>
   <div class='ocr_carea' id='block_1_3' title="bbox 339 464 3613 547">
    <p class='ocr_par' dir='ltr' id='par_1_3' title="bbox 339 464 3613 547">
     <span class='ocr_line' id='line_1_3' title="bbox 339 464 3613 547; baseline -0.004 -17"><span class='ocrx_word' id='word_1_9' title='bbox 339 475 642 533; x_wconf 81' lang='lat' dir='ltr'><strong>nominabo</strong></span> <span class='ocrx_word' id='word_1_10' title='bbox 664 479 895 546; x_wconf 87' lang='lat' dir='ltr'><strong>primum</strong></span> <span class='ocrx_word' id='word_1_11' title='bbox 921 478 1080 534; x_wconf 92' lang='lat' dir='ltr'><strong>codd.</strong></span> <span class='ocrx_word' id='word_1_12' title='bbox 1114 478 1430 542; x_wconf 87' lang='lat' dir='ltr'><strong>nonnullos,</strong></span> <span class='ocrx_word' id='word_1_13' title='bbox 1460 478 1515 532; x_wconf 91' lang='lat' dir='ltr'><strong>in</strong></span> <span class='ocrx_word' id='word_1_14' title='bbox 1545 478 1748 547; x_wconf 89' lang='lat' dir='ltr'><strong>quibus</strong></span> <span class='ocrx_word' id='word_1_15' title='bbox 1774 477 1932 546; x_wconf 84' lang='lat' dir='ltr'><strong>plura</strong></span> <span class='ocrx_word' id='word_1_16' title='bbox 1961 472 2249 543; x_wconf 87' lang='lat' dir='ltr'><strong>Epiphanii</strong></span> <span class='ocrx_word' id='word_1_17' title='bbox 2278 472 2480 541; x_wconf 89' lang='lat' dir='ltr'><strong>scripta</strong></span> <span class='ocrx_word' id='word_1_18' title='bbox 2521 476 2650 524; x_wconf 89' lang='lat' dir='ltr'><strong>sunt</strong></span> <span class='ocrx_word' id='word_1_19' title='bbox 2678 467 2990 537; x_wconf 78' lang='lat' dir='ltr'><strong>conjuncta,</strong></span> <span class='ocrx_word' id='word_1_20' title='bbox 3014 466 3098 522; x_wconf 87' lang='lat' dir='ltr'><strong>vel</strong></span> <span class='ocrx_word' id='word_1_21' title='bbox 3135 465 3308 522; x_wconf 77' lang='lat' dir='ltr'><strong>obiter</strong></span> <span class='ocrx_word' id='word_1_22' title='bbox 3335 464 3613 519; x_wconf 82' lang='lat' dir='ltr'><strong>citantur.</strong></span> 
     </span>
    </p>
   </div>
   <div class='ocr_carea' id='block_1_4' title="bbox 337 559 3615 640">
    <p class='ocr_par' dir='ltr' id='par_1_4' title="bbox 337 559 3615 640">
     <span class='ocr_line' id='line_1_4' title="bbox 337 559 3615 640; baseline -0.002 -21"><span class='ocrx_word' id='word_1_23' title='bbox 337 567 490 623; x_wconf 85' lang='lat' dir='ltr'><strong>Alios</strong></span> <span class='ocrx_word' id='word_1_24' title='bbox 522 568 864 639; x_wconf 85' lang='lat' dir='ltr'><strong>singulorum</strong></span> <span class='ocrx_word' id='word_1_25' title='bbox 892 570 1221 639; x_wconf 90' lang='lat' dir='ltr'><strong>scriptorum</strong></span> <span class='ocrx_word' id='word_1_26' title='bbox 1254 570 1412 625; x_wconf 89' lang='lat' dir='ltr'><strong>codd.</strong></span> <span class='ocrx_word' id='word_1_27' title='bbox 1438 570 1697 640; x_wconf 85' lang='lat' dir='ltr'><strong>deinceps</strong></span> <span class='ocrx_word' id='word_1_28' title='bbox 1733 570 1928 640; x_wconf 83' lang='lat' dir='ltr'><strong>partim</strong></span> <span class='ocrx_word' id='word_1_29' title='bbox 1967 568 2285 634; x_wconf 76' lang='lat' dir='ltr'><strong>singulatim</strong></span> <span class='ocrx_word' id='word_1_30' title='bbox 2317 561 2933 633; x_wconf 89' lang='lat' dir='ltr'><strong>memorabo,—partim</strong></span> <span class='ocrx_word' id='word_1_31' title='bbox 2958 561 3024 616; x_wconf 90' lang='lat' dir='ltr'><strong>ad</strong></span> <span class='ocrx_word' id='word_1_32' title='bbox 3064 576 3118 615; x_wconf 93' lang='lat' dir='ltr'><strong>n.</strong></span> <span class='ocrx_word' id='word_1_33' title='bbox 3158 559 3615 613; x_wconf 84' lang='lat' dir='ltr'><strong>1.—Secumlum</strong></span> 
     </span>
    </p>
   </div>
   <div class='ocr_carea' id='block_1_5' title="bbox 334 649 3615 734">
    <p class='ocr_par' dir='ltr' id='par_1_5' title="bbox 334 649 3615 734">
     <span class='ocr_line' id='line_1_5' title="bbox 334 649 3615 734; baseline -0.003 -22"><span class='ocrx_word' id='word_1_34' title='bbox 334 658 703 718; x_wconf 82' lang='lat' dir='ltr'><strong>Montl‘aucon.</strong></span> <span class='ocrx_word' id='word_1_35' title='bbox 743 663 886 718; x_wconf 89' lang='lat' dir='ltr'><strong>Bibl.</strong></span> <span class='ocrx_word' id='word_1_36' title='bbox 917 664 1214 718; x_wconf 85' lang='lat' dir='ltr'><strong>bibliothec.</strong></span> <span class='ocrx_word' id='word_1_37' title='bbox 1240 681 1391 728; x_wconf 90' lang='lat' dir='ltr'><strong>mss.,</strong></span> <span class='ocrx_word' id='word_1_38' title='bbox 1432 663 1471 728; x_wconf 93' lang='grc' dir='ltr'><strong>Ι,</strong></span> <span class='ocrx_word' id='word_1_39' title='bbox 1500 679 1554 734; x_wconf 90' lang='lat' dir='ltr'><strong>p.</strong></span> <span class='ocrx_word' id='word_1_40' title='bbox 1583 664 1686 718; x_wconf 86' lang='grc'><strong>125</strong></span> <span class='ocrx_word' id='word_1_41' title='bbox 1724 663 1788 728; x_wconf 88' lang='grc' dir='ltr'><strong>Α,</strong></span> <span class='ocrx_word' id='word_1_42' title='bbox 1823 664 1877 716; x_wconf 90' lang='lat' dir='ltr'><strong>in</strong></span> <span class='ocrx_word' id='word_1_43' title='bbox 1905 662 1967 717; x_wconf 91' lang='lat' dir='ltr'><strong>B.</strong></span> <span class='ocrx_word' id='word_1_44' title='bbox 2004 662 2262 717; x_wconf 81' lang='lat' dir='ltr'><strong>Vaticana</strong></span> <span class='ocrx_word' id='word_1_45' title='bbox 2296 660 2489 729; x_wconf 84' lang='lat' dir='ltr'><strong>Epiph.</strong></span> <span class='ocrx_word' id='word_1_46' title='bbox 2522 659 2587 713; x_wconf 91' lang='lat' dir='ltr'><strong>de</strong></span> <span class='ocrx_word' id='word_1_47' title='bbox 2614 658 2862 727; x_wconf 78' lang='lat' dir='ltr'><strong>religione</strong></span> <span class='ocrx_word' id='word_1_48' title='bbox 2895 654 3226 716; x_wconf 88' lang='lat' dir='ltr'><strong>Christiana,</strong></span> <span class='ocrx_word' id='word_1_49' title='bbox 3251 652 3323 705; x_wconf 88' lang='lat' dir='ltr'><strong>id.</strong></span> <span class='ocrx_word' id='word_1_50' title='bbox 3359 650 3425 703; x_wconf 84' lang='lat' dir='ltr'><strong>In</strong></span> <span class='ocrx_word' id='word_1_51' title='bbox 3452 649 3615 703; x_wconf 80' lang='lat' dir='ltr'><strong>Can-</strong></span> 
     </span>
    </p>
   </div>
   <div class='ocr_carea' id='block_1_6' title="bbox 334 744 3617 829">
    <p class='ocr_par' dir='ltr' id='par_1_6' title="bbox 334 744 3617 829">
     <span class='ocr_line' id='line_1_6' title="bbox 334 744 3617 829; baseline -0.003 -20"><span class='ocrx_word' id='word_1_52' title='bbox 334 757 559 811; x_wconf 86' lang='lat' dir='ltr'><strong>tic.—ln</strong></span> <span class='ocrx_word' id='word_1_53' title='bbox 587 758 720 814; x_wconf 90' lang='lat' dir='ltr'><strong>bibl.</strong></span> <span class='ocrx_word' id='word_1_54' title='bbox 758 759 974 815; x_wconf 85' lang='lat' dir='ltr'><strong>Mediol.</strong></span> <span class='ocrx_word' id='word_1_55' title='bbox 1006 759 1285 823; x_wconf 66' lang='lat' dir='ltr'><strong>Ambros,</strong></span> <span class='ocrx_word' id='word_1_56' title='bbox 1323 759 1610 829; x_wconf 87' lang='lat' dir='ltr'><strong>Epiphanii</strong></span> <span class='ocrx_word' id='word_1_57' title='bbox 1636 775 1691 829; x_wconf 90' lang='lat' dir='ltr'><strong>p.</strong></span> <span class='ocrx_word' id='word_1_58' title='bbox 1725 759 1854 823; x_wconf 85' lang='lat'><strong>515,</strong></span> <span class='ocrx_word' id='word_1_59' title='bbox 1884 757 2077 827; x_wconf 85' lang='lat' dir='ltr'><strong>Epiph.</strong></span> <span class='ocrx_word' id='word_1_60' title='bbox 2111 756 2174 811; x_wconf 88' lang='lat' dir='ltr'><strong>de</strong></span> <span class='ocrx_word' id='word_1_61' title='bbox 2205 757 2478 826; x_wconf 78' lang='lat' dir='ltr'><strong>paradiso,</strong></span> <span class='ocrx_word' id='word_1_62' title='bbox 2510 763 2566 810; x_wconf 88' lang='lat' dir='ltr'><strong>et</strong></span> <span class='ocrx_word' id='word_1_63' title='bbox 2593 753 2720 817; x_wconf 87' lang='lat' dir='ltr'><strong>alia,</strong></span> <span class='ocrx_word' id='word_1_64' title='bbox 2756 753 2816 807; x_wconf 90' lang='lat' dir='ltr'><strong>it.</strong></span> <span class='ocrx_word' id='word_1_65' title='bbox 2848 752 2985 807; x_wconf 76' lang='lat' dir='ltr'><strong>Viue</strong></span> <span class='ocrx_word' id='word_1_66' title='bbox 3008 750 3147 821; x_wconf 81' lang='lat' dir='ltr'><strong>frag.</strong></span> <span class='ocrx_word' id='word_1_67' title='bbox 3172 778 3238 788; x_wconf 90' lang='lat'><strong>-—</strong></span> <span class='ocrx_word' id='word_1_68' title='bbox 3267 747 3328 802; x_wconf 88' lang='lat' dir='ltr'><strong>P.</strong></span> <span class='ocrx_word' id='word_1_69' title='bbox 3362 746 3490 809; x_wconf 69' lang='lat'><strong>«196,</strong></span> <span class='ocrx_word' id='word_1_70' title='bbox 3544 744 3617 799; x_wconf 84' lang='lat' dir='ltr'><strong>In</strong></span> 
     </span>
    </p>
   </div>
   <div class='ocr_carea' id='block_1_7' title="bbox 332 836 3618 919">
    <p class='ocr_par' dir='ltr' id='par_1_7' title="bbox 332 836 3618 919">
     <span class='ocr_line' id='line_1_7' title="bbox 332 836 3618 919; baseline -0.003 -18"><span class='ocrx_word' id='word_1_71' title='bbox 332 850 634 917; x_wconf 74' lang='lat' dir='ltr'><strong>sepulcrum</strong></span> <span class='ocrx_word' id='word_1_72' title='bbox 665 850 904 916; x_wconf 77' lang='lat' dir='ltr'><strong>Christi;</strong></span> <span class='ocrx_word' id='word_1_73' title='bbox 944 850 1023 904; x_wconf 90' lang='lat' dir='ltr'><strong>De</strong></span> <span class='ocrx_word' id='word_1_74' title='bbox 1062 851 1320 904; x_wconf 77' lang='lat' dir='ltr'><strong>mensuris</strong></span> <span class='ocrx_word' id='word_1_75' title='bbox 1362 860 1411 902; x_wconf 90' lang='lat' dir='ltr'><strong>et</strong></span> <span class='ocrx_word' id='word_1_76' title='bbox 1443 851 1799 919; x_wconf 79' lang='lat' dir='ltr'><strong>ponderibus;</strong></span> <span class='ocrx_word' id='word_1_77' title='bbox 1841 848 1909 903; x_wconf 87' lang='lat' dir='ltr'><strong>In</strong></span> <span class='ocrx_word' id='word_1_78' title='bbox 1941 849 2027 903; x_wconf 88' lang='lat' dir='ltr'><strong>die</strong></span> <span class='ocrx_word' id='word_1_79' title='bbox 2058 847 2373 901; x_wconf 87' lang='lat' dir='ltr'><strong>Palmarum</strong></span> <span class='ocrx_word' id='word_1_80' title='bbox 2404 861 2616 911; x_wconf 88' lang='lat' dir='ltr'><strong>sermo;</strong></span> <span class='ocrx_word' id='word_1_81' title='bbox 2649 844 2974 915; x_wconf 78' lang='lat' dir='ltr'><strong>opusculum</strong></span> <span class='ocrx_word' id='word_1_82' title='bbox 3017 841 3095 894; x_wconf 89' lang='lat' dir='ltr'><strong>De</strong></span> <span class='ocrx_word' id='word_1_83' title='bbox 3141 840 3376 909; x_wconf 81' lang='lat' dir='ltr'><strong>azymis;</strong></span> <span class='ocrx_word' id='word_1_84' title='bbox 3415 836 3477 889; x_wconf 80' lang='lat' dir='ltr'><strong>In</strong></span> <span class='ocrx_word' id='word_1_85' title='bbox 3523 836 3618 890; x_wconf 87' lang='lat' dir='ltr'><strong>die</strong></span> 
     </span>
    </p>
   </div>
   <div class='ocr_carea' id='block_1_8' title="bbox 335 928 3613 1008">
    <p class='ocr_par' dir='ltr' id='par_1_8' title="bbox 335 928 3613 1008">
     <span class='ocr_line' id='line_1_8' title="bbox 335 928 3613 1008; baseline -0.002 -19"><span class='ocrx_word' id='word_1_86' title='bbox 335 934 620 993; x_wconf 76' lang='lat' dir='ltr'><strong>Paschalis</strong></span> <span class='ocrx_word' id='word_1_87' title='bbox 646 955 848 1003; x_wconf 90' lang='lat' dir='ltr'><strong>sermo;</strong></span> <span class='ocrx_word' id='word_1_88' title='bbox 874 946 1127 1008; x_wconf 85' lang='lat' dir='ltr'><strong>excerpta</strong></span> <span class='ocrx_word' id='word_1_89' title='bbox 1158 954 1224 993; x_wconf 80' lang='lat' dir='ltr'><strong>ex</strong></span> <span class='ocrx_word' id='word_1_90' title='bbox 1249 939 1441 993; x_wconf 90' lang='lat' dir='ltr'><strong>eodem</strong></span> <span class='ocrx_word' id='word_1_91' title='bbox 1467 940 1544 993; x_wconf 78' lang='lat' dir='ltr'><strong>De</strong></span> <span class='ocrx_word' id='word_1_92' title='bbox 1575 939 1883 994; x_wconf 66' lang='lat' dir='ltr'><strong>Graecorum</strong></span> <span class='ocrx_word' id='word_1_93' title='bbox 1910 936 2463 1007; x_wconf 71' lang='lat' dir='ltr'><strong>differentiis.—Pag.</strong></span> <span class='ocrx_word' id='word_1_94' title='bbox 2499 936 2603 990; x_wconf 90' lang='lat'><strong>619</strong></span> <span class='ocrx_word' id='word_1_95' title='bbox 2632 935 2693 1000; x_wconf 86' lang='grc' dir='ltr'><strong>Ε,</strong></span> <span class='ocrx_word' id='word_1_96' title='bbox 2719 936 2772 988; x_wconf 92' lang='lat' dir='ltr'><strong>in</strong></span> <span class='ocrx_word' id='word_1_97' title='bbox 2807 935 2938 989; x_wconf 90' lang='lat' dir='ltr'><strong>bibl.</strong></span> <span class='ocrx_word' id='word_1_98' title='bbox 2971 931 3202 986; x_wconf 83' lang='lat' dir='ltr'><strong>Scorial.</strong></span> <span class='ocrx_word' id='word_1_99' title='bbox 3238 931 3384 1000; x_wconf 89' lang='lat' dir='ltr'><strong>regis</strong></span> <span class='ocrx_word' id='word_1_100' title='bbox 3421 928 3613 996; x_wconf 86' lang='lat' dir='ltr'><strong>llisp.,</strong></span> 
     </span>
    </p>
   </div>
   <div class='ocr_carea' id='block_1_9' title="bbox 338 1021 3613 1103">
    <p class='ocr_par' dir='ltr' id='par_1_9' title="bbox 338 1021 3613 1103">
     <span class='ocr_line' id='line_1_9' title="bbox 338 1021 3613 1103; baseline -0 -24"><span class='ocrx_word' id='word_1_101' title='bbox 338 1024 625 1097; x_wconf 84' lang='lat' dir='ltr'><strong>Epiphanii</strong></span> <span class='ocrx_word' id='word_1_102' title='bbox 654 1046 916 1085; x_wconf 84' lang='lat' dir='ltr'><strong>sermones</strong></span> <span class='ocrx_word' id='word_1_103' title='bbox 946 1032 1097 1095; x_wconf 83' lang='lat' dir='ltr'><strong>uarii,</strong></span> <span class='ocrx_word' id='word_1_104' title='bbox 1135 1030 1212 1084; x_wconf 86' lang='lat' dir='ltr'><strong>De</strong></span> <span class='ocrx_word' id='word_1_105' title='bbox 1245 1030 1367 1085; x_wconf 84' lang='grc' dir='ltr'><strong>ΧΙΙ</strong></span> <span class='ocrx_word' id='word_1_106' title='bbox 1404 1032 1673 1100; x_wconf 80' lang='lat' dir='ltr'><strong>lapidibus</strong></span> <span class='ocrx_word' id='word_1_107' title='bbox 1708 1033 1778 1086; x_wconf 90' lang='lat' dir='ltr'><strong>ad</strong></span> <span class='ocrx_word' id='word_1_108' title='bbox 1805 1032 2033 1087; x_wconf 89' lang='lat' dir='ltr'><strong>Diodor.</strong></span> <span class='ocrx_word' id='word_1_109' title='bbox 2063 1031 2322 1103; x_wconf 81' lang='lat' dir='ltr'><strong>Tyrium;</strong></span> <span class='ocrx_word' id='word_1_110' title='bbox 2357 1030 2430 1083; x_wconf 90' lang='lat' dir='ltr'><strong>De</strong></span> <span class='ocrx_word' id='word_1_111' title='bbox 2461 1029 2738 1098; x_wconf 82' lang='lat' dir='ltr'><strong>sepultura</strong></span> <span class='ocrx_word' id='word_1_112' title='bbox 2764 1026 2967 1083; x_wconf 85' lang='lat' dir='ltr'><strong>Christi</strong></span> <span class='ocrx_word' id='word_1_113' title='bbox 3000 1025 3150 1095; x_wconf 76' lang='lat' dir='ltr'><strong>(add:</strong></span> <span class='ocrx_word' id='word_1_114' title='bbox 3187 1021 3371 1077; x_wconf 88' lang='lat' dir='ltr'><strong>Plueri</strong></span> <span class='ocrx_word' id='word_1_115' title='bbox 3406 1022 3613 1079; x_wconf 81' lang='lat' dir='ltr'><strong>Itincr.</strong></span> 
     </span>
    </p>
   </div>
   <div class='ocr_carea' id='block_1_10' title="bbox 335 1118 3618 1192">
    <p class='ocr_par' dir='ltr' id='par_1_10' title="bbox 335 1118 3618 1192">
     <span class='ocr_line' id='line_1_10' title="bbox 335 1118 3618 1192; baseline 0.001 -20"><span class='ocrx_word' id='word_1_116' title='bbox 335 1137 427 1189; x_wconf 89' lang='lat' dir='ltr'><strong>per</strong></span> <span class='ocrx_word' id='word_1_117' title='bbox 450 1119 629 1188; x_wconf 84' lang='lat' dir='ltr'><strong>Hisp.,</strong></span> <span class='ocrx_word' id='word_1_118' title='bbox 656 1137 711 1191; x_wconf 77' lang='grc' dir='ltr'><strong>ι).</strong></span> <span class='ocrx_word' id='word_1_119' title='bbox 743 1121 962 1192; x_wconf 87' lang='lat'><strong>167).—</strong></span> <span class='ocrx_word' id='word_1_120' title='bbox 994 1120 1052 1178; x_wconf 90' lang='lat' dir='ltr'><strong>P.</strong></span> <span class='ocrx_word' id='word_1_121' title='bbox 1083 1120 1185 1175; x_wconf 87' lang='grc'><strong>697</strong></span> <span class='ocrx_word' id='word_1_122' title='bbox 1219 1119 1283 1189; x_wconf 89' lang='lat' dir='ltr'><strong>D,</strong></span> <span class='ocrx_word' id='word_1_123' title='bbox 1321 1122 1385 1187; x_wconf 90' lang='lat' dir='ltr'><strong>E,</strong></span> <span class='ocrx_word' id='word_1_124' title='bbox 1419 1123 1502 1178; x_wconf 88' lang='lat' dir='ltr'><strong>bis</strong></span> <span class='ocrx_word' id='word_1_125' title='bbox 1531 1123 1586 1177; x_wconf 90' lang='lat' dir='ltr'><strong>in</strong></span> <span class='ocrx_word' id='word_1_126' title='bbox 1619 1123 1754 1178; x_wconf 81' lang='lat' dir='ltr'><strong>bibl.</strong></span> <span class='ocrx_word' id='word_1_127' title='bbox 1792 1122 2096 1190; x_wconf 78' lang='lat' dir='ltr'><strong>Sl‘ortiana,</strong></span> <span class='ocrx_word' id='word_1_128' title='bbox 2131 1121 2417 1192; x_wconf 85' lang='lat' dir='ltr'><strong>Epiphanii</strong></span> <span class='ocrx_word' id='word_1_129' title='bbox 2447 1138 2619 1176; x_wconf 83' lang='lat' dir='ltr'><strong>sermo</strong></span> <span class='ocrx_word' id='word_1_130' title='bbox 2652 1122 2709 1174; x_wconf 85' lang='lat' dir='ltr'><strong>in</strong></span> <span class='ocrx_word' id='word_1_131' title='bbox 2742 1120 3073 1189; x_wconf 83' lang='lat' dir='ltr'><strong>sepulturam</strong></span> <span class='ocrx_word' id='word_1_132' title='bbox 3100 1118 3317 1172; x_wconf 83' lang='lat' dir='ltr'><strong>Domini</strong></span> <span class='ocrx_word' id='word_1_133' title='bbox 3340 1127 3391 1172; x_wconf 86' lang='lat' dir='ltr'><strong>et</strong></span> <span class='ocrx_word' id='word_1_134' title='bbox 3416 1121 3471 1172; x_wconf 86' lang='lat' dir='ltr'><strong>in</strong></span> <span class='ocrx_word' id='word_1_135' title='bbox 3509 1118 3618 1175; x_wconf 81' lang='lat' dir='ltr'><strong>Jo-</strong></span> 
     </span>
    </p>
   </div>
   <div class='ocr_carea' id='block_1_11' title="bbox 336 1211 3613 1287">
    <p class='ocr_par' dir='ltr' id='par_1_11' title="bbox 336 1211 3613 1287">
     <span class='ocr_line' id='line_1_11' title="bbox 336 1211 3613 1287; baseline 0.002 -24"><span class='ocrx_word' id='word_1_136' title='bbox 336 1211 457 1279; x_wconf 87' lang='lat' dir='ltr'><strong>seph</strong></span> <span class='ocrx_word' id='word_1_137' title='bbox 490 1215 556 1271; x_wconf 85' lang='lat' dir='ltr'><strong>ab</strong></span> <span class='ocrx_word' id='word_1_138' title='bbox 587 1211 914 1277; x_wconf 82' lang='lat' dir='ltr'><strong>Arimathia,</strong></span> <span class='ocrx_word' id='word_1_139' title='bbox 945 1222 991 1266; x_wconf 88' lang='lat' dir='ltr'><strong>et</strong></span> <span class='ocrx_word' id='word_1_140' title='bbox 1022 1213 1076 1269; x_wconf 81' lang='lat' dir='ltr'><strong>in</strong></span> <span class='ocrx_word' id='word_1_141' title='bbox 1112 1216 1416 1271; x_wconf 76' lang='lat' dir='ltr'><strong>descensum</strong></span> <span class='ocrx_word' id='word_1_142' title='bbox 1452 1218 1521 1271; x_wconf 90' lang='lat' dir='ltr'><strong>ad</strong></span> <span class='ocrx_word' id='word_1_143' title='bbox 1551 1219 1768 1286; x_wconf 77' lang='lat' dir='ltr'><strong>inferos.</strong></span> <span class='ocrx_word' id='word_1_144' title='bbox 1793 1250 1865 1260; x_wconf 92' lang='lat'><strong><em>—</em></strong></span> <span class='ocrx_word' id='word_1_145' title='bbox 1887 1219 1951 1274; x_wconf 90' lang='lat' dir='ltr'><strong>P.</strong></span> <span class='ocrx_word' id='word_1_146' title='bbox 1990 1219 2094 1273; x_wconf 81' lang='grc'><strong>702</strong></span> <span class='ocrx_word' id='word_1_147' title='bbox 2119 1219 2182 1284; x_wconf 88' lang='lat' dir='ltr'><strong>C,</strong></span> <span class='ocrx_word' id='word_1_148' title='bbox 2215 1218 2274 1285; x_wconf 90' lang='lat' dir='ltr'><strong>E,</strong></span> <span class='ocrx_word' id='word_1_149' title='bbox 2311 1219 2362 1272; x_wconf 91' lang='lat' dir='ltr'><strong>in</strong></span> <span class='ocrx_word' id='word_1_150' title='bbox 2395 1219 2584 1273; x_wconf 87' lang='lat' dir='ltr'><strong>eadem</strong></span> <span class='ocrx_word' id='word_1_151' title='bbox 2627 1218 2784 1281; x_wconf 86' lang='lat' dir='ltr'><strong>bibl.,</strong></span> <span class='ocrx_word' id='word_1_152' title='bbox 2816 1216 3082 1287; x_wconf 89' lang='lat' dir='ltr'><strong>Epiphan.</strong></span> <span class='ocrx_word' id='word_1_153' title='bbox 3139 1216 3205 1270; x_wconf 88' lang='lat' dir='ltr'><strong>de</strong></span> <span class='ocrx_word' id='word_1_154' title='bbox 3248 1217 3396 1286; x_wconf 88' lang='lat' dir='ltr'><strong>signo</strong></span> <span class='ocrx_word' id='word_1_155' title='bbox 3428 1218 3613 1272; x_wconf 84' lang='lat' dir='ltr'><strong>crucis</strong></span> 
     </span>
    </p>
   </div>
   <div class='ocr_carea' id='block_1_12' title="bbox 335 1308 3617 1385">
    <p class='ocr_par' dir='ltr' id='par_1_12' title="bbox 335 1308 3617 1385">
     <span class='ocr_line' id='line_1_12' title="bbox 335 1308 3617 1385; baseline 0.003 -26"><span class='ocrx_word' id='word_1_156' title='bbox 335 1322 453 1377; x_wconf 70' lang='lat' dir='ltr'><strong>qua:</strong></span> <span class='ocrx_word' id='word_1_157' title='bbox 488 1309 734 1375; x_wconf 85' lang='lat' dir='ltr'><strong>apparuit</strong></span> <span class='ocrx_word' id='word_1_158' title='bbox 770 1308 1116 1365; x_wconf 83' lang='lat' dir='ltr'><strong>Constantino</strong></span> <span class='ocrx_word' id='word_1_159' title='bbox 1153 1310 1229 1365; x_wconf 77' lang='grc' dir='ltr'><strong>Μ.</strong></span> <span class='ocrx_word' id='word_1_160' title='bbox 1255 1321 1309 1367; x_wconf 91' lang='lat' dir='ltr'><strong>ct</strong></span> <span class='ocrx_word' id='word_1_161' title='bbox 1341 1326 1506 1377; x_wconf 80' lang='lat' dir='ltr'><strong>scrm.</strong></span> <span class='ocrx_word' id='word_1_162' title='bbox 1538 1311 1609 1371; x_wconf 80' lang='lat' dir='ltr'><strong>In</strong></span> <span class='ocrx_word' id='word_1_163' title='bbox 1643 1314 1972 1384; x_wconf 83' lang='lat' dir='ltr'><strong>sepulturam</strong></span> <span class='ocrx_word' id='word_1_164' title='bbox 2005 1314 2223 1368; x_wconf 84' lang='lat' dir='ltr'><strong>Domini</strong></span> <span class='ocrx_word' id='word_1_165' title='bbox 2253 1314 2469 1381; x_wconf 88' lang='lat' dir='ltr'><strong>(rursus</strong></span> <span class='ocrx_word' id='word_1_166' title='bbox 2500 1328 2553 1383; x_wconf 89' lang='lat' dir='ltr'><strong>p.</strong></span> <span class='ocrx_word' id='word_1_167' title='bbox 2585 1308 2690 1368; x_wconf 71' lang='grc'><strong>704</strong></span> <span class='ocrx_word' id='word_1_168' title='bbox 2716 1314 2777 1385; x_wconf 88' lang='lat' dir='ltr'><strong>C)</strong></span> <span class='ocrx_word' id='word_1_169' title='bbox 2811 1326 2861 1369; x_wconf 92' lang='lat' dir='ltr'><strong>et</strong></span> <span class='ocrx_word' id='word_1_170' title='bbox 2892 1316 3200 1369; x_wconf 85' lang='lat' dir='ltr'><strong>descensum</strong></span> <span class='ocrx_word' id='word_1_171' title='bbox 3228 1315 3342 1384; x_wconf 79' lang='lat' dir='ltr'><strong>eius</strong></span> <span class='ocrx_word' id='word_1_172' title='bbox 3376 1316 3445 1369; x_wconf 89' lang='lat' dir='ltr'><strong>ad</strong></span> <span class='ocrx_word' id='word_1_173' title='bbox 3476 1316 3617 1384; x_wconf 77' lang='lat' dir='ltr'><strong>infe-</strong></span> 
     </span>
    </p>
   </div>
   <div class='ocr_carea' id='block_1_13' title="bbox 337 1397 3615 1479">
    <p class='ocr_par' dir='ltr' id='par_1_13' title="bbox 337 1397 3615 1479">
     <span class='ocr_line' id='line_1_13' title="bbox 337 1397 3615 1479; baseline 0.006 -33"><span class='ocrx_word' id='word_1_174' title='bbox 337 1411 465 1459; x_wconf 78' lang='lat' dir='ltr'><strong>ros;</strong></span> <span class='ocrx_word' id='word_1_175' title='bbox 493 1406 547 1451; x_wconf 89' lang='lat' dir='ltr'><strong>et</strong></span> <span class='ocrx_word' id='word_1_176' title='bbox 577 1411 629 1466; x_wconf 93' lang='lat' dir='ltr'><strong>p.</strong></span> <span class='ocrx_word' id='word_1_177' title='bbox 667 1397 767 1452; x_wconf 89' lang='lat'><strong>707</strong></span> <span class='ocrx_word' id='word_1_178' title='bbox 801 1400 866 1465; x_wconf 89' lang='lat' dir='ltr'><strong>A,</strong></span> <span class='ocrx_word' id='word_1_179' title='bbox 893 1401 947 1454; x_wconf 92' lang='lat' dir='ltr'><strong>in</strong></span> <span class='ocrx_word' id='word_1_180' title='bbox 974 1403 1162 1461; x_wconf 88' lang='lat' dir='ltr'><strong>eadem</strong></span> <span class='ocrx_word' id='word_1_181' title='bbox 1196 1406 1355 1473; x_wconf 86' lang='lat' dir='ltr'><strong>bibl.,</strong></span> <span class='ocrx_word' id='word_1_182' title='bbox 1395 1406 1587 1477; x_wconf 88' lang='lat' dir='ltr'><strong>Epiph.</strong></span> <span class='ocrx_word' id='word_1_183' title='bbox 1620 1408 1700 1463; x_wconf 87' lang='lat' dir='ltr'><strong>De</strong></span> <span class='ocrx_word' id='word_1_184' title='bbox 1752 1409 1978 1463; x_wconf 83' lang='lat' dir='ltr'><strong>adventu</strong></span> <span class='ocrx_word' id='word_1_185' title='bbox 2011 1408 2233 1475; x_wconf 85' lang='lat' dir='ltr'><strong>Christi,</strong></span> <span class='ocrx_word' id='word_1_186' title='bbox 2261 1419 2309 1463; x_wconf 90' lang='lat' dir='ltr'><strong>et</strong></span> <span class='ocrx_word' id='word_1_187' title='bbox 2337 1409 2400 1463; x_wconf 89' lang='lat' dir='ltr'><strong>de</strong></span> <span class='ocrx_word' id='word_1_188' title='bbox 2425 1402 2676 1478; x_wconf 75' lang='lat' dir='ltr'><strong>passione</strong></span> <span class='ocrx_word' id='word_1_189' title='bbox 2703 1410 2819 1479; x_wconf 88' lang='lat' dir='ltr'><strong>ejus</strong></span> <span class='ocrx_word' id='word_1_190' title='bbox 2848 1413 3194 1464; x_wconf 87' lang='lat' dir='ltr'><strong>auctoritates</strong></span> <span class='ocrx_word' id='word_1_191' title='bbox 3230 1408 3289 1464; x_wconf 91' lang='lat' dir='ltr'><strong>S.</strong></span> <span class='ocrx_word' id='word_1_192' title='bbox 3318 1409 3615 1467; x_wconf 84' lang='lat' dir='ltr'><strong>S.—Mos-</strong></span> 
     </span>
    </p>
   </div>
   <div class='ocr_carea' id='block_1_14' title="bbox 336 1488 3613 1571">
    <p class='ocr_par' dir='ltr' id='par_1_14' title="bbox 336 1488 3613 1571">
     <span class='ocr_line' id='line_1_14' title="bbox 336 1488 3613 1571; baseline 0.004 -30"><span class='ocrx_word' id='word_1_193' title='bbox 336 1503 460 1555; x_wconf 81' lang='lat' dir='ltr'><strong>quae</strong></span> <span class='ocrx_word' id='word_1_194' title='bbox 494 1502 622 1543; x_wconf 87' lang='lat' dir='ltr'><strong>num</strong></span> <span class='ocrx_word' id='word_1_195' title='bbox 660 1488 759 1560; x_wconf 87' lang='lat' dir='ltr'><strong>(uti</strong></span> <span class='ocrx_word' id='word_1_196' title='bbox 792 1490 992 1547; x_wconf 87' lang='lat' dir='ltr'><strong>alicubi</strong></span> <span class='ocrx_word' id='word_1_197' title='bbox 1016 1493 1195 1566; x_wconf 87' lang='lat' dir='ltr'><strong>legere</strong></span> <span class='ocrx_word' id='word_1_198' title='bbox 1227 1510 1315 1552; x_wconf 89' lang='lat' dir='ltr'><strong>me</strong></span> <span class='ocrx_word' id='word_1_199' title='bbox 1347 1497 1598 1569; x_wconf 87' lang='lat' dir='ltr'><strong>memini)</strong></span> <span class='ocrx_word' id='word_1_200' title='bbox 1624 1499 1678 1553; x_wconf 90' lang='lat' dir='ltr'><strong>in</strong></span> <span class='ocrx_word' id='word_1_201' title='bbox 1722 1498 1861 1554; x_wconf 88' lang='lat' dir='ltr'><strong>bibl.</strong></span> <span class='ocrx_word' id='word_1_202' title='bbox 1890 1497 2091 1568; x_wconf 84' lang='lat' dir='ltr'><strong>synod.</strong></span> <span class='ocrx_word' id='word_1_203' title='bbox 2122 1499 2327 1567; x_wconf 84' lang='lat' dir='ltr'><strong>scripta</strong></span> <span class='ocrx_word' id='word_1_204' title='bbox 2362 1497 2557 1568; x_wconf 84' lang='lat' dir='ltr'><strong>Epipb.</strong></span> <span class='ocrx_word' id='word_1_205' title='bbox 2589 1498 2771 1552; x_wconf 87' lang='lat' dir='ltr'><strong>adhuc</strong></span> <span class='ocrx_word' id='word_1_206' title='bbox 2805 1498 3006 1553; x_wconf 89' lang='lat' dir='ltr'><strong>inedita</strong></span> <span class='ocrx_word' id='word_1_207' title='bbox 3035 1498 3257 1562; x_wconf 82' lang='lat' dir='ltr'><strong>lateant,</strong></span> <span class='ocrx_word' id='word_1_208' title='bbox 3294 1500 3385 1553; x_wconf 86' lang='lat' dir='ltr'><strong>alii</strong></span> <span class='ocrx_word' id='word_1_209' title='bbox 3418 1500 3613 1571; x_wconf 85' lang='lat' dir='ltr'><strong>inqui-</strong></span> 
     </span>
    </p>
   </div>
   <div class='ocr_carea' id='block_1_15' title="bbox 338 1579 3613 1665">
    <p class='ocr_par' dir='ltr' id='par_1_15' title="bbox 338 1579 3613 1665">
     <span class='ocr_line' id='line_1_15' title="bbox 338 1579 3613 1665; baseline 0.005 -36"><span class='ocrx_word' id='word_1_210' title='bbox 338 1589 480 1632; x_wconf 84' lang='lat' dir='ltr'><strong>rant.</strong></span> <span class='ocrx_word' id='word_1_211' title='bbox 514 1579 570 1634; x_wconf 92' lang='lat' dir='ltr'><strong>ln</strong></span> <span class='ocrx_word' id='word_1_212' title='bbox 600 1579 844 1637; x_wconf 67' lang='lat' dir='ltr'><strong>Scbiada:</strong></span> <span class='ocrx_word' id='word_1_213' title='bbox 875 1583 1096 1653; x_wconf 79' lang='lat' dir='ltr'><strong>quidem</strong></span> <span class='ocrx_word' id='word_1_214' title='bbox 1129 1584 1308 1641; x_wconf 86' lang='lat' dir='ltr'><strong>Catal.</strong></span> <span class='ocrx_word' id='word_1_215' title='bbox 1347 1587 1502 1642; x_wconf 87' lang='lat' dir='ltr'><strong>codd.</strong></span> <span class='ocrx_word' id='word_1_216' title='bbox 1535 1586 1629 1643; x_wconf 89' lang='lat' dir='ltr'><strong>Gr.</strong></span> <span class='ocrx_word' id='word_1_217' title='bbox 1670 1588 1739 1665; x_wconf 24' lang='lat' dir='ltr'><strong>lin</strong></span> <span class='ocrx_word' id='word_1_218' title='bbox 1784 1588 1916 1642; x_wconf 86' lang='lat' dir='ltr'><strong>bibl.</strong></span> <span class='ocrx_word' id='word_1_219' title='bbox 1950 1588 2228 1660; x_wconf 82' lang='lat' dir='ltr'><strong>synodali,</strong></span> <span class='ocrx_word' id='word_1_220' title='bbox 2273 1604 2398 1658; x_wconf 82' lang='lat' dir='ltr'><strong>pag.</strong></span> <span class='ocrx_word' id='word_1_221' title='bbox 2436 1587 2526 1651; x_wconf 91' lang='lat'><strong>58,</strong></span> <span class='ocrx_word' id='word_1_222' title='bbox 2574 1587 2873 1657; x_wconf 79' lang='lat' dir='ltr'><strong>generatim</strong></span> <span class='ocrx_word' id='word_1_223' title='bbox 2904 1597 3280 1643; x_wconf 88' lang='lat' dir='ltr'><strong>memorantur</strong></span> <span class='ocrx_word' id='word_1_224' title='bbox 3312 1587 3613 1658; x_wconf 85' lang='lat' dir='ltr'><strong>Epiphanii</strong></span> 
     </span>
    </p>
   </div>
   <div class='ocr_carea' id='block_1_16' title="bbox 337 1672 3612 1755">
    <p class='ocr_par' dir='ltr' id='par_1_16' title="bbox 337 1672 3612 1755">
     <span class='ocr_line' id='line_1_16' title="bbox 337 1672 3612 1755; baseline 0.004 -30"><span class='ocrx_word' id='word_1_225' title='bbox 337 1672 517 1742; x_wconf 82' lang='lat' dir='ltr'><strong>Cypri,</strong></span> <span class='ocrx_word' id='word_1_226' title='bbox 540 1677 817 1732; x_wconf 76' lang='lat' dir='ltr'><strong>Anastasii</strong></span> <span class='ocrx_word' id='word_1_227' title='bbox 841 1676 1065 1735; x_wconf 75' lang='lat' dir='ltr'><strong>Sinaitw</strong></span> <span class='ocrx_word' id='word_1_228' title='bbox 1093 1689 1142 1735; x_wconf 88' lang='lat' dir='ltr'><strong>et</strong></span> <span class='ocrx_word' id='word_1_229' title='bbox 1178 1682 1411 1737; x_wconf 89' lang='lat' dir='ltr'><strong>aliorum</strong></span> <span class='ocrx_word' id='word_1_230' title='bbox 1434 1684 1584 1739; x_wconf 82' lang='lat' dir='ltr'><strong>varia</strong></span> <span class='ocrx_word' id='word_1_231' title='bbox 1611 1683 2059 1755; x_wconf 64' lang='lat' dir='ltr'><strong>theologiam—In</strong></span> <span class='ocrx_word' id='word_1_232' title='bbox 2095 1685 2165 1740; x_wconf 89' lang='lat' dir='ltr'><strong>el.</strong></span> <span class='ocrx_word' id='word_1_233' title='bbox 2191 1682 2431 1738; x_wconf 68' lang='lat' dir='ltr'><strong>Mattbaei</strong></span> <span class='ocrx_word' id='word_1_234' title='bbox 2468 1682 2679 1743; x_wconf 80' lang='lat' dir='ltr'><strong>Notitia</strong></span> <span class='ocrx_word' id='word_1_235' title='bbox 2705 1681 2861 1736; x_wconf 88' lang='lat' dir='ltr'><strong>codd.</strong></span> <span class='ocrx_word' id='word_1_236' title='bbox 2894 1679 2987 1736; x_wconf 84' lang='lat' dir='ltr'><strong>Gr.</strong></span> <span class='ocrx_word' id='word_1_237' title='bbox 3018 1680 3214 1752; x_wconf 79' lang='lat' dir='ltr'><strong>Mosq.,</strong></span> <span class='ocrx_word' id='word_1_238' title='bbox 3251 1693 3451 1751; x_wconf 60' lang='lat' dir='ltr'><strong>praeter</strong></span> <span class='ocrx_word' id='word_1_239' title='bbox 3480 1697 3612 1737; x_wconf 87' lang='lat' dir='ltr'><strong>ora-</strong></span> 
     </span>
    </p>
   </div>
   <div class='ocr_carea' id='block_1_17' title="bbox 339 1766 3613 1846">
    <p class='ocr_par' dir='ltr' id='par_1_17' title="bbox 339 1766 3613 1846">
     <span class='ocr_line' id='line_1_17' title="bbox 339 1766 3613 1846; baseline 0.002 -28"><span class='ocrx_word' id='word_1_240' title='bbox 339 1766 514 1821; x_wconf 82' lang='lat' dir='ltr'><strong>tiones</strong></span> <span class='ocrx_word' id='word_1_241' title='bbox 551 1769 817 1837; x_wconf 88' lang='lat' dir='ltr'><strong>quasdam</strong></span> <span class='ocrx_word' id='word_1_242' title='bbox 842 1781 897 1827; x_wconf 85' lang='lat' dir='ltr'><strong>et</strong></span> <span class='ocrx_word' id='word_1_243' title='bbox 927 1770 1235 1844; x_wconf 77' lang='lat' dir='ltr'><strong>fragmenta</strong></span> <span class='ocrx_word' id='word_1_244' title='bbox 1266 1776 1323 1830; x_wconf 91' lang='lat' dir='ltr'><strong>in</strong></span> <span class='ocrx_word' id='word_1_245' title='bbox 1348 1775 1580 1843; x_wconf 88' lang='lat' dir='ltr'><strong>catenis,</strong></span> <span class='ocrx_word' id='word_1_246' title='bbox 1607 1776 1811 1832; x_wconf 89' lang='lat' dir='ltr'><strong>nullius</strong></span> <span class='ocrx_word' id='word_1_247' title='bbox 1864 1775 2054 1846; x_wconf 86' lang='lat' dir='ltr'><strong>scripti</strong></span> <span class='ocrx_word' id='word_1_248' title='bbox 2095 1774 2284 1830; x_wconf 85' lang='lat' dir='ltr'><strong>inediti</strong></span> <span class='ocrx_word' id='word_1_249' title='bbox 2323 1773 2519 1846; x_wconf 85' lang='lat' dir='ltr'><strong>Epipb.</strong></span> <span class='ocrx_word' id='word_1_250' title='bbox 2544 1773 2879 1829; x_wconf 89' lang='lat' dir='ltr'><strong>mentionem</strong></span> <span class='ocrx_word' id='word_1_251' title='bbox 2908 1773 3107 1843; x_wconf 90' lang='lat' dir='ltr'><strong>reperi.</strong></span> <span class='ocrx_word' id='word_1_252' title='bbox 3150 1771 3359 1829; x_wconf 86' lang='lat' dir='ltr'><strong>Forsan</strong></span> <span class='ocrx_word' id='word_1_253' title='bbox 3392 1774 3478 1827; x_wconf 89' lang='lat' dir='ltr'><strong>vir</strong></span> <span class='ocrx_word' id='word_1_254' title='bbox 3518 1774 3613 1827; x_wconf 89' lang='lat' dir='ltr'><strong>ille</strong></span> 
     </span>
    </p>
   </div>
   <div class='ocr_carea' id='block_1_18' title="bbox 347 1861 2279 1944">
    <p class='ocr_par' dir='ltr' id='par_1_18' title="bbox 347 1861 2279 1944">
     <span class='ocr_line' id='line_1_18' title="bbox 347 1861 2279 1944; baseline 0.006 -29"><span class='ocrx_word' id='word_1_255' title='bbox 347 1861 540 1921; x_wconf 81' lang='lat' dir='ltr'><strong>doctus.</strong></span> <span class='ocrx_word' id='word_1_256' title='bbox 575 1863 629 1919; x_wconf 93' lang='lat' dir='ltr'><strong>in</strong></span> <span class='ocrx_word' id='word_1_257' title='bbox 658 1865 902 1936; x_wconf 87' lang='lat' dir='ltr'><strong>pleniore</strong></span> <span class='ocrx_word' id='word_1_258' title='bbox 940 1870 1189 1943; x_wconf 75' lang='lat' dir='ltr'><strong>catalogo</strong></span> <span class='ocrx_word' id='word_1_259' title='bbox 1215 1872 1464 1944; x_wconf 64' lang='lat' dir='ltr'><strong>quaedam</strong></span> <span class='ocrx_word' id='word_1_260' title='bbox 1494 1873 1549 1930; x_wconf 91' lang='lat' dir='ltr'><strong>in</strong></span> <span class='ocrx_word' id='word_1_261' title='bbox 1577 1873 1756 1930; x_wconf 88' lang='lat' dir='ltr'><strong>lucem</strong></span> <span class='ocrx_word' id='word_1_262' title='bbox 1789 1873 2076 1943; x_wconf 88' lang='lat' dir='ltr'><strong>producet.</strong></span> <span class='ocrx_word' id='word_1_263' title='bbox 2105 1872 2279 1929; x_wconf 71' lang='lat' dir='ltr'><strong>HABL.</strong></span> 
     </span>
    </p>
   </div>
   <div class='ocr_carea' id='block_1_19' title="bbox 1427 2105 2511 2172">
    <p class='ocr_par' dir='ltr' id='par_1_19' title="bbox 1427 2105 2511 2172">
     <span class='ocr_line' id='line_1_19' title="bbox 1427 2105 2511 2172; baseline 0 -10"><span class='ocrx_word' id='word_1_264' title='bbox 1427 2105 1519 2165; x_wconf 82' lang='lat' dir='ltr'><strong>IV.</strong></span> <span class='ocrx_word' id='word_1_265' title='bbox 1560 2122 1783 2165; x_wconf 75' lang='lat' dir='ltr'><strong>semen</strong></span> <span class='ocrx_word' id='word_1_266' title='bbox 1821 2123 2046 2164; x_wconf 73' lang='lat' dir='ltr'><strong>GENUINA</strong></span> <span class='ocrx_word' id='word_1_267' title='bbox 2088 2122 2205 2172; x_wconf 70' lang='lat' dir='ltr'><strong>qua:</strong></span> <span class='ocrx_word' id='word_1_268' title='bbox 2246 2121 2511 2162; x_wconf 68' lang='lat' dir='ltr'><strong>essum.</strong></span> 
     </span>
    </p>
   </div>
   <div class='ocr_carea' id='block_1_20' title="bbox 417 2276 1934 2365">
    <p class='ocr_par' dir='ltr' id='par_1_20' title="bbox 417 2280 1934 2364">
     <span class='ocr_line' id='line_1_20' title="bbox 417 2280 1934 2364; baseline 0.009 -30"><span class='ocrx_word' id='word_1_269' title='bbox 417 2280 469 2335; x_wconf 91' lang='lat'><strong>1.</strong></span> <span class='ocrx_word' id='word_1_270' title='bbox 509 2281 833 2352; x_wconf 84' lang='lat' dir='ltr'><strong>Ancoratus,</strong></span> <span class='ocrx_word' id='word_1_271' title='bbox 867 2295 1001 2343; x_wconf 87' lang='lat' dir='ltr'><strong>tom.</strong></span> <span class='ocrx_word' id='word_1_272' title='bbox 1028 2285 1092 2356; x_wconf 86' lang='grc' dir='ltr'><strong>Π,</strong></span> <span class='ocrx_word' id='word_1_273' title='bbox 1135 2303 1189 2359; x_wconf 91' lang='lat' dir='ltr'><strong>p.</strong></span> <span class='ocrx_word' id='word_1_274' title='bbox 1223 2289 1274 2346; x_wconf 95' lang='lat'><strong>1.</strong></span> <span class='ocrx_word' id='word_1_275' title='bbox 1304 2289 1670 2364; x_wconf 79' lang='grc' dir='ltr'><strong>Ἀγκυρωτός,</strong></span> <span class='ocrx_word' id='word_1_276' title='bbox 1706 2292 1871 2348; x_wconf 89' lang='lat' dir='ltr'><strong>veluti</strong></span> <span class='ocrx_word' id='word_1_277' title='bbox 1912 2308 1934 2347; x_wconf 68' lang='grc' dir='ltr'>ε</span> 
     </span>
    </p>
   </div>
   <div class='ocr_carea' id='block_1_21' title="bbox 2095 2276 3612 2365">
    <p class='ocr_par' dir='ltr' id='par_1_21' title="bbox 2095 2276 3612 2365">
     <span class='ocr_line' id='line_1_21' title="bbox 2095 2276 3612 2365; baseline -0.012 -17"><span class='ocrx_word' id='word_1_278' title='bbox 2095 2306 2111 2346; x_wconf 72' lang='lat' dir='ltr'><strong>i</strong></span> <span class='ocrx_word' id='word_1_279' title='bbox 2142 2291 2388 2362; x_wconf 81' lang='lat' dir='ltr'><strong>quaedam</strong></span> <span class='ocrx_word' id='word_1_280' title='bbox 2422 2287 2567 2355; x_wconf 84' lang='lat' dir='ltr'><strong>ﬁdei,</strong></span> <span class='ocrx_word' id='word_1_281' title='bbox 2597 2283 2848 2356; x_wconf 80' lang='grc' dir='ltr'><strong>ἀγκύρας</strong></span> <span class='ocrx_word' id='word_1_282' title='bbox 2876 2282 3032 2365; x_wconf 72' lang='grc' dir='ltr'>δίκην</span> <span class='ocrx_word' id='word_1_283' title='bbox 3054 2280 3146 2334; x_wconf 78' lang='grc' dir='ltr'><strong>τὸν</strong></span> <span class='ocrx_word' id='word_1_284' title='bbox 3182 2278 3308 2351; x_wconf 70' lang='grc' dir='ltr'>περὶ</span> <span class='ocrx_word' id='word_1_285' title='bbox 3338 2276 3439 2350; x_wconf 82' lang='grc' dir='ltr'><strong>τῆς</strong></span> <span class='ocrx_word' id='word_1_286' title='bbox 3464 2277 3612 2348; x_wconf 80' lang='grc' dir='ltr'><strong>ζωῆς</strong></span> 
     </span>
    </p>
   </div>
   <div class='ocr_carea' id='block_1_22' title="bbox 332 2371 1849 2452">
    <p class='ocr_par' dir='ltr' id='par_1_22' title="bbox 332 2373 1849 2452">
     <span class='ocr_line' id='line_1_22' title="bbox 332 2373 1849 2452; baseline 0.009 -28"><span class='ocrx_word' id='word_1_287' title='bbox 332 2373 427 2425; x_wconf 76' lang='grc' dir='ltr'><strong>καὶ</strong></span> <span class='ocrx_word' id='word_1_288' title='bbox 460 2375 736 2446; x_wconf 81' lang='grc' dir='ltr'><strong>σωτηρίας</strong></span> <span class='ocrx_word' id='word_1_289' title='bbox 768 2375 1073 2447; x_wconf 71' lang='grc' dir='ltr'><strong>ἐρευνῶντα</strong></span> <span class='ocrx_word' id='word_1_290' title='bbox 1099 2380 1224 2436; x_wconf 81' lang='grc' dir='ltr'>νοῦν</span> <span class='ocrx_word' id='word_1_291' title='bbox 1260 2383 1491 2452; x_wconf 78' lang='grc' dir='ltr'><strong>ἄγουσα.</strong></span> <span class='ocrx_word' id='word_1_292' title='bbox 1522 2382 1799 2452; x_wconf 73' lang='lat' dir='ltr'><strong>Expositio</strong></span> <span class='ocrx_word' id='word_1_293' title='bbox 1832 2390 1849 2452; x_wconf 76' lang='grc'><strong>1</strong></span> 
     </span>
    </p>
   </div>
   <div class='ocr_carea' id='block_1_23' title="bbox 2091 2371 3608 2452">
    <p class='ocr_par' dir='ltr' id='par_1_23' title="bbox 2091 2371 3608 2447">
     <span class='ocr_line' id='line_1_23' title="bbox 2091 2371 3608 2447; baseline -0.009 -12"><span class='ocrx_word' id='word_1_294' title='bbox 2091 2383 2267 2436; x_wconf 63' lang='lat' dir='ltr'><strong>halica:</strong></span> <span class='ocrx_word' id='word_1_295' title='bbox 2297 2381 2548 2435; x_wconf 84' lang='lat' dir='ltr'><strong>adversus</strong></span> <span class='ocrx_word' id='word_1_296' title='bbox 2579 2377 2844 2447; x_wconf 83' lang='lat' dir='ltr'><strong>octoginta</strong></span> <span class='ocrx_word' id='word_1_297' title='bbox 2871 2375 3097 2428; x_wconf 67' lang='lat' dir='ltr'><strong>hereses</strong></span> <span class='ocrx_word' id='word_1_298' title='bbox 3125 2371 3348 2425; x_wconf 83' lang='lat' dir='ltr'><strong>breviter</strong></span> <span class='ocrx_word' id='word_1_299' title='bbox 3376 2382 3608 2434; x_wconf 86' lang='lat' dir='ltr'><strong>asserta,</strong></span> 
     </span>
    </p>
   </div>
   <div class='ocr_carea' id='block_1_24' title="bbox 333 2461 3615 2544">
    <p class='ocr_par' dir='ltr' id='par_1_24' title="bbox 333 2461 3615 2544">
     <span class='ocr_line' id='line_1_24' title="bbox 333 2461 3615 2544; baseline 0 -30"><span class='ocrx_word' id='word_1_300' title='bbox 333 2462 645 2534; x_wconf 88' lang='lat' dir='ltr'><strong>scriptaque</strong></span> <span class='ocrx_word' id='word_1_301' title='bbox 674 2464 743 2520; x_wconf 82' lang='lat' dir='ltr'><strong>ad</strong></span> <span class='ocrx_word' id='word_1_302' title='bbox 772 2463 1085 2536; x_wconf 87' lang='lat' dir='ltr'><strong>Tarsinum,</strong></span> <span class='ocrx_word' id='word_1_303' title='bbox 1142 2470 1446 2536; x_wconf 80' lang='lat' dir='ltr'><strong>Matidium,</strong></span> <span class='ocrx_word' id='word_1_304' title='bbox 1497 2472 1819 2529; x_wconf 89' lang='lat' dir='ltr'><strong>Numerium</strong></span> <span class='ocrx_word' id='word_1_305' title='bbox 1871 2474 2118 2542; x_wconf 87' lang='lat' dir='ltr'><strong>aliosque</strong></span> <span class='ocrx_word' id='word_1_306' title='bbox 2168 2472 2519 2542; x_wconf 85' lang='lat' dir='ltr'><strong>presbyteros</strong></span> <span class='ocrx_word' id='word_1_307' title='bbox 2551 2476 2603 2523; x_wconf 91' lang='lat' dir='ltr'><strong>et</strong></span> <span class='ocrx_word' id='word_1_308' title='bbox 2635 2467 2957 2530; x_wconf 88' lang='lat' dir='ltr'><strong>monachos,</strong></span> <span class='ocrx_word' id='word_1_309' title='bbox 3000 2463 3226 2544; x_wconf 78' lang='lat' dir='ltr'><strong>Suedris</strong></span> <span class='ocrx_word' id='word_1_310' title='bbox 3271 2461 3615 2531; x_wconf 70' lang='lat' dir='ltr'><strong>Pamphylia:</strong></span> 
     </span>
    </p>
   </div>
   <div class='ocr_carea' id='block_1_25' title="bbox 332 2551 3614 2635">
    <p class='ocr_par' dir='ltr' id='par_1_25' title="bbox 332 2551 3614 2635">
     <span class='ocr_line' id='line_1_25' title="bbox 332 2551 3614 2635; baseline 0.001 -30"><span class='ocrx_word' id='word_1_311' title='bbox 332 2551 612 2622; x_wconf 84' lang='lat' dir='ltr'><strong>degentes,</strong></span> <span class='ocrx_word' id='word_1_312' title='bbox 644 2563 699 2609; x_wconf 92' lang='lat' dir='ltr'><strong>et</strong></span> <span class='ocrx_word' id='word_1_313' title='bbox 721 2555 788 2610; x_wconf 89' lang='lat' dir='ltr'><strong>ad</strong></span> <span class='ocrx_word' id='word_1_314' title='bbox 819 2555 1126 2613; x_wconf 88' lang='lat' dir='ltr'><strong>Palladium</strong></span> <span class='ocrx_word' id='word_1_315' title='bbox 1175 2576 1241 2617; x_wconf 91' lang='lat' dir='ltr'><strong>ac</strong></span> <span class='ocrx_word' id='word_1_316' title='bbox 1286 2560 1635 2631; x_wconf 81' lang='lat' dir='ltr'><strong>Severinum,</strong></span> <span class='ocrx_word' id='word_1_317' title='bbox 1666 2565 1995 2635; x_wconf 79' lang='lat' dir='ltr'><strong>magiStratu</strong></span> <span class='ocrx_word' id='word_1_318' title='bbox 2011 2579 2058 2629; x_wconf 92' lang='lat' dir='ltr'><strong>s,</strong></span> <span class='ocrx_word' id='word_1_319' title='bbox 2094 2578 2239 2618; x_wconf 90' lang='lat' dir='ltr'><strong>anno</strong></span> <span class='ocrx_word' id='word_1_320' title='bbox 2277 2560 2598 2617; x_wconf 87' lang='lat' dir='ltr'><strong>Diocletiani</strong></span> <span class='ocrx_word' id='word_1_321' title='bbox 2642 2575 2732 2621; x_wconf 84' lang='lat' dir='ltr'><strong>xc,</strong></span> <span class='ocrx_word' id='word_1_322' title='bbox 2764 2556 3007 2612; x_wconf 81' lang='lat' dir='ltr'><strong>Valentis</strong></span> <span class='ocrx_word' id='word_1_323' title='bbox 3053 2572 3110 2621; x_wconf 85' lang='lat' dir='ltr'><strong>x,</strong></span> <span class='ocrx_word' id='word_1_324' title='bbox 3150 2554 3395 2610; x_wconf 86' lang='lat' dir='ltr'><strong>Gratiani</strong></span> <span class='ocrx_word' id='word_1_325' title='bbox 3431 2569 3510 2619; x_wconf 79' lang='lat' dir='ltr'><strong>vt,</strong></span> <span class='ocrx_word' id='word_1_326' title='bbox 3549 2562 3614 2608; x_wconf 89' lang='lat' dir='ltr'><strong>ut</strong></span> 
     </span>
    </p>
   </div>
   <div class='ocr_carea' id='block_1_26' title="bbox 332 2640 3598 2722">
    <p class='ocr_par' dir='ltr' id='par_1_26' title="bbox 332 2640 3598 2722">
     <span class='ocr_line' id='line_1_26' title="bbox 332 2640 3598 2722; baseline -0.001 -26"><span class='ocrx_word' id='word_1_327' title='bbox 332 2643 538 2698; x_wconf 85' lang='lat' dir='ltr'><strong>diserte</strong></span> <span class='ocrx_word' id='word_1_328' title='bbox 569 2645 803 2701; x_wconf 86' lang='lat' dir='ltr'><strong>traditur</strong></span> <span class='ocrx_word' id='word_1_329' title='bbox 831 2654 961 2702; x_wconf 92' lang='lat' dir='ltr'><strong>tom.</strong></span> <span class='ocrx_word' id='word_1_330' title='bbox 996 2647 1063 2716; x_wconf 85' lang='lat' dir='ltr'><strong>ll,</strong></span> <span class='ocrx_word' id='word_1_331' title='bbox 1092 2660 1217 2720; x_wconf 88' lang='lat' dir='ltr'><strong>pag.</strong></span> <span class='ocrx_word' id='word_1_332' title='bbox 1257 2650 1282 2703; x_wconf 93' lang='lat'><strong>1</strong></span> <span class='ocrx_word' id='word_1_333' title='bbox 1308 2658 1363 2706; x_wconf 91' lang='lat' dir='ltr'><strong>et</strong></span> <span class='ocrx_word' id='word_1_334' title='bbox 1393 2651 1517 2718; x_wconf 84' lang='grc'><strong>125,</strong></span> <span class='ocrx_word' id='word_1_335' title='bbox 1552 2653 1657 2708; x_wconf 86' lang='lat' dir='ltr'><strong>hoc</strong></span> <span class='ocrx_word' id='word_1_336' title='bbox 1692 2661 1777 2708; x_wconf 90' lang='lat' dir='ltr'><strong>est</strong></span> <span class='ocrx_word' id='word_1_337' title='bbox 1798 2651 1863 2706; x_wconf 92' lang='lat' dir='ltr'><strong>A.</strong></span> <span class='ocrx_word' id='word_1_338' title='bbox 1890 2650 1954 2707; x_wconf 86' lang='lat' dir='ltr'><strong>C.</strong></span> <span class='ocrx_word' id='word_1_339' title='bbox 1995 2651 2100 2707; x_wconf 89' lang='lat'><strong>575</strong></span> <span class='ocrx_word' id='word_1_340' title='bbox 2127 2649 2224 2722; x_wconf 90' lang='lat' dir='ltr'><strong>(a).</strong></span> <span class='ocrx_word' id='word_1_341' title='bbox 2257 2647 2359 2704; x_wconf 82' lang='lat' dir='ltr'><strong>Hic</strong></span> <span class='ocrx_word' id='word_1_342' title='bbox 2391 2648 2530 2703; x_wconf 89' lang='lat' dir='ltr'><strong>liber</strong></span> <span class='ocrx_word' id='word_1_343' title='bbox 2560 2646 2630 2702; x_wconf 92' lang='lat' dir='ltr'><strong>ab</strong></span> <span class='ocrx_word' id='word_1_344' title='bbox 2666 2643 2974 2716; x_wconf 88' lang='lat' dir='ltr'><strong>Epiphanio</strong></span> <span class='ocrx_word' id='word_1_345' title='bbox 3000 2642 3241 2698; x_wconf 88' lang='lat' dir='ltr'><strong>dictatus</strong></span> <span class='ocrx_word' id='word_1_346' title='bbox 3266 2649 3320 2694; x_wconf 90' lang='lat' dir='ltr'><strong>et</strong></span> <span class='ocrx_word' id='word_1_347' title='bbox 3349 2640 3419 2694; x_wconf 88' lang='lat' dir='ltr'><strong>ab</strong></span> <span class='ocrx_word' id='word_1_348' title='bbox 3447 2640 3598 2693; x_wconf 84' lang='lat' dir='ltr'><strong>Ana—</strong></span> 
     </span>
    </p>
   </div>
   <div class='ocr_carea' id='block_1_27' title="bbox 333 2732 3610 2810">
    <p class='ocr_par' dir='ltr' id='par_1_27' title="bbox 333 2732 3610 2810">
     <span class='ocr_line' id='line_1_27' title="bbox 333 2732 3610 2810; baseline 0 -25"><span class='ocrx_word' id='word_1_349' title='bbox 333 2732 468 2787; x_wconf 90' lang='lat' dir='ltr'><strong>tolio</strong></span> <span class='ocrx_word' id='word_1_350' title='bbox 494 2735 754 2803; x_wconf 90' lang='lat' dir='ltr'><strong>quodam,</strong></span> <span class='ocrx_word' id='word_1_351' title='bbox 778 2737 871 2806; x_wconf 86' lang='lat' dir='ltr'><strong>qui</strong></span> <span class='ocrx_word' id='word_1_352' title='bbox 906 2753 1028 2809; x_wconf 85' lang='lat' dir='ltr'><strong>pag.</strong></span> <span class='ocrx_word' id='word_1_353' title='bbox 1064 2739 1169 2795; x_wconf 85' lang='grc'><strong>125</strong></span> <span class='ocrx_word' id='word_1_354' title='bbox 1194 2755 1393 2797; x_wconf 91' lang='lat' dir='ltr'><strong>nomen</strong></span> <span class='ocrx_word' id='word_1_355' title='bbox 1431 2757 1591 2798; x_wconf 90' lang='lat' dir='ltr'><strong>suum</strong></span> <span class='ocrx_word' id='word_1_356' title='bbox 1622 2758 1735 2799; x_wconf 92' lang='lat' dir='ltr'><strong>non</strong></span> <span class='ocrx_word' id='word_1_357' title='bbox 1763 2742 2098 2809; x_wconf 86' lang='lat' dir='ltr'><strong>dissimulat,</strong></span> <span class='ocrx_word' id='word_1_358' title='bbox 2117 2740 2333 2797; x_wconf 90' lang='lat' dir='ltr'><strong>calamo</strong></span> <span class='ocrx_word' id='word_1_359' title='bbox 2353 2747 2635 2810; x_wconf 83' lang='lat' dir='ltr'><strong>exceptus,</strong></span> <span class='ocrx_word' id='word_1_360' title='bbox 2663 2744 3115 2806; x_wconf 89' lang='lat' dir='ltr'><strong>memoratusque</strong></span> <span class='ocrx_word' id='word_1_361' title='bbox 3149 2735 3460 2790; x_wconf 85' lang='lat' dir='ltr'><strong>Sozomeno</strong></span> <span class='ocrx_word' id='word_1_362' title='bbox 3483 2748 3610 2801; x_wconf 79' lang='lat' dir='ltr'><strong>vni,</strong></span> 
     </span>
    </p>
   </div>
   <div class='ocr_carea' id='block_1_28' title="bbox 335 2821 3610 2901">
    <p class='ocr_par' dir='ltr' id='par_1_28' title="bbox 335 2821 3610 2901">
     <span class='ocr_line' id='line_1_28' title="bbox 335 2821 3610 2901; baseline 0.001 -25"><span class='ocrx_word' id='word_1_363' title='bbox 335 2821 427 2887; x_wconf 88' lang='lat'><strong>15,</strong></span> <span class='ocrx_word' id='word_1_364' title='bbox 462 2821 650 2879; x_wconf 66' lang='lat' dir='ltr'><strong>Graece</strong></span> <span class='ocrx_word' id='word_1_365' title='bbox 676 2832 732 2879; x_wconf 92' lang='lat' dir='ltr'><strong>et</strong></span> <span class='ocrx_word' id='word_1_366' title='bbox 760 2823 951 2882; x_wconf 89' lang='lat' dir='ltr'><strong>Latine</strong></span> <span class='ocrx_word' id='word_1_367' title='bbox 979 2843 1104 2883; x_wconf 91' lang='lat' dir='ltr'><strong>cum</strong></span> <span class='ocrx_word' id='word_1_368' title='bbox 1133 2830 1384 2885; x_wconf 85' lang='lat' dir='ltr'><strong>versione</strong></span> <span class='ocrx_word' id='word_1_369' title='bbox 1429 2840 1484 2886; x_wconf 91' lang='lat' dir='ltr'><strong>et</strong></span> <span class='ocrx_word' id='word_1_370' title='bbox 1524 2833 1671 2887; x_wconf 90' lang='lat' dir='ltr'><strong>notis</strong></span> <span class='ocrx_word' id='word_1_371' title='bbox 1700 2831 1813 2887; x_wconf 83' lang='lat' dir='ltr'><strong>Viti</strong></span> <span class='ocrx_word' id='word_1_372' title='bbox 1848 2832 2221 2896; x_wconf 86' lang='lat' dir='ltr'><strong>Amerbachii,</strong></span> <span class='ocrx_word' id='word_1_373' title='bbox 2268 2839 2322 2887; x_wconf 85' lang='lat' dir='ltr'><strong>et</strong></span> <span class='ocrx_word' id='word_1_374' title='bbox 2352 2829 2682 2901; x_wconf 87' lang='lat' dir='ltr'><strong>quibusdam</strong></span> <span class='ocrx_word' id='word_1_375' title='bbox 2737 2826 2897 2884; x_wconf 80' lang='lat' dir='ltr'><strong>Joan.</strong></span> <span class='ocrx_word' id='word_1_376' title='bbox 2931 2826 3315 2899; x_wconf 88' lang='lat' dir='ltr'><strong>Chrysostomi</strong></span> <span class='ocrx_word' id='word_1_377' title='bbox 3356 2824 3610 2880; x_wconf 88' lang='lat' dir='ltr'><strong>bomiliis</strong></span> 
     </span>
    </p>
   </div>
   <div class='ocr_carea' id='block_1_29' title="bbox 334 2918 3601 2995">
    <p class='ocr_par' dir='ltr' id='par_1_29' title="bbox 334 2918 3601 2995">
     <span class='ocr_line' id='line_1_29' title="bbox 334 2918 3601 2995; baseline 0.001 -26"><span class='ocrx_word' id='word_1_378' title='bbox 334 2918 541 2986; x_wconf 88' lang='lat' dir='ltr'><strong>prodiit</strong></span> <span class='ocrx_word' id='word_1_379' title='bbox 567 2920 830 2991; x_wconf 70' lang='lat' dir='ltr'><strong>Augustae</strong></span> <span class='ocrx_word' id='word_1_380' title='bbox 870 2921 1082 2979; x_wconf 87' lang='lat' dir='ltr'><strong>Vindcl.</strong></span> <span class='ocrx_word' id='word_1_381' title='bbox 1116 2924 1277 2992; x_wconf 74' lang='grc'><strong>1548,</strong></span> <span class='ocrx_word' id='word_1_382' title='bbox 1300 2925 1379 2980; x_wconf 90' lang='lat'><strong>8°.</strong></span> <span class='ocrx_word' id='word_1_383' title='bbox 1416 2924 1646 2982; x_wconf 89' lang='lat' dir='ltr'><strong>Pbotius</strong></span> <span class='ocrx_word' id='word_1_384' title='bbox 1679 2926 1937 2982; x_wconf 86' lang='lat' dir='ltr'><strong>Ancorati</strong></span> <span class='ocrx_word' id='word_1_385' title='bbox 1971 2925 2221 2982; x_wconf 90' lang='lat' dir='ltr'><strong>meminit</strong></span> <span class='ocrx_word' id='word_1_386' title='bbox 2242 2964 2258 2987; x_wconf 90' lang='lat'><strong>,</strong></span> <span class='ocrx_word' id='word_1_387' title='bbox 2289 2932 2559 2995; x_wconf 85' lang='lat' dir='ltr'><strong>vocatque</strong></span> <span class='ocrx_word' id='word_1_388' title='bbox 2618 2938 2887 2980; x_wconf 89' lang='lat' dir='ltr'><strong>summam</strong></span> <span class='ocrx_word' id='word_1_389' title='bbox 2949 2921 3261 2992; x_wconf 80' lang='grc' dir='ltr'><strong>Παναρίων,</strong></span> <span class='ocrx_word' id='word_1_390' title='bbox 3298 2922 3423 2976; x_wconf 91' lang='lat' dir='ltr'><strong>cod.</strong></span> <span class='ocrx_word' id='word_1_391' title='bbox 3457 2918 3601 2982; x_wconf 70' lang='lat'><strong>125;</strong></span> 
     </span>
    </p>
   </div>
   <div class='ocr_carea' id='block_1_30' title="bbox 333 3015 3613 3094">
    <p class='ocr_par' dir='ltr' id='par_1_30' title="bbox 333 3015 3613 3094">
     <span class='ocr_line' id='line_1_30' title="bbox 333 3015 3613 3094; baseline 0.001 -27"><span class='ocrx_word' id='word_1_392' title='bbox 333 3026 455 3081; x_wconf 84' lang='lat' dir='ltr'><strong>quae</strong></span> <span class='ocrx_word' id='word_1_393' title='bbox 488 3015 777 3084; x_wconf 87' lang='lat' dir='ltr'><strong>descriptio</strong></span> <span class='ocrx_word' id='word_1_394' title='bbox 804 3018 1010 3073; x_wconf 89' lang='lat' dir='ltr'><strong>rectius</strong></span> <span class='ocrx_word' id='word_1_395' title='bbox 1045 3021 1301 3075; x_wconf 89' lang='lat' dir='ltr'><strong>convenit</strong></span> <span class='ocrx_word' id='word_1_396' title='bbox 1336 3021 1891 3092; x_wconf 70' lang='grc' dir='ltr'><strong>Ἀνακεφαλαιώσει,</strong></span> <span class='ocrx_word' id='word_1_397' title='bbox 1926 3023 1993 3079; x_wconf 89' lang='lat' dir='ltr'><strong>de</strong></span> <span class='ocrx_word' id='word_1_398' title='bbox 2024 3037 2133 3094; x_wconf 90' lang='lat' dir='ltr'><strong>qua</strong></span> <span class='ocrx_word' id='word_1_399' title='bbox 2175 3022 2406 3077; x_wconf 83' lang='lat' dir='ltr'><strong>inferius</strong></span> <span class='ocrx_word' id='word_1_400' title='bbox 2436 3037 2588 3077; x_wconf 88' lang='lat' dir='ltr'><strong>num.</strong></span> <span class='ocrx_word' id='word_1_401' title='bbox 2619 3022 2672 3076; x_wconf 94' lang='lat'><strong>5.</strong></span> <span class='ocrx_word' id='word_1_402' title='bbox 2706 3019 2784 3075; x_wconf 78' lang='lat' dir='ltr'><strong>Ex</strong></span> <span class='ocrx_word' id='word_1_403' title='bbox 2816 3020 2998 3090; x_wconf 89' lang='lat' dir='ltr'><strong>capite</strong></span> <span class='ocrx_word' id='word_1_404' title='bbox 3034 3018 3102 3073; x_wconf 86' lang='grc'><strong>12</strong></span> <span class='ocrx_word' id='word_1_405' title='bbox 3134 3027 3189 3073; x_wconf 91' lang='lat' dir='ltr'><strong>et</strong></span> <span class='ocrx_word' id='word_1_406' title='bbox 3232 3017 3299 3072; x_wconf 95' lang='lat'><strong>16</strong></span> <span class='ocrx_word' id='word_1_407' title='bbox 3348 3016 3613 3071; x_wconf 79' lang='lat' dir='ltr'><strong>Ancorati</strong></span> 
     </span>
    </p>
   </div>
   <div class='ocr_carea' id='block_1_31' title="bbox 332 3108 3611 3184">
    <p class='ocr_par' dir='ltr' id='par_1_31' title="bbox 332 3108 3611 3184">
     <span class='ocr_line' id='line_1_31' title="bbox 332 3108 3611 3184; baseline 0.001 -25"><span class='ocrx_word' id='word_1_408' title='bbox 332 3115 584 3173; x_wconf 79' lang='lat' dir='ltr'><strong>excerpta</strong></span> <span class='ocrx_word' id='word_1_409' title='bbox 618 3116 893 3177; x_wconf 74' lang='lat' dir='ltr'><strong>suntquae</strong></span> <span class='ocrx_word' id='word_1_410' title='bbox 923 3118 1062 3164; x_wconf 87' lang='lat' dir='ltr'><strong>msta</strong></span> <span class='ocrx_word' id='word_1_411' title='bbox 1088 3122 1355 3168; x_wconf 88' lang='lat' dir='ltr'><strong>memorat</strong></span> <span class='ocrx_word' id='word_1_412' title='bbox 1385 3110 1729 3180; x_wconf 82' lang='lat' dir='ltr'><strong>Lambecius,</strong></span> <span class='ocrx_word' id='word_1_413' title='bbox 1758 3113 1846 3180; x_wconf 88' lang='lat' dir='ltr'><strong>Ill,</strong></span> <span class='ocrx_word' id='word_1_414' title='bbox 1880 3130 1931 3184; x_wconf 93' lang='lat' dir='ltr'><strong>p.</strong></span> <span class='ocrx_word' id='word_1_415' title='bbox 1965 3114 2091 3180; x_wconf 85' lang='lat'><strong>165,</strong></span> <span class='ocrx_word' id='word_1_416' title='bbox 2124 3114 2249 3169; x_wconf 74' lang='lat'><strong>161.</strong></span> <span class='ocrx_word' id='word_1_417' title='bbox 2270 3111 2439 3170; x_wconf 76' lang='lat' dir='ltr'><strong>Fum.</strong></span> <span class='ocrx_word' id='word_1_418' title='bbox 2465 3112 2609 3166; x_wconf 88' lang='lat' dir='ltr'><strong>—-In</strong></span> <span class='ocrx_word' id='word_1_419' title='bbox 2644 3112 2772 3170; x_wconf 89' lang='lat' dir='ltr'><strong>edit.</strong></span> <span class='ocrx_word' id='word_1_420' title='bbox 2800 3110 3005 3166; x_wconf 85' lang='lat' dir='ltr'><strong>Kollar.</strong></span> <span class='ocrx_word' id='word_1_421' title='bbox 3043 3125 3096 3179; x_wconf 92' lang='lat' dir='ltr'><strong>p.</strong></span> <span class='ocrx_word' id='word_1_422' title='bbox 3120 3108 3225 3165; x_wconf 79' lang='lat'><strong>1-86</strong></span> <span class='ocrx_word' id='word_1_423' title='bbox 3263 3124 3348 3178; x_wconf 91' lang='lat' dir='ltr'><strong>sq.</strong></span> <span class='ocrx_word' id='word_1_424' title='bbox 3380 3108 3447 3163; x_wconf 85' lang='lat' dir='ltr'><strong>de</strong></span> <span class='ocrx_word' id='word_1_425' title='bbox 3482 3111 3611 3164; x_wconf 90' lang='lat' dir='ltr'><strong>cod.</strong></span> 
     </span>
    </p>
   </div>
   <div class='ocr_carea' id='block_1_32' title="bbox 333 3198 3601 3281">
    <p class='ocr_par' dir='ltr' id='par_1_32' title="bbox 333 3198 3601 3281">
     <span class='ocr_line' id='line_1_32' title="bbox 333 3198 3601 3281; baseline 0 -26"><span class='ocrx_word' id='word_1_426' title='bbox 333 3198 473 3255; x_wconf 81' lang='lat' dir='ltr'><strong>Caes.</strong></span> <span class='ocrx_word' id='word_1_427' title='bbox 496 3200 585 3267; x_wconf 88' lang='lat'><strong>89,</strong></span> <span class='ocrx_word' id='word_1_428' title='bbox 615 3216 670 3254; x_wconf 92' lang='lat' dir='ltr'><strong>n.</strong></span> <span class='ocrx_word' id='word_1_429' title='bbox 702 3202 802 3270; x_wconf 87' lang='grc'><strong>25,</strong></span> <span class='ocrx_word' id='word_1_430' title='bbox 846 3213 929 3259; x_wconf 89' lang='lat' dir='ltr'><strong>est</strong></span> <span class='ocrx_word' id='word_1_431' title='bbox 953 3202 1150 3277; x_wconf 81' lang='lat' dir='ltr'><strong>fragm.</strong></span> <span class='ocrx_word' id='word_1_432' title='bbox 1184 3224 1253 3261; x_wconf 80' lang='lat' dir='ltr'><strong>ex</strong></span> <span class='ocrx_word' id='word_1_433' title='bbox 1278 3208 1533 3276; x_wconf 88' lang='lat' dir='ltr'><strong>Panario,</strong></span> <span class='ocrx_word' id='word_1_434' title='bbox 1559 3219 1613 3265; x_wconf 88' lang='lat' dir='ltr'><strong>et</strong></span> <span class='ocrx_word' id='word_1_435' title='bbox 1638 3211 1858 3281; x_wconf 90' lang='lat' dir='ltr'><strong>quidem</strong></span> <span class='ocrx_word' id='word_1_436' title='bbox 1889 3225 1954 3266; x_wconf 82' lang='lat' dir='ltr'><strong>ex</strong></span> <span class='ocrx_word' id='word_1_437' title='bbox 1988 3208 2320 3265; x_wconf 81' lang='lat' dir='ltr'><strong>refutatione</strong></span> <span class='ocrx_word' id='word_1_438' title='bbox 2347 3209 2618 3264; x_wconf 66' lang='lat' dir='ltr'><strong>haereseos</strong></span> <span class='ocrx_word' id='word_1_439' title='bbox 2648 3222 2879 3271; x_wconf 79' lang='lat' dir='ltr'><strong>Lxxvm,</strong></span> <span class='ocrx_word' id='word_1_440' title='bbox 2915 3203 3601 3258; x_wconf 84' lang='lat' dir='ltr'><strong>Antidicomarianitarum</strong></span> 
     </span>
    </p>
   </div>
   <div class='ocr_carea' id='block_1_33' title="bbox 335 3291 3603 3371">
    <p class='ocr_par' dir='ltr' id='par_1_33' title="bbox 335 3291 3603 3371">
     <span class='ocr_line' id='line_1_33' title="bbox 335 3291 3603 3371; baseline 0.002 -28"><span class='ocrx_word' id='word_1_441' title='bbox 335 3291 634 3360; x_wconf 67' lang='lat' dir='ltr'><strong>appellatas,</strong></span> <span class='ocrx_word' id='word_1_442' title='bbox 666 3292 733 3346; x_wconf 90' lang='lat' dir='ltr'><strong>de</strong></span> <span class='ocrx_word' id='word_1_443' title='bbox 763 3291 1024 3363; x_wconf 88' lang='lat' dir='ltr'><strong>Josepbo,</strong></span> <span class='ocrx_word' id='word_1_444' title='bbox 1053 3312 1256 3366; x_wconf 90' lang='lat' dir='ltr'><strong>sponso</strong></span> <span class='ocrx_word' id='word_1_445' title='bbox 1288 3297 1471 3355; x_wconf 64' lang='lat' dir='ltr'><strong>Mariae</strong></span> <span class='ocrx_word' id='word_1_446' title='bbox 1515 3309 1570 3355; x_wconf 91' lang='lat' dir='ltr'><strong>et</strong></span> <span class='ocrx_word' id='word_1_447' title='bbox 1601 3300 1669 3354; x_wconf 90' lang='lat' dir='ltr'><strong>de</strong></span> <span class='ocrx_word' id='word_1_448' title='bbox 1692 3299 1938 3371; x_wconf 86' lang='lat' dir='ltr'><strong>ejusdem</strong></span> <span class='ocrx_word' id='word_1_449' title='bbox 1968 3299 2156 3356; x_wconf 89' lang='lat' dir='ltr'><strong>liberis</strong></span> <span class='ocrx_word' id='word_1_450' title='bbox 2184 3315 2252 3355; x_wconf 81' lang='lat' dir='ltr'><strong>ex</strong></span> <span class='ocrx_word' id='word_1_451' title='bbox 2284 3298 2461 3369; x_wconf 90' lang='lat' dir='ltr'><strong>prima</strong></span> <span class='ocrx_word' id='word_1_452' title='bbox 2486 3311 2677 3364; x_wconf 79' lang='lat' dir='ltr'><strong>uxore,</strong></span> <span class='ocrx_word' id='word_1_453' title='bbox 2712 3296 2949 3352; x_wconf 88' lang='lat' dir='ltr'><strong>Salome.</strong></span> <span class='ocrx_word' id='word_1_454' title='bbox 2992 3295 3051 3350; x_wconf 83' lang='grc' dir='ltr'><strong>ιὰ</strong></span> <span class='ocrx_word' id='word_1_455' title='bbox 3082 3295 3452 3365; x_wconf 77' lang='lat' dir='ltr'><strong>fragmentum</strong></span> <span class='ocrx_word' id='word_1_456' title='bbox 3496 3310 3603 3348; x_wconf 91' lang='lat' dir='ltr'><strong>ms.</strong></span> 
     </span>
    </p>
   </div>
   <div class='ocr_carea' id='block_1_34' title="bbox 332 3385 3612 3465">
    <p class='ocr_par' dir='ltr' id='par_1_34' title="bbox 332 3385 3612 3465">
     <span class='ocr_line' id='line_1_34' title="bbox 332 3385 3612 3465; baseline 0.001 -26"><span class='ocrx_word' id='word_1_457' title='bbox 332 3387 591 3441; x_wconf 81' lang='lat' dir='ltr'><strong>observat</strong></span> <span class='ocrx_word' id='word_1_458' title='bbox 623 3387 969 3457; x_wconf 85' lang='lat' dir='ltr'><strong>Lambecius,</strong></span> <span class='ocrx_word' id='word_1_459' title='bbox 1001 3406 1110 3447; x_wconf 90' lang='lat' dir='ltr'><strong>non</strong></span> <span class='ocrx_word' id='word_1_460' title='bbox 1138 3393 1487 3449; x_wconf 83' lang='lat' dir='ltr'><strong>mediocriter</strong></span> <span class='ocrx_word' id='word_1_461' title='bbox 1516 3392 1735 3449; x_wconf 76' lang='lat' dir='ltr'><strong>diﬂ‘erre</strong></span> <span class='ocrx_word' id='word_1_462' title='bbox 1758 3395 1829 3450; x_wconf 90' lang='lat' dir='ltr'><strong>ab</strong></span> <span class='ocrx_word' id='word_1_463' title='bbox 1860 3394 1992 3450; x_wconf 88' lang='lat' dir='ltr'><strong>edit.</strong></span> <span class='ocrx_word' id='word_1_464' title='bbox 2026 3393 2339 3465; x_wconf 88' lang='lat' dir='ltr'><strong>Epiphanii,</strong></span> <span class='ocrx_word' id='word_1_465' title='bbox 2372 3392 2547 3448; x_wconf 89' lang='lat' dir='ltr'><strong>Paris.</strong></span> <span class='ocrx_word' id='word_1_466' title='bbox 2593 3390 2755 3457; x_wconf 87' lang='grc'><strong>1622,</strong></span> <span class='ocrx_word' id='word_1_467' title='bbox 2788 3406 2839 3461; x_wconf 83' lang='grc' dir='ltr'><strong>ρ.</strong></span> <span class='ocrx_word' id='word_1_468' title='bbox 2875 3389 3036 3445; x_wconf 87' lang='grc'><strong>1059.</strong></span> <span class='ocrx_word' id='word_1_469' title='bbox 3069 3420 3140 3430; x_wconf 89' lang='lat'>—</span> <span class='ocrx_word' id='word_1_470' title='bbox 3164 3387 3222 3443; x_wconf 91' lang='lat' dir='ltr'><strong>In</strong></span> <span class='ocrx_word' id='word_1_471' title='bbox 3262 3389 3387 3444; x_wconf 91' lang='lat' dir='ltr'><strong>eod.</strong></span> <span class='ocrx_word' id='word_1_472' title='bbox 3422 3385 3612 3444; x_wconf 79' lang='lat' dir='ltr'><strong>Caesa—</strong></span> 
     </span>
    </p>
   </div>
   <div class='ocr_carea' id='block_1_35' title="bbox 330 3481 3611 3560">
    <p class='ocr_par' dir='ltr' id='par_1_35' title="bbox 330 3481 3611 3560">
     <span class='ocr_line' id='line_1_35' title="bbox 330 3481 3611 3560; baseline 0 -25"><span class='ocrx_word' id='word_1_473' title='bbox 330 3495 428 3536; x_wconf 85' lang='lat' dir='ltr'><strong>reo</strong></span> <span class='ocrx_word' id='word_1_474' title='bbox 450 3482 539 3546; x_wconf 87' lang='lat'><strong>77,</strong></span> <span class='ocrx_word' id='word_1_475' title='bbox 572 3499 628 3538; x_wconf 91' lang='lat' dir='ltr'><strong>n.</strong></span> <span class='ocrx_word' id='word_1_476' title='bbox 657 3483 725 3538; x_wconf 92' lang='lat'><strong>68</strong></span> <span class='ocrx_word' id='word_1_477' title='bbox 752 3498 807 3540; x_wconf 87' lang='lat' dir='ltr'><strong>et</strong></span> <span class='ocrx_word' id='word_1_478' title='bbox 835 3486 923 3552; x_wconf 91' lang='lat'><strong>69,</strong></span> <span class='ocrx_word' id='word_1_479' title='bbox 951 3496 1078 3541; x_wconf 91' lang='lat' dir='ltr'><strong>sunt</strong></span> <span class='ocrx_word' id='word_1_480' title='bbox 1104 3502 1169 3542; x_wconf 81' lang='lat' dir='ltr'><strong>ex</strong></span> <span class='ocrx_word' id='word_1_481' title='bbox 1196 3491 1459 3543; x_wconf 85' lang='lat' dir='ltr'><strong>Ancorato</strong></span> <span class='ocrx_word' id='word_1_482' title='bbox 1487 3504 1539 3545; x_wconf 90' lang='lat' dir='ltr'><strong>e.</strong></span> <span class='ocrx_word' id='word_1_483' title='bbox 1571 3490 1638 3543; x_wconf 89' lang='grc'><strong>12</strong></span> <span class='ocrx_word' id='word_1_484' title='bbox 1656 3498 1710 3545; x_wconf 89' lang='lat' dir='ltr'><strong>et</strong></span> <span class='ocrx_word' id='word_1_485' title='bbox 1739 3489 1825 3555; x_wconf 88' lang='lat'><strong>16,</strong></span> <span class='ocrx_word' id='word_1_486' title='bbox 1853 3499 2126 3560; x_wconf 83' lang='lat' dir='ltr'><strong>excerpta,</strong></span> <span class='ocrx_word' id='word_1_487' title='bbox 2151 3505 2201 3545; x_wconf 92' lang='lat' dir='ltr'><strong>s.</strong></span> <span class='ocrx_word' id='word_1_488' title='bbox 2221 3488 2609 3559; x_wconf 77' lang='lat' dir='ltr'><strong>explicationes</strong></span> <span class='ocrx_word' id='word_1_489' title='bbox 2625 3485 2725 3556; x_wconf 92' lang='lat' dir='ltr'><strong>Ep.</strong></span> <span class='ocrx_word' id='word_1_490' title='bbox 2752 3484 2907 3560; x_wconf 79' lang='lat' dir='ltr'><strong>Pauli</strong></span> <span class='ocrx_word' id='word_1_491' title='bbox 2935 3482 3003 3537; x_wconf 88' lang='lat' dir='ltr'><strong>ad</strong></span> <span class='ocrx_word' id='word_1_492' title='bbox 3027 3481 3153 3539; x_wconf 88' lang='lat' dir='ltr'><strong>Cor.</strong></span> <span class='ocrx_word' id='word_1_493' title='bbox 3173 3484 3217 3546; x_wconf 87' lang='grc' dir='ltr'><strong>Ι,</strong></span> <span class='ocrx_word' id='word_1_494' title='bbox 3253 3497 3314 3544; x_wconf 86' lang='grc' dir='ltr'><strong>ιι,</strong></span> <span class='ocrx_word' id='word_1_495' title='bbox 3342 3495 3486 3537; x_wconf 83' lang='lat' dir='ltr'><strong>vers.</strong></span> <span class='ocrx_word' id='word_1_496' title='bbox 3519 3481 3611 3551; x_wconf 86' lang='lat'><strong>10,</strong></span> 
     </span>
    </p>
   </div>
   <div class='ocr_carea' id='block_1_36' title="bbox 326 3555 3616 3652">
    <p class='ocr_par' dir='ltr' id='par_1_36' title="bbox 326 3555 3616 3652">
     <span class='ocr_line' id='line_1_36' title="bbox 326 3555 3616 3652; baseline -0.001 -22"><span class='ocrx_word' id='word_1_497' title='bbox 326 3583 387 3630; x_wconf 82' lang='lat' dir='ltr'><strong>et</strong></span> <span class='ocrx_word' id='word_1_498' title='bbox 414 3575 602 3631; x_wconf 84' lang='lat' dir='ltr'><strong>Matth.</strong></span> <span class='ocrx_word' id='word_1_499' title='bbox 634 3593 784 3641; x_wconf 75' lang='lat' dir='ltr'><strong>xxrv,</strong></span> <span class='ocrx_word' id='word_1_500' title='bbox 815 3578 903 3643; x_wconf 89' lang='grc'>56,</span> <span class='ocrx_word' id='word_1_501' title='bbox 929 3594 995 3634; x_wconf 88' lang='lat' dir='ltr'><strong>ac</strong></span> <span class='ocrx_word' id='word_1_502' title='bbox 1018 3579 1183 3635; x_wconf 84' lang='lat' dir='ltr'><strong>Marci</strong></span> <span class='ocrx_word' id='word_1_503' title='bbox 1210 3596 1330 3648; x_wconf 80' lang='lat' dir='ltr'><strong>xm,</strong></span> <span class='ocrx_word' id='word_1_504' title='bbox 1355 3581 1446 3635; x_wconf 86' lang='grc'><strong>52.</strong></span> <span class='ocrx_word' id='word_1_505' title='bbox 1469 3581 1750 3647; x_wconf 87' lang='lat' dir='ltr'><strong>Lambec.,</strong></span> <span class='ocrx_word' id='word_1_506' title='bbox 1785 3579 1872 3645; x_wconf 88' lang='lat' dir='ltr'><strong>Ill,</strong></span> <span class='ocrx_word' id='word_1_507' title='bbox 1899 3597 1955 3652; x_wconf 92' lang='lat' dir='ltr'><strong>p.</strong></span> <span class='ocrx_word' id='word_1_508' title='bbox 1985 3555 2118 3648; x_wconf 71' lang='grc'><strong>465,</strong></span> <span class='ocrx_word' id='word_1_509' title='bbox 2149 3589 2205 3636; x_wconf 91' lang='lat' dir='ltr'><strong>et</strong></span> <span class='ocrx_word' id='word_1_510' title='bbox 2227 3555 2433 3636; x_wconf 80' lang='lat' dir='ltr'><strong>Kollar.</strong></span> <span class='ocrx_word' id='word_1_511' title='bbox 2465 3588 2581 3635; x_wconf 90' lang='lat' dir='ltr'><strong>not.</strong></span> <span class='ocrx_word' id='word_1_512' title='bbox 2618 3555 2981 3641; x_wconf 18' lang='lat' dir='ltr'><strong>lnicod.&#39;127,</strong></span> <span class='ocrx_word' id='word_1_513' title='bbox 3012 3591 3066 3629; x_wconf 95' lang='lat' dir='ltr'><strong>n.</strong></span> <span class='ocrx_word' id='word_1_514' title='bbox 3092 3575 3148 3638; x_wconf 80' lang='grc'><strong>4,</strong></span> <span class='ocrx_word' id='word_1_515' title='bbox 3178 3582 3263 3629; x_wconf 92' lang='lat' dir='ltr'><strong>est</strong></span> <span class='ocrx_word' id='word_1_516' title='bbox 3282 3573 3421 3628; x_wconf 89' lang='lat' dir='ltr'><strong>liber</strong></span> <span class='ocrx_word' id='word_1_517' title='bbox 3457 3589 3472 3627; x_wconf 97' lang='lat' dir='ltr'>I</span> <span class='ocrx_word' id='word_1_518' title='bbox 3499 3573 3616 3627; x_wconf 89' lang='lat' dir='ltr'><strong>Pa-</strong></span> 
     </span>
    </p>
   </div>
   <div class='ocr_carea' id='block_1_37' title="bbox 322 3664 3609 3745">
    <p class='ocr_par' dir='ltr' id='par_1_37' title="bbox 322 3664 3609 3745">
     <span class='ocr_line' id='line_1_37' title="bbox 322 3664 3609 3745; baseline 0.001 -25"><span class='ocrx_word' id='word_1_519' title='bbox 322 3669 633 3733; x_wconf 70' lang='lat' dir='ltr'><strong>.narioru‘m,</strong></span> <span class='ocrx_word' id='word_1_520' title='bbox 680 3669 751 3723; x_wconf 88' lang='lat' dir='ltr'><strong>ita</strong></span> <span class='ocrx_word' id='word_1_521' title='bbox 793 3679 854 3726; x_wconf 88' lang='lat' dir='ltr'><strong>ut</strong></span> <span class='ocrx_word' id='word_1_522' title='bbox 881 3670 1140 3729; x_wconf 87' lang='lat' dir='ltr'><strong>librarius</strong></span> <span class='ocrx_word' id='word_1_523' title='bbox 1174 3673 1229 3727; x_wconf 91' lang='lat' dir='ltr'><strong>in</strong></span> <span class='ocrx_word' id='word_1_524' title='bbox 1264 3673 1412 3728; x_wconf 90' lang='lat' dir='ltr'><strong>aliud</strong></span> <span class='ocrx_word' id='word_1_525' title='bbox 1443 3688 1583 3742; x_wconf 89' lang='lat' dir='ltr'><strong>opus</strong></span> <span class='ocrx_word' id='word_1_526' title='bbox 1609 3672 1925 3745; x_wconf 86' lang='lat' dir='ltr'><strong>Epiphanii,</strong></span> <span class='ocrx_word' id='word_1_527' title='bbox 1965 3671 2543 3741; x_wconf 74' lang='grc' dir='ltr'><strong>Ἀνακεφαλαιωσιν,</strong></span> <span class='ocrx_word' id='word_1_528' title='bbox 2576 3668 2914 3734; x_wconf 89' lang='lat' dir='ltr'><strong>transiliret,</strong></span> <span class='ocrx_word' id='word_1_529' title='bbox 2950 3666 3206 3723; x_wconf 86' lang='lat' dir='ltr'><strong>delibatis</strong></span> <span class='ocrx_word' id='word_1_530' title='bbox 3234 3682 3303 3721; x_wconf 77' lang='lat' dir='ltr'><strong>ex</strong></span> <span class='ocrx_word' id='word_1_531' title='bbox 3334 3681 3401 3721; x_wconf 91' lang='lat' dir='ltr'><strong>eo</strong></span> <span class='ocrx_word' id='word_1_532' title='bbox 3434 3664 3609 3722; x_wconf 81' lang='lat' dir='ltr'><strong>Mele-</strong></span> 
     </span>
    </p>
   </div>
   <div class='ocr_carea' id='block_1_38' title="bbox 332 3758 3614 3835">
    <p class='ocr_par' dir='ltr' id='par_1_38' title="bbox 332 3758 3614 3835">
     <span class='ocr_line' id='line_1_38' title="bbox 332 3758 3614 3835; baseline -0.001 -18"><span class='ocrx_word' id='word_1_533' title='bbox 332 3762 520 3828; x_wconf 80' lang='lat' dir='ltr'><strong>tianis,</strong></span> <span class='ocrx_word' id='word_1_534' title='bbox 549 3770 681 3830; x_wconf 87' lang='lat' dir='ltr'><strong>etc.,</strong></span> <span class='ocrx_word' id='word_1_535' title='bbox 724 3766 874 3834; x_wconf 88' lang='lat' dir='ltr'><strong>quod</strong></span> <span class='ocrx_word' id='word_1_536' title='bbox 902 3766 1121 3821; x_wconf 87' lang='lat' dir='ltr'><strong>uberius</strong></span> <span class='ocrx_word' id='word_1_537' title='bbox 1165 3765 1405 3821; x_wconf 83' lang='lat' dir='ltr'><strong>ostendit</strong></span> <span class='ocrx_word' id='word_1_538' title='bbox 1434 3764 1640 3820; x_wconf 81' lang='lat' dir='ltr'><strong>Kollar.</strong></span> <span class='ocrx_word' id='word_1_539' title='bbox 1691 3765 1747 3820; x_wconf 90' lang='lat' dir='ltr'><strong>in</strong></span> <span class='ocrx_word' id='word_1_540' title='bbox 1776 3762 2044 3835; x_wconf 88' lang='lat' dir='ltr'><strong>Supplem.</strong></span> <span class='ocrx_word' id='word_1_541' title='bbox 2105 3763 2174 3816; x_wconf 87' lang='lat' dir='ltr'><strong>ad</strong></span> <span class='ocrx_word' id='word_1_542' title='bbox 2216 3762 2491 3829; x_wconf 90' lang='lat' dir='ltr'><strong>Lambec.,</strong></span> <span class='ocrx_word' id='word_1_543' title='bbox 2523 3777 2574 3832; x_wconf 91' lang='lat' dir='ltr'><strong>p.</strong></span> <span class='ocrx_word' id='word_1_544' title='bbox 2610 3760 2713 3816; x_wconf 84' lang='lat'><strong>758</strong></span> <span class='ocrx_word' id='word_1_545' title='bbox 2748 3777 2831 3831; x_wconf 92' lang='lat' dir='ltr'><strong>sq.</strong></span> <span class='ocrx_word' id='word_1_546' title='bbox 2857 3777 2872 3825; x_wconf 86' lang='lat'><strong>;</strong></span> <span class='ocrx_word' id='word_1_547' title='bbox 2900 3769 3041 3821; x_wconf 86' lang='lat' dir='ltr'><strong>tum,</strong></span> <span class='ocrx_word' id='word_1_548' title='bbox 3076 3759 3269 3815; x_wconf 89' lang='lat' dir='ltr'><strong>eodem</strong></span> <span class='ocrx_word' id='word_1_549' title='bbox 3306 3758 3614 3814; x_wconf 86' lang='lat' dir='ltr'><strong>adnotante</strong></span> 
     </span>
    </p>
   </div>
   <div class='ocr_carea' id='block_1_39' title="bbox 334 3851 3615 3925">
    <p class='ocr_par' dir='ltr' id='par_1_39' title="bbox 334 3851 3615 3925">
     <span class='ocr_line' id='line_1_39' title="bbox 334 3851 3615 3925; baseline -0 -19"><span class='ocrx_word' id='word_1_550' title='bbox 334 3851 609 3920; x_wconf 85' lang='lat' dir='ltr'><strong>sequitur,</strong></span> <span class='ocrx_word' id='word_1_551' title='bbox 646 3868 702 3908; x_wconf 93' lang='lat' dir='ltr'><strong>n.</strong></span> <span class='ocrx_word' id='word_1_552' title='bbox 735 3852 791 3922; x_wconf 88' lang='lat'><strong>6,</strong></span> <span class='ocrx_word' id='word_1_553' title='bbox 822 3854 1046 3911; x_wconf 65' lang='lat' dir='ltr'><strong>haeresis</strong></span> <span class='ocrx_word' id='word_1_554' title='bbox 1070 3853 1361 3925; x_wconf 89' lang='lat' dir='ltr'><strong>Epiphanii</strong></span> <span class='ocrx_word' id='word_1_555' title='bbox 1397 3870 1552 3920; x_wconf 79' lang='lat' dir='ltr'><strong>Lvm,</strong></span> <span class='ocrx_word' id='word_1_556' title='bbox 1594 3870 1641 3910; x_wconf 91' lang='lat' dir='ltr'><strong>s.</strong></span> <span class='ocrx_word' id='word_1_557' title='bbox 1673 3871 1899 3921; x_wconf 78' lang='lat' dir='ltr'><strong>Lxxvm,</strong></span> <span class='ocrx_word' id='word_1_558' title='bbox 1933 3869 2098 3925; x_wconf 89' lang='lat' dir='ltr'><strong>quam</strong></span> <span class='ocrx_word' id='word_1_559' title='bbox 2129 3852 2808 3908; x_wconf 84' lang='lat' dir='ltr'><strong>Antidicomarianitarum</strong></span> <span class='ocrx_word' id='word_1_560' title='bbox 2836 3851 2912 3922; x_wconf 92' lang='lat' dir='ltr'><strong>(b)</strong></span> <span class='ocrx_word' id='word_1_561' title='bbox 2945 3860 3145 3919; x_wconf 87' lang='lat' dir='ltr'><strong>vocat,</strong></span> <span class='ocrx_word' id='word_1_562' title='bbox 3178 3861 3233 3906; x_wconf 91' lang='lat' dir='ltr'><strong>et</strong></span> <span class='ocrx_word' id='word_1_563' title='bbox 3258 3868 3312 3905; x_wconf 93' lang='lat' dir='ltr'><strong>n.</strong></span> <span class='ocrx_word' id='word_1_564' title='bbox 3345 3851 3399 3916; x_wconf 91' lang='lat'><strong>7,</strong></span> <span class='ocrx_word' id='word_1_565' title='bbox 3434 3851 3615 3905; x_wconf 58' lang='lat' dir='ltr'><strong>haere-</strong></span> 
     </span>
    </p>
   </div>
   <div class='ocr_carea' id='block_1_40' title="bbox 334 3941 3611 4024">
    <p class='ocr_par' dir='ltr' id='par_1_40' title="bbox 334 3941 3611 4024">
     <span class='ocr_line' id='line_1_40' title="bbox 334 3941 3611 4024; baseline 0.002 -28"><span class='ocrx_word' id='word_1_566' title='bbox 334 3941 413 3996; x_wconf 88' lang='lat' dir='ltr'><strong>sis</strong></span> <span class='ocrx_word' id='word_1_567' title='bbox 435 3957 625 4009; x_wconf 82' lang='lat' dir='ltr'><strong>vaut,</strong></span> <span class='ocrx_word' id='word_1_568' title='bbox 655 3945 771 4001; x_wconf 88' lang='lat' dir='ltr'><strong>sive</strong></span> <span class='ocrx_word' id='word_1_569' title='bbox 813 3962 981 4011; x_wconf 75' lang='lat' dir='ltr'><strong>Lux,</strong></span> <span class='ocrx_word' id='word_1_570' title='bbox 1009 3958 1203 4005; x_wconf 90' lang='lat' dir='ltr'><strong>contra</strong></span> <span class='ocrx_word' id='word_1_571' title='bbox 1233 3950 1590 4008; x_wconf 77' lang='lat' dir='ltr'><strong>Massalianos</strong></span> <span class='ocrx_word' id='word_1_572' title='bbox 1621 3951 1717 4024; x_wconf 93' lang='lat' dir='ltr'><strong>(c),</strong></span> <span class='ocrx_word' id='word_1_573' title='bbox 1752 3951 1958 4023; x_wconf 88' lang='lat' dir='ltr'><strong>quibus</strong></span> <span class='ocrx_word' id='word_1_574' title='bbox 1987 3949 2400 4022; x_wconf 85' lang='lat' dir='ltr'><strong>conjunguntur</strong></span> <span class='ocrx_word' id='word_1_575' title='bbox 2428 3947 2772 4020; x_wconf 79' lang='lat' dir='ltr'><strong>Martyriani,</strong></span> <span class='ocrx_word' id='word_1_576' title='bbox 2801 3949 2895 4017; x_wconf 89' lang='lat' dir='ltr'><strong>qui</strong></span> <span class='ocrx_word' id='word_1_577' title='bbox 2931 3964 2963 4003; x_wconf 90' lang='lat' dir='ltr'><strong>e</strong></span> <span class='ocrx_word' id='word_1_578' title='bbox 2991 3948 3195 4004; x_wconf 68' lang='lat' dir='ltr'><strong>Graecis</strong></span> <span class='ocrx_word' id='word_1_579' title='bbox 3225 3956 3370 4013; x_wconf 90' lang='lat' dir='ltr'><strong>sunt,</strong></span> <span class='ocrx_word' id='word_1_580' title='bbox 3401 3957 3457 4002; x_wconf 90' lang='lat' dir='ltr'><strong>et</strong></span> <span class='ocrx_word' id='word_1_581' title='bbox 3494 3947 3611 4003; x_wconf 86' lang='lat' dir='ltr'><strong>Eu-</strong></span> 
     </span>
    </p>
   </div>
   <div class='ocr_carea' id='block_1_41' title="bbox 333 4033 3614 4115">
    <p class='ocr_par' dir='ltr' id='par_1_41' title="bbox 333 4033 3614 4115">
     <span class='ocr_line' id='line_1_41' title="bbox 333 4033 3614 4115; baseline 0.002 -29"><span class='ocrx_word' id='word_1_582' title='bbox 333 4033 588 4102; x_wconf 79' lang='lat' dir='ltr'><strong>phemitae</strong></span> <span class='ocrx_word' id='word_1_583' title='bbox 615 4051 681 4091; x_wconf 90' lang='lat' dir='ltr'><strong>ac</strong></span> <span class='ocrx_word' id='word_1_584' title='bbox 707 4034 1011 4093; x_wconf 89' lang='lat' dir='ltr'><strong>Sataniani.</strong></span> <span class='ocrx_word' id='word_1_585' title='bbox 1056 4038 1123 4097; x_wconf 87' lang='lat' dir='ltr'><strong>N.</strong></span> <span class='ocrx_word' id='word_1_586' title='bbox 1154 4041 1221 4097; x_wconf 91' lang='grc'><strong>15</strong></span> <span class='ocrx_word' id='word_1_587' title='bbox 1250 4057 1315 4099; x_wconf 87' lang='lat' dir='ltr'><strong>ac</strong></span> <span class='ocrx_word' id='word_1_588' title='bbox 1345 4043 1412 4097; x_wconf 87' lang='lat'><strong>15</strong></span> <span class='ocrx_word' id='word_1_589' title='bbox 1440 4051 1525 4099; x_wconf 88' lang='lat' dir='ltr'><strong>est</strong></span> <span class='ocrx_word' id='word_1_590' title='bbox 1553 4042 1761 4115; x_wconf 83' lang='lat' dir='ltr'><strong>sylloge</strong></span> <span class='ocrx_word' id='word_1_591' title='bbox 1798 4056 2077 4098; x_wconf 84' lang='lat' dir='ltr'><strong>vanorum</strong></span> <span class='ocrx_word' id='word_1_592' title='bbox 2125 4041 2480 4112; x_wconf 69' lang='lat' dir='ltr'><strong>quaesitorum</strong></span> <span class='ocrx_word' id='word_1_593' title='bbox 2502 4082 2517 4107; x_wconf 92' lang='lat'><strong>,</strong></span> <span class='ocrx_word' id='word_1_594' title='bbox 2555 4042 2609 4094; x_wconf 92' lang='lat' dir='ltr'><strong>in</strong></span> <span class='ocrx_word' id='word_1_595' title='bbox 2639 4055 2826 4095; x_wconf 88' lang='lat' dir='ltr'><strong>sacras</strong></span> <span class='ocrx_word' id='word_1_596' title='bbox 2852 4040 3200 4110; x_wconf 87' lang='lat' dir='ltr'><strong>potissimum</strong></span> <span class='ocrx_word' id='word_1_597' title='bbox 3242 4038 3500 4105; x_wconf 90' lang='lat' dir='ltr'><strong>Litteras,</strong></span> <span class='ocrx_word' id='word_1_598' title='bbox 3544 4055 3614 4094; x_wconf 77' lang='lat' dir='ltr'><strong>ex</strong></span> 
     </span>
    </p>
   </div>
   <div class='ocr_carea' id='block_1_42' title="bbox 335 4128 3606 4207">
    <p class='ocr_par' dir='ltr' id='par_1_42' title="bbox 335 4128 3606 4207">
     <span class='ocr_line' id='line_1_42' title="bbox 335 4128 3606 4207; baseline 0.003 -26"><span class='ocrx_word' id='word_1_599' title='bbox 335 4128 660 4200; x_wconf 82' lang='lat' dir='ltr'><strong>Epiphanio,</strong></span> <span class='ocrx_word' id='word_1_600' title='bbox 697 4133 1010 4205; x_wconf 83' lang='lat' dir='ltr'><strong>Anastasio,</strong></span> <span class='ocrx_word' id='word_1_601' title='bbox 1042 4136 1383 4207; x_wconf 84' lang='lat' dir='ltr'><strong>Theodoreto</strong></span> <span class='ocrx_word' id='word_1_602' title='bbox 1412 4136 1709 4206; x_wconf 86' lang='lat' dir='ltr'><strong>multisque</strong></span> <span class='ocrx_word' id='word_1_603' title='bbox 1737 4137 1859 4192; x_wconf 87' lang='lat' dir='ltr'><strong>aliis</strong></span> <span class='ocrx_word' id='word_1_604' title='bbox 1886 4143 2293 4206; x_wconf 80' lang='lat' dir='ltr'><strong>exeerptorum.</strong></span> <span class='ocrx_word' id='word_1_605' title='bbox 2331 4166 2403 4178; x_wconf 89' lang='lat'>—</span> <span class='ocrx_word' id='word_1_606' title='bbox 2425 4136 2502 4191; x_wconf 79' lang='lat' dir='ltr'><strong>Ex</strong></span> <span class='ocrx_word' id='word_1_607' title='bbox 2532 4134 2819 4205; x_wconf 87' lang='lat' dir='ltr'><strong>Epiphanii</strong></span> <span class='ocrx_word' id='word_1_608' title='bbox 2860 4135 3101 4190; x_wconf 86' lang='lat' dir='ltr'><strong>Panario</strong></span> <span class='ocrx_word' id='word_1_609' title='bbox 3130 4147 3296 4206; x_wconf 89' lang='lat' dir='ltr'><strong>atque</strong></span> <span class='ocrx_word' id='word_1_610' title='bbox 3324 4136 3606 4190; x_wconf 81' lang='lat' dir='ltr'><strong>Ancorato</strong></span> 
     </span>
    </p>
   </div>
   <div class='ocr_carea' id='block_1_43' title="bbox 335 4225 3612 4302">
    <p class='ocr_par' dir='ltr' id='par_1_43' title="bbox 335 4225 3612 4302">
     <span class='ocr_line' id='line_1_43' title="bbox 335 4225 3612 4302; baseline 0.001 -23"><span class='ocrx_word' id='word_1_611' title='bbox 335 4234 392 4280; x_wconf 92' lang='lat' dir='ltr'><strong>et</strong></span> <span class='ocrx_word' id='word_1_612' title='bbox 423 4225 499 4280; x_wconf 87' lang='lat' dir='ltr'><strong>De</strong></span> <span class='ocrx_word' id='word_1_613' title='bbox 525 4226 646 4281; x_wconf 84' lang='grc' dir='ltr'><strong>ΧΗ</strong></span> <span class='ocrx_word' id='word_1_614' title='bbox 674 4229 946 4299; x_wconf 85' lang='lat' dir='ltr'><strong>lapidibus</strong></span> <span class='ocrx_word' id='word_1_615' title='bbox 972 4232 1217 4302; x_wconf 88' lang='lat' dir='ltr'><strong>ejusdem</strong></span> <span class='ocrx_word' id='word_1_616' title='bbox 1262 4243 1393 4287; x_wconf 90' lang='lat' dir='ltr'><strong>sunt</strong></span> <span class='ocrx_word' id='word_1_617' title='bbox 1429 4231 1546 4287; x_wconf 89' lang='lat' dir='ltr'><strong>loca</strong></span> <span class='ocrx_word' id='word_1_618' title='bbox 1589 4231 1646 4286; x_wconf 90' lang='lat' dir='ltr'><strong>in</strong></span> <span class='ocrx_word' id='word_1_619' title='bbox 1691 4230 1969 4287; x_wconf 81' lang='lat' dir='ltr'><strong>Anastasii</strong></span> <span class='ocrx_word' id='word_1_620' title='bbox 2010 4230 2407 4295; x_wconf 76' lang='lat' dir='ltr'><strong>Quwstionibus</strong></span> <span class='ocrx_word' id='word_1_621' title='bbox 2438 4246 2500 4284; x_wconf 87' lang='lat' dir='ltr'><strong>ac</strong></span> <span class='ocrx_word' id='word_1_622' title='bbox 2535 4231 2990 4299; x_wconf 84' lang='lat' dir='ltr'><strong>responsionibus,</strong></span> <span class='ocrx_word' id='word_1_623' title='bbox 3019 4237 3124 4283; x_wconf 86' lang='lat' dir='ltr'><strong>etc.</strong></span> <span class='ocrx_word' id='word_1_624' title='bbox 3148 4268 3163 4293; x_wconf 95' lang='lat'><strong>,</strong></span> <span class='ocrx_word' id='word_1_625' title='bbox 3199 4228 3252 4281; x_wconf 92' lang='lat' dir='ltr'><strong>in</strong></span> <span class='ocrx_word' id='word_1_626' title='bbox 3285 4227 3408 4283; x_wconf 86' lang='lat' dir='ltr'><strong>eod.</strong></span> <span class='ocrx_word' id='word_1_627' title='bbox 3451 4228 3612 4282; x_wconf 81' lang='lat' dir='ltr'><strong>Cois-</strong></span> 
     </span>
    </p>
   </div>
   <div class='ocr_carea' id='block_1_44' title="bbox 335 4315 3614 4390">
    <p class='ocr_par' dir='ltr' id='par_1_44' title="bbox 335 4315 3614 4390">
     <span class='ocr_line' id='line_1_44' title="bbox 335 4315 3614 4390; baseline 0.001 -21"><span class='ocrx_word' id='word_1_628' title='bbox 335 4315 435 4371; x_wconf 89' lang='lat' dir='ltr'><strong>lin.</strong></span> <span class='ocrx_word' id='word_1_629' title='bbox 481 4320 601 4381; x_wconf 85' lang='lat'><strong>115,</strong></span> <span class='ocrx_word' id='word_1_630' title='bbox 632 4330 686 4376; x_wconf 89' lang='lat' dir='ltr'><strong>et</strong></span> <span class='ocrx_word' id='word_1_631' title='bbox 736 4322 892 4378; x_wconf 89' lang='lat' dir='ltr'><strong>locus</strong></span> <span class='ocrx_word' id='word_1_632' title='bbox 914 4337 945 4377; x_wconf 94' lang='lat' dir='ltr'><strong>e</strong></span> <span class='ocrx_word' id='word_1_633' title='bbox 969 4320 1234 4386; x_wconf 88' lang='lat' dir='ltr'><strong>Panario,</strong></span> <span class='ocrx_word' id='word_1_634' title='bbox 1270 4319 1325 4373; x_wconf 92' lang='lat' dir='ltr'><strong>in</strong></span> <span class='ocrx_word' id='word_1_635' title='bbox 1357 4319 1481 4374; x_wconf 89' lang='lat' dir='ltr'><strong>cod.</strong></span> <span class='ocrx_word' id='word_1_636' title='bbox 1516 4317 1641 4383; x_wconf 85' lang='grc'><strong>120,</strong></span> <span class='ocrx_word' id='word_1_637' title='bbox 1679 4326 1819 4374; x_wconf 88' lang='lat' dir='ltr'><strong>teste</strong></span> <span class='ocrx_word' id='word_1_638' title='bbox 1843 4317 2141 4375; x_wconf 86' lang='lat' dir='ltr'><strong>Montfauc.</strong></span> <span class='ocrx_word' id='word_1_639' title='bbox 2168 4320 2222 4374; x_wconf 92' lang='lat' dir='ltr'><strong>in</strong></span> <span class='ocrx_word' id='word_1_640' title='bbox 2247 4318 2392 4375; x_wconf 89' lang='lat' dir='ltr'><strong>Bibl.</strong></span> <span class='ocrx_word' id='word_1_641' title='bbox 2428 4318 2676 4388; x_wconf 86' lang='lat' dir='ltr'><strong>Coislin.,</strong></span> <span class='ocrx_word' id='word_1_642' title='bbox 2700 4336 2755 4390; x_wconf 93' lang='lat' dir='ltr'><strong>p.</strong></span> <span class='ocrx_word' id='word_1_643' title='bbox 2783 4319 2884 4374; x_wconf 90' lang='lat'><strong>188</strong></span> <span class='ocrx_word' id='word_1_644' title='bbox 2915 4328 2970 4373; x_wconf 90' lang='lat' dir='ltr'><strong>et</strong></span> <span class='ocrx_word' id='word_1_645' title='bbox 3002 4318 3125 4372; x_wconf 80' lang='lat'><strong>195.</strong></span> <span class='ocrx_word' id='word_1_646' title='bbox 3155 4316 3356 4373; x_wconf 87' lang='lat' dir='ltr'><strong>Eodem</strong></span> <span class='ocrx_word' id='word_1_647' title='bbox 3383 4327 3614 4372; x_wconf 85' lang='lat' dir='ltr'><strong>auctore</strong></span> 
     </span>
    </p>
   </div>
   <div class='ocr_carea' id='block_1_45' title="bbox 336 4407 3609 4482">
    <p class='ocr_par' dir='ltr' id='par_1_45' title="bbox 336 4407 3609 4482">
     <span class='ocr_line' id='line_1_45' title="bbox 336 4407 3609 4482; baseline 0.001 -18"><span class='ocrx_word' id='word_1_648' title='bbox 336 4409 391 4465; x_wconf 89' lang='lat' dir='ltr'><strong>in</strong></span> <span class='ocrx_word' id='word_1_649' title='bbox 434 4411 622 4466; x_wconf 89' lang='lat' dir='ltr'><strong>Diario</strong></span> <span class='ocrx_word' id='word_1_650' title='bbox 648 4412 802 4477; x_wconf 90' lang='lat' dir='ltr'><strong>ltal.,</strong></span> <span class='ocrx_word' id='word_1_651' title='bbox 831 4429 883 4482; x_wconf 91' lang='lat' dir='ltr'><strong>p.</strong></span> <span class='ocrx_word' id='word_1_652' title='bbox 918 4412 1046 4478; x_wconf 90' lang='grc'><strong>565,</strong></span> <span class='ocrx_word' id='word_1_653' title='bbox 1090 4410 1350 4481; x_wconf 89' lang='lat' dir='ltr'><strong>Epiphan.</strong></span> <span class='ocrx_word' id='word_1_654' title='bbox 1378 4411 1442 4464; x_wconf 87' lang='lat' dir='ltr'><strong>de</strong></span> <span class='ocrx_word' id='word_1_655' title='bbox 1468 4408 1783 4473; x_wconf 75' lang='lat' dir='ltr'><strong>hwresibus,</strong></span> <span class='ocrx_word' id='word_1_656' title='bbox 1819 4407 2062 4466; x_wconf 88' lang='lat' dir='ltr'><strong>Florent.</strong></span> <span class='ocrx_word' id='word_1_657' title='bbox 2092 4412 2147 4466; x_wconf 94' lang='lat' dir='ltr'><strong>in</strong></span> <span class='ocrx_word' id='word_1_658' title='bbox 2174 4411 2296 4467; x_wconf 90' lang='lat' dir='ltr'><strong>eod.</strong></span> <span class='ocrx_word' id='word_1_659' title='bbox 2329 4410 2462 4467; x_wconf 90' lang='lat' dir='ltr'><strong>bibl.</strong></span> <span class='ocrx_word' id='word_1_660' title='bbox 2497 4412 2635 4466; x_wconf 87' lang='lat' dir='ltr'><strong>eccl.</strong></span> <span class='ocrx_word' id='word_1_661' title='bbox 2671 4410 2993 4465; x_wconf 86' lang='lat' dir='ltr'><strong>Annuntiat.</strong></span> <span class='ocrx_word' id='word_1_662' title='bbox 3019 4440 3089 4450; x_wconf 93' lang='lat'>—</span> <span class='ocrx_word' id='word_1_663' title='bbox 3112 4409 3348 4465; x_wconf 84' lang='lat' dir='ltr'><strong>Florent.</strong></span> <span class='ocrx_word' id='word_1_664' title='bbox 3384 4409 3438 4463; x_wconf 89' lang='lat' dir='ltr'><strong>in</strong></span> <span class='ocrx_word' id='word_1_665' title='bbox 3475 4410 3609 4466; x_wconf 90' lang='lat' dir='ltr'><strong>bibl.</strong></span> 
     </span>
    </p>
   </div>
   <div class='ocr_carea' id='block_1_46' title="bbox 337 4500 3611 4576">
    <p class='ocr_par' dir='ltr' id='par_1_46' title="bbox 337 4500 3611 4576">
     <span class='ocr_line' id='line_1_46' title="bbox 337 4500 3611 4576; baseline 0.001 -17"><span class='ocrx_word' id='word_1_666' title='bbox 337 4504 600 4560; x_wconf 81' lang='lat' dir='ltr'><strong>Laurent.</strong></span> <span class='ocrx_word' id='word_1_667' title='bbox 633 4506 687 4559; x_wconf 91' lang='lat' dir='ltr'><strong>in</strong></span> <span class='ocrx_word' id='word_1_668' title='bbox 718 4507 842 4561; x_wconf 89' lang='lat' dir='ltr'><strong>cod.</strong></span> <span class='ocrx_word' id='word_1_669' title='bbox 882 4506 935 4569; x_wconf 72' lang='grc'>4,</span> <span class='ocrx_word' id='word_1_670' title='bbox 962 4507 1098 4576; x_wconf 90' lang='lat' dir='ltr'><strong>plut.</strong></span> <span class='ocrx_word' id='word_1_671' title='bbox 1134 4503 1190 4568; x_wconf 87' lang='grc'>6,</span> <span class='ocrx_word' id='word_1_672' title='bbox 1222 4503 1316 4573; x_wconf 93' lang='lat' dir='ltr'><strong>qui</strong></span> <span class='ocrx_word' id='word_1_673' title='bbox 1346 4502 1590 4558; x_wconf 88' lang='lat' dir='ltr'><strong>continet</strong></span> <span class='ocrx_word' id='word_1_674' title='bbox 1638 4500 2009 4571; x_wconf 82' lang='lat' dir='ltr'><strong>expositiones</strong></span> <span class='ocrx_word' id='word_1_675' title='bbox 2058 4518 2343 4558; x_wconf 87' lang='lat' dir='ltr'><strong>sacrorum</strong></span> <span class='ocrx_word' id='word_1_676' title='bbox 2381 4510 2802 4572; x_wconf 81' lang='lat' dir='ltr'><strong>praeceptorum,</strong></span> <span class='ocrx_word' id='word_1_677' title='bbox 2830 4504 3119 4575; x_wconf 89' lang='lat' dir='ltr'><strong>Epiphanii</strong></span> <span class='ocrx_word' id='word_1_678' title='bbox 3151 4513 3453 4559; x_wconf 86' lang='lat' dir='ltr'><strong>occurrunt</strong></span> <span class='ocrx_word' id='word_1_679' title='bbox 3490 4507 3611 4561; x_wconf 84' lang='lat' dir='ltr'><strong>loca</strong></span> 
     </span>
    </p>
   </div>
   <div class='ocr_carea' id='block_1_47' title="bbox 330 4594 3613 4668">
    <p class='ocr_par' dir='ltr' id='par_1_47' title="bbox 330 4594 3613 4668">
     <span class='ocr_line' id='line_1_47' title="bbox 330 4594 3613 4668; baseline 0.001 -17"><span class='ocrx_word' id='word_1_680' title='bbox 330 4599 492 4668; x_wconf 81' lang='lat' dir='ltr'><strong>plura</strong></span> <span class='ocrx_word' id='word_1_681' title='bbox 520 4598 716 4652; x_wconf 79' lang='grc' dir='ltr'>ἐκτῶν</span> <span class='ocrx_word' id='word_1_682' title='bbox 764 4598 925 4653; x_wconf 84' lang='grc' dir='ltr'><strong>Κατὰ</strong></span> <span class='ocrx_word' id='word_1_683' title='bbox 972 4597 1255 4666; x_wconf 76' lang='grc' dir='ltr'><strong>αἱρέσεως</strong></span> <span class='ocrx_word' id='word_1_684' title='bbox 1302 4594 1424 4649; x_wconf 75' lang='grc' dir='ltr'><strong>τῶν</strong></span> <span class='ocrx_word' id='word_1_685' title='bbox 1455 4594 1798 4665; x_wconf 72' lang='grc' dir='ltr'><strong>λεγομένων</strong></span> <span class='ocrx_word' id='word_1_686' title='bbox 1835 4594 2293 4661; x_wconf 74' lang='grc' dir='ltr'><strong>Ἀποστολικῶν,</strong></span> <span class='ocrx_word' id='word_1_687' title='bbox 2333 4604 2462 4659; x_wconf 90' lang='lat' dir='ltr'><strong>etc.,</strong></span> <span class='ocrx_word' id='word_1_688' title='bbox 2509 4604 2621 4649; x_wconf 92' lang='lat' dir='ltr'><strong>tum</strong></span> <span class='ocrx_word' id='word_1_689' title='bbox 2671 4597 2736 4650; x_wconf 83' lang='grc' dir='ltr'><strong>ὲκ</strong></span> <span class='ocrx_word' id='word_1_690' title='bbox 2767 4596 2876 4650; x_wconf 79' lang='grc' dir='ltr'><strong>τῶν</strong></span> <span class='ocrx_word' id='word_1_691' title='bbox 2900 4597 3215 4666; x_wconf 78' lang='grc' dir='ltr'><strong>Παναρὶων</strong></span> <span class='ocrx_word' id='word_1_692' title='bbox 3244 4604 3298 4652; x_wconf 87' lang='lat' dir='ltr'><strong>et</strong></span> <span class='ocrx_word' id='word_1_693' title='bbox 3343 4612 3410 4653; x_wconf 83' lang='lat' dir='ltr'><strong>ex</strong></span> <span class='ocrx_word' id='word_1_694' title='bbox 3466 4600 3613 4655; x_wconf 89' lang='lat' dir='ltr'><strong>libro</strong></span> 
     </span>
    </p>
   </div>
   <div class='ocr_carea' id='block_1_48' title="bbox 337 4685 1854 4761">
    <p class='ocr_par' dir='ltr' id='par_1_48' title="bbox 337 4685 1854 4761">
     <span class='ocr_line' id='line_1_48' title="bbox 337 4685 1854 4761; baseline -0.001 -17"><span class='ocrx_word' id='word_1_695' title='bbox 337 4690 476 4759; x_wconf 76' lang='grc' dir='ltr'><strong>Περὶ</strong></span> <span class='ocrx_word' id='word_1_696' title='bbox 516 4689 775 4756; x_wconf 80' lang='grc' dir='ltr'><strong>πίστεως</strong></span> <span class='ocrx_word' id='word_1_697' title='bbox 793 4691 980 4760; x_wconf 76' lang='grc' dir='ltr'><strong>λόγου</strong></span> <span class='ocrx_word' id='word_1_698' title='bbox 1015 4689 1265 4761; x_wconf 85' lang='lat' dir='ltr'><strong>(Bandin.</strong></span> <span class='ocrx_word' id='word_1_699' title='bbox 1294 4686 1412 4743; x_wconf 86' lang='lat' dir='ltr'><strong>Cat.</strong></span> <span class='ocrx_word' id='word_1_700' title='bbox 1436 4686 1590 4743; x_wconf 86' lang='lat' dir='ltr'><strong>codd.</strong></span> <span class='ocrx_word' id='word_1_701' title='bbox 1624 4686 1717 4741; x_wconf 83' lang='lat' dir='ltr'><strong>Gr.</strong></span> <span class='ocrx_word' id='word_1_702' title='bbox 1760 4685 1854 4742; x_wconf 73' lang='lat' dir='ltr'><strong>Lat</strong></span> 
     </span>
    </p>
   </div>
   <div class='ocr_carea' id='block_1_49' title="bbox 2093 4685 3610 4761">
    <p class='ocr_par' dir='ltr' id='par_1_49' title="bbox 2093 4687 3610 4761">
     <span class='ocr_line' id='line_1_49' title="bbox 2093 4687 3610 4761; baseline 0.004 -20"><span class='ocrx_word' id='word_1_703' title='bbox 2093 4703 2186 4757; x_wconf 60' lang='lat' dir='ltr'><strong>sag.</strong></span> <span class='ocrx_word' id='word_1_704' title='bbox 2221 4688 2290 4743; x_wconf 90' lang='lat'><strong>98</strong></span> <span class='ocrx_word' id='word_1_705' title='bbox 2323 4687 2581 4759; x_wconf 86' lang='lat' dir='ltr'><strong>sq.)——In</strong></span> <span class='ocrx_word' id='word_1_706' title='bbox 2609 4689 2729 4744; x_wconf 91' lang='lat' dir='ltr'><strong>cod.</strong></span> <span class='ocrx_word' id='word_1_707' title='bbox 2767 4689 2856 4756; x_wconf 85' lang='grc'><strong>12,</strong></span> <span class='ocrx_word' id='word_1_708' title='bbox 2892 4690 3024 4759; x_wconf 88' lang='lat' dir='ltr'><strong>plut.</strong></span> <span class='ocrx_word' id='word_1_709' title='bbox 3058 4690 3113 4753; x_wconf 87' lang='lat'><strong>6,</strong></span> <span class='ocrx_word' id='word_1_710' title='bbox 3165 4689 3514 4758; x_wconf 84' lang='lat' dir='ltr'><strong>reperiuntur</strong></span> <span class='ocrx_word' id='word_1_711' title='bbox 3559 4694 3610 4761; x_wconf 89' lang='lat'><strong>1,</strong></span> 
     </span>
    </p>
   </div>
   <div class='ocr_carea' id='block_1_50' title="bbox 330 4778 3612 4851">
    <p class='ocr_par' dir='ltr' id='par_1_50' title="bbox 330 4778 3612 4851">
     <span class='ocr_line' id='line_1_50' title="bbox 330 4778 3612 4851; baseline 0 -13"><span class='ocrx_word' id='word_1_712' title='bbox 330 4781 596 4851; x_wconf 77' lang='lat' dir='ltr'><strong>Synopsis</strong></span> <span class='ocrx_word' id='word_1_713' title='bbox 624 4782 908 4846; x_wconf 76' lang='lat' dir='ltr'><strong>Ancorati;</strong></span> <span class='ocrx_word' id='word_1_714' title='bbox 933 4781 969 4835; x_wconf 91' lang='grc'><strong>2</strong></span> <span class='ocrx_word' id='word_1_715' title='bbox 994 4791 1048 4837; x_wconf 90' lang='lat' dir='ltr'><strong>et</strong></span> <span class='ocrx_word' id='word_1_716' title='bbox 1080 4782 1135 4847; x_wconf 88' lang='grc'><strong>5,</strong></span> <span class='ocrx_word' id='word_1_717' title='bbox 1171 4779 1428 4848; x_wconf 65' lang='lat' dir='ltr'><strong>Epistolas</strong></span> <span class='ocrx_word' id='word_1_718' title='bbox 1455 4779 1525 4832; x_wconf 87' lang='lat' dir='ltr'><strong>ad</strong></span> <span class='ocrx_word' id='word_1_719' title='bbox 1560 4778 1957 4850; x_wconf 81' lang='lat' dir='ltr'><strong>Epiphanium;</strong></span> <span class='ocrx_word' id='word_1_720' title='bbox 1988 4781 2042 4845; x_wconf 73' lang='grc'>4,</span> <span class='ocrx_word' id='word_1_721' title='bbox 2085 4780 2245 4849; x_wconf 86' lang='lat' dir='ltr'><strong>hujus</strong></span> <span class='ocrx_word' id='word_1_722' title='bbox 2274 4795 2602 4849; x_wconf 76' lang='lat' dir='ltr'><strong>responsum,</strong></span> <span class='ocrx_word' id='word_1_723' title='bbox 2633 4782 2775 4850; x_wconf 83' lang='lat' dir='ltr'><strong>quod</strong></span> <span class='ocrx_word' id='word_1_724' title='bbox 2798 4783 3095 4836; x_wconf 83' lang='lat' dir='ltr'><strong>universam</strong></span> <span class='ocrx_word' id='word_1_725' title='bbox 3131 4782 3256 4851; x_wconf 73' lang='lat' dir='ltr'><strong>ﬁdei</strong></span> <span class='ocrx_word' id='word_1_726' title='bbox 3286 4782 3612 4850; x_wconf 80' lang='lat' dir='ltr'><strong>doctrinam,</strong></span> 
     </span>
    </p>
   </div>
   <div class='ocr_carea' id='block_1_51' title="bbox 347 4875 3615 4952">
    <p class='ocr_par' dir='ltr' id='par_1_51' title="bbox 347 4875 3615 4952">
     <span class='ocr_line' id='line_1_51' title="bbox 347 4875 3615 4952; baseline -0.001 -13"><span class='ocrx_word' id='word_1_727' title='bbox 347 4902 393 4940; x_wconf 88' lang='lat' dir='ltr'><strong>s.</strong></span> <span class='ocrx_word' id='word_1_728' title='bbox 428 4900 702 4947; x_wconf 86' lang='lat' dir='ltr'><strong>ancoram,</strong></span> <span class='ocrx_word' id='word_1_729' title='bbox 730 4889 860 4947; x_wconf 91' lang='lat' dir='ltr'><strong>etc.,</strong></span> <span class='ocrx_word' id='word_1_730' title='bbox 896 4878 1284 4946; x_wconf 85' lang='lat' dir='ltr'><strong>complectitur.</strong></span> <span class='ocrx_word' id='word_1_731' title='bbox 1342 4875 1399 4929; x_wconf 89' lang='lat' dir='ltr'><strong>In</strong></span> <span class='ocrx_word' id='word_1_732' title='bbox 1430 4876 1535 4931; x_wconf 89' lang='lat' dir='ltr'><strong>hoc</strong></span> <span class='ocrx_word' id='word_1_733' title='bbox 1562 4876 1684 4931; x_wconf 93' lang='lat' dir='ltr'><strong>cod.</strong></span> <span class='ocrx_word' id='word_1_734' title='bbox 1722 4875 1934 4930; x_wconf 79' lang='lat' dir='ltr'><strong>Ancora</strong></span> <span class='ocrx_word' id='word_1_735' title='bbox 1976 4883 2194 4931; x_wconf 88' lang='lat' dir='ltr'><strong>constat</strong></span> <span class='ocrx_word' id='word_1_736' title='bbox 2224 4875 2328 4930; x_wconf 91' lang='lat'><strong>118</strong></span> <span class='ocrx_word' id='word_1_737' title='bbox 2361 4889 2544 4944; x_wconf 88' lang='lat' dir='ltr'><strong>capp.,</strong></span> <span class='ocrx_word' id='word_1_738' title='bbox 2575 4875 2776 4945; x_wconf 90' lang='lat' dir='ltr'><strong>quibus</strong></span> <span class='ocrx_word' id='word_1_739' title='bbox 2814 4875 3039 4933; x_wconf 87' lang='lat' dir='ltr'><strong>Panarii</strong></span> <span class='ocrx_word' id='word_1_740' title='bbox 3089 4898 3238 4952; x_wconf 91' lang='lat' dir='ltr'><strong>pars,</strong></span> <span class='ocrx_word' id='word_1_741' title='bbox 3278 4891 3388 4936; x_wconf 88' lang='lat' dir='ltr'><strong>tum</strong></span> <span class='ocrx_word' id='word_1_742' title='bbox 3430 4891 3615 4949; x_wconf 88' lang='lat' dir='ltr'><strong>partes</strong></span> 
     </span>
    </p>
   </div>
   <div class='ocr_carea' id='block_1_52' title="bbox 338 4962 3615 5042">
    <p class='ocr_par' dir='ltr' id='par_1_52' title="bbox 338 4962 3615 5042">
     <span class='ocr_line' id='line_1_52' title="bbox 338 4962 3615 5042; baseline -0 -13"><span class='ocrx_word' id='word_1_743' title='bbox 338 4962 436 5030; x_wconf 74' lang='lat' dir='ltr'><strong>1ib.</strong></span> <span class='ocrx_word' id='word_1_744' title='bbox 466 4976 540 5031; x_wconf 90' lang='lat' dir='ltr'><strong>De</strong></span> <span class='ocrx_word' id='word_1_745' title='bbox 559 4975 819 5030; x_wconf 86' lang='lat' dir='ltr'><strong>mensuris</strong></span> <span class='ocrx_word' id='word_1_746' title='bbox 846 4988 910 5026; x_wconf 90' lang='lat' dir='ltr'><strong>ac</strong></span> <span class='ocrx_word' id='word_1_747' title='bbox 934 4970 1273 5042; x_wconf 87' lang='lat' dir='ltr'><strong>ponderibus,</strong></span> <span class='ocrx_word' id='word_1_748' title='bbox 1301 4977 1354 5022; x_wconf 90' lang='lat' dir='ltr'><strong>et</strong></span> <span class='ocrx_word' id='word_1_749' title='bbox 1388 4966 1765 5037; x_wconf 86' lang='lat' dir='ltr'><strong>Interpretatio</strong></span> <span class='ocrx_word' id='word_1_750' title='bbox 1795 4968 2066 5022; x_wconf 85' lang='lat' dir='ltr'><strong>nominum</strong></span> <span class='ocrx_word' id='word_1_751' title='bbox 2095 4967 2481 5022; x_wconf 83' lang='lat' dir='ltr'><strong>Hebraicorum</strong></span> <span class='ocrx_word' id='word_1_752' title='bbox 2503 4967 2889 5033; x_wconf 86' lang='lat' dir='ltr'><strong>adnectuntur,</strong></span> <span class='ocrx_word' id='word_1_753' title='bbox 2915 4985 3039 5024; x_wconf 92' lang='lat' dir='ltr'><strong>cum</strong></span> <span class='ocrx_word' id='word_1_754' title='bbox 3068 4972 3358 5027; x_wconf 86' lang='lat' dir='ltr'><strong>uberrimis</strong></span> <span class='ocrx_word' id='word_1_755' title='bbox 3386 4973 3615 5028; x_wconf 89' lang='lat' dir='ltr'><strong>scholiis</strong></span> 
     </span>
    </p>
   </div>
   <div class='ocr_carea' id='block_1_53' title="bbox 333 5061 3615 5147">
    <p class='ocr_par' dir='ltr' id='par_1_53' title="bbox 333 5061 3615 5147">
     <span class='ocr_line' id='line_1_53' title="bbox 333 5061 3615 5147; baseline -0.001 -24"><span class='ocrx_word' id='word_1_756' title='bbox 333 5069 596 5139; x_wconf 84' lang='lat' dir='ltr'><strong>margin.,</strong></span> <span class='ocrx_word' id='word_1_757' title='bbox 640 5069 911 5138; x_wconf 58' lang='lat' dir='ltr'><strong>praecipue</strong></span> <span class='ocrx_word' id='word_1_758' title='bbox 960 5067 1014 5120; x_wconf 89' lang='lat' dir='ltr'><strong>in</strong></span> <span class='ocrx_word' id='word_1_759' title='bbox 1050 5063 1445 5132; x_wconf 69' lang='lat' dir='ltr'><strong>Eapositionem</strong></span> <span class='ocrx_word' id='word_1_760' title='bbox 1476 5063 1634 5147; x_wconf 63' lang='lat' dir='ltr'><strong>ﬁdei,</strong></span> <span class='ocrx_word' id='word_1_761' title='bbox 1666 5077 1902 5132; x_wconf 88' lang='lat' dir='ltr'><strong>quorum</strong></span> <span class='ocrx_word' id='word_1_762' title='bbox 1944 5079 2112 5117; x_wconf 90' lang='lat' dir='ltr'><strong>unum</strong></span> <span class='ocrx_word' id='word_1_763' title='bbox 2144 5063 2387 5133; x_wconf 75' lang='lat' dir='ltr'><strong>reposuit</strong></span> <span class='ocrx_word' id='word_1_764' title='bbox 2422 5061 2652 5116; x_wconf 88' lang='lat' dir='ltr'><strong>Bandin.</strong></span> <span class='ocrx_word' id='word_1_765' title='bbox 2705 5062 2828 5118; x_wconf 90' lang='lat' dir='ltr'><strong>libr.</strong></span> <span class='ocrx_word' id='word_1_766' title='bbox 2861 5079 3117 5131; x_wconf 89' lang='lat' dir='ltr'><strong>memor.,</strong></span> <span class='ocrx_word' id='word_1_767' title='bbox 3158 5064 3199 5129; x_wconf 93' lang='grc'><strong>1,</strong></span> <span class='ocrx_word' id='word_1_768' title='bbox 3230 5081 3353 5135; x_wconf 90' lang='lat' dir='ltr'><strong>pag.</strong></span> <span class='ocrx_word' id='word_1_769' title='bbox 3391 5066 3515 5121; x_wconf 89' lang='lat'><strong>118.</strong></span> <span class='ocrx_word' id='word_1_770' title='bbox 3544 5096 3615 5147; x_wconf 54' lang='grc' dir='ltr'><strong>-έ</strong></span> 
     </span>
    </p>
   </div>
   <div class='ocr_carea' id='block_1_54' title="bbox 338 5146 3610 5231">
    <p class='ocr_par' dir='ltr' id='par_1_54' title="bbox 338 5146 3610 5231">
     <span class='ocr_line' id='line_1_54' title="bbox 338 5146 3610 5231; baseline -0 -16"><span class='ocrx_word' id='word_1_771' title='bbox 338 5160 396 5215; x_wconf 83' lang='lat' dir='ltr'><strong>In</strong></span> <span class='ocrx_word' id='word_1_772' title='bbox 417 5161 543 5217; x_wconf 89' lang='lat' dir='ltr'><strong>cod.</strong></span> <span class='ocrx_word' id='word_1_773' title='bbox 570 5161 656 5226; x_wconf 87' lang='lat'><strong>16,</strong></span> <span class='ocrx_word' id='word_1_774' title='bbox 679 5161 814 5231; x_wconf 92' lang='lat' dir='ltr'><strong>plut.</strong></span> <span class='ocrx_word' id='word_1_775' title='bbox 843 5160 898 5225; x_wconf 92' lang='lat'><strong>9,</strong></span> <span class='ocrx_word' id='word_1_776' title='bbox 920 5159 1013 5230; x_wconf 83' lang='lat' dir='ltr'><strong>qui</strong></span> <span class='ocrx_word' id='word_1_777' title='bbox 1048 5157 1166 5212; x_wconf 83' lang='lat' dir='ltr'><strong>Nili</strong></span> <span class='ocrx_word' id='word_1_778' title='bbox 1194 5155 1437 5209; x_wconf 87' lang='lat' dir='ltr'><strong>monachi</strong></span> <span class='ocrx_word' id='word_1_779' title='bbox 1466 5157 1613 5210; x_wconf 83' lang='lat' dir='ltr'><strong>varia</strong></span> <span class='ocrx_word' id='word_1_780' title='bbox 1643 5154 1903 5217; x_wconf 90' lang='lat' dir='ltr'><strong>continet,</strong></span> <span class='ocrx_word' id='word_1_781' title='bbox 1923 5165 2050 5211; x_wconf 85' lang='lat' dir='ltr'><strong>sunt</strong></span> <span class='ocrx_word' id='word_1_782' title='bbox 2078 5157 2235 5226; x_wconf 87' lang='lat' dir='ltr'><strong>plura</strong></span> <span class='ocrx_word' id='word_1_783' title='bbox 2260 5171 2327 5210; x_wconf 81' lang='lat' dir='ltr'><strong>ex</strong></span> <span class='ocrx_word' id='word_1_784' title='bbox 2350 5155 2618 5208; x_wconf 76' lang='lat' dir='ltr'><strong>Ancorato</strong></span> <span class='ocrx_word' id='word_1_785' title='bbox 2643 5164 2918 5225; x_wconf 82' lang='lat' dir='ltr'><strong>excerpta.</strong></span> <span class='ocrx_word' id='word_1_786' title='bbox 2978 5156 3255 5229; x_wconf 89' lang='lat' dir='ltr'><strong>(Bandin.,</strong></span> <span class='ocrx_word' id='word_1_787' title='bbox 3288 5157 3329 5223; x_wconf 93' lang='grc'><strong>1,</strong></span> <span class='ocrx_word' id='word_1_788' title='bbox 3379 5173 3433 5227; x_wconf 86' lang='lat' dir='ltr'><strong>p.</strong></span> <span class='ocrx_word' id='word_1_789' title='bbox 3459 5146 3610 5216; x_wconf 76' lang='grc'><strong>415.)</strong></span> 
     </span>
    </p>
   </div>
   <div class='ocr_carea' id='block_1_55' title="bbox 340 5252 3609 5328">
    <p class='ocr_par' dir='ltr' id='par_1_55' title="bbox 340 5252 3609 5328">
     <span class='ocr_line' id='line_1_55' title="bbox 340 5252 3609 5328; baseline 0 -18"><span class='ocrx_word' id='word_1_790' title='bbox 340 5255 478 5311; x_wconf 83' lang='grc' dir='ltr'><strong>-Ει</strong></span> <span class='ocrx_word' id='word_1_791' title='bbox 500 5256 555 5311; x_wconf 90' lang='lat' dir='ltr'><strong>in</strong></span> <span class='ocrx_word' id='word_1_792' title='bbox 583 5256 708 5311; x_wconf 88' lang='lat' dir='ltr'><strong>cod.</strong></span> <span class='ocrx_word' id='word_1_793' title='bbox 742 5257 802 5321; x_wconf 90' lang='lat'><strong>1,</strong></span> <span class='ocrx_word' id='word_1_794' title='bbox 832 5275 891 5312; x_wconf 92' lang='lat' dir='ltr'><strong>n.</strong></span> <span class='ocrx_word' id='word_1_795' title='bbox 916 5258 1006 5325; x_wconf 73' lang='grc'><strong>24,</strong></span> <span class='ocrx_word' id='word_1_796' title='bbox 1040 5256 1288 5328; x_wconf 84' lang='lat' dir='ltr'><strong>quaedam</strong></span> <span class='ocrx_word' id='word_1_797' title='bbox 1316 5270 1380 5311; x_wconf 76' lang='lat' dir='ltr'><strong>es</strong></span> <span class='ocrx_word' id='word_1_798' title='bbox 1414 5255 1553 5311; x_wconf 88' lang='lat' dir='ltr'><strong>libro</strong></span> <span class='ocrx_word' id='word_1_799' title='bbox 1582 5275 1600 5310; x_wconf 79' lang='grc' dir='ltr'><strong>ι</strong></span> <span class='ocrx_word' id='word_1_800' title='bbox 1628 5253 1704 5309; x_wconf 86' lang='lat' dir='ltr'><strong>De</strong></span> <span class='ocrx_word' id='word_1_801' title='bbox 1727 5257 2010 5312; x_wconf 62' lang='lat' dir='ltr'><strong>han-etrbus</strong></span> <span class='ocrx_word' id='word_1_802' title='bbox 2032 5255 2253 5325; x_wconf 90' lang='lat' dir='ltr'><strong>(Band.,</strong></span> <span class='ocrx_word' id='word_1_803' title='bbox 2281 5257 2323 5322; x_wconf 91' lang='lat' dir='ltr'><strong>l,</strong></span> <span class='ocrx_word' id='word_1_804' title='bbox 2354 5271 2408 5326; x_wconf 92' lang='lat' dir='ltr'><strong>p.</strong></span> <span class='ocrx_word' id='word_1_805' title='bbox 2444 5252 2729 5324; x_wconf 73' lang='lat' dir='ltr'><strong>469).—ln</strong></span> <span class='ocrx_word' id='word_1_806' title='bbox 2757 5255 2879 5310; x_wconf 89' lang='lat' dir='ltr'><strong>cod.</strong></span> <span class='ocrx_word' id='word_1_807' title='bbox 2903 5254 2993 5320; x_wconf 85' lang='grc'><strong>21,</strong></span> <span class='ocrx_word' id='word_1_808' title='bbox 3026 5254 3161 5325; x_wconf 92' lang='lat' dir='ltr'><strong>plut.</strong></span> <span class='ocrx_word' id='word_1_809' title='bbox 3194 5255 3285 5320; x_wconf 84' lang='lat'><strong>59,</strong></span> <span class='ocrx_word' id='word_1_810' title='bbox 3314 5255 3609 5327; x_wconf 85' lang='lat' dir='ltr'><strong>fragment.</strong></span> 
     </span>
    </p>
   </div>
   <div class='ocr_carea' id='block_1_56' title="bbox 408 5461 2370 5535">
    <p class='ocr_par' dir='ltr' id='par_1_56' title="bbox 408 5461 2370 5535">
     <span class='ocr_line' id='line_1_56' title="bbox 408 5461 2370 5535; baseline -0.003 -16"><span class='ocrx_word' id='word_1_811' title='bbox 408 5465 488 5535; x_wconf 88' lang='lat' dir='ltr'><strong>(a)</strong></span> <span class='ocrx_word' id='word_1_812' title='bbox 527 5463 837 5522; x_wconf 82' lang='lat' dir='ltr'><strong>Tillemont.</strong></span> <span class='ocrx_word' id='word_1_813' title='bbox 871 5465 909 5520; x_wconf 89' lang='grc'><strong>1.</strong></span> <span class='ocrx_word' id='word_1_814' title='bbox 943 5480 1016 5535; x_wconf 77' lang='lat' dir='ltr'><strong>e.,</strong></span> <span class='ocrx_word' id='word_1_815' title='bbox 1048 5463 1177 5520; x_wconf 87' lang='lat' dir='ltr'><strong>Not.</strong></span> <span class='ocrx_word' id='word_1_816' title='bbox 1208 5467 1261 5531; x_wconf 93' lang='lat'><strong>5,</strong></span> <span class='ocrx_word' id='word_1_817' title='bbox 1297 5466 1479 5535; x_wconf 83' lang='lat' dir='ltr'><strong>docet,</strong></span> <span class='ocrx_word' id='word_1_818' title='bbox 1509 5464 1772 5535; x_wconf 90' lang='lat' dir='ltr'><strong>scriptum</strong></span> <span class='ocrx_word' id='word_1_819' title='bbox 1801 5477 1925 5518; x_wconf 87' lang='lat' dir='ltr'><strong>esse</strong></span> <span class='ocrx_word' id='word_1_820' title='bbox 2034 5478 2086 5532; x_wconf 92' lang='lat' dir='ltr'><strong>p.</strong></span> <span class='ocrx_word' id='word_1_821' title='bbox 2110 5461 2370 5535; x_wconf 68' lang='lat' dir='ltr'><strong>297__sqq_.</strong></span> 
     </span>
    </p>
   </div>
   <div class='ocr_carea' id='block_1_57' title="bbox 340 5529 1857 5601">
    <p class='ocr_par' dir='ltr' id='par_1_57' title="bbox 340 5529 1639 5591">
     <span class='ocr_line' id='line_1_57' title="bbox 340 5529 1639 5591; baseline 0.001 -4"><span class='ocrx_word' id='word_1_822' title='bbox 340 5529 664 5589; x_wconf 68' lang='lat' dir='ltr'><strong>Auroramm</strong></span> <span class='ocrx_word' id='word_1_823' title='bbox 694 5545 820 5590; x_wconf 85' lang='lat' dir='ltr'><strong>ante</strong></span> <span class='ocrx_word' id='word_1_824' title='bbox 849 5536 922 5590; x_wconf 81' lang='grc'><strong>25</strong></span> <span class='ocrx_word' id='word_1_825' title='bbox 951 5534 1109 5590; x_wconf 84' lang='lat' dir='ltr'><strong>Febr.</strong></span> <span class='ocrx_word' id='word_1_826' title='bbox 1142 5551 1190 5589; x_wconf 89' lang='lat' dir='ltr'><strong>a.</strong></span> <span class='ocrx_word' id='word_1_827' title='bbox 1221 5529 1345 5591; x_wconf 75' lang='grc'><strong>574.</strong></span> <span class='ocrx_word' id='word_1_828' title='bbox 1381 5529 1551 5590; x_wconf 64' lang='lat' dir='ltr'><strong>Hanc.</strong></span> <span class='ocrx_word' id='word_1_829' title='bbox 1622 5529 1639 5535; x_wconf 73' lang='grc'><em>’</em></span> 
     </span>
    </p>
   </div>
   <div class='ocr_carea' id='block_1_58' title="bbox 2089 5529 3606 5601">
    <p class='ocr_par' dir='ltr' id='par_1_58' title="bbox 2106 5529 3606 5601">
     <span class='ocr_line' id='line_1_58' title="bbox 2106 5529 3606 5601; baseline -0.005 -11"><span class='ocrx_word' id='word_1_830' title='bbox 2106 5534 2176 5601; x_wconf 80' lang='lat' dir='ltr'><strong>lc)</strong></span> <span class='ocrx_word' id='word_1_831' title='bbox 2216 5529 2377 5585; x_wconf 65' lang='lat' dir='ltr'><strong>Cotti”.</strong></span> <span class='ocrx_word' id='word_1_832' title='bbox 2404 5531 2465 5585; x_wconf 89' lang='lat' dir='ltr'><strong>C.</strong></span> <span class='ocrx_word' id='word_1_833' title='bbox 2498 5531 2562 5586; x_wconf 87' lang='lat' dir='ltr'><strong>G.</strong></span> <span class='ocrx_word' id='word_1_834' title='bbox 2595 5531 2656 5586; x_wconf 85' lang='lat' dir='ltr'><strong>F.</strong></span> <span class='ocrx_word' id='word_1_835' title='bbox 2692 5530 2882 5601; x_wconf 78' lang='lat' dir='ltr'><strong>Walcb</strong></span> <span class='ocrx_word' id='word_1_836' title='bbox 2912 5529 2948 5583; x_wconf 89' lang='lat' dir='ltr'><strong>l.</strong></span> <span class='ocrx_word' id='word_1_837' title='bbox 2979 5543 3027 5584; x_wconf 91' lang='lat' dir='ltr'><strong>c.</strong></span> <span class='ocrx_word' id='word_1_838' title='bbox 3049 5570 3071 5601; x_wconf 15' lang='grc' dir='ltr'><strong>,ί</strong></span> <span class='ocrx_word' id='word_1_839' title='bbox 3096 5529 3164 5601; x_wconf 79' lang='grc'><strong>111</strong></span> <span class='ocrx_word' id='word_1_840' title='bbox 3189 5572 3202 5591; x_wconf 96' lang='grc'><strong>,</strong></span> <span class='ocrx_word' id='word_1_841' title='bbox 3235 5546 3287 5599; x_wconf 85' lang='lat' dir='ltr'><strong>p.</strong></span> <span class='ocrx_word' id='word_1_842' title='bbox 3319 5530 3606 5601; x_wconf 71' lang='lat' dir='ltr'><strong>181_sqq.,_</strong></span> 
     </span>
    </p>
   </div>
   <div class='ocr_carea' id='block_1_59' title="bbox 414 5598 3611 5671">
    <p class='ocr_par' dir='ltr' id='par_1_59' title="bbox 414 5598 3611 5671">
     <span class='ocr_line' id='line_1_59' title="bbox 414 5598 3611 5671; baseline -0.002 -13"><span class='ocrx_word' id='word_1_843' title='bbox 414 5607 488 5671; x_wconf 90' lang='lat' dir='ltr'><strong>(b)</strong></span> <span class='ocrx_word' id='word_1_844' title='bbox 530 5606 593 5661; x_wconf 75' lang='grc' dir='ltr'>ν.</span> <span class='ocrx_word' id='word_1_845' title='bbox 637 5604 1046 5670; x_wconf 83' lang='lat' dir='ltr'><strong>Walch,Entw.</strong></span> <span class='ocrx_word' id='word_1_846' title='bbox 1077 5607 1221 5659; x_wconf 88' lang='lat' dir='ltr'><strong>einer</strong></span> <span class='ocrx_word' id='word_1_847' title='bbox 1251 5608 1427 5661; x_wconf 86' lang='lat' dir='ltr'><strong>vollst.</strong></span> <span class='ocrx_word' id='word_1_848' title='bbox 1465 5605 1652 5660; x_wconf 81' lang='lat' dir='ltr'><strong>Gesch.</strong></span> <span class='ocrx_word' id='word_1_849' title='bbox 1686 5605 1779 5658; x_wconf 90' lang='lat' dir='ltr'><strong>der</strong></span> <span class='ocrx_word' id='word_1_850' title='bbox 1817 5602 1924 5656; x_wconf 84' lang='lat' dir='ltr'><strong>Ke-</strong></span> <span class='ocrx_word' id='word_1_851' title='bbox 2033 5598 2167 5664; x_wconf 68' lang='grc'><strong>186,</strong></span> <span class='ocrx_word' id='word_1_852' title='bbox 2184 5603 2283 5654; x_wconf 72' lang='grc'><strong>491</strong></span> <span class='ocrx_word' id='word_1_853' title='bbox 2315 5618 2461 5671; x_wconf 76' lang='lat' dir='ltr'><strong>$th.,</strong></span> <span class='ocrx_word' id='word_1_854' title='bbox 2494 5602 2632 5656; x_wconf 78' lang='lat' dir='ltr'><strong>infra</strong></span> <span class='ocrx_word' id='word_1_855' title='bbox 2664 5603 2773 5658; x_wconf 86' lang='lat' dir='ltr'><strong>vol.</strong></span> <span class='ocrx_word' id='word_1_856' title='bbox 2808 5600 2897 5665; x_wconf 78' lang='lat' dir='ltr'><strong>1X,</strong></span> <span class='ocrx_word' id='word_1_857' title='bbox 2932 5617 2983 5669; x_wconf 80' lang='grc' dir='ltr'><strong>ν.</strong></span> <span class='ocrx_word' id='word_1_858' title='bbox 3017 5599 3142 5666; x_wconf 83' lang='grc'><strong>592,</strong></span> <span class='ocrx_word' id='word_1_859' title='bbox 3193 5611 3304 5657; x_wconf 80' lang='lat' dir='ltr'><strong>not.</strong></span> <span class='ocrx_word' id='word_1_860' title='bbox 3330 5601 3397 5653; x_wconf 87' lang='lat' dir='ltr'><strong>de</strong></span> <span class='ocrx_word' id='word_1_861' title='bbox 3426 5598 3611 5653; x_wconf 75' lang='lat' dir='ltr'><strong>l’liotii</strong></span> 
     </span>
    </p>
   </div>
   <div class='ocr_carea' id='block_1_60' title="bbox 344 5672 2282 5744">
    <p class='ocr_par' dir='ltr' id='par_1_60' title="bbox 344 5672 2282 5744">
     <span class='ocr_line' id='line_1_60' title="bbox 344 5672 2282 5744; baseline -0.004 -9"><span class='ocrx_word' id='word_1_862' title='bbox 344 5679 587 5743; x_wconf 73' lang='lat' dir='ltr'><strong>tzereien,</strong></span> <span class='ocrx_word' id='word_1_863' title='bbox 615 5688 743 5743; x_wconf 88' lang='lat' dir='ltr'><strong>etc.,</strong></span> <span class='ocrx_word' id='word_1_864' title='bbox 777 5685 909 5732; x_wconf 91' lang='lat' dir='ltr'><strong>tom.</strong></span> <span class='ocrx_word' id='word_1_865' title='bbox 938 5676 1025 5743; x_wconf 92' lang='lat' dir='ltr'><strong>IlI,</strong></span> <span class='ocrx_word' id='word_1_866' title='bbox 1052 5692 1107 5742; x_wconf 82' lang='grc' dir='ltr'><strong>ι).</strong></span> <span class='ocrx_word' id='word_1_867' title='bbox 1135 5677 1236 5731; x_wconf 87' lang='grc'><strong>577</strong></span> <span class='ocrx_word' id='word_1_868' title='bbox 1272 5694 1381 5744; x_wconf 86' lang='lat' dir='ltr'><strong>sq.,</strong></span> <span class='ocrx_word' id='word_1_869' title='bbox 1412 5686 1461 5731; x_wconf 88' lang='lat' dir='ltr'><strong>et</strong></span> <span class='ocrx_word' id='word_1_870' title='bbox 1488 5676 1766 5741; x_wconf 80' lang='lat' dir='ltr'><strong>Lambec.,</strong></span> <span class='ocrx_word' id='word_1_871' title='bbox 1789 5674 1928 5740; x_wconf 82' lang='lat' dir='ltr'><strong>Vlli,</strong></span> <span class='ocrx_word' id='word_1_872' title='bbox 2038 5674 2157 5727; x_wconf 83' lang='lat' dir='ltr'><strong>cod.</strong></span> <span class='ocrx_word' id='word_1_873' title='bbox 2194 5672 2282 5727; x_wconf 76' lang='grc'><strong>52.</strong></span> 
     </span>
    </p>
   </div>
  </div>
