3808 6108
1348 205 1629 265 NOTITIA
1667 210 1736 265 IN
1773 211 1829 266 S.
1866 212 2310 272 EPIPHANIUM.
3368 234 3444 280 VII

214 315 379 411 operis-
409 317 641 382 Ancora,
697 333 742 371 s.
773 318 1062 388 expositio,
1093 328 1220 384 etc.,
1245 321 1535 395 inscripti;
1562 330 1859 397 praemissis
1901 331 2022 386 Vita
2050 333 2338 405 Epiphanii
2379 347 2433 393 et
2459 339 2708 408 Epistolis
2739 341 2954 396 Matidii
2971 383 2986 407 ,
3013 332 3142 405 etc.,
3168 358 3229 395 ac
3257 341 3448 396 Palla-

213 411 282 466 dii
309 413 373 464 ad
405 413 555 466 illum
582 414 800 485 (Band.,
839 416 901 479 Ιῐ,
929 432 982 485 p.
1013 418 1160 488 558).
1192 419 1436 490 Denique
1475 426 1527 478 in
1574 427 1695 480 cod.
1723 427 1776 489 8,
1807 443 1860 482 n.
1897 429 1988 494 20,
2027 431 2115 485 ubi
2147 443 2396 504 excerpta
2430 436 2726 507 theologica
2758 440 2823 494 de
2849 439 3048 508 Spiritu
3091 448 3282 494 sancto
3322 448 3448 494 sunt

215 510 444 574 collecta,
473 510 767 564 laudantur
792 528 1010 582 quoque
1035 513 1150 568 loca
1185 529 1248 569 ex
1285 515 1573 586 Epiphanii
1599 522 1881 574 .Aucorato
1915 522 2112 594 (Band.
2147 525 2237 592 lll,
2264 544 2316 596 p.
2350 529 2497 596 524).
2525 529 2788 586 -—Oxon.
2825 533 2878 587 in
2905 532 3026 588 cod.
3067 530 3286 586 Barocc.
3320 529 3448 591 206.

216 623 254 660 s.
290 605 552 659 Anastasii
590 605 884 669 Question.
917 616 967 660 et
995 626 1254 676 respons.,
1281 621 1412 666 sunt
1437 613 1556 668 loca
1585 629 1651 668 ex
1682 614 1970 686 Epiphanii
2001 619 2268 673 Ancorato
2289 660 2302 682 ,
2329 637 2392 676 ex
2429 623 2570 678 libro
2599 623 2674 678 De
2707 624 2968 691 lapidibus
2997 623 3049 676 in
3075 623 3329 690 pectorali
3361 639 3451 675 sa-

215 701 444 762 cerdotis,
476 710 530 754 et
560 701 614 754 in
644 702 764 756 aliis
791 703 856 756 de
888 702 1111 757 CXXII
1143 707 1413 776 prophetis
1447 719 1496 762 et
1525 712 1887 780 praphetissis,
1921 723 1971 766 et
2001 715 2065 767 de
2093 713 2232 768 XVI
2269 719 2530 786 prophetis
2557 735 2619 772 ac
2643 727 2808 772 morte
2835 719 3165 786 ipsorum.—
3193 715 3366 771 Paris.
3398 716 3451 768 in

217 788 336 878 bibl.
359 788 506 856 publ.
541 790 662 843 cod.
697 789 820 855 855,
855 789 1138 861 Epiphanii
1164 814 1176 848 :
1210 797 1259 859 1,
1284 797 1506 852 Panarii
1539 801 1674 857 liber
1710 804 1938 871 tertius;
1971 805 2026 868 2,
2051 807 2460 874 Aucoratus;5,
2489 807 2711 862 Panarii
2739 810 2962 878 epitomc
2982 826 2999 873 ;
3020 809 3075 874 4,
3107 809 3200 862 lib.
3230 807 3303 860 De
3324 823 3452 875 pon-

215 877 408 932 deribus
431 889 480 932 et
514 882 927 936 mcnsuris.—ln
957 884 1212 940 Tbomasi
1240 885 1459 960 Iosephi
1481 891 1664 946 Marias
1685 893 2022 950 Institution.
2049 898 2353 968 tlteologicis
2374 900 2705 969 antiquorum
2742 877 2968 952 Patrum
3000 895 3087 968 (Ill
3117 897 3241 950 voll.
3268 896 3453 950 Romae

214 989 270 1026 cx
295 974 605 1043 typograph.
636 985 946 1046 congregat.
972 977 1044 1034 De
1071 985 1418 1052 propaganda
1450 986 1574 1052 ﬁde,
1608 987 1765 1052 1709,
1800 989 1958 1055 1710,
1995 991 2148 1054 I712,
2183 992 2258 1055 8°,
2279 1001 2333 1046 et
2361 991 2514 1057 1769,
2535 994 2616 1061 4ο)
2638 1001 2722 1047 est
2748 992 2800 1045 iu
2837 992 2943 1046 vol.
2979 991 3138 1044 tertio
3158 989 3452 1058 Epiphanii

218 1065 518 1128 Ancoratus,
542 1065 706 1119 brevis
721 1071 977 1136 expositio
997 1072 1122 1139 fidei
1145 1077 1438 1146 catholica’,
1464 1089 1625 1150 atque
1642 1083 2120 1152 Anacephalazosis,
2145 1085 2236 1140 Gr.
2254 1102 2316 1140 ac
2333 1085 2451 1141 Lat.
2481 1102 2602 1142 cum
2632 1086 2794 1140 variis
2817 1085 3107 1140 emendatt.
3122 1084 3322 1154 quibus
3354 1083 3453 1136 Pe-

215 1154 327 1207 tavii
351 1154 516 1208 editio
541 1157 748 1212 erudite
774 1161 1090 1229 castigatur.
1113 1163 1177 1219 V.
1201 1166 1347 1236 Lips.
1387 1171 1505 1225 Act.
1545 1173 1698 1228 erud.
1732 1175 1796 1228 Α.
1833 1175 1992 1239 1714,
2017 1192 2089 1229 m.
2114 1175 2296 1242 Mart.,
2328 1177 2624 1246 p.123sq.,
2654 1186 2707 1230 et
2733 1175 2916 1241 Fabr.,
2945 1173 3084 1228 infra
3103 1176 3155 1228 in
3173 1174 3278 1228 vol.
3310 1169 3451 1236 Xlll,

214 1260 262 1313 p.
294 1246 390 1301 749
424 1263 544 1318 sqq.
567 1248 848 1305 Summam
876 1254 1155 1321 Ancorati,
1191 1256 1417 1314 l’anarii
1453 1269 1616 1331 atque
1644 1263 1908 1334 Anaceph.
1939 1265 2063 1321 fecit
2097 1267 2394 1323 SCllNBCkh
2425 1269 2462 1322 l.
2489 1282 2561 1334 c.,
2586 1282 2710 1338 pag.
2740 1265 2923 1332 14-96,
2949 1275 3003 1320 et
3029 1273 3282 1334 excerpta
3308 1261 3456 1318 dedit

215 1339 426 1396 Roesler
455 1342 510 1396 in
548 1343 690 1399 Bibl.
717 1346 812 1400 der
839 1346 1241 1416 Kirchenvater,
1277 1365 1410 1410 tom.
1446 1355 1512 1410 Vl
1533 1396 1548 1423 ,
1582 1374 1634 1429 p.
1662 1359 1695 1412 4
1719 1375 1841 1430 sqq.
1885 1359 2052 1417 HARL.

275 1453 326 1508 2.
358 1453 665 1523 Πανάριον,
694 1456 914 1523 arcula,
957 1458 1071 1514 sive
1111 1463 1436 1531 canistrum,
1470 1466 1688 1536 plenum
1725 1485 1782 1522 re

1895 1470 1979 1526 liis
2018 1472 2280 1527 adversus
2321 1487 2532 1527 venena
2579 1467 2868 1526 haeresium
2903 1479 3070 1519 Lxxx.
3121 1463 3264 1518 Αὐτὸ
3297 1462 3456 1515 τοῦτο

216 1551 471 1620 Πανάριον
504 1549 601 1605 εἴτ’
627 1545 719 1607 οὖν
749 1551 1000 1609 κιϐώτιον
1031 1558 1290 1628 ἰατρικὸν,
1330 1561 1424 1614 καὶ
1458 1562 1894 1634 θηριοδηκτικὸύ,
1931 1567 2067 1637 ὅπερ
2093 1566 2210 1620 ἐστὶ
2239 1566 2327 1619 διὰ
2370 1567 2588 1638 βιϐλίων
2621 1564 2790 1639 τριῶν
2814 1564 3055 1634 αἱρέσεις
3089 1561 3451 1630 ὀγδοήκοντα,

216 1644 401 1708 αἵτινές
430 1646 535 1698 εἰσι
567 1644 769 1716 θηρίων
797 1646 896 1699 εἴτ’
923 1641 1014 1700 οὖν
1045 1649 1289 1719 ἑρπετῶν
1318 1650 1616 1722 αἰνίγματα.
1646 1651 1716 1720 (s.
1746 1653 1783 1704 δ·

1897 1657 2043 1726 ara).
2080 1654 2170 1711 Sic
2199 1655 2537 1727 Epiphanius
2583 1658 2726 1726 ipse,
2760 1654 2974 1708 titulum
3011 1652 3191 1722 operis
3232 1650 3316 1706 sui
3357 1665 3456 1703 ex-

215 1735 411 1804 plicans
443 1736 497 1790 in
527 1737 958 1807 Anacephalwosi
983 1749 1037 1793 et
1066 1739 1120 1793 in
1151 1739 1391 1808 Epistola
1419 1740 1486 1792 ad
1519 1741 1768 1794 Acacium
1810 1754 1858 1797 et
1898 1743 2130 1797 Paulum
2153 1786 2165 1808 ,
2198 1747 2541 1817 presbyteros
2572 1755 2624 1798 et
2656 1741 3120 1800 archimandritas
3148 1741 3200 1794 in
3235 1739 3460 1810 regione

213 1830 678 1890 Carchedonensis
704 1842 757 1889 et
782 1833 999 1889 Beroeaa
1025 1833 1204 1888 Cocles
1233 1833 1425 1904 Syriae,
1461 1849 1490 1888 a
1524 1835 1722 1904 quibus
1746 1835 1814 1889 ad
1849 1836 2217 1892 confutandos
2244 1837 2527 1892 haereticos
2559 1836 2822 1891 invitatus
2848 1841 2930 1889 est
2957 1849 3100 1888 anno
3131 1830 3458 1895 Diocletiani

212 1943 328 1993 xcu,
362 1928 735 1985 Valentiniani
764 1939 817 1984 et
849 1929 1092 1986 Valentis
1117 1930 1464 1996 duodecimo,
1498 1930 1743 1986 Gratiani
1772 1943 1966 1988 octavo
2019 1933 2120 2004 (a),
2158 1934 2263 1987 hoc
2307 1942 2392 1987 est
2419 1933 2484 1987 Α.
2517 1931 2578 1987 C.
2629 1932 2754 1997 575,
2807 1946 2905 2002 per
2939 1928 3250 1998 epistolam,
3291 1942 3459 1996 quam

210 2023 425 2092 pertulit
462 2022 748 2080 Marcellus
778 2025 1036 2096 quidam,
1075 2032 1129 2077 et
1158 2036 1280 2092 quae
1327 2036 1451 2075 cum
1499 2020 1788 2092 Epiphanii
1833 2024 2190 2092 responsione
2225 2023 2486 2087 Panario,
2542 2032 2713 2077 tutum
2751 2022 2904 2092 prius
2937 2019 3198 2074 volumen
3239 2019 3292 2072 in
3324 2019 3456 2074 edit.

210 2113 380 2170 Petav.
436 2115 710 2186 implenti,
739 2115 1105 2186 praemittitur.
1131 2111 1399 2180 Πανάρια
1430 2121 1627 2166 vocant
1669 2113 1990 2167 Anastasius
2048 2111 2280 2175 Sinaita,
2332 2111 2561 2166 Pliotius
2607 2112 2728 2166 cud.
2795 2109 2919 2175 121,
2953 2107 3152 2163 Suidas
3185 2125 3198 2161 :
3231 2106 3454 2162 Arethas

208 2207 259 2260 in
285 2207 602 2276 Apocalyps.
636 2222 695 2260 ιιι
722 2215 774 2260 et
800 2221 876 2271 νι,
911 2203 1199 2274 Παναρίων
1234 2203 1457 2274 βιϐλίον.
1486 2202 1648 2257 Micb.
1679 2201 1783 2273 Glyr

1907 2201 2080 2269 Epist.
2109 2203 2178 2254 ad
2225 2201 2411 2254 Nilum
2451 2203 2785 2266 monachum,
2838 2201 2980 2271 apud
3015 2200 3178 2254 Allat.
3206 2216 3328 2271 pag.
3369 2201 3460 2266 29,

207 2296 282 2351 De
306 2297 638 2368 purgatorio.
675 2295 948 2367 Πανάριον
981 2295 1273 2365 Epiphanii
1310 2295 1530 2350 codices
1557 2302 1612 2350 et
1643 2291 2012 2349 0Ecumenius
2069 2295 2127 2347 in
2170 2293 2347 2363 Epist.
2382 2294 2560 2357 ludas,
2593 2310 2714 2364 pag.
2757 2294 2885 2350 546.
2923 2293 3174 2348 Laudant
3202 2303 3462 2362 prieterea

208 2389 306 2444 hoc
326 2390 594 2444 adversus
627 2388 864 2442 haareses
887 2402 1024 2455 Opus
1055 2387 1302 2456 plerique
1329 2394 1565 2452 veteres,
1602 2394 1663 2439 ut
1693 2383 2059 2456 Hieronymus
2090 2393 2145 2439 et
2175 2385 2268 2454 qui
2297 2384 2447 2456 ἱερὰν
2480 2384 2660 2454 βίϐλον
2692 2392 2851 2440 vocat
2875 2381 3196 2439 Theodorus
3222 2383 3460 2451 Studita,

207 2479 293 2535 lib.
322 2495 360 2547 ι,
394 2479 560 2550 epist.
589 2478 678 2532 40.
708 2477 786 2531 Ex
815 2475 1114 2546 Epiphanio
1147 2475 1345 2529 librum
1390 2489 1551 2529 suum
1582 2473 1658 2527 De
1692 2475 1978 2528 haresibus
2021 2474 2300 2544 excerpsit
2343 2473 2393 2527 J.
2433 2474 2826 2535 Damascenus.
2859 2472 3032 2544 Igitur
3077 2482 3132 2528 et
3176 2473 3230 2526 in
3272 2474 3463 2529 codice

205 2587 304 2626 ms.
321 2570 756 2635 Vindobonensi,
780 2571 922 2639 apud
946 2568 1322 2632 Lambecium,
1345 2567 1481 2633 Vlll,
1503 2584 1558 2638 p.
1579 2567 1684 2623 426
1698 2567 1774 2640 (ὁ)

1899 2569 2131 2624 masceni
2146 2569 2284 2623 liber
2305 2567 2627 2622 inscribitur
2660 2568 2768 2622 Τοῦ
2787 2568 3086 2637 μακαρίου
3117 2569 3464 2636 Ἐπιφανίου

207 2660 540 2716 ἐπισκόπου
581 2663 822 2730 Κύπρου
865 2661 1144 2730 διήγησις
1177 2663 1477 2730 σύντομος
1511 2660 1635 2715 τῶν
1678 2640 2035 2716 ἐκτὲθεισῶν
2058 2661 2347 2730 αἱρέσεων
2377 2662 2591 2716 πασῶν
2613 2661 2745 2730 ἤτοι
2777 2660 3105 2731 δογμάτων.
3144 2661 3375 2716 Secutus
3412 2672 3464 2717 et

206 2753 571 2823 Epiphanium
597 2751 924 2806 Philastrius
951 2761 1053 2816 est,
1090 2753 1217 2808 licet
1268 2767 1378 2807 non
1412 2751 1597 2806 laudet
1647 2751 1715 2806 de
1749 2754 1988 2817 nomine,
2015 2751 2092 2805 uti
2124 2765 2224 2805 nec
2254 2750 2649 2816 Theodoretus,
2702 2753 2770 2810 de
2817 2770 2927 2826 quo
2977 2756 3120 2821 vide,
3163 2756 3211 2812 si
3265 2757 3461 2825 placet,

208 2841 530 2900 Garnerium
565 2845 619 2898 in
651 2844 909 2899 Auctario
936 2839 1176 2910 Operum
1210 2839 1576 2906 Theodoreti,
1608 2855 1733 2911 pag.
1771 2839 1899 2904 245,
1931 2840 2056 2904 489,
2089 2840 2214 2896 491.
2244 2839 2580 2909 Augustinus
2615 2858 2744 2899 vero
2772 2859 2881 2899 non
2915 2845 3128 2901 videtur
3166 2847 3465 2920 Panarium

205 2934 488 3007 Epiphanii
517 2939 734 3009 legisse,
772 2952 948 3007 neque
994 2936 1559 3003 Ἁνακεφαλαίωσιν,
1593 2950 1758 3003 quam
1819 2933 2108 2997 habemus,
2135 2935 2230 2990 sed
2265 2936 2485 2990 tertium
2521 2935 2740 3006 aliquod
2769 2937 2838 2992 de
2863 2938 3163 2994 haeresibus
3206 2954 3364 3008 opus,
3408 2939 3463 2994 in

207 3045 298 3084 sex
323 3032 518 3087 breves
544 3033 807 3087 tributum
842 3032 1073 3097 libellos,
1118 3040 1178 3087 ut
1222 3043 1414 3090 narrat
1467 3034 1523 3088 in
1550 3032 1712 3088 Prtef.
1744 3040 1798 3086 et
1841 3030 2033 3086 haeresi
2075 3047 2214 3098 LVII,
2245 3037 2306 3084 ut
2345 3031 2480 3086 adeo
2511 3031 2579 3086 de
2613 3033 2915 3088 haeresibus
2947 3034 3055 3090 illis
3089 3036 3365 3104 octoginta
3407 3035 3461 3089 in

205 3121 450 3190 pluribus
482 3123 704 3192 scriptis
745 3123 862 3178 suis
893 3121 1233 3191 disseruerit,
1288 3125 1398 3180 nisi
1437 3123 1984 3192 Ἀνακεςραλαίωσιν
2019 3121 2075 3175 in
2110 3135 2202 3176 sex
2235 3120 2448 3176 libellos
2480 3121 2610 3175 olim
2655 3122 2918 3180 tributam
2967 3124 3138 3180 fuisse
3189 3124 3460 3188 dicamus,

209 3216 282 3270 uti
311 3216 612 3271 Panarium
641 3218 820 3287 ipsum
851 3216 1110 3272 dividitur
1143 3216 1198 3269 in
1230 3215 1402 3271 libros
1432 3227 1566 3280 tres,
1596 3225 1651 3270 et
1679 3214 1805 3268 libri
1856 3213 2057 3284 singuli
2092 3213 2290 3268 iterum
2320 3211 2378 3266 in
2409 3220 2606 3277 tomos,
2634 3215 2848 3283 primus
2879 3217 2933 3271 in
2969 3225 3101 3281 tres,
3143 3217 3326 3271 caeteri
3352 3216 3464 3270 duo

205 3306 258 3362 in
285 3311 467 3380 binos,
501 3319 565 3367 ut
589 3321 794 3382 septem
822 3311 949 3366 libri
995 3309 1282 3380 prodeant.
1314 3311 1631 3366 Auditorem
1672 3309 1967 3378 alloquitur
2020 3301 2356 3378 Epiphanius
2409 3309 2604 3364 haeresi
2639 3325 2797 3377 utv,
2832 3309 2866 3363 5
2899 3324 2913 3360 :
2945 3309 3133 3372 Ὅπως
3161 3307 3376 3379 γνῴης,
3418 3301 3464 3361 ὧ

206 3400 456 3469 φιλόκαλε
485 3404 755 3472 ἀκροατά,
785 3405 1009 3473 perinde
1039 3415 1100 3459 ut
1138 3405 1191 3459 in
1227 3404 1369 3460 libro
1400 3405 1473 3460 De
1520 3405 1781 3460 mensuris

1901 3402 2237 3472 ponderibus,
2269 3417 2318 3456 c.
2359 3401 2416 3465 2,
2458 3402 2749 3456 ἐπίστασαι
2781 3401 2960 3468 τοῦτο,
2989 3397 3032 3456 ὦ
3067 3402 3329 3473 ἁκροατά.
3373 3400 3464 3456 Sic

207 3505 392 3552 auctor
442 3497 851 3568 redargutionis
895 3500 1211 3585 sgiismatis
1255 3500 1579 3568 Anglicani,
1630 3501 1700 3556 ab
1735 3497 1781 3552 II

1895 3513 1910 3553 ι
1956 3497 2139 3554 editus
2177 3512 2301 3568 pag.
2351 3497 2441 3566 50,
2484 3497 2800 3570 Παρατήρει
2847 3497 2904 3550 δὲ
2950 3497 3045 3551 καὶ
3096 3498 3162 3550 σὺ
3216 3497 3403 3564 πάλιν,
3437 3500 3466 3550 ὁ

275 3804 352 3880 (α)
391 3805 570 3880 Anno
585 3811 823 3869 Gratiani
871 3825 1052 3874 nono,
1087 3807 1332 3866 Valentis
1370 3810 1584 3866 decimo
1612 3813 1787 3875 tertio,
1822 3809 1867 3865 D
1897 3811 2228 3866 mentionem
2263 3811 2328 3866 ad
2359 3827 2414 3865 η.
2453 3813 2478 3866 1
2509 3809 2621 3880 jam
2666 3808 2856 3880 inieci,
2897 3808 3084 3880 paucis
3127 3823 3466 3880 commemo-

207 3874 575 3950 Valentiniani
617 3881 860 3950 junioris
901 3881 1095 3950 primo
1111 3881 1352 3934 scribere
1381 3897 1441 3936 se
1476 3883 1553 3935 ait
1597 3874 1788 3936 haeres.

206 3959 359 4019 um,
403 3945 478 4000 20
501 3987 516 4008 ,
552 3945 684 4004 tom.
723 3953 778 4018 1,
809 3968 861 4019 p.
897 3945 1024 4005 658.
1059 3949 1498 4019 Fsen.—Pagius
1521 3952 1573 4004 in
1600 3950 1788 4005 Critic.

205 4015 430 4082 Baron.,
462 4019 553 4071 ad.
598 4021 663 4074 Α.
696 4015 773 4075 Ο(
794 4015 916 4082 575,
976 4036 1032 4072 ιι.
1060 4019 1147 4083 10,
1194 4036 1248 4087 p.
1279 4015 1406 4077 427:
1444 4029 1574 4076 tom.
1607 4019 1669 4086 V,
1694 4020 1790 4074 de-

207 4091 570 4158 monstravit,
604 4089 896 4144 Panarium
937 4090 1003 4143 A.
1041 4088 1103 4142 C.
1133 4089 1239 4143 574
1266 4091 1681 4158 scriptum'esse
1710 4090 1791 4142 vi-

206 4153 485 4228 deri.Vide
518 4157 667 4214 Saxii
701 4160 916 4224 0nom.,
940 4158 1053 4228 l,p.
1087 4153 1451 4214 425.—Coitf.
1479 4158 1787 4213 Schroeckh

205 4223 504 4299 loco_ante
562 4229 802 4294 laudato,
857 4223 1017 4299 Bale
1071 4229 1335 4299 Diction.,
1386 4245 1438 4282 v.
1492 4229 1784 4299 Epiphania,

205 4309 258 4362 p.
291 4295 361 4347 45
389 4310 502 4364 sq.,
533 4308 648 4351 not.
683 4300 742 4364 Β,
785 4310 838 4354 et
863 4295 1087 4352 Sculteti
1119 4297 1338 4351 Medull.
1378 4295 1647 4369 theologia:
1683 4297 1786 4351 Pa-

207 4375 366 4420 trum.
397 4380 451 4420 ῐ).
486 4367 591 4420 549
618 4385 738 4420 snu.
769 4371 854 4420 ed.
889 4367 1144 4420 Francof.
1179 4367 1348 4420 "ARL.

397 4380 451 4432 p.
486 4370 591 4421 549
618 4385 642 4421 s

271 4386 366 4427 tm,
398 4386 451 4432 p.
486 4386 591 4421 549
618 4386 738 4438 sqq.
769 4386 854 4424 eu.
889 4386 1144 4434 nauem.
1180 4386 1348 4422 IIARL.

271 4434 365 4508 (_b)_
403 4434 539 4508 Pag.
573 4438 676 4491 898
709 4456 829 4508 sqq.
867 4454 992 4491 cum
1031 4449 1144 4491 not.
1172 4437 1433 4508 Kollarii.
1463 4467 1531 4508 —_—
1570 4436 1627 4490 In
1659 4439 1783 4491 cod.

203 4503 432 4576 Coislin.
462 4503 533 4560 54
559 4522 640 4561 est
680 4503 773 4562 fol'.
795 4503 808 4508 ’
830 4509 930 4561 190
961 4523 1118 4562 verso
1156 4507 1438 4576 Epiplianii
1474 4506 1548 4560 De
1574 4508 1786 4560 luvresi-

206 4573 322 4646 bus,
377 4575 415 4628 i.
455 4590 508 4630 e.
553 4593 679 4643 pars
713 4578 883 4646 ipsius
916 4578 1152 4646 epistola:
1176 4573 1524 4630 a'd'Acacium
1552 4587 1602 4630 et
1637 4577 1784 4629 Pau-

203 4642 314 4694 lum
338 4659 360 4690 :
385 4642 695 4714 sequuntur
723 4642 1020 4702 summai-ia
1057 4648 1211 4700 initio
1247 4656 1520 4700 tomorum
1563 4646 1787 4700 Panarii

204 4715 448 4779 praeﬁxa,
499 4732 672 4785 usque
704 4717 770 4770 ad
822 4718 1048 4770 lneresin
1094 4715 1624 4780 Theodotianorum,
1666 4732 1789 4784 qua:

203 4793 284 4854 est
329 4800 425 4837 vm
464 4785 589 4839 libri
614 4803 670 4850 ιι,
716 4798 848 4841 tom.
895 4788 937 4852 1,
985 4786 1078 4839 ιοι.
1113 4795 1292 4839 autem
1331 4785 1453 4850 195,
1490 4787 1684 4854 Epiph.
1719 4788 1786 4839 de

206 4851 400 4907 luere-si
453 4854 906 4910 Massalianorum
951 4857 1068 4910 sine
1116 4856 1292 4917 initio,
1329 4863 1384 4908 et
1429 4851 1619 4908 eodem
1662 4854 1788 4909 folio

203 4935 364 4976 verso
413 4924 613 4978 iterum
660 4927 727 4980 de
769 4925 1112 4979 Massalianis
1173 4941 1239 4979 ex
1273 4923 1597 4978 Theodoreti
1639 4925 1784 4978 Hist.

202 4992 414 5064 c_ccles.,
449 4993 488 5046 Ι.
528 5011 603 5054 1v.
628 5012 678 5050 c.
715 4997 800 5049 10.
835 4994 931 5049 Est
956 4995 1269 5064 autemluti
1296 4996 1518 5048 adnotat
1545 5007 1598 5046 et
1632 4996 1786 5064 plura

204 5061 268 5133 de
291 5074 630 5133 argumento
675 5067 797 5119 cod.
829 5065 1070 5133 disputat
1111 5061 1407 5118 Moutfauc.
1443 5064 1496 5117 in
1527 5061 1782 5116 Biblioth.

204 5128 461 5198 Coisliir.,
494 5148 551 5202 p.
589 5133 676 5201 88)
707 5137 842 5188 liber
868 5128 944 5188 De
975 5135 1260 5189 hazresibus
1285 5150 1316 5188 a
1346 5133 1508 5188 Miclt.
1547 5133 1786 5202 Lequien

205 5212 476 5274 assertus‘
517 5201 568 5256 J.
603 5204 971 5274 Damasceuo,
1006 5204 1302 5274 particulas
1355 5201 1684 5258 memoratas
1723 5219 1790 5256 ex

205 5265 522 5339 Epiphanio
550 5283 601 5327 et
623 5265 967 5328 Theodorcto
990 5265 1043 5328 iit
1069 5289 1230 5328 suum
1258 5274 1450 5326 librum
1475 5273 1541 5327 ad
1566 5275 1788 5326 verbum

205 5340 597 5412 transferente.
636 5374 706 5384 —
744 5343 954 5398 Pariter
1011 5342 1239 5398 Huetius
1292 5343 1786 5412 Philosophumena,

207 5425 330 5487 qua:
359 5411 467 5464 sub
501 5410 754 5492 Origenis
785 5415 1004 5492 nomine
1036 5410 1788 5492 cit'cuntferuntur,Epipha-

207 5481 301 5532 nio
323 5490 524 5534 nostro
555 5481 758 5537 tribuit.
795 5483 899 5537 Per
932 5486 1070 5538 hanc
1104 5484 1448 5538 occasionem
1471 5485 1608 5536 alios
1629 5481 1786 5536 codd.

206 5543 263 5601 in
313 5549 527 5620 quibus
573 5553 867 5622 Hardptor
909 5563 1126 5620 exstat,
1181 5553 1402 5609 omissis
1452 5553 1516 5608 iis
1557 5567 1790 5623 quorum

207 4375 366 4427 trum,
397 4380 451 4432 p.
486 4367 591 4421 549
618 4385 738 4434 sqq.
769 4371 854 4424 ed.
889 4367 1144 4434 Francof.
1179 4367 1348 4422 "ARL.

1893 3882 2046 3936 rabo.
2066 3912 2136 3921 —
2164 3881 2400 3936 Venetiis
2432 3881 2485 3934 in
2512 3877 2642 3934 bibl.
2670 3877 2731 3948 Ii.
2765 3877 2950 3940 Marci,
2978 3879 3098 3948 cod.
3134 3878 3236 3930 125
3268 3881 3463 3948 Epiph.

1894 3949 2154 4004 Panaria.
2188 3950 2331 4014 (Cat.
2363 3952 2514 4004 codd.
2542 3948 2634 4004 Gr.
2673 3947 2825 4010 Vcn.,
2851 3963 2905 4016 p.
2927 3947 3038 4014 71.)
3063 3946 3188 4008 Sed,
3221 3946 3467 4004 animad-

1891 4029 2136 4074 vertente
2166 4022 2234 4074 cl.
2273 4020 2553 4074 Villoison.
2608 4019 2662 4071 in
2705 4017 2958 4071 Anecdot.
2999 4017 3117 4082 (ἕνη
3151 4016 3232 4080 Il,
3278 4034 3330 4085 p.
3360 4020 3467 4074 244

1892 4105 1999 4158 sq.,
2034 4090 2122 4144 ille
2153 4091 2273 4144 cod.
2297 4129 2311 4155 ,
2355 4105 2418 4143 ex
2452 4104 2560 4158 quo
2590 4087 2814 4140 inﬁnitae
2858 4102 3051 4158 eaaque
3086 4088 3308 4140 maximi
3349 4106 3468 4143 mo—

1890 4157 2055 4213 menti
2080 4201 2094 4225 ,
2124 4159 2414 4214 lectionum
2451 4157 2742 4212 varietates
2768 4157 2885 4209 erui
2911 4157 3160 4226 possint,
3203 4174 3308 4210 non
3341 4175 3469 4226 pro»

1891 4230 2054 4292 cedit,
2090 4229 2194 4283 nisi
2230 4229 2296 4283 ad
2329 4229 2424 4282 lib.
2459 4244 2518 4290 ιι,
2555 4244 2605 4282 c.
2629 4227 2685 4288 2,
2726 4225 2950 4290 Panar.,
2981 4241 3034 4295 p.
3067 4227 3192 4290 605,
3228 4227 3312 4281 ed.
3342 4225 3468 4282 7P0.-

1891 4307 2026 4368 tav.,
2057 4300 2283 4368 proinde
2308 4298 2506 4352 desunt
2539 4297 2592 4368 in
2625 4297 2724 4368 illo
2761 4305 2871 4368 tres
2916 4297 3270 4350 Panariorum
3311 4307 3465 4353 tomt.

1884 4367 2014 4421 -Ιιι
2051 4365 2178 4421 bibl.
2209 4367 2434 4422 Coislin.
2468 4367 2588 4421 cod.
2623 4366 2746 4429 56⁵5,
2787 4365 2878 4419 fol.
2910 4368 3003 4420 141
3031 4407 3044 4430 ,
3099 4383 3163 4420 ex
3196 4368 3466 4435 Panariis,

1887 4439 1950 4490 ὲκ
1981 4437 2073 4509 τοῦ
2107 4439 2236 4508 περὶ
2261 4435 2855 4509 πίστεως-λόγου.11)ἰ(1.
2889 4437 3040 4490 locus
3064 4439 3126 4509 tn
3156 4437 3250 4489 τοῦ
3269 4435 3466 4509 "Apion

1886 4508 2151 4578 αἱρέσεως
2183 4505 2460 4560 ἰι-ἱὺυὶιιιι·
2506 4505 2849 4586 Epiphanio;
2891 4517 3080 4587 contra
3116 4507 3170 4560 iu
3207 4509 3324 4587 cod.
3351 4505 3465 4571 ⁷57,

1886 4578 2206 4647 Athanasio.
2339 4575 2660 4647 Montfau_c.,
2689 4575 2831 4647 Bibl.
2861 4575 3109 4641 Co:sltn.,
3150 4579 3346 4647 p.756“)
3378 4595 3464 4647 sq.

1997 4613 2206 4631 ulla-Tuus
2257 4613 2269 4627 1
2291 4615 2304 4629 ο
2339 4613 2660 4638 δνιυυυιαιιυο,
2689 4613 2831 4628 νιν·-
2861 4613 3109 4641 υνοσιιοιοο,
3152 4613 3203 4641 μ’
3242 4613 3346 4631 υνῌ
3378 4613 3464 4641 aq.

1887 4677 1956 4686 —-
1978 4645 2032 4699 In
2069 4647 2196 4700 bibl.
2229 4645 2367 4700 Caes.
2404 4644 2653 4706 Viudob.,
2678 4645 2799 4698 cod.
2831 4661 3007 4710 cum,
3037 4663 3090 4700 ιι.
3131 4644 3179 4710 1’,
3217 4644 3467 4702 Theodo-

1887 4718 1990 4769 reti
2025 4715 2348 4783 Interrogat.
2384 4724 2430 4768 et
2467 4716 2886 4782 responsionibus
2913 4757 2926 4780 ,
2960 4727 3089 4782 etc.,
3142 4719 3470 4773 inter-mixtae

1887 4794 1942 4839 et
1972 4786 2274 4854 subjuncue
2297 4793 2429 4854 sunt.
2448 4785 2816 4852 expositiones
2835 4783 3118 4854 Epiphanii
3144 4802 3210 4840 ex
3226 4786 3468 4841 Panario

1887 4865 1942 4908 et
1969 4853 2294 4926 aliorum.—
2317 4853 2636 4926 ln‘Panario
2654 4860 2688 4926 Α(
2711 4863 2841 4907 ιοιη.
2879 4855 2920 4920 1,
2938 4853 3006 4923 ίι).
3033 4855 3102 4908 24
3125 4857 3211 4910 ed.
3239 4855 3422 4910 Petav.
3448 4859 3467 4926 )

1889 4926 2068 4994 agitur
2097 4925 2164 4979 de
2207 4922 2400 4978 hasresi
2452 4922 2849 4979 Samaritarum
2872 4965 2886 4986 ,
2919 4922 2990 4988 et,
3028 4933 3099 4994 ut
3133 4929 3185 4980 in
3223 4927 3342 4980 cod.
3376 4922 3466 4993 40,

1888 4993 1947 5048 ni
1996 4994 2083 5057 16,
2129 5002 2214 5048 est
2247 4995 2504 5062 auonymi
2556 4994 2798 5062 adnotat.
2847 4993 3104 5048 historica
3145 4997 3212 5048 de
3259 4997 3470 5062 origine

1890 5065 2130 5134 nominis
2160 5061 2575 5134 Samaritarum.
2621 5061 2683 5116 V.
2714 5061 2993 5134 [iambecq
3022 5063 3159 5127 VIII,
3187 5081 3242 5134 p.
3267 5061 3470 5120 828—-

1888 5132 1946 5186 ln
1980 5133 2102 5186 Cat.
2129 5133 2284 5203 codd.
2312 5132 2538 5203 Anglice,
2566 5142 2695 5203 etc.,,
2722 5130 2794 5194 ll,
2827 5132 3061 5187 Londini
3085 5135 3138 5188 in
3175 5130 3303 5190 bibl.
3343 5136 3469 5191 Sio-

1891 5203 2046 5258 nensi
2089 5203 2212 5273 cod.
2249 5202 2302 5266 4,
2344 5202 2408 5256 δ.
2437 5219 2492 5256 n.
2549 5202 2688 5255 4068
2711 5203 3018 5273 ,Ποθιθιοεο
3063 5205 3466 5268 hatreticorum,

1890 5271 2230 5340 excerp‘tisve
2257 5288 2287 5325 e
2321 5273 2509 5343 multis
2531 5272 2847 5343 auctoribiis
2869 5271 3146 5343 praemissa
3188 5285 3314 5330 sunt
3339 5275 3469 5343 Epi-

1892 5343 2075 5411 phanii
2095 5341 2393 5396 snmmaria
2418 5350 2472 5395 et
2500 5343 2553 5394 in
2581 5341 2698 5395 cod.
2720 5343 2745 5394 1
2768 5340 2962 5396 Thom.
2982 5342 3133 5409 Gale,
3153 5361 3198 5398 s.
3225 5361 3278 5398 η.
3304 5340 3466 5408 5855,

1892 5423 1975 5466 est
2008 5411 2211 5479 Epiplt.
2245 5411 2614 5478 compendium
2655 5411 2730 5464 De
2774 5411 3078 5468 htcrcsibus.
3109 5445 3179 5455 —
3209 5415 3384 5469 Paris.
3411 5417 3468 5468 in

1893 5482 2026 5535 bibl.
2052 5481 2201 5549 publ.
2232 5480 2354 5534 cod.
2375 5481 2501 5545 855,
2531 5481 2886 5535 Panariorum
2916 5482 3039 5536 libri
3071 5493 3235 5538 tt-et
3264 5484 3320 5540 in
3341 5485 3465 5539 cod.

1893 5552 2018 5617 855,
2054 5567 2107 5602 ll.
2151 5550 2234 5614 17,
2271 5560 2522 5621 excerpta
2553 5566 2617 5606 ex
2649 5551 2902 5607 Panario.
2948 5551 3020 5606 lu.
