3842 6120
313 231 408 272 vm
1445 214 1731 273 ΝΟΤΙΤΙΑ
1768 212 1830 272 IN

1445 214 1731 273 NOTITIA
1768 212 1838 272 IN
1879 214 1940 272 S.
1977 212 2426 273 EPIPHANIUM.

313 350 613 424 ἀκροατής.
642 349 971 423 Quanquam
1024 364 1155 406 vero
1184 348 1526 422 Epiphanius
1556 366 1736 422 neque
1771 352 1826 407 in
1858 351 2234 410 describendis
2268 350 2573 407 haeresibus
2613 347 2693 418 (a)
2729 361 2947 418 semper
2977 347 3113 402 satis
3157 354 3454 402 accuratus
3494 354 3583 403 est

314 449 378 496 ut
401 442 496 514 qui
523 441 734 498 levibus
758 442 1154 499 auditiunculis
1181 442 1512 513 quandoque
1539 443 1699 499 tidem
1735 443 1811 516 (b)
1850 444 2060 513 habuit,
2097 453 2261 515 atque
2294 441 2641 498 adversarios
2671 447 2862 510 gravat
2888 454 2997 494 non
3026 453 3154 493 raro
3187 438 3482 494 sententiis
3506 436 3604 492 vel

315 537 824 606 consecutionibus,
855 537 924 594 de
948 538 1152 607 quibus
1185 539 1439 596 fortassis
1470 556 1753 612 nunquam
1790 543 2118 614 cogitarant,
2150 555 2331 612 neque
2364 540 2421 595 in
2480 538 2834 595 conlutandis
2879 536 3162 592 erroribus
3187 550 3405 605 semper
3445 549 3608 603 aeque

313 631 443 687 felix
473 640 579 697 est,
612 647 714 688 nec
757 631 950 690 solidis
977 633 1178 703 ubique
1207 635 1546 704 argumentis
1577 635 1777 692 militat
1799 637 1870 709 (c)
1903 653 1919 691 :
1959 647 2140 693 tamen
2175 643 2400 707 propter
2428 631 2838 703 quamplurima
2869 640 3056 687 notata
3081 631 3320 702 egregie,
3344 641 3401 687 et
3426 631 3609 685 multa

310 739 377 780 cx
409 725 515 780 tide
544 724 726 797 dignis
757 727 957 782 hausta
985 729 1360 791 monumentis
1387 738 1441 783 et
1463 731 1868 801 antiquioribus
1891 729 2254 801 scriptoribus
2298 726 2613 784 testimonia
2642 733 2807 795 atque
2834 723 3274 789 observationes,
3320 724 3527 780 merito
3567 737 3601 776 a

309 816 445 873 viris
470 818 809 875 doctissimis
840 820 920 889 (τι)
947 819 1164 875 habitus
1188 829 1270 875 est
1294 821 1519 891 quidam
1555 822 1901 893 antiquitatis
1945 820 2337 878 ecclesiasticae
2366 819 2687 883 thesaurus,
2717 816 2918 888 dignus
2946 821 3157 889 utique,
3179 820 3233 874 in
3262 835 3375 891 quo
3406 834 3589 890 expo-

281 908 494 962 'nentlo
524 908 771 964 eruditus
799 910 1000 979 aliquis
1033 924 1088 971 et
1109 914 1320 987 judicio
1351 917 1562 988 pollens
1585 919 1671 973 vir
1696 920 1859 974 etiam
1884 926 2009 988 post
2036 916 2316 973 Petavium
2344 914 2659 986 diligentem
2688 927 2914 983 operam
2943 914 3300 984 studiumque
3326 913 3592 971 collocet.

313 995 393 1051 De
422 997 699 1069 incompta
733 1009 787 1055 et
817 1001 1099 1060 salebrosa
1122 1012 1371 1063 oratione
1404 1010 1637 1065 multum
1666 1008 1928 1065 Petavius
1954 1018 2011 1064 et
2053 1007 2290 1063 Dallaaus
2316 1007 2390 1077 (e)
2420 1013 2860 1075 conqueruutur,
2888 1015 2944 1060 et
2969 1005 3085 1076 jam
3120 1004 3358 1061 Photius
3382 1004 3608 1061 notavit

308 1088 421 1143 τῶν
449 1091 712 1163 ῥημάτων
743 1095 964 1169 καὶτῆς
995 1099 1304 1166 συντάξεως
1331 1102 1393 1156 τὸ
1430 1102 1629 1174 ἰδίωμα
1672 1104 1728 1158 in
1764 1103 1825 1157 ill

2102 1101 2345 1172 probari.
2380 1099 2450 1157 Et
2500 1110 2681 1157 tamen
2715 1099 3084 1173 Hieronymus
3117 1116 3169 1157 c.
3199 1100 3304 1156 114
3349 1100 3604 1171 Catalogi

311 1197 366 1242 et
390 1203 457 1243 ex
487 1204 553 1244 eo
584 1188 788 1248 Suidas
832 1194 1197 1266 scripserunt,
1242 1198 1532 1271 Epiphanii
1561 1200 1840 1257 volumina
1890 1201 1955 1255 ab
1982 1200 2209 1255 eruditis
2259 1208 2478 1270 propter
2510 1215 2615 1265 res,
2660 1216 2694 1252 a
2736 1195 3151 1268 simplicioribus
3180 1205 3395 1266 propter
3448 1193 3609 1248 verba

310 1275 564 1334 lectitari.
592 1279 650 1335 lu
677 1281 1033 1357 cbronologia
1065 1288 1179 1345 fere
1207 1306 1426 1362 semper
1455 1292 1713 1349 insistere
1743 1308 1868 1348 eum
1896 1292 2148 1364 vestigiis
2179 1292 2404 1349 Eusebii
2449 1301 2639 1348 monet
2668 1289 2927 1346 Petavius
2973 1290 3029 1344 in
3073 1289 3242 1355 notis,
3275 1302 3332 1357 p.
3370 1285 3460 1352 16,
3494 1300 3607 1339 non

308 1387 441 1429 raro
463 1384 647 1432 tamen
677 1380 903 1437 turbare
941 1393 999 1438 et
1036 1384 1391 1455 hallucinari,
1417 1389 1561 1444 idem
1593 1404 1703 1444 non
1733 1402 1845 1445 uno
1880 1388 1936 1443 in
1960 1388 2082 1444 loco
2110 1388 2389 1444 observat.
2416 1388 2495 1443 Ad
2529 1387 2765 1443 haeresin
2798 1402 2852 1441 ιι
2882 1381 3216 1441 conferenda
3248 1380 3455 1450 Egidii
3498 1377 3610 1433 Bu—

312 1466 485 1520 cherii
508 1466 644 1523 diss.
673 1467 752 1525 De
782 1473 1029 1540 paschali
1058 1473 1373 1532 Iudaeorum
1401 1478 1567 1549 cyclo.
1610 1477 1818 1534 Locum
1848 1478 2043 1534 haeres.
2080 1492 2310 1544 Lxxvttt,
2340 1492 2393 1548 p.
2422 1476 2583 1544 1059,
2614 1477 2774 1531 aliter
2803 1473 2910 1545 legi
2943 1473 2999 1527 in
3023 1486 3128 1526 ms.
3163 1467 3605 1530 Vindobonensi,

312 1561 526 1617 notavit
560 1561 1030 1636 Lambecius,’lll,
1064 1585 1119 1640 p.
1157 1571 1263 1626 196
1303 1571 1379 1645 [p.
1408 1572 1514 1627 486
1549 1587 1634 1643 sq.
1668 1572 1758 1629 ed.
1795 1560 2028 1642 Kollar].

382 1674 436 1728 5.
485 1675 1005 1746 Ἀνακεφαλαῑωσις,
1036 1678 1265 1735 Panarit'
1306 1680 1552 1752 Epitome
1596 1682 1663 1738 ad
1717 1683 1899 1738 eosdel

2087 1681 2346 1755 sbyteros,
2375 1682 2635 1738 Acacium
2675 1692 2730 1736 et
2762 1680 3013 1746 Paulum,
3046 1690 3179 1735 tom.
3215 1677 3281 1742 11,
3318 1692 3444 1749 pag.
3482 1674 3604 1731 126.

312 1763 617 1821 Videndum
655 1768 977 1825 diversitsne
1009 1771 1080 1825 sit
1107 1772 1266 1841 λόγος
1302 1773 1564 1845 σύντομος
1590 1774 1701 1828 τῶν
1733 1775 1827 1845 αἱρ

2096 1774 2150 1827 ui
2200 1788 2306 1829 ms.
2351 1755 2635 1843 fuit'apud
2671 1773 2885 1829 clariss.
2930 1771 3179 1833 Galeum.
3215 1781 3353 1825 teste
3401 1769 3606 1824 Caveo.

311 1854 480 1912 Fann.
512 1890 584 1899 —
608 1859 867 1930 Augustae
892 1859 1107 1915 Vindel.
1146 1859 1202 1914 in
1230 1862 1351 1915 cod.
1379 1860 1511 1945 bibl.
1546 1862 1696 1931 publ.
1735 1861 1820 1916 bis
1850 1869 2029 1917 exstat
2063 1860 2347 1931 Epiphanii
2388 1863 2632 1933 synopsis
2675 1863 2974 1927 Itwresewr,
3020 1877 3254 1933 quarum
3303 1868 3510 1915 matres
3559 1868 3614 1914 et

310 1954 584 2025 prototypi
618 1963 857 2026 quatuor
885 1965 1062 2021 erant,
1096 1971 1151 2011 η.
1186 1955 1592 2029 Βαρὸαρισμδς,
1624 1956 1827 2012 Σκυθισ

2094 1956 2368 2029 ληνισμὺς,
2397 1957 2746 2029 Ἰουδαϊσμός.
2768 1958 2834 2013 ν.
2864 1955 3074 2041 Reiser.
3104 1955 3247 2023 Cat.,
3271 1972 3325 2027 p.
3348 1957 3417 2010 15
3436 1964 3494 2010 et
3517 1955 3611 2017 25.

311 2044 367 2101 9.
398 2076 469 2087 -
497 2045 712 2102 Dublini
745 2049 799 2103 in
829 2046 891 2104 Β.
925 2047 1117 2122 colleg.
1150 2049 1209 2104 S.
1247 2049 1474 2118 Trinit.,
1502 2052 1624 2109 cod.
1663 2052 1828 2120 157,ε

2096 2052 2161 2106 al.
2193 2053 2309 2107 cod.
2343 2053 2570 2124 Anglice,
2605 2064 2737 2110 tom.
2767 2053 2848 2122 11,
2876 2072 2930 2126 p.
2964 2053 3056 2117 24,
3091 2071 3147 2109 n.
3183 2053 3311 2120 278,
3338 2052 3432 2119 56,
3464 2057 3613 2107 Ana-

310 2139 673 2210 cepltalazosis.
699 2140 852 2197 Alios
877 2140 993 2212 jam
1028 2142 1095 2198 ad
1129 2158 1184 2197 n.
1215 2142 1238 2197 l
1273 2149 1328 2199 et
1349 2143 1386 2197 2
1412 2152 1577 2214 atque
1605 2143 1901 2199 editionem
1927 2142 2043 2199 Jos.
2072 2143 2209 2200 Mar.
2241 2143 2523 2203 Thomasii
2552 2145 2620 2202 ad
2646 2162 2702 2200 n.
2739 2145 2764 2199 1
2797 2147 3120 2201 memoravi.
3151 2143 3327 2200 HARL.

382 2254 435 2310 4.
475 2257 613 2330 Περὶ
644 2257 859 2330 μέτρων
893 2260 990 2314 καὶ
1016 2259 1293 2333 σταθμῶν,
1326 2260 1486 2318 Liber
1514 2261 1578 2318 de
1601 2263 1899 2334 ponderibtt

2103 2265 2312 2332 msuris,
2351 2273 2488 2320 tom.
2520 2261 2585 2329 ll,
2635 2278 2760 2334 pag.
2790 2262 2918 2331 l58,
2947 2279 3108 2334 quem
3150 2261 3442 2333 Epiphauii
3489 2276 3620 2315 esse

261 2360 265 2365 ’
309 2354 606 2424 genuinum
642 2354 813 2412 fetum
842 2357 991 2413 haud
1011 2358 1219 2426 dubito,
1250 2359 1379 2417 licet
1406 2360 1548 2416 levia
1575 2370 1631 2416 et
1656 2361 1842 2432 inepta
1873 2361 2042 2416 multa
2070 2362 2126 2416 in
2155 2376 2222 2417 eo
2242 2360 2650 2432 deprehendere
2675 2360 2779 2415 sibi
2806 2361 2958 2417 visus
2981 2361 3052 2417 sit
3080 2359 3309 2416 Latinus
3336 2358 3619 2425 Latinius,

311 2460 446 2506 tum.
478 2452 522 2506 ll
552 2450 750 2522 Epist.,
786 2468 910 2524 pag.
944 2454 1071 2510 144.
1101 2454 1314 2510 Partem
1341 2456 1701 2525 posteriorem
1733 2470 1766 2509 a
1796 2470 1917 2525 cap.
1954 2455 2020 2509 21
2069 2455 2257 2512 Graece
2283 2464 2338 2510 et
2366 2455 2560 2511 Latine
2596 2456 2837 2526 vulgavit
2881 2454 3193 2526 Stephanus
3236 2455 3287 2509 lc
3328 2454 3529 2525 Moyue
3563 2455 3622 2507 in

321 2539 501 2597 Variis
532 2542 722 2607 sacris,
757 2549 891 2596 tom.
919 2540 962 2608 1,
994 2558 1048 2612 p.
1081 2540 1206 2609 470,
1237 2544 1554 2613 subiuncta,
1585 2559 1641 2615 p.
1676 2543 1805 2612 490,
1836 2543 2063 2615 antiqua
2094 2544 2346 2601 versione
2379 2546 2599 2610 Latina,
2625 2556 2754 2601 aute
2799 2547 3027 2603 inedita.
3059 2548 3141 2603 Ad
3180 2548 3365 2603 locum
3420 2562 3547 2616 cap.
3591 2547 3619 2601 1

313 2632 483 2703 hujus
515 2632 662 2701 libri,
691 2648 803 2702 quo
833 2642 994 2691 notas
1027 2634 1264 2691 Biblicas
1298 2636 1524 2708 exponit
1550 2635 1915 2708 Epiphanius,
1938 2638 2289 2707 conjecturas
2325 2652 2478 2694 meas
2511 2638 2810 2708 aliquando
2841 2639 3102 2709 proposui
3139 2638 3201 2692 D.
3239 2637 3482 2709 llayero,
3519 2639 3621 2706 qui

315 2743 406 2784 eas
424 2728 643 2799 probari
667 2728 772 2785 sibi
794 2736 1024 2785 testatus
1045 2741 1130 2787 est
1156 2730 1212 2785 in
1228 2730 1476 2788 Historia
1496 2732 1752 2788 uersionis
1767 2729 2098 2787 Germaniae
2109 2730 2407 2786 Bibliorum
2427 2731 2493 2785 ι).
2512 2731 2753 2798 Lutlteri,
2780 2748 2835 2803 p.
2849 2732 2976 2787 210.
2998 2731 3179 2787 Locus
3190 2747 3242 2785 c.
3260 2729 3317 2797 4,
3344 2730 3439 2785 ubi
3465 2727 3626 2801 ἀρῶν

316 2822 607 2892 exponitur
625 2824 658 2895 ἡ
677 2823 777 2895 τῆς
792 2821 1059 2895 διαθήκης
1089 2821 1342 2887 κιϐωτός,
1360 2821 1600 2877 illustrat
1623 2821 1791 2876 verba
1817 2830 1833 2874 Δ

2125 2821 2349 2877 Sinalttn
2381 2808 2476 2877 lib.
2496 2837 2571 2876 xtl
2588 2824 3011 2892 Attagogicarum
3027 2821 3536 2891 contemplationum
3565 2820 3626 2873 its

316 2917 700 2981 Hexaemeron,
732 2930 856 2985 pag.
881 2914 973 2983 26,
1004 2928 1170 2984 quem
1204 2912 1509 2983 intelligere
1530 2927 1592 2969 se
1620 2921 1780 2983 negat
1804 2913 2056 2969 eruditus
2086 2914 2376 2983 interpres.
2414 2911 2493 2968 De
2530 2914 2793 2983 operibus
2829 2914 2938 2968 illis
2979 2912 3172 2983 viginti
3221 2911 3462 2974 duobus,
3496 2924 3627 2979 qua:

317 3023 435 3078 cap.
469 3007 533 3061 21
566 3023 684 3078 seq.
708 3023 738 3062 a
777 3006 890 3062 Deo
919 3006 1141 3062 condita
1167 3006 1362 3062 scribit
1390 3005 1751 3077 Epiphanius,
1783 3022 2017 3078 quaeque
2054 3008 2385 3077 respondere
2415 3007 2534 3061 vult
2567 3006 2793 3061 totidem
2830 3003 2986 3059 libris
3018 3001 3233 3059 Veteris
3271 3002 3626 3058 Testamenti
3744 3052 3765 3063 ,

318 3101 622 3169 litterisque
664 3099 964 3170 alphabeti,
993 3098 1185 3156 confer
1230 3099 1587 3157 Lambecium
1617 3100 1714 3158 lib.
1742 3116 1829 3169 ut,
1872 3116 1995 3172 pag.
2032 3102 2125 3167 40,
2162 3103 2260 3157 101
2296 3113 2350 3158 et
2387 3103 2504 3159 l96.
2538 3100 2708 3156 FABI.
2735 3131 2807 3143 —
2834 3100 2893 3155 In
2923 3100 3047 3157 cod.
3077 3098 3317 3155 Vindob.
3349 3099 3493 3154 Caes.
3527 3099 3626 3159 89.

317 3209 372 3247 n.
408 3192 510 3257 l9;
543 3190 736 3247 Lamb.
771 3201 903 3248 tom.
932 3189 1020 3258 Ill,
1045 3207 1171 3263 pag.
1207 3190 1335 3257 485,
1371 3207 1430 3248 n.
1462 3193 1552 3256 19,
1585 3208 1711 3249 cum
1746 3202 1876 3250 nota
1910 3194 2233 3250 Kollarii.—
2263 3194 2654 3264 Fragmentum
2686 3194 2741 3247 in
2775 3192 2970 3249 Lamb.
3005 3192 3327 3257 Comment.,
3358 3202 3492 3246 tom.
3532 3190 3625 3257 lll,

319 3299 367 3354 p.
398 3282 507 3339 472
529 3295 585 3339 et
609 3284 738 3349 477,
774 3291 891 3339 tum
919 3283 973 3339 in
1001 3283 1124 3339 cod.
1156 3282 1285 3350 282,
1316 3298 1371 3338 n.
1401 3283 1468 3350 5;
1494 3283 1620 3352 285,
1650 3301 1709 3341 n.
1742 3285 1833 3350 10,

2107 3284 2194 3349 Ill,
2229 3302 2283 3356 p.
2311 3285 2439 3347 555,
2470 3285 2529 3339 in
2556 3284 2681 3339 cod.
2721 3285 2844 3349 155,
2874 3301 2933 3339 n.
2959 3285 3052 3353 22,
3084 3286 3179 3340 sed
3207 3286 3278 3339 ab
3306 3285 3396 3339 ed.
3425 3283 3624 3339 Petav.

319 3388 452 3433 tom.
486 3376 552 3441 ll,
578 3393 632 3448 p.
665 3376 791 3443 158,
821 3376 960 3433 mire
1002 3377 1278 3448 dissentit,
1303 3379 1604 3436 adnotante
1648 3380 1833 3437 Kollar

2117 3402 2142 3436 ν.
2174 3381 2274 3435 471
2309 3380 2373 3448 Β,
2408 3389 2462 3435 et
2493 3381 2561 3436 ad
2590 3379 2706 3446 VII,
2735 3396 2790 3451 p.
2824 3381 2932 3437 555
2960 3382 3027 3436 Α.
3079 3381 3140 3437 In
3182 3382 3306 3437 cod.
3339 3382 3563 3446 127,.η.
3595 3381 3634 3437 5

318 3481 371 3527 et
405 3472 458 3537 8,
486 3485 646 3542 opus,
679 3479 735 3525 at
766 3470 1040 3539 mutilum,
1070 3473 1292 3545 legitur,
1323 3482 1459 3531 teste
1482 3474 1723 3532 Kollario
1768 3477 1824 3531 in
1874 3474 2142 3546 Supplem.
2184 3477 2254 3532 ad
2283 3475 2479 3532 Lamb.
2507 3475 2911 3568 Comment”).
2946 3478 3054 3533 759
3085 3493 3200 3549 seq.
3236 3508 3309 3520 —
3342 3477 3630 3533 Montfau-

319 3568 511 3623 con.in
539 3565 799 3637 Palaaogr.
839 3565 957 3630 Gr.,
986 3584 1040 3636 p.
1073 3567 1179 3623 565
1213 3583 1392 3641 seqq.,
1424 3570 1648 3640 copiose
1679 3571 1792 3641 agit
1818 3570 1886 3626 de
1925 3571 2069 3627 notis
2101 3585 2483 3626 mensurarum
2514 3585 2581 3625 ac
2610 3565 2940 3640 ponderum,
2975 3579 3030 3626 et
3053 3571 3121 3626 de
3156 3571 3306 3626 n0tis
3337 3569 3630 3640 margina-

320 3663 465 3717 libus
493 3662 755 3717 librorum
780 3681 795 3730 ;
831 3677 953 3732 pag.
986 3661 1093 3716 570
1118 3678 1272 3735 seqq.
1302 3680 1369 3722 ex
1397 3663 1703 3736 Epiphanio
1731 3667 1917 3736 po~uit
1942 3674 2106 3737 atque
2128 3667 2388 3736 explicuit
2411 3666 2650 3721 tabulam
2681 3675 2934 3721 notarum
2964 3681 3063 3736 pro
3094 3666 3372 3720 mensuris
3398 3674 3455 3719 et
3479 3681 3629 3735 pon-

320 3755 566 3809 deribus.
601 3785 672 3795 —
707 3753 866 3808 Breve
893 3765 1196 3824 excerptum
1236 3758 1301 3812 de
1344 3760 1630 3823 mensuris,
1656 3769 1785 3825 etc,
1823 3759 1877 3813 in
1911 3757 2036 3814 cod.
2064 3758 2325 3812 Laurent.
2353 3757 2444 3823 58,
2480 3773 2632 3835 num.
2665 3756 2719 3822 8,
2749 3757 2883 3827 plut.
2917 3757 3010 3825 59,
3042 3767 3178 3812 teste
3226 3754 3464 3811 Bandin.
3496 3757 3628 3813 Cat.

321 3843 477 3897 codd.
517 3841 636 3908 Gr.,
669 3853 802 3898 tum.
836 3842 899 3908 11,
937 3858 1063 3916 pag.
1093 3846 1219 3912 570,
1267 3847 1444 3905 Paris.
1473 3849 1533 3904 ln
1565 3848 1628 3904 Β.
1657 3850 1806 3920 publ.
1835 3858 2080 3919 quinque
2107 3846 2267 3903 codd.
2301 3858 2387 3902 est
2411 3845 2608 3916 Epiph.
2637 3845 2735 3901 lib.
2763 3845 2842 3900 De
2875 3846 3120 3916 ponder.,
3153 3853 3260 3902 etc.
3298 3843 3365 3901 ν.
3404 3845 3521 3900 ind.
3559 3845 3635 3901 ad

320 3937 429 3993 vol.
470 3935 514 3990 ll
568 3937 684 3995 Cat.
712 3937 892 4005 cedd.,
923 3954 978 3993 ν.
1009 3939 1275 4010 Epipltan.
1308 3939 1368 3995 In
1394 3940 1519 3996 cod.
1559 3939 1661 3995 146
1694 3940 2003 3995 membran.
2033 3946 2120 3993 est
2146 3947 2337 3992 catena
2368 3938 2423 3990 in
2455 3936 2702 3992 Psalmos
2732 3950 2799 3990 ex
2828 3937 3133 4007 Epiphanio
3161 3934 3399 4006 aliisque
3435 3936 3632 3992 multis

324 4029 686 4099 scriptoribus
717 4030 1106 4087 ecclesiasticis
1133 4041 1409 4088 contexta.
1438 4031 1851 4088 Pratmittuntur
1897 4030 2075 4086 instar
2104 4028 2413 4101 Prolegom.
2449 4030 2470 4083 1
2497 4071 2513 4097 ,
2560 4026 2828 4096 Excerpta
2850 4043 2916 4081 ex
2946 4026 3224 4098 Epiph.!de
3253 4026 3409 4082 LXX
3443 4026 3632 4082 luter-

323 4116 579 4186 pretibus,
604 4119 828 4188 aliisque
855 4120 1130 4175 uariarunt
1147 4121 1444 4175 versionum
1468 4121 1799 4187 auctoribus,
1834 4129 1913 4188 et,
1941 4119 1979 4173 2
2004 4135 2171 4175 anon.
2198 4120 2266 4175 de
2293 4120 2482 4175 eodem
2511 4127 2835 4188 argumento
2856 4131 3132 4187 excerpta.
3166 4116 3379 4177 Pariter
3414 4120 3470 4174 in
3496 4120 3629 4175 cod.

322 4206 524 4263 Medic.
560 4205 616 4272 5,
658 4208 795 4277 plut.
844 4206 900 4273 6,
928 4209 1025 4278 qui
1055 4211 1301 4264 continet
1330 4209 1521 4265 Caten.
1553 4208 1783 4266 Patrum
1832 4212 1890 4265 in
1937 4208 2211 4273 Psalmos,
2254 4207 2605 4278 praemittitur
2639 4205 2833 4276 Epiph.
2859 4204 2924 4260 de
2962 4204 3112 4262 LXX
3145 4204 3463 4275 Interpret.,
3493 4216 3635 4274 etc.,

324 4302 442 4358 sive
468 4302 649 4372 potius
695 4302 934 4373 epitome
961 4316 1152 4357 eorum
1182 4319 1303 4373 quae
1332 4302 1527 4374 Epiph.
1559 4305 1618 4358 in
1664 4304 1806 4360 libro
1837 4304 1916 4359 De
1945 4302 2288 4374 ponderibus,
2321 4309 2452 4368 ete.,
2480 4300 2762 4355 memoriae
2793 4299 3056 4368 prodidit,
3089 4299 3268 4353 indice
3298 4299 3540 4354 Bandin.
3579 4300 3635 4354 iu

326 4393 452 4453 Cat.
474 4395 631 4449 codd.
657 4392 751 4449 Gr.
777 4392 972 4459 Laur.,
997 4393 1039 4462 l,
1066 4411 1121 4466 p.
1148 4395 1240 4450 87.
1264 4395 1429 4464 Atqui
1454 4394 1805 4450 Montfaucon
1834 4403 1874 4450 t.
1904 4395 1926 4449 1
1963 4395 2190 4462 Hexapl.
2226 4391 2470 4461 Origenis
2499 4389 2716 4463 (Paris.
2734 4388 2892 4455 1715,
2917 4389 3064 4461 fol.),
3090 4405 3143 4458 p.
3167 4389 3237 4445 86
3259 4407 3415 4461 seqq.
3446 4391 3638 4461 prole-

326 4502 542 4559 gomen.
572 4487 662 4553 (in
697 4485 941 4541 Bahrdtii
975 4486 1062 4542 ed.
1093 4495 1132 4542 t.
1166 4486 1209 4549 1,
1241 4502 1366 4557 pag.
1400 4486 1686 4557 177-182),
1723 4501 1792 4541 cx
1823 4487 1948 4542 Cod.
1985 4500 2099 4555 reg.
2127 4484 2301 4538 Paris.
2332 4482 2459 4546 146,
2486 4496 2553 4536 ac
2577 4480 2840 4537 Vaticano
2862 4479 3052 4544 edidit,
3077 4478 3136 4534 S.
3159 4478 3456 4549 Epiphanii
3486 4483 3638 4550 Περὶ

325 4577 445 4631 τῶν
469 4582 527 4632 0’
563 4575 978 4647 Ἑρμηνευτῶν
999 4577 1099 4630 καὶ
1128 4574 1247 4629 τῶν
1263 4573 1842 4646 παρερμηνευσάντω

2118 4571 2218 4626 XX
2251 4572 2628 4641 lnterpretibus
2661 4581 2708 4625 et
2737 4571 2802 4625 de
2823 4571 2947 4625 aliis
2967 4571 3060 4640 qui
3098 4587 3247 4624 secus
3281 4572 3635 4641 interpretati

327 4679 472 4737 sunt,
499 4669 777 4740 epitomen
810 4682 1027 4733 eorum,
1054 4668 1148 4723 sed
1183 4665 1522 4722 tliﬂerentem
1554 4666 1610 4721 in
1643 4667 1998 4737 quibusdam,
2035 4679 2159 4735 qua:
2190 4664 2243 4718 in
2272 4662 2563 4733 Epiphanii
2590 4662 2729 4717 libro
2765 4661 2836 4714 De
2868 4660 3184 4731 ponderibus
3226 4676 3290 4714 ae
3335 4665 3636 4731 mensuris,

326 4764 396 4830 de
425 4765 617 4819 eodem
647 4771 974 4834 argumento
1011 4762 1284 4831 leguntur.
1318 4757 1395 4812 De
1433 4758 1659 4830 Syriaca
1685 4759 1921 4828 epitome
1956 4753 2295 4811 narrationis
2325 4753 2596 4823 Epiphan.
2632 4768 2686 4806 ν.
2720 4751 2894 4807 Bruns
2932 4752 2986 4805 in
3016 4750 3335 4807 Eichhornii
3365 4752 3636 4821 Reperto-

333 4853 410 4906 rio
434 4853 524 4922 [ῶν
551 4852 681 4909 bibl.
718 4868 772 4909 tt.
802 4848 1295 4923 morgenldndische
1326 4846 1644 4913 Litteratur,
1676 4855 1818 4919 part.
1853 4864 1964 4914 xw,
1994 4863 2049 4918 p.
2080 4845 2186 4900 591
2216 4860 2370 4915 seqq.
2407 4843 2565 4899 Conf.
2599 4857 2787 4912 supra,
2818 4844 2925 4897 vol.
2955 4840 3046 4906 Ill,
3072 4857 3196 4913 pag.
3224 4843 3332 4900 690
3360 4860 3523 4916 seqq.
3566 4876 3639 4888 --

403 5119 482 5188 (α)
525 5118 911 5191 Melancbthou
931 5160 946 5185 ,
982 5135 1059 5186 tv,
1107 5117 1397 5191 cpis_t.4879,
1435 5118 1503 5191 ad
1531 5117 1840 5191 gamerar._,
1874 5132 1927 5171 a.
2032 5122 2193 5191 serta:
2218 5109 2666 5191 {utttLetalicubi
2697 5108 3017 5191 negligenter
3046 5111 3374 5191 perscriptas:

333 5176 518 5246 1ϋέςῆ
566 5190 740 5243 Attuli
766 5207 799 5242 a
831 5176 1014 5259 Longo
1045 5176 1155 5243 'Ituc'
1189 5176 1481 5259 Epipham'i
1517 5186 1730 5259 Graecos
1764 5176 1933 5241 libros
1994 5237 2001 5244 .
2108 5187 2186 5248 (ὁ)
2225 5183 2291 5236 Ι).
2327 5180 2678 5259 βὴνίεξίὲηξε
2704 5176 3025 5259 lumbo!“
3047 5176 3199 5259 '“0‘3‘5
3237 5176 3302 5233 ἑά
3345 5179 3640 5259 ίυδιίρὲἓη

332 5261 473 5336 11ερὶ
500 5260 788 5336 ᾳὶρέσεων,
816 5246 1255 5336 gui‘mihipalde
1282 5246 1934 5336 placentnpropemodunt
2031 5246 2382 5336 martyrem,
2405 5267 2460 5320 p.
2489 5251 2596 5336 41,
2622 5247 2855 5336 Pali-ig?
2887 5247 2963 5336 Ife
2983 5265 3090 5336 risu
3110 5246 3381 5336 ‘Pa‘f‘ru’m.
3413 5254 3638 5336 p._2?i_.

334 5316 621 5385 ltis'toria'rn
667 5316 856 5385 veteris
889 5326 1148 5384 Ecclesia:
1173 5316 1462 5383 continent.
1503 5328 1586 5382 Ea:
1616 5316 1703 5399 his
1727 5328 1851 5399 decr

2124 5316 2199 5399 θ’
2224 5316 2497 5399 Photius1
2539 5319 2692 5399 cod.‘
2726 5316 3171 5399 12.2,“A0053h;
3201 5319 3259 5399 8s
3293 5321 3357 5399 ex
3394 5316 3494 5376 «ἑοῦ
3543 5327 3641 5379 ἐπὶ

334 5416 608 5481 ςςιξεθνρενε
654 5400 945 5481 Eutrop-qv.
970 5398 1249 5481 .Etncpist.
1285 5400 1356 5455 90
1385 5420 1399 5455 :
1436 5398 1714 5481 ςιστορξκά
1745 5398 1799 5451 in
1838 5400 1851 5452 t'

2123 5385 2293 5479 εῖέςξον
2321 5394 2380 5444 ὲν
2405 5393 2528 5452 ταῖς
2561 5385 2708 5442 κατὰ
2733 5385 2841 5438 τῶν
2872 5385 3147 5441 δυσσεόῶύ
3183 5390 3455 5460 αἱρέσεων
3491 5411 3640 5466 συμ-

335 5466 627 5527 ιϋγᾱωπι
665 5472 856 5533 multa,
879 5466 934 5523 et
964 5466 1275 5543 indicantur
1305 5472 1474 5541 magis
1499 5466 1733 5543 quidem,
1765 5486 1925 5539 quam
2034 5466 2288 5543 πλᾳῃαζς.
2341 5530 2371 5543 ν
2592 5529 2607 5543 τ
2656 5526 2696 5543 Π
2916 5533 2950 5543 __
3013 5526 3058 5543 ε-
3134 5525 3166 5543 υ
3244 5529 3276 5543 ν
3378 5530 3391 5542 ‘

335 5552 673 5612 exponuntur
697 5559 771 5596 ea:
801 5526 906 5607 res,
932 5556 1048 5608 qua:
1071 5539 1215 5612 alibi
1253 5558 1364 5612 non
1391 5526 1623 5595 Exstant.
1668 5526 1924 5612 Disputa-
2049 5534 2187 5612 ___(d)
2217 5530 2495 5612 ‘Scalinger.
2541 5529 2608 5583 ad
2656 5526 2874 5612 Euseb;
2901 5533 2973 5612 et‘
2993 5526 3520 5612 illiscaugeriani‘
3543 5578 3558 5604 ,
3587 5544 3642 5590 οι

875 5593 1108 5682 auctoris
1144 5593 1288 5680 περὶ.
1313 5593 1600 5682 δογμᾶτωε)
1629 5622 1678 5663 et
1711 5593 1859 5679 la.)th

2042 5593 2261 5682 Etcu'cif:
2296 5593 2583 5682 {fi/iteres,
2614 5614 2664 5651 c.
2697 5597 2770 5682 15‘
2791 5593 2902 5682 ;‘Is.
2936 5593 3314 5682 Casau-bpgug,
3344 5612 3452 5656 οιο,

343 5664 565 5741 titur—est
586 5721 602 5752 ,
634 5664 682 5740 et
711 5664 836 5739 ἴιιιυ
877 5681 1038 5736 etiam
1078 5664 1435 5753 narrationes"
1462 5664 1585 5736 noni
1612 5664 1826 5752 ubique”
1842 5681 1924 5736 αἱ·
2108 5676 2178 5746 (e)
2221 5671 2455 5727 Dalltcus
2488 5664 2576 5724 Der
2594 5683 2693 5722 usu
2726 5664 2971 5730 Patrum,
3007 5679 3060 5733 p.
3106 5665 3230 5721 1⁸58.
