3808 6110
1363 237 1648 296 NOTITIA
1684 238 1757 331 ιρι
1787 240 1847 298 S.
1886 234 2331 301 EPIP'HANIUM.
3432 266 3485 306 Ix

238 348 317 407 De
347 350 634 423 Epiphanii
680 356 993 412 narratione
1021 371 1142 427 cap.
1173 357 1228 425 5,
1258 357 1315 424 6,
1346 357 1400 425 9,
1429 360 1497 416 10
1520 371 1574 417 et
1604 361 1691 427 11,
1719 361 1788 417 de
1815 362 2070 420 versione
2114 361 2258 418 LXX
2288 362 2383 419 Gr.
2410 361 2766 436 epistolisque
2810 362 2959 435 regis
2983 359 3123 419 Ptol.
3150 363 3491 434 ad-Judaros,

237 455 290 500 et
320 446 387 501 de
420 458 733 518 comparata
758 448 985 507 Aristeas
1014 452 1330 508 narratione
1359 453 1466 509 late
1488 454 1713 510 disserit
1742 456 1812 511 cl.
1845 454 1976 511 Ern.
2007 455 2156 513 Frid.
2187 456 2316 512 Car.
2346 456 2728 513 liosenmitller
2756 459 2812 514 in
2844 478 2859 515 :
2886 457 3183 515 Handbuch
3212 460 3302 531 fur
3328 460 3498 516 Litte-

235 539 660 686 quinrderﬂbibl.
698 539 875 597 Kritik
904 547 1013 602 und
1039 544 1292 620 Exegese,
1324 559 1457 607 tom.
1484 548 1552 619 Il,
1584 566 1640 622 p.
1671 550 1777 606 570
1804 566 1982 623 seqq.,
2011 550 2257 623 Gotting.
2286 550 2447 645 1798,
2475 550 2552 617 8°,
2594 559 2650 608 et
2696 568 2749 624 p.
2786 553 2893 608 412
2915 569 3031 626 seq.
3063 583 3133 597 -
3158 555 3297 612 Add.
3321 554 3499 628 Baer

256 649 344 686 00.
367 644 460 686 CIL
547 651 670 686 Αιιι..

256 649 344 688 oc.
367 634 460 690 cit.
497 633 670 694 ΗΑιιι..

2338 636 2342 645 γ

305 730 361 785 5.
407 731 703 798 Epistolam
731 735 801 788 ad
824 735 1084 793 Joannem
1105 739 1644 811 Hierosolymitanum
1690 739 1711 811 (
1732 742 1874 796 male
1902 738 2551 808 Constantinopolitanum
2589 741 2754 797 habet
2782 741 3066 801 Possevin.
3090 745 3109 818 )
3155 746 3495 817 episcopum,

234 824 322 877 cui
354 829 718 897 arrogantiam
748 839 803 884 et
831 833 1080 902 Origenis
1119 834 1488 891 defensionem
1535 835 1850 905 exprobrat,
1887 834 2078 890 Latine
2121 845 2330 891 tantum
2372 852 2439 891 ex
2486 838 2736 893 versione
2776 837 3112 910 Ilieronymi.
3141 840 3234 909 qui
3263 841 3410 896 illius
3442 842 3496 895 in
3558 852 3565 860 '

230 920 393 987 epist.
428 923 637 989 101,ad
676 924 1020 994 Pammach.,
1046 932 1315 998 meminit,
1345 940 1480 988 tom.
1510 931 1555 986 ll
1583 931 1881 1002 Epiphan.,
1910 949 1967 1002 p.
1994 933 2119 987 512.
2152 934 2259 988 Pro
2290 944 2531 989 extrema
2558 944 2713 1004 parte
2741 935 2909 1007 hujus
2931 937 3173 1008 epistola:
3203 936 3417 992 laudata
3444 940 3499 993 in

229 1014 411 1072 Libris
440 1018 727 1089 Carolinis,
760 1038 835 1091 tv,
870 1026 962 1092 25,
994 1034 1050 1082 et
1088 1031 1297 1099 synodo
1325 1028 1527 1095 Paris.,
1560 1045 1615 1100 p.
1643 1030 1768 1095 555,
1805 1028 1881 1084 De
1908 1030 2253 1101 imaginibus,
2287 1045 2409 1101 cap.
2443 1031 2495 1097 7,
2538 1043 2593 1087 et
2638 1047 2669 1087 a
2701 1030 3142 1103 Tuhingensibus
3170 1032 3237 1087 ad
3268 1032 3502 1103 patriar-

229 1113 392 1167 cham
423 1113 733 1184 Jeremiam,
761 1135 868 1189 qua
896 1137 1032 1178 usus
1071 1125 1368 1196 imaginum
1412 1128 1467 1182 in
1501 1127 1741 1182 Ecclesia
1778 1127 2139 1196 improbatur,
2168 1126 2358 1181 confer
2380 1142 2504 1197 quae
2531 1126 2811 1184 disserunt
2834 1127 3044 1183 Natalis
3070 1127 3225 1182 Alex.
3260 1143 3386 1185 saec.
3426 1144 3501 1195 tv,

229 1218 354 1351 rip.
387 1207 441 1274 6,
469 1217 574 1263 art.
610 1210 715 1272 28;
753 1210 898 1268 Elias
928 1214 999 1269 du
1032 1213 1132 1269 Pin
1167 1225 1300 1271 tom.
1332 1214 1377 1271 Il
1417 1216 1676 1273 Biblioth.
1702 1216 1912 1282 eccles.,
1942 1231 2065 1287 pag.
2106 1216 2233 1284 297,
2269 1233 2333 1273 ac
2363 1217 2637 1289 pracipue
2668 1217 2719 1273 J.
2754 1217 2989 1275 Dallaaus
3029 1217 3108 1273 De
3155 1218 3500 1291 imaginibus.

253 1315 268 1351 ι
312 1336 328 1351 .
364 1315 422 1351 ιι.
452 1317 570 1351 can.
597 1304 649 1351 ι-
3362 1326 3369 1333 ί

253 1304 328 1351 ib.
364 1315 422 1363 ιι,
452 1317 570 1371 cap.
597 1304 649 1357 1.

3362 1326 3368 1333 λ

303 1393 355 1449 5.
403 1395 646 1466 Epistola
674 1401 855 1459 brevis
885 1406 956 1459 ad
987 1406 1391 1479 Hieronymum,
1422 1423 1529 1479 qua
1577 1408 1693 1478 ejus
1723 1418 1775 1465 et
1801 1407 2089 1480 Theophili
2125 1409 2280 1464 Alex.
2319 1409 2495 1464 zelum
2526 1407 2790 1463 adversus
2814 1401 3103 1478 Origenem
3133 1406 3347 1477 probat.
3376 1403 3504 1462 ilice

227 1488 423 1587 Latine
452 1492 816 1587 legiturginter
842 1501 1101 1587 episcolas
1136 1503 1451 1576 Hieronymi
1485 1505 1573 1569 75,
1597 1517 1650 1561 et
1674 1505 1960 1577 Theophili
1989 1506 2144 1561 libris
2171 1514 2187 1574 (
2214 1506 2327 1561 sive
2352 1505 2596 1576 epiStolis
2630 1502 2856 1574 potius)
2886 1502 3239 1573 paschalibus
3269 1502 3504 1573 praeﬁgi-

225 1579 326 1632 tur’
360 1579 413 1631 iu
460 1583 840 1655 Haaresiologia
873 1586 1110 1656 Heroldi,
1153 1608 1274 1663 pag.
1307 1592 1431 1656 615,
1459 1601 1513 1648 et
1551 1594 1604 1647 in
1635 1592 1978 1647 Bibliotltecis
2016 1592 2273 1657 Patrum;
2303 1601 2358 1647 at
2389 1609 2419 1648 a
2447 1591 2670 1649 Petavio
2698 1593 2899 1649 omissa
2925 1602 3026 1648 est.
3061 1595 3217 1664 Apud
3247 1594 3500 1649 eumdem

226 1673 620 1748 Hieronymum
650 1692 829 1738 exstat
856 1694 907 1739 et
938 1687 1170 1757 epistola
1200 1686 1314 1760 [66]
1340 1686 1624 1758 Theophili
1647 1689 1801 1743 Alex.
1831 1689 1898 1743 ad
1921 1688 2307 1759 Epiphanium.
2334 1686 2580 1744 ann.—
2602 1688 2677 1744 De
2698 1696 2930 1758 utraque
2954 1689 3184 1757 epistola
3211 1705 3265 1748 v.
3296 1699 3411 1744 not.
3435 1686 3503 1753 Β,

224 1767 285 1822 in
321 1769 485 1841 Bayle
516 1773 683 1837 Dict.,
717 1785 773 1827 v°
799 1774 1017 1847 Epiph.,
1050 1795 1103 1849 p.
1131 1781 1222 1837 44.
1264 1810 1336 1824 -
1386 1781 1672 1853 Epiphanii
1700 1785 1854 1854 epist.
1891 1784 1962 1837 ad
1989 1785 2298 1853 Hieronym.
2331 1796 2415 1838 eSt
2436 1781 2614 1839 Oxon.
2644 1782 2700 1837 in
2730 1782 2853 1838 cod.
2885 1781 2958 1837 20
2989 1782 3122 1837 bibl.
3150 1782 3362 1850 collegii
3395 1783 3499 1838 Ba-

223 1863 446 1919 liolens.
483 1882 540 1937 s,
562 1883 616 1922 ιι.
650 1868 756 1925 426
785 1870 906 1927 Cat.
937 1874 1091 1929 codd.
1136 1875 1319 1948 Angl..
1354 1885 1488 1934 tom.
1518 1876 1559 1945 I,
1590 1886 1732 1949 part.
1768 1895 1827 1944 ιι,
1857 1894 1910 1949 p.
1948 1877 2033 1943 10,
2064 1887 2119 1933 et
2148 1877 2365 1933 Dublini
2392 1878 2446 1932 in
2484 1879 2607 1933 cod.
2656 1879 2709 1942 7,
2739 1879 2806 1933 12
2852 1881 2939 1951 (s.
2970 1898 3028 1939 n.
3058 1880 3173 1947 147⁸
3200 1880 3321 1935 Cat.
3358 1882 3503 1954 cit.),

222 1954 356 2010 coll.
393 1954 449 2009 S.
478 1955 782 2027 Trinitatis,
819 1960 992 2018 Paris.
1022 1963 1076 2018 in
1107 1962 1168 2021 B.
1201 1966 1349 2036 publ.
1383 1967 1526 2022 inter
1569 1968 1730 2023 codd.
1762 1967 1943 2023 Latin.
1972 1969 2026 2021 in
2073 1969 2197 2023 cod.
2224 1967 2388 2032 1890,
2416 1984 2470 2021 n.
2502 1967 2527 2021 1
2554 1986 2568 2027 :
2601 1966 2796 2037 Epiph.
2826 1969 2986 2040 epist.
3015 1969 3082 2025 ad
3112 1967 3271 2026 Joau.
3310 1969 3505 2025 Hiero-

224 2046 618 2116 solymitanum
649 2058 708 2101 et
729 2051 781 2103 in
806 2052 964 2107 codd.
991 2053 1135 2107 2172
1161 2063 1216 2109 et
1242 2071 1359 2126 seq.
1387 2072 1472 2127 ep.
1492 2058 1561 2113 ad
1597 2057 2329 2130 llieronymum.—Venetiis
2351 2058 2405 2113 in
2438 2058 2763 2115 B.Michael.
2794 2069 2928 2115 teste
2958 2060 3348 2134 Mittarellioiin
3380 2059 3502 2118 Cat.

223 2140 411 2207 cadi,
439 2157 493 2211 p.
522 2143 648 2209 551,
679 2154 733 2200 et
766 2146 821 2201 in
851 2147 974 2203 aliis
1005 2150 1361 2219 epistularum
1398 2151 1620 2208 Hieron.
1647 2154 1807 2210 codd.
1839 2163 2002 2225 atque
2034 2155 2159 2210 edd.
2190 2184 2261 2195 —
2291 2152 2348 2209 In
2380 2153 2501 2210 cod.
2534 2153 2762 2211 Coislin.
2797 2154 2920 2220 505,
2978 2153 3071 2209 fol.
3101 2153 3227 2221 207,
3275 2165 3403 2211 sunt
3448 2156 3503 2208 in

224 2252 338 2383 tlsina
369 2250 424 2293 et
452 2239 676 2295 dimidia
721 2242 918 2312 pagina
961 2245 1208 2313 quaedam
1238 2262 1304 2302 ex
1336 2245 1622 2318 Epiphanii
1650 2247 1715 2303 de
1746 2248 1988 2320 Origene,
2016 2255 2153 2305 teste
2178 2247 2622 2303 Montfaucon.in
2646 2246 2905 2301 Biblioth.
2943 2245 3190 2311 Coislin.,
3219 2262 3343 2318 pag.
3378 2245 3501 2300 421.

281 2346 400 2383 sum.

281 2346 400 2385 ABL.

304 2425 357 2480 7.
397 2427 532 2499 Περὶ
557 2427 667 2482 τῶν
690 2428 897 2483 δώδεκα
925 2428 1112 2495 λίθων,
1144 2431 1222 2485 De
1247 2433 1464 2503 gemmis
1494 2432 1551 2487 in
1577 2442 1729 2489 veste
1756 2434 1808 2487 A:

2003 2478 2011 2490 .
2045 2434 2248 2491 Praeter
2280 2450 2392 2491 rem
2433 2435 2673 2506 optimus
2701 2431 2915 2488 Caveus
2959 2433 3159 2489 librum
3210 2431 3287 2487 De
3315 2432 3507 2500 lapidi.

228 2524 329 2580 bus
359 2522 501 2579 inter
533 2526 733 2581 inedita
764 2524 1057 2596 Epiphanii
1084 2524 1273 2581 refert.
1308 2524 1419 2583 Nec.
1453 2528 1637 2584 minus
1665 2528 1953 2597 falluntur,
1997 2531 2088 2600 qui
2126 2531 2325 2586 librum
2377 2531 2521 2586 hunc
2564 2528 2871 2599 Epiphanio
2919 2528 3257 2598 abjudicant.
3298 2526 3512 2583 Prodiit

225 2635 356 2675 cum
391 2622 642 2675 versione
678 2619 804 2676 Iola:
832 2619 1109 2685 Hieronis,
1142 2619 1451 2687 Tarentini,
1476 2620 1665 2693 Tiguri
1700 2622 1862 2688 1582,
1891 2633 2055 2695 atque
2090 2624 2146 2679 in
2174 2623 2380 2679 Petavii
2410 2624 2731 2686 edit.,.tom.
2761 2620 2826 2689 ll,
2870 2639 2925 2693 p.
2952 2623 3079 2690 225,
3131 2633 3246 2679 tum
3282 2624 3336 2678 in
3373 2623 3510 2679 Mat-

221 2711 359 2766 tbizn
388 2709 573 2766 Hilleri
608 2711 749 2767 libro
776 2704 853 2766 De
883 2712 1158 2767 duodecim
1182 2714 1417 2784 lgemmis
1448 2714 1502 2768 in
1529 2715 1787 2785 pectorali
1826 2717 2020 2772 summi
2042 2717 2331 2787 pontiﬁcis,
2364 2715 2597 2786 Tubing.
2638 2715 2793 2781 1698,
2834 2714 2913 2779 4°,
2939 2723 2994 2769 et
3044 2715 3099 2769 in
3143 2713 3509 2786 Syntagmatis

221 2796 347 2875 ejus
370 2802 790 2867 hermeneuticis,
816 2803 977 2869 1711,
1001 2802 1080 2867 4ο,
1111 2806 1207 2873 qui
1235 2803 1645 2860 observationes
1673 2821 1804 2862 suas
1834 2815 1889 2861 et
1918 2806 2176 2862 Salmasii
2207 2806 2304 2878 (ex
2335 2803 2605 2860 Pliniants
2636 2804 2757 2875 ejus
2794 2805 3110 2860 Exercitatt.
3140 2808 3209 2861 ad
3242 2805 3509 2876 Solinum)

221 2896 454 2952 addidit.
478 2893 620 2949 Idem
654 2910 711 2965 p.
744 2895 846 2951 110
876 2904 1049 2963 notat,
1080 2898 1148 2954 de
1177 2900 1408 2970 gemmis
1436 2904 1570 2955 "ante
1601 2898 1967 2970 Epiphanium
2010 2898 2300 2968 scripsisse
2327 2895 2770 2966 Theophrastum
2805 2893 3079 2961 Eresium,
3114 2895 3378 2956 Dioclem.
3408 2893 3511 2948 Ju-

222 2992 378 3055 bam,
414 2988 755 3046 Mauritaniae
779 2990 986 3061 regem,
1016 2990 1379 3048 Xenocratem
1407 2992 1729 3065 Ephesium,
1775 2990 2060 3052 Sudinem,
2096 2987 2464 3044 Metrodorum
2496 2985 2803 3057 Scepsium,
2843 2986 3121 3059 Satyrum,
3150 2987 3370 3057 Ajacem
3404 2984 3513 3039 1)ιί-

224 3082 522 3146 stonicem.
566 3080 995 3148 Demostratum,
1038 3080 1420 3148 Zenothemin,
1468 3081 1749 3147 Sotacum,
1772 3081 2167 3147 Callistratum,
2198 3078 2491 3135 Ismeniam
2536 3075 2904 3150 Olympicum,
2938 3077 3292 3139 Archelaum,
3329 3078 3424 3146 qui
3457 3076 3511 3129 in

223 3170 573 3241 Cappadocia
621 3169 888 3239 regnavit,
926 3167 1155 3237 Horum,
1190 3169 1578 3239 Democritum,
1616 3171 1986 3236 Zoroastrem,
2018 3170 2336 3225 Zachariam
2368 3168 2724 3241 Babylonium
2770 3176 2825 3224 et
2860 3166 3091 3224 alterum
3124 3167 3509 3223 Xenocratem.

224 3261 608 3317 Conlerendus
645 3261 809 3316 etiam
862 3259 962 3315 Ed.
992 3260 1343 3316 Bernhardus
1385 3262 1534 3316 notis
1580 3261 1649 3316 ad
1697 3259 2019 3330 Josephum,
2052 3275 2174 3330 pag.
2213 3257 2315 3313 180
2344 3273 2486 3328 seq.,
2518 3269 2574 3312 et
2702 3256 2976 3313 Braunius
3009 3257 3104 3311 lib.
3140 3272 3178 3311 ιι
3223 3256 3300 3310 De
3326 3254 3515 3310 restim

224 3356 569 3413 sacerdotum
599 3352 785 3417 Hebr..
820 3368 943 3424 cap.
964 3351 998 3407 8
1030 3368 1147 3423 seq.
1186 3349 1245 3407 In
1273 3350 1530 3408 omnibus
1566 3351 1653 3408 his
1681 3351 2014 3407 editionibus
2043 3350 2245 3405 omissa
2276 3357 2362 3404 est
2388 3347 2676 3419 Epiphanii
2701 3351 2924 3421 epistola
2950 3353 3020 3407 ad
3051 3352 3343 3407 Diodorum
3376 3348 3516 3405 Tar-

225 3466 458 3514 sensem,
488 3449 577 3505 cui
602 3449 805 3504 librum
842 3449 1209 3515 consecravit,
1236 3464 1356 3520 qua:
1384 3447 1579 3503 Latine
1602 3456 1782 3504 exstat
1812 3447 1954 3520 apud
1989 3445 2331 3510 Facundum,
2367 3446 2457 3500 lib.
2490 3463 2563 3513 ιν,
2610 3461 2659 3505 c.
2695 3448 2751 3515 5,
2786 3456 2915 3504 tom.
2948 3447 2994 3504 II
3027 3446 3166 3520 Opp.
3211 3447 3513 3514 Sirmondi,

225 3556 287 3612 ι).
326 3538 456 3593 517.
502 3536 862 3609 Hieronymus
890 3540 1052 3607 epist.
1084 3536 1188 3592 128
1217 3536 1293 3592 De
1311 3538 1494 3592 vestitu
1523 3537 1877 3605 sacerdotum,
1905 3538 1975 3591 ad
2002 3536 2322 3593 Fabiolam:
2350 3535 2609 3607 Sufﬁciat,
2634 3540 2772 3609 quod
2796 3548 2844 3595 et
2867 3550 3083 3595 sanctus
3110 3558 3250 3611 papa
3282 3540 3516 3610 Epipha-

228 3634 359 3688 nius
395 3633 660 3704 egregium
693 3646 852 3701 super
886 3630 983 3684 hoc
1010 3629 1114 3700 (de
1142 3631 1372 3702 gemmis
1403 3628 1716 3697 duodecim,
1747 3628 1881 3699 quid
1916 3642 2263 3698 unaquaeque
2286 3628 2483 3693 valeat,
2517 3634 2571 3682 et
2622 3629 2895 3699 quomodo
2940 3629 3237 3684 virtutibus
3286 3628 3517 3699 singula:

227 3719 659 3791 comparentur)
696 3720 938 3775 volumen
969 3718 1178 3783 edidit;
1206 3717 1345 3790 quod
1380 3720 1428 3774 si
1460 3718 1625 3790 legere
1652 3719 1902 3786 volueris,
1935 3719 2300 3789 plenissimam
2333 3719 2613 3773 scientiam
2638 3722 2992 3793 consequeris.
3021 3720 3253 3776 Arethas
3276 3720 3343 3776 ad
3377 3721 3520 3789 Apo-

226 3811 431 3884 calyps.
468 3827 540 3877 tv,
565 3811 621 3876 5,
648 3812 713 3866 de
743 3809 922 3880 lapide
962 3810 1145 3865 sardio
1173 3828 1187 3865 :
1216 3809 1381 3879 Λέγει
1414 3809 1523 3882 γὰρ
1553 3812 1581 3864 ὁ
1609 3809 1730 3880 μέγ(

2017 3827 2128 3870 νιος
2162 3809 2435 3882 ἰατρεύειν
2475 3808 2764 3881 οἰδήματα,
2797 3818 2905 3866 etc.
2955 3807 3242 3880 Epitomen
3272 3809 3520 3864 ediderat

225 3908 520 3966 Couradus
543 3908 817 3963 Gcsnerus
846 3920 973 3962 cum
1002 3904 1316 3971 corollario,
1344 3904 1400 3958 in
1438 3904 1762 3959 collectione
1797 3904 2129 3975 scriptorum
2158 3903 2253 3973 qui
2283 3904 2349 3958 de
2374 3902 2537 3958 rebus
2570 3900 2854 3957 fossilibus
2883 3909 3131 3971 egerunt,
3164 3898 3353 3971 Τίθει-ἰ
3378 3899 3520 3953 1566

230 4001 446 4078 [1565],
472 4001 550 4067 8°,
577 4008 741 4069 atque
766 4014 831 4053 ex
860 3998 969 4053 alio
993 3997 1183 4053 codice
1210 4012 1317 4052 ms.
1344 4011 1471 4052 cum
1508 3995 1785 4053 Francisci
1819 3995 2077 4051 Turriani
2108 3996 2362 4051 versione
2390 3993 2648 4049 Petavius
2673 4002 2804 4049 tom.
2838 3992 2905 4058 II,
2954 4008 3077 4064 pag.
3106 3992 3233 4047 255.
3272 3990 3366 4046 Illa
3398 3990 3519 4061 ipsa

228 4095 488 4169 Epitome
519 4095 622 4152 sub
652 4092 942 4165 Epiphanii
971 4092 1195 4149 nomine
1228 4100 1340 4149 tota
1369 4092 1568 4164 legitur
1596 4094 1653 4149 in
1682 4091 1964 4149 Anastasii
2011 4091 2237 4146 Sinaitae
2283 4090 2703 4162 quaastionibus,
2734 4088 3042 4162 quaestione
3072 4103 3160 4142 ιι..
3194 4086 3415 4142 Fanmc.
3449 4117 3520 4127 —

229 4188 548 4245 Genuinum
573 4195 627 4243 et
653 4187 923 4257 integrum
954 4184 1247 4257 Epiphanii
1281 4203 1403 4245 esse
1428 4187 1630 4244 dicitur
1661 4188 1988 4259 opusculum
2026 4188 2196 4257 quod,
2243 4187 2298 4241 in
2351 4187 2579 4258 antiqua
2616 4185 2813 4241 Latina
2844 4184 3098 4241 versione
3122 4194 3421 4254 repertum,
3452 4198 3520 4238 ex

227 4278 358 4333 cod.
391 4275 677 4342 Vaticano,
710 4274 765 4329 in
792 4274 943 4329 calce
967 4283 1145 4332 tamen
1172 4278 1315 4332 haud
1351 4279 1586 4350 integro,
1618 4278 1823 4350 prodiit
1859 4278 2023 4348 hujus
2049 4278 2375 4334 sententias:
2408 4275 2675 4347 Epiphan.
2699 4277 2764 4333 de
2793 4275 3074 4330 duodecim
3102 4275 3322 4346 gemmis
3347 4275 3519 4328 ratio-

229 4372 376 4426 nalis
416 4371 609 4424 summi
647 4366 935 4423 sacerdotis
964 4365 1309 4422 Hebraeorum
1349 4366 1479 4422 liber
1524 4368 1593 4421 ad
1633 4367 1949 4422 Diodorum.
1984 4366 2179 4421 Prodit
2209 4383 2347 4420 nunc
2383 4368 2618 4437 primum
2660 4384 2726 4422 ea:
2776 4368 2994 4437 antiqua
3036 4367 3271 4419 versione
3299 4364 3516 4422 Latina.

235 4463 417 4534 Opera
440 4470 490 4516 et
521 4461 696 4516 studio
722 4459 788 4514 P.
824 4457 1104 4514 Francisci
1151 4456 1420 4530 Fogginii,
1454 4460 1548 4531 qui
1573 4468 1623 4514 et
1657 4468 1810 4514 notas
1839 4458 2055 4529 adjecit,
2088 4456 2295 4523 Romae,
2333 4472 2422 4528 ap.
2457 4457 2698 4529 Zempel.
2733 4458 2892 4525 1745,
2924 4460 3000 4514 4ο.
3031 4455 3089 4512 In
3114 4456 3325 4529 praefat.
3358 4471 3521 4511 enar-

231 4569 392 4615 ratur
419 4558 651 4614 historia
674 4556 838 4627 hujus
870 4555 1121 4625 opusculi
1153 4563 1207 4610 et
1237 4564 1544 4623 auctorum,
1570 4555 1665 4626 qui
1698 4570 1945 4627 gemmas
1974 4555 2094 4610 illas
2127 4552 2554 4624 descripserunt.
2588 4553 2735 4610 Idem
2767 4564 2959 4611 contra
2990 4554 3305 4611 Fabricium
3333 4561 3519 4625 negat,

228 4653 532 4724 epitomen,
565 4651 635 4706 ab
662 4649 955 4706 Anastasio
986 4646 1197 4703 Sinaita
1220 4647 1444 4713 editam,
1473 4655 1529 4703 et
1556 4647 1731 4718 ipsius
1754 4645 2045 4719 Epiphanii
2080 4656 2459 4713 commentat.,
2492 4662 2659 4702 unam
2710 4662 2834 4705 esse
2859 4648 3241 4718 eamdemque,
3274 4646 3519 4702 libellum

229 4758 367 4798 vero
410 4757 441 4796 a
470 4740 714 4797 Gesnero
760 4739 965 4795 editum
996 4740 1174 4810 ipsum
1209 4754 1431 4811 quoque
1465 4754 1574 4795 non
1605 4739 1713 4795 nisi
1752 4739 2103 4809 prolixiorem
2136 4738 2411 4810 epitomen
2456 4738 2640 4809 operis
2669 4754 2793 4795 esse
2828 4749 3015 4795 censet
3047 4755 3099 4809 p.
3130 4753 3220 4794 xv:
3263 4754 3311 4794 s.
3350 4736 3515 4793 Conf.

234 4840 461 4911 Ephem.
496 4838 603 4893 litt.
635 4837 779 4907 Lips.
805 4840 871 4893 Α.
906 4837 1065 4904 1745,
1099 4854 1153 4909 p.
1181 4838 1310 4906 547,
1339 4845 1393 4893 et
1419 4835 1653 4909 Gotting.
1685 4834 1905 4905 Ephem.
1940 4835 2048 4890 litt.
2076 4833 2142 4890 A.
2181 4834 2343 4902 1745,
2372 4852 2424 4905 p.
2452 4834 2557 4891 409
2586 4850 2699 4904 seq.
2731 4835 2787 4890 In
2818 4835 3072 4890 manibus
3107 4834 3282 4889 habeo
3321 4833 3521 4890 editio-

231 4946 362 4989 nem
394 4931 511 4986 sive
539 4929 912 4986 collectionem
938 4929 1083 4985 illam
1115 4930 1354 5001 plurium
1394 4930 1747 4999 scriptorum,
1782 4928 2103 4999 inscriptam
2140 4951 2151 4983 :
2185 4926 2261 4982 De
2305 4929 2448 4981 omni
2504 4943 2682 4981 rerum
2733 4926 3001 4997 fossilium
3042 4942 3246 4996 genere,
3275 4927 3519 4996 gemmis,

233 5019 528 5091 lapidibus,
558 5019 784 5075 metallis
823 5029 873 5074 et
906 5020 1212 5090 hujusmodi
1237 5020 1359 5075 libri
1391 5019 1616 5089 aliquot,
1644 5020 1877 5091 plerique
1909 5036 2047 5074 nunc
2075 5019 2310 5090 primum
2339 5019 2488 5074 editi.
2534 5018 2709 5090 Opera
2740 5018 2974 5074 Conradi
3010 5016 3250 5073 Gesneri.
3282 5017 3523 5085 Quorum

236 5118 544 5189 catalogum
577 5133 793 5189 sequens
836 5117 1023 5187 folium
1069 5116 1317 5171 continet.
1344 5114 1554 5185 Tiguri,
1583 5114 1874 5171 accendebat
1900 5106 2024 5172 Jac.
2049 5115 2307 5172 Gesnerus
2330 5132 2470 5171 anno
2497 5114 2709 5171 MDLX
2722 5113 2785 5182 V,
2819 5116 2894 5171 8°.
2923 5115 3117 5172 Insunt
3166 5125 3348 5177 autem
3383 5133 3524 5188 opu-

236 5208 394 5263 scula
423 5208 726 5276 sequentia,
761 5203 1000 5276 quorum
1026 5204 1309 5277 quodlibet
1337 5206 1666 5276 peculiarem
1700 5207 1863 5262 habet
1886 5207 2296 5278 inscriptionem
2329 5228 2343 5263 :
2374 5210 2427 5264 1°
2457 5207 2512 5263 J.
2547 5205 2894 5275 Kentmanni,
2950 5206 3265 5263 Dresdensis
3309 5210 3520 5271 medici,

236 5304 654 5360 nomenclaturte
687 5320 863 5360 rerum
891 5302 1176 5374 fossilium,
1208 5319 1327 5374 qua:
1356 5303 1414 5357 in
1446 5301 1648 5358 Misnia
1674 5304 1937 5373 praecipue
1963 5334 2034 5344 --
2057 5306 2424 5372 inveniuntur;
2447 5304 2505 5359 2°
2531 5302 2787 5375 Ejusdem
2826 5301 3175 5371 calculorum,
3203 5303 3295 5373 qui
3326 5300 3381 5353 in
3404 5318 3525 5356 cor-

237 5409 365 5461 pore
405 5409 469 5446 ac
512 5393 756 5447 membris
787 5392 1057 5446 hominum
1081 5393 1452 5459 innascuntur,
1479 5407 1667 5462 genera
1705 5391 2006 5461 duodecim,
2036 5404 2141 5451 etc.
2169 5414 2185 5463 ;
2218 5396 2275 5450 5ο
2307 5395 2387 5450 De
2419 5395 2705 5450 metallicis
2736 5395 2889 5451 rebus
2923 5412 2986 5450 ac
3032 5394 3350 5459 nominibus,
3378 5392 3521 5447 obss.

241 5488 407 5541 varice
436 5503 502 5540 ea:
533 5487 732 5542 schedia
757 5485 820 5541 G.
851 5486 1127 5549 Fabricii;
1159 5484 1214 5538 4ο
1244 5483 1477 5539 Severini
1509 5483 1747 5551 Ga’belii,
1780 5486 1992 5555 medici,
2022 5487 2087 5542 de
2117 5489 2331 5543 succino
2360 5488 2485 5542 libri
2510 5504 2549 5542 ιι
2588 5518 2659 5528 --
2682 5505 2801 5542 cum
2823 5487 3110 5542 corollario
3136 5486 3298 5541 Conr.
3332 5482 3524 5540 Gesne-

242 5582 328 5644 ri;
356 5579 414 5635 5°
454 5580 650 5635 Valerii
675 5580 835 5635 Cordi
862 5582 926 5635 de
948 5581 1285 5645 halosantho,
1317 5597 1409 5636 seu
1429 5595 1693 5652 spermate
1713 5585 1837 5647 ceti,
1866 5601 1985 5638 cum
2016 5585 2303 5640 corollario
2326 5583 2486 5640 Conr.
2516 5584 2763 5652 Gesneri;
2789 5587 2844 5641 6°
2864 5586 2925 5643 S.
2957 5586 3265 5657 Epiphanii.
3295 5586 3525 5656 episcopi

247 5671 432 5742 Cypri,
461 5670 527 5724 de
551 5670 824 5725 duodecim
854 5673 1091 5743 gemmis,
1135 5688 1247 5742 qua:
1266 5682 1418 5726 erant
1450 5674 1501 5726 in
1532 5682 1666 5727 veste
1694 5660 1944 5757 Aaronis,
1969 5674 2101 5729 liber
2127 5674 2345 5731 σηπίη
2380 5684 2428 5733 et
2451 5675 2700 5745 Latinus,
2727 5674 2849 5734 Iola
2880 5676 3320 5734 Ilierotarantino
3354 5677 3522 5731 inter.
