3808 6152
324 244 359 284 x
1459 231 1738 292 NOTI'I'IA
1779 236 1846 292 ΙΝ
1889 238 1951 295 S.
1993 238 2436 300 EPIPHANIUM.

319 376 483 436 prete,
508 383 629 420 cum
673 368 947 422 corollario
994 368 1057 423 C.
1090 367 1344 436 Gesneri;
1378 372 1431 425 7°
1464 372 1560 431 Fr.
1596 375 1749 443 Ruei,
1801 395 1823 431 η

2090 382 2291 448 sulani,
2319 382 2382 436 de
2414 382 2629 453 gemmis
2661 381 2885 452 aliquot,
2917 381 2983 436 iis
3017 381 3336 452 prasertim,
3366 397 3594 452 quarum

321 461 390 515 ι).
422 458 724 515 Joanuesin
747 462 1065 533 Apocalypsi
1088 469 1323 523 meminit
1348 479 1398 524 et
1424 470 1549 525 aliis
1573 500 1644 515 --
1674 473 1798 527 libri
1826 490 1894 542 n;
1938 476 1994 529 8°
2017 476 2079 532 C.
2102 476 2316 531 Gesneri
2344 478 2409 531 de
2435 495 2606 532 rerum
2628 477 2913 548 fossilium,
2932 475 3169 546 lapidum
3198 486 3247 530 et
3270 493 3595 547 gemmarum

321 553 572 616 maxime,
597 553 722 622 ﬁgg.
755 562 804 606 et
829 554 1292 625 similitudinibus,
1332 562 1462 616 liber
1490 580 1610 617 cum
1639 565 1877 621 iconibus
1912 567 2268 636 plurimis.-—
2297 568 2584 641 Epiphanii
2627 570 2765 625 liber
2796 568 2849 623 in
2876 568 3037 622 titulo
3065 567 3325 637 peculiari
3359 581 3596 620 excusas

329 642 527 696 dicitur
556 641 741 712 Tiguri
772 643 1060 701 MDLXVI.
1094 646 1149 701 In
1172 650 1401 719 epistola
1435 656 1832 724 nuncupatoria
1869 657 2090 728 scripsit
2125 658 2352 724 Gesner,
2387 675 2448 715 se
2475 659 2753 728 exemplar
2793 671 2898 712 ms.
2928 655 3201 724 accepisse
3225 669 3255 707 a
3286 652 3530 722 Gaspare
3564 670 3595 707 a

324 731 636 803 Nydbruck,
672 737 1001 801 Ferdinandi
1029 741 1401 799 Romanorum
1445 756 1501 801 et
1529 747 1883 804 Maximiliani
1932 749 2206 807 Bohemiaa
2244 768 2434 822 regum
2468 768 2499 807 a
2527 750 2791 817 consiliis,
2822 758 2876 803 et
2919 746 3256 817 marginibus
3298 760 3449 809 suas,
3473 761 3596 814 qure

318 826 631 898 frequentes
666 841 816 894 sunt,
853 833 1117 903 adiecisse
1142 838 1569 907 emendationes,
1602 858 1669 897 ex
1700 844 2017 913 conjectura
2047 854 2261 901 enatas.
2297 847 2470 902 Codd.
2504 847 2755 901 notitiam
2797 843 2993 898 addere
3017 840 3190 907 juvat.
3223 839 3340 893 Duo
3371 838 3593 892 Vatica—

319 937 419 974 nos
454 922 657 976 indicat
691 923 984 980 Montlauc.
1022 926 1075 981 in
1109 927 1174 983 Β.
1211 929 1449 983 biblioth.
1479 947 1631 998 mss.,
1662 941 1793 988 tom.
1826 933 1868 1000 l,
1894 950 2019 1007 pag.
2056 936 2122 990 15
2152 936 2215 1000 D,
2246 946 2298 991 et
2329 952 2452 1007 pag.
2482 938 2551 993 55
2575 936 2638 1000 D,
2664 953 2718 990 n.
2748 934 2875 995 921,
2908 941 2963 987 et
2988 932 3041 985 in
3071 931 3238 984 alium
3262 929 3510 984 Vatican.
3541 931 3593 985 in

318 1012 452 1065 bibl.
486 1014 682 1082 reginae
707 1016 1017 1083 Christiane,
1053 1033 1109 1088 p.
1135 1019 1205 1075 64
1234 1020 1299 1085 D,
1330 1030 1385 1076 et
1428 1038 1481 1090 p.
1514 1024 1584 1079 88
1614 1024 1676 1080 C.
1703 1056 1773 1067 —
1796 1025 1934 1082 Tum
1963 1044 2017 1099 p.
2052 1028 2155 1084 169
2193 1029 2240 1083 Α
2271 1029 2503 1086 Roman.
2534 1032 2589 1085 in
2633 1029 2700 1085 Β.
2731 1028 2954 1083 Patrum
2984 1026 3043 1083 S.
3079 1027 3275 1089 Basil.,
3308 1025 3591 1094 Epiphanii

319 1116 401 1167 ep.
430 1104 499 1155 ad
530 1102 840 1172 Diodorum,
867 1106 962 1162 Gr.
998 1109 1185 1179 (coni.
1220 1128 1438 1184 quoque
1461 1114 1756 1173 Montl'auc.
1786 1119 1840 1173 in
1866 1119 2052 1174 Diario
2077 1118 2235 1186 Ital.,
2262 1136 2318 1191 p.
2348 1120 2454 1174 215
2480 1124 2518 1189 ).
2552 1150 2622 1161 --
2649 1120 2795 1175 Idem
2825 1128 2957 1174 tom.
2986 1116 3054 1181 ll,
3087 1132 3140 1187 p.
3174 1116 3310 1170 1199
3340 1114 3401 1179 Β,
3434 1115 3591 1168 codi-

319 1208 437 1247 cem
474 1193 527 1246 in
560 1193 843 1261 Pelliserii,
885 1197 938 1251 in
985 1200 1116 1256 bibl.
1158 1202 1387 1259 abbatize
1414 1203 1471 1259 S.
1502 1203 1646 1261 Petri
1684 1207 1752 1263 de
1786 1207 2091 1265 Seliucurte
2120 1210 2282 1265 dicec.
2328 1209 2716 1265 Ambianensis
2759 1209 3020 1264 nominat.
3059 1239 3128 1252 —
3163 1207 3405 1262 Venetiis
3452 1208 3592 1261 inter

321 1286 479 1341 codd.
508 1286 785 1346 Nanianos
811 1294 865 1345 in
895 1293 1016 1347 cod.
1054 1290 1178 1358 152,
1212 1292 1266 1345 in
1293 1290 1510 1349 Collect.
1541 1298 1922 1351 sententiarum
1943 1314 1971 1351 e
1994 1295 2098 1353 SS.
2127 1308 2178 1353 et
2207 1296 2479 1365 Patribus,
2506 1313 2628 1369 pag.
2660 1297 2748 1363 77,
2776 1295 3000 1352 aﬂertur
3022 1295 3310 1365 explicatio
3337 1294 3585 1347 omnium

319 1392 399 1431 ιιι
430 1377 734 1448 lapillorum
763 1396 829 1436 ex
857 1382 976 1451 ipso
1000 1380 1303 1455 Epiphanio
1331 1400 1345 1435 :
1370 1411 1440 1422 —
1469 1383 1525 1437 in
1554 1384 1673 1439 cod.
1704 1385 1832 1451 297,
1858 1385 2002 1465 n.5,
2037 1402 2090 1456 p.
2124 1385 2212 1451 75,
2250 1385 2443 1456 Epiph.
2469 1385 2536 1439 de
2572 1400 2650 1439 xu
2681 1384 2901 1454 lapillis.
2937 1381 3004 1438 V.
3041 1380 3219 1436 Catal.
3250 1380 3407 1433 codd.
3442 1378 3587 1433 Nan.

320 1468 441 1531 Gr.,
472 1485 594 1541 pag.
630 1472 733 1526 507
758 1482 813 1526 et
837 1472 959 1527 499.
987 1504 1057 1515 -
1083 1474 1217 1529 Ibid.
1249 1475 1303 1528 in
1331 1475 1463 1530 bibl.
1494 1475 1560 1531 Ι).
1592 1476 1782 1544 Marci,
1820 1479 1945 1534 cod.
1973 1479 2101 1546 498,
2147 1479 2227 1534 De
2257 1480 2534 1534 duodecim
2564 1478 2827 1548 lapidibus
2860 1486 2910 1532 et
2940 1476 3125 1547 signis,
3176 1475 3230 1533 in
3275 1474 3396 1529 Cat.
3432 1476 3585 1527 codd.

318 1556 412 1611 Cr.
445 1559 641 1627 Mam,
672 1578 793 1633 pag.
825 1562 950 1631 261,
981 1563 1253 1620 indicatur
1282 1582 1299 1633 ;
1348 1567 1444 1623 sed
1476 1567 1548 1622 cl.
1586 1566 1853 1624 Villoison
1879 1571 1936 1624 in
1960 1570 2216 1625 Anecdot.
2250 1568 2368 1637 Gr.,
2402 1579 2536 1626 tom.
2569 1568 2636 1635 II,
2672 1584 2797 1641 pag.
2827 1567 2955 1634 246,
2987 1566 3387 1627 animadvertit,
3416 1566 3470 1618 in
3499 1566 3588 1618 illo

317 1654 442 1709 cod.
476 1656 607 1711 nihil
640 1658 783 1713 aliud
815 1660 1065 1734 reperiri,
1092 1660 1198 1715 nisi
1223 1662 1473 1731 quaedam
1501 1674 1754 1734 excerpta
1787 1681 1854 1721 ex
1888 1665 1981 1721 illo
2006 1666 2167 1723 libro.
2202 1694 2273 1708 —
2299 1664 2477 1722 Oxon.
2510 1665 2566 1720 in
2592 1664 2655 1718 Β.
2686 1662 2873 1718 Bodlei
2924 1676 3036 1717 sec.
3066 1658 3247 1714 Catal.
3291 1659 3447 1712 codd.
3480 1660 3588 1712 An-

318 1747 460 1816 glite,
487 1759 617 1817 etc.,
650 1749 693 1817 1,
724 1752 779 1806 in
814 1753 973 1808 codd.
1006 1752 1233 1809 Barocc.
1265 1755 1394 1822 129,
1424 1758 1546 1824 151,
1577 1759 1671 1814 sed
1716 1759 1943 1815 mutilus
1974 1760 2054 1815 ibi
2084 1770 2171 1817 est
2198 1761 2356 1825 liber,
2384 1760 2512 1824 206,
2537 1769 2593 1813 et
2619 1761 2761 1814 inter
2784 1757 2941 1813 cadd.
2974 1755 3078 1810 Th.
3108 1753 3241 1818 Roe,
3276 1769 3330 1806 η.
3359 1753 3487 1806 263.
3518 1779 3586 1790 -

318 1835 655 1895 Vindobonze
681 1841 736 1894 in
766 1843 895 1897 bibl.
934 1841 1138 1903 Casar.
1166 1848 1327 1904 codd.
1353 1848 1479 1913 215,
1511 1867 1566 1905 n.
1600 1851 1762 1911 15.--
1793 1850 1851 1906 In
1882 1852 2004 1907 cod.
2034 1852 2126 1919 25,
2152 1868 2209 1907 ιι.
2241 1852 2296 1920 8,
2328 1860 2464 1907 teste
2492 1850 2747 1905 Lambec.
2779 1832 3096 1910 Comment.,
3129 1854 3261 1900 tom.
3302 1840 3391 1905 IV,
3420 1858 3472 1909 p.
3497 1838 3583 1905 89,

318 1936 373 1988 et
405 1937 536 1984 tom.
564 1930 628 1997 V,
659 1947 711 2002 p.
737 1933 842 1987 269
873 1951 990 2005 seq.
1025 1968 1093 1978 —
1118 1936 1293 1995 Paris.
1320 1941 1374 1995 in
1410 1941 1544 1996 bibl.
1580 1942 1731 2012 publ.
1765 1951 1985 1999 exstant
2014 1943 2069 1997 in
2105 1952 2229 1998 octo
2254 1943 2411 1998 codd.
2442 1941 2508 1995 ν.
2544 1942 2656 1995 ind.
2681 1940 2801 1995 Cat.
2842 1938 3000 2002 Pan,
3033 1935 3097 1998 ll,
3137 1952 3189 1989 v.
3227 1933 3489 2003 Epiphan.
3518 1960 3590 1975 —

318 2022 566 2092 Epitome
594 2026 650 2082 in
679 2028 801 2083 cod.
835 2032 984 2101 regio
1016 2031 1216 2089 Matrit.
1256 2034 1379 2103 110,
1412 2037 1588 2093 indice
1631 2037 1823 2093 lriarto
1853 2038 1910 2093 in
1950 2037 2071 2093 Cat.
2106 2038 2261 2092 codd.
2292 2036 2409 2102 Gr.,
2444 2053 2500 2107 p.
2533 2035 2657 2090 456.
2691 2063 2758 2080 -~
2787 2033 2929 2088 Inter
2959 2031 3119 2086 codd.
3154 2029 3406 2099 Eparchi,
3439 2045 3498 2081 n.
3528 2026 3578 2083 7.

319 2118 587 2189 Ερὶρὴαη.
624 2123 694 2177 ad
724 2123 1035 2195 Diodorum,
1070 2127 1195 2200 Tyri
1228 2133 1549 2202 episcopum,
1582 2133 1646 2187 de
1668 2149 1743 2187 xu
1772 2132 2073 2202 lapidibus;
2097 2133 2165 2188 de
2195 2132 2386 2189 iisdem
2409 2128 2848 2201 compendiosior
2881 2126 3131 2183 tractatio
3155 2142 3169 2190 ;
3191 2125 3435 2193 ejusdem
3461 2119 3587 2191 Epi—

319 2212 506 2282 phanii
530 2213 650 2271 alia:
682 2216 1026 2286 quaestiones.
1056 2217 1122 2274 V.
1156 2217 1318 2275 Fabr.
1363 2218 1430 2274 Β.
1464 2218 1582 2290 Gn,
1616 2228 1748 2277 tom.
1777 2219 1823 2275 Χ

1056 2217 1122 2274 ν.
1156 2217 1318 2275 Fabr.
1363 2218 1430 2274 Β.
1464 2218 1582 2290 Gn,
1616 2228 1748 2277 tom.
1777 2219 1847 2287 Χ,
1876 2237 1931 2293 p.
1963 2221 2090 2290 479,
2116 2230 2227 2277 vet.
2256 2222 2343 2279 ed.
2372 2218 2543 2275 llam.

1653 2380 1722 2436 ν.
1762 2395 1986 2438 εοιιιιιη
2014 2397 2266 2438 panum.

388 2531 441 2586 8.
481 2532 739 2604 Ερίεεοιω
764 2534 842 2606 (a)
872 2536 1312 2607 quamplurima,
1346 2546 1407 2593 ut
1433 2553 1573 2608 quas
1596 2536 1967 2609 Hieronymus
1993 2539 2215 2608 Apolog.
2247 2553 2284 2591 ιι
2321 2537 2375 2591 in
2407 2536 2685 2599 Ruﬁnum,
2713 2549 2765 2604 p.
2805 2531 2930 2595 165,
2963 2530 3061 2592 ait,
3090 2543 3148 2584 se
3174 2525 3477 2596 Epiphanio
3512 2523 3578 2577 ad

317 2622 753 2692 suggillationem
788 2624 970 2679 Ruﬁni
1000 2624 1253 2692 dictasse,
1286 2636 1341 2682 et
1372 2642 1481 2682 una
1509 2628 1691 2683 brevis
1721 2628 1775 2682 in
1808 2628 2023 2682 laudem
2058 2626 2115 2681 S.
2153 2625 2449 2682 Hilarionis
2473 2625 2736 2687 eremilze,
2770 2622 2832 2675 Α.
2859 2623 2920 2676 C.
2951 2620 3049 2675 571
3093 2616 3359 2678 defuncti,
3388 2615 3456 2669 de
3478 2630 3583 2684 qua

317 2718 458 2773 idem
495 2718 808 2792 Hieronym.
843 2721 899 2777 in
928 2722 1158 2795 Prologo
1187 2725 1309 2779 vita:
1332 2724 1668 2779 Hilarionis:
1695 2725 2016 2796 Quanquam
2045 2723 2105 2779 S.
2137 2723 2486 2795 Epiphanius,
2520 2719 2812 2775 Salamina
2841 2718 3002 2788 Cypri
3031 2717 3325 2799 episcopus.
3353 2713 3445 2782 qui
3471 2727 3588 2765 cum

238 2872 249 2879 ,
316 2818 595 2872 Hilarione
623 2818 918 2889 plurimum
947 2831 1182 2875 uersatus
1205 2831 1303 2889 est,
1335 2822 1548 2877 laudem
1574 2824 1687 2894 ejus
1715 2822 2099 2893 brevicpistola
2125 2823 2414 2892 scripserit,
2442 2835 2561 2892 qua:
2594 2818 2745 2887 vulgo
2771 2815 2986 2885 legitur,
3020 2821 3196 2864 tamen
3225 2808 3375 2862 aliud
3401 2816 3478 2861 est
3511 2806 3590 2859 lo-

316 2915 390 2967 cis
419 2914 780 2969 communibus
803 2915 1025 2972 laudare
1046 2918 1377 2988 defunctum,
1403 2920 1552 2974 aliud
1575 2920 1811 2989 defuncti
1841 2920 2082 2990 proprias
2108 2934 2329 2973 narrare
2347 2919 2579 2972 virtutes.
2601 2909 2916 2968 ΕΑΒκπ-Εῑ
2940 2906 3169 2976 epismla
3195 2904 3263 2960 ad
3292 2903 3590 2957 NOMChOS

316 3009 419 3080 (De
449 3012 766 3065 abstinentia
794 3029 825 3065 a
850 3013 985 3084 cibo)
1014 3013 1319 3079 Florentiae,
1350 3015 1405 3070 in
1439 3015 1563 3071 cod.
1601 3014 1765 3070 hur.
1802 3013 1995 3069 Medic.
2029 3014 2085 3078 6,
2133 3029 2187 3068 η.
2223 3014 2277 3078 7,
2311 3012 2447 3082 plut.
2477 3008 2565 3074 86,
2594 3022 2720 3064 cum
2758 3005 3094 3059 Damasceno
3120 3001 3185 3054 de
3208 2998 3399 3053 eodem
3432 3011 3593 3065 argu-

317 3116 522 3162 mento.
556 3106 816 3176 (Bandin.
847 3107 968 3163 Cat.
998 3108 1151 3163 codd.
1184 3107 1280 3165 Gr.
1316 3109 1485 3176 Μαι,
1524 3108 1618 3179 lll,
1649 3126 1703 3182 p.
1733 3110 1884 3169 295.)
1911 3108 1970 3165 In
2000 3110 2125 3167 cod.
2163 3106 2339 3165 Paris.
2372 3105 2500 3162 bibl.
2534 3103 2684 3176 publ.
2717 3100 2881 3166 2751,
2915 3114 2971 3153 n.
2997 3095 3052 3163 6,
3078 3094 3345 3166 Epiphan.
3375 3090 3590 3163 (nescio

317 3203 467 3276 quis)
505 3203 578 3257 De
607 3204 886 3274 epistolico
919 3208 1247 3263 charactere.
1279 3207 1456 3264 ΗΑιιι.

386 3316 440 3371 9.
484 3313 551 3369 In
587 3320 970 3376 Hexaemeron.
1003 3322 1332 3378 Anastasius
1363 3321 1570 3377 Sinaita
1590 3322 1687 3378 lib.
1714 3337 1793 3377 vn
1827 3322 1883 3376 in
1909 3325 2273 3377 Hexaemeron
2299 3318 2442 3374 inter
2491 3330 2586 3372 eos
2626 3313 2722 3384 qui
2749 3309 3034 3367 historiam
3058 3303 3354 3363 creationis
3390 3300 3593 3357 Mosai-

314 3426 433 3468 cam
457 3413 798 3482 expositione
824 3414 1038 3469 litterali
1071 3415 1406 3486 interpretati
1432 3428 1582 3482 sunt,
1611 3417 1797 3473 laudat

2088 3435 2113 3482 ς
2142 3417 2238 3471 καὶ
2266 3415 2447 3487 ἔργοις
2471 3410 2943 3486 τρισμακάριστον
2975 3401 3318 3470 Ἐπιφάνιον.
3349 3397 3592 3451 ΕΑΒιιρα

331 3504 459 3561 v’ide
488 3522 673 3576 supra,
692 3507 760 3562 ad
787 3524 843 3563 n.
871 3507 907 3561 2
935 3509 1001 3563 de
1023 3509 1147 3566 aliis
1179 3509 1519 3581 Epiphaniis.
1548 3512 1658 3567 Aut
1678 3522 1830 3568 estne
1853 3528 1979 3582 pars
2007 3512 2174 3567 libelli
2205 3510 2492 3582 Epiphanii
2529 3509 2813 3565 Constant.
2850 3502 2927 3555 De
2973 3497 3232 3552 mensuris
3264 3505 3312 3547 et
3360 3493 3424 3548 de
3465 3509 3594 3563 pon-

314 3601 525 3656 deribus
562 3602 733 3672 (part.
768 3620 826 3669 n,
854 3620 975 3676 pag.
1006 3605 1108 3660 178
1142 3606 1229 3664 ed.
1267 3607 1442 3664 Paris.
1478 3607 1720 3667 Petam?
1747 3610 1926 3679 Atque
1950 3610 2245 3678 separatim
2269 3607 2473 3677 scripta
2500 3610 2680 3661 exstat
2708 3602 2762 3656 in
2793 3598 2915 3655 cod.
2942 3593 3251 3649 Vindobon.
3286 3590 3375 3679 89,
3410 3606 3464 3644 n.
3495 3591 3583 3651 19,

314 3688 607 3761 Epiphanii
650 3691 813 3763 Cypri
870 3698 1118 3753 recensio
1156 3698 1344 3769 viginti
1379 3700 1614 3755 duorum
1668 3677 1895 3771 operum
1950 3677 2268 3754 Hexaemeri
2322 3695 2615 3752 creationis
2670 3687 2884 3746 mundi.
2909 3684 2974 3739 γ.
3008 3683 3263 3738 Lambec.
3299 3677 3586 3771 Comment.

317 3792 451 3835 tom.
484 3778 572 3845 III,
607 3796 660 3851 p.
687 3781 811 3845 485,
842 3783 1027 3853 ibique
1059 3783 1283 3847 Kollarii
1310 3797 1494 3843 notam
1527 3790 1595 3843 Α.
1619 3769 1849 3844 -Ἰιθω
1883 3789 1937 3843 in
1963 3788 2085 3845 cod.
2118 3787 2241 3852 185,
2269 3786 2494 3841 Barocc.
2525 3782 2658 3839 bibl.
2684 3780 2838 3836 Bodl.
2868 3787 2921 3835 et
2944 3773 3278 3848 Epiphanius
3320 3772 3388 3825 in'
3414 3769 3589 3824 Hexa-

314 3887 545 3938 emeron,
578 3871 829 3937 Arabice,
860 3874 1081 3942 ibidem,
1110 3892 1167 3930 η.
1200 3876 1360 3941 8511,
1395 3879 1538 3933 inter
1559 3879 1719 3934 codd.
1750 3877 1818 3933 Rc

2010 3878 2281 3947 ntington.
2318 3874 2494 3929 Ηλιιι..
3495 3854 3512 3879 ⁴

388 3962 476 4017 10.
516 3962 690 4033 Λόγος
714 3966 795 4029 εις
825 3965 886 4019 τὸ
912 3966 1139 4038 Πνεῦμα
1158 3969 1220 4022 τὸ
1253 3969 1429 4039 ἅγιον.
1465 3971 1711 4027 Andreas
1737 3970 1889 4026 Caesa

2084 3968 2378 4038 ipocalyps.
2413 3982 2452 4033 ι,
2484 3980 2542 4036 p.
2568 3964 2623 4018 7.
2666 3961 2887 4017 Videtur
2911 3957 3059 4014 enim
3097 3955 3372 4011 diversum
3402 3950 3588 4019 utique

315 4064 508 4111 notare
540 4073 847 4114 sermonem
882 4062 951 4117 ab
975 4063 1044 4119 iis
1069 4078 1186 4134 qua
1225 4080 1291 4120 ex
1325 4065 1591 4121 Ancorato
1617 4064 1907 4135 Epiphanii
1953 4063 2144 4118 hmresi
2188 4077 2349 4117 Lxxlv
2395 4069 2587 4116 contra
2634 4051 3169 4112 Pneumatomacbos
3225 4047 3586 4106 disseruntur,

319 4146 601 4213 quoniam,
631 4162 753 4215 quae
784 4147 1028 4205 Andreas
1056 4166 1123 4206 ex
1149 4153 1243 4207 Illo
1268 4153 1412 4223 λόγῳ
1442 4154 1508 4208 de
1535 4155 1736 4224 hymno
1762 4153 2061 4223 Seraphico
2092 4151 2268 4216 all‘ert,
2301 4151 2372 4205 ibi
2404 4166 2512 4204 non
2542 4146 2783 4204 invenio.

394 4237 483 4291 11.
525 4239 684 4292 Κατὰ
709 4240 816 4295 τῶν
845 4242 1067 4297 εἰκόνων
1098 4243 1460 4315 σύγγραμμα,
1486 4244 1753 4314 Scriptum
1775 4245 1898 4298 adue

2077 4245 2328 4312 magines,
2359 4242 2503 4311 quod
2533 4245 2820 4301 memorat,
2857 4236 2951 4291 sed
2985 4242 3243 4302 tanquam
3273 4228 3581 4299 Epiphanio

315 4332 659 4401 suppositum
702 4334 877 4404 rejicit
901 4333 1226 4392 Theodorus
1271 4336 1512 4391 Studites
1548 4338 1602 4390 in
1636 4337 1994 4393 Autirrhetico
2027 4336 2286 4400 secundo,
2326 4343 2457 4388 tom.
2486 4331 2533 4387 V
2561 4331 2701 4402 Opp.
2734 4325 3034 4389 Sirmondi,
3069 4340 3119 4393 p.
3157 4323 3293 4387 150;
3330 4322 3457 4375 Ιίυθι
3485 4320 3585 4375 δυ·

317 4419 496 4476 hilare
522 4424 697 4491 possis
732 4441 862 4479 num
911 4424 1187 4495 singulare
1213 4424 1477 4493 scriptum
1506 4422 1795 4492 Epiphanii
1846 4424 1921 4477 ibi
1965 4423 2155 4478 innuat
2179 4421 2520 4486 Theodorus,
2549 4428 2605 4477 et
2650 4434 2759 4474 non
2807 4418 3009 4479 locum,
3033 4430 3143 4483 quo
3192 4413 3457 4480 imagines
3484 4411 3585 4464 im-

315 4516 514 4587 probat
537 4517 590 4571 in
623 4514 880 4581 Panario,
913 4516 1106 4571 haeresi
1143 4530 1309 4569 Lxxu
1346 4514 1634 4584 disputans
1664 4514 1927 4570 adversus
1952 4514 2366 4585 Collyridianos,
2402 4527 2566 4584 quem
2609 4509 2915 4580 Epiphanio
2957 4508 3220 4562 insertum
3249 4515 3302 4559 et
3328 4503 3584 4558 adulteri-

315 4627 446 4665 num
485 4626 608 4666 esse
635 4610 981 4666 contenditJ.
1020 4610 1392 4666 Damascenus
1424 4621 1561 4665 orat.
1594 4610 1630 4662 2
1657 4611 1720 4665 de
1768 4610 2108 4681 imaginibus.
2144 4621 2199 4666 et
2228 4610 2495 4666 Jeremias
2521 4607 2830 4679 patriarcha
2854 4604 2923 4659 ad
2954 4603 3354 4672 Tubingenses.
3377 4617 3429 4671 p.
3451 4599 3578 4661 216,

315 4701 632 4764 confutatus
662 4717 694 4755 a
723 4701 1184 4770 Tubingensibus,
1212 4717 1268 4771 p.
1297 4701 1425 4765 555,
1448 4702 1532 4757 vel
1557 4701 1738 4757 locum
1768 4702 2019 4767 alterum,
2052 4719 2083 4757 a
2111 4701 2364 4757 Patribus
2389 4699 2569 4771 quarti
2595 4696 2811 4754 concilii
2836 4694 3426 4765 Constantinopolitani
3451 4694 3583 4745 alla-

317 4807 431 4854 tum
455 4814 521 4852 ex
545 4796 770 4866 epistola
799 4796 868 4849 ad
900 4795 1249 4850 Theodosium
1274 4799 1426 4867 imp.,
1453 4799 1548 4868 qui
1577 4799 1824 4853 exstatin
1852 4789 2079 4869 septima
2118 4798 2327 4869 synodo
2360 4800 2474 4854 sive
2504 4797 2719 4853 Nicazua
2753 4796 3013 4859 secunda,
3038 4802 3152 4848 act.
3188 4790 3242 4854 6,
3276 4792 3519 4846 sectione
3536 4789 3583 4853 5,

314 4897 371 4941 ct
398 4903 560 4957 quem
598 4887 784 4941 itidem
820 4885 1163 4953 suppositum
1189 4901 1308 4941 esse
1335 4870 1645 4941 clamarunt
1673 4886 1877 4942 Nicaeni
1910 4896 2042 4942 tom.
2079 4886 2145 4940 Ill
2172 4886 2334 4952 Binii,
2371 4902 2494 4957 pag.
2524 4886 2651 4955 655,
2687 4885 2813 4950 654,
2848 4903 2987 4958 quos
3030 4883 3225 4940 refellit
3251 4882 3483 4938 Dallzpus
3517 4882 3584 4936 De

315 4976 657 5046 imaginibus,
698 4990 818 5044 pag.
843 4973 952 5027 212
982 4989 1129 5044 seqq.
1162 4972 1365 5030 Eodem
1399 4977 1591 5047 synodi
1632 4977 1819 5046 septim

2080 4977 2227 5045 λόγοι
2274 4978 2324 5030 oi
2359 4977 2498 5031 κατὰ
2535 4975 2642 5030 τῶν
2688 4977 2910 5031 εἰκόνων
2963 4985 3018 5031 et
3061 4974 3234 5044 βίϐλοι
3277 4972 3579 5043 Epiphanio

320 5069 616 5137 suppositae
656 5074 1050 5131 memorantur,
1090 5083 1212 5137 quae
1250 5082 1374 5121 mox
1413 5067 1619 5135 λογίδια
1659 5077 1713 5122 et
1748 5067 1824 5137 ψεε

2100 5069 2240 5122 κατὰ
2276 5068 2384 5122 τῶν
2423 5065 2636 5121 σεπτῶν
2673 5067 2896 5123 εἰκόνων
2934 5066 3345 5138 συγγράμματα
3400 5065 3580 5135 appel-

326 5159 465 5224 lant,
493 5170 546 5214 et
581 5157 914 5229 paucissima
952 5172 1142 5213 eorum
1186 5155 1516 5226 exemplaria
1546 5167 1762 5213 exstare
1809 5166 2098 5224 testantur,
2134 5173 2257 5213 cum
2302 5167 2493 5213 caetera
2544 5156 2834 5228 Epiphanii
2884 5160 3087 5229 scripta
3134 5171 3232 5227 per
3266 5157 3581 5213 universum

394 5337 470 5409 (a)
510 5335 713 5409 Praeter
771 5335 1053 5409 epistolam
1118 5334 1391 5409 Panario_
1411 5334 1770 5409 praemissam,
1826 5336 1895 5409 ad
2002 5338 2260 5404 Apostolo
2292 5338 2625 5407 oppositum,
2653 5353 2815 5407 quem
2862 5336 3049 5394 Sixtus
3101 5336 3361 5409 Senensis
3406 5352 3585 5409 perpe-

322 5403 557 5461 Pa'ulum
579 5417 628 5478 et
649 5407 924 5478 Acacium,
947 5415 1130 5478 exstat
1154 5403 1895 5478 etiam.Epiphaniicpistola,
2004 5403 2119 5461 iam
2150 5403 2485 5478 existimavit
2510 5409 2578 5462 ab
2608 5403 2835 5462 au'ctore
2861 5410 3182 5478 inscriptum
3227 5403 3584 5478 fuisse'Pavi-

323 5493 484 5545 quam
517 5478 568 5530 in
598 5476 851 5530 Arabiam
889 5476 1036 5547 misit
1067 5476 1328 5530 adversus
1358 5475 1895 5547 Antidico-Mariani-
2004 5488 2254 5543 utentum,
2288 5494 2411 5533 cum
2449 5477 2786 5547 Epiphanius
2810 5487 2944 5532 tom.
2973 5479 3012 5544 l,
3033 5475 3180 5547 'pag.
3212 5477 3338 5538 510,
3369 5487 3575 5533 tantum

325 5558 429 5611 tas,
466 5547 656 5601 Incresi
704 5561 931 5617 LXXVIII,
959 5545 995 5598 2
1026 5561 1165 5613 ειη..
1197 5555 1249 5598 et
1276 5547 1387 5617 lucc
1416 5554 1497 5600 est
1528 5562 1690 5614 quam
1720 5545 1895 5617 respi~
2004 5547 2147 5602 dicat
2195 5565 2258 5601 es
2309 5545 2566 5617 pluribus,
2584 5549 2699 5602 suis
2731 5549 2996 5603 adversus
3031 5545 3363 5601 Mar‘cionetn
3400 5548 3581 5605 obser-

323 5617 399 5670 cit
429 5634 612 5679 usus,
644 5618 692 5669 1.
746 5616 835 5670 Sic
868 5617 1056 5670 Inuresi
1088 5616 1307 5687 Xl.ll,__Il
1359 5632 1533 5687 seqq,
1555 5615 1798 5687 inseruit

2006 5615 2320 5674 rationibus
2345 5619 2558 5686 ὶῧέιίέιόν
2598 5636 2649 5672 τι
2685 5618 2984 5685 συντάξεως
3025 5636 3083 5674 se
3106 5619 3405 5687 collegisse.

323 5688 482 5743 brum
528 5703 709 5754 suum,
740 5687 1180 5754 corruptionibus
1217 5685 1509 5742 Marcionis
1554 5685 1607 5739 iu
1656 5685 1804 5739 Luca
1844 5693 1895 5737 ct
