3808 6136
1354 327 1631 383 NOTlTlA
1675 330 1739 384 IN
1784 331 1841 390 s.
1885 332 2335 390 EPIPIIANIUM.
3433 337 3488 379 ³η

215 430 408 486 orbem
444 443 707 490 terrarum
741 436 1165 493 celebratissima
1191 439 1319 508 sint,
1359 447 1436 508 εἰς
1488 448 1665 499 πᾶσαν
1716 469 1719 480 ι

1989 449 2169 519 »μένην
2200 448 2595 520 διαϐεϐόηνται.
2641 447 2807 504 Multa
2849 456 3000 504 certe
3032 443 3318 514 scripsisse
3363 438 3493 511 Epi-

219 525 486 592 phaniutn
515 538 567 581 et
594 527 646 580 in
672 537 911 582 extrema
944 539 1220 585 senectute
1252 533 1416 589 etiam
1450 538 1599 592 varia
1635 539 1850 595 cudisse
1879 555 2065 611 opera,
2096 541 2248 597 testis
2272 541 2324 594 iu
2357 541 2615 610 Catalogo
2649 555 2770 608 cap.
2801 539 2902 593 111
2935 539 3323 609 Hieronymus.

840 702 929 758 Vl.
971 723 1151 771 DIIBIA,
1179 725 1279 763 νει.
1306 726 1420 773 qua:
1449 728 1655 766 JUNIORI
1689 728 1888 770 CUIDAM
1919 731 2206 770 EPIPIMNIO
2239 732 2344 770 run

1354 727 1420 764 5.13
1449 728 1655 766 JUNIORI
1689 728 1888 770 CUIDAM
1919 731 2206 770 ΕΡΙΡΙΙΛΝΙΟ
2239 731 2542 771 ΤΒῙΒΗΕἈΒΔ
2569 733 2858 772 VIDEN'I‘UB.

289 840 378 894 12.
418 841 556 913 Περὶ
579 842 686 896 τῶν
720 847 1032 916 προφητῶν,
1065 851 1181 908 πῶς
1226 852 1598 922 ἐκοιμήθησαν
1648 856 1740 908 καὶ
1781 874 1793 908 1

1983 859 2139 909 ῖνται.
2182 855 2339 910 Tom.
2368 856 2434 914 ll.
2462 873 2584 926 pag.
2619 855 2745 909 255.
2783 853 2856 906 De
2901 851 3166 919 prophetis
3208 865 3487 919 eorumque

215 937 367 990 obitu
400 948 446 989 et
479 937 771 1006 sepultura,
802 940 941 993 liber
972 942 1164 1010 plenus
1199 943 1422 998 incertis
1458 955 1510 999 et
1541 963 1732 1016 parum
1766 948 2122 1004 credibilibus
2164 950 2590 1004 narrationibus.
2627 947 2815 1014 Incipit
2842 963 2870 998 a
2904 944 3170 1006 Natbane,
3202 950 3256 995 et
3287 941 3489 995 desinit

216 1029 274 1080 in
303 1027 518 1082 Joanne
552 1028 812 1098 Baptista.
845 1031 1098 1086 Ediderat
1129 1034 1384 1103 adjuncta
1419 1036 1668 1090 versione
1701 1037 1944 1091 Albanus
1975 1037 2212 1091 Torinus
2259 1037 2423 1091 Basil.
2464 1036 2616 1098 1529,
2655 1038 2730 1098 4ο,
2771 1040 2909 1107 apud
2942 1037 3329 1098 Cratandrum,
3362 1049 3488 1087 cum

211 1116 546 1172 Nazianzeni
577 1121 820 1174 carmine
844 1120 920 1174 De
954 1124 1225 1178 miraculis
1276 1143 1366 1195 per
1394 1128 1738 1196 evangelistas
1769 1130 2031 1192 narratis,
2073 1137 2236 1196 atque
2264 1127 2597 1198 Hieronymo
2623 1169 2638 1192 ,
2680 1128 2985 1196 Sophronio
3013 1137 3064 1180 et
3094 1125 3377 1179 Gennadio
3416 1124 3493 1178 De

213 1209 560 1278 scriptoribus
582 1209 763 1264 eccles.
795 1211 882 1283 [V.
918 1213 1186 1268 Maittaire
1219 1217 1284 1270 A.
1317 1215 1400 1278 T.,
1429 1227 1560 1271 tom.
1597 1217 1660 1281 ll,
1690 1233 1812 1286 pag.
1846 1219 1948 1271 716
1976 1229 2030 1273 et
2053 1219 2175 1273 Cat.
2210 1218 2276 1271 B.
2308 1217 2483 1284 Leid.,
2517 1233 2636 1288 pag.
2666 1219 2733 1273 40
2757 1219 2860 1282 bis,
2897 1233 3017 1271 cum
3051 1215 3206 1270 Voss.
3237 1214 3297 1267 ν.
3323 1214 3386 1267 L.
3424 1229 3490 1269 ex

213 1301 404 1372 codd]
438 1299 574 1356 Hinc
606 1316 732 1356 cum
761 1310 1153 1362 commentario
1175 1308 1363 1364 Jacob.
1392 1310 1692 1372 Zebnerus,
1722 1312 2066 1382 Schleusing.
2097 1312 2251 1376 1612,
2282 1312 2359 1375 4ο,
2389 1314 2471 1366 vir
2505 1313 2758 1382 indignus
2795 1311 2889 1380 qui
2936 1312 3004 1364 ob
3052 1325 3215 1364 unam
3247 1317 3490 1363 notatam

213 1389 555 1458 alteramque
604 1390 1182 1449 hallucinatiunculam
1237 1407 1347 1451 tam
1397 1402 1593 1454 acerbe
1615 1416 1645 1453 a
1680 1400 1900 1453 Petavio
1929 1399 2084 1454 Praef.
2117 1401 2186 1454 ad
2233 1409 2364 1454 tom.
2397 1399 2438 1452 ll
2466 1399 2753 1469 Epiphanii
2793 1402 3154 1471 exciperetur.
3189 1399 3437 1454 Petavius
3461 1413 3492 1452 e

213 1497 354 1537 mss.
390 1482 554 1551 regiis
580 1484 889 1538 emendavit
914 1495 968 1540 et
998 1488 1171 1556 capita
1198 1489 1469 1558 quaedam,
1505 1491 1792 1560 insngniter
1819 1491 2206 1560 discrepantia,
2236 1489 2421 1546 Graece
2446 1492 2643 1559 adjecit
2671 1507 2736 1546 ex
2771 1493 2955 1547 codice
2979 1494 3300 1559 Augustano
3327 1509 3339 1544 :
3368 1491 3491 1559 plu-

214 1574 419 1627 rimum
448 1574 591 1627 enim
622 1574 675 1628 in
699 1577 801 1630 hoc
831 1577 1033 1646 scripto
1060 1579 1290 1634 invicem
1325 1582 1528 1636 abeunt
1571 1581 1693 1635 libri
1734 1598 1898 1636 manu
1927 1584 2156 1645 exarati,
2187 1592 2246 1638 ut
2269 1583 2336 1637 de
2366 1581 2876 1637 Vindoboueusibus
2904 1583 3113 1636 notavit
3139 1581 3484 1644 Lambecius,

217 1673 362 1718 tom.
396 1664 482 1728 111,
517 1681 568 1734 ρ.
604 1665 702 1718 197
730 1681 882 1737 seqq.
932 1670 1030 1738 (a);
1071 1678 1199 1724 tom.
1234 1669 1299 1735 ν,
1344 1688 1396 1741 p.
1427 1672 1552 1726 280.
1588 1671 1706 1727 Non
1737 1673 1994 1728 dubitant
2019 1674 2122 1728 viri
2158 1673 2302 1728 docti
2328 1688 2450 1728 esse
2489 1673 2795 1743 Epiphanio
2825 1678 3189 1742 suppositum,
3225 1689 3288 1728 ac
3316 1674 3493 1742 plera-

213 1773 326 1827 que
364 1757 564 1811 similia
599 1759 854 1830 leguntur
880 1759 933 1812 iu
965 1761 1482 1828 pseudo-Dormheo
1509 1764 1691 1834 (quem
1725 1764 1910 1819 Gra-ce
1939 1773 1994 1819 ct
2028 1764 2218 1818 Latine
2250 1763 2436 1818 recudi
2464 1763 2566 1818 feci
2603 1761 2796 1818 I-Iamb.
2831 1765 2992 1830 171.1,
3020 1765 3106 1833 8°)
3147 1773 3201 1818 et
3233 1765 3286 1817 in
3320 1763 3492 1818 Chro-

211 1848 337 1904 nico
371 1846 645 1914 Paschali,
682 1848 826 1918 quod
855 1849 1274 1904 Alexandrinum
1308 1853 1467 1923 vulgo
1496 1861 1709 1908 vocant.
1747 1853 1944 1909 Confer
1974 1854 2409 1924 Papebrochium
2461 1863 2594 1908 tom.
2634 1853 2699 1908 111
2737 1855 2883 1919 Maii,
2942 1872 3064 1927 pag.
3094 1857 3163 1910 49
3191 1874 3205 1919 ;
3238 1854 3493 1908 lluetium

210 1943 523 1998 Demonstr.
549 1944 805 2013 erangel.,
840 1945 1103 2014 proposit.
1136 1961 1208 2013 Iv,
1244 1948 1335 2002 ubi
1368 1949 1433 2002 de
1466 1949 1744 2019 prophetis
1773 1949 2036 2019 disputat,
2067 1959 2120 2004 et
2150 1949 2418 2019 Cangium
2453 1949 2520 2004 ad
2565 1948 2858 2003 Chronicou
2895 1949 3177 2012 Paschale,
3211 1965 3334 2019 pag.
3369 1949 3495 2029 5οι1⁹

213 2036 357 2101 505;
395 2037 726 2091 Cotelcrium
756 2036 820 2090 ad
853 2036 1160 2093 Constitutt.
1193 2039 1419 2109 apostol.
1441 2056 1514 2104 Iv,
1546 2040 1598 2105 6,
1639 2039 1730 2094 ubi
1765 2055 1830 2094 ex
1867 2056 1972 2097 ms.
2002 2045 2155 2112 regio
2182 2041 2350 2096 edidit
2382 2039 2544 2096 breve
2573 2041 2817 2096 Scholion
2849 2040 3138 2111 Epiplianii
3169 2041 3244 2096 De
3273 2039 3494 2094 LXXII

213 2131 484 2201 prophetis
513 2141 561 2184 et
586 2131 760 2185 decem
786 2131 1149 2201 prophetissis.

297 2227 385 2280 15.
426 2226 770 2294 Φυσιόλογος,
805 2225 1088 2292 διεξελθὼν
1124 2228 1251 2300 περὶ
1281 2229 1379 2300 τῆς
1408 2229 1639 2284 ἑκάστου
1667 2231 1880 2299 φύσεως
1904 2231 2011 2285 τῶν
2040 2230 2242 2302 Θηρίων
2275 2248 2335 2285 τε
2364 2231 2458 2285 καὶ
2488 2231 2594 2286 τῶν
2616 2233 2896 2286 πετεινῶν.
2937 2232 3286 2303 Physiologus
3307 2232 3371 2285 de
3397 2248 3495 2284 na-

215 2324 345 2369 tura
380 2317 614 2384 ferarum
639 2327 686 2368 et
715 2316 1004 2370 volucrum.
1045 2316 1200 2372 Tom.
1235 2320 1301 2383 11,
1332 2336 1382 2390 p.
1415 2321 1539 2384 189,
1568 2337 1691 2376 cum
1730 2323 1873 2375 notis
1904 2331 1956 2376 et
1985 2322 2234 2376 versione
2265 2321 2326 2374 D.
2361 2321 2580 2377 Consali
2627 2323 2806 2378 Ponce
2834 2324 2900 2377 de
2930 2322 3097 2385 Leon,
3136 2321 3495 2392 llispalensis,

215 2409 318 2478 qui
341 2409 581 2464 ediderat
606 2408 764 2462 Rom.
799 2409 955 2474 1587,
991 2411 1066 2473 1⁸,
1103 2423 1354 2462 recusum
1380 2409 1655 2480 Antwerp.
1690 2409 1848 2474 1588,
1882 2409 1959 2474 8°,
1992 2407 2177 2462 addito
2205 2425 2455 2464 sermone
2490 2412 2546 2463 in
2575 2411 2769 2479 festum
2802 2411 3119 2465 Palmarum
3148 2431 3166 2464 .-
3203 2420 3255 2464 et
3288 2411 3498 2464 minore

214 2501 402 2557 forma
455 2501 612 2556 Rom.
647 2501 804 2556 1601.
834 2501 1034 2555 llabuit
1061 2503 1310 2556 eumdem
1342 2502 1584 2556 libellqu
1613 2517 1746 2556 mss.
1779 2500 2073 2562 Gesnerus,
2106 2500 2200 2555 sed
2240 2502 2581 2571 ampliorem,
2607 2503 2880 2572 capitibus
2909 2504 2978 2557 59
3001 2503 3341 2565 distinctum,
3369 2517 3496 2555 cum

216 2595 276 2648 in
307 2595 538 2663 vulgatis
571 2603 780 2649 tantum
815 2595 926 2648 sint
957 2594 1136 2663 capita
1163 2593 1253 2646 25.
1285 2579 1418 2648 Vide
1444 2593 1563 2663 ejus
1597 2592 1756 2647 Praef.
1786 2593 1854 2647 ad
1886 2592 2085 2648 librum
2134 2592 2423 2663 Epiphanii
2456 2593 2530 2648 De
2559 2597 2797 2664 gemmis.
2834 2594 2976 2651 Citat
3022 2597 3186 2650 etiam
3236 2597 3288 2648 in
3335 2610 3500 2664 opere

214 2690 286 2744 de
320 2689 648 2746 animalibus
681 2691 884 2760 passim
919 2700 977 2743 ut
1005 2690 1072 2744 de
1099 2689 1460 2758 quadruped.,
1492 2704 1526 2758 p
1575 2689 1680 2743 955
1715 2706 1730 2742 :
1763 2687 2183 2758 Rhinocephalus
2207 2691 2457 2744 cervicem
2482 2691 2635 2744 habet
2668 2692 2931 2760 equinam,
2963 2705 3080 2742 cum
3109 2689 3347 2741 universo
3379 2703 3498 2740 cor-

214 2801 368 2854 pore,
399 2786 649 2853 ﬂammas
684 2801 770 2839 ore
798 2795 1021 2847 eructat,
1049 2784 1236 2852 quibus
1264 2785 1497 2838 homines
1526 2793 1763 2853 pereunt.
1791 2781 2142 2854 Physiologus
2166 2792 2352 2838 auctor
2380 2784 2656 2838 obscurus.
2685 2783 2954 2838 Consalus
2990 2782 3126 2852 ipse,
3160 2781 3336 2836 tribus
3365 2795 3498 2835 mss.

217 2889 380 2939 usus,
418 2889 530 2927 uno
566 2873 773 2939 Sirleti,
806 2876 976 2930 altero
999 2875 1274 2930 Francisci
1307 2875 1561 2930 Turriani
1611 2886 1665 2930 et
1718 2877 1878 2930 tertio
1911 2875 2323 2942 Panormitano,
2362 2884 2612 2942 testatur,
2647 2892 2706 2932 se
2752 2875 3003 2930 undecim
3041 2874 3217 2944 capita
3249 2871 3500 2928 omisisse

214 2963 285 3018 ob
311 2966 632 3019 insanabiles
675 2966 1096 3036 depravationes.
1128 2965 1356 3021 Videtur
1382 2974 1572 3020 auctor
1599 2966 1762 3036 hujus
1785 2966 1908 3020 libri
1936 2967 2216 3037 antiquior
2244 2983 2366 3023 esse
2400 2967 2722 3038 Epiphanio,
2759 2983 2884 3020 nam
2921 2965 3217 3020 citatur.ab
3253 2963 3494 3034 Origene

218 3061 414 3116 bomil.
446 3061 510 3115 17
539 3062 589 3116 in
628 3060 811 3116 Genes.
848 3079 997 3128 thx,
1033 3073 1084 3118 et
1104 3060 1301 3116 Ruﬁno
1337 3060 1412 3115 De
1443 3061 1698 3118 benedict.
1726 3061 2021 3132 patriarch.
2053 3060 2110 3116 In
2135 3061 2356 3116 decreto
2378 3060 2668 3117 Gelasiano
2701 3061 2776 3114 De
2805 3059 2954 3112 libris
2983 3057 3314 3128 apocryphis,
3352 3055 3380 3126 §
3406 3055 3497 3119 05,
3573 3103 3579 3109 .

217 3163 565 3207 memoratur
595 3153 727 3207 liber
751 3153 1123 3224 Physiologus,
1158 3154 1247 3224 qui
1278 3155 1341 3207 ab
1369 3155 1630 3208 haereticis
1673 3156 2001 3225 conscriptus
2031 3163 2110 3209 est
2137 3163 2186 3209 et
2215 3153 2282 3208 Β.
2307 3155 2574 3208 Ambrosii
2617 3154 2826 3209 nomine
2859 3152 3228 3222 prwsignatus.
3265 3149 3502 3218 Apocryo

217 3242 378 3312 phus.
421 3241 581 3298 Forte
627 3255 816 3299 auctor
855 3246 1055 3300 decreti
1104 3246 1238 3300 vidit
1285 3253 1522 3302 veterem
1557 3247 1678 3302 libri
1711 3247 1858 3304 illius
1893 3249 2197 3304 versionem
2227 3247 2502 3315 Latinam,
2535 3247 2804 3303 Ambrosii
2852 3246 3074 3300 nomine
3116 3251 3498 3314 pramotatam-

220 3331 392 3386 FABR.
425 3362 494 3372 -—
525 3333 732 3388 Addam
765 3335 921 3390 codd.
957 3335 1226 3390 notitiam.
1257 3333 1352 3392 Est
1382 3351 1510 3391 vero
1554 3333 1908 3405 Physiologus
1939 3334 2277 3391 Vindobonze
2308 3337 2362 3390 in
2387 3336 2444 3391 Β.
2484 3336 2621 3392 Caes.
2654 3335 2811 3390 codd.
2843 3335 2966 3400 520,
3001 3349 3156 3388 num.
3187 3331 3220 3386 6
3251 3332 3346 3401 (in
3391 3346 3502 3401 quo

219 3425 416 3481 Grmca
446 3437 530 3482 est
559 3428 846 3498 inscriptio
874 3445 886 3482 :
921 3431 1026 3482 Τοῦ
1056 3430 1374 3500 Ἐπιφανίου
1414 3433 1477 3484 ὲκ
1515 3430 1609 3484 τοῦ
1638 3431 1723 3502 ’Δε

1993 3449 2062 3498 ig,
2092 3431 2413 3501 φυσιολόγοι)
2440 3431 2548 3484 τῶν
2579 3430 2753 3494 ζώων,
2801 3440 2855 3484 et
2888 3429 3143 3484 Lambec.
3175 3425 3497 3489 Comment.,

221 3529 362 3575 tom.
401 3518 466 3583 V,
498 3535 550 3590 p.
575 3519 671 3574 591
702 3536 878 3590 seqq.,
903 3537 966 3575 ex
995 3523 1184 3577 eodem
1213 3524 1366 3578 titulo
1395 3523 1681 3578 manifeste
1703 3537 1963 3593 apparere
1987 3523 2217 3594 judicat,
2253 3537 2349 3592 per
2381 3521 2763 3592 Physiologum
2795 3538 2901 3578 non
2934 3537 3056 3578 esse
3085 3520 3498 3590 intelligendum

222 3614 396 3668 alium
424 3627 486 3666 ac
511 3613 878 3678 Aristotelem,
901 3615 1056 3685 cujus
1079 3617 1380 3671 etiamnum
1411 3624 1627 3672 exstant
1655 3617 1722 3672 de
1746 3616 1993 3681 historia,
2020 3617 2087 3672 de
2112 3616 2358 3686 partibus
2383 3625 2436 3670 et
2460 3617 2525 3671 de
2549 3617 2900 3686 generatione
2926 3615 3266 3677 animalium,
3298 3612 3502 3681 etc.)—

222 3704 287 3757 In
315 3704 434 3758 cod.
468 3703 558 3770 24,
595 3721 648 3757 n.
683 3702 716 3757 6
744 3702 1034 3772 (Lambec.
1070 3717 1201 3761 tom.
1231 3706 1320 3774 VI,
1353 3720 1493 3777 part.
1530 3724 1588 3773 ιι,
1620 3724 1744 3778 pag.
1770 3707 1877 3762 275
1905 3714 1942 3774 ),
1982 3716 2145 3779 atque
2175 3708 2230 3762 in
2261 3708 2384 3763 cod.
2419 3708 2509 3771 55,
2557 3723 2680 3763 eum
2712 3707 2940 3763 vetustis
2975 3705 3308 3777 imaginibus
3343 3702 3500 3772 pictis

225 3795 528 3865 (Lambec.
561 3803 694 3850 tom.
731 3795 843 3859 VII,
888 3812 1010 3867 pag.
1042 3797 1168 3861 215,
1205 3798 1297 3868 qui
1337 3807 1391 3852 et
1429 3797 1632 3852 Kollar.
1669 3799 1736 3852 ad
1781 3798 2021 3868 primum
2072 3799 2194 3854 cod.
2231 3799 2544 3861 observant;
2590 3798 2748 3854 codd.
2785 3798 3000 3852 illorum
3054 3795 3258 3850 auxilio
3302 3808 3500 3848 novam

225 3889 538 3961 Physiologi
569 3891 699 3946 edit.
736 3907 896 3961 posse
928 3894 1100 3947 multo
1134 3894 1562 3949 emendatiorem
1591 3892 1912 3964 adornari).
1941 3895 2200 3966 Augusta:
2227 3893 2513 3959 Vindelic.,
2549 3902 2686 3950 teste
2713 3895 2937 3950 Reisero
2971 3895 3025 3948 in
3051 3893 3199 3956 Cat.,
3231 3907 3286 3962 p.
3313 3891 3400 3946 10.
3431 3921 3500 3930 —

227 3987 478 4042 Venetiis
509 3989 562 4042 in
593 3989 717 4042 cod.
749 3987 983 4042 Nanian.
1018 3989 1144 4052 257,
1181 4003 1341 4056 quem
1373 3989 1529 4043 valde
1561 3989 1780 4044 dill‘erre
1808 3989 1876 4044 ab
1909 3989 2038 4043 edit.
2069 3988 2291 4044 Consali
2327 3987 2537 4054 Poneii,
2572 3989 2678 4046 late
2703 3991 2862 4045 docet
2883 3989 3252 4060 Mingarellius
3276 3988 3338 4054 in
3373 3985 3496 4042 Cat.

223 4077 390 4131 codd.
419 4076 588 4140 Nam,
625 4095 744 4148 pag.
780 4079 903 4145 449,
933 4088 986 4134 et
1013 4079 1256 4148 subjicit,
1293 4093 1352 4133 se
1379 4094 1516 4147 opus
1543 4079 1790 4148 ejusdem
1822 4079 2130 4150 argumenti
2172 4087 2372 4134 mstum
2401 4079 2602 4135 vidisse
2649 4080 2702 4134 in
2750 4079 2882 4135 bibl.
2917 4080 3230 4135 canonieor.
3258 4076 3502 4133 ecclesia:

225 4173 475 4227 cathetlr.
507 4172 750 4228 Viterbii.
785 4207 854 4216 —
880 4174 938 4229 In
974 4177 1093 4231 cod.
1126 4175 1314 4230 Baroc.
1352 4176 1441 4231 95.
1478 4207 1549 4217 -
1571 4175 1628 4231 In
1659 4177 1816 4233 codd.
1852 4175 2029 4232 Paris.
2059 4176 2187 4232 bibl.
2225 4177 2374 4246 publ.
2398 4176 2523 4241 854,
2555 4177 2714 4243 2027,
2739 4177 2902 4241 2509,
2935 4176 3284 4248 Physiologus
3309 4173 3498 4243 Syrus,

226 4284 329 4324 seu
365 4270 587 4325 historia
619 4271 936 4326 animalium
967 4273 1035 4326 52
1060 4273 1114 4326 in
1139 4282 1323 4327 sancta
1350 4272 1626 4344 Scriptura
1659 4285 2108 4336 memoratorum,
2144 4269 2370 4344 Syriace
2399 4289 2429 4326 e
2459 4273 2582 4328 cod.
2620 4273 2751 4328 bibl.
2784 4271 3061 4327 Vaticanae
3091 4286 3238 4326 nunc
3263 4270 3501 4341 primum

225 4364 425 4432 edidit,
455 4365 613 4422 vertit
647 4377 698 4422 et
731 4367 1022 4423 illustravit
1049 4367 1132 4422 Ol.
1171 4367 1337 4424 Gerh.
1374 4367 1645 4441 Tychsen.
1680 4369 1943 4425 Rostoch.
1982 4367 2140 4433 1795,
2170 4366 2246 4421 8°.
2273 4366 2673 4435 Descriptiones
2702 4368 2922 4422 illorum
2951 4365 3268 4421 animalium
3302 4363 3497 4417 miram

228 4457 442 4515 habent
472 4459 881 4515 similitudinem
914 4476 1038 4516 cum
1074 4461 1144 4518 iis
1176 4476 1299 4531 quae
1330 4461 1386 4516 in
1417 4460 1736 4532 Physiologo
1769 4461 2079 4533 Epiphanii,
2114 4463 2170 4516 in
2222 4463 2409 4532 spuria
2443 4460 2756 4532 Hieronymi
2795 4460 3024 4531 epistola
3071 4459 3138 4514 ad
3180 4456 3502 4513 Praesidium

309 4682 389 4752 (a)
431 4682 536 4736 Seu
570 4698 692 4752 pag.
727 4681 828 4736 487
872 4683 961 4737 ed.
993 4681 1198 4737 Kollar.
1231 4683 1289 4737 In
1322 4683 1416 4738 illo
1454 4684 1576 4740 cod.
1617 4685 1816 4741 inscri-
1922 4685 1977 4739 iu
2009 4683 2152 4738 notis
2188 4683 2253 4737 ad
2280 4683 2372 4737 lib.
2399 4699 2451 4736 vi
2475 4681 2722 4737 Constitt.
2746 4689 2941 4751 apost.,
2971 4696 3094 4751 pag.
3119 4678 3309 4752 220);
3344 4678 3410 4732 2°
3439 4679 3504 4752 de

230 4749 353 4823 ptio
375 4761 459 4806 est
483 4767 497 4804 :
529 4749 669 4820 Περὶ
698 4752 816 4823 τῷν
857 4752 926 4818 ἒξ
977 4753 1076 4823 καὶ
1104 4753 1250 4808 δέκα
1282 4755 1604 4823 προφητῶν
1633 4757 1725 4822 (n.

1995 4753 2067 4808 VI
2104 4753 2404 4823 prophetis;
2432 4768 2485 4822 p.
2517 4752 2643 4820 252,
2681 4749 2981 4823 narrationi
3024 4749 3093 4823 de
3108 4749 3499 4823 Iererhia,__qni

229 4819 380 4894 Osea
405 4819 615 4894 usque
640 4823 707 4876 ad
757 4822 1027 4894 Danielem
1055 4822 1097 4892 ),
1131 4825 1229 4894 καὶ
1276 4819 1686 4894 adesi/{ﬁdat
1727 4845 1733 4878 :

2010 4819 2209 4877 ordine
2231 4839 2322 4876 XIV
2349 4819 2893 4894 est‘,7sul_mec_tuntur
2925 4820 3337 4894 Earulipomena
3371 4819 3500 4894 Hie-

229 4893 357 4948 ποῦ
391 4886 838 4959 ἐτελειώθησαν.
892 4892 948 4947 1η
978 4886 1270 4962 appendiee
1315 4886 1561 4962 quaedam
1597 4886 1733 4949 narr:

1994 4895 2105 4948 mia;
2146 4893 2445 4962 prophetae;
2475 4893 2530 4945 5ο
2561 4892 2637 4946 De
2669 4891 2792 4945 Elia
2822 4894 2896 4962 (ν.
2929 4890 3158 4962 Bandin.
3178 4886 3311 4962 gat.
3345 4890 3498 4962 codd.

233 4977 330 5017 tur
351 4961 420 5015 de
445 4957 714 5032 prophetis
737 4963 848 5017 Elia
873 4972 927 5017 et
951 4957 1162 5017 Elismo.
1191 4957 1393 5018 Praeter
1415 4980 1476 5017 ea
1502 4974 1586 5018 est
1609 4965 1664 5018 in
1691 4965 1824 5019 bibl.
1932 4964 2025 5018 Gr.
2053 4957 2396 5027 Laur.,'tom.
2424 4961 2463 5022 1,
2497 4978 2616 5032 pag.
2656 4961 2803 5023 525).
2831 4957 2902 5000 '—
2935 4961 2991 5013 In
3017 4959 3142 5032 cod.
3169 4957 3335 5032 Coisl.
3374 4959 3498 5032 120,

235 5033 452 5157 ¥odlei.
486 5027 605 5086 co'd.
632 5033 858 5116 Barocc.
895 5033 1020 5090 206.
1053 5033 1243 5100 Eniph.
1269 5034 1332 5088 de
1353 5033 1574 5117 LXXII
1605 5036 1826 5104 prop/reo
1932 5034 2122 5102 Epiph.
2154 5035 2217 5089 de
2249 5027 2514 5115 prophetis
2555 5027 2603 5086 et
2644 5032 3002 5112 prophetissis,
3029 5039 3083 5082 et
3129 5027 3183 5081 in
3217 5028 3337 5082 cod.
3372 5029 3499 5091 258,

263 5121 311 5157 is
341 5111 391 5156 et
427 5104 799 5157 nronhettssts:
825 5111 954 5157 item
983 5104 1046 5156 de
1076 5101 1216 5156 XVI
1237 5106 1500 5157 mon/telis
1539 5106 1824 5157 horumaue
1930 5108 1994 5157 de
2018 5103 2189 5157 iLXX
2251 5104 2512 5157 nrovhetts
2563 5121 2626 5156 ac
2668 5102 3006 5157 nronltettssts
3052 5099 3144 5157 (ν.
3201 5096 3499 5153 Moutfauc.

263 5096 311 5158 is
341 5111 391 5156 et
422 5104 799 5176 prophetissis;
825 5103 954 5176 item
983 5104 1046 5156 de
1076 5101 1128 5156 Χ
1142 5096 1216 5176 V_I
1237 5106 1500 5173 prophetis
1539 5096 1824 5176 horumque
1930 5096 1994 5158 de
2018 5096 2195 5176 iLX_X
2242 5096 2512 5176 prophetis
2534 5096 3070 5176 ⁸(μςφνρρζιρξιὶδδὶεςη(
3092 5113 3144 5152 v.
3183 5096 3499 5176 “Manliano.

239 5168 434 5228 morte.
483 5168 536 5245 In
569 5175 754 5245 epdem
801 5173 925 5228 cod.
966 5168 1502 5245 exstathorotiheus,
1541 5175 1666 5245 Tyri
1710 5168 1824 5245 e'pi-
1928 5175 2070 5229 Bibl.
2103 5168 2294 5245 Coisl'.,
2337 5168 2459 5245 pag.
2493 5168 2880 5245 194_e_t_804).
2911 5168 3250 5245 _——_Vene_t_iis
3283 5168 3498 5245 iubibl.

240 5258 469 5314 scapus.
501 5243 563 5296 de
585 5242 735 5314 LXX
761 5244 1035 5312 discipulis
1056 5253 1105 5297 et
1140 5243 1202 5296 de
1231 5243 1350 5298 XII
1381 5237 1672 5314 apostolis:
1703 5237 1820 5300 tum
1928 5246 2094 5299 Marc.
2131 5244 2252 5300 cod.
2286 5237 2506 5314 έ98ξάε
2528 5239 2748 5314 LXXII
2770 5237 3031 5314 prophetis
3059 5249 3108 5314 et
3139 5237 3190 5290 Χ
3213 5242 3503 5314 prophetis-

241 5311 370 5383 ξι]
401 5313 756 5383 apostolorum
796 5309 976 5383 patria
1013 5321 1061 5366 et
1105 5323 1367 5377 parentes.
1397 5309 1633 5370 J—Inter
1660 5317 1819 5370 codd.
1927 5317 2022 5376 sis,
2065 5331 2126 5368 ac
2167 5315 2229 5368 de
2274 5313 2414 5366 XVI
2455 5313 2740 5383 prophetis,
2771 5313 2906 5383 unde
2938 5309 3370 5383 fuerint,_et_ubi
3399 5311 3502 5362 sint

245 5377 592 5456 Ypssian._in_
621 5377 805 5456 Catal_.'
835 5382 986 5456 codd.
1019 5383 1246 5456 Anglia,
1269 5393 1405 5456 pete"
1435 5393 1566 5456 tom.
1597 5384 1660 5448 11,
1694 5401 1817 5456 pag.
1928 5387 2143 5438 mortui.
2182 5413 2250 5456 -τ-
2281 5377 2559 5456 Ρθιῇεζ-ἰηξ
2675 5381 2821 5456 publ.
2855 5377 3004 5456 inter
3038 5379 3208 5456 codd.
3247 5377 3500 5456 Latinos,

243 5451 340 5515 58,
372 5468 426 5505 n.
453 5451 612 5510 2155.
648 5461 732 5506 est
765 5452 1069 5507 Dorolheus
1098 5449 1212 5508 sive
1234 5454 1375 5508 alius
1396 5454 1520 5521 quis
1543 5455 1606 5508 de
1635 5449 1743 5509 vita
1767 5449 1822 5510 Et
1927 5457 2046 5510 cod.
2081 5455 2242 5515 1986,
2276 5469 2332 5506 n.
2367 5453 2421 5513 2,
2457 5451 2648 5520 Epiph.
2678 5449 2816 5504 liber
2839 5452 2918 5521 Vde
2956 5449 3498 5521 vitisprophctarum,

243 5465 340 5515 58,
372 5468 426 5505 n.
453 5465 612 5532 etab.
648 5465 732 5506 est
765 5465 1212 5532 uorotueussrve
1234 5465 1375 5508 altus
1396 5465 1520 5521 quis
1543 5465 1606 5508 de
1635 5465 1743 5509 vita
1771 5465 1822 5510 et
1927 5465 2046 5510 cod.
2081 5465 2242 5515 4980,
2276 5469 2332 5506 n.
2367 5465 2421 5533 2,
2457 5465 2648 5520 ιιριρη.
2684 5465 2816 5504 uber
2855 5465 2918 5504 ae
2956 5465 3498 5566 viusvpropnctarum,

243 5525 462 5594 scriptis
489 5522 867 5594 discipulorum
898 5523 1141 5594 Christi:
1171 5539 1235 5577 ac
1260 5540 1314 5578 η.
1344 5524 1504 5580 2707.
1536 5523 1728 5594 Epiph.
1759 5526 1823 5579 de
1927 5525 2258 5594 interpretel
2278 5531 2442 5594 ntalt
2469 5534 2659 5576 auctor
2688 5520 2867 5594 (Iatal.
2903 5521 3061 5594 vo|._l
3118 5557 3145 5594 ,_
3164 5533 3282 5586 pag.
3319 5517 3405 5594 15)
3444 5528 3503 5570 ut

243 5588 633 5662 prophetarum
655 5591 948 5662 nitis,icum
981 5591 1144 5648 variis
1174 5594 1319 5648 lectt.
1343 5625 1414 5634 ———
1449 5588 1737 5649 Florentia:
1767 5598 1819 5649 iu
1924 5588 2160 5655 videtur,
2185 5591 2490 5654 Theodoro,
2527 5601 2581 5646 et
2603 5591 2739 5662 n_.__4,
2771 5605 2962 5662 Opuse.
2997 5589 3072 5642 De
3098 5588 3502 5662 rit.proph_eta-

252 5657 310 5714 Β.
345 5657 604 5733 Laurent.
636 5661 756 5714 cod.
789 5661 843 5727 6,
876 5679 929 5716 n.
961 5662 1115 5725 8-10,
1145 5664 1279 5732 plut.
1310 5664 1374 5728 4,
1424 5673 1508 5718 est
1545 5663 1732 5733 Epiph.
1768 5665 1820 5718 1°
1924 5682 2062 5717 rum.
2103 5663 2241 5716 Add.
2275 5677 2439 5730 supra
2469 5662 2574 5718 vol.
2609 5659 2721 5728 VII,
2752 5657 2938 5730 p.152
2965 5675 3080 5728 seq.
3111 5658 3178 5714 de
3199 5657 3502 5713 Dorothco.

250 5733 314 5786 de
349 5729 570 5785 LXXII
599 5733 855 5801 prophetis
902 5744 948 5786 et
989 5729 1326 5802 prophetissis
1356 5735 1553 5806 (edidit
1584 5729 1817 5790 Cutcler.
1925 5734 2103 5788 llam.
2161 5792 2167 5799 ,
