3808 6146
1452 353 1731 409 ΝΟῚῚΊΊΑ
1777 354 1843 408 IN
1881 355 1938 408 S.
1983 354 2426 410 I‘JPIPIIANIUM.

2074 355 2426 410 IPIIANIUM.
3480 379 3577 420 xm

298 501 372 517 -ι
394 469 462 527 ν.
484 471 647 526 etiam
680 470 748 529 ad
774 479 917 530 orat.
952 469 1003 543 β’
1027 469 1319 527 indicatam
1350 473 1574 542 scripta.
1607 472 1811 528 Pratcr
1835 489 1896 528 ea
1926 481 2056 528 sunt
2084 474 2136 528 in
2169 473 2289 528 cod.
2317 472 2496 528 Paris.
2533 473 2638 528 816
2674 473 2866 545 Epiph.
2903 474 3141 530 homilite
3172 475 3237 530 de
3272 475 3487 534 anima:
3518 479 3580 533 de

299 569 535 620 vanitate
580 565 742 630 vitta;
791 565 848 619 in
879 564 984 634 ﬁne
1012 566 1232 627 seculi;
1283 567 1334 618 in
1378 582 1558 619 omnes
1617 575 1913 636 martyres;
1951 567 2007 619 in
2053 568 2288 620 natalem
2327 567 2682 622 Pracursoris
2714 577 2762 622 et
2793 571 2849 622 in
2883 568 3146 624 Joannem
3174 572 3573 642 evangelistam.

303 657 474 710 llmt.
513 654 704 709 Latine
735 655 935 726 legitur
966 655 1021 711 in
1086 655 1431 710 Bibliothecis
1480 654 1707 710 Patrum
1751 657 1928 711 Paris.
1978 657 2148 722 1575,
2185 657 2357 724 1589,
2410 673 2478 714 ex
2516 659 2739 731 interpr.
2786 659 2834 714 J.
2873 659 3026 729 Pici,
3057 675 3111 718 et
3157 662 3302 733 apud
3351 662 3578 718 Surium

301 751 332 803 8
361 749 467 804 Dec
526 749 718 819 Incipit
747 769 760 805 :
790 751 902 815 Τὰς
928 751 1320 822 ὲκλαμπούσας
1354 751 1744 825 μαρμαρυγὰς.

375 848 450 906 ς’.
500 844 632 911 Περὶ
668 841 836 912 βαῒων
861 883 877 909 ,
918 842 994 899 De
1033 843 1169 912 [esto
1203 843 1519 898 Palmarum
1542 887 1558 912 ,
1583 845 1879 918 fragmentt

2071 844 2245 917 cipit:
2288 843 2348 900 Ὀ
2390 844 2483 899 ὑπ’
2530 845 2777 915 ἀγγέλων
2823 846 3102 920 ἀσιγήτως
3147 849 3575 921 ἀνυμνούμενος.

301 933 462 988 Tum.
496 933 559 998 ll,
597 951 647 1004 p.
685 933 810 989 501.

371 1031 439 1096 ζ’.
485 1032 620 1104 Περὶ
653 1032 910 1097 πίστεως,
945 1033 1040 1086 καὶ
1082 1032 1184 1104 τῆς
1215 1031 1377 1101 ἁγίας
1405 1031 1656 1105 Τριάδος,
1702 1032 1774 1088 De
1809 1035 1875 1104 [id

2084 1033 2364 1100 Trinitate,
2414 1044 2463 1089 et
2503 1036 2766 1105 mysteriis
2807 1051 3168 1100 numerorum,
3203 1035 3458 1099 ternarii,
3501 1052 3577 1090 se-

299 1125 446 1177 narii
471 1133 518 1177 et
542 1125 854 1194 septenarii.
885 1124 1045 1179 Tom.
1077 1123 1142 1190 II,
1181 1141 1234 1196 p.
1267 1125 1393 1181 504.
1423 1124 1616 1196 Incipit
1643 1143 1658 1179 :
1686 1127 1803 1180 Πίσ-

1832 1146 1878 1191 ις
1907 1127 2044 1190 ἔστι,
2069 1129 2226 1192 τάσις
2251 1128 2308 1181 δὲ
2338 1131 2371 1199 ἡ
2401 1129 2480 1192 εἰς
2504 1127 2658 1193 Θεὸν,
2696 1131 2932 1201 πρᾶγμα
2959 1127 3336 1200 ἀψήλάφητον.

368 1229 446 1291 η’.
496 1219 561 1274 1η
585 1230 824 1275 sanctam
880 1220 1086 1276 Christi
1121 1225 1580 1278 resurrectionem.
1627 1221 1784 1278 Tom.
1818 1222 1862 1276 ll
1887 1265 1901 1288 ,
1955 1240 2008 1292 p.
2042 1223 2166 1280 510.
2206 1223 2395 1279 Latine
2431 1231 2676 1288 tantum,
2727 1239 2793 1279 ex
2846 1225 3099 1280 versione
3132 1222 3358 1278 Gerardi
3395 1219 3576 1276 Vossii

299 1313 665 1384 Tungrensis,
703 1313 797 1382 qui
833 1312 1006 1369 edidit
1044 1312 1206 1368 Rom.
1243 1314 1404 1378 1585,
1440 1315 1527 1370 12.
1559 1314 1756 1385 Incipit
1791 1331 1806 1368 :
1845 1314 2183 1368 Mortuorum
2213 1314 2387 1368 luctus
2419 1316 2709 1370 exsulavit.

374 1409 484 1464 Ilas
529 1410 784 1466 homilias
826 1409 921 1464 viri
953 1409 1099 1466 docti
1141 1411 1209 1466 ad
1237 1413 1514 1482 juniorem
1547 1413 1838 1483 quemdam
1872 1411 2236 1482 Epiphanium
2267 1412 2528 1484 Cyprium
2567 1411 2880 1467 referendas
2912 1424 3034 1464 esse
3064 1407 3410 1472 existimant,
3455 1405 3578 1460 licet

299 1503 664 1561 Conibelisius
691 1505 745 1560 in
780 1505 1110 1561 Bibliotheca
1141 1509 1539 1563 concionatoria
1591 1510 1906 1576 contendat,
1944 1509 2210 1578 quasdam
2246 1509 2487 1578 illarum,
2521 1517 2581 1564 ιιι
2609 1508 2825 1564 tertiam
2857 1507 2914 1560 in
2942 1516 3183 1560 sanctum
3231 1502 3576 1558 resurrectio-

300 1620 441 1668 nem,
482 1603 696 1675 antiqui
731 1605 883 1662 illius
917 1606 1358 1662 Constantiensis
1387 1607 1534 1662 atati
1568 1623 1678 1662 non
1712 1608 1853 1663 male
1881 1621 2200 1678 congruere.

1367 1789 1436 1844 In
1478 1789 1684 1846 Petavii
1722 1791 1952 1845 editione
1989 1790 2363 1846 desiderantur
2401 1804 2421 1844 :

377 1903 468 1959 15.
511 1903 901 1975 Fragmentum
952 1907 1116 1963 breve
1145 1905 1434 1978 Epiphanii
1474 1911 1562 1975 εἰς
1595 1909 1662 1962 τὸ
1696 1909 1849 1963 κατὰ

2067 1927 2160 1964 νοου
2184 1950 2199 1974 ,
2230 1925 2296 1964 ex
2324 1909 2528 1965 Catena
2573 1906 2946 1963 Mazariniana
2998 1907 3066 1962 ad
3111 1907 3406 1961 Exod."va
3434 1948 3449 1973 ,
3481 1908 3571 1968 20.

297 1995 490 2051 Graec
517 1997 755 2067 vulgavit
783 1997 922 2052 idem
953 1997 1319 2054 Combelisins
1351 1997 1575 2052 Auctar.
1610 1999 1802 2053 noviss.
1829 2007 1964 2054 tom.
1999 1998 2064 2063 II,
2097 2017 2150 2069 p.
2179 1999 2302 2056 500.

373 2089 463 2141 16.
508 2089 961 2159 Apophthegmata
1010 2088 1394 2159 septemdecim
1444 2086 1631 2144 Graec
1681 2099 1736 2144 et
1793 2088 1987 2144 Latine
2023 2091 2169 2146 edita
2214 2105 2244 2144 a
2290 2089 2561 2146 Cotelerio
2612 2090 2754 2145 inter
2802 2088 3267 2159 Apophthegmata
3325 2089 3575 2158 Patrum,

300 2195 356 2250 p.
395 2179 640 2233 426-450
676 2188 807 2234 tom.
842 2179 860 2232 I
901 2178 1146 2234 Monum.

375 2276 464 2330 17.
509 2276 830 2330 Miraculum
858 2287 1058 2332 sancta:
1087 2276 1441 2332 Eucharistia:
1468 2292 1498 2332 e
1535 2277 1724 2333 codice
1755 2277 1888 2332 bibl.
1930 2275 2209 2341 Palatina,
2248 2291 2463 2331 versum
2521 2291 2551 2329 a
2594 2274 2757 2330 Petro
2790 2276 2857 2331 de
2883 2273 3086 2338 Monte,
3121 2275 3380 2344 episcopo
3409 2273 3574 2330 Bres-

301 2369 453 2424 sensi
481 2369 597 2424 sive
621 2369 912 2436 Brixiensi,
943 2379 998 2426 et
1020 2373 1122 2427 sub
1153 2371 1443 2442 Epiphanii
1470 2373 1644 2427 nostri
1694 2373 1917 2427 nomine
1941 2371 2132 2427 Latine
2155 2372 2359 2427 editum
2392 2371 2554 2426 Rom.
2581 2370 2740 2426 1525.
2770 2369 3041 2425 Caterum
3067 2368 3404 2440 Theophilus
3428 2370 3574 2442 Ray-

300 2461 545 2525 naudus,
584 2460 642 2514 S.
681 2459 755 2526 J.,
791 2463 886 2531 qui
918 2463 1105 2517 recudi
1136 2463 1348 2517 curavit
1372 2477 1423 2516 a.
1460 2461 1622 2526 1640,
1653 2476 1776 2515 cum
1805 2461 2043 2531 copiosis
2089 2460 2204 2516 suis
2235 2459 2803 2514 animadversionibus
2834 2463 2890 2519 in
2931 2463 3068 2518 diss.
3105 2463 3178 2517 De
3206 2465 3560 2534 apparitioni-

297 2553 398 2605 bus
428 2553 484 2604 in
521 2551 874 2607 Eucharistia
904 2561 1259 2618 sacramento,
1301 2567 1496 2609 recusa
1528 2568 1580 2606 a.
1611 2550 1773 2617 1665,
1808 2561 1941 2606 tom.
1984 2550 2048 2604 VI
2091 2549 2252 2623 Opp.,
2294 2567 2348 2622 p.
2382 2551 2510 2617 582,
2555 2564 2610 2607 et
2650 2552 2812 2622 longe
2851 2553 3089 2622 junioris
3121 2568 3246 2609 esse
3283 2552 3576 2624 Epiphanii

297 2641 540 2697 ostendit
571 2657 624 2712 p.
652 2641 758 2697 589
783 2658 924 2714 seq.,
972 2643 1117 2698 inter
1155 2643 1262 2698 alia
1309 2643 1472 2698 etiam
1503 2658 1568 2698 ex
1603 2659 1668 2698 eo
1693 2683 1709 2709 ,
1745 2642 1891 2712 quod
1920 2641 2125 2698 Paulus
2154 2641 2431 2698 secundus
2459 2641 2691 2697 refertur
2721 2642 3018 2698 mulctasse
3047 2658 3246 2714 corpus
3279 2659 3440 2700 suum
3481 2643 3576 2698 Ila-

297 2736 461 2806 gellis
494 2754 506 2788 :
541 2736 674 2800 Qua:
714 2735 1023 2802 imbonitas,
1065 2739 1266 2810 inquit,
1317 2750 1436 2796 ante
1477 2756 1646 2794 avum
1690 2741 1838 2795 Petri
1871 2738 2141 2807 Damiani,
2170 2740 2260 2810 qui
2289 2739 2484 2795 saeculo
2518 2740 2797 2794 undecimo
2826 2739 3042 2798 claruit.
3069 2741 3122 2795 in
3149 2740 3314 2796 nullis
3341 2741 3575 2795 anacho-

296 2841 541 2884 retarum
567 2831 645 2884 vel
668 2833 1047 2886 monachorum
1083 2836 1378 2904 asperrima
1404 2851 1624 2907 quaque
1648 2835 2064 2890 consectantium
2087 2835 2244 2905 gestis
2275 2843 2462 2888 notata
2491 2850 2525 2888 a
2555 2850 2636 2888 me
2664 2842 2762 2888 est.

376 2923 468 2979 18.
495 2924 563 2978 In
593 2923 873 2979 Canticum
907 2927 1258 2982 canticorum.
1315 2925 1684 2983 Cassiodorus
1710 2927 1806 2982 lib.
1850 2942 1868 2981 ι
1902 2926 2145 2982 Divinar.
2180 2927 2330 2992 inst.,
2355 2941 2474 2997 cap.
2514 2925 2589 2981 5:
2628 2925 2756 2980 Post
2787 2941 2915 2994 quos
2947 2924 3277 2996 (Origenem,
3310 2923 3573 2994 Ilierony-

298 3037 480 3084 mum,
511 3021 791 3092 Ruﬁnum)
832 3020 1189 3091 Epiphanius,
1219 3024 1441 3079 antistes
1472 3023 1720 3095 Cyprius,
1755 3033 1924 3077 totum
1951 3022 2147 3076 librum
2179 3021 2428 3091 (Cantici
2459 3020 2832 3091 canticorum)
2873 3016 3056 3074 Graco
3085 3032 3324 3071 sermone
3354 3032 3458 3068 uno
3490 3031 3578 3069 vo-

297 3112 504 3168 lumine
532 3114 624 3169 sub
656 3116 908 3169 breritate
933 3116 1236 3186 complexus
1271 3126 1370 3172 est.
1399 3116 1554 3172 Hunc
1583 3132 1697 3183 nos,
1722 3123 1782 3171 ut
1803 3115 1966 3183 alios,
1989 3108 2050 3170 in
2074 3114 2324 3170 Latinam
2347 3115 2587 3186 linguam
2611 3129 2704 3185 per
2734 3112 2966 3166 amicum
2992 3120 3252 3176 nostrum,
3290 3107 3461 3161 virum
3487 3107 3574 3160 di-

299 3211 679 3277 sertissimum,
731 3211 1095 3282 Epiphanium
1125 3253 1140 3278 ,
1178 3215 1399 3284 fecimus
1426 3256 1442 3283 ,
1491 3214 1722 3270 Domino
1758 3213 2023 3284 juvante,
2076 3213 2380 3283 transferri.
2425 3212 2664 3267 Adnotat
2704 3208 2758 3266 J.
2801 3206 3076 3270 Garetius,
3123 3202 3568 3260 commentarium

300 3301 460 3357 illum
485 3319 606 3359 esse
640 3318 749 3359 non
778 3304 1095 3374 Epiphanii,
1135 3305 1230 3359 sed
1273 3303 1542 3372 Philonis,
1578 3321 1740 3376 quem
1791 3302 2018 3376 Carpasi
2044 3303 2100 3360 in
2133 3305 2311 3377 Cypro
2341 3305 2519 3360 insula
2552 3301 2890 3374 Epiphanius
2924 3298 3239 3370 episcopum
3277 3296 3575 3359 ordinavit,

299 3407 357 3455 et
381 3395 568 3454 Grace
600 3415 726 3454 cum
759 3401 1031 3467 versione,
1068 3416 1100 3456 a
1137 3400 1472 3458 Cassiodoro
1502 3410 1828 3470 memorata,
1867 3401 2145 3458 exstitisse
2170 3403 2315 3473 apud
2344 3401 2654 3457 Emericum
2681 3400 2980 3473 Bigotium.
3008 3397 3175 3453 ann.
3202 3429 3274 3439 —
3297 3396 3406 3466 Ego
3447 3411 3578 3450 vero

301 3489 436 3546 nolo
464 3501 731 3560 repetere,
763 3509 886 3563 qua
913 3494 1026 3563 jam
1063 3506 1228 3562 supra
1257 3489 1313 3545 in
1347 3491 1456 3545 vol.
1491 3488 1582 3556 lV,
1614 3491 1710 3546 751
1744 3505 1894 3561 sqq.,
1930 3489 1986 3544 in
2033 3491 2177 3546 hanc
2207 3505 2324 3545 rem
2353 3489 2628 3561 disputata
2663 3498 2794 3545 sunt
2840 3487 2916 3560 (a)
2953 3504 2968 3542 :
2998 3494 3052 3541 et
3078 3485 3146 3540 de
3172 3485 3412 3540 editione
3451 3483 3577 3539 Gia-

297 3582 543 3646 comelli,
575 3583 668 3654 qui
704 3586 806 3640 sub
839 3583 1089 3640 Philonis
1119 3585 1363 3650 nomine,
1393 3584 1490 3640 Gr.
1537 3599 1603 3639 ac
1641 3583 1764 3639 Lat.
1816 3585 1971 3639 illum
2019 3593 2377 3640 commentar.
2409 3600 2440 3640 e
2471 3585 2626 3655 prelo
2661 3585 2812 3640 exire
2857 3582 3026 3652 jussit
3061 3579 3249 3634 Romae
3296 3579 3456 3640 1772,
3496 3579 3574 3644 4°,

301 3675 448 3729 scitu
483 3676 792 3731 necessaria
828 3677 1029 3731 adlata.
1063 3677 1203 3733 Add.
1233 3675 1464 3731 Krohnii
1493 3675 1641 3742 Cat.,
1670 3691 1726 3746 ι).
1752 3675 1842 3741 91,
1867 3692 1925 3730 n.
1956 3675 2028 3730 55
2056 3683 2112 3731 et
2142 3675 2232 3731 56.
2257 3675 2460 3732 Contra
2482 3677 2584 3732 sub
2611 3677 2832 3731 nomine
2856 3676 3143 3746 Epiphanii
3165 3674 3574 3728 commentarius

298 3765 360 3819 in
393 3764 672 3820 Canticum
703 3769 1032 3822 canticorum
1063 3765 1241 3837 prodit
1277 3782 1414 3820 nunc
1436 3767 1670 3836 primum
1708 3779 1774 3819 ea:
1803 3766 2026 3836 antiqua
2056 3767 2292 3820 versione
2321 3765 2516 3820 Latina
2544 3782 2705 3836 opera
2725 3777 2774 3821 et
2799 3769 2978 3822 studio
3011 3767 3162 3821 Petri
3196 3765 3396 3820 Franc.
3430 3763 3575 3835 Fag-

298 3857 459 3928 ginii.
496 3855 683 3912 Roma
716 3867 830 3929 typ.
865 3856 1134 3912 Palearini
1180 3855 1341 3922 1750,
1375 3857 1452 3912 4°.
1485 3855 1540 3912 In
1574 3855 1728 3928 praf.
1763 3857 1994 3912 historia
2028 3857 2152 3912 libri
2182 3859 2496 3928 exponitur.
2519 3858 2784 3915 —Antea
2819 3861 2922 3916 sub
2949 3859 3195 3916 Philonis
3219 3872 3438 3930 quoque
3476 3872 3574 3911 no-

300 3949 454 4003 mine
481 3950 678 4018 prodiit
702 3948 1079 4020 Interpretatio
1106 3949 1160 4002 in
1186 3947 1468 4003 Canticum
1497 3947 1825 4002 canticorum
1852 3945 1970 4003 Lat.
2011 3962 2081 4002 ex
2123 3948 2576 4019 interpretatione
2606 3950 2796 4018 Steph.
2842 3948 3092 4003 Salutati.
3122 3948 3322 4014 Paris.,
3365 3948 3572 4003 Christ.

299 4040 550 4096 Wecltel.
588 4041 748 4106 1557,
781 4039 1114 4097 8°.—Paris.
1147 4041 1202 4095 in
1243 4039 1374 4095 bibl.
1412 4039 1564 4110 publ.
1597 4040 1720 4094 cod.
1745 4038 1909 4106 5092,
1935 4055 1989 4094 n.
2022 4038 2079 4108 2,
2109 4037 2400 4110 Epiphanii
2434 4038 2715 4108 Expositio
2745 4043 2801 4094 in
2829 4039 3111 4095 Canticum
3141 4042 3475 4095 canticorum
3505 4056 3571 4094 ex

297 4133 429 4190 cod.
461 4133 646 4204 aliquo
676 4133 948 4204 descripta
983 4133 1038 4188 in
1078 4131 1202 4186 cod.
1233 4129 1404 4186 Vatic.
1455 4128 1522 4185 V.
1555 4144 1744 4198 supra,
1789 4130 1856 4185 ad
1892 4128 1983 4196 IV,
2027 4146 2082 4185 ιι.
2135 4133 2181 4185 1.
2225 4131 2522 4188 Anthimus
2551 4131 2705 4197 Gazi,
2752 4133 3184 4188 archimandrita
3222 4144 3276 4189 et
3306 4131 3573 4190 sacerdo’s

296 4226 642 4294 Gracorum,
673 4237 806 4290 etc.,
841 4225 1060 4282 Vienna
1087 4225 1300 4290 Austr.,
1329 4223 1466 4278 vidit
1498 4220 1639 4277 1796
1666 4222 2145 4292 Constantinopoli
2176 4239 2264 4293 ap.
2296 4221 2555 4293 Joasaph.
2590 4223 3100 4293 hieromonachum,
3129 4237 3318 4299 postea
3356 4237 3567 4282 metro-

297 4323 530 4394 politam
570 4323 837 4386 Anchiali,
869 4321 1120 4378 Gracum
1153 4319 1277 4376 cod.
1312 4327 1440 4374 mst.
1475 4317 1762 4390 Epiphanii

2060 4320 2197 4391 μσμα
2239 4318 2351 4373 τῶν
2395 4321 2654 4390 ᾀσμάτων
2697 4320 2863 4376 in-4".
2905 4320 2962 4376 In
2995 4320 3202 4377 Catena
3250 4319 3564 4391 Nicephori,

295 4436 357 4491 p.
384 4420 472 4484 15,
499 4427 819 4476 numeratur
849 4420 990 4476 inter
1022 4420 1092 4474 τὰ
1123 4419 1496 4483 ἐκλελοιπότα,
1529 4427 1666 4474 teste
1692 4417 1799 4472 Alte

1993 4417 2139 4488 Lips.
2171 4417 2324 4496 Αηι.
2354 4424 2512 4484 Anz.,
2532 4421 2597 4473 A.
2628 4418 2786 4485 1800,
2819 4436 2874 4474 ιι.
2911 4419 3033 4486 165,
3057 4435 3109 4491 p.
3143 4419 3300 4482 1624.
3327 4419 3494 4474 I’IARL.

1741 4531 1856 4590 VII.
1900 4547 2137 4588 INEDITA.

374 4655 460 4709 19.
506 4652 782 4723 Expositio
821 4653 878 4705 in
911 4649 1129 4704 Nahum
1173 4650 1482 4720 prophetam
1525 4649 1712 4705 Grace
1748 4665 1852 4706 ms.
1887 4649 1942 4705 in
1972 4651 2104 4706 bibl.
2138 4650 2285 4719 regis
2324 4648 2731 4715 Cbristianiss.,
2772 4655 2910 4703 teste
2955 4644 3196 4709 Labbeo,
3231 4659 3287 4714 p.
3319 4641 3385 4697 79
3420 4639 3560 4694 Bibl.

289 4761 447 4802 nova
470 4760 596 4798 mss.
630 4743 700 4815 is.
734 4743 858 4797 cod.
891 4741 1032 4796 1458
1055 4741 1174 4795 init.
1209 4740 1263 4793 in
1295 4741 1419 4794 Cat.
1450 4739 1606 4796 codd.
1641 4737 1849 4807 Paris.,
1876 4740 1940 4808 II,
1965 4757 2019 4811 p.
2050 4740 2204 4814 525].

367 4835 459 4890 20.
505 4833 571 4888 In
611 4831 855 4888 Psalmos
901 4832 1150 4900 quadam
1176 4871 1190 4894 ,
1221 4839 1276 4884 et
1302 4829 1442 4898 Περὶ
1477 4829 1824 4898 διαιρέσεως
1868 4853 1871 4864 ι

2053 4829 2130 4883 ὧν
2174 4845 2280 4886 ms.
2317 4829 2509 4885 habuit
2552 4829 2888 4898 TheOphilus
2923 4827 3143 4891 Galeas,
3180 4834 3315 4881 teste
3359 4823 3557 4878 Caveo.

294 4927 694 4982 Fam—Adde
720 4923 880 4988 intra,
909 4925 1004 4978 lib.
1035 4939 1088 4987 γ,
1117 4937 1148 4976 c
1199 4924 1287 4985 17,
1317 4923 1384 4978 de
1406 4923 1624 4978 Catenis
1659 4923 1902 4990 Patrum,
1929 4924 2040 4979 vol.
2078 4921 2191 4990 VII,
2230 4937 2285 4993 p.
2320 4923 2445 4987 749,
2478 4932 2532 4978 et
2571 4922 2626 4978 in
2672 4921 2809 4976 alios
2851 4921 3022 4976 libros
3049 4933 3236 4974 sacros
3282 4933 3404 4988 pag.
3433 4915 3557 4980 756,

289 5017 425 5081 775,
451 5016 575 5076 781,
615 5015 737 5078 788,
768 5016 892 5080 790,
923 5015 1010 5069 ed.
1040 5025 1148 5068 vet.
1178 5011 1490 5068 Universim
1533 5014 1587 5067 in
1621 5012 1849 5068 Patrum
1881 5013 2101 5070 Catenis
2127 5015 2183 5068 in
2209 5015 2396 5070 varios
2430 5013 2492 5069 V.
2527 5029 2592 5070 ac
2623 5014 2686 5067 N.
2725 5011 2790 5068 T.
2823 5013 2993 5066 libros
3021 5009 3253 5079 aliisque
3283 5007 3561 5063 collectio-

289 5115 462 5169 nibus
496 5113 780 5184 Epiphanii
812 5112 932 5166 loca
973 5125 1116 5180 sape
1142 5110 1407 5166 citantur.
1440 5107 1532 5164 Vel
1558 5125 1625 5164 ex
1656 5108 1961 5165 Montfauc.
2012 5109 2271 5166 Biblioth;
2306 5109 2531 5167 Coislin.
2570 5111 2740 5165 multa
2772 5115 3004 5179 possunt
3035 5105 3235 5176 colligi.
3270 5103 3463 5160 Venet.
3503 5106 3558 5159 in

290 5208 430 5264 bibl.
454 5206 703 5261 Michael.
742 5203 934 5274 Epiph.
971 5211 1220 5272 excerpta
1258 5205 1311 5258 in
1342 5200 1546 5272 Evang.
1581 5201 1640 5256 S.
1690 5200 1960 5266 Matthazi,
2005 5202 2060 5257 in
2108 5203 2232 5258 cod.
2271 5203 2396 5268 120,
2428 5205 2522 5274 qui
2547 5203 2807 5259 Catenam
2847 5203 3094 5259 Graecam
3118 5203 3382 5269 continet,
3423 5212 3560 5259 teste

293 5301 606 5358 Hittarellio
639 5301 692 5354 in
721 5297 864 5352 Bibl.
892 5299 1045 5352 codd.
1078 5297 1139 5353 S.
1175 5295 1476 5358 Michaelis,
1508 5312 1562 5368 p.
1598 5295 1874 5351 551.—Et
1901 5297 1984 5352 sic
2022 5297 2078 5351 in
2103 5297 2226 5354 aliis
2252 5299 2534 5353 variarum
2566 5297 2882 5354 bibliothec.
2915 5296 3074 5354 codd.
3103 5296 3332 5352 —-Add.
3358 5295 3410 5351 J.
3450 5295 3559 5350 Fa-

291 5397 434 5454 bric.
474 5396 528 5449 in
561 5393 804 5448 Historia
830 5392 958 5447 bibl.
990 5408 1134 5456 sua,
1167 5403 1299 5447 tom.
1328 5390 1419 5454 VI,
1468 5407 1522 5462 p.
1572 5391 1675 5447 150
1720 5406 1842 5462 sqq.
1862 5421 1935 5432 --
1958 5389 2064 5447 Sed
2099 5395 2362 5464 temporis
2413 5395 2554 5448 ratio
2583 5401 2638 5448 et
2668 5393 2951 5448 brevitatis
2977 5389 3217 5445 studium
3248 5387 3556 5443 uberiorem

295 5505 406 5545 non
435 5489 700 5560 permittit
722 5487 1139 5557 expositionem.
1174 5487 1299 5544 Vid.
1328 5503 1550 5560 quoque
1577 5488 1811 5544 Matthai
1843 5488 2021 5544 Notit.
2057 5491 2212 5545 codd.
2247 5489 2578 5560 Mosquens.,
2610 5505 2665 5560 p.
2698 5489 2789 5545 29.
2809 5520 2880 5530 —
2902 5487 2962 5542 In
2989 5487 3111 5543 cod.
3145 5483 3370 5556 Syriaco
3393 5482 3427 5536 5
3451 5479 3561 5535 Pa-

293 5589 396 5643 ris.
423 5587 602 5642 inesse
633 5585 892 5641 dicuntur
917 5587 1192 5642 nonnulla
1233 5588 1288 5641 in
1322 5587 1563 5642 version.
1596 5587 1785 5642 libror.
1817 5585 1887 5642 IV
1913 5586 2122 5659 Regum
2182 5603 2247 5643 ac
2277 5587 2464 5642 Daniel
2519 5586 2800 5659 Syriacam
2853 5583 3287 5645 observationes,
3321 5591 3557 5648 quarum

291 5688 550 5734 auctores
575 5692 696 5734 esse
723 5677 972 5734 feruntur
1001 5680 1268 5734 Eusebius
1301 5677 1570 5751 Pamphili
1598 5687 1654 5735 et
1679 5677 2040 5749 Epiphanius.
2073 5677 2140 5735 V.
2172 5676 2347 5734 Catal.
2407 5679 2564 5734 codd.
2600 5679 2807 5747 Paris.,
2842 5686 2977 5734 tom.
3010 5673 3053 5739 l,
3089 5689 3135 5743 p.
3182 5670 3268 5728 5|.
3304 5671 3480 5723 ῐίλιιι..

385 5805 460 5878 (a)
504 5801 637 5860 Vide
683 5803 740 5856 in
791 5808 1010 5865 Philone
1041 5811 1332 5881 Carpathio
1366 5849 1382 5877 ,
1428 5809 1656 5878 hujusce
1716 5815 2040 5881 t’atroloqzw
2073 5823 2203 5870 tom.
2233 5813 2343 5868 XL.
2386 5810 2546 5868 Ebt‘l'.
