3808 6138
338 331 434 373 xiv
1387 285 1394 291 ’
1559 316 1682 366 no]
1703 316 1839 365 l'l‘IA

1387 285 1394 291 ’
1559 316 1839 366 nomn
1880 316 1942 362 IN
1981 316 2037 364 δ.
2081 315 2524 366 ιιγινιιΑΜυΜ.

404 434 494 489 21.
537 434 674 505 Περὶ
705 432 810 486 τῶν
838 432 1010 502 ἁγίων
1037 431 1351 487 ἀποστόλων
1382 431 1484 486 ποῦ
1515 431 1747 494 ἕκαστος
1792 432 1908 502 ἐκήι

2075 430 2151 484 De
2180 430 2278 486 SS.
2325 431 2600 500 apostolis,
2641 427 2734 484 ubi
2767 427 3001 498 quisque
3027 442 3216 484 eorum
3252 428 3578 498 prmdieavit.

333 541 584 586 mortuus
605 539 659 584 et
688 530 930 598 sepultus
955 537 1058 590 est,
1083 533 1160 582 uti
1195 527 1341 581 varia
1380 535 1597 581 exstant
1642 526 1744 580 sub
1776 526 2090 579 nominibus
2120 524 2377 580 Dorotbei
2405 563 2421 589 ,
2451 524 2722 595 Hippolyti
2745 563 2760 585 ,
2795 523 3087 593 Sophronii
3107 563 3122 587 ,
3151 522 3432 578 Athanasii
3453 563 3470 585 .
3508 525 3580 579 ita

331 623 494 677 etiam
529 620 630 675 sub
658 619 942 688 Epiphanii
978 619 1197 672 nomine
1240 617 1412 672 fertur
1445 616 1498 670 in
1523 616 1712 670 codice
1753 616 1895 684 regis
1925 614 2245 670 Galliarum:
2274 615 2440 680 2951,
2475 632 2526 683 p.
2558 616 2681 668 255.
2713 613 2866 668 Unde
2887 612 3094 682 profert
3123 612 3383 666 nonnulla
3426 610 3581 666 Cote-

333 713 500 767 lerius
536 711 603 765 ad
642 711 932 766 Constitut.
970 713 1225 780 apostol.,
1260 728 1354 778 vn,
1387 711 1478 776 46,
1511 723 1713 766 vocans
1758 710 2056 764 indiculum
2095 710 2384 764 ἀνέκδοτον
2416 705 2940 780 pseudo-Epiphanii
2969 705 3038 760 de
3067 703 3349 776 apostolis.
3382 702 3474 776 [ν.
3515 705 3580 758 ad

332 824 387 861 η.
436 805 563 878 12.]

401 900 489 952 22.
532 897 688 951 Liber
720 899 782 951 de
813 909 933 952 ortu
963 899 1160 962 divino,
1195 896 1499 952 Hebediesu
1534 895 1794 966 Catalogo
1819 893 2083 949 librorum
2120 893 2497 948 Chaldaeorum
2527 909 2583 947 ιι.
2613 891 2706 946 42.

405 988 689 1058 Epiphanii
722 988 922 1043 librum
968 991 1031 1044 de
1060 991 1335 1045 Hebraicis
1371 988 1670 1042 nominibus
1706 989 1838 1042 citat
1875 986 2072 1040 Scotus
2119 984 2348 1056 Erigcna
2392 985 2533 1039 libro
2561 1001 2592 1038 v
2626 983 2701 1037 De
2733 981 2991 1037 divisione
3022 987 3252 1043 naturae,
3291 993 3416 1050 pag.
3453 976 3578 1033 225.

333 1085 498 1140 Fsen.
540 1114 609 1126 —
648 1085 705 1138 ln
729 1087 849 1140 eod.
886 1087 1015 1140 bibl.
1049 1085 1196 1154 pub].
1234 1085 1405 1139 Paris.
1441 1084 1596 1149 1656,
1628 1085 1714 1146 η,
1769 1082 2058 1154 Epiphanii
2098 1083 2345 1144 Leticon,
2379 1099 2488 1152 quo
2517 1096 2666 1137 voce.
2704 1079 2968 1135 Hebraica
3004 1079 3268 1134 librorum
3301 1093 3578 1141 sacrorum

334 1185 704 1252 explicantur;
732 1189 978 1252 superest
1007 1191 1215 1236 tantum
1249 1182 1429 1236 littera
1471 1181 1534 1245 A,
1564 1195 1664 1235 nec
1696 1181 1787 1234 illa
1819 1181 2048 1250 integra.
2091 1178 2317 1244 Insuper
2350 1177 2660 1248 Epiplmnii,
2691 1176 2830 1246 quod
2865 1188 3056 1245 septem
3092 1192 3249 1244 opera
3281 1175 3402 1243 fecit
3445 1174 3579 1228 Deus

334 1276 419 1331 die
445 1276 895 1343 Annuntian'onis,
919 1285 1256 1347 excerptum,
1286 1277 1339 1332 in
1369 1275 1494 1333 cod.
1523 1275 1715 1335 Medic.
1742 1276 1833 1344 50,
1863 1276 1949 1341 11,
1995 1276 2135 1347 plut.
2166 1275 2255 1342 57,
2283 1283 2422 1330 teste
2452 1273 2679 1328 Bandin.
2718 1272 2858 1338 Cat.,
2889 1288 2942 1344 p.
2979 1272 3103 1326 455.
3148 1269 3318 1327 "sub.
