3808 6138
289 450 3542 526 m

928 604 1622 754 EPISTOLA
1725 642 2889 766 NUNCUPATORIA.
2966 670 2975 681 ε

1332 1214 1794 1265 ILLUSTRISSIMO
1834 1216 1911 1260 AC
1952 1214 2493 1263 REVERENDISSIMO

865 1453 942 1514 D.
985 1453 1434 1516 FRANCISCO
1476 1456 1538 1517 S.
1583 1455 1661 1514 R.
1716 1457 1787 1516 E.
1853 1451 2292 1516 CABDINALI
2337 1452 2970 1529 RUPIFUCALDIO,

1571 1729 1796 1766 EPISCOPO
1835 1725 2192 1766 suum-zeum:
2214 1746 2227 1772 ,

772 1966 948 2007 MAGNO
977 1967 1215 2007 FBANCIJ’J
1250 1966 1709 2020 ειεεκοενμλκιο,
1740 1968 1803 2008 AC
1836 1966 2052 2009 SANCTE
2086 1968 2276 2008 GENOVI

1562 1967 1709 2020 ARIO,
1740 1968 1803 2008 AC
1836 1966 2052 2009 SANCTE
2086 1968 2374 2008 ΕΕΝΟἾΕΗΕ
2408 1968 2544 2006 APUD
2586 1968 2821 2009 PARISIOS
2847 1967 3066 2011 ABBA'I'I.

240 2291 249 2301 ,
300 2220 307 2227 “
363 2222 670 2284 Meliusne
723 2221 828 2293 sit,
884 2229 942 2280 et
973 2223 1348 2294 consultius,
1403 2222 1748 2285 cardinalis
1780 2221 2235 2297 illustrissime,
2271 2226 2723 2305 pestiferarum
2749 2226 3065 2287 hareseon
3109 2223 3361 2305 nefaria
3411 2222 3529 2285 do-

274 2330 489 2401 gmata
520 2321 891 2399 consignare
928 2320 1181 2394 litteris,
1218 2341 1300 2381 an
1332 2341 1400 2381 ea
1442 2332 1647 2382 tacere
1672 2322 1957 2400 penitus,
1976 2323 2128 2399 jure
2162 2322 2331 2381 inter
2358 2324 2675 2401 sapientes
2704 2324 3033 2402 quaeritur.
3066 2321 3156 2389 Ac
3185 2317 3529 2381 nonnullos

276 2422 487 2480 minus
519 2428 828 2480 sectarum
866 2420 1008 2496 ipsa
1055 2418 1424 2499 descriptio,
1486 2419 1756 2498 diligens
1797 2421 2157 2498 praesertim
2203 2429 2261 2481 et
2313 2422 2658 2496 enucleata,
2715 2421 3000 2483 delectat.
3055 2420 3190 2483 Alii
3237 2422 3530 2482 cautione

276 2522 545 2601 quadam
580 2540 650 2582 ac
682 2519 923 2580 delectu
962 2540 1121 2600 opus
1158 2541 1287 2581 esse
1310 2520 1634 2601 judicant,
1684 2530 1757 2581 ut
1794 2541 1875 2582 ea:
1904 2519 2106 2580 solum
2131 2522 2728 2597 praetermittantur,
2762 2540 2896 2602 qua!
2923 2530 3034 2582 aut
3066 2530 3374 2582 vetustate
3390 2523 3530 2602 jam

280 2623 722 2694 obsoleverint,
754 2630 862 2681 aut
888 2622 1127 2699 insigni
1153 2621 1431 2701 foeditate
1459 2641 1531 2682 ac
1560 2623 1887 2700 spurcitia
1916 2622 2354 2684 contaminatas
2373 2624 2639 2703 fuerint.
2678 2624 2981 2701 Utrosque
3011 2632 3214 2684 movet
3242 2642 3530 2694 ea_causa

213 2754 235 2772 ο
275 2722 676 2800 potissimum
707 2742 727 2780 :
759 2720 924 2799 quod
953 2740 1092 2781 cum
1121 2723 1411 2782 universe
1444 2719 1839 2780 decretorum
1870 2719 2176 2799 ejusmodi
2204 2720 2562 2782 recordatio
2598 2722 2965 2800 perniciosa
2992 2723 3100 2795 sit,
3137 2731 3268 2783 tum
3316 2742 3530 2787 eorum

278 2824 611 2903 mortifera
654 2824 966 2899 contagio,
1021 2839 1149 2901 qua
1189 2831 1465 2883 obscena
1512 2823 1862 2901 voluptatis
1916 2805 2248 2884 lenociniis
2295 2825 2535 2901 partim
2584 2824 2875 2884 incautos
2921 2821 3241 2895 alliciunt,
3286 2826 3531 2904 partim

278 2922 515 2982 invitos
539 2939 609 2979 ac
646 2929 1065 2997 repugnantes
1095 2921 1322 2999 afﬂatu
1348 2920 1761 2981 nihilominus
1793 2919 2059 2998 quodam
2091 2919 2516 2999 turpitudinis
2548 2929 2608 2981 et
2638 2919 2825 2980 odore
2854 2920 3272 2999 perfundunt.
3300 2924 3530 2998 Quam-

280 3022 493 3082 obrem
531 3019 698 3099 quod
730 3020 1133 3098 Epiphanius
1172 3020 1643 3095 Gnosticorum,
1693 3022 2251 3095 Basilidianorum,
2290 3021 2963 3101 Carpocratianorum,
2997 3020 3530 3100 Origenianorum

278 3141 548 3183 arcanas
591 3141 664 3183 ac
696 3121 1091 3183 detestandas
1124 3121 1415 3182 libidines
1453 3133 1576 3182 tam
1606 3122 1946 3202 diligenter
1985 3125 2403 3203 expresserit,
2447 3140 2577 3182 non
2610 3119 2777 3183 illud
2807 3119 3054 3198 quidem
3080 3121 3211 3183 viri
3250 3122 3525 3185 sanctis—

277 3225 426 3286 simi
473 3227 710 3303 factum
746 3220 1196 3300 consiliumque
1247 3220 1739 3299 reprehendunt,
1792 3222 1901 3283 sed
1948 3241 2163 3283 eorum
2216 3222 2492 3283 omnium
2537 3221 2899 3280 memoriam
2947 3218 3259 3281 oblivione
3287 3222 3531 3283 conteri

276 3325 478 3405 fuisse
501 3323 702 3383 satius
725 3330 991 3400 putant;
1025 3328 1082 3381 et
1098 3320 1334 3395 Greece,
1361 3323 1461 3382 uti
1479 3324 1723 3400 scripta
1743 3332 1917 3397 sunt,
1953 3321 2233 3402 relinqui
2254 3320 2458 3394 modo,
2493 3329 2675 3397 atque
2700 3337 2739 3377 a
2767 3317 3182 3397 peritioribus
3214 3319 3529 3383 duntaxat

278 3425 403 3503 legi
454 3436 745 3503 oportere
792 3429 1105 3483 statuunt.
1156 3422 1374 3501 Itaque
1418 3424 1640 3486 Latine
1670 3435 1742 3485 ut
1777 3445 1849 3485 ea
1880 3444 1994 3486 nos
2028 3427 2543 3502 interpretemur,
2582 3440 2655 3482 ac
2676 3422 3105 3499 promiscuam
3132 3422 3529 3502 ﬂagitiorum

278 3526 750 3599 conscientiam,
787 3541 1281 3602 communemque
1311 3527 1618 3605 faciamus
1647 3527 1954 3599 omnibus,
1993 3523 2393 3605 probandum
2424 3523 2675 3584 minime
2704 3542 2832 3583 esse
2863 3522 3270 3586 contendunt.

361 3629 599 3689 Contra
634 3647 787 3707 quos
824 3646 1028 3688 omnes
1063 3637 1189 3687 tam
1214 3628 1568 3707 Epiphanii
1603 3632 1810 3692 nostri
1839 3649 2021 3710 quam
2050 3638 2275 3689 nostra
2312 3629 2498 3689 etiam
2536 3645 2729 3687 causa
2760 3625 3214 3704 disputandum
3255 3625 3530 3687 breviter

276 3731 599 3790 existimo.
639 3728 728 3788 Ac
757 3730 1005 3807 priores
1035 3727 1282 3806 quidem
1318 3730 1440 3802 illi,
1475 3731 1701 3809 quibus
1740 3740 1939 3792 totum
1961 3730 2136 3793 istud
2173 3730 2493 3808 negotium
2524 3712 2840 3806 displicet,
2889 3727 3205 3787 hxreseon
3232 3725 3530 3787 abstrusa

273 3851 351 3892 ac
385 3828 712 3891 recondita
751 3830 1050 3906 mysteria
1078 3828 1377 3890 mandare
1409 3831 1693 3909 scriptis,
1740 3849 2044 3891 summum
2084 3848 2156 3890 ac
2187 3830 2512 3907 singulare
2541 3827 2802 3889 veritati
2831 3825 3201 3905 prasidium
3230 3827 3527 3905 opinione

272 3948 392 3989 sua
443 3926 803 3988 detrahunt.
863 3928 995 3986 Hoc
1041 3928 1203 3987 enim
1251 3936 1666 4005 extorquent;
1705 3946 1825 4006 quo
1856 3937 2185 3988 nascentes
2214 3927 2556 3989 identidem
2585 3945 2657 3985 ac
2706 3925 3003 3987 rediviva:
3053 3925 3526 3986 mendaciorum

274 4036 460 4089 sectce
487 4025 869 4088 validissime
901 4026 1280 4103 propulsari
1318 4046 1357 4085 a
1407 4027 1586 4089 nobis
1622 4030 1932 4106 evertique
1952 4028 2231 4106 possint.
2281 4028 2399 4086 Est
2428 4026 2676 4105 quidem
2707 4028 2862 4106 ejus,
2896 4026 3006 4104 qui
3037 4027 3106 4085 in
3135 4026 3402 4087 haeresin
3431 4026 3529 4086 vel

274 4126 653 4188 moliendum
686 4125 782 4186 vel
818 4124 1108 4185 tuendam
1138 4127 1518 4198 incubuerit,
1549 4130 1796 4189 animus
1829 4130 1896 4190 in
1935 4146 2173 4189 omnem
2203 4129 2531 4189 audaciam
2563 4131 2698 4189 sine
2728 4127 2860 4188 ullo
2896 4126 3140 4207 pudore
3172 4130 3521 4207 projectus.

273 4227 401 4291 Sed
426 4247 604 4289 nemo
645 4238 738 4288 est
778 4236 977 4287 tamen
1008 4247 1088 4288 ex
1120 4227 1252 4289 illis
1303 4229 1721 4290 absurdarum
1765 4231 2133 4309 opinionum
2166 4231 2488 4309 patronis,
2523 4247 2700 4309 quem
2729 4247 2857 4289 non
2890 4236 3205 4309 utcunque
3253 4231 3527 4292 convicti

278 4331 435 4394 olim
462 4332 701 4392 erroris
731 4350 803 4391 ac
834 4329 1113 4390 damnati
1124 4331 1390 4409 pudeat.
1422 4333 1565 4394 Sint
1594 4351 1766 4415 sane,
1800 4336 1899 4395 uti
1925 4343 2095 4405 sunt,
2122 4333 2322 4412 ferrei
2353 4350 2563 4391 omnes
2595 4331 2876 4392 heretici
2911 4351 2930 4391 :
2962 4332 3093 4392 sint
3111 4331 3475 4410 pervicaces
3503 4355 3525 4394 :

275 4427 469 4491 iidem
506 4442 571 4487 se
608 4430 683 4503 in
726 4431 865 4506 ipso
913 4426 1143 4489 ardore
1177 4430 1639 4509 agitationeque
1690 4428 2065 4508 disputandi
2117 4429 2199 4490 ad
2233 4428 2656 4491 resistendum
2703 4432 2918 4490 acrius
2962 4431 3205 4509 ﬁngant
3252 4451 3273 4490 :
3320 4439 3528 4490 tamen

277 4531 391 4609 qui
422 4529 490 4591 id
523 4529 846 4602 didicerit,
881 4531 1112 4609 quique
1146 4533 1336 4591 certis
1371 4536 1649 4589 veterum
1680 4530 2058 4590 testimoniis
2091 4529 2491 4607 compererit,
2546 4536 2689 4588 ante
2720 4527 2795 4588 ab
2827 4530 3107 4607 antiquis
3138 4528 3442 4590 Patribus
3466 4536 3526 4589 et

280 4631 570 4694 conciliis
609 4629 988 4709 publicoque
1027 4629 1537 4691 Christianorum
1583 4646 1891 4689 consensu
1937 4629 2154 4707 agnita
2199 4647 2271 4687 ac
2314 4625 2655 4705 repudiata
2703 4626 2992 4705 dogmata
3043 4627 3178 4700 illa,
3212 4645 3392 4706 quam
3424 4629 3526 4691 illi

277 4730 432 4811 ipsi.
466 4737 617 4807 quo’s
640 4709 949 4814 sequitur,
984 4744 1197 4787 eorum
1228 4727 1717 4806 interpolatores
1742 4727 2141 4800 exsisterent,
2170 4727 2282 4787 vix
2311 4728 2453 4797 erit,
2486 4726 2738 4804 opinor,
2764 4726 2958 4799 ullus,
2986 4729 3167 4806 cujus
3188 4728 3317 4789 nisi
3344 4731 3524 4808 fran-

275 4832 347 4910 gi
398 4829 795 4908 edomarique
838 4828 1233 4889 contumacia
1255 4832 1566 4909 potuerit,
1603 4849 1733 4891 non
1769 4829 2199 4910 languidiores
2230 4829 2451 4889 saltem
2479 4829 2703 4891 habeat
2732 4830 3097 4908 eruptiones
3139 4840 3198 4890 et
3226 4832 3520 4910 impetus,

275 4951 353 4992 ac
392 4930 702 5009 paulatim
734 4946 856 5008 per
898 4930 1174 5007 ‘seips‘am
1215 4932 1597 5010 refrigerata
1641 4940 1824 5010 atque
1856 4937 2149 4990 enervata
2180 4929 2491 5001 concidat.
2547 4929 2794 4994 Habent
2823 4931 3026 5006 igitur
3053 4930 3216 4991 hunc
3244 4932 3526 5010 fructum

279 5030 713 5093 commentarii
739 5029 841 5090 illi
865 5029 976 5107 qui
1012 5028 1084 5088 de
1118 5030 1460 5090 hxresibus
1505 5030 1898 5100 scribuntur,
1948 5037 2021 5088 ut
2064 5029 2134 5089 in
2167 5015 2539 5109 unaquaque
2583 5036 2760 5089 celate
2806 5030 3091 5105 fautores
3137 5027 3425 5109 perfidia:
3450 5049 3523 5091 ac

279 5132 584 5193 satellites
613 5149 761 5192 suos
792 5132 860 5191 in
888 5127 1044 5203 illis,
1077 5149 1228 5209 quos
1260 5129 1506 5209 quidem
1537 5131 1930 5203 erubescant,
1967 5130 2294 5209 principes
2328 5137 2737 5207 auctoresque
2777 5138 3252 5208 recognoscant.

358 5237 506 5298 Iam
548 5235 657 5313 qui
706 5243 908 5294 certas
954 5253 1034 5295 ex
1066 5234 1430 5306 hceresibus,
1483 5232 1838 5319 easdemque
1883 5230 2429 5319 veloblitteratas,
2465 5231 2562 5291 vel
2591 5220 3286 5309 turpitudineinfames
3320 5232 3525 5294 omitti

274 5338 521 5418 iubent,
570 5336 892 5418 difﬁcilem
916 5336 1242 5416 quamdam
1270 5336 1759 5397 moderationem
1782 5318 2115 5414 postulant
2146 5356 2166 5394 :
2201 5318 2381 5413 cujus
2416 5352 2492 5392 ne
2522 5332 2651 5410 ipsi
2692 5329 2940 5410 quidem
2988 5350 3193 5405 usum,
3241 5334 3453 5409 rogati
3484 5351 3525 5392 a

282 5440 487 5514 nobis,
523 5437 885 5518 expediant.
917 5438 1168 5499 Etenim
1196 5439 1253 5499 si
1283 5438 1397 5499 hoc
1429 5447 1602 5499 certo
1633 5436 1935 5516 polliceri
1959 5444 2242 5515 possent,
2283 5434 2651 5513 opinionum
2682 5431 2797 5493 illa
2824 5440 3144 5511 portenta,
3190 5443 3526 5512 postquam

283 5559 589 5621 oppressa
615 5559 686 5600 ac
716 5542 963 5619 sepulta
991 5540 1176 5601 semel
1204 5549 1427 5614 essent,
1458 5558 1801 5620 nunquam,
1838 5540 1967 5601 nisi
1998 5540 2067 5601 in
2103 5537 2286 5599 libris
2327 5542 2672 5607 exstarent,
2716 5524 3039 5595 emersum
3067 5533 3293 5608 denuo,
3325 5553 3523 5619 neque

282 5646 416 5706 suis
449 5662 528 5704 ex
558 5642 689 5703 illis
720 5642 919 5704 bustis
942 5663 1013 5705 ac
1045 5644 1364 5707 cineribus
1396 5644 1766 5710 excitanda:
1799 5644 1964 5707 nihil
2010 5642 2273 5704 consilio
2303 5641 2448 5703 huic
2492 5640 2759 5702 istorum
2797 5637 3300 5717 praevertendum
3318 5646 3519 5718 puta-

612 5743 882 5808 anL.
915 5746 1031 5808 Gn.
1064 5745 1230 5809 xu.
3150 5742 3182 5806 ι
