3842 6140
297 222 354 276 Η
868 215 873 219 ’
1592 220 1814 278 DIONY!

2003 218 2198 274 ιτΑνιι
3452 214 3520 267 i9.

299 348 445 399 rem.
477 336 597 399 Sed
625 357 761 399 cum
790 342 1193 403 nihilominus
1243 342 1423 401 statis
1475 350 1819 418 temporum
1860 336 2214 401 intervallis
2248 335 2454 397 eadem
2485 336 2601 397 illa
2631 341 2936 406 monstra,
2968 340 3291 412 amputata
3327 330 3519 392 toties

296 458 368 501 ac
382 440 702 519 jugulata,
734 443 1107 505 reviviscunt
1142 464 1161 502 :
1193 461 1332 504 eum
1358 442 1519 504 idem
1546 442 1845 512 haresum
1876 441 2130 503 illarum
2152 440 2532 500 architectus
2560 440 2967 513 inventorque
2991 434 3303 507 diabolus,
3334 435 3522 495 etiam

301 541 467 601 omni
515 539 819 602 librorum
852 543 1167 603 exstincta
1208 541 1525 613 memoria,
1568 548 1925 619 perseveret
1957 559 1975 596 :
2012 557 2149 598 cum
2195 534 2416 598 iisdem
2461 536 2708 601 artibus
2739 543 2797 594 et
2826 534 3154 606 machinis,
3190 532 3520 613 eademque

297 638 379 700 ad
421 639 564 701 illas
602 641 1048 702 instaurandas
1092 639 1438 702 calliditate
1471 658 1543 700 ac
1590 632 1895 719 nequitia'
1921 641 2005 701 sit
2051 638 2354 718 praeditus
2392 655 2633 717 :neque
2659 654 2773 697 nos
2802 637 3071 697 istorum
3099 634 3207 695 ille
3239 633 3518 695 delectus

296 737 586 819 adjuvat;
620 749 677 799 et
704 741 1001 801 adversus
1031 741 1449 819 redintegrati
1482 739 1684 801 morbi
1709 740 2067 817 periculum
2094 739 2373 818 pristina
2401 737 2516 799 illa
2536 735 3004 813 certissimaque
3035 732 3323 793 subsidia
3358 751 3525 793 com-

295 843 582 919 paranda
620 852 784 903 sunt.
827 843 1118 905 Potuerit
1154 862 1301 904 sane
1349 852 1491 903 ante
1539 862 1735 903 annos
1773 842 2032 920 aliquot,
2070 844 2192 904 imo
2224 841 2473 912 saecula,
2523 838 2877 918 designatio
2905 837 3019 899 illa
3046 845 3360 899 certarum
3388 838 3517 898 lue-

299 956 517 1000 reseon
540 940 620 1000 ad
647 940 1039 1003 scribendum
1064 951 1121 1001 et
1149 942 1593 1020 opportunitas
1609 941 1852 1021 jactari
1868 960 1888 1007 ,'
1926 957 2063 1000 cum
2080 941 2414 1018 pauciores
2444 936 2644 1000 adhuc
2689 944 2913 1010 essent,
2944 953 3054 996 nec
3089 945 3213 995 tam
3245 933 3519 997 diversis

298 1056 370 1098 ac
405 1037 809 1102 dissimilibus
842 1059 920 1100 ea:
951 1040 1172 1119 formis
1197 1038 1628 1118 prodigiisque
1659 1039 1961 1119 conﬂata.
1995 1038 2130 1098 Hoc
2171 1036 2417 1116 quidem
2449 1045 2744 1115 tempore,
2777 1053 2895 1114 quo
2930 1042 3241 1094 emortuas
3271 1032 3522 1112 pridem

301 1142 696 1218 superiorum
734 1146 980 1201 (elatum
1009 1142 1264 1201 hareses
1293 1148 1613 1199 revocatas
1646 1140 1714 1199 in
1752 1140 1949 1200 lucem
1976 1156 2047 1198 ac
2076 1146 2407 1199 renovatus
2447 1137 2781 1210 cernimus,
2830 1153 2906 1195 ne
2943 1133 3325 1196 dubitationi
3371 1134 3519 1212 qui-

300 1237 430 1296 dem
464 1236 584 1309 illi,
619 1255 691 1298 ac
713 1241 1041 1316 quaestioni
1073 1241 1245 1300 locus
1274 1237 1545 1316 amplius
1576 1248 1663 1298 est
1708 1237 1988 1298 relictus.
2037 1236 2220 1310 Quod
2269 1239 2429 1297 enim
2455 1236 2581 1315 fuit
2623 1237 2686 1297 in
2722 1238 2891 1297 omni
2918 1234 3293 1311 antiquitate
3323 1251 3522 1311 genus

299 1335 614 1412 opinionis
645 1354 716 1396 ac
746 1346 922 1397 secta:
953 1346 1074 1398 tam
1102 1336 1504 1408 horrendum,
1541 1343 1665 1396 tam
1688 1336 2066 1397 inusitatum
2096 1332 2164 1394 et'
2186 1334 2573 1395 obsoletum?
2610 1334 2765 1408 Quis
2797 1342 2920 1394 tam
2954 1332 3250 1393 obscenus
3292 1342 3346 1391 et
3379 1330 3526 1390 abo-

296 1432 626 1493 minandus
655 1439 875 1496 error?
904 1434 1086 1510 Quod
1104 1434 1385 1513 perfidia
1408 1451 1603 1512 genus
1631 1442 1752 1494 tam
1775 1432 1987 1513 palam
2018 1433 2290 1496 omnium
2324 1451 2469 1495 voce
2498 1431 2999 1504 condemnatum,
3037 1429 3202 1507 quod
3242 1434 3370 1489 non
3397 1446 3518 1506 pa-

296 1541 542 1592 rentum
571 1542 930 1595 nostrorum
959 1534 1251 1595 memoria
1294 1534 1576 1613 fautores
1619 1533 1862 1611 aliquos
1909 1549 1981 1592 ac
2029 1541 2366 1592 sectatores
2397 1531 2732 1593 habuerit?
2762 1531 2999 1592 Parum
3029 1538 3120 1588 est
3151 1528 3224 1588 de
3259 1528 3523 1591 Arianis

297 1633 428 1694 illis
471 1636 788 1714 conqueri,
839 1644 949 1694 aut
984 1631 1478 1704 Macedonianis,
1517 1632 1959 1707 Eunomianis,
2005 1631 2428 1708 Nestorianis,
2461 1642 2519 1693 et
2546 1633 2628 1695 iis
2658 1632 2844 1692 etiam
2873 1628 3340 1706 antiquioribus
3374 1630 3518 1690 Μα-

296 1735 569 1805 nichais,
603 1734 999 1807 Sabellianis,
1032 1732 1451 1793 Samosatenis
1481 1752 1500 1790 :
1532 1737 1904 1809 ceterasque
1953 1731 2180 1792 veteris
2230 1732 2530 1793 Ecclesia:
2575 1733 2739 1811 faces
2772 1748 2845 1790 ac
2879 1736 3271 1805 tempestates
3296 1744 3520 1804 perse-

296 1834 405 1913 qui
436 1854 457 1892 :
486 1835 555 1895 in
582 1833 805 1912 quibus
827 1841 1063 1911 praeter
1091 1830 1395 1910 dogmatis
1424 1829 1763 1909 falsitatem
1792 1830 1970 1890 nulla
1997 1839 2108 1889 aut
2157 1830 2422 1909 obscura
2454 1828 2757 1910 foeditatis
2790 1826 3133 1903 disciplina
3160 1827 3285 1904 fuit
3327 1845 3346 1884 :
3382 1842 3522 1903 quae

298 1949 503 1994 omnes
535 1934 603 1995 in
632 1932 989 2003 Germania,
1018 1930 1309 2001 Polonia,
1334 1929 1690 1998 Pannonia,
1719 1929 1973 2003 Russia,
2013 1930 2169 1999 alibi
2194 1928 2457 2006 denique
2485 1937 2719 1989 renata:
2745 1926 2827 1987 ad
2856 1928 3012 1988 hanc
3044 1925 3204 1985 diem
3232 1925 3525 2003 grassari

299 2042 355 2093 et
389 2033 841 2094 increbrescere
871 2030 1193 2093 dicuntur.
1226 2027 1362 2097 illa:
1382 2029 1534 2107 ipsa:
1552 2027 2130 2089 sordidissimarum
2154 2027 2485 2089 libidinum
2515 2027 2891 2088 inventrices
2929 2026 3184 2086 hareses
3225 2042 3295 2083 ac
3320 2023 3519 2100 magi-

296 2144 463 2204 stra,
497 2151 630 2213 qua:
656 2135 1049 2211 promiscuos
1082 2130 1472 2199 concubitus,
1507 2148 1578 2189 ac
1615 2129 1921 2207 reliquam
1961 2133 2251 2207 corporis
2301 2125 2762 2203 turpitudinem
2806 2124 3225 2195 ostentabant,
3269 2141 3526 2201 quaeque

294 2249 419 2292 uno
467 2230 911 2293 Gnosticorum
949 2228 1248 2306 vocabulo
1296 2229 1609 2290 contineri
1647 2244 2093 2305 nonnunquam
2139 2227 2365 2298 solent,
2402 2224 2624 2287 iisdem
2664 2227 2733 2286 in
2781 2224 2937 2285 locis
2986 2225 3052 2284 in
3102 2221 3525 2297 Adamianos,

296 2330 626 2404 Piltardos,
665 2330 1008 2401 Valdenses,
1052 2326 1495 2405 Lugdunenses
1539 2329 1880 2406 Pauperes,
1923 2337 2263 2406 casteraque
2308 2334 2603 2403 portenta
2663 2324 2874 2384 verius
2927 2340 3107 2400 quam
3136 2321 3391 2381 nomina
3423 2342 3526 2384 re-

296 2430 681 2492 dundarunt.
715 2428 957 2491 Veniam
985 2425 1066 2486 ad
1093 2426 1360 2489 Galliam
1383 2435 1688 2495 nostram,
1721 2442 1793 2484 ac
1821 2424 2222 2483 novissimam
2254 2420 2610 2484 Calviniani
2635 2421 2827 2482 labem
2849 2420 3176 2500 dogmatis,
3209 2430 3392 2499 atque
3413 2440 3531 2500 pe-

298 2539 472 2602 stem,
505 2548 638 2608 quee
667 2532 736 2590 in
764 2530 941 2590 illius
969 2526 1202 2604 gremio
1235 2524 1539 2586 consedit.
1572 2524 1662 2581 De
1704 2541 1827 2601 qua
1854 2523 2172 2583 verissime
2217 2524 2330 2584 hoc
2357 2523 2513 2584 mihi
2551 2520 2771 2582 videor
2812 2521 3271 2582 esse'dicturus
3300 2543 3323 2581 -:
3355 2525 3530 2583 velut

298 2631 604 2690 sentinam
635 2627 811 2689 illam
855 2625 1025 2687 orbis
1071 2642 1197 2684 esse
1246 2631 1585 2693 terrarum,
1640 2622 1709 2682 in
1753 2638 1934 2700 quam
1962 2633 2239 2681 veterum
2270 2631 2330 2682 et
2377 2623 2720 2683 recentium
2753 2632 3083 2693 sectarum,
3118 2638 3533 2700 errorumque

299 2728 595 2790 colluvies
626 2723 939 2804 conﬂuxit
966 2743 987 2782 :
1016 2740 1088 2782 ac
1113 2719 1417 2801 quidquid
1444 2722 1759 2782 haereseon
1789 2724 2087 2781 hactenus
2120 2722 2392 2797 exstitit,
2426 2722 2499 2783 de
2520 2740 2640 2800 quo
2670 2722 2870 2800 legere
2903 2722 3147 2800 aliquid
3171 2724 3267 2783 vel
3295 2723 3525 2786 audire

295 2827 640 2906 potuimus,
667 2841 748 2884 ea:
776 2814 846 2883 eo
880 2821 1142 2884 libatum
1170 2839 1296 2881 esse
1326 2837 1399 2881 ac
1422 2819 1783 2880 derivatum
1810 2819 2086 2898 aliquid;
2114 2831 2295 2898 atque
2328 2840 2407 2882 ea:
2433 2822 2915 2885 abhorrentibus
2948 2831 3373 2885 monstrorum
3401 2843 3530 2885 om-

298 2929 472 2988 nium
502 2924 800 3005 partibus
831 2942 903 2985 ac
933 2923 1179 3002 ﬁguris,
1213 2923 1506 2984 ultimum
1533 2920 1718 2994 illud,
1752 2939 1824 2981 ac
1861 2922 2125 2999 reliquis
2146 2921 2523 2984 horribilius
2555 2941 2682 2983 esse
2703 2930 3082 2986 concretum.

377 3025 789 3101 Quamobrem
804 3040 943 3083 eum
975 3033 1034 3082 et
1059 3020 1287 3099 ubique
1319 3029 1654 3094 terrarum,
1681 3028 1741 3082 et
1768 3021 1870 3082 hic
1901 3019 2073 3099 apud
2096 3039 2209 3080 nos
2233 3022 2595 3100 priscarum
2621 3039 2750 3081 sese
2779 3022 3092 3083 hareseon
3116 3041 3187 3083 ac
3216 3033 3532 3085 sectarum

298 3140 534 3187 venena
562 3120 954 3201 diﬂundant,
987 3116 1069 3180 ad
1106 3119 1243 3192 illa,
1291 3137 1424 3197 quae
1463 3135 1664 3199 supra
1692 3118 1857 3191 dixi,
1891 3118 2191 3197 prasidia
2215 3121 2671 3199 confugiamus,
2708 3129 2767 3181 et
2798 3119 3181 3182 medicorum
3210 3124 3531 3186 imitemur

299 3212 699 3287 industriam.
724 3218 1007 3296 Quorum
1034 3220 1301 3299 majores
1326 3235 1465 3278 cum
1485 3217 1724 3278 eosdem
1768 3219 2057 3280 humanis
2088 3221 2386 3295 ingruere
2416 3217 2789 3295 corporibus
2815 3237 2888 3280 ac
2917 3237 3248 3281 recurrere
3277 3223 3530 3284 morbos

298 3323 742 3402 intelligerent,
775 3338 992 3381 eorum
1033 3321 1330 3400 origines,
1368 3322 1871 3399 progressiones,
1905 3321 2358 3401 proprietates,
2394 3338 2648 3381 casuum
2702 3330 2885 3400 atque
2930 3331 3286 3385 eventorum
3316 3345 3525 3386 exem-

295 3425 429 3504 pla,
467 3433 597 3486 tum
636 3422 910 3486 remedia
948 3420 1284 3500 diligenter
1318 3423 1387 3483 in
1419 3421 1601 3509 libris
1642 3430 1951 3483 notarunt
1981 3443 2001 3482 :
2032 3440 2164 3501 qua:
2206 3420 2353 3481 dum
2380 3423 2624 3499 posteri
2655 3423 2891 3500 legunt,
2923 3434 3147 3485 contra
3177 3425 3320 3486 illos
3351 3427 3527 3505 ipsos

298 3525 503 3585 alieno
538 3541 601 3584 se
630 3542 753 3584 usu
782 3523 1293 3602 experientiaque
1333 3520 1726 3599 confirmant.
1780 3522 1884 3582 Ita
1919 3521 2124 3595 nobis,
2157 3521 2383 3601 quibus
2413 3520 2736 3581 assiduum
2761 3530 2853 3582 est
2880 3522 3097 3584 iisdem
3122 3543 3258 3584 cum
3288 3529 3529 3587 errori-
3560 3596 3565 3599 _

299 3623 437 3696 bus,
468 3620 639 3683 velut
663 3620 896 3682 morbis
927 3638 1008 3682 ea:
1040 3618 1376 3680 intervallo
1416 3618 2028 3692 recrudescentibus,
2062 3638 2133 3680 ac
2149 3620 2288 3699 jam
2309 3626 2451 3678 ante
2482 3621 2777 3697 cognitis,
2819 3631 3130 3681 certamen
3157 3622 3525 3696 ineundum,

298 3720 484 3781 utiles
506 3726 658 3778 sunt
691 3716 1120 3779 commentarii
1150 3718 1552 3795 antiquarum
1581 3717 1882 3777 haeresum
1912 3738 1932 3774 :
1995 3736 2075 3778 ea:
2107 3717 2331 3795 quibus
2378 3735 2506 3778 non
2535 3737 2747 3779 earum
2773 3721 2954 3780 modo
2983 3725 3278 3784 notitiam
3307 3724 3521 3803 adipi-

298 3817 571 3886 scimur;
607 3815 714 3876 sed
769 3815 851 3876 ad
900 3816 1041 3877 illas
1104 3815 1308 3889 etiam,
1345 3815 1454 3877 ubi
1483 3822 1717 3875 renata:
1742 3816 2005 3893 fuerint,
2031 3814 2490 3895 pro/ligandae,
2523 3816 2726 3878 eadem
2758 3836 3053 3897 paramus
3082 3821 3354 3894 auxilia,
3387 3823 3527 3901 qui-

301 3918 436 3993 bus,
466 3934 603 3979 cum
628 3917 903 3996 primum
936 3922 1368 3986 nascerentur,
1412 3916 1740 3976 exstincta:
1769 3924 1940 3976 sunt.

377 4018 515 4091 Qua
545 4017 615 4078 in
653 4032 873 4094 genere
901 4031 1041 4075 cum
1077 4013 1418 4074 multorum
1466 4015 1732 4075 Patrum
1763 4015 2004 4094 egregie
2038 4017 2123 4077 sit
2153 4014 2354 4089 labor,
2402 4034 2474 4076 ac
2505 4034 2644 4077 cum
2665 4016 2850 4079 laude
2881 3997 3204 4090 versatus:
3244 4041 3421 4102 quem
3455 4037 3527 4089 tu

303 4126 525 4187 tamen,
568 4118 697 4179 sive
724 4116 1078 4193 diligentia,
1111 4121 1237 4178 sive
1265 4116 1548 4177 ubertate
1579 4114 1959 4177 eruditionis
2008 4136 2080 4178 ac
2112 4118 2317 4195 copia,
2350 4136 2490 4177 cum
2510 4119 2873 4195 Epiphanio
2903 4124 3212 4201 conferas,
3247 4130 3528 4205 reperies

303 4234 382 4276 ea:
410 4216 576 4277 omni
616 4214 992 4291 antiquitate
1031 4214 1354 4274 neminem.
1387 4212 1530 4275 Non
1558 4214 1721 4274 enim
1746 4214 1854 4276 ille
1891 4215 2130 4276 brevem
2158 4213 2473 4276 duntaxat
2500 4217 2813 4280 haereseon
2861 4218 3130 4281 indicem
3160 4216 3527 4287 caterorum

300 4335 468 4379 more
495 4316 875 4392 conscripsit
905 4336 926 4382 :
952 4308 1457 4395 quemadmodum
1486 4315 1902 4392 Augustinus,
1928 4318 2336 4407 Philostrius,
2364 4318 2807 4396 Hieronymus,
2839 4320 3277 4395 Damascenus,
3313 4329 3526 4405 copio-

301 4420 435 4480 sius
465 4418 646 4478 etiam
679 4415 1122 4486 Theodoretus,
1155 4424 1337 4493 atque
1369 4412 1487 4475 alii
1516 4415 1865 4492 complures
1900 4418 2317 4478 instituerunt
2350 4438 2371 4477 :
2400 4435 2512 4495 nec
2542 4418 2795 4479 illorum
2822 4422 3243 4498 tantummodp
3277 4428 3528 4504 opinio-

300 4537 409 4579 nes
449 4535 522 4577 ac
546 4515 858 4594 dogmata,
890 4531 991 4574 res
1016 4515 1198 4574 etiam
1224 4513 1299 4573 ab
1332 4532 1543 4575 earum
1572 4515 1938 4577 auctoribus
1969 4534 2040 4576 ac
2082 4516 2490 4595 principibus
2535 4527 2739 4594 gestas
2783 4523 3253 4583 accuratissime
3276 4542 3522 4605 propo-

301 4621 451 4679 suit.
493 4616 614 4679 Sed
654 4617 882 4695 quibus
927 4615 1120 4675 armis
1151 4617 1414 4693 insuper
1440 4624 1552 4675 aut
1580 4616 1836 4677 illarum
1859 4617 2199 4695 petitiones
2229 4617 2481 4696 depelli,
2515 4626 2627 4677 aut
2668 4620 2949 4679 vicissim
2985 4621 3110 4706 illa
3137 4624 3288 4699 peti,
3325 4644 3522 4703 ese-pu-

301 4719 604 4798 gnarique
624 4724 899 4796 possent,
932 4715 1242 4777 uberrime
1291 4715 1768 4796 doctissimeque
1795 4720 2191 4780 monstravit.
2225 4718 2465 4794 Quibus
2502 4721 2687 4781 etiam
2715 4722 2787 4781 de
2819 4722 3027 4782 causis
3057 4729 3329 4803 Πανάριον,
3369 4728 3525 4804 sive,

300 4825 373 4878 ut
402 4815 770 4877 Anastasius
807 4814 1055 4875 Sinaita
1083 4813 1152 4874 in
1192 4813 1702 4887 Qumstionibus,
1748 4833 1820 4875 ac
1856 4815 2119 4877 Photius
2152 4834 2288 4877 cum
2324 4817 2560 4878 Gra'cis
2591 4819 2736 4879 aliis
2764 4818 2967 4892 habet,
3012 4826 3268 4899 Πανάρια,
3310 4823 3377 4881 id
3407 4836 3522 4896 est,

304 4912 609 4979 medicam
640 4928 866 4986 arcem,
899 4913 1027 4973 sive
1044 4910 1517 4992 ,capsulam,.ac
1549 4912 1817 4986 thecam,
1871 4933 2027 4994 opus
2064 4914 2224 4977 illud
2254 4917 2583 4995 inscripsit
2616 4939 2635 4976 :
2663 4918 2834 4978 utin
2866 4937 2933 4977 eo
2969 4921 3271 4979 sciremus
3300 4934 3526 4984 contra

303 5012 659 5089 mortiferas
704 5030 777 5073 ac
818 5018 1151 5071 venenatos
1181 5012 1562 5087 serpentium
1619 5030 1886 5083 morsus,
1919 5013 2188 5091 adeoque
2216 5013 2465 5074 morbos
2505 5034 2710 5076 omnes
2739 5018 3061 5089 turresum,
3109 5019 3526 5084 saluberrima

300 5109 581 5179 remedia
601 5113 933 5175 contineri.

372 5233 687 5310 Quocirca
711 5251 983 5313 persaepe
1012 5251 1147 5293 sum
1176 5230 1453 5310 equidem
1481 5231 1902 5310 Augustinum
1930 5237 2431 5314 vehementerque
2460 5238 2726 5298 miratus
2760 5262 2780 5300 :
2811 5245 2923 5319 qui
2953 5244 3021 5302 in
3063 5245 3223 5304 libro
3258 5249 3344 5307 De
3390 5249 3519 5311 hw-
3573 5234 3582 5243 ’

288 5333 551 5433 ‘resibus
612 5332 686 5392 ad
723 5333 1268 5407 Quodvultdeum,
1319 5351 1458 5393 cum
1490 5333 1861 5412 rEpiphanii
1913 5337 2215 5408 meminit,
2251 5336 2375 5396 hac
2426 5336 2500 5396 de
2542 5338 2652 5398 illo
2696 5341 2764 5400 in
2814 5342 3193 5422 Prcefatione
3237 5351 3456 5423 posuit
3502 5371 3523 5409 :

301 5438 524 5497 Noster
558 5449 708 5497 vero
744 5433 1451 5512 Epiphanius,Cyprius
1483 5435 2097 5513 episcopus,abhinc
2128 5456 2253 5501 non
2291 5441 2476 5518 longe
2509 5440 2801 5502 humanis
2834 5444 3025 5506 rebus
3057 5462 3417 5526 exemptus,
3440 5454 3522 5515 de

300 5535 614 5614 octaginta
645 5533 996 5598 haresibus
1033 5532 1324 5611 loquens,
1358 5550 1470 5597 sex
1506 5534 1697 5598 libros
1737 5535 1927 5598 etiam
1958 5538 2361 5613 conscripsit,
2402 5537 2710 5599 historica
2744 5542 3104 5605 narratione
3136 5563 3524 5612 commemo-
