3808 6128
1302 33 1365 37 ᾼ-
1654 36 1697 38 r
1716 31 1847 39 ._.——-.:——
2014 38 2053 41 1__
2070 36 2123 41 __

302 278 375 335 l5
1465 271 1805 329 EPISTOLA
1843 266 2409 327 NUNCUPATORIA.
2496 260 2504 267 ’
3478 267 3546 323 Ib

300 413 450 459 rans
473 392 710 468 omnia,
743 391 919 455 nulla
948 392 1385 472 disputatione
1415 390 1722 453 adversus
1750 388 2090 451 falsitatem
2120 402 2234 465 pro
2265 385 2533 449 veritate
2563 386 2922 447 decertans.
2955 382 3191 444 Breves
3221 396 3374 442 sane
3392 389 3545 443 sunt

300 496 370 557 hi
403 494 603 558 libelli
632 518 648 556 :
681 500 743 556 et
768 492 823 554 si
853 492 919 554 in
956 509 1158 554 unum
1186 491 1473 553 libellum
1508 490 1903 569 redigantur,
1940 503 2061 549 nec
2088 487 2227 565 ipse
2259 486 2381 547 erit
2411 486 2675 559 nostris,
2714 482 2812 545 vel
2847 481 3122 543 aliorum
3155 479 3545 559 quibusdam

303 596 484 658 libris
517 590 915 680 longitudine
944 585 1432 674 comparandus.
1468 594 1673 671 Hujus
1715 589 2097 652 brevitatem
2140 587 2195 648 si
2236 583 2421 649 fuero
2451 585 2523 647 in
2566 580 3142 646 commemorandis
3187 577 3544 641 basresibus

264 696 615 783 imitatus,
665 694 821 774 quid
862 708 896 756 a
946 711 1047 756 me
1100 694 1363 756 brevius
1422 691 1772 773 postulare,
1824 690 1926 754 vel
1966 696 2334 768 exspectare
2379 687 2641 759 debeas,
2692 701 2823 748 non
2872 681 3163 745 habebis.
3223 681 3542 753 Haecine,

301 812 531 875 quaso.
564 781 636 854 de
665 794 1018 875 Epiphanii
1045 793 1312 856 Panario
1340 792 1765 873 Augustinum
1792 790 2116 852 scribere?
2147 789 2486 869 Affirmare
2518 805 2676 868 opus
2719 803 2847 847 esse
2882 782 3215 862 perbreve;
3273 791 3353 855 et,
3386 782 3444 844 si
3476 781 3547 842 in

300 911 497 954 unum
535 893 812 957 libellum
838 891 1190 971 redigatur,
1223 902 1349 954 tam
1380 890 1682 953 mediocri
1708 892 1866 952 mole
1894 899 1951 951 et
1979 889 2396 970 amplitudine
2423 887 2760 968 futurum?
2794 884 3036 965 Negare
3075 882 3336 961 denique
3366 878 3547 943 aliud

300 996 387 1058 iis
418 995 486 1057 in
516 994 721 1070 libris,
751 1004 982 1074 prater
1010 995 1355 1074 simplicem
1384 995 1700 1057 harescon
1732 994 2084 1065 historiam,
2135 993 2271 1054 sine
2300 990 2435 1052 ulla
2456 988 2768 1051 mendacii
2798 986 3274 1067 oppugnatione
3307 990 3547 1044 tracta-

300 1096 412 1156 ri?
442 1092 635 1174 Atqui
662 1104 720 1155 et
746 1095 1052 1157 uberrimi
1080 1107 1229 1156 sunt
1257 1095 1331 1156 de
1360 1094 1697 1157 haresibus
1731 1095 2085 1175 Epiphanii
2120 1093 2272 1155 libri
2309 1113 2329 1153 :
2364 1102 2422 1153 et
2449 1090 2754 1152 adversus
2786 1087 3072 1167 singulas
3108 1086 3247 1167 fuse
3278 1101 3542 1146 accura-

302 1205 482 1272 teque
522 1195 806 1275 disputat
836 1219 856 1257 :
886 1214 997 1257 nec
1030 1195 1192 1257 illud
1222 1198 1429 1275 ipsum
1451 1204 1795 1276 postremo,
1828 1194 1993 1274 quod
2023 1195 2321 1255 omissum
2344 1192 2419 1254 ab
2443 1192 2833 1272 Epiphanio,
2857 1205 2976 1247 asc
3005 1203 3154 1247 vero
3188 1187 3426 1264 factum
3459 1182 3549 1244 iri

299 1293 596 1361 dixerat,
629 1302 700 1354 ut
723 1291 1022 1354 adversus
1052 1294 1337 1370 singulas
1367 1294 1627 1355 haereses
1658 1291 2016 1366 dissereret,
2046 1300 2158 1353 aut
2186 1292 2255 1353 in
2278 1290 2392 1352 illo
2425 1293 2515 1352 De
2544 1289 2900 1351 hmresibus
2933 1286 3164 1358 libello,
3197 1292 3311 1359 aut
3335 1282 3546 1345 inalio

300 1394 696 1472 Augustinus
726 1393 861 1472 ipse
895 1394 1224 1472 praestitit.
1256 1393 1436 1455 Nihil
1465 1395 1627 1456 enim
1652 1404 1890 1472 prater
1919 1401 2230 1453 sectarum
2258 1392 2532 1452 omnium
2554 1387 2856 1450 summam
2891 1404 3300 1467 errorumque
3336 1385 3550 1465 capita

301 1494 668 1575 complexus
701 1506 815 1557 est.
849 1495 1034 1570 Quod
1048 1505 1440 1575 postremum
1467 1504 1541 1556 ut
1568 1494 2050 1557 admirationem
2072 1502 2280 1572 auget,
2320 1493 2413 1553 ita
2445 1493 2632 1570 prius
2663 1488 2847 1552 illud-
2867 1507 2995 1548 non
3027 1488 3216 1549 levem
3241 1486 3549 1563 suspicio-

300 1610 443 1655 nem
485 1595 664 1674 facit,
712 1594 1062 1672 Epiphanii
1104 1592 1442 1677 Panarium
1491 1595 1722 1672 ipsum,
1777 1608 2054 1671 opusque
2085 1591 2416 1653 Adversus
2461 1589 2738 1651 hmreses
2776 1589 3094 1665 integrum
3125 1586 3551 1662 Augustinum

299 1691 601 1765 nondum,
645 1692 758 1754 illa
789 1710 929 1753 cum
973 1691 1233 1769 scriptis
1268 1689 1594 1770 proderet,
1630 1689 1862 1752 vidisse
1897 1711 1915 1750 :
1946 1688 2056 1750 sed
2098 1688 2277 1750 illius
2320 1686 2633 1748 duntaxat
2678 1685 3011 1765 epitomen,
3050 1689 3233 1761 atque
3277 1680 3553 1761 ejusdem

298 1794 597 1875 fortassis
627 1791 1203 1871 Anacephalaaosin,
1232 1792 1361 1852 sive
1391 1792 1794 1854 Breviarium
1844 1809 1925 1850 ex
1940 1778 2350 1868 singulorum
2383 1797 2689 1848 tomorum
2727 1793 2786 1845 et
2813 1786 3125 1848 haereseon
3161 1783 3549 1859 argumentis

302 1904 367 1957 et
403 1895 716 1975 capitibus
755 1894 1100 1957 collectum.
1147 1893 1513 1977 Quanquam
1555 1891 1720 1954 illud
1764 1891 1949 1952 etiam
1989 1898 2212 1965 movet,
2254 1888 2423 1968 quod
2464 1890 2535 1950 in
2565 1906 2680 1949 sex
2711 1886 2908 1948 libros
2941 1883 3170 1949 asserit
3199 1882 3552 1961 Epiphanii

301 2012 465 2074 opus
496 2012 623 2053 esse
645 1993 980 2073 partitum.
1014 1990 1093 2053 At
1125 1991 1193 2054 id
1211 2011 1387 2053 secus
1419 2011 1482 2053 se
1511 1991 1714 2053 habet.
1744 1990 1900 2052 Nam
1935 1991 2163 2050 in'tres
2192 1987 2506 2049 duntaxat
2538 1987 2731 2048 libros
2764 1984 3095 2046 tribuitur.
3130 1982 3309 2043 Libri
3342 1996 3548 2040 omnes

297 2096 374 2157 in
429 2103 622 2155 tomos
651 2103 905 2173 septem.
938 2093 1149 2167 Quare
1190 2091 1353 2154 illud
1390 2091 1734 2170 Augustini
1773 2088 2094 2167 singulare
2136 2097 2248 2160 est,
2294 2086 2458 2167 quod
2521 2105 2647 2146 Lvu
2677 2085 2920 2160 haresi,
2978 2101 3160 2163 quam
3188 2080 3547 2143 Psalliano-

298 2211 445 2254 rum
472 2201 673 2268 vocat,
724 2191 1256 2255 Massalianorum
1301 2192 1728 2272 Epiphanius,
1778 2189 2108 2274 subtexuit
2153 2211 2174 2249 :
2222 2188 2501 2249 Proinde
2550 2188 2663 2248 ille'
2702 2187 2782 2248 de
2833 2184 3151 2263 octoginta
3196 2182 3551 2244 hmresibus

301 2292 622 2371 separatis
658 2292 910 2371 viginti,
942 2308 1101 2371 quas
1132 2300 1276 2354 ante
1313 2290 1569 2354 Domini
1598 2290 1943 2352 adventum
1989 2288 2340 2360 exstitisse,
2373 2286 2540 2349 sicut
2587 2286 2645 2348 ei
2698 2286 2910 2347 visum
2960 2294 3077 2356 est,
3129 2281 3546 2361 computavit,

301 2394 593 2473 reliquas
622 2402 767 2474 post
797 2391 1057 2455 Domini
1087 2408 1428 2456 ascensum
1459 2398 1636 2454 natas
1666 2389 2019 2469 sexaginta,
2055 2387 2458 2451 brevissimis
2491 2386 2675 2448 libris
2707 2385 2999 2465 quinque
3036 2379 3545 2459 comprehendit,

299 2498 498 2570 atque
525 2507 749 2553 omnes
783 2492 849 2552 in
883 2507 997 2553 sex
1026 2490 1228 2553 libros
1258 2490 1460 2554 totius
1479 2489 1769 2568 ejusdem
1794 2487 1898 2550 sui
1928 2487 2142 2564 operis
2173 2485 2324 2548 fecit
2353 2484 2676 2548 concludi.
2716 2485 2868 2545 Tres
2891 2484 2960 2544 in
2991 2481 3186 2544 libros
3212 2480 3550 2542 Panarium

301 2611 483 2655 omne
520 2590 850 2654 dividitur.
893 2591 1148 2652 Primus
1184 2602 1380 2652 tomos
1427 2566 1707 2651 continet
1739 2596 1878 2648 tres
1912 2630 1929 2659 ,
1987 2603 2255 2665 quorum
2301 2585 2370 2645 in
2400 2584 2624 2664 priore
2666 2581 2903 2660 viginti
2942 2580 3070 2642 illae
3112 2589 3261 2641 sunt
3297 2566 3575 2641 Christo

299 2695 693 2772 antiquiores
724 2694 1004 2755 haereses.
1038 2690 1220 2753 Alter
1258 2708 1492 2761 earum,
1542 2707 1679 2768 ques
1706 2696 1855 2767 post
1888 2676 2211 2749 Christum
2253 2693 2490 2745 exorta:
2523 2691 2695 2757 sunt,
2738 2680 3033 2742 tredecim
3065 2680 3331 2759 colligit.
3368 2679 3551 2741 Toti—

300 2795 445 2859 dem
472 2803 846 2875 postremus.
881 2792 969 2856 Ac
1007 2796 1063 2857 si
1092 2796 1400 2857 librorum
1429 2794 1678 2854 nomine
1728 2802 1923 2854 tomos
1958 2791 2354 2870 Augustinus
2396 2788 2722 2867 intelligit,
2768 2783 3016 2863 dempto
3049 2783 3379 2864 superiore
3411 2781 3551 2857 illo,

299 2898 417 2977 qui
452 2897 681 2975 viginti
711 2915 790 2957 ex
818 2896 1155 2958 haresibus
1187 2904 1457 2970 constat,
1490 2894 1724 2974 reliqui
1752 2912 1867 2955 sex
1913 2900 2120 2965 erunt,
2156 2909 2286 2951 non
2314 2897 2567 2969 septem.
2611 2885 2819 2963 Quare
2848 2884 3050 2965 fuerit
3093 2882 3272 2945 illius
3319 2882 3550 2960 operis,

301 2998 437 3059 sive
469 2995 762 3074 epitomes
795 2994 924 3055 alia
958 2996 1124 3057 ratio
1156 2995 1549 3074 partitioque
1579 3010 1824 3053 necesse
1861 2998 1977 3061 est,
2014 2987 2179 3069 quod
2230 3005 2294 3047 se
2328 2984 2723 3065 Augustinus
2763 2981 3004 3060 legisse,
3051 2986 3110 3039 et
3148 2978 3393 3039 imitari
3438 2995 3553 3036 vo-

302 3097 501 3160 luisse
532 3093 943 3154 demonstrat.
1557 3094 1560 3097 “

387 3203 510 3267 Sed
536 3223 576 3264 a
598 3204 844 3264 minuta
871 3201 988 3263 illa
1019 3208 1075 3261 et
1101 3205 1370 3276 angusta
1400 3194 1841 3275 disquisitione
1872 3188 1956 3250 ad
1993 3188 2060 3250 id
2103 3186 2312 3259 redeo,
2346 3183 2513 3264 quod
2542 3182 2615 3244 de
2648 3181 2895 3245 Panarii
2931 3177 3457 3240 commendatione
3482 3194 3554 3237 ac

297 3312 528 3385 (ructu
552 3306 882 3386 disputare
914 3319 1237 3382 coeperam.
1270 3299 1430 3362 Nam
1455 3296 1537 3357 ad
1563 3294 1748 3367 illud,
1785 3293 1857 3375 de
1886 3309 2006 3372 quo
2027 3291 2354 3370 agebatur,
2387 3287 2710 3350 catholica
2738 3284 3070 3363 religionis
3099 3281 3552 3362 patrocinium,

296 3380 369 3470 st
413 3380 859 3471 hodiernarum
904 3380 1282 3465 eversionem
1322 3401 1623 3462 hecresum
1665 3394 2181 3475 opportunitates
2223 3391 2614 3460 innumeras,
2666 3395 2727 3448 et
2771 3383 3135 3465 adjumenta
3161 3380 3551 3461 suppeditat.

305 3511 590 3572 Primum
621 3503 785 3586 quod
812 3503 887 3565 de
921 3504 1052 3584 ejus
1081 3500 1482 3573 auctoritate,
1510 3506 1781 3577 propter
1809 3503 1868 3556 et
1897 3492 2234 3571 scriptoris
2264 3496 2654 3562 vetustatem,
2690 3495 2749 3548 et
2783 3485 3094 3547 illustrem
3125 3482 3297 3544 inter
3324 3480 3554 3543 Patres

301 3579 651 3689 dignitatis
695 3607 917 3677 locum,
939 3579 1032 3662 tne
1073 3601 1203 3682 ipsi
1246 3598 1491 3679 quidem
1520 3598 1968 3659 obtrectatores
1996 3591 2423 3670 antiquitatis,
2453 3604 2525 3649 ac
2562 3586 2869 3648 bonorum
2901 3584 3108 3645 hostes
3137 3582 3412 3642 omium
3436 3579 3556 3640 du-

304 3682 537 3774 bitant.
572 3706 807 3768 Deinde
834 3702 1003 3785 quod
1031 3702 1363 3782 prcecipua
1391 3715 1641 3778 quisque
1680 3695 1929 3758 decreta
1956 3693 2125 3772 ﬁdei,
2158 3709 2291 3771 quae
2336 3686 2767 3769 opinosissimi
2801 3685 3078 3746 homines
3117 3682 3214 3744 his
3258 3684 3559 3762 tempori-

302 3817 429 3879 bus
468 3812 747 3892 inﬁciari
781 3809 1035 3882 audent,
1073 3815 1197 3868 tam
1241 3802 1561 3883 expressis
1603 3801 1678 3862 ab
1709 3799 1821 3862 illo
1862 3794 2236 3860 testimoniis
2265 3791 2740 3874 approbantur;
2769 3804 2903 3867 qua:
2928 3793 3135 3847 autem
3161 3785 3244 3847 iis
3274 3784 3375 3847 illi
3402 3800 3553 3847 con-

305 3916 523 3978 traria
538 3883 912 3991 defendunt,
944 3925 1091 3969 suos
1121 3903 1202 3965 ad
1241 3913 1554 3975 auctores,
1588 3901 1701 3962 hoc
1739 3905 1829 3960 est
1859 3895 2185 3959 hwreticos
2213 3896 2506 3952 revocata
2532 3894 2793 3957 veteres,
2830 3891 2956 3943 tam
2994 3883 3277 3961 graviter
3303 3898 3376 3942 ac
3413 3897 3552 3942 ere-

304 4015 428 4076 bro
468 3987 836 4091 refutantur
850 4027 871 4075 ;
918 4012 992 4066 ut
1031 4020 1209 4082 quem
1258 3999 1461 4062 adhuc
1493 3998 1798 4079 falsitatis
1837 3996 2025 4058 istius
2063 4009 2191 4053 non
2226 3987 2482 4069 pudeat,
2518 4001 2897 4046 communem
2929 3991 3072 4043 ante
3097 3999 3345 4041 sensum
3373 3997 3558 4058 quam

304 4112 679 4178 modestiam
704 4102 1258 4182 verecundiamque
1279 4098 1665 4181 perdiderit.

396 4236 542 4299 Hac
576 4235 649 4297 de
676 4228 1040 4311 Epiphanio
1074 4233 1292 4287 nostro
1322 4222 1474 4284 adeo
1506 4219 1829 4300 magnifice
1869 4213 2314 4298 splendideque
2335 4213 2791 4311 jactata‘quam
2825 4224 2972 4311 vera
2996 4205 3155 4311 sint,
3185 4204 3450 4311 planum
3490 4204 3559 4266 in

304 4335 587 4413 singulis
619 4302 1123 4392 Lutheranorum
1151 4332 1210 4383 et
1244 4322 1737 4384 Calvinistarum
1766 4313 2091 4376 erroribus
2119 4314 2410 4390 facerem,
2450 4309 2506 4368 si
2543 4303 2609 4366 id
2637 4312 2749 4365 aut
2780 4302 3060 4383 epistola
3088 4303 3364 4365 brevitas
3388 4304 3560 4365 sine-

306 4400 448 4511 ret:
466 4443 577 4496 aut
609 4431 825 4499 alium,
867 4442 1049 4506 quam
1087 4435 1169 4499 te,
1216 4421 1562 4485 cardinalis
1602 4414 1871 4509 illustr.,
1912 4416 2118 4477 oratio
2148 4414 2275 4475 hac
2315 4427 2356 4468 a
2397 4406 2579 4469 nobis
2610 4405 2911 4466 instituta
2938 4402 3303 4480 respiceret.
3340 4400 3462 4464 Sed
3493 4402 3562 4465 id

307 4548 427 4600 aut
451 4535 577 4597 alio
600 4536 868 4615 fortasse
899 4528 1035 4589 loco
1057 4524 1499 4606 praestabimus
1517 4565 1534 4595 ,
1571 4502 1683 4582 aut
1707 4519 1789 4580 ad
1818 4528 2028 4607 certos,
2053 4513 2377 4579 hodierni:
2401 4529 2428 4571 c
2460 4504 2883 4587 scriptoribus
2912 4504 3321 4577 remittemus,
3352 4504 3460 4582 qui
3490 4505 3559 4565 in

310 4661 450 4706 eam
473 4604 720 4719 partem.
751 4631 1030 4694 studiose
1056 4604 1128 4691 ac
1159 4647 1306 4690 sane
1324 4622 1573 4689 utiliter
1606 4604 2049 4685 incubuerunt.
2086 4617 2228 4680 Tibi
2259 4620 2589 4719 vero-nota
2612 4608 2810 4686 magis
2840 4605 2956 4665 illa
2991 4623 3173 4685 quam
3199 4604 3355 4666 mihi
3381 4613 3554 4719 sunt,

310 4740 429 4823 qui
473 4703 747 4815 quantus
790 4731 892 4792 vir
932 4728 1336 4806 Epiphanius
1378 4723 1599 4805 fuerit,
1646 4725 2063 4799 quantumque
2109 4710 2356 4793 Panarii
2400 4707 2588 4823 istius
2634 4712 3008 4823 momgntum
3049 4706 3158 4777 sit,
3194 4722 3324 4777 non
3352 4703 3561 4823 aliena

312 4797 870 4903 :ommendatione,
906 4797 1012 4887 sed
1048 4797 1257 4885 studio
1296 4797 1429 4901 ipse
1478 4827 1585 4879 tuo
1625 4797 2139 4895 experientiaque
2187 4804 2493 4868 didicisti.
2546 4801 2633 4863 Ac
2677 4798 2985 4879 quidquid
3027 4802 3326 4863 hactenus
3354 4800 3453 4860 vel
3482 4797 3558 4859 de

311 4899 604 5007 auctoris
634 4941 822 5019 hujus
854 4899 1251 5015 prastantia,
1286 4899 1382 4989 vel
1422 4924 1494 4985 de
1535 4926 1849 4986 hwreseon
1881 4911 2456 5019 labefactandarum
2496 4906 2745 5017 ratione
2775 4901 2968 5019 paulo
2999 4899 3320 5008 verbosius
3363 4900 3561 4977 expli-

314 5045 481 5116 cavi,
514 5058 643 5103 non
668 5002 735 5101 id
759 5002 879 5098 ιιιᾶ
897 5050 1109 5103 causa,
1143 5044 1337 5106 neque
1370 5031 1441 5085 ut
1478 5020 1643 5102 quod
1685 5018 1793 5079 abs
1824 5026 1880 5078 te
1909 5014 2147 5076 discere
2178 5009 2391 5084 debeo,
2418 5009 2532 5089 hoc
2565 5014 2621 5066 te
2654 5006 2785 5084 ipse
2822 5002 3126 5116 docerfm',
3161 5006 3557 5076 pertractare

309 5096 493 5213 volui
526 5167 545 5207 :
588 5143 697 5205 sed
740 5150 811 5202 ut
861 5136 1199 5200 consilium
1240 5130 1313 5191 de
1358 5130 1471 5191 hac
1505 5124 1780 5188 editione
1808 5138 2007 5181 meum
2037 5115 2396 5195 expositum
2428 5109 2567 5181 tibi,
2603 5128 2641 5167 a
2673 5118 2846 5185 teque
2873 5097 3239 5180 probatum,
3278 5096 3560 5159 manare‘t

315 5198 720 5317 hd'veateros,
747 5198 988 5320 tuo—que
1028 5256 1090 5297 se
1114 5232 1362 5317 judicio
1395 5227 1454 5291 et
1484 5227 1864 5289 auctoritate
1897 5216 2276 5300 defenderet.
2311 5213 2510 5289 Quam
2551 5227 2668 5288 ego
2692 5201 3182 5320 prterogativam
3213 5198 3560 5311 voluntatis

315 5306 1001 5423 humanitatisque
1028 5306 1336 5416 dignitate
1365 5333 1509 5409 ipsa
1541 5326 1820 5414 muneris
1868 5341 1940 5383 ac
1984 5318 2560 5423 pretiaimpetrare
2610 5306 2828 5379 malui,
2877 5320 3081 5382 quam,
3136 5317 3268 5379 qua:
3310 5306 3563 5423 'trita'et

313 5456 669 5533 pervagata
690 5399 1144 5521 Prafationum
1164 5450 1334 5513 seges
1366 5438 1480 5500 est,
1507 5408 1813 5487 ornandis
1841 5423 1968 5484 tuis
2006 5415 2303 5482 laudibus
2330 5431 2402 5474 ac
2432 5411 2745 5481 virtutum
2766 5414 3019 5465 tuarum
3035 5400 3371 5533 praegnio.
3391 5399 3567 5460 colli-

1403 5528 1422 5533 -
1522 5529 1538 5533 -
1620 5527 1631 5533 -
1834 5524 1846 5533 .
1988 5521 2002 5533 ο
2092 5520 2105 5531 ο
2296 5532 2301 5533 ,
2368 5513 2424 5533 .'_-
2466 5518 2519 5533 Α-
2559 5518 2642 5533 --Α
2704 5508 2978 5533 -....--ἒ.ι..-
3011 5522 3080 5533 ..-
3110 5520 3204 5533 ,ΜΛ
3258 5510 3409 5533 nolan
3438 5518 3560 5533 mnu

909 5500 966 5599 te
1001 5538 1073 5598 de
1106 5544 1162 5596 te
1187 5500 1260 5595 ut
1289 5528 1478 5593 verba
1504 5527 1755 5606 faciam,
1790 5520 2160 5601 singularis,
2186 5532 2325 5594 quae
2363 5513 2434 5573 in
2462 5518 2520 5571 te
2551 5518 2662 5581 est,
2696 5508 2979 5587 gravitas
3006 5522 3080 5565 ac
3108 5500 3564 5629 ηιοάβεξξαμοη

321 5602 598 5730 patitur.
642 5602 848 5721 Neque
884 5649 940 5703 te
976 5631 1429 5698 ambitiuncula
1472 5630 1617 5701 ista,
1652 5634 1732 5702 et,
1778 5622 1943 5704 quod
1974 5639 2100 5681 esse
2111 5612 2652 5698 jucundissimum
2684 5612 2957 5671 omnium
2980 5623 3273 5670 acroama
3300 5602 3562 5668 dicitur.
