3842 6130
284 218 307 271 i
324 218 357 270 5
1580 211 1877 269 DlONYSlI
1910 212 2190 269 PETAV'II
2374 246 2377 251 -
3462 219 3535 276 16

283 339 787 393 ornamentorum
826 338 1081 390 tuorum
1146 341 1329 409 atque
1375 333 1717 410 insignium
1755 333 2125 413 pradicatio
2187 333 2472 394 delectat.
2517 334 2735 412 Itaque
2778 353 2906 395 non
2944 337 3070 407 alio
3110 345 3425 419 sequestro
3461 357 3537 399 ac

285 431 691 493 conciliatore
718 428 938 506 gratiis
969 435 1088 487 tua:
1122 447 1298 499 usus,
1331 446 1512 507 quam
1547 430 1912 509 Epiphanio
1943 434 2107 510 ipso,
2147 430 2228 490 ad
2258 432 2513 492 tutelam
2546 434 2816 493 nominis
2849 434 2946 494 tui
2972 437 3531 514 patrociniumque

286 529 564 609 confugi.
600 526 780 601 Quod
806 535 878 586 ut
917 526 1068 587 mihi
1097 526 1462 606 defuturum
1486 548 1614 591 non
1637 548 1763 589 esse
1798 529 2100 608 confidam
2118 551 2138 598 ;
2167 530 2325 608 facit
2354 547 2530 589 amor
2557 530 2876 609 inprimis
2907 549 3057 610 erga
3085 532 3333 594 litteras
3359 541 3533 602 tuus,

287 644 415 696 tum
443 638 700 714 pietatis
728 634 1181 712 religionisque
1215 630 1501 709 cognitus
1535 629 1820 689 omnibus
1850 647 1922 688 ac
1942 635 2315 706 perspectus
2345 626 2574 697 ardor,
2608 628 2834 707 quibus
2859 648 2937 689 ex
2965 629 3261 690 ambobus
3289 632 3527 692 studiis

286 744 515 796 nostra:
544 735 668 796 illa:
696 737 764 795 in
792 732 1221 812 Epiphanium
1249 729 1489 789 collatae
1522 745 1726 805 opera:
1755 725 2104 804 vigiliaeque
2132 725 2654 804 proﬁciscuntur.
2698 727 2969 787 Faciunt
3018 727 3394 789 excellentes
3444 732 3538 789 in-
3584 722 3587 725 ’

284 835 453 911 genii
482 844 648 894 artes
678 834 1063 910 virtutesque
1100 839 1332 889 cwterw
1368 849 1388 886 :
1434 828 1661 905 quibus
1700 826 1998 887 Ecclesiae
2037 824 2472 903 principatum
2512 824 2887 905 jamdudum
2928 827 3194 905 publica
3260 833 3537 891 omnium

287 944 430 994 vota
457 952 527 993 ac
557 933 869 1013 suffragia
896 928 1302 1009 despondent.
1336 929 1521 988 Facit
1541 936 1864 1006 postremo
1892 926 2197 1004 prolixus
2245 933 2390 984 tuus
2423 926 2490 986 in
2517 925 2889 986 Societatem
2916 934 3223 1000 nostram,
3257 946 3330 987 ac
3362 930 3535 989 mul-

288 1035 367 1093 tis
399 1030 656 1093 indiciis
681 1040 1051 1111 perspectus
1079 1037 1262 1107 atque
1294 1026 1665 1105 exploratus
1698 1027 1980 1091 animus;
2017 1032 2149 1084 tum
2176 1023 2519 1084 nonnullus
2548 1041 2789 1103 quoque
2821 1026 3120 1086 tenuitati
3148 1038 3384 1088 nostra:
3407 1047 3536 1108 pa-

290 1142 555 1220 tefactus
577 1137 827 1218 jamdiu
855 1136 937 1197 ad
966 1137 1411 1215 benignitatem
1446 1142 1615 1193 tuam
1644 1133 1855 1213 aditus
1912 1151 1985 1192 ac
2015 1138 2329 1210 receptus.
2363 1130 2645 1205 Quorum
2675 1130 2949 1189 omnium
2978 1147 3276 1189 summam
3306 1130 3540 1192 brevis-

286 1239 442 1298 sima
470 1240 583 1300 hac
614 1237 1076 1314 certissimaque
1107 1252 1252 1294 voce
1283 1231 1661 1310 complectar
1701 1250 1721 1289 :
1758 1229 1966 1308 Neque
2004 1238 2063 1314 te
2105 1228 2358 1307 dignius
2396 1247 2577 1307 quam
2628 1226 2793 1307 quod
2822 1246 2860 1286 a
2891 1246 2982 1286 me
3010 1227 3190 1287 modo
3222 1227 3539 1307 defertur,

286 1334 508 1413 o/ferri
558 1335 673 1396 tibi
716 1352 938 1394 munus
974 1312 1184 1411 posse,
1232 1347 1423 1408 neque
1475 1327 1849 1404 digniorem,
1908 1312 2012 1387 cui
2055 1325 2217 1386 illud
2258 1326 2584 1407 offerrem,
2621 1338 2677 1386 te
2725 1344 2850 1385 uno
2899 1325 3178 1404 reperiri
3222 1328 3536 1406 potuisse.

290 1437 455 1499 Vale.
1004 1496 1011 1503 .

367 1542 626 1604 Lutetia:
656 1523 1069 1616 Parisiorum,
1105 1558 1269 1600 anno
1301 1543 1549 1601 ineunte
1578 1535 1967 1609 MDCXXII,
2009 1552 2165 1597 xvm
2207 1532 2353 1595 Kal.
2388 1533 2575 1594 Febr.

1162 1837 1241 1893 lll.
1267 1837 1332 1893 Α.
1367 1835 1430 1892 Τ.
1464 1835 1840 1893 deditissimus

2252 1906 2543 1978 Dionysius
2568 1903 2842 1973 Pennus

2185 1974 2475 2032 Societa‘tis
2505 1974 2633 2030 Jesu
2657 1978 2964 2048 presbyter.

976 2376 1081 2436 AD
1128 2374 1658 2436 CATHOLICUM
1725 2375 1826 2432 ET
1880 2374 2306 2435 CANDIDUM
2369 2374 2830 2437 LECTOREM.

1861 2586 1929 2596 -ο

353 2711 488 2767 Cum
513 2712 748 2768 assiduis
777 2708 1114 2765 eruditorum
1158 2723 1221 2763 ac
1248 2708 1459 2777 piorum
1507 2708 1785 2762 homiuuu
1819 2709 2056 2783 querelis
2084 2708 2663 2779 llagitarijamdudum
2709 2712 3071 2783 Epiphaniam
3106 2727 3354 2772 nostrum
3395 2719 3565 2775 intel-

283 2807 480 2877 ligam;
520 2822 550 2861 a
581 2804 909 2877 quibusdam
956 2803 1120 2858 etiam
1154 2802 1464 2857 tarditatem
1495 2803 1743 2857 accusari
1781 2818 1990 2869 meam,
2024 2804 2167 2874 quod
2203 2804 2361 2873 cujus
2404 2804 2657 2861 editionis
2687 2822 2837 2876 spem
2873 2816 2999 2863 ante
3034 2810 3347 2880 complures
3374 2829 3554 2869 annos

281 2897 634 2965 ostenderim,
670 2911 732 2951 ea
767 2895 1009 2950 nondum
1040 2894 1093 2948 in
1127 2894 1304 2949 lucem
1341 2903 1449 2947 tam
1478 2894 1642 2963 longo
1672 2892 1959 2949 intervallo
1987 2894 2286 2963 prodierit,
2326 2895 2589 2949 nrmnulla
2627 2905 2814 2952 nostra
2848 2900 3204 2956 excusatione
3221 2902 3553 2959 muniendas

282 2996 348 3050 ad
383 2994 694 3062 aequitatem
733 3000 879 3045 tuam
921 2990 1101 3045 aditus
1142 2989 1377 3043 videtur.
1415 2989 1530 3043 Erit
1566 2988 1657 3042 illa
1696 3003 1822 3043 vero
1862 2988 2172 3058 perfacilis,
2218 2989 2263 3043 si
2298 2988 2403 3043 hoc
2435 3005 2558 3042 eum
2604 2990 2788 3044 animo
2828 3000 2919 3045 tuo
2961 2993 3233 3048 aestimare
3270 2994 3548 3065 volueris,

283 3095 546 3156 quantum
577 3084 643 3138 ad
667 3084 743 3150 id,
778 3083 924 3152 quod
963 3084 1116 3137 initio
1152 3083 1530 3153 prtevideram,
1563 3091 1618 3137 et
1650 3084 1716 3137 ad
1761 3084 1907 3152 quod
1954 3092 2179 3153 paratus
2212 3098 2469 3137 veneram
2492 3124 2506 3145 ,
2542 3085 2696 3153 pensi
2730 3100 2794 3138 ac
2820 3086 3025 3142 laboris
3060 3090 3373 3143 accesserit.
3414 3088 3549 3145 Nam

279 3198 405 3238 cum
439 3181 675 3250 primum
706 3165 867 3234 'illud
914 3194 1051 3248 opus
1095 3180 1397 3241 amicorum
1442 3188 1657 3249 rogatu,
1698 3188 1752 3233 et
1795 3194 1985 3233 eorum
2013 3180 2105 3247 qui
2141 3178 2467 3232 auctoritate
2499 3187 2750 3247 poterant
2778 3179 2920 3251 apud
2950 3196 3034 3235 me
3068 3178 3385 3249 plurimum,
3418 3183 3548 3237 bor-

282 3285 395 3331 tatu
427 3275 637 3344 recepi;
673 3290 843 3330 unum
876 3274 1007 3327 illud
1046 3273 1397 3343 designabam
1423 3275 1626 3328 animo.
1654 3282 1714 3326 ut
1744 3283 1798 3328 et
1823 3272 2028 3327 Graecis
2044 3273 2335 3342 diligenter
2362 3275 2687 3338 emendatis,
2712 3284 2765 3329 et
2785 3275 2973 3330 Latina
3004 3275 3254 3331 Cornarii
3280 3277 3547 3348 interpre-

284 3364 486 3431 tatione
516 3364 799 3431 castigata,
827 3364 1142 3418 adnotarem
1171 3378 1235 3417 ea
1266 3362 1523 3425 breviter,
1556 3364 1754 3431 quibus
1791 3363 1859 3416 ad
1893 3364 2135 3416 auctoris
2164 3372 2400 3415 mentem
2447 3360 2849 3432 assequendam
2895 3366 3136 3434 adjuvari
3178 3381 3285 3421 non
3314 3367 3550 3437 imperiti

284 3451 523 3510 hominis
551 3453 818 3507 industria
842 3464 1047 3524 posset.
1083 3451 1153 3509 Ut
1198 3461 1377 3507 autem
1411 3451 1602 3506 Latine
1637 3453 2024 3521 interpretarer
2055 3451 2206 3520 ipse,
2238 3466 2416 3520 neque
2457 3453 2850 3507 constitueram
2896 3454 3148 3523 equidem
3170 3494 3184 3519 ,
3219 3470 3397 3524 neque
3434 3455 3554 3509 fore

283 3544 656 3600 necessarium
679 3544 1005 3598 arbitrabar.
1041 3545 1156 3598 liae
1182 3554 1289 3613 ego
1325 3558 1419 3613 spe
1445 3584 1460 3610 ,
1492 3543 1919 3612 conditioneque
1958 3557 2083 3597 cum
2115 3543 2258 3597 ultro
2294 3543 2443 3597 oneri
2478 3542 2555 3596 illi
2590 3547 2979 3601 successissem
3006 3587 3022 3612 ,
3050 3561 3286 3616 cumque
3320 3546 3463 3601 istud
3500 3560 3548 3602 et

282 3641 585 3695 atnieorum
615 3640 998 3710 praedicatione
1020 3681 1034 3706 ,
1071 3650 1123 3694 et
1161 3655 1279 3694 mea
1310 3654 1531 3710 quoque
1570 3638 1985 3694 denuntiatione
2029 3647 2309 3693 manasset
2360 3639 2600 3710 longius,
2629 3657 2793 3711 quam
2828 3654 2888 3695 ut
2923 3643 3291 3697 vadimonium
3325 3643 3557 3699 honeste

284 3744 500 3800 possem
536 3729 810 3794 deserere,
864 3745 987 3784 mox
1028 3730 1118 3783 ubi
1174 3730 1395 3783 tractari
1437 3739 1612 3798 coepta
1648 3744 1735 3784 res
1783 3739 1897 3793 est,
1938 3730 2059 3799 plus
2086 3731 2140 3784 in
2178 3746 2240 3785 ea
2276 3731 2478 3800 negotii
2508 3747 2670 3801 quam
2702 3734 2833 3787 mihi
2866 3734 3186 3802 pollicebar,
3228 3750 3351 3789 esse
3381 3736 3548 3788 situm

283 3821 664 3876 animadverti.
693 3820 987 3891 Postquam
1014 3821 1158 3875 enim
1189 3819 1443 3875 Cernarii
1475 3818 1669 3874 Latina
1697 3820 1989 3873 emendare
2013 3836 2132 3875 sum
2163 3820 2476 3890 ingressus;
2507 3822 2922 3892 periculumque
2956 3824 3308 3879 recensendis
3339 3824 3547 3894 aliquot

282 3914 496 3984 paginis
533 3913 656 3982 feci,
697 3913 909 3983 ecquid,
940 3913 1202 3967 mediocri
1265 3914 1446 3982 aliqua
1480 3912 1806 3967 tractatione
1845 3913 2113 3966 nitescere
2159 3928 2222 3967 ac
2263 3913 2519 3983 perpoliri
2552 3923 2769 3982 posset,
2795 3914 2955 3984 plena
2985 3930 3093 3969 non
3135 3917 3316 3971 solum
3343 3917 3548 3973 fastidii

282 4008 399 4063 visa
434 4024 524 4064 res
556 4017 658 4075 est,
691 4010 783 4063 sed
816 4008 977 4062 etiam
1005 4008 1288 4074 molestiae,
1316 4018 1367 4062 et
1409 4008 1688 4062 illiberalis
1717 4007 2004 4077 cujusdam
2034 4023 2209 4077 opera:
2242 4024 2304 4062 ac
2335 4009 2561 4062 laboris.
2598 4007 2673 4063 ita
2714 4009 2885 4063 multa
2928 4011 3371 4079 tum-demenda,
3396 4029 3546 4068 com-

284 4102 566 4168 mutanda,
600 4102 975 4171 interpolanda
1007 4101 1255 4167 fuerunt;
1294 4110 1351 4155 ut
1382 4115 1481 4170 ego
1515 4100 1855 4155 tolerabilius
1890 4115 2013 4155 esse
2046 4109 2364 4165 statuerem,
2396 4101 2557 4155 aliam
2593 4101 2659 4156 de
2689 4102 2923 4172 integro,
2973 4117 3037 4157 ac
3077 4118 3273 4157 novam
3313 4110 3547 4169 struere,

283 4213 447 4266 quam
482 4198 692 4265 alienae,
726 4197 1026 4268 praesertim
1071 4196 1336 4260 barbarae,
1378 4195 1709 4266 insulsaaquc
1744 4188 2042 4250 tectorium
2096 4196 2378 4251 inducere.
2421 4196 2576 4251 Cessi
2616 4198 2783 4266 igitur
2833 4198 3069 4263 imitus,
3097 4206 3263 4268 atque
3293 4199 3550 4257 haesitans

282 4294 428 4357 licet,
457 4306 511 4349 et
542 4296 596 4349 in
627 4297 730 4350 hoc
760 4310 849 4348 me
880 4293 1169 4363 pistrinum
1204 4291 1441 4354 detrudi,
1473 4292 1857 4362 compingique
1884 4308 2006 4346 sum
2034 4307 2268 4363 passus:
2302 4300 2362 4345 ut
2402 4308 2526 4346 eum
2566 4293 2888 4362 scriptorem
2911 4333 2926 4359 ,
2955 4310 3117 4363 quem
3144 4294 3548 4364 castigandum,

284 4397 343 4441 ut
373 4389 506 4450 dixi,
542 4396 704 4458 atque
736 4387 1042 4441 ornandum
1073 4384 1454 4440 tantummodo
1482 4398 1853 4453 Susceperam,
1884 4381 2078 4437 Latino
2116 4382 2339 4451 insuper
2373 4398 2628 4438 sermone
2661 4393 3057 4439 converterem.

365 4480 462 4535 Est
498 4481 628 4535 illud
660 4478 903 4550 profecto
934 4492 1104 4547 genus
1128 4475 1659 4545 interpretandorum
1680 4474 1955 4553 librorum
1990 4475 2119 4528 utile
2158 4475 2314 4529 bonis
2343 4475 2587 4542 artibus;
2612 4486 2665 4530 et
2693 4476 2839 4545 quod
2873 4477 3046 4546 major
3075 4494 3201 4547 pars
3235 4478 3421 4534 Graece
3452 4486 3549 4534 aut

280 4579 507 4632 omnino
542 4576 735 4640 nescit,
763 4586 857 4628 aut
884 4589 989 4627 non
1027 4574 1097 4625 ita
1137 4571 1262 4637 scit,
1290 4578 1350 4624 ut
1378 4570 1445 4625 iis
1487 4570 1818 4638 adjumentis
1843 4586 2028 4624 carere
2057 4570 2246 4639 possit,
2282 4570 2385 4624 hae
2429 4578 2587 4624 aetate
2632 4573 3022 4626 necessarium.
3062 4572 3166 4626 Sed
3198 4573 3337 4627 idem
3364 4582 3548 4626 tamen

282 4688 390 4727 non
427 4671 606 4727 solum
646 4670 877 4729 insuave
908 4682 1003 4736 per
1042 4681 1197 4729 sese;
1227 4680 1412 4718 verum
1442 4664 1886 4732 etiam,~_propter
1911 4678 2181 4718 summam
2214 4663 2320 4718 hoc
2355 4672 2600 4733 tempore
2651 4666 2991 4720 obtrectandi
3032 4667 3432 4735 impunitatem,
3478 4682 3543 4721 ac

281 4767 574 4829 licentiam,
606 4762 904 4820 sollicitum
935 4774 998 4813 ac
1034 4758 1325 4811 lubricum.
1368 4755 1640 4821 Quoniam
1674 4755 1893 4825 quidem
1930 4765 2074 4809 recte
2105 4754 2248 4809 facto
2270 4795 2284 4819 ,
2328 4755 2620 4810 mediocris
2665 4758 3021 4826 approbatio;
3051 4768 3253 4819 errato,
3281 4757 3402 4813 sine
3428 4758 3540 4812 ulla

282 4860 455 4923 veuia,
489 4859 804 4919 vehemens,
841 4862 892 4908 et
926 4862 1084 4907 atrox
1111 4849 1466 4918 reprehensio
1495 4848 1838 4918 proponitur.
1876 4847 1932 4901 Id
1961 4849 2098 4902 adeo
2132 4857 2407 4904 certorum
2449 4849 2732 4904 hominum
2764 4850 3173 4919 importunitate
3195 4860 3248 4904 et
3281 4851 3541 4907 inhuma-

280 4950 449 5003 nitate
474 4948 531 5003 ﬁt
562 4967 575 5001 ε
601 4949 690 5017 qui
719 4962 842 5002 cum
874 4946 975 5015 ipsi
1009 4943 1129 4997 sine
1161 4956 1346 4995 errore
1378 4941 1515 4995 nihil
1546 4940 1825 5007 scribant,
1868 4957 2045 5010 neque
2083 4957 2141 4997 se
2163 4956 2191 4995 a
2221 4929 2499 5012 quoquam
2533 4942 2782 5012 redargui
2818 4944 3118 5013 patiuntur,
3145 4953 3199 5000 et
3233 4946 3336 4998 hoc
3367 4947 3545 5015 ipsum

281 5046 460 5092 tamen
498 5037 781 5107 tyrannico
824 5035 925 5089 sibi
961 5032 1087 5103 jure
1138 5033 1189 5085 in
1243 5039 1466 5085 caeteros
1508 5039 1796 5100 usurpant.
1832 5030 1927 5085 Est
1958 5040 2137 5084 autem
2183 5031 2235 5083 in
2269 5029 2473 5086 Graecis
2496 5030 2749 5087 Latinam
2788 5033 2841 5086 in
2877 5033 3118 5102 linguam
3150 5034 3546 5092 transferendis

280 5128 492 5196 lapsum
533 5140 597 5178 ac
614 5125 1093 5195 reprehensionem
1126 5124 1331 5175 evitare
1362 5121 1598 5183 dillicile,
1632 5129 1919 5189 propterea
1961 5120 2108 5190 quod
2142 5137 2302 5175 nemo
2328 5132 2413 5178 est
2442 5123 2514 5177 ita
2558 5125 2883 5178 necessariis
2933 5125 2998 5177 ad
3031 5123 3081 5177 id
3114 5140 3316 5179 munus
3348 5130 3543 5196 praesi-

281 5216 758 5279 diisxinstructus;
791 5214 882 5281 qui
937 5225 1031 5267 aut
1084 5212 1302 5267 Gt'u'cos
1348 5225 1540 5264 omnes
1573 5220 1828 5264 auctores
1865 5210 2074 5279 legerit,
2107 5221 2202 5264 aut
2241 5212 2567 5267 immensam
2596 5212 2703 5266 vim
2739 5208 2953 5267 artium'
2976 5216 3221 5270 omnium
3244 5256 3257 5279 ,
3285 5228 3336 5271 et
3368 5233 3545 5275 mate-

283 5309 450 5372 riam;
482 5318 713 5375 quarum
746 5318 811 5357 ex
843 5303 1068 5358 scientia
1098 5303 1456 5364 etnon-escere,
1489 5316 1553 5355 ac
1583 5300 1888 5356 redundare
1915 5301 2075 5355 debet
2102 5301 2509 5372 interpretatio,
2554 5320 2655 5358 usu
2703 5313 2758 5357 et
2794 5307 3053 5360 memoria
3092 5308 3540 5377 comprehendat.

279 5398 413 5462 Quis
435 5406 513 5452 est
545 5396 691 5450 enim
720 5394 814 5465 qui
858 5394 1068 5449 divinas
1105 5395 1482 5463 humanasque
1523 5393 1877 5462 disciplinas,
1919 5394 2013 5463 qui
2057 5394 2341 5464 theologia:
2365 5436 2379 5461 ,
2415 5398 2778 5467 philosophiae
2817 5414 2882 5453 ac
2920 5400 3317 5454 mathematum
3359 5414 3543 5471 partes

278 5493 503 5554 omnes;
540 5490 631 5559 qui
657 5489 795 5559 juris
823 5503 886 5542 ac
921 5487 1226 5554 medicinae,
1258 5491 1351 5558 qui
1376 5489 1621 5543 minutas
1649 5488 1886 5558 denique
1908 5499 2054 5544 artes
2076 5489 2158 5544 vel
2192 5505 2334 5546 unus
2363 5493 2655 5547 exhaurire
2676 5494 2932 5562 potuerit,
2968 5494 3051 5549 vel
3086 5494 3351 5549 inlinitam
3379 5512 3540 5553 voea-

277 5578 551 5646 bulorum,
580 5596 701 5651 quae
722 5580 919 5649 cuique
945 5580 1160 5649 prepria
1194 5593 1352 5647 sunt,
1383 5581 1574 5635 silvam
1606 5580 2040 5651 varietatemque
2074 5584 2347 5639 serutari?
2381 5584 2541 5654 Atqui
2567 5600 2690 5641 cum
2723 5584 2811 5638 illa
2843 5585 3044 5655 passim
3071 5585 3386 5642 Graecorum
3417 5604 3541 5644 mo—
