3808 6116
308 329 368 384 17
1727 318 2119 391 Pii/EFATIO.
3476 322 3544 380 ιδ

308 448 564 507 uimentis
598 463 816 522 aspersa
856 458 1024 507 sont:
1061 459 1172 507 tum
1194 454 1509 509 eorumdem
1542 455 1754 509 inscitia
1789 471 2181 526 nonnunquam
2216 453 2542 509 hallucinari
2571 451 2920 523 interpretem
2960 466 3058 521 par
3096 456 3209 512 est,
3236 454 3289 502 et
3315 446 3382 501 ab
3403 446 3547 500 illius

300 545 435 599 artis
461 546 670 616 peritis,
705 556 892 601 contra
918 563 1081 617 quam
1108 549 1465 605 commissum
1511 549 1714 619 aliquid
1745 548 1930 613 fuerit,
1962 550 2093 604 vitia
2126 550 2243 619 ipsa
2283 547 2635 617 deprehendi.
2663 543 2767 599 Sed
2808 553 2993 597 mutua
3026 541 3129 595 ista
3158 536 3442 606 castigatio
3464 551 3548 588 cr-

297 636 462 703 roris,
487 646 540 691 et
565 638 965 695 animadversio
996 642 1290 695 maximam
1323 641 1473 696 all'ert
1510 643 1892 697 communibus
1923 643 2116 696 litteris
2143 641 2431 695 utilitatem
2462 657 2473 691 :
2506 653 2570 691 ac
2600 650 2665 690 ne
2690 635 2738 687 ei
2769 633 2988 703 quidem
3015 670 3029 693 ,
3060 630 3151 698 qui
3182 626 3461 684 erraverit.
3502 622 3547 676 si

297 743 360 785 se
395 730 668 785 hominem
715 741 901 786 natum
941 746 1064 787 esse
1092 734 1429 799 recordetur,
1466 734 1655 789 odiosa
1689 734 1859 789 videri
1889 735 1970 788 vel
1999 735 2184 803 iniqua
2209 732 2399 805 debet.
2430 728 2606 799 Movet
2640 741 2766 780 vero
2796 726 3114 793 pleresque,
3148 729 3309 787 atque
3344 716 3412 770 ab
3449 717 3546 767 hac

294 820 511 897 publice
534 822 913 876 commodandi
939 825 1149 878 ratione
1196 825 1454 888 deterret,
1506 839 1616 879 non
1646 825 1996 894 reprehensio
2029 824 2237 879 erroris
2266 823 2381 891 ipsa
2405 861 2420 884 ,
2450 820 2543 874 sed
2574 814 2872 872 insnltandi
2910 815 2962 866 in
2995 810 3165 865 aliena
3194 809 3350 875 culpa
3380 806 3546 858 libido

295 912 541 981 quaedam
575 914 826 981 petulans
850 922 925 967 ‘ac
948 929 1171 983 procax,
1203 930 1323 984 qua:
1348 924 1624 985 utcunque
1655 916 1740 970 vel
1767 916 2041 970 levissima
2093 914 2147 968 in
2175 928 2233 967 re
2265 912 2553 967 titubatum
2590 907 2730 976 erit;
2762 911 2806 961 sl
2835 904 2995 959 unius
3026 899 3228 953 voculae
3260 898 3339 950 vis
3366 910 3427 949 ac
3455 910 3546 962 pa-

295 1015 466 1062 testas
496 1008 841 1079 interpretem
878 1008 1096 1080 fugerit,
1129 1012 1208 1065 sic
1253 1013 1411 1080 quasi
1444 1012 1577 1081 reip.
1609 1012 1759 1066 salus
1795 1021 2007 1082 agatur,
2048 1026 2162 1065 rem
2231 1010 2299 1064 ah
2329 1010 2560 1062 honesta
2604 1002 2946 1060 contentione
2977 998 3045 1053 ad
3077 993 3367 1050 illiberales
3402 991 3546 1082 risus

292 1108 349 1150 et
385 1078 657 1163 sordidas,
688 1099 754 1154 ad
804 1078 1135 1156 foedissimas
1191 1078 1711 1170 simultatespatque
1759 1078 1855 1154 adv
1872 1116 2228 1170 personarum
2270 1099 2501 1168 injurias
2541 1092 3008 1160 contumeliasque
3035 1084 3388 1147 transferunt.
3423 1078 3546 1131 “.i‘tt

290 1188 459 1258 igitur
492 1189 608 1258 ipsa
664 1190 822 1245 fama:
874 1190 1207 1261 honorisque
1238 1195 1513 1263 pr0posita
1547 1194 1831 1249 dimicatio
1870 1195 2083 1263 quietos
2120 1202 2174 1247 et
2218 1192 2529 1247 moderatos
2564 1187 2847 1248 homines,
2884 1181 2975 1251 qui
3017 1177 3335 1234 nonnullum
3365 1184 3542 1227 tamen

289 1282 347 1335 in
405 1284 620 1352 publica
665 1285 769 1339 sibi
803 1287 1273 1341 commendatione
1318 1288 1567 1342 laborum
1602 1287 1840 1343 fructum
1873 1289 2252 1349 constituunt,
2300 1285 2555 1354 defugere
2590 1294 2807 1351 operam
2855 1278 3001 1331 illam
3045 1272 3300 1326 admonet
3332 1266 3541 1337 potius,

289 1387 457 1439 quam
485 1389 611 1430 cum
658 1378 873 1433 aeribus
920 1391 972 1434 et
1002 1381 1343 1449 pugnacibus
1374 1381 1736 1444 adversariis,
1770 1390 1823 1435 et
1853 1382 1919 1435 ad
1952 1380 2159 1450 quaevis
2188 1377 2416 1433 dicenda
2450 1374 2827 1441 audiendaque
2861 1362 3224 1439 paratissimis
3258 1362 3312 1414 in
3342 1357 3545 1429 puerile

287 1473 567 1521 certamen
600 1468 948 1529 descendere.
977 1473 1105 1526 Mihi
1136 1489 1285 1538 vero,
1314 1491 1478 1544 quem
1528 1475 1594 1529 ad
1626 1476 1920 1531 sublimius
1948 1474 2205 1546 quiddam
2237 1482 2292 1527 et
2330 1471 2569 1526 divinius
2599 1468 2833 1538 cogitata
2869 1461 3051 1519 omnia
3096 1456 3426 1523 consiliaque
3461 1466 3545 1505 re-

290 1552 453 1639 ferre,
510 1573 772 1631 suscepta
818 1566 941 1619 vita:
971 1567 1210 1621 rationes
1244 1568 1551 1631 hortantur,
1603 1579 1769 1639 atque
1811 1571 1926 1625 haec
1956 1569 2382 1623 vanissimorum
2423 1576 2476 1620 et
2517 1563 2981 1635 ineptissimorum
3015 1554 3299 1611 hominum
3342 1547 3544 1619 judicia

288 1636 659 1716 contemnere,
697 1666 795 1705 cur
816 1651 1107 1723 Epiphanii
1143 1656 1640 1726 interpretationem
1675 1636 1894 1714 vererer
1926 1660 2231 1728 attingere,
2264 1672 2437 1721 causa
2477 1657 2531 1710 in
2555 1653 2746 1725 primis
2791 1652 2893 1706 ista
2923 1648 3020 1703 fuit
3048 1664 3061 1701 :
3088 1642 3232 1715 quod
3264 1655 3390 1696 cum
3427 1640 3544 1691 len-

288 1743 406 1787 tum
434 1752 499 1792 ac
526 1738 843 1812 diuturnum
882 1743 998 1799 fore
1024 1747 1300 1815 negOtium
1330 1748 1464 1802 illud
1492 1749 1981 1804 animadverterem
2004 1790 2016 1813 ,
2056 1749 2391 1804 tantumdem
2429 1743 2900 1817 praestantioribus
2930 1738 3126 1795 studiis
3150 1736 3452 1790 detractum
3480 1729 3545 1783 iri

289 1828 550 1894 temporis
578 1844 880 1899 cernerem,
910 1846 1173 1905 quantum
1210 1838 1264 1892 in
1295 1854 1415 1893 eam
1449 1842 1864 1909 occupationem
1886 1850 2031 1898 esset
2074 1844 2430 1911 insumptum.
2466 1838 2770 1894 Accedebat
2800 1836 2866 1890 ad
2899 1845 3244 1889 communem
3284 1828 3546 1897 interpre-

285 1917 439 1971 tandi
475 1921 775 1978 molestiam
807 1929 1078 1998 praecipua
1108 1932 1352 2000 quaedam
1384 1935 1439 1987 in
1460 1933 1554 1987 illo
1584 1934 1847 2004 scriptore
1872 1934 2157 1989 difﬁcultas
2185 1953 2197 1987 ε
2226 1934 2369 2003 quod
2395 1934 2668 2001 incompta
2696 1942 2747 1984 ct
2772 1928 3046 1984 salebrosa
3078 1935 3159 1979 est
3179 1922 3326 1976 illius
3347 1918 3543 1975 oratio.

283 2020 342 2062 et
387 2012 441 2065 in
493 2030 600 2084 qua
651 2016 1094 2091 frequentissime
1148 2037 1444 2082 occurrunt
1474 2028 1600 2093 illa,
1635 2044 1757 2098 quae

2038 2029 2331 2092 ναπόδοτα,
2380 2037 2432 2081 et
2478 2025 2811 2080 ἀνακόλουθα
2843 2021 3128 2077 nominant
3164 2035 3177 2070 :
3210 2015 3542 2085 pedestrem:

286 2103 549 2170 populare
600 2108 815 2166 dicendi
857 2128 1047 2183 genus.
1109 2116 1264 2183 Quod
1297 2119 1408 2174 sive
1459 2121 1577 2190 pari
1621 2123 1893 2176 sermonis
1936 2121 2286 2190 simplicitate
2330 2119 2592 2188 consequi
2640 2114 2904 2179 solueris,
2940 2113 3261 2178 subagreste
3283 2104 3541 2176 quiddam

286 2194 514 2250 exsistet
547 2213 611 2253 ac
641 2202 886 2269 putidum
920 2224 932 2257 :
966 2207 1272 2275 cujusmodi
1304 2218 1431 2263 sunt
1453 2210 1643 2264 Latina
1674 2209 1784 2265 fere
1807 2212 2055 2265 Cornarii
2079 2251 2093 2273 ,
2121 2209 2279 2278 cujus
2310 2225 2410 2263 nos
2436 2209 2623 2274 utique
2645 2206 2857 2262 similes
2885 2216 3008 2256 esse
3038 2199 3298 2253 nolimus.
3333 2195 3427 2248 Sin
3451 2207 3543 2245 or-

287 2298 476 2342 natum
524 2301 688 2361 atque
735 2296 941 2351 cultum
995 2299 1278 2367 adhibeas,
1317 2302 1370 2355 id
1417 2304 1535 2357 sine
1569 2320 1764 2373 magna
1809 2306 2203 2361 sententiarum
2243 2306 2670 2358 commutatione
2713 2301 2961 2355 obtinere
3001 2298 3085 2351 vix
3134 2295 3333 2365 possis.
3361 2292 3542 2346 Altera

289 2391 458 2431 causa
489 2389 574 2434 est
609 2383 752 2451 quod
781 2385 943 2440 iidem
975 2388 1051 2442 illi
1083 2388 1368 2459 Epiphanii
1397 2392 1522 2447 libri
1546 2394 1760 2449 mendis
1786 2410 1852 2450 ac
1885 2396 2115 2450 maculis
2147 2404 2357 2449 scatent
2385 2394 2685 2449 innumeris
2718 2411 2729 2444 :
2758 2407 2878 2461 quae
2908 2406 3013 2443 non
3054 2388 3212 2442 modo
3243 2385 3544 2455 infringunt

283 2465 601 2535 interpretis
634 2481 912 2542 conatum,
950 2478 1042 2532 sed
1070 2479 1138 2533 ad
1179 2480 1545 2537 divinationes
1576 2499 1639 2538 ac
1673 2485 1993 2539 temerarias
2036 2484 2308 2539 interdum
2338 2484 2686 2554 conjecturas
2718 2483 2945 2551 adigunt
2975 2497 2988 2532 :
3013 2480 3142 2532 dum
3177 2492 3245 2531 ne
3276 2489 3540 2545 suspensa

281 2571 351 2609 ac
389 2559 576 2613 mutila
612 2566 876 2621 sententia
910 2568 1267 2638 relinquatur,
1330 2575 1581 2643 supplere
1615 2576 1780 2630 multa
1815 2577 1882 2631 de
1907 2591 2029 2640 suo,
2066 2584 2161 2631 aut
2184 2575 2341 2631 aliter
2379 2586 2543 2646 atque
2577 2576 2720 2629 edita
2747 2583 2908 2637 sunt,
2937 2572 3284 2625 conformare
3304 2567 3538 2637 cogitur.

283 2648 344 2700 ln
380 2665 489 2717 quo
519 2660 575 2706 ut
605 2664 901 2717 acute,non
928 2675 1098 2728 pauca
1130 2672 1183 2717 et
1212 2664 1441 2719 solerter
1466 2664 1724 2728 inveniat,
1765 2665 1979 2719 aberret
2013 2673 2191 2720 tamen
2224 2665 2522 2730 interdum,
2548 2678 2714 2733 seque
2750 2658 3227 2716 criminationibus
3263 2660 3493 2713 istorum
3519 2697 3534 2721 ,

280 2754 424 2807 ίιυοε
457 2741 565 2796 dm
588 2782 604 2808 υ
639 2757 692 2800 et
723 2748 1014 2804 calumniis
1063 2754 1303 2822 objiciat.
1337 2754 1475 2810 Vicit
1502 2756 1859 2810 nihilominus
1885 2758 2125 2825 privatas
2158 2760 2397 2813 rationes
2419 2758 2557 2811 bene
2584 2757 2649 2810 de
2681 2763 2734 2808 te
2757 2794 2772 2819 ,
2805 2752 3072 2808 catholico
3113 2750 3338 2814 Lector,
3369 2748 3542 2817 deque

282 2830 542 2890 Ez-clesia‘.
576 2851 745 2893 causa
799 2846 1042 2899 tnercndi
1075 2848 1334 2903 studium.
1394 2848 1725 2913 Vicitnovae,
1755 2850 2082 2920 jampridem
2112 2868 2142 2906 a
2179 2867 2266 2907 me
2301 2853 2429 2907 data
2470 2850 2603 2905 fides
2636 2849 2917 2913 editionis,
2950 2862 3014 2902 ac
3039 2844 3298 2915 promissi
3329 2844 3538 2913 religio.

280 2926 425 2982 Nam
455 2937 509 2983 et
543 2940 630 2986 tua
662 2943 822 3003 atque
852 2935 1103 2992 Ecclesia:
1147 2942 1455 2995 communis
1496 2941 1752 2995 intererat
1777 2979 1791 3003 ,
1841 2956 1978 3010 opus
2022 2943 2186 3006 illud,
2214 2943 2358 3012 quod
2389 2940 2773 2997 addiluendas
2800 2939 3034 2992 hmreses
3077 2952 3106 2990 a
3136 2934 3457 3006 gravissimo
3487 2946 3539 2988 et

278 3020 633 3075 sanctissimo
664 3022 824 3087 Patre
846 3025 1047 3084 Graecis
1093 3038 1177 3085 est
1202 3031 1406 3086 editum
1432 3072 1447 3094 ,
1485 3032 1786 3101 quemlibet
1817 3034 1997 3103 potius
2033 3034 2387 3103 interpretem
2417 3034 2618 3088 habere
2659 3046 2826 3101 quam
2859 3028 3176 3084 haereticum
3209 3044 3221 3079 :
3255 3035 3303 3080 et
3344 3027 3409 3080 ad
3433 3026 3526 3079 ἰου-

280 3110 457 3165 ventis
489 3112 741 3169 editionis
771 3116 1121 3185 splendorem
1157 3118 1439 3185 attinebat,
1472 3124 1813 3177 commodius
1840 3123 2119 3191 aliquanto
2145 3161 2160 3186 ,
2202 3121 2387 3176 minus
2415 3129 2559 3176 certe
2579 3118 2811 3173 barbare
2839 3126 2893 3172 et
2918 3116 3204 3185 iniquitate
3229 3115 3535 3184 loquentem

277 3200 669 3271 Epiphaniam,
710 3206 1174 3268 Latinis‘auribus
1202 3229 1310 3268 non
1341 3223 1598 3284 suspecto
1626 3216 1694 3269 ab
1735 3224 1957 3270 auctore
1982 3215 2272 3269 committi.

356 3294 537 3353 Habes
558 3315 675 3367 qua:
707 3300 840 3354 mihi
879 3318 1060 3357 causa:
1086 3302 1359 3357 tarditatis
1388 3302 1593 3357 fuerint
1623 3322 1636 3356 ε
1674 3317 1947 3373 ceguosce
1983 3321 2128 3360 nunc
2159 3315 2377 3359 caetera.
2413 3302 2777 3372 Epipltanium
2811 3302 2906 3356 tibi
2950 3300 3146 3354 damus
3191 3299 3399 3368 integra
3432 3298 3537 3365 pri—

277 3402 434 3441 mum
462 3389 564 3443 llde
589 3405 652 3443 ex
682 3392 908 3447 vetustis
940 3393 1240 3457 codicibus,
1280 3395 1458 3463 quoad
1488 3393 1662 3458 licuit,
1689 3396 2011 3464 castigatum
2050 3411 2114 3451 ac
2143 3395 2495 3449 recensitum.
2525 3392 2731 3448 llorum
2773 3394 3025 3463 princeps
3066 3389 3362 3444 Vaticanus
3394 3386 3493 3441 fuit
3522 3408 3531 3440 :

277 3479 444 3548 cujus
491 3479 735 3537 diversas
772 3484 1034 3541 lectiones
1068 3485 1254 3541 Romae
1286 3487 1414 3541 olim
1459 3502 1490 3541 a
1536 3502 1593 3541 se
1624 3487 1880 3543 collectas
1916 3488 1983 3544 Β.
2022 3487 2083 3541 Ρ.
2121 3488 2368 3542 Andreas
2398 3487 2691 3550 Sehottus,
2731 3486 2845 3556 pari
2883 3486 2966 3540 vir
2999 3483 3337 3539 humanitate
3375 3489 3536 3549 atque

275 3571 591 3627 eruditione
624 3574 879 3643 praeditus
930 3576 996 3631 ad
1044 3592 1132 3631 me
1169 3586 1361 3647 sponte
1390 3580 1559 3651 misit.
1606 3580 1679 3633 Ex
1708 3595 1817 3648 quo
1857 3581 2125 3650 permulta
2157 3590 2285 3636 sunt
2322 3596 2350 3639 a
2379 3581 2537 3635 nobis
2560 3589 2864 3650 opportune
2888 3578 3159 3632 restituta.
3200 3574 3445 3630 Accessit
3473 3588 3534 3628 ex

276 3660 612 3718 bibliotheca
642 3666 785 3734 regis
825 3664 1284 3723 Christianissimi
1315 3669 1670 3740 depromptus
1716 3671 1852 3724 alter
1874 3710 1888 3734 ,
1919 3685 2030 3739 quo
2063 3687 2186 3725 cum
2223 3671 2590 3727 Basileensem
2624 3670 2725 3740 ipsi
2750 3668 3106 3725 contulimus.
3138 3663 3214 3719 Ex
3252 3665 3534 3718 amborum

188 3787 193 3790 ο
277 3753 624 3821 auctoritate,
668 3757 716 3811 si
772 3758 901 3827 quid
936 3759 993 3813 in
1051 3767 1310 3814 contextu
1353 3760 1472 3828 ipso
1502 3770 1771 3815 mutatum
1816 3764 2077 3832 reperies,
2102 3764 2241 3819 scito
2269 3780 2391 3819 esse
2416 3763 2737 3833 profectum.
2778 3759 3006 3830 Reliqua
3030 3800 3044 3824 ,
3074 3774 3195 3829 quae
3232 3772 3298 3811 ex
3328 3754 3534 3825 judicio

275 3846 574 3900 emendare
618 3845 773 3902 facile
797 3848 1092 3916 potuimus,
1123 3859 1243 3905 utut
1268 3860 1422 3906 erant
1451 3853 1505 3906 in
1534 3851 1852 3917 Basileensi,
1885 3854 2210 3924 reliquimus
2240 3874 2252 3909 :
2288 3864 2451 3923 atque
2489 3854 2555 3909 ad
2583 3869 2736 3909 oram
2766 3853 2886 3908 fere
2904 3851 3226 3921 paginarum
3260 3847 3528 3918 eonjectu-

276 3946 398 3989 ram
439 3945 678 3990 nostram
711 3935 1087 4007 ascripsimus,
1126 3940 1374 4011 quadam
1408 3943 1462 3996 in
1509 3943 2011 4000 animadversiones
2057 3945 2409 4014 conjecimus.
2450 3946 2581 3998 Nam
2609 3953 2663 3998 et
2698 3938 3488 3998 animadversionibusnostris
3513 3980 3526 4000 ,

280 4029 391 4081 hoc
426 4036 512 4083 est
535 4028 873 4097 plenioribus
930 4031 1077 4087 notis
1110 4048 1174 4087 ac
1203 4047 1373 4103 prope
1402 4037 1835 4101 commentariis,
1872 4035 2238 4107 Epiphanium
2269 4036 2621 4091 illustriorem
2654 4034 3013 4090 reddidimus.
3049 4032 3107 4086 ln
3130 4031 3331 4102 quibus
3356 4046 3531 4098 quan-

277 4131 401 4175 tum
442 4136 472 4175 a
500 4137 585 4177 me
622 4124 692 4178 sit
719 4124 1081 4188 elaboratum,
1123 4134 1387 4195 quantum
1414 4143 1482 4181 ex
1523 4128 1844 4186 melioribus
1873 4130 2179 4186 derivatum
2203 4130 2423 4194 studiis,
2462 4145 2530 4183 ex
2565 4143 2622 4183 re
2651 4126 2767 4197 ipsa
2804 4125 3021 4181 facilius
3048 4138 3213 4195 quam
3250 4136 3370 4177 mea
3404 4137 3532 4175 ora—

277 4213 432 4265 tione
481 4214 799 4284 perspicies.
848 4216 984 4270 lllud
1028 4216 1249 4285 quidem
1302 4219 1696 4287 providendum
1726 4222 2004 4288 duximus,
2052 4233 2111 4276 ut
2138 4237 2222 4297 ‘ne
2250 4222 2415 4276 aridae
2440 4236 2504 4275 ac
2532 4221 2736 4290 jejunae
2755 4219 2922 4274 nimis
2945 4229 3151 4281 essent,
3180 4223 3235 4270 et
3257 4213 3525 4267 variarum

277 4300 576 4356 lectionum
606 4306 775 4361 exiles
802 4307 1048 4376 quasdam
1079 4315 1257 4361 notae:
1288 4308 1382 4363 sed
1418 4309 1461 4362 si
1484 4310 1627 4379 quod
1671 4311 1894 4366 uberius
1921 4312 2063 4381 apud
2089 4311 2451 4380 Epiphanium
2478 4318 2622 4365 esset
2661 4315 3082 4379 argumentum;
3111 4304 3158 4360 si
3191 4317 3298 4372 qua
3333 4300 3520 4370 paulu'

278 4390 395 4443 lum
426 4391 658 4462 insignis
689 4397 943 4464 quaestio,
978 4396 1136 4465 cujus
1165 4396 1453 4452 dilIicultas
1482 4414 1607 4453 cum
1644 4399 1876 4455 utilitate
1904 4408 2167 4465 certaret,
2206 4414 2270 4453 ca
2298 4405 2407 4454 ‘nos
2448 4412 2545 4467 pro
2578 4412 2678 4451 usu
2710 4406 2977 4466 captuque
3001 4402 3187 4448 nostro
3215 4390 3439 4445 liberius
3466 4404 3528 4442 ac

275 4484 536 4541 diffusius
567 4490 935 4545 tractavimus.
958 4488 1078 4556 Quo
1112 4491 1165 4544 in
1198 4507 1393 4560 genere
1428 4494 1594 4547 multa
1624 4492 1734 4547 illic
1760 4495 1926 4549 habes
1955 4493 2023 4550 de
2042 4493 2251 4550 Natalis
2274 4495 2477 4549 Christi
2508 4502 2562 4547 et
2601 4490 2876 4547 Passionis
2908 4504 3051 4544 anno
3077 4502 3143 4542 ac
3177 4487 3263 4541 die
3295 4486 3397 4539 :de
3424 4482 3527 4535 Pa-

277 4578 453 4633 schali
481 4594 686 4645 mense,
712 4582 778 4636 de
795 4579 1106 4636 Iudaeorum
1131 4583 1305 4653 cyclo,
1340 4583 1405 4638 de
1432 4584 1655 4653 antiquo
1685 4587 2016 4656 paenitentiae
2056 4587 2186 4652 ritu,
2210 4586 2277 4640 de
2299 4584 2585 4639 Sirmiensi
2610 4592 2665 4637 et
2690 4584 2981 4652 Ancyrano
3009 4576 3279 4638 conciliis,
3301 4576 3369 4630 de
3391 4591 3525 4629 non-

278 4672 448 4727 nullis
489 4673 687 4729 veteris
721 4672 974 4729 Ecclesia:
1002 4675 1266 4742 moribus,
1299 4674 1365 4729 de
1405 4675 1774 4732 Romanorum
1802 4679 2048 4748 imperat.
2073 4676 2426 4745 ehronologia
2445 4717 2460 4741 ,
2485 4682 2539 4728 et
2572 4675 2620 4728 id
2651 4688 2822 4743 genus
2846 4671 2967 4725 aliis
2994 4669 3278 4740 explicata.
3308 4666 3439 4733 Quae
3480 4684 3523 4724 si

276 4764 531 4832 longiora
563 4763 907 4828 videbuntur,
952 4764 1076 4819 licet
1103 4765 1563 4834 disputationibus
1583 4769 1714 4824 iisce
1745 4769 2050 4837 praeteritis,
2080 4783 2313 4837 quarum
2342 4767 2546 4822 ideirco
2578 4766 2789 4821 titulum
2817 4764 3133 4835 paginarum
3163 4761 3333 4815 initiis
3355 4762 3523 4814 ascri-

277 4855 514 4924 psimus,
563 4872 626 4911 ea
669 4857 921 4929 deligere,
957 4874 1077 4928 qua:
1138 4859 1201 4911 ad
1258 4858 1616 4928 Epiphanium
1678 4861 1795 4915 sine
1845 4859 2141 4915 offensione
2184 4860 2606 4929 percurrendum
2643 4857 2951 4913 necessario
2986 4853 3341 4925 praecipienda
3374 4864 3520 4914 sunt,

276 4948 604 5018 Quanquam
634 4951 901 5019 ejusmodi
928 4951 1042 5007 fere
1067 4948 1155 5005 illa
1191 4953 1314 5007 esse
1344 4968 1661 5022 cognosces,
1700 4965 1757 5008 ut
1782 4971 2177 5024 supervacanea
2208 4965 2301 5009 aut
2338 4954 2515 5008 alieno
2551 4952 2726 5022 posita
2762 4950 2881 5005 loco
2920 4946 3092 5001 videri
3128 4954 3415 5014 nequeant.
3446 4946 3520 4998 lia

280 5042 607 5111 plerumque
630 5044 942 5111 perplexum
972 5053 1135 5112 atque
1163 5058 1361 5113 anceps
1384 5053 1486 5109 est,
1513 5045 1657 5114 quod
1679 5045 1748 5099 ab
1796 5046 2097 5115 Epiphanio
2127 5046 2468 5116 proponitur,
2499 5051 2900 5113 argumentum,
2937 5046 2993 5091 ut
3021 5036 3088 5091 ad
3114 5036 3525 5107 intelligentiam

278 5134 366 5188 sui
398 5134 678 5203 aliquanto
711 5135 871 5190 etiam
906 5135 1061 5205 plura
1095 5151 1260 5205 quam
1291 5151 1318 5189 a
1357 5136 1512 5191 nobis
1536 5146 1664 5192 sunt
1691 5140 1853 5194 allata
1889 5140 2178 5195 desideret.

353 5224 490 5279 illud
520 5241 647 5279 vero
678 5235 954 5295 postremo
987 5228 1051 5280 ad
1077 5224 1362 5295 Epiphanii
1392 5228 1768 5282 tractationem
1798 5230 2147 5284 commodum
2179 5228 2442 5291 accessit,
2471 5235 2548 5288 ut,
2580 5224 2839 5294 quoniam
2884 5222 3157 5292 longiores
3183 5221 3521 5290 singularum

282 5317 552 5371 haeresum
587 5316 983 5386 disputationes
1011 5328 1159 5383 sunt,
1178 5333 1242 5373 ac
1274 5327 1531 5389 perpetuo
1565 5334 1726 5374 cursu
1764 5320 2048 5382 orationis,
2112 5321 2229 5375 sine
2280 5319 2387 5372 ulla
2437 5314 2874 5384 inici-spiratione
2902 5329 2966 5368 ac
3008 5313 3356 5368 distinctione
3389 5327 3519 5364 con-

280 5417 469 5472 textm,
494 5417 672 5463 certas
703 5408 757 5462 in
782 5417 982 5478 partes,
1008 5424 1072 5465 ac
1096 5409 1258 5464 veluti
1294 5410 1468 5479 capita
1506 5410 1751 5465 haeresim
1784 5426 2223 5481 unamquamque
2253 5410 2611 5463 tribueremus
2645 5425 2657 5460 :
2690 5409 2889 5477 quibus
2920 5407 3237 5461 numerales.
3264 5405 3333 5459 ad
3364 5420 3529 5458 erant

280 5509 445 5553 notas
494 5499 863 5568 apposuimus.
917 5499 1049 5566 Quae
1088 5517 1175 5556 res
1212 5516 1315 5554 non
1365 5501 1655 5569 legentiqu
1686 5503 1859 5556 solum
1894 5503 2169 5558 fastidium
2202 5502 2522 5565 sublevabit,
2553 5500 2645 5555 sed
2676 5499 2743 5554 ad
2775 5501 2989 5555 citanda
3017 5498 3325 5555 testimonia
3356 5512 3512 5551 cuin-

284 5590 478 5660 primis
509 5590 614 5645 erit
661 5590 927 5658 expedita.
962 5588 1096 5643 Nam
1132 5591 1344 5660 quoties
1373 5607 1437 5644 ex
1477 5590 1656 5658 aliqua
1686 5589 1967 5661 Epiphanii
2000 5591 2202 5646 llaeresi
2239 5600 2534 5646 auctoritas
2558 5590 2907 5660 producitur,
2936 5592 2980 5645 si
3017 5590 3192 5655 illam,
3226 5588 3300 5642 uti
3325 5587 3402 5652 lit,
3428 5601 3515 5639 re—

283 5700 334 5736 ci
358 5698 623 5752 gnoscere
648 5684 905 5747 volueris,
938 5692 1047 5738 tota
1079 5684 1195 5741 tibi.
1230 5699 1350 5752 qua:
1377 5698 1764 5752 nonnunquam
1799 5695 1879 5740 est
1914 5686 2198 5750 immensa,
2232 5684 2590 5754 prrvolretida
2627 5683 2920 5752 disputatio
2954 5692 3053 5735 est.
3086 5680 3238 5735 Nunc
3265 5688 3511 5735 notarum
