  <div class='ocr_page' id='page_1' title='image "/cluster/home/n/w/nwhite01/storage/ocr_20150623/41/mdp.39015008169818/031.png"; bbox 0 0 3808 6136; ppageno 0'>
   <div class='ocr_carea' id='block_1_1' title="bbox 292 322 3535 383">
    <p class='ocr_par' dir='ltr' id='par_1_1' title="bbox 292 322 3535 383">
     <span class='ocr_line' id='line_1_1' title="bbox 292 322 3535 383; baseline 0.001 -6"><span class='ocrx_word' id='word_1_1' title='bbox 292 322 360 378; x_wconf 85' lang='grc'><strong>19</strong></span> <span class='ocrx_word' id='word_1_2' title='bbox 1564 322 1987 383; x_wconf 67' lang='lat' dir='ltr'><strong>TESTIIONIA</strong></span> <span class='ocrx_word' id='word_1_3' title='bbox 2030 324 2383 382; x_wconf 72' lang='lat' dir='ltr'><strong>VETERUM.</strong></span> <span class='ocrx_word' id='word_1_4' title='bbox 3468 327 3535 380; x_wconf 75' lang='lat'><strong>20</strong></span> 
     </span>
    </p>
   </div>
   <div class='ocr_carea' id='block_1_2' title="bbox 292 435 3537 507">
    <p class='ocr_par' dir='ltr' id='par_1_2' title="bbox 292 435 3537 507">
     <span class='ocr_line' id='line_1_2' title="bbox 292 435 3537 507; baseline -0.001 -13"><span class='ocrx_word' id='word_1_5' title='bbox 292 439 508 495; x_wconf 89' lang='lat' dir='ltr'><strong>illarum</strong></span> <span class='ocrx_word' id='word_1_6' title='bbox 536 435 882 507; x_wconf 77' lang='lat' dir='ltr'><strong>capitumque</strong></span> <span class='ocrx_word' id='word_1_7' title='bbox 904 437 1229 507; x_wconf 91' lang='lat' dir='ltr'><strong>compendio</strong></span> <span class='ocrx_word' id='word_1_8' title='bbox 1256 436 1404 505; x_wconf 90' lang='lat' dir='ltr'><strong>licet,</strong></span> <span class='ocrx_word' id='word_1_9' title='bbox 1429 453 1537 493; x_wconf 90' lang='lat' dir='ltr'><strong>non</strong></span> <span class='ocrx_word' id='word_1_10' title='bbox 1564 446 1772 494; x_wconf 88' lang='lat' dir='ltr'><strong>tantum</strong></span> <span class='ocrx_word' id='word_1_11' title='bbox 1800 452 1907 507; x_wconf 88' lang='lat' dir='ltr'><strong>qua</strong></span> <span class='ocrx_word' id='word_1_12' title='bbox 1938 453 2001 492; x_wconf 79' lang='lat' dir='ltr'><strong>ex</strong></span> <span class='ocrx_word' id='word_1_13' title='bbox 2028 437 2221 494; x_wconf 63' lang='lat' dir='ltr'><strong>heresi</strong></span> <span class='ocrx_word' id='word_1_14' title='bbox 2252 439 2433 493; x_wconf 91' lang='lat' dir='ltr'><strong>locum</strong></span> <span class='ocrx_word' id='word_1_15' title='bbox 2462 437 2616 493; x_wconf 78' lang='lat' dir='ltr'><strong>illum</strong></span> <span class='ocrx_word' id='word_1_16' title='bbox 2638 436 2951 502; x_wconf 77' lang='lat' dir='ltr'><strong>adduxeris,</strong></span> <span class='ocrx_word' id='word_1_17' title='bbox 2975 436 3070 493; x_wconf 87' lang='lat' dir='ltr'><strong>sed</strong></span> <span class='ocrx_word' id='word_1_18' title='bbox 3095 437 3260 492; x_wconf 81' lang='lat' dir='ltr'><strong>etiam</strong></span> <span class='ocrx_word' id='word_1_19' title='bbox 3286 444 3455 506; x_wconf 83' lang='lat' dir='ltr'><strong>quoto</strong></span> <span class='ocrx_word' id='word_1_20' title='bbox 3470 452 3537 491; x_wconf 78' lang='lat' dir='ltr'><strong>ex</strong></span> 
     </span>
    </p>
   </div>
   <div class='ocr_carea' id='block_1_3' title="bbox 294 525 3538 598">
    <p class='ocr_par' dir='ltr' id='par_1_3' title="bbox 294 525 3538 598">
     <span class='ocr_line' id='line_1_3' title="bbox 294 525 3538 598; baseline 0 -15"><span class='ocrx_word' id='word_1_21' title='bbox 294 529 516 584; x_wconf 69' lang='lat' dir='ltr'><strong>haeresis</strong></span> <span class='ocrx_word' id='word_1_22' title='bbox 539 542 787 591; x_wconf 88' lang='lat' dir='ltr'><strong>numero,</strong></span> <span class='ocrx_word' id='word_1_23' title='bbox 821 525 899 582; x_wconf 85' lang='lat' dir='ltr'><strong>vel</strong></span> <span class='ocrx_word' id='word_1_24' title='bbox 934 527 1208 582; x_wconf 87' lang='lat' dir='ltr'><strong>ascribere</strong></span> <span class='ocrx_word' id='word_1_25' title='bbox 1236 527 1416 598; x_wconf 88' lang='lat' dir='ltr'><strong>ipsum</strong></span> <span class='ocrx_word' id='word_1_26' title='bbox 1450 528 1534 583; x_wconf 81' lang='lat' dir='ltr'><strong>vel</strong></span> <span class='ocrx_word' id='word_1_27' title='bbox 1559 527 1856 597; x_wconf 79' lang='lat' dir='ltr'><strong>ascriptum</strong></span> <span class='ocrx_word' id='word_1_28' title='bbox 1905 527 1974 583; x_wconf 87' lang='lat' dir='ltr'><strong>ab</strong></span> <span class='ocrx_word' id='word_1_29' title='bbox 2004 528 2126 583; x_wconf 88' lang='lat' dir='ltr'><strong>aliis</strong></span> <span class='ocrx_word' id='word_1_30' title='bbox 2173 528 2325 583; x_wconf 90' lang='lat' dir='ltr'><strong>nullo</strong></span> <span class='ocrx_word' id='word_1_31' title='bbox 2374 529 2590 598; x_wconf 89' lang='lat' dir='ltr'><strong>negotio</strong></span> <span class='ocrx_word' id='word_1_32' title='bbox 2624 528 2885 598; x_wconf 89' lang='lat' dir='ltr'><strong>reperire.</strong></span> <span class='ocrx_word' id='word_1_33' title='bbox 2926 527 3083 595; x_wconf 83' lang='lat' dir='ltr'><strong>Quod</strong></span> <span class='ocrx_word' id='word_1_34' title='bbox 3112 529 3159 584; x_wconf 88' lang='lat' dir='ltr'><strong>si</strong></span> <span class='ocrx_word' id='word_1_35' title='bbox 3192 527 3325 582; x_wconf 80' lang='lat' dir='ltr'><strong>mihi</strong></span> <span class='ocrx_word' id='word_1_36' title='bbox 3357 527 3410 582; x_wconf 92' lang='lat' dir='ltr'><strong>id</strong></span> <span class='ocrx_word' id='word_1_37' title='bbox 3439 543 3538 583; x_wconf 89' lang='lat' dir='ltr'><strong>oc-</strong></span> 
     </span>
    </p>
   </div>
   <div class='ocr_carea' id='block_1_4' title="bbox 292 618 3538 692">
    <p class='ocr_par' dir='ltr' id='par_1_4' title="bbox 292 618 3538 692">
     <span class='ocr_line' id='line_1_4' title="bbox 292 618 3538 692; baseline -0 -19"><span class='ocrx_word' id='word_1_38' title='bbox 292 620 555 675; x_wconf 85' lang='lat' dir='ltr'><strong>currisset</strong></span> <span class='ocrx_word' id='word_1_39' title='bbox 591 619 765 686; x_wconf 91' lang='lat' dir='ltr'><strong>initio,</strong></span> <span class='ocrx_word' id='word_1_40' title='bbox 792 618 860 674; x_wconf 88' lang='lat' dir='ltr'><strong>de</strong></span> <span class='ocrx_word' id='word_1_41' title='bbox 886 635 1017 689; x_wconf 92' lang='lat' dir='ltr'><strong>quo,</strong></span> <span class='ocrx_word' id='word_1_42' title='bbox 1049 618 1241 676; x_wconf 68' lang='lat' dir='ltr'><strong>allecto</strong></span> <span class='ocrx_word' id='word_1_43' title='bbox 1265 620 1379 691; x_wconf 88' lang='lat' dir='ltr'><strong>jam</strong></span> <span class='ocrx_word' id='word_1_44' title='bbox 1409 635 1592 691; x_wconf 89' lang='lat' dir='ltr'><strong>opere,</strong></span> <span class='ocrx_word' id='word_1_45' title='bbox 1620 620 1771 675; x_wconf 84' lang='lat' dir='ltr'><strong>venit</strong></span> <span class='ocrx_word' id='word_1_46' title='bbox 1789 620 1841 674; x_wconf 90' lang='lat' dir='ltr'><strong>in</strong></span> <span class='ocrx_word' id='word_1_47' title='bbox 1875 626 2133 685; x_wconf 88' lang='lat' dir='ltr'><strong>mentem,</strong></span> <span class='ocrx_word' id='word_1_48' title='bbox 2156 620 2319 676; x_wconf 90' lang='lat' dir='ltr'><strong>etiam</strong></span> <span class='ocrx_word' id='word_1_49' title='bbox 2351 620 2676 677; x_wconf 85' lang='lat' dir='ltr'><strong>Basileensis</strong></span> <span class='ocrx_word' id='word_1_50' title='bbox 2701 622 2957 678; x_wconf 73' lang='lat' dir='ltr'><strong>editionis</strong></span> <span class='ocrx_word' id='word_1_51' title='bbox 2985 622 3214 692; x_wconf 82' lang='lat' dir='ltr'><strong>paginas</strong></span> <span class='ocrx_word' id='word_1_52' title='bbox 3239 620 3307 676; x_wconf 86' lang='lat' dir='ltr'><strong>ad</strong></span> <span class='ocrx_word' id='word_1_53' title='bbox 3336 621 3538 689; x_wconf 76' lang='lat' dir='ltr'><strong>margi-</strong></span> 
     </span>
    </p>
   </div>
   <div class='ocr_carea' id='block_1_5' title="bbox 289 711 3537 785">
    <p class='ocr_par' dir='ltr' id='par_1_5' title="bbox 289 711 3537 785">
     <span class='ocr_line' id='line_1_5' title="bbox 289 711 3537 785; baseline 0 -20"><span class='ocrx_word' id='word_1_54' title='bbox 289 727 413 766; x_wconf 85' lang='lat' dir='ltr'><strong>nem</strong></span> <span class='ocrx_word' id='word_1_55' title='bbox 440 719 639 768; x_wconf 71' lang='lat' dir='ltr'><strong>nostrze</strong></span> <span class='ocrx_word' id='word_1_56' title='bbox 668 712 834 782; x_wconf 84' lang='lat' dir='ltr'><strong>hujus</strong></span> <span class='ocrx_word' id='word_1_57' title='bbox 858 713 1210 777; x_wconf 86' lang='lat' dir='ltr'><strong>addidissem,</strong></span> <span class='ocrx_word' id='word_1_58' title='bbox 1236 722 1454 785; x_wconf 87' lang='lat' dir='ltr'><strong>propter</strong></span> <span class='ocrx_word' id='word_1_59' title='bbox 1483 729 1579 770; x_wconf 90' lang='lat' dir='ltr'><strong>eos</strong></span> <span class='ocrx_word' id='word_1_60' title='bbox 1619 713 1872 769; x_wconf 81' lang='lat' dir='ltr'><strong>videlicet</strong></span> <span class='ocrx_word' id='word_1_61' title='bbox 1912 723 2166 771; x_wconf 86' lang='lat' dir='ltr'><strong>auctores</strong></span> <span class='ocrx_word' id='word_1_62' title='bbox 2187 756 2205 781; x_wconf 94' lang='lat'><strong>,</strong></span> <span class='ocrx_word' id='word_1_63' title='bbox 2239 715 2335 785; x_wconf 90' lang='lat' dir='ltr'><strong>qui</strong></span> <span class='ocrx_word' id='word_1_64' title='bbox 2373 730 2498 770; x_wconf 90' lang='lat' dir='ltr'><strong>cum</strong></span> <span class='ocrx_word' id='word_1_65' title='bbox 2534 713 2823 784; x_wconf 82' lang='lat' dir='ltr'><strong>Epiphanii</strong></span> <span class='ocrx_word' id='word_1_66' title='bbox 2866 714 3049 769; x_wconf 79' lang='lat' dir='ltr'><strong>locum</strong></span> <span class='ocrx_word' id='word_1_67' title='bbox 3086 713 3328 782; x_wconf 80' lang='lat' dir='ltr'><strong>aliquem</strong></span> <span class='ocrx_word' id='word_1_68' title='bbox 3357 711 3537 780; x_wconf 81' lang='lat' dir='ltr'><strong>prote-</strong></span> 
     </span>
    </p>
   </div>
   <div class='ocr_carea' id='block_1_6' title="bbox 288 796 3541 877">
    <p class='ocr_par' dir='ltr' id='par_1_6' title="bbox 288 796 3541 877">
     <span class='ocr_line' id='line_1_6' title="bbox 288 796 3541 877; baseline -0.001 -17"><span class='ocrx_word' id='word_1_69' title='bbox 288 814 437 872; x_wconf 88' lang='lat' dir='ltr'><strong>runt,</strong></span> <span class='ocrx_word' id='word_1_70' title='bbox 466 806 790 877; x_wconf 70' lang='lat' dir='ltr'><strong>paginarum</strong></span> <span class='ocrx_word' id='word_1_71' title='bbox 821 805 1009 861; x_wconf 91' lang='lat' dir='ltr'><strong>eadem</strong></span> <span class='ocrx_word' id='word_1_72' title='bbox 1038 821 1105 861; x_wconf 84' lang='lat' dir='ltr'><strong>ex</strong></span> <span class='ocrx_word' id='word_1_73' title='bbox 1133 796 1372 861; x_wconf 82' lang='lat' dir='ltr'><strong>editione</strong></span> <span class='ocrx_word' id='word_1_74' title='bbox 1395 808 1684 862; x_wconf 84' lang='lat' dir='ltr'><strong>numerum</strong></span> <span class='ocrx_word' id='word_1_75' title='bbox 1704 807 1910 863; x_wconf 85' lang='lat' dir='ltr'><strong>utiliter</strong></span> <span class='ocrx_word' id='word_1_76' title='bbox 1928 806 2214 862; x_wconf 88' lang='lat' dir='ltr'><strong>adnotant.</strong></span> <span class='ocrx_word' id='word_1_77' title='bbox 2235 805 2418 873; x_wconf 88' lang='lat' dir='ltr'><strong>Quare</strong></span> <span class='ocrx_word' id='word_1_78' title='bbox 2444 806 2592 863; x_wconf 87' lang='lat' dir='ltr'><strong>istud</strong></span> <span class='ocrx_word' id='word_1_79' title='bbox 2615 805 2671 862; x_wconf 90' lang='lat' dir='ltr'><strong>in</strong></span> <span class='ocrx_word' id='word_1_80' title='bbox 2699 806 2838 871; x_wconf 90' lang='lat' dir='ltr'><strong>alia,</strong></span> <span class='ocrx_word' id='word_1_81' title='bbox 2867 805 2915 862; x_wconf 90' lang='lat' dir='ltr'><strong>si</strong></span> <span class='ocrx_word' id='word_1_82' title='bbox 2941 821 3027 863; x_wconf 85' lang='lat' dir='ltr'><strong>res</strong></span> <span class='ocrx_word' id='word_1_83' title='bbox 3049 805 3272 869; x_wconf 85' lang='lat' dir='ltr'><strong>tulerit,</strong></span> <span class='ocrx_word' id='word_1_84' title='bbox 3300 804 3541 862; x_wconf 85' lang='lat' dir='ltr'><strong>editione</strong></span> 
     </span>
    </p>
   </div>
   <div class='ocr_carea' id='block_1_7' title="bbox 290 897 1015 953">
    <p class='ocr_par' dir='ltr' id='par_1_7' title="bbox 290 897 1015 953">
     <span class='ocr_line' id='line_1_7' title="bbox 290 897 1015 953; baseline 0.003 -2"><span class='ocrx_word' id='word_1_85' title='bbox 290 897 601 953; x_wconf 82' lang='lat' dir='ltr'><strong>faciendum</strong></span> <span class='ocrx_word' id='word_1_86' title='bbox 622 897 911 953; x_wconf 83' lang='lat' dir='ltr'><strong>suaserim.</strong></span> <span class='ocrx_word' id='word_1_87' title='bbox 1014 942 1015 945; x_wconf 56' lang='grc' dir='ltr'><strong>η</strong></span> 
     </span>
    </p>
   </div>
   <div class='ocr_carea' id='block_1_8' title="bbox 362 980 3538 1061">
    <p class='ocr_par' dir='ltr' id='par_1_8' title="bbox 362 980 3538 1061">
     <span class='ocr_line' id='line_1_8' title="bbox 362 980 3538 1061; baseline -0.001 -18"><span class='ocrx_word' id='word_1_88' title='bbox 362 989 446 1044; x_wconf 86' lang='lat' dir='ltr'><strong>Tu</strong></span> <span class='ocrx_word' id='word_1_89' title='bbox 479 989 664 1055; x_wconf 82' lang='lat' dir='ltr'><strong>velim,</strong></span> <span class='ocrx_word' id='word_1_90' title='bbox 691 989 958 1044; x_wconf 77' lang='lat' dir='ltr'><strong>catholica</strong></span> <span class='ocrx_word' id='word_1_91' title='bbox 990 1004 1057 1047; x_wconf 90' lang='lat' dir='ltr'><strong>ac</strong></span> <span class='ocrx_word' id='word_1_92' title='bbox 1088 980 1319 1045; x_wconf 88' lang='lat' dir='ltr'><strong>candide</strong></span> <span class='ocrx_word' id='word_1_93' title='bbox 1345 989 1543 1045; x_wconf 87' lang='lat' dir='ltr'><strong>Lector</strong></span> <span class='ocrx_word' id='word_1_94' title='bbox 1584 990 1946 1061; x_wconf 85' lang='lat' dir='ltr'><strong>(nequeenim</strong></span> <span class='ocrx_word' id='word_1_95' title='bbox 1964 989 2215 1060; x_wconf 88' lang='lat' dir='ltr'><strong>pluribus</strong></span> <span class='ocrx_word' id='word_1_96' title='bbox 2242 988 2572 1061; x_wconf 89' lang='lat' dir='ltr'><strong>tedetineo),</strong></span> <span class='ocrx_word' id='word_1_97' title='bbox 2589 989 2658 1045; x_wconf 83' lang='lat' dir='ltr'><strong>ad</strong></span> <span class='ocrx_word' id='word_1_98' title='bbox 2680 989 2821 1046; x_wconf 85' lang='lat' dir='ltr'><strong>hanc</strong></span> <span class='ocrx_word' id='word_1_99' title='bbox 2841 988 3273 1047; x_wconf 82' lang='lat' dir='ltr'><strong>lucubratiouem</strong></span> <span class='ocrx_word' id='word_1_100' title='bbox 3292 995 3538 1044; x_wconf 79' lang='lat' dir='ltr'><strong>nostram</strong></span> 
     </span>
    </p>
   </div>
   <div class='ocr_carea' id='block_1_9' title="bbox 290 1082 3533 1156">
    <p class='ocr_par' dir='ltr' id='par_1_9' title="bbox 290 1082 3533 1156">
     <span class='ocr_line' id='line_1_9' title="bbox 290 1082 3533 1156; baseline -0.001 -15"><span class='ocrx_word' id='word_1_101' title='bbox 290 1085 371 1141; x_wconf 92' lang='lat' dir='ltr'><strong>sic</strong></span> <span class='ocrx_word' id='word_1_102' title='bbox 404 1082 654 1150; x_wconf 86' lang='lat' dir='ltr'><strong>accedas,</strong></span> <span class='ocrx_word' id='word_1_103' title='bbox 683 1090 745 1137; x_wconf 91' lang='lat' dir='ltr'><strong>ut</strong></span> <span class='ocrx_word' id='word_1_104' title='bbox 771 1082 1060 1156; x_wconf 75' lang='lat' dir='ltr'><strong>intelligas,</strong></span> <span class='ocrx_word' id='word_1_105' title='bbox 1088 1098 1266 1155; x_wconf 86' lang='lat' dir='ltr'><strong>neque</strong></span> <span class='ocrx_word' id='word_1_106' title='bbox 1302 1085 1439 1140; x_wconf 82' lang='lat' dir='ltr'><strong>nihil</strong></span> <span class='ocrx_word' id='word_1_107' title='bbox 1477 1100 1509 1140; x_wconf 90' lang='lat' dir='ltr'><strong>a</strong></span> <span class='ocrx_word' id='word_1_108' title='bbox 1544 1085 1703 1141; x_wconf 88' lang='lat' dir='ltr'><strong>nobis</strong></span> <span class='ocrx_word' id='word_1_109' title='bbox 1731 1101 1854 1143; x_wconf 88' lang='lat' dir='ltr'><strong>esse</strong></span> <span class='ocrx_word' id='word_1_110' title='bbox 1879 1094 2164 1156; x_wconf 88' lang='lat' dir='ltr'><strong>peccatum</strong></span> <span class='ocrx_word' id='word_1_111' title='bbox 2197 1102 2212 1140; x_wconf 91' lang='lat'><strong>:</strong></span> <span class='ocrx_word' id='word_1_112' title='bbox 2239 1093 2294 1140; x_wconf 91' lang='lat' dir='ltr'><strong>et</strong></span> <span class='ocrx_word' id='word_1_113' title='bbox 2321 1083 2370 1140; x_wconf 91' lang='lat' dir='ltr'><strong>si</strong></span> <span class='ocrx_word' id='word_1_114' title='bbox 2393 1099 2518 1154; x_wconf 74' lang='lat' dir='ltr'><strong>quae</strong></span> <span class='ocrx_word' id='word_1_115' title='bbox 2550 1083 2607 1138; x_wconf 90' lang='lat' dir='ltr'><strong>in</strong></span> <span class='ocrx_word' id='word_1_116' title='bbox 2630 1083 2721 1140; x_wconf 86' lang='lat' dir='ltr'><strong>illa</strong></span> <span class='ocrx_word' id='word_1_117' title='bbox 2759 1084 3056 1141; x_wconf 82' lang='lat' dir='ltr'><strong>commissa</strong></span> <span class='ocrx_word' id='word_1_118' title='bbox 3090 1082 3533 1155; x_wconf 85' lang='lat' dir='ltr'><strong>deprehenderis,</strong></span> 
     </span>
    </p>
   </div>
   <div class='ocr_carea' id='block_1_10' title="bbox 288 1174 3540 1248">
    <p class='ocr_par' dir='ltr' id='par_1_10' title="bbox 288 1174 3540 1248">
     <span class='ocr_line' id='line_1_10' title="bbox 288 1174 3540 1248; baseline -0.001 -16"><span class='ocrx_word' id='word_1_119' title='bbox 288 1192 353 1232; x_wconf 79' lang='lat' dir='ltr'><strong>ea</strong></span> <span class='ocrx_word' id='word_1_120' title='bbox 382 1175 633 1247; x_wconf 81' lang='lat' dir='ltr'><strong>pluribus</strong></span> <span class='ocrx_word' id='word_1_121' title='bbox 658 1189 784 1231; x_wconf 89' lang='lat' dir='ltr'><strong>cum</strong></span> <span class='ocrx_word' id='word_1_122' title='bbox 818 1174 980 1230; x_wconf 89' lang='lat' dir='ltr'><strong>bonis</strong></span> <span class='ocrx_word' id='word_1_123' title='bbox 1008 1194 1021 1230; x_wconf 88' lang='lat'>:</span> <span class='ocrx_word' id='word_1_124' title='bbox 1060 1176 1106 1231; x_wconf 88' lang='lat' dir='ltr'><strong>si</strong></span> <span class='ocrx_word' id='word_1_125' title='bbox 1125 1176 1287 1231; x_wconf 91' lang='lat' dir='ltr'><strong>modo</strong></span> <span class='ocrx_word' id='word_1_126' title='bbox 1314 1177 1470 1246; x_wconf 90' lang='lat' dir='ltr'><strong>plura</strong></span> <span class='ocrx_word' id='word_1_127' title='bbox 1502 1177 1635 1231; x_wconf 88' lang='lat' dir='ltr'><strong>mihi</strong></span> <span class='ocrx_word' id='word_1_128' title='bbox 1662 1178 1804 1232; x_wconf 89' lang='lat' dir='ltr'><strong>bona</strong></span> <span class='ocrx_word' id='word_1_129' title='bbox 1829 1186 1962 1232; x_wconf 91' lang='lat' dir='ltr'><strong>sunt</strong></span> <span class='ocrx_word' id='word_1_130' title='bbox 1992 1195 2006 1231; x_wconf 91' lang='lat'><strong>:</strong></span> <span class='ocrx_word' id='word_1_131' title='bbox 2041 1185 2136 1231; x_wconf 90' lang='lat' dir='ltr'><strong>aut</strong></span> <span class='ocrx_word' id='word_1_132' title='bbox 2159 1176 2498 1248; x_wconf 67' lang='lat' dir='ltr'><strong>aequalibus.</strong></span> <span class='ocrx_word' id='word_1_133' title='bbox 2533 1174 2953 1245; x_wconf 85' lang='lat' dir='ltr'><strong>paucioribusve</strong></span> <span class='ocrx_word' id='word_1_134' title='bbox 2981 1190 3304 1245; x_wconf 82' lang='lat' dir='ltr'><strong>compenses</strong></span> <span class='ocrx_word' id='word_1_135' title='bbox 3329 1190 3344 1227; x_wconf 88' lang='lat'><strong>:</strong></span> <span class='ocrx_word' id='word_1_136' title='bbox 3373 1182 3540 1244; x_wconf 84' lang='lat' dir='ltr'><strong>atque</strong></span> 
     </span>
    </p>
   </div>
   <div class='ocr_carea' id='block_1_11' title="bbox 291 1265 3541 1340">
    <p class='ocr_par' dir='ltr' id='par_1_11' title="bbox 291 1265 3541 1340">
     <span class='ocr_line' id='line_1_11' title="bbox 291 1265 3541 1340; baseline -0 -17"><span class='ocrx_word' id='word_1_137' title='bbox 291 1269 378 1324; x_wconf 91' lang='lat' dir='ltr'><strong>his</strong></span> <span class='ocrx_word' id='word_1_138' title='bbox 427 1267 629 1332; x_wconf 77' lang='lat' dir='ltr'><strong>fruare,</strong></span> <span class='ocrx_word' id='word_1_139' title='bbox 679 1266 787 1322; x_wconf 89' lang='lat' dir='ltr'><strong>illis</strong></span> <span class='ocrx_word' id='word_1_140' title='bbox 825 1268 1041 1322; x_wconf 86' lang='lat' dir='ltr'><strong>veniam</strong></span> <span class='ocrx_word' id='word_1_141' title='bbox 1084 1268 1295 1324; x_wconf 86' lang='lat' dir='ltr'><strong>tribuas</strong></span> <span class='ocrx_word' id='word_1_142' title='bbox 1344 1284 1358 1321; x_wconf 89' lang='lat'><strong>:</strong></span> <span class='ocrx_word' id='word_1_143' title='bbox 1403 1285 1502 1340; x_wconf 91' lang='lat' dir='ltr'><strong>pro</strong></span> <span class='ocrx_word' id='word_1_144' title='bbox 1556 1269 1814 1339; x_wconf 69' lang='lat' dir='ltr'><strong>aequitate</strong></span> <span class='ocrx_word' id='word_1_145' title='bbox 1865 1276 1960 1323; x_wconf 90' lang='lat' dir='ltr'><strong>tua</strong></span> <span class='ocrx_word' id='word_1_146' title='bbox 2019 1268 2258 1339; x_wconf 88' lang='lat' dir='ltr'><strong>denique</strong></span> <span class='ocrx_word' id='word_1_147' title='bbox 2302 1267 2511 1338; x_wconf 88' lang='lat' dir='ltr'><strong>majora</strong></span> <span class='ocrx_word' id='word_1_148' title='bbox 2552 1276 2606 1322; x_wconf 91' lang='lat' dir='ltr'><strong>et</strong></span> <span class='ocrx_word' id='word_1_149' title='bbox 2652 1266 2870 1322; x_wconf 88' lang='lat' dir='ltr'><strong>utiliora</strong></span> <span class='ocrx_word' id='word_1_150' title='bbox 2900 1267 3159 1334; x_wconf 80' lang='lat' dir='ltr'><strong>deinceps</strong></span> <span class='ocrx_word' id='word_1_151' title='bbox 3197 1281 3228 1321; x_wconf 88' lang='lat' dir='ltr'><strong>a</strong></span> <span class='ocrx_word' id='word_1_152' title='bbox 3254 1265 3412 1323; x_wconf 85' lang='lat' dir='ltr'><strong>nobis</strong></span> <span class='ocrx_word' id='word_1_153' title='bbox 3442 1280 3541 1322; x_wconf 75' lang='lat' dir='ltr'><strong>cx-</strong></span> 
     </span>
    </p>
   </div>
   <div class='ocr_carea' id='block_1_12' title="bbox 288 1369 520 1434">
    <p class='ocr_par' dir='ltr' id='par_1_12' title="bbox 288 1369 520 1434">
     <span class='ocr_line' id='line_1_12' title="bbox 288 1369 520 1434; baseline -0.004 -18"><span class='ocrx_word' id='word_1_154' title='bbox 288 1369 520 1434; x_wconf 77' lang='lat' dir='ltr'><strong>spectes.</strong></span> 
     </span>
    </p>
   </div>
   <div class='ocr_carea' id='block_1_13' title="bbox 543 1681 3279 1791">
    <p class='ocr_par' dir='ltr' id='par_1_13' title="bbox 543 1681 3279 1791">
     <span class='ocr_line' id='line_1_13' title="bbox 543 1681 3279 1791; baseline -0.003 -13"><span class='ocrx_word' id='word_1_155' title='bbox 543 1689 690 1780; x_wconf 91' lang='lat' dir='ltr'><strong>DE</strong></span> <span class='ocrx_word' id='word_1_156' title='bbox 765 1686 1439 1781; x_wconf 83' lang='lat' dir='ltr'><strong>EPIPHANIO</strong></span> <span class='ocrx_word' id='word_1_157' title='bbox 1513 1688 2096 1784; x_wconf 79' lang='lat' dir='ltr'><strong>VETERUM</strong></span> <span class='ocrx_word' id='word_1_158' title='bbox 2170 1685 2626 1780; x_wconf 82' lang='lat' dir='ltr'><strong>ELOGIA</strong></span> <span class='ocrx_word' id='word_1_159' title='bbox 2701 1681 3279 1791; x_wconf 61' lang='lat' dir='ltr'><strong>QUJEDAM.</strong></span> 
     </span>
    </p>
   </div>
   <div class='ocr_carea' id='block_1_14' title="bbox 1194 2029 2627 2103">
    <p class='ocr_par' dir='ltr' id='par_1_14' title="bbox 1194 2029 2627 2103">
     <span class='ocr_line' id='line_1_14' title="bbox 1194 2029 2627 2103; baseline 0 -18"><span class='ocrx_word' id='word_1_160' title='bbox 1194 2029 1549 2103; x_wconf 76' lang='lat' dir='ltr'><strong>Hieronymus</strong></span> <span class='ocrx_word' id='word_1_161' title='bbox 1559 2032 1708 2086; x_wconf 75' lang='lat' dir='ltr'><strong>libro</strong></span> <span class='ocrx_word' id='word_1_162' title='bbox 1739 2031 1815 2088; x_wconf 90' lang='lat' dir='ltr'><strong>De</strong></span> <span class='ocrx_word' id='word_1_163' title='bbox 1836 2031 2195 2102; x_wconf 82' lang='lat' dir='ltr'><strong>scriptoribus</strong></span> <span class='ocrx_word' id='word_1_164' title='bbox 2220 2030 2627 2087; x_wconf 79' lang='lat' dir='ltr'><strong>ecclesiasticis.</strong></span> 
     </span>
    </p>
   </div>
   <div class='ocr_carea' id='block_1_15' title="bbox 361 2138 3547 2214">
    <p class='ocr_par' dir='ltr' id='par_1_15' title="bbox 361 2138 3547 2214">
     <span class='ocr_line' id='line_1_15' title="bbox 361 2138 3547 2214; baseline 0.002 -20"><span class='ocrx_word' id='word_1_165' title='bbox 361 2140 720 2211; x_wconf 76' lang='lat' dir='ltr'><strong>Epiphanius,</strong></span> <span class='ocrx_word' id='word_1_166' title='bbox 742 2139 903 2212; x_wconf 85' lang='lat' dir='ltr'><strong>Cypri</strong></span> <span class='ocrx_word' id='word_1_167' title='bbox 935 2138 1222 2195; x_wconf 60' lang='lat' dir='ltr'><strong>Salamina!</strong></span> <span class='ocrx_word' id='word_1_168' title='bbox 1253 2141 1563 2213; x_wconf 87' lang='lat' dir='ltr'><strong>episcopus,</strong></span> <span class='ocrx_word' id='word_1_169' title='bbox 1594 2142 1816 2214; x_wconf 87' lang='lat' dir='ltr'><strong>scripsit</strong></span> <span class='ocrx_word' id='word_1_170' title='bbox 1845 2144 2136 2199; x_wconf 87' lang='lat' dir='ltr'><strong>adversum</strong></span> <span class='ocrx_word' id='word_1_171' title='bbox 2159 2158 2353 2199; x_wconf 84' lang='lat' dir='ltr'><strong>onmes</strong></span> <span class='ocrx_word' id='word_1_172' title='bbox 2392 2144 2627 2199; x_wconf 68' lang='lat' dir='ltr'><strong>haereses</strong></span> <span class='ocrx_word' id='word_1_173' title='bbox 2658 2142 2826 2197; x_wconf 89' lang='lat' dir='ltr'><strong>libros</strong></span> <span class='ocrx_word' id='word_1_174' title='bbox 2846 2183 2860 2206; x_wconf 91' lang='lat'><strong>,</strong></span> <span class='ocrx_word' id='word_1_175' title='bbox 2885 2152 2939 2198; x_wconf 87' lang='lat' dir='ltr'><strong>et</strong></span> <span class='ocrx_word' id='word_1_176' title='bbox 2970 2143 3141 2198; x_wconf 92' lang='lat' dir='ltr'><strong>multa</strong></span> <span class='ocrx_word' id='word_1_177' title='bbox 3166 2144 3292 2211; x_wconf 85' lang='lat' dir='ltr'><strong>alia,</strong></span> <span class='ocrx_word' id='word_1_178' title='bbox 3321 2159 3445 2214; x_wconf 73' lang='lat' dir='ltr'><strong>quae</strong></span> <span class='ocrx_word' id='word_1_179' title='bbox 3474 2145 3547 2206; x_wconf 84' lang='lat' dir='ltr'><strong>ab</strong></span> 
     </span>
    </p>
   </div>
   <div class='ocr_carea' id='block_1_16' title="bbox 295 2231 3547 2303">
    <p class='ocr_par' dir='ltr' id='par_1_16' title="bbox 295 2231 3547 2303">
     <span class='ocr_line' id='line_1_16' title="bbox 295 2231 3547 2303; baseline 0.002 -18"><span class='ocrx_word' id='word_1_180' title='bbox 295 2234 526 2288; x_wconf 70' lang='lat' dir='ltr'><strong>munditis</strong></span> <span class='ocrx_word' id='word_1_181' title='bbox 555 2240 774 2301; x_wconf 86' lang='lat' dir='ltr'><strong>propter</strong></span> <span class='ocrx_word' id='word_1_182' title='bbox 806 2246 914 2295; x_wconf 88' lang='lat' dir='ltr'><strong>res,</strong></span> <span class='ocrx_word' id='word_1_183' title='bbox 949 2246 981 2285; x_wconf 87' lang='lat' dir='ltr'><strong>a</strong></span> <span class='ocrx_word' id='word_1_184' title='bbox 1010 2231 1437 2301; x_wconf 84' lang='lat' dir='ltr'><strong>simplicioribus</strong></span> <span class='ocrx_word' id='word_1_185' title='bbox 1462 2243 1682 2303; x_wconf 89' lang='lat' dir='ltr'><strong>propter</strong></span> <span class='ocrx_word' id='word_1_186' title='bbox 1707 2234 1870 2288; x_wconf 88' lang='lat' dir='ltr'><strong>verba</strong></span> <span class='ocrx_word' id='word_1_187' title='bbox 1905 2234 2238 2289; x_wconf 90' lang='lat' dir='ltr'><strong>lectitantur.</strong></span> <span class='ocrx_word' id='word_1_188' title='bbox 2273 2233 2532 2303; x_wconf 83' lang='lat' dir='ltr'><strong>Superest</strong></span> <span class='ocrx_word' id='word_1_189' title='bbox 2584 2248 2757 2303; x_wconf 85' lang='lat' dir='ltr'><strong>usque</strong></span> <span class='ocrx_word' id='word_1_190' title='bbox 2786 2234 2945 2290; x_wconf 88' lang='lat' dir='ltr'><strong>hodie</strong></span> <span class='ocrx_word' id='word_1_191' title='bbox 2964 2274 2980 2299; x_wconf 93' lang='lat'><strong>,</strong></span> <span class='ocrx_word' id='word_1_192' title='bbox 3010 2245 3064 2290; x_wconf 91' lang='lat' dir='ltr'><strong>et</strong></span> <span class='ocrx_word' id='word_1_193' title='bbox 3108 2235 3160 2289; x_wconf 90' lang='lat' dir='ltr'><strong>in</strong></span> <span class='ocrx_word' id='word_1_194' title='bbox 3184 2242 3428 2290; x_wconf 82' lang='lat' dir='ltr'><strong>extrerna</strong></span> <span class='ocrx_word' id='word_1_195' title='bbox 3460 2250 3547 2291; x_wconf 84' lang='lat' dir='ltr'><strong>se-</strong></span> 
     </span>
    </p>
   </div>
   <div class='ocr_carea' id='block_1_17' title="bbox 289 2330 1093 2405">
    <p class='ocr_par' dir='ltr' id='par_1_17' title="bbox 289 2330 1093 2405">
     <span class='ocr_line' id='line_1_17' title="bbox 289 2330 1093 2405; baseline 0.017 -29"><span class='ocrx_word' id='word_1_196' title='bbox 289 2335 507 2384; x_wconf 89' lang='lat' dir='ltr'><strong>nectute</strong></span> <span class='ocrx_word' id='word_1_197' title='bbox 540 2330 688 2385; x_wconf 86' lang='lat' dir='ltr'><strong>varia</strong></span> <span class='ocrx_word' id='word_1_198' title='bbox 719 2333 869 2389; x_wconf 91' lang='lat' dir='ltr'><strong>cudit</strong></span> <span class='ocrx_word' id='word_1_199' title='bbox 900 2349 1093 2405; x_wconf 85' lang='lat' dir='ltr'><strong>opera.</strong></span> 
     </span>
    </p>
   </div>
   <div class='ocr_carea' id='block_1_18' title="bbox 1291 2425 2544 2499">
    <p class='ocr_par' dir='ltr' id='par_1_18' title="bbox 1291 2425 2544 2499">
     <span class='ocr_line' id='line_1_18' title="bbox 1291 2425 2544 2499; baseline -0.002 -17"><span class='ocrx_word' id='word_1_200' title='bbox 1291 2427 1442 2483; x_wconf 82' lang='lat' dir='ltr'><strong>Idem</strong></span> <span class='ocrx_word' id='word_1_201' title='bbox 1474 2427 1721 2499; x_wconf 91' lang='lat' dir='ltr'><strong>apologia</strong></span> <span class='ocrx_word' id='word_1_202' title='bbox 1760 2428 1991 2483; x_wconf 86' lang='lat' dir='ltr'><strong>secunda</strong></span> <span class='ocrx_word' id='word_1_203' title='bbox 2027 2427 2230 2482; x_wconf 87' lang='lat' dir='ltr'><strong>Contra</strong></span> <span class='ocrx_word' id='word_1_204' title='bbox 2263 2425 2544 2482; x_wconf 79' lang='lat' dir='ltr'><strong>Ruﬁnum.</strong></span> 
     </span>
    </p>
   </div>
   <div class='ocr_carea' id='block_1_19' title="bbox 358 2511 3546 2589">
    <p class='ocr_par' dir='ltr' id='par_1_19' title="bbox 358 2511 3546 2589">
     <span class='ocr_line' id='line_1_19' title="bbox 358 2511 3546 2589; baseline 0.002 -24"><span class='ocrx_word' id='word_1_205' title='bbox 358 2511 480 2567; x_wconf 79' lang='lat' dir='ltr'><strong>Non</strong></span> <span class='ocrx_word' id='word_1_206' title='bbox 511 2516 610 2570; x_wconf 88' lang='lat' dir='ltr'><strong>tibi</strong></span> <span class='ocrx_word' id='word_1_207' title='bbox 637 2516 833 2573; x_wconf 77' lang='lat' dir='ltr'><strong>suﬁicit</strong></span> <span class='ocrx_word' id='word_1_208' title='bbox 860 2519 1064 2588; x_wconf 89' lang='lat' dir='ltr'><strong>passim</strong></span> <span class='ocrx_word' id='word_1_209' title='bbox 1114 2529 1303 2575; x_wconf 89' lang='lat' dir='ltr'><strong>contra</strong></span> <span class='ocrx_word' id='word_1_210' title='bbox 1341 2536 1531 2576; x_wconf 84' lang='lat' dir='ltr'><strong>omnes</strong></span> <span class='ocrx_word' id='word_1_211' title='bbox 1571 2521 1870 2588; x_wconf 82' lang='lat' dir='ltr'><strong>detractio,</strong></span> <span class='ocrx_word' id='word_1_212' title='bbox 1899 2518 2005 2575; x_wconf 90' lang='lat' dir='ltr'><strong>nisi</strong></span> <span class='ocrx_word' id='word_1_213' title='bbox 2050 2519 2357 2589; x_wconf 82' lang='lat' dir='ltr'><strong>specialiter</strong></span> <span class='ocrx_word' id='word_1_214' title='bbox 2387 2528 2575 2574; x_wconf 85' lang='lat' dir='ltr'><strong>contra</strong></span> <span class='ocrx_word' id='word_1_215' title='bbox 2626 2519 2841 2575; x_wconf 88' lang='lat' dir='ltr'><strong>beatum</strong></span> <span class='ocrx_word' id='word_1_216' title='bbox 2879 2524 2932 2573; x_wconf 88' lang='lat' dir='ltr'><strong>et</strong></span> <span class='ocrx_word' id='word_1_217' title='bbox 2994 2517 3262 2588; x_wconf 75' lang='lat' dir='ltr'><strong>insignem</strong></span> <span class='ocrx_word' id='word_1_218' title='bbox 3289 2514 3546 2570; x_wconf 80' lang='lat' dir='ltr'><strong>Ecclesia:</strong></span> 
     </span>
    </p>
   </div>
   <div class='ocr_carea' id='block_1_20' title="bbox 289 2603 3546 2681">
    <p class='ocr_par' dir='ltr' id='par_1_20' title="bbox 289 2603 3546 2681">
     <span class='ocr_line' id='line_1_20' title="bbox 289 2603 3546 2681; baseline 0.003 -27"><span class='ocrx_word' id='word_1_219' title='bbox 289 2603 631 2661; x_wconf 84' lang='lat' dir='ltr'><strong>sacerdotem</strong></span> <span class='ocrx_word' id='word_1_220' title='bbox 656 2606 779 2677; x_wconf 82' lang='lat' dir='ltr'><strong>styli</strong></span> <span class='ocrx_word' id='word_1_221' title='bbox 820 2609 899 2662; x_wconf 91' lang='lat' dir='ltr'><strong>tui</strong></span> <span class='ocrx_word' id='word_1_222' title='bbox 926 2609 1170 2664; x_wconf 88' lang='lat' dir='ltr'><strong>lanceam</strong></span> <span class='ocrx_word' id='word_1_223' title='bbox 1201 2610 1443 2681; x_wconf 81' lang='lat' dir='ltr'><strong>dirigas?</strong></span> <span class='ocrx_word' id='word_1_224' title='bbox 1468 2609 1604 2677; x_wconf 85' lang='lat' dir='ltr'><strong>Quis</strong></span> <span class='ocrx_word' id='word_1_225' title='bbox 1628 2610 1740 2675; x_wconf 92' lang='lat' dir='ltr'><strong>ille,</strong></span> <span class='ocrx_word' id='word_1_226' title='bbox 1766 2611 1861 2681; x_wconf 90' lang='lat' dir='ltr'><strong>qui</strong></span> <span class='ocrx_word' id='word_1_227' title='bbox 1882 2610 2034 2665; x_wconf 90' lang='lat' dir='ltr'><strong>velut</strong></span> <span class='ocrx_word' id='word_1_228' title='bbox 2063 2609 2444 2665; x_wconf 87' lang='lat' dir='ltr'><strong>necessitatem</strong></span> <span class='ocrx_word' id='word_1_229' title='bbox 2471 2608 2877 2680; x_wconf 79' lang='lat' dir='ltr'><strong>evangelizandi</strong></span> <span class='ocrx_word' id='word_1_230' title='bbox 2900 2622 2995 2679; x_wconf 90' lang='lat' dir='ltr'><strong>per</strong></span> <span class='ocrx_word' id='word_1_231' title='bbox 3026 2622 3217 2663; x_wconf 64' lang='lat' dir='ltr'><strong>omnes</strong></span> <span class='ocrx_word' id='word_1_232' title='bbox 3244 2615 3431 2679; x_wconf 86' lang='lat' dir='ltr'><strong>gentes</strong></span> <span class='ocrx_word' id='word_1_233' title='bbox 3449 2649 3465 2673; x_wconf 93' lang='lat'><strong>,</strong></span> <span class='ocrx_word' id='word_1_234' title='bbox 3489 2617 3546 2663; x_wconf 85' lang='lat' dir='ltr'><strong>et</strong></span> 
     </span>
    </p>
   </div>
   <div class='ocr_carea' id='block_1_21' title="bbox 198 2698 3545 2775">
    <p class='ocr_par' dir='ltr' id='par_1_21' title="bbox 198 2698 3545 2775">
     <span class='ocr_line' id='line_1_21' title="bbox 198 2698 3545 2775; baseline 0.003 -27"><span class='ocrx_word' id='word_1_235' title='bbox 198 2762 207 2771; x_wconf 40' lang='lat'>.</span> <span class='ocrx_word' id='word_1_236' title='bbox 290 2710 384 2764; x_wconf 86' lang='lat' dir='ltr'><strong>per</strong></span> <span class='ocrx_word' id='word_1_237' title='bbox 417 2711 611 2752; x_wconf 89' lang='lat' dir='ltr'><strong>omnes</strong></span> <span class='ocrx_word' id='word_1_238' title='bbox 650 2698 863 2770; x_wconf 83' lang='lat' dir='ltr'><strong>linguas</strong></span> <span class='ocrx_word' id='word_1_239' title='bbox 897 2702 1093 2758; x_wconf 84' lang='lat' dir='ltr'><strong>habere</strong></span> <span class='ocrx_word' id='word_1_240' title='bbox 1143 2717 1203 2759; x_wconf 88' lang='lat' dir='ltr'><strong>se</strong></span> <span class='ocrx_word' id='word_1_241' title='bbox 1241 2713 1397 2775; x_wconf 89' lang='lat' dir='ltr'><strong>putat</strong></span> <span class='ocrx_word' id='word_1_242' title='bbox 1422 2705 1489 2759; x_wconf 91' lang='lat' dir='ltr'><strong>de</strong></span> <span class='ocrx_word' id='word_1_243' title='bbox 1527 2702 1762 2775; x_wconf 90' lang='lat' dir='ltr'><strong>Origene</strong></span> <span class='ocrx_word' id='word_1_244' title='bbox 1797 2707 1940 2760; x_wconf 92' lang='lat' dir='ltr'><strong>male</strong></span> <span class='ocrx_word' id='word_1_245' title='bbox 1973 2704 2267 2775; x_wconf 83' lang='lat' dir='ltr'><strong>loquendi:</strong></span> <span class='ocrx_word' id='word_1_246' title='bbox 2302 2704 2395 2774; x_wconf 91' lang='lat' dir='ltr'><strong>qui</strong></span> <span class='ocrx_word' id='word_1_247' title='bbox 2431 2719 2525 2759; x_wconf 82' lang='lat' dir='ltr'><strong>sex</strong></span> <span class='ocrx_word' id='word_1_248' title='bbox 2551 2703 2720 2758; x_wconf 81' lang='lat' dir='ltr'><strong>millia</strong></span> <span class='ocrx_word' id='word_1_249' title='bbox 2761 2703 3026 2758; x_wconf 89' lang='lat' dir='ltr'><strong>librorum</strong></span> <span class='ocrx_word' id='word_1_250' title='bbox 3063 2701 3182 2772; x_wconf 87' lang='lat' dir='ltr'><strong>ejus</strong></span> <span class='ocrx_word' id='word_1_251' title='bbox 3228 2716 3288 2756; x_wconf 81' lang='lat' dir='ltr'><strong>se</strong></span> <span class='ocrx_word' id='word_1_252' title='bbox 3312 2701 3545 2771; x_wconf 85' lang='lat' dir='ltr'><strong>legisse,</strong></span> 
     </span>
    </p>
   </div>
   <div class='ocr_carea' id='block_1_22' title="bbox 288 2786 2108 2860">
    <p class='ocr_par' dir='ltr' id='par_1_22' title="bbox 288 2786 2108 2860">
     <span class='ocr_line' id='line_1_22' title="bbox 288 2786 2108 2860; baseline 0.005 -22"><span class='ocrx_word' id='word_1_253' title='bbox 288 2786 697 2855; x_wconf 86' lang='lat' dir='ltr'><strong>quamplurima</strong></span> <span class='ocrx_word' id='word_1_254' title='bbox 730 2789 957 2846; x_wconf 84' lang='lat' dir='ltr'><strong>fratrum</strong></span> <span class='ocrx_word' id='word_1_255' title='bbox 987 2793 1333 2851; x_wconf 89' lang='lat' dir='ltr'><strong>multitudine</strong></span> <span class='ocrx_word' id='word_1_256' title='bbox 1370 2794 1642 2860; x_wconf 86' lang='lat' dir='ltr'><strong>audiente,</strong></span> <span class='ocrx_word' id='word_1_257' title='bbox 1676 2796 1960 2850; x_wconf 83' lang='lat' dir='ltr'><strong>confessus</strong></span> <span class='ocrx_word' id='word_1_258' title='bbox 1985 2793 2108 2850; x_wconf 74' lang='lat' dir='ltr'><strong>cst?</strong></span> 
     </span>
    </p>
   </div>
   <div class='ocr_carea' id='block_1_23' title="bbox 366 2878 3548 2960">
    <p class='ocr_par' dir='ltr' id='par_1_23' title="bbox 366 2878 3548 2960">
     <span class='ocr_line' id='line_1_23' title="bbox 366 2878 3548 2960; baseline 0.001 -24"><span class='ocrx_word' id='word_1_259' title='bbox 366 2879 516 2936; x_wconf 67' lang='lat' dir='ltr'><strong>How.</strong></span> <span class='ocrx_word' id='word_1_260' title='bbox 544 2878 775 2936; x_wconf 88' lang='lat' dir='ltr'><strong>Crimini</strong></span> <span class='ocrx_word' id='word_1_261' title='bbox 805 2886 852 2939; x_wconf 90' lang='lat' dir='ltr'><strong>ei</strong></span> <span class='ocrx_word' id='word_1_262' title='bbox 884 2884 1125 2942; x_wconf 88' lang='lat' dir='ltr'><strong>dandum</strong></span> <span class='ocrx_word' id='word_1_263' title='bbox 1158 2897 1261 2955; x_wconf 89' lang='lat' dir='ltr'><strong>est,</strong></span> <span class='ocrx_word' id='word_1_264' title='bbox 1304 2904 1477 2960; x_wconf 90' lang='lat' dir='ltr'><strong>quare</strong></span> <span class='ocrx_word' id='word_1_265' title='bbox 1507 2887 1779 2955; x_wconf 68' lang='lat' dir='ltr'><strong>Graecam,</strong></span> <span class='ocrx_word' id='word_1_266' title='bbox 1804 2885 2024 2957; x_wconf 88' lang='lat' dir='ltr'><strong>Syram,</strong></span> <span class='ocrx_word' id='word_1_267' title='bbox 2056 2893 2112 2940; x_wconf 90' lang='lat' dir='ltr'><strong>et</strong></span> <span class='ocrx_word' id='word_1_268' title='bbox 2163 2881 2443 2939; x_wconf 69' lang='lat' dir='ltr'><strong>llebraeam</strong></span> <span class='ocrx_word' id='word_1_269' title='bbox 2466 2924 2482 2949; x_wconf 92' lang='lat'><strong>,</strong></span> <span class='ocrx_word' id='word_1_270' title='bbox 2507 2890 2563 2937; x_wconf 90' lang='lat' dir='ltr'><strong>et</strong></span> <span class='ocrx_word' id='word_1_271' title='bbox 2585 2880 2967 2952; x_wconf 65' lang='lat' dir='ltr'><strong>Egyptiacam</strong></span> <span class='ocrx_word' id='word_1_272' title='bbox 2988 2882 3256 2952; x_wconf 90' lang='lat' dir='ltr'><strong>linguam,</strong></span> <span class='ocrx_word' id='word_1_273' title='bbox 3292 2897 3357 2937; x_wconf 78' lang='lat' dir='ltr'><strong>ex</strong></span> <span class='ocrx_word' id='word_1_274' title='bbox 3392 2890 3548 2951; x_wconf 83' lang='lat' dir='ltr'><strong>parte</strong></span> 
     </span>
    </p>
   </div>
   <div class='ocr_carea' id='block_1_24' title="bbox 288 2969 1008 3040">
    <p class='ocr_par' dir='ltr' id='par_1_24' title="bbox 288 2969 1008 3040">
     <span class='ocr_line' id='line_1_24' title="bbox 288 2969 1008 3040; baseline 0.008 -14"><span class='ocrx_word' id='word_1_275' title='bbox 288 2981 343 3027; x_wconf 89' lang='lat' dir='ltr'><strong>et</strong></span> <span class='ocrx_word' id='word_1_276' title='bbox 377 2969 628 3027; x_wconf 87' lang='lat' dir='ltr'><strong>Latinam</strong></span> <span class='ocrx_word' id='word_1_277' title='bbox 659 2974 894 3040; x_wconf 91' lang='lat' dir='ltr'><strong>noverit,</strong></span> <span class='ocrx_word' id='word_1_278' title='bbox 922 2984 1008 3031; x_wconf 90' lang='lat' dir='ltr'><strong>etc</strong></span> 
     </span>
    </p>
   </div>
   <div class='ocr_carea' id='block_1_25' title="bbox 362 3061 3534 3139">
    <p class='ocr_par' dir='ltr' id='par_1_25' title="bbox 362 3061 3534 3139">
     <span class='ocr_line' id='line_1_25' title="bbox 362 3061 3534 3139; baseline 0.003 -24"><span class='ocrx_word' id='word_1_279' title='bbox 362 3061 604 3117; x_wconf 77' lang='lat' dir='ltr'><strong>Meminit</strong></span> <span class='ocrx_word' id='word_1_280' title='bbox 631 3071 681 3116; x_wconf 81' lang='lat' dir='ltr'><strong>et</strong></span> <span class='ocrx_word' id='word_1_281' title='bbox 709 3068 944 3134; x_wconf 85' lang='lat' dir='ltr'><strong>passim,</strong></span> <span class='ocrx_word' id='word_1_282' title='bbox 980 3077 1037 3122; x_wconf 85' lang='lat' dir='ltr'><strong>ut</strong></span> <span class='ocrx_word' id='word_1_283' title='bbox 1066 3069 1119 3122; x_wconf 89' lang='lat' dir='ltr'><strong>in</strong></span> <span class='ocrx_word' id='word_1_284' title='bbox 1147 3066 1399 3139; x_wconf 87' lang='lat' dir='ltr'><strong>Epistola</strong></span> <span class='ocrx_word' id='word_1_285' title='bbox 1437 3066 1500 3124; x_wconf 78' lang='lat'><strong>61</strong></span> <span class='ocrx_word' id='word_1_286' title='bbox 1539 3077 1722 3123; x_wconf 87' lang='lat' dir='ltr'><strong>contra</strong></span> <span class='ocrx_word' id='word_1_287' title='bbox 1752 3066 2014 3123; x_wconf 73' lang='lat' dir='ltr'><strong>Joannem</strong></span> <span class='ocrx_word' id='word_1_288' title='bbox 2031 3065 2320 3131; x_wconf 82' lang='lat' dir='ltr'><strong>Hierosol.,</strong></span> <span class='ocrx_word' id='word_1_289' title='bbox 2352 3066 2405 3119; x_wconf 89' lang='lat' dir='ltr'><strong>in</strong></span> <span class='ocrx_word' id='word_1_290' title='bbox 2434 3063 2723 3137; x_wconf 86' lang='lat' dir='ltr'><strong>Epitapbio</strong></span> <span class='ocrx_word' id='word_1_291' title='bbox 2746 3066 2946 3132; x_wconf 64' lang='lat' dir='ltr'><strong>Paulae,</strong></span> <span class='ocrx_word' id='word_1_292' title='bbox 2978 3066 3035 3120; x_wconf 84' lang='lat' dir='ltr'><strong>in</strong></span> <span class='ocrx_word' id='word_1_293' title='bbox 3069 3063 3187 3120; x_wconf 85' lang='lat' dir='ltr'><strong>Vita</strong></span> <span class='ocrx_word' id='word_1_294' title='bbox 3221 3064 3534 3133; x_wconf 82' lang='lat' dir='ltr'><strong>Hilarionis,</strong></span> 
     </span>
    </p>
   </div>
   <div class='ocr_carea' id='block_1_26' title="bbox 285 3154 762 3213">
    <p class='ocr_par' dir='ltr' id='par_1_26' title="bbox 285 3154 762 3213">
     <span class='ocr_line' id='line_1_26' title="bbox 285 3154 762 3213; baseline 0.01 -5"><span class='ocrx_word' id='word_1_295' title='bbox 285 3163 336 3208; x_wconf 78' lang='lat' dir='ltr'><strong>et</strong></span> <span class='ocrx_word' id='word_1_296' title='bbox 367 3154 492 3209; x_wconf 86' lang='lat' dir='ltr'><strong>aliis</strong></span> <span class='ocrx_word' id='word_1_297' title='bbox 517 3156 575 3208; x_wconf 89' lang='lat' dir='ltr'><strong>in</strong></span> <span class='ocrx_word' id='word_1_298' title='bbox 607 3154 762 3213; x_wconf 85' lang='lat' dir='ltr'><strong>locis.</strong></span> 
     </span>
    </p>
   </div>
   <div class='ocr_carea' id='block_1_27' title="bbox 1161 3252 2685 3327">
    <p class='ocr_par' dir='ltr' id='par_1_27' title="bbox 1161 3252 2685 3327">
     <span class='ocr_line' id='line_1_27' title="bbox 1161 3252 2685 3327; baseline -0.001 -18"><span class='ocrx_word' id='word_1_299' title='bbox 1161 3256 1494 3327; x_wconf 78' lang='lat' dir='ltr'><strong>Augustinus</strong></span> <span class='ocrx_word' id='word_1_300' title='bbox 1527 3258 1660 3311; x_wconf 85' lang='lat' dir='ltr'><strong>libro</strong></span> <span class='ocrx_word' id='word_1_301' title='bbox 1685 3257 1761 3312; x_wconf 90' lang='lat' dir='ltr'><strong>De</strong></span> <span class='ocrx_word' id='word_1_302' title='bbox 1789 3255 2104 3320; x_wconf 68' lang='lat' dir='ltr'><strong>hmresibus,</strong></span> <span class='ocrx_word' id='word_1_303' title='bbox 2140 3255 2207 3310; x_wconf 89' lang='lat' dir='ltr'><strong>ad</strong></span> <span class='ocrx_word' id='word_1_304' title='bbox 2234 3252 2685 3321; x_wconf 84' lang='lat' dir='ltr'><strong>Quodvultdeum.</strong></span> 
     </span>
    </p>
   </div>
   <div class='ocr_carea' id='block_1_28' title="bbox 362 3347 3549 3440">
    <p class='ocr_par' dir='ltr' id='par_1_28' title="bbox 362 3347 3549 3440">
     <span class='ocr_line' id='line_1_28' title="bbox 362 3347 3549 3440; baseline 0.002 -22"><span class='ocrx_word' id='word_1_305' title='bbox 362 3347 551 3434; x_wconf 85' lang='lat' dir='ltr'><strong>Usque</strong></span> <span class='ocrx_word' id='word_1_306' title='bbox 577 3364 645 3420; x_wconf 86' lang='lat' dir='ltr'><strong>ad</strong></span> <span class='ocrx_word' id='word_1_307' title='bbox 675 3366 805 3422; x_wconf 90' lang='lat' dir='ltr'><strong>istos</strong></span> <span class='ocrx_word' id='word_1_308' title='bbox 832 3381 961 3437; x_wconf 92' lang='lat' dir='ltr'><strong>ergo</strong></span> <span class='ocrx_word' id='word_1_309' title='bbox 995 3364 1069 3422; x_wconf 86' lang='lat' dir='ltr'><strong>De</strong></span> <span class='ocrx_word' id='word_1_310' title='bbox 1096 3369 1380 3423; x_wconf 76' lang='lat' dir='ltr'><strong>Itwresibus</strong></span> <span class='ocrx_word' id='word_1_311' title='bbox 1417 3385 1554 3440; x_wconf 92' lang='lat' dir='ltr'><strong>opus</strong></span> <span class='ocrx_word' id='word_1_312' title='bbox 1572 3384 1730 3425; x_wconf 90' lang='lat' dir='ltr'><strong>suum</strong></span> <span class='ocrx_word' id='word_1_313' title='bbox 1759 3367 2010 3439; x_wconf 75' lang='lat' dir='ltr'><strong>perduxit</strong></span> <span class='ocrx_word' id='word_1_314' title='bbox 2037 3366 2383 3436; x_wconf 87' lang='lat' dir='ltr'><strong>supradictus</strong></span> <span class='ocrx_word' id='word_1_315' title='bbox 2413 3365 2775 3436; x_wconf 79' lang='lat' dir='ltr'><strong>Epiphanius,</strong></span> <span class='ocrx_word' id='word_1_316' title='bbox 2803 3368 3092 3438; x_wconf 83' lang='lat' dir='ltr'><strong>episcopus</strong></span> <span class='ocrx_word' id='word_1_317' title='bbox 3119 3368 3375 3439; x_wconf 83' lang='lat' dir='ltr'><strong>Cyprius,</strong></span> <span class='ocrx_word' id='word_1_318' title='bbox 3404 3370 3549 3438; x_wconf 84' lang='lat' dir='ltr'><strong>apud</strong></span> 
     </span>
    </p>
   </div>
   <div class='ocr_carea' id='block_1_29' title="bbox 290 3452 2670 3528">
    <p class='ocr_par' dir='ltr' id='par_1_29' title="bbox 290 3452 2670 3528">
     <span class='ocr_line' id='line_1_29' title="bbox 290 3452 2670 3528; baseline 0.004 -21"><span class='ocrx_word' id='word_1_319' title='bbox 290 3452 513 3510; x_wconf 63' lang='lat' dir='ltr'><strong>Graecos</strong></span> <span class='ocrx_word' id='word_1_320' title='bbox 545 3456 686 3511; x_wconf 88' lang='lat' dir='ltr'><strong>inter</strong></span> <span class='ocrx_word' id='word_1_321' title='bbox 716 3473 945 3528; x_wconf 89' lang='lat' dir='ltr'><strong>magnos</strong></span> <span class='ocrx_word' id='word_1_322' title='bbox 975 3458 1214 3527; x_wconf 88' lang='lat' dir='ltr'><strong>habitus,</strong></span> <span class='ocrx_word' id='word_1_323' title='bbox 1246 3475 1298 3517; x_wconf 91' lang='lat' dir='ltr'><strong>et</strong></span> <span class='ocrx_word' id='word_1_324' title='bbox 1332 3480 1362 3517; x_wconf 92' lang='lat' dir='ltr'><strong>a</strong></span> <span class='ocrx_word' id='word_1_325' title='bbox 1392 3465 1578 3520; x_wconf 91' lang='lat' dir='ltr'><strong>multis</strong></span> <span class='ocrx_word' id='word_1_326' title='bbox 1604 3464 1656 3517; x_wconf 93' lang='lat' dir='ltr'><strong>in</strong></span> <span class='ocrx_word' id='word_1_327' title='bbox 1687 3462 1967 3517; x_wconf 68' lang='lat' dir='ltr'><strong>catholicae</strong></span> <span class='ocrx_word' id='word_1_328' title='bbox 1991 3462 2114 3517; x_wconf 84' lang='lat' dir='ltr'><strong>ﬁdei</strong></span> <span class='ocrx_word' id='word_1_329' title='bbox 2138 3463 2371 3518; x_wconf 90' lang='lat' dir='ltr'><strong>sanitate</strong></span> <span class='ocrx_word' id='word_1_330' title='bbox 2397 3461 2670 3516; x_wconf 86' lang='lat' dir='ltr'><strong>laudatus.</strong></span> 
     </span>
    </p>
   </div>
   <div class='ocr_carea' id='block_1_30' title="bbox 365 3543 3525 3626">
    <p class='ocr_par' dir='ltr' id='par_1_30' title="bbox 365 3543 3525 3626">
     <span class='ocr_line' id='line_1_30' title="bbox 365 3543 3525 3626; baseline 0.004 -27"><span class='ocrx_word' id='word_1_331' title='bbox 365 3543 572 3600; x_wconf 69' lang='lat' dir='ltr'><strong>Cretera</strong></span> <span class='ocrx_word' id='word_1_332' title='bbox 599 3547 803 3615; x_wconf 66' lang='lat' dir='ltr'><strong>qua-de</strong></span> <span class='ocrx_word' id='word_1_333' title='bbox 829 3550 1120 3622; x_wconf 87' lang='lat' dir='ltr'><strong>Epiphanii</strong></span> <span class='ocrx_word' id='word_1_334' title='bbox 1146 3570 1295 3624; x_wconf 84' lang='lat' dir='ltr'><strong>opere</strong></span> <span class='ocrx_word' id='word_1_335' title='bbox 1323 3556 1501 3611; x_wconf 81' lang='lat' dir='ltr'><strong>eodem</strong></span> <span class='ocrx_word' id='word_1_336' title='bbox 1526 3558 1582 3609; x_wconf 88' lang='lat' dir='ltr'><strong>in</strong></span> <span class='ocrx_word' id='word_1_337' title='bbox 1621 3555 1755 3609; x_wconf 88' lang='lat' dir='ltr'><strong>libro</strong></span> <span class='ocrx_word' id='word_1_338' title='bbox 1785 3564 2153 3610; x_wconf 82' lang='lat' dir='ltr'><strong>commemorat</strong></span> <span class='ocrx_word' id='word_1_339' title='bbox 2180 3555 2528 3626; x_wconf 80' lang='lat' dir='ltr'><strong>Augustinus,</strong></span> <span class='ocrx_word' id='word_1_340' title='bbox 2562 3553 2615 3606; x_wconf 78' lang='lat' dir='ltr'><strong>in</strong></span> <span class='ocrx_word' id='word_1_341' title='bbox 2650 3551 2892 3623; x_wconf 82' lang='lat' dir='ltr'><strong>Epistola</strong></span> <span class='ocrx_word' id='word_1_342' title='bbox 2914 3570 3076 3623; x_wconf 80' lang='lat' dir='ltr'><strong>supra</strong></span> <span class='ocrx_word' id='word_1_343' title='bbox 3096 3571 3128 3608; x_wconf 93' lang='lat' dir='ltr'><strong>a</strong></span> <span class='ocrx_word' id='word_1_344' title='bbox 3162 3559 3309 3611; x_wconf 87' lang='lat' dir='ltr'><strong>nobis</strong></span> <span class='ocrx_word' id='word_1_345' title='bbox 3350 3557 3525 3611; x_wconf 85' lang='lat' dir='ltr'><strong>allata</strong></span> 
     </span>
    </p>
   </div>
   <div class='ocr_carea' id='block_1_31' title="bbox 294 3646 771 3695">
    <p class='ocr_par' dir='ltr' id='par_1_31' title="bbox 294 3646 771 3695">
     <span class='ocr_line' id='line_1_31' title="bbox 294 3646 771 3695; baseline 0.01 -5"><span class='ocrx_word' id='word_1_346' title='bbox 294 3646 346 3690; x_wconf 78' lang='grc' dir='ltr'><strong>οε</strong></span> <span class='ocrx_word' id='word_1_347' title='bbox 367 3652 593 3692; x_wconf 68' lang='grc' dir='ltr'>επειιδεα</span> <span class='ocrx_word' id='word_1_348' title='bbox 629 3650 771 3695; x_wconf 88' lang='lat' dir='ltr'><strong>sunt.</strong></span> 
     </span>
    </p>
   </div>
   <div class='ocr_carea' id='block_1_32' title="bbox 1540 3715 2303 3781">
    <p class='ocr_par' dir='ltr' id='par_1_32' title="bbox 1540 3715 2303 3781">
     <span class='ocr_line' id='line_1_32' title="bbox 1540 3715 2303 3781; baseline -0.005 -9"><span class='ocrx_word' id='word_1_349' title='bbox 1540 3716 1862 3772; x_wconf 75' lang='lat' dir='ltr'><strong>Sozomenus</strong></span> <span class='ocrx_word' id='word_1_350' title='bbox 1895 3716 1985 3771; x_wconf 92' lang='lat' dir='ltr'><strong>lib.</strong></span> <span class='ocrx_word' id='word_1_351' title='bbox 2018 3732 2115 3781; x_wconf 88' lang='lat' dir='ltr'><strong>vn,</strong></span> <span class='ocrx_word' id='word_1_352' title='bbox 2140 3733 2185 3769; x_wconf 90' lang='lat' dir='ltr'><strong>c.</strong></span> <span class='ocrx_word' id='word_1_353' title='bbox 2213 3715 2303 3769; x_wconf 72' lang='lat'><strong>26.</strong></span> 
     </span>
    </p>
   </div>
   <div class='ocr_carea' id='block_1_33' title="bbox 366 3799 1870 3886">
    <p class='ocr_par' dir='ltr' id='par_1_33' title="bbox 366 3799 1870 3886">
     <span class='ocr_line' id='line_1_33' title="bbox 366 3799 1870 3886; baseline 0.009 -34"><span class='ocrx_word' id='word_1_354' title='bbox 366 3800 467 3855; x_wconf 86' lang='lat' dir='ltr'><strong>Per</strong></span> <span class='ocrx_word' id='word_1_355' title='bbox 502 3799 644 3886; x_wconf 74' lang='lat' dir='ltr'><strong>idem</strong></span> <span class='ocrx_word' id='word_1_356' title='bbox 680 3811 893 3873; x_wconf 89' lang='lat' dir='ltr'><strong>tempus</strong></span> <span class='ocrx_word' id='word_1_357' title='bbox 925 3804 1259 3886; x_wconf 64' lang='lat' dir='ltr'><strong>Epiphanius</strong></span> <span class='ocrx_word' id='word_1_358' title='bbox 1288 3810 1716 3878; x_wconf 76' lang='lat' dir='ltr'><strong>metropolitanze</strong></span> <span class='ocrx_word' id='word_1_359' title='bbox 1761 3809 1870 3880; x_wconf 78' lang='lat' dir='ltr'><strong>Cy-</strong></span> 
     </span>
    </p>
   </div>
   <div class='ocr_carea' id='block_1_34' title="bbox 2048 3799 3552 3886">
    <p class='ocr_par' dir='ltr' id='par_1_34' title="bbox 2048 3805 3552 3878">
     <span class='ocr_line' id='line_1_34' title="bbox 2048 3805 3552 3878; baseline -0.002 -16"><span class='ocrx_word' id='word_1_360' title='bbox 2048 3808 2184 3878; x_wconf 78' lang='lat' dir='ltr'><strong>Ilep‘t</strong></span> <span class='ocrx_word' id='word_1_361' title='bbox 2211 3807 2268 3861; x_wconf 85' lang='grc' dir='ltr'><strong>δὲ</strong></span> <span class='ocrx_word' id='word_1_362' title='bbox 2304 3805 2495 3859; x_wconf 84' lang='grc' dir='ltr'>τοῦτον</span> <span class='ocrx_word' id='word_1_363' title='bbox 2523 3807 2613 3859; x_wconf 81' lang='grc' dir='ltr'><strong>τὸν</strong></span> <span class='ocrx_word' id='word_1_364' title='bbox 2641 3806 2829 3876; x_wconf 86' lang='grc' dir='ltr'>χρόνον</span> <span class='ocrx_word' id='word_1_365' title='bbox 2846 3806 2941 3858; x_wconf 58' lang='grc' dir='ltr'><strong>καὶ⁵</strong></span> <span class='ocrx_word' id='word_1_366' title='bbox 2981 3805 3295 3875; x_wconf 72' lang='grc' dir='ltr'>Ἐπιςράνιος</span> <span class='ocrx_word' id='word_1_367' title='bbox 3322 3806 3422 3876; x_wconf 81' lang='grc' dir='ltr'>τῆς</span> <span class='ocrx_word' id='word_1_368' title='bbox 3445 3806 3552 3859; x_wconf 79' lang='grc' dir='ltr'><strong>Κυ-</strong></span> 
     </span>
    </p>
   </div>
   <div class='ocr_carea' id='block_1_35' title="bbox 293 3883 1797 3972">
    <p class='ocr_par' dir='ltr' id='par_1_35' title="bbox 293 3883 1797 3959">
     <span class='ocr_line' id='line_1_35' title="bbox 293 3883 1797 3959; baseline 0.008 -23"><span class='ocrx_word' id='word_1_369' title='bbox 293 3885 541 3950; x_wconf 81' lang='lat' dir='ltr'><strong>priorum</strong></span> <span class='ocrx_word' id='word_1_370' title='bbox 591 3883 848 3942; x_wconf 67' lang='lat' dir='ltr'><strong>Ecclesiae</strong></span> <span class='ocrx_word' id='word_1_371' title='bbox 898 3883 1146 3959; x_wconf 69' lang='lat' dir='ltr'><strong>praeerat.</strong></span> <span class='ocrx_word' id='word_1_372' title='bbox 1176 3891 1349 3957; x_wconf 86' lang='lat' dir='ltr'><strong>Quem</strong></span> <span class='ocrx_word' id='word_1_373' title='bbox 1406 3909 1513 3949; x_wconf 90' lang='lat' dir='ltr'><strong>non</strong></span> <span class='ocrx_word' id='word_1_374' title='bbox 1557 3896 1722 3950; x_wconf 90' lang='lat' dir='ltr'><strong>modo</strong></span> <span class='ocrx_word' id='word_1_375' title='bbox 1753 3896 1797 3948; x_wconf 86' lang='lat' dir='ltr'><strong>vi</strong></span> 
     </span>
    </p>
   </div>
   <div class='ocr_carea' id='block_1_36' title="bbox 2098 3883 3602 3972">
    <p class='ocr_par' dir='ltr' id='par_1_36' title="bbox 2098 3896 3602 3972">
     <span class='ocr_line' id='line_1_36' title="bbox 2098 3896 3602 3972; baseline 0 -21"><span class='ocrx_word' id='word_1_376' title='bbox 2098 3916 2153 3951; x_wconf 74' lang='grc' dir='ltr'>ον</span> <span class='ocrx_word' id='word_1_377' title='bbox 2184 3897 2479 3950; x_wconf 78' lang='grc' dir='ltr'>ἐπεσκόπει</span> <span class='ocrx_word' id='word_1_378' title='bbox 2507 3896 2895 3967; x_wconf 80' lang='grc' dir='ltr'><strong>μητροπόλεως</strong></span> <span class='ocrx_word' id='word_1_379' title='bbox 2914 3915 2928 3929; x_wconf 77' lang='grc' dir='ltr'><strong>ο</strong></span> <span class='ocrx_word' id='word_1_380' title='bbox 2960 3897 3019 3950; x_wconf 85' lang='grc' dir='ltr'>ὃν</span> <span class='ocrx_word' id='word_1_381' title='bbox 3046 3899 3105 3950; x_wconf 81' lang='grc' dir='ltr'>οὑ</span> <span class='ocrx_word' id='word_1_382' title='bbox 3143 3899 3303 3968; x_wconf 85' lang='grc' dir='ltr'>μόνον</span> <span class='ocrx_word' id='word_1_383' title='bbox 3325 3900 3394 3953; x_wconf 84' lang='grc' dir='ltr'><strong>τά</strong></span> <span class='ocrx_word' id='word_1_384' title='bbox 3424 3902 3554 3972; x_wconf 78' lang='grc' dir='ltr'>περὶ</span> <span class='ocrx_word' id='word_1_385' title='bbox 3591 3945 3602 3951; x_wconf 93' lang='grc'><strong>-</strong></span> 
     </span>
    </p>
   </div>
   <div class='ocr_carea' id='block_1_37' title="bbox 294 3975 1798 4062">
    <p class='ocr_par' dir='ltr' id='par_1_37' title="bbox 294 3975 1798 4057">
     <span class='ocr_line' id='line_1_37' title="bbox 294 3975 1798 4057; baseline 0.009 -30"><span class='ocrx_word' id='word_1_386' title='bbox 294 3975 629 4042; x_wconf 80' lang='lat' dir='ltr'><strong>institutum,</strong></span> <span class='ocrx_word' id='word_1_387' title='bbox 654 3991 719 4033; x_wconf 92' lang='lat' dir='ltr'><strong>ac</strong></span> <span class='ocrx_word' id='word_1_388' title='bbox 746 3981 1019 4047; x_wconf 58' lang='lat' dir='ltr'><strong>praeclara:</strong></span> <span class='ocrx_word' id='word_1_389' title='bbox 1047 3984 1275 4039; x_wconf 87' lang='lat' dir='ltr'><strong>virtutes</strong></span> <span class='ocrx_word' id='word_1_390' title='bbox 1302 3985 1568 4057; x_wconf 88' lang='lat' dir='ltr'><strong>insignem</strong></span> <span class='ocrx_word' id='word_1_391' title='bbox 1628 3987 1798 4042; x_wconf 68' lang='lat' dir='ltr'><strong>reddit</strong></span> 
     </span>
    </p>
   </div>
   <div class='ocr_carea' id='block_1_38' title="bbox 2050 3975 3554 4062">
    <p class='ocr_par' dir='ltr' id='par_1_38' title="bbox 2050 3987 3554 4062">
     <span class='ocr_line' id='line_1_38' title="bbox 2050 3987 3554 4062; baseline 0.002 -20"><span class='ocrx_word' id='word_1_392' title='bbox 2050 4007 2072 4042; x_wconf 87' lang='grc' dir='ltr'><strong>ν</strong></span> <span class='ocrx_word' id='word_1_393' title='bbox 2105 3987 2380 4042; x_wconf 81' lang='grc' dir='ltr'><strong>πολιτείαν</strong></span> <span class='ocrx_word' id='word_1_394' title='bbox 2405 3989 2673 4059; x_wconf 75' lang='grc' dir='ltr'><strong>ἐπίσημον</strong></span> <span class='ocrx_word' id='word_1_395' title='bbox 2707 3989 2799 4042; x_wconf 74' lang='grc' dir='ltr'>ἐπὶ</span> <span class='ocrx_word' id='word_1_396' title='bbox 2819 3991 3040 4062; x_wconf 80' lang='grc' dir='ltr'><strong>ἀρεταῖς</strong></span> <span class='ocrx_word' id='word_1_397' title='bbox 3069 3990 3372 4055; x_wconf 76' lang='grc' dir='ltr'><strong>ἀπέδειξεν,</strong></span> <span class='ocrx_word' id='word_1_398' title='bbox 3416 3991 3554 4045; x_wconf 74' lang='grc' dir='ltr'>ἀλλὰ</span> 
     </span>
    </p>
   </div>
   <div class='ocr_carea' id='block_1_39' title="bbox 293 4066 1797 4153">
    <p class='ocr_par' dir='ltr' id='par_1_39' title="bbox 293 4066 1797 4144">
     <span class='ocr_line' id='line_1_39' title="bbox 293 4066 1797 4144; baseline 0.011 -29"><span class='ocrx_word' id='word_1_399' title='bbox 293 4074 450 4131; x_wconf 81' lang='lat' dir='ltr'><strong>runt;</strong></span> <span class='ocrx_word' id='word_1_400' title='bbox 491 4066 587 4122; x_wconf 87' lang='lat' dir='ltr'><strong>sed</strong></span> <span class='ocrx_word' id='word_1_401' title='bbox 615 4080 669 4122; x_wconf 90' lang='lat' dir='ltr'><strong>et</strong></span> <span class='ocrx_word' id='word_1_402' title='bbox 694 4069 958 4126; x_wconf 88' lang='lat' dir='ltr'><strong>miracula</strong></span> <span class='ocrx_word' id='word_1_403' title='bbox 992 4072 1130 4142; x_wconf 82' lang='lat' dir='ltr'><strong>ipsa,</strong></span> <span class='ocrx_word' id='word_1_404' title='bbox 1154 4090 1277 4144; x_wconf 70' lang='lat' dir='ltr'><strong>quae</strong></span> <span class='ocrx_word' id='word_1_405' title='bbox 1310 4078 1509 4144; x_wconf 85' lang='lat' dir='ltr'><strong>partim</strong></span> <span class='ocrx_word' id='word_1_406' title='bbox 1541 4077 1667 4131; x_wconf 88' lang='lat' dir='ltr'><strong>vivo</strong></span> <span class='ocrx_word' id='word_1_407' title='bbox 1697 4078 1797 4131; x_wconf 86' lang='lat' dir='ltr'><strong>adh</strong></span> 
     </span>
    </p>
   </div>
   <div class='ocr_carea' id='block_1_40' title="bbox 2047 4066 3551 4153">
    <p class='ocr_par' dir='ltr' id='par_1_40' title="bbox 2047 4080 3551 4153">
     <span class='ocr_line' id='line_1_40' title="bbox 2047 4080 3551 4153; baseline 0 -18"><span class='ocrx_word' id='word_1_408' title='bbox 2047 4083 2071 4135; x_wconf 82' lang='lat' dir='ltr'><strong>‘t</strong></span> <span class='ocrx_word' id='word_1_409' title='bbox 2101 4083 2202 4135; x_wconf 84' lang='grc' dir='ltr'><strong>ὅσα</strong></span> <span class='ocrx_word' id='word_1_410' title='bbox 2233 4080 2512 4152; x_wconf 79' lang='grc' dir='ltr'>παράδοξα</span> <span class='ocrx_word' id='word_1_411' title='bbox 2538 4080 2740 4146; x_wconf 77' lang='grc' dir='ltr'>ζῶντος</span> <span class='ocrx_word' id='word_1_412' title='bbox 2762 4082 2947 4145; x_wconf 80' lang='grc' dir='ltr'>αὐτοῦ,</span> <span class='ocrx_word' id='word_1_413' title='bbox 2981 4082 3075 4135; x_wconf 74' lang='grc' dir='ltr'>καὶ</span> <span class='ocrx_word' id='word_1_414' title='bbox 3110 4081 3247 4153; x_wconf 81' lang='grc' dir='ltr'>μετὰ</span> <span class='ocrx_word' id='word_1_415' title='bbox 3275 4083 3551 4152; x_wconf 82' lang='grc' dir='ltr'>τελευτὴν,</span> 
     </span>
    </p>
   </div>
   <div class='ocr_carea' id='block_1_41' title="bbox 295 4151 1799 4243">
    <p class='ocr_par' dir='ltr' id='par_1_41' title="bbox 295 4151 1799 4234">
     <span class='ocr_line' id='line_1_41' title="bbox 295 4151 1799 4234; baseline 0.009 -29"><span class='ocrx_word' id='word_1_416' title='bbox 295 4151 436 4219; x_wconf 87' lang='lat' dir='ltr'><strong>ipso,</strong></span> <span class='ocrx_word' id='word_1_417' title='bbox 473 4155 671 4223; x_wconf 84' lang='lat' dir='ltr'><strong>partim</strong></span> <span class='ocrx_word' id='word_1_418' title='bbox 704 4168 828 4224; x_wconf 81' lang='lat' dir='ltr'><strong>post</strong></span> <span class='ocrx_word' id='word_1_419' title='bbox 852 4159 971 4227; x_wconf 86' lang='lat' dir='ltr'><strong>ejus</strong></span> <span class='ocrx_word' id='word_1_420' title='bbox 1000 4161 1205 4215; x_wconf 90' lang='lat' dir='ltr'><strong>obitum</strong></span> <span class='ocrx_word' id='word_1_421' title='bbox 1241 4162 1382 4218; x_wconf 84' lang='lat' dir='ltr'><strong>Deus</strong></span> <span class='ocrx_word' id='word_1_422' title='bbox 1425 4165 1479 4217; x_wconf 90' lang='lat' dir='ltr'><strong>in</strong></span> <span class='ocrx_word' id='word_1_423' title='bbox 1507 4164 1678 4234; x_wconf 87' lang='lat' dir='ltr'><strong>ipsius</strong></span> <span class='ocrx_word' id='word_1_424' title='bbox 1704 4166 1799 4219; x_wconf 82' lang='lat' dir='ltr'><strong>hor</strong></span> 
     </span>
    </p>
   </div>
   <div class='ocr_carea' id='block_1_42' title="bbox 2049 4151 3553 4243">
    <p class='ocr_par' dir='ltr' id='par_1_42' title="bbox 2049 4151 3553 4243">
     <span class='ocr_line' id='line_1_42' title="bbox 2049 4151 3553 4243; baseline -0.001 -18"><span class='ocrx_word' id='word_1_425' title='bbox 2049 4172 2148 4225; x_wconf 82' lang='grc' dir='ltr'>ιῶν</span> <span class='ocrx_word' id='word_1_426' title='bbox 2197 4173 2287 4225; x_wconf 86' lang='grc' dir='ltr'><strong>τὸν</strong></span> <span class='ocrx_word' id='word_1_427' title='bbox 2317 4151 2504 4243; x_wconf 76' lang='grc' dir='ltr'>ἄνδρα</span> <span class='ocrx_word' id='word_1_428' title='bbox 2552 4173 2581 4224; x_wconf 88' lang='grc' dir='ltr'><strong>ό</strong></span> <span class='ocrx_word' id='word_1_429' title='bbox 2635 4171 2768 4234; x_wconf 84' lang='grc' dir='ltr'><strong>Θεὸς</strong></span> <span class='ocrx_word' id='word_1_430' title='bbox 2798 4151 3135 4225; x_wconf 79' lang='grc' dir='ltr'>ἐπετέλεσεν.</span> <span class='ocrx_word' id='word_1_431' title='bbox 3202 4151 3553 4226; x_wconf 81' lang='grc' dir='ltr'>Ἀποθανόντι</span> 
     </span>
    </p>
   </div>
   <div class='ocr_carea' id='block_1_43' title="bbox 295 4245 1799 4334">
    <p class='ocr_par' dir='ltr' id='par_1_43' title="bbox 295 4245 1799 4324">
     <span class='ocr_line' id='line_1_43' title="bbox 295 4245 1799 4324; baseline 0.009 -28"><span class='ocrx_word' id='word_1_432' title='bbox 295 4258 411 4298; x_wconf 89' lang='lat' dir='ltr'><strong>rem</strong></span> <span class='ocrx_word' id='word_1_433' title='bbox 445 4245 634 4301; x_wconf 91' lang='lat' dir='ltr'><strong>edidit.</strong></span> <span class='ocrx_word' id='word_1_434' title='bbox 666 4246 882 4303; x_wconf 77' lang='lat' dir='ltr'><strong>Mortuo</strong></span> <span class='ocrx_word' id='word_1_435' title='bbox 910 4251 1054 4305; x_wconf 90' lang='lat' dir='ltr'><strong>enim</strong></span> <span class='ocrx_word' id='word_1_436' title='bbox 1083 4252 1198 4317; x_wconf 90' lang='lat' dir='ltr'><strong>illo,</strong></span> <span class='ocrx_word' id='word_1_437' title='bbox 1253 4254 1398 4322; x_wconf 88' lang='lat' dir='ltr'><strong>quod</strong></span> <span class='ocrx_word' id='word_1_438' title='bbox 1455 4255 1633 4310; x_wconf 87' lang='lat' dir='ltr'><strong>adhuc</strong></span> <span class='ocrx_word' id='word_1_439' title='bbox 1682 4270 1799 4324; x_wconf 66' lang='lat' dir='ltr'><strong>supr</strong></span> 
     </span>
    </p>
   </div>
   <div class='ocr_carea' id='block_1_44' title="bbox 2049 4245 3553 4334">
    <p class='ocr_par' dir='ltr' id='par_1_44' title="bbox 2049 4261 3553 4334">
     <span class='ocr_line' id='line_1_44' title="bbox 2049 4261 3553 4334; baseline -0.002 -18"><span class='ocrx_word' id='word_1_440' title='bbox 2049 4283 2109 4334; x_wconf 78' lang='lat' dir='ltr'><strong>:p,</strong></span> <span class='ocrx_word' id='word_1_441' title='bbox 2139 4262 2168 4314; x_wconf 78' lang='grc' dir='ltr'><strong>ὃ</strong></span> <span class='ocrx_word' id='word_1_442' title='bbox 2197 4264 2273 4334; x_wconf 83' lang='grc' dir='ltr'><strong>μὴ</strong></span> <span class='ocrx_word' id='word_1_443' title='bbox 2313 4262 2552 4333; x_wconf 88' lang='grc' dir='ltr'><strong>περιόντι</strong></span> <span class='ocrx_word' id='word_1_444' title='bbox 2575 4261 2803 4333; x_wconf 80' lang='grc' dir='ltr'>ὑπῆρξε,</span> <span class='ocrx_word' id='word_1_445' title='bbox 2843 4262 2998 4331; x_wconf 82' lang='grc' dir='ltr'>λόγος</span> <span class='ocrx_word' id='word_1_446' title='bbox 3040 4264 3131 4315; x_wconf 74' lang='grc' dir='ltr'>ἐπὶ</span> <span class='ocrx_word' id='word_1_447' title='bbox 3156 4261 3233 4333; x_wconf 82' lang='grc' dir='ltr'>τῷ</span> <span class='ocrx_word' id='word_1_448' title='bbox 3260 4263 3418 4333; x_wconf 76' lang='grc' dir='ltr'>τάφῳ</span> <span class='ocrx_word' id='word_1_449' title='bbox 3452 4262 3553 4314; x_wconf 78' lang='grc' dir='ltr'>αὑ-</span> 
     </span>
    </p>
   </div>
   <div class='ocr_carea' id='block_1_45' title="bbox 293 4334 1797 4426">
    <p class='ocr_par' dir='ltr' id='par_1_45' title="bbox 293 4334 1797 4415">
     <span class='ocr_line' id='line_1_45' title="bbox 293 4334 1797 4415; baseline 0.007 -26"><span class='ocrx_word' id='word_1_450' title='bbox 293 4334 423 4389; x_wconf 85' lang='lat' dir='ltr'><strong>stite</strong></span> <span class='ocrx_word' id='word_1_451' title='bbox 459 4350 569 4391; x_wconf 91' lang='lat' dir='ltr'><strong>non</strong></span> <span class='ocrx_word' id='word_1_452' title='bbox 598 4340 920 4410; x_wconf 82' lang='lat' dir='ltr'><strong>contigerat,</strong></span> <span class='ocrx_word' id='word_1_453' title='bbox 956 4339 1098 4397; x_wconf 80' lang='lat' dir='ltr'><strong>fama</strong></span> <span class='ocrx_word' id='word_1_454' title='bbox 1152 4353 1233 4398; x_wconf 90' lang='lat' dir='ltr'><strong>est</strong></span> <span class='ocrx_word' id='word_1_455' title='bbox 1290 4344 1559 4415; x_wconf 84' lang='lat' dir='ltr'><strong>hodieque</strong></span> <span class='ocrx_word' id='word_1_456' title='bbox 1602 4346 1797 4400; x_wconf 66' lang='lat' dir='ltr'><strong>dazmor</strong></span> 
     </span>
    </p>
   </div>
   <div class='ocr_carea' id='block_1_46' title="bbox 2050 4334 3554 4426">
    <p class='ocr_par' dir='ltr' id='par_1_46' title="bbox 2050 4350 3554 4426">
     <span class='ocr_line' id='line_1_46' title="bbox 2050 4350 3554 4426; baseline -0.007 -15"><span class='ocrx_word' id='word_1_457' title='bbox 2050 4357 2073 4411; x_wconf 76' lang='grc' dir='ltr'>ὗ</span> <span class='ocrx_word' id='word_1_458' title='bbox 2122 4358 2286 4411; x_wconf 82' lang='grc' dir='ltr'>εἰσέτι</span> <span class='ocrx_word' id='word_1_459' title='bbox 2337 4357 2433 4411; x_wconf 81' lang='grc' dir='ltr'>νῦν</span> <span class='ocrx_word' id='word_1_460' title='bbox 2484 4356 2743 4426; x_wconf 80' lang='grc' dir='ltr'>δαίμονας</span> <span class='ocrx_word' id='word_1_461' title='bbox 2789 4350 3203 4416; x_wconf 78' lang='grc' dir='ltr'>ἀπελαύνεσθαι,</span> <span class='ocrx_word' id='word_1_462' title='bbox 3256 4353 3351 4406; x_wconf 75' lang='grc' dir='ltr'>καὶ</span> <span class='ocrx_word' id='word_1_463' title='bbox 3386 4351 3554 4413; x_wconf 73' lang='grc' dir='ltr'>ἰάσεις</span> 
     </span>
    </p>
   </div>
   <div class='ocr_carea' id='block_1_47' title="bbox 296 4425 1800 4519">
    <p class='ocr_par' dir='ltr' id='par_1_47' title="bbox 296 4425 1800 4503">
     <span class='ocr_line' id='line_1_47' title="bbox 296 4425 1800 4503; baseline 0.008 -27"><span class='ocrx_word' id='word_1_464' title='bbox 296 4425 366 4480; x_wconf 80' lang='lat' dir='ltr'><strong>ad</strong></span> <span class='ocrx_word' id='word_1_465' title='bbox 396 4426 516 4497; x_wconf 72' lang='lat' dir='ltr'><strong>ejus</strong></span> <span class='ocrx_word' id='word_1_466' title='bbox 553 4429 864 4498; x_wconf 88' lang='lat' dir='ltr'><strong>sepulcrum</strong></span> <span class='ocrx_word' id='word_1_467' title='bbox 894 4431 1093 4503; x_wconf 82' lang='lat' dir='ltr'><strong>fugari,</strong></span> <span class='ocrx_word' id='word_1_468' title='bbox 1142 4448 1207 4489; x_wconf 86' lang='lat' dir='ltr'><strong>ac</strong></span> <span class='ocrx_word' id='word_1_469' title='bbox 1247 4435 1535 4489; x_wconf 90' lang='lat' dir='ltr'><strong>nonnullas</strong></span> <span class='ocrx_word' id='word_1_470' title='bbox 1565 4436 1800 4490; x_wconf 82' lang='lat' dir='ltr'><strong>curatiou</strong></span> 
     </span>
    </p>
   </div>
   <div class='ocr_carea' id='block_1_48' title="bbox 2049 4425 3553 4519">
    <p class='ocr_par' dir='ltr' id='par_1_48' title="bbox 2049 4425 3553 4519">
     <span class='ocr_line' id='line_1_48' title="bbox 2049 4425 3553 4519; baseline -0.007 -18"><span class='ocrx_word' id='word_1_471' title='bbox 2049 4450 2130 4513; x_wconf 68' lang='grc' dir='ltr'><strong>δάς</strong></span> <span class='ocrx_word' id='word_1_472' title='bbox 2150 4449 2415 4519; x_wconf 69' lang='grc' dir='ltr'>γίνεσθαι.</span> <span class='ocrx_word' id='word_1_473' title='bbox 2448 4449 2537 4501; x_wconf 80' lang='grc' dir='ltr'>Ἑν</span> <span class='ocrx_word' id='word_1_474' title='bbox 2636 4447 2730 4499; x_wconf 79' lang='grc' dir='ltr'>καὶ</span> <span class='ocrx_word' id='word_1_475' title='bbox 2763 4443 2870 4508; x_wconf 80' lang='grc' dir='ltr'><strong>ζῶν</strong></span> <span class='ocrx_word' id='word_1_476' title='bbox 2903 4442 3185 4513; x_wconf 73' lang='grc' dir='ltr'>ἐτύγχανε,</span> <span class='ocrx_word' id='word_1_477' title='bbox 3216 4441 3388 4495; x_wconf 80' lang='grc' dir='ltr'>πολλά</span> <span class='ocrx_word' id='word_1_478' title='bbox 3421 4440 3553 4492; x_wconf 74' lang='lat' dir='ltr'><strong>Ouu-</strong></span> 
     </span>
    </p>
   </div>
   <div class='ocr_carea' id='block_1_49' title="bbox 299 4516 1803 4613">
    <p class='ocr_par' dir='ltr' id='par_1_49' title="bbox 299 4516 1800 4598">
     <span class='ocr_line' id='line_1_49' title="bbox 299 4516 1800 4598; baseline 0.008 -27"><span class='ocrx_word' id='word_1_479' title='bbox 299 4516 442 4573; x_wconf 84' lang='lat' dir='ltr'><strong>tieri.</strong></span> <span class='ocrx_word' id='word_1_480' title='bbox 476 4517 581 4575; x_wconf 87' lang='lat' dir='ltr'><strong>Sed</strong></span> <span class='ocrx_word' id='word_1_481' title='bbox 602 4530 658 4576; x_wconf 91' lang='lat' dir='ltr'><strong>et</strong></span> <span class='ocrx_word' id='word_1_482' title='bbox 694 4522 898 4578; x_wconf 84' lang='lat' dir='ltr'><strong>viventi</strong></span> <span class='ocrx_word' id='word_1_483' title='bbox 926 4526 1225 4580; x_wconf 88' lang='lat' dir='ltr'><strong>etiamnum</strong></span> <span class='ocrx_word' id='word_1_484' title='bbox 1278 4526 1445 4581; x_wconf 89' lang='lat' dir='ltr'><strong>multa</strong></span> <span class='ocrx_word' id='word_1_485' title='bbox 1487 4526 1733 4598; x_wconf 84' lang='lat' dir='ltr'><strong>prodigia</strong></span> <span class='ocrx_word' id='word_1_486' title='bbox 1781 4538 1800 4583; x_wconf 93' lang='lat' dir='ltr'><strong>t</strong></span> 
     </span>
    </p>
   </div>
   <div class='ocr_carea' id='block_1_50' title="bbox 1180 4516 2684 4613">
    <p class='ocr_par' dir='ltr' id='par_1_50' title="bbox 1180 4516 2684 4613">
     <span class='ocr_line' id='line_1_50' title="bbox 1180 4516 2684 4613; baseline 0.001 -25"><span class='ocrx_word' id='word_1_487' title='bbox 1180 4541 1225 4579; x_wconf 75' lang='grc' dir='ltr'>ω</span> <span class='ocrx_word' id='word_1_488' title='bbox 1278 4526 1445 4581; x_wconf 69' lang='lat' dir='ltr'><strong>mlllla</strong></span> <span class='ocrx_word' id='word_1_489' title='bbox 1487 4526 1733 4598; x_wconf 74' lang='lat' dir='ltr'><strong>prodigia</strong></span> <span class='ocrx_word' id='word_1_490' title='bbox 1781 4528 1877 4583; x_wconf 69' lang='grc' dir='ltr'><strong>ιΐί-</strong></span> <span class='ocrx_word' id='word_1_491' title='bbox 1983 4516 2331 4613; x_wconf 26' lang='grc' dir='ltr'>μᾶσιαναὺτῷ</span> <span class='ocrx_word' id='word_1_492' title='bbox 2353 4539 2684 4593; x_wconf 86' lang='grc' dir='ltr'>ἀνατιθέασι.</span> 
     </span>
    </p>
   </div>
   <div class='ocr_carea' id='block_1_51' title="bbox 302 4608 1205 4686">
    <p class='ocr_par' dir='ltr' id='par_1_51' title="bbox 302 4608 1205 4686">
     <span class='ocr_line' id='line_1_51' title="bbox 302 4608 1205 4686; baseline 0.008 -23"><span class='ocrx_word' id='word_1_493' title='bbox 302 4608 567 4667; x_wconf 88' lang='lat' dir='ltr'><strong>buuntur.</strong></span> <span class='ocrx_word' id='word_1_494' title='bbox 606 4610 737 4668; x_wconf 76' lang='lat' dir='ltr'><strong>Vide</strong></span> <span class='ocrx_word' id='word_1_495' title='bbox 764 4613 956 4669; x_wconf 80' lang='lat' dir='ltr'><strong>ibidem</strong></span> <span class='ocrx_word' id='word_1_496' title='bbox 981 4616 1205 4686; x_wconf 86' lang='lat' dir='ltr'><strong>reliqua.</strong></span> 
     </span>
    </p>
   </div>
   <div class='ocr_carea' id='block_1_52' title="bbox 372 4815 3551 4896">
    <p class='ocr_par' dir='ltr' id='par_1_52' title="bbox 372 4815 3551 4896">
     <span class='ocr_line' id='line_1_52' title="bbox 372 4815 3551 4896; baseline -0.003 -20"><span class='ocrx_word' id='word_1_497' title='bbox 372 4819 695 4878; x_wconf 76' lang='lat' dir='ltr'><strong>Mentionem</strong></span> <span class='ocrx_word' id='word_1_498' title='bbox 723 4823 956 4894; x_wconf 75' lang='lat' dir='ltr'><strong>ejusdem</strong></span> <span class='ocrx_word' id='word_1_499' title='bbox 986 4826 1115 4896; x_wconf 81' lang='lat' dir='ltr'><strong>facit</strong></span> <span class='ocrx_word' id='word_1_500' title='bbox 1148 4836 1196 4881; x_wconf 89' lang='lat' dir='ltr'><strong>et</strong></span> <span class='ocrx_word' id='word_1_501' title='bbox 1219 4826 1489 4893; x_wconf 86' lang='lat' dir='ltr'><strong>Socrates,</strong></span> <span class='ocrx_word' id='word_1_502' title='bbox 1520 4826 1613 4882; x_wconf 85' lang='lat' dir='ltr'><strong>lib.</strong></span> <span class='ocrx_word' id='word_1_503' title='bbox 1649 4843 1722 4891; x_wconf 74' lang='grc' dir='ltr'><strong>γι,</strong></span> <span class='ocrx_word' id='word_1_504' title='bbox 1748 4843 1864 4894; x_wconf 86' lang='lat' dir='ltr'><strong>cap.</strong></span> <span class='ocrx_word' id='word_1_505' title='bbox 1893 4826 1983 4893; x_wconf 74' lang='lat'><strong>10,</strong></span> <span class='ocrx_word' id='word_1_506' title='bbox 2008 4826 2095 4892; x_wconf 80' lang='lat' dir='ltr'><strong>H,</strong></span> <span class='ocrx_word' id='word_1_507' title='bbox 2126 4825 2182 4878; x_wconf 88' lang='lat' dir='ltr'><strong>in</strong></span> <span class='ocrx_word' id='word_1_508' title='bbox 2210 4824 2436 4877; x_wconf 84' lang='lat' dir='ltr'><strong>historia</strong></span> <span class='ocrx_word' id='word_1_509' title='bbox 2461 4822 2841 4892; x_wconf 82' lang='lat' dir='ltr'><strong>Chrysostomi.</strong></span> <span class='ocrx_word' id='word_1_510' title='bbox 2886 4821 3207 4875; x_wconf 76' lang='lat' dir='ltr'><strong>Sozmr’nus</strong></span> <span class='ocrx_word' id='word_1_511' title='bbox 3236 4832 3439 4887; x_wconf 86' lang='lat' dir='ltr'><strong>quoque</strong></span> <span class='ocrx_word' id='word_1_512' title='bbox 3456 4815 3551 4868; x_wconf 85' lang='lat' dir='ltr'><strong>lib.</strong></span> 
     </span>
    </p>
   </div>
   <div class='ocr_carea' id='block_1_53' title="bbox 300 4906 3551 4990">
    <p class='ocr_par' dir='ltr' id='par_1_53' title="bbox 300 4906 3551 4990">
     <span class='ocr_line' id='line_1_53' title="bbox 300 4906 3551 4990; baseline -0.003 -23"><span class='ocrx_word' id='word_1_513' title='bbox 300 4929 420 4980; x_wconf 86' lang='lat' dir='ltr'><strong>vm,</strong></span> <span class='ocrx_word' id='word_1_514' title='bbox 452 4929 569 4984; x_wconf 88' lang='lat' dir='ltr'><strong>cap.</strong></span> <span class='ocrx_word' id='word_1_515' title='bbox 599 4913 690 4978; x_wconf 72' lang='lat' dir='ltr'><strong>ﬂ,</strong></span> <span class='ocrx_word' id='word_1_516' title='bbox 724 4922 775 4968; x_wconf 89' lang='lat' dir='ltr'><strong>et</strong></span> <span class='ocrx_word' id='word_1_517' title='bbox 795 4930 859 4969; x_wconf 73' lang='lat' dir='ltr'><strong>ea:</strong></span> <span class='ocrx_word' id='word_1_518' title='bbox 883 4915 995 4969; x_wconf 90' lang='lat' dir='ltr'><strong>illis</strong></span> <span class='ocrx_word' id='word_1_519' title='bbox 1019 4913 1350 4986; x_wconf 86' lang='lat' dir='ltr'><strong>Nicephorus</strong></span> <span class='ocrx_word' id='word_1_520' title='bbox 1385 4917 1477 4971; x_wconf 89' lang='lat' dir='ltr'><strong>lib.</strong></span> <span class='ocrx_word' id='word_1_521' title='bbox 1504 4932 1627 4983; x_wconf 77' lang='lat' dir='ltr'><strong>xui,</strong></span> <span class='ocrx_word' id='word_1_522' title='bbox 1657 4933 1774 4985; x_wconf 89' lang='lat' dir='ltr'><strong>cap.</strong></span> <span class='ocrx_word' id='word_1_523' title='bbox 1830 4914 1919 4969; x_wconf 73' lang='grc'><strong>12.</strong></span> <span class='ocrx_word' id='word_1_524' title='bbox 1950 4915 2056 4969; x_wconf 84' lang='lat' dir='ltr'><strong>Sed</strong></span> <span class='ocrx_word' id='word_1_525' title='bbox 2093 4913 2308 4967; x_wconf 81' lang='lat' dir='ltr'><strong>cavendi</strong></span> <span class='ocrx_word' id='word_1_526' title='bbox 2341 4912 2508 4990; x_wconf 38' lang='lat' dir='ltr'><strong>iidem.</strong></span> <span class='ocrx_word' id='word_1_527' title='bbox 2548 4911 2631 4964; x_wconf 89' lang='lat' dir='ltr'><strong>illi</strong></span> <span class='ocrx_word' id='word_1_528' title='bbox 2659 4912 2937 4981; x_wconf 80' lang='lat' dir='ltr'><strong>scriptores</strong></span> <span class='ocrx_word' id='word_1_529' title='bbox 2964 4951 2979 4974; x_wconf 92' lang='lat'><strong>,</strong></span> <span class='ocrx_word' id='word_1_530' title='bbox 3023 4909 3151 4961; x_wconf 87' lang='lat' dir='ltr'><strong>dum</strong></span> <span class='ocrx_word' id='word_1_531' title='bbox 3195 4906 3551 4977; x_wconf 77' lang='lat' dir='ltr'><strong>Epiphaniam</strong></span> 
     </span>
    </p>
   </div>
   <div class='ocr_carea' id='block_1_54' title="bbox 304 5001 3551 5080">
    <p class='ocr_par' dir='ltr' id='par_1_54' title="bbox 304 5001 3551 5080">
     <span class='ocr_line' id='line_1_54' title="bbox 304 5001 3551 5080; baseline -0.002 -23"><span class='ocrx_word' id='word_1_532' title='bbox 304 5005 536 5073; x_wconf 82' lang='lat' dir='ltr'><strong>referunt</strong></span> <span class='ocrx_word' id='word_1_533' title='bbox 572 5005 1237 5078; x_wconf 80' lang='lat' dir='ltr'><strong>Anthropomorphitarum</strong></span> <span class='ocrx_word' id='word_1_534' title='bbox 1282 5008 1435 5062; x_wconf 88' lang='lat' dir='ltr'><strong>initio</strong></span> <span class='ocrx_word' id='word_1_535' title='bbox 1489 5010 1721 5080; x_wconf 88' lang='lat' dir='ltr'><strong>dogmati</strong></span> <span class='ocrx_word' id='word_1_536' title='bbox 1766 5008 2105 5063; x_wconf 63' lang='lat' dir='ltr'><strong>inhaerentem</strong></span> <span class='ocrx_word' id='word_1_537' title='bbox 2126 5048 2142 5073; x_wconf 91' lang='lat'><strong>,</strong></span> <span class='ocrx_word' id='word_1_538' title='bbox 2186 5017 2236 5061; x_wconf 88' lang='lat' dir='ltr'><strong>et</strong></span> <span class='ocrx_word' id='word_1_539' title='bbox 2274 5023 2307 5059; x_wconf 89' lang='lat' dir='ltr'><strong>a</strong></span> <span class='ocrx_word' id='word_1_540' title='bbox 2334 5004 2614 5073; x_wconf 87' lang='lat' dir='ltr'><strong>Theophila</strong></span> <span class='ocrx_word' id='word_1_541' title='bbox 2644 5020 2874 5058; x_wconf 87' lang='lat' dir='ltr'><strong>errorem</strong></span> <span class='ocrx_word' id='word_1_542' title='bbox 2908 5001 3208 5064; x_wconf 80' lang='lat' dir='ltr'><strong>dedoctum,</strong></span> <span class='ocrx_word' id='word_1_543' title='bbox 3234 5002 3405 5054; x_wconf 86' lang='lat' dir='ltr'><strong>eidem</strong></span> <span class='ocrx_word' id='word_1_544' title='bbox 3431 5013 3551 5068; x_wconf 88' lang='lat' dir='ltr'><strong>pro-</strong></span> 
     </span>
    </p>
   </div>
   <div class='ocr_carea' id='block_1_55' title="bbox 302 5097 3549 5173">
    <p class='ocr_par' dir='ltr' id='par_1_55' title="bbox 302 5097 3549 5173">
     <span class='ocr_line' id='line_1_55' title="bbox 302 5097 3549 5173; baseline -0.001 -22"><span class='ocrx_word' id='word_1_545' title='bbox 302 5107 482 5166; x_wconf 87' lang='lat' dir='ltr'><strong>pterea</strong></span> <span class='ocrx_word' id='word_1_546' title='bbox 514 5097 733 5165; x_wconf 78' lang='lat' dir='ltr'><strong>favisse,</strong></span> <span class='ocrx_word' id='word_1_547' title='bbox 762 5110 918 5171; x_wconf 83' lang='lat' dir='ltr'><strong>atque</strong></span> <span class='ocrx_word' id='word_1_548' title='bbox 946 5100 1225 5173; x_wconf 85' lang='lat' dir='ltr'><strong>Origenem</strong></span> <span class='ocrx_word' id='word_1_549' title='bbox 1277 5101 1579 5160; x_wconf 83' lang='lat' dir='ltr'><strong>damnasse.</strong></span> <span class='ocrx_word' id='word_1_550' title='bbox 1636 5102 1860 5158; x_wconf 81' lang='lat' dir='ltr'><strong>Fallunt</strong></span> <span class='ocrx_word' id='word_1_551' title='bbox 1896 5105 2035 5157; x_wconf 85' lang='lat' dir='ltr'><strong>enim</strong></span> <span class='ocrx_word' id='word_1_552' title='bbox 2059 5142 2074 5169; x_wconf 94' lang='lat'><strong>,</strong></span> <span class='ocrx_word' id='word_1_553' title='bbox 2126 5110 2218 5154; x_wconf 89' lang='lat' dir='ltr'><strong>aut</strong></span> <span class='ocrx_word' id='word_1_554' title='bbox 2265 5100 2533 5170; x_wconf 82' lang='lat' dir='ltr'><strong>falluntur</strong></span> <span class='ocrx_word' id='word_1_555' title='bbox 2573 5099 2813 5152; x_wconf 85' lang='lat' dir='ltr'><strong>historici</strong></span> <span class='ocrx_word' id='word_1_556' title='bbox 2862 5099 2945 5152; x_wconf 88' lang='lat' dir='ltr'><strong>illi</strong></span> <span class='ocrx_word' id='word_1_557' title='bbox 2992 5097 3208 5168; x_wconf 88' lang='lat' dir='ltr'><strong>Origeni</strong></span> <span class='ocrx_word' id='word_1_558' title='bbox 3246 5097 3367 5166; x_wconf 88' lang='lat' dir='ltr'><strong>plus</strong></span> <span class='ocrx_word' id='word_1_559' title='bbox 3404 5110 3549 5166; x_wconf 65' lang='lat' dir='ltr'><strong>inquo</strong></span> 
     </span>
    </p>
   </div>
   <div class='ocr_carea' id='block_1_56' title="bbox 304 5186 3548 5263">
    <p class='ocr_par' dir='ltr' id='par_1_56' title="bbox 304 5186 3548 5263">
     <span class='ocr_line' id='line_1_56' title="bbox 304 5186 3548 5263; baseline -0 -22"><span class='ocrx_word' id='word_1_560' title='bbox 304 5186 495 5251; x_wconf 88' lang='lat' dir='ltr'><strong>dediti,</strong></span> <span class='ocrx_word' id='word_1_561' title='bbox 534 5196 586 5241; x_wconf 88' lang='lat' dir='ltr'><strong>et</strong></span> <span class='ocrx_word' id='word_1_562' title='bbox 612 5205 729 5242; x_wconf 85' lang='lat' dir='ltr'><strong>eam</strong></span> <span class='ocrx_word' id='word_1_563' title='bbox 753 5192 864 5244; x_wconf 76' lang='lat' dir='ltr'><strong>viro</strong></span> <span class='ocrx_word' id='word_1_564' title='bbox 897 5195 1232 5248; x_wconf 85' lang='lat' dir='ltr'><strong>sanctissimo</strong></span> <span class='ocrx_word' id='word_1_565' title='bbox 1282 5210 1346 5248; x_wconf 89' lang='lat' dir='ltr'><strong>ac</strong></span> <span class='ocrx_word' id='word_1_566' title='bbox 1373 5196 1678 5249; x_wconf 86' lang='lat' dir='ltr'><strong>doctissimo</strong></span> <span class='ocrx_word' id='word_1_567' title='bbox 1726 5195 2051 5250; x_wconf 84' lang='lat' dir='ltr'><strong>calumniam</strong></span> <span class='ocrx_word' id='word_1_568' title='bbox 2092 5202 2395 5263; x_wconf 86' lang='lat' dir='ltr'><strong>aspergunt,</strong></span> <span class='ocrx_word' id='word_1_569' title='bbox 2420 5208 2580 5263; x_wconf 87' lang='lat' dir='ltr'><strong>quam</strong></span> <span class='ocrx_word' id='word_1_570' title='bbox 2606 5188 2896 5245; x_wconf 74' lang='lat' dir='ltr'><strong>Catholici:</strong></span> <span class='ocrx_word' id='word_1_571' title='bbox 2939 5191 3201 5257; x_wconf 83' lang='lat' dir='ltr'><strong>imponere</strong></span> <span class='ocrx_word' id='word_1_572' title='bbox 3235 5189 3389 5259; x_wconf 82' lang='lat' dir='ltr'><strong>vulgo</strong></span> <span class='ocrx_word' id='word_1_573' title='bbox 3425 5187 3548 5243; x_wconf 86' lang='lat' dir='ltr'><strong>Ori-</strong></span> 
     </span>
    </p>
   </div>
   <div class='ocr_carea' id='block_1_57' title="bbox 304 5282 3551 5365">
    <p class='ocr_par' dir='ltr' id='par_1_57' title="bbox 304 5282 3551 5365">
     <span class='ocr_line' id='line_1_57' title="bbox 304 5282 3551 5365; baseline 0 -32"><span class='ocrx_word' id='word_1_574' title='bbox 304 5282 525 5365; x_wconf 63' lang='lat' dir='ltr'><strong>gcnista;</strong></span> <span class='ocrx_word' id='word_1_575' title='bbox 551 5295 960 5350; x_wconf 84' lang='lat' dir='ltr'><strong>consueverant;</strong></span> <span class='ocrx_word' id='word_1_576' title='bbox 991 5288 1071 5340; x_wconf 91' lang='lat' dir='ltr'><strong>uti</strong></span> <span class='ocrx_word' id='word_1_577' title='bbox 1097 5289 1350 5342; x_wconf 88' lang='lat' dir='ltr'><strong>nimirum</strong></span> <span class='ocrx_word' id='word_1_578' title='bbox 1391 5287 1561 5363; x_wconf 84' lang='lat' dir='ltr'><strong>Deum</strong></span> <span class='ocrx_word' id='word_1_579' title='bbox 1581 5290 1646 5342; x_wconf 93' lang='lat' dir='ltr'><strong>ab</strong></span> <span class='ocrx_word' id='word_1_580' title='bbox 1675 5289 1787 5343; x_wconf 87' lang='lat' dir='ltr'><strong>illis</strong></span> <span class='ocrx_word' id='word_1_581' title='bbox 1825 5303 2165 5357; x_wconf 87' lang='lat' dir='ltr'><strong>corporeum,</strong></span> <span class='ocrx_word' id='word_1_582' title='bbox 2201 5304 2263 5342; x_wconf 87' lang='lat' dir='ltr'><strong>ac</strong></span> <span class='ocrx_word' id='word_1_583' title='bbox 2310 5289 2559 5342; x_wconf 88' lang='lat' dir='ltr'><strong>membris</strong></span> <span class='ocrx_word' id='word_1_584' title='bbox 2595 5288 2705 5342; x_wconf 85' lang='lat' dir='ltr'><strong>suis</strong></span> <span class='ocrx_word' id='word_1_585' title='bbox 2758 5289 2987 5341; x_wconf 89' lang='lat' dir='ltr'><strong>humano</strong></span> <span class='ocrx_word' id='word_1_586' title='bbox 3050 5301 3190 5339; x_wconf 88' lang='lat' dir='ltr'><strong>more</strong></span> <span class='ocrx_word' id='word_1_587' title='bbox 3228 5293 3551 5338; x_wconf 78' lang='lat' dir='ltr'><strong>constantem</strong></span> 
     </span>
    </p>
   </div>
   <div class='ocr_carea' id='block_1_58' title="bbox 308 5364 3551 5455">
    <p class='ocr_par' dir='ltr' id='par_1_58' title="bbox 308 5364 3551 5455">
     <span class='ocr_line' id='line_1_58' title="bbox 308 5364 3551 5455; baseline 0.001 -31"><span class='ocrx_word' id='word_1_588' title='bbox 308 5364 475 5442; x_wconf 76' lang='lat' dir='ltr'><strong>ﬁngi,</strong></span> <span class='ocrx_word' id='word_1_589' title='bbox 503 5364 828 5455; x_wconf 65' lang='lat' dir='ltr'><strong>impudenter</strong></span> <span class='ocrx_word' id='word_1_590' title='bbox 867 5391 1175 5433; x_wconf 84' lang='lat' dir='ltr'><strong>assererem.</strong></span> <span class='ocrx_word' id='word_1_591' title='bbox 1228 5379 1373 5434; x_wconf 89' lang='lat' dir='ltr'><strong>Nam</strong></span> <span class='ocrx_word' id='word_1_592' title='bbox 1418 5380 1484 5434; x_wconf 86' lang='lat' dir='ltr'><strong>ab</strong></span> <span class='ocrx_word' id='word_1_593' title='bbox 1517 5381 1657 5436; x_wconf 85' lang='lat' dir='ltr'><strong>omni</strong></span> <span class='ocrx_word' id='word_1_594' title='bbox 1701 5381 1801 5434; x_wconf 85' lang='lat' dir='ltr'><strong>huc</strong></span> <span class='ocrx_word' id='word_1_595' title='bbox 1856 5381 2059 5435; x_wconf 86' lang='lat' dir='ltr'><strong>invidia</strong></span> <span class='ocrx_word' id='word_1_596' title='bbox 2085 5378 2443 5449; x_wconf 87' lang='lat' dir='ltr'><strong>Epiphanium</strong></span> <span class='ocrx_word' id='word_1_597' title='bbox 2477 5379 2713 5435; x_wconf 83' lang='lat' dir='ltr'><strong>sublevat</strong></span> <span class='ocrx_word' id='word_1_598' title='bbox 2763 5378 3112 5448; x_wconf 76' lang='lat' dir='ltr'><strong>Hieronymus</strong></span> <span class='ocrx_word' id='word_1_599' title='bbox 3138 5377 3362 5447; x_wconf 78' lang='lat' dir='ltr'><strong>epistola</strong></span> <span class='ocrx_word' id='word_1_600' title='bbox 3388 5372 3449 5428; x_wconf 75' lang='grc'><strong>61</strong></span> <span class='ocrx_word' id='word_1_601' title='bbox 3483 5372 3551 5427; x_wconf 85' lang='lat' dir='ltr'><strong>ad</strong></span> 
     </span>
    </p>
   </div>
   <div class='ocr_carea' id='block_1_59' title="bbox 307 5454 3549 5549">
    <p class='ocr_par' dir='ltr' id='par_1_59' title="bbox 307 5454 3549 5549">
     <span class='ocr_line' id='line_1_59' title="bbox 307 5454 3549 5549; baseline 0.001 -32"><span class='ocrx_word' id='word_1_602' title='bbox 307 5454 718 5549; x_wconf 65' lang='lat' dir='ltr'><strong>Pammachittm</strong></span> <span class='ocrx_word' id='word_1_603' title='bbox 765 5454 1269 5547; x_wconf 28' lang='lat' dir='ltr'><strong>coiitra‘joannem.</strong></span> <span class='ocrx_word' id='word_1_604' title='bbox 1298 5472 1567 5529; x_wconf 84' lang='lat' dir='ltr'><strong>Hierosol.</strong></span> <span class='ocrx_word' id='word_1_605' title='bbox 1626 5473 1750 5528; x_wconf 83' lang='lat' dir='ltr'><strong>Vide</strong></span> <span class='ocrx_word' id='word_1_606' title='bbox 1780 5472 2021 5527; x_wconf 81' lang='lat' dir='ltr'><strong>Annales</strong></span> <span class='ocrx_word' id='word_1_607' title='bbox 2065 5471 2266 5526; x_wconf 91' lang='lat' dir='ltr'><strong>Baron.</strong></span> <span class='ocrx_word' id='word_1_608' title='bbox 2302 5489 2441 5526; x_wconf 86' lang='lat' dir='ltr'><strong>anno</strong></span> <span class='ocrx_word' id='word_1_609' title='bbox 2475 5474 2773 5541; x_wconf 77' lang='lat' dir='ltr'><strong>prwsertim</strong></span> <span class='ocrx_word' id='word_1_610' title='bbox 2817 5470 2923 5528; x_wconf 66' lang='lat'><strong>592</strong></span> <span class='ocrx_word' id='word_1_611' title='bbox 2962 5482 3012 5526; x_wconf 85' lang='lat' dir='ltr'><strong>et</strong></span> <span class='ocrx_word' id='word_1_612' title='bbox 3045 5464 3167 5528; x_wconf 78' lang='lat'><strong>595.</strong></span> <span class='ocrx_word' id='word_1_613' title='bbox 3195 5468 3299 5525; x_wconf 84' lang='lat' dir='ltr'><strong>Sed</strong></span> <span class='ocrx_word' id='word_1_614' title='bbox 3322 5479 3372 5524; x_wconf 87' lang='lat' dir='ltr'><strong>et</strong></span> <span class='ocrx_word' id='word_1_615' title='bbox 3418 5467 3549 5522; x_wconf 82' lang='lat' dir='ltr'><strong>alios</strong></span> 
     </span>
    </p>
   </div>
   <div class='ocr_carea' id='block_1_60' title="bbox 307 5548 1730 5643">
    <p class='ocr_par' dir='ltr' id='par_1_60' title="bbox 307 5548 1730 5643">
     <span class='ocr_line' id='line_1_60' title="bbox 307 5548 1730 5643; baseline 0.006 -34"><span class='ocrx_word' id='word_1_616' title='bbox 307 5548 572 5628; x_wconf 80' lang='lat' dir='ltr'><strong>deinceps,</strong></span> <span class='ocrx_word' id='word_1_617' title='bbox 597 5559 653 5613; x_wconf 90' lang='lat' dir='ltr'><strong>in</strong></span> <span class='ocrx_word' id='word_1_618' title='bbox 679 5561 879 5631; x_wconf 27' lang='lat' dir='ltr'><strong>quibus.</strong></span> <span class='ocrx_word' id='word_1_619' title='bbox 1205 5575 1349 5636; x_wconf 80' lang='lat' dir='ltr'><strong>gesta</strong></span> <span class='ocrx_word' id='word_1_620' title='bbox 1377 5567 1730 5636; x_wconf 86' lang='lat' dir='ltr'><strong>prosequitur.</strong></span> 
     </span>
    </p>
   </div>
   <div class='ocr_carea' id='block_1_61' title="bbox 973 5642 2851 5745">
    <p class='ocr_par' dir='ltr' id='par_1_61' title="bbox 973 5642 2851 5745">
     <span class='ocr_line' id='line_1_61' title="bbox 973 5642 2851 5745; baseline -0.001 -32"><span class='ocrx_word' id='word_1_621' title='bbox 973 5642 1384 5745; x_wconf 17' lang='lat' dir='ltr'><strong>“infamauerunt</strong></span> <span class='ocrx_word' id='word_1_622' title='bbox 1412 5663 1523 5733; x_wconf 87' lang='lat' dir='ltr'><strong>ejus</strong></span> <span class='ocrx_word' id='word_1_623' title='bbox 1548 5673 1799 5732; x_wconf 76' lang='lat' dir='ltr'><strong>prreterea</strong></span> <span class='ocrx_word' id='word_1_624' title='bbox 1837 5671 1884 5716; x_wconf 87' lang='lat' dir='ltr'><strong>et</strong></span> <span class='ocrx_word' id='word_1_625' title='bbox 1914 5659 2148 5716; x_wconf 74' lang='lat' dir='ltr'><strong>Nicazna:</strong></span> <span class='ocrx_word' id='word_1_626' title='bbox 2178 5659 2362 5731; x_wconf 81' lang='lat' dir='ltr'><strong>synodi</strong></span> <span class='ocrx_word' id='word_1_627' title='bbox 2399 5659 2640 5714; x_wconf 76' lang='lat' dir='ltr'><strong>secunda:</strong></span> <span class='ocrx_word' id='word_1_628' title='bbox 2669 5655 2851 5729; x_wconf 75' lang='lat' dir='ltr'><strong>Acta.]</strong></span> 
     </span>
    </p>
   </div>
  </div>
