3842 6114
311 382 378 438 25
1572 375 1631 431 S.
1676 372 2018 428 EPIPHANII
2060 372 2237 429 VlT.\.
3483 365 3553 418 ‘26

312 497 468 552 αὑτοῦ
507 496 572 550 τὸ
613 495 729 560 πῶς
757 495 1041 566 διαθρέψαι
1073 492 1409 564 Ἐπιφάνιον,
1447 493 1539 546 καὶ
1566 492 1663 563 τὴν
1692 491 1878 545 τούτου

1987 491 2215 546 sollicita
2248 498 2412 555 essm,
2438 491 2712 560 quomodo
2744 489 3106 561 Epiphanium
3138 490 3328 555 aleret,
3364 497 3418 542 et
3446 491 3563 560 ejus

314 594 571 666 ἀδελφὴν,
619 593 805 662 ἐπειδὴ
852 592 1180 664 συμμέτρως
1223 591 1408 660 διῆγον
1459 589 1528 642 τά
1575 588 1880 658 σωματικά.

313 686 425 739 Τῶν
449 685 507 738 δὲ
532 684 765 755 ἐχόντων
791 682 1081 751 ὑποζύγιον
1109 683 1343 737 ἄτακτον
1388 680 1524 751 πρὸς
1558 679 1882 751 ὑπηρεσίαν,

312 768 456 825 εἶπεν
510 773 547 841 ἡ
601 773 785 842 μήτηρ
832 770 994 824 αὑτοῦ
1066 770 1201 841 πρὸς
1254 768 1599 838 Ἐπιφάνιον·
1647 767 1881 829 Τέκνον,

312 861 488 932 ἐπειδὴ
531 861 791 914 στένωσιν
824 862 952 931 ἡμῖν
980 860 1209 931 παρέχει
1251 863 1280 913 ὁ
1319 856 1466 923 οἶκος
1492 858 1619 929 περὶ
1647 858 1745 920 τὰς
1778 874 1883 910 σω-

312 952 543 1024 ματικὰς
592 953 813 1025 χρείας,
852 953 943 1006 καὶ
993 951 1265 1024 χρῄζομεν
1313 951 1608 1021 ἐδωδίμων,
1652 949 1783 1003 λάϐε
1825 950 1886 1002 τὸ

310 1044 599 1113 ὑποζύγιον
627 1045 688 1096 τὸ
713 1042 772 1096 ὃν
798 1044 856 1095 ἐν
890 1041 969 1113 τῷ
995 1044 1126 1113 οἴκῳ
1151 1042 1307 1113 ἡμῶν
1328 1059 1342 1074 ·
1387 1041 1480 1094 καὶ
1503 1039 1705 1093 ἄπελθε
1729 1040 1786 1091 ἐν
1814 1042 1881 1109 τῇ

309 1135 612 1208 πανηγύρει
635 1174 651 1199 ,
684 1136 778 1188 καὶ
820 1134 1069 1205 πώλησον
1101 1134 1260 1188 αὑτό·
1293 1133 1386 1186 καὶ
1428 1133 1744 1202 ποιήσωμεν
1784 1132 1882 1201 τὴν

307 1226 462 1298 ἡμῶν
489 1227 628 1297 πρὸς
655 1224 947 1297 διατροφὴν
973 1224 1178 1296 χρείαν.
1209 1224 1268 1274 Ὀ
1289 1224 1346 1275 δὲ
1378 1222 1701 1291 »Ἐπιφάνιος
1729 1218 1882 1273 εἶπεν

307 1316 440 1387 πρὸς
472 1317 573 1388 τὴν
609 1316 803 1369 ἑαυτοῦ
840 1316 1081 1387 μητέρα⁶
1114 1314 1338 1384 Μῆτερ,
1375 1315 1439 1366 σὺ
1460 1312 1764 1381 γινώσκεις,
1801 1312 1881 1364 ὅτι

306 1407 539 1461 ἆτακτόν
578 1409 725 1460 ἐστιν
757 1407 818 1459 τὸ
863 1406 1156 1475 ὑποζύγιον
1185 1405 1342 1476 ἡμῶν
1365 1422 1376 1436 ο
1418 1406 1510 1457 καὶ
1555 1404 1736 1468 ἔσται,
1784 1403 1880 1456 ἐὰν

305 1499 521 1553 ἀπέλθω
542 1500 637 1552 ἐπὶ
664 1499 726 1551 τὸ
751 1499 1092 1569 διαπωλῆσαι
1122 1498 1272 1563 αὐτὸ,
1297 1496 1494 1558 εἰδότες
1520 1496 1567 1548 oi
1592 1493 1883 1563 συναχθέν-

303 1608 391 1654 τες
416 1589 611 1660 ἄνδρες
650 1591 708 1642 ἐν
740 1589 817 1660 τῷ
856 1576 1006 1659 τόπῖμ
1044 1590 1235 1659 ἐκείνῳ
1281 1588 1378 1658 τὴν
1424 1586 1649 1653 ἀταξίαν
1692 1585 1876 1647 αὐτοῧ,

267 1660 280 1675 ’
303 1680 708 1751 τιμωρήσονται
759 1697 823 1750 με
850 1679 1119 1748 λέγοντες,
1168 1680 1249 1732 ὅτι
1280 1679 1463 1731 Κακὸν
1492 1677 1650 1748 ἔχων,
1695 1676 1879 1738 κακῶς

303 1769 581 1841 ύπομένῃς
611 1769 751 1823 κατὰ
782 1769 874 1822 τὸν
900 1769 1087 1840 νόμον.
1124 1764 1290 1823 Εἶπεν
1319 1768 1428 1838 δέή
1458 1767 1641 1837 μήτηρ
1676 1764 1842 1819 αὑτοῦ
1861 1783 1873 1793 ·

305 1860 579 1927 Ἀπελθε,
623 1862 846 1914 τέκνον·
895 1861 988 1914 καὶ
1031 1863 1059 1914 ὁ
1098 1860 1232 1924 Θεὸς
1269 1858 1379 1913 τῶν
1406 1858 1678 1928 τπατέρων
1721 1857 1876 1927 ἡμῶν

235 2017 238 2019 Α
310 1948 565 2021 Ἀϐραὰμ
610 1950 706 2003 καὶ
759 1950 942 2003 Ἰσαὰκ
990 1950 1080 2002 καὶ⁹
1133 1947 1326 2002 Ἰακὼϐ
1356 1947 1517 2003 δώσει
1556 1946 1767 2000 σύνεσιν
1804 1946 1879 2016 τῷ

298 2033 613 2111 ὑποζυγίῳ,
662 2040 811 2104 ὅπως
857 2039 944 2094 διὰ
989 2038 1085 2093 τοῦ
1140 2040 1449 2111 τιμήματος
1501 2037 1666 2091 αὐτοῦ
1718 2039 1879 2107 ἡμεῖς

295 2131 727 2204 διακονηθῶμεν.
763 2133 821 2185 'U
851 2132 907 2187 δὲ
946 2133 1256 2200 Ἐπιφάνιος
1295 2130 1761 2200 ἐπικαλεσάμενος
1786 2128 1877 2181 τὸν

294 2224 444 2289 Θεὸν,
495 2223 590 2276 τὸν
641 2223 800 2277 δόντα
831 2223 992 2294 χάριν
1040 2222 1120 2292 τῷ
1162 2224 1386 2276 Μωῦσεῖ
1428 2221 1695 2274 ἐπιτελεῖν
1740 2220 1878 2273 κατὰ

300 2314 595 2382 πρόσωπον
622 2314 824 2384 Φαραὼ
854 2313 922 2365 τὰ
960 2315 1161 2383 σημεῖα
1193 2313 1259 2366 τὰ
1289 2312 1542 2383 μέγιστα,
1585 2310 1883 2382 ἐπορεύθη,

297 2402 622 2472 βουλόμενος
653 2401 750 2472 τὴν
778 2401 1024 2470 ὑπακοὴν
1046 2400 1146 2470 τῆς
1170 2399 1304 2463 ἰδίας
1333 2399 1538 2470 μητρὸς
1568 2397 1876 2469 πληρῶσαι.

358 2493 435 2547 B'.
464 2493 577 2545 Kal.
603 2492 667 2564 δὴ
701 2491 956 2545 είσελθὼν
985 2494 1065 2555 είς
1089 2492 1189 2563 τὴν
1222 2482 1549 2563 πανήγυριν,
1577 2491 1795 2559 ἐγένετο
1819 2492 1881 2543 τὸ

293 2580 592 2651 ὑποζύγιον
629 2581 690 2634 τὸ
718 2574 982 2644 ἄτακτον,
1018 2580 1308 2643 εὔτακτον,
1361 2583 1455 2634 καὶ
1486 2581 1652 2651 πολλῇ
1702 2581 1881 2650 πραΰ-

292 2689 411 2743 τητι
443 2673 883 2744 κεκοσμημένον.
918 2670 1256 2743 Παρεγένετο
1278 2671 1336 2723 δέ
1366 2689 1448 2743 τις
1465 2672 1716 2735 Ἰουδαῖος
1741 2673 1878 2743 ἀνὴρ

292 2763 769 2833 πραγματευτὴς,
814 2762 1036 2832 ὀνόματι
1093 2759 1320 2814 Ἰακώϐ*
1388 2761 1480 2813 καὶ
1533 2754 1686 2814 εἶπεν
1744 2762 1879 2832 πρὸς

305 2853 642 2921 Ἐπιιράνιοψ
677 2852 883 2915 Βούλει,
910 2852 1142 2915 παιδίον,
1177 2852 1237 2904 τὸ
1255 2850 1554 2921 ὑποζύγιον
1577 2852 1734 2906 τοῦτο
1763 2871 1878 2906 πω-

292 2941 487 3011 tam;
534 2943 594 2995 Ὁ
634 2942 691 2995 δὲ
733 2942 1046 3010 Ἐπιιράνιος
1093 2941 1283 2994 εἶπεν·
1339 2942 1484 3005 Ναὶ,
1530 2942 1739 3013 πάτερ’
1791 2941 1879 2995 διὰ

292 3032 449 3087 τοῦτο
502 3035 737 3105 ἐνήνοχα
780 3034 910 3086 αὐτὸ
955 3033 1207 3087 ἐνταῦθα.
1266 3035 1325 3087 '0
1370 3033 1427 3086 δὲ
1487 3032 1680 3086 Ἰακὼϐ
1726 3028 1877 3086 εἶπεν
1920 3084 1927 3089 .

293 3126 425 3196 πρὸς
460 3126 784 3195 Ἐπιφάνιον
802 3141 815 3154 ⁸
844 3126 1012 3188 Ποίας
1038 3126 1335 3197 θρησκείας
1386 3127 1685 3197 ύπάρχεις;
1735 3127 1792 3179 '0
1820 3126 1876 3179 δὲ

305 3218 625 3288 Ἐπιφάνιος
667 3215 848 3271 εἶπεν·
892 3218 1165 3282 Ἰουδαῖος.
1200 3215 1369 3271 Εἶπεν
1395 3218 1450 3271 δὲ
1489 3217 1680 3271 Ἰακώϐ
1700 3235 1712 3248 ·
1743 3218 1875 3270 Σύν-

291 3307 431 3362 εθνοι
484 3307 671 3371 ὄντες,
726 3309 800 3378 μὴ
846 3309 1119 3380 ἁμαρτίαν
1170 3310 1397 3380 μεσίτην
1447 3308 1698 3378 λάϐωμεν
1753 3308 1874 3362 καθ’

290 3400 522 3463 ἑαυτῶν,
558 3400 748 3454 τέκνον
769 3418 782 3430 ·
810 3400 946 3454 ἀλλὰ
978 3400 1184 3455 δικαίου
1216 3400 1350 3454 Θεοῦ
1388 3401 1540 3463 ὄντες
1578 3400 1877 3453 δικαιώσωο

293 3507 390 3560 μεν
422 3491 527 3561 τὴν
557 3490 653 3544 τοῦ
678 3489 975 3560 ὑποζυγίου
1000 3493 1185 3562 τιμήν.
1220 3491 1308 3554 Ὧς
1339 3494 1474 3562 μήτε
1507 3491 1571 3543 σὺ
1593 3489 1872 3561 ἀδικηθῇς.

293 3584 426 3651 μήτε
469 3583 586 3650 ἐγὼ
632 3581 928 3653 ζημιωθιῖν
978 3582 1051 3653 μὴ
1100 3582 1195 3635 καὶ
1236 3582 1481 3652 κατάρας
1526 3583 1738 3644 ἑαυτοῖς
1782 3583 1877 3633 ἐπ⁴
1913 3600 1917 3605 ·

290 3674 611 3746 ενέγκωμεν
661 3675 799 3747 μετὰ
842 3673 1051 3737 ταῦτα,
1113 3674 1207 3728 καὶ
1257 3675 1624 3745 ἀγανακτήσει
1671 3676 1699 3727 ὁ
1746 3674 1876 3737 Θεὸς

289 3767 408 3820 καθ’
442 3766 637 3838 ἡμῶν·
693 3765 1082 3837 ἀλλὰεμᾶλλον
1135 3766 1385 3834 εὐλογίας
1410 3783 1423 3795 ’
1476 3768 1557 3819 ὅτι
1611 3762 1875 3822 εἶπενυὊ

289 3851 565 3928 εὐλογῶν
590 3857 924 3928 εὐλογεῖται
955 3900 970 3922 ,
1005 3858 1103 3911 καὶ
1137 3861 1168 3911 ὁ
1193 3857 1603 3927 καταρώμενος
1628 3856 1877 3925 καταρᾶ-

290 3967 401 4004 ται.
456 3949 729 4013 Ἀκούσας
769 3949 827 4003 δὲ
871 3947 1090 4001 ταῦταό
1136 3949 1469 4018 Ἐπιφάνιος,
1507 3949 1711 4021 σιρρδρα
1754 3951 1878 4019 ἐφο-

290 4042 426 4114 ϐήθη
458 4042 564 4113 τὴν
609 4041 932 4112 κατάκρισιν
980 4038 1075 4093 τοῦ
1136 4036 1351 4105 Ἰακὼϐ,
1406 4041 1500 4093 καὶ
1540 4037 1692 4094 εἶπεν
1744 4042 1877 4111 πρὸς

289 4135 488 4188 αὐτόν’
543 4132 740 4189 Οὐκέτι
776 4132 1033 4204 βούλομαί
1078 4150 1160 4185 σοι
1208 4132 1542 4205 πιπράσκειν
1586 4134 1645 4186 τὸ
1680 4135 1879 4199 amqu—

290 4243 405 4293 γιον
449 4224 637 4281 τοῦτο.
696 4225 755 4279 ’0
795 4223 850 4277 δὲ
899 4223 1093 4276 Ἰακὼϐ
1141 4221 1295 4279 εἶπεν
1345 4225 1481 4296 πρὸς
1526 4225 1873 4294 Ἑπιιράνιον·

289 4319 388 4372 Διὰ
433 4316 602 4372 ποίαν
647 4315 847 4376 αἰτίαν,
893 4309 937 4368 ὢ
985 4315 1210 4381 τέκνον;
1270 4315 1329 4367 ’0
1393 4315 1707 4382 Ἐπιφάνιος
1756 4313 1876 4370 εἷπε

292 4407 426 4477 πρὸς
470 4405 670 4460 αὐτόν’
708 4405 783 4459 Τὸ
822 4403 1114 4472 ὑποζύγιον
1156 4405 1348 4469 τοῦτο,
1391 4406 1601 4477 πάτερ,
1646 4406 1877 4461 ἄτακτον

1989 600 2257 651 sororem,
2304 585 2747 655 quandoquidem
2779 592 2937 639 erant
2984 585 3215 639 modij
3247 599 3440 638 eorum
3481 585 3560 638 l‘a-

1988 677 2237 731 cultates.
2269 674 2404 729 Cum
2427 691 2595 729 unum
2622 690 2752 729 vero
2776 676 3088 744 jumeutum
3115 676 3379 730 haberent
3404 679 3558 729 indo~

1987 767 2202 835 mitum,
2253 767 2390 822 dixit
2452 780 2626 821 mater
2683 766 3029 836 Epiphanio:
3090 767 3237 834 Fili,
3303 769 3560 837 quoniam

1989 857 2190 918 familia
2236 866 2442 922 rostra,
2481 859 2533 912 in
2566 858 2632 913 iis
2669 874 2791 928 quae
2823 858 2889 911 ad
2908 858 3154 928 corporis
3194 874 3351 912 usum
3407 860 3569 928 perti-

1987 957 2137 1015 nent,
2185 949 2339 1004 nobis
2384 949 2583 1018 praebet
2623 950 2925 1017 angustias,
2961 958 3016 1003 et
3044 951 3169 1003 cibo
3214 951 3521 1019 indigemus
3547 993 3560 1012 ,

1985 1041 2170 1110 accipe
2194 1041 2521 1111 jumentum.
2557 1040 2705 1110 quod
2746 1050 2829 1095 est
2870 1042 3009 1095 intra
3040 1041 3261 1095 domum
3295 1049 3559 1103 nostram,

1983 1142 2036 1186 et
2069 1132 2202 1185 vade
2247 1133 2314 1186 ad
2340 1133 2634 1197 nundinas,
2668 1145 2721 1186 et
2749 1134 2958 1187 vende:
3005 1141 3059 1185 ct
3094 1134 3165 1187 ita
3196 1132 3247 1186 id
3279 1133 3425 1201 quod
3457 1134 3558 1188 erit

1983 1224 2049 1276 ad
2083 1238 2183 1278 nos
2227 1223 2446 1278 alendos
2486 1224 2630 1287 usui,
2678 1224 3169 1291 suppeditabimus.
3226 1223 3561 1293 Epiphanius

1982 1321 2162 1367 autem
2198 1314 2335 1368 dixit
2372 1316 2529 1368 matri
2572 1330 2732 1370 suae:
2788 1300 2912 1370 seis
2958 1314 3264 1384 iumentum
3314 1326 3560 1371 uestrum

1982 1403 2160 1456 adhuc
2205 1417 2329 1457 esse
2378 1404 2725 1468 indomitum,
2789 1388 2988 1473 lietque
3043 1406 3178 1458 utsi
3232 1421 3350 1459 eam
3394 1406 3459 1459 ad
3508 1407 3559 1460 id

1981 1495 2343 1559 vendendum,
2394 1497 2485 1564 qui
2522 1496 2576 1549 in
2621 1496 2712 1549 illo
2748 1496 2869 1549 loco
2902 1498 3218 1567 congregati
3263 1507 3446 1560 erunt,
3485 1500 3561 1550 vi-

1981 1588 2167 1643 dentes
2198 1588 2319 1657 ejus
2353 1588 2721 1653 insolentiam,
2768 1605 2853 1644 me
2884 1605 3044 1659 pinna
3087 1590 3343 1656 alliciant,
3379 1591 3559 1645 dicen-

1984 1688 2106 1734 tes:
2140 1679 2274 1734 Cum
2320 1680 2523 1734 malum
2581 1680 2801 1747 habeas,
2852 1681 2992 1734 male
3048 1681 3271 1749 patieris
3315 1694 3382 1734 ex
3423 1682 3558 1749 lego.

1984 1771 2125 1825 Dixit
2150 1772 2199 1825 ei
2232 1780 2442 1825 mater:
2482 1770 2615 1833 Abi,
2661 1771 2771 1835 lili;
2816 1770 2955 1826 Deus
2991 1780 3207 1840 patrum
3247 1780 3560 1826 nostrorum

1984 1862 2233 1925 Abrahre,
2274 1861 2433 1915 lsaac
2461 1870 2515 1915 et
2552 1861 2742 1925 Jacob,
2790 1861 3040 1932 jumento
3070 1861 3223 1915 dabit
3254 1862 3563 1933 intelligen-

1984 1955 2108 2005 tiam
2133 1993 2147 2015 ,
2187 1961 2246 2006 ut
2273 1968 2364 2018 per
2393 1954 2512 2021 ejus
2545 1953 2779 2022 pretium
2827 1968 2925 2007 nos
2961 1960 3151 2006 nostro
3188 1953 3309 2006 usui
3351 1953 3563 2008 servia-

1982 2059 2123 2097 mus.
2177 2042 2515 2113 Epiphanius
2553 2051 2759 2107 autem,
2818 2042 2930 2097 Deo
2963 2043 3238 2107 invocato,
3287 2045 3379 2113 qui
3414 2044 3564 2113 dedit

1980 2132 2116 2186 Mosi
2181 2134 2436 2203 gratiam,
2495 2142 2554 2187 ut
2618 2119 2856 2187 maxima
2909 2134 3065 2203 signa
3122 2133 3327 2189 faceret
3374 2151 3563 2191 coram

1980 2222 2282 2285 Pharaone,
2322 2222 2595 2293 profectus
2625 2231 2728 2287 est,
2758 2222 2943 2276 volens
2973 2223 3193 2277 obedire
3228 2224 3385 2277 matri
3420 2240 3560 2280 sum.

2062 2487 2127 2540 ll.
2169 2490 2304 2543 Cum
2332 2487 2399 2542 ad
2431 2488 2707 2542 nundinas
2754 2498 2935 2542 autem
2962 2497 3105 2542 essit
3145 2489 3444 2558 ingrcssus,
3474 2502 3565 2542 ac-

1979 2581 2110 2635 cidit
2151 2590 2208 2633 ut
2242 2580 2551 2649 jumeutum
2601 2580 2921 2634 indomitum
2976 2581 3127 2634 ﬁeret
3167 2580 3466 2648 placidum,
3511 2591 3564 2632 rt

1979 2670 2135 2724 valde
2184 2679 2553 2723 mansuetum.
2603 2668 2792 2722 Adfuit
2841 2677 3021 2722 autem
3077 2669 3298 2737 quidam
3343 2666 3564 2721 Juda'us

1980 2762 2306 2833 negotiator,
2354 2762 2576 2815 nomine
2616 2760 2807 2824 Iacob,
2867 2761 2961 2830 qui
3014 2762 3152 2814 dixit
3207 2760 3561 2829 Epiphanio:

1986 2853 2099 2919 Vis,
2129 2870 2161 2908 ο
2191 2853 2263 2907 lili
2290 2892 2304 2916 ,
2341 2853 2575 2908 vendere
2609 2855 2711 2907 hoc
2750 2852 3101 2923 jumentum?
3140 2851 3288 2905 Dixit
3328 2843 3564 2920 Epipha—

1982 2947 2104 3000 nius
2138 2964 2150 2998 :
2185 2944 2435 3006 Maxime,
2476 2951 2650 3013 pater,
2681 2961 2743 2999 ea
2775 2944 2920 2999 enim
2953 2945 3020 2999 de
3047 2959 3213 2999 causa
3244 2944 3293 2997 id
3338 2943 3559 2996 adduxi.

1984 3036 2338 3104 liespoudcns
2373 3043 2590 3098 autcm,‘
2611 3036 2747 3089 dixit
2787 3035 3127 3105 Epiphanio:
3171 3035 3469 3104 Cujusnam
3503 3050 3563 3086 es

1982 3126 2302 3194 religionis?
2343 3125 2487 3180 Dixit
2536 3126 2877 3195 Epiphanius
2922 3145 2936 3180 :
3005 3112 3246 3181 Iudaeus.
3306 3124 3453 3178 Dixit
3513 3127 3563 3177 ei

1982 3217 2150 3272 Jacob
2181 3236 2194 3272 :
2225 3218 2363 3272 Cum
2390 3219 2565 3273 simus
2602 3218 2845 3287 ejusdem
2882 3218 3080 3288 gentis,
3125 3232 3232 3271 non
3272 3218 3432 3272 debet
3478 3218 3561 3269 in-

1984 3320 2063 3362 ter
2093 3326 2193 3365 nos
2229 3320 2510 3380 peccaturo
2556 3299 2937 3366 intercedere:
2990 3311 3083 3366 sed
3127 3326 3251 3365 cum
3304 3311 3375 3365 sit
3423 3309 3564 3364 υυιιε

1987 3412 2171 3456 noster
2212 3402 2425 3471 justus,
2472 3401 2879 3455 constituamus
2913 3386 3131 3472 justuni
3163 3401 3395 3471 jumenti
3441 3416 3559 3469 νιε-

1985 3496 2140 3559 tium,
2170 3504 2231 3549 ut
2266 3510 2441 3564 neque
2485 3504 2540 3548 tu
2576 3494 2778 3564 injuria
2813 3492 3087 3558 al‘liciaris,
3132 3508 3233 3547 nec
3276 3508 3374 3560 ego
3417 3492 3566 3546 dam-

1984 3601 2112 3640 num
2146 3586 2323 3654 patiar
2357 3604 2369 3639 :
2397 3600 2464 3639 ne
2500 3584 2791 3639 maledicta
2823 3593 3010 3653 postea
3047 3582 3206 3637 nobis
3243 3581 3560 3639 inferamus.

1983 3690 2035 3734 et
2062 3679 2205 3733 Deus
2238 3680 2396 3735 nobis
2450 3680 2752 3743 irascatur;
2786 3679 2878 3732 sed
2916 3678 3097 3748 potius
3135 3677 3563 3739 benedictioncs,

1984 3773 2244 3843 quoniam
2266 3773 2445 3827 dixit‘
2478 3792 2489 3826 :
2525 3772 2629 3837 Qui
2662 3772 2939 3834 benedicit,
2984 3771 3351 3830 benedicatur;
3385 3778 3432 3821 et
3474 3767 3564 3835 qui

1985 3866 2279 3928 maledicit,
2312 3874 2389 3919 est
2437 3864 2774 3918 maledictus.
2816 3861 2912 3917 llis
2952 3871 3133 3915 autem
3181 3860 3403 3921 auditis,
3439 3858 3556 3926 Epi-

1983 3957 2222 4027 phanius
2260 3956 2415 4009 valde
2466 3955 2648 4008 timuit
2696 3952 3206 4007 condemnationem
3251 3949 3441 4011 Jacob,
3514 3957 3565 4001 et

1984 4048 2119 4101 dixit
2149 4047 2197 4101 ei
2230 4064 2244 4100 :
2287 4045 2423 4100 Nolo
2455 4044 2550 4098 tibi
2584 4043 2820 4112 amplius
2841 4041 3077 4095 vendere
3105 4041 3209 4094 hoc
3231 4040 3560 4110 jumentum.

1983 4139 2155 4194 Jacob
2188 4153 2315 4192 vero
2359 4136 2496 4191 dixit
2531 4134 2871 4205 Epiphanio:
2927 4131 3175 4198 Quanam
3211 4132 3278 4186 de
3308 4145 3494 4185 causa.
3532 4148 3565 4183 ο

1985 4230 2061 4284 tili
2084 4229 2108 4282 ?
2135 4227 2476 4298 Epiphanius
2516 4226 2654 4280 dixit
2688 4225 2737 4280 ei
2766 4244 2777 4278 :
2821 4223 2933 4279 lloc
2960 4224 3295 4294 jumcntum,
3329 4236 3361 4275 o
3388 4231 3560 4290 pater.

1985 4331 2064 4376 est
2097 4320 2338 4375 insolens
2370 4328 2424 4373 et
2451 4318 2813 4382 indomitum;
2842 4315 3214 4370 acerbissima:
3250 4329 3377 4367 vero
3405 4312 3563 4365 famis

1987 4411 2251 4481 angustiae
2278 4409 2497 4473 subiere
2517 4408 2739 4462 domum
2773 4423 2971 4461 meam.
2996 4408 3280 4460 iistautem
3306 4404 3435 4457 mihi
3458 4420 3565 4454 ma-

291 4500 459 4560 ἐστιν,
493 4498 590 4550 καὶ
626 4497 887 4558 στένωσις
919 4497 1250 4567 πικροτάτου
1278 4495 1439 4566 λιμοῦ
1461 4497 1789 4567 ,ἐπεισῆλθεν
1824 4500 1878 4551 ἐν

1988 4514 2139 4558 teret
2167 4517 2360 4567 soror;
2395 4510 2548 4570 pater
2595 4499 2739 4553 enim
2789 4514 2944 4552 meus
2991 4498 3226 4551 excessit
3258 4512 3287 4550 e
3321 4496 3429 4549 vita
3464 4498 3555 4547 hu~

291 4589 367 4660 τῷ
397 4592 537 4660 οἴκῳ
572 4606 674 4659 μου
696 4604 710 4618 ο
745 4588 980 4659 ὑπάρχει
1014 4587 1121 4657 γάρ
1154 4605 1243 4659 μοι
1278 4588 1459 4658 μήτηρ
1479 4628 1492 4651 ,
1526 4589 1619 4640 καὶ
1652 4589 1875 4658 ἀδελφή.

302 4682 359 4734 ’0
388 4682 499 4752 γὰρ
533 4680 720 4751 πατήρ
751 4697 850 4750 μου
884 4678 1108 4748 ἐξῆλθεν
1135 4678 1227 4731 τὸν
1258 4677 1369 4748 βίον
1393 4678 1483 4730 τὸν
1518 4678 1872 4750 ἀνθρώπινον.

291 4776 400 4845 Τῆς
445 4768 544 4827 οὖν
595 4772 803 4844 μητρός
853 4789 952 4843 μου
982 4771 1197 4841 ἐγένετο
1225 4770 1473 4834 κέλευσις
1501 4771 1594 4823 τοῦ
1630 4772 1878 4844 πωλῆσαι

291 4868 347 4919 τὸ
385 4864 688 4935 ὑποζύγιον
720 4864 806 4917 διὰ
842 4864 940 4933 τὴν
973 4864 1162 4933 χρείαν
1212 4863 1319 4915 τῶν
1354 4862 1646 4932 ἐδωδίμων.
1684 4862 1795 4916 Νῦν
1822 4863 1879 4915 δὲ

291 4960 505 5029 ἥκουσα
555 4956 712 5030 παρὰ
762 4954 878 5020 σοῦ,
930 4957 1125 5026 πάτερ,
1174 4956 1254 5007 ὅτι
1288 4954 1455 5007 κακὸν
1494 4954 1554 5007 τὸ
1604 4954 1877 5007 καταϐλά-

291 5070 471 5115 πτειν,
500 5052 594 5104 καὶ
625 5047 902 5119 ἐφοϐήθην
926 5047 1019 5100 τὸν
1047 5047 1199 5109 Θεὸν,
1232 5047 1442 5117 μήποτε
1465 5046 1750 5119 καταράσῃ
1787 5064 1874 5118 με,

1990 4609 2168 4647 mana.
2192 4593 2359 4647 Mater
2374 4608 2494 4645 mea
2520 4591 2707 4661 jussit,
2729 4599 2787 4643 ut
2803 4588 3091 4644 vendercm
3112 4589 3213 4641 hoc
3232 4588 3559 4657 jumentum,

1987 4696 2275 4755 propterea
2335 4684 2481 4754 quod
2542 4684 2666 4737 cibo
2717 4682 3136 4753 indigeremus..
3173 4678 3325 4732 Nunc
3381 4687 3560 4730 autem

1986 4778 2168 4831 audivi
2199 4793 2260 4830 ex
2293 4785 2363 4840 te,
2400 4783 2572 4844 pater,
2604 4775 2750 4844 quod
2798 4773 3001 4826 malum
3054 4772 3125 4824 sit
3173 4771 3430 4823 damnum
3485 4769 3564 4819 af-

1986 4867 2171 4932 ferre;
2203 4877 2255 4922 et
2285 4867 2453 4921 Deum
2493 4865 2672 4931 timui,
2713 4882 2778 4918 ne
2805 4864 2946 4917 forte
2978 4872 3035 4916 tu
3078 4861 3212 4914 mihi
3247 4858 3561 4922 maledicas,

1987 4967 2034 5009 et
2072 4948 2276 5010 ille'me
2318 4956 2509 5024 puniat
2540 4963 2760 5024 propter
2809 4963 2956 5005 tuam
3006 4951 3059 5003 in
3096 4965 3182 5004 me
3227 4946 3564 5001 maledictio-

1989 5062 2135 5101 nem.

293 5146 387 5197 καὶ
438 5142 820 5215 τιμωρήσεταί
866 5159 932 5213 με
982 5141 1180 5205 ὁ-Θεὸς
1223 5141 1313 5194 διὰ
1352 5142 1453 5211 τῆς
1500 5141 1743 5212 κατάρας
1785 5141 1883 5212 τῆς
1920 5142 2216 5212 γενομένης
2245 5143 2322 5205 εἰς
2352 5142 2471 5212 ἐμέ.

364 5236 441 5290 Γ.
490 5236 754 5298 Ἀκούσας
802 5235 859 5289 δὲ
896 5235 1070 5289 ταῦτα
1116 5235 1142 5286 ὀ
1178 5233 1405 5298 Ἰακὼϐ,
1449 5233 1755 5306 ἐθαύμασεν
1787 5236 1879 5289 ἐπὶ

298 5328 361 5397 τῇ
394 5326 693 5396 ἀποκρίσει
724 5325 818 5377 τοῦ
851 5325 1036 5388 παιδός
1055 5342 1067 5354 ·
1083 5327 1174 5378 καὶ
1194 5323 1371 5377 λαϐὼν
1395 5324 1521 5396 τρία
1545 5325 1876 5397 νομίσματα,

299 5418 502 5471 ἔδωκεν
540 5417 845 5487 Ἐπιφανίῳ
870 5456 884 5479 ,
922 5417 1037 5486 ἅμα
1084 5416 1179 5469 καὶ
1212 5415 1472 5480 τοιούτοις
1513 5415 1692 5485 λόγοις
1737 5416 1878 5470 διδά-

300 5522 446 5558 σκων
493 5506 655 5560 αὐτόν
676 5522 689 5534 ’
721 5504 946 5566 Τέκνον,
972 5503 1101 5557 λάϐε
1132 5503 1331 5575 ταύτην
1356 5505 1454 5576 τὴν
1489 5505 1757 5573 εὐλογίαν,
1786 5508 1879 5558 καὶ

304 5594 532 5668 πορεύου
565 5584 702 5665 πρὸς
737 5596 835 5668 τὴν
870 5595 967 5667 σὴν
994 5594 1234 5668 μητέρα·
1274 5599 1364 5651 καὶ
1412 5596 1663 5658 εἰσοίσεις
1708 5597 1765 5649 ἐν
1802 5596 1880 5667 τῷ

375 5748 395 5781 ⁸
418 5746 562 5805 Gen.
593 5765 764 5815 xxvii,
788 5748 879 5804 29.

2056 5235 2143 5289 Ill.
2183 5236 2319 5292 Cum
2352 5238 2467 5291 lnec
2503 5246 2684 5291 autem
2717 5234 2984 5289 audiisset
3012 5232 3199 5300 Jacob,
3227 5233 3456 5288 miratus
3482 5244 3560 5286 est

1986 5344 2310 5398 responsum
2358 5328 2547 5398 pueri;
2607 5328 2927 5397 accepitque
3020 5336 3129 5381 tres
3184 5342 3459 5390 nummos,
3512 5335 3566 5377 et

1987 5419 2135 5473 dedit
2167 5418 2495 5489 Epiphanio,
2534 5418 2700 5472 simul
2743 5416 2907 5471 etiam
2966 5432 3084 5471 eum
3139 5416 3340 5468 docens
3382 5412 3563 5466 verbis

1990 5511 2351 5581 hujusmodi:
2392 5509 2516 5575 Fili,
2588 5509 2730 5565 hanc
2773 5511 2958 5579 accipe
3012 5506 3464 5569 benedictionem,
3514 5512 3565 5556 et

1994 5604 2135 5658 vade
2161 5603 2226 5657 ad
2257 5613 2484 5658 matrem
2529 5611 2699 5669 tuam,
2737 5610 2788 5657 ct
2823 5601 3022 5656 inferos
3052 5614 3215 5669 panes
3249 5598 3301 5651 iu
3341 5598 3563 5651 domum
3652 5671 3657 5677 γ
