3842 6118
332 349 406 404 27

1595 344 1652 398 S.
1698 337 2040 397 EPIPIIANII
2076 338 2257 397 VITA.

3515 347 3587 399 ‘28

336 469 508 514 tuam.
536 457 736 515 Tecum
780 474 994 529 quoque
1027 463 1211 531 accipe
1241 460 1344 515 hoe
1368 461 1673 530 jnmentum
1702 476 1717 524 ;
1768 468 1821 511 et
1853 456 1898 512 si

2012 452 2133 524 >ἵκῳ
2162 470 2256 507 σου
2298 452 2514 524 ἄρτους.
2548 453 2691 508 Λάϐε
2741 453 2798 506 δὲ
2842 454 2935 508 καὶ
2962 454 3039 508 τὸ
3082 450 3376 522 ὑποζύγιον
3423 454 3585 507 τοῦτο

336 565 495 604 suum
528 551 742 620 quidem
779 560 949 606 mutet
972 552 1186 616 vitium,
1212 562 1266 607 et
1298 550 1808 633 mores'insolentes
1835 564 1900 603 ac

337 650 638 708 pretervos,
661 652 879 696 maneat
906 643 1050 697 domi
1075 651 1214 709 tuac;
1242 643 1327 697 sin
1352 651 1533 696 autem
1563 641 1616 695 in
1640 641 1743 697 hac
1775 655 1899 710 per-

337 742 547 786 sereret
593 733 905 797 insolentia,
938 734 1074 802 ejiee
1105 750 1137 789 e
1178 735 1294 789 tuis
1337 733 1567 797 aedibus,
1619 748 1687 788 ne
1735 731 1897 787 alicui

336 837 403 875 cx
430 822 538 877 tu'is
571 833 799 877 mortem
834 824 1202 880 aﬂ‘erat.-Cum
1230 826 1344 881 hmc
1365 825 1629 879 audiisset
1659 824 1900 892 Epipha-

340 912 489 975 nius,
515 920 570 965 et
602 928 633 967 a
674 910 878 967 Jacobo
913 923 1019 968 tres
1049 929 1304 970 nummos
1329 914 1648 983 accepisset,
1677 921 1900 983 accepto

332 1001 603 1070 jumento,
638 1003 911 1071 profectus
941 1014 1025 1061 est
1051 1004 1103 1058 in
1153 1005 1333 1060 vicum
1364 1005 1433 1059 ad
1457 1013 1684 1060 matrem
1719 1018 1895 1060 suam.

337 1091 662 1163 PriuSquam
695 1104 874 1149 autem
907 1096 1023 1165 ipse
1066 1096 1439 1166 ingrederetur
1469 1096 1524 1150 in
1557 1096 1759 1162 vicum,
1794 1096 1903 1150 cir-

335 1183 475 1239 citer
518 1183 667 1236 mille
702 1198 915 1252 passus,
957 1187 1199 1239 occurrit
1225 1186 1482 1240 ei-homo
1515 1184 1859 1242 Christianus
1883 1227 1900 1253 ,

336 1272 559 1326 nomine
589 1272 868 1334 Cleobius,
894 1273 986 1343 qui
1020 1273 1069 1327 ei
1096 1273 1236 1351 dixit
1262 1291 1275 1326 :
1307 1272 1399 1329 Vis
1430 1273 1663 1343 vendere
1688 1273 1904 1343 jumen-

339 1377 476 1431 tum,
504 1383 537 1421 o
566 1367 678 1421 tili?
726 1366 1079 1436 Respondens
1123 1367 1262 1421 dixit
1311 1366 1688 1437 Epiphanius:
1745 1363 1900 1432 Nolo,

338 1469 512 1535 pater.
558 1459 705 1513 Dixit
734 1468 912 1513 autem
962 1459 1219 1515 Cleobius
1245 1477 1257 1513 :
1291 1457 1350 1513 Si
1382 1458 1463 1514 vis
1489 1473 1615 1525 eum
1644 1456 1900 1522 vendere,

335 1566 469 1621 cape
502 1550 620 1619 ejus
647 1551 902 1621 pretium,
955 1560 1009 1605 et
1052 1551 1232 1620 ipsum
1280 1550 1414 1604 mihi
1466 1550 1731 1619 relinque.
1764 1548 1901 1604 Cum

337 1643 451 1698 lucc
482 1649 663 1697 autem
700 1641 1003 1711 Epiphanio
1035 1641 1239 1696 diceret
1274 1631 1553 1705 Cleobius,
1587 1640 1791 1695 animal
1819 1640 1903 1694 in-

336 1730 571 1785 solenter
606 1732 823 1787 irruens
883 1738 938 1786 et
981 1731 1239 1801 impetum
1273 1729 1501 1798 faciens,
1538 1729 1900 1800 Epiphanium

2007 544 2144 615 μετά
2172 542 2399 597 σεαυτοῦ
2423 560 2435 574 ⁸
2468 543 2561 596 καὶ
2604 546 2655 597 εί
2694 545 2790 615 μὲν
2820 544 3127 616 διαλλάσσῃ,
3146 544 3245 615 τὴν
3272 542 3450 613 κακὴν
3484 546 3575 607 αύο

2002 631 2094 686 τοῦ
2140 632 2234 686 καὶ
2252 631 2484 685 ἄτακτον
2506 630 2847 704 προαίρεσιν,
2878 632 3086 702 μενέτω
3115 634 3171 683 ὲν
3198 630 3273 701 τῷ
3309 630 3386 700 σῷ
3410 630 3577 700 οἴκῳ·

2002 725 2051 777 εί
2081 722 2139 777 δὲ
2168 721 2417 793 ἐπιμένοι
2448 724 2513 793 τῇ
2547 721 2776 792 ἀταξίᾳ,
2808 721 3003 776 ἔκϐαλε
3033 715 3163 775 αὗτὸ
3198 724 3263 775 ἐκ
3299 722 3397 776 τοῦ
3428 724 3578 775 οἷκον

2004 831 2095 868 σου
2120 852 2135 878 ,
2171 815 2380 884 μήποτε
2414 813 2509 866 καὶ
2546 810 2832 884 θανατὼσῃ
2860 813 2982 867 τινὰ
3010 812 3119 865 τῶν
3146 812 3275 867 σῶν.
3313 811 3578 872 Ἀκούσας

2002 905 2061 958 δὲ
2083 904 2256 959 ταῦτα
2292 905 2605 975 Ἐπιφάνιος
2624 945 2639 970 ,
2669 906 2764 959 καὶ
2796 904 2977 959 λαϐὼν
3008 905 3076 959 τά
3108 904 3236 976 τρία
3265 905 3580 975 νομίσματα

2003 995 2154 1068 παρὰ
2181 995 2276 1049 τοῦ
2315 995 2509 1050 Ἰακὼϐ
2533 1036 2549 1062 ,
2581 995 2760 1049 λαϐὼν
2784 996 2844 1049 τὸ
2876 994 3166 1062 ὑποζύγιον
3193 993 3466 1064 ἐπορεύθη
3499 995 3580 1057 είς

2001 1085 2098 1157 τὴν
2123 1086 2286 1140 αὑτοῦ
2320 1087 2531 1158 κώμην.
2581 1087 2670 1150 Ὦς
2701 1086 2809 1141 ἀπὸ
2833 1087 3057 1159 σημείου
3088 1086 3208 1151 ἑνὸς
3226 1126 3241 1151 ,
3270 1087 3582 1156 ἀπήντησεν

2000 1177 2151 1248 αὐτῷ
2184 1176 2468 1249 ἄνθρωπος
2499 1177 2851 1250 Χριστιανὸς,
2902 1177 3125 1248 ὀνόματι
3157 1175 3451 1239 Κλεόϐιος,
3488 1177 3583 1228 καὶ

2002 1264 2336 1339 εἶπενίπρὸς
2401 1268 2596 1323 αὐτόν·
2649 1269 2992 1339 Πιπράσκεις
3052 1268 3112 1321 τὸ
3158 1266 3487 1336 ὑποζύγιον,
3538 1262 3583 1319 ὦ

2001 1357 2223 1423 τέκνον;
2265 1359 2322 1410 '0
2363 1358 2421 1412 δὲ
2462 1358 2777 1429 Ἐπιφάνιος
2821 1357 3141 1430 ἀποκριθεὶς
3198 1354 3388 1411 εἶπενο
3424 1356 3580 1427 Οὐχὶ,

2003 1449 2194 1520 πάτερ.
2238 1450 2296 1503 Ὁ
2316 1450 2372 1503 δὲ
2404 1449 2662 1513 Κλεόϐιος
2687 1464 2701 1478 ο
2742 1449 2867 1503 Ἐὰν
2901 1449 3238 1519 πιπράσκεις
3264 1445 3420 1513 αὐτὸ,
3449 1446 3582 1500 λάϐε

2001 1541 2062 1595 τὸ
2094 1540 2311 1611 τίμημα
2336 1539 2523 1605 αὑτοῦ,
2566 1540 2662 1593 καὶ
2706 1538 2862 1592 ἔασόν
2900 1556 2991 1610 μοι
3014 1538 3165 1594 αὑτό.
3205 1539 3292 1601 Ὠς
3313 1537 3372 1590 δὲ
3408 1534 3585 1589 ταῦτα

2002 1632 2179 1688 ἐλάλει
2200 1633 2229 1686 ὀ
2248 1630 2506 1695 Κλεόϐιος
2535 1630 2672 1702 πρὸς
2704 1629 3039 1700 Ἐπιφάνιον,
3070 1630 3131 1683 τὸ
3159 1627 3296 1693 ζῶον
3329 1625 3585 1689 ἀτάκτωξ

2004 1721 2239 1792 ἐνεχθὲν,
2271 1721 2366 1775 καὶ
2389 1720 2649 1773 ὲπιπεσὸν
2683 1714 2985 1791 Ἐπιφανίῳ
3017 1717 3379 1789 διεσπάραξεν
3411 1716 3589 1770 αὑτὸν

335 1819 597 1883 excussit,
645 1819 904 1889 humique
944 1821 1130 1885 allisit,
1166 1829 1221 1876 et
1252 1820 1385 1876 abiit
1428 1832 1583 1877 extra
1630 1820 1900 1877 semitam.

2012 1815 2097 1868 ἐπὶ
2123 1813 2223 1885 τῆς
2251 1812 2382 1883 γῆς·
2416 1811 2511 1866 καὶ
2541 1812 2676 1867 αὐτὸ
2728 1808 2950 1881 ἐξῆλθεν
2997 1810 3102 1875 ἔξω
3146 1809 3244 1879 τῆς
3274 1808 3487 1881 τρίϐου.
3530 1808 3587 1861 '0

340 1909 673 1980 Epiphanius
714 1920 891 1965 autent
936 1926 1001 1967 ex
1050 1912 1286 1982 jumenti
1340 1912 1628 1968 insolentia
1681 1929 1902 1983 gravem

337 2001 545 2070 accepit
566 2000 1131 2069 dulorcm,'htlmique
1172 2002 1404 2072 iacebat,
1436 1988 1585 2058 ﬂetis
1625 2018 1812 2058 amare
1852 2012 1907 2059 et

339 2080 448 2144 non
505 2089 689 2145 valens
743 2104 986 2160 surgere.
1041 2090 1296 2147 Cleobius
1347 2106 1473 2145 vero
1516 2092 1782 2146 accedens
1836 2091 1904 2146 ad

340 2177 701 2248 Epiphanium
749 2187 803 2232 et
835 2179 1012 2233 femur
1060 2180 1182 2248 ejus
1219 2188 1407 2235 tenens
1453 2180 1506 2234 in
1555 2196 1621 2235 eo
1671 2180 1810 2244 loco,
1848 2180 1901 2235 in

337 2284 447 2338 quo
487 2268 707 2324 aﬂ’ectus
755 2268 929 2324 fuerat
957 2271 1026 2325 ab
1075 2270 1330 2326 insolenti
1376 2272 1566 2336 beStia,
1618 2288 1743 2327 cum
1775 2287 1900 2327 eum

337 2367 420 2413 ter
453 2358 741 2428 signasset,
774 2359 957 2414 statim
988 2361 1159 2415 erexit
1188 2361 1322 2415 nihil
1353 2363 1481 2419 mali
1520 2362 1573 2414 in
1610 2378 1671 2417 se
1698 2363 1904 2417 haben-

337 2460 466 2503 tem.
502 2448 758 2504 Cleobius
811 2459 992 2505 autem
1037 2449 1173 2504 dixit
1223 2451 1471 2518 jumento
1538 2451 1697 2519 pleno
1754 2451 1903 2504 omni

339 2538 626 2593 insolentia
688 2556 701 2591 :
754 2536 875 2592 Tibi
924 2540 1070 2603 dico,
1147 2541 1406 2607 quoniam
1477 2538 1715 2608 voluisti.
1753 2549 1903 2595 tuum

337 2626 618 2682 dominum
673 2627 942 2691 occidere,
993 2628 1047 2682 in
1094 2628 1313 2682 nomine
1356 2627 1484 2684 Jesu
1528 2630 1734 2686 Christi
1784 2647 1908 2686 eru-

336 2716 504 2782 eitixi,
567 2730 677 2770 non
732 2716 964 2787 amplius
1019 2717 1252 2773 excedas
1306 2732 1374 2773 ex
1428 2719 1530 2774 hoc
1573 2720 1712 2776 loco.
1750 2719 1903 2787 Quod

339 2817 626 2879 postquam
686 2807 915 2866 dixisset
975 2807 1269 2877 Cleobius,
1338 2809 1646 2879 iumentum
1722 2812 1904 2866 statim

339 2896 535 2954 cecidit
601 2898 654 2953 in
720 2908 917 2953 terram
994 2906 1292 2955 mortuum.
1360 2898 1640 2954 Cleobium
1724 2908 1903 2955 autem

342 2988 693 3058 interrogavit
736 2987 1098 3058 Epiphanius,
1137 2988 1325 3043 dicens
1369 3008 1382 3043 :
1422 2987 1556 3056 Quis
1599 3000 1702 3056 est,
1738 3007 1772 3045 o
1814 3007 1905 3060 pa-

343 3087 447 3143 ter,
470 3078 629 3135 Jcsus
661 3080 974 3142 cruciﬁxus,
1017 3078 1161 3149 quod
1204 3078 1329 3134 talia
1363 3079 1500 3135 fiunt
1529 3096 1623 3151 per
1650 3081 1771 3152 ejus
1804 3099 1903 3137 no-

342 3169 507 3224 men?
548 3167 848 3239 Respondit
869 3170 1143 3234 Cleobius,
1178 3180 1232 3225 et
1263 3170 1401 3225 dixit
1431 3169 1766 3241 Epiphanio:
1811 3171 1908 3227 llic

342 3259 502 3315 Jesus
543 3268 629 3316 est
670 3260 841 3316 Filius
877 3260 1007 3328 Dei,
1049 3267 1211 3332 quem
1274 3262 1660 3319 cmciﬂxerunt
1712 3263 1904 3319 Judaei.

345 3349 680 3420 Epiphanius
724 3366 851 3407 vero
892 3352 1073 3406 timuit
1104 3352 1416 3422 signiﬁcare
1448 3352 1672 3409 Cleobio
1698 3369 1757 3409 se
1786 3369 1908 3410 esse

342 3441 615 3499 Judaeum.
670 3442 925 3499 Cleobius
975 3453 1156 3499 autem
1211 3445 1448 3514 perrexit
1480 3460 1641 3500 suum
1678 3446 1780 3501 iter
1826 3444 1911 3498 in-

345 3532 518 3602 gredi,
546 3543 601 3588 et
634 3532 972 3603 Epiphanius
1023 3535 1078 3589 in
1143 3536 1322 3591 vicum
1380 3536 1530 3592 venit
1576 3537 1643 3591 ad
1681 3520 1907 3591 matrem

344 3639 524 3680 suam.
556 3624 727 3692 Quem
755 3626 944 3682 videns
983 3638 1175 3692 mater,
1204 3628 1416 3696 excepit
1458 3643 1581 3682 eum
1615 3643 1740 3682 cum
1778 3642 1912 3696 gau-

346 3716 459 3774 dio.
499 3717 659 3771 Matri
689 3732 817 3772 vero
865 3732 977 3771 sua:
1020 3720 1274 3787 exposuit
1317 3718 1652 3787 Epiphanius
1706 3721 1909 3782 omnia,

347 3822 469 3877 quae
511 3807 614 3863 sibi
647 3816 943 3862 evenerant
994 3817 1214 3878 propter
1267 3809 1589 3863 insolentem
1637 3818 1690 3864 et
1742 3809 1913 3879 pessi-

350 3914 497 3965 mam
526 3899 770 3954 bestiam.
794 3899 1088 3968 Aliquanto
1115 3910 1294 3954 autem
1332 3909 1453 3970 post
1499 3908 1741 3970 tempore
1776 3903 1913 3956 dixit

350 3999 522 4046 mater
551 3990 851 4061 Epiphanio
908 4010 923 4046 :
969 3991 1128 4056 Ecce.
1181 3992 1287 4056 ﬁli,
1344 4000 1489 4047 terra
1539 3992 1739 4048 inculta
1781 3993 1913 4047 nihil

350 4081 620 4149 producit,
671 4097 846 4151 neque
878 4083 1037 4137 nobis
1086 4096 1151 4138 ex
1202 4093 1403 4137 eaest
1451 4084 1654 4152 aliquid
1709 4084 1911 4139 solatii.

352 4172 483 4227 Erat
520 4185 700 4231 autem
739 4174 819 4230 eis
862 4174 1140 4243 quoddam
1190 4174 1528 4243 praediolum,
1577 4176 1720 4245 quod
1764 4183 1916 4243 pater

352 4264 473 4332 ejus
501 4259 786 4335 diligenter
818 4265 1025 4329 colens,
1072 4281 1136 4321 ex
1167 4280 1233 4319 eo
1265 4266 1500 4321 habebat
1527 4266 1732 4335 aliquid
1772 4266 1916 4320 sola-

353 4354 435 4409 tii.
488 4353 637 4408 Dixit
694 4371 824 4424 ergo
857 4356 904 4408 ei
942 4366 1172 4412 mater:
1232 4355 1545 4411 Vendamus
1597 4356 1912 4427 praadiolum

1934 3132 1977 3189 C

2006 1901 2099 1960 οὖν
2137 1890 2447 1974 Ἐπιφάνιος
2488 1903 2595 1958 ἀπὸ
2623 1904 2720 1974 τῆς
2756 1903 2875 1973 βίας
2906 1903 3008 1972 τῆς
3052 1903 3279 1968 ἀταξίας
3317 1902 3414 1956 τοῦ
3449 1902 3588 1955 ὕπο-

2006 1994 2193 2064 ζυγίου
2224 1993 2424 2049 ἔπαθεν
2456 1995 2547 2048 τὸν
2582 1993 2775 2048 ἑαυτοῦ
2814 1994 3007 2066 μηρὸν,
3040 1994 3134 2048 καὶ
3165 1994 3342 2048 ἔκειτο
3365 1992 3460 2047 ἐπὶ
3484 1991 3589 2062 τῆς

2004 2084 2144 2156 γῆς.
2203 2083 2400 2139 κλαίων
2446 2072 2648 2155 καὶμὴ
2681 2084 2981 2155 δυνάμενος
3009 2083 3331 2153 ἀναστῆναι.
3380 2083 3441 2136 Ὀ
3494 2078 3590 2136 οὖν

2004 2175 2262 2240 Κλεόϐιος
2294 2173 2605 2247 προσελθὼν
2638 2175 2962 2245 Ἐπιφανίῳ,
2992 2175 3273 2245 κρατήσας
3298 2171 3471 2227 αὑτοῦ
3498 2172 3588 2225 τὸν

2008 2265 2179 2337 μηρὸν
2223 2266 2282 2318 ἐν
2324 2265 2402 2335 τῷ
2437 2265 2624 2336 τόπῳ,
2669 2257 2714 2333 ᾧ
2759 2263 3022 2318 πέπονθεν
3070 2263 3174 2318 ὑπὸ
3211 2262 3305 2317 τοῦ
3347 2263 3589 2319 ἀτάκτου

2005 2354 2143 2418 ζώου
2162 2395 2177 2418 ,
2207 2355 2303 2408 καὶ
2333 2356 2640 2426 σφραγίσας
2668 2355 2831 2409 αὐτὸν
2864 2354 3048 2426 τρίτον
3069 2395 3084 2419 ,
3116 2354 3317 2417 εὐθέως
3342 2354 3553 2424 ἀνέστη
3571 2392 3595 2414 ,ν

2010 2443 2173 2514 μηδὲν
2202 2424 2541 2513 κακδνέχων
2587 2446 2650 2497 ὲν
2687 2424 2991 2515 amen
3033 2445 3089 2499 δὲ
3134 2445 3393 2509 Κλεόϐιος
3433 2439 3593 2498 εἶπεν

2005 2535 2146 2605 πρὸς
2186 2534 2248 2588 τδ
2295 2534 2591 2604 ὑποζύγιον
2623 2536 2803 2607 πάσης
2842 2537 3067 2604 ἀταξίας
3119 2535 3551 2607 πεπληρωμένον
3574 2551 3589 2565 σ

2019 2623 2235 2695 Ἐπειδὴ
2268 2623 2574 2697 ἠϐουλήθης
2596 2624 2905 2681 θανατῶσαι
2931 2627 3022 2695 τδν
3054 2627 3185 2680 ἴδιον
3211 2626 3505 2694 δεσπότην,
3532 2626 3599 2677 ἐν

2004 2710 2085 2783 τῷ
2114 2713 2336 2784 ὀνόματι
2365 2713 2540 2784 Ἰησοῦ
2577 2712 2810 2785 Χριστοῦ
2824 2716 2917 2770 τοῦ
2948 2716 3365 2788 ὲσταυρωμένου
3385 2755 3401 2780 ,
3440 2733 3596 2788 μηκ-

2008 2802 2089 2856 έτι
2149 2803 2409 2875 μετέλθῃς
2437 2808 2501 2858 ὲκ
2529 2805 2625 2859 τοῦ
2651 2805 2816 2859 τόπου
2841 2808 3050 2861 τούτου.
3077 2807 3187 2860 Καὶ
3218 2807 3313 2861 ἐπὶ
3336 2806 3418 2877 τῷ
3439 2806 3595 2875 λόγῳ

2006 2895 2268 2949 Κλεοϐίου
2294 2896 2496 2961 εὐθέως
2526 2897 2721 2951 ἔπεσεν
2753 2900 2815 2952 re
2843 2898 3137 2969 ὑποζύγιον
3190 2900 3284 2953 ἐπὶ
3325 2900 3425 2970 τὴν
3460 2900 3601 2969 γῆν,

2007 2986 2100 3039 xa‘t
2126 2986 2414 3040 ἀπέθανεν.
2452 2988 2563 3041 Καὶ
2594 2986 2930 3058 ἐπεζήτησεν
2953 2991 3271 3058 Ἐπιφάνιος
3292 2990 3385 3042 τὸν
3415 2990 3591 3043 Κλεό-

2007 3076 2145 3140 ϐιον,
2174 3077 2347 3145 λέγων
2366 3096 2379 3109 υ
2412 3078 2508 3140 Τίς
2539 3080 2707 3143 ἐστιν,
2733 3079 2929 3151 πάτερ,
2944 3079 3150 3150 Ἰησοῦς
3175 3081 3203 3132 ό
3237 3081 3595 3151 ἐσταυρωμέ-

2008 3184 2117 3230 νος,
2141 3168 2223 3220 ὅτι
2244 3166 2467 3220 τοιαῦτα
2491 3171 2695 3238 σημεῖα
2716 3169 2923 3238 γίνεται
2950 3170 3017 3223 δι’
3053 3170 3253 3235 aerei};
3284 3170 3599 3241 Ἀπεκρίθη

2009 3257 2285 3321 Κλεόϐιος,
2312 3259 2405 3311 καὶ
2425 3253 2577 3311 εἶπεν
2602 3259 2736 3331 πρὸς
2757 3258 3075 3328 Ἐπιφάνιον
3101 3275 3111 3287 ·
3145 3256 3315 3324 Οὗτος
3336 3263 3366 3313 ό
3383 3259 3603 3331 Ἰησοῦς

2008 3348 2155 3400 ἐστιν
2184 3349 2212 3400 ὁ
2252 3347 2375 3411 Υἱὸς
2404 3347 2497 3399 τοῦ
2535 3347 2668 3401 Θεοῦ
2703 3388 2715 3402 .
2755 3349 2822 3402 ὃν
2853 3349 3205 3420 ἐσταύρωσαν
3244 3352 3292 3402 οἱ
3328 3350 3594 3403 Ἰουδαῖοι.

2021 3438 2080 3491 Ὀ
2125 3437 2181 3490 δὲ
2225 3437 2541 3506 Ἐπιφάνιος
2587 3421 2824 3510 ἐφοϐήθη
2870 3440 3187 3509 ἀναγγεῖλαι
3218 3439 3297 3510 τῷ
3326 3440 3597 3511 Κλεοϐίῳ,

2009 3528 2091 3581 ὅτι
2134 3527 2384 3591 Ἰουδαῖός
2425 3531 2592 3582 ἐστιν.
2638 3530 2694 3581 '0
2741 3526 2833 3583 οὖν
2875 3532 3129 3595 Κλεόϐιος
3179 3530 3452 3603 ἐπορεύθη
3497 3532 3601 3603 τὴν

2012 3617 2205 3671 ἑαυτοῦ
2233 3618 2370 3684 ὁδὸν,
2403 3620 2497 3673 καὶ
2533 3618 2843 3687 Ἐπιφάνιος
2871 3620 3119 3690 εἰσῆλθεν
3154 3624 3235 3685 εἰς
3267 3622 3366 3692 τὴν
3394 3623 3598 3675 ἑαυτοῦ

2013 3708 2206 3781 κώμην
2236 3710 2371 3781 πρὸς
2399 3710 2498 3783 τὴν
2530 3711 2721 3764 ἑαυτοῦ
2753 3712 2984 3784 μητέρα.
3040 3713 3247 3767 Ἱδοῠσα
3274 3714 3330 3767 δὲ
3364 3714 3533 3769 αὑτὸν
3563 3720 3595 3784 ἡ

2016 3802 2196 3872 μήτηρ
2232 3800 2419 3869 αὑτοῦ,
2453 3800 2749 3866 ἀπεδέξατο
2776 3803 2938 3857 αὐτὸν
2970 3803 3107 3874 μετά
3138 3805 3336 3875 χαρᾶς,
3383 3806 3481 3857 καὶ
3512 3805 3602 3868 ἐξ-

2013 3891 2259 3961 ηγήσατο
2305 3891 2404 3944 ὅσα
2452 3890 2659 3961 συνέϐη.
2683 3893 2829 3962 αύτῷ
2876 3892 2962 3947 διὰ
3007 3893 3099 3946 τοῦ
3151 3893 3387 3947 ἀτάκτου
3431 3893 3598 3958 ζὼου.

2014 3981 2220 4052 Χρόνου
2251 3980 2307 4034 δὲ
2337 3981 2696 4054 παρελθόντος
2751 3977 2903 4035 εἶπεν
2950 3984 2983 4053 ἠ
3037 3984 3220 4054 μήτηρ
3274 3984 3601 4053 Ἑπιφανίου

2015 4072 2152 4145 πρὸς
2199 4073 2360 4127 αὐτόν
2380 4090 2393 4103 ·
2431 4074 2561 4127 Ἰδοὺ
2592 4076 2656 4145 δὴ
2677 4115 2691 4140 ,
2725 4074 2936 4138 τέκνον,
2969 4076 3002 4144 ἡ
3037 4075 3108 4143 γῆ
3142 4074 3429 4146 ἀμελεῖται
3452 4118 3468 4142 ,
3505 4079 3603 4132 καὶ

2015 4162 2358 4234 παραμύθιον
2401 4164 2533 4234 ἡμῖν
2558 4163 2709 4217 οὐδέν
2742 4165 2889 4218 ἐστιν
2919 4162 2978 4230 ἐξ
3004 4164 3194 4234 αὐτῆς.
3218 4161 3328 4218 Ἦν
3353 4166 3466 4238 γὰρ
3501 4169 3570 4231 αὐ
3594 4200 3603 4207 -

2017 4255 2125 4317 τοῖς
2167 4252 2241 4323 γῆ
2282 4253 2388 4306 ἰδία
2439 4254 2609 4324 μικρά
2632 4270 2645 4284 ⁸
2679 4255 2743 4324 ἣν
2779 4255 2871 4308 καὶ
2910 4256 2939 4308 ό
2988 4255 3170 4328 πατὴρ
3223 4256 3390 4311 αὐτοῦ
3423 4258 3607 4328 ἐμπό-

2016 4360 2121 4408 νως
2152 4344 2356 4415 ταύτην
2386 4344 2670 4415 γεωργῶν,
2696 4341 2840 4416 εἶχέν
2868 4364 2990 4417 τινα
3023 4346 3375 4418 παραμυθίαν
3416 4349 3479 4415 ἐξ
3506 4351 3606 4402 αύ-

353 4453 604 4499 nostrum
636 4443 845 4499 homini
884 4446 1135 4515 agricola:
1166 4464 1181 4501 :
1216 4456 1266 4500 et
1297 4457 1349 4501 tu
1399 4433 1636 4500 vade'ad
1677 4446 1907 4516 aliquem

2015 4434 2136 4504 τῆς.
2190 4429 2378 4521 Εἶπεν.
2412 4429 2521 4489 οὖν
2562 4436 2597 4505 ή
2644 4433 2813 4490 αὑτοῦ
2864 4438 3076 4509 μήτηρ·
3140 4437 3498 4509 Ἀποδὼμεθα
3546 4441 3610 4493 τὸ

354 4534 631 4589 hominem
683 4533 853 4589 Deum
897 4535 1201 4598 timentem,
1252 4544 1306 4590 et
1357 4536 1505 4590 disce
1562 4543 1757 4598 artem,
1808 4551 1912 4604 qua

353 4626 532 4695 possis
566 4637 616 4681 te
641 4627 806 4692 alere,
834 4625 1076 4697 mihique
1114 4636 1168 4681 et
1198 4635 1305 4682 tuze
1347 4626 1520 4681 sorori
1552 4641 1742 4696 panem
1788 4642 1915 4696 snp-

353 4715 609 4785 peditare.

425 4898 513 4953 IV.
573 4897 704 4952 Erat
743 4906 923 4951 autem
971 4894 1191 4964 quidam
1237 4890 1456 4947 Judaeus
1492 4891 1835 4961 legisperitns
1864 4892 1916 4944 in

354 4970 572 5041 civitate
602 4985 1027 5054 Eleutheropoli,
1060 4984 1143 5037 vir
1173 4982 1526 5037 admirandus
1550 4990 1604 5035 et
1630 4981 1919 5051 religiosus

355 5083 719 5143 congruenter
750 5074 850 5143 legi
881 5071 1099 5144 Moysis.
1153 5070 1202 5125 Is
1247 5068 1483 5149 habebat
1514 5068 1919 5138 possessionem

357 5166 411 5216 in
441 5164 583 5228 vico,
609 5163 662 5218 in
694 5172 800 5231 quo
828 5172 989 5220 natus
1021 5172 1137 5219 erat
1168 5160 1524 5232 Epiphanius,
1558 5160 1651 5229 qui
1683 5159 1795 5228 jam
1830 5175 1921 5215 co-

356 5253 651 5325 guoscebat
671 5252 788 5323 ejus
831 5248 1042 5323 patrem
1064 5263 1115 5308 et
1157 5261 1408 5317 matrem,
1445 5248 1694 5305 similiter
1738 5259 1918 5304 autem

238 5370 245 5379 -
358 5343 717 5416 Epiphanium
774 5354 827 5400 et
858 5344 978 5413 ejus
1020 5359 1287 5400 sororem.
1317 5340 1369 5397 Is
1413 5356 1539 5397 cum
1570 5339 1811 5395 venisset
1851 5340 1918 5395 ad

360 5433 606 5488 visendas
657 5448 783 5488 suas
840 5433 1246 5502 possessiones,
1289 5430 1427 5486 dixit
1482 5428 1641 5483 matri
1684 5425 1922 5498 Epipha-

361 5521 434 5577 nii
463 5540 475 5576 :
523 5520 733 5584 Mulier,
768 5522 851 5575 vis
889 5520 1019 5574 dare
1061 5519 1190 5572 mihi
1225 5519 1394 5572 tilium
1427 5526 1580 5571 tuum
1614 5516 1670 5570 in
1705 5516 1921 5571 ﬁlium?

361 5622 527 5680 tuque
570 5621 626 5666 et
680 5621 770 5667 tua
818 5610 924 5665 lilia
960 5608 1221 5679 parabitis
1265 5623 1296 5661 e
1343 5607 1507 5661 domo
1538 5615 1747 5669 nostra,
1792 5623 1914 5678 qum

360 5712 518 5759 erunt
551 5703 702 5759 vobis
727 5701 869 5759 usui.
895 5699 1063 5755 Mater
1089 5709 1267 5755 autem
1308 5697 1589 5766 Ειιῑριιτιτιῖτ
1649 5714 1768 5751 rum
1803 5688 1915 5755 haec

2018 4525 2223 4597 γηίδιον
2244 4525 2401 4597 ήμῶν
2427 4526 2698 4599 ἀνθρώπῳ
2719 4527 2948 4599 γεωργῷ
2968 4544 2985 4558 ο
3011 4527 3107 4582 καὶ
3131 4530 3196 4582 σὺ
3222 4527 3437 4584 εἴσελθε
3464 4531 3606 4602 πρὸς

2018 4616 2275 4685 θεόφοῦον
2312 4617 2614 4689 ἄνθρωπον,
2677 4619 2772 4673 καὶ
2817 4619 2909 4672 ἔσο
2949 4618 3333 4691 διδασκόμενος
3382 4621 3605 4692 τέχνην,

2018 4706 2085 4760 δι’
2115 4700 2185 4778 ἧς
2213 4706 2438 4761 δύνασαι
2480 4707 2573 4762 καὶ
2606 4708 2795 4763 ἑαυτὸν
2821 4710 3082 4781 τρέφειν,
3110 4711 3206 4765 καὶ
3235 4710 3381 4781 ἐμοὶ,
3410 4714 3507 4766 καὶ
3539 4714 3607 4782 τῇ

2021 4796 2221 4869 ἀδελφῇ
2254 4814 2348 4850 σου
2373 4797 2533 4869 ἄρτον
2563 4800 2859 4868 χορηγεῖν.“

2091 4890 2163 4940 Δ’.
2206 4883 2315 4939 ἾΙν
2344 4887 2403 4940 δέ
2424 4905 2508 4951 τις
2546 4889 2799 4952 Ἰουδαῖος
2831 4891 3279 4961 νομοδιδάσκαλος
3312 4894 3370 4949 ἐν
3417 4896 3609 4950 Ἐλευ-

2023 4978 2322 5050 θεροπόλει,
2358 4980 2499 5050 ἀνὴρ
2528 4979 2840 5049 θαυμαστὸς
2871 4982 2964 5034 καὶ
3010 4981 3293 5053 θεοσεϐὴς,
3336 4987 3481 5040 κατά
3515 4988 3616 5041 τὸν

2021 5066 2183 5151 νόμον
2214 5068 2515 5132 Μωῦσέως.
2557 5063 2727 5133 Οὗτος
2769 5067 2914 5142 εἶχεν
2952 5074 3175 5143 κτήσεις
3216 5077 3275 5151 εν
3316 5078 3384 5145 τῇ
3418 5075 3607 5146 κώμῃ,

2021 5159 2079 5211 ὲν
2179 5159 2438 5230 ἐγεννήθη
2490 5160 2838 5230 Ἐπιφάνιος’
2886 5163 2945 5226 ὃς
2991 5165 3084 5216 καὶ
3123 5165 3217 5219 τὸν
3255 5167 3473 5237 πατέρα
3505 5169 3607 5221 αύ-

2021 5244 2114 5300 τοῦ
2151 5246 2306 5317 ᾔδει,
2357 5248 2452 5302 καὶ
2493 5248 2594 5320 τὴν
2646 5250 2857 5321 μητέρα
2903 5251 3219 5318 ἐγίνωσκεν,
3262 5254 3468 5323 ὁμοίως
3514 5258 3606 5309 καὶ
3690 5302 3693 5305 .

2034 5335 2351 5407 Ἐπιφάνιον
2382 5339 2476 5391 καὶ
2498 5336 2598 5409 τὴν
2624 5338 2789 5392 αὐτοῦ
2824 5339 3078 5410 ἀδελφήν.
3128 5336 3298 5405 Οὗτος
3344 5345 3608 5398 εἰσελθὼν

2021 5427 2104 5491 είς
2135 5428 2423 5497 ἐπίσκεψιν
2446 5418 2556 5483 τῶν
2584 5428 2780 5483 ἑαυτοῦ
2811 5433 3133 5502 κτημάτων,
3162 5428 3313 5486 εἶπεν
3342 5435 3480 5504 πρδς
3506 5438 3609 5507 τὴν

2025 5518 2235 5590 μητέρα
2290 5520 2608 5589 Ἐπιφανίου
2633 5535 2647 5551 ·
2694 5520 2878 5580 Γύναι.
2927 5522 3088 5595 βούλῃ
3138 5541 3228 5593 μοι
3280 5525 3468 5581 δοῦναι
3516 5529 3613 5581 τὸν

2021 5610 2135 5663 υἱόν
2163 5627 2258 5663 σου
2281 5610 2361 5673 εἰς
2394 5610 2507 5663 υἱόν
2532 5626 2548 5675 ;
2572 5610 2666 5663 καὶ
2698 5610 2796 5681 ἔσῃ
2819 5612 2913 5663 καὶ
2945 5613 3008 5665 σὺ
3045 5615 3138 5666 καὶ
3167 5616 3199 5684 ή
3226 5603 3478 5689 θυγάτηρ
3511 5635 3608 5672 σου

2020 5699 2119 5764 τὰς
2142 5700 2332 5769 χρείας
2361 5700 2515 5761 ὑμῶν
2548 5699 2898 5767 ποριζόμεναι
2931 5704 2994 5755 ἐκ
3015 5702 3106 5756 τοῦ
3130 5704 3398 5775 ἡμετέρου
3423 5709 3604 5770 οἴκου,
