3808 6174
325 404 398 462 29
1624 404 1682 458 s.
1718 402 2059 459 EPIPHANII
2097 403 2275 458 VlTA.
2326 364 2329 365 ν
2483 448 2489 457 .
3496 399 3566 455 50

337 500 404 554 Ἦ
428 499 486 552 δὲ
515 502 698 571 μήτηρ
737 498 1051 568 Ἐπιφανίου
1078 498 1360 553 ἀκούσασα
1384 497 1536 570 παρὰ
1556 499 1646 552 τοῦ
1673 498 1894 569 νομικοῦ

2011 501 2275 555 audiisset
2322 514 2354 554 a
2386 498 2717 570 legisperito,
2744 496 2903 553 valde
2956 497 3139 552 laetata
3189 501 3274 550 est
3314 512 3328 549 :
3364 501 3417 549 et
3439 486 3563 549 cum
3678 502 3685 509 '

327 588 529 654 ταῦτα,
576 588 747 659 ἐχάρη
788 589 956 652 πολὺ,
989 590 1081 641 καὶ
1116 588 1353 642 λαϐοῦσα
1391 589 1727 657 Ἐπιφάνιον,
1760 606 1899 660 παρ-

327 676 528 730 έδωκεν
560 677 722 730 αὐτὸν
752 676 1097 749 παραχρῆμα
1128 681 1208 741 εἰς
1239 677 1372 731 υἱόν.
1416 677 1490 731 Τὸ
1522 678 1579 731 δέ
1607 678 1774 747 ὄνομα
1805 679 1899 732 τοῦ

325 766 553 836 νομικοῦ
578 766 824 820 ἐκαλεῖτο
853 766 1107 838 Τρύφων.
1139 761 1308 831 Οὗτος
1337 763 1480 838 εἶχεν
1509 767 1778 840 θυγατέρα
1806 785 1902 839 μο-

328 857 520 927 νογενῆ
539 873 553 887 ο
582 855 833 911 ἐϐούλετο
860 858 919 911 δὲ
949 857 1152 930 ταύτην
1186 856 1441 923 συζεῦξαι
1482 859 1804 930 Ἐπιφανὶιελ

400 946 481 1001 E'.
531 945 591 1000 Ὀ
633 944 726 1001 οὖν
759 948 991 1018 Τρύφων
1043 948 1223 1002 λαϐὼν
1280 949 1591 1020 Ἐπιφάνιον
1636 954 1715 1015 εἰς
1764 952 1897 1013 υἱὸν,

327 1036 643 1092 ἐπαίδευσεν
697 1038 858 1092 αὐτὸν
907 1041 1156 1111 ἐμπόνως
1197 1041 1265 1096 τὰ.
1315 1040 1409 1095 τοῦ
1461 1041 1661 1112 νόμου,
1700 1044 1794 1096 καὶ
1833 1042 1900 1096 τὰ

331 1133 570 1202 στοιχεῖα
604 1130 673 1186 τὰ
718 1130 981 1202 Ἑϐραϊκὰ
1011 1131 1148 1202 μετὰ
1179 1131 1481 1202 ἀκριϐείας.
1522 1132 1901 1203 Ἐτελεύτησεν

325 1225 385 1278 δέ
410 1227 445 1297 ή
473 1225 718 1297 θυγάΰηρ
755 1225 848 1280 τοῦ
880 1226 1173 1297 Τρύφωνος
1193 1266 1208 1291 ,
1249 1227 1343 1280 καὶ
1391 1226 1551 1297 μόνος
1590 1225 1901 1295 Ἐπιφάνιος

324 1312 392 1388 ἦν
414 1317 475 1370 ἐν
496 1317 573 1388 τῷ
599 1316 732 1388 οῐκῳ
754 1316 918 1373 αὐτοῦ
948 1317 1271 1389 προκόπτων
1291 1319 1385 1373 καὶ
1402 1321 1469 1393 τῇ
1490 1318 1697 1390 ἡλικία,
1718 1319 1810 1373 καὶ
1832 1320 1900 1390 τῇ

325 1407 490 1480 σοφίᾳ
514 1409 579 1480 τῇ
622 1407 905 1480 Ἐϐραῖκῇ.
937 1406 1142 1480 Συνέϐη
1175 1408 1233 1462 δὲ
1271 1409 1364 1463 καὶ
1386 1409 1473 1464 τὸν
1515 1408 1783 1481 Τρύφωνα
1814 1426 1915 1463 ’τε-τ

323 1501 606 1572 λευτῆσαι·
647 1502 742 1556 καὶ
775 1496 957 1555 πᾶσαν
979 1501 1079 1573 τὴν
1101 1500 1370 1573 ὑπόληψιν
1393 1501 1559 1556 αὐτοῦ
1587 1501 1903 1572 κατέλειψεν

337 1591 660 1665 Ἐπιφανίῳ.
698 1593 1079 1665 Ἐτελεύτησεν
1120 1593 1177 1647 δέ
1219 1595 1315 1649 καὶ
1357 1596 1393 1666 ή
1432 1597 1619 1667 μήτηρ
1673 1596 1903 1666 Ἐπιφασ-

286 1710 299 1715 η
322 1682 463 1737 νίου.
505 1682 735 1737 Ἔλαϐεν
780 1682 838 1737 δὲ
874 1683 1192 1751 Ἐπιφάνιος
1222 1682 1320 1753 τὴν
1349 1672 1545 1738 ἐαυτοῦ
1579 1683 1814 1755 ἀδελφὴν
1843 1686 1902 1738 ἐν

321 1770 402 1841 τῷ
429 1770 564 1843 οἴκῳ
588 1771 666 1843 τῷ
694 1772 800 1826 ὑπὸ
829 1771 924 1826 τοῦ
953 1772 1248 1845 Τρύφωνος
1277 1771 1691 1842 καταλειφθέντι
1724 1761 1896 1846 αὐτῷ·

2007 592 2301 661 aceepissct
2333 589 2716 660 Epiphanium,
2744 604 2870 643 eum
2906 587 3215 659 legisperito
3252 586 3433 639 statim
3469 585 3558 639 tle-

2003 682 2085 736 dit
2122 682 2176 735 in
2211 680 2403 735 filium.
2454 678 2583 734 Erat
2615 678 2927 748 lcgisperito
2950 678 3027 732 illi
3058 666 3256 731 nom/ett
3288 674 3564 746 Tryphon,

2003 773 2098 843 qui
2125 771 2319 826 habuit
2352 770 2520 824 filiam
2562 769 2920 840 unigenitant,
2948 767 3270 836 volebatque
3292 781 3411 820 eam
3434 765 3567 834 jun-

1999 879 2124 936 gere
2159 863 2481 934 Epiphanio.
2716 896 2723 902 ο
3350 873 3363 884 ·

2076 954 2142 1010 ν.
2184 955 2322 1009 Cum
2353 955 2535 1022 itaque
2560 951 2816 1024 Tryphon
2857 948 3221 1019 Epiphanium
3268 947 3570 1016 accepisset
3610 962 3613 963 '

2002 1047 2057 1103 in
2098 1046 2292 1113 filium,
2344 1058 2682 1115 quaecunque
2740 1054 2868 1121 sunt
2912 1042 3046 1111 legis
3107 1056 3231 1095 eum
3283 1039 3570 1110 diligenter

2001 1138 2214 1201 docuit,
2244 1147 2298 1192 et
2326 1137 2593 1192 elementa
2630 1133 2892 1189 llebraica
2926 1140 3199 1201 accurate.
3240 1129 3449 1185 Mortua
3489 1139 3574 1184 est

2004 1238 2186 1283 autem
2217 1227 2325 1281 lilia
2366 1226 2694 1298 Tryphonis,
2724 1225 2985 1295 solusque
3012 1224 3348 1293 Epiphanius
3373 1233 3489 1277 erat
3519 1223 3572 1276 in
3603 1215 3615 1226 ’

2002 1318 2167 1373 domo
2203 1317 2347 1388 ejus,
2375 1316 2664 1387 proficiens
2694 1322 2855 1370 aetate
2877 1320 2932 1368 et
2971 1312 3239 1382 sapientia
3282 1309 3569 1367 Hebraica.

2001 1411 2212 1468 Accidit
2246 1424 2400 1476 vero,
2432 1416 2493 1462 ut
2531 1406 2787 1479 Tryphon
2832 1418 3052 1474 quoque
3083 1399 3406 1456 decederet:
3453 1414 3570 1453 om-

2005 1517 2210 1573 nesque
2249 1499 2534 1556 facultates
2566 1511 2697 1559 suas
2725 1483 2949 1566 reliquit
2973 1493 3318 1565 {Epiphania
3360 1489 3572 1545 Mortua

2003 1602 2087 1649 est
2127 1601 2308 1648 autem
2362 1601 2537 1645 mater
2590 1602 2812 1659 quoque
2864 1583 3174 1656 Epipitanii.
3221 1581 3327 1648 Qui
3370 1580 3575 1649 accepit

2004 1699 2245 1742 sororem
2275 1696 2430 1739 suam
2469 1682 2523 1748 in
2549 1681 2734 1745 domo,
2762 1694 2885 1748 qua:
2918 1692 2948 1731 a
2983 1675 3275 1745 Tryphone
3315 1672 3419 1728 sibi
3452 1670 3575 1726 reli-

2003 1787 2087 1832 cta
2137 1774 2333 1830 fuerat.
2392 1771 2669 1841 Erantque
2713 1769 2876 1824 ambo
2926 1766 3074 1822 domi
3115 1765 3174 1818 in
3220 1777 3416 1833 magna
3456 1761 3576 1816 vita:

321 1838 421 1916 καὶ
444 1838 585 1934 ἦσαν
609 1838 660 1916 oi
683 1862 778 1917 δύο
800 1862 918 1934 ἅμα
941 1838 1098 1934 ἐν’τῷ
1126 1864 1261 1934 οῐκῳ
1289 1865 1349 1917 ἐν
1378 1838 1545 1934 πολλῇ
1571 1838 1894 1920 καταστάσει

2005 1861 2414 1932 tranquillitate,
2452 1838 2842 1913 convenienter
2874 1855 3157 1920 doctrinae,
3216 1866 3382 1922 quam
3421 1864 3576 1907 accc-

325 1952 445 2022 βὶου
491 1953 633 2008 κατὰ
687 1954 786 2025 τὴν
858 1953 1081 2027 διδαχὴν
1142 1954 1460 2026 Τρύφωνος.
1518 1953 1781 2021 Ἐξελθὼν
1842 1956 1902 2010 δέ

337 2042 650 2111 Έπιφάνιος
692 2043 752 2097 ἐν
781 2046 849 2114 τῇ
889 2040 1050 2115 κώμῃ
1072 2082 1088 2108 ,
1141 2043 1199 2096 ὲν
1241 2036 1276 2116 ᾗ
1309 2042 1575 2115 ἐγεννήθη
1602 2082 1618 2109 ,
1656 2044 1715 2119 ἐν
1747 2037 1780 2118 ᾗ
1809 2046 1902 2099 καὶ

318 2131 422 2205 τὴν
451 2133 641 2204 κτῆσιν
662 2128 808 2205 εἶχεν
835 2134 933 2206 τὴν
962 2133 1419 2204 καταλειφθεῖσαν
1450 2134 1600 2206 αὐτῷ
1629 2134 1736 2189 ὑπὸ
1768 2136 1904 2207 Τρύ-

321 2236 524 2290 φωνος,
542 2222 854 2294 ὑπήντησεν
890 2221 1040 2294 αύτῷ
1059 2224 1201 2293 ἁνήρ
1227 2240 1313 2288 τις
1336 2223 1659 2296 Χριστιανὸς
1677 2226 1901 2295 ὀνόματι

318 2310 655 2376 Λουκιανὸς,
684 2310 991 2384 θαυμαστὸς
1030 2313 1125 2366 καὶ
1164 2313 1342 2382 λόγιος
1363 2354 1378 2379 ,
1423 2315 1514 2368 τὸν
1549 2315 1760 2386 μονήρη
1788 2314 1901 2385 βίον

318 2399 688 2471 διερχόμενος,
715 2401 912 2473 τέχνην
936 2402 1076 2473 ἔχων
1105 2403 1202 2474 τὴν
1233 2401 1328 2457 τοῦ
1357 2403 1749 2476 καλλιγραφου,
1771 2405 1903 2460 ταύ-

318 2506 393 2564 τῃ
423 2508 483 2545 τε
513 2493 964 2565 προσκαρτερῶν,
992 2493 1051 2562 ἐξ
1079 2494 1252 2566 αὐτῆς
1275 2495 1367 2551 τὸν
1392 2495 1554 2567 ἄρτον
1597 2496 1897 2568 ἐπορίζετο,

316 2582 418 2636 καὶ
461 2582 522 2637 τὸ
568 2582 891 2654 περισσεῦον
931 2585 1175 2641 ἐπεδίδου
1221 2588 1335 2651 τοῖς
1374 2587 1668 2659 δεομένοις.
1707 2588 1767 2642 '0
1806 2583 1900 2643 οὖν

331 2672 649 2742 Ἐπιφάνιος
666 2670 736 2747 ἦν
765 2675 1112 2748 ἐπιϐεϐηκὼς
1140 2678 1233 2731 ἐπὶ
1264 2678 1578 2748 ὑποζύγιον.
1619 2680 1676 2734 Ὀ
1705 2679 1762 2733 δὲ
1797 2698 1901 2752 μα-

315 2763 553 2835 καρίτης
590 2764 884 2828 Λουκιανὸς
932 2760 1001 2837 ἦν
1043 2767 1366 2837 περιπατῶν
1414 2770 1473 2822 ἐν
1517 2771 1583 2841 τῇ
1629 2768 1756 2840 ὀδῷ,
1804 2771 1900 2823 καὶ

318 2855 660 2925 συνήντησαν
683 2856 989 2928 ἀμφότεροι
1016 2857 1287 2930 ἀλλήλοις.
1329 2859 1534 2931 Συνέϐη
1567 2860 1656 2923 δὲ,
1693 2861 1901 2934 πένητά

311 2959 442 2998 τινα
482 2945 833 3000 ἐπιλαϐέσθαι
874 2947 985 3001 τῶν
1043 2947 1222 3005 ποδῶν
1266 2949 1565 3005 Λουκιανοῦ
1588 2967 1603 2983 ο
1627 2952 1723 3005 καὶ
1754 2951 1899 3022 λέγει

312 3035 457 3105 πρὸς
484 3035 677 3089 αὐτόν’
711 3035 1000 3108 Ἄνθρωπε
1044 3036 1139 3090 τοῦ
1184 3037 1319 3095 Θεοῦ
1341 3079 1357 3107 ,
1387 3039 1615 3110 ἐλέησόν
1666 3058 1768 3112 με,
1817 3042 1898 3095 ὅτι

309 3128 469 3230 τρεῖς
732 3125 842 3197 ἔχω
859 3127 1054 3230 ,ἄσιτος
1079 3126 1362 3230 διατελων,
1399 3130 1477 3203 μὴ
1510 3129 1651 3201 ἔχων
1672 3132 1898 3203 ἐμαυτῷ
1925 3169 1969 3230 c

312 3216 507 3289 μηδέν.
548 3217 606 3271 ’0
642 3217 701 3270 δέ
730 3219 1001 3291 μακάριος
1028 3219 1327 3284 Λουκιανὸς
1346 3259 1361 3284 ,
1411 3220 1487 3293 μὴ
1514 3221 1653 3293 έχων
1678 3224 1732 3276 τι
1760 3224 1899 3278 ἀπο-

304 3308 501 3363 δοῦναι
529 3306 608 3378 τῷ
644 3308 859 3379 πένητι,
901 3308 964 3361 τὸ
1010 3309 1359 3381 περιϐόλαιον
1387 3310 1554 3364 αὑτοῦ
1587 3313 1901 3369 ἀποσκεπά-

313 3417 418 3466 σας
453 3400 693 3455 ἐπεδίδου
713 3441 730 3469 ,
781 3401 956 3471 λέγων
977 3418 991 3433 ο
1019 3401 1245 3457 Εῑσελθε
1277 3405 1336 3457 ἐν
1366 3405 1433 3475 τῇ
1462 3402 1612 3459 πόλει
1634 3442 1654 3467 ,
1685 3406 1778 3461 καὶ
1807 3407 1898 3461 πιε-

306 3508 526 3563 πρασον
555 3491 732 3557 τοῦτο,
763 3492 857 3547 καὶ
879 3490 1087 3564 ὤνησαι
1117 3492 1337 3565 ἄρτους.

387 3581 481 3647 ς’.
518 3579 576 3633 ὐ
606 3580 665 3633 δὲ
708 3580 1027 3649 Ἐπιφάνιος
1056 3580 1387 3653 προσέσχεν,
1420 3582 1506 3635 ὅτι
1535 3582 1613 3646 ὡς
1660 3583 1898 3638 ἀπεσκέ-

306 3687 489 3725 πασεν
520 3671 710 3725 ἑαυτὸν
731 3672 1051 3737 Λουκιανὸς,
1082 3672 1178 3727 καὶ
1201 3673 1402 3727 ἔδωκεν
1424 3672 1503 3744 τῷ
1532 3674 1744 3745 πένητι,
1774 3674 1902 3729 θεω-

310 3764 408 3834 ρεῖ
434 3761 633 3833 λευκὴν
658 3761 850 3834 στολὴν
877 3762 972 3818 ἀπ’
1003 3763 1235 3835 οὐρανοῦ
1265 3763 1630 3819 κατελθοῦσαν
1655 3767 1750 3819 καὶ
1775 3783 1900 3820 σκε-

309 3845 566 3909 πάσασαν
593 3853 775 3908 αὐτόν.
811 3853 924 3908 Kal
967 3853 1211 3925 ἐφοϐήθη
1256 3856 1573 3925 Ἐπιφάνιος
1610 3856 1776 3926 φόϐον
1807 3857 1901 3927 μέ-

309 3960 418 4014 γαν
437 3961 451 3974 ·
499 3944 591 3998 καὶ
626 3942 806 3997 πεσὼν
854 3945 947 3998 ἐπὶ
990 3945 1304 4017 πρόσωπον,
1349 3946 1514 4017 ῥίψας
1555 3932 1745 4001 ἐαυτδν
1791 3947 1900 4001 ἀπὸ

312 4032 636 4103 ὑποζυγίου,
661 4029 814 4087 εἶπεν
857 4034 993 4104 πρὸς
1022 4036 1355 4090 Λουκιανόνο
1406 4036 1605 4106 Δέομαί
1648 4054 1763 4103 σου,
1808 4038 1899 4092 ἄν·

313 4126 531 4199 θρωπε,
569 4124 721 4181 εἰπόν
753 4144 873 4198 μοι⁸
902 4128 986 4191 τίς
1008 4122 1098 4193 si;
1133 4128 1193 4181 ὐ
1224 4127 1280 4181 δὲ
1308 4128 1577 4200 μακάριος
1607 4130 1900 4194 Λουκιανὸς

312 4217 473 4276 εἶπεν
510 4216 648 4292 πρὸς
684 4219 1033 4289 Ἐπιφάνιονσ
1080 4218 1252 4274 Εἰπόν
1308 4236 1400 4291 μοι
1447 4219 1535 4285 σὺ,
1571 4220 1731 4284 ποίας
1768 4220 1900 4293 θρη-

315 4312 508 4376 σκείας
535 4311 821 4382 ὑπάρχεις,
845 4309 1019 4382 ,κάγὼ
1047 4310 1334 4380 ἁναγγελῶ
1383 4327 1469 4364 σοι
1501 4312 1572 4365 τὰ
1612 4314 1731 4366 κατ’
1774 4313 1895 4382 ἐμέ.

322 4399 623 4471 Ἀπεκρίθη
675 4400 1025 4470 Ἐπιφάνιος,
1079 4398 1174 4453 καὶ
1223 4395 1413 4453 εἷπε-,ν’
1452 4399 1703 4463 Ἰουδαῖός
1754 4401 1893 4470 εἰμι.

2005 1960 2253 2024 peranta
2294 1951 2609 2022 Tryphone.
2644 1948 2880 2020 Egresso
2930 1954 3112 2005 autem
3165 1940 3468 2012 Epiphanio
3520 1940 3576 1994 in

2002 2046 2187 2103 vicum
2214 2045 2267 2099 in
2298 2057 2409 2114 quo
2439 2051 2603 2098 natus
2659 2040 2857 2103 fuerat,
2904 2038 2961 2092 in
3005 2050 3118 2107 quo
3146 2035 3313 2090 etiam
3343 2032 3576 2089 habebat

2001 2133 2379 2204 possessiones
2434 2131 2654 2186 relictas
2692 2144 2724 2183 a
2769 2125 3081 2198 Tryphone,
3148 2123 3376 2180 ‘ccurrit
3412 2121 3464 2177 ei
3492 2121 3577 2175 vir

2000 2223 2227 2296 quidam
2254 2222 2621 2288 Christianus,
2646 2216 2867 2275 nemine
2896 2218 3190 2282 Lucianus,
3226 2214 3581 2270 admirandus

1999 2323 2055 2371 et
2096 2314 2365 2378 eruditus,
2411 2313 2506 2383 qui
2543 2313 2712 2368 vitam
2748 2304 3056 2366 exercebat
3099 2305 3483 2369 monasticam,
3522 2313 3577 2360 et

2000 2408 2266 2480 elegantis
2312 2406 2521 2463 librarii
2578 2412 2748 2460 artem
2807 2401 3054 2472 apprime
3114 2399 3367 2464 tenebat,
3416 2396 3579 2465 eique

2001 2508 2220 2558 strenue
2265 2511 2473 2553 navans
2528 2508 2771 2566 operam.
2826 2507 2894 2548 ex
2931 2504 2998 2546 ea
3052 2504 3248 2561 panem
3300 2486 3576 2558 quaarebat

1998 2589 2379 2661 quotidianum
2427 2603 2443 2652 ;
2515 2594 2567 2641 et
2623 2584 2770 2655 quod
2829 2588 3163 2651 supererat,
3234 2576 3578 2648 impertiebat

1998 2663 2303 2753 egentibus.
2366 2679 2546 2749 Atque
2610 2674 2947 2746 Epiphanius
2998 2670 3217 2744 quidem
3269 2669 3619 2738 jumentnm~

1998 2773 2433 2831 conscenderat:
2482 2770 2675 2826 beatus
2712 2772 2894 2823 anteln
2926 2764 3204 2821 Lucianus
3245 2760 3300 2815 in
3331 2760 3417 2815 via
3450 2774 3576 2814 am-

2002 2864 2241 2928 bulabat,
2269 2871 2324 2918 et
2350 2862 2513 2918 ambo
2538 2859 2643 2916 sibi
2682 2859 2915 2914 invicem
2952 2865 3332 2912 occurrerunt.
3370 2850 3575 2911 Accidit

2000 2969 2149 3021 vero,
2173 2962 2233 3008 ut
2260 2968 2468 3024 pauper
2495 2950 2717 3020 quidam
2755 2947 2918 3020 pedes
2940 2945 3169 3001 Luciani
3198 2947 3578 3017 prehenderet,

1999 3052 2055 3101 et
2089 3043 2140 3100 ei
2171 3043 2379 3099 diceret
2410 3058 2425 3096 :
2458 3038 2634 3095 Homo
2676 3037 2793 3104 Dei,
2827 3036 3089 3092 miserere
3121 3034 3262 3099 mei;
3285 3034 3397 3103 jam
3431 3031 3577 3086 enim

2001 3145 2112 3193 tres
2144 3135 2261 3191 dies
2300 3147 2596 3203 permaneo
2624 3131 2870 3201 jejunus,
2906 3135 2966 3183 ut
3010 3128 3104 3197 qui
3138 3125 3276 3180 nihil
3325 3125 3575 3180 habeam.

2000 3226 2197 3283 Beatus
2248 3233 2428 3281 autem
2486 3223 2784 3287 Lucianus,
2836 3236 2962 3277 cum
3009 3219 3149 3275 nihil
3203 3217 3348 3272 aliud
3399 3226 3574 3285 posset

2000 3318 2130 3374 dare
2157 3317 2403 3388 pauperi,
2433 3330 2494 3371 se
2523 3316 2726 3370 amictu
2753 3327 2979 3378 exuens,
3008 3326 3133 3366 eum
3174 3309 3250 3364 illi
3281 3309 3469 3372 donat,
3495 3307 3576 3360 di-

1999 3422 2174 3464 cens:
2226 3404 2516 3477 Ingredere
2566 3405 2873 3468 civitatem,
2906 3412 2959 3457 et
2991 3401 3183 3465 vende,
3233 3409 3286 3454 et
3319 3416 3438 3453 etne
3482 3395 3582 3451 tibi

2001 3514 2187 3570 panes.

2070 3588 2161 3645 Vl.
2195 3587 2441 3645 Advertit
2487 3595 2669 3643 autem
2716 3584 3078 3655 Epiphanius,
3129 3582 3276 3652 quod
3328 3597 3454 3637 cum
3519 3596 3577 3635 se

1997 3680 2242 3739 eruisset
2281 3678 2579 3743 Lucianus,
2612 3684 2667 3733 et
2692 3675 2931 3732 dedisset
2972 3674 3218 3744 pauperi,
3248 3673 3416 3727 vestis
3441 3686 3573 3726 can-

1999 3771 2125 3829 dida
2155 3772 2224 3828 de
2267 3772 2407 3828 caelo
2435 3769 2769 3827 descendens
2800 3756 3197 3822 eum'texerat.
3241 3764 3436 3835 Magno
3471 3765 3576 3818 ita-

1998 3879 2107 3933 que
2145 3864 2339 3917 timore
2378 3861 2479 3916 fuit
2513 3859 2743 3914 allectus
2776 3857 3140 3932 Epiphanius,
3173 3870 3491 3926 pronusque
3519 3856 3574 3908 in

1997 3952 2191 4011 faciem
2217 3950 2418 4008 cadens
2456 3966 2486 4004 e
2513 3949 2783 4017 jumento,
2826 3949 2965 4003 dixit
3000 3946 3279 4001 Luciano:
3310 3945 3463 4015 Rogo
3502 3954 3572 4009 te,

1997 4063 2032 4103 o
2064 4047 2246 4111 homo,
2280 4043 2370 4098 die
2406 4040 2540 4095 mihi
2574 4059 2588 4095 ι
2624 4040 2877 4110 quisnam
2905 4039 3004 4093 es?
3030 4037 3230 4091 Beatus
3259 4045 3439 4091 autem
3471 4034 3575 4090 Lu-

1997 4141 2190 4194 cianus
2218 4135 2356 4193 dixit
2387 4132 2693 4204 Epiphanio
2725 4148 2740 4186 :
2777 4131 2873 4185 Dic
2902 4130 3033 4184 mihi
3069 4139 3146 4194 tu,
3176 4127 3466 4197 cujusnam
3498 4128 3575 4182 sis

1997 4226 2295 4298 religionis,
2344 4233 2400 4279 et
2445 4238 2548 4294 ego
2598 4235 2777 4277 meam
2833 4218 2933 4273 tibi
2970 4216 3225 4272 referam.
3277 4214 3575 4284 Respondit

1996 4313 2353 4385 Epiphanius,
2408 4322 2463 4366 et
2489 4311 2629 4365 dixit
2664 4327 2677 4363 :
2719 4307 2852 4362 Sum
2905 4304 3147 4361 Iudaeus.
3193 4302 3355 4359 Novit
3390 4304 3575 4370 itaque

1996 4406 2272 4461 Lucianus
2306 4402 2535 4475 gratiam
2566 4400 2662 4456 Dei
2692 4400 2954 4455 cecidisse
2984 4411 3147 4466 super
3176 4393 3568 4465 Epiphanium.

297 4487 503 4560 Ἔγνω
528 4487 621 4545 οῦν
636 4491 951 4556 Λουκιανὸς,
987 4490 1071 4544 ὅτι
1107 4490 1269 4562 χάρις
1293 4490 1431 4544 Θεοῦ
1461 4476 1729 4545 ἐπέπεσεν
1759 4491 1894 4562 πρὸς

2001 4495 2131 4551 Nam
2169 4494 2570 4566 praescientiam
2605 4505 2824 4562 quoque
2856 4490 3089 4545 habebat
3131 4486 3427 4543 Lucianus.
3473 4484 3574 4540 Re-

325 4584 643 4652 Ὲπιφάνιον
663 4599 676 4614 ο
704 4579 772 4653 ἦν
800 4582 908 4654 γὰρ
935 4584 1035 4637 καὶ
1072 4583 1380 4654 πρόγνωσιν
1408 4582 1547 4654 ἔχων
1577 4584 1892 4648 Λουκιανός.

319 4673 622 4747 ’Λπεκριθη
668 4674 1155 4746 Λουκιανὸς,πῴς
1216 4674 1567 4747 Ἐπιφάνιον·
1630 4675 1756 4739 Πῶς
1807 4677 1893 4742 σὺ,

319 4765 576 4829 Ἰουδαῖος
600 4764 697 4832 ὢν,
733 4766 1019 4838 ἐπερωτᾷς
1047 4767 1373 4839 Χριστιανὸν
1409 4765 1603 4837 μαθεῖν
1629 4767 1713 4831 τίς
1741 4768 1891 4838 εἰμι;

303 4858 393 4910 ὅτι
449 4855 723 4928 βδέλυγμα
753 4858 806 4911 οἱ
845 4858 1089 4913 Ἰουδαῖοι
1141 4859 1254 4920 τοῖς
1300 4859 1647 4928 Χριστιανοῖς
1670 4898 1685 4923 ,
1720 4857 1815 4911 καὶ
1844 4860 1895 4911 οἱ

305 4943 631 5013 Χριστιανοὶ
658 4946 773 5009 τοῖς
805 4943 1098 5011 Ἰουδαίοις.
1125 4946 1257 5001 Ἰδοὺ
1281 4944 1347 5017 δὴ
1364 4946 1625 5017 ἤκουσας,
1653 4948 1737 5001 ὅτι
1761 4949 1897 5020 Χρι-

303 5034 527 5098 στιανός
572 5036 685 5106 εἰμι
705 5053 719 5066 ·
749 5035 850 5090 οὐκ
885 5036 1096 5104 ἔξεστίν
1137 5054 1221 5091 σοι
1244 5036 1372 5092 ἄλλο
1411 5055 1466 5090 τι
1497 5037 1730 5092 ἀκοῦσαι
1762 5043 1893 5110 παρ’

302 5122 469 5195 ἐμοῦ.
502 5125 563 5178 'U
590 5124 647 5178 δέ
693 5126 1012 5207 Ἐπιφάνιος
1050 5123 1205 5181 εἶπεν
1237 5128 1374 5199 πρὸς
1417 5129 1715 5183 Λουκιανόν
1735 5146 1748 5159 ·
1785 5130 1895 5184 Καὶ

300 5217 362 5269 τί
388 5213 589 5269 κωλύει
613 5215 709 5270 τοῦ
732 5217 826 5271 καὶ
847 5218 949 5287 ἐμὲ
974 5218 1228 5286 γενέσθαι
1252 5220 1614 5292 Χριστιανόν;
1637 5220 1895 5292 Ἀπεκρί-

304 5306 376 5377 θη
425 5307 722 5369 Λουκιανὸς
775 5309 870 5363 καὶ
908 5305 1065 5365 εἶπεν
1088 5328 1103 5342 ’
1159 5310 1233 5364 Τὸ
1304 5310 1380 5382 μὴ
1427 5309 1601 5365 θέλειν
1659 5311 1856 5366 κωλύει
1879 5330 1893 5343 ο

303 5395 369 5450 τέ
430 5395 544 5468 γὰρ
603 5396 777 5453 θέλειν
859 5400 936 5471 (α)
996 5401 1282 5472 πάρεστιν.
1337 5401 1779 5472 Κατανυχθέντος
1837 5404 1894 5458 δὲ

317 5483 645 5557 Ἐπιφανίου
697 5490 792 5545 ἐπὶ
860 5493 974 5554 τοῖς
1046 5491 1226 5560 λόγοις
1286 5492 1589 5548 Λουκιανοῦ
1613 5536 1629 5562 ,
1709 5494 1892 5549 οὐκέτι

305 5574 585 5647 ἐπορεύθη
607 5577 746 5648 πρὸς
770 5580 1059 5650 ἐπίσκεψιν
1082 5582 1183 5654 τῆς
1216 5567 1410 5638 ἐαυτοῦ
1442 5587 1690 5656 κτήσεως
1709 5602 1723 5616 ·
1755 5586 1891 5640 ἀλλὰ

309 5665 495 5720 λαϐὼν
522 5668 843 5737 Λουκιανὺν,
873 5673 1189 5744 εἰσήνεγκεν
1212 5676 1374 5732 αὐτὸν
1404 5679 1484 5741 εἰς
1501 5678 1594 5731 τὸν
1619 5673 1766 5732 οἷκον
1792 5679 1890 5732 αὐο

389 5780 465 5846 (a)
487 5780 748 5840 Fortasse
771 5785 1053 5843 δύνασθαι.

1997 4585 2216 4657 Spondit
2265 4600 2396 4654 ergo
2467 4582 2767 4645 Lueianus,
2822 4589 2879 4635 et
2925 4580 3063 4635 dixit
3093 4576 3456 4648 Epiphanio:
3507 4574 3574 4629 Et

1994 4676 2271 4747 quomodo
2315 4685 2371 4730 tu
2404 4673 2530 4730 cum
2579 4673 2656 4728 sis
2690 4670 2934 4735 Judaaus,
2980 4685 3143 4739 rogas
3172 4667 3571 4735 Christianum,

1995 4768 2249 4839 quisnam
2303 4766 2414 4822 sit?
2449 4765 2762 4820 Abhorrent
2805 4762 2949 4818 enim
2997 4762 3297 4817 Christiani
3326 4758 3569 4821 Iudaeos,

1992 4870 2047 4915 et
2070 4859 2241 4915 Judaei
2269 4857 2635 4913 Christianos.
2669 4856 2809 4911 Ecce
2841 4854 3099 4909 audivisti
3143 4868 3230 4907 me
3258 4865 3383 4907 esse
3410 4850 3572 4907 Chri-

1992 4952 2231 5027 stianum
2261 4969 2276 5004 :
2312 4964 2420 5004 non
2451 4949 2578 5004 licet
2606 4949 2701 5004 tibi
2735 4949 2925 5003 audire
2953 4962 3021 5002 ex
3041 4960 3129 5000 me
3160 4944 3371 5013 aliquid
3395 4943 3566 4999 aliud.

1993 5041 2334 5112 Epiphanius
2369 5050 2553 5097 autem
2584 5039 2725 5095 dixit
2773 5037 3014 5094 Lttciano
3044 5053 3060 5092 :
3090 5035 3158 5090 Et
3203 5035 3335 5106 quid
3364 5036 3565 5103 obstat,

1990 5149 2103 5204 quo
2132 5134 2313 5191 minus
2342 5148 2445 5204 ego
2470 5147 2689 5203 quoque
2715 5130 2817 5185 sint
2849 5127 3233 5183 Christianus!
3274 5125 3571 5200 Respondit

1992 5225 2290 5289 Lucianus,
2325 5232 2381 5281 et
2413 5225 2551 5279 dixit
2582 5242 2596 5277 :
2632 5222 2689 5278 ltl
2725 5236 2894 5276 unum
2948 5220 3146 5285 obstat,
3177 5220 3322 5291 quod
3374 5221 3519 5277 nolis
3550 5217 3566 5274 ὲ

1990 5317 2118 5374 licet
2144 5318 2312 5382 enim,
2342 5319 2388 5372 si
2424 5316 2580 5371 velis.
2619 5314 2850 5369 Luciani
2876 5322 3058 5369 autem
3084 5313 3266 5369 verbis
3298 5327 3569 5383 compun-

1990 5419 2113 5464 ctus
2150 5406 2511 5478 Epiphanius,
2548 5420 2655 5460 non
2713 5404 2951 5474 perrexit
2992 5404 3228 5474 amplius
3278 5404 3344 5459 ad
3372 5402 3567 5458 viden-

1988 5502 2114 5557 dam
2149 5515 2307 5557 suam
2352 5499 2753 5570 possessionem
2789 5515 2804 5553 :
2857 5497 2951 5554 sed
2981 5497 3191 5567 accepit
3234 5493 3563 5561 Lucianum,

1988 5602 2043 5648 et
2066 5592 2369 5647 introduxit
2410 5591 2464 5645 in
2493 5591 2717 5646 domum
2754 5606 2932 5657 suam,
2965 5605 3085 5661 qua:
3126 5590 3174 5644 ci
3218 5589 3407 5643 relicta
3458 5586 3568 5644 fue-

1993 5693 2097 5773 rat,
2133 5692 2187 5738 ct
2217 5682 2455 5739 ostendit
2485 5682 2536 5738 ei
2562 5681 2768 5750 omnia,
2801 5699 2922 5753 qua:
2945 5681 3092 5738 domi
3125 5686 3303 5746 erant,
3330 5678 3520 5735 dicens
3546 5696 3561 5734 :
