3842 6100
298 331 365 388 5|

1586 346 1645 400 S.
1692 341 2030 399 EPIPHANII
2076 345 2234 400 VITA

3469 338 3548 397 3?.

301 457 395 513 “re
419 467 549 515 sunt
580 474 713 516 mea:
746 456 1051 525 facultates,
1087 474 1121 514 o
1165 469 1337 530 pater.
1368 460 1500 513 Volo
1543 469 1723 515 autem
1757 460 1869 513 ﬁeri

1995 461 2068 512 τοῦ
2120 462 2206 513 τὸν
2263 460 2685 530 καταλειφθέντα
2737 457 2923 529 αὐτῷ,
2985 473 3076 511 και
3130 453 3334 521 ἔδειξεν
3392 456 3551 522 αὐτῷ

299 547 663 614 Christianus,
726 559 780 604 et
823 549 989 604 vitam
1056 551 1270 619 exigere
1331 550 1710 604 monasticam.
1774 550 1871 603 Est

301 652 428 691 vero
454 639 585 691 mihi
615 654 836 707 quoque
868 640 982 693 hmo
1014 654 1172 694 soror
1202 658 1213 692 :
1261 637 1400 704 Quid
1437 639 1503 692 de
1547 640 1630 693 his
1665 637 1870 703 jubes?

299 731 495 784 Beatus
522 739 700 782 autem
736 728 1011 783 Lucianus
1044 730 1177 783 dixit
1216 728 1561 798 Epiphanio:
1610 726 1724 782 Non
1759 743 1870 796 po-

299 830 403 885 tes,
448 837 483 875 o
514 821 585 873 lili
613 862 627 882 ,
680 821 725 875 si
764 820 862 874 has
902 820 1105 875 habeas
1140 830 1384 876 terrenas
1431 820 1668 883 divitias,
1698 821 1866 872 vitam

297 915 517 982 exigere
564 911 921 966 monasticam
957 930 971 965 :
1024 912 1117 966 sed
1155 911 1306 980 prius
1350 925 1593 965 sororem
1650 910 1866 979 quidem

300 1013 452 1060 tuam
481 1003 550 1057 da
588 1002 1049 1071 nuptum,'et.da
1106 1002 1157 1055 ei
1205 1017 1326 1070 qua:
1364 1009 1492 1056 sunt
1538 999 1866 1054 necessaria.

304 1095 508 1151 Deinde
557 1094 637 1149 sic
674 1094 899 1163 pulchre
934 1094 1138 1163 poteris
1177 1108 1299 1148 esse
1355 1093 1678 1148 monachus.
1726 1090 1872 1144 Dixit

304 1186 643 1257 Epiphanius
698 1184 989 1239 Luciano:
1043 1183 1327 1247 Primum,
1391 1195 1584 1252 pater,
1643 1181 1730 1235 fac
1784 1195 1873 1234 me

301 1275 669 1331 Christianum
700 1292 713 1327 :
743 1273 936 1328 deinde
973 1275 1050 1329 sic
1086 1273 1305 1337 faciam,
1334 1287 1669 1347 quaecunque
1693 1279 1751 1324 tu
1785 1285 1873 1324 me

299 1365 549 1435 jusseris.
596 1364 741 1417 Dixit
770 1373 952 1417 autem
981 1364 1030 1417 ei
1063 1364 1334 1417 Lut-ianus
1370 1381 1383 1417 :
1418 1361 1534 1416 Non
1570 1364 1695 1416 licet
1736 1362 1872 1415 mihi

305 1455 512 1524 absque
541 1454 798 1523 episc0po
832 1454 1009 1508 facere
1053 1464 1105 1509 te
1148 1453 1519 1509 Christianum
1550 1471 1563 1506 :
1609 1452 1724 1523 [sed
1755 1463 1874 1507 esto

305 1547 359 1600 in
409 1546 500 1613 iis,
535 1561 656 1615 quae
693 1545 760 1599 ad
796 1544 965 1599 Deum
1004 1546 1299 1615 pertinent,
1329 1554 1383 1599 et
1412 1560 1510 1615 ego
1537 1544 1876 1598 annuntiabo

302 1634 582 1705 episcopo,
623 1635 715 1704 qui
751 1644 801 1690 te
844 1635 1004 1690 faciet
1033 1635 1451 1705 Christianum]

1976 552 2153 603 πάντα
2182 551 2249 605 τὰ
2286 554 2341 605 ἐν
2374 552 2451 623 τῷ
2483 553 2614 620 οἴκῳ
2645 550 2830 613 αὑτοῦ,
2858 551 3029 617 λέγων
3056 567 3066 579 ·
3098 547 3283 601 Ταῦτά
3318 564 3409 617 μοι
3446 547 3553 598 ὐπη

1976 639 2131 708 ἀρχει
2154 680 2167 702 ,
2201 642 2373 712 πάτερ
2394 658 2407 671 °
2441 640 2578 693 θέλω
2601 641 2656 693 δὲ
2681 640 3002 709 Χριστιανὸς
3028 637 3302 706 γενέσθαι,
3335 636 3432 688 κα)⁵
3456 635 3549 685 τὸν

1979 733 2191 801 μονήρη
2227 732 2339 802 βίον
2365 732 2657 803 μετελθεῖν.
2677 733 2861 786 Ἔστιν
2885 732 2942 784 δέ
2971 749 3061 801 μοι
3093 728 3230 797 αῦτη
3256 729 3289 797 ἡ
3315 724 3541 793 ἀδελφή.

1978 825 2043 878 Τί
2067 821 2310 885 κελεύεις
2343 822 2470 891 περὶ
2497 822 2731 886 τούτων;
2777 822 2835 874 '0
2866 820 2922 874 δέ
2953 820 3217 890 μακάριος
3250 815 3545 878 Λουκιανζς

1977 909 2129 965 εἶπεν
2178 910 2314 980 πρὸς
2367 910 2715 977 Ἐπιφάνιον·
2766 909 2841 961 Ob
2893 908 3142 969 δύνασαι,
3192 906 3404 967 τέκνον,
3448 903 3548 972 τὴν

1979 999 2108 1070 ὓλην
2133 1002 2312 1053 πᾶσαν
2339 998 2540 1069 ταύτην
2570 998 2727 1068 ἔχων,
2744 997 2834 1053 τὸν
2864 996 3068 1069 μονήρη
3093 995 3204 1066 βίον
3233 992 3547 1064 μετελθεῖντ

1980 1091 2095 1144 ἀλλ’
2132 1090 2282 1153 ἐκδος
2333 1090 2429 1159 μέν
2454 1089 2550 1158 τὴν
2590 1089 2819 1160 ἀδελφήν
2846 1105 2939 1141 σου
2970 1088 3143 1156 ἀνδρὶ,
3175 1087 3269 1170 κοαὶ
3297 1083 3387 1146 δὸς
3409 1083 3553 1152 αὐτῇ

1976 1183 2045 1235 τὰ
2085 1179 2219 1250 πρὸς
2247 1178 2344 1248 τὴν
2379 1179 2599 1249 χρείαν·
2642 1179 2734 1230 καὶ
2780 1177 2848 1230 τὰ
2889 1175 3051 1229 λοιπὰ
3080 1174 3168 1237 δὸς
3196 1174 3309 1231 τοῖς
3359 1170 3557 1242 χρείαν

1977 1272 2189 1342 ἔχουσιν
2214 1286 2228 1299 ·
2263 1267 2362 1321 εἷθ’
2409 1266 2578 1332 οὕτως
2611 1267 2826 1337 δυνήσει
2874 1266 3101 1336 μονάσαι
3145 1262 3345 1323 καλῶς.
3384 1256 3557 1313 Εἶπεν

1978 1361 2036 1412 δὲ
2090 1357 2413 1427 Ἐπιφάνιος
2461 1357 2596 1425 πρὸς
2656 1355 2983 1410 Δουκιανόν·
3032 1353 3295 1424 Πρῶτον,
3352 1351 3555 1418 πάτερ,

1980 1449 2201 1519 ποίησόν
2233 1464 2300 1516 με
2326 1448 2368 1498 Χ
2379 1444 2649 1516 ριστιανόν
2670 1458 2683 1473 °
2716 1440 2813 1496 εἷθ’
2844 1442 3016 1506 οὕτως
3042 1443 3255 1510 ποιήσω
3285 1438 3468 1491 πάντα
3489 1436 3559 1489 τὰ

1982 1536 2390 1608 προσταχθέντα
2440 1552 2529 1603 μοι
2571 1534 2675 1587 ὑπὸ
2719 1534 2831 1586 σοῦ.
2867 1534 2927 1586 '0
2966 1534 3022 1587 δέ
3069 1529 3368 1591 Λουκιανὸς
3403 1523 3562 1579 εἶπεν

1982 1631 2119 1700 πρὸς
2170 1627 2513 1696 Ἐπιφανιον·
2570 1626 2683 1678 Οὐκ
2733 1623 2939 1688 ἔξεστίν
2975 1640 3086 1694 μοι,
3136 1619 3413 1689 παρεκτὸς
3464 1616 3560 1669 τοῦ

1985 1720 2303 1784 ἐπισκόπου,
2339 1716 2565 1786 ποιῆσαί
2594 1733 2651 1768 σε
2678 1715 3020 1787 Χριστιανόν,

382 1805 489 1860 Vll.
530 1805 777 1875 Cumque
805 1806 919 1860 haec
943 1805 1172 1860 dixisset
1197 1803 1490 1869 Lucianus.
1518 1821 1770 1875 egressus
1791 1820 1875 1861 est

2051 1813 2124 1863 Z'.
2167 1810 2270 1862 Kal.
2315 1808 2471 1860 τοῦτο
2509 1805 2676 1861 εἰπὼν
2710 1806 3025 1869 Λουκιανὸς,
3062 1803 3285 1875 ἐξῆλθεν
3341 1804 3410 1853 ἐκ
3464 1800 3563 1852 τοῦ

303 1905 338 1947 e
365 1892 530 1947 domo
556 1890 864 1961 Epiphanii.
891 1902 944 1947 et
968 1894 1064 1948 ivit
1086 1897 1152 1948 ad
1179 1895 1516 1964 cpisc0pum.
1537 1895 1876 1965 Epiphanius

309 1991 492 2037 autem
523 1997 633 2037 non
666 1991 974 2046 cunctatus,
1007 1986 1189 2037 statim
1220 1984 1358 2039 dixit
1386 2000 1499 2039 sua:
1525 1986 1701 2039 sorori
1728 2002 1741 2038 :
1774 1982 1879 2039 Vo-

308 2076 362 2127 lo
409 2074 525 2129 ﬁeri
574 2074 938 2137 Christianus,
970 2083 1024 2128 et
1065 2076 1229 2129 vitam
1279 2090 1441 2145 agere
1495 2076 1873 2130 monasticam.

307 2166 408 2219 Cui
437 2165 576 2220 dixit
605 2180 761 2220 soror
791 2166 910 2235 ejus
945 2186 957 2220 :
997 2164 1133 2221 Volo
1170 2168 1315 2234 quod
1348 2176 1405 2220 tu
1438 2169 1540 2229 vis,
1597 2176 1649 2221 et
1685 2168 1876 2222 faciam

306 2266 370 2311 ut
397 2266 453 2311 tu
480 2256 635 2311 facis.
666 2256 941 2312 Lucianus
972 2268 1152 2312 autem
1182 2258 1508 2312 renuntiavit
1534 2258 1791 2327 episcopo
1811 2258 1879 2314 de

308 2346 632 2417 Epiphanio.
662 2347 961 2417 Episcopus
992 2364 1119 2403 vero
1151 2348 1289 2402 dixit
1318 2347 1559 2403 Luciano
1590 2367 1602 2401 :
1628 2347 1795 2411 Vade,
1826 2358 1882 2403 et

307 2451 432 2490 ettm
465 2437 736 2491 catechiza
768 2436 897 2507 [hoc
918 2447 1023 2502 est,
1059 2437 1329 2507 institue].
1363 2438 1611 2505 Cumque
1652 2452 1752 2490 nos
1799 2437 1885 2490 in—
1914 2466 1919 2471 -

308 2527 620 2596 grcdiemur
662 2529 716 2580 in
748 2527 1059 2589 ecclesiam,
1092 2524 1176 2580 fac
1208 2535 1267 2578 ut
1315 2527 1431 2594 ipse
1458 2525 1702 2593 procidat
1733 2525 1886 2578 beni-

232 2636 244 2650 ο
312 2631 421 2685 gno
462 2626 514 2671 et
557 2612 895 2671 misericordi
940 2614 1073 2670 Deo.
1108 2615 1208 2668 lvit
1239 2614 1513 2668 Lucianus
1566 2614 1618 2667 iu
1662 2614 1883 2669 domum

317 2707 619 2776 Epiphanii.
651 2706 786 2760 Eum
821 2714 1002 2760 autem
1027 2705 1273 2759 videntes
1303 2703 1641 2773 Epiphanius
1677 2714 1733 2758 et
1764 2704 1886 2773 ejus

315 2811 492 2860 soror,
520 2796 835 2851 ceciderunt
869 2795 1023 2865 proni
1058 2796 1112 2848 in
1141 2794 1356 2859 faciem,
1379 2802 1433 2847 et
1460 2792 1687 2847 Luciani
1724 2795 1887 2863 pedes

314 2872 736 2957 prehenderunt,
768 2889 1071 2942 clamantes
1092 2892 1146 2939 et
1172 2884 1416 2939 dicentes
1449 2902 1463 2939 :
1507 2884 1782 2954 Rogamus
1812 2894 1887 2948 te,

315 2988 488 3047 pater,
518 2978 603 3033 fac
650 2995 751 3033 nos
783 2978 900 3031 tieri
933 2976 1301 3031 Christianos.
1333 2976 1542 3032 Divinis
1573 2985 1754 3031 autem
1793 2992 1888 3031 ae-

315 3070 488 3138 ceptis
540 3069 860 3139 Scripturis,
895 3067 1171 3123 Lucianus
1218 3083 1313 3124 eos
1359 3069 1492 3123 satis
1536 3070 1791 3124 instituit.
1821 3068 1890 3122 Et

316 3162 420 3229 ipsi
451 3162 744 3225 instabant,
776 3173 1031 3230 rogantes
1062 3170 1117 3214 et
1143 3160 1386 3215 dicentes
1415 3180 1426 3214 :
1460 3160 1569 3214 Fac
1598 3177 1699 3215 nos
1734 3161 1892 3215 Chri-

316 3254 547 3308 stianos.
582 3252 716 3307 Cum
765 3262 947 3306 autem
1000 3250 1277 3306 Lucianus
1312 3251 1500 3306 ambos
1550 3251 1714 3306 simul
1743 3266 1895 3306 acce-

328 3344 517 3407 pisset,
550 3342 649 3396 ivit
679 3357 788 3396 una
826 3357 949 3396 cum
982 3343 1114 3412 ipsis
1144 3343 1197 3395 in
1230 3343 1535 3397 ecclesiam.
1565 3342 1779 3398 Etcum
1810 3344 1895 3396 in-

318 3432 631 3503 grederetur
651 3435 958 3502 episcopus,
988 3434 1303 3487 ceciderunt
1334 3434 1489 3501 proni
1519 3434 1573 3486 in
1614 3433 1806 3487 faciem
1843 3443 1897 3487 et

319 3536 652 3591 rogaverunt
676 3523 1033 3587 conﬁdenter,
1058 3533 1118 3577 ut
1144 3523 1245 3591 ipsi
1283 3523 1745 3576 illuminarentur.
1768 3522 1898 3593 [Qui

314 3614 481 3681 jussit
524 3612 674 3681 ipsos
720 3611 990 3682 surgere]
1024 3610 1368 3683 lngrediente
1397 3626 1525 3665 vero
1556 3611 1813 3680 episcopo
1842 3611 1897 3663 in

320 3704 632 3767 ceclcsiam.
664 3705 1017 3760 ambulabant
1043 3705 1145 3773 ipsi
1176 3719 1396 3773 quoque
1425 3713 1544 3772 post
1572 3702 1893 3769 Lucianum,

325 3804 386 3847 ut
414 3794 669 3848 audirent
691 3793 905 3848 divinas
936 3791 1269 3861 Scripturas.

395 4052 530 4108 VIII.
568 4052 707 4107 Cum
772 4064 953 4109 autem
1019 4054 1511 4123 appropinquasset
1562 4052 1899 4122 Epiphanius

322 4142 516 4213 portis,
544 4158 665 4212 quae
693 4152 821 4197 sunt
849 4152 1002 4197 extra
1028 4144 1339 4207 ecclesiam,
1373 4142 1463 4195 ubi
1500 4142 1632 4197 tedis
1658 4142 1894 4211 primum

321 4233 552 4306 gradum
582 4233 853 4296 ascendit,
885 4232 1083 4286 cecidit
1133 4232 1181 4285 ci
1230 4232 1447 4286 calceus
1480 4231 1687 4301 sinistri
1722 4232 1895 4300 pedis.

320 4322 428 4388 Qui
475 4335 598 4375 cum
651 4319 876 4375 sinistro
923 4318 1235 4383 institisset,
1271 4325 1331 4371 ut
1371 4317 1559 4387 ﬁgeret
1590 4319 1895 4385 dexterum,

319 4410 517 4469 cncidit
544 4422 766 4480 quoque
792 4409 982 4463 dexter
1010 4408 1259 4473 calceus;
1297 4416 1352 4461 et
1393 4408 1598 4462 inventi
1628 4418 1755 4461 sunt
1780 4424 1895 4461 am-

319 4504 392 4559 bo
438 4510 591 4557 extra
636 4499 838 4571 gradus
884 4499 1163 4563 ecclesiae;
1196 4508 1250 4552 et
1282 4513 1347 4552 ea
1374 4499 1441 4552 de
1468 4512 1634 4552 causa
1667 4498 1897 4553 miratus

318 4602 406 4651 est
444 4593 744 4648 Lucianus.
775 4587 895 4642 Non
942 4589 1173 4658 amplius
1222 4589 1408 4657 itaque
1456 4589 1735 4657 proposuit
1769 4589 1899 4656 Epi-

318 4686 555 4757 phanius
582 4682 988 4754 apprehendere
1016 4681 1250 4744 calceos,
1292 4680 1386 4749 qui
1413 4680 1464 4733 ei
1490 4694 1522 4733 e
1551 4680 1779 4747 pedibus
1808 4695 1898 4733 ce.

250 4796 255 4801 '
319 4779 585 4841 ciderant,
614 4775 710 4847 sed
741 4787 919 4842 neque
950 4771 1093 4827 ullos
1119 4772 1257 4825 alios
1285 4769 1499 4824 calceos
1537 4770 1799 4824 sustinuit
1819 4770 1902 4823 in—

319 4870 488 4924 duere
536 4867 653 4923 suis
700 4864 932 4935 pedibus
981 4870 1096 4916 toto
1143 4859 1265 4913 vitae
1315 4867 1577 4926 tempore.
1605 4857 1741 4912 Cum
1775 4874 1903 4928 ergo

321 4966 549 5021 starent,
603 4967 659 5011 et
714 4955 929 5009 divinas
978 4951 1233 5007 audirent
1283 4949 1616 5018 Scripturas.
1671 4949 1904 5003 advertit

319 5049 628 5117 episcopus,
656 5047 731 5100 ita
784 5056 842 5100 ut
893 5046 948 5099 in
1003 5044 1201 5099 throno
1259 5042 1500 5107 sedebat,
1536 5041 1902 5111 glorificatum

319 5154 446 5195 esse
485 5139 696 5191 vultum
747 5135 1060 5205 Epiphanii,
1092 5142 1147 5188 el.
1182 5146 1443 5187 coronam
1479 5147 1599 5186 esse
1646 5132 1765 5200 ejus
1815 5149 1905 5187 ca-

323 5230 423 5301 piti
461 5229 797 5298 impositam.
821 5227 955 5283 Post
982 5226 1299 5281 absolutum
1337 5222 1517 5290 itaque
1534 5223 1902 5293 Evangelium,

320 5323 606 5392 ingressus
653 5326 739 5372 est
783 5318 1075 5385 episc0pus
1121 5316 1174 5368 in
1231 5313 1632 5381 baptisterium,
1659 5323 1714 5368 et
1739 5315 1904 5384 jussit

324 5409 689 5482 Epiphanium
724 5406 953 5475 ingredi,
1003 5413 1059 5457 et
1085 5403 1208 5471 ejus
1233 5417 1502 5469 sororem,
1534 5411 1738 5458 etcum
1773 5405 1905 5474 ipsis

322 5505 626 5560 Lucianum
677 5518 689 5552 :
729 5497 824 5567 qui
873 5497 1037 5551 etiam
1092 5495 1196 5548 fuit
1250 5502 1406 5561 pater
1450 5495 1570 5563 ejus
1626 5496 1676 5549 in
1719 5509 1907 5551 sancto

334 5596 679 5665 baptismate.
708 5589 1010 5659 Episcopus
1043 5596 1224 5641 autem
1280 5601 1401 5638 cum
1455 5601 1549 5640 eos
1578 5596 1763 5641 .totam
1812 5587 1908 5641 do-

340 5690 543 5747 cuisset
570 5680 1038 5750 conscqttt'ntirm,
1075 5676 1384 5744 Ieapliun‘il.
1420 5678 1551 5730 Cum
1600 5679 1631 5730 ii
1667 5696 1789 5733 vero
1824 5699 1908 5734 cs-

1980 1901 2127 1953 οῐκου
2166 1900 2499 1965 Ἐπιφανίου,
2534 1899 2625 1950 κοιλ⁸
2652 1896 2925 1967 ἐπορεύθη
2956 1897 3090 1966 πρὸς
3114 1896 3205 1948 τὸν
3234 1893 3561 1946 ἐπίσκοπον.

1993 1992 2049 2044 Ὀ
2079 1989 2136 2042 δέ
2170 1988 2481 2056 Ἐπιφάνιος
2534 1986 2695 2057 μηδὲν
2726 1986 3014 2056 μελλήσας,
3061 1984 3199 2054 πρὸς
3223 1984 3325 2052 τὴν
3360 1979 3563 2034 ἑαυτοῦ

1980 2081 2211 2152 ἀδελφὴν
2256 2080 2392 2149 ἔφη·
2450 2078 2718 2148 Βούλομαι
2764 2077 3086 2146 Χριστιανὸς
3142 2073 3419 2142 γενέσθαι,
3467 2070 3565 2124 καὶ

1980 2170 2070 2224 τὸν
2103 2171 2308 2241 μονήρη
2337 2169 2448 2238 βίον
2482 2167 2772 2239 μετελθεῖν.
2813 2162 2980 2219 Εῐπεν
3011 2167 3067 2218 δέ
3101 2167 3134 2236 ἡ
3164 2163 3367 2233 ἀδελφὴ
3394 2160 3565 2215 αὑτοῦ

1983 2263 2117 2332 πρὸς
2151 2260 2473 2328 αὑτόνξη-ζΩς
2502 2258 2675 2321 θέλεις
2702 2257 2929 2327 θελήσω,
2951 2257 3026 2319 ὡς
3054 2259 3227 2318 ποιεῖς
3252 2257 3490 2325 ποιήσω.
3509 2252 3567 2305 '0

1982 2353 2041 2406 δὲ
2071 2352 2365 2411 Λουκιανὸς
2395 2348 2726 2419 ἀπήγγειλεν
2752 2348 2828 2417 τῷ
2858 2347 3141 2417 ἐπισκὸπῳ
3161 2346 3229 2398 τὰ
3251 2346 3382 2414 περὶ
3411 2344 3567 2395 Ἐπι-

1987 2441 2272 2511 φανίου,⁹υ
2297 2440 2353 2491 δὲ
2398 2440 2691 2501 ἐπίσκοπος
2727 2434 2878 2491 εἶπεν
2916 2440 3051 2508 πρὸς
3091 2436 3422 2491 Λουκιανόν·
3463 2436 3568 2487 Πο-

1992 2531 2208 2604 ρεύθητι
2248 2532 2341 2583 κοιλ⁵
2386 2532 2694 2600 κατήχησον
2743 2531 2936 2583 αὐτόν’
2984 2532 3080 2583 καὶ
3122 2531 3179 2581 ἐν
3212 2527 3291 2598 τῷ
3336 2523 3570 2579 εἰσιέναι

1988 2624 2133 2692 ἡμᾶς
2163 2623 2219 2673 ἐν
2264 2624 2328 2691 τῇ
2352 2620 2636 2691 ἐκκλησίᾳ,
2669 2621 2891 2691 ποίησον
2920 2621 3082 2674 αὐτὸν
3117 2621 3457 2691 προσπεσεῖν
3489 2614 3573 2685 τῷ

1989 2710 2349 2782 φιλανθρώπῳ
2368 2710 2503 2779 Θεῷ.
2524 2710 2902 2781 Ἐπορεύθηδέ
2926 2712 3222 2772 Λουκιανὸς
3250 2713 3307 2763 ἐν
3325 2708 3408 2777 τῷ
3433 2709 3571 2776 οῐκῳ

2000 2799 2333 2868 Ἐπιφανὶου.
2370 2798 2582 2861 Είδότες
2612 2799 2669 2850 δὲ
2702 2800 2884 2860 αὐτὸν,
2912 2801 2940 2852 ὃ
2965 2817 3024 2852 τε
3062 2800 3377 2867 Ἐπιᾳάνιος
3410 2798 3509 2848 καὶ
3536 2797 3571 2864 ἡ

1990 2890 2150 2943 αὐτοῦ
2180 2888 2400 2958 ἀδελφὴ,
2430 2889 2627 2941 ἔπεσαν
2657 2891 2759 2941 ἐπὶ
2778 2890 3083 2961 πρόσωπον,
3113 2892 3207 2942 καὶ
3238 2888 3573 2941 ἐπελάϐοντο

1990 2982 2098 3035 τῶν
2154 2982 2328 3034 ποδῶν
2404 2979 2699 3034 Λουκιανοῦ
2726 3019 2739 3043 ,
2790 2982 3063 3043 κλαίοντες
3128 2980 3223 3031 καὶ
3278 2979 3570 3045 λέγοντες·

2009 3072 2284 3140 Ἀξιοῦμέν
2322 3088 2401 3136 σε,
2437 3072 2629 3141 πάτερ,
2656 3071 2878 3139 ποίησον
2904 3071 3050 3140 ἡμᾶς
3079 3070 3447 3139 Χριστιανοὺς
3480 3085 3572 3136 γε·

1997 3163 2200 3216 νέσθαι.
2253 3162 2562 3230 Λαϐόμενος
2612 3157 2704 3214 οὖν
2749 3161 3042 3222 Λουκιανὸς
3095 3159 3204 3212 ἀπὸ
3247 3159 3360 3213 τῶν
3408 3159 3575 3211 θείων

1997 3252 2036 3302 Γ
2041 3249 2247 3322 ραφῶν,
2293 3250 2600 3318 κατήχησεν
2639 3249 2834 3311 αὐτοὺς
2870 3249 3097 3312 ἱκανῶς
3122 3248 3231 3302 Καὶ
3288 3249 3445 3301 αὐτοὶ
3472 3250 3576 3299 ἐπ-

2009 3326 2198 3410 έμενον
2222 3342 2286 3408 τῇ
2308 3338 2670 3409 παρακλήσει,
2689 3338 2932 3405 λέγοντες
2955 3356 2968 3370 ·
2988 3338 3221 3409 Ποίησον
3251 3340 3402 3409 ἡμᾶς
3437 3340 3575 3409 Χρι-

1999 3429 2246 3505 στιανοὺς
2297 3428 2565 3496 γενέσθαι.
2598 3427 2937 3498 Παραλαϐὼν
2965 3426 3058 3482 οὖν
3100 3428 3400 3493 Λουκιανός
3445 3432 3578 3493 τοὺς

1997 3521 2091 3574 δύο
2125 3520 2261 3588 ἅμα,
2290 3520 2382 3571 ἐπὶ
2406 3519 2467 3571 τὸ
2494 3519 2625 3572 αὐτὸ
2652 3519 2919 3590 ἐπορεύθη
2953 3522 3009 3572 ἐν
3038 3524 3105 3591 τῇ
3137 3521 3427 3591 ἐκκλησίᾳ.
3464 3522 3580 3573 Καὶ

2006 3614 2064 3664 ἐν
2094 3609 2521 3681 τῷείσιέναιτὸν
2551 3610 2865 3674 ἐπίσκοπον,
2898 3610 3099 3664 ἔπεσαν
3128 3612 3221 3663 ἐπὶ
3251 3612 3579 3682 πρόσωπον,

1998 3704 2092 3754 καὶ
2125 3699 2485 3771 παρεκάλουν,
2515 3700 2653 3753 ὥστε
2679 3702 2908 3769 φωτίσαι
2936 3703 3153 3767 αὐτούς.
3187 3702 3293 3755 Τοῦ
3320 3699 3416 3756 οὖν
3452 3706 3578 3756 ἐπι-

2001 3789 2201 3841 σκόπου
2228 3789 2605 3859 εἰσερχομένου
2637 3792 2692 3842 ἐν
2718 3792 2784 3860 τῇ
2808 3791 3095 3862 ἐκκλησίᾳ,
3128 3792 3457 3862 ἐπορεύοντο
3481 3793 3578 3845 καὶ

1998 3879 2151 3930 αὐτοὶ
2200 3877 2420 3932 ὄπισθεν
2473 3880 2607 3949 μετὰ
2651 3881 2944 3935 Λουκιανοῦ
2977 3882 3205 3936 ἀκοῦσαι
3250 3883 3360 3935 τῶν
3413 3882 3582 3937 θείων

1999 3966 2249 4035 Γραιρῶν.
2786 3964 2801 3969 ’

2072 4058 2152 4109 ll'.
2205 4058 2261 4110 Ὀ
2306 4052 2397 4109 οὖν
2435 4058 2745 4127 Ἐπιφὰνιος
2797 4060 2871 4124 ὡς
2916 4063 3139 4132 ἤγγισεν
3179 4064 3271 4115 ἐπὶ
3314 4064 3427 4116 τῶν
3475 4062 3589 4127 ἔξω

2001 4142 2178 4213 θυρῶν
2224 4144 2319 4212 τῆς
2368 4144 2680 4214 ἐκκλησίας,
2721 4146 2794 4209 ὡς
2847 4149 3015 4221 ἐπέϐη
3060 4151 3154 4204 ἐπὶ
3201 4150 3296 4203 τοῦ
3355 4151 3586 4222 πρώτου

2002 4233 2211 4303 βαθμοῦ
2240 4233 2331 4287 τοῦ
2363 4234 2535 4299 οἴκου,
2565 4237 2822 4301 ἐξέπεσεν
2843 4239 2936 4293 τοῦ
2963 4241 3254 4312 ἀριστεροῦ
3292 4243 3458 4306 ποδὸς
3483 4245 3589 4296 αὺ-

1998 4323 2092 4376 τοῦ
2124 4326 2208 4377 ἐπ’
2238 4324 2400 4376 αὐτοῦ
2425 4326 2485 4378 τὸ
2507 4326 2774 4398 ὑπόδημα.
2801 4330 2905 4381 Τοῦ
2938 4331 2994 4382 δέ
3028 4332 3316 4396 ἐπιϐάντος
3340 4333 3424 4402 τῷ
3454 4335 3588 4403 ἀρι-

2003 4416 2198 4487 στερῷ,
2224 4417 2371 4479 ὅπως
2404 4417 2659 4488 ἐπιπήξει
2688 4420 2781 4473 καὶ
2814 4421 2902 4473 τὸν
2921 4421 3087 4485 δεξιὸν
3123 4424 3281 4487 πόδα,
3315 4422 3591 4488 ἐξέπεσεν

2002 4509 2095 4560 καὶ
2123 4508 2184 4559 τὸ
2211 4506 2306 4559 τοῦ
2333 4508 2505 4572 δεξιοῦ
2524 4524 2535 4536 ·
2573 4512 2664 4564 καὶ⁸
2703 4513 3012 4582 ηὑρέθησαν
3039 4513 3110 4568 τὰ
3139 4515 3429 4585 ἀμφότερα
3476 4517 3591 4581 ἐξω

2000 4597 2092 4650 τοῦ
2118 4595 2555 4669 ἁναϐαθμοῦ,τῆς
2584 4600 2905 4672 ἐκκλησίας;
2936 4605 3030 4655 καὶ
3055 4604 3368 4673 ἐθαύμασεν
3389 4607 3420 4656 ὀ
3445 4609 3591 4659 Λου-

2003 4688 2184 4751 κιανὸς
2218 4690 2310 4741 ἐπὶ
2356 4689 2609 4743 τοῦτο.Ὀ
2651 4687 2742 4744 οὖν
2781 4693 3096 4761 Ἐπιεράνιος
3137 4695 3324 4747 οὐκέτι
3376 4697 3591 4765 προθέ-

2006 4797 2140 4844 σεως
2171 4780 2326 4850 ἔσχεν
2356 4782 2703 4836 ἐπιλαϐέσθαι
2733 4782 2840 4835 τῶν
2862 4784 3222 4854 ὑποδημάτων
3261 4787 3456 4853 αὑτοῦ,
3494 4791 3592 4840 ἐκ·

2006 4870 2274 4922 πεσόντων
2305 4871 2411 4923 ἀπὸ
2437 4872 2542 4925 τῶν
2575 4873 2750 4927 ποδῶν
2773 4874 2937 4926 αὐτοῦ
2960 4892 2973 4905 ·
3002 4876 3115 4928 ἀλλ’
3146 4876 3271 4929 οὔτε
3292 4877 3434 4931 ἄλλα
3456 4879 3592 4931 ὑπο-

2003 4960 2063 5030 δή
2075 4977 2215 5029 ματα
2244 4961 2501 5030 ἠνέσχετο
2532 4962 2845 5030 ἐπενεγκεῖν
2892 4965 2984 5016 ἐπὶ
3035 4967 3159 5028 τοὺς
3187 4958 3353 5030 πόδας
3386 4969 3587 5037 αὑτοῦ,

2005 5049 2095 5102 τὸν
2142 5051 2350 5104 ἅπαντα
2381 5052 2566 5121 χρόνον
2618 5053 2708 5120 τῆς
2731 5050 2872 5123 ζωῆς
2906 5054 3196 5118 αὑτοῦ.”Ως
3229 5056 3285 5108 δὲ
3333 5058 3587 5126 ἵσταντο,

2007 5143 2098 5194 καὶ
2127 5144 2321 5211 ἤκουον
2354 5142 2461 5194 τῶν
2489 5144 2649 5196 ὁσίων
2695 5143 2948 5213 Γραφῶν,
2982 5146 3010 5197 ὃ
3038 5163 3097 5197 τε
3134 5147 3453 5215 Ἐπιφάνιος
3488 5152 3591 5205 καὶ

2007 5236 2038 5302 ἡ
2066 5234 2228 5287 αὐτοῦ
2257 5233 2476 5302 ἀδελφὴ,
2514 5237 2798 5303 προσεῖχεν
2831 5230 2859 5286 ό
2896 5236 3211 5303 ἐπίσκοπος,
3241 5238 3318 5301 ὡς
3340 5236 3411 5310 ἦν
3443 5244 3591 5296 καθ-

2008 5324 2258 5393 εξόμενος
2305 5323 2398 5375 ἐπὶ
2425 5321 2518 5375 τοῦ
2567 5323 2774 5391 θρόνου,
2804 5325 2885 5377 ὅτι
2910 5319 2977 5392 ἦν
3002 5325 3064 5378 τὸ
3094 5329 3386 5396 πρόσωπον
3427 5332 3592 5387 Ἐπι-

2008 5415 2193 5481 φοινίου
2225 5411 2630 5481 δεδοξασμένον,
2663 5415 2754 5465 καὶ
2789 5415 3049 5481 στέφανος
3084 5417 3176 5468 ἐπὶ
3209 5420 3308 5487 τῆς
3335 5423 3594 5492 κεφαλῆς

2011 5504 2172 5557 αὐτοῦ
2227 5502 2642 5570 ἐπιτεθειμένος.
2698 5504 2850 5555 Μετὰ
2889 5500 2981 5556 οὖν
3029 5506 3125 5575 τὴν
3175 5509 3445 5563 ἀπόλυσιν
3493 5516 3593 5565 τοῦ

2014 5594 2341 5659 Εὐαγγελίου
2368 5592 2613 5661 εἰσῆλθεν
2640 5595 2668 5645 ό
2700 5594 2995 5657 ἐπίσκοπος
3025 5598 3081 5648 ἐν
3104 5598 3179 5665 τῷ
3206 5604 3592 5673 φωτιστηρίῳο

2015 5686 2106 5735 καὶ
2142 5683 2417 5735 ἐκέλευσεν
2468 5683 2720 5733 sici/.01?)
2758 5686 3067 5749 ’ίῧτῖιιξὰνιον
3105 5691 3195 5739 καὶ
3246 5690 3340 5760 τὴν
3391 5693 3595 5746 ἑαυτοῦ
