  <div class='ocr_page' id='page_1' title='image "/cluster/home/n/w/nwhite01/storage/ocr_20150623/41/mdp.39015008169818/039.png"; bbox 0 0 3808 6136; ppageno 0'>
   <div class='ocr_carea' id='block_1_1' title="bbox 307 260 3535 336">
    <p class='ocr_par' dir='ltr' id='par_1_1' title="bbox 307 260 3535 336">
     <span class='ocr_line' id='line_1_1' title="bbox 307 260 3535 336; baseline 0.002 -9"><span class='ocrx_word' id='word_1_1' title='bbox 307 278 379 336; x_wconf 73' lang='lat'><strong>35</strong></span> <span class='ocrx_word' id='word_1_2' title='bbox 1566 274 1624 330; x_wconf 91' lang='lat' dir='ltr'><strong>s.</strong></span> <span class='ocrx_word' id='word_1_3' title='bbox 1671 272 2016 329; x_wconf 75' lang='lat' dir='ltr'><strong>EPIPHANII</strong></span> <span class='ocrx_word' id='word_1_4' title='bbox 2060 273 2241 331; x_wconf 75' lang='lat' dir='ltr'><strong>vm.</strong></span> <span class='ocrx_word' id='word_1_5' title='bbox 2748 260 2755 266; x_wconf 85' lang='grc'><strong>’</strong></span> <span class='ocrx_word' id='word_1_6' title='bbox 3467 276 3535 333; x_wconf 72' lang='lat' dir='ltr'><strong>se</strong></span> 
     </span>
    </p>
   </div>
   <div class='ocr_carea' id='block_1_2' title="bbox 309 386 1876 462">
    <p class='ocr_par' dir='ltr' id='par_1_2' title="bbox 309 386 1866 459">
     <span class='ocr_line' id='line_1_2' title="bbox 309 386 1866 459; baseline -0.003 -11"><span class='ocrx_word' id='word_1_7' title='bbox 309 403 367 448; x_wconf 90' lang='lat' dir='ltr'><strong>et</strong></span> <span class='ocrx_word' id='word_1_8' title='bbox 393 391 643 451; x_wconf 78' lang='lat' dir='ltr'><strong>viatores.</strong></span> <span class='ocrx_word' id='word_1_9' title='bbox 672 398 728 446; x_wconf 87' lang='lat' dir='ltr'><strong>et</strong></span> <span class='ocrx_word' id='word_1_10' title='bbox 753 389 963 445; x_wconf 75' lang='lat' dir='ltr'><strong>fratres.</strong></span> <span class='ocrx_word' id='word_1_11' title='bbox 995 387 1079 442; x_wconf 81' lang='lat' dir='ltr'><strong>Ab</strong></span> <span class='ocrx_word' id='word_1_12' title='bbox 1106 387 1201 443; x_wconf 88' lang='lat' dir='ltr'><strong>illo</strong></span> <span class='ocrx_word' id='word_1_13' title='bbox 1235 400 1364 443; x_wconf 81' lang='lat' dir='ltr'><strong>vero</strong></span> <span class='ocrx_word' id='word_1_14' title='bbox 1404 386 1495 443; x_wconf 83' lang='lat' dir='ltr'><strong>die</strong></span> <span class='ocrx_word' id='word_1_15' title='bbox 1540 390 1713 445; x_wconf 89' lang='lat' dir='ltr'><strong>noluit</strong></span> <span class='ocrx_word' id='word_1_16' title='bbox 1737 388 1866 459; x_wconf 83' lang='lat' dir='ltr'><strong>Epi-</strong></span> 
     </span>
    </p>
   </div>
   <div class='ocr_carea' id='block_1_3' title="bbox 1980 386 3532 462">
    <p class='ocr_par' dir='ltr' id='par_1_3' title="bbox 1980 386 3532 462">
     <span class='ocr_line' id='line_1_3' title="bbox 1980 386 3532 462; baseline 0.002 -16"><span class='ocrx_word' id='word_1_17' title='bbox 1980 392 2077 446; x_wconf 80' lang='grc' dir='ltr'><strong>τῶν</strong></span> <span class='ocrx_word' id='word_1_18' title='bbox 2109 395 2196 447; x_wconf 74' lang='grc' dir='ltr'><strong>ἐπ’</strong></span> <span class='ocrx_word' id='word_1_19' title='bbox 2223 393 2421 455; x_wconf 72' lang='grc' dir='ltr'>αὐτοῖς.</span> <span class='ocrx_word' id='word_1_20' title='bbox 2442 390 2764 462; x_wconf 74' lang='grc' dir='ltr'>Ἐξέδτησαν</span> <span class='ocrx_word' id='word_1_21' title='bbox 2794 386 2889 447; x_wconf 77' lang='grc' dir='ltr'><strong>οῦν</strong></span> <span class='ocrx_word' id='word_1_22' title='bbox 2937 392 3173 456; x_wconf 78' lang='grc' dir='ltr'>ἀπαντες</span> <span class='ocrx_word' id='word_1_23' title='bbox 3221 392 3314 445; x_wconf 66' lang='grc' dir='ltr'><strong>ἐπὶ</strong></span> <span class='ocrx_word' id='word_1_24' title='bbox 3355 393 3532 461; x_wconf 84' lang='grc' dir='ltr'>τοῦτο,</span> 
     </span>
    </p>
   </div>
   <div class='ocr_carea' id='block_1_4' title="bbox 311 477 1873 553">
    <p class='ocr_par' dir='ltr' id='par_1_4' title="bbox 311 477 1873 553">
     <span class='ocr_line' id='line_1_4' title="bbox 311 477 1873 553; baseline 0 -17"><span class='ocrx_word' id='word_1_25' title='bbox 311 481 543 553; x_wconf 60' lang='lat' dir='ltr'><strong>Manius</strong></span> <span class='ocrx_word' id='word_1_26' title='bbox 574 480 813 535; x_wconf 76' lang='lat' dir='ltr'><strong>habitare</strong></span> <span class='ocrx_word' id='word_1_27' title='bbox 858 478 1092 549; x_wconf 80' lang='lat' dir='ltr'><strong>amplius</strong></span> <span class='ocrx_word' id='word_1_28' title='bbox 1134 479 1190 532; x_wconf 90' lang='lat' dir='ltr'><strong>in</strong></span> <span class='ocrx_word' id='word_1_29' title='bbox 1234 478 1328 534; x_wconf 91' lang='lat' dir='ltr'><strong>illo</strong></span> <span class='ocrx_word' id='word_1_30' title='bbox 1354 477 1496 546; x_wconf 90' lang='lat' dir='ltr'><strong>loco,</strong></span> <span class='ocrx_word' id='word_1_31' title='bbox 1527 493 1596 535; x_wconf 90' lang='lat' dir='ltr'><strong>eo</strong></span> <span class='ocrx_word' id='word_1_32' title='bbox 1627 480 1774 551; x_wconf 87' lang='lat' dir='ltr'><strong>quod</strong></span> <span class='ocrx_word' id='word_1_33' title='bbox 1802 478 1873 536; x_wconf 89' lang='lat' dir='ltr'><strong>de</strong></span> 
     </span>
    </p>
   </div>
   <div class='ocr_carea' id='block_1_5' title="bbox 311 559 1873 642">
    <p class='ocr_par' dir='ltr' id='par_1_5' title="bbox 311 559 1873 642">
     <span class='ocr_line' id='line_1_5' title="bbox 311 559 1873 642; baseline -0.005 -13"><span class='ocrx_word' id='word_1_34' title='bbox 311 574 429 642; x_wconf 83' lang='lat' dir='ltr'><strong>ipso</strong></span> <span class='ocrx_word' id='word_1_35' title='bbox 452 571 749 626; x_wconf 89' lang='lat' dir='ltr'><strong>audiissent</strong></span> <span class='ocrx_word' id='word_1_36' title='bbox 777 571 1034 624; x_wconf 72' lang='lat' dir='ltr'><strong>viatores.</strong></span> <span class='ocrx_word' id='word_1_37' title='bbox 1050 559 1404 636; x_wconf 80' lang='lat' dir='ltr'><strong>&#39;Subripiens</strong></span> <span class='ocrx_word' id='word_1_38' title='bbox 1423 575 1606 623; x_wconf 86' lang='lat' dir='ltr'><strong>autem</strong></span> <span class='ocrx_word' id='word_1_39' title='bbox 1634 567 1873 637; x_wconf 83' lang='lat' dir='ltr'><strong>seipsum</strong></span> 
     </span>
    </p>
   </div>
   <div class='ocr_carea' id='block_1_6' title="bbox 317 657 1870 731">
    <p class='ocr_par' dir='ltr' id='par_1_6' title="bbox 317 657 1870 731">
     <span class='ocr_line' id='line_1_6' title="bbox 317 657 1870 731; baseline -0.005 -12"><span class='ocrx_word' id='word_1_40' title='bbox 317 680 349 719; x_wconf 89' lang='lat' dir='ltr'><strong>a</strong></span> <span class='ocrx_word' id='word_1_41' title='bbox 376 661 650 725; x_wconf 82' lang='lat' dir='ltr'><strong>fratribus,</strong></span> <span class='ocrx_word' id='word_1_42' title='bbox 674 659 950 730; x_wconf 85' lang='lat' dir='ltr'><strong>profectus</strong></span> <span class='ocrx_word' id='word_1_43' title='bbox 969 659 1131 713; x_wconf 89' lang='lat' dir='ltr'><strong>estin</strong></span> <span class='ocrx_word' id='word_1_44' title='bbox 1163 658 1342 713; x_wconf 91' lang='lat' dir='ltr'><strong>locum</strong></span> <span class='ocrx_word' id='word_1_45' title='bbox 1373 657 1549 728; x_wconf 79' lang='lat' dir='ltr'><strong>magis</strong></span> <span class='ocrx_word' id='word_1_46' title='bbox 1580 669 1870 731; x_wconf 73' lang='lat' dir='ltr'><strong>agrestem.</strong></span> 
     </span>
    </p>
   </div>
   <div class='ocr_carea' id='block_1_7' title="bbox 311 748 1874 819">
    <p class='ocr_par' dir='ltr' id='par_1_7' title="bbox 311 748 1874 819">
     <span class='ocr_line' id='line_1_7' title="bbox 311 748 1874 819; baseline -0.001 -13"><span class='ocrx_word' id='word_1_47' title='bbox 311 752 414 819; x_wconf 82' lang='lat' dir='ltr'><strong>Qui</strong></span> <span class='ocrx_word' id='word_1_48' title='bbox 459 766 582 806; x_wconf 90' lang='lat' dir='ltr'><strong>cum</strong></span> <span class='ocrx_word' id='word_1_49' title='bbox 634 750 906 806; x_wconf 83' lang='lat' dir='ltr'><strong>nescirent</strong></span> <span class='ocrx_word' id='word_1_50' title='bbox 952 749 1005 803; x_wconf 91' lang='lat' dir='ltr'><strong>in</strong></span> <span class='ocrx_word' id='word_1_51' title='bbox 1048 763 1160 818; x_wconf 90' lang='lat' dir='ltr'><strong>quo</strong></span> <span class='ocrx_word' id='word_1_52' title='bbox 1208 748 1328 802; x_wconf 89' lang='lat' dir='ltr'><strong>loco</strong></span> <span class='ocrx_word' id='word_1_53' title='bbox 1360 748 1652 813; x_wconf 88' lang='lat' dir='ltr'><strong>habitaret,</strong></span> <span class='ocrx_word' id='word_1_54' title='bbox 1684 762 1874 804; x_wconf 87' lang='lat' dir='ltr'><strong>omnes</strong></span> 
     </span>
    </p>
   </div>
   <div class='ocr_carea' id='block_1_8' title="bbox 309 837 1873 915">
    <p class='ocr_par' dir='ltr' id='par_1_8' title="bbox 309 837 1873 915">
     <span class='ocr_line' id='line_1_8' title="bbox 309 837 1873 915; baseline -0.004 -18"><span class='ocrx_word' id='word_1_55' title='bbox 309 841 507 898; x_wconf 84' lang='lat' dir='ltr'><strong>fratres</strong></span> <span class='ocrx_word' id='word_1_56' title='bbox 547 841 801 911; x_wconf 74' lang='lat' dir='ltr'><strong>lugebant</strong></span> <span class='ocrx_word' id='word_1_57' title='bbox 838 839 1221 910; x_wconf 61' lang='lat' dir='ltr'><strong>thanium.</strong></span> <span class='ocrx_word' id='word_1_58' title='bbox 1260 837 1564 894; x_wconf 70' lang='lat' dir='ltr'><strong>Permansit</strong></span> <span class='ocrx_word' id='word_1_59' title='bbox 1601 845 1782 915; x_wconf 84' lang='lat' dir='ltr'><strong>autem</strong></span> <span class='ocrx_word' id='word_1_60' title='bbox 1816 838 1873 891; x_wconf 89' lang='lat' dir='ltr'><strong>in</strong></span> 
     </span>
    </p>
   </div>
   <div class='ocr_carea' id='block_1_9' title="bbox 312 927 1876 1003">
    <p class='ocr_par' dir='ltr' id='par_1_9' title="bbox 312 927 1876 1003">
     <span class='ocr_line' id='line_1_9' title="bbox 312 927 1876 1003; baseline -0.004 -13"><span class='ocrx_word' id='word_1_61' title='bbox 312 936 405 991; x_wconf 91' lang='lat' dir='ltr'><strong>illo</strong></span> <span class='ocrx_word' id='word_1_62' title='bbox 432 936 553 989; x_wconf 91' lang='lat' dir='ltr'><strong>loco</strong></span> <span class='ocrx_word' id='word_1_63' title='bbox 573 932 794 1003; x_wconf 85' lang='lat' dir='ltr'><strong>jejunus</strong></span> <span class='ocrx_word' id='word_1_64' title='bbox 821 931 998 985; x_wconf 83' lang='lat' dir='ltr'><strong>tribus</strong></span> <span class='ocrx_word' id='word_1_65' title='bbox 1023 929 1234 985; x_wconf 82' lang='lat' dir='ltr'><strong>diebus.</strong></span> <span class='ocrx_word' id='word_1_66' title='bbox 1268 928 1336 984; x_wconf 85' lang='lat' dir='ltr'><strong>Et</strong></span> <span class='ocrx_word' id='word_1_67' title='bbox 1373 929 1464 983; x_wconf 89' lang='lat' dir='ltr'><strong>ille</strong></span> <span class='ocrx_word' id='word_1_68' title='bbox 1488 941 1702 999; x_wconf 81' lang='lat' dir='ltr'><strong>quoque</strong></span> <span class='ocrx_word' id='word_1_69' title='bbox 1725 927 1876 984; x_wconf 89' lang='lat' dir='ltr'><strong>locus</strong></span> 
     </span>
    </p>
   </div>
   <div class='ocr_carea' id='block_1_10' title="bbox 311 1023 1173 1091">
    <p class='ocr_par' dir='ltr' id='par_1_10' title="bbox 311 1023 1173 1091">
     <span class='ocr_line' id='line_1_10' title="bbox 311 1023 1173 1091; baseline -0.01 -9"><span class='ocrx_word' id='word_1_70' title='bbox 311 1027 498 1082; x_wconf 83' lang='lat' dir='ltr'><strong>aridus</strong></span> <span class='ocrx_word' id='word_1_71' title='bbox 523 1033 660 1090; x_wconf 83' lang='lat' dir='ltr'><strong>erat,</strong></span> <span class='ocrx_word' id='word_1_72' title='bbox 690 1031 745 1079; x_wconf 90' lang='lat' dir='ltr'><strong>et</strong></span> <span class='ocrx_word' id='word_1_73' title='bbox 774 1023 899 1077; x_wconf 84' lang='lat' dir='ltr'><strong>sine</strong></span> <span class='ocrx_word' id='word_1_74' title='bbox 933 1036 1077 1091; x_wconf 87' lang='lat' dir='ltr'><strong>aqua</strong></span> <span class='ocrx_word' id='word_1_75' title='bbox 1166 1024 1173 1031; x_wconf 85' lang='lat'><strong><em>°</em></strong></span> 
     </span>
    </p>
   </div>
   <div class='ocr_carea' id='block_1_11' title="bbox 380 1279 1879 1348">
    <p class='ocr_par' dir='ltr' id='par_1_11' title="bbox 380 1279 1879 1348">
     <span class='ocr_line' id='line_1_11' title="bbox 380 1279 1879 1348; baseline -0.004 -8"><span class='ocrx_word' id='word_1_76' title='bbox 380 1285 475 1341; x_wconf 82' lang='lat' dir='ltr'><strong>XI.</strong></span> <span class='ocrx_word' id='word_1_77' title='bbox 514 1283 721 1340; x_wconf 76' lang='lat' dir='ltr'><strong>Accidit</strong></span> <span class='ocrx_word' id='word_1_78' title='bbox 752 1290 958 1345; x_wconf 89' lang='lat' dir='ltr'><strong>autem,</strong></span> <span class='ocrx_word' id='word_1_79' title='bbox 982 1288 1044 1336; x_wconf 85' lang='lat' dir='ltr'><strong>ut</strong></span> <span class='ocrx_word' id='word_1_80' title='bbox 1066 1295 1161 1348; x_wconf 86' lang='lat' dir='ltr'><strong>per</strong></span> <span class='ocrx_word' id='word_1_81' title='bbox 1196 1279 1347 1334; x_wconf 89' lang='lat' dir='ltr'><strong>illum</strong></span> <span class='ocrx_word' id='word_1_82' title='bbox 1379 1279 1560 1334; x_wconf 91' lang='lat' dir='ltr'><strong>locum</strong></span> <span class='ocrx_word' id='word_1_83' title='bbox 1585 1279 1879 1335; x_wconf 81' lang='lat' dir='ltr'><strong>transirent</strong></span> 
     </span>
    </p>
   </div>
   <div class='ocr_carea' id='block_1_12' title="bbox 313 1370 1880 1448">
    <p class='ocr_par' dir='ltr' id='par_1_12' title="bbox 313 1370 1880 1448">
     <span class='ocr_line' id='line_1_12' title="bbox 313 1370 1880 1448; baseline -0.004 -15"><span class='ocrx_word' id='word_1_84' title='bbox 313 1376 667 1448; x_wconf 75' lang='lat' dir='ltr'><strong>quadraginta</strong></span> <span class='ocrx_word' id='word_1_85' title='bbox 719 1373 997 1428; x_wconf 81' lang='lat' dir='ltr'><strong>Saraceni.</strong></span> <span class='ocrx_word' id='word_1_86' title='bbox 1031 1371 1134 1436; x_wconf 85' lang='lat' dir='ltr'><strong>Qui</strong></span> <span class='ocrx_word' id='word_1_87' title='bbox 1183 1385 1306 1424; x_wconf 90' lang='lat' dir='ltr'><strong>cum</strong></span> <span class='ocrx_word' id='word_1_88' title='bbox 1352 1370 1404 1424; x_wconf 91' lang='lat' dir='ltr'><strong>in</strong></span> <span class='ocrx_word' id='word_1_89' title='bbox 1451 1370 1597 1436; x_wconf 86' lang='lat' dir='ltr'><strong>loco,</strong></span> <span class='ocrx_word' id='word_1_90' title='bbox 1626 1380 1681 1426; x_wconf 83' lang='lat' dir='ltr'><strong>et</strong></span> <span class='ocrx_word' id='word_1_91' title='bbox 1720 1371 1775 1425; x_wconf 90' lang='lat' dir='ltr'><strong>in</strong></span> <span class='ocrx_word' id='word_1_92' title='bbox 1812 1386 1880 1427; x_wconf 89' lang='lat' dir='ltr'><strong>eo</strong></span> 
     </span>
    </p>
   </div>
   <div class='ocr_carea' id='block_1_13' title="bbox 314 1463 1874 1534">
    <p class='ocr_par' dir='ltr' id='par_1_13' title="bbox 314 1463 1874 1534">
     <span class='ocr_line' id='line_1_13' title="bbox 314 1463 1874 1534; baseline -0.004 -9"><span class='ocrx_word' id='word_1_93' title='bbox 314 1477 458 1526; x_wconf 85' lang='lat' dir='ltr'><strong>statu</strong></span> <span class='ocrx_word' id='word_1_94' title='bbox 503 1466 766 1521; x_wconf 74' lang='lat' dir='ltr'><strong>vidissent</strong></span> <span class='ocrx_word' id='word_1_95' title='bbox 807 1463 1188 1534; x_wconf 81' lang='lat' dir='ltr'><strong>Epiphanium,</strong></span> <span class='ocrx_word' id='word_1_96' title='bbox 1222 1476 1414 1517; x_wconf 88' lang='lat' dir='ltr'><strong>omnes</strong></span> <span class='ocrx_word' id='word_1_97' title='bbox 1442 1477 1570 1517; x_wconf 89' lang='lat' dir='ltr'><strong>eum</strong></span> <span class='ocrx_word' id='word_1_98' title='bbox 1610 1463 1874 1519; x_wconf 78' lang='lat' dir='ltr'><strong>ducentes</strong></span> 
     </span>
    </p>
   </div>
   <div class='ocr_carea' id='block_1_14' title="bbox 314 1549 1877 1621">
    <p class='ocr_par' dir='ltr' id='par_1_14' title="bbox 314 1549 1877 1621">
     <span class='ocr_line' id='line_1_14' title="bbox 314 1549 1877 1621; baseline -0.003 -9"><span class='ocrx_word' id='word_1_99' title='bbox 314 1570 439 1612; x_wconf 86' lang='lat' dir='ltr'><strong>esse</strong></span> <span class='ocrx_word' id='word_1_100' title='bbox 475 1554 783 1617; x_wconf 89' lang='lat' dir='ltr'><strong>ridiculum,</strong></span> <span class='ocrx_word' id='word_1_101' title='bbox 831 1552 1143 1607; x_wconf 80' lang='lat' dir='ltr'><strong>irridebaat.</strong></span> <span class='ocrx_word' id='word_1_102' title='bbox 1195 1549 1350 1605; x_wconf 82' lang='lat' dir='ltr'><strong>Unus</strong></span> <span class='ocrx_word' id='word_1_103' title='bbox 1395 1560 1574 1606; x_wconf 87' lang='lat' dir='ltr'><strong>autem</strong></span> <span class='ocrx_word' id='word_1_104' title='bbox 1614 1566 1682 1607; x_wconf 80' lang='lat' dir='ltr'><strong>ex</strong></span> <span class='ocrx_word' id='word_1_105' title='bbox 1725 1552 1877 1621; x_wconf 84' lang='lat' dir='ltr'><strong>ipsis,</strong></span> 
     </span>
    </p>
   </div>
   <div class='ocr_carea' id='block_1_15' title="bbox 314 1640 1874 1714">
    <p class='ocr_par' dir='ltr' id='par_1_15' title="bbox 314 1640 1874 1714">
     <span class='ocr_line' id='line_1_15' title="bbox 314 1640 1874 1714; baseline -0.003 -13"><span class='ocrx_word' id='word_1_106' title='bbox 314 1646 407 1714; x_wconf 85' lang='lat' dir='ltr'><strong>qui</strong></span> <span class='ocrx_word' id='word_1_107' title='bbox 438 1660 601 1700; x_wconf 87' lang='lat' dir='ltr'><strong>unum</strong></span> <span class='ocrx_word' id='word_1_108' title='bbox 633 1642 862 1698; x_wconf 84' lang='lat' dir='ltr'><strong>habebat</strong></span> <span class='ocrx_word' id='word_1_109' title='bbox 887 1642 1105 1696; x_wconf 87' lang='lat' dir='ltr'><strong>oculum</strong></span> <span class='ocrx_word' id='word_1_110' title='bbox 1133 1645 1271 1709; x_wconf 82' lang='lat' dir='ltr'><strong>(erat</strong></span> <span class='ocrx_word' id='word_1_111' title='bbox 1289 1640 1433 1695; x_wconf 89' lang='lat' dir='ltr'><strong>enim</strong></span> <span class='ocrx_word' id='word_1_112' title='bbox 1467 1641 1604 1697; x_wconf 84' lang='lat' dir='ltr'><strong>alter</strong></span> <span class='ocrx_word' id='word_1_113' title='bbox 1632 1643 1874 1711; x_wconf 87' lang='lat' dir='ltr'><strong>clausus)</strong></span> 
     </span>
    </p>
   </div>
   <div class='ocr_carea' id='block_1_16' title="bbox 315 1725 1951 1800">
    <p class='ocr_par' dir='ltr' id='par_1_16' title="bbox 315 1725 1951 1800">
     <span class='ocr_line' id='line_1_16' title="bbox 315 1725 1951 1800; baseline -0.006 -11"><span class='ocrx_word' id='word_1_114' title='bbox 315 1748 440 1789; x_wconf 88' lang='lat' dir='ltr'><strong>cum</strong></span> <span class='ocrx_word' id='word_1_115' title='bbox 489 1732 675 1787; x_wconf 88' lang='lat' dir='ltr'><strong>ferinis</strong></span> <span class='ocrx_word' id='word_1_116' title='bbox 718 1739 863 1786; x_wconf 86' lang='lat' dir='ltr'><strong>esset</strong></span> <span class='ocrx_word' id='word_1_117' title='bbox 911 1730 1174 1793; x_wconf 87' lang='lat' dir='ltr'><strong>moribus,</strong></span> <span class='ocrx_word' id='word_1_118' title='bbox 1203 1745 1335 1786; x_wconf 88' lang='lat' dir='ltr'><strong>ense</strong></span> <span class='ocrx_word' id='word_1_119' title='bbox 1376 1731 1566 1785; x_wconf 78' lang='lat' dir='ltr'><strong>stricto</strong></span> <span class='ocrx_word' id='word_1_120' title='bbox 1590 1743 1621 1784; x_wconf 91' lang='lat' dir='ltr'><strong>e</strong></span> <span class='ocrx_word' id='word_1_121' title='bbox 1655 1730 1872 1800; x_wconf 83' lang='lat' dir='ltr'><strong>vagina,</strong></span> <span class='ocrx_word' id='word_1_122' title='bbox 1911 1725 1951 1779; x_wconf 88' lang='grc' dir='ltr'><strong>Β</strong></span> 
     </span>
    </p>
   </div>
   <div class='ocr_carea' id='block_1_17' title="bbox 317 1819 1877 1890">
    <p class='ocr_par' dir='ltr' id='par_1_17' title="bbox 317 1819 1877 1890">
     <span class='ocr_line' id='line_1_17' title="bbox 317 1819 1877 1890; baseline -0.001 -13"><span class='ocrx_word' id='word_1_123' title='bbox 317 1823 461 1879; x_wconf 89' lang='lat' dir='ltr'><strong>venit</strong></span> <span class='ocrx_word' id='word_1_124' title='bbox 488 1821 556 1876; x_wconf 90' lang='lat' dir='ltr'><strong>ad</strong></span> <span class='ocrx_word' id='word_1_125' title='bbox 589 1819 951 1890; x_wconf 84' lang='lat' dir='ltr'><strong>Epiphanium</strong></span> <span class='ocrx_word' id='word_1_126' title='bbox 980 1836 994 1874; x_wconf 88' lang='lat'><strong>:</strong></span> <span class='ocrx_word' id='word_1_127' title='bbox 1028 1834 1259 1887; x_wconf 89' lang='lat' dir='ltr'><strong>cumque</strong></span> <span class='ocrx_word' id='word_1_128' title='bbox 1291 1834 1416 1874; x_wconf 90' lang='lat' dir='ltr'><strong>eum</strong></span> <span class='ocrx_word' id='word_1_129' title='bbox 1449 1820 1779 1886; x_wconf 76' lang='lat' dir='ltr'><strong>sustulisset,</strong></span> <span class='ocrx_word' id='word_1_130' title='bbox 1815 1830 1877 1875; x_wconf 91' lang='lat' dir='ltr'><strong>ut</strong></span> 
     </span>
    </p>
   </div>
   <div class='ocr_carea' id='block_1_18' title="bbox 318 1909 1873 1982">
    <p class='ocr_par' dir='ltr' id='par_1_18' title="bbox 318 1909 1873 1982">
     <span class='ocr_line' id='line_1_18' title="bbox 318 1909 1873 1982; baseline -0.002 -15"><span class='ocrx_word' id='word_1_131' title='bbox 318 1921 621 1982; x_wconf 81' lang='lat' dir='ltr'><strong>percuteret</strong></span> <span class='ocrx_word' id='word_1_132' title='bbox 646 1909 1030 1980; x_wconf 86' lang='lat' dir='ltr'><strong>Epiphanium,</strong></span> <span class='ocrx_word' id='word_1_133' title='bbox 1066 1919 1281 1978; x_wconf 90' lang='lat' dir='ltr'><strong>apertus</strong></span> <span class='ocrx_word' id='word_1_134' title='bbox 1318 1919 1401 1964; x_wconf 91' lang='lat' dir='ltr'><strong>est</strong></span> <span class='ocrx_word' id='word_1_135' title='bbox 1428 1910 1570 1980; x_wconf 85' lang='lat' dir='ltr'><strong>ejus,</strong></span> <span class='ocrx_word' id='word_1_136' title='bbox 1598 1910 1691 1980; x_wconf 89' lang='lat' dir='ltr'><strong>qui</strong></span> <span class='ocrx_word' id='word_1_137' title='bbox 1724 1911 1873 1965; x_wconf 90' lang='lat' dir='ltr'><strong>clau-</strong></span> 
     </span>
    </p>
   </div>
   <div class='ocr_carea' id='block_1_19' title="bbox 317 1998 1875 2070">
    <p class='ocr_par' dir='ltr' id='par_1_19' title="bbox 317 1998 1875 2070">
     <span class='ocr_line' id='line_1_19' title="bbox 317 1998 1875 2070; baseline -0.001 -13"><span class='ocrx_word' id='word_1_138' title='bbox 317 2017 412 2057; x_wconf 88' lang='lat' dir='ltr'><strong>sus</strong></span> <span class='ocrx_word' id='word_1_139' title='bbox 439 2009 576 2063; x_wconf 87' lang='lat' dir='ltr'><strong>erat,</strong></span> <span class='ocrx_word' id='word_1_140' title='bbox 609 2000 822 2055; x_wconf 86' lang='lat' dir='ltr'><strong>oculus.</strong></span> <span class='ocrx_word' id='word_1_141' title='bbox 854 1998 946 2053; x_wconf 84' lang='lat' dir='ltr'><strong>ille</strong></span> <span class='ocrx_word' id='word_1_142' title='bbox 975 2014 1102 2053; x_wconf 86' lang='lat' dir='ltr'><strong>vero</strong></span> <span class='ocrx_word' id='word_1_143' title='bbox 1133 2000 1478 2070; x_wconf 83' lang='lat' dir='ltr'><strong>perterritus,</strong></span> <span class='ocrx_word' id='word_1_144' title='bbox 1510 2015 1641 2055; x_wconf 83' lang='lat' dir='ltr'><strong>ense</strong></span> <span class='ocrx_word' id='word_1_145' title='bbox 1682 2000 1735 2055; x_wconf 94' lang='lat' dir='ltr'><strong>in</strong></span> <span class='ocrx_word' id='word_1_146' title='bbox 1764 2010 1875 2055; x_wconf 86' lang='lat' dir='ltr'><strong>ter-</strong></span> 
     </span>
    </p>
   </div>
   <div class='ocr_carea' id='block_1_20' title="bbox 318 2089 1875 2161">
    <p class='ocr_par' dir='ltr' id='par_1_20' title="bbox 318 2089 1875 2161">
     <span class='ocr_line' id='line_1_20' title="bbox 318 2089 1875 2161; baseline -0.001 -15"><span class='ocrx_word' id='word_1_147' title='bbox 318 2107 431 2146; x_wconf 88' lang='lat' dir='ltr'><strong>ram</strong></span> <span class='ocrx_word' id='word_1_148' title='bbox 470 2090 734 2161; x_wconf 87' lang='lat' dir='ltr'><strong>projecto,</strong></span> <span class='ocrx_word' id='word_1_149' title='bbox 768 2089 1008 2144; x_wconf 90' lang='lat' dir='ltr'><strong>constitit</strong></span> <span class='ocrx_word' id='word_1_150' title='bbox 1054 2089 1363 2143; x_wconf 78' lang='lat' dir='ltr'><strong>immobilis.</strong></span> <span class='ocrx_word' id='word_1_151' title='bbox 1401 2089 1506 2142; x_wconf 84' lang='lat' dir='ltr'><strong>Alii</strong></span> <span class='ocrx_word' id='word_1_152' title='bbox 1541 2097 1720 2144; x_wconf 88' lang='lat' dir='ltr'><strong>autem</strong></span> <span class='ocrx_word' id='word_1_153' title='bbox 1748 2104 1875 2145; x_wconf 89' lang='lat' dir='ltr'><strong>cum</strong></span> 
     </span>
    </p>
   </div>
   <div class='ocr_carea' id='block_1_21' title="bbox 317 2180 1874 2251">
    <p class='ocr_par' dir='ltr' id='par_1_21' title="bbox 317 2180 1874 2251">
     <span class='ocr_line' id='line_1_21' title="bbox 317 2180 1874 2251; baseline -0.002 -14"><span class='ocrx_word' id='word_1_154' title='bbox 317 2182 574 2237; x_wconf 77' lang='lat' dir='ltr'><strong>vidissent</strong></span> <span class='ocrx_word' id='word_1_155' title='bbox 605 2195 727 2236; x_wconf 89' lang='lat' dir='ltr'><strong>esse</strong></span> <span class='ocrx_word' id='word_1_156' title='bbox 749 2189 992 2249; x_wconf 86' lang='lat' dir='ltr'><strong>apertum</strong></span> <span class='ocrx_word' id='word_1_157' title='bbox 1032 2181 1268 2245; x_wconf 90' lang='lat' dir='ltr'><strong>oculum,</strong></span> <span class='ocrx_word' id='word_1_158' title='bbox 1298 2180 1388 2251; x_wconf 87' lang='lat' dir='ltr'><strong>qui</strong></span> <span class='ocrx_word' id='word_1_159' title='bbox 1416 2180 1636 2236; x_wconf 82' lang='lat' dir='ltr'><strong>clausus</strong></span> <span class='ocrx_word' id='word_1_160' title='bbox 1681 2180 1874 2247; x_wconf 82' lang='lat' dir='ltr'><strong>fuerat,</strong></span> 
     </span>
    </p>
   </div>
   <div class='ocr_carea' id='block_1_22' title="bbox 314 2270 1878 2342">
    <p class='ocr_par' dir='ltr' id='par_1_22' title="bbox 314 2270 1878 2342">
     <span class='ocr_line' id='line_1_22' title="bbox 314 2270 1878 2342; baseline -0.001 -14"><span class='ocrx_word' id='word_1_161' title='bbox 314 2282 597 2342; x_wconf 75' lang='lat' dir='ltr'><strong>cmperunt</strong></span> <span class='ocrx_word' id='word_1_162' title='bbox 628 2281 853 2342; x_wconf 87' lang='lat' dir='ltr'><strong>stupore</strong></span> <span class='ocrx_word' id='word_1_163' title='bbox 898 2270 1057 2327; x_wconf 80' lang='lat' dir='ltr'><strong>allici.</strong></span> <span class='ocrx_word' id='word_1_164' title='bbox 1093 2271 1341 2341; x_wconf 87' lang='lat' dir='ltr'><strong>Cumque</strong></span> <span class='ocrx_word' id='word_1_165' title='bbox 1384 2272 1609 2327; x_wconf 81' lang='lat' dir='ltr'><strong>vidisset</strong></span> <span class='ocrx_word' id='word_1_166' title='bbox 1640 2271 1878 2341; x_wconf 85' lang='lat' dir='ltr'><strong>Epipha-</strong></span> 
     </span>
    </p>
   </div>
   <div class='ocr_carea' id='block_1_23' title="bbox 315 2361 1873 2426">
    <p class='ocr_par' dir='ltr' id='par_1_23' title="bbox 315 2361 1873 2426">
     <span class='ocr_line' id='line_1_23' title="bbox 315 2361 1873 2426; baseline -0.003 -7"><span class='ocrx_word' id='word_1_167' title='bbox 315 2364 442 2419; x_wconf 87' lang='lat' dir='ltr'><strong>nius</strong></span> <span class='ocrx_word' id='word_1_168' title='bbox 488 2378 583 2419; x_wconf 84' lang='lat' dir='ltr'><strong>eos</strong></span> <span class='ocrx_word' id='word_1_169' title='bbox 631 2377 753 2419; x_wconf 81' lang='lat' dir='ltr'><strong>esse</strong></span> <span class='ocrx_word' id='word_1_170' title='bbox 799 2362 1014 2426; x_wconf 77' lang='lat' dir='ltr'><strong>anxios,</strong></span> <span class='ocrx_word' id='word_1_171' title='bbox 1046 2377 1329 2417; x_wconf 90' lang='lat' dir='ltr'><strong>sermones</strong></span> <span class='ocrx_word' id='word_1_172' title='bbox 1359 2377 1480 2416; x_wconf 84' lang='lat' dir='ltr'><strong>cum</strong></span> <span class='ocrx_word' id='word_1_173' title='bbox 1512 2364 1592 2417; x_wconf 90' lang='lat' dir='ltr'><strong>eis</strong></span> <span class='ocrx_word' id='word_1_174' title='bbox 1621 2361 1873 2417; x_wconf 87' lang='lat' dir='ltr'><strong>contulit.</strong></span> 
     </span>
    </p>
   </div>
   <div class='ocr_carea' id='block_1_24' title="bbox 309 2451 1880 2521">
    <p class='ocr_par' dir='ltr' id='par_1_24' title="bbox 309 2451 1880 2521">
     <span class='ocr_line' id='line_1_24' title="bbox 309 2451 1880 2521; baseline -0.002 -13"><span class='ocrx_word' id='word_1_175' title='bbox 309 2452 392 2509; x_wconf 81' lang='lat' dir='ltr'><strong>illi</strong></span> <span class='ocrx_word' id='word_1_176' title='bbox 420 2469 549 2510; x_wconf 87' lang='lat' dir='ltr'><strong>vero</strong></span> <span class='ocrx_word' id='word_1_177' title='bbox 586 2469 708 2510; x_wconf 87' lang='lat' dir='ltr'><strong>cum</strong></span> <span class='ocrx_word' id='word_1_178' title='bbox 737 2452 914 2508; x_wconf 79' lang='lat' dir='ltr'><strong>verbis</strong></span> <span class='ocrx_word' id='word_1_179' title='bbox 950 2453 1231 2521; x_wconf 87' lang='lat' dir='ltr'><strong>Epiphanii</strong></span> <span class='ocrx_word' id='word_1_180' title='bbox 1267 2452 1571 2507; x_wconf 86' lang='lat' dir='ltr'><strong>evasissent</strong></span> <span class='ocrx_word' id='word_1_181' title='bbox 1611 2451 1801 2506; x_wconf 89' lang='lat' dir='ltr'><strong>sedato</strong></span> <span class='ocrx_word' id='word_1_182' title='bbox 1824 2460 1880 2506; x_wconf 90' lang='lat' dir='ltr'><strong>et</strong></span> 
     </span>
    </p>
   </div>
   <div class='ocr_carea' id='block_1_25' title="bbox 315 2539 1875 2624">
    <p class='ocr_par' dir='ltr' id='par_1_25' title="bbox 315 2539 1875 2624">
     <span class='ocr_line' id='line_1_25' title="bbox 315 2539 1875 2624; baseline -0.004 -25"><span class='ocrx_word' id='word_1_183' title='bbox 315 2544 605 2624; x_wconf 77' lang='lat' dir='ltr'><strong>tranquillo</strong></span> <span class='ocrx_word' id='word_1_184' title='bbox 628 2544 836 2607; x_wconf 88' lang='lat' dir='ltr'><strong>animo,</strong></span> <span class='ocrx_word' id='word_1_185' title='bbox 871 2542 1062 2596; x_wconf 78' lang='lat' dir='ltr'><strong>mutati</strong></span> <span class='ocrx_word' id='word_1_186' title='bbox 1092 2557 1215 2596; x_wconf 89' lang='lat' dir='ltr'><strong>eum</strong></span> <span class='ocrx_word' id='word_1_187' title='bbox 1241 2540 1494 2597; x_wconf 88' lang='lat' dir='ltr'><strong>dicebant</strong></span> <span class='ocrx_word' id='word_1_188' title='bbox 1519 2554 1642 2595; x_wconf 86' lang='lat' dir='ltr'><strong>esse</strong></span> <span class='ocrx_word' id='word_1_189' title='bbox 1666 2539 1836 2595; x_wconf 84' lang='lat' dir='ltr'><strong>Deum</strong></span> <span class='ocrx_word' id='word_1_190' title='bbox 1860 2556 1875 2593; x_wconf 88' lang='lat'><strong>:</strong></span> 
     </span>
    </p>
   </div>
   <div class='ocr_carea' id='block_1_26' title="bbox 313 2636 1874 2707">
    <p class='ocr_par' dir='ltr' id='par_1_26' title="bbox 313 2636 1874 2707">
     <span class='ocr_line' id='line_1_26' title="bbox 313 2636 1874 2707; baseline -0.001 -15"><span class='ocrx_word' id='word_1_191' title='bbox 313 2638 534 2707; x_wconf 79' lang='lat' dir='ltr'><strong>vimque</strong></span> <span class='ocrx_word' id='word_1_192' title='bbox 561 2638 611 2693; x_wconf 89' lang='lat' dir='ltr'><strong>ei</strong></span> <span class='ocrx_word' id='word_1_193' title='bbox 637 2637 943 2703; x_wconf 85' lang='lat' dir='ltr'><strong>all‘erentcs,</strong></span> <span class='ocrx_word' id='word_1_194' title='bbox 978 2636 1261 2691; x_wconf 80' lang='lat' dir='ltr'><strong>trahebant</strong></span> <span class='ocrx_word' id='word_1_195' title='bbox 1284 2651 1409 2691; x_wconf 92' lang='lat' dir='ltr'><strong>cum</strong></span> <span class='ocrx_word' id='word_1_196' title='bbox 1443 2649 1649 2699; x_wconf 83' lang='lat' dir='ltr'><strong>secum,</strong></span> <span class='ocrx_word' id='word_1_197' title='bbox 1682 2636 1874 2692; x_wconf 89' lang='lat' dir='ltr'><strong>dicen-</strong></span> 
     </span>
    </p>
   </div>
   <div class='ocr_carea' id='block_1_27' title="bbox 316 2726 1880 2796">
    <p class='ocr_par' dir='ltr' id='par_1_27' title="bbox 316 2726 1880 2796">
     <span class='ocr_line' id='line_1_27' title="bbox 316 2726 1880 2796; baseline -0.001 -13"><span class='ocrx_word' id='word_1_198' title='bbox 316 2737 399 2783; x_wconf 83' lang='lat' dir='ltr'><strong>tes</strong></span> <span class='ocrx_word' id='word_1_199' title='bbox 422 2744 439 2782; x_wconf 87' lang='lat'><strong>:</strong></span> <span class='ocrx_word' id='word_1_200' title='bbox 466 2726 549 2782; x_wconf 86' lang='lat' dir='ltr'><strong>Tu</strong></span> <span class='ocrx_word' id='word_1_201' title='bbox 576 2742 636 2782; x_wconf 87' lang='lat' dir='ltr'><strong>es</strong></span> <span class='ocrx_word' id='word_1_202' title='bbox 670 2726 813 2783; x_wconf 85' lang='lat' dir='ltr'><strong>Deus</strong></span> <span class='ocrx_word' id='word_1_203' title='bbox 839 2734 1041 2793; x_wconf 82' lang='lat' dir='ltr'><strong>noster,</strong></span> <span class='ocrx_word' id='word_1_204' title='bbox 1074 2740 1300 2796; x_wconf 89' lang='lat' dir='ltr'><strong>sequere</strong></span> <span class='ocrx_word' id='word_1_205' title='bbox 1331 2740 1452 2791; x_wconf 86' lang='lat' dir='ltr'><strong>nos,</strong></span> <span class='ocrx_word' id='word_1_206' title='bbox 1487 2735 1541 2782; x_wconf 92' lang='lat' dir='ltr'><strong>et</strong></span> <span class='ocrx_word' id='word_1_207' title='bbox 1590 2741 1746 2783; x_wconf 87' lang='lat' dir='ltr'><strong>serva</strong></span> <span class='ocrx_word' id='word_1_208' title='bbox 1778 2739 1880 2782; x_wconf 84' lang='lat' dir='ltr'><strong>nos</strong></span> 
     </span>
    </p>
   </div>
   <div class='ocr_carea' id='block_1_28' title="bbox 315 2810 1880 2887">
    <p class='ocr_par' dir='ltr' id='par_1_28' title="bbox 315 2810 1880 2887">
     <span class='ocr_line' id='line_1_28' title="bbox 315 2810 1880 2887; baseline -0.001 -14"><span class='ocrx_word' id='word_1_209' title='bbox 315 2818 384 2875; x_wconf 89' lang='lat' dir='ltr'><strong>ab</strong></span> <span class='ocrx_word' id='word_1_210' title='bbox 411 2819 559 2873; x_wconf 81' lang='lat' dir='ltr'><strong>omni</strong></span> <span class='ocrx_word' id='word_1_211' title='bbox 589 2817 641 2871; x_wconf 92' lang='lat' dir='ltr'><strong>vi</strong></span> <span class='ocrx_word' id='word_1_212' title='bbox 666 2832 858 2873; x_wconf 90' lang='lat' dir='ltr'><strong>eorum</strong></span> <span class='ocrx_word' id='word_1_213' title='bbox 882 2816 973 2886; x_wconf 83' lang='lat' dir='ltr'><strong>qui</strong></span> <span class='ocrx_word' id='word_1_214' title='bbox 1021 2816 1075 2870; x_wconf 88' lang='lat' dir='ltr'><strong>in</strong></span> <span class='ocrx_word' id='word_1_215' title='bbox 1123 2830 1224 2870; x_wconf 89' lang='lat' dir='ltr'><strong>nos</strong></span> <span class='ocrx_word' id='word_1_216' title='bbox 1271 2810 1500 2870; x_wconf 81' lang='lat' dir='ltr'><strong>irruent.</strong></span> <span class='ocrx_word' id='word_1_217' title='bbox 1542 2814 1880 2887; x_wconf 87' lang='lat' dir='ltr'><strong>Epiphanius</strong></span> 
     </span>
    </p>
   </div>
   <div class='ocr_carea' id='block_1_29' title="bbox 315 2907 1880 2979">
    <p class='ocr_par' dir='ltr' id='par_1_29' title="bbox 315 2907 1880 2979">
     <span class='ocr_line' id='line_1_29' title="bbox 315 2907 1880 2979; baseline -0.002 -16"><span class='ocrx_word' id='word_1_218' title='bbox 315 2919 497 2965; x_wconf 86' lang='lat' dir='ltr'><strong>autem</strong></span> <span class='ocrx_word' id='word_1_219' title='bbox 527 2925 622 2965; x_wconf 83' lang='lat' dir='ltr'><strong>eos</strong></span> <span class='ocrx_word' id='word_1_220' title='bbox 650 2924 882 2979; x_wconf 88' lang='lat' dir='ltr'><strong>sequens</strong></span> <span class='ocrx_word' id='word_1_221' title='bbox 911 2918 1153 2974; x_wconf 79' lang='lat' dir='ltr'><strong>tempore</strong></span> <span class='ocrx_word' id='word_1_222' title='bbox 1180 2907 1340 2961; x_wconf 90' lang='lat' dir='ltr'><strong>trium</strong></span> <span class='ocrx_word' id='word_1_223' title='bbox 1369 2908 1661 2970; x_wconf 86' lang='lat' dir='ltr'><strong>mensium,</strong></span> <span class='ocrx_word' id='word_1_224' title='bbox 1693 2907 1880 2978; x_wconf 88' lang='lat' dir='ltr'><strong>prohi-</strong></span> 
     </span>
    </p>
   </div>
   <div class='ocr_carea' id='block_1_30' title="bbox 224 2997 1875 3056">
    <p class='ocr_par' dir='ltr' id='par_1_30' title="bbox 224 2997 1875 3056">
     <span class='ocr_line' id='line_1_30' title="bbox 224 2997 1875 3056; baseline -0.004 0"><span class='ocrx_word' id='word_1_225' title='bbox 224 3020 225 3023; x_wconf 43' lang='grc' dir='ltr'><strong>η</strong></span> <span class='ocrx_word' id='word_1_226' title='bbox 315 3001 473 3056; x_wconf 86' lang='lat' dir='ltr'><strong>bebat</strong></span> <span class='ocrx_word' id='word_1_227' title='bbox 512 3000 593 3053; x_wconf 87' lang='lat' dir='ltr'><strong>eis</strong></span> <span class='ocrx_word' id='word_1_228' title='bbox 636 3014 855 3054; x_wconf 83' lang='lat' dir='ltr'><strong>omnem</strong></span> <span class='ocrx_word' id='word_1_229' title='bbox 905 2997 1249 3053; x_wconf 80' lang='lat' dir='ltr'><strong>insolentiam</strong></span> <span class='ocrx_word' id='word_1_230' title='bbox 1271 2997 1875 3052; x_wconf 88' lang='lat' dir='ltr'><strong>ctimmoderationem.</strong></span> 
     </span>
    </p>
   </div>
   <div class='ocr_carea' id='block_1_31' title="bbox 1970 478 3537 557">
    <p class='ocr_par' dir='ltr' id='par_1_31' title="bbox 1970 478 3537 557">
     <span class='ocr_line' id='line_1_31' title="bbox 1970 478 3537 557; baseline 0.001 -19"><span class='ocrx_word' id='word_1_231' title='bbox 1970 487 2110 538; x_wconf 80' lang='grc' dir='ltr'>οἵτε</span> <span class='ocrx_word' id='word_1_232' title='bbox 2145 485 2411 555; x_wconf 75' lang='grc' dir='ltr'><strong>ὁδοιπόροι</strong></span> <span class='ocrx_word' id='word_1_233' title='bbox 2458 484 2553 537; x_wconf 79' lang='grc' dir='ltr'>καὶ</span> <span class='ocrx_word' id='word_1_234' title='bbox 2584 485 2635 536; x_wconf 83' lang='lat' dir='ltr'><strong>oi</strong></span> <span class='ocrx_word' id='word_1_235' title='bbox 2665 483 3040 553; x_wconf 80' lang='grc' dir='ltr'>άδελφοί.“Δπ⁹</span> <span class='ocrx_word' id='word_1_236' title='bbox 3072 483 3288 554; x_wconf 72' lang='grc' dir='ltr'>εκείνης</span> <span class='ocrx_word' id='word_1_237' title='bbox 3319 478 3414 538; x_wconf 88' lang='grc' dir='ltr'><strong>οῦν</strong></span> <span class='ocrx_word' id='word_1_238' title='bbox 3439 486 3537 557; x_wconf 82' lang='grc' dir='ltr'><strong>τῆς</strong></span> 
     </span>
    </p>
   </div>
   <div class='ocr_carea' id='block_1_32' title="bbox 1969 572 3537 647">
    <p class='ocr_par' dir='ltr' id='par_1_32' title="bbox 1969 572 3537 647">
     <span class='ocr_line' id='line_1_32' title="bbox 1969 572 3537 647; baseline 0.002 -20"><span class='ocrx_word' id='word_1_239' title='bbox 1969 575 2183 647; x_wconf 70' lang='grc' dir='ltr'>ἡμέρας</span> <span class='ocrx_word' id='word_1_240' title='bbox 2203 574 2385 628; x_wconf 68' lang='grc' dir='ltr'>οὐκέτι</span> <span class='ocrx_word' id='word_1_241' title='bbox 2412 573 2683 645; x_wconf 74' lang='grc' dir='ltr'>ἡδουληθη</span> <span class='ocrx_word' id='word_1_242' title='bbox 2722 572 3038 644; x_wconf 78' lang='grc' dir='ltr'>Ἐπιφάνιος</span> <span class='ocrx_word' id='word_1_243' title='bbox 3063 575 3280 646; x_wconf 80' lang='grc' dir='ltr'>οίκῆσαι</span> <span class='ocrx_word' id='word_1_244' title='bbox 3323 575 3417 629; x_wconf 80' lang='grc' dir='ltr'><strong>τὸν</strong></span> <span class='ocrx_word' id='word_1_245' title='bbox 3451 576 3537 630; x_wconf 81' lang='grc' dir='ltr'>τό-</span> 
     </span>
    </p>
   </div>
   <div class='ocr_carea' id='block_1_33' title="bbox 1973 657 3538 734">
    <p class='ocr_par' dir='ltr' id='par_1_33' title="bbox 1973 657 3538 734">
     <span class='ocr_line' id='line_1_33' title="bbox 1973 657 3538 734; baseline 0 -15"><span class='ocrx_word' id='word_1_246' title='bbox 1973 682 2074 720; x_wconf 90' lang='grc' dir='ltr'><strong>πον</strong></span> <span class='ocrx_word' id='word_1_247' title='bbox 2102 667 2325 729; x_wconf 67' lang='grc' dir='ltr'>ἐκεῖνον,</span> <span class='ocrx_word' id='word_1_248' title='bbox 2356 664 2447 718; x_wconf 78' lang='grc' dir='ltr'>διὰ</span> <span class='ocrx_word' id='word_1_249' title='bbox 2477 664 2540 718; x_wconf 89' lang='grc' dir='ltr'><strong>τὸ</strong></span> <span class='ocrx_word' id='word_1_250' title='bbox 2567 662 2893 729; x_wconf 73' lang='grc' dir='ltr'>ιξάκουστον</span> <span class='ocrx_word' id='word_1_251' title='bbox 2935 664 3098 717; x_wconf 79' lang='grc' dir='ltr'>αὑτὸν</span> <span class='ocrx_word' id='word_1_252' title='bbox 3128 664 3381 734; x_wconf 73' lang='grc' dir='ltr'>γενέσθαι</span> <span class='ocrx_word' id='word_1_253' title='bbox 3431 657 3538 718; x_wconf 60' lang='grc' dir='ltr'><strong>ιξυδ</strong></span> 
     </span>
    </p>
   </div>
   <div class='ocr_carea' id='block_1_34' title="bbox 1970 752 3537 826">
    <p class='ocr_par' dir='ltr' id='par_1_34' title="bbox 1970 752 3537 826">
     <span class='ocr_line' id='line_1_34' title="bbox 1970 752 3537 826; baseline -0.001 -18"><span class='ocrx_word' id='word_1_254' title='bbox 1970 753 2081 808; x_wconf 84' lang='grc' dir='ltr'><strong>τῶν</strong></span> <span class='ocrx_word' id='word_1_255' title='bbox 2105 754 2394 826; x_wconf 80' lang='grc' dir='ltr'>ὁδοιπόρων</span> <span class='ocrx_word' id='word_1_256' title='bbox 2412 770 2425 783; x_wconf 89' lang='grc'><strong>·</strong></span> <span class='ocrx_word' id='word_1_257' title='bbox 2447 753 2671 825; x_wconf 71' lang='grc' dir='ltr'>ἔκλεψεν</span> <span class='ocrx_word' id='word_1_258' title='bbox 2701 753 2757 807; x_wconf 68' lang='grc' dir='ltr'>δὲ</span> <span class='ocrx_word' id='word_1_259' title='bbox 2784 753 2979 808; x_wconf 65' lang='grc' dir='ltr'>ἑαυτὸν</span> <span class='ocrx_word' id='word_1_260' title='bbox 2999 754 3118 808; x_wconf 83' lang='grc' dir='ltr'><strong>ἀπὸ</strong></span> <span class='ocrx_word' id='word_1_261' title='bbox 3143 752 3250 807; x_wconf 85' lang='grc' dir='ltr'><strong>τῶν</strong></span> <span class='ocrx_word' id='word_1_262' title='bbox 3274 754 3537 823; x_wconf 83' lang='grc' dir='ltr'>ἀδελφῶν,</span> 
     </span>
    </p>
   </div>
   <div class='ocr_carea' id='block_1_35' title="bbox 1972 842 3533 916">
    <p class='ocr_par' dir='ltr' id='par_1_35' title="bbox 1972 842 3533 916">
     <span class='ocr_line' id='line_1_35' title="bbox 1972 842 3533 916; baseline -0.001 -18"><span class='ocrx_word' id='word_1_263' title='bbox 1972 845 2068 898; x_wconf 75' lang='grc' dir='ltr'><strong>καὶ</strong></span> <span class='ocrx_word' id='word_1_264' title='bbox 2100 843 2368 915; x_wconf 69' lang='grc' dir='ltr'>ἐπορεύθη</span> <span class='ocrx_word' id='word_1_265' title='bbox 2402 845 2481 907; x_wconf 85' lang='grc' dir='ltr'><strong>είς</strong></span> <span class='ocrx_word' id='word_1_266' title='bbox 2508 842 2839 916; x_wconf 71' lang='grc' dir='ltr'><strong>ἀγριώτερον</strong></span> <span class='ocrx_word' id='word_1_267' title='bbox 2885 844 3083 897; x_wconf 72' lang='grc' dir='ltr'>τόπονο</span> <span class='ocrx_word' id='word_1_268' title='bbox 3119 842 3229 896; x_wconf 87' lang='grc' dir='ltr'><strong>τῶν</strong></span> <span class='ocrx_word' id='word_1_269' title='bbox 3256 843 3315 897; x_wconf 65' lang='grc' dir='ltr'>δὲ</span> <span class='ocrx_word' id='word_1_270' title='bbox 3347 843 3424 914; x_wconf 82' lang='grc' dir='ltr'>μὴ</span> <span class='ocrx_word' id='word_1_271' title='bbox 3452 846 3533 898; x_wconf 60' lang='grc' dir='ltr'><strong>επ</strong></span> 
     </span>
    </p>
   </div>
   <div class='ocr_carea' id='block_1_36' title="bbox 1976 932 3539 1005">
    <p class='ocr_par' dir='ltr' id='par_1_36' title="bbox 1976 932 3539 1005">
     <span class='ocr_line' id='line_1_36' title="bbox 1976 932 3539 1005; baseline -0.003 -17"><span class='ocrx_word' id='word_1_272' title='bbox 1976 935 2275 1005; x_wconf 80' lang='grc' dir='ltr'>ισταμένων</span> <span class='ocrx_word' id='word_1_273' title='bbox 2318 934 2378 988; x_wconf 89' lang='grc' dir='ltr'><strong>τὸ</strong></span> <span class='ocrx_word' id='word_1_274' title='bbox 2424 934 2482 987; x_wconf 71' lang='grc' dir='ltr'>ιν</span> <span class='ocrx_word' id='word_1_275' title='bbox 2532 932 2668 1005; x_wconf 84' lang='grc' dir='ltr'>ποίῳ</span> <span class='ocrx_word' id='word_1_276' title='bbox 2710 934 2861 1005; x_wconf 82' lang='grc' dir='ltr'>τόπῳ</span> <span class='ocrx_word' id='word_1_277' title='bbox 2907 934 3171 997; x_wconf 79' lang='grc' dir='ltr'>κατοικεῖ,</span> <span class='ocrx_word' id='word_1_278' title='bbox 3204 932 3442 996; x_wconf 78' lang='grc' dir='ltr'>άπαντες</span> <span class='ocrx_word' id='word_1_279' title='bbox 3490 933 3539 984; x_wconf 83' lang='lat' dir='ltr'><strong>oi</strong></span> 
     </span>
    </p>
   </div>
   <div class='ocr_carea' id='block_1_37' title="bbox 1973 1018 3540 1094">
    <p class='ocr_par' dir='ltr' id='par_1_37' title="bbox 1973 1018 3540 1094">
     <span class='ocr_line' id='line_1_37' title="bbox 1973 1018 3540 1094; baseline -0.003 -15"><span class='ocrx_word' id='word_1_280' title='bbox 1973 1024 2189 1093; x_wconf 74' lang='grc' dir='ltr'>ἀδελφοὶ</span> <span class='ocrx_word' id='word_1_281' title='bbox 2226 1023 2482 1077; x_wconf 70' lang='grc' dir='ltr'>ιπένθσυν</span> <span class='ocrx_word' id='word_1_282' title='bbox 2533 1025 2659 1094; x_wconf 82' lang='grc' dir='ltr'>περὶ</span> <span class='ocrx_word' id='word_1_283' title='bbox 2698 1020 3299 1092; x_wconf 74' lang='grc' dir='ltr'>Ἑπιφανίου.Ἔμεινεν</span> <span class='ocrx_word' id='word_1_284' title='bbox 3339 1018 3434 1076; x_wconf 81' lang='grc' dir='ltr'><strong>οῦν</strong></span> <span class='ocrx_word' id='word_1_285' title='bbox 3482 1024 3540 1075; x_wconf 72' lang='grc' dir='ltr'>ἐν</span> 
     </span>
    </p>
   </div>
   <div class='ocr_carea' id='block_1_38' title="bbox 1973 1106 3540 1182">
    <p class='ocr_par' dir='ltr' id='par_1_38' title="bbox 1973 1106 3540 1182">
     <span class='ocr_line' id='line_1_38' title="bbox 1973 1106 3540 1182; baseline 0 -19"><span class='ocrx_word' id='word_1_286' title='bbox 1973 1111 2052 1181; x_wconf 84' lang='grc' dir='ltr'>τῷ</span> <span class='ocrx_word' id='word_1_287' title='bbox 2076 1112 2228 1182; x_wconf 86' lang='grc' dir='ltr'>τόπῳ</span> <span class='ocrx_word' id='word_1_288' title='bbox 2266 1110 2464 1182; x_wconf 68' lang='grc' dir='ltr'>ὶκείνῳ</span> <span class='ocrx_word' id='word_1_289' title='bbox 2506 1114 2653 1180; x_wconf 83' lang='grc' dir='ltr'>τρεῖς</span> <span class='ocrx_word' id='word_1_290' title='bbox 2687 1110 2901 1182; x_wconf 67' lang='grc' dir='ltr'>ἡμέρας</span> <span class='ocrx_word' id='word_1_291' title='bbox 2931 1109 3116 1173; x_wconf 81' lang='grc' dir='ltr'>άσιτος</span> <span class='ocrx_word' id='word_1_292' title='bbox 3150 1106 3540 1164; x_wconf 58' lang='grc' dir='ltr'>διατελῶνῘΗν</span> 
     </span>
    </p>
   </div>
   <div class='ocr_carea' id='block_1_39' title="bbox 1973 1198 2868 1269">
    <p class='ocr_par' dir='ltr' id='par_1_39' title="bbox 1973 1198 2868 1269">
     <span class='ocr_line' id='line_1_39' title="bbox 1973 1198 2868 1269; baseline -0.003 -16"><span class='ocrx_word' id='word_1_293' title='bbox 1973 1200 2032 1253; x_wconf 66' lang='grc' dir='ltr'>δὲ</span> <span class='ocrx_word' id='word_1_294' title='bbox 2059 1200 2153 1252; x_wconf 74' lang='grc' dir='ltr'>καὶ</span> <span class='ocrx_word' id='word_1_295' title='bbox 2180 1199 2342 1262; x_wconf 80' lang='grc' dir='ltr'>αὐτὸς</span> <span class='ocrx_word' id='word_1_296' title='bbox 2369 1201 2399 1252; x_wconf 99' lang='lat'><strong>6</strong></span> <span class='ocrx_word' id='word_1_297' title='bbox 2426 1199 2590 1260; x_wconf 80' lang='grc' dir='ltr'>τόπος</span> <span class='ocrx_word' id='word_1_298' title='bbox 2622 1198 2868 1269; x_wconf 73' lang='grc' dir='ltr'>ἄνυδρος.</span> 
     </span>
    </p>
   </div>
   <div class='ocr_carea' id='block_1_40' title="bbox 2048 1282 3543 1359">
    <p class='ocr_par' dir='ltr' id='par_1_40' title="bbox 2048 1282 3543 1359">
     <span class='ocr_line' id='line_1_40' title="bbox 2048 1282 3543 1359; baseline -0.002 -17"><span class='ocrx_word' id='word_1_299' title='bbox 2048 1290 2149 1344; x_wconf 83' lang='grc' dir='ltr'><strong>1Δ¹.</strong></span> <span class='ocrx_word' id='word_1_300' title='bbox 2190 1288 2393 1359; x_wconf 72' lang='grc' dir='ltr'>Συνέϐη</span> <span class='ocrx_word' id='word_1_301' title='bbox 2425 1288 2483 1342; x_wconf 76' lang='grc' dir='ltr'>δι</span> <span class='ocrx_word' id='word_1_302' title='bbox 2529 1289 2650 1341; x_wconf 80' lang='grc' dir='ltr'>κατ’</span> <span class='ocrx_word' id='word_1_303' title='bbox 2683 1289 2889 1342; x_wconf 64' lang='grc' dir='ltr'>ἐκεῖνον</span> <span class='ocrx_word' id='word_1_304' title='bbox 2917 1286 3009 1341; x_wconf 88' lang='grc' dir='ltr'><strong>τὸν</strong></span> <span class='ocrx_word' id='word_1_305' title='bbox 3032 1282 3241 1358; x_wconf 37' lang='grc' dir='ltr'>ίκαιρὸν</span> <span class='ocrx_word' id='word_1_306' title='bbox 3279 1293 3333 1357; x_wconf 80' lang='grc' dir='ltr'>μ’</span> <span class='ocrx_word' id='word_1_307' title='bbox 3368 1293 3543 1357; x_wconf 69' lang='grc' dir='ltr'>Σαρα-</span> 
     </span>
    </p>
   </div>
   <div class='ocr_carea' id='block_1_41' title="bbox 1977 1373 3542 1449">
    <p class='ocr_par' dir='ltr' id='par_1_41' title="bbox 1977 1373 3542 1449">
     <span class='ocr_line' id='line_1_41' title="bbox 1977 1373 3542 1449; baseline -0.004 -15"><span class='ocrx_word' id='word_1_308' title='bbox 1977 1381 2174 1449; x_wconf 75' lang='grc' dir='ltr'>κηνοὺς</span> <span class='ocrx_word' id='word_1_309' title='bbox 2193 1378 2515 1449; x_wconf 71' lang='grc' dir='ltr'>διέρχεσθαι.</span> <span class='ocrx_word' id='word_1_310' title='bbox 2531 1379 2620 1441; x_wconf 80' lang='grc' dir='ltr'>Ὠς</span> <span class='ocrx_word' id='word_1_311' title='bbox 2644 1373 2737 1431; x_wconf 79' lang='grc' dir='ltr'>οὖν</span> <span class='ocrx_word' id='word_1_312' title='bbox 2762 1377 2873 1431; x_wconf 81' lang='grc' dir='ltr'>ῐδον</span> <span class='ocrx_word' id='word_1_313' title='bbox 2897 1376 3212 1446; x_wconf 70' lang='grc' dir='ltr'>Ἐπιφάνιω</span> <span class='ocrx_word' id='word_1_314' title='bbox 3241 1378 3299 1429; x_wconf 78' lang='grc' dir='ltr'>ὲν</span> <span class='ocrx_word' id='word_1_315' title='bbox 3320 1375 3542 1447; x_wconf 71' lang='grc' dir='ltr'>τοιούτῳ</span> 
     </span>
    </p>
   </div>
   <div class='ocr_carea' id='block_1_42' title="bbox 1976 1463 3542 1538">
    <p class='ocr_par' dir='ltr' id='par_1_42' title="bbox 1976 1463 3542 1538">
     <span class='ocr_line' id='line_1_42' title="bbox 1976 1463 3542 1538; baseline -0.004 -16"><span class='ocrx_word' id='word_1_316' title='bbox 1976 1469 2126 1538; x_wconf 83' lang='grc' dir='ltr'>τόπῳ</span> <span class='ocrx_word' id='word_1_317' title='bbox 2155 1469 2250 1521; x_wconf 76' lang='grc' dir='ltr'>καὶ</span> <span class='ocrx_word' id='word_1_318' title='bbox 2292 1466 2516 1537; x_wconf 76' lang='grc' dir='ltr'>τοιαύτῃ</span> <span class='ocrx_word' id='word_1_319' title='bbox 2545 1466 2895 1528; x_wconf 80' lang='grc' dir='ltr'><strong>καταστάσει,</strong></span> <span class='ocrx_word' id='word_1_320' title='bbox 2928 1464 3138 1533; x_wconf 70' lang='grc' dir='ltr'>γέλοιον</span> <span class='ocrx_word' id='word_1_321' title='bbox 3159 1463 3542 1535; x_wconf 80' lang='grc' dir='ltr'>ἀναδεξάμενοι</span> 
     </span>
    </p>
   </div>
   <div class='ocr_carea' id='block_1_43' title="bbox 1979 1549 3544 1629">
    <p class='ocr_par' dir='ltr' id='par_1_43' title="bbox 1979 1549 3544 1629">
     <span class='ocr_line' id='line_1_43' title="bbox 1979 1549 3544 1629; baseline -0.004 -16"><span class='ocrx_word' id='word_1_322' title='bbox 1979 1559 2278 1629; x_wconf 82' lang='grc' dir='ltr'>ἀμφότεροι</span> <span class='ocrx_word' id='word_1_323' title='bbox 2298 1557 2489 1610; x_wconf 80' lang='grc' dir='ltr'>τούτου</span> <span class='ocrx_word' id='word_1_324' title='bbox 2510 1555 2835 1624; x_wconf 77' lang='grc' dir='ltr'>κατεγέλων.</span> <span class='ocrx_word' id='word_1_325' title='bbox 2865 1549 2959 1619; x_wconf 74' lang='grc' dir='ltr'><strong>Εἷς</strong></span> <span class='ocrx_word' id='word_1_326' title='bbox 2981 1554 3038 1608; x_wconf 74' lang='grc' dir='ltr'>δέ</span> <span class='ocrx_word' id='word_1_327' title='bbox 3063 1571 3147 1618; x_wconf 87' lang='grc' dir='ltr'><strong>τις</strong></span> <span class='ocrx_word' id='word_1_328' title='bbox 3166 1554 3224 1620; x_wconf 69' lang='grc' dir='ltr'><strong>ἐξ</strong></span> <span class='ocrx_word' id='word_1_329' title='bbox 3244 1553 3423 1607; x_wconf 73' lang='grc' dir='ltr'>αὐτῶν</span> <span class='ocrx_word' id='word_1_330' title='bbox 3447 1554 3544 1607; x_wconf 78' lang='grc' dir='ltr'>ινα</span> 
     </span>
    </p>
   </div>
   <div class='ocr_carea' id='block_1_44' title="bbox 1978 1642 3543 1719">
    <p class='ocr_par' dir='ltr' id='par_1_44' title="bbox 1978 1642 3543 1719">
     <span class='ocr_line' id='line_1_44' title="bbox 1978 1642 3543 1719; baseline -0.004 -17"><span class='ocrx_word' id='word_1_331' title='bbox 1978 1648 2254 1719; x_wconf 81' lang='grc' dir='ltr'>ὀφθαλμὸν</span> <span class='ocrx_word' id='word_1_332' title='bbox 2294 1647 2433 1717; x_wconf 67' lang='grc' dir='ltr'><strong>ἔχων</strong></span> <span class='ocrx_word' id='word_1_333' title='bbox 2466 1642 2567 1717; x_wconf 76' lang='grc' dir='ltr'><strong>(ἦν</strong></span> <span class='ocrx_word' id='word_1_334' title='bbox 2593 1647 2702 1716; x_wconf 84' lang='grc' dir='ltr'>γάρ</span> <span class='ocrx_word' id='word_1_335' title='bbox 2745 1647 2776 1698; x_wconf 90' lang='lat'><strong>6</strong></span> <span class='ocrx_word' id='word_1_336' title='bbox 2820 1645 2980 1708; x_wconf 77' lang='grc' dir='ltr'>ἀλλος</span> <span class='ocrx_word' id='word_1_337' title='bbox 3023 1644 3190 1698; x_wconf 79' lang='grc' dir='ltr'>αὐτοῦ</span> <span class='ocrx_word' id='word_1_338' title='bbox 3253 1644 3543 1710; x_wconf 77' lang='grc' dir='ltr'>κλεισθεὶς)</span> 
     </span>
    </p>
   </div>
   <div class='ocr_carea' id='block_1_45' title="bbox 1979 1734 3542 1809">
    <p class='ocr_par' dir='ltr' id='par_1_45' title="bbox 1979 1734 3542 1809">
     <span class='ocr_line' id='line_1_45' title="bbox 1979 1734 3542 1809; baseline -0.004 -16"><span class='ocrx_word' id='word_1_339' title='bbox 1979 1741 2073 1794; x_wconf 62' lang='grc' dir='ltr'><strong>καί⁸</strong></span> <span class='ocrx_word' id='word_1_340' title='bbox 2105 1736 2344 1809; x_wconf 67' lang='grc' dir='ltr'>θηριιὲνδη</span> <span class='ocrx_word' id='word_1_341' title='bbox 2373 1738 2487 1804; x_wconf 69' lang='grc' dir='ltr'>ἕξιν</span> <span class='ocrx_word' id='word_1_342' title='bbox 2516 1736 2674 1807; x_wconf 70' lang='grc' dir='ltr'>ἔχων,</span> <span class='ocrx_word' id='word_1_343' title='bbox 2706 1734 2886 1788; x_wconf 74' lang='grc' dir='ltr'>λαϐὼν</span> <span class='ocrx_word' id='word_1_344' title='bbox 2931 1736 3028 1804; x_wconf 83' lang='grc' dir='ltr'>τὴν</span> <span class='ocrx_word' id='word_1_345' title='bbox 3073 1735 3351 1806; x_wconf 79' lang='grc' dir='ltr'>μάχαιραν</span> <span class='ocrx_word' id='word_1_346' title='bbox 3379 1734 3542 1787; x_wconf 80' lang='grc' dir='ltr'>αὑτοῦ</span> 
     </span>
    </p>
   </div>
   <div class='ocr_carea' id='block_1_46' title="bbox 1979 1821 3546 1898">
    <p class='ocr_par' dir='ltr' id='par_1_46' title="bbox 1979 1821 3546 1898">
     <span class='ocr_line' id='line_1_46' title="bbox 1979 1821 3546 1898; baseline -0.003 -17"><span class='ocrx_word' id='word_1_347' title='bbox 1979 1830 2044 1881; x_wconf 71' lang='grc' dir='ltr'>ἐκ</span> <span class='ocrx_word' id='word_1_348' title='bbox 2069 1827 2168 1898; x_wconf 83' lang='grc' dir='ltr'>τῆς</span> <span class='ocrx_word' id='word_1_349' title='bbox 2196 1826 2390 1897; x_wconf 82' lang='grc' dir='ltr'>θήκης,</span> <span class='ocrx_word' id='word_1_350' title='bbox 2414 1821 2576 1897; x_wconf 79' lang='grc' dir='ltr'>ἦλθεν</span> <span class='ocrx_word' id='word_1_351' title='bbox 2600 1824 2735 1896; x_wconf 88' lang='grc' dir='ltr'>πρὸς</span> <span class='ocrx_word' id='word_1_352' title='bbox 2775 1824 3107 1891; x_wconf 68' lang='grc' dir='ltr'><strong>Ἐιιτιςιςάνιον⁹</strong></span> <span class='ocrx_word' id='word_1_353' title='bbox 3143 1824 3238 1877; x_wconf 75' lang='grc' dir='ltr'>καὶ</span> <span class='ocrx_word' id='word_1_354' title='bbox 3261 1824 3326 1892; x_wconf 80' lang='grc' dir='ltr'>δὴ</span> <span class='ocrx_word' id='word_1_355' title='bbox 3351 1824 3546 1892; x_wconf 81' lang='grc' dir='ltr'>κουφί-</span> 
     </span>
    </p>
   </div>
   <div class='ocr_carea' id='block_1_47' title="bbox 1980 1914 3548 1989">
    <p class='ocr_par' dir='ltr' id='par_1_47' title="bbox 1980 1914 3548 1989">
     <span class='ocr_line' id='line_1_47' title="bbox 1980 1914 3548 1989; baseline -0.004 -15"><span class='ocrx_word' id='word_1_356' title='bbox 1980 1937 2076 1982; x_wconf 86' lang='grc' dir='ltr'><strong>σας</strong></span> <span class='ocrx_word' id='word_1_357' title='bbox 2104 1920 2274 1989; x_wconf 78' lang='grc' dir='ltr'>αὐτὴν</span> <span class='ocrx_word' id='word_1_358' title='bbox 2306 1917 2532 1989; x_wconf 82' lang='grc' dir='ltr'>κροῦσαι</span> <span class='ocrx_word' id='word_1_359' title='bbox 2561 1916 2651 1970; x_wconf 87' lang='grc' dir='ltr'><strong>τὸν</strong></span> <span class='ocrx_word' id='word_1_360' title='bbox 2685 1916 3020 1985; x_wconf 76' lang='grc' dir='ltr'>Ἑπιφάνιον,</span> <span class='ocrx_word' id='word_1_361' title='bbox 3056 1914 3301 1985; x_wconf 75' lang='grc' dir='ltr'>ὴνεῴχθη</span> <span class='ocrx_word' id='word_1_362' title='bbox 3331 1914 3496 1968; x_wconf 79' lang='grc' dir='ltr'>αὑτοῦ</span> <span class='ocrx_word' id='word_1_363' title='bbox 3518 1916 3548 1968; x_wconf 89' lang='lat'><strong>6</strong></span> 
     </span>
    </p>
   </div>
   <div class='ocr_carea' id='block_1_48' title="bbox 1979 2005 3547 2079">
    <p class='ocr_par' dir='ltr' id='par_1_48' title="bbox 1979 2005 3547 2079">
     <span class='ocr_line' id='line_1_48' title="bbox 1979 2005 3547 2079; baseline -0.003 -16"><span class='ocrx_word' id='word_1_364' title='bbox 1979 2009 2245 2073; x_wconf 82' lang='grc' dir='ltr'>κλεισθεὶς</span> <span class='ocrx_word' id='word_1_365' title='bbox 2269 2008 2565 2079; x_wconf 81' lang='grc' dir='ltr'>ὀφθαλμός.</span> <span class='ocrx_word' id='word_1_366' title='bbox 2606 2005 2712 2061; x_wconf 97' lang='grc' dir='ltr'><strong>Τοῦ</strong></span> <span class='ocrx_word' id='word_1_367' title='bbox 2751 2007 2810 2061; x_wconf 73' lang='grc' dir='ltr'><strong>δε</strong></span> <span class='ocrx_word' id='word_1_368' title='bbox 2839 2006 3079 2076; x_wconf 69' lang='grc' dir='ltr'>εμφόδου</span> <span class='ocrx_word' id='word_1_369' title='bbox 3114 2005 3424 2076; x_wconf 82' lang='grc' dir='ltr'>γενομένου,</span> <span class='ocrx_word' id='word_1_370' title='bbox 3452 2006 3547 2059; x_wconf 77' lang='grc' dir='ltr'>καὶ</span> 
     </span>
    </p>
   </div>
   <div class='ocr_carea' id='block_1_49' title="bbox 1977 2099 3545 2175">
    <p class='ocr_par' dir='ltr' id='par_1_49' title="bbox 1977 2099 3545 2175">
     <span class='ocr_line' id='line_1_49' title="bbox 1977 2099 3545 2175; baseline -0.004 -19"><span class='ocrx_word' id='word_1_371' title='bbox 1977 2105 2076 2175; x_wconf 83' lang='grc' dir='ltr'>τὴν</span> <span class='ocrx_word' id='word_1_372' title='bbox 2111 2103 2384 2173; x_wconf 84' lang='grc' dir='ltr'>μάχαιραν</span> <span class='ocrx_word' id='word_1_373' title='bbox 2411 2103 2503 2155; x_wconf 72' lang='grc' dir='ltr'><strong>ἐπὶ</strong></span> <span class='ocrx_word' id='word_1_374' title='bbox 2528 2101 2625 2172; x_wconf 80' lang='grc' dir='ltr'>τὴν</span> <span class='ocrx_word' id='word_1_375' title='bbox 2656 2103 2759 2172; x_wconf 78' lang='grc' dir='ltr'>γῆν</span> <span class='ocrx_word' id='word_1_376' title='bbox 2790 2100 3065 2170; x_wconf 80' lang='grc' dir='ltr'>ῥίψαντος,</span> <span class='ocrx_word' id='word_1_377' title='bbox 3098 2099 3327 2169; x_wconf 72' lang='grc' dir='ltr'>ἕστηκεν</span> <span class='ocrx_word' id='word_1_378' title='bbox 3355 2099 3545 2169; x_wconf 70' lang='grc' dir='ltr'>ἀκίνη-</span> 
     </span>
    </p>
   </div>
   <div class='ocr_carea' id='block_1_50' title="bbox 1978 2188 3545 2261">
    <p class='ocr_par' dir='ltr' id='par_1_50' title="bbox 1978 2188 3545 2261">
     <span class='ocr_line' id='line_1_50' title="bbox 1978 2188 3545 2261; baseline -0.004 -15"><span class='ocrx_word' id='word_1_379' title='bbox 1978 2210 2086 2261; x_wconf 73' lang='grc' dir='ltr'>τος.</span> <span class='ocrx_word' id='word_1_380' title='bbox 2115 2196 2178 2246; x_wconf 83' lang='lat' dir='ltr'><strong>0i</strong></span> <span class='ocrx_word' id='word_1_381' title='bbox 2219 2192 2276 2245; x_wconf 73' lang='grc' dir='ltr'>δὶ</span> <span class='ocrx_word' id='word_1_382' title='bbox 2323 2192 2474 2245; x_wconf 78' lang='grc' dir='ltr'>ἄλλοι</span> <span class='ocrx_word' id='word_1_383' title='bbox 2526 2191 2726 2254; x_wconf 71' lang='grc' dir='ltr'>ἰδόντες</span> <span class='ocrx_word' id='word_1_384' title='bbox 2756 2191 2855 2259; x_wconf 84' lang='grc' dir='ltr'>τὴν</span> <span class='ocrx_word' id='word_1_385' title='bbox 2897 2188 3184 2260; x_wconf 72' lang='grc' dir='ltr'>ἀκινησίαν</span> <span class='ocrx_word' id='word_1_386' title='bbox 3216 2188 3310 2241; x_wconf 88' lang='grc' dir='ltr'><strong>τοῦ</strong></span> <span class='ocrx_word' id='word_1_387' title='bbox 3338 2188 3545 2241; x_wconf 73' lang='grc' dir='ltr'>ἑαυτῶν</span> 
     </span>
    </p>
   </div>
   <div class='ocr_carea' id='block_1_51' title="bbox 1978 2278 3548 2353">
    <p class='ocr_par' dir='ltr' id='par_1_51' title="bbox 1978 2278 3548 2353">
     <span class='ocr_line' id='line_1_51' title="bbox 1978 2278 3548 2353; baseline -0.005 -16"><span class='ocrx_word' id='word_1_388' title='bbox 1978 2284 2215 2353; x_wconf 71' lang='grc' dir='ltr'>ἑταίρου,</span> <span class='ocrx_word' id='word_1_389' title='bbox 2264 2281 2512 2353; x_wconf 72' lang='grc' dir='ltr'>ἔρχονται</span> <span class='ocrx_word' id='word_1_390' title='bbox 2556 2280 2654 2333; x_wconf 70' lang='grc' dir='ltr'>καὶ</span> <span class='ocrx_word' id='word_1_391' title='bbox 2697 2280 2852 2334; x_wconf 75' lang='grc' dir='ltr'>αὐτοὶ</span> <span class='ocrx_word' id='word_1_392' title='bbox 2898 2278 3034 2350; x_wconf 85' lang='grc' dir='ltr'>πρὸς</span> <span class='ocrx_word' id='word_1_393' title='bbox 3066 2279 3404 2346; x_wconf 82' lang='grc' dir='ltr'>Ἐπιφάνιον,</span> <span class='ocrx_word' id='word_1_394' title='bbox 3451 2279 3548 2330; x_wconf 75' lang='grc' dir='ltr'>καὶ</span> 
     </span>
    </p>
   </div>
   <div class='ocr_carea' id='block_1_52' title="bbox 1979 2365 3547 2442">
    <p class='ocr_par' dir='ltr' id='par_1_52' title="bbox 1979 2365 3547 2442">
     <span class='ocr_line' id='line_1_52' title="bbox 1979 2365 3547 2442; baseline -0.003 -18"><span class='ocrx_word' id='word_1_395' title='bbox 1979 2372 2112 2442; x_wconf 88' lang='grc' dir='ltr'>πρὸς</span> <span class='ocrx_word' id='word_1_396' title='bbox 2144 2371 2235 2423; x_wconf 85' lang='grc' dir='ltr'><strong>τὸν</strong></span> <span class='ocrx_word' id='word_1_397' title='bbox 2261 2369 2439 2423; x_wconf 81' lang='grc' dir='ltr'>αὐτῶν</span> <span class='ocrx_word' id='word_1_398' title='bbox 2465 2368 2634 2438; x_wconf 81' lang='grc' dir='ltr'>φίλον.</span> <span class='ocrx_word' id='word_1_399' title='bbox 2671 2369 2782 2423; x_wconf 75' lang='grc' dir='ltr'><strong>Καὶ</strong></span> <span class='ocrx_word' id='word_1_400' title='bbox 2809 2368 2937 2430; x_wconf 79' lang='grc' dir='ltr'>ἴδον,</span> <span class='ocrx_word' id='word_1_401' title='bbox 2961 2368 3055 2421; x_wconf 74' lang='grc' dir='ltr'><strong>καὶ</strong></span> <span class='ocrx_word' id='word_1_402' title='bbox 3079 2367 3186 2421; x_wconf 79' lang='grc' dir='ltr'>ἰδοὺ</span> <span class='ocrx_word' id='word_1_403' title='bbox 3219 2369 3248 2421; x_wconf 92' lang='lat'><strong>6</strong></span> <span class='ocrx_word' id='word_1_404' title='bbox 3271 2365 3547 2437; x_wconf 81' lang='grc' dir='ltr'>ὀφθαλμὸς</span> 
     </span>
    </p>
   </div>
   <div class='ocr_carea' id='block_1_53' title="bbox 1979 2442 3551 2531">
    <p class='ocr_par' dir='ltr' id='par_1_53' title="bbox 1979 2442 3551 2531">
     <span class='ocr_line' id='line_1_53' title="bbox 1979 2442 3551 2531; baseline -0.004 -15"><span class='ocrx_word' id='word_1_405' title='bbox 1979 2462 2143 2516; x_wconf 80' lang='grc' dir='ltr'>αὐτοῦ</span> <span class='ocrx_word' id='word_1_406' title='bbox 2188 2464 2217 2515; x_wconf 92' lang='lat'><strong>6</strong></span> <span class='ocrx_word' id='word_1_407' title='bbox 2264 2461 2531 2524; x_wconf 77' lang='grc' dir='ltr'>κλεισθεὶς</span> <span class='ocrx_word' id='word_1_408' title='bbox 2581 2459 2943 2531; x_wconf 75' lang='grc' dir='ltr'>ἠνεῳγμένος,</span> <span class='ocrx_word' id='word_1_409' title='bbox 2976 2458 3069 2513; x_wconf 79' lang='grc' dir='ltr'>καὶ</span> <span class='ocrx_word' id='word_1_410' title='bbox 3109 2458 3315 2529; x_wconf 75' lang='grc' dir='ltr'>θάμθος</span> <span class='ocrx_word' id='word_1_411' title='bbox 3354 2442 3551 2529; x_wconf 59' lang='grc' dir='ltr'>ἔπεσεν</span> 
     </span>
    </p>
   </div>
   <div class='ocr_carea' id='block_1_54' title="bbox 1980 2548 3553 2625">
    <p class='ocr_par' dir='ltr' id='par_1_54' title="bbox 1980 2548 3553 2625">
     <span class='ocr_line' id='line_1_54' title="bbox 1980 2548 3553 2625; baseline -0.003 -18"><span class='ocrx_word' id='word_1_412' title='bbox 1980 2554 2067 2607; x_wconf 74' lang='grc' dir='ltr'><strong>ἐπ’</strong></span> <span class='ocrx_word' id='word_1_413' title='bbox 2089 2552 2524 2625; x_wconf 78' lang='grc' dir='ltr'>άμφοτέρους.ὀ</span> <span class='ocrx_word' id='word_1_414' title='bbox 2555 2548 2648 2607; x_wconf 79' lang='grc' dir='ltr'>οὖν</span> <span class='ocrx_word' id='word_1_415' title='bbox 2685 2551 2996 2621; x_wconf 80' lang='grc' dir='ltr'>Ἐπιφάνιος</span> <span class='ocrx_word' id='word_1_416' title='bbox 3037 2548 3164 2602; x_wconf 84' lang='grc' dir='ltr'>ίδὼν</span> <span class='ocrx_word' id='word_1_417' title='bbox 3197 2549 3394 2612; x_wconf 80' lang='grc' dir='ltr'>αὐτοὺς</span> <span class='ocrx_word' id='word_1_418' title='bbox 3424 2550 3553 2619; x_wconf 80' lang='grc' dir='ltr'>ἀδη-</span> 
     </span>
    </p>
   </div>
   <div class='ocr_carea' id='block_1_55' title="bbox 1984 2636 3555 2714">
    <p class='ocr_par' dir='ltr' id='par_1_55' title="bbox 1984 2636 3555 2714">
     <span class='ocr_line' id='line_1_55' title="bbox 1984 2636 3555 2714; baseline -0.004 -17"><span class='ocrx_word' id='word_1_419' title='bbox 1984 2643 2294 2714; x_wconf 85' lang='grc' dir='ltr'>μονοῦντας,</span> <span class='ocrx_word' id='word_1_420' title='bbox 2313 2644 2540 2713; x_wconf 78' lang='grc' dir='ltr'>συνῆρεν</span> <span class='ocrx_word' id='word_1_421' title='bbox 2567 2642 2645 2712; x_wconf 80' lang='grc' dir='ltr'><strong>(α)</strong></span> <span class='ocrx_word' id='word_1_422' title='bbox 2676 2642 2863 2710; x_wconf 77' lang='grc' dir='ltr'>λόγους</span> <span class='ocrx_word' id='word_1_423' title='bbox 2885 2640 3021 2712; x_wconf 82' lang='grc' dir='ltr'>πρὸς</span> <span class='ocrx_word' id='word_1_424' title='bbox 3051 2637 3266 2701; x_wconf 77' lang='grc' dir='ltr'>αὐτούς.</span> <span class='ocrx_word' id='word_1_425' title='bbox 3298 2638 3364 2691; x_wconf 82' lang='lat' dir='ltr'><strong>0i</strong></span> <span class='ocrx_word' id='word_1_426' title='bbox 3387 2637 3445 2691; x_wconf 74' lang='grc' dir='ltr'>δὲ</span> <span class='ocrx_word' id='word_1_427' title='bbox 3462 2636 3555 2691; x_wconf 83' lang='grc' dir='ltr'><strong>διά</strong></span> 
     </span>
    </p>
   </div>
   <div class='ocr_carea' id='block_1_56' title="bbox 1979 2728 3554 2803">
    <p class='ocr_par' dir='ltr' id='par_1_56' title="bbox 1979 2728 3554 2803">
     <span class='ocr_line' id='line_1_56' title="bbox 1979 2728 3554 2803; baseline -0.006 -14"><span class='ocrx_word' id='word_1_428' title='bbox 1979 2735 2088 2789; x_wconf 87' lang='grc' dir='ltr'><strong>τῶν</strong></span> <span class='ocrx_word' id='word_1_429' title='bbox 2118 2734 2290 2803; x_wconf 74' lang='grc' dir='ltr'>λόγων</span> <span class='ocrx_word' id='word_1_430' title='bbox 2322 2732 2639 2802; x_wconf 81' lang='grc' dir='ltr'>Ἐπιφανίου</span> <span class='ocrx_word' id='word_1_431' title='bbox 2668 2734 2726 2785; x_wconf 82' lang='grc' dir='ltr'>ἐν</span> <span class='ocrx_word' id='word_1_432' title='bbox 2747 2730 3077 2784; x_wconf 79' lang='grc' dir='ltr'>καταστάσει</span> <span class='ocrx_word' id='word_1_433' title='bbox 3105 2728 3368 2790; x_wconf 69' lang='grc' dir='ltr'>ἐλθόντες,</span> <span class='ocrx_word' id='word_1_434' title='bbox 3395 2743 3554 2797; x_wconf 73' lang='grc' dir='ltr'>ρετα-</span> 
     </span>
    </p>
   </div>
   <div class='ocr_carea' id='block_1_57' title="bbox 1980 2814 3555 2895">
    <p class='ocr_par' dir='ltr' id='par_1_57' title="bbox 1980 2814 3555 2895">
     <span class='ocr_line' id='line_1_57' title="bbox 1980 2814 3555 2895; baseline -0.006 -17"><span class='ocrx_word' id='word_1_435' title='bbox 1980 2825 2297 2895; x_wconf 84' lang='grc' dir='ltr'>6αλλόμενοι</span> <span class='ocrx_word' id='word_1_436' title='bbox 2331 2823 2514 2893; x_wconf 69' lang='grc' dir='ltr'>ελεγον</span> <span class='ocrx_word' id='word_1_437' title='bbox 2558 2820 2722 2876; x_wconf 82' lang='grc' dir='ltr'>αὑτὸν</span> <span class='ocrx_word' id='word_1_438' title='bbox 2763 2821 2899 2873; x_wconf 83' lang='grc' dir='ltr'>Θεὸν</span> <span class='ocrx_word' id='word_1_439' title='bbox 2938 2814 3107 2873; x_wconf 76' lang='grc' dir='ltr'>εἶναι·</span> <span class='ocrx_word' id='word_1_440' title='bbox 3151 2819 3245 2872; x_wconf 74' lang='grc' dir='ltr'>καὶ</span> <span class='ocrx_word' id='word_1_441' title='bbox 3292 2816 3414 2887; x_wconf 84' lang='grc' dir='ltr'>βίαν</span> <span class='ocrx_word' id='word_1_442' title='bbox 3459 2817 3555 2869; x_wconf 73' lang='grc' dir='ltr'>επ-</span> 
     </span>
    </p>
   </div>
   <div class='ocr_carea' id='block_1_58' title="bbox 1980 2902 3557 2983">
    <p class='ocr_par' dir='ltr' id='par_1_58' title="bbox 1980 2902 3557 2983">
     <span class='ocr_line' id='line_1_58' title="bbox 1980 2902 3557 2983; baseline -0.006 -16"><span class='ocrx_word' id='word_1_443' title='bbox 1980 2913 2302 2983; x_wconf 80' lang='grc' dir='ltr'>ενέγκαντες</span> <span class='ocrx_word' id='word_1_444' title='bbox 2329 2902 2523 2982; x_wconf 69' lang='grc' dir='ltr'>τούτῳ,</span> <span class='ocrx_word' id='word_1_445' title='bbox 2548 2905 2727 2965; x_wconf 77' lang='grc' dir='ltr'>εἷλκον</span> <span class='ocrx_word' id='word_1_446' title='bbox 2770 2909 2934 2964; x_wconf 79' lang='grc' dir='ltr'>αὑτὸν</span> <span class='ocrx_word' id='word_1_447' title='bbox 2973 2907 3091 2979; x_wconf 85' lang='grc' dir='ltr'>μεθ’</span> <span class='ocrx_word' id='word_1_448' title='bbox 3124 2906 3333 2961; x_wconf 77' lang='grc' dir='ltr'>ἑαυτῶν</span> <span class='ocrx_word' id='word_1_449' title='bbox 3374 2905 3557 2974; x_wconf 69' lang='grc' dir='ltr'>λέγον»</span> 
     </span>
    </p>
   </div>
   <div class='ocr_carea' id='block_1_59' title="bbox 1981 2997 3556 3074">
    <p class='ocr_par' dir='ltr' id='par_1_59' title="bbox 1981 2997 3556 3074">
     <span class='ocr_line' id='line_1_59' title="bbox 1981 2997 3556 3074; baseline -0.006 -15"><span class='ocrx_word' id='word_1_450' title='bbox 1981 3020 2102 3069; x_wconf 73' lang='grc' dir='ltr'>τεςο</span> <span class='ocrx_word' id='word_1_451' title='bbox 2135 3004 2208 3058; x_wconf 81' lang='grc' dir='ltr'><strong>Σὺ</strong></span> <span class='ocrx_word' id='word_1_452' title='bbox 2235 3000 2285 3057; x_wconf 75' lang='grc' dir='ltr'>εἴ</span> <span class='ocrx_word' id='word_1_453' title='bbox 2314 3005 2344 3056; x_wconf 91' lang='lat'><strong>6</strong></span> <span class='ocrx_word' id='word_1_454' title='bbox 2371 3002 2504 3067; x_wconf 83' lang='grc' dir='ltr'>Θεὸς</span> <span class='ocrx_word' id='word_1_455' title='bbox 2530 3004 2563 3073; x_wconf 78' lang='grc' dir='ltr'><strong>η</strong></span> <span class='ocrx_word' id='word_1_456' title='bbox 2572 3001 2687 3074; x_wconf 82' lang='grc' dir='ltr'><strong>μῶν</strong></span> <span class='ocrx_word' id='word_1_457' title='bbox 2706 3019 2720 3032; x_wconf 93' lang='grc'><strong>·</strong></span> <span class='ocrx_word' id='word_1_458' title='bbox 2746 2999 3029 3054; x_wconf 83' lang='grc' dir='ltr'>ἀκολούθει</span> <span class='ocrx_word' id='word_1_459' title='bbox 3059 3000 3212 3070; x_wconf 76' lang='grc' dir='ltr'>ἡμῖν,</span> <span class='ocrx_word' id='word_1_460' title='bbox 3239 2999 3334 3052; x_wconf 79' lang='grc' dir='ltr'>καὶ</span> <span class='ocrx_word' id='word_1_461' title='bbox 3361 2997 3556 3051; x_wconf 84' lang='grc' dir='ltr'>διάσω-</span> 
     </span>
    </p>
   </div>
   <div class='ocr_carea' id='block_1_60' title="bbox 313 3063 1876 3167">
    <p class='ocr_par' dir='ltr' id='par_1_60' title="bbox 313 3083 1876 3155">
     <span class='ocr_line' id='line_1_60' title="bbox 313 3083 1876 3155; baseline -0.003 -12"><span class='ocrx_word' id='word_1_462' title='bbox 313 3087 450 3143; x_wconf 86' lang='lat' dir='ltr'><strong>Cum</strong></span> <span class='ocrx_word' id='word_1_463' title='bbox 478 3087 740 3143; x_wconf 87' lang='lat' dir='ltr'><strong>vidissent</strong></span> <span class='ocrx_word' id='word_1_464' title='bbox 770 3100 898 3141; x_wconf 87' lang='lat' dir='ltr'><strong>vero</strong></span> <span class='ocrx_word' id='word_1_465' title='bbox 942 3101 1002 3140; x_wconf 88' lang='lat' dir='ltr'><strong>se</strong></span> <span class='ocrx_word' id='word_1_466' title='bbox 1038 3085 1158 3155; x_wconf 86' lang='lat' dir='ltr'><strong>ejus</strong></span> <span class='ocrx_word' id='word_1_467' title='bbox 1182 3083 1648 3140; x_wconf 81' lang='lat' dir='ltr'><strong>admonitionibus</strong></span> <span class='ocrx_word' id='word_1_468' title='bbox 1681 3083 1876 3138; x_wconf 90' lang='lat' dir='ltr'><strong>adduci</strong></span> 
     </span>
    </p>
   </div>
   <div class='ocr_carea' id='block_1_61' title="bbox 1980 3063 3554 3167">
    <p class='ocr_par' dir='ltr' id='par_1_61' title="bbox 1982 3063 3554 3167">
     <span class='ocr_line' id='line_1_61' title="bbox 1982 3063 3554 3167; baseline -0.006 -18"><span class='ocrx_word' id='word_1_469' title='bbox 1982 3063 2223 3167; x_wconf 46' lang='lat' dir='ltr'><strong>{eam</strong></span> <span class='ocrx_word' id='word_1_470' title='bbox 2270 3094 2378 3149; x_wconf 89' lang='grc' dir='ltr'><strong>ἀπὸ</strong></span> <span class='ocrx_word' id='word_1_471' title='bbox 2644 3091 2764 3163; x_wconf 88' lang='grc' dir='ltr'>βίας</span> <span class='ocrx_word' id='word_1_472' title='bbox 2794 3092 2915 3146; x_wconf 76' lang='grc' dir='ltr'>’τῶν</span> <span class='ocrx_word' id='word_1_473' title='bbox 2947 3063 3384 3161; x_wconf 68' lang='grc' dir='ltr'>ἐπεγειρομένων</span> <span class='ocrx_word' id='word_1_474' title='bbox 3426 3087 3554 3141; x_wconf 85' lang='grc' dir='ltr'>καθ’</span> 
     </span>
    </p>
   </div>
   <div class='ocr_carea' id='block_1_62' title="bbox 316 3172 1875 3246">
    <p class='ocr_par' dir='ltr' id='par_1_62' title="bbox 316 3172 1875 3246">
     <span class='ocr_line' id='line_1_62' title="bbox 316 3172 1875 3246; baseline -0.004 -13"><span class='ocrx_word' id='word_1_475' title='bbox 316 3179 370 3233; x_wconf 89' lang='lat' dir='ltr'><strong>in</strong></span> <span class='ocrx_word' id='word_1_476' title='bbox 395 3178 696 3246; x_wconf 83' lang='lat' dir='ltr'><strong>angustias,</strong></span> <span class='ocrx_word' id='word_1_477' title='bbox 722 3189 912 3232; x_wconf 85' lang='lat' dir='ltr'><strong>omnes</strong></span> <span class='ocrx_word' id='word_1_478' title='bbox 959 3188 1065 3229; x_wconf 87' lang='lat' dir='ltr'><strong>uno</strong></span> <span class='ocrx_word' id='word_1_479' title='bbox 1091 3174 1274 3228; x_wconf 89' lang='lat' dir='ltr'><strong>animo</strong></span> <span class='ocrx_word' id='word_1_480' title='bbox 1307 3172 1427 3244; x_wconf 85' lang='lat' dir='ltr'><strong>ejus</strong></span> <span class='ocrx_word' id='word_1_481' title='bbox 1455 3173 1679 3243; x_wconf 89' lang='lat' dir='ltr'><strong>pedibus</strong></span> <span class='ocrx_word' id='word_1_482' title='bbox 1710 3172 1875 3228; x_wconf 86' lang='lat' dir='ltr'><strong>devo-</strong></span> 
     </span>
    </p>
   </div>
   <div class='ocr_carea' id='block_1_63' title="bbox 313 3262 1879 3339">
    <p class='ocr_par' dir='ltr' id='par_1_63' title="bbox 313 3262 1879 3339">
     <span class='ocr_line' id='line_1_63' title="bbox 313 3262 1879 3339; baseline -0.004 -15"><span class='ocrx_word' id='word_1_483' title='bbox 313 3269 409 3325; x_wconf 87' lang='lat' dir='ltr'><strong>luti</strong></span> <span class='ocrx_word' id='word_1_484' title='bbox 457 3269 742 3339; x_wconf 81' lang='lat' dir='ltr'><strong>petierunt,</strong></span> <span class='ocrx_word' id='word_1_485' title='bbox 774 3276 833 3321; x_wconf 89' lang='lat' dir='ltr'><strong>ut</strong></span> <span class='ocrx_word' id='word_1_486' title='bbox 864 3267 921 3320; x_wconf 93' lang='lat' dir='ltr'><strong>in</strong></span> <span class='ocrx_word' id='word_1_487' title='bbox 957 3281 1115 3322; x_wconf 87' lang='lat' dir='ltr'><strong>suum</strong></span> <span class='ocrx_word' id='word_1_488' title='bbox 1144 3265 1321 3320; x_wconf 78' lang='lat' dir='ltr'><strong>locum</strong></span> <span class='ocrx_word' id='word_1_489' title='bbox 1358 3274 1739 3320; x_wconf 74' lang='lat' dir='ltr'><strong>reverteretur.</strong></span> <span class='ocrx_word' id='word_1_490' title='bbox 1771 3262 1879 3330; x_wconf 86' lang='lat' dir='ltr'><strong>Qui</strong></span> 
     </span>
    </p>
   </div>
   <div class='ocr_carea' id='block_1_64' title="bbox 309 3353 1880 3424">
    <p class='ocr_par' dir='ltr' id='par_1_64' title="bbox 309 3353 1880 3424">
     <span class='ocr_line' id='line_1_64' title="bbox 309 3353 1880 3424; baseline -0.002 -13"><span class='ocrx_word' id='word_1_491' title='bbox 309 3372 438 3412; x_wconf 87' lang='lat' dir='ltr'><strong>cum</strong></span> <span class='ocrx_word' id='word_1_492' title='bbox 464 3372 652 3410; x_wconf 88' lang='lat' dir='ltr'><strong>eorum</strong></span> <span class='ocrx_word' id='word_1_493' title='bbox 679 3356 907 3410; x_wconf 84' lang='lat' dir='ltr'><strong>auribus</strong></span> <span class='ocrx_word' id='word_1_494' title='bbox 938 3353 1204 3409; x_wconf 80' lang='lat' dir='ltr'><strong>maximas</strong></span> <span class='ocrx_word' id='word_1_495' title='bbox 1250 3354 1522 3424; x_wconf 86' lang='lat' dir='ltr'><strong>ingereret</strong></span> <span class='ocrx_word' id='word_1_496' title='bbox 1551 3353 1880 3409; x_wconf 86' lang='lat' dir='ltr'><strong>admonitio-</strong></span> 
     </span>
    </p>
   </div>
   <div class='ocr_carea' id='block_1_65' title="bbox 315 3444 1877 3511">
    <p class='ocr_par' dir='ltr' id='par_1_65' title="bbox 315 3444 1877 3511">
     <span class='ocr_line' id='line_1_65' title="bbox 315 3444 1877 3511; baseline -0.002 -9"><span class='ocrx_word' id='word_1_497' title='bbox 315 3463 436 3511; x_wconf 90' lang='lat' dir='ltr'><strong>nes,</strong></span> <span class='ocrx_word' id='word_1_498' title='bbox 464 3446 650 3501; x_wconf 87' lang='lat' dir='ltr'><strong>dicens</strong></span> <span class='ocrx_word' id='word_1_499' title='bbox 679 3464 695 3500; x_wconf 90' lang='lat'><strong>:</strong></span> <span class='ocrx_word' id='word_1_500' title='bbox 723 3444 841 3501; x_wconf 83' lang='lat' dir='ltr'><strong>Nisi</strong></span> <span class='ocrx_word' id='word_1_501' title='bbox 868 3446 939 3501; x_wconf 89' lang='lat' dir='ltr'><strong>ab</strong></span> <span class='ocrx_word' id='word_1_502' title='bbox 981 3446 1048 3500; x_wconf 89' lang='lat' dir='ltr'><strong>iis</strong></span> <span class='ocrx_word' id='word_1_503' title='bbox 1077 3444 1466 3509; x_wconf 86' lang='lat' dir='ltr'><strong>abstinueritis,</strong></span> <span class='ocrx_word' id='word_1_504' title='bbox 1494 3459 1601 3498; x_wconf 88' lang='lat' dir='ltr'><strong>non</strong></span> <span class='ocrx_word' id='word_1_505' title='bbox 1636 3446 1792 3500; x_wconf 87' lang='lat' dir='ltr'><strong>eritis</strong></span> <span class='ocrx_word' id='word_1_506' title='bbox 1821 3444 1877 3499; x_wconf 91' lang='lat' dir='ltr'><strong>in</strong></span> 
     </span>
    </p>
   </div>
   <div class='ocr_carea' id='block_1_66' title="bbox 318 3534 1879 3605">
    <p class='ocr_par' dir='ltr' id='par_1_66' title="bbox 318 3534 1879 3605">
     <span class='ocr_line' id='line_1_66' title="bbox 318 3534 1879 3605; baseline -0.001 -14"><span class='ocrx_word' id='word_1_507' title='bbox 318 3537 420 3593; x_wconf 86' lang='lat' dir='ltr'><strong>hac</strong></span> <span class='ocrx_word' id='word_1_508' title='bbox 444 3538 555 3591; x_wconf 87' lang='lat' dir='ltr'><strong>vita</strong></span> <span class='ocrx_word' id='word_1_509' title='bbox 585 3536 770 3592; x_wconf 80' lang='lat' dir='ltr'><strong>felices</strong></span> <span class='ocrx_word' id='word_1_510' title='bbox 806 3555 819 3590; x_wconf 89' lang='lat'><strong>:</strong></span> <span class='ocrx_word' id='word_1_511' title='bbox 851 3545 1175 3605; x_wconf 89' lang='lat' dir='ltr'><strong>acceperunt</strong></span> <span class='ocrx_word' id='word_1_512' title='bbox 1200 3551 1344 3600; x_wconf 75' lang='lat' dir='ltr'><strong>etnn,</strong></span> <span class='ocrx_word' id='word_1_513' title='bbox 1376 3545 1430 3589; x_wconf 77' lang='lat' dir='ltr'><strong>ct</strong></span> <span class='ocrx_word' id='word_1_514' title='bbox 1459 3536 1801 3589; x_wconf 78' lang='lat' dir='ltr'><strong>deduxerunt</strong></span> <span class='ocrx_word' id='word_1_515' title='bbox 1822 3534 1879 3589; x_wconf 92' lang='lat' dir='ltr'><strong>in</strong></span> 
     </span>
    </p>
   </div>
   <div class='ocr_carea' id='block_1_67' title="bbox 316 3625 1878 3698">
    <p class='ocr_par' dir='ltr' id='par_1_67' title="bbox 316 3625 1878 3698">
     <span class='ocr_line' id='line_1_67' title="bbox 316 3625 1878 3698; baseline -0.002 -15"><span class='ocrx_word' id='word_1_516' title='bbox 316 3627 514 3696; x_wconf 69' lang='lat' dir='ltr'><strong>locum,</strong></span> <span class='ocrx_word' id='word_1_517' title='bbox 543 3630 596 3683; x_wconf 91' lang='lat' dir='ltr'><strong>in</strong></span> <span class='ocrx_word' id='word_1_518' title='bbox 648 3643 760 3698; x_wconf 91' lang='lat' dir='ltr'><strong>quo</strong></span> <span class='ocrx_word' id='word_1_519' title='bbox 807 3627 1109 3682; x_wconf 84' lang='lat' dir='ltr'><strong>habitabat.</strong></span> <span class='ocrx_word' id='word_1_520' title='bbox 1145 3625 1388 3694; x_wconf 85' lang='lat' dir='ltr'><strong>Cumque</strong></span> <span class='ocrx_word' id='word_1_521' title='bbox 1416 3627 1466 3681; x_wconf 90' lang='lat' dir='ltr'><strong>ei</strong></span> <span class='ocrx_word' id='word_1_522' title='bbox 1496 3641 1595 3681; x_wconf 93' lang='lat' dir='ltr'><strong>sua</strong></span> <span class='ocrx_word' id='word_1_523' title='bbox 1635 3640 1798 3695; x_wconf 83' lang='lat' dir='ltr'><strong>opera</strong></span> <span class='ocrx_word' id='word_1_524' title='bbox 1826 3633 1878 3680; x_wconf 88' lang='lat' dir='ltr'><strong>et</strong></span> 
     </span>
    </p>
   </div>
   <div class='ocr_carea' id='block_1_68' title="bbox 316 3715 1877 3786">
    <p class='ocr_par' dir='ltr' id='par_1_68' title="bbox 316 3715 1877 3786">
     <span class='ocr_line' id='line_1_68' title="bbox 316 3715 1877 3786; baseline -0.001 -13"><span class='ocrx_word' id='word_1_525' title='bbox 316 3718 616 3774; x_wconf 86' lang='lat' dir='ltr'><strong>ministerio</strong></span> <span class='ocrx_word' id='word_1_526' title='bbox 638 3719 859 3774; x_wconf 89' lang='lat' dir='ltr'><strong>domum</strong></span> <span class='ocrx_word' id='word_1_527' title='bbox 893 3716 1272 3779; x_wconf 69' lang='lat' dir='ltr'><strong>aedilicassent,</strong></span> <span class='ocrx_word' id='word_1_528' title='bbox 1303 3726 1358 3770; x_wconf 82' lang='lat' dir='ltr'><strong>et</strong></span> <span class='ocrx_word' id='word_1_529' title='bbox 1387 3731 1511 3771; x_wconf 88' lang='lat' dir='ltr'><strong>eum</strong></span> <span class='ocrx_word' id='word_1_530' title='bbox 1549 3716 1728 3770; x_wconf 88' lang='lat' dir='ltr'><strong>valere</strong></span> <span class='ocrx_word' id='word_1_531' title='bbox 1755 3715 1877 3786; x_wconf 87' lang='lat' dir='ltr'><strong>jus-</strong></span> 
     </span>
    </p>
   </div>
   <div class='ocr_carea' id='block_1_69' title="bbox 316 3803 1879 3875">
    <p class='ocr_par' dir='ltr' id='par_1_69' title="bbox 316 3803 1879 3875">
     <span class='ocr_line' id='line_1_69' title="bbox 316 3803 1879 3875; baseline -0.003 -11"><span class='ocrx_word' id='word_1_532' title='bbox 316 3808 540 3873; x_wconf 88' lang='lat' dir='ltr'><strong>sissent,</strong></span> <span class='ocrx_word' id='word_1_533' title='bbox 580 3823 772 3864; x_wconf 87' lang='lat' dir='ltr'><strong>omnes</strong></span> <span class='ocrx_word' id='word_1_534' title='bbox 819 3807 1073 3862; x_wconf 83' lang='lat' dir='ltr'><strong>abierunt</strong></span> <span class='ocrx_word' id='word_1_535' title='bbox 1117 3807 1171 3860; x_wconf 91' lang='lat' dir='ltr'><strong>in</strong></span> <span class='ocrx_word' id='word_1_536' title='bbox 1215 3820 1366 3875; x_wconf 82' lang='lat' dir='ltr'><strong>pace.</strong></span> <span class='ocrx_word' id='word_1_537' title='bbox 1399 3803 1515 3874; x_wconf 88' lang='lat' dir='ltr'><strong>Ego</strong></span> <span class='ocrx_word' id='word_1_538' title='bbox 1555 3814 1758 3871; x_wconf 81' lang='lat' dir='ltr'><strong>autem,</strong></span> <span class='ocrx_word' id='word_1_539' title='bbox 1785 3805 1879 3875; x_wconf 90' lang='lat' dir='ltr'><strong>qui</strong></span> 
     </span>
    </p>
   </div>
   <div class='ocr_carea' id='block_1_70' title="bbox 314 3894 1878 3966">
    <p class='ocr_par' dir='ltr' id='par_1_70' title="bbox 314 3894 1878 3966">
     <span class='ocr_line' id='line_1_70' title="bbox 314 3894 1878 3966; baseline -0.002 -14"><span class='ocrx_word' id='word_1_540' title='bbox 314 3913 458 3954; x_wconf 86' lang='lat' dir='ltr'><strong>cram</strong></span> <span class='ocrx_word' id='word_1_541' title='bbox 493 3915 633 3954; x_wconf 85' lang='lat' dir='ltr'><strong>unus</strong></span> <span class='ocrx_word' id='word_1_542' title='bbox 683 3912 747 3953; x_wconf 83' lang='lat' dir='ltr'><strong>ex</strong></span> <span class='ocrx_word' id='word_1_543' title='bbox 795 3897 950 3966; x_wconf 85' lang='lat' dir='ltr'><strong>ipsis,</strong></span> <span class='ocrx_word' id='word_1_544' title='bbox 979 3895 1155 3951; x_wconf 87' lang='lat' dir='ltr'><strong>mansi</strong></span> <span class='ocrx_word' id='word_1_545' title='bbox 1187 3910 1310 3950; x_wconf 90' lang='lat' dir='ltr'><strong>cum</strong></span> <span class='ocrx_word' id='word_1_546' title='bbox 1355 3894 1677 3964; x_wconf 83' lang='lat' dir='ltr'><strong>Epiphanio,</strong></span> <span class='ocrx_word' id='word_1_547' title='bbox 1711 3895 1780 3949; x_wconf 90' lang='lat' dir='ltr'><strong>ab</strong></span> <span class='ocrx_word' id='word_1_548' title='bbox 1812 3910 1878 3949; x_wconf 80' lang='lat' dir='ltr'><strong>eo</strong></span> 
     </span>
    </p>
   </div>
   <div class='ocr_carea' id='block_1_71' title="bbox 316 3985 1879 4063">
    <p class='ocr_par' dir='ltr' id='par_1_71' title="bbox 316 3985 1879 4063">
     <span class='ocr_line' id='line_1_71' title="bbox 316 3985 1879 4063; baseline 0.001 -22"><span class='ocrx_word' id='word_1_549' title='bbox 316 3988 593 4044; x_wconf 88' lang='lat' dir='ltr'><strong>institutus</strong></span> <span class='ocrx_word' id='word_1_550' title='bbox 622 3987 679 4042; x_wconf 91' lang='lat' dir='ltr'><strong>in</strong></span> <span class='ocrx_word' id='word_1_551' title='bbox 705 3988 870 4043; x_wconf 85' lang='lat' dir='ltr'><strong>verbo</strong></span> <span class='ocrx_word' id='word_1_552' title='bbox 896 3986 1155 4043; x_wconf 79' lang='lat' dir='ltr'><strong>veritatis.</strong></span> <span class='ocrx_word' id='word_1_553' title='bbox 1189 3985 1325 4041; x_wconf 90' lang='lat' dir='ltr'><strong>Cum</strong></span> <span class='ocrx_word' id='word_1_554' title='bbox 1372 3995 1550 4041; x_wconf 88' lang='lat' dir='ltr'><strong>autem</strong></span> <span class='ocrx_word' id='word_1_555' title='bbox 1586 3987 1879 4063; x_wconf 67' lang='lat' dir='ltr'><strong>praeteriis-</strong></span> 
     </span>
    </p>
   </div>
   <div class='ocr_carea' id='block_1_72' title="bbox 314 4075 1879 4147">
    <p class='ocr_par' dir='ltr' id='par_1_72' title="bbox 314 4075 1879 4147">
     <span class='ocr_line' id='line_1_72' title="bbox 314 4075 1879 4147; baseline -0.001 -14"><span class='ocrx_word' id='word_1_556' title='bbox 314 4090 394 4134; x_wconf 87' lang='lat' dir='ltr'><strong>set</strong></span> <span class='ocrx_word' id='word_1_557' title='bbox 426 4089 636 4147; x_wconf 90' lang='lat' dir='ltr'><strong>tempus</strong></span> <span class='ocrx_word' id='word_1_558' title='bbox 664 4094 759 4133; x_wconf 76' lang='lat' dir='ltr'><strong>sex</strong></span> <span class='ocrx_word' id='word_1_559' title='bbox 790 4078 1085 4139; x_wconf 89' lang='lat' dir='ltr'><strong>mensium,</strong></span> <span class='ocrx_word' id='word_1_560' title='bbox 1119 4090 1207 4130; x_wconf 88' lang='lat' dir='ltr'><strong>me</strong></span> <span class='ocrx_word' id='word_1_561' title='bbox 1235 4075 1443 4143; x_wconf 84' lang='lat' dir='ltr'><strong>accepit</strong></span> <span class='ocrx_word' id='word_1_562' title='bbox 1469 4075 1578 4141; x_wconf 81' lang='lat' dir='ltr'><strong>ille,</strong></span> <span class='ocrx_word' id='word_1_563' title='bbox 1609 4085 1664 4130; x_wconf 91' lang='lat' dir='ltr'><strong>et</strong></span> <span class='ocrx_word' id='word_1_564' title='bbox 1679 4077 1879 4131; x_wconf 89' lang='lat' dir='ltr'><strong>ivimus</strong></span> 
     </span>
    </p>
   </div>
   <div class='ocr_carea' id='block_1_73' title="bbox 313 4164 1880 4235">
    <p class='ocr_par' dir='ltr' id='par_1_73' title="bbox 313 4164 1880 4235">
     <span class='ocr_line' id='line_1_73' title="bbox 313 4164 1880 4235; baseline 0 -13"><span class='ocrx_word' id='word_1_565' title='bbox 313 4169 365 4222; x_wconf 88' lang='lat' dir='ltr'><strong>in</strong></span> <span class='ocrx_word' id='word_1_566' title='bbox 393 4167 782 4223; x_wconf 87' lang='lat' dir='ltr'><strong>monasterium</strong></span> <span class='ocrx_word' id='word_1_567' title='bbox 810 4166 991 4235; x_wconf 89' lang='lat' dir='ltr'><strong>magni</strong></span> <span class='ocrx_word' id='word_1_568' title='bbox 1037 4164 1349 4220; x_wconf 80' lang='lat' dir='ltr'><strong>Hilarionis.</strong></span> <span class='ocrx_word' id='word_1_569' title='bbox 1378 4164 1515 4219; x_wconf 85' lang='lat' dir='ltr'><strong>Cum</strong></span> <span class='ocrx_word' id='word_1_570' title='bbox 1542 4180 1673 4221; x_wconf 89' lang='lat' dir='ltr'><strong>vero</strong></span> <span class='ocrx_word' id='word_1_571' title='bbox 1713 4167 1880 4222; x_wconf 82' lang='lat' dir='ltr'><strong>vidis-</strong></span> 
     </span>
    </p>
   </div>
   <div class='ocr_carea' id='block_1_74' title="bbox 312 4254 1875 4326">
    <p class='ocr_par' dir='ltr' id='par_1_74' title="bbox 312 4254 1875 4326">
     <span class='ocr_line' id='line_1_74' title="bbox 312 4254 1875 4326; baseline -0.001 -13"><span class='ocrx_word' id='word_1_572' title='bbox 312 4267 433 4314; x_wconf 89' lang='lat' dir='ltr'><strong>sent</strong></span> <span class='ocrx_word' id='word_1_573' title='bbox 460 4255 821 4326; x_wconf 80' lang='lat' dir='ltr'><strong>Epiphaniam</strong></span> <span class='ocrx_word' id='word_1_574' title='bbox 852 4270 1040 4311; x_wconf 86' lang='lat' dir='ltr'><strong>omnes</strong></span> <span class='ocrx_word' id='word_1_575' title='bbox 1074 4255 1290 4319; x_wconf 87' lang='lat' dir='ltr'><strong>fratres,</strong></span> <span class='ocrx_word' id='word_1_576' title='bbox 1320 4269 1516 4324; x_wconf 89' lang='lat' dir='ltr'><strong>magno</strong></span> <span class='ocrx_word' id='word_1_577' title='bbox 1541 4265 1671 4311; x_wconf 90' lang='lat' dir='ltr'><strong>sunt</strong></span> <span class='ocrx_word' id='word_1_578' title='bbox 1695 4254 1875 4312; x_wconf 80' lang='lat' dir='ltr'><strong>affecti</strong></span> 
     </span>
    </p>
   </div>
   <div class='ocr_carea' id='block_1_75' title="bbox 312 4346 1877 4420">
    <p class='ocr_par' dir='ltr' id='par_1_75' title="bbox 312 4346 1877 4420">
     <span class='ocr_line' id='line_1_75' title="bbox 312 4346 1877 4420; baseline 0.001 -16"><span class='ocrx_word' id='word_1_579' title='bbox 312 4349 527 4420; x_wconf 81' lang='lat' dir='ltr'><strong>gaudio.</strong></span> <span class='ocrx_word' id='word_1_580' title='bbox 563 4346 629 4401; x_wconf 85' lang='lat' dir='ltr'><strong>Et</strong></span> <span class='ocrx_word' id='word_1_581' title='bbox 661 4347 961 4403; x_wconf 85' lang='lat' dir='ltr'><strong>mansimus</strong></span> <span class='ocrx_word' id='word_1_582' title='bbox 991 4347 1206 4417; x_wconf 83' lang='lat' dir='ltr'><strong>quidem</strong></span> <span class='ocrx_word' id='word_1_583' title='bbox 1234 4355 1341 4401; x_wconf 87' lang='lat' dir='ltr'><strong>tres</strong></span> <span class='ocrx_word' id='word_1_584' title='bbox 1373 4346 1490 4402; x_wconf 90' lang='lat' dir='ltr'><strong>dies</strong></span> <span class='ocrx_word' id='word_1_585' title='bbox 1519 4346 1575 4400; x_wconf 91' lang='lat' dir='ltr'><strong>in</strong></span> <span class='ocrx_word' id='word_1_586' title='bbox 1600 4357 1877 4405; x_wconf 86' lang='lat' dir='ltr'><strong>monaste-</strong></span> 
     </span>
    </p>
   </div>
   <div class='ocr_carea' id='block_1_76' title="bbox 314 4435 1873 4508">
    <p class='ocr_par' dir='ltr' id='par_1_76' title="bbox 314 4435 1873 4508">
     <span class='ocr_line' id='line_1_76' title="bbox 314 4435 1873 4508; baseline -0.001 -14"><span class='ocrx_word' id='word_1_587' title='bbox 314 4442 397 4495; x_wconf 87' lang='lat' dir='ltr'><strong>rio</strong></span> <span class='ocrx_word' id='word_1_588' title='bbox 425 4458 437 4494; x_wconf 91' lang='lat'><strong>:</strong></span> <span class='ocrx_word' id='word_1_589' title='bbox 468 4439 784 4508; x_wconf 85' lang='lat' dir='ltr'><strong>rogavitque</strong></span> <span class='ocrx_word' id='word_1_590' title='bbox 833 4436 1170 4507; x_wconf 83' lang='lat' dir='ltr'><strong>Epiphanius</strong></span> <span class='ocrx_word' id='word_1_591' title='bbox 1210 4451 1466 4507; x_wconf 82' lang='lat' dir='ltr'><strong>magnum</strong></span> <span class='ocrx_word' id='word_1_592' title='bbox 1516 4435 1873 4507; x_wconf 83' lang='lat' dir='ltr'><strong>Hilarionem,</strong></span> 
     </span>
    </p>
   </div>
   <div class='ocr_carea' id='block_1_77' title="bbox 314 4526 1881 4599">
    <p class='ocr_par' dir='ltr' id='par_1_77' title="bbox 314 4526 1881 4599">
     <span class='ocr_line' id='line_1_77' title="bbox 314 4526 1881 4599; baseline -0.001 -14"><span class='ocrx_word' id='word_1_593' title='bbox 314 4540 374 4585; x_wconf 86' lang='lat' dir='ltr'><strong>ut</strong></span> <span class='ocrx_word' id='word_1_594' title='bbox 417 4529 546 4584; x_wconf 84' lang='lat' dir='ltr'><strong>mihi</strong></span> <span class='ocrx_word' id='word_1_595' title='bbox 580 4528 735 4583; x_wconf 88' lang='lat' dir='ltr'><strong>daret</strong></span> <span class='ocrx_word' id='word_1_596' title='bbox 776 4529 833 4582; x_wconf 89' lang='lat' dir='ltr'><strong>in</strong></span> <span class='ocrx_word' id='word_1_597' title='bbox 876 4527 1095 4582; x_wconf 88' lang='lat' dir='ltr'><strong>Christo</strong></span> <span class='ocrx_word' id='word_1_598' title='bbox 1146 4526 1506 4595; x_wconf 84' lang='lat' dir='ltr'><strong>signaculum,</strong></span> <span class='ocrx_word' id='word_1_599' title='bbox 1536 4528 1881 4599; x_wconf 86' lang='lat' dir='ltr'><strong>quandoqui-</strong></span> 
     </span>
    </p>
   </div>
   <div class='ocr_carea' id='block_1_78' title="bbox 313 4617 1876 4689">
    <p class='ocr_par' dir='ltr' id='par_1_78' title="bbox 313 4617 1876 4689">
     <span class='ocr_line' id='line_1_78' title="bbox 313 4617 1876 4689; baseline -0.001 -14"><span class='ocrx_word' id='word_1_600' title='bbox 313 4621 434 4676; x_wconf 87' lang='lat' dir='ltr'><strong>dem</strong></span> <span class='ocrx_word' id='word_1_601' title='bbox 462 4628 742 4689; x_wconf 88' lang='lat' dir='ltr'><strong>acceperat</strong></span> <span class='ocrx_word' id='word_1_602' title='bbox 775 4617 1016 4674; x_wconf 84' lang='lat' dir='ltr'><strong>Hilarion</strong></span> <span class='ocrx_word' id='word_1_603' title='bbox 1043 4618 1268 4689; x_wconf 87' lang='lat' dir='ltr'><strong>gradum</strong></span> <span class='ocrx_word' id='word_1_604' title='bbox 1299 4618 1725 4689; x_wconf 85' lang='lat' dir='ltr'><strong>presbyteratus.</strong></span> <span class='ocrx_word' id='word_1_605' title='bbox 1743 4622 1876 4674; x_wconf 83' lang='lat' dir='ltr'><strong>Cum</strong></span> 
     </span>
    </p>
   </div>
   <div class='ocr_carea' id='block_1_79' title="bbox 314 4708 1875 4780">
    <p class='ocr_par' dir='ltr' id='par_1_79' title="bbox 314 4708 1875 4780">
     <span class='ocr_line' id='line_1_79' title="bbox 314 4708 1875 4780; baseline -0.001 -13"><span class='ocrx_word' id='word_1_606' title='bbox 314 4728 401 4768; x_wconf 90' lang='lat' dir='ltr'><strong>me</strong></span> <span class='ocrx_word' id='word_1_607' title='bbox 442 4720 621 4768; x_wconf 83' lang='lat' dir='ltr'><strong>autem</strong></span> <span class='ocrx_word' id='word_1_608' title='bbox 664 4726 895 4780; x_wconf 82' lang='lat' dir='ltr'><strong>magnus</strong></span> <span class='ocrx_word' id='word_1_609' title='bbox 947 4710 1247 4780; x_wconf 87' lang='lat' dir='ltr'><strong>accepisset</strong></span> <span class='ocrx_word' id='word_1_610' title='bbox 1273 4708 1539 4775; x_wconf 83' lang='lat' dir='ltr'><strong>Hilarion,</strong></span> <span class='ocrx_word' id='word_1_611' title='bbox 1568 4720 1622 4766; x_wconf 89' lang='lat' dir='ltr'><strong>et</strong></span> <span class='ocrx_word' id='word_1_612' title='bbox 1661 4725 1875 4766; x_wconf 88' lang='lat' dir='ltr'><strong>omnem</strong></span> 
     </span>
    </p>
   </div>
   <div class='ocr_carea' id='block_1_80' title="bbox 214 4802 1877 4872">
    <p class='ocr_par' dir='ltr' id='par_1_80' title="bbox 214 4802 1877 4872">
     <span class='ocr_line' id='line_1_80' title="bbox 214 4802 1877 4872; baseline 0.001 -15"><span class='ocrx_word' id='word_1_613' title='bbox 214 4815 223 4841; x_wconf 79' lang='grc' dir='ltr'><strong>ι</strong></span> <span class='ocrx_word' id='word_1_614' title='bbox 312 4803 588 4859; x_wconf 84' lang='lat' dir='ltr'><strong>docuisset</strong></span> <span class='ocrx_word' id='word_1_615' title='bbox 629 4802 1087 4872; x_wconf 85' lang='lat' dir='ltr'><strong>consequentiam,</strong></span> <span class='ocrx_word' id='word_1_616' title='bbox 1117 4802 1411 4871; x_wconf 84' lang='lat' dir='ltr'><strong>baptizavit</strong></span> <span class='ocrx_word' id='word_1_617' title='bbox 1443 4817 1530 4856; x_wconf 90' lang='lat' dir='ltr'><strong>me</strong></span> <span class='ocrx_word' id='word_1_618' title='bbox 1568 4803 1621 4856; x_wconf 91' lang='lat' dir='ltr'><strong>in</strong></span> <span class='ocrx_word' id='word_1_619' title='bbox 1652 4803 1877 4858; x_wconf 83' lang='lat' dir='ltr'><strong>nomine</strong></span> 
     </span>
    </p>
   </div>
   <div class='ocr_carea' id='block_1_81' title="bbox 314 4884 1878 4964">
    <p class='ocr_par' dir='ltr' id='par_1_81' title="bbox 314 4884 1878 4964">
     <span class='ocr_line' id='line_1_81' title="bbox 314 4884 1878 4964; baseline 0.001 -15"><span class='ocrx_word' id='word_1_620' title='bbox 314 4895 508 4959; x_wconf 83' lang='lat' dir='ltr'><strong>Patris,</strong></span> <span class='ocrx_word' id='word_1_621' title='bbox 538 4884 593 4949; x_wconf 88' lang='lat' dir='ltr'><strong>et</strong></span> <span class='ocrx_word' id='word_1_622' title='bbox 622 4893 770 4959; x_wconf 87' lang='lat' dir='ltr'><strong>Filii,</strong></span> <span class='ocrx_word' id='word_1_623' title='bbox 802 4902 857 4948; x_wconf 86' lang='lat' dir='ltr'><strong>et</strong></span> <span class='ocrx_word' id='word_1_624' title='bbox 893 4892 1128 4963; x_wconf 84' lang='lat' dir='ltr'><strong>Spiritus</strong></span> <span class='ocrx_word' id='word_1_625' title='bbox 1171 4893 1350 4947; x_wconf 86' lang='lat' dir='ltr'><strong>sancti</strong></span> <span class='ocrx_word' id='word_1_626' title='bbox 1387 4911 1401 4946; x_wconf 89' lang='lat'>:</span> <span class='ocrx_word' id='word_1_627' title='bbox 1434 4901 1488 4947; x_wconf 87' lang='lat' dir='ltr'><strong>et</strong></span> <span class='ocrx_word' id='word_1_628' title='bbox 1513 4894 1878 4964; x_wconf 76' lang='lat' dir='ltr'><strong>transegimus</strong></span> 
     </span>
    </p>
   </div>
   <div class='ocr_carea' id='block_1_82' title="bbox 312 4982 1878 5055">
    <p class='ocr_par' dir='ltr' id='par_1_82' title="bbox 312 4982 1878 5055">
     <span class='ocr_line' id='line_1_82' title="bbox 312 4982 1878 5055; baseline -0.001 -16"><span class='ocrx_word' id='word_1_629' title='bbox 312 4984 507 5041; x_wconf 90' lang='lat' dir='ltr'><strong>deinde</strong></span> <span class='ocrx_word' id='word_1_630' title='bbox 528 4985 669 5055; x_wconf 91' lang='lat' dir='ltr'><strong>apud</strong></span> <span class='ocrx_word' id='word_1_631' title='bbox 693 4986 839 5055; x_wconf 89' lang='lat' dir='ltr'><strong>ipsos</strong></span> <span class='ocrx_word' id='word_1_632' title='bbox 865 4983 1051 5039; x_wconf 88' lang='lat' dir='ltr'><strong>decem</strong></span> <span class='ocrx_word' id='word_1_633' title='bbox 1081 4982 1226 5047; x_wconf 84' lang='lat' dir='ltr'><strong>dies;</strong></span> <span class='ocrx_word' id='word_1_634' title='bbox 1276 4982 1577 5053; x_wconf 83' lang='lat' dir='ltr'><strong>fratresque</strong></span> <span class='ocrx_word' id='word_1_635' title='bbox 1611 4986 1878 5053; x_wconf 87' lang='lat' dir='ltr'><strong>rogabant</strong></span> 
     </span>
    </p>
   </div>
   <div class='ocr_carea' id='block_1_83' title="bbox 312 5074 1879 5147">
    <p class='ocr_par' dir='ltr' id='par_1_83' title="bbox 312 5074 1879 5147">
     <span class='ocr_line' id='line_1_83' title="bbox 312 5074 1879 5147; baseline -0.001 -17"><span class='ocrx_word' id='word_1_636' title='bbox 312 5076 695 5147; x_wconf 82' lang='lat' dir='ltr'><strong>Epiphaniam,</strong></span> <span class='ocrx_word' id='word_1_637' title='bbox 723 5085 784 5131; x_wconf 88' lang='lat' dir='ltr'><strong>ut</strong></span> <span class='ocrx_word' id='word_1_638' title='bbox 826 5091 927 5132; x_wconf 94' lang='lat' dir='ltr'><strong>nos</strong></span> <span class='ocrx_word' id='word_1_639' title='bbox 969 5076 1025 5129; x_wconf 91' lang='lat' dir='ltr'><strong>in</strong></span> <span class='ocrx_word' id='word_1_640' title='bbox 1067 5089 1133 5131; x_wconf 88' lang='lat' dir='ltr'><strong>eo</strong></span> <span class='ocrx_word' id='word_1_641' title='bbox 1159 5075 1277 5128; x_wconf 91' lang='lat' dir='ltr'><strong>loco</strong></span> <span class='ocrx_word' id='word_1_642' title='bbox 1316 5074 1723 5141; x_wconf 87' lang='lat' dir='ltr'><strong>habitaremus;</strong></span> <span class='ocrx_word' id='word_1_643' title='bbox 1763 5077 1879 5145; x_wconf 84' lang='lat' dir='ltr'><strong>ipse</strong></span> 
     </span>
    </p>
   </div>
   <div class='ocr_carea' id='block_1_84' title="bbox 312 5166 1878 5236">
    <p class='ocr_par' dir='ltr' id='par_1_84' title="bbox 312 5166 1878 5236">
     <span class='ocr_line' id='line_1_84' title="bbox 312 5166 1878 5236; baseline -0.001 -13"><span class='ocrx_word' id='word_1_644' title='bbox 312 5176 492 5224; x_wconf 88' lang='lat' dir='ltr'><strong>autem</strong></span> <span class='ocrx_word' id='word_1_645' title='bbox 522 5169 713 5236; x_wconf 83' lang='lat' dir='ltr'><strong>uoluit,</strong></span> <span class='ocrx_word' id='word_1_646' title='bbox 740 5169 834 5224; x_wconf 88' lang='lat' dir='ltr'><strong>sed</strong></span> <span class='ocrx_word' id='word_1_647' title='bbox 860 5169 1032 5225; x_wconf 88' lang='lat' dir='ltr'><strong>voluit</strong></span> <span class='ocrx_word' id='word_1_648' title='bbox 1057 5168 1320 5230; x_wconf 81' lang='lat' dir='ltr'><strong>habitare,</strong></span> <span class='ocrx_word' id='word_1_649' title='bbox 1359 5167 1449 5222; x_wconf 88' lang='lat' dir='ltr'><strong>ubi</strong></span> <span class='ocrx_word' id='word_1_650' title='bbox 1478 5166 1760 5222; x_wconf 87' lang='lat' dir='ltr'><strong>habitabat</strong></span> <span class='ocrx_word' id='word_1_651' title='bbox 1782 5182 1878 5222; x_wconf 89' lang='lat' dir='ltr'><strong>an-</strong></span> 
     </span>
    </p>
   </div>
   <div class='ocr_carea' id='block_1_85' title="bbox 312 5270 418 5316">
    <p class='ocr_par' dir='ltr' id='par_1_85' title="bbox 312 5270 418 5316">
     <span class='ocr_line' id='line_1_85' title="bbox 312 5270 418 5316; baseline -0.009 0"><span class='ocrx_word' id='word_1_652' title='bbox 312 5270 418 5316; x_wconf 88' lang='lat' dir='ltr'><strong>tea.</strong></span> 
     </span>
    </p>
   </div>
   <div class='ocr_carea' id='block_1_86' title="bbox 1978 3177 3558 3257">
    <p class='ocr_par' dir='ltr' id='par_1_86' title="bbox 1978 3177 3558 3257">
     <span class='ocr_line' id='line_1_86' title="bbox 1978 3177 3558 3257; baseline -0.007 -17"><span class='ocrx_word' id='word_1_653' title='bbox 1978 3186 2155 3257; x_wconf 84' lang='grc' dir='ltr'><strong>ήμῶν.</strong></span> <span class='ocrx_word' id='word_1_654' title='bbox 2185 3184 2290 3239; x_wconf 91' lang='grc' dir='ltr'><strong>Τοῦ</strong></span> <span class='ocrx_word' id='word_1_655' title='bbox 2317 3184 2376 3238; x_wconf 67' lang='grc' dir='ltr'>δὲ</span> <span class='ocrx_word' id='word_1_656' title='bbox 2400 3182 2718 3252; x_wconf 78' lang='grc' dir='ltr'>Ἑπιφανίου</span> <span class='ocrx_word' id='word_1_657' title='bbox 2743 3182 2837 3237; x_wconf 76' lang='grc' dir='ltr'>επὶ</span> <span class='ocrx_word' id='word_1_658' title='bbox 2864 3182 3185 3252; x_wconf 81' lang='grc' dir='ltr'>τριμηναῖον</span> <span class='ocrx_word' id='word_1_659' title='bbox 3213 3177 3406 3249; x_wconf 86' lang='grc' dir='ltr'>χρόνον</span> <span class='ocrx_word' id='word_1_660' title='bbox 3434 3177 3558 3230; x_wconf 80' lang='grc' dir='ltr'>τού-</span> 
     </span>
    </p>
   </div>
   <div class='ocr_carea' id='block_1_87' title="bbox 1977 3267 3556 3342">
    <p class='ocr_par' dir='ltr' id='par_1_87' title="bbox 1977 3267 3556 3342">
     <span class='ocr_line' id='line_1_87' title="bbox 1977 3267 3556 3342; baseline -0.007 -11"><span class='ocrx_word' id='word_1_661' title='bbox 1977 3294 2087 3342; x_wconf 84' lang='grc' dir='ltr'>τοις</span> <span class='ocrx_word' id='word_1_662' title='bbox 2129 3274 2653 3341; x_wconf 72' lang='grc' dir='ltr'>ἐπακολουθοῦντος,</span> <span class='ocrx_word' id='word_1_663' title='bbox 2695 3273 2930 3329; x_wconf 73' lang='grc' dir='ltr'>εκώλυεν</span> <span class='ocrx_word' id='word_1_664' title='bbox 2977 3272 3172 3334; x_wconf 79' lang='grc' dir='ltr'>αὐτοὺς</span> <span class='ocrx_word' id='word_1_665' title='bbox 3214 3269 3326 3322; x_wconf 87' lang='grc' dir='ltr'><strong>ἀπὸ</strong></span> <span class='ocrx_word' id='word_1_666' title='bbox 3369 3267 3556 3337; x_wconf 84' lang='grc' dir='ltr'>πάσης</span> 
     </span>
    </p>
   </div>
   <div class='ocr_carea' id='block_1_88' title="bbox 1977 3359 3560 3436">
    <p class='ocr_par' dir='ltr' id='par_1_88' title="bbox 1977 3359 3560 3436">
     <span class='ocr_line' id='line_1_88' title="bbox 1977 3359 3560 3436; baseline -0.008 -12"><span class='ocrx_word' id='word_1_667' title='bbox 1977 3369 2220 3436; x_wconf 79' lang='grc' dir='ltr'>ἀταξίας.</span> <span class='ocrx_word' id='word_1_668' title='bbox 2249 3366 2372 3421; x_wconf 79' lang='grc' dir='ltr'>Τῶν</span> <span class='ocrx_word' id='word_1_669' title='bbox 2413 3365 2481 3421; x_wconf 72' lang='grc' dir='ltr'><strong>δι’</strong></span> <span class='ocrx_word' id='word_1_670' title='bbox 2498 3364 2739 3429; x_wconf 84' lang='grc' dir='ltr'>είδότων,</span> <span class='ocrx_word' id='word_1_671' title='bbox 2767 3365 2852 3418; x_wconf 80' lang='grc' dir='ltr'>ὅτι</span> <span class='ocrx_word' id='word_1_672' title='bbox 2879 3362 3135 3417; x_wconf 69' lang='grc' dir='ltr'>στένωσιν</span> <span class='ocrx_word' id='word_1_673' title='bbox 3172 3359 3421 3430; x_wconf 72' lang='grc' dir='ltr'>επιφιρει</span> <span class='ocrx_word' id='word_1_674' title='bbox 3453 3360 3560 3413; x_wconf 79' lang='grc' dir='ltr'><strong>αὐο</strong></span> 
     </span>
    </p>
   </div>
   <div class='ocr_carea' id='block_1_89' title="bbox 1975 3450 3559 3527">
    <p class='ocr_par' dir='ltr' id='par_1_89' title="bbox 1975 3450 3559 3527">
     <span class='ocr_line' id='line_1_89' title="bbox 1975 3450 3559 3527; baseline -0.006 -16"><span class='ocrx_word' id='word_1_675' title='bbox 1975 3461 2087 3521; x_wconf 85' lang='grc' dir='ltr'>τοῖς</span> <span class='ocrx_word' id='word_1_676' title='bbox 2132 3457 2221 3511; x_wconf 87' lang='grc' dir='ltr'><strong>διά</strong></span> <span class='ocrx_word' id='word_1_677' title='bbox 2267 3457 2366 3527; x_wconf 77' lang='grc' dir='ltr'>τῆς</span> <span class='ocrx_word' id='word_1_678' title='bbox 2415 3455 2714 3519; x_wconf 79' lang='grc' dir='ltr'>νουθεσίας,</span> <span class='ocrx_word' id='word_1_679' title='bbox 2751 3452 3089 3523; x_wconf 75' lang='grc' dir='ltr'>ὁμοθυμαδὸν</span> <span class='ocrx_word' id='word_1_680' title='bbox 3141 3450 3379 3512; x_wconf 69' lang='grc' dir='ltr'>ἆταιντες</span> <span class='ocrx_word' id='word_1_681' title='bbox 3426 3464 3559 3502; x_wconf 87' lang='grc' dir='ltr'>συν-</span> 
     </span>
    </p>
   </div>
   <div class='ocr_carea' id='block_1_90' title="bbox 1949 3535 3557 3623">
    <p class='ocr_par' dir='ltr' id='par_1_90' title="bbox 1949 3535 3557 3623">
     <span class='ocr_line' id='line_1_90' title="bbox 1949 3535 3557 3623; baseline -0.006 -24"><span class='ocrx_word' id='word_1_682' title='bbox 1949 3545 2228 3623; x_wconf 42' lang='grc' dir='ltr'>,αχθέντες</span> <span class='ocrx_word' id='word_1_683' title='bbox 2259 3542 2772 3617; x_wconf 89' lang='grc' dir='ltr'>προσεκυλινδοῦντο</span> <span class='ocrx_word' id='word_1_684' title='bbox 2800 3540 2923 3603; x_wconf 72' lang='grc' dir='ltr'><strong>⁴τῶν</strong></span> <span class='ocrx_word' id='word_1_685' title='bbox 2980 3539 3155 3593; x_wconf 86' lang='grc' dir='ltr'>ποδῶν</span> <span class='ocrx_word' id='word_1_686' title='bbox 3182 3535 3371 3601; x_wconf 83' lang='grc' dir='ltr'>αὐτοῦ,</span> <span class='ocrx_word' id='word_1_687' title='bbox 3396 3538 3557 3600; x_wconf 82' lang='grc' dir='ltr'>ὅπως</span> 
     </span>
    </p>
   </div>
   <div class='ocr_carea' id='block_1_91' title="bbox 1975 3628 3555 3708">
    <p class='ocr_par' dir='ltr' id='par_1_91' title="bbox 1975 3628 3555 3708">
     <span class='ocr_line' id='line_1_91' title="bbox 1975 3628 3555 3708; baseline -0.006 -17"><span class='ocrx_word' id='word_1_688' title='bbox 1975 3638 2271 3708; x_wconf 79' lang='grc' dir='ltr'>ἀποδράσει</span> <span class='ocrx_word' id='word_1_689' title='bbox 2299 3637 2460 3691; x_wconf 87' lang='grc' dir='ltr'>πάλιν</span> <span class='ocrx_word' id='word_1_690' title='bbox 2506 3638 2589 3699; x_wconf 86' lang='grc' dir='ltr'><strong>είς</strong></span> <span class='ocrx_word' id='word_1_691' title='bbox 2631 3635 2725 3689; x_wconf 89' lang='grc' dir='ltr'><strong>τὸν</strong></span> <span class='ocrx_word' id='word_1_692' title='bbox 2776 3634 2907 3687; x_wconf 87' lang='grc' dir='ltr'>ῐδιον</span> <span class='ocrx_word' id='word_1_693' title='bbox 2935 3632 3097 3685; x_wconf 86' lang='grc' dir='ltr'>τόπον</span> <span class='ocrx_word' id='word_1_694' title='bbox 3132 3629 3315 3685; x_wconf 82' lang='grc' dir='ltr'>αὐτοῦ.</span> <span class='ocrx_word' id='word_1_695' title='bbox 3351 3628 3459 3683; x_wconf 85' lang='grc' dir='ltr'>Τοῦ</span> <span class='ocrx_word' id='word_1_696' title='bbox 3491 3628 3555 3682; x_wconf 74' lang='grc' dir='ltr'>δι</span> 
     </span>
    </p>
   </div>
   <div class='ocr_carea' id='block_1_92' title="bbox 1978 3719 3553 3798">
    <p class='ocr_par' dir='ltr' id='par_1_92' title="bbox 1978 3719 3553 3798">
     <span class='ocr_line' id='line_1_92' title="bbox 1978 3719 3553 3798; baseline -0.006 -17"><span class='ocrx_word' id='word_1_697' title='bbox 1978 3727 2254 3791; x_wconf 86' lang='grc' dir='ltr'>νουθεσίας</span> <span class='ocrx_word' id='word_1_698' title='bbox 2275 3727 2537 3798; x_wconf 74' lang='grc' dir='ltr'>μεγίστας</span> <span class='ocrx_word' id='word_1_699' title='bbox 2561 3723 2841 3786; x_wconf 68' lang='grc' dir='ltr'>ἐπιθέντος</span> <span class='ocrx_word' id='word_1_700' title='bbox 2868 3723 2960 3776; x_wconf 67' lang='grc' dir='ltr'><strong>ἐπὶ</strong></span> <span class='ocrx_word' id='word_1_701' title='bbox 2981 3724 3101 3785; x_wconf 80' lang='grc' dir='ltr'>ταῖς</span> <span class='ocrx_word' id='word_1_702' title='bbox 3126 3721 3317 3783; x_wconf 78' lang='grc' dir='ltr'>ἀκοαῖς</span> <span class='ocrx_word' id='word_1_703' title='bbox 3345 3719 3553 3786; x_wconf 84' lang='grc' dir='ltr'>αὐτῶν,</span> 
     </span>
    </p>
   </div>
   <div class='ocr_carea' id='block_1_93' title="bbox 1976 3810 3556 3888">
    <p class='ocr_par' dir='ltr' id='par_1_93' title="bbox 1976 3810 3556 3888">
     <span class='ocr_line' id='line_1_93' title="bbox 1976 3810 3556 3888; baseline -0.006 -16"><span class='ocrx_word' id='word_1_704' title='bbox 1976 3818 2054 3872; x_wconf 86' lang='grc' dir='ltr'>ὅτι</span> <span class='ocrx_word' id='word_1_705' title='bbox 2101 3818 2226 3871; x_wconf 79' lang='grc' dir='ltr'>Ἐὰν</span> <span class='ocrx_word' id='word_1_706' title='bbox 2275 3818 2348 3888; x_wconf 81' lang='grc' dir='ltr'>μὴ</span> <span class='ocrx_word' id='word_1_707' title='bbox 2393 3816 2598 3872; x_wconf 81' lang='grc' dir='ltr'>τούτων</span> <span class='ocrx_word' id='word_1_708' title='bbox 2645 3813 2934 3885; x_wconf 78' lang='grc' dir='ltr'>ἀπέχεσθε,</span> <span class='ocrx_word' id='word_1_709' title='bbox 2993 3813 3055 3865; x_wconf 78' lang='grc' dir='ltr'>οὐ</span> <span class='ocrx_word' id='word_1_710' title='bbox 3087 3810 3315 3865; x_wconf 79' lang='grc' dir='ltr'>δύνασθε</span> <span class='ocrx_word' id='word_1_711' title='bbox 3351 3810 3556 3881; x_wconf 82' lang='grc' dir='ltr'>εὐημε-</span> 
     </span>
    </p>
   </div>
   <div class='ocr_carea' id='block_1_94' title="bbox 1986 3900 3557 3980">
    <p class='ocr_par' dir='ltr' id='par_1_94' title="bbox 1986 3900 3557 3980">
     <span class='ocr_line' id='line_1_94' title="bbox 1986 3900 3557 3980; baseline -0.006 -17"><span class='ocrx_word' id='word_1_712' title='bbox 1986 3911 2100 3980; x_wconf 89' lang='grc' dir='ltr'>ρεῖν</span> <span class='ocrx_word' id='word_1_713' title='bbox 2127 3911 2184 3963; x_wconf 78' lang='grc' dir='ltr'>ὲν</span> <span class='ocrx_word' id='word_1_714' title='bbox 2206 3908 2340 3979; x_wconf 81' lang='grc' dir='ltr'>τῷδε</span> <span class='ocrx_word' id='word_1_715' title='bbox 2369 3908 2446 3979; x_wconf 82' lang='grc' dir='ltr'>τῷ</span> <span class='ocrx_word' id='word_1_716' title='bbox 2475 3907 2604 3979; x_wconf 86' lang='grc' dir='ltr'><strong>βίῳ·</strong></span> <span class='ocrx_word' id='word_1_717' title='bbox 2640 3906 2892 3968; x_wconf 71' lang='grc' dir='ltr'>λαθόντες</span> <span class='ocrx_word' id='word_1_718' title='bbox 2931 3905 2988 3958; x_wconf 76' lang='grc' dir='ltr'>δὲ</span> <span class='ocrx_word' id='word_1_719' title='bbox 3036 3902 3198 3957; x_wconf 79' lang='grc' dir='ltr'>αὐτὸν</span> <span class='ocrx_word' id='word_1_720' title='bbox 3231 3903 3281 3956; x_wconf 83' lang='lat' dir='ltr'><strong>oi</strong></span> <span class='ocrx_word' id='word_1_721' title='bbox 3315 3900 3557 3972; x_wconf 82' lang='grc' dir='ltr'>ἀμφότε-</span> 
     </span>
    </p>
   </div>
   <div class='ocr_carea' id='block_1_95' title="bbox 1981 3988 3555 4068">
    <p class='ocr_par' dir='ltr' id='par_1_95' title="bbox 1981 3988 3555 4068">
     <span class='ocr_line' id='line_1_95' title="bbox 1981 3988 3555 4068; baseline -0.004 -19"><span class='ocrx_word' id='word_1_722' title='bbox 1981 4014 2064 4068; x_wconf 89' lang='grc' dir='ltr'><strong>ροι</strong></span> <span class='ocrx_word' id='word_1_723' title='bbox 2095 3997 2300 4067; x_wconf 74' lang='grc' dir='ltr'>ἢγαγον</span> <span class='ocrx_word' id='word_1_724' title='bbox 2331 3997 2424 4050; x_wconf 78' lang='grc' dir='ltr'><strong>ἐπὶ</strong></span> <span class='ocrx_word' id='word_1_725' title='bbox 2451 3995 2637 4060; x_wconf 83' lang='grc' dir='ltr'>τόπον,</span> <span class='ocrx_word' id='word_1_726' title='bbox 2667 3993 2794 4048; x_wconf 65' lang='grc' dir='ltr'>ἔνθα</span> <span class='ocrx_word' id='word_1_727' title='bbox 2823 3993 2884 4046; x_wconf 86' lang='grc' dir='ltr'><strong>τὸ</strong></span> <span class='ocrx_word' id='word_1_728' title='bbox 2911 3992 3040 4063; x_wconf 76' lang='grc' dir='ltr'>πρὶν</span> <span class='ocrx_word' id='word_1_729' title='bbox 3070 3988 3338 4061; x_wconf 63' lang='grc' dir='ltr'>κατῴκεισ</span> <span class='ocrx_word' id='word_1_730' title='bbox 3370 3989 3465 4042; x_wconf 75' lang='grc' dir='ltr'>καὶ</span> <span class='ocrx_word' id='word_1_731' title='bbox 3484 3988 3555 4061; x_wconf 74' lang='grc' dir='ltr'>δὴ</span> 
     </span>
    </p>
   </div>
   <div class='ocr_carea' id='block_1_96' title="bbox 1978 4074 3556 4157">
    <p class='ocr_par' dir='ltr' id='par_1_96' title="bbox 1978 4074 3556 4157">
     <span class='ocr_line' id='line_1_96' title="bbox 1978 4074 3556 4157; baseline -0.006 -17"><span class='ocrx_word' id='word_1_732' title='bbox 1978 4084 2083 4157; x_wconf 36' lang='grc' dir='ltr'>διὰ,</span> <span class='ocrx_word' id='word_1_733' title='bbox 2107 4089 2208 4156; x_wconf 78' lang='grc' dir='ltr'>τῆς</span> <span class='ocrx_word' id='word_1_734' title='bbox 2240 4085 2417 4140; x_wconf 84' lang='grc' dir='ltr'>αὐτῶν</span> <span class='ocrx_word' id='word_1_735' title='bbox 2461 4083 2765 4156; x_wconf 80' lang='grc' dir='ltr'>ὑπηρεσίας</span> <span class='ocrx_word' id='word_1_736' title='bbox 2796 4080 3248 4152; x_wconf 78' lang='grc' dir='ltr'>οἰκοδομήσαντες</span> <span class='ocrx_word' id='word_1_737' title='bbox 3289 4078 3438 4148; x_wconf 81' lang='grc' dir='ltr'>αὐτῷ</span> <span class='ocrx_word' id='word_1_738' title='bbox 3476 4074 3556 4132; x_wconf 82' lang='grc' dir='ltr'><strong>οἷ-</strong></span> 
     </span>
    </p>
   </div>
   <div class='ocr_carea' id='block_1_97' title="bbox 1979 4169 3552 4247">
    <p class='ocr_par' dir='ltr' id='par_1_97' title="bbox 1979 4169 3552 4247">
     <span class='ocr_line' id='line_1_97' title="bbox 1979 4169 3552 4247; baseline -0.005 -17"><span class='ocrx_word' id='word_1_739' title='bbox 1979 4193 2093 4240; x_wconf 87' lang='grc' dir='ltr'>κον,</span> <span class='ocrx_word' id='word_1_740' title='bbox 2121 4176 2499 4247; x_wconf 84' lang='grc' dir='ltr'>ἀσπασάμενοί</span> <span class='ocrx_word' id='word_1_741' title='bbox 2521 4193 2581 4229; x_wconf 89' lang='grc' dir='ltr'><strong>τε</strong></span> <span class='ocrx_word' id='word_1_742' title='bbox 2608 4174 2771 4230; x_wconf 74' lang='grc' dir='ltr'>αὑτὸν</span> <span class='ocrx_word' id='word_1_743' title='bbox 2798 4175 2846 4228; x_wconf 78' lang='lat' dir='ltr'><strong>oi</strong></span> <span class='ocrx_word' id='word_1_744' title='bbox 2868 4172 3068 4235; x_wconf 86' lang='grc' dir='ltr'>πάντες</span> <span class='ocrx_word' id='word_1_745' title='bbox 3090 4169 3400 4242; x_wconf 80' lang='grc' dir='ltr'>ἀνεχώρουν</span> <span class='ocrx_word' id='word_1_746' title='bbox 3424 4172 3552 4240; x_wconf 81' lang='grc' dir='ltr'>μετ’</span> 
     </span>
    </p>
   </div>
   <div class='ocr_carea' id='block_1_98' title="bbox 1979 4260 3558 4338">
    <p class='ocr_par' dir='ltr' id='par_1_98' title="bbox 1979 4260 3558 4338">
     <span class='ocr_line' id='line_1_98' title="bbox 1979 4260 3558 4338; baseline -0.004 -19"><span class='ocrx_word' id='word_1_747' title='bbox 1979 4267 2214 4338; x_wconf 84' lang='grc' dir='ltr'>εἰρήνης.</span> <span class='ocrx_word' id='word_1_748' title='bbox 2234 4265 2372 4336; x_wconf 80' lang='grc' dir='ltr'><strong>Ἐγὼ</strong></span> <span class='ocrx_word' id='word_1_749' title='bbox 2390 4266 2539 4335; x_wconf 87' lang='grc' dir='ltr'>γοῦν,</span> <span class='ocrx_word' id='word_1_750' title='bbox 2571 4260 2652 4329; x_wconf 82' lang='grc' dir='ltr'>εἷς</span> <span class='ocrx_word' id='word_1_751' title='bbox 2697 4264 2759 4329; x_wconf 70' lang='grc' dir='ltr'><strong>ἐξ</strong></span> <span class='ocrx_word' id='word_1_752' title='bbox 2801 4263 2980 4318; x_wconf 78' lang='grc' dir='ltr'>αὐτῶν</span> <span class='ocrx_word' id='word_1_753' title='bbox 3030 4261 3312 4332; x_wconf 80' lang='grc' dir='ltr'>ὑπάρχων,</span> <span class='ocrx_word' id='word_1_754' title='bbox 3359 4260 3558 4331; x_wconf 58' lang='grc' dir='ltr'>ἔμεινα</span> 
     </span>
    </p>
   </div>
   <div class='ocr_carea' id='block_1_99' title="bbox 1908 4348 3561 4440">
    <p class='ocr_par' dir='ltr' id='par_1_99' title="bbox 1908 4348 3561 4440">
     <span class='ocr_line' id='line_1_99' title="bbox 1908 4348 3561 4440; baseline -0.004 -31"><span class='ocrx_word' id='word_1_755' title='bbox 1908 4385 1951 4440; x_wconf 75' lang='lat' dir='ltr'><strong>D</strong></span> <span class='ocrx_word' id='word_1_756' title='bbox 1982 4356 2120 4425; x_wconf 82' lang='grc' dir='ltr'>μετὰ</span> <span class='ocrx_word' id='word_1_757' title='bbox 2158 4356 2473 4425; x_wconf 79' lang='grc' dir='ltr'>Ἑπιφανίου</span> <span class='ocrx_word' id='word_1_758' title='bbox 2497 4372 2512 4386; x_wconf 76' lang='grc' dir='ltr'><strong>ο</strong></span> <span class='ocrx_word' id='word_1_759' title='bbox 2545 4356 2638 4409; x_wconf 77' lang='grc' dir='ltr'>καὶ</span> <span class='ocrx_word' id='word_1_760' title='bbox 2677 4354 3005 4424; x_wconf 83' lang='grc' dir='ltr'>κατηχηθεὶς</span> <span class='ocrx_word' id='word_1_761' title='bbox 3036 4353 3127 4405; x_wconf 76' lang='grc' dir='ltr'><strong>ὑπ’</strong></span> <span class='ocrx_word' id='word_1_762' title='bbox 3151 4350 3316 4405; x_wconf 79' lang='grc' dir='ltr'>αὐτοῦ</span> <span class='ocrx_word' id='word_1_763' title='bbox 3349 4350 3439 4403; x_wconf 85' lang='grc' dir='ltr'><strong>τὸν</strong></span> 
     </span>
    </p>
   </div>
   <div class='ocr_carea' id='block_1_100' title="bbox 1979 4438 3555 4516">
    <p class='ocr_par' dir='ltr' id='par_1_100' title="bbox 1979 4438 3555 4516">
     <span class='ocr_line' id='line_1_100' title="bbox 1979 4438 3555 4516; baseline -0.004 -17"><span class='ocrx_word' id='word_1_764' title='bbox 1979 4461 2075 4513; x_wconf 78' lang='grc' dir='ltr'><strong>γον</strong></span> <span class='ocrx_word' id='word_1_765' title='bbox 2095 4446 2193 4516; x_wconf 84' lang='grc' dir='ltr'>τῆς</span> <span class='ocrx_word' id='word_1_766' title='bbox 2223 4444 2500 4516; x_wconf 79' lang='grc' dir='ltr'>ἀληθείας,</span> <span class='ocrx_word' id='word_1_767' title='bbox 2534 4445 2724 4515; x_wconf 78' lang='grc' dir='ltr'>ιμεινα</span> <span class='ocrx_word' id='word_1_768' title='bbox 2751 4445 2867 4513; x_wconf 83' lang='grc' dir='ltr'>μετ’</span> <span class='ocrx_word' id='word_1_769' title='bbox 2895 4442 3080 4496; x_wconf 81' lang='grc' dir='ltr'>αὐτοῦ.</span> <span class='ocrx_word' id='word_1_770' title='bbox 3108 4441 3316 4512; x_wconf 82' lang='grc' dir='ltr'>Χρόνου</span> <span class='ocrx_word' id='word_1_771' title='bbox 3344 4440 3402 4494; x_wconf 72' lang='grc' dir='ltr'>δὲ</span> <span class='ocrx_word' id='word_1_772' title='bbox 3424 4438 3555 4503; x_wconf 71' lang='grc' dir='ltr'><strong>ἑξα-</strong></span> 
     </span>
    </p>
   </div>
   <div class='ocr_carea' id='block_1_101' title="bbox 1965 4517 3559 4609">
    <p class='ocr_par' dir='ltr' id='par_1_101' title="bbox 1965 4517 3559 4609">
     <span class='ocr_line' id='line_1_101' title="bbox 1965 4517 3559 4609; baseline -0.004 -19"><span class='ocrx_word' id='word_1_773' title='bbox 1965 4517 2210 4607; x_wconf 64' lang='grc' dir='ltr'>’μηναίου</span> <span class='ocrx_word' id='word_1_774' title='bbox 2254 4536 2607 4609; x_wconf 81' lang='grc' dir='ltr'>παρελθόντος</span> <span class='ocrx_word' id='word_1_775' title='bbox 2632 4574 2648 4599; x_wconf 94' lang='grc'><strong>,</strong></span> <span class='ocrx_word' id='word_1_776' title='bbox 2688 4534 2865 4588; x_wconf 81' lang='grc' dir='ltr'>λαϐὼν</span> <span class='ocrx_word' id='word_1_777' title='bbox 2909 4534 3011 4603; x_wconf 74' lang='grc' dir='ltr'><strong>ἐμὲ</strong></span> <span class='ocrx_word' id='word_1_778' title='bbox 3047 4532 3382 4600; x_wconf 64' lang='grc' dir='ltr'>Ἐπιφάνιος,</span> <span class='ocrx_word' id='word_1_779' title='bbox 3428 4534 3559 4584; x_wconf 78' lang='grc' dir='ltr'>ἑπο-</span> 
     </span>
    </p>
   </div>
   <div class='ocr_carea' id='block_1_102' title="bbox 1986 4622 3560 4699">
    <p class='ocr_par' dir='ltr' id='par_1_102' title="bbox 1986 4622 3560 4699">
     <span class='ocr_line' id='line_1_102' title="bbox 1986 4622 3560 4699; baseline -0.001 -20"><span class='ocrx_word' id='word_1_780' title='bbox 1986 4627 2254 4697; x_wconf 79' lang='grc' dir='ltr'>ρεύθημεν</span> <span class='ocrx_word' id='word_1_781' title='bbox 2287 4628 2345 4681; x_wconf 79' lang='grc' dir='ltr'>ὲν</span> <span class='ocrx_word' id='word_1_782' title='bbox 2382 4626 2461 4699; x_wconf 82' lang='grc' dir='ltr'>τῷ</span> <span class='ocrx_word' id='word_1_783' title='bbox 2499 4626 2842 4697; x_wconf 85' lang='grc' dir='ltr'>μοναστηρίῳ</span> <span class='ocrx_word' id='word_1_784' title='bbox 2884 4625 3021 4696; x_wconf 85' lang='grc' dir='ltr'>πρὸς</span> <span class='ocrx_word' id='word_1_785' title='bbox 3066 4624 3157 4677; x_wconf 88' lang='grc' dir='ltr'><strong>τὸν</strong></span> <span class='ocrx_word' id='word_1_786' title='bbox 3206 4623 3379 4693; x_wconf 77' lang='grc' dir='ltr'>μέγαν</span> <span class='ocrx_word' id='word_1_787' title='bbox 3415 4622 3560 4678; x_wconf 83' lang='grc' dir='ltr'>Ἱλα-</span> 
     </span>
    </p>
   </div>
   <div class='ocr_carea' id='block_1_103' title="bbox 1984 4713 3603 4788">
    <p class='ocr_par' dir='ltr' id='par_1_103' title="bbox 1984 4713 3603 4788">
     <span class='ocr_line' id='line_1_103' title="bbox 1984 4713 3603 4788; baseline -0.004 -17"><span class='ocrx_word' id='word_1_788' title='bbox 1984 4718 2171 4788; x_wconf 87' lang='grc' dir='ltr'>ρίωνα.</span> <span class='ocrx_word' id='word_1_789' title='bbox 2200 4718 2421 4780; x_wconf 76' lang='grc' dir='ltr'>’ἰδόντες</span> <span class='ocrx_word' id='word_1_790' title='bbox 2468 4717 2527 4771; x_wconf 88' lang='grc' dir='ltr'>δὲ</span> <span class='ocrx_word' id='word_1_791' title='bbox 2573 4715 2809 4778; x_wconf 70' lang='grc' dir='ltr'>ἅπαντες</span> <span class='ocrx_word' id='word_1_792' title='bbox 2857 4718 2906 4768; x_wconf 83' lang='grc' dir='ltr'>οἱ</span> <span class='ocrx_word' id='word_1_793' title='bbox 2963 4714 3181 4782; x_wconf 73' lang='grc' dir='ltr'>ἀδελφοὶ</span> <span class='ocrx_word' id='word_1_794' title='bbox 3214 4713 3558 4781; x_wconf 55' lang='grc' dir='ltr'>Ἐπιφάνιοη</span> <span class='ocrx_word' id='word_1_795' title='bbox 3594 4716 3603 4723; x_wconf 88' lang='grc'><em>’</em></span> 
     </span>
    </p>
   </div>
   <div class='ocr_carea' id='block_1_104' title="bbox 1983 4802 3563 4881">
    <p class='ocr_par' dir='ltr' id='par_1_104' title="bbox 1983 4802 3563 4881">
     <span class='ocr_line' id='line_1_104' title="bbox 1983 4802 3563 4881; baseline -0.005 -20"><span class='ocrx_word' id='word_1_796' title='bbox 1983 4809 2255 4881; x_wconf 74' lang='grc' dir='ltr'>ἐχάρησαν</span> <span class='ocrx_word' id='word_1_797' title='bbox 2305 4811 2479 4879; x_wconf 74' lang='grc' dir='ltr'>χαρὰν</span> <span class='ocrx_word' id='word_1_798' title='bbox 2537 4806 2796 4878; x_wconf 84' lang='grc' dir='ltr'>μεγάλην.</span> <span class='ocrx_word' id='word_1_799' title='bbox 2834 4805 3199 4876; x_wconf 79' lang='grc' dir='ltr'>Ἐποιήσαμεν</span> <span class='ocrx_word' id='word_1_800' title='bbox 3254 4804 3313 4858; x_wconf 79' lang='grc' dir='ltr'>δὲ</span> <span class='ocrx_word' id='word_1_801' title='bbox 3372 4806 3429 4856; x_wconf 84' lang='grc' dir='ltr'>ὲν</span> <span class='ocrx_word' id='word_1_802' title='bbox 3472 4802 3563 4873; x_wconf 74' lang='grc' dir='ltr'>τῷ</span> 
     </span>
    </p>
   </div>
   <div class='ocr_carea' id='block_1_105' title="bbox 1984 4893 3563 4968">
    <p class='ocr_par' dir='ltr' id='par_1_105' title="bbox 1984 4893 3563 4968">
     <span class='ocr_line' id='line_1_105' title="bbox 1984 4893 3563 4968; baseline -0.003 -18"><span class='ocrx_word' id='word_1_803' title='bbox 1984 4898 2328 4967; x_wconf 82' lang='grc' dir='ltr'>μοναστηρίῳ</span> <span class='ocrx_word' id='word_1_804' title='bbox 2382 4900 2530 4967; x_wconf 83' lang='grc' dir='ltr'>τρεῖς</span> <span class='ocrx_word' id='word_1_805' title='bbox 2587 4897 2834 4968; x_wconf 75' lang='grc' dir='ltr'>ἡμέρας,</span> <span class='ocrx_word' id='word_1_806' title='bbox 2894 4897 2988 4948; x_wconf 80' lang='grc' dir='ltr'><strong>καὶ</strong></span> <span class='ocrx_word' id='word_1_807' title='bbox 3046 4894 3416 4964; x_wconf 77' lang='grc' dir='ltr'>παρεκάλεσεν</span> <span class='ocrx_word' id='word_1_808' title='bbox 3459 4893 3563 4946; x_wconf 86' lang='grc' dir='ltr'><strong>τὸν</strong></span> 
     </span>
    </p>
   </div>
   <div class='ocr_carea' id='block_1_106' title="bbox 1986 4982 3565 5057">
    <p class='ocr_par' dir='ltr' id='par_1_106' title="bbox 1986 4982 3565 5057">
     <span class='ocr_line' id='line_1_106' title="bbox 1986 4982 3565 5057; baseline -0.002 -20"><span class='ocrx_word' id='word_1_809' title='bbox 1986 4985 2157 5054; x_wconf 80' lang='grc' dir='ltr'>μέγαν</span> <span class='ocrx_word' id='word_1_810' title='bbox 2196 4986 2470 5057; x_wconf 80' lang='grc' dir='ltr'>Ἱλαρίωνα</span> <span class='ocrx_word' id='word_1_811' title='bbox 2508 4986 2820 5055; x_wconf 81' lang='grc' dir='ltr'>Ἑπιφάνιος</span> <span class='ocrx_word' id='word_1_812' title='bbox 2855 4984 3036 5039; x_wconf 83' lang='grc' dir='ltr'>δοῦναί</span> <span class='ocrx_word' id='word_1_813' title='bbox 3064 5001 3155 5053; x_wconf 86' lang='grc' dir='ltr'><strong>μοι</strong></span> <span class='ocrx_word' id='word_1_814' title='bbox 3185 4982 3284 5053; x_wconf 81' lang='grc' dir='ltr'>τὴν</span> <span class='ocrx_word' id='word_1_815' title='bbox 3327 4984 3384 5035; x_wconf 80' lang='grc' dir='ltr'>ἐν</span> <span class='ocrx_word' id='word_1_816' title='bbox 3413 4982 3565 5050; x_wconf 65' lang='grc' dir='ltr'>Χρις</span> 
     </span>
    </p>
   </div>
   <div class='ocr_carea' id='block_1_107' title="bbox 1986 5070 3563 5150">
    <p class='ocr_par' dir='ltr' id='par_1_107' title="bbox 1986 5070 3563 5150">
     <span class='ocr_line' id='line_1_107' title="bbox 1986 5070 3563 5150; baseline -0.001 -20"><span class='ocrx_word' id='word_1_817' title='bbox 1986 5077 2096 5146; x_wconf 83' lang='grc' dir='ltr'>στῷ</span> <span class='ocrx_word' id='word_1_818' title='bbox 2130 5079 2444 5149; x_wconf 58' lang='grc' dir='ltr'>σφραγῖδαθ</span> <span class='ocrx_word' id='word_1_819' title='bbox 2476 5079 2662 5150; x_wconf 78' lang='grc' dir='ltr'>ἐπειδὴ</span> <span class='ocrx_word' id='word_1_820' title='bbox 2701 5078 2942 5148; x_wconf 84' lang='grc' dir='ltr'>Ἱλαρίων</span> <span class='ocrx_word' id='word_1_821' title='bbox 2971 5076 3327 5140; x_wconf 79' lang='grc' dir='ltr'>καταξιωθεὶς</span> <span class='ocrx_word' id='word_1_822' title='bbox 3351 5070 3418 5146; x_wconf 83' lang='grc' dir='ltr'>ἦν</span> <span class='ocrx_word' id='word_1_823' title='bbox 3455 5076 3563 5128; x_wconf 81' lang='grc' dir='ltr'><strong>τοῦ</strong></span> 
     </span>
    </p>
   </div>
   <div class='ocr_carea' id='block_1_108' title="bbox 1986 5162 3569 5242">
    <p class='ocr_par' dir='ltr' id='par_1_108' title="bbox 1986 5162 3569 5242">
     <span class='ocr_line' id='line_1_108' title="bbox 1986 5162 3569 5242; baseline -0.001 -22"><span class='ocrx_word' id='word_1_824' title='bbox 1986 5166 2194 5238; x_wconf 81' lang='grc' dir='ltr'>βαθμοῦ</span> <span class='ocrx_word' id='word_1_825' title='bbox 2221 5168 2313 5222; x_wconf 86' lang='grc' dir='ltr'><strong>τοῦ</strong></span> <span class='ocrx_word' id='word_1_826' title='bbox 2340 5168 2749 5242; x_wconf 77' lang='grc' dir='ltr'>πρεσϐυτερίου.</span> <span class='ocrx_word' id='word_1_827' title='bbox 2778 5168 2971 5222; x_wconf 72' lang='grc' dir='ltr'>Λαϐὼν</span> <span class='ocrx_word' id='word_1_828' title='bbox 2999 5162 3091 5220; x_wconf 81' lang='grc' dir='ltr'>οὖν</span> <span class='ocrx_word' id='word_1_829' title='bbox 3132 5167 3161 5218; x_wconf 87' lang='grc' dir='ltr'>ὁ</span> <span class='ocrx_word' id='word_1_830' title='bbox 3197 5168 3367 5236; x_wconf 83' lang='grc' dir='ltr'>μέγας</span> <span class='ocrx_word' id='word_1_831' title='bbox 3416 5165 3569 5218; x_wconf 65' lang='grc' dir='ltr'>Ἰλεο</span> 
     </span>
    </p>
   </div>
   <div class='ocr_carea' id='block_1_109' title="bbox 1986 5256 3568 5334">
    <p class='ocr_par' dir='ltr' id='par_1_109' title="bbox 1986 5256 3568 5334">
     <span class='ocr_line' id='line_1_109' title="bbox 1986 5256 3568 5334; baseline -0.001 -25"><span class='ocrx_word' id='word_1_832' title='bbox 1986 5259 2116 5328; x_wconf 88' lang='grc' dir='ltr'>ρίων</span> <span class='ocrx_word' id='word_1_833' title='bbox 2146 5261 2240 5313; x_wconf 58' lang='grc' dir='ltr'><strong>καί¹</strong></span> <span class='ocrx_word' id='word_1_834' title='bbox 2264 5261 2476 5325; x_wconf 77' lang='grc' dir='ltr'>διδάξας</span> <span class='ocrx_word' id='word_1_835' title='bbox 2502 5279 2569 5332; x_wconf 85' lang='grc' dir='ltr'><strong>με</strong></span> <span class='ocrx_word' id='word_1_836' title='bbox 2597 5263 2697 5334; x_wconf 80' lang='grc' dir='ltr'>τὴν</span> <span class='ocrx_word' id='word_1_837' title='bbox 2754 5263 2931 5314; x_wconf 80' lang='grc' dir='ltr'>πᾶσαν</span> <span class='ocrx_word' id='word_1_838' title='bbox 2957 5257 3299 5321; x_wconf 87' lang='grc' dir='ltr'>ἀκολουθίαν,</span> <span class='ocrx_word' id='word_1_839' title='bbox 3326 5256 3568 5309; x_wconf 72' lang='grc' dir='ltr'>ἐϐάπτι-</span> 
     </span>
    </p>
   </div>
   <div class='ocr_carea' id='block_1_110' title="bbox 1986 5347 3566 5423">
    <p class='ocr_par' dir='ltr' id='par_1_110' title="bbox 1986 5347 3566 5423">
     <span class='ocr_line' id='line_1_110' title="bbox 1986 5347 3566 5423; baseline -0.001 -21"><span class='ocrx_word' id='word_1_840' title='bbox 1986 5349 2046 5402; x_wconf 84' lang='grc' dir='ltr'>σέ</span> <span class='ocrx_word' id='word_1_841' title='bbox 2077 5367 2144 5420; x_wconf 88' lang='grc' dir='ltr'><strong>με</strong></span> <span class='ocrx_word' id='word_1_842' title='bbox 2188 5354 2246 5405; x_wconf 81' lang='grc' dir='ltr'>ὲν</span> <span class='ocrx_word' id='word_1_843' title='bbox 2285 5354 2507 5422; x_wconf 80' lang='grc' dir='ltr'>ὀνόματι</span> <span class='ocrx_word' id='word_1_844' title='bbox 2537 5353 2768 5423; x_wconf 84' lang='grc' dir='ltr'>Πατρὸς,</span> <span class='ocrx_word' id='word_1_845' title='bbox 2787 5352 2879 5406; x_wconf 76' lang='grc' dir='ltr'><strong>καὶ</strong></span> <span class='ocrx_word' id='word_1_846' title='bbox 2901 5350 3052 5414; x_wconf 87' lang='grc' dir='ltr'>Υἰοῦ,</span> <span class='ocrx_word' id='word_1_847' title='bbox 3082 5350 3173 5404; x_wconf 80' lang='grc' dir='ltr'>καὶ</span> <span class='ocrx_word' id='word_1_848' title='bbox 3198 5348 3354 5416; x_wconf 75' lang='grc' dir='ltr'>ἁγίου</span> <span class='ocrx_word' id='word_1_849' title='bbox 3382 5347 3566 5401; x_wconf 70' lang='grc' dir='ltr'>Πνεῦ-</span> 
     </span>
    </p>
   </div>
   <div class='ocr_carea' id='block_1_111' title="bbox 310 5434 3567 5515">
    <p class='ocr_par' dir='ltr' id='par_1_111' title="bbox 310 5434 3567 5515">
     <span class='ocr_line' id='line_1_111' title="bbox 310 5434 3567 5515; baseline -0.001 -22"><span class='ocrx_word' id='word_1_850' title='bbox 310 5457 497 5511; x_wconf 76' lang='grc' dir='ltr'>ματος,</span> <span class='ocrx_word' id='word_1_851' title='bbox 546 5436 805 5499; x_wconf 75' lang='grc' dir='ltr'>κελεύσας</span> <span class='ocrx_word' id='word_1_852' title='bbox 855 5454 922 5506; x_wconf 85' lang='grc' dir='ltr'><strong>με</strong></span> <span class='ocrx_word' id='word_1_853' title='bbox 965 5434 1211 5504; x_wconf 84' lang='grc' dir='ltr'>Ἰωάννης</span> <span class='ocrx_word' id='word_1_854' title='bbox 1266 5434 1566 5488; x_wconf 76' lang='grc' dir='ltr'>καλεῖσθαι.</span> <span class='ocrx_word' id='word_1_855' title='bbox 1629 5435 1991 5511; x_wconf 80' lang='grc' dir='ltr'>Ἐποιήσαμεν</span> <span class='ocrx_word' id='word_1_856' title='bbox 2036 5441 2092 5494; x_wconf 82' lang='grc' dir='ltr'>δὲ</span> <span class='ocrx_word' id='word_1_857' title='bbox 2149 5447 2279 5514; x_wconf 82' lang='grc' dir='ltr'>παρ’</span> <span class='ocrx_word' id='word_1_858' title='bbox 2334 5445 2516 5508; x_wconf 75' lang='grc' dir='ltr'>αὐτοῖς</span> <span class='ocrx_word' id='word_1_859' title='bbox 2586 5444 2795 5515; x_wconf 71' lang='grc' dir='ltr'>ἡμέρας</span> <span class='ocrx_word' id='word_1_860' title='bbox 2851 5442 3011 5495; x_wconf 83' lang='grc' dir='ltr'>δέκα·</span> <span class='ocrx_word' id='word_1_861' title='bbox 3058 5441 3154 5495; x_wconf 80' lang='grc' dir='ltr'><strong>καὶ</strong></span> <span class='ocrx_word' id='word_1_862' title='bbox 3207 5437 3567 5508; x_wconf 75' lang='grc' dir='ltr'>παρεκάλουν</span> 
     </span>
    </p>
   </div>
   <div class='ocr_carea' id='block_1_112' title="bbox 317 5522 3568 5602">
    <p class='ocr_par' dir='ltr' id='par_1_112' title="bbox 317 5522 3568 5602">
     <span class='ocr_line' id='line_1_112' title="bbox 317 5522 3568 5602; baseline -0.001 -19"><span class='ocrx_word' id='word_1_863' title='bbox 317 5530 632 5600; x_wconf 79' lang='grc' dir='ltr'>Ἐπιφάνιον</span> <span class='ocrx_word' id='word_1_864' title='bbox 662 5529 713 5581; x_wconf 74' lang='lat' dir='ltr'><strong>oi</strong></span> <span class='ocrx_word' id='word_1_865' title='bbox 736 5527 951 5595; x_wconf 75' lang='grc' dir='ltr'>ἀδελφοὶ</span> <span class='ocrx_word' id='word_1_866' title='bbox 1005 5525 1140 5578; x_wconf 82' lang='grc' dir='ltr'>ὥστε</span> <span class='ocrx_word' id='word_1_867' title='bbox 1210 5527 1478 5581; x_wconf 79' lang='grc' dir='ltr'>κατοικεῖν</span> <span class='ocrx_word' id='word_1_868' title='bbox 1530 5522 1644 5592; x_wconf 79' lang='grc' dir='ltr'>ἅμα</span> <span class='ocrx_word' id='word_1_869' title='bbox 1694 5525 1751 5577; x_wconf 81' lang='grc' dir='ltr'>ἐν</span> <span class='ocrx_word' id='word_1_870' title='bbox 1786 5526 1864 5595; x_wconf 84' lang='grc' dir='ltr'>τῷ</span> <span class='ocrx_word' id='word_1_871' title='bbox 1901 5530 2048 5598; x_wconf 81' lang='grc' dir='ltr'>τόπῳ</span> <span class='ocrx_word' id='word_1_872' title='bbox 2094 5533 2305 5602; x_wconf 80' lang='grc' dir='ltr'>ἐκείνῳ.</span> <span class='ocrx_word' id='word_1_873' title='bbox 2354 5534 2522 5596; x_wconf 79' lang='grc' dir='ltr'>Αὐτὸς</span> <span class='ocrx_word' id='word_1_874' title='bbox 2570 5533 2625 5583; x_wconf 84' lang='grc' dir='ltr'>δὲ</span> <span class='ocrx_word' id='word_1_875' title='bbox 2677 5533 2774 5586; x_wconf 72' lang='grc' dir='ltr'>οὐκ</span> <span class='ocrx_word' id='word_1_876' title='bbox 2819 5530 3112 5600; x_wconf 70' lang='grc' dir='ltr'>ἠϐουλήθη,</span> <span class='ocrx_word' id='word_1_877' title='bbox 3164 5525 3568 5582; x_wconf 72' lang='grc' dir='ltr'>ἁλλ’ἐϐούλετο</span> 
     </span>
    </p>
   </div>
   <div class='ocr_carea' id='block_1_113' title="bbox 305 5618 1230 5690">
    <p class='ocr_par' dir='ltr' id='par_1_113' title="bbox 305 5618 1230 5690">
     <span class='ocr_line' id='line_1_113' title="bbox 305 5618 1230 5690; baseline -0.001 -17"><span class='ocrx_word' id='word_1_878' title='bbox 305 5620 466 5673; x_wconf 73' lang='grc' dir='ltr'>πάλιν</span> <span class='ocrx_word' id='word_1_879' title='bbox 493 5620 626 5673; x_wconf 75' lang='grc' dir='ltr'>ὅπου</span> <span class='ocrx_word' id='word_1_880' title='bbox 652 5618 714 5671; x_wconf 87' lang='grc' dir='ltr'><strong>τὸ</strong></span> <span class='ocrx_word' id='word_1_881' title='bbox 741 5619 871 5690; x_wconf 79' lang='grc' dir='ltr'>πρὶν</span> <span class='ocrx_word' id='word_1_882' title='bbox 892 5618 1230 5689; x_wconf 84' lang='grc' dir='ltr'>κατοικῆσαι.</span> 
     </span>
    </p>
   </div>
   <div class='ocr_carea' id='block_1_114' title="bbox 377 5728 961 5805">
    <p class='ocr_par' dir='ltr' id='par_1_114' title="bbox 377 5728 961 5805">
     <span class='ocr_line' id='line_1_114' title="bbox 377 5728 961 5805; baseline -0.003 -18"><span class='ocrx_word' id='word_1_883' title='bbox 377 5729 456 5805; x_wconf 79' lang='grc' dir='ltr'><strong>(ο)</strong></span> <span class='ocrx_word' id='word_1_884' title='bbox 493 5728 676 5799; x_wconf 86' lang='lat' dir='ltr'><strong>Forte,</strong></span> <span class='ocrx_word' id='word_1_885' title='bbox 703 5732 961 5801; x_wconf 82' lang='grc' dir='ltr'>συνεῖρεν.</span> 
     </span>
    </p>
   </div>
  </div>
