3808 6132
184 328 190 335 ,
219 255 284 317 δτ
912 327 923 339 ,
1144 221 1151 227 ’
1494 261 1551 316 s.
1595 260 1782 316 EPlPll

1883 239 1936 340 ιιι
1975 264 2151 320 ms.
3389 283 3462 340 δε

278 369 378 425 ῘΒ’.
432 369 782 436 Ἐξελθόντων
818 370 874 424 δὲ
905 372 1060 442 ἡμῶν
1098 372 1207 425 ἀπὸ
1250 372 1343 426 τοῦ
1394 376 1782 446 μοναστηρίου,

1959 377 2069 434 XII.
2100 380 2237 436 Cum
2264 391 2445 439 autem
2469 400 2573 442 nos
2601 389 2804 459 egressi
2831 405 3078 449 essemus
3121 410 3155 452 e
3186 410 3465 456 nionaste-

215 461 579 533 ὶπορευόμεθα
600 461 699 533 τὴν
728 462 844 516 ὁδὸν
865 461 1040 533 ήμῶν.
1087 463 1176 528 Ὠς
1204 463 1260 517 δὲ
1289 464 1398 518 ἀπὸ
1427 465 1669 537 σημείων
1693 464 1787 520 δύο

214 553 302 608 τοῦ
339 552 701 625 μοναστηρίου
726 553 1039 626 ἀπήντησεν
1057 556 1191 626 ἡμῖν
1218 554 1500 622 νεανίσκος
1524 574 1629 621 τις,
1647 556 1786 628 ἔχων

213 643 527 714 ἀρχοντικδν
581 642 834 714 δαίμονα,
870 645 1344 717 κατατεμνόμενος
1382 649 1443 701 ἐν
1495 649 1561 719 τῇ
1593 649 1786 719 ἐρήμῳ

210 733 295 787 ὑπ’
324 732 511 787 αὑτοῦ.
540 731 742 786 Τοῦτον
772 732 895 787 ἰδὼν
939 734 1251 805 Ἐπιφάνιος
1272 736 1501 807 γυμνὸν,
1536 737 1628 791 καὶ
1650 738 1786 791 ἀτᾶέ

210 841 316 895 κτῳ
340 823 525 896 δρόμῳ
549 823 897 895 ἁλισκόμενον
929 826 1034 879 ὑπὸ
1061 824 1154 879 τοῦ
1195 826 1507 897 ἀκαθάρτου
1538 826 1784 898 πνεύμα-

209 932 312 982 τος,
344 914 575 986 ἔκραξεν
612 913 823 987 μεγάλῃ
857 918 1007 987 φωνῇ
1036 930 1051 945 °
1084 915 1456 989 Παραγγέλλω
1485 934 1567 971 σοι
1592 918 1650 971 ἐν
1669 918 1786 971 ὀνό-

212 1026 339 1078 ματι
398 1006 492 1060 τοῦ
528 1005 944 1078 ἐσταυρωμένον
1007 1005 1180 1076 Ἰησοῦ
1232 1007 1489 1079 Χριστοῦ,
1551 1006 1784 1076 ἐξελθεῖν

209 1098 311 1151 ἀπὸ
344 1096 438 1151 τοῦ
478 1096 792 1167 πλάσματος
822 1095 918 1150 τοῦ
945 1095 1099 1152 Θεοῦ.
1129 1096 1347 1161 Εὐθέως
1369 1098 1427 1152 δὲ
1450 1098 1513 1152 τὸ
1541 1099 1785 1172 ἀκάθαρ-

208 1206 292 1242 τον
324 1187 545 1257 πνεῦμα
575 1185 882 1256 ἐσπάραξεν
919 1186 1011 1239 τὸν
1066 1187 1347 1242 νεανίσκον
1372 1228 1385 1253 ,
1427 1189 1522 1243 καὶ
1564 1189 1783 1262 ἔρριψεν

208 1281 364 1333 αὐτὸν
401 1279 494 1332 ἐπὶ
543 1277 641 1349 τὴν
670 1278 796 1348 γῆν,
829 1278 921 1331 καὶ
956 1278 1176 1350 ἐξῆλθεν
1227 1281 1321 1336 ἀπ’
1377 1281 1562 1336 αὐτοῦ.
1634 1282 1692 1336 Ὀ
1725 1282 1782 1336 δὲ

207 1369 510 1441 ἀκάθαρτος
540 1368 750 1440 δαίμων
778 1367 1007 1439 ἔκραξεν
1034 1369 1250 1442 μεγάλῃ
1278 1373 1345 1442 τῇ
1393 1374 1544 1444 φωνῇ
1566 1390 1581 1404 ο
1629 1372 1782 1427 Ἐπι..

209 1461 379 1529 φάνιε,
414 1458 628 1523 διώκεις
665 1476 735 1529 με
766 1458 875 1511 ἀπὸ
899 1458 995 1511 τοῦ
1040 1458 1205 1513 τόπου
1254 1478 1356 1530 μου
1380 1460 1468 1515 διὰ
1502 1461 1583 1532 κβ⁹
1619 1460 1778 1516 ὲτῶν.

218 1549 355 1620 Ἐγὼ
388 1549 724 1621 πορεύσομαι
755 1548 891 1619 πρὸς
911 1550 1001 1602 τὸν
1027 1548 1249 1620 βασιλέα
1280 1548 1389 1603 τῶν
1419 1550 1661 1622 Περσῶν,
1691 1550 1782 1608 καὶ

205 1640 406 1711 κινήσω
454 1638 614 1692 αὑτὸν
647 1639 788 1692 κατά
822 1644 943 1704 σοῦ..
997 1640 1091 1692 καὶ
1153 1642 1365 1712 ποιήσω
1400 1658 1457 1693 σε
1493 1641 1630 1712 μετά
1662 1640 1774 1694 θλί-

1889 467 1993 534 rio,
2025 469 2167 524 viam
2198 481 2440 530 nostram
2466 474 2747 535 inivimus.
2777 481 2861 537 Ad
2891 486 3195 542 secundum
3227 504 3359 543 vero
3384 488 3468 547 la-

1886 558 2064 627 pidem
2096 575 2128 617 a
2155 565 2510 630 monasterio,
2542 569 2783 624 occurrit
2815 573 2974 629 nobis
3021 577 3244 645 quidam
3277 580 3467 635 adole-

1888 661 2068 710 scens,
2119 652 2212 721 qui
2264 653 2502 712 habebat
2542 658 2846 716 daemonem
2885 664 3238 734 imperantem
3276 689 3291 725 :
3325 678 3380 726 ct
3410 671 3466 725 in

1886 737 2180 795 solitudine
2229 744 2300 796 ab
2330 755 2396 797 eo
2439 744 2867 816 discerpebatur.
2898 750 3037 806 Cum
3066 771 3191 810 eum
3243 759 3466 816 vidisset

1886 823 2223 896 Epiphanius
2257 832 2463 886 nudum
2491 833 2748 892 insolenti
2782 848 2837 893 et
2888 840 3251 913 incomposito
3299 862 3465 904 cursu

1885 919 2068 972 vexari
2100 920 2169 974 ab
2193 922 2478 979 immundo
2515 927 2734 996 spiritu,
2764 930 3020 988 clamavit
3065 951 3260 1007 magna
3289 955 3419 994 voce
3447 958 3463 994 :

1884 1004 2148 1077 Praecipio
2181 1010 2275 1065 tibi
2301 1011 2356 1067 in
2392 1014 2614 1072 nomine
2636 1016 2774 1074 Jesu
2809 1019 3016 1079 Christi
3047 1004 3315 1096 cruciﬁxi,
3344 1040 3403 1085 ut
3434 1048 3465 1086 a

1885 1097 1981 1154 Dei
2019 1099 2279 1171 ﬁgmento
2310 1119 2495 1163 exeas.
2546 1107 2741 1166 Statim
2776 1123 2960 1170 autem
3000 1133 3121 1175 eum
3171 1123 3466 1192 exagitavit

1884 1191 2200 1249 immundus
2223 1197 2469 1266 spiritus,
2501 1209 2555 1255 et
2578 1201 2726 1257 hum‘i
2753 1203 2921 1260 allixit
2948 1221 2962 1261 :
2991 1219 3155 1279 atque
3187 1213 3257 1267 ab
3283 1191 3350 1267 eo
3376 1225 3464 1269 est

1883 1297 2156 1352 egressus.
2190 1285 2508 1344 immundus
2534 1300 2716 1348 autem
2738 1294 2951 1351 daemon
2980 1298 3237 1356 clamavit
3266 1319 3461 1373 magna

1883 1386 2016 1428 voce
2047 1390 2060 1427 :
2102 1371 2146 1428 Ο
2175 1372 2467 1445 Epiphani,
2511 1388 2568 1435 tu
2605 1397 2691 1437 me
2713 1386 2939 1453 expellis
2962 1390 3137 1445 eloco
3173 1407 3296 1447 meo
3340 1371 3465 1464 post

1883 1463 2118 1532 spatium
2145 1467 2333 1535 viginti
2362 1468 2597 1525 duorum
2630 1488 2899 1530 annorum
2943 1496 2958 1531 :
2989 1494 3091 1550 ego
3142 1482 3231 1537 ibo
3279 1463 3348 1538 ad
3375 1500 3465 1539 re-

1881 1568 2002 1622 gem
2026 1552 2338 1619 Persarum,
2366 1568 2419 1612 et
2437 1561 2664 1617 movebo
2683 1578 2806 1618 eum
2835 1576 3026 1624 contra
3057 1581 3136 1637 te;
3164 1580 3218 1628 et
3243 1572 3463 1639 faciam,

1885 1650 1942 1696 ut
1974 1658 2096 1696 cum
2162 1644 2455 1701 alliictione
2509 1663 2691 1704 coram
2727 1668 2793 1709 eo
2848 1656 3081 1713 sistaris.
3132 1659 3466 1721 Adolescens

197 1730 340 1798 ψεως
377 1728 576 1799 πολλῆς
606 1729 952 1799 παραστῆναι
986 1730 1126 1784 κατὰ
1163 1731 1456 1800 πρόσωπον
1488 1730 1677 1785 αὐτοῦ.
1723 1733 1780 1787 '0

1884 1742 2065 1785 autem
2091 1734 2239 1788 venit
2262 1737 2562 1806 modestus,
2590 1750 2644 1795 et
2676 1745 2908 1811 procidit
2933 1748 2998 1802 ad
3030 1711 3212 1819 pedrs—
3225 1711 3463 1825 Epipha:

199 1819 252 1872 δὲ
286 1818 504 1882 νεανίας
541 1815 704 1890 ἦλθεν
739 1820 1052 1890 σωφρόνως,
1086 1820 1181 1873 καὶ
1214 1821 1407 1875 ἔπεσεν
1431 1822 1510 1886 εἰς
1537 1823 1663 1887 τοὺς
1687 1823 1783 1876 πό-

199 1910 288 1973 δας
333 1910 671 1979 Ἐπιφανίου.
702 1910 760 1962 Ὀ
797 1910 853 1963 δὲ
890 1910 1210 1981 Ἐπιφάνιος
1235 1912 1453 1983 ἤγειρεν
1481 1913 1663 1980 αὑτὸν,
1698 1913 1784 1967 λέ-

198 1990 336 2067 γων’
391 1999 645 2065 Ἀνάστα,
681 1999 888 2062 τέκνον,
925 2002 1018 2054 καὶ
1051 2000 1252 2055 ἄπελθε
1299 2004 1358 2056 ἐν
1386 2000 1462 2074 τῷ
1493 2005 1627 2075 οἴκῳ
1686 2022 1780 2058 σου

198 2093 251 2144 ὲν
282 2095 498 2163 εἰρήνῃ.
531 2093 640 2145 Καὶ
668 2092 866 2156 εὐθέως
898 2092 1120 2164 ἀνέστη.

262 2183 357 2235 ll".
415 2184 473 2235 '0
498 2179 591 2235 οὖν
623 2184 831 2252 δαίμων
873 2186 901 2236 ὁ
932 2184 1241 2255 ἀκάθαρτος
1279 2185 1546 2258 ἐπορεύθη
1602 2189 1658 2239 ἐν
1713 2189 1778 2258 τῇ

197 2272 434 2344 Περσίδι,
471 2275 567 2327 καὶ
600 2274 867 2346 ἐκολλήθη
891 2276 957 2346 τῇ
989 2276 1220 2348 θυγατρὶ
1244 2276 1337 2330 τοῦ
1361 2277 1644 2348 βασιλέως,
1685 2280 1780 2331 καὶ

194 2369 254 2436 τῇ
284 2366 547 2438 τιμωρία,
641 2367 864 2438 ἤλισκεν
893 2368 984 2420 τὸν
1012 2369 1315 2433 νεανίσκον,
1339 2370 1540 2441 ὁμοίως
1571 2371 1662 2423 καὶ
1684 2372 1781 2424 αὐ-

193 2458 286 2529 τὴν
329 2458 632 2532 ὲτιμώρει·
694 2461 789 2514 καὶ
825 2459 1056 2532 ἔκραξεν
1084 2460 1258 2530 λέγων
1282 2479 1296 2492 ·
1347 2462 1472 2516 Ἐὰν
1509 2462 1583 2533 μὴ
1629 2463 1778 2515 Ἐπι-

193 2549 379 2618 φάνιος
399 2548 531 2620 ἔλθῃ
572 2548 809 2603 ἐνταῦθα
860 2552 888 2603 ὁ
921 2549 1243 2615 ἀποστείλας
1283 2568 1351 2622 με
1386 2551 1520 2623 πρὸς
1547 2552 1645 2623 τὴν
1680 2555 1779 2624 σὴν

192 2639 488 2712 θυγατέρα,
519 2642 619 2694 οὐκ
654 2641 944 2712 ἐξέρχομαι
983 2642 1076 2695 ἀπ’
1101 2642 1293 2713 αὐτῆς.
1335 2644 1447 2696 Καὶ
1470 2643 1631 2698 πάλιν
1661 2644 1778 2698 ἐλε-

191 2746 281 2798 γεν
323 2731 353 2782 ὁ
379 2729 593 2801 δαίμων
621 2746 635 2761 ·
680 2731 987 2801 Ἐπιφάνιε,
1044 2733 1104 2785 τὸ
1151 2734 1310 2802 γένος
1353 2734 1460 2787 τῶν
1493 2735 1776 2800 Φοινίκων,

190 2819 308 2874 ἐλθὲ
342 2821 557 2886 ἐνθάδε,
595 2822 743 2885 ὅπως
771 2821 972 2891 ἐξέλθω
994 2824 1101 2878 ἀπὸ
1131 2826 1231 2895 τῆς
1259 2824 1529 2896 θυγατρὸς
1560 2823 1656 2879 τοῦ
1683 2823 1778 2897 βα-

191 2912 400 2978 σιλέως.
451 2915 513 2968 ’0
536 2911 631 2968 οὖν
660 2913 913 2985 βασιλεὺς
957 2916 1197 2980 ἀκούσας
1245 2917 1354 2971 ἀπὸ
1401 2916 1493 2972 τοῦ
1522 2917 1776 2987 δαίμονος

190 3007 321 3077 περὶ
354 3008 459 3079 τῆς
493 3008 767 3079 Φοινίκης,
793 3006 1111 3063 ἀπέστειλεν
1138 3008 1342 3081 πλῆθος
1370 3008 1675 3081 ἀνθρώπων
1696 3010 1778 3062 εὐ-
1803 3040 1846 3099 C

185 3097 480 3155 διαλέκτων
509 3100 646 3172 πρὸς
678 3100 1018 3172 ἀναζήτησιν
1058 3101 1402 3170 Ἐπιφανίου.
1425 3101 1536 3156 Καὶ
1556 3101 1620 3171 δὴ
1648 3101 1779 3155 ἀνα-

184 3188 529 3262 ζητήσαντες
560 3190 780 3246 ἃπασαν
808 3192 907 3264 τὴν
940 3190 1151 3264 χώραν’
1181 3191 1292 3247 τῶν
1349 3192 1633 3258 Φοινίκων,
1680 3193 1779 3264 οὐχ

185 3275 343 3351 εὖρον
368 3300 383 3314 ·
409 3282 533 3337 ἀλλ’
564 3281 874 3355 ἀνεχώρουν
904 3283 1176 3356 ἄπρακτοι
1210 3285 1346 3357 πρὸς
1383 3286 1475 3339 τὸν
1528 3284 1773 3354 βασιλέα.

182 3374 337 3440 Τινὲς
391 3376 450 3430 δὲ
492 3375 552 3443 ἐξ
580 3375 759 3429 αὐτῶν
790 3377 884 3429 καὶ
912 3376 1097 3440 κακῶς
1141 3378 1445 3449 ὑπέμειναν
1516 3381 1621 3435 ὑπὸ
1671 3381 1779 3436 τῶν

192 3465 494 3539 Ῥωμαίων
524 3468 599 3532 ὡς
650 3467 1010 3531 κατάσκοποι,
1040 3469 1136 3522 καὶ
1170 3468 1269 3540 τὴν
1300 3471 1406 3541 γῆν
1433 3470 1652 3527 ἃπασαν
1679 3471 1777 3544 τὴν

176 3558 441 3631 Φοινίκην
472 3559 568 3612 ἐπὶ
598 3559 834 3630 πονηρία
867 3558 1110 3622 θέλοντες
1165 3561 1516 3632 κατανοῆσαι.
1571 3563 1778 3633 Πορευ-

178 3645 367 3712 θέντες
394 3649 455 3701 δὲ
489 3648 541 3702 οί
568 3646 1000 3718 διαπεμφθέντες
1041 3648 1386 3720 ἀπήγγειλαν
1431 3648 1509 3720 τῷ
1547 3650 1775 3720 βασιλεῖ,

175 3735 257 3790 ὃτι
287 3738 389 3808 οὐχ
416 3729 584 3809 εὗρον
610 3737 701 3791 τὸν
747 3736 1087 3806 Ἐπιφάνιον.
1136 3738 1194 3791 Ὁ
1228 3737 1286 3791 δὲ
1318 3739 1528 3810 δαίμων
1549 3740 1778 3812 ἔκραξεν

179 3829 395 3903 μεγάλῃ
434 3833 508 3901 τῇ
539 3831 688 3901 φωνῇ
717 3847 731 3861 ο
760 3828 851 3883 Ἐν
904 3828 981 3900 τῷ
1026 3830 1175 3901 τόπῳ
1229 3830 1308 3902 τῷ
1364 3832 1779 3906 ἐπικαλουμένῳ

173 3921 530 3994 Σπανυδρίῳ,
555 3923 673 3976 ἐκεῖ
696 3921 840 3976 ἔστιν
860 3920 1151 3976 κατοικῶν.
1170 3921 1338 3976 Πάλιν
1363 3919 1456 3978 οὖν
1479 3927 1507 3977 ὁ
1527 3924 1780 3995 βασιλεὺς

174 4012 704 4087 προσκαλεσάμενος
761 4011 805 4065 λ’
864 4012 1085 4085 ἄνδρας,
1150 4008 1307 4066 εἶπεν
1354 4013 1493 4086 πρὸς
1546 4016 1777 4080 αὐτούς·

183 4102 571 4158 Ἀποδύσασθε
608 4103 672 4157 τὸ
722 4103 907 4174 σχῆμα
947 4103 1008 4157 τὺ
1034 4103 1324 4175 Περσικὸν,
1362 4105 1458 4159 καὶ
1490 4105 1680 4160 λάϐετε
1719 4107 1780 4160 τὸ

136 4186 149 4197 ’
174 4194 364 4265 σχῆμα
383 4195 503 4249 τῶν
546 4195 852 4266 Ῥωμαίων,
885 4196 979 4249 καὶ
1014 4194 1313 4268 πορεύθητε
1345 4197 1404 4250 ἐν
1435 4201 1500 4270 τῇ
1535 4199 1777 4271 Φοινίκῃο

169 4286 264 4339 καὶ
314 4286 709 4358 ἀναξητήσατε
760 4286 852 4339 τὸν
879 4287 1047 4341 τόπον
1069 4289 1164 4341 τὸν
1189 4287 1525 4359 καλούμενον
1570 4290 1779 4343 Σπανύ-

1885 1822 1981 1876 nii.
2032 1822 2135 1889 Qui
2165 1841 2289 1879 eum
2324 1828 2519 1893 erexit,
2550 1830 2735 1888 dicens
2770 1850 2782 1884 :
2819 1835 3012 1907 Surge,
3049 1841 3146 1904 ﬁli,
3172 1853 3225 1896 et
3249 1822 3303 1898 in
3328 1822 3465 1914 pace

1883 1916 2019 1970 vade
2048 1916 2100 1970 in
2142 1915 2365 1973 domum
2407 1928 2579 1976 tuam.
2607 1920 2673 1977 Et
2713 1928 3247 1999 surrexitprotinus.

1953 2176 2091 2233 XLI.
2126 2177 2445 2236 immundus
2470 2191 2651 2236 autem
2689 2183 2900 2239 daemon
2927 2186 3025 2241 ivit
3067 2188 3119 2241 in
3164 2187 3459 2254 Persidem,

1881 2279 1932 2323 et
1961 2272 2188 2325 adhaesit
2223 2271 2345 2326 lilia:
2375 2272 2742 2343 imperatoris,
2773 2285 2827 2330 ct
2864 2293 2985 2333 eam
3012 2280 3199 2335 eodem
3236 2291 3459 2352 torque-

1882 2361 1975 2415 hat
2005 2363 2293 2432 supplicio,
2330 2379 2440 2432 quo
2480 2363 2633 2434 prius
2677 2367 3099 2437 adolescentem,
3154 2380 3219 2427 et
3251 2372 3458 2427 clama-

1882 2453 1993 2516 bat,
2022 2453 2210 2507 dicens
2240 2471 2253 2507 :
2280 2451 2394 2506 Nisi
2437 2457 2645 2509 venerit
2692 2456 3047 2527 Epiphanius,
3099 2462 3193 2531 qui
3237 2462 3345 2517 huc
3375 2478 3463 2517 me

1881 2546 2029 2600 misit
2048 2546 2114 2599 ad
2149 2555 2294 2599 tuam
2325 2546 2512 2609 liliam,
2545 2547 2613 2600 ah
2658 2563 2718 2603 ea
2753 2566 2861 2604 non
2898 2552 3170 2608 recedam.
3217 2551 3462 2609 Rursus-

1882 2652 1989 2708 que
2046 2638 2263 2693 dicebat
2314 2637 2569 2692 daemon:
2625 2637 3177 2710 Epiphani,thnix
3247 2640 3473 2716 genere,

1881 2729 2000 2781 veni
2028 2728 2155 2793 huc,
2191 2739 2249 2783 ut
2276 2745 2467 2785 exeam
2497 2748 2527 2786 a
2570 2732 2677 2787 lilia
2709 2728 2874 2803 regis.
2909 2733 3049 2801 Rex_
3075 2743 3278 2801 autem,
3334 2752 3461 2791 cum

1880 2836 1909 2874 a
1947 2820 2196 2877 dmmone
2242 2822 2507 2878 andiisset
2536 2825 2603 2878 de
2646 2823 2950 2888 Phuanicia,
2985 2825 3128 2880 misit
3157 2827 3462 2881 multitudi-

1880 2929 2002 2969 nem
2057 2913 2255 2985 lingua:
2310 2915 2612 2984 peritorum
2666 2915 2950 2969 hominum
2984 2916 3051 2971 ad
3100 2917 3459 2986 quaarendum

1880 3003 2264 3075 Epiphaniam.
2318 3005 2489 3060 Porro
2534 3015 2715 3060 autem
2771 3020 2895 3060 cum
2936 3007 3320 3076 qmesivissent
3362 3022 3464 3077 per

1884 3104 2051 3152 totam
2074 3095 2395 3151 Phrenicum
2427 3096 2729 3167 regionem,
2763 3111 2888 3151 eum
2934 3111 3043 3151 non
3098 3098 3460 3153 invenerunt:

1883 3186 1976 3243 sed
2010 3187 2211 3242 reversi
2238 3185 2459 3241 sunt‘ad
2490 3202 2693 3257 regem,
2724 3202 2782 3242 re
2819 3186 3313 3243 infecta.Nonuulli
3330 3204 3462 3245 vero

1881 3278 2042 3333 etiam
2079 3294 2147 3332 ex
2167 3278 2251 3333 eis
2297 3278 2438 3333 male
2469 3278 2615 3346 passi
2650 3289 2777 3333 sunt
2802 3295 2834 3333 a
2869 3277 3153 3345 Romanis,
3199 3289 3460 3350 tanquam

1882 3368 2270 3439 speculatores,
2304 3378 2357 3424 et
2389 3369 2719 3440 qni'callide
2752 3370 2955 3425 vellent
2983 3371 3335 3427 considerare
3371 3380 3463 3427 to-

1882 3473 1989 3516 tam
2016 3462 2291 3532 regionem
2314 3459 2658 3517 thnicum.
2690 3463 2823 3516 Cum
2854 3473 3037 3518 autem
3067 3464 3133 3518 ad
3159 3462 3337 3536 regem
3366 3481 3463 3520 ve-

1882 3554 2093 3607 nissent
2123 3553 2196 3617 ii,
2237 3551 2331 3627 qui
2369 3550 2692 3620 cﬂ‘ugcrant,
2742 3554 3193 3609 renuntiaverunt
3251 3570 3311 3610 se
3348 3570 3460 3612 non

1880 3644 2153 3698 invenisse
2178 3634 2566 3713 Epiplianium.
2600 3641 2821 3696 Dazmon
2853 3653 3033 3698 autem
3088 3661 3280 3715 magna
3329 3661 3464 3702 voce

1880 3733 2156 3798 clamavit,
2194 3733 2414 3788 dicens:
2438 3730 2657 3786 Habitat
2682 3732 2734 3786 in
2762 3733 2904 3797 loco,
2933 3736 3023 3805 qui
3052 3735 3250 3790 dicitur
3277 3735 3459 3804 Span-

1879 3827 2129 3897 bydrion.
2169 3823 2378 3882 Rursus
2404 3842 2536 3897 ergo
2560 3843 2674 3894 res,
2698 3830 2976 3884 accersitis
3012 3846 3113 3883 xxx
3144 3831 3294 3896 viris,
3318 3831 3458 3885 dixit

1880 3914 1960 3969 eis
1993 3932 2006 3968 :
2042 3913 2237 3969 Exnite
2259 3930 2357 3969 vos
2388 3914 2583 3969 vestitu
2608 3914 2845 3979 Persico,
2891 3926 2942 3969 ct
2964 3915 3170 3971 inJuite
3198 3918 3459 3971 vestitum

1881 4004 2286 4060 Romanorum:
2316 4013 2370 4060 et
2396 4015 2591 4060 euntes
2626 4007 2680 4058 in
2733 4005 3095 4073 l’hmniciam,
3119 4016 3174 4061 et
3204 4023 3456 4078 quaeren-

1880 4106 1961 4153 tes
1979 4096 2178 4163 locum,
2211 4096 2306 4166 qui
2331 4097 2531 4151 dicitur
2559 4095 2963 4168 Spanhydrion,
2995 4099 3247 4154 adducite
3272 4101 3341 4155 ad
3368 4117 3462 4157 me

1882 4188 2269 4260 Epiphaniam.
2303 4187 2570 4243 Abierunt
2598 4190 2690 4259 qui
2728 4190 2879 4245 missi
2943 4191 3180 4258 fuerant,
3226 4196 3459 4251 mutatis

1879 4280 1994 4334 suis
2026 4277 2297 4343 vestibus,
2322 4287 2379 4330 et
2410 4288 2676 4332 venerunt
2723 4279 2773 4331 in
2807 4277 3170 4337 anniciam.
3205 4282 3459 4353 Cumque

168 4376 341 4448 δριον,
396 4377 650 4448 ἀγάγετέ
691 4396 780 4447 μοι
814 4379 1129 4449 Ἐπιφάνιον
1158 4379 1249 4433 τὸν
1275 4382 1534 4451 οἰκήτορα
1563 4380 1657 4434 τοῦ
1688 4382 1779 4434 τό·

1884 4371 1985 4441 ipsi
2017 4371 2245 4424 multum
2271 4369 2673 4439 quaesivissent,
2710 4371 3017 4426 declaratus
3041 4371 3144 4427 fuit
3173 4374 3257 4430 eis
3279 4378 3458 4441 locus,

169 4484 275 4520 που
325 4467 602 4537 Ἐξῆλθον
631 4468 687 4520 δὲ
718 4471 766 4521 οἱ
807 4467 852 4521 λ’
885 4468 1078 4541 ἄνδρες
1126 4471 1176 4524 oi
1225 4471 1626 4543 ἀπεσταλμένοι
1674 4473 1778 4526 ὑπὸ

167 4556 262 4609 τοῦ
290 4557 597 4627 βασιλέως.
633 4558 965 4623 ἀλλάξαντες
998 4560 1096 4625 τὰς
1152 4562 1362 4616 ἑαυτῶν
1417 4563 1627 4629 στολὰς,
1684 4567 1779 4620 καὶ

168 4650 559 4721 παρεγένοντο
576 4651 669 4703 ἐπὶ
689 4652 785 4722 τῆς
798 4653 1070 4723 Φοινίκης.
1095 4653 1190 4706 καὶ
1216 4654 1387 4707 πολλά
1402 4655 1778 4726 ἀναζητήσαν-

164 4757 279 4805 τες,
306 4741 691 4814 διερμηνεύθη
721 4743 905 4807 αὐτοῖς
945 4747 979 4799 ὁ
1000 4745 1186 4809 τόπος,
1246 4747 1337 4799 καὶ
1367 4747 1396 4799 ὁ
1443 4748 1773 4817 Ἐπιφάνιος.

165 4832 336 4886 Αὐτοὶ
368 4833 430 4886 δὲ
466 4833 786 4904 ἐπέστησαν
816 4833 895 4904 τῷ
927 4834 1078 4904 τόπῳ
1111 4834 1306 4898 νυκτός
1326 4853 1338 4865 ’
1374 4831 1442 4907 ἦν
1470 4835 1527 4889 δὲ
1554 4838 1778 4906 Ἐπιφά·

166 4942 277 4986 νιος
309 4925 417 4988 τὰς
452 4924 787 4994 νυκτερινὰς
811 4924 975 4994 εὐχὰς
1016 4924 1358 5003 ἀναπέμπων
1386 4926 1465 4997 τῷ
1488 4927 1607 4998 Θεῷ
1630 4944 1644 4957 ·
1699 4930 1777 4992 ὡς

163 5016 219 5070 δὲ
245 5016 584 5087 ἐπέστησαν
612 5018 677 5086 τῇ
706 5016 845 5088 θύρᾳ
893 5014 989 5068 τοῦ
1024 5015 1258 5080 κελλίου,
1290 5018 1387 5069 καὶ
1415 5017 1776 5089 διακρούσαν-

164 5127 277 5175 τες,
313 5110 655 5177 Ἐπιφάνιος
674 5108 784 5162 οὐδ’
814 5108 952 5171 ὅλως
982 5108 1221 5178 ἐπτοήθη
1249 5108 1326 5179 τῷ
1356 5109 1599 5182 λογισμῷ
1619 5128 1631 5141 ’
1660 5112 1774 5166 ἀλλ’

164 5200 329 5264 αὐτὸς
356 5200 421 5254 τὸ
455 5198 630 5270 ἔργον
660 5199 754 5252 τοῦ
782 5197 917 5251 Θεοῦ
967 5198 1229 5255 ἐπετέλει.
1283 5200 1446 5253 Αὐτοὶ
1499 5201 1555 5253 δὲ
1603 5202 1774 5273 θυμοῦ

164 5291 514 5362 πλησθέντες
532 5288 929 5343 ἐϐουλεύσαντο
943 5289 1042 5362 τὴν
1064 5288 1234 5361 θύραν
1253 5291 1514 5356 κατεάξαι
1536 5292 1629 5346 τοῦ
1652 5295 1775 5347 κελ-

161 5383 299 5439 λίου.
328 5378 433 5447 Εἷς
454 5383 518 5436 δέ
550 5398 641 5443 τις
677 5381 736 5447 ἐξ
750 5375 929 5436 αὐτῶν
954 5383 1054 5454 τὴν
1090 5383 1365 5455 μάχαιραν
1397 5385 1650 5450 ἑλκύσας,
1676 5390 1779 5449 ,καὶ

163 5479 244 5541 είς
269 5477 337 5529 τὸ
362 5475 641 5544 κατόχιον
663 5474 760 5543 τῆς
789 5473 955 5546 θύρας
981 5473 1186 5546 ταύτην
1204 5466 1543 5541 ἐπεκτείνας,
1565 5478 1777 5548 ἔμεινεν

165 5569 199 5641 ἡ
233 5568 364 5640 χεὶρ
400 5562 585 5620 αὐτοῦ
616 5563 889 5634 ἀκίνητος,
916 5567 1008 5619 καὶ
1039 5567 1357 5632 ἀσάλευτος,
1375 5570 1469 5623 καὶ
1491 5570 1776 5642 ἀκαμπὴς,

164 5661 261 5733 ὅλη
296 5659 484 5733 ξηρά⁸
521 5656 639 5711 τῶν
676 5656 730 5709 δὲ
767 5659 939 5712 ἄλλων
971 5660 1227 5715 ἁπάντων
1286 5662 1562 5734 ὲπιφὸὅων
1608 5680 1768 5735 γενη-

1880 4472 1934 4518 et
1957 4462 2315 4532 Epiphanius.
2341 4462 2443 4529 Qui
2476 4472 2641 4517 noctu
2670 4463 2738 4517 ad
2767 4461 2945 4517 locum
2971 4479 3274 4523 accessere.
3329 4466 3457 4538 Epi-
3538 4456 3545 4464 ’

1878 4557 2112 4627 phanius
2166 4567 2349 4610 autem
2400 4555 2687 4611 emittebat
2745 4554 2857 4610 Deo
2888 4567 3188 4613 nocturnas
3244 4574 3452 4626 preces.

1878 4648 2015 4703 Cum
2043 4646 2320 4702 venissent
2346 4660 2478 4701 vero
2509 4646 2575 4699 ad
2603 4647 2804 4701 ostium
2841 4648 3009 4709 cellae,
3039 4658 3092 4702 et
3120 4649 3456 4717 pulsassent,

1880 4739 2015 4795 nihil
2038 4740 2222 4793 animo
2267 4737 2622 4807 perturbatus
2675 4735 2782 4791 fuit
2811 4737 3182 4808 Epiphanius;
3214 4741 3307 4795 sed
3340 4741 3457 4809 ipse

1878 4831 1972 4885 Dei
2004 4845 2143 4901 opus
2174 4831 2486 4900 peragebat.
2518 4828 2623 4899 Ipsi
2654 4838 2835 4883 autem
2859 4830 2915 4884 in
2938 4832 3121 4883 animo
3149 4830 3454 4885 habuerunt

1878 4926 2128 4997 frangere
2168 4924 2553 4980 ostium..Cum
2586 4938 2718 5004 vero
2743 4940 2884 4979 unus
2927 4939 2993 4977 ex
3044 4924 3176 4991 ipsis
3201 4925 3455 4978 strinxis-

1877 5028 1961 5073 set
1988 5034 2201 5083 ensem,
2230 5016 2361 5071 etin
2386 5030 2564 5071 seram
2618 5015 2743 5070 ostii
2770 5030 2894 5068 eum
2932 5014 3269 5081 intentasset,
3300 5032 3456 5068 man-

1876 5115 1948 5168 sit
1971 5126 2166 5166 manus
2195 5109 2314 5180 ejus
2334 5107 2650 5170 immobilis,
2674 5115 2729 5160 et
2763 5115 2869 5159 tota
2899 5105 3072 5184 arida.
3102 5105 3238 5160 Aliis
3270 5115 3450 5161 autem

1878 5214 2024 5259 metu
2044 5201 2354 5273 perterritis
2375 5240 2391 5264 ,
2438 5215 2533 5269 per
2583 5197 2803 5269 aliquod
2832 5196 3175 5251 intervallum
3213 5212 3454 5252 recttsse-

1879 5304 2009 5351 runt
2055 5310 2084 5349 a
2120 5294 2274 5350 cella.
2310 5294 2379 5346 At
2426 5289 2764 5359 Epiphanius
2819 5304 2942 5342 cum
2983 5289 3246 5358 spiritalis
3272 5289 3452 5344 cultus

1876 5401 2092 5442 omnem
2119 5384 2419 5456 peregisset
2449 5381 2925 5451 consequentiam,
2983 5381 3199 5448 aperuit
3250 5380 3449 5435 ostiutn

1877 5480 2046 5535 cellae.
2070 5476 2206 5530 Cum
2247 5485 2426 5535 autem
2451 5487 2575 5527 eum
2601 5473 2922 5537 vidissctis,
2951 5473 3039 5528 cui
3065 5487 3261 5526 manus
3290 5486 3451 5525 arue-

1877 5582 1984 5638 rat,
2019 5570 2166 5625 humi
2198 5567 2391 5623 cecidit
2436 5568 2490 5620 in
2532 5566 2748 5628 faciem,
2781 5566 3006 5621 dicens:
3043 5565 3297 5619 Miserere
3323 5564 3447 5624 mei,

1878 5679 2035 5721 serve
2059 5661 2154 5717 Dei
2180 5659 2526 5716 immortalis.
2558 5657 2695 5715 Dicit
2719 5658 3095 5731 Epiphanius:
3129 5654 3268 5723 Quid
3297 5668 3460 5739 quat:
