3808 6108
341 295 418 353 39
1596 281 1652 332 s.
1693 276 2033 333 EPIPHANII
2070 275 2246 331 vm.
2859 235 2900 246 δ’
3509 273 3578 328 ιο
3615 295 3622 301 -

349 412 428 466 ris
467 408 532 462 ab
593 405 809 460 homine
847 395 1176 469 peccatore?
1231 395 1281 450 Is
1327 409 1456 448 vero
1484 395 1656 448 dixit:
1723 396 1906 449 Sanus

2027 395 2228 456 Ιέντων,
2258 380 2562 460 ἀνεχώρουν
2585 385 2690 441 ἀπὸ
2719 385 3081 456 διαστήματος
3103 379 3196 437 τοῦ
3225 383 3455 438 κελλίου.
3473 383 3579 437 Τοῦ

350 500 474 554 veni
503 499 556 552 in
587 498 728 550 hunc
761 495 960 554 locum,
1013 501 1068 544 et
1103 503 1229 544 ecce
1263 502 1460 542 manus
1507 502 1624 540 mea
1669 486 1903 540 exaruit.

351 585 682 656 Epiphanius
709 593 888 636 autem
923 579 1060 634 dixit
1087 594 1099 629 :
1139 575 1318 630 Sanus
1347 573 1564 638 venisti,
1597 590 1762 630 sanus
1787 575 1907 630 fias.

349 677 594 745 Cumque
631 675 747 742 ipse
797 687 1017 726 manum
1051 671 1172 740 ejus
1223 670 1502 740 tetigisset,
1551 669 1799 723 restituta
1828 677 1911 720 est

347 775 410 822 ut
444 767 570 820 alia.
601 764 895 833 Postquam
940 771 1117 816 autem
1147 762 1399 816 viderunt
1451 776 1642 815 omnes
1672 760 1910 830 signum,

349 857 494 926 quod
531 856 731 910 factum
767 854 964 918 fuerat,
996 853 1223 906 veniunt
1253 868 1465 913 omnes,
1492 861 1545 904 et
1575 851 1912 920 procidentes

353 949 418 1002 ad
457 948 623 1016 pedes
651 945 954 1014 Epiphanii,
990 943 1226 997 confessi
1262 953 1391 997 sunt
1417 958 1663 1004 causam,
1697 950 1913 1010 propter

351 1051 514 1104 quam
545 1035 612 1088 ad
657 1050 781 1087 eum
817 1042 1097 1087 venerant.
1158 1032 1206 1087 Is
1240 1047 1388 1096 vero,
1436 1031 1503 1085 iis
1551 1032 1768 1095 auditis,
1794 1046 1914 1099 quae

351 1126 606 1179 dixerunt
644 1125 913 1187 homines,
950 1124 1202 1194 cognovit
1255 1124 1400 1194 quod
1454 1123 1696 1192 spiritus,
1751 1138 1911 1193 quem

351 1217 466 1276 inse
493 1217 728 1286 ejecerat
749 1233 812 1271 ex
844 1217 1208 1281 adolescente,
1237 1232 1302 1268 eo
1326 1214 1622 1286 profectus,
1649 1215 1916 1282 afﬂigebat

351 1308 605 1378 puellam.
637 1306 781 1362 Dixit
807 1318 984 1362 autem
1011 1307 1140 1360 mihi
1185 1305 1516 1376 Epiphanius
1547 1323 1558 1357 :
1598 1305 1790 1375 Surge,
1817 1305 1912 1369 fili,

351 1395 651 1468 sequamur'
669 1400 766 1454 hos
793 1399 1060 1452 homines.
1089 1397 1192 1462 Qui
1225 1397 1273 1451 ei
1298 1396 1552 1450 dixerunt
1588 1413 1600 1448 :
1648 1396 1795 1450 Missi
1825 1411 1916 1450 su-

351 1499 497 1548 mus,
522 1501 554 1538 o
581 1485 761 1550 Pater,
785 1502 815 1540 a
840 1501 964 1555 rege
982 1485 1047 1539 ad
1079 1496 1129 1539 te
1154 1486 1327 1540 solum
1357 1502 1368 1536 :
1391 1488 1524 1555 quin
1553 1473 1918 1554 etiamsuper-

353 1591 580 1630 vacuum
609 1577 811 1630 animal
841 1577 1188 1640 adducimus,
1211 1585 1268 1630 ut
1287 1577 1334 1629 ei
1361 1576 1618 1630 insideas.
1639 1574 1717 1630 Eo
1738 1584 1914 1629 autem

350 1667 563 1722 dicente
595 1683 610 1720 :
644 1667 875 1722 Pedibus
895 1669 1144 1722 celeriter
1163 1683 1326 1722 curro
1350 1683 1363 1720 :
1391 1683 1579 1722 verum
1620 1667 1708 1721 hic
1737 1683 1916 1721 meum

2009 480 2064 538 δὲ
2095 483 2410 552 Ἐπιφανίου
2463 481 2678 534 ἅπασαν
2706 475 3025 546 ἀκολουθίαν
3076 476 3173 545 τῆς
3209 474 3581 545 πνευματικῆς

2009 574 2257 645 λατρείας
2280 571 2662 632 ὲκτελέσαντος
2685 610 2699 632 ,
2747 566 2958 638 ἤνοιξεν
2983 565 3080 636 τὴν
3116 561 3286 634 θύραν
3322 563 3424 634 τῆς
3456 563 3582 616 κέλ-

2011 665 2126 735 λης.
2157 663 2304 718 ’ἰδὼν
2341 663 2397 716 δὲ
2425 660 2584 714 αὑτὸν
2613 662 2642 712 ό
2683 660 2781 730 τὴν
2807 661 2964 728 χεῖρα
3011 657 3148 726 ἔχων
3202 654 3582 727 ξηρανθεῖσαν,

2013 757 2204 809 ἔπεσα
2252 755 2344 807 ἐπὶ
2368 752 2656 825 πρόσωπον
2683 751 2774 802 ἐπὶ
2803 747 2899 817 τὴν
2924 749 3045 818 γῆν,
3082 745 3254 814 λέγων
3273 763 3286 777 °
3337 745 3587 815 Ἐλέησόν

2016 863 2104 916 με,
2139 844 2315 915 μύστα
2345 841 2650 913 θεραπευτά
2682 839 2789 893 τῶν
2814 835 3115 893 ἀθανάτων.
3159 837 3218 890 ’0
3250 837 3308 890 δέ
3351 837 3587 905 Ἐπιτά-

2014 937 2124 1000 νιός
2152 955 2316 1007 φησιν
2343 952 2358 968 ο
2389 933 2452 987 Τί
2493 935 2660 995 αἰτεῖς
2694 929 2845 1001 πα.ρά
2879 929 3166 999 ἀνθρώπου
3217 927 3544 998 ἀμαρτωλοῦ
3570 948 3584 990 ;

2027 1027 2084 1078 Ὀ
2121 1026 2177 1079 δὲ
2210 1020 2380 1077 εἶπεν·
2427 1022 2617 1092 ’Υγιὴς
2644 1015 2806 1089 ἦλθον
2835 1017 2914 1080 εἰς
2942 1017 3030 1068 τὸν
3077 1015 3239 1068 τόπον
3264 1014 3472 1073 τοῦτον.
3499 1019 3589 1068 καὶ

2019 1118 2128 1171 ἰδοὺ
2177 1115 2447 1185 ἐξηράνθη
2485 1115 2518 1184 ἡ
2552 1112 2674 1185 χείρ
2705 1129 2830 1182 μου.
2873 1111 2930 1162 '0
2955 1105 3010 1161 δὲ
3059 1106 3378 1175 Ἐπιφάνιος
3404 1102 3585 1158 εἶπεν·
3625 1103 3636 1115 ’

2027 1208 2214 1278 Ὕγιὴς
2265 1203 2447 1276 ἦλθες,
2483 1204 2641 1274 ὑγιὴς
2669 1201 2863 1272 γενοῦ·
2928 1198 3019 1252 καὶ
3071 1194 3346 1266 ἁψάμενος
3401 1195 3585 1251 αὑτοῦ.

2016 1297 2429 1366 ἀπεκατεστάθη
2457 1295 2632 1368 ήχεὶρ
2659 1292 2842 1355 αὑτοῦ,
2879 1293 3005 1360 ὼςή
3040 1287 3196 1358 ἄλλη.
3236 1287 3323 1349 Ὦς
3361 1282 3454 1340 οὖν
3485 1286 3588 1338 ίδον

2015 1393 2065 1443 οἰ
2092 1389 2240 1443 ἄλλοι
2265 1387 2466 1450 πάντες
2491 1387 2552 1438 τὸ
2572 1383 2792 1452 γεγονὸς
2818 1383 3062 1452 σημεῖον,
3089 1379 3338 1451 ἔρχονται
3369 1377 3586 1436 πάντες,

2017 1482 2111 1535 καὶ
2132 1478 2529 1552 προσπεσόντες
2557 1474 2880 1544 Ἐπιφανίῳ,
2917 1471 3225 1542 ὡμολόγουν
3255 1468 3354 1540 τὴν
3387 1467 3590 1536 αἰτίαν⁹

2016 1570 2083 1623 δι’
2117 1571 2184 1640 ἣν
2215 1569 2466 1639 πάρεισιν
2498 1565 2634 1636 πρὸς
2663 1564 2844 1617 αὐτόν.
2875 1561 2982 1614 Τοῦ
3011 1560 3069 1614 δέ
3104 1559 3436 1619 ἀκούσαντος
3463 1555 3588 1616 τοὺς

2017 1662 2207 1729 λόγους
2240 1659 2346 1713 τῶν
2375 1656 2695 1728 ἀνθρώπων,
2731 1654 2890 1721 ἔγνω,
2920 1653 3000 1706 ὅτι
3030 1651 3090 1704 τὸ
3128 1648 3346 1719 πνεῦμα
3382 1646 3442 1700 τδ
3470 1646 3591 1699 διω-

353 1771 458 1810 ιιοιι
483 1757 782 1826 relinquam
809 1757 1160 1827 discipulum.
1179 1758 1284 1826 ipsi
1309 1773 1498 1811 rursus
1519 1757 1773 1812 dixerunt
1795 1773 1918 1810 cum

2027 1753 2145 1824 χθὲν
2180 1750 2269 1804 ὑπ’
2310 1748 2475 1802 αὑτοῦ
2515 1747 2621 1800 ἀπὸ
2646 1745 2740 1798 τοῦ
2767 1744 3050 1796 νεανίσκου
3074 1781 3090 1806 ,
3134 1739 3292 1792 τοῦτο
3330 1737 3593 1809 πορευθὲν

351 1861 550 1915 magno
583 1857 727 1900 metu
759 1862 771 1897 :
804 1848 1015 1900 Adsunt
1047 1864 1144 1917 pro
1184 1849 1428 1916 utrisque
1451 1849 1644 1902 cameli
1673 1865 1687 1911 ;
1712 1849 1920 1902 solum-

355 1937 517 1990 modo
541 1937 786 1992 luhenter
817 1953 1062 2007 sequere.
1093 1939 1324 2004 Quidam
1355 1950 1534 1992 autem
1565 1940 1772 2009 lepidus
1799 1939 1923 1993 ado-

356 2029 564 2082 lescens
593 2028 645 2082 in
674 2028 866 2084 facient
891 2031 1105 2093 cecidit,
1128 2041 1179 2084 et
1205 2029 1469 2095 adoravit,
1501 2031 1687 2086 dicens
1717 2048 1729 2083 :
1766 2030 1922 2102 Igno-

355 2134 445 2172 sce
475 2119 628 2180 mihi,
670 2119 848 2174 Pater.
881 2118 946 2172 Et
977 2120 1311 2188 Epiphanius
1340 2120 1386 2173 ei
1417 2119 1627 2188 placido
1657 2119 1803 2173 vultu
1839 2120 1921 2173 di-

355 2209 432 2262 xit
468 2225 481 2260 :
516 2207 708 2279 Surge,
731 2208 871 2264 Deus
902 2219 952 2264 te
980 2209 1282 2275 benedicat,
1307 2208 1572 2265 fili.Tunc
1600 2210 1918 2265 adolvseens

354 2313 548 2369 magna
588 2299 810 2354 affectus
842 2300 1007 2352 animi
1043 2300 1458 2370 tranquillitate,
1493 2301 1708 2354 duabus
1739 2301 1917 2354 mani-

355 2386 459 2442 bus
493 2387 764 2456 accipiens
791 2386 1156 2457 Epiphanium
1188 2389 1445 2458 imposuit
1489 2389 1917 2444 dromocamelo.

356 2477 436 2531 Ad
461 2493 547 2532 me
575 2489 755 2532 autem
782 2479 1030 2542 veniens,
1057 2479 1187 2532 mihi
1213 2494 1431 2548 quoque
1469 2479 1597 2534 fecit
1621 2480 1874 2534 similiter
1904 2497 1917 2532 :

357 2566 581 2635 ipseque
604 2568 1086 2636 anteibat'primns
1115 2569 1569 2626 dromocamelos.

2017 1845 2223 1898 ἒολιϐεν
2271 1843 2368 1912 τὴν
2427 1839 2612 1894 παῖδα.
2678 1834 2843 1890 Εἶπεν
2882 1833 2937 1902 δ,ὲ
2960 1828 3277 1900 Ἐπιφάνιος
3308 1826 3444 1899 πρὸς
3482 1827 3550 1899 μέ
3577 1844 3591 1858 ·

2032 1936 2282 1996 Ἀνάστα,
2313 1931 2524 1992 τέκνον,
2559 1925 3006 1996 ἀκολουθήσωμεν
3035 1925 3146 1985 τοῖς
3171 1919 3494 1991 ἀνθρώποις.
3527 1918 3592 1969 Ol

2017 2025 2072 2078 δὲ
2103 2025 2237 2094 πρὸς
2271 2021 2432 2076 αὐτόν
2455 2036 2468 2050 '
2499 2020 2611 2072 οὐκ
2638 2017 3039 2086 ἀπεστάλημεν,
3071 2014 3256 2084 φησὶν,
3303 2009 3508 2079 Πάτερ,
3544 2009 3594 2060 εἰ

2023 2117 2096 2186 μὴ
2122 2115 2256 2187 πρὸς
2292 2113 2350 2166 σὲ
2387 2111 2490 2165 ὑπὸ
2527 2109 2621 2163 τοῦ
2652 2106 2931 2179 βασιλέως,
2963 2098 3008 2172 ᾧ
3039 2104 3132 2158 καί
3160 2102 3296 2167 ζῶον
3335 2097 3595 2168 περισσὸν

2025 2207 2374 2277 ἐπιφέρομεν,
2404 2205 2552 2264 ὃπως
2580 2200 2868 2270 καθεσθῇς.
2890 2197 2995 2249 Τοῦ
3025 2196 3080 2250 δέ
3111 2193 3358 2264 λέγοντος
3380 2209 3393 2220 ·
3431 2190 3594 2244 [locis

2024 2299 2188 2364 ὀξέως
2227 2295 2424 2366 τρέχω,
2460 2293 2616 2363 μόνον
2648 2292 2738 2343 τὸν
2764 2289 2892 2360 ἐμὸν
2917 2287 3165 2359 μαθητὴν
3203 2287 3304 2339 ούκ
3336 2283 3403 2337 ἂν
3452 2284 3596 2337 ἐάσω

2026 2383 2149 2443 ὧδε.
2205 2387 2366 2438 Αὐτοὶ
2423 2384 2584 2436 πάλιν
2656 2383 2836 2450 ἔλεγον
2891 2379 3030 2451 μετὰ
3102 2378 3267 2446 φόϐου
3319 2373 3592 2446 μεγάλου·

2032 2480 2283 2530 Ἀπεισιν
2336 2475 2391 2529 αἱ
2444 2473 2676 2544 κάμηλοι
2736 2471 2844 2526 ἀπὸ
2869 2471 2978 2524 τῶν
3030 2467 3390 2540 ἀμφοτέρων·
3438 2465 3596 2536 μόνον

2029 2570 2271 2640 εὐμενῶς
2309 2568 2674 2638 ἀκολούθησον
2704 2569 2812 2630 σοῖς
2842 2563 3066 2626 δούλοις.
3103 2555 3198 2624 Εἷς
3236 2560 3292 2612 δέ
3312 2575 3396 2621 τις
3425 2557 3596 2610 νεανί-

359 2672 486 2718 σκος
510 2655 716 2730 χαρίεις
745 2657 936 2710 ἔπεσεν
973 2659 1062 2710 ἐπὶ
1117 2659 1420 2729 πρόσωπον,
1456 2662 1549 2712 καὶ
1610 2662 2012 2733 προσεκύνησεν
2073 2661 2242 2732 αύτῷ,
2271 2659 2472 2728 λέγων’
2503 2657 2860 2729 Συγχώρησόν
2911 2671 3019 2725 μοι,
3066 2653 3266 2724 Πάτερ.
3292 2651 3425 2703 Τότε
3445 2649 3596 2704 Ἐπι-

359 2747 546 2816 φάνιος
571 2749 789 2814 εὐμενεί
813 2748 888 2819 τῷ
933 2749 1206 2820 προσώπῳ
1271 2746 1419 2803 εἶπεν
1448 2752 1582 2823 προς
1630 2755 1824 2806 αὐτόν’
1871 2755 2124 2819 ’Δνάστα,
2152 2755 2181 2807 ό
2238 2753 2368 2816 Θεὸς
2409 2752 2688 2820 εύλογήσει
2741 2765 2819 2812 σε,
2847 2747 3054 2800 τέκνον.
3103 2744 3236 2796 Τότε
3264 2744 3292 2795 ό
3319 2743 3600 2805 νεανίσκος

357 2841 414 2892 ἐν
449 2839 613 2910 πολλῇ
671 2841 1020 2907 καταστάσει,
1071 2845 1189 2905 ταῖς
1241 2843 1359 2896 δυσὶ
1408 2845 1681 2914 παλάμαις
1723 2845 1886 2900 αύτοῦ
1942 2849 2236 2918 λαϐόμενος
2265 2845 2605 2915 Ἐπιφανίου,
2663 2842 2928 2914 ἐπέθηκεν
2985 2839 3147 2894 αὐτὸν
3181 2839 3272 2892 ἐπὶ
3332 2837 3599 2909 δρομικῆς

357 2938 618 3007 καμήλου.
665 2937 864 2992 Ἐλθὼν
891 2939 945 2991 δὲ
982 2939 1114 3008 πρὸς
1145 2940 1230 3008 μὲ,
1266 2940 1518 3008 ἐποίησεν
1556 2940 1756 3009 ὁμοίως
1780 2955 1796 2972 ⁸
1851 2943 1944 2994 καὶ
1983 2939 2140 3003 αὐτὸς
2167 2939 2410 3003 ἐϐάδιζεν
2444 2937 2658 3010 πρῶτος
2691 2936 2796 2988 τῶν
2833 2932 3284 3005 δρομοκαμήλων.

432 3029 568 3084 XIV.
601 3029 734 3084 Cum
793 3047 922 3084 vero
956 3031 1383 3086 eonfeeissemus
1423 3032 1640 3103 triginta
1687 3035 1927 3103 quinque
1955 3042 1997 3097 ο

358 3122 691 3186 mansiones,
722 3122 1070 3191 pervenimus
1103 3122 1166 3174 ad
1204 3123 1430 3191 regiam,
1462 3133 1515 3177 et
1547 3125 1848 3178 mansimus
1873 3125 1923 3177 in

357 3213 500 3276 loco,
537 3214 628 3282 qui
657 3213 858 3267 dicitur
881 3211 1070 3268 Urion.
1095 3212 1230 3269 Tres
1261 3222 1440 3269 autem
1471 3231 1534 3268 ex
1564 3216 1643 3268 eis
1673 3215 1925 3284 ingressi,

359 3304 472 3374 regi
513 3305 916 3358 renuntiarunt.
945 3304 1190 3374 Cumque
1224 3322 1317 3359 rex
1363 3305 1622 3374 iussisset
1677 3304 1745 3358 ad
1800 3320 1925 3357 eum

361 3395 567 3464 ingredi
604 3395 988 3463 Epiphanium,
1013 3397 1234 3464 perinde
1261 3395 1362 3449 fuit
1387 3396 1679 3463 tranquillo
1699 3405 1752 3449 et
1778 3411 1928 3448 com-

362 3487 538 3554 posito
571 3486 773 3547 animo,
807 3498 966 3554 atque
1004 3487 1047 3540 si
1082 3503 1262 3556 regem
1300 3503 1406 3540 non
1435 3497 1580 3541 esset
1627 3496 1925 3541 eonvcntu-

364 3594 475 3632 rus.
509 3577 664 3631 Tunc
684 3593 770 3632 me
793 3593 916 3631 eum
936 3588 1252 3646 sequentem
1287 3578 1485 3631 invasit
1509 3592 1737 3646 magnus
1765 3578 1928 3631 timor

359 3676 412 3720 et
447 3677 671 3720 tremor.
733 3664 867 3720 Nam
937 3683 1060 3720 eum
1113 3667 1372 3721 vidissem
1432 3666 1657 3719 multam
1713 3666 1924 3720 turbam

361 3763 650 3820 astantem,
683 3755 736 3808 in
769 3755 950 3810 varias
985 3764 1163 3824 partes
1191 3755 1468 3810 versabam
1498 3756 1761 3808 animum.
1789 3755 1924 3810 Cum

336 3835 539 3899 Iautem
568 3847 676 3916 regi
699 3847 1191 3916 appropinquasset
1226 3845 1584 3916 Epiphanius,
1618 3863 1708 3900 rex
1739 3847 1924 3900 statim

359 3939 594 3992 surrexit
623 3955 652 3991 a
684 3939 828 3992 sede.
865 3937 992 4008 Regi
1021 3953 1147 3993 vero
1180 3939 1315 3992 dixit
1351 3937 1688 4008 Epiphanius
1717 3956 1728 3992 :
1769 3938 1924 4002 Sede,

361 4029 455 4094 fili,
498 4047 660 4099 super
700 4031 978 4093 tIu-onum,
1016 4045 1115 4083 nec
1152 4040 1369 4098 propter
1399 4038 1548 4082 tuum
1583 4031 1786 4083 luctum
1829 4030 1929 4083 du-

360 4120 495 4174 bites
517 4122 721 4174 animo.
754 4120 934 4173 l-laheo
957 4121 1099 4174 enim
1137 4120 1326 4181 Deum,
1356 4121 1446 4188 qui
1474 4119 1612 4173 ferat
1641 4121 1925 4182 auxilium,

359 4219 412 4266 et
445 4214 742 4266 daemonem
784 4212 963 4278 pellat.
1014 4211 1202 4264 Solum
1253 4210 1411 4264 crede
1443 4209 1556 4265 Deo
1609 4211 1844 4278 benigno
1875 4221 1929 4264 et

359 4305 630 4370 elennsnti,
665 4301 742 4374 [et
778 4302 985 4356 videbis
1017 4301 1123 4357 cito
1154 4303 1246 4356 Dei
1281 4302 1558 4375 gratiam].
1599 4302 1673 4356 Ne
1708 4303 1927 4358 aberres

361 4411 388 4448 a
426 4409 590 4464 scopo
644 4408 876 4457 eorum,

361 4498 512 4541 tuam
540 4499 728 4539 sanam
761 4485 814 4536 in
843 4485 1040 4540 medio.
1091 4484 1370 4541 Pessimus
1398 4489 1542 4542 enim
1573 4489 1783 4544 daemon
1839 4489 1894 4542 fu
1913 4519 1927 4529 -

361 4586 520 4647 gatus
553 4591 580 4628 a
609 4577 727 4630 loco
750 4590 874 4636 suo,
911 4577 1056 4630 venit
1085 4576 1150 4630 ad
1183 4577 1371 4631 tiliam.
1431 4577 1486 4632 Si
1527 4578 1636 4633 Deo
1667 4579 1928 4634 erucilixo

361 4665 698 4729 credideris,
760 4665 965 4734 fugabit
1019 4682 1142 4720 eum
1192 4683 1220 4720 a
1273 4679 1364 4721 tua
1398 4669 1526 4723 lilia.
1565 4668 1925 4741 [llluminare,

364 4756 458 4820 fili,
491 4757 672 4820 corde,
693 4763 747 4810 et
779 4756 990 4809 videbis
1023 4772 1146 4809 eum
1177 4757 1508 4829 expulsum].
1544 4756 1659 4812 Duc
1689 4773 1808 4813 eam
1861 4759 1928 4814 ad

363 4861 462 4902 nos
498 4847 550 4900 in
586 4848 844 4909 medium,
887 4855 944 4901 et
977 4847 1182 4901 videhis
1215 4847 1439 4914 gratiam
1471 4849 1688 4918 benigni
1731 4859 1784 4904 et
1815 4849 1926 4904 cle-

362 4936 558 4990 mentis
591 4935 701 4990 Dei.
737 4935 870 4989 Cum
907 4945 1086 4988 autem
1130 4934 1183 4986 in
1220 4935 1452 4988 medium
1503 4936 1739 4988 venisset
1788 4935 1928 5002 regis

363 5026 492 5089 ﬁlia,
527 5027 661 5080 dixit
683 5025 1018 5095 Epiphanius
1057 5025 1236 5079 ﬁliolae
1266 5043 1279 5078 :
1313 5025 1442 5078 Esto
1467 5026 1684 5094 sapiens
1723 5041 1785 5078 ac
1812 5040 1930 5078 mo-

361 5118 533 5180 desta,
561 5127 613 5170 et
641 5121 864 5172 adorato
894 5129 1045 5172 tuum
1068 5128 1296 5186 patrem.
1327 5117 1510 5186 Lupus
1539 5119 1682 5170 enim
1709 5117 1785 5171 tui
1820 5133 1926 5170 non

361 5209 729 5262 dominabitur
762 5211 1014 5278 amplius.
1069 5208 1195 5264 Haec
1223 5224 1349 5264 cum
1403 5209 1633 5262 dixisset
1693 5207 1928 5277 Epipha-

363 5299 508 5362 nius,
540 5309 591 5352 et
623 5314 742 5352 eam
774 5309 852 5353 ter
897 5302 1186 5369 signasset,
1222 5300 1359 5355 dixit
1405 5300 1642 5365 spiritui,
1678 5300 1770 5368 qui
1806 5314 1924 5354 eam

361 5391 630 5460 alﬂigehat
664 5407 676 5441 :
721 5389 1022 5446 Cucurristi
1068 5393 1208 5446 male
1247 5393 1312 5444 ad
1359 5390 1524 5445 filiam
1576 5391 1764 5460 regis:
1799 5389 1927 5460 fuge

361 5482 432 5534 ab
458 5498 520 5534 ea
556 5483 607 5534 in
635 5483 772 5548 loca,
801 5483 865 5536 ad
892 5499 1013 5552 quae
1041 5499 1148 5537 non
1189 5493 1335 5553 patet
1371 5483 1570 5538 aditus.
1633 5483 1698 5536 Et
1745 5483 1928 5537 statim

366 5572 435 5624 ab
471 5585 534 5625 ea
569 5577 810 5628 recessit.
839 5573 973 5627 Cum
1004 5585 1182 5628 autem
1215 5576 1440 5630 vidisset
1469 5573 1806 5644 Epiphanius
1846 5589 1930 5626 re—

363 5677 481 5729 gem
536 5663 588 5718 in
637 5680 828 5733 magna
859 5667 1086 5734 exstasi,
1134 5666 1267 5720 dixit
1301 5667 1351 5721 ei
1381 5667 1530 5721 vultu
1589 5664 1926 5724 subridens:

2099 3031 2192 3086 IA'.
2241 3031 2603 3085 Ὀδευσάντων
2651 3027 2706 3080 δὲ
2735 3025 2889 3097 ἡμῶν
2925 3025 3093 3096 μονὰς
3149 3024 3244 3084 λε’,
3285 3023 3598 3095 ἐφθάσαμεν

2027 3124 2125 3194 τὴν
2166 3121 2428 3191 βασιλίδα,
2459 3119 2752 3190 ἐμείναμεν
2779 3117 2835 3170 δὲ
2872 3118 2930 3169 ἐν
2950 3115 3099 3185 τόπῳ
3143 3114 3459 3184 καλουμένῳ
3499 3117 3598 3168 Οὑ-

2031 3213 2149 3283 ρίῳ.
2182 3214 2343 3282 Τρεῖς
2369 3211 2424 3264 δὲ
2455 3213 2548 3264 ἀπ’
2579 3209 2757 3264 αὐτῶν
2791 3207 3124 3270 εἰσελθόντες
3167 3207 3497 3278 ἀνήγγειλαν
3523 3207 3600 3277 τῷ

2030 3303 2250 3372 βασιλεῖ.
2286 3303 2394 3355 Καὶ
2431 3302 2494 3373 δὴ
2528 3301 2884 3363 κελεύσαντος
2911 3299 3002 3354 τοῦ
3057 3299 3317 3370 βασιλέως
3359 3301 3600 3371 εἰσέρχεο

2031 3393 2152 3446 σθαι
2183 3394 2318 3463 πρὸς
2366 3394 2525 3446 αὐτόν
2587 3392 2679 3444 τὸν
2712 3392 3047 3460 Ἐπιφάνιον,
3105 3391 3277 3461 εἰσῄει
3330 3391 3390 3443 ἐν
3430 3391 3600 3462 πολλῇ

2029 3484 2471 3547 καταστάσει,ὡς
2499 3483 2572 3554 μὴ
2603 3484 2880 3552 συντυχεῖν
2902 3481 3037 3550 ἔχων
3066 3482 3145 3534 ένί
3173 3481 3280 3534 τῶν
3313 3481 3600 3552 βασιλέων.

2029 3575 2161 3628 Τότε
2187 3576 2249 3645 δὴ
2277 3574 2386 3643 ἐγὼ
2413 3575 2586 3628 ὀπίσω
2607 3574 2779 3646 τούτῳ
2810 3575 3026 3646 βαίνων,
3056 3574 3218 3643 φόϐος
3261 3575 3356 3628 καὶ
3398 3577 3602 3646 τρόμος

2029 3665 2220 3718 ἔπεσεν
2243 3666 2327 3718 ἐπ’
2353 3665 2473 3734 ἐμέ.
2523 3663 2667 3717 Ἰδὼν
2699 3664 2808 3735 γὰρ
2840 3664 3026 3735 όχλους
3050 3663 3420 3736 περιεστῶτας
3452 3665 3603 3736 αύτῷ

2030 3757 2274 3818 πολλοὺς,
2309 3755 2486 3808 ἐδονού
2496 3773 2602 3825 μην
2625 3755 2702 3826 τῷ
2729 3755 2973 3826 λογισμῷ
2994 3774 3116 3826 μου.
3142 3757 3184 3808 Τ
3187 3756 3248 3808 οὗ
3277 3757 3334 3810 δὲ
3367 3757 3603 3825 Ἐπιφα·

2027 3847 2138 3899 νίου
2174 3847 2488 3914 ἐγγίσαντος
2520 3847 2652 3916 πρὸς
2685 3848 2774 3899 τὸν
2805 3846 3026 3917 βασιλέα
3048 3887 3062 3910 ,
3093 3847 3291 3910 εὐθέως
3337 3848 3601 3919 ἐξανέστη

2027 3942 2054 3993 ό
2077 3939 2326 4009 βασιλεὺς
2349 3939 2453 3992 ἀπὸ
2479 3939 2572 3991 τοῦ
2605 3939 2812 4010 θρόνου.
2839 3933 3010 3993 Εἶπεν
3037 3939 3092 3992 δὲ
3126 3939 3442 4008 Ἐπιφάνιος
3464 3941 3602 4010 πρὸς

2028 4033 2117 4085 τὸν
2149 4032 2373 4101 βασιλέα
2398 4047 2412 4062 ⁸
2453 4030 2713 4094 Κάθισον,
2767 4030 2976 4092 τέκνον,
3034 4031 3124 4082 ἐπὶ
3163 4029 3240 4099 σῷ
3275 4029 3471 4099 θρόνῳ,
3527 4030 3607 4104 μὴ

2027 4124 2238 4188 δίσταζε
2273 4126 2364 4177 ἐπὶ
2393 4123 2470 4194 τῷ
2496 4123 2571 4194 σῷ
2607 4122 2822 4176 πένθει’
2863 4122 2970 4193 ἔχω
2997 4121 3104 4192 γὰρ
3155 4120 3286 4174 Θεὸν
3327 4121 3418 4174 τὸν
3469 4121 3603 4192 βοη-
3647 4157 3660 4168 .

2030 4213 2244 4276 θοῦντα,
2271 4215 2552 4284 ἐλατήριον
2584 4213 2677 4266 τοῦ
2713 4213 2980 4265 διαϐόλου.
3015 4210 3188 4265 Μόνον
3248 4211 3472 4264 πίστευε
3499 4211 3606 4284 ,τῷ

2031 4303 2422 4373 φιλανθρώπῳ’
2449 4303 2522 4374 μὴ
2554 4302 2768 4372 ἁστόχει
2796 4301 2903 4353 τῶν
2935 4301 3278 4370 λαλουμένων
3305 4340 3319 4362 ,
3359 4301 3453 4354 καὶ
3496 4301 3605 4374 ὕψη

933 4410 1054 4463 qua:
1110 4395 1390 4460 dicuntur,
1425 4406 1480 4450 et
1513 4395 1722 4450 videbis
1763 4396 1922 4450 tiliam

2034 4393 2130 4464 τὴν
2166 4394 2326 4446 παῖδα
2359 4394 2504 4462 ὑγιῆ.
2553 4395 2610 4445 '0
2642 4393 2750 4463 γὰρ
2797 4393 3050 4454 κάκιστος
3103 4391 3312 4460 δαίμων
3357 4391 3601 4462 διωχθεὶς

2031 4484 2138 4536 ἀπὸ
2161 4484 2349 4546 τόπου,
2381 4480 2540 4554 ἦλθεν
2576 4482 2869 4553 πφθύμως
2893 4483 2984 4534 ἐπὶ
3024 4481 3121 4553 σὴν
3153 4481 3442 4552 θυγατέρα.
3473 4483 3602 4536 Ἐὰν

2032 4575 2289 4646 πιστεύῃς
2319 4575 2396 4646 τῷ
2431 4576 2847 4646 ἐσταυρωμένῳ,
2877 4574 3064 4627 τοῦτον
3117 4574 3301 4628 διώκει
3346 4576 3456 4628 ἀπὸ
3504 4576 3601 4645 τῆς

2031 4665 2297 4737 θυγατρός
2331 4685 2444 4720 σου.
2463 4665 2720 4731 Φωτίζου,
2748 4667 2955 4730 τέκνον,
2989 4665 3086 4736 τὴν
3107 4664 3205 4734 σὴν
3234 4665 3479 4737 καρδίαν,
3510 4668 3600 4720 καὶ

2032 4757 2194 4827 βλέπε
2219 4757 2404 4810 τοῦτον
2437 4757 2810 4826 ἐλαυνόμενον.
2845 4745 3055 4824 ”Αγαγε
3101 4754 3304 4826 ταύτην
3347 4756 3406 4810 ἐν
3451 4757 3602 4826 μέσῳ

2031 4847 2206 4918 ἡμῶν,
2269 4849 2362 4901 καὶ
2399 4847 2503 4918 ὄψῃ
2541 4850 2697 4918 χάριν
2735 4847 2828 4900 τοῦ
2863 4845 3260 4917 φιλανθρώπου.
3311 4847 3600 4918 Ἐλθούσης

2029 4941 2085 4993 δὲ
2133 4941 2232 5010 τῆς
2264 4936 2530 5011 θυγατρὸς
2569 4939 2662 4992 τοῦ
2721 4937 2983 5008 βασιλέως
3012 4940 3068 4991 ἐν
3093 4937 3171 5008 τῷ
3229 4936 3399 5009 μέσῳ,
3446 4933 3600 4991 εἶπεν

2030 5031 2344 5099 Ἐπιφάνιος
2370 5029 2448 5098 τῷ
2477 5030 2751 5100 θυγατρίῳ
2769 5047 2782 5060 ·
2815 5028 2976 5082 Γενοῦ
3003 5030 3296 5100 φρονοῦσα,
3314 5031 3409 5084 καί
3433 5047 3598 5102 προσ-

2031 5119 2264 5190 κύνησον
2297 5119 2386 5172 τὸν
2417 5120 2507 5172 σὺν
2535 5121 2764 5190 πατέρα.
2795 5121 2968 5184 Λύκος
2985 5121 3091 5192 γὰρ
3121 5121 3201 5174 ἔτι
3235 5122 3296 5174 ού
3321 5125 3599 5194 κυριεύσει

2034 5227 2148 5265 σου.
2184 5210 2369 5264 Ταῦτα
2398 5211 2566 5263 εἰπὼν
2591 5212 2928 5279 Ἐπιφάνιος,
2963 5213 3348 5282 ἐπιλαϐόμενος
3368 5215 3467 5284 τῆς
3488 5233 3600 5284 χει-

2033 5301 2125 5370 ρὸς
2157 5301 2250 5354 τοῦ
2311 5301 2624 5374 θυγατρίου,
2662 5303 2754 5355 καὶ
2812 5304 3114 5372 σφραγίσας
3164 5303 3330 5372 αὐτὴν
3395 5305 3601 5376 τρίτον,

2031 5386 2184 5442 εἶπεν
2223 5393 2357 5462 πρὸς
2401 5393 2463 5445 τὸ
2502 5393 2718 5464 πνεῦμα
2769 5395 2828 5446 τὸ
2863 5393 3040 5446 θλίϐον
3075 5393 3245 5464 αὐτὴν
3273 5411 3286 5424 δ
3321 5395 3602 5466 Ἐδραμες

2031 5481 2216 5546 κακῶς
2244 5485 2335 5534 ἐπὶ
2377 5485 2474 5554 τὴν
2527 5484 2800 5556 θυγατέρα
2830 5485 2922 5538 τοῦ
2955 5483 3239 5554 βασιλέως.
3278 5484 3453 5553 Φεῦγε
3503 5484 3603 5537 ἀπ’

2031 5573 2199 5644 αὐτῆς
2227 5576 2284 5626 ἐν
2311 5575 2585 5646 ἀοικήτοις
2630 5577 2834 5641 τόποις.
2859 5578 3042 5630 Ταῦτα
3070 5577 3236 5630 εἰπὼν
3279 5579 3604 5647 ἰ-Σπιφάνιος

2033 5664 2168 5737 πρὸς
2197 5666 2288 5719 τὸν
2313 5667 2558 5736 δαίμονα,
2603 5666 3071 5736 εὐθέως-ἐξῆλθεν
3133 5669 3240 5722 ἀπὸ
3275 5669 3371 5723 τοῦ
3426 5671 3602 5738 θυγα-
