3808 6130
222 242 283 303 Η
1495 245 1551 300 S.
1595 246 1937 301 EPIPil.~\Nll
1980 247 2165 303 Vl'l‘A.
3411 251 3479 306 4?.

220 365 397 436 τρὶου.
449 362 591 417 Ἰδὼν
614 364 668 416 δὲ
729 363 1045 431 Ἐπιφάνιος
1110 365 1164 415 ἐν
1199 365 1455 417 ἐκστάσει
1514 367 1677 437 πολλῇ
1712 368 1800 419 τὸν

1911 368 2133 432 Laetare,
2165 385 2275 432 rex,
2308 369 2373 422 de
2404 378 2492 422 tua
2524 368 2661 433 ﬁlia;
2699 368 2836 439 fugit
2858 369 3036 440 ~lupus
3068 370 3122 423 in
3170 369 3289 425 loca
3320 371 3480 426 inha-

223 455 469 528 βασιλέα,
506 451 661 507 εἶπεν
694 446 831 526 πρὸς
856 454 1018 507 αὐτόν
1042 473 1053 483 ·
1088 455 1277 526 Χαῖρε,
1314 458 1532 525 βασιλεῦ
1553 498 1566 521 ,
1599 459 1690 510 ἐπὶ
1727 458 1803 528 σῷ

170 600 175 606 ,
221 546 534 619 θυγατρίῳ*
594 546 793 615 ἔφυγεν
849 549 877 602 ό
926 545 1085 609 λύκος
1125 549 1204 610 είς
1237 548 1528 619 ἀοικήτους
1582 551 1800 613 τόπους.

220 638 485 709 Πορεύου,
520 636 777 710 θύγατερ,
830 638 887 691 ἐν
920 637 997 706 σῷ
1034 639 1286 708 ταμιείῳ,
1314 641 1404 692 καὶ
1427 640 1518 693 ἕσο
1540 642 1804 713 χαίρουσα

222 730 361 802 μετὰ
393 730 597 801 μητρὸς
627 730 940 801 καλλίστης.
974 730 1215 800 Πρόσεχε
1255 730 1439 784 λοιπὸν
1479 731 1557 802 τῷ
1591 731 1803 802 σώματί

220 841 313 877 σου
334 840 351 855 ο
383 824 478 875 καὶ
511 823 692 876 οὐκέτι
726 822 936 889 ὲγγίσει
969 822 1106 890 πρὸς
1159 823 1219 874 σὲ
1252 822 1580 892 κακοῦργος.
1620 823 1803 877 Ταῦτα

217 914 499 969 ἀκούσασα
527 917 560 984 ἡ
591 913 835 984 θυγάτηρ
862 913 954 965 τοῦ
983 912 1246 983 βασιλέως
1275 913 1426 981 παρὰ
1459 915 1799 982 Ἐπιςιανίου,

217 990 707 1077 ἐπορεύθηλθιπὸν
737 1006 794 1057 ὲν
838 1003 916 1074 τῷ
948 1005 1182 1075 ταμιείῳ
1199 1031 1231 1069 ,ι
1269 1004 1397 1057 ἔνθα
1428 1001 1496 1076 ἦν
1550 1008 1583 1075 ἡ
1622 1007 1802 1078 μήτηρ

217 1097 391 1167 αὐτῆς
426 1096 830 1166 καταμένουσα.
857 1096 991 1149 Τότε
1021 1096 1084 1167 δὴ
1120 1099 1147 1150 6
1178 1097 1430 1168 βασιλεὺς
1460 1097 1666 1151 ἔκλινεν
1707 1099 1804 1151 αὑ-

217 1189 357 1259 χένα
389 1188 713 1258 Ἐπιφανίῳ.
747 1188 971 1251 ’ἰδόντες
1014 1188 1069 1240 δὲ
1110 1189 1158 1240 οἱ
1195 1188 1393 1252 πάντες
1434 1189 1524 1241 τὸν
1558 1187 1799 1257 βασιλέα,

226 1276 462 1330 θλίνουσι
492 1277 586 1329 καὶ
616 1277 770 1329 αὐτοὶ
804 1276 896 1328 ἐπὶ
944 1276 1070 1346 γῆν,
1106 1276 1356 1345 λέγοντες
1384 1276 1521 1347 πρὸς
1562 1277 1800 1345 Ἐπιφά-

223 1385 360 1422 νιοψ
404 1369 639 1440 Χάριτος
688 1368 823 1421 Θεοῦ
864 1369 1264 1439 κεκοσμημένε,
1315 1358 1593 1440 πρόθυμος
1647 1370 1799 1436 γίνου

1911 461 2175 515 bitabilia.
2220 459 2381 524 Vade,
2417 461 2545 521 lilia.
2586 463 2640 515 in
2695 470 2846 516 tuum
2895 462 3186 523 conclave,
3218 472 3270 517 et
3309 466 3482 534 gaude

1910 568 2033 607 cum
2097 560 2273 607 matre
2310 562 2404 606 tua
2445 554 2672 622 optima,
2727 562 2781 607 et
2833 554 3050 608 attende
3092 554 3348 624 deinceps
3389 564 3481 609 tuo

1910 646 2125 713 corpori
2164 661 2176 695 :
2212 660 2389 713 neque
2434 644 2704 712 malignus
2736 643 2831 696 tibi
2870 643 3330 713 appropinquabit
3367 660 3483 704 am-

1908 736 2073 804 plius.
2112 735 2246 788 Cum
2273 737 2387 789 haec
2427 744 2610 789 autem
2651 736 2916 789 audiisset
2950 734 3055 788 lilia
3089 739 3231 804 regis
3262 736 3330 790 ab
3358 738 3482 805 Epi-

1902 822 2125 889 phanio,
2172 822 2267 875 ivit
2298 823 2350 875 in
2398 808 2625 878 aulam;
2658 822 2813 878 Tunc
2847 838 2939 878 rex
2980 824 3259 878 inclinavit
3283 827 3482 880 collum

1900 910 2224 982 Epiphanio.
2259 915 2396 967 Cum
2443 915 2704 969 vidissent
2734 931 2863 970 vero
2887 931 3079 970 omnes
3125 931 3333 985 regem,
3380 917 3482 985 ipsi

1909 1018 2127 1074 quoque
2148 1020 2206 1061 se
2233 1004 2287 1058 in
2323 1015 2522 1061 terram
2549 1006 2833 1070 inclinant,
2868 1007 3108 1061 dicentes
3139 1006 3439 1075 Epiphanio
3466 1024 3480 1060 :

1907 1092 1951 1148 Ο
1981 1094 2211 1163 plurima
2236 1105 2499 1150 exornate
2532 1098 2726 1165 gratia,
2763 1112 2924 1151 mane
2947 1108 3198 1167 prompto
3226 1106 3281 1151 et
3313 1098 3483 1152 alacri

1908 1186 2096 1238 animo
2122 1187 2264 1254 apud
2297 1201 2499 1255 regem.
2559 1185 2690 1240 Esto
2723 1198 2871 1254 pater
2920 1187 3040 1257 ejus
3104 1189 3377 1257 potentiae,
3429 1200 3484 1243 et

1906 1278 2016 1331 eris
2055 1278 2341 1331 nobiseum
2381 1290 2664 1347 perpetuo.
2704 1277 2936 1333 Vo'xavit
2989 1281 3200 1334 daemon
3237 1281 3480 1351 regiam;

1909 1368 2015 1422 huc
2043 1369 2257 1430 venisti,
2288 1384 2413 1423 eum
2438 1368 2659 1438 fugasti.

214 1460 357 1531 πὼς
394 1460 636 1530 βασιλέα,
673 1460 854 1530 πατὴρ
910 1459 995 1511 τοῦ
1036 1461 1271 1530 κράτους
1301 1460 1486 1524 αὑτοῦ,
1548 1459 1639 1511 καὶ
1694 1458 1790 1528 ἔσῃ
1827 1457 1945 1528 μεθ’
1976 1458 2131 1527 ἡμῶν
2197 1458 2574 1521 ἀδιαλείπτως.
2610 1459 2876 1512 Ἔσκυλεν
2943 1461 3150 1530 δαίμων
3191 1462 3289 1532 τὴν
3330 1463 3482 1532 βασιο

215 1548 364 1608 λίδα·
387 1549 547 1624 ἦλθες
579 1551 810 1605 ἐνταῦθα
838 1551 1025 1603 τοῦτον
1047 1551 1254 1617 διῶξαι.

288 1687 391 1740 lE'.
417 1683 512 1750 Εἷς
543 1686 598 1739 δέ
625 1705 706 1751 τις
740 1688 799 1751 ἐξ
818 1687 995 1742 αὐτῶν
1025 1689 1196 1759 μάγος
1216 1689 1325 1742 τῶν
1355 1688 1585 1761 πρώτων
1612 1689 1796 1756 ἔλεγεν

1971 1683 2086 1736 XV.
2122 1680 2277 1737 Unus
2298 1692 2477 1737 autem
2513 1698 2578 1736 ex
2612 1682 2692 1736 eis
2730 1683 2941 1751 primus
2995 1698 3061 1737 ex
3093 1685 3308 1754 \magis,
3345 1685 3482 1739 dixit

217 1780 368 1849 αὐτῷ
394 1779 508 1848 μετ’
549 1778 866 1849 εὐμενείαςο
921 1776 989 1834 Ὦ
1040 1781 1226 1850 μάκαρ
1275 1781 1600 1849 Ἐπιφάνιε,
1660 1782 1799 1852 μάγε

215 1871 430 1942 πεποοη
440 1871 586 1941 μένε,
610 1867 773 1941 ἦλθες
797 1870 1029 1924 ἐνταῦθα
1057 1870 1150 1923 τοῦ
1185 1871 1547 1942 κατορθῶσαι.
1575 1871 1799 1923 Δίδασκε

215 1963 448 2025 πάντας,
485 1963 681 2024 πάντες
719 1963 767 2014 οἱ
805 1962 969 2032 μάγοι
1003 1962 1401 2016 ὑπακούσονταί
1446 1980 1559 2017 σου.
1613 1962 1802 2014 Ἀκού-

217 2074 319 2119 σας
342 2056 400 2108 δὲ
438 2054 611 2107 ταῦτα
649 2054 987 2122 Ἐπιφάνιος,
1055 2049 1208 2106 εἶπεν
1264 2054 1403 2127 προς
1453 2054 1542 2107 τὸν
1577 2054 1799 2125 ἀνόητον

217 2148 422 2219 μάγον·
455 2142 524 2198 ’Ὦ
563 2146 701 2215 μάγε
749 2145 911 2216 ἐχθρὲ
943 2146 1041 2215 τῆς
1083 2145 1361 2216 ἀληθείας,
1401 2144 1538 2215 μάθε
1592 2147 1666 2217 μὴ
1700 2147 1798 2223 λατ.

164 2239 180 2243 “
216 2240 327 2291 λεῐν
348 2237 615 2299 ἀτάκτους
663 2236 875 2304 λόγους.
918 2236 1063 2289 Λάϐε
1096 2237 1346 2306 κατόχιον
1379 2238 1434 2289 ὲν
1466 2236 1543 2308 τῷ
1573 2237 1800 2308 στόματί

218 2348 339 2393 σου,
374 2330 469 2381 καὶ
494 2328 594 2399 ἔσῃ
622 2328 700 2399 μὴ
728 2327 904 2381 λαλῶν
958 2330 1336 2393 ἀδιαλείπτως.
1386 2329 1476 2399 Μὴ
1521 2330 1630 2399 γὰρ
1679 2331 1801 2383 ὑπο.

216 2422 330 2474 νόει
359 2420 492 2473 Θεοῦ
526 2420 711 2474 δοῦλον
745 2422 916 2492 μάγον
940 2421 1204 2493 ὑπάρχειν
1235 2423 1332 2493 τῆς
1364 2422 1593 2484 ἀδικίας.
1619 2422 1801 2498 Ταῦτα

218 2510 275 2563 δὲ
301 2509 471 2563 εἰπὼν
501 2511 843 2578 Ἐπιφάνιος,
875 2510 1077 2574 εὐθέως
1104 2511 1317 2582 ἔμεινεν
1374 2515 1401 2565 6
1449 2513 1622 2582 μάγος
1666 2513 1799 2566 ἄλα-

216 2597 329 2662 λος,
357 2600 614 2669 ἀκίνητος
642 2601 741 2653 ’ἐπὶ
796 2600 873 2672 τῷ
927 2600 1096 2671 τόπῳ.
1134 2601 1316 2653 Ταῦτα
1370 2602 1426 2654 δὲ
1478 2602 1599 2655 ἰδὼν
1634 2604 1661 2654 ὁ
1697 2602 1794 2672 βα-

218 2690 423 2754 σιλεὺς,
475 2692 569 2744 καὶ
611 2691 672 2745 τὸ
722 2695 910 2761 στῖφος
963 2692 1129 2745 αὑτοῦ
1172 2693 1233 2744 τὸ
1279 2693 1601 2764 περιεστὼς,
1653 2694 1801 2763 φόὸῳ

216 2782 459 2846 ἅπαντες
490 2783 836 2854 συνεχόμενοι
857 2784 1057 2839 ἔπεσαν
1085 2786 1176 2839 ἐπὶ
1207 2786 1305 2855 τὴν
1340 2789 1467 2856 γῆν.

291 2921 412 2986 ΚΤ.
449 2918 592 2972 Ἰδὼν
620 2919 677 2971 δὲ
704 2920 1024 2990 Ἑπιφάνιος
1056 2922 1278 2985 τούτους
1307 2928 1596 2988 πεσόντας,
1626 2925 1798 2978 ἐκτεί-

1901 1777 1949 1830 ei
1981 1766 2210 1844 benigne
2234 1785 2286 1828 et
2314 1764 2562 1828 amanter
2589 1790 2601 1824 ε
2629 1771 2673 1826 Ο
2702 1774 2856 1828 beate
2888 1774 3173 1843 Epiphani,
3203 1790 3357 1847 mage
3387 1776 3482 1831 de-

1902 1868 2155 1930 siderate,
2221 1866 2412 1920 venisti
2450 1866 2573 1931 huc,
2631 1873 2689 1918 ut
2747 1881 2846 1919 nos
2886 1863 3127 1920 amceres
3190 1868 3473 1922 beneﬁcio.

1900 1959 2057 2013 Mane
2108 1959 2216 2025 hic,
2256 1958 2390 2012 doce
2448 1970 2591 2010 nos:
2628 1971 2820 2010 omnes
2856 1958 2995 2025 magi
3053 1958 3148 2011 tibi
3208 1959 3477 2016 obedient.

1901 2048 2036 2104 Cum
2069 2049 2184 2103 haec
2210 2059 2393 2102 autem
2420 2048 2687 2102 audiisset
2718 2046 3055 2115 Epiphanius
3085 2088 3100 2112 ,
3157 2050 3290 2103 dixit
3323 2052 3480 2121 mago

1903 2140 2179 2209 insipienti
2221 2156 2234 2191 :
2269 2140 2312 2194 Ο
2346 2156 2501 2210 mage
2529 2140 2747 2195 inimice
2778 2141 3044 2204 veritatis,
3075 2142 3224 2197 disce
3254 2160 3363 2197 non
3394 2146 3478 2197 lo-

1902 2233 1995 2302 qui
2027 2235 2186 2285 verba
2222 2231 2509 2285 implentia
2548 2248 2561 2283 :
2616 2233 2697 2285 ori
2735 2242 2829 2286 tuo
2861 2232 3091 2285 immitte
3134 2234 3477 2303 repagulum,

1901 2330 2089 2376 etnon
2147 2322 2386 2390 loqueris
2433 2322 2672 2376 assidue.
2725 2321 2844 2377 Noli
2895 2322 3208 2378 existimare
3259 2341 3478 2380 servum

1901 2410 1995 2465 Dei
2026 2426 2148 2465 esse
2181 2426 2399 2479 magum
2436 2413 2735 2481 injustitiae.
2770 2411 2895 2467 llzec
2928 2430 3051 2467 eum
3089 2414 3315 2469 dixisset
3349 2415 3478 2486 Epi-

1902 2503 2156 2572 phanius,
2179 2504 2362 2556 statim
2396 2504 2484 2557 ille
2506 2505 2705 2558 mansit
2736 2505 2789 2557 in
2826 2505 2945 2560 loco
2975 2515 3160 2559 mutus
3188 2516 3244 2560 et
3281 2508 3480 2563 immo-

1900 2593 2045 2649 bilis.
2084 2593 2209 2648 Ha2c
2242 2606 2423 2648 autem
2472 2610 2596 2649 cum
2634 2611 2729 2649 rex
2762 2596 3012 2662 vidisset,
3046 2607 3098 2651 et
3128 2600 3308 2666 turba,
3359 2616 3480 2670 quae

1902 2699 2025 2739 eum
2080 2672 2491 2750 circumstabat,
2552 2701 2745 2743 omnes
2775 2699 2923 2743 metu
2953 2692 3234 2759 oppressi,
3276 2693 3479 2747 cecide-

1904 2786 2028 2829 runt
2063 2776 2117 2829 in
2147 2785 2368 2829 terram.

1971 2911 2108 2967 XVI.
2138 2912 2275 2967 Cum
2309 2928 2403 2967 eos
2441 2921 2623 2968 autem
2652 2914 2879 2970 vidisset
2931 2917 3186 2973 cadentes
3235 2918 3475 2989 Epipha-

214 3027 317 3072 νας
336 3010 435 3079 τὴν
467 3013 625 3081 χεῖρα
649 3011 786 3080 πρὸς
816 3010 908 3064 τὸν
947 3010 1191 3080 βασιλέα,
1250 3012 1433 3080 ἔλεγεν
1484 3013 1632 3083 αὐτῷ
1681 3017 1796 3086 μετ’

1907 3004 2047 3069 nius,
2082 2994 2244 3057 manu
2294 3003 2362 3057 ad
2412 3019 2588 3074 regem
2621 3013 2865 3072 extensa,
2905 3006 3043 3064 dixit
3089 3009 3138 3063 ei
3190 3010 3421 3080 benigne
3457 3030 3472 3066 :

211 3102 510 3171 εὐμενείας
533 3118 546 3130 ·
601 3102 851 3167 Ἀνάστα,
884 3103 1035 3172 γίνου
1070 3104 1128 3155 ἑν
1167 3105 1518 3167 καταστάσει,
1569 3108 1663 3157 καὶ
1714 3105 1806 3157 ἔσο

214 3193 385 3263 ὑγιὴς
420 3195 475 3245 ὲν
522 3193 597 3263 σῷ
634 3196 887 3265 ταμιείῳ.
930 3196 1113 3248 Ταῦτα
1147 3196 1202 3248 δὲ
1250 3197 1417 3249 εἰπὼν
1466 3198 1802 3264 Ἐπιφάνιος,

214 3288 528 3356 ἀνέστησαν
546 3286 783 3351 ἅπαντες
811 3289 903 3340 ἐπὶ
928 3289 1053 3351 τοὺς
1079 3288 1262 3351 πόδας.
1297 3285 1465 3343 Εἶπεν
1485 3290 1540 3342 δὲ
1573 3290 1801 3360 Ἐπιφὶ-

214 3395 333 3440 νιος
477 3379 825 3449 μαγουσαίῳ·
854 3380 1025 3433 Βλέπε
1074 3380 1124 3432 τί
1175 3381 1391 3450 βλέπεις
1418 3384 1511 3434 καὶ
1564 3384 1801 3447 ἀκούεις,

213 3471 317 3522 καὶ
341 3467 441 3542 ἔσῃ
480 3469 761 3539 προσέχων
786 3474 853 3542 τῇ
876 3471 1122 3542 ἀληθεία.
1161 3472 1248 3541 Μή
1294 3490 1383 3542 μοι
1436 3473 1692 3544 πρόσεχε,
1730 3474 1804 3541 ὡς

220 3560 546 3631 μαγουσαίῳ
583 3579 596 3591 ο
639 3560 822 3624 δοῦλος
868 3563 976 3633 γάρ
1034 3564 1149 3633 είμι
1204 3562 1296 3615 τοῦ
1348 3565 1799 3636 ἐσταυρωμένον·

210 3651 371 3705 λάλει
406 3653 499 3704 καὶ
521 3652 706 3717 ἄκουε,
736 3653 810 3716 ὡς
843 3653 902 3705 τὸ
937 3653 1170 3723 πρῶτον.
1229 3653 1385 3706 Γίνου
1425 3653 1481 3706 δὲ
1522 3655 1672 3723 φίλος
1706 3656 1806 3724 τῆς

214 3742 501 3812 ἀληθείας.
533 3741 666 3794 Τότε
694 3745 722 3795 6
759 3743 929 3810 μάγος
961 3743 1297 3810 ἀπελογεῖτο,
1330 3744 1595 3811 ἐσφάλθαι
1626 3743 1800 3812 λέγων

218 3834 364 3904 πρὸς
396 3834 731 3901 Ἑπιφάνιον.
760 3833 894 3885 Τότε
926 3834 954 3884 6
987 3833 1241 3903 βασιλεὺς
1280 3834 1805 3909 ὲκέλευσενλένεχθῆ-

218 3942 311 3976 ναι
340 3924 576 3993 χρυσίον,
611 3925 704 3976 καὶ
723 3924 980 3995 ἄργυρον,
1009 3926 1101 3978 καὶ
1123 3926 1482 3996 μαργαρίτας,
1506 3927 1600 3978 καὶ⁸
1629 3925 1807 3989 λίθους

219 4014 447 4083 τιμίους
499 4014 639 4067 κατὰ
667 4015 956 4086 πρόσωπον
987 4016 1223 4080 πάντων,
1273 4017 1368 4069 καὶ
1403 4018 1623 4087 τεθῆναι
1656 4018 1806 4089 παρὰ

219 4107 356 4167 τοὺς
386 4105 550 4169 πόδας
574 4106 914 4172 Ἐπιφανίου,
950 4106 1125 4174 λέγων
1160 4107 1297 4178 πρὸς
1325 4107 1487 4160 αὐτόν
1509 4124 1525 4137 ·
1550 4107 1806 4178 Λάμὸανε

216 4196 422 4256 ταῦτα,
442 4197 469 4248 6
491 4195 677 4267 Πατὴρ
701 4196 875 4267 ἡμῶν,
903 4198 996 4250 καὶ
1019 4197 1106 4267 ἔχε
1135 4197 1197 4268 δή
1233 4215 1299 4267 με
1323 4197 1463 4251 κατὰ
1484 4197 1660 4268 ψυχήν
1690 4216 1803 4251 σου.

220 4283 402 4342 Εἶπεν
432 4286 488 4338 δὲ
517 4287 838 4355 Ἑπιφάνιος
864 4287 999 4358 πρὸς
1028 4287 1117 4339 τὸν
1142 4286 1394 4357 βασιλέα’
1434 4289 1621 4357 Ἡμεῖς
1639 4289 1808 4342 ἁπάν-

1905 3096 2100 3166 Surge,
2134 3098 2209 3150 sis
2238 3096 2381 3149 bono
2408 3104 2460 3150 et
2496 3099 2792 3166 tranquillo
2834 3101 3039 3167 animo,
3087 3108 3141 3155 et
3169 3103 3278 3156 eris
3307 3118 3476 3157 sanus

1905 3189 1959 3241 in
1994 3200 2086 3242 tuo
2110 3189 2385 3242 cubiculo.
2419 3188 2530 3244 Hoc
2569 3190 2714 3244 dicto
2771 3192 2838 3245 ab
2874 3191 3197 3262 Epiphanio,
3228 3209 3480 3250 surrexe-

1906 3290 2033 3332 runt
2067 3295 2258 3334 omnes
2309 3296 2473 3349 supra
2502 3281 2685 3350 pedes.
2728 3281 2873 3336 Dixit
2925 3293 3105 3337 autem
3142 3283 3479 3354 Epiphanius

1907 3386 2065 3440 mago
2104 3389 2116 3424 :
2156 3369 2288 3425 Vide
2319 3372 2450 3440 quid
2488 3373 2695 3436 videas,
2726 3384 2777 3427 et
2808 3374 2939 3443 quid
2984 3375 3193 3440 audias,
3221 3386 3272 3430 et
3307 3387 3481 3432 atten-

1905 3463 2001 3517 des
2029 3463 2258 3516 veritati.
2287 3461 2365 3517 Ne
2393 3464 2529 3517 mihi
2563 3466 2810 3520 attendas
2841 3476 3099 3536 tanquam
3124 3484 3279 3537 mago
3310 3488 3322 3521 :
3359 3486 3479 3523 sum

1904 3555 2050 3608 enim
2080 3570 2268 3609 servus
2295 3556 2537 3609 cruciiixi
2577 3573 2591 3607 :
2636 3557 2878 3625 loquere,
2912 3569 2965 3612 et
3011 3560 3159 3623 audi,
3207 3561 3482 3628 quomodo

1905 3660 2027 3698 eras
2056 3646 2204 3714 prius
2238 3663 2252 3698 :
2292 3658 2409 3700 esto
2441 3647 2650 3701 amicus
2690 3648 2952 3704 veritatis.
3001 3648 3154 3704 Tunc
3201 3666 3391 3719 magus
3424 3667 3482 3705 se

1906 3737 2204 3799 excusavit,
2237 3737 2424 3791 dicens
2459 3753 2517 3793 se
2571 3754 2691 3793 esse
2725 3740 2935 3808 lapsum
2991 3743 3043 3794 in
3090 3740 3477 3811 Epiphanium.

1906 3826 2020 3879 Rex
2055 3838 2233 3880 autem
2260 3829 2425 3896 jussit
2453 3829 2519 3882 ad
2546 3846 2603 3883 se
2636 3847 2830 3883 aurum
2862 3832 3041 3885 alierri
3080 3843 3131 3885 et
3171 3842 3477 3901 argentum,

1906 3918 2229 3988 margaritas
2281 3930 2335 3972 et
2368 3935 2610 3989 gemmas
2664 3922 2718 3974 in
2763 3931 3056 3989 conspectu
3109 3923 3380 3989 omnium,
3427 3931 3482 3976 et

1907 4011 2035 4079 poni
2060 4011 2126 4065 ad
2155 4012 2321 4080 pedes
2356 4013 2663 4081 Epiphanii,
2699 4014 2747 4066 ei
2780 4014 2968 4067 dicens
3000 4031 3012 4066 :
3050 4015 3247 4082 Accipe
3276 4016 3413 4078 haec,
3443 4032 3479 4071 ο

1906 4102 2084 4166 Pater,
2132 4113 2186 4157 et
2224 4105 2325 4159 mei
2360 4105 2692 4159 memineris.
2746 4106 2844 4159 Cui
2903 4106 3040 4159 dixit
3094 4106 3476 4176 Epiphanius:

1906 4191 2017 4248 Nos
2047 4196 2227 4249 omnia
2274 4196 2696 4261 contemnimus,
2752 4206 2809 4250 ut
2841 4197 3122 4251 veritatem
3177 4209 3477 4254 teneamus.

1907 4284 1985 4340 Ne
2010 4287 2062 4340 in
2088 4287 2173 4341 his
2208 4288 2338 4340 mihi
2363 4288 2622 4341 exhibeas
2651 4288 2958 4341 molestiam
2992 4304 3003 4339 :
3054 4288 3306 4344 Christus
3335 4290 3480 4344 enim

220 4395 335 4429 των
369 4377 834 4448 καταφρονοῦμεν,
863 4379 1010 4440 ὅπως
1042 4378 1334 4449 κρατῶμεν
1363 4380 1462 4449 τῆς
1510 4379 1800 4450 ἀληθείας·

1911 4392 1998 4432 me
2022 4377 2208 4433 docuit
2230 4378 2315 4433 his
2350 4394 2457 4433 non
2487 4395 2663 4448 egere.
2701 4378 2824 4433 Haec
2862 4391 2952 4433 tua
2985 4381 3187 4450 accipe,
3228 4381 3393 4451 sepeli
3426 4382 3481 4435 in

226 4471 305 4538 μή
342 4485 432 4538 μοι
463 4469 664 4531 κόπους
720 4470 925 4540 πάρεχε
976 4471 1035 4521 ὲν
1081 4472 1192 4532 τοῖς
1221 4470 1448 4534 λοιποῖς.
1519 4472 1651 4542 Ἐμὲ
1699 4470 1807 4541 γάρ

220 4557 466 4625 Χριστὸς
493 4557 729 4621 ἐδίδαξεν
764 4560 838 4630 μὴ
868 4558 1089 4630 χρῄζειν
1114 4558 1339 4614 τούτων.
1358 4561 1502 4615 Λάϐε
1528 4563 1590 4615 σὺ
1612 4563 1805 4628 ταῦτα,

224 4649 404 4719 θάψον
436 4652 494 4702 ἐν
527 4650 602 4720 σῷ
630 4652 887 4720 ταμιείῳ,
919 4653 1011 4704 καὶ
1042 4652 1194 4704 ἔσται
1221 4670 1303 4704 σοι
1348 4653 1516 4724 νεκρὰ
1573 4655 1804 4708 ἀδιαλεί-

226 4757 404 4803 πτως.
438 4742 612 4795 Μόνον
652 4743 940 4813 προσέχεις
979 4744 1072 4796 καὶ
1118 4745 1477 4814 περισπάσαι,
1542 4744 1616 4816 μὴ
1647 4744 1800 4799 δυνά-

229 4850 395 4904 ysvo;
444 4833 829 4905 ὠφεληθῆναι’
880 4835 1021 4905 ἔχεις
1055 4835 1253 4889 κακίαν
1306 4838 1364 4889 ὲν
1410 4837 1656 4908 λογισμῷ
1692 4856 1805 4903 σου,

223 4923 411 4993 ψυχάς
441 4924 686 4977 ἀπόλλων
712 4926 798 4978 διὰ
827 4925 920 4978 τοῦ
955 4925 1159 4996 χρυσοῦ
1192 4926 1285 4979 τοῦ
1330 4927 1574 4992 δοθέντος
1598 4946 1677 4982 σοι
1706 4931 1811 4983 ὑπὸ

227 5015 462 5084 Κυρίου,
516 5015 601 5068 ἵνα
632 5017 873 5088 παρέχῃς
924 5019 1038 5080 τοῖς
1066 5017 1359 5099 δεομένοις.
1396 5018 1549 5073 Γίνου
1602 5021 1810 5085 δίκαιος

225 5104 517 5178 παράθειῇ
542 5107 648 5159 τῶν
674 5108 831 5169 ὅλων,
863 5110 1073 5179 μήποτε
1098 5108 1293 5180 κριθῇς
1320 5111 1377 5161 ὲν
1404 5110 1691 5184 καταδίκῃ,
1716 5113 1810 5165 καὶ

224 5197 328 5269 ἔσῃ
364 5198 763 5270 φρουρούμενος
792 5201 848 5252 ὲν
872 5200 1125 5271 ἐξωτέρω
1151 5202 1362 5254 σκότει·
1397 5203 1489 5254 καὶ
1521 5205 1639 5256 τότε
1677 5221 1808 5275 μνη-

228 5290 366 5359 σθῇς
394 5288 503 5341 τῶν
538 5290 686 5358 ὲμῶν
713 5290 903 5358 λόγων.
962 5290 1098 5343 Ἀλλ’
1126 5291 1248 5362 ἄρτι
1294 5289 1443 5355 δέξαι
1496 5294 1618 5354 τοὺς
1648 5293 1812 5362 ἐμοὺς

222 5382 445 5449 λόγους.
468 5383 563 5434 καὶ
593 5381 712 5434 τότε
738 5383 837 5453 ἔσῃ
864 5382 1319 5453 εὐφραινόμενος·
1352 5382 1426 5454 μὴ
1478 5382 1667 5453 χρείαν
1722 5384 1809 5452 ἔχε

223 5474 323 5527 τοῦ
358 5473 565 5543 κόσμου
598 5472 806 5535 τούτου,
838 5475 929 5526 καὶ
962 5475 1069 5536 πᾶς
1101 5476 1128 5527 ὁ
1167 5474 1369 5542 κόσμος
1409 5475 1811 5544 ὑποταγήσεταί

230 5582 337 5617 σπι.
372 5565 481 5617 Καὶ
520 5564 753 5635 πρόσεχε
806 5565 999 5634 μάγοις
1034 5566 1430 5629 ἁκαταστάτοις
1461 5605 1475 5629 ,
1533 5565 1812 5619 ἁπατῶσίν

228 5673 289 5708 σε
321 5656 472 5726 νόμῳ
498 5653 776 5707 σκοτώδει.
801 5656 939 5725 Ὥρα
962 5656 1196 5726 ἔφθασεν
1215 5657 1247 5727 ἡ
1268 5656 1357 5709 τοῦ
1385 5658 1626 5728 ἀρίστου.
1655 5657 1810 5711 Βαῖνέ

554 5748 826 5809 ΙἈτιιοι.
874 5751 987 5809 Gn.
1038 5751 1201 5812 XLI.

1728 5837 1751 5845 -ι

1909 4473 2054 4536 aula,
2088 4484 2141 4527 et
2171 4482 2331 4528 erunt
2365 4484 2581 4527 mortua
2620 4482 2906 4543 perpetuo.
2960 4473 3042 4528 Tu
3079 4468 3365 4530 iis-solum
3397 4485 3480 4529 at-

1909 4566 2088 4621 tendis
2121 4576 2174 4620 et
2227 4565 2567 4630 distraheris,
2625 4581 2747 4620 cum
2783 4567 2962 4636 juvari
3000 4582 3260 4636 nequeas.
3303 4565 3482 4621 Habes

1907 4656 2097 4709 vitium
2154 4657 2208 4710 in
2259 4666 2347 4712 tua
2397 4658 2747 4727 cogitatione,
2786 4668 2844 4712 ut
2892 4659 2984 4726 qui
3014 4659 3208 4727 perdas
3239 4660 3478 4713 animam

1908 4761 2005 4815 per
2029 4761 2222 4800 aurum
2276 4747 2371 4800 tibi
2423 4747 2610 4801 datum
2657 4763 2687 4801 a
2723 4746 2975 4811 Domino,
3027 4756 3086 4801 ut
3139 4749 3189 4801 id
3237 4751 3479 4816 praebeas

1908 4835 2212 4904 egentibus.
2275 4835 2407 4890 Esto
2439 4837 2623 4906 justus
2667 4838 2810 4908 apud
2854 4837 3020 4891 Deum
3076 4838 3476 4901 universorum,

1909 4940 1977 4978 ne
2010 4924 2150 4979 forte
2172 4925 2436 4994 judiceris
2460 4926 2517 4979 in
2554 4925 3038 4990 condemnatione,
3071 4933 3123 4977 et
3152 4914 3481 4979 custodieris

1910 5015 1963 5069 in
2003 5017 2243 5073 tenebris
2266 5017 2648 5080 exterioribus,
2683 5025 2735 5071 et
2767 5026 2897 5070 tunc
2923 5030 3165 5069 meorum
3189 5014 3478 5069 verborum

1910 5107 2231 5161 recorderis.
2260 5106 2366 5161 Sed
2406 5123 2527 5175 qua:
2554 5108 2676 5163 dico
2707 5108 2889 5171 modo,
2918 5107 3202 5175 accipe,et
3233 5116 3362 5161 tunc
3389 5107 3482 5160 ιω-

1910 5196 2132 5251 taberis.
2181 5194 2260 5251 Ne
2298 5199 2499 5253 habeas
2523 5213 2660 5267 opus
2695 5199 2798 5252 hoc
2822 5198 3025 5250 mundo
3050 5207 3104 5253 et
3137 5208 3284 5254 totus
3319 5213 3480 5253 mun-

1911 5288 2013 5344 dus
2046 5290 2143 5342 tibi
2173 5290 2515 5359 subjicietur.
2550 5288 2668 5343 Noli
2720 5291 3000 5345 attendere
3064 5292 3239 5362 magis
3292 5291 3482 5345 incon-

1912 5381 2211 5463 stantibus,
2247 5382 2340 5449 qui
2373 5381 2714 5435 tenebricosa
2747 5390 2795 5436 te
2845 5382 2959 5453 lege
2989 5383 3283 5452 decipiunt.
3322 5380 3483 5435 Venit

1912 5471 2045 5525 hora
2083 5473 2328 5541 prandii,
2385 5474 2519 5526 vade
2572 5472 2827 5528 alacriter
2867 5476 2934 5529 ad
2998 5490 3263 5529 mensam.
3314 5472 3480 5527 Multa

1913 5564 2056 5616 enim
2093 5563 2251 5617 verba
2300 5563 2649 5629 seininarem,
2708 5569 2802 5620 sed
2855 5581 2962 5619 non
2998 5583 3057 5619 es
3087 5566 3248 5620 ullius
3284 5564 3479 5617 horum

1912 5653 2201 5724 particeps.
2232 5655 2357 5710 Scio
2406 5656 2550 5710 enim
2597 5664 2745 5712 tuam
2800 5656 3181 5728 cogitationem
3232 5671 3261 5710 a
3293 5668 3479 5711 mensa

3082 5752 3121 5811 2
