3808 6144
336 254 408 309 45
1639 248 1695 302 S.
1737 244 1902 300 EPIPI

2011 243 2076 299 ιιι
2115 242 2297 299 VITA.
3510 248 3583 306 ζίι

336 382 443 423 non
473 365 754 420 absistere.
782 362 1036 424 Comede,
1079 361 1358 416 moderate
1419 359 1605 414 fruere
1647 359 1856 416 deliciis
1894 375 1902 411 :

2014 358 2306 428 προθύμως
2362 360 2452 411 ἐπὶ
2493 356 2789 428 τραπέζης.
2852 357 3084 420 Πολλοὺς
3116 358 3222 428 γὰρ
3275 357 3462 426 λόγους
3513 362 3583 414 ἄν

334 474 394 514 es
425 457 569 512 enim
595 457 789 511 horum
818 453 1059 507 omnium
1095 453 1404 507 redditurus
1436 454 1724 509 rationem.

2010 450 2362 519 κατέσπειρα,
2414 448 2528 501 ἀλλ’
2564 448 2623 501 οὐ
2675 447 2924 517 μετέχεις
2973 447 3066 501 ἀπ’
3102 447 3315 511 οὐδενὸς
3359 448 3585 501 τούτων.

346 548 488 617 Ἐγὼ
519 548 625 618 γὰρ
652 544 766 600 οἶδα
802 546 892 599 τὸν
917 544 1178 615 λογισμόν
1208 561 1324 610 σου,
1365 546 1447 597 ὅτι
1485 544 1762 616 τραπέζης
1802 544 1903 597 οὐκ
1937 542 2250 611 ἀφίστασαι.
2276 541 2440 608 Φάγε,
2479 539 2753 610 τρύφησον
2801 539 2859 592 ἐν
2898 539 3263 593 καταστάσει·
3295 538 3450 605 λόγον
3475 541 3583 609 γὰρ

337 644 463 712 ποιῇ
493 640 746 694 ἁπάντων
775 638 1000 692 τούτων.

400 729 564 784 XVII.
637 730 754 784 Rex
794 738 973 783 autem
1019 730 1157 784 dixit
1204 728 1550 799 Epiphanio:
1605 729 1902 794 Adesdum,

333 821 509 885 Pater,
546 820 710 876 simul
735 820 1139 885 consideamus,
1179 829 1229 875 et
1268 821 1420 875 cibos
1453 820 1822 874 comedamus.
1856 819 1907 875 Is

331 926 462 965 vero
489 911 626 965 dixit
656 909 759 980 ipsi
796 929 809 964 :
843 908 1009 975 Vade,
1052 910 1179 965 sede
1205 910 1258 964 in
1300 924 1506 971 mensa.
1537 910 1758 964 comede
1783 924 1905 963 om-

334 1001 425 1054 nia
461 1016 583 1070 quae
628 996 794 1056 soles.
829 998 1060 1054 Tantum
1106 1009 1158 1054 te
1219 1000 1437 1054 contine
1473 1000 1542 1054 ab
1588 1000 1907 1055 immodera-

335 1094 500 1147 tione.
537 1091 671 1146 Nam
707 1092 838 1146 mihi
878 1092 1031 1161 panis
1069 1089 1436 1154 furfuraceus,
1471 1100 1524 1145 et
1555 1105 1744 1160 parum
1776 1090 1906 1146 salis

334 1191 554 1252 propter
604 1182 809 1238 reditus
841 1180 1154 1237 facilitatem
1214 1181 1474 1251 praebebit
1521 1182 1572 1235 id
1633 1182 1779 1251 quod
1823 1189 1907 1236 est

333 1274 455 1329 usui
498 1273 842 1342 corpusculo.
904 1270 1029 1328 [lare
1092 1280 1274 1326 autem
1328 1286 1452 1326 cum
1506 1270 1731 1326 dixisset
1795 1270 1904 1340 regi

332 1364 689 1434 Epiphanius,
719 1364 929 1419 dimisit
968 1381 1061 1433 rex
1100 1378 1289 1418 omnes
1320 1379 1382 1418 ex
1415 1364 1561 1428 aula,
1586 1374 1638 1418 et
1661 1377 1759 1418 nos
1781 1362 1905 1433 jus-

333 1455 404 1509 sit
431 1455 638 1524 ingredi
669 1456 721 1509 in
754 1456 1086 1511 cubiculum.
1119 1455 1259 1513 Misit
1286 1469 1413 1509 vero
1446 1454 1511 1509 ad
1537 1468 1637 1508 nos
1665 1454 1719 1507 in
1746 1468 1903 1507 men-

2082 726 2178 777 IZ'.
2211 718 2376 774 Εἶπεν
2403 720 2459 773 δὲ
2492 722 2521 773 6
2553 720 2804 789 βασιλεὺς
2831 718 2967 789 πρὸς
3011 717 3321 786 Ἐπιφάνιον
3343 735 3355 745 ·
3393 716 3586 788 Δεῦρο,

2012 817 2222 885 Πάτερ,
2274 810 2773 882 συγκαθεσθῶμεν,
2802 811 2909 866 τῶν
2957 810 3230 881 ἐδωδίμων
3276 811 3584 881 φαγόμεθα.

2010 902 2174 959 Εἶπεν
2200 905 2255 958 δὲ
2297 903 2609 973 Ἐπιφάνιος
2639 902 2775 974 πρὸς
2798 901 2888 955 τὸν
2923 901 3166 972 βασιλέα·
3201 902 3414 967 Βάδιξε,
3447 904 3583 958 κάθ-

2009 1013 2072 1049 ου
2114 995 2206 1047 ἐπὶ
2235 993 2547 1063 τραπέζης,
2588 990 2738 1047 ἔσθιε
2778 991 2953 1044 πάντα
2988 993 3045 1044 ἐν
3090 992 3385 1065 συνηθείᾳ·
3423 994 3585 1064 μόνον

2016 1088 2185 1155 ἄπεχε
2219 1085 2317 1154 τῆς
2355 1083 2600 1151 ἀταξίας.
2646 1083 2799 1153 Ἐμοὶ
2829 1084 2937 1153 γὰρ
2966 1083 3128 1154 ἄρτος
3175 1082 3284 1136 ἀπὸ
3315 1082 3583 1151 πιτύρων,

2011 1175 2105 1227 καὶ
2148 1173 2281 1236 ἄλας
2324 1172 2519 1245 μικρὸν
2552 1173 2620 1226 δι’
2666 1170 2945 1225 εὐνοστίαν
2988 1170 3208 1243 παρέξει
3250 1171 3345 1243 τὴν
3393 1173 3584 1243 χρείαν

2010 1263 2102 1315 τοῦ
2146 1262 2416 1333 σώματος.
2448 1260 2635 1331 Ταῦτα
2678 1261 2733 1315 δὲ
2776 1260 2945 1315 εἰπὼν
2990 1262 3300 1330 Ἐπιφάνιος
3324 1262 3460 1333 πρὸς
3491 1263 3583 1315 τὸν

2012 1354 2271 1425 βασιλέα,
2307 1354 2571 1408 ἀπέλυσεν
2614 1352 2857 1416 ἅπαντας
2886 1352 2915 1405 ὁ
2954 1351 3207 1422 βασιλεὺς
3249 1355 3313 1405 ἐκ
3355 1353 3449 1405 τοῦ
3483 1370 3582 1407 τα·-

2014 1448 2186 1519 μείου·
2223 1447 2317 1499 καὶ
2351 1447 2499 1517 ἡμᾶς
2527 1444 2811 1498 ἐκέλευσεν
2856 1443 3114 1498 εἰσελθεῖν
3144 1446 3201 1497 ἐν
3244 1444 3321 1516 τῷ
3353 1444 3582 1497 κουϐου-

333 1553 449 1592 sam
482 1538 695 1594 diversa
728 1540 975 1594 ciborum
1005 1555 1223 1611 genera.
1260 1539 1558 1594 Arersatus
1602 1548 1685 1594 est
1723 1549 1902 1592 autem

2011 1541 2172 1610 κλίῳ·
2226 1538 2319 1591 καὶ
2364 1536 2682 1590 ἀπέστειλεν
2732 1538 2865 1606 ἡμῖν
2910 1534 3143 1607 διάφορα
3186 1535 3457 1605 ἐδέσματα
3488 1538 3582 1590 ἐπὶ

332 1629 513 1683 omnia
551 1628 903 1700 Epiphanius,
945 1631 1122 1685 solum
1170 1645 1365 1700 panem
1409 1629 1567 1684 nobis
1613 1629 1857 1683 retinens
1891 1647 1904 1683 :

332 1735 441 1789 quo
475 1721 583 1785 usi,
632 1721 814 1775 satiati
862 1736 1075 1784 sumus,
1123 1723 1325 1792 gratias
1357 1730 1577 1791 agentes
1629 1720 1740 1775 Deo
1794 1720 1909 1774 uni-

334 1826 637 1865 versorum.
666 1810 940 1867 Postridie
966 1820 1145 1866 autem
1177 1812 1473 1881 imperator
1510 1812 1755 1867 accersiit
1786 1811 1908 1879 Epi-

335 1902 596 1969 phanium
624 1918 637 1954 ;
671 1902 765 1971 qui
797 1902 1042 1957 modeste
1084 1911 1137 1956 et
1162 1902 1464 1972 composite
1493 1901 1770 1965 incedens,
1816 1916 1908 1955 ve.

335 1994 414 2048 nit
445 1993 513 2047 ad
545 2009 744 2065 regem.
779 1992 896 2063 Ipse
926 2002 1106 2048 autem
1133 2008 1224 2048 rex
1255 1993 1321 2049 de
1354 1992 1481 2048 sede
1504 2006 1755 2062 surgens,
1793 2005 1910 2045 sce-

336 2092 514 2153 ptrum
555 2082 706 2150 ponit
740 2083 793 2136 in
836 2092 1000 2139 terra.
1040 2081 1378 2154 Epiphanius
1405 2097 1533 2136 vero
1569 2081 1707 2135 dixit
1751 2081 1862 2152 regi
1893 2102 1904 2136 :

343 2173 540 2241 Accipe
564 2172 714 2241 regni
744 2172 1080 2241 dignitatem,
1115 2181 1169 2226 et
1200 2172 1274 2227 sis
1308 2180 1461 2241 grato
1495 2170 1549 2225 in
1588 2169 1755 2226 Deum
1794 2172 1911 2227 ani-

334 2277 442 2316 mo.
481 2261 591 2316 Rex
634 2263 809 2317 dixit:
848 2261 1002 2317 Mane
1033 2262 1123 2318 hic
1153 2262 1462 2327 nobiscum,
1499 2274 1672 2331 pater.
1702 2271 1756 2317 et
1791 2277 1909 2318 ser-

330 2354 469 2407 vabo
521 2360 732 2406 vestros
775 2366 1076 2406 sermones.
1126 2350 1461 2421 Epiphanius
1518 2360 1699 2405 autem
1751 2353 1907 2422 regi:

332 2442 387 2497 Si
425 2459 596 2505 meos.
642 2459 674 2496 o
706 2459 820 2508 rex,
873 2454 1156 2498 sermones
1200 2443 1530 2507 servaveris,
1585 2443 1664 2497 tui
1719 2444 1909 2498 memi-

336 2551 468 2590 nero
508 2536 814 2605 ubicunque
843 2535 1017 2589 fuero.
1041 2532 1342 2589 Mansimus
1367 2540 1547 2589 autem
1576 2534 1762 2589 decem
1796 2535 1914 2591 dies

336 2619 389 2678 in
418 2625 541 2678 aula
576 2625 744 2695 regis.
797 2622 1010 2689 Quibus
1063 2623 1282 2693 elapsis,
1320 2624 1432 2693 regi
1482 2624 1621 2678 dixit
1670 2622 1912 2694 Epipha-

335 2713 458 2767 nius
507 2730 520 2767 :
581 2713 757 2767 Cursu
785 2727 999 2766 curram
1059 2713 1113 2766 in
1177 2728 1351 2766 meam
1412 2714 1663 2783 patriam.
1721 2713 1913 2780 Quaero

331 2801 476 2855 enim
499 2815 712 2865 omnes,
753 2802 846 2872 qui
879 2802 989 2857 illic
1012 2810 1159 2857 sunt.
1188 2801 1266 2856 Tu
1303 2803 1431 2858 sede
1475 2802 1527 2857 in
1559 2805 1758 2858 throno
1795 2812 1909 2869 tuo,

2007 1629 2305 1703 τραπέζης.
2349 1626 2713 1699 Ἀπέστρεψεν
2755 1626 2812 1679 δὲ
2857 1627 3069 1680 ἅπαντα
3109 1627 3443 1696 Ἐπιφάνιος.
3485 1627 3580 1680 Eva

2008 1722 2171 1793 ἄρτον
2205 1720 2365 1791 μόνον
2404 1720 2682 1792 κρατήσας
2723 1719 2874 1789 ἡμῖν.
2918 1709 2987 1787 Ὦ
3016 1713 3351 1789 χρησάμενοι
3393 1719 3574 1789 ἐκορέ-

2010 1812 2249 1882 σθημεν,
2290 1809 2740 1883 εὐχαριστοῦντες
2779 1808 2859 1879 τῷ
2906 1808 3025 1879 Θεῷ
3062 1807 3171 1861 τῶν
3208 1808 3364 1862 ὃλων.
3408 1810 3487 1879 Τῇ
3522 1809 3582 1862 δί

2009 1904 2269 1975 ἐπαύριον
2299 1901 2615 1974 μετέστελλε
2646 1903 2675 1955 6
2704 1899 2955 1971 βασιλεὺς
2990 1898 3076 1952 τὸν
3111 1900 3441 1966 Ἐπιςάνιον.
3470 1899 3579 1952 Τοῦ

2011 1995 2069 2048 δέ
2098 1993 2448 2065 ἐμϐαίνοντος
2479 1994 2539 2046 ἐν
2572 1983 2934 2054 καταστάσει,
2963 1989 3197 2059 ἔφθασεν
3235 1991 3458 2059 ἔγγιστα
3484 1991 3579 2043 τοῦ

2011 2084 2293 2156 βασιλέως·
2330 2083 2492 2146 αὐτὸς
2531 2082 2587 2136 δὲ
2628 2082 2863 2145 ἀναστὰς
2890 2080 2999 2134 ἀπὸ
3033 2080 3127 2133 τοῦ
3159 2079 3368 2153 θρόνου,
3399 2080 3582 2151 τίθησι

2008 2175 2071 2229 τὸ
2099 2175 2368 2247 βασίλειον
2401 2175 2493 2227 ἐπὶ
2520 2172 2618 2245 τὴν
2648 2173 2773 2243 γῆν.
2805 2168 2972 2224 Εἶπεν
3013 2170 3069 2224 δέ
3106 2171 3416 2240 Ἐπιφάνιος
3446 2171 3583 2239 πρὸς

2009 2269 2100 2323 τὸν
2157 2267 2409 2339 βασιλέα·
2460 2266 2604 2320 Λάϐε
2656 2265 2715 2318 τὸ
2761 2264 2976 2334 ἀξίωμα
3016 2263 3118 2332 τῆς
3153 2263 3454 2333 βασιλείας·
3490 2265 3579 2315 καὶ

2012 2359 2100 2430 ἔχε
2158 2358 2293 2430 πρὸς
2338 2357 2469 2411 Θεὸν
2508 2355 2944 2426 εὐγνωμοσύνην.
2978 2351 3144 2407 Εἶπεν
3171 2356 3228 2407 δέ
3259 2357 3287 2408 6
3333 2353 3581 2423 βασιλεὺς

2013 2449 2148 2519 πρὸς
2209 2450 2519 2517 Ἐπιφάνιον
2540 2463 2554 2476 ·
2600 2447 2743 2501 Μένε
2793 2446 2911 2517 μεθ’
2946 2446 3101 2516 ἡμῶν
3129 2446 3336 2508 ἐνθάδε,
3368 2446 3574 2515 Πάτερ,

2012 2540 2107 2593 καὶ
2155 2539 2347 2612 ἔσομαι
2394 2538 2608 2611 κρατῶν
2653 2539 2777 2601 τοὺς
2818 2538 3114 2608 ὑμετέρους
3162 2536 3374 2605 λόγους.
3414 2533 3584 2589 Εἶπεν

2012 2630 2068 2684 δὲ
2126 2632 2436 2701 Ἐπιφάνιος
2488 2631 2622 2702 πρὸς
2669 2630 2761 2683 τὸν
2812 2629 3054 2699 βασιλέα·
3117 2630 3240 2682 Ἐὰν
3298 2631 3585 2702 κρατήσῃς

2012 2722 2138 2785 τούς
2179 2724 2344 2792 ἐμοὺς
2381 2722 2600 2791 λόγους,
2633 2721 2988 2793 μνημονεύσω
3016 2707 3107 2774 σου
3143 2722 3276 2774 ὃπου
3309 2723 3402 2774 ἐάν
3442 2723 3581 2790 εἰμι.

2027 2813 2388 2883 Ἐποίησαμεν
2426 2814 2483 2867 δέ
2528 2814 2558 2867 ι’
2588 2814 2799 2884 ἡμέρας
2836 2813 2892 2865 ἐν
2923 2812 2999 2883 τῷ
3028 2814 3259 2883 ταμιείῳ
3287 2813 3380 2865 τοῦ
3424 2813 3582 2883 βασις

333 2891 471 2946 nihil
493 2892 736 2951 excitans
770 2892 1032 2947 adversus
1056 2890 1356 2947 Romanos.
1399 2891 1455 2947 Si
1498 2881 1642 2948 enim
1677 2895 1755 2949 sis
1795 2894 1901 2947 ini-

2011 2903 2162 2966 λέως.
2199 2881 2365 2955 Εἶπεν
2412 2902 2469 2955 δὲ
2512 2881 2826 2971 meam,
2862 2881 2995 2973 πρὸς
3038 2881 3127 2955 τὸν
3171 2881 3583 2975 emiss/Apa-

333 2983 508 3039 micus
540 2983 824 3047 Romanis,
863 2984 972 3037 eris
1022 2983 1275 3038 inimicus
1335 2983 1615 3038 cruciﬁxo.
1659 2982 1815 3051 Quod
1854 2985 1900 3040 si

332 3074 503 3128 fueris
529 3073 784 3129 inimicus
823 3066 1093 3139 erucilixi,
1124 3072 1263 3128 male
1291 3072 1493 3141 peribis
1527 3088 1556 3126 a
1588 3074 1694 3129 tuis
1719 3074 1904 3130 adver-

330 3167 514 3225 sariis.
544 3166 669 3224 Haec
692 3183 813 3224 cum
858 3168 971 3238 regi
998 3168 1224 3224 dixisset
1255 3166 1613 3238 Epiphanius,
1648 3170 1760 3224 ibat
1807 3186 1900 3225 rex

332 3271 455 3312 cum
486 3272 587 3312 sua
611 3266 849 3323 caterva,
899 3272 1000 3314 nos
1028 3257 1238 3326 primus
1266 3258 1539 3313 deducens
1574 3259 1626 3313 in
1660 3268 1902 3315 nostram

331 3349 631 3419 regionem.

2012 2992 2217 3064 μοῦμαι
2266 2994 2355 3045 ἐπὶ
2398 2993 2537 3064 ἐμὴν
2572 2993 2822 3062 πατρίδα.
2865 2992 3018 3064 Ζητῶ
3070 2993 3174 3064 γὰρ
3220 2994 3427 3058 πάντας
3455 2996 3583 3058 τούς

2009 3087 2125 3139 ἐκεῖ
2165 3086 2344 3148 ὂντας,
2398 3086 2491 3138 καὶ
2537 3086 2630 3138 ἔσο
2675 3085 2980 3156 καθήμενος
3022 3086 3114 3139 ἐπὶ
3150 3086 3227 3155 τῷ
3272 3086 3467 3157 θρόνῳ,
3504 3087 3583 3158 μὴ

2011 3175 2425 3244 ἐπεγειρόμειος
2471 3176 2612 3228 κατὰ
2652 3173 2956 3245 Ῥωμαίων.
3000 3172 3124 3227 Ἐὰν
3154 3172 3261 3243 γὰρ
3293 3174 3581 3246 ἐχθραίνῃς

2010 3267 2121 3329 τοῖς
2176 3265 2498 3336 Ῥωμαίοις,
2544 3266 2641 3338 ἔσῃ
2684 3265 2977 3337 ἐχθραίνων
3026 3263 3103 3334 τῷ
3160 3265 3578 3338 ἐσταυρωμένῳ·

2010 3356 2104 3408 ἐὰν
2137 3357 2246 3427 γὰρ
2290 3355 2351 3427 [1⁵.
2392 3355 2485 3409 ἐὰν
2512 3356 2589 3427 δὲ]
2621 3358 2751 3427 γένῃ
2783 3355 2976 3427 ἐχθρὸς
3018 3356 3110 3410 τοῦ
3149 3357 3579 3428 σταυρωθέντος,

328 3442 543 3514 τακήσῃ
571 3442 756 3505 κακῶς
800 3441 904 3494 ὑπὸ
937 3440 1045 3495 τῶν
1076 3441 1380 3496 ἀντιδίκων.
1452 3442 1635 3496 Ταῦτα
1679 3444 1735 3497 δὲ
1806 3446 1974 3499 εἰπὼν
2026 3449 2335 3517 Ἐπιφάνιος
2384 3448 2517 3520 πρὸς
2557 3449 2647 3500 τὸν
2687 3447 2929 3517 βασιλέα,
2971 3448 3256 3502 ἐπέϐαινεν
3295 3449 3509 3518 πρῶτος
3550 3453 3582 3501 6

332 3533 585 3603 βασιλεὺς
618 3532 756 3603 μετά
787 3531 878 3585 τοῦ
906 3532 1125 3601 στίφους
1158 3530 1353 3596 αὐτοῦ,
1380 3532 1723 3603 προπέμπων
1747 3534 1895 3603 ἡμᾶς
1932 3536 2024 3588 ἐπὶ
2057 3536 2154 3606 τὴν
2185 3535 2388 3608 χώραν.

401 3622 590 3678 XVIII.
664 3623 801 3678 Cum
852 3623 1056 3694 egressi
1112 3632 1293 3678 autem
1348 3638 1594 3680 essemus
1640 3640 1706 3679 ex
1759 3626 1905 3689 aula,

330 3729 457 3770 ecce
493 3724 610 3769 erat
638 3713 954 3769 adolescens
1000 3723 1252 3769 mortuus
1282 3714 1338 3769 in
1377 3714 1625 3784 grabato,
1658 3715 1751 3785 qui
1789 3725 1906 3770 erat

331 3806 476 3860 IiIius
507 3806 672 3860 unius
720 3820 785 3859 ex
827 3805 1166 3875 proceribus.
1209 3807 1343 3860 Eum
1394 3820 1524 3861 vero
1554 3804 1799 3863 ferebant
1836 3810 1904 3863 ad

330 3913 515 3963 canes,
550 3908 609 3953 ut
642 3898 975 3969 projicerent
1003 3898 1361 3953 exedendum.
1396 3896 1543 3952 Dixit
1567 3908 1746 3954 autem
1775 3899 1898 3970 Epi-

329 3991 564 4061 phanius
590 3992 657 4046 iis
683 3991 772 4060 qui
801 3989 1045 4049 ferebant
1075 3999 1351 4045 mortuum
1380 4009 1392 4046 :
1416 3989 1537 4057 Quo
1565 3992 1653 4047 itis
1679 3993 1745 4048 ad
1779 4008 1903 4047 eum

330 4082 739 4151 sepeliendum?
781 4082 981 4137 Dicunt
1023 4081 1373 4151 Epiphanio:
1416 4082 1518 4149 Qui
1551 4084 1661 4139 vita
1714 4100 1899 4139 exces-

331 4173 422 4237 sit,
452 4172 735 4226 vorabitur
765 4187 795 4226 a
828 4172 1077 4227 canibus.
1108 4171 1448 4242 Epiphanius
1483 4183 1666 4228 autem
1714 4188 1904 4231 tenens

333 4262 639 4333 grabatum,
669 4261 907 4317 dixiteis
933 4279 947 4315 :
974 4260 1019 4314 Ο
1047 4261 1140 4315 lilii
1167 4301 1183 4324 ,
1213 4262 1363 4315 humi
1394 4263 1669 4332 deponite.
1704 4262 1901 4318 Videa-

2079 3628 2185 3683 IH'.
2237 3628 2421 3699 Ἡμῶν
2450 3626 2504 3680 δὲ
2551 3625 2871 3692 ἐξελθόντων
2915 3628 2980 3680 ἐκ
3019 3626 3111 3679 τοῦ
3146 3628 3422 3695 ταμιείου,
3468 3629 3579 3685 ἰδοὺ

2007 3719 2282 3781 νεανίσκος
2312 3718 2585 3788 τεθνηκὼς
2626 3713 2693 3788 ἦν
2736 3717 2829 3770 ἐπὶ
2870 3716 2964 3771 τοῦ
3000 3717 3292 3790 κραϐάτου,
3327 3720 3444 3783 υἱὸς
3477 3722 3578 3773 ὑπ-

2007 3810 2189 3879 άρχων
2217 3809 2334 3871 ἐνὸς
2373 3809 2480 3860 τῶν
2531 3808 2887 3879 μεγιστάνων.
2937 3807 3138 3862 Τοῦτον
3179 3810 3452 3880 ἀπέφερον
3483 3813 3580 3866 ἐπὶ

2008 3901 2131 3963 τοὺς
2160 3899 2516 3972 ἀστροκύνας,
2548 3900 2693 3962 ὅπως
2725 3899 2951 3970 ῥίψωσιν
2984 3901 3074 3953 ἐπὶ
3098 3903 3165 3970 τῇ
3206 3902 3573 3973 καταὸρὼσει.

2020 3991 2078 4042 Ὀ
2112 3990 2167 4043 δὲ
2213 3990 2523 4059 Ἐπιφάνιος
2562 3993 2672 4054 τοῖς
2703 3993 2778 4062 (ιι)
2804 3990 2896 4044 τοῦ
2924 3990 3201 4062 κραϐάτου
3237 3992 3421 4061 ἔλεγεν
3456 3996 3572 4063 μετ’

2006 4082 2310 4152 εὐμενείας·
2359 4081 2672 4143 Ἀπόθεσθε,
2703 4081 2889 4144 τέκνα,
2923 4081 3014 4134 ἐπὶ
3055 4082 3151 4152 τὴν
3187 4084 3304 4151 γῆν.
3345 4085 3571 4154 Ἱδωμεν

2006 4177 2098 4228 καὶ
2139 4177 2298 4245 ἡμεῖς
2343 4175 2433 4229 τὸν
2476 4174 2760 4230 τεθνεῶτα.
2802 4170 2965 4238 Οὗτος
2997 4174 3053 4227 δὲ
3087 4176 3115 4226 6
3154 4178 3281 4239 παῖς
3326 4176 3431 4229 ὐπὸ
3467 4194 3571 4248 μα-

2003 4263 2157 4332 γείας
2198 4263 2384 4317 ἔθανεν
2429 4264 2613 4329 κακῶς
2643 4264 2746 4318 ὐπὸ
2774 4264 3100 4335 κακούργου.
3145 4266 3302 4329 Ἔθος
3332 4266 3389 4319 δέ
3424 4269 3571 4319 ἐστιν

332 4370 455 4409 mus
497 4368 596 4407 nos
628 4368 844 4422 quoque
872 4362 1169 4407 mortuum.
1204 4350 1304 4408 Hic
1334 4367 1463 4407 vero
1496 4368 1631 4424 puer
1670 4363 1895 4411 necatus

2011 4354 2130 4426 περὶ
2171 4356 2295 4418 τοὺς
2339 4355 2582 4427 Πέρσας,
2630 4358 2757 4419 τοὺς
2800 4356 3224 4427 τελευτήσαντας
3272 4356 3568 4429 βρωθῆναι·

331 4445 512 4499 fuerat
533 4452 648 4499 arte
680 4445 888 4513 magica
918 4459 950 4499 a
983 4445 1222 4514 quodam
1257 4444 1524 4500 maleﬁco.
1554 4444 1672 4500 Mos
1701 4454 1783 4500 est
1803 4462 1901 4501 au-

332 4550 438 4594 tem
464 4539 605 4608 apud
627 4536 843 4603 Persas,
873 4548 934 4595 ut
961 4538 1055 4609 qui
1091 4545 1218 4593 sunt
1248 4538 1474 4604 mortui,
1512 4540 1840 4593 devorentnr
1868 4553 1897 4591 a

331 4633 579 4689 canibus.
607 4630 744 4686 Cum
775 4630 813 4684 ii
846 4644 977 4702 ergo
1011 4631 1260 4699 protinus
1288 4629 1570 4701 grabatum
1612 4630 1897 4700 deposuis-

329 4731 470 4790 sent,
499 4721 612 4792 regi
641 4720 777 4776 dixit
806 4719 1137 4790 Epiphanius
1172 4738 1186 4774 :
1215 4718 1260 4774 Ο
1292 4736 1406 4785 rex,
1450 4721 1542 4790 qui
1595 4721 1740 4791 regis
1777 4735 1897 4775 ma-

329 4816 411 4871 los
451 4825 503 4871 et
527 4815 743 4884 iniquos
772 4800 1044 4876 homines,
1076 4812 1363 4882 oportebat
1402 4815 1564 4876 hunc,
1606 4814 1698 4882 qui
1727 4828 1757 4867 e
1787 4813 1895 4867 vita

329 4907 580 4972 excessit,
626 4906 681 4963 in
719 4913 861 4960 terra
898 4904 1133 4973 sepeliri,
1172 4912 1230 4959 ut
1257 4905 1348 4975 qui
1379 4905 1593 4960 caelitus
1640 4906 1766 4959 tuba
1800 4920 1894 4958 ea-

329 5007 441 5061 net,
483 5014 607 5053 eum
641 4999 766 5054 hinc
814 4997 982 5068 possit
1014 4998 1300 5051 traducere
1338 4996 1405 5050 ad
1447 4996 1625 5066 ipsum
1661 4995 1897 5050 adoran—

330 5090 479 5142 dum.
509 5088 582 5143 Es
618 5099 800 5147 autem
830 5104 922 5155 rex
954 5088 1089 5143 adeo
1122 5087 1492 5156 improborum
1521 5097 1575 5140 et
1606 5087 1894 5143 scelerato-

332 5195 451 5234 rum
503 5179 806 5245 hominum,
866 5189 927 5236 ut
970 5181 1055 5236 vel
1085 5190 1211 5235 ante
1254 5189 1468 5248 tempus
1517 5178 1616 5233 sibi
1664 5190 1892 5235 mortem

330 5269 579 5324 alferant.
628 5269 746 5336 llic,
784 5287 945 5339 quem
980 5273 1130 5326 vides
1180 5281 1476 5334 mortuum,
1511 5272 1618 5325 vita
1664 5274 1895 5328 excessit

331 5370 554 5415 necatus
582 5375 611 5413 a
647 5362 912 5415 maleﬁco.
945 5362 1048 5415 Sed
1083 5363 1224 5415 Deus
1261 5377 1434 5428 meus,
1463 5362 1555 5431 qui
1586 5361 1894 5417 luitexten-

397 5536 473 5597 fa)
504 5536 760 5603 Qumdnm
812 5536 1001 5589 Grzeco
1038 5545 1183 5590 textu
1229 5537 1495 5600 excidere,
1532 5548 1693 5599 ut,ex
1728 5539 1892 5595 inter-

329 5609 627 5673 pretatione
659 5607 846 5661 Latina
878 5606 1072 5677 cuique
1097 5606 1313 5661 obvium
1344 5617 1445 5661 est.
1468 5608 1619 5663 Eutr.
1649 5609 1886 5665 Ριιτιιοιι.

2000 4447 2107 4500 τῶν
2155 4447 2212 4501 δὲ
2257 4447 2607 4518 ἀποθεμένων
2660 4448 2863 4512 εὐθέως
2910 4447 2969 4502 τὸ
3016 4448 3285 4518 κράϐατον
3335 4450 3425 4502 ἐπὶ
3472 4449 3570 4521 τὴν

2001 4542 2126 4612 γῆν,
2156 4538 2305 4596 εἶπεν
2348 4542 2659 4611 Ἑπιφάνιος
2697 4539 2773 4611 τῷ
2804 4540 3030 4610 βασιλεῖ·
3062 4537 3132 4593 Ὦ
3165 4539 3382 4610 βασιλεύ
3413 4540 3565 4610 βασι·-

1999 4632 2152 4697 λέων,
2188 4631 2374 4686 κακῶν
2410 4633 2505 4702 (b),
2552 4632 2766 4703 ἀνόμων
2814 4631 3039 4701 ἀνδρῶν·
3093 4631 3260 4700 ἐχρῆν
3304 4632 3413 4698 γὰρ
3445 4631 3565 4684 τοῦ·

1998 4737 2110 4780 τον,
2139 4720 2229 4773 τὸν
2262 4720 2372 4789 βίον
2398 4718 2697 4783 ἐξελθόντα,
2729 4719 2805 4783 εἰς
2834 4719 2937 4788 γῆν
2963 4721 3199 4787 ταφῆναι
3230 4720 3369 4789 μετὰ
3392 4721 3564 4789 ἀσφ-

1997 4809 2173 4874 λείας,
2216 4810 2281 4862 ἵν’
2319 4810 2609 4881 οὐρανόθεν
2650 4810 2677 4862 6
2715 4808 2989 4878 Δεσπότης
3036 4808 3308 4872 σαλπίζων
3334 4827 3563 4880 μετανα-

2000 4901 2184 4970 στήσει
2215 4900 2399 4967 τοῦτον
2430 4902 2508 4963 είς
2541 4900 2927 4971 προσκύνησιν.
2971 4898 3237 4953 Τοιούτων
3266 4899 3321 4953 δὲ
3354 4900 3561 4973 ἀνδρῶν

1997 4990 2242 5044 ἀτάκτων
2272 4990 2591 5061 βασιλεύεις,
2622 4991 2696 5053 ὥς
2732 5008 2791 5045 τε
2831 4991 2922 5044 καὶ
2955 4989 3058 5061 πρὸ
3094 4991 3287 5061 καιροῦ
3336 4991 3558 5046 θάνατον

1997 5084 2208 5146 ἑαυτοῖς
2247 5082 2601 5153 ποιουμένων.
2637 5083 2740 5136 Ἴδε
2789 5083 2873 5155 δὴ,
2918 5077 3092 5147 οὗτος,
3128 5084 3186 5137 ὃν
3217 5084 3435 5155 βλέπεις
3469 5101 3558 5137 τε-

1996 5173 2225 5237 θνεῶτα,
2263 5173 2368 5227 ὑπὸ
2397 5173 2703 5244 κακούργου
2730 5174 2819 5228 τὸν
2854 5175 2966 5245 βίον
2999 5175 3319 5246 ὑπεξῆλθεν.
3365 5158 3497 5230 Ἀλλ’
3525 5178 3556 5227 ὁ

1994 5265 2123 5327 Θεὸς
2154 5283 2252 5335 μου
2277 5267 2304 5317 ὁ
2333 5264 2615 5327 τανυσθεὶς
2641 5264 2731 5316 ἐπὶ
2760 5263 2936 5331 ξύλου.
2971 5265 3155 5319 τοῦτον
3185 5266 3390 5338 ἐγείρει
3420 5267 3555 5321 κατὰ

1994 5358 2283 5428 πρόσωπον
2317 5358 2550 5413 πάντων.
2583 5355 2765 5410 Ταῦτα
2795 5357 2852 5410 δὲ
2896 5358 3064 5413 εἰπὼν
3092 5358 3438 5430 Ἐπιφάνιος,
3465 5363 3557 5415 καὶ

2070 5535 2136 5605 (b)
2180 5533 2331 5608 Legit
2373 5533 2635 5608 interpres
2679 5530 2793 5588 εὯ
2839 5536 3086 5607 βασιλεῦ,
3122 5535 3420 5608 βασιλεύων
3452 5557 3558 5593 κα-

1993 5602 2125 5670 κῶν,
2156 5602 2444 5659 ειοζΕοιτ.
2481 5602 2715 5660 Parum“
