3842 6126
290 285 359 341 13
1578 278 1635 336 S.
1672 270 2011 330 EPIPHANII
2055 272 2237 328 VITA.
3448 277 3510 329 .56

291 402 399 462 ταῖς
440 396 621 468 χερσὶν
666 394 829 448 αὐτοῦ
862 396 951 448 τὸν
996 395 1184 465 νεκρὸν
1228 395 1585 465 ψηλαφήσας,
1617 394 1841 463 ἐϐόησεν

1977 402 2040 441 us
2069 403 2233 457 supra
2265 388 2492 456 lignum,
2524 402 2646 441 eum
2699 387 2957 443 excitabit
3000 400 3187 440 coram
3238 386 3511 440 omnibus.

288 492 359 561 τῷ
400 486 772 558 φιλανθρώπῳ·
803 489 895 541 Υἱέ
928 489 1062 542 θεοῦ
1084 530 1098 553 ,
1139 490 1329 559 φησιν,
1365 490 1393 541 ὁ
1421 488 1510 542 τὸν
1542 490 1841 559 τετραήμε-

290 599 371 650 ρον
396 578 635 649 Λάζαρον
662 580 726 631 ἐκ
756 579 962 650 νεκρῶν
989 581 1327 650 ἀναστήσας,
1363 580 1723 653 ἐξανάστησον
1750 580 1841 632 τὸν

286 672 485 725 νεανίαν
536 670 746 724 τοῦτον.
800 673 911 725 Καὶ
960 671 1138 725 λαϐὼν
1200 673 1513 741 Ἐπιφάνιος
1567 672 1656 725 τὸν
1714 671 1843 725 ἴδιον

288 758 566 828 ἐπενδύτην
615 759 862 813 ἐνέδυσεν
925 760 1013 814 τὸν
1063 762 1368 816 τεθνεῶταο
1434 763 1553 826 ἔθος
1612 762 1722 833 γὰρ
1775 758 1842 832 ἦν

288 850 406 919 περὶ
442 850 566 910 τοὺς
598 848 837 919 Πέρσας,
881 853 1120 922 γυμνοὺς
1164 852 1316 922 ἄγειν
1348 853 1474 917 τοὺς
1519 853 1839 917 τεθνεῶτας.

287 939 486 1002 Εὐθέως
537 935 632 993 οὖν
664 941 866 1014 ἀνέστη
909 944 937 995 ό
969 943 1281 1009 νεανίσκος,
1317 945 1410 998 καὶ
1449 943 1723 1015 ἠσπάζετο
1754 945 1845 998 τὸν

297 1030 620 1100 Ἑπιφάνιον.
652 1028 823 1085 Εἶπεν
855 1033 910 1086 δὲ
960 1034 1272 1105 Ἑπιφάνιος
1313 1035 1391 1106 τῷ
1424 1037 1708 1106 νεανίσκῳ·
1744 1036 1847 1090 Βά-

283 1119 409 1185 διζε,
439 1122 652 1185 τέκνον,
677 1123 736 1175 ἐν
768 1123 843 1193 τῷ
882 1124 959 1195 σῷ
997 1125 1149 1196 οἴκῳ,
1180 1126 1272 1180 καὶ
1301 1126 1529 1198 φόρεσον
1566 1128 1755 1197 ἱμάτια
1780 1128 1847 1181 τὰ

285 1209 503 1282 συνήθηδ
528 1211 705 1280 ἄγαγε
734 1212 790 1265 δέ
827 1228 914 1283 μοι
946 1214 1035 1267 τὸν
1076 1215 1390 1286 ἐπενδύτην.
1435 1211 1542 1268 Ἦν
1576 1216 1685 1286 γὰρ
1729 1216 1848 1281 ἔθος

295 1298 587 1371 Ἐπιφανίῳ
634 1306 818 1373 φορεῖν
859 1302 1093 1374 τρίχινον
1135 1305 1335 1375 χιτῶνα
1381 1307 1473 1359 ἐπὶ
1504 1305 1603 1377 τὴν
1647 1306 1846 1377 σάρκα,

284 1394 370 1446 καὶ
396 1392 597 1458 ἔξωθεν
634 1394 800 1448 αὐτοῦ
838 1395 928 1449 τὸν
971 1396 1283 1470 ἐπενδύτην.
1325 1399 1414 1463 Ὧς
1439 1394 1533 1453 οὖν
1567 1399 1672 1452 ῖδεν
1703 1401 1731 1452 ὀ
1754 1398 1850 1468 βα-

285 1482 455 1545 σιλεὺς
488 1482 551 1535 τὸ
579 1484 867 1554 γενόμενον
909 1487 1139 1557 πρᾶγμα
1175 1490 1233 1541 ἐν
1269 1489 1589 1560 Ἐπιφανίῳ,
1625 1489 1851 1558 ὑπενόη-

287 1591 372 1627 σεν
413 1574 536 1627 θεὸν
566 1576 728 1629 αὐτὸν
756 1572 894 1629 εἶναι
956 1573 1093 1631 Εἷπε
1130 1579 1187 1633 δὲ
1223 1582 1536 1650 Ἐπιφάνιος
1582 1582 1661 1653 τῷ
1695 1582 1851 1653 βασι-

283 1663 376 1716 λεῖ·
403 1666 496 1734 Μὴ
528 1664 744 1733 λογίζου
772 1668 850 1729 εἰς
874 1668 973 1738 ἐμὲ
998 1669 1190 1735 ταῦτα,
1215 1671 1498 1742 ἄνθρωπον
1526 1672 1655 1726 ὄντα
1675 1674 1853 1741 ὁμοιο-

1945 478 2082 533 Cum
2114 478 2228 531 haac
2256 486 2435 530 autem
2471 477 2699 531 dixisset
2729 475 3085 547 Epiphanius,
3125 475 3378 533 manibus
3402 476 3516 529 suis

1949 578 2139 624 tenens
2170 578 2468 633 mortuum,
2501 569 2733 638 benigno
2767 579 2819 623 et
2862 568 3116 623 clementi
3157 566 3265 621 Deo
3314 567 3520 621 clama-

1948 661 2025 714 vit
2054 678 2068 714 :
2101 658 2201 713 Fili
2233 659 2351 723 Dei,
2404 659 2496 730 qui
2527 660 2889 737 quadrianum
2915 659 3181 714 Lazarum
3217 658 3515 722 suscitasti,

1952 754 2097 807 hunc
2124 766 2342 822 quoque
2366 752 2571 808 suscita
2620 752 3040 806 adolescentem.
3067 750 3314 818 Cumque
3358 764 3517 802 suum

1951 845 2247 916 accepisset
2279 843 2656 900 indumentum
2688 840 3046 915 Epiphanius,
3079 858 3144 898 eo
3180 842 3353 896 induit
3382 856 3517 894 mor-

1953 945 2129 992 tuum.
2160 935 2273 992 Mos
2299 944 2382 991 est
2408 936 2553 990 enim
2584 936 2764 991 Persis
2793 944 3040 990 mortuos
3069 934 3245 988 nudos
3268 932 3516 985 educere.

1953 1025 2258 1096 Statimque
2308 1028 2545 1081 surrexit
2597 1027 2936 1090 adolescens,
2994 1034 3047 1079 et
3096 1023 3380 1092 amplexus
3441 1027 3523 1074 est

1951 1118 2337 1189 Epiphanium.
2379 1120 2519 1174 Dixit
2549 1127 2730 1174 autem
2770 1118 3107 1189 Epiphanius
3144 1114 3471 1170 adolescenli
3505 1130 3519 1166 :

1953 1210 2136 1273 Vade,
2166 1211 2236 1265 ﬁli
2257 1252 2273 1276 ,
2311 1211 2363 1265 in
2406 1211 2630 1267 domum
2680 1219 2852 1273 tuam,
2882 1219 2936 1264 et
2967 1204 3047 1264 l'cr
3081 1217 3256 1262 vestes
3287 1219 3524 1261 consue-

1956 1316 2059 1365 tas,
2090 1310 2145 1356 et
2176 1300 2315 1356 refer
2344 1303 2412 1356 ad
2466 1318 2553 1357 me
2607 1316 2788 1356 meum
2846 1301 3245 1355 indumentum.
3306 1295 3527 1349 Solebat

1955 1393 2098 1446 enim
2132 1391 2469 1462 Epiphanius
2517 1392 2658 1447 ferre
2688 1392 2924 1447 cilicium
2969 1405 3135 1459 super
3165 1387 3367 1442 nudam
3407 1400 3526 1440 car-

1956 1497 2080 1537 nem
2106 1492 2160 1536 et
2190 1484 2487 1537 amiculum
2528 1483 2880 1554 superjicere.
2910 1481 3207 1550 Postquam
3236 1488 3416 1534 autem
3449 1477 3529 1531 vi-

1956 1576 2037 1630 dit
2068 1591 2161 1629 rex
2188 1575 2511 1630 miraculum
2541 1574 2686 1646 quod
2722 1573 2927 1629 factum
2981 1582 3064 1627 est
3096 1573 3163 1627 ab
3204 1570 3527 1640 Epiphanio,

1963 1665 2297 1720 existimavit
2330 1680 2453 1720 eum
2484 1680 2606 1721 esse
2640 1669 2819 1720 deum.
2848 1663 2950 1719 Cui
2986 1662 3123 1717 dixit
3150 1661 3486 1732 Epiphanius
3513 1679 3526 1715 :

286 1753 448 1824 παθῆ.
485 1754 547 1807 '0
578 1755 686 1827 γὰρ
716 1755 848 1821 Θεός
878 1774 999 1827 μου,
1024 1751 1068 1826 ᾦ
1094 1760 1409 1825 ἐπίστευσα,
1433 1760 1606 1815 ταῦτα
1627 1763 1858 1839 παρέχει

1971 1757 2113 1822 N‘oli,
2161 1757 2271 1813 noli
2309 1758 2423 1812 hmc
2451 1757 2518 1811 de
2565 1771 2649 1810 me
2698 1756 3032 1818 existimare,
3069 1754 3160 1823 qui
3194 1769 3314 1808 sum
3367 1753 3530 1805 homo

285 1846 388 1908 τοῖς
419 1845 602 1913 φίλοις
644 1845 828 1899 αὐτοῦ.
874 1846 1055 1900 Ταῦτα
1094 1849 1152 1901 δὲ
1200 1850 1370 1904 εἰπὼν
1409 1852 1722 1920 Ἐπιφάνιος
1766 1855 1860 1909 καὶ

286 1934 499 1989 πλείονα
534 1935 760 2009 τούτων,
793 1931 944 1992 εἶπεν
973 1939 1050 2009 τῷ
1085 1939 1321 2010 βασιλεῖ’
1376 1943 1736 2016 ’Υπόστρεφε,
1768 1946 1858 1999 τέ-

285 2041 423 2090 κνον,
451 2028 513 2080 ὲν
552 2026 631 2096 σῷ
658 2027 908 2098 ταμιείῳ.
954 2029 1142 2098 Ἡμεῖς
1169 2024 1278 2104 γὰρ
1310 2032 1596 2105 βαδίζομεν
1637 2036 1729 2088 ἐπὶ
1758 2054 1861 2089 πα-

283 2117 447 2186 τρίδα.
479 2113 652 2169 Εἶπεν
681 2117 737 2170 δὲ
762 2120 790 2171 ὁ
834 2119 1084 2189 βασιλεὺς
1118 2122 1256 2194 πρὸς
1294 2124 1626 2193 Ἐπιφάνιον·
1657 2127 1862 2189 Πόσους

285 2208 532 2293 ξιφήρεις
569 2210 874 2264 ἀποστείλω
923 2213 1048 2275 τοὺς
1090 2212 1457 2279 διασώζοντάς
1509 2233 1602 2281 σε,
1650 2217 1859 2289 πάτερ;

285 2297 443 2354 Εἶπεν
469 2301 532 2354 δὲ
578 2303 895 2371 Ἑπιφάνιος
930 2305 1067 2375 πρὸς
1106 2305 1196 2359 τὸν
1226 2305 1467 2376 βασιλέα’
1505 2308 1652 2378 Ἔχω
1683 2308 1774 2362 τὸν
1805 2312 1864 2362 ἐν

286 2393 533 2462 οὐρανοῖς
586 2393 930 2461 φυλάσσοντα
983 2413 1049 2465 με
1091 2396 1258 2459 Θεὸν,
1307 2399 1402 2452 καὶ
1445 2397 1691 2471 ξιφήρεις
1738 2402 1864 2464 τοὺς

286 2483 466 2550 ἁγίους
503 2483 672 2536 αὐτοῦ
707 2484 991 2552 ἀγγέλους.
1036 2485 1168 2540 Τότε
1199 2489 1227 2540 ὁ
1264 2488 1514 2558 βασιλεὺς
1538 2472 1863 2561 ἀσπασάμε-

285 2575 489 2637 νος-τὸν
538 2575 851 2644 Ἐπιφάνιον
878 2575 1104 2648 ἔκραξεν
1142 2578 1314 2647 λέγων
1351 2581 1559 2654 μεγάλῃ
1591 2584 1655 2653 τῇ
1691 2585 1861 2653 φωνῇ’

286 2665 474 2729 Βὰδιζε
518 2667 800 2733 ὑγιαίνων,
840 2666 1150 2737 Ἐπιφάνιε,
1181 2672 1214 2740 ἡ
1251 2670 1376 2736 δόξα
1407 2673 1514 2725 τῶν
1558 2675 1862 2744 Ῥωμαίων

289 2759 507 2828 μνήμην
537 2756 597 2810 δὲ
641 2757 795 2811 ποιοῦ
831 2758 987 2830 ἡμῶν
1021 2759 1128 2813 τῶν
1165 2763 1223 2814 ἐν
1252 2762 1496 2835 Περσίδι.
1533 2765 1868 2836 Ἀπάραντες

284 2849 338 2901 δὲ
373 2850 483 2903 ἀπὸ
533 2849 816 2920 Περσίδος,
851 2852 1225 2924 ἐπορεύθημεν
1270 2857 1328 2908 ἐν
1378 2859 1445 2927 τῇ
1489 2857 1737 2929 Φοινίκῃ·
1775 2858 1868 2911 καὶ

285 2941 662 3004 διοδεύσαντες
696 2943 860 3014 μέρος
905 2962 957 2997 τι
1001 2945 1103 3015 τῆς
1132 2946 1406 3019 Φοινίκης,
1446 2947 1869 3019 εἰσεληλύθαμεν

287 3033 342 3085 ἐν
369 3033 720 3104 Σπανυδρίῳ.
750 3034 1004 3106 Ηύρομεν
1028 3036 1083 3089 δέ
1115 3037 1177 3090 τὸ
1209 3037 1417 3091 κελλίον
1444 3037 1519 3102 ὡς
1552 3034 1620 3109 ἦν
1648 3039 1710 3093 τὸ
1740 3039 1870 3110 πρό-

287 3142 457 3197 τερον.
493 3127 610 3180 Καὶ
639 3128 964 3197 ποιήσαντες
1004 3118 1198 3202 τρίτην
1234 3132 1466 3203 ἡμέραν,
1506 3131 1648 3203 ὕδωρ
1671 3133 1770 3187 οὐκ
1800 3129 1868 3204 ἦν

288 3217 380 3271 τοῦ
410 3221 565 3271 πιεῖν
591 3220 760 3290 ἡμᾶς.

357 3388 461 3442 18'.
498 3389 734 3453 Σταθεὶς
776 3388 869 3444 οὖν
908 3393 1223 3462 Ἐπιφάνιος
1252 3393 1389 3447 κατὰ
1436 3394 1699 3458 ἀνατολὰς
1751 3393 1872 3464 βλέ-

293 3499 407 3534 πων
437 3483 793 3555 προσηύξατο
818 3482 895 3553 τῷ
922 3485 979 3536 ἐν
1014 3485 1264 3554 οὐρανοῖς
1304 3484 1422 3555 Θεῷ
1450 3486 1641 3554 λέγων·
1687 3488 1745 3541 Ὀ
1774 3489 1873 3561 τὴν

289 3571 603 3645 ἀκρότομον
639 3574 844 3645 πέτραν
870 3573 1202 3655 διαχαράξας
1232 3577 1328 3629 καὶ
1362 3576 1472 3629 ἀπὸ
1500 3577 1704 3649 ταύτης
1729 3578 1874 3651 ὕδωρ

289 3660 702 3734 ἐξαναϐρύσας,
754 3663 848 3715 καὶ
903 3662 1030 3716 λαὸν
1063 3663 1385 3717 ἐκλείποντα
1435 3665 1578 3737 ὕδωρ
1617 3668 1871 3734 ποτίσας,

286 3753 665 3826 διασπάραξον
713 3754 807 3807 καὶ
852 3755 949 3824 τὴν
998 3757 1100 3826 γῆν
1131 3756 1364 3828 ταύτην·
1418 3760 1510 3811 καὶ
1551 3760 1774 3831 ποίησον
1816 3760 1876 3825 ἐξ

291 3845 461 3916 αὐτῆς
493 3844 647 3914 ὕδωρ
690 3844 949 3923 πηγάζων
995 3847 1087 3898 ἐπὶ
1127 3849 1454 3919 κατοικησίᾳ
1500 3852 1747 3922 πενήτων
1778 3853 1875 3904 ἀν-

294 3936 557 4005 θρώπων.
591 3935 698 3989 Τοῦ
733 3935 789 3989 δὲ
832 3936 1146 4005 Ἐπιφανίου
1181 3937 1352 3991 ταῦτα
1387 3940 1651 4005 εἰπόντος,
1680 3941 1876 3995 εὐωδία

292 4043 374 4089 τις
421 4026 613 4097 ἀγαθὴ
652 4028 869 4095 ἐγένετο
916 4032 973 4082 ἐν
1018 4028 1095 4099 τῷ
1139 4030 1287 4100 τόπῳ
1319 4032 1544 4101 ἐκείνῳο
1589 4034 1681 4086 καὶ
1717 4033 1876 4087 πάλιν

288 4118 480 4182 κλίνας
510 4119 697 4188 τρίτον
725 4118 817 4171 ἐπὶ
855 4119 952 4188 τήν
987 4120 1090 4190 γῆν
1135 4121 1229 4172 καὶ
1271 4122 1708 4192 προσευξάμενος
1730 4163 1744 4185 ,
1781 4124 1876 4176 λα-

288 4206 398 4260 ϐὼν
442 4208 762 4279 ὀρυκτῆρα,
805 4208 1067 4280 ἐχάραξεν
1114 4212 1307 4282 μικρὸν
1350 4213 1443 4265 ἐπὶ
1488 4213 1584 4284 τὴν
1622 4214 1745 4283 γῆν·
1783 4216 1878 4269 καὶ

292 4298 403 4352 ἰδοὺ
437 4298 591 4366 ὕδωρ
634 4300 909 4365 ὀλιγοστὸν
959 4302 1274 4373 ἀνέόρυσεν.
1326 4304 1555 4356 Ἔπειτα
1586 4305 1747 4358 πάλιν
1781 4323 1879 4375 χα-

1960 1850 2231 1905 obnoxius
2259 1849 2451 1904 iisdem
2501 1847 3022 1919 perturbationibus,
3069 1856 3123 1900 et
3160 1845 3409 1900 similiter
3437 1859 3531 1912 pa-

1961 1941 2147 1996 tabilis.
2184 1940 2324 1993 Deus
2353 1954 2527 1999 meus,
2553 1939 2641 1994 cui
2670 1937 2854 2001 credo,
2906 1937 3019 1993 haec
3062 1936 3264 2005 praebet
3301 1935 3416 1988 suis
3450 1932 3532 1985 fa-

1905 2080 1925 2097 ,
1967 2033 2148 2087 mulis.
2184 2031 2319 2086 Cum
2354 2031 2469 2085 haec
2502 2039 2681 2083 autem
2712 2040 2765 2084 et
2804 2030 2889 2084 his
2936 2029 3090 2099 plura
3138 2028 3364 2083 dixisset
3414 2027 3536 2094 Epi-

1970 2121 2228 2189 phanius,
2259 2120 2391 2173 dicit
2421 2120 2531 2189 regi
2569 2138 2581 2172 :
2618 2118 2928 2182 Revertere,
2960 2118 3069 2182 lili,
3106 2117 3158 2169 in
3202 2116 3402 2169 aulam.
3426 2112 3537 2167 Nos

1964 2212 2108 2265 enim
2143 2212 2288 2265 imus
2319 2211 2370 2263 in
2404 2211 2656 2279 patriam.
2694 2208 2803 2262 Rex
2840 2217 3019 2262 autem
3051 2208 3186 2262 dixit
3211 2206 3532 2277 Epiphanio:

1964 2298 2107 2369 Quot
2144 2302 2227 2355 vis
2275 2302 2536 2356 satellites
2591 2311 2767 2355 tecum
2811 2299 3041 2363 mittam,
3106 2299 3197 2367 qui
3251 2307 3303 2351 tc
3351 2307 3536 2351 custo-

1967 2393 2162 2447 diant?
2197 2391 2342 2446 Dixit
2371 2392 2419 2444 ei
2465 2390 2800 2460 Epiphanius
2836 2410 2849 2444 :
2906 2388 3088 2443 llabeo
3119 2403 3309 2457 regem.
3348 2386 3534 2447 Deum,

1967 2483 2063 2555 qui
2097 2492 2180 2538 est
2209 2482 2263 2537 in
2293 2481 2469 2543 caelis,
2510 2482 2603 2551 qui
2639 2496 2726 2535 me
2770 2480 3026 2544 custodit,
3058 2490 3111 2533 et
3143 2478 3406 2533 satellites
3440 2477 3537 2530 ha-

1969 2577 2070 2630 beo
2097 2583 2315 2628 sanctos
2363 2573 2481 2640 ejus
2532 2575 2773 2643 angelos.
2827 2569 2983 2628 Tunc
3029 2588 3121 2625 rex
3174 2566 3537 2641 Epiphanium

1972 2666 2279 2736 amplexus,
2312 2666 2450 2718 dixit
2481 2680 2611 2720 voce
2654 2679 2889 2735 magna:
2921 2663 3070 2719 Vade
3111 2664 3164 2718 in
3214 2679 3363 2732 pace,
3409 2662 3536 2732 Epi-

1969 2758 2159 2830 phani,
2208 2757 2379 2828 gloria
2409 2755 2804 2812 Romanorum.
2849 2754 2958 2811 Fac
2995 2767 3210 2817 autem.
3264 2763 3323 2809 ut
3366 2752 3538 2809 nostri

1970 2865 2186 2922 quoque
2226 2850 2562 2912 memineris,
2598 2848 2690 2917 qui
2730 2863 2921 2904 sumus
2979 2847 3034 2900 in
3077 2845 3318 2901 Perside.
3368 2846 3539 2902 Rece-

1972 2944 2162 2998 dentes
2200 2956 2326 2996 vero
2356 2956 2385 2994 a
2423 2939 2664 3002 Perside,
2692 2941 2945 2994 venimus
2987 2938 3043 2992 in
3084 2937 3453 3004 Phoeniciam;
3490 2949 3539 2992 et

1973 3048 2098 3087 cum
2134 3041 2341 3102 partem
2381 3030 2675 3085 thnicia‘:
2712 3029 3120 3085 transiissemus
3145 3069 3160 3094 ,
3192 3030 3445 3084 venimus
3489 3030 3541 3085 in

1974 3122 2717 3196 Spanbydrion.lnvenimus
2778 3132 2960 3178 autem
3024 3122 3258 3188 cellam,
3313 3129 3374 3176 ut
3428 3131 3542 3176 erat

1973 3218 2145 3287 prius.
2183 3214 2250 3270 Et
2286 3230 2412 3269 cum
2448 3214 2561 3270 illic
2607 3213 2905 3270 fuissemus
2945 3223 3059 3269 tres
3104 3211 3242 3281 dies,
3276 3228 3385 3267 non
3427 3221 3543 3267 erat

1974 3324 2114 3379 aqua
2140 3306 2206 3362 ad
2239 3306 2555 3361 bibendum.
2966 3315 2975 3324 '

2044 3397 2187 3451 XIX.
2261 3397 2423 3451 Stans
2474 3404 2655 3450 autem
2708 3394 3045 3465 Epiphanius
3107 3395 3422 3465 aspiciendo
3478 3396 3543 3450 ad

1976 3490 2266 3551 orientem,
2300 3486 2474 3541 oravit
2520 3485 2712 3551 Deum,
2745 3486 2836 3554 qui
2868 3494 2951 3540 est
2995 3486 3051 3539 in
3103 3486 3278 3551 ctelis,
3319 3486 3542 3540 dicens:

1976 3579 2021 3635 0
2052 3588 2109 3631 ιιι
2145 3578 2238 3648 qui
2284 3586 2491 3648 petram
2540 3585 2869 3645 praeruptam
2920 3575 3265 3644 impressisti,
3292 3584 3346 3630 et
3379 3592 3445 3630 ex
3482 3592 3545 3630 ea

1976 3686 2173 3740 aquam
2201 3669 2469 3725 scaturire
2505 3667 2702 3732 fecisti,
2740 3676 2795 3723 et
2820 3668 3098 3738 populum,
3125 3670 3215 3737 qui
3245 3668 3544 3728 deﬁciebat,

1976 3777 2116 3829 aqua
2152 3761 2349 3831 potasti
2394 3760 2450 3826 ',
2486 3760 2627 3813 hanc
2675 3774 2891 3829 quoque
2938 3751 3137 3815 terram
3173 3761 3443 3828 imprime.
3495 3775 3548 3815 et

1979 3853 2063 3908 fac
2098 3865 2156 3907 ut
2189 3869 2330 3922 aqua
2369 3868 2434 3906 ex
2482 3867 2545 3906 ea
2573 3852 2835 3907 scaturiat
2861 3859 3078 3921 propter
3109 3852 3345 3905 lidelinm
3377 3853 3545 3905 homi-

1977 3959 2107 3997 num
2137 3942 2547 3997 babitationem.
2584 3940 2721 3995 Cum
2769 3942 2884 3996 haec
2916 3941 3142 4019 dixisset
3187 3940 3545 4011 Epiphanius.

1979 4033 2158 4091 bonus
2182 4032 2405 4102 quidam
2432 4031 2570 4087 odor
2594 4030 2696 4084 fuit
2724 4032 2777 4084 in
2807 4031 2898 4084 illo
2931 4030 3324 4100 loco.Cumque
3353 4047 3411 4086 sc
3434 4048 3548 4086 rur-

1978 4141 2073 4181 sus
2102 4132 2184 4178 ter
2208 4138 2371 4193 super
2400 4133 2600 4177 terram
2630 4122 2969 4187 inclinasset,
2999 4131 3274 4176 etorasset
3309 4121 3543 4191 Epipha-

1979 4217 2133 4280 nius,
2155 4225 2377 4284 accepto
2409 4214 2589 4284 ligone
2627 4213 2862 4267 turbavit
2898 4221 3118 4279 terram,
3142 4222 3194 4267 et
3213 4228 3337 4268 ecce
3360 4230 3549 4282 parum

1981 4324 2135 4378 aqua?
2153 4307 2421 4363 scaturiit.
2449 4306 2652 4362 Deinde
2673 4321 2797 4361 cum
2825 4320 3018 4361 rursus
3038 4306 3333 4369 turbasset,
3369 4307 3552 4360 nheri-

291 4389 463 4459 ράξας
521 4390 1052 4462 πλουσιοποτάμιτος
1098 4395 1314 4461 ἐγένετο
1355 4397 1389 4461 ἡ
1437 4394 1650 4466 οἴκησις
1696 4397 1865 4467 ἡμῶν.

1984 4399 2085 4454 bus
2103 4399 2249 4453 ﬂuvii
2281 4397 2439 4468 aquis
2470 4408 2653 4452 nostra
2685 4396 2982 4452 abundavit
3005 4397 3291 4451 habitatio.
3322 4396 3553 4451 Eramus

293 4480 520 4551 Ἠμεθα
565 4481 623 4534 δὲ
666 4484 724 4533 ἐν
757 4481 834 4553 τῷ
878 4483 1029 4554 τόπῳ
1077 4484 1269 4556 ἐκείνῳ
1303 4485 1688 4558 ἡσυχάζοντες,
1715 4488 1878 4553 αὐτὸς

291 4571 386 4624 καὶ
436 4570 575 4640 ἐγώ.
621 4571 680 4624 '0
712 4567 804 4624 οὖν
847 4571 977 4637 Θεὸς
1008 4576 1041 4627 ό
1064 4574 1486 4637 ἐξανατέλλων
1514 4579 1731 4648 χόρτον
1756 4580 1879 4647 τοῖς

289 4661 548 4727 κτήνεσι
568 4703 583 4727 ,
620 4661 720 4715 καὶ
752 4665 948 4731 χλόην
979 4664 1053 4734 τῇ
1094 4664 1339 4734 δουλείᾳ
1378 4670 1497 4722 τῶν
1532 4670 1877 4739 ἀνθρώπων,

294 4752 683 4823 ἐξαρδεύοντος
706 4753 800 4806 τοῦ
832 4754 1019 4818 ὕδατος
1046 4755 1143 4827 τὴν
1166 4758 1267 4827 γῆν
1298 4760 1511 4813 ἃπασαν
1537 4761 1772 4833 ἐκείνην,
1811 4767 1877 4835 τῇ

296 4844 599 4916 προστάξει
628 4844 721 4898 τοῦ
752 4847 839 4899 ἀεὶ
867 4850 1261 4918 προνοουμένου
1290 4850 1383 4905 τοῦ
1418 4852 1756 4924 ἀνθρωπίνου
1788 4855 1885 4924 γέ-

292 4954 439 5000 νους,
473 4937 737 5005 ἐξέφυσεν
778 4940 809 5008 ή
842 4940 912 5009 γῆ
953 4931 1154 5008 πλῆθος
1188 4941 1436 5012 λαχάνων
1478 4945 1558 5006 εἰς
1587 4945 1886 5000 ἀπόλαυσιν

295 5030 390 5081 καὶ
420 5029 720 5099 διατροφήν
751 5029 925 5100 ἡμῶν.
956 5031 1130 5086 Τινῶν
1167 5032 1223 5085 δὲ
1257 5032 1460 5104 θηρίων
1501 5036 1886 5107 ἐπερχομένων

294 5119 536 5181 τούτοις,
571 5120 666 5173 καὶ
696 5119 796 5189 τὴν
842 5119 1056 5174 ἃπασαν
1101 5121 1264 5193 χλόην
1303 5124 1690 5192 ἀφανιζόντων,
1732 5127 1883 5180 Ἐπι-

297 5211 494 5279 φάνιος
534 5210 660 5283 ἔστη
712 5212 895 5264 ἐπάνω
941 5212 1047 5266 τῶν
1085 5212 1366 5283 λαχάνων,
1402 5214 1494 5266 καὶ
1535 5218 1646 5278 τοῖς
1675 5215 1882 5287 θηρίοις

295 5303 573 5371 διελέγετο
595 5304 671 5367 ὡς
697 5302 1004 5375 ἀνθρώποις
1032 5302 1204 5372 λέγων
1226 5321 1238 5333 ·
1271 5305 1359 5375 Μή
1391 5323 1480 5375 μοι
1512 5306 1715 5370 κόπους
1743 5325 1885 5378 παρ-

299 5395 455 5463 ἐχετε
478 5411 493 5424 ’
545 5392 826 5465 ἄνθρωπος
878 5394 984 5465 γὰρ
1024 5394 1346 5465 ἁμαρτωλὸς
1388 5396 1480 5448 καὶ
1507 5397 1720 5468 πτωχός
1750 5401 1883 5469 είμι.

298 5488 397 5539 Διά
449 5484 511 5537 τὸ
554 5487 752 5557 πλῆθος
796 5482 888 5538 οὖν
934 5486 1041 5538 τῶν
1086 5485 1369 5556 ἁμαρτιῶν
1404 5504 1505 5555 μου
1552 5488 1668 5558 εἰμὶ
1713 5491 1771 5542 ἐν
1814 5489 1889 5560 τῷ

375 5670 396 5698 ⁸
442 5668 612 5722 Exod.
652 5668 833 5729 xvu,l
878 5682 997 5736 sqq.
1077 5667 1096 5697 ³
1129 5665 1270 5721 Psal.
1308 5683 1425 5731 cm,
1460 5668 1541 5723 Μ.

1985 4500 2162 4545 autem
2194 4491 2246 4543 in
2274 4505 2339 4544 eo
2367 4490 2489 4543 loco
2515 4489 2754 4558 quietem
2794 4498 3036 4559 agentes,
3061 4489 3175 4558 ipse
3197 4497 3381 4557 etego.
3413 4490 3553 4542 Dens

1988 4596 2134 4645 vero,
2165 4580 2255 4650 qui
2295 4579 2537 4648 producit
2580 4577 2759 4647 fenum
2787 4577 3065 4647 jumentis,
3104 4586 3152 4630 et
3193 4577 3404 4631 herbam
3440 4594 3552 4631 ser-

1985 4672 2139 4724 vituti
2180 4670 2449 4723 hominum
2480 4670 2523 4735 ³,
2574 4668 2837 4739 irrigante
2881 4684 3023 4738 aqua
3052 4676 3218 4722 totam
3261 4668 3408 4721 illam
3455 4677 3554 4721 ter—

1987 4777 2125 4828 ram,
2149 4762 2304 4832 jussu
2336 4761 2476 4831 ejus,
2508 4761 2602 4830 qui
2653 4775 2867 4830 semper
2913 4774 3101 4815 curam
3148 4759 3287 4829 gerit
3330 4758 3551 4812 humani

1983 4854 2220 4922 generis,
2266 4852 2522 4922 produxit
2580 4867 2611 4906 e
2660 4861 2801 4908 terra
2858 4851 3261 4906 multitudinem
3318 4850 3550 4912 olerum,

1983 4946 2185 5015 quibus
2226 4960 2326 4999 nos
2364 4943 2673 4999 frueremur
2701 4954 2755 4999 et
2795 4945 3086 4998 aleremur.
3139 4943 3274 4993 Cum
3306 4941 3551 5010 quaedam

1983 5048 2163 5092 autem
2200 5036 2312 5092 fera
2343 5036 2411 5091 ad
2440 5053 2502 5092 ea
2526 5037 2777 5093 venirent
2798 5034 3076 5099 animalia,
3106 5042 3159 5087 et
3182 5032 3414 5088 virorem
3445 5048 3557 5087 om-

1987 5148 2110 5186 nem
2134 5147 2318 5186 earnm
2351 5132 2620 5192 tollerent,
2652 5128 2985 5199 Epiphanius
3012 5128 3163 5184 stetit
3189 5143 3353 5197 supra
3387 5128 3554 5189 olera,

1989 5230 2043 5275 et
2062 5221 2318 5275 disseruit
2341 5236 2465 5273 eum
2491 5218 2639 5282 leris,
2674 5227 2929 5286 tanquam
2961 5232 3086 5271 cum
3115 5216 3445 5278 hominibus,
3460 5217 3555 5270 ς(Ιί-

1989 5325 2119 5364 cens
2155 5329 2167 5362 :
2198 5307 2376 5362 Nolite
2414 5308 2548 5361 mihi
2584 5307 2839 5361 exhibere
2868 5306 3171 5362 molestiam
3204 5322 3216 5358 :
3253 5323 3375 5362 sum
3411 5307 3555 5359 enim

1989 5401 2155 5455 homo
2205 5409 2454 5470 peccator
2502 5406 2556 5451 ct
2601 5413 2825 5466 pauper.
2874 5396 3101 5468 Propter
3155 5396 3555 5451 multitudinem

1992 5502 2169 5546 autem
2202 5507 2442 5544 meorum
2475 5501 2817 5560 peccatorum
2847 5505 2966 5544 sum
2996 5490 3186 5558 lugens
3216 5488 3267 5540 in
3288 5489 3389 5541 hoc
3417 5489 3556 5551 loco,
