3808 6114
296 366 403 445 τιεῖ

1631 372 1689 424 S.
1730 370 2072 426 EPIPHANII
2120 370 2296 423 Vl'l‘A.
2826 396 2851 407 ν

304 495 425 550 -Κάὶ
450 495 501 547 οἱ
531 489 710 546 λοιποὶ
753 490 1074 560 πτοηθέντες
1120 487 1303 542 οὐκέτι
1352 487 1595 559 θέλουσιν
1626 488 1896 558 παράγειν

2001 486 2104 553 Qui
2145 502 2268 541 cum
2296 484 2363 540 de
2391 484 2559 539 leonis
2592 482 2890 558 insolentia
2913 481 3199 562 andiisset,
3236 480 3370 548 dixit
3398 480 3573 557 omni-

309 586 402 639 τὸν
443 586 605 638 τόπον
642 585 869 637 ἐκεῖνον.
907 581 1174 646 Ἀκούσας
1209 581 1266 634 δὲ
1296 581 1612 648 Ἐπιςάνιος
1642 580 1895 650 περὶτῆς

310 678 538 743 ἀταξίας
575 676 668 729 τοῦ
692 676 926 738 λέοντος,
960 670 1115 727 εἶπεν
1144 674 1280 745 πρὸς
1317 673 1559 735 ἅπαντας
1596 674 1721 735 τοὺς
1754 689 1895 742 παρ-

308 770 893 837 εστῶτας-Ἄγωμεν,
941 767 1104 838 φησὶν
1127 807 1142 831 ,
1176 766 1377 829 τέκνα,
1414 765 1507 818 ἐπὶ
1553 766 1631 835 τῷ
1671 764 1895 836 ὀνόματι

310 849 540 932 Κυρίου,
572 860 666 913 καὶ
694 859 938 930 ὀψόμεθα
980 860 1073 912 τὸν
1098 858 1287 913 λέοντα
1317 858 1409 911 τὸν
1443 858 1757 929 αἱμοϐόρον.
1783 859 1893 910 Λα-

310 949 420 1003 ϐὼν
456 946 550 1004 οὖν
580 950 680 1019 ἐμὲ
707 948 1049 1017 Ἑπιφάνιος,
1086 946 1466 1021 ἐπορεύθημεν
1502 946 1639 1016 μετὰ
1671 945 1779 999 τῶν
1806 947 1897 999 ἁν-

307 1040 565 1112 θρώπων.
588 1041 890 1095 Ἐλθόντων
913 1040 970 1092 δὲ
999 1039 1178 1110 ἡμῶν,
1203 1039 1364 1092 ἔπεσε
1423 1038 1585 1112 φόϐος
1604 1038 1782 1108 ’μέγας
1805 1040 1896 1092 ἐπὶ

304 1133 677 1202 πάνταςοτοὺς
708 1132 869 1197 ὄντας
898 1130 1016 1202 μεθ’
1055 1130 1232 1201 ἡμῶν.
1270 1125 1437 1184 Εἶπεν
1482 1128 1539 1181 δὲ
1580 1129 1896 1202 Ἐπιφάνιος

307 1223 447 1293 πρὸς
480 1223 605 1286 τοὺς
635 1221 956 1294 ἀνθρώπους
976 1238 989 1251 ο
1022 1219 1165 1284 Ποῦ,
1203 1220 1397 1290 φησιν,
1448 1219 1612 1271 τέκνα
1637 1259 1650 1281 ,
1684 1217 1828 1271 ἔστιν
1860 1221 1892 1289 ἡ

300 1314 632 1385 κατοίκησις
674 1313 767 1367 τοῦ
814 1313 1063 1377 λέοντος;
1109 1310 1330 1387 Τῶνδὲ
1372 1309 1762 1376 ὑποδειξάντων
1806 1311 1895 1363 τὸν

306 1408 493 1479 τάπφν,
537 1394 1121 1473 ἔϐαινεν-Ἑπιφάδνιοςί
1146 1402 1362 1473 πρῶτος
1412 1404 1652 1458 πάντων.
1687 1402 1795 1455 Τοῦ
1839 1402 1895 1456 δὲ

298 1499 520 1567 λέοντος
580 1498 851 1570 μηδέποτε
917 1496 1292 1568 βλεπομένου,
1346 1497 1532 1565 ἔλεγεν
1578 1479 1895 1565 Ἐπιφάνιος

307 1585 525 1658 μεγάλῃ
556 1589 620 1657 τῇ
658 1589 809 1665 φωνῇ
833 1602 844 1615 ·
887 1583 999 1640 Ποῦ
1048 1583 1194 1637 ἐστιν
1242 1574 1767 1656 τὸ-ακατοικητήριον
1800 1582 1893 1653 τοῦ

304 1679 547 1731 ἀτάκτου
577 1676 828 1745 λέοντος.;
857 1676 1227 1748 Ἐξεπήδησεν
1276 1676 1333 1729 δὲ
1376 1679 1404 1730 0
1451 1675 1590 1729 λέων
1639 1676 1748 1729 ἀπὸ
1796 1676 1893 1746 τῆς

307 1769 441 1838 ὕλης
477 1770 557 1831 εἰς
587 1768 910 1840 συνάντησιν
930 1768 1272 1837 Ἐπιφανίου.
1307 1762 1473 1833 Οὗτος
1508 1768 1564 1820 δὲ
1603 1766 1725 1822 ἰδὼν
1740 1769 1893 1821 Ἐπι-

2000 580 2102 633 bus
2152 578 2244 647 qui
2294 577 2519 630 aderant
2560 594 2570 627 :
2616 574 2817 628 Eamus
2880 574 2933 626 in
2978 574 3199 627 nomine
3246 571 3481 633 Domini,
3522 581 3574 625 et

2001 669 2279 724 videamus
2329 668 2560 725 leonem.
2613 665 2695 718 Me
2729 671 2910 739 autem
2952 671 3197 735 accepto,
3242 661 3574 731 Epiphanius

2000 748 2223 831 quidem
2274 757 2553 829 profectus
2585 764 2668 811 est
2697 770 2821 809 cum
2860 752 3195 809 hominibus.
3223 740 3299 805 Et
3329 768 3450 805 cum
3480 766 3573 805 ve-

2000 852 2272 906 nissemus
2304 850 2368 904 ad
2414 849 2597 914 locum
2626 846 2884 923 ,-inciqit.
2906 859 3137 913 magnus
3184 844 3346 923 timor
3375 842 3429 895 in
3456 857 3572 895 om-

1999 957 2097 996 nes
2153 940 2245 1008 qui
2280 948 2437 993 erant
2470 914 2775 993 nobiscum.
2812 914 2903 989 Eis
2931 914 3293 988 aute‘m'dixit
3323 931 3573 1005 Epipha-

1998 1032 2162 1085 nius:
2193 1028 2295 1085 Ubi
2339 1039 2441 1094 est,
2478 1046 2511 1084 0
2538 1028 2654 1092 lilii,
2690 1023 3197 1100 leonis'babitatio?
3224 1022 3469 1092 Cumque
3495 1022 3573 1076 lo-

1977 1140 2131 1191 .eum_
2151 1122 2544 1187 ostendissent;
2564 1116 2656 1174 ivii
2684 1102 2897 1189 primus
2920 1114 3259 1190 Epiphanius
3281 1114 3347 1168 ad
3373 1113 3569 1168 locum.

1999 1217 2065 1269 Et
2115 1230 2241 1269 cum
2274 1214 2359 1269 leo
2393 1214 2633 1267 nondum
2680 1210 2981 1291 videretur,
3040 1208 3175 1291 dixit
3203 1222 3409 1291 magna
3443 1220 3573 1275 voci:

1998 1305 2335 1376 Epiphanius
2366 1322 2380 1357 :
2416 1303 2518 1359 Ubi
2553 1314 2635 1358 est
2663 1303 2835 1357 leonis
2864 1286 3412 1371 liaibi‘tacttlu_m‘?'_l.eo
3434 1310 3573 1369 vero

1996 1399 2128 1452 exiit
2173 1413 2202 1451 e
2233 1397 2391 1459 silva,
2433 1404 2491 1448 ut
2531 1395 2632 1448 iret
2678 1394 2892 1447 obviam
2922 1390 3245 1461 Epiphanio.
3298 1387 3344 1444 Is
3390 1397 3570 1441 autem

1994 1501 2118 1550 cum
2144 1491 2367 1551 vidisset
2392 1485 2997 1560 Epiphatiium,.statitn
3026 1485 3081 1552 in
3118 1495 3316 1536 terram
3353 1481 3571 1541 cecidit,

1976 1590 2048 1643 ~et
2083 1581 2285 1636 mansit
2336 1587 2606 1633 mortuus.
2646 1574 2914 1630 Cadaveri
2957 1588 3088 1627 vero
3117 1562 3575 1641 appmpinquavit
3664 1602 3667 1605 -

1996 1672 2337 1744 Epiphanius
2369 1687 2383 1724 :
2421 1669 2514 1724 sed
2538 1667 2743 1745 reliqui
2778 1679 2970 1720 omnes
2999 1644 3305 1733 eﬂ'uge’i'unt
3328 1701 3343 1726 ,
3375 1676 3571 1730 magno

1994 1774 2144 1820 metu
2195 1762 2393 1817 allecti.
2446 1758 2794 1830 Epiphanius
2826 1767 3005 1811 autem
3049 1769 3243 1829 magna
3275 1768 3406 1808 voce
3440 1754 3574 1807 dixit

305 1859 518 1926 φάνιον,
561 1859 764 1924 εὐθέως
793 1860 986 1914 ἔπεσεν
1015 1861 1110 1912 ἐπὶ¹
1138 1859 1237 1930 τὴν
1261 1860 1399 1929 γῆν,
1442 1860 1538 1913 καὶ
1567 1859 1781 1930 ἔμεινεν
1809 1878 1887 1913 νε-

1994 1857 2041 1911 ei
2069 1876 2082 1910 :
2113 1854 2305 1911 Venite
2339 1868 2556 1916 secure,
2595 1839 2726 1931 lilii,
2779 1859 2849 1931 et_
2869 1847 3119 1903 videbitis
3149 1833 3379 1902 cadaver
3422 1844 3569 1901 ferae.

1848 1939 1859 1947 Α

303 1950 459 2020 κρός.
488 1950 747 2020 Ἐγγίσας
767 1951 825 2004 δὲ
849 1952 1167 2020 Ἐπιφάνιος
1191 1950 1359 2020 ἐγγὺς
1379 1951 1473 2003 τοῦ
1503 1952 1768 2022 στόματος
1793 1950 1891 2023 (α),

303 2042 355 2092 οἱ
393 2041 597 2105 πάντες
630 2042 913 2111 ἀπέφυγον
950 2041 1099 2113 φόϐῳ
1145 2041 1368 2113 μεγάλῳ
1398 2031 1770 2112 συσχεθέντες,
1806 2042 1893 2095 λο-

301 2127 615 2207 γιζόμενοι,
659 2132 732 2201 μή
762 2131 1006 2201 πωςκαὶ
1031 2122 1351 2200 Ἑπιιράνιον
1387 2131 1709 2186 θανατώσει.
1748 2133 1807 2183 Ὁ
1839 2131 1895 2184 δὲ

316 2220 633 2288 Ἑπιφάνιος
682 2224 890 2296 μεγάλῃ
943 2228 1013 2297 τῇ
1057 2230 1206 2298 φωνῇ
1257 2227 1467 2295 ἔλεγεν,
1500 2225 1633 2293 πρὸς
1689 2225 1896 2289 πάντας

300 2312 534 2376 αὐτούς’
564 2314 752 2379 Δεῦτε,
781 2318 963 2387 φησιν,
999 2319 1238 2388 ἀφόεῖως,
1265 2304 1456 2381 τέκνα,
1482 2318 1573 2370 καὶ
1598 2315 1794 2385 ὄψεσθε
1828 2315 1887 2367 τὸ

305 2403 507 2483 πτῶμα
543 2406 636 2459 τοῦ
683 2405 894 2479 θηρίου.
941 2409 1060 2463 Τῶν
1106 2410 1162 2464 δέ
1206 2410 1462 2463 ἁπάντων
1516 2407 1718 2471 εὐθέως
1769 2424 1889 2459 συν-

300 2495 601 2564 αχθέντων,
637 2497 741 2552 ἴδον
773 2502 822 2553 οἱ
861 2501 1060 2565 πάντες
1084 2501 1145 2554 τὸ
1175 2501 1377 2572 πτῶμα
1407 2500 1502 2553 τοῦ
1550 2499 1759 2571 θηρίου.
1794 2495 1886 2551 Εἷ-

1988 1947 2258 2003 Omnibus
2296 1961 2424 2000 vero
2454 1927 2638 1998 statim
2689 1927 2950 2006 collectis,
2983 1941 3231 2010 viderunt
3267 1954 3456 2015 omnes
3488 1953 3574 1993 ca-

1990 2041 2153 2094 daver
2179 2038 2327 2093 ferai.
2359 2036 2498 2091 Tum
2535 2034 2872 2106 Epiphanius
2900 2034 2979 2088 sic
3008 2047 3104 2087 eos
3135 2032 3407 2085 allocutus
3435 2018 3519 2085 est
3552 2048 3566 2084 :

1994 2127 2050 2183 Si
2102 2129 2262 2183 iidem
2320 2129 2621 2191 habueritis
2668 2126 2722 2180 in
2761 2123 3101 2179 Salvatorem
3148 2121 3449 2201 Christum,
3495 2121 3574 2176 sic

1975 2222 2186 2278 .cadent
2219 2235 2410 2274 omnes
2460 2218 2623 2274 vestri
2674 2215 3039 2272 insidiatores.
3085 2214 3223 2268 Cum
3257 2229 3358 2270 nos
3390 2223 3569 2271 autem

1992 2328 2182 2368 omnes
2210 2311 2547 2380 acet-pissent
2586 2307 2857 2372 homines,
2911 2305 3273 2366 restituerunt
3294 2316 3572 2377 monaste-

1995 2405 2098 2459 rio.
2134 2403 2348 2473 Ipsique
2376 2401 2808 2456 benedictionem
2842 2398 3078 2455 assecuti
3132 2398 3201 2453 ab
3246 2396 3570 2468 Epiphanio,

1973 2494 2225 2565 ingressi
2256 2501 2382 2548 sunt
2406 2492 2555 2547 viam.
2579 2506 2756 2545 suam.

300 2604 403 2640 πεν
427 2589 484 2643 δὲ
507 2591 825 2676 Ἐπιφάνιος
849 2595 982 2665 πρὸς
1015 2596 1140 2660 τοὺς
1169 2595 1520 2666 ἀνθρώπουςο
1553 2594 1683 2649 Ἐὰν
1706 2593 1887 2671 πίστιν
1926 2591 2087 2662 ἔχητε
2138 2589 2272 2660 πρὸς
2314 2586 2406 2639 τὸν
2456 2586 2686 2665 Σωτῆρα
2715 2625 2729 2650 ,
2780 2584 2829 2636 οἱ
2879 2582 3031 2654 ὑμῶν
3074 2582 3348 2637 ἐπίϐουλοι
3401 2581 3572 2649 οὕτως

299 2681 592 2736 πεσοῦνται
629 2686 847 2749 πάντες.
881 2687 1151 2752 Λαϐόντες
1194 2689 1252 2742 δὲ
1291 2690 1441 2760 ἡμᾶς
1499 2690 1698 2754 πάντες
1740 2690 1790 2742 οἰ
1831 2688 2051 2758 ἄνδρες,
2091 2683 2387 2737 ’ἀπέσωσαν
2436 2681 2594 2734 πάλιν
2646 2681 2704 2734 ὲν
2751 2679 2828 2748 τῷ
2867 2678 3235 2749 μοναστηρίῳ,
3268 2675 3572 2740 και-αὐταὶ,

299 2776 690 2846 εὐλογηθέντες
745 2778 895 2851 παρὰ
952 2781 1313 2849 Ἐπιφανίου,
1360 2781 1736 2854 επορεύθησαν
1789 2781 1887 2851 τὴν
1927 2775 2131 2831 ἑαυτῶν
2161 2774 2297 2829 ὀδόν.

290 2902 295 2905 -
375 2869 506 2921 KB’.
546 2868 840 2941 Ἐδοξὰσθη
882 2871 939 2924 δέ
980 2873 1009 2923 0
1052 2872 1218 2937 τόπος
1263 2875 1292 2926 0
1334 2873 1527 2945 πρώην
1556 2873 1889 2944 καλούμενος
1970 2897 1975 2919 τ

1972 2959 2287 3014 .vocabatur
2328 2956 2734 3028 Spanhydrion,
2785 2967 3005 3024 propter
3025 2952 3409 3023 Epiphanium.
3450 2949 3574 3005 Fuit

299 2960 657 3030 Σπανύδριον,
682 2960 770 3015 διὰ
791 2959 1259 3032 ἘπιφανίουηἿΙν
1290 2967 1399 3036 γάρ
1434 2982 1567 3018 ποτε
1606 2964 1880 3035 ἀοίκητος,

301 3051 397 3104 καὶ
425 3050 646 3118 ἄϐατος,
678 3054 770 3106 καὶ
799 3054 1061 3126 ἄνυδροςί
1097 3055 1179 3109 διὸ
1212 3058 1306 3111 καὶ
1348 3058 1444 3126 τὴν
1471 3058 1787 3127 ἐπωνυμίαν
1819 3060 1882 3111 ἐκ

299 3140 398 3194 τοῦ
434 3143 508 3212 μὴ
536 3141 679 3213 ἔχειν
712 3143 877 3215 ὕδωρ,
913 3146 1247 3216 ἐπεκέκλητο
1273 3148 1606 3217 Σπανύδριον
1629 3167 1640 3178 ·
1672 3151 1887 3216 ἐγένετο

1994 3157 2130 3211 aqua
2177 3156 2392 3196 carens.

297 3237 359 3291 δὲ
400 3240 728 3310 παράδεισος
760 3243 979 3296 πάντων
1012 3242 1233 3311 ἀγαθῶν
1275 3245 1537 3315 μετέχων,
1589 3246 1796 3298 ὑδάτων
1830 3245 1886 3298 δὲ

299 3330 614 3403 πλημμύρα
651 3332 743 3384 καὶ
774 3333 1055 3403 ἐδωδίμων.
1082 3335 1373 3404 διαφόρων.
1411 3337 1566 3390 Μετά
1596 3334 1688 3390 οὖν
1719 3337 1888 3390 ἁπάν-

299 3439 411 3473 των
432 3421 659 3486 τούτων,
689 3415 763 3475 ὧν
785 3424 1097 3497 κατηξιώθη
1124 3424 1443 3495 Ἐπιφάνιος
1473 3428 1577 3480 ὑπὸ
1604 3428 1697 3480 τοῦ
1729 3427 1885 3491 Θεοῦ,

297 3512 363 3563 τὸ
387 3512 533 3581 μέγα
565 3513 723 3567 τοῦτο
758 3516 852 3569 καὶ
887 3516 1199 3587 θαυμαστὸν
1225 3519 1397 3590 δῶρον
1426 3520 1716 3590 ἐχαρίσατο
1740 3518 1887 3590 αὑτῴ

294 3606 326 3656 0
362 3604 540 3667 Θεὸς,
581 3604 677 3658 τοῦ
734 3607 871 3677 μετά
905 3608 1086 3680 πάσης
1130 3610 1411 3680 ἀληθείας.
1435 3612 1755 3683 ἑρμηνεύειν
1790 3612 1889 3674 τὰς

280 3694 456 3757 νθεὲας
488 3695 528 3746 Γ
536 3696 732 3766 ραφάς.
785 3697 1094 3768 Λαμϐάνων
1120 3700 1230 3772 γὰρ
1262 3703 1361 3765 τὰς
1388 3701 1639 3766 θεοειδεῖς
1674 3702 1888 3771 βίϐλους

280 3786 396 3836 καὶ
430 3786 824 3855 ἀναγινώσκων
872 3792 985 3853 τοῖς
1028 3791 1297 3860 ἀδελφοῖς,
1336 3793 1435 3863 τὴν
1459 3793 1664 3847 τούτων
1708 3796 1887 3846 πᾶσαν

298 3878 532 3947 δύναμιν
558 3880 906 3947 ἐπεδείκνυεν
932 3884 1141 3949 αὐτοῖς.
1166 3884 1434 3947 Ἀκούσας
1462 3885 1518 3938 δέ
1549 3885 1884 3953 Ἐπιφάνιος,

293 3974 323 4025 ὁ
358 3970 529 4038 μέγας
561 3972 627 4041 ρή
639 3989 766 4042 τωρ,
793 3975 837 4026 ό
858 3975 953 4027 καὶ
979 3974 1347 4048 φιλοσοφήσας
1374 3977 1472 4047 τῆς
1501 3977 1722 4048 Ἑδέσης
1755 3977 1887 4030 κάτ-

293 4078 446 4125 ο;κος
476 4063 602 4133 περὶ
636 4062 978 4135 ’,Επιφανίου,
1006 4067 1086 4119 ὅτι
1119 4067 1295 4135 λόγιός
1333 4069 1500 4131 ἐστιν,
1541 4069 1886 4139 ἐπεθύμησεν

296 4153 396 4204 ἐπὶ
434 4154 692 4226 συντυχίᾳ
724 4155 914 4209 τούτου
955 4157 1149 4211 ἐλθεῖν.
1196 4160 1305 4213 Καὶ
1338 4159 1400 4231 δὴ
1446 4162 1887 4231 παραγενόμενος

293 4246 357 4295 ὲν
388 4243 467 4314 τῷ
499 4248 869 4317 μοναστηρίῳ,
897 4248 958 4300 τὸ
989 4250 1191 4320 πλῆθος
1220 4250 1328 4304 τῶν
1359 4252 1600 4320 ἀδελφῶν
1620 4248 1685 4322 ἧν
1716 4251 1886 4315 ἑστὼς

234 4412 242 4419 .
295 4335 394 4389 καὶ
422 4336 521 4399 τὰς
551 4336 826 4407 ύμνῳδίας
860 4340 1184 4410 ἀναπέμπον
1217 4342 1295 4412 τῷ
1327 4343 1459 4412 Θεῷ.
1493 4339 1600 4396 Ἦν
1630 4344 1687 4397 δὲ
1730 4345 1884 4396 Ἐπι-

295 4428 489 4495 graium;
516 4426 636 4480 καθ’
661 4429 851 4483 ἐαυτὸν
877 4430 976 4493 τὰς
1009 4430 1175 4502 εὐχὰς
1206 4433 1484 4486 ἐπιτελῶν.
1509 4433 1619 4487 Καὶ
1654 4434 1718 4503 δὴ
1747 4434 1881 4504 μετὰ

2070 2866 2237 2920 XXII.
2268 2866 2450 2921 Gloria
2482 2874 2663 2937 autem
2699 2863 2928 2934 insignis
2954 2861 3053 2917 fuit
3087 2864 3260 2925 locus,
3294 2860 3386 2931 qui
3420 2861 3570 2930 prius

1990 3052 2135 3106 enim
2180 3049 2474 3120 aliquando
2524 3050 2678 3104 locus
2724 3049 2906 3103 invius
2935 3087 2951 3113 ,
2985 3055 3041 3101 et
3087 3045 3477 3105 inhabitabilis,
3518 3054 3573 3097 et

2472 3138 2841 3207 Quamobrem
2880 3138 3307 3208 cognominatus
3356 3149 3574 3207 quoque

1990 3234 2091 3288 fuit
2114 3233 2520 3305 Spanliydrion,
2550 3247 2616 3285 eo
2646 3231 2791 3299 quod
2814 3245 3007 3300 aquam
3054 3244 3162 3283 non
3210 3228 3451 3282 haberet.
3478 3224 3573 3278 Ef-

1988 3326 2163 3380 fectus
2189 3308 2274 3380 est
2301 3335 2482 3379 autem
2521 3322 2835 3393 paradisus,
2868 3322 2921 3375 in
2952 3336 3063 3390 quo
3090 3322 3256 3374 erant
3280 3320 3422 3373 bona
3449 3334 3572 3372 om-

1990 3416 2098 3469 nia.
2149 3417 2206 3469 ln
2253 3429 2427 3484 eoque
2473 3413 2824 3469 abundabant
2873 3415 3049 3484 aquae,
3080 3413 3449 3489 .et‘esculenta
3489 3413 3573 3465 di-

1990 3509 2133 3564 versi
2160 3509 2398 3577 generis.
2436 3509 2573 3562 Cum
2605 3508 2672 3562 iis
2699 3522 2829 3578 ergo
2863 3508 3146 3571 omnibus,
3175 3501 3376 3575 quibus
3406 3522 3433 3558 a
3462 3504 3570 3558 Deo

1987 3601 2184 3671 dignus
2219 3598 2322 3653 fuit
2357 3600 2579 3654 habitus
2628 3598 2993 3668 Epiphanius,
3041 3599 3145 3654 hoc
3193 3612 3410 3668 quoque
3452 3611 3569 3649 ma-

1988 3707 2152 3761 gnum
2203 3699 2257 3745 et
2291 3690 2612 3746 admirabile
2654 3692 2854 3743 donum
2906 3689 2952 3743 ei
3003 3688 3145 3746 Deus
3191 3698 3273 3743 est
3320 3688 3568 3758 largitus,

1988 3785 2134 3849 quod
2182 3799 2306 3838 cum
2358 3783 2507 3837 omni
2563 3774 2800 3836 veritate’
2843 3774 3059 3836 divinas
3119 3781 3571 3849 interpretaretur

1991 3875 2300 3943 Scripturas
2346 3892 2359 3929 :
2398 3873 2612 3928 divinos
2639 3874 2784 3926 enim
2817 3872 2986 3925 libros
3026 3885 3268 3934 sumens,
3301 3877 3356 3922 et
3385 3869 3571 3937 legens

1991 3966 2273 4031 fratribus,
2324 3980 2515 4020 eorum
2546 3966 2652 4018 vim
2687 3980 2905 4034 quoque
2934 3962 3262 4017 declarabat.
3295 3960 3431 4014 Cum
3472 3976 3570 4011 au-

1990 4070 2096 4115 tem
2150 4059 2488 4129 Epiphanius
2514 4073 2744 4127 magnus
2770 4068 2956 4110 orator
2983 4064 3036 4109 et
3066 4054 3444 4124 philosophus,
3476 4053 3570 4121 qni

1992 4153 2268 4207 habitabat
2298 4150 2509 4213 Edeste,
2537 4150 2805 4204 audiisset
2833 4146 3194 4217 Epiphanium
3229 4160 3352 4200 esse
3382 4145 3571 4197 erudi—

1991 4255 2139 4311 tnm,
2178 4242 2509 4299 desideravit
2554 4258 2678 4297 eum
2729 4240 3044 4296 convenire.
3095 4238 3230 4293 Cum
3279 4247 3459 4293 autem
3517 4238 3568 4290 in

1989 4337 2383 4390 monasterium
2418 4334 2737 4389 accessisset
2792 4332 3147 4402 Epiphanius,
3180 4332 3371 4387 stabat
3397 4333 3572 4385 multi-

1989 4424 2119 4478 tudo
2153 4423 2421 4489 fratrum,
2469 4432 2523 4476 et
2572 4423 2678 4477 Deo
2732 4422 2979 4475 mittebat
3028 4418 3401 4492 bymnodiam.
3443 4419 3572 4474 Erat

272 4516 575 4570 τελείωσιν
616 4518 834 4591 ἁπάσης
879 4520 981 4592 τῆς
1028 4521 1280 4592 λατρείας
1306 4562 1320 4586 ,
1365 4523 1520 4595 ὤφθη
1565 4524 1884 4594 Ἐπιφάνιος

1994 4532 2119 4571 vero
2169 4515 2505 4586 Epiphanius
2549 4519 2768 4585 qudque
2814 4532 3007 4584 preces
3045 4530 3139 4584 per
3189 4522 3246 4568 5e
3285 4528 3567 4583 peragens.

293 4611 410 4670 τοῖς
444 4607 691 4677 ἀδελςςοίς
712 4627 725 4640 ·
761 4606 828 4682 ἦν
860 4613 917 4666 δὲ
950 4615 978 4666 0
1020 4615 1206 4685 ῥήτωρ
1235 4615 1440 4680 ἑστὼς,
1478 4618 1571 4670 καὶ
1601 4619 1883 4688 προσέχων

292 4701 376 4770 τῷ
412 4701 646 4771 πλήθει,
692 4707 784 4757 καὶ
826 4706 1036 4777 μηδένα
1080 4709 1486 4777 ἀσπασάμενος.
1528 4711 1614 4773 Ὠς
1646 4707 1738 4764 οῦν
1777 4712 1884 4764 ἴδεν

292 4793 387 4844 τὸν
427 4792 744 4862 Ἐπιφάνιον
795 4798 824 4848 0
870 4798 1160 4867 φιλόσοφος
1187 4840 1201 4863 ,
1240 4803 1486 4870 ἐπέγνω,
1540 4804 1633 4857 καὶ
1661 4804 1883 4875 δραμὼν

291 4886 715 4958 προσεκύνησενΔ
747 4891 926 4944 αὐτόν.
980 4888 1144 4946 Εἶπεν
1187 4892 1243 4945 δὲ
1277 4894 1590 4962 Ἐπιφάνιος
1622 4897 1699 4967 τῷ
1732 4897 1883 4965 φιλο-

291 4978 467 5048 σόφῳ·
504 4977 588 5044 Τί,
619 4983 647 5033 0
685 4981 859 5050 μέγας
909 4983 1244 5051 Ἑπιφάνιος,
1289 4988 1317 5038 0
1352 4986 1524 5056 μέγας
1565 4988 1779 5059 ῥήτωρ,
1832 4990 1883 5042 τί

293 5068 601 5138 παρεγένου
646 5070 783 5141 πρὸς
829 5071 921 5125 τὸν
954 5074 1283 5145 μικρότατον
1310 5078 1405 5130 καὶ
1431 5079 1883 5149 ἀμαρτωλότατον

294 5157 469 5227 ἄνδρα
498 5157 905 5227 Ἐπιφανίδιον;
938 5160 1065 5215 Ἐπὶ
1117 5163 1276 5218 τοῦτό
1317 5183 1377 5218 σε
1412 5167 1697 5238 θαυμάζω,
1731 5170 1882 5239 φιλό-

294 5267 429 5317 σοφε
455 5291 470 5313 ,
514 5250 565 5302 τί
616 5253 751 5323 πρὸς
793 5254 884 5306 τὸν
920 5254 1137 5328 ἰδιώτην
1183 5261 1490 5331 παρεγένου
1523 5262 1613 5314 καὶ
1650 5262 1883 5333 μάλιστα

295 5343 385 5395 διὰ
416 5343 685 5415 τοσαύτης
711 5345 831 5399 ὁδοῦ
852 5363 864 5376 ⁸
895 5348 983 5401 διὰ
1014 5350 1175 5403 ποίαν
1208 5353 1410 5413 αἰτίαν,
1436 5355 1578 5415 εἰπὲ,
1615 5356 1799 5426 φησιν,
1837 5352 1881 5410 ὦ

296 5437 592 5506 φιῖ⁴.όσοφε;
636 5438 692 5491 '0
734 5438 791 5490 δὲ
828 5440 1114 5510 φιλόσοφος
1159 5440 1310 5497 εἶπεν
1356 5445 1492 5517 πρὸς
1528 5447 1877 5517 Ἐπιφάνιον·

295 5530 387 5599 Mi;
421 5528 671 5598 θαύμαζε
708 5531 798 5583 ἐπὶ
826 5532 1001 5594 τοῦτο,
1029 5534 1311 5594 διδάσκαλε
1338 5538 1703 5610 πεποθημένε.
1725 5541 1880 5595 ’Ίῖλε-

295 5640 355 5690 γε
388 5626 502 5694 γὰρ
532 5623 806 5689 Διονύσιος
848 5630 875 5679 0
923 5629 1417 5701 Ἁλικαρνασσεὺς.
1462 5632 1543 5684 ὅτι
1616 5633 1881 5700 πρόσωπα

366 5788 443 5850 (ε)
487 5782 760 5850 lntcrpres
790 5784 913 5849 legit
946 5787 1253 5851 πτώματος.
1296 5789 1450 5843 Eutr.
1480 5788 1716 5845 PA'l‘RHL.

1985 4607 2157 4664 Porro
2183 4617 2365 4662 autem
2401 4622 2524 4662 cum
2556 4622 2649 4660 eas
2678 4604 3055 4675 perfecissent,
3090 4606 3238 4658 visus
3273 4615 3357 4659 est
3389 4604 3571 4659 fratri-

1987 4703 2097 4757 bus.
2121 4701 2481 4771 Epiphanius.
2519 4698 2710 4752 Stabat
2750 4699 2935 4768 itaque
2983 4698 3364 4767 philosophus,
3402 4707 3455 4751 et
3484 4707 3569 4750 at-

1986 4771 2238 4850 tendebat
2297 4793 2736 4859 multitudinem,
2814 4802 2868 4846 ct
2921 4792 3191 4846 neminem
3272 4790 3564 4845 salutabat.

1985 4887 2279 4955 Postquam
2325 4895 2504 4940 autem
2536 4884 2672 4939 vidit
2720 4883 3080 4953 Epiphanium
3111 4922 3125 4945 ,
3153 4896 3277 4935 eum
3306 4878 3521 4950 agnovit
3549 4900 3564 4947 ;

1985 4990 2038 5035 et
2072 4995 2303 5035 currens
2345 4994 2469 5033 eum
2521 4977 2790 5032 adOravit.
2843 4975 2985 5029 Dixit
3018 4984 3198 5029 autem
3242 4974 3566 5045 philosopho

1986 5074 2321 5144 Epiphanius
2360 5074 2378 5124 ξ
2433 5071 2572 5138 Quid
2613 5080 2700 5135 tu,
2751 5070 2842 5138 qui
2893 5085 2952 5123 es
3004 5084 3235 5139 magnus
3282 5078 3466 5123 orator
3512 5080 3568 5123 et

1986 5164 2366 5234 philosophus,
2415 5172 2469 5216 et
2497 5162 2708 5215 habitas
2738 5159 2944 5220 Edessa,
2977 5160 3255 5214 accessisti
3288 5160 3353 5213 ad
3399 5159 3566 5213 mini-

1986 5269 2134 5308 mum
2170 5263 2225 5308 et
2252 5263 2590 5322 peccatorum
2641 5248 3044 5319 Epiphanium?
3075 5248 3339 5303 Praeterea
3375 5250 3565 5312 miror,

1986 5346 2131 5415 quod
2168 5342 2524 5412 philosophus
2584 5340 2798 5393 veneris
2827 5340 2893 5393 ad
2943 5338 3217 5393 hominem
3260 5338 3419 5407 plane
3474 5354 3566 5390 ru-

1984 5434 2145 5500 dem;
2178 5444 2232 5487 et
2262 5433 2501 5486 maxime
2536 5438 2646 5485 tam
2674 5445 2705 5485 e
2737 5430 3036 5501 longinquo
3064 5448 3075 5482 :
3111 5439 3331 5499 propter
3369 5445 3562 5498 quam-

1984 5522 2373 5580 nam'causam
2407 5563 2421 5587 ,
2472 5538 2506 5578 o
2547 5523 2907 5593 philosophe?
2932 5522 3299 5591 Philosophus
3332 5533 3518 5575 autem
3547 5536 3561 5571 :

1986 5618 2059 5672 No
2096 5619 2196 5671 hoc
2230 5616 2465 5682 mireris,
2510 5618 2708 5687 inquit,
2758 5632 2790 5669 ο
2818 5614 3083 5685 magister
3111 5615 3431 5671 desiderate.
3479 5615 3566 5667 lb-
