3808 6126
271 387 335 443 δι
1566 373 1621 427 s.
1664 369 2003 426 EPlPllANll
2045 370 2220 423 vna.
3434 362 3511 420 ss

267 502 428 558 cebat
472 499 615 554 enim
646 495 936 566 Dionysius
966 492 1412 547 Halicarnasseus
1451 507 1462 541 :
1497 490 1554 544 Si
1592 504 1836 558 personze

1963 485 2249 555 προσώποις
2280 484 2525 555 ἀλλήλοις
2562 483 2962 557 θεωρούμεναὴ
3012 482 3378 540 καλλιστεύειν
3414 483 3513 538 δύο

269 608 393 647 cum
443 589 693 661 personis
727 586 936 641 collatae
962 583 1395 646 considerantur,
1450 589 1681 650 possunt
1715 580 1836 665 pul-

270 681 514 736 chriores
540 694 823 749 apparere.
850 676 982 729 Boni
1018 692 1141 730 cum
1174 674 1333 728 malis
1364 671 1602 733 confusi,
1638 671 1707 727 in,
1728 684 1837 723 uno

268 774 415 844 ligno
444 771 823 826 extendentur.
851 767 1042 822 Nullus
1081 766 1225 820 enim
1272 764 1434 818 homo
1460 777 1622 817 uuam
1659 760 1839 814 ferens

271 866 534 928 tunicam,
589 864 664 918 ita
707 860 947 917 custodit
994 874 1232 929 corpus,
1281 868 1342 912 ut
1385 871 1491 911 non
1548 855 1867 933 laceretur.’

270 955 512 1011 Plurima
552 969 786 1024 namque
813 952 1127 1024 congressio
1173 951 1439 1021 plurimos
1482 948 1686 1018 praebet
1722 961 1839 1001 ser-

272 1063 483 1102 mones.
517 1046 619 1103 Ubi
646 1055 828 1102 autem
871 1040 1002 1101 sd’nt
1032 1043 1254 1115 plurimi
1280 1056 1579 1107 sermones,
1610 1048 1694 1095 est
1727 1054 1840 1093 ma-

273 1156 377 1211 gna
404 1139 742 1195 diversarum
772 1152 955 1199 rerum
987 1135 1340 1206 experientia.
1378 1132 1504 1188 Haec
1528 1147 1653 1188 cum
1679 1130 1841 1187 dixis-

276 1239 360 1286 set
385 1229 761 1300 philosophus,
795 1239 849 1285 et
874 1229 1030 1299 plura
1063 1227 1190 1291 alia,
1221 1226 1409 1282 tacuit.

347 1318 537 1373 XXIII.
580 1319 871 1390 Excipiens
899 1328 1079 1374 autem
1112 1317 1468 1387 Epiphanius,
1497 1315 1730 1385 primum
1771 1313 1837 1366 Ii-

279 1411 433 1469 hrum
460 1409 527 1465 de
564 1410 752 1464 mundi
789 1410 1061 1464 creatione
1104 1408 1487 1476 interpretatus
1514 1413 1598 1460 est
1625 1404 1692 1458 ad
1718 1417 1840 1457 ver-

276 1501 403 1555 bum
433 1501 775 1571 philosOpho.
813 1501 903 1556 Ille
930 1515 1059 1555 vero
1105 1500 1228 1554 aliis
1256 1498 1474 1568 quidem
1513 1495 1844 1551 assentieba-

277 1602 383 1658 tur,
423 1602 612 1647 contra
659 1593 763 1648 alia
794 1602 975 1648 autem
1010 1575 1269 1648 dicebatf
1293 1591 1613 1645 Manserunt
1660 1588 1844 1657 itaque

276 1692 388 1738 tres
424 1683 540 1738 dies
575 1683 716 1738 inter
750 1698 810 1738 se
852 1684 1202 1739 disserentes.
1250 1680 1383 1748 Quae
1434 1681 1503 1735 ab
1549 1679 1682 1749 ipsis
1716 1692 1845 1733 vero

277 1773 616 1838 dicebantur,
650 1790 990 1845 nequaquam
1020 1776 1160 1829 inter
1190 1789 1250 1829 se
1273 1772 1683 1828 conveniebant.
1709 1769 1843 1823 Cum

280 1865 503 1919 vidisset
537 1875 715 1932 autem
751 1865 1128 1935 philosophus,
1159 1864 1430 1934 quomodo
1457 1864 1624 1916 vitam
1656 1860 1850 1929 agebat
1877 1845 1919 1900 Β

282 1954 615 2024 Epiphanius
639 1995 655 2021 ,
686 1969 810 2008 eum
839 1954 992 2008 valde
1020 1954 1240 2020 dilexit,
1274 1964 1328 2008 et
1359 1961 1557 2022 quarto
1588 1951 1675 2004 die
1712 1948 1850 2003 dixit

280 2044 331 2097 ei
369 2061 383 2097 :
433 2041 709 2113 Magister,
763 2043 987 2112 pulchra
1031 2052 1115 2098 est
1161 2043 1326 2112 hujus
1374 2041 1478 2096 loci
1532 2038 1793 2093 habitatio
1831 2053 1843 2088 :

283 2135 439 2200 Volo,
493 2136 540 2191 si
584 2136 780 2207 jubes,
823 2137 909 2191 hic
944 2137 1206 2192 habitare.
1252 2137 1302 2191 Is
1353 2150 1481 2190 vero
1515 2133 1652 2190 dixit
1692 2133 1792 2202 ipsi
1831 2151 1845 2187 :

283 2227 398 2283 Hoc
443 2227 607 2282 situm
661 2235 745 2282 est
789 2227 844 2281 in
904 2227 1076 2283 libero
1120 2226 1549 2296 uniuscujusque
1599 2224 1845 2279 arbitrio.

281 2314 644 2386 Philosophus
689 2323 866 2370 autem
900 2332 914 2369 :
957 2316 1096 2382 Quin
1136 2316 1299 2370 etiam
1336 2315 1503 2370 libros
1536 2328 1711 2379 meos,
1762 2313 1843 2367 in-

279 2409 420 2479 quit,
458 2411 567 2465 huc
616 2407 751 2464 fero.
803 2406 942 2464 Dicit
982 2407 1314 2478 Epiphanius
1346 2423 1358 2459 :
1392 2405 1450 2462 Si
1477 2409 1607 2478 quid
1637 2409 1732 2462 tibi
1763 2423 1854 2464 ve-

283 2500 398 2554 niat
448 2500 503 2554 in
569 2510 803 2554 mentem
831 2541 846 2564 ,
901 2514 1116 2568 aequum
1164 2507 1219 2553 et
1259 2499 1583 2563 benevolum
1627 2499 1853 2554 habebis

284 2589 667 2659 Epiphanium.
723 2589 869 2644 Dixit
919 2597 1098 2645 autem
1154 2589 1511 2659 philosophus
1558 2608 1570 2644 :
1619 2589 1854 2644 Omnino

286 2683 385 2738 ibit
426 2679 682 2736 Callistus
730 2684 797 2736 ad
842 2696 994 2737 meos
1046 2682 1236 2737 libros.
1280 2681 1426 2735 Dixit
1471 2681 1851 2752 Epiphanius:

286 2776 422 2842 Age,
442 2774 576 2827 vade
619 2788 786 2829 sanus
834 2789 954 2829 cum
993 2773 1235 2830 Callisto.
1286 2772 1428 2828 Dicit
1461 2784 1640 2828 autem
1681 2774 1856 2844 philo-

286 2865 493 2934 sophus
531 2883 544 2920 :
579 2863 685 2921 Res
711 2878 903 2920 omnes
948 2880 1098 2920 meas
1129 2866 1432 2936 relinquam
1463 2866 1708 2933 Callisto,
1756 2881 1857 2921 nec

286 2973 350 3011 ex
392 2959 496 3013 hoc
538 2957 658 3013 loco
695 2957 876 3013 exibo.
927 2955 1059 3011 Erat
1101 2971 1233 3012 vero
1276 2958 1364 3013 hic
1415 2958 1672 3014 Callistus
1718 2958 1856 3013 Aetii

291 3049 468 3119 magni
503 3046 691 3102 Roma:
719 3045 957 3117 praefecti
991 3046 1157 3109 Illius,
1194 3047 1244 3103 Is
1269 3063 1395 3103 cum
1420 3051 1717 3120 malignum
1756 3051 1854 3105 ha-

1940 594 2147 636 νανται,
2173 577 2206 645 ἦ
2233 579 2393 629 κακοὶ
2425 577 2607 640 καλοῖς
2639 578 3012 649 συμφυρέντες
3042 578 3100 630 ἐν
3131 577 3216 630 ἑνὶ
3245 574 3387 645 ξύλῳ
3415 592 3515 627 τα-

1939 668 2312 737 νυσθήσονται.
2342 668 2528 731 Οὐδεὶς
2570 668 2677 737 γὰρ
2712 667 3013 739 ἀνθρώπων
3046 669 3143 722 ἕνα
3176 665 3378 737 χιτῶνα
3411 681 3512 732 φο-

1944 759 2071 830 ρῶν,
2107 759 2399 825 ἀνάξαντον
2429 759 2491 812 τὸ
2534 760 2693 830 σῶμα
2739 759 3073 828 διαφυλάξει.
3113 760 3177 812 'H
3212 757 3320 828 γάρ
3364 757 3517 808 πλεί-

1944 869 2041 922 στη
2084 852 2337 920 συντυχία
2386 851 2668 914 πλείστους
2710 850 2901 920 λόγους
2945 850 3195 920 παρέχει.
3245 849 3418 902 Ὅπου
3457 847 3518 899 δὲ

1942 941 2181 995 πλεῖστοι
2233 942 2401 1011 λόγοι,
2445 942 2774 1013 πολυπειρία
2827 942 3168 1013 πραγμάτων
3219 939 3515 1009 διαφόρων.

1942 1034 2125 1087 Ταῦτα
2167 1034 2222 1087 δὲ
2262 1034 2428 1088 εἰπὼν
2472 1038 2501 1089 0
2531 1034 2817 1103 φιλόσοφος
2862 1034 2999 1103 πρὸς
3053 1033 3385 1101 Ἐπιφάνιον,
3420 1030 3522 1083 καὶ

1943 1125 2164 1179 πλείονα
2190 1126 2393 1179 τούτων
2414 1166 2427 1189 ,
2458 1124 2844 1196 ἀπεσιώπησεν
2880 1124 3078 1196 μηκέτι
3123 1122 3519 1193 φθεγγόμενος.

2015 1325 2139 1379 ΚΓ.
2195 1324 2509 1379 ’Υπολαῦὼν
2551 1323 2613 1378 δὲ
2653 1323 2967 1392 Ἐπιφάνιος
3009 1322 3115 1375 ἀπὺ
3160 1322 3258 1391 τῆς
3294 1319 3521 1391 πρώτης

1946 1415 2129 1486 βίϐλου
2157 1415 2255 1485 τῆς
2301 1414 2655 1485 κοσμοποιίας
2684 1413 3072 1485 διερμήνευσεν
3100 1415 3242 1465 κατὰ
3275 1411 3403 1473 ἔπος
3436 1410 3525 1478 τῷ

1945 1508 2234 1578 φιλοσόφῳ.
2279 1507 2336 1559 '0
2369 1506 2466 1576 μὲν
2508 1500 2601 1559 οὖν
2631 1504 2920 1575 φιλόσοφος
2970 1506 3084 1567 τοῖς
3116 1502 3213 1574 μὲν
3249 1502 3524 1572 μετεῖχεν,

1944 1601 2058 1662 τοῖς
2097 1598 2155 1651 δὲ
2209 1597 2517 1667 ἀντέλεγεν.
2542 1597 2839 1665 Ἐποίησαν
2884 1594 2941 1648 δὲ
2976 1597 3123 1666 τρεῖς
3161 1594 3369 1663 ἡμέρας
3400 1591 3522 1643 δια-

1946 1690 2225 1761 λεγόμενοι
2252 1690 2389 1761 πρὸς
2420 1689 2666 1753 ἑαυτούς.
2697 1688 3027 1758 Ἀσύμφωνα
3058 1687 3114 1740 δὲ
3143 1682 3210 1757 ἦν
3236 1686 3420 1745 αὐτοῖς
3452 1680 3527 1734 τὰ

1947 1782 2249 1853 λαλούμενα
2281 1782 2372 1833 ὑπ’
2406 1779 2605 1834 αὐτῶν.
2634 1779 2779 1833 Ἰδὼν
2812 1779 2869 1831 δὲ
2897 1781 2925 1830 0
2967 1777 3252 1846 φιλόσοφος
3279 1776 3376 1844 τὴν
3403 1773 3529 1825 δια-

1947 1875 2133 1946 γωγὴν
2157 1874 2249 1927 καὶ
2271 1874 2339 1925 τά
2360 1872 2463 1944 non
2488 1870 2828 1940 Ἑπιφανίου,
2860 1869 2992 1922 πολὺ
3019 1869 3305 1938 ἠγάπησεν
3334 1865 3522 1919 αὐτόν.

1949 1965 2028 2035 Τῇ
2068 1959 2160 2016 οὖν
2210 1963 2444 2033 τετάρτῃ
2489 1961 2671 2033 ἡμέρᾳ
2700 1955 2852 2013 εἶπεν
2895 1962 2925 2013 ὁ
2965 1960 3255 2027 φιλόσοφος
3294 1955 3527 2022 Ἐπιφα-

1950 2057 2046 2127 νίῳ
2064 2073 2078 2087 ·
2098 2054 2413 2114 Διδάσκαλε,
2438 2052 2575 2124 καλὴ
2600 2055 2635 2122 ή
2660 2054 2871 2122 οἴκησις
2898 2050 2991 2104 τοῦ
3018 2046 3530 2133 τόπου..Βούλομαι,

1950 2150 1998 2200 εί
2033 2145 2295 2208 κελεύεις,
2329 2146 2498 2197 οίκεῐν
2531 2141 2782 2196 ἐνταῦθα.
2817 2137 2985 2196 Εἶπεν
3007 2141 3063 2194 δὲ
3092 2137 3408 2207 Ἐπιφάνιος
3447 2135 3528 2204 τῷ

1951 2234 2255 2305 φιλοσόφῳ·
2291 2230 2461 2284 Τοῦτο
2502 2231 2637 2301 πρὸς
2663 2228 2761 2300 τὴν
2798 2228 3117 2301 προαίρεσιν
3147 2224 3262 2286 ἑνὸς
3291 2222 3529 2275 ἑκάστου

1952 2325 2119 2378 ἐστίν.
2163 2320 2333 2378 Εἶπεν
2363 2321 2419 2374 δὲ
2464 2324 2494 2374 0
2539 2320 2825 2389 φιλόσοφος
2865 2317 3172 2387 Ἐπιφανίῳ
3196 2332 3208 2344 ·
3239 2312 3402 2367 Ἀλλά
3434 2314 3534 2363 καὶ

1952 2414 2050 2478 τὰς
2080 2412 2294 2483 βίϐλους
2325 2412 2494 2482 φέρω.
2548 2406 2714 2462 Εἶπεν
2745 2409 2799 2461 δὲ
2838 2408 3014 2479 αὐτῷ’
3054 2407 3123 2462 Εἰ
3147 2424 3199 2458 τι
3235 2403 3537 2476 παρεισέρ-

1953 2524 2107 2577 χεται
2135 2505 2212 2575 τῷ
2246 2503 2492 2573 λογισμῷ
2522 2519 2636 2567 σου,
2672 2502 2925 2572 εὑρήσεις
2966 2499 3285 2568 Ἑπιςςάνιον
3325 2497 3535 2563 εὐγνω-

1958 2597 2239 2669 μονοῦντα.
2273 2593 2440 2650 Εἶπεν
2468 2594 2524 2647 δὲ
2563 2595 2592 2646 0
2633 2593 2918 2662 φιλόσοφος
2943 2608 2958 2622 ·
2989 2590 3288 2652 Κάλλιστος
3321 2586 3540 2656 πορεύ-

1959 2705 2109 2743 σεται
2139 2688 2275 2759 πρὸς
2305 2687 2401 2750 τὰς
2445 2683 2583 2754 ἐμὰς
2629 2680 2859 2755 βίϐλους.
2894 2681 3063 2736 Είπεν
3109 2680 3423 2748 Ἐπιφάνιος
3456 2676 3538 2746 τῷ

1958 2778 2232 2848 φιλοσόφῳ
2252 2795 2263 2805 ·
2306 2778 2536 2843 Ἀγαγε,
2570 2774 2719 2843 βαῖνε
2748 2772 3005 2841 ὑγιαίνων
3044 2769 3182 2841 μετά
3207 2768 3532 2821 Καλλίστου.

1958 2868 2127 2928 Εἶπεν
2156 2871 2213 2923 δὲ
2256 2871 2285 2921 0
2333 2867 2621 2937 φιλόσοφος
2663 2862 2999 2933 Ἐπιιρανίῳο
3048 2862 3233 2915 Πάντα
3279 2859 3348 2912 τά
3393 2859 3535 2929 πρά-

1956 2962 2143 3033 γματά
2175 2977 2275 3027 μου
2314 2957 2598 3026 Καλλίστῳ
2624 2955 2800 3022 ἀφίω·
2829 2953 2939 3021 ἐγὼ
2966 2953 3075 3023 γὰρ
3106 2953 3289 3005 οὐκέτι
3316 2951 3535 3020 ἐξέρχο-

1962 3072 2060 3126 μαι
2093 3055 2158 3107 ὲκ
2177 3052 2270 3106 τού
2294 3050 2459 3105 τόπου
2491 3048 2703 3103 τούτου.
2728 3048 2834 3099 "HV
2858 3046 2914 3100 δὲ
2943 3047 2972 3095 0
2999 3045 3295 3107 Κάλλιστος
3321 3042 3535 3094 Ἀετίου

291 3143 444 3196 heret
490 3138 771 3208 spiritum,
820 3138 953 3192 vidit
998 3138 1359 3208 Epiphanium
1410 3141 1675 3195 dicentem
1718 3142 1767 3196 ei
1805 3144 1855 3196 in

1963 3147 2054 3201 τοῦ
2126 3146 2363 3216 μεγάλου
2433 3144 2672 3214 ἐπάρχου
2736 3142 2832 3211 τῆς
2883 3138 3103 3210 Ῥώμης
3163 3137 3298 3200 υἱός.
3369 3128 3540 3196 Οὗτος

286 3228 540 3284 visione:
576 3227 703 3293 Vis,
757 3226 1015 3291 Calliste,
1061 3229 1328 3297 expellam
1374 3244 1407 3284 a
1455 3238 1507 3284 te
1561 3231 1860 3301 spiritum?

290 3319 438 3375 Dixit
484 3318 741 3375 Callistus
776 3334 789 3372 :
819 3318 886 3374 Et
925 3319 1052 3388 quis
1098 3326 1154 3374 tu
1211 3335 1291 3386 es,
1344 3306 1571 3378 domine.
1591 3323 1685 3387 mi,
1716 3325 1862 3394 quod

291 3409 471 3478 possis
496 3423 622 3463 eum
661 3408 970 3479 expellere?
999 3407 1143 3465 Dixit
1170 3418 1350 3465 autem
1379 3410 1713 3482 Epiphanius
1738 3414 1863 3469 Cal-

292 3500 418 3555 listo
449 3515 463 3552 :
495 3497 608 3571 Ego
642 3514 788 3564 sum,
836 3499 1034 3569 inquit,
1066 3498 1402 3571 Epiphanius
1431 3502 1862 3574 thnicopalaa-

294 3593 493 3657 stinus,
531 3593 623 3661 qui
656 3592 711 3647 in
738 3592 1079 3662 Spanhydrio
1108 3594 1291 3649 habito
1322 3596 1376 3649 in
1411 3598 1764 3651 monasterio.
1806 3597 1866 3651 Si

295 3698 445 3754 ergo,
478 3684 674 3752 inquit,
711 3685 913 3739 malum
946 3695 1053 3739 ate
1083 3685 1333 3754 spiritum
1364 3689 1646 3755 expulero,
1680 3689 1865 3743 venies

295 3776 363 3831 ad
413 3790 521 3841 me,
554 3784 608 3829 et
642 3775 908 3830 habitabis
953 3790 1167 3831 mecum
1216 3776 1270 3830 in
1296 3776 1636 3849 Spanhydrio
1666 3778 1689 3831 Ῥ
1725 3778 1867 3835 Dixit

295 3869 553 3925 Callistus
604 3868 671 3923 ad
724 3867 1089 3937 Epiphanium
1119 3884 1133 3919 :
1167 3866 1415 3931 Domine,
1461 3870 1668 3939 expelle
1706 3885 1736 3923 a
1784 3887 1868 3925 ne

295 3961 637 4016 immundum
664 3959 936 4030 spiritum,
967 3967 1022 4015 et
1043 3958 1301 4014 habitabo
1332 3967 1529 4015 tecum.
1554 3958 1709 4016 Tunc
1730 3962 1869 4015 dixit

298 4055 631 4125 Epiphanius
654 4052 879 4115 Callisto
906 4068 923 4107 :
956 4051 1090 4107 Vide
1134 4068 1203 4107 ne
1237 4051 1431 4108 feceris
1452 4053 1639 4117 aliter;
1679 4069 1870 4109 rursus

296 4147 441 4201 enim
497 4146 593 4200 tibi
647 4145 960 4200 adhaerebit.
1029 4144 1304 4199 Excitatus
1356 4153 1538 4199 autem
1588 4143 1869 4208 Callistus,

300 4239 538 4291 narravit
565 4236 749 4291 omnia
784 4236 924 4306 patri
956 4250 1058 4290 suo
1088 4234 1361 4305 praefecto.
1396 4236 1477 4291 Ab
1501 4236 1592 4291 illo
1622 4252 1752 4308 ergo
1785 4238 1873 4292 die

300 4345 408 4384 non
456 4339 541 4385 est
586 4328 824 4398 amplius
874 4326 1108 4383 aﬂlictus
1155 4327 1414 4385 Callistus
1466 4330 1535 4384 ab
1588 4332 1871 4387 immundo

301 4422 516 4490 spiritu.
551 4419 683 4475 Post
712 4429 926 4490 tempus
969 4428 1150 4475 autem
1196 4421 1362 4475 trium
1412 4422 1680 4477 mensium
1733 4423 1873 4478 dixit

1963 3238 2181 3308 πνεῦμα
2228 3235 2460 3305 πονηρὸν
2493 3234 2653 3303 ἔχων,
2708 3231 2830 3285 ίδὼν
2856 3232 3175 3300 Ἐπιφάνιον
3212 3230 3270 3281 ὲν
3307 3227 3544 3296 ὀπτασίᾳ

1961 3331 2185 3398 λέγοντα
2215 3326 2359 3396 αὐτῷ
2384 3343 2396 3354 ·
2433 3325 2622 3388 Θέλεις
2642 3364 2657 3386 ,
2704 3323 2970 3377 Κάλλιστε
2990 3362 3004 3387 ,
3032 3321 3207 3386 διώξω
3233 3320 3295 3372 τὸ
3322 3318 3542 3387 πνεῦμα

1963 3422 2070 3477 ἀπὸ
2102 3421 2228 3485 σοῦ;
2275 3417 2445 3475 Εἶπεν
2488 3417 2546 3471 δὲ
2588 3417 2922 3479 Κάλλιστοςο
2971 3415 3081 3468 Καὶ
3124 3415 3208 3477 τίς
3253 3409 3337 3476 εἷ,
3386 3411 3539 3481 κύριε

1968 3531 2092 3584 μου,
2127 3514 2210 3565 ὅτι
2237 3511 2461 3564 δύνασαι
2495 3508 2682 3573 διῶξαι
2727 3507 2892 3573 αὐτός
2926 3504 3091 3558 Εἷπεν
3123 3505 3180 3557 δὲ
3223 3503 3539 3570 Ἐπιφάνιος

1964 3604 2042 3676 τῷ
2074 3603 2387 3672 Καλλίστῳ·
2423 3599 2569 3669 Ἐγώ
2611 3600 2726 3669 είμι
2747 3639 2762 3661 ,
2804 3597 2987 3667 φησιν,
3018 3594 3336 3663 Ἐπιφάνιος
3361 3594 3389 3644 0
3420 3592 3540 3642 Φοι-

1966 3694 2455 3756 νικοπαλαιστινδς,
2484 3695 2512 3746 0
2543 3694 2601 3744 ὲν
2628 3688 2948 3759 Σπανυδρίῳ
2976 3687 3139 3741 οἰκῶν
3161 3685 3239 3755 τῷ
3272 3700 3540 3755 μοναστη-

1969 3792 2090 3862 ρίῳ.
2122 3788 2248 3842 Ἐἀν
2282 3783 2396 3848 οὖν,
2433 3786 2617 3857 φησὶν,
2659 3783 2832 3849 διώξω
2864 3782 2926 3834 τὸ
2961 3780 3177 3851 πνεῦμα
3221 3777 3278 3831 τὸ
3309 3775 3541 3847 πονηρὸν

1969 3883 2080 3936 ἀπὸ
2108 3880 2225 3942 σοῦ,
2262 3878 2456 3949 ὲλεύσῃ
2481 3877 2577 3931 καὶ
2606 3875 2955 3944 κατοικήσεις
2997 3872 3112 3943 μετ’
3138 3869 3271 3941 ἐμοῦ
3310 3871 3366 3921 ὲν
3398 3869 3544 3920 Σπα-

1968 3972 2188 4043 νυδρίῳ.
2216 3966 2383 4025 Εἶπεν
2407 3969 2463 4022 δὲ
2493 3968 2792 4030 Κάλλιστος
2825 3965 2960 4037 πρὸς
2984 3963 3299 4031 Ἐπιφάνιον
3315 3976 3328 3989 ·
3353 3958 3545 4029 Κύριε,

1968 4065 2157 4132 δίωξον
2202 4064 2297 4118 ἀπ’
2331 4062 2466 4133 ἐμοῦ
2497 4062 2558 4114 τὸ
2589 4059 2898 4129 ἀκάθαρτον
2933 4056 3182 4127 πνεῦμα,
3220 4055 3315 4106 καὶ
3363 4068 3546 4105 κατοι-

1971 4158 2146 4227 κήσω,
2172 4155 2324 4226 φησι,
2354 4152 2492 4225 μετά
2522 4152 2635 4207 σοῦ.
2666 4137 2833 4204 Εἶπεν
2858 4150 2915 4203 δὲ
2951 4147 3265 4218 Ἐπιφάνιος
3291 4146 3368 4215 τῷ
3403 4144 3545 4197 Καλ-

1971 4246 2136 4317 λίστῳ
2157 4264 2170 4278 ·
2213 4245 2384 4298 Βλέπε
2429 4244 2503 4316 μὴ
2543 4245 2776 4316 ποιήσῃς
2804 4242 2996 4305 ἄλλως,
3028 4241 3150 4294 ἐπεὶ
3187 4238 3348 4307 πάλιν
3378 4252 3546 4308 προσο

1975 4339 2387 4410 κολληθήσεται.
2422 4334 2795 4402 Ἐξυπνισθεὶς
2834 4330 2926 4387 οὖν
2970 4335 2996 4386 ὁ
3035 4330 3332 4391 Κάλλιστος
3360 4327 3550 4396 διηγή-

1977 4449 2107 4485 σατο
2138 4431 2215 4502 τῷ
2244 4431 2411 4503 πατρῖ
2443 4428 2606 4483 αὑτοῦ
2635 4428 2746 4481 δντι
2776 4426 3019 4498 ἐπάρχῳ.
3048 4422 3183 4477 Ἀπὸ
3209 4423 3307 4491 τῆς
3338 4420 3443 4490 ήμέ
3455 4435 3550 4489 ρας

299 4509 558 4566 Callistus
588 4510 743 4564 Aetio
771 4510 912 4580 patri
944 4525 1045 4566 suo
1071 4526 1085 4563 :
1116 4509 1298 4574 Pa‘ter,
1325 4511 1448 4566 volo
1490 4511 1569 4565 ire
1613 4512 1665 4565 in
1697 4513 1857 4583 regio-

1977 4516 2069 4573 οὖν
2095 4520 2309 4589 ἐκείνης
2345 4517 2529 4571 οὐκέτι
2570 4520 2598 4571 0
2636 4515 2934 4575 Κάλλιστος
2969 4512 3074 4566 ὑπὸ
3121 4511 3210 4564 τοῦ
3248 4510 3551 4579 πνεύματος

305 4617 425 4656 nem
461 4598 783 4657 Phoenicum
802 4643 817 4668 ,
850 4610 904 4657 et
929 4617 1173 4672 quaerere
1202 4602 1565 4674 Epiphanium
1586 4646 1601 4670 ,
1632 4614 1685 4659 et
1719 4605 1872 4673 habi-

301 4704 415 4748 tare
439 4707 563 4747 cum
594 4692 712 4762 ipso
738 4692 794 4747 in
827 4691 1193 4764 Spanhydrio.
1215 4694 1409 4750 Statim
1424 4706 1576 4765 pater
1605 4696 1744 4765 ejus,
1775 4698 1872 4751 da-

299 4782 371 4839 tis
393 4782 444 4839 ei
473 4783 661 4838 multis
696 4783 963 4849 pecuniis,
991 4784 1141 4848 misit
1165 4798 1291 4840 cum
1319 4785 1592 4854 praesidio.
1624 4784 1871 4854 Cumque

300 4874 540 4931 venisset
573 4875 627 4929 in
666 4873 1033 4941 thniciam,
1080 4885 1136 4930 et
1180 4876 1574 4946 inquisivisset,
1617 4879 1764 4932 venit
1804 4879 1872 4932 ad

302 4965 687 5035 Epiphanium,
718 4976 773 5022 et
801 4968 854 5024 ei
889 4968 1142 5038 exposuit
1165 4970 1372 5036 omnia,
1405 4978 1459 5024 et
1484 4970 1745 5025 habitavit
1774 4986 1869 5026 no-

306 5057 537 5110 biscum.
586 5055 733 5112 Misit
782 5071 914 5127 ergo
956 5056 1319 5128 philosophus
1370 5058 1674 5125 Callistum,
1714 5061 1870 5131 jussu

304 5145 615 5215 Epiphanii,
661 5162 787 5202 cum
832 5148 1049 5205 duobus
1094 5149 1303 5219 pueris,
1347 5158 1403 5205 et
1446 5150 1620 5206 tribus
1652 5152 1875 5207 camelis

304 5236 538 5292 Edesam
586 5237 655 5292 ad
699 5239 870 5295 libros
915 5240 1286 5299 adducendas.
1347 5241 1595 5312 Cumque
1638 5243 1878 5299 venisset

305 5328 562 5395 Edesam,
591 5333 799 5401 accepit
842 5332 1011 5389 libros
1038 5335 1370 5405 philosophi,
1416 5345 1469 5391 et
1497 5336 1759 5406 imposuit
1787 5351 1878 5390 ca—

306 5422 485 5486 melis,
517 5432 572 5479 et
599 5424 745 5479 venit
782 5425 838 5478 in
876 5427 1290 5481 monasterium.

1978 4611 2072 4665 τοῦ
2110 4610 2419 4681 ἀκαθάρτου
2457 4609 2664 4680 ὲθλίὸη.
2697 4607 2855 4663 Μετά
2898 4606 2955 4660 δὲ
2981 4606 3303 4677 τριμηναῖον
3339 4603 3549 4672 χρόνον,

1978 4702 2132 4758 εἶπεν
2180 4703 2376 4773 Ἀετίῳ
2425 4702 2503 4774 τῷ
2548 4703 2716 4774 πατρὶ
2766 4699 2961 4755 αὐτοῦ’
3013 4698 3300 4768 Βούλομαι,
3336 4695 3547 4763 Πάῖιρ,

1979 4795 2306 4868 πορευθῆναι
2335 4796 2391 4847 έν
2415 4796 2479 4864 τῇ
2518 4793 2670 4865 χώρᾳ
2697 4792 2805 4847 τῶν
2837 4792 3115 4853 Φοινίκιον,
3152 4789 3246 4842 καὶ
3277 4786 3549 4855 ἀναζητῆο

1980 4904 2070 4941 σαι
2093 4886 2186 4939 τὸν
2215 4885 2552 4954 Ἐπιφάνιον,
2581 4889 2675 4938 καὶ
2708 4884 2929 4954 οίκῆσαι
2958 4884 3075 4954 μετ’
3108 4879 3274 4934 αὑτοῦ
3306 4880 3552 4931 ἐνΣπαν-

1985 4979 2173 5051 υδρίῳ.
2201 4977 2415 5042 Εὐθέως
2462 4973 2555 5031 οὖν
2582 4980 2611 5031 0
2634 4975 2814 5047 πατὴρ
2845 4974 3011 5029 αὑτοῦ
3038 4972 3214 5033 δώσας
3247 4971 3394 5041 αὑτῷ
3423 4970 3554 5041 χρή-

1984 5086 2128 5140 ματα
2158 5068 2360 5133 πολλὰ,
2393 5067 2711 5122 ἀπέστειλεν
2745 5066 2907 5121 αὐτὸν
2951 5064 3087 5135 μετὰ
3134 5061 3386 5133 βοηθείας
3447 5059 3555 5113 Καὶ

1984 5159 2155 5215 ἐλθὼν
2204 5162 2262 5213 ὲν
2293 5162 2362 5230 τῇ
2401 5159 2657 5231 Φοινίκη,
2708 5157 3044 5226 ἐπιζητήσας
3083 5153 3431 5222 Ἐπιφάνιον,
3467 5150 3555 5203 καὶ

1986 5252 2391 5321 ἐξηγησάμενος
2431 5251 2579 5321 αὐτῷ
2609 5250 2822 5303 ἅπαντα
2841 5289 2855 5313 ,
2885 5246 3201 5315 κατῴκησεν
3234 5244 3351 5314 μεθ’
3380 5242 3549 5314 ἡμῶν.

1998 5339 2337 5397 ⁹Δπέστειλεν
2362 5336 2454 5393 οὗν
2476 5343 2504 5395 0
2526 5340 2811 5409 φιλόσοφος
2834 5334 2932 5390 τεὸν
2967 5335 3265 5388 Κάλλιστον
3297 5335 3439 5386 κατὰ
3469 5331 3555 5385 κέο

1984 5431 2166 5487 λευσιν
2207 5432 2555 5502 Ἐπιφανίου,
2605 5430 2742 5501 μετὰ
2791 5429 2884 5482 δύο
2923 5425 3224 5498 παιδαρίων
3266 5424 3363 5478 καὶ
3395 5421 3557 5494 τριῶν

310 5516 573 5586 καμήλων
638 5518 696 5570 ὲν
735 5515 943 5590 Ἐδέσῃ,
990 5517 1084 5571 ἐπὶ
1116 5517 1178 5571 τὸ
1204 5518 1429 5588 ἀγαγεῖν
1489 5515 1588 5581 τὰς
1657 5515 1870 5587 βίϐλους
1928 5523 2091 5576 αὑτοῦ
2120 5526 2178 5578 ὲν
2202 5524 2281 5595 τῷ
2309 5523 2673 5595 μοναστηρίῳ.
2719 5521 2827 5575 Καὶ
2856 5519 2920 5589 δὴ
2953 5519 3051 5590 τὴν
3080 5514 3305 5587 πορείαν
3337 5514 3557 5586 1:01.ch-

315 5623 471 5676 μενος
499 5607 846 5673 ὁΚάλλιστος
877 5611 934 5662 ὲν
964 5608 1184 5683 Ἐδέσῃν
1217 5609 1373 5663 ἔλαθε
1439 5611 1537 5674 τὰς
1603 5609 1815 5679 βίϐλους
1847 5611 1938 5664 τοῦ
2009 5615 2326 5686 φιλοσόφου,
2360 5617 2450 5669 καὶ
2489 5615 2682 5685 ἔθηκεν
2747 5615 2839 5666 ἐπὶ
2895 5611 2993 5672 τὰς
3061 5612 3210 5682 τρεῖς
3259 5609 3561 5681 καμήλους,

310 5699 406 5753 καὶ
437 5700 763 5771 παρεγένετο
796 5702 852 5754 ἐν
876 5701 952 5772 τῷ
986 5703 1346 5774 μοναστηρίῳ.
