3808 6112
282 315 357 369 εδ
1551 326 1605 376 s.
1653 320 1992 378 EPll‘ilANll
2031 318 2203 373 VlTA.
3421 306 3489 359 δι

303 438 467 496 ’ἰκΔἎ
510 440 645 496 Καθ’
697 440 909 512 ἡμέραν
953 436 1046 493 οὖν
1106 439 1418 507 Ὶίπιφάνιος
1478 441 1571 492 καὶ
1611 442 1639 492 6
1688 439 1872 507 φιλῶ,

2009 434 2196 487 XXIV.
2237 431 2487 499 Quotidie
2521 445 2647 499 ergo
2677 426 3011 497 Epiphanius
3059 432 3112 478 et
3157 423 3511 491 philosophus

272 548 433 599 σοφός
462 534 520 586 ὲν
545 532 711 603 πολλῇ
741 532 1041 601 φιλονεικίᾳ
1066 526 1205 601 ἦσαν
1240 530 1374 601 πρὸς
1400 531 1639 593 ἑαυτούς.
1678 526 1843 582 Εἶπεν

272 623 327 675 δὲ
355 621 671 691 Ἐπιφάνιος
694 621 773 693 τῷ
801 622 1099 692 φιλοσόφῳ·
1127 620 1288 689 Λέγει
1322 621 1538 691 Δανιὴλ,
1569 620 1843 689 φιλόσοφε,

272 716 354 767 ὅτι
385 715 689 782 κριτήριον
718 713 1017 779 ἐκάθισεν,
1049 714 1146 768 καὶ
1183 714 1387 778 βίϐλοι
1429 711 1841 782 ἠνεῴχθησαν.

275 806 446 877 Δεῦρο
483 806 712 877 πρόθες,
760 806 926 875 φησὶ,
980 806 1080 868 τὰς
1117 806 1216 868 σὰς
1260 805 1507 875 βίϐλους,
1554 803 1708 872 κάγὼ
1749 803 1847 866 τὰς

276 900 439 967 εμὰς,
472 896 537 960 ἃς
569 915 658 967 μοι
688 899 717 950 ό
743 897 875 960 Θεὸς
903 896 1213 969 ἐχαρίσατο,
1234 897 1327 950 καὶ
1354 895 1725 967 καθεσθῶμεν.
1757 896 1849 948 καὶ

276 989 646 1062 δηκριθῶμεν
675 987 811 1059 πρὸς
842 986 1087 1051 ἑαυτούς.
1112 987 1413 1058 Ἐπέθηκεν
1445 986 1501 1040 δὲ
1535 985 1850 1053 Ἐπιφάνιος

275 1084 376 1146 τὰς
407 1080 795 1144 θεοπνεύστους
822 1079 1041 1151 Γραφὰς
1066 1081 1130 1132 ὲκ
1159 1077 1368 1143 δεξιῶν,
1396 1079 1489 1131 καὶ
1514 1078 1542 1130 ὁ
1568 1077 1849 1145 φιλόσοφος

278 1172 339 1237 ἐξ
380 1169 712 1242 ἀριστερῶν·
769 1169 879 1223 τῶν
925 1169 982 1222 δὲ
1022 1168 1343 1240 ἀρξαμένων
1390 1170 1484 1221 ἀπ’
1528 1168 1703 1239 ἀρχῆς
1752 1166 1851 1237 τῆς

280 1263 659 1334 κοσμοποιως,
688 1264 717 1315 6
744 1262 844 1332 μὲν
869 1260 1186 1330 Ἐπιφάνιος
1216 1260 1324 1313 ἀπὸ
1346 1260 1443 1330 τῆς
1471 1259 1753 1327 γενέσεως,
1787 1253 1853 1328 ἦς

280 1355 520 1424 Μωῦσῆς
551 1353 946 1424 συνεγράψατο,
971 1355 1000 1406 ό
1025 1352 1083 1405 δὲ
1115 1352 1400 1422 φιλόσοφος
1425 1351 1532 1405 ἀπὸ
1564 1354 1662 1422 τῆς
1688 1352 1853 1421 αὐτῆς

280 1445 581 1513 γενέσεως,
625 1441 694 1516 ἧς
731 1447 760 1498 ό
814 1444 1055 1508 Ἠσίοδος
1098 1443 1494 1517 συνεγράψατο.
1540 1442 1695 1496 Κατὰ
1728 1441 1856 1505 ἔπος

281 1533 374 1590 οὖν
416 1536 775 1603 διεξελθόντες
807 1537 876 1589 τὰ
919 1534 1014 1589 δύο
1058 1535 1270 1606 βιϐλία,
1321 1534 1681 1604 ἐφιλονείκουν
1722 1532 1857 1605 πρὸς

284 1628 527 1692 ἑαυτούς.
559 1624 666 1681 Ἦν
692 1628 750 1681 δὲ
776 1626 838 1681 τὸ
865 1626 982 1696 φῶς
1034 1627 1181 1695 φῶς,
1218 1626 1312 1680 καὶ
1340 1626 1401 1679 τὸ
1430 1625 1619 1688 σκότος
1648 1623 1857 1684 σκότος.

295 1719 354 1772 '0
383 1718 492 1788 γάρ
525 1717 762 1788 Μωῡισῆς
803 1715 939 1771 Θεοῦ
987 1717 1416 1788 συνεργήσαντος
1451 1713 1823 1784 συνεγράψατο
1842 1729 1854 1741 ·

1946 526 2240 596 plurimum
2312 523 2452 576 inter
2515 535 2573 574 se
2642 517 3059 572 contendebant.
3129 513 3272 568 Dixit
3327 523 3510 566 autem

1949 594 2282 686 Epiphanius
2312 611 2636 683 philosopho
2656 625 2669 661 :
2689 609 2827 662 Dicit
2858 606 3064 670 Daniel,
3097 621 3130 661 ο
3156 603 3506 674 philosophe:
3538 594 3551 607 ’

1946 707 2219 762 Judicium
2244 703 2395 768 sedit,
2422 711 2469 757 et
2495 702 2614 755 libri
2639 699 2805 769 aperti
2825 706 2941 750 sunt
2962 696 3004 749 ⁸.
3037 694 3303 765 Agedum,
3332 692 3510 763 profer

1951 814 2072 859 tuos
2107 802 2295 867 libros,
2339 809 2392 854 et
2425 812 2526 867 ego
2575 809 2747 856 meos,
2794 807 2933 862 quos
2968 790 3098 845 mihi
3143 788 3287 843 Deus
3335 787 3511 848 dedit,

1950 895 2342 962 sedeamusque
2363 900 2418 946 et
2435 887 2771 945 disseramus
2798 885 2939 939 inter
2972 897 3094 937 nos.
3119 879 3309 935 Posuit
3332 889 3513 932 autem

1950 985 2287 1055 Epiphanius
2318 998 2348 1037 a
2379 980 2586 1036 dextris
2637 977 2948 1046 Scripturas
2987 972 3246 1029 divinitus
3287 964 3516 1037 inspira.-

1953 1085 2055 1143 tas,
2097 1082 2152 1130 et
2202 1074 2343 1129 alius
2394 1070 2731 1142 Epiphanius
2785 1067 2954 1121 libros
3005 1078 3137 1120 suos
3180 1076 3210 1116 a
3258 1058 3516 1115 sinistris.

1952 1164 2088 1220 Cum
2122 1164 2157 1218 ii
2183 1172 2364 1217 autem
2397 1161 2686 1231 ccepissent
2711 1158 2778 1212 ab
2807 1155 2962 1211 initio
2992 1152 3179 1208 mundi
3207 1147 3519 1212 crcationis,

1952 1255 2287 1325 Epiphanius
2319 1253 2536 1323 quidem
2572 1267 2602 1306 a
2631 1248 2849 1314 Genesi,
2876 1246 2929 1301 id
2952 1254 3056 1313 est,
3085 1244 3153 1298 ab
3181 1252 3326 1307 ortu,
3357 1254 3518 1311 quem

1954 1346 2276 1414 conscripsit
2305 1344 2516 1415 Moyses
2550 1361 2563 1398 :
2597 1340 2951 1411 philosophus
3001 1346 3180 1391 autem
3222 1334 3289 1388 ab
3332 1331 3520 1386 eodem

1956 1447 2100 1505 ortu,
2128 1452 2290 1507 quem
2325 1434 2649 1503 conscripsit
2682 1430 2972 1492 Hesiodus,
3017 1427 3084 1482 ad
3125 1426 3350 1481 verbum
3387 1422 3525 1476 duos

1958 1531 2124 1585 libros
2152 1537 2485 1600 exponentes
2507 1565 2523 1591 ,
2558 1528 2697 1579 inter
2725 1538 2783 1578 se
2813 1519 3236 1575 contendebant.
3273 1514 3403 1571 Erat
3428 1529 3525 1567 au-

1961 1629 2065 1677 tem
2097 1622 2186 1674 lux
2214 1621 2329 1687 lux,
2363 1631 2417 1673 et
2446 1618 2680 1672 tenebrae
2705 1613 2960 1669 tenebrae.
2989 1610 3198 1680 Moyses
3219 1608 3362 1662 enim
3390 1604 3527 1660 scri-

1960 1716 2091 1785 psit,
2146 1712 2254 1768 Deo
2299 1726 2455 1781 opem
2498 1708 2745 1763 ferente:
2776 1704 3045 1761 llesiodus
3082 1710 3261 1756 autem
3300 1713 3366 1752 ex
3416 1694 3529 1748 Dco

281 1813 313 1864 ό
351 1780 410 1864 δὲ
460 1780 850 1872 ⁵ιισιοδος’ἀπδ
903 1809 1001 1879 μὲν
1055 1780 1190 1861 ego:
1213 1780 1294 1861 ’τδ
1327 1808 1425 1878 ζῇν
1456 1780 1629 1877 εἶχεν,
1660 1780 1778 1859 ἀπὸ
1803 1804 1859 1857 δὲ

1975 1805 2178 1875 1uidem
2210 1802 2376 1857 vitam
2415 1800 2624 1864 habuit,
2652 1812 2890 1853 errorem
2933 1808 3061 1849 vero
3098 1808 3128 1847 a
3170 1788 3528 1845 daemonibus.

282 1903 551 1972 δαιμόνων
593 1903 693 1973 τὴν
736 1902 966 1974 πλάνην.
1019 1902 1299 1957 Ἐνιαυτὸν
1340 1900 1434 1955 οὖν
1484 1902 1601 1954 ὅλον
1650 1900 1861 1971 ἔμεινεν

285 1995 600 2064 Ἐπιφάνιος
632 1995 1013 2066 διαλεγόμενος
1044 1995 1122 2066 τῷ
1151 1994 1444 2065 φιλοσόφῳ,
1479 1994 1573 2047 καὶ
1595 1993 1694 2046 οὐκ
1717 1992 1862 2046 ἕπει-

287 2103 380 2140 σεν
411 2086 601 2141 αὐτόν.
644 2087 781 2141 Ποτὲ
812 2087 943 2154 γοῦν
973 2087 1247 2158 ἀγροίκων
1287 2085 1380 2139 τὸν
1426 2084 1654 2157 ἀριθμὸν
1691 2081 1730 2148 ξ’
1770 2083 1865 2152 φέ-

287 2195 475 2251 ρουσιν
505 2178 786 2232 νεανίσκον
828 2178 952 2232 τινὰ
995 2178 1100 2231 ὑπὸ
1136 2176 1227 2231 τοῦ
1275 2176 1587 2246 ἀκαθάρτου
1628 2172 1866 2244 ἐνοχλού-

292 2285 472 2338 μενον.
506 2267 660 2320 Ἐπεὶ
688 2264 781 2321 οὖν
812 2269 911 2320 οὐκ
960 2267 1228 2338 ἠδύναντο
1275 2264 1657 2340 περιγενέσθαι
1700 2263 1864 2316 αὑτοῦ

288 2360 341 2412 οἱ
388 2359 452 2425 ξ’,
501 2359 752 2413 ἀλύσεσιν
802 2360 997 2431 ἔδησαν
1043 2358 1247 2423 τοῦτον,
1302 2358 1397 2411 καὶ⁵
1444 2357 1681 2427 ἤνεγκαν
1732 2355 1866 2425 πρὸς

306 2448 617 2519 Ἐπιφάνιον
646 2453 702 2503 ἐν
735 2450 817 2521 τῷ
854 2450 1219 2521 μοναστηρίῳ.
1264 2445 1431 2503 Εἶπεν
1468 2449 1526 2502 δὲ
1554 2448 1866 2517 Ἐπιφάνιος

290 2542 708 2637 τῷμφιλοσόφῳθ
746 2545 881 2613 ¹Ἀγε
924 2544 1019 2614 δὴ,
1061 2543 1336 2613 φιλόσοφε,
1366 2544 1394 2595 ό
1415 2541 1515 2605 τὰς
1542 2541 1868 2610 φιλονεικίας

291 2634 615 2704 ποιούμενος
675 2636 812 2706 μετὰ
851 2635 944 2689 τοῦ
992 2634 1316 2708 ἀμαρτωλοῦ
1361 2634 1711 2703 Ἐπιφανίου,
1751 2635 1870 2686 επι-

292 2724 665 2794 καλεσάμενος
693 2725 753 2778 τὸ
786 2725 989 2795 πλῆθος
1036 2725 1145 2779 τῶν
1195 2725 1331 2779 θεῶν
1377 2741 1490 2790 σου,
1542 2726 1689 2787 ὅπως
1736 2726 1873 2777 ἀπο⁶

292 2814 577 2881 διώξουσιν
603 2816 664 2869 τὸ
692 2817 906 2887 πνεῦμα
935 2816 1043 2870 ἀπὸ
1068 2816 1163 2870 τοῦ
1193 2818 1499 2871 νεανίσκου.
1538 2818 1596 2870 '0
1631 2816 1687 2869 δὲ
1719 2815 1868 2884 φιλόο

297 2923 460 2975 σοφός
495 2906 685 2978 ὥσπερ
732 2908 1058 2980 ἡττηθέντα,
1097 2909 1191 2962 καὶ
1215 2909 1570 2980 ἀπορήσαντα
1598 2909 1691 2962 τόν
1715 2908 1872 2976 λόγον

295 2997 597 3068 ὑπενόησεν
621 2998 713 3052 τὸν
742 3000 1084 3069 Ἐπιφάνιον·
1119 3001 1148 3053 ὁ
1171 2999 1230 3052 δὲ
1265 2999 1575 3070 Ἐπιφάνιος
1622 3000 1873 3066 ἐπιγνοὺς

1965 1894 2098 1950 Toto
2121 1905 2299 1947 autem
2329 1906 2472 1945 anno
2506 1889 2704 1943 mansit
2734 1883 3068 1956 Epiphanius
3093 1882 3368 1937 disserens
3396 1890 3523 1930 cum

1962 1982 2307 2055 philosopho.
2339 1978 2649 2049 Aliquando
2679 1991 2809 2031 vero
2835 1958 3087 2028 homines
3123 1976 3368 2038 agrestes
3405 1980 3513 2019 nu-

1965 2090 2114 2130 mero
2164 2072 2443 2141 sexaginta
2502 2070 2746 2124 tulerunt
2791 2064 3080 2135 quemdam
3129 2059 3531 2117 adolescentem

1964 2167 2057 2237 qui
2087 2165 2386 2221 vexabatur
2418 2162 2487 2216 ab
2516 2158 2799 2215 immundo
2823 2156 3039 2226 Spiritu.
3071 2151 3243 2218 Quem
3274 2164 3396 2203 cum
3426 2161 3529 2202 ncn

1965 2265 2189 2328 possent
2220 2253 2495 2323 sexaginta
2528 2251 2604 2305 illi
2635 2262 2913 2319 superare,
2958 2259 3083 2299 eum
3129 2242 3419 2311 alligarunt
3445 2252 3531 2293 ca-

1969 2350 2127 2413 tenis,
2156 2357 2209 2401 et
2241 2347 2485 2401 tulerunt
2507 2343 2571 2397 ad
2601 2340 2984 2412 Epiphanium.
3028 2336 3171 2390 Dixit
3200 2344 3378 2388 autem
3410 2330 3533 2401 Epi-

1969 2441 2205 2506 phanius
2247 2435 2576 2513 philosopho
2606 2451 2621 2488 ε
2653 2434 2785 2501 Age,
2815 2428 3156 2501 philosophe,
3193 2425 3284 2496 qui
3314 2431 3532 2479 conten-

1967 2532 2053 2587 dis
2119 2545 2241 2585 cum
2306 2535 2589 2599 peccatore
2645 2522 2987 2593 Epiphanio;
3057 2521 3249 2573 invoca
3322 2524 3534 2569 tuorum

1969 2625 2194 2679 deorum
2245 2619 2681 2695 multitudinem,
2739 2626 2798 2670 ut
2849 2612 3124 2683 expellant
3171 2608 3421 2680 spiritum
3474 2606 3537 2660 ab

1970 2715 2337 2770 adolescente.
2382 2710 2474 2765 ille
2504 2725 2633 2763 vero
2669 2705 3013 2760 existimabat
3053 2698 3413 2771 Epiphaniam
3451 2711 3534 2751 su-

1970 2815 2241 2876 peratum,
2264 2812 2317 2857 et
2345 2802 2440 2873 qui
2468 2816 2572 2855 non
2602 2797 2825 2853 haberet
2853 2793 2997 2864 quod
3028 2793 3251 2846 diceret.
3277 2788 3411 2869 Cum
3440 2787 3542 2840 hoc

1972 2875 2153 2954 autem
2207 2894 2550 2965 cognovisset
2600 2888 2958 2959 Epiphanius,
3014 2885 3210 2939 iterum
3258 2879 3395 2935 dixit
3442 2875 3536 2930 ei:

1974 2988 2113 3056 Quid
2163 2986 2327 3061 dicis,
2371 3001 2405 3041 ο
2449 2984 2609 3039 Pater
2659 2979 2997 3052 philosophe,
3047 2975 3114 3031 de
3161 2969 3542 3061 adolescente?

295 3054 500 3153 τοῦτο
528 3085 678 3143 εἶπεν
706 3091 846 3162 πρὸς
878 3054 969 3144 τὸν
1000 3089 1288 3160 φιλόσοφον
1311 3107 1326 3121 ’
1357 3054 1422 3143 Τ
1449 3054 1648 3158 λέγεις,
1687 3054 1871 3159 φησιν,

1975 3054 2081 3134 Ant
2105 3092 2237 3133 cura
2263 3054 2634 3146 egrotantem,
2663 3078 2718 3126 et
2751 3084 2850 3140 ego
2879 3066 2932 3120 in
2969 3065 3075 3120 tuis
3109 3061 3214 3117 diis
3239 3057 3448 3114 habebo
3479 3054 3537 3108 li-

297 3173 347 3233 ὦ
380 3180 637 3250 φιλόσοφε
658 3220 672 3241 ,
711 3182 841 3252 περὶ
874 3181 968 3235 τοῦ
1001 3182 1283 3236 νεανίσκου
1311 3198 1326 3247 ;
1357 3181 1389 3251 ἢ
1417 3180 1750 3252 θεράπευσον
1782 3180 1873 3232 τὸν

298 3268 650 3336 ἀσθενοῦντα,
675 3271 767 3323 καὶ
795 3270 988 3341 ἔσομαι
1022 3271 1205 3325 πίστιν
1234 3271 1375 3342 ἔχων
1400 3271 1536 3341 πρὸς
1567 3272 1693 3333 τοὺς
1719 3268 1874 3333 θεούς

303 3376 402 3412 σου
427 3375 442 3390 ·
474 3358 507 3429 ἢ
534 3362 563 3414 ό
596 3360 726 3425 Θεός
756 3377 856 3432 μου
890 3361 1069 3429 διώξει
1093 3362 1154 3417 τὸ
1188 3363 1496 3435 ἀκάθαρτον
1528 3362 1743 3433 πνεῦμα
1770 3363 1877 3416 ἀπὸ

299 3451 399 3505 τοῦ
431 3453 734 3518 νεανίσκου,
784 3455 879 3508 καὶ
929 3454 1028 3527 ἔσῃ
1071 3454 1343 3519 πεποιθὼς
1374 3456 1469 3508 ἐπὶ
1500 3453 1577 3525 τῷ
1607 3442 1879 3526 ἐσταυρὼ-

306 3543 477 3614 μένῳ.
513 3543 638 3597 Ἐπὶ
676 3544 885 3609 τούτοις
924 3546 983 3600 δὲ
1014 3547 1215 3601 ἅπασιν
1244 3548 1272 3600 6
1300 3547 1586 3616 φιλόσοφος
1618 3548 1718 3599 οὐκ
1756 3547 1877 3600 ent-

308 3654 533 3690 στευσεν
566 3635 896 3707 Ἐπιφανίῳ’
944 3638 1059 3692 ἀλλ’
1108 3637 1355 3709 ἐνόμιζεν
1382 3638 1588 3707 γέλοιον
1621 3634 1781 3692 εἶναι.
1821 3638 1880 3692 ’0

306 3723 402 3783 οὖν
430 3727 744 3798 Ἐπιφάνιος
764 3730 1022 3795 ἀναστὰς,
1043 3730 1140 3784 καὶ
1163 3730 1440 3803 κρατήσας
1466 3731 1557 3786 τὸν
1580 3730 1879 3794 νεανίσκον,

308 3819 496 3889 ἔλεγεν
528 3821 709 3892 αὐτῷ·
743 3822 836 3875 Σοὶ
861 3822 1024 3893 λέγω,
1056 3822 1538 3909 νεανίσκε,θέλεις,
1565 3822 1903 3893 φησὶνβρω.

306 3912 382 3967 τὰ
411 3913 605 3984 σίδηρα
633 3914 742 3968 ἀπὸ
771 3914 880 3968 τῶν
908 3914 1108 3987 χειρῶν
1140 3931 1264 3991 eoo;

382 4006 515 4058 κε’.
541 4006 601 4058 Ὁ
628 4005 685 4059 δὲ
716 4005 1023 4075 φιλόσοφος,
1049 4004 1288 4068 ἀκούσας
1313 4004 1510 4069 ταῦτα,
1541 4005 1774 4077 ἔδραμεν
1798 4005 1886 4058 εὑ-

312 4094 455 4157 θέως
483 4097 540 4148 ὲν
571 4095 651 4166 τῷ
684 4095 900 4166 κελλίῳ,
931 4096 1026 4151 καὶ
1058 4095 1397 4166 ⁴πἰσφαλίσατο
1416 4094 1493 4166 τῷ
1516 4093 1771 4166 κατοχίῳ,
1801 4093 1888 4146 λέιο

312 4201 431 4253 γων
475 4187 566 4238 καὶ
616 4186 981 4256 σκεπτόμενος
1012 4187 1069 4239 ὲν
1103 4185 1326 4256 ὑπονοίᾳ
1348 4202 1362 4215 ·
1404 4179 1571 4248 Οὗτος
1589 4184 1618 4236 ὁ
1653 4183 1886 4254 καλόγη-

318 4294 453 4348 ρως,
482 4276 559 4341 ὡς
594 4276 828 4346 ίδιώτης,
863 4277 1022 4333 λῦσαι
1047 4277 1293 4348 βούλεται
1313 4277 1406 4330 τὸν
1431 4277 1772 4347 παράφρονα,
1790 4274 1897 4330 κᾶν.

321 4347 401 4439 μὴ
455 4369 614 4438 ἡμεῖς
662 4367 1010 4439 ὲκφύγωμεν,
1046 4368 1120 4433 ὡς
1167 4368 1358 4437 λόγιοι,
1390 4368 1491 4437 τὴν
1541 4366 1886 4438 προπέτειαν,

1975 3171 2142 3226 dem:
2193 3176 2287 3223 aut
2324 3165 2465 3221 Deus
2508 3162 2738 3233 expellet
2793 3155 3133 3214 immundum
3181 3150 3429 3221 spiritum
3476 3146 3540 3199 ab

1976 3264 2340 3325 adolescente,
2372 3265 2426 3312 et
2453 3256 2643 3311 credes
2676 3255 2730 3306 in
2764 3248 3111 3307 cruciﬁxum.
3141 3242 3198 3296 In
3241 3240 3325 3294 his
3363 3245 3540 3291 autem

1977 3352 2230 3408 omnibus
2262 3365 2368 3405 non
2398 3345 2626 3401 credidit
2669 3340 3029 3413 philosophus
3075 3330 3405 3406 Epiphanio,
3454 3327 3541 3382 sed

1978 3439 2310 3499 existimavit
2369 3451 2494 3492 eum
2560 3447 2683 3489 esse
2747 3430 3059 3486 ridiculum.
3123 3425 3361 3493 Surgens
3421 3431 3542 3471 vero

1981 3531 2354 3607 Epiphanius,
2414 3540 2468 3584 et
2514 3538 2707 3582 tenens
2761 3522 3197 3579 adolescentem,
3253 3511 3390 3569 dixit
3450 3508 3543 3563 ei:

1981 3627 2102 3683 Tibi
2135 3625 2277 3691 dico,
2334 3620 2674 3683 adolescens,
2717 3615 2823 3681 vis,
2875 3612 3073 3683 inquit,
3110 3607 3294 3665 tollam
3329 3612 3544 3658 catenas

1984 3720 2186 3775 ferreas
2216 3731 2286 3772 ex
2322 3711 2579 3769 manibus
2599 3707 2742 3764 tuis?

2057 3991 2224 4049 XXV.
2263 3990 2399 4046 Cum
2435 3997 2614 4042 autem
2659 3982 2921 4038 audiisset
2949 3974 3325 4049 phi1050phus,
3369 3970 3549 4026 statim

1988 4083 2230 4141 cucurrit
2256 4081 2310 4137 in
2343 4078 2556 4142 cellam,
2585 4083 2639 4130 et
2664 4080 2811 4127 recte
2838 4070 3045 4126 foribus
3076 4066 3317 4121 adhibito
3347 4077 3405 4117 se
3436 4076 3545 4114 mu-

1988 4177 2111 4238 niit,
2147 4174 2354 4236 dicens,
2385 4180 2440 4225 et
2462 4166 2785 4237 suspicando
2818 4164 2891 4218 ita
2920 4158 3062 4231 apud
3089 4174 3147 4215 se
3167 4155 3555 4213 considerans:

1992 4266 2174 4321 Bonus
2208 4263 2297 4317 hic
2328 4275 2513 4325 senex,
2545 4264 2606 4311 ut
2644 4254 2797 4311 rudis
2828 4261 2882 4307 et
2921 4251 3191 4313 indoctus,
3227 4247 3339 4302 vult
3371 4261 3550 4299 amen-

1996 4369 2101 4413 tem
2137 4355 2365 4418 solvere,
2395 4361 2450 4407 et
2497 4349 2602 4404 nisi
2651 4361 2753 4400 nos
2785 4353 2843 4398 ut
2872 4341 3162 4413 prudentes
3205 4352 3391 4393 casum
3425 4334 3550 4390 etfu-

321 4428 1060 4528 ité'lldpsv_MXdig-ﬁdicxstv
1086 4428 1191 4510 ῦπδ
1214 4428 1308 4510 τοῦ
1334 4428 1660 4527 καταράτου.
1689 4453 1872 4521 Κουφί·

1995 4450 2227 4520 giamus,
2274 4446 2345 4499 ab
2383 4439 2719 4499 exsecranda
2766 4436 2858 4490 illo
2904 4434 3048 4489 male
3088 4446 3278 4487 sumus
3323 4428 3552 4500 passuri.

319 4564 423 4610 σας
447 4543 542 4608 οὖν
574 4547 891 4617 Ἐπιφάνιος
907 4547 976 4601 τὰ
1008 4548 1200 4619 σίδηρα
1230 4548 1338 4601 ἀπὸ
1357 4548 1448 4601 τοῦ
1475 4546 1778 4609 νεανίσκου,
1799 4545 1893 4598 καὶ

322 4639 635 4709 σφραγίσας
666 4639 828 4692 αὑτὸν
855 4638 1058 4710 τρίτον,
1092 4635 1244 4697 εἶπεν
1289 4632 1375 4709 τῷ⁶
1411 4637 1704 4708 ἀκαθάρτῳ
1728 4633 1891 4687 πνεύρ

323 4745 485 4800 ματι·
518 4730 891 4800 Παραγγέλλει
926 4747 1010 4783 σοι
1046 4729 1359 4799 Ἐπιφάνιος
1390 4727 1710 4799 ἁμαρτωλὸς
1735 4724 1895 4781 ὁδοῦο

320 4824 416 4886 λος
444 4822 538 4875 τοῦ
564 4823 860 4894 Κυρίου,ὲν
888 4823 1111 4894 ὀνόματι
1141 4820 1315 4893 Ἰησοῦ
1336 4820 1572 4892 Χριστοῦ
1588 4820 1680 4873 τοῦ
1705 4820 1895 4871 ἐσταυ-

327 4913 600 4986 ρωμένου,
627 4913 757 4968 Υίοῦ
790 4913 882 4968 τοῦ
910 4913 1069 4980 Θεοῦ,
1096 4913 1276 4979 ἔξελθε
1312 4914 1423 4967 ἀπὸ
1463 4912 1558 4966 τοῦ
1586 4909 1893 4982 ἀνθρώπου,

325 5008 423 5062 καὶ
459 5007 655 5077 μηκέτι
684 5006 930 5080 εἰσέλθῃς
961 5009 1040 5070 εἰς
1070 5006 1251 5060 αὐτόν.
1279 5006 1390 5060 Καὶ
1428 5004 1631 5067 εὐθέως
1676 5001 1896 5074 ἐξῆλθεν

324 5099 390 5151 τὸ
431 5097 741 5169 ἀκάθαρτον
780 5097 1024 5168 πνεῦμα·
1058 5097 1150 5152 καὶ
1190 5093 1258 5169 ἦν
1285 5098 1342 5150 ἐν
1373 5095 1541 5166 πολλῇ
1567 5093 1897 5147 καταστάσει

327 5191 361 5243 ὁ
409 5189 873 5254 νεανίσκος.ἰδὼν
915 5190 974 5243 δὲ
1019 5192 1048 5244 ό
1089 5189 1373 5259 φιλόσοφος
1405 5186 1475 5241 τά
1507 5187 1605 5257 τῆς
1654 5185 1897 5256 εἰρήνης,

333 5281 702 5351 ἀπεκούφισεν
722 5282 784 5335 τὸ
804 5281 1072 5352 κατόχιον,
1099 5280 1193 5334 καῖ⁵
1214 5279 1545 5349 ἐξεπήδησεν
1574 5275 1669 5329 τοῦ
1691 5273 1899 5328 κελλίου

1990 4519 2127 4596 Cum
2153 4550 2334 4595 autem
2367 4535 2700 4605 Epiphanius
2724 4528 2916 4585 ferreis
2933 4525 3139 4581 catenis
3170 4523 3400 4578 levasset
3429 4519 3551 4573 ado-

1992 4632 2309 4693 lescentem,
2340 4635 2396 4682 et
2423 4640 2549 4679 eum
2579 4632 2657 4677 ter
2685 4621 2972 4691 signasset,
2996 4611 3428 4671 dixitimmundo
3450 4610 3554 4679 spi-

1994 4721 2123 4777 ritui
2156 4739 2169 4774 :
2206 4716 2460 4787 Praecipit
2493 4715 2588 4770 tibi
2609 4711 2943 4782 Epiphanius
2974 4715 3224 4779 peccator
3250 4717 3438 4759 servus
3456 4700 3554 4755 Do-

1994 4811 2148 4874 mini,
2182 4809 2235 4863 in
2287 4807 2506 4863 nomine
2556 4802 2685 4859 Jesu
2735 4800 2938 4857 Christi
2991 4795 3235 4855 cruciﬁxi
3278 4793 3400 4848 Filii
3443 4791 3554 4851 Dei,

1994 4905 2249 4976 egredere
2279 4918 2351 4958 ex
2374 4901 2612 4966 homine,
2648 4908 2702 4954 et
2726 4912 2795 4953 ne
2827 4894 3060 4965 amplius
3092 4893 3145 4947 in
3176 4891 3353 4960 ipsum
3382 4888 3555 4957 ingre-

1997 4996 2181 5051 diaris.
2213 4994 2282 5050 Et
2306 5008 2560 5064 egressus
2604 4999 2689 5047 est
2740 4987 2920 5044 statim
2957 4981 3270 5039 immundus
3312 4978 3557 5049 spiritus.

1998 5085 2239 5156 Eratque
2291 5084 2610 5139 adolescens
2660 5078 2813 5133 valde
2857 5075 3072 5145 quietus
3119 5081 3173 5126 et
3204 5068 3558 5139 compositus.

1999 5175 2134 5230 Cum
2174 5184 2355 5230 autem
2385 5188 2507 5229 esse
2541 5184 2726 5240 pacem
2755 5166 2977 5222 vidisset
3004 5160 3384 5234 philosophus,
3416 5158 3559 5212 leva-

2000 5269 2079 5325 vit
2118 5268 2460 5340 repagulum,
2487 5277 2542 5322 et
2576 5281 2608 5320 e
2656 5262 2790 5318 cella
2837 5259 3074 5332 prosiliit
3115 5257 3183 5312 ad
3227 5251 3561 5310 adorandum

333 5376 415 5437 εἰς
447 5349 813 5443 προσκύνησιν
851 5349 1189 5442 Ἐπιφανίου,
1215 5370 1389 5439 λόγων
1421 5369 1556 5439 πρὸς
1588 5366 1872 5437 Ἐπιφάνιο

2004 5362 2383 5433 Epiphanium,
2409 5358 2489 5413 sic
2511 5357 2700 5412 dicens
2729 5371 2741 5408 :
2772 5353 2838 5418 Ο,
2863 5352 3056 5423 inquit,
3082 5349 3174 5420 qui
3202 5353 3383 5418 gestas
3411 5356 3554 5397 coro-

333 5462 608 5527 τοιοῦτους
632 5463 822 5532 λόγους
841 5479 855 5493 ⁸
878 5460 970 5526 Ὦ,
998 5463 1181 5533 φησὶν,
1198 5462 1479 5530 Ἐπιφάνιε
1508 5458 1898 5528 στεφανηφόρε·

336 5554 581 5610 πιστεύω
622 5556 716 5609 καὶ
748 5555 1085 5610 πεπίστευκα
1115 5557 1224 5617 τοῖς
1256 5551 1621 5623 λαλουμένοις,
1655 5548 1740 5602 διὰ
1795 5548 1903 5601 τῶν

414 5713 436 5745 ⁸
476 5711 610 5765 Dan.
656 5728 748 5769 ιιι,
798 5712 871 5764 ιιι.

2005 5467 2151 5515 nam,
2179 5448 2460 5520 Epiphani,
2491 5446 2675 5505 credo,
2706 5457 2761 5500 et
2787 5442 2993 5499 credidi
3023 5441 3091 5496 iis
3120 5453 3240 5509 qua:
3287 5436 3563 5494 dicuntur,

2005 5559 2100 5612 per
2146 5558 2206 5596 ea
2254 5555 2374 5611 quae
2421 5540 2574 5594 lium.
2608 5536 2802 5593 Volant
2846 5534 2990 5590 enim
3022 5531 3183 5587 verba
3216 5529 3331 5584 sine
3362 5524 3569 5588 fructu,
