3808 6108
293 311 360 369 55
1598 318 1655 373 S.
1698 317 2039 374 EPiPilANll
2080 319 2258 375 VITA.
3128 361 3134 366 -
3481 321 3555 379 56

291 440 455 499 Opera
492 437 668 483 autem
717 438 1014 484 cernuntur
1057 431 1258 487 habere
1304 433 1564 490 fructum.
1594 435 1729 491 Volo
1767 454 1858 507 ego

1970 437 2143 508 ἔργων
2175 437 2282 489 τῶν
2317 437 2648 508 γινομένων·
2686 440 2732 491 οἱ
2765 439 2872 508 γὰρ
2896 439 3043 506 λόγοι
3080 437 3336 491 πέτανται
3369 438 3554 511 ἄκαρ-

294 533 512 590 quoquc
539 536 660 575 esse
688 537 748 574 ex
784 521 850 576 iis
881 523 972 591 qui
1009 524 1257 579 serviunt
1297 526 1579 581 cruciﬁxo.
1613 525 1859 583 Philoso—

290 611 402 679 pbo
448 627 578 665 veru
628 612 758 667 dixit
811 611 1145 683 Epiphanius
1175 634 1188 670 :
1216 614 1358 682 Quid
1409 618 1510 672 hoc
1559 618 1797 682 miraris,
1827 634 1860 673 0

289 704 632 772 philosophe,
651 715 905 776 tanquam
933 709 984 762 id
1011 725 1110 765 nos
1133 709 1856 782 fecerimus?Nequaquam;

290 795 384 848 sed
431 807 512 850 est
547 795 641 850 Dei
676 797 865 862 Filius,
901 801 994 870 qui
1048 801 1160 856 haec
1192 805 1450 872 praeclara
1489 802 1616 856 facit
1649 820 1740 872 per
1763 818 1859 858 eos

286 887 385 954 qui
421 887 523 955 ipsi
554 889 799 944 credunt.
827 889 965 944 Cum
1014 892 1126 947 luce
1156 904 1207 947 et
1235 895 1318 949 his
1357 895 1509 964 plura
1544 893 1860 962 philosopho

291 977 520 1033 dixisset
568 981 921 1049 Epiphanius,
974 985 1182 1053 rogavit
1225 985 1768 1056 eum‘pbilosophus,
1802 992 1861 1038 ut

291 1069 448 1124 daret
470 1071 519 1124 ei
548 1071 621 1136 id,
655 1074 799 1142 quod
830 1085 913 1129 est
946 1075 998 1128 in
1023 1076 1262 1140 Christo,
1296 1077 1650 1147 signaculum.
1678 1075 1857 1144 Ipsum

293 1171 424 1230 ergo
476 1171 530 1216 et
579 1179 662 1217 me
709 1167 915 1236 ac'epit
942 1166 1297 1235 Epiphanius,
1333 1177 1385 1222 et
1415 1169 1612 1222 ivimus
1643 1168 1707 1221 ad
1745 1183 1859 1220 ma-

292 1267 456 1322 gnum
499 1253 849 1322 Hilarionem,
883 1259 976 1327 qui
1019 1274 1143 1312 eum
1191 1259 1508 1328 baptizavit;
1543 1259 1861 1328 egimusque

291 1343 481 1412 viginti
510 1345 624 1398 dies
666 1345 716 1399 in
751 1349 1082 1403 monasterio
1121 1351 1297 1419 magni
1327 1349 1618 1405 Hilarionis
1650 1369 1663 1404 :
1697 1366 1859 1420 quem

291 1436 504 1506 rogavit
549 1436 906 1506 Epiphanius,
941 1449 1000 1494 ttt
1045 1456 1168 1494 cum
1207 1440 1507 1510 Epiphanio
1540 1441 1861 1510 philosopho

291 1527 531 1581 mitteret
565 1543 630 1582 ex
663 1529 915 1583 fratribus
946 1546 1116 1584 unum
1150 1530 1632 1600 Eleutheropolim,
1657 1540 1715 1585 ut
1736 1546 1858 1585 eum

289 1621 574 1690 episcopus
626 1623 823 1678 faceret
865 1625 1262 1696 presbyterum.
1303 1627 1457 1692 Quod
1509 1630 1672 1681 ctiam
1715 1625 1748 1680 fw
1768 1628 1856 1681 cit.

290 1711 356 1766 Et
406 1715 814 1770 rurSusivimus
862 1715 1258 1787 Spanhydrion.
1302 1717 1638 1788 Epiphanius
1679 1727 1858 1773 autem

1968 548 2058 582 ποι
2100 531 2251 593 ὄντες
2272 547 2283 559 ·
2316 530 2382 582 τά
2410 529 2464 582 δὲ
2493 529 2628 599 ἔργα
2662 529 2909 598 φαίνεται
2936 531 3192 601 ἔγκαρπα
3222 530 3380 584 ὄντα·
3408 531 3552 585 θέλω

1968 621 2121 688 κάγὼ
2149 619 2402 688 γενέσθαι
2431 619 2524 672 τοῦ
2557 620 2994 690 ἐσταυρωμένον.
3029 617 3196 674 Εἶπεν
3226 621 3281 674 δὲ
3319 621 3550 690 Ἐπιςά-

1966 728 2075 773 νιος
2107 711 2181 779 τῷ
2216 709 2519 779 φιλοσόφῳυ
2556 709 2622 760 Τί
2653 710 2974 779 θαυμάζεις,
3003 710 3186 780 φησὶν,
3213 703 3258 762 ὧ
3291 710 3551 778 φιλόσοφε

1967 802 2058 852 ἐπὶ
2093 802 2270 863 τοῦτο,
2307 801 2381 863 ὡς
2431 799 2586 870 ἡμῶν
2639 801 3007 871 ποιησάντων;
3037 798 3145 852 Οῦ·
3191 799 3303 851 ἀλλ’
3340 802 3369 852 ὁ
3420 799 3553 862 Υἱὸς

1967 892 2057 944 τοῦ
2106 891 2240 944 Θεοῦ
2289 893 2434 944 ἐστιν
2466 893 2496 942 6
2529 891 2694 944 ποιῶν
2722 891 2811 942 8ιά
2847 890 2956 944 τῶν
2989 889 3350 944 πιστεύοντων
3397 892 3551 961 αὐτῷ

1967 985 2037 1036 τὰ
2066 984 2204 1036 καλά
2239 982 2426 1036 ταῦτα.
2485 982 2591 1035 Καὶ
2643 981 2815 1035 ταῦτα
2863 980 3034 1034 εἰπὼν
3085 981 3398 1050 Ἐπιφάνιος
3450 985 3552 1034 καὶ

1969 1074 2186 1126 πλείονα
2232 1073 2434 1125 τούτων
2465 1071 2540 1140 τῷ
2575 1072 2868 1142 φιλοσόφῳ,
2909 1073 3284 1144 παρεκάλεσεν
3321 1073 3486 1125 αὑτὸν
3515 1077 3548 1127 6

1968 1162 2271 1230 φιλόσοφος,
2298 1163 2443 1226 ὅπως
2474 1162 2633 1214 δώσει
2667 1163 2814 1232 αὐτῷ
2845 1161 2941 1233 τὴν
2975 1164 3032 1215 ἐν
3057 1161 3277 1233 Χριστῷ
3315 1166 3552 1233 συρραγῖσ

1965 1255 2048 1308 δα.
2085 1253 2278 1307 Λαϐὼν
2309 1254 2364 1306 δὲ
2397 1253 2558 1308 αὐτὸν
2590 1254 2683 1306 καὶ
2727 1254 2826 1323 ἐμὲ
2863 1253 3195 1322 Ἐπιφάνιος,
3239 1253 3547 1323 ἐπορεύθη-

1971 1362 2068 1414 μεν
2097 1346 2231 1414 πρὸς
2256 1345 2346 1397 τὸν
2375 1343 2547 1415 μέγαν
2578 1343 2878 1414 Ἱλαρίωνα,
2907 1345 3002 1396 καὶ
3033 1343 3328 1398 ἐϐάπτισεν
3359 1343 3546 1400 αὐτόν.

1969 1438 2076 1490 Kal
2103 1438 2436 1508 ἐποιήσαμεν
2463 1439 2520 1489 ἐν
2551 1435 2627 1505 τῷ
2661 1435 3005 1508 μοναστηρίῳ
3030 1435 3120 1488 τοῦ
3149 1436 3381 1506 μεγάλου
3411 1436 3551 1488 ἰλα-

1969 1527 2160 1599 ρίωνος
2206 1535 2253 1580 κ’
2296 1528 2528 1598 ἡμέρας.
2579 1526 2954 1598 Παρεκάλεσεν
2999 1525 3056 1578 δὲ
3095 1525 3408 1594 Ἐπιφάνιος
3455 1526 3550 1578 τὸν

1971 1620 2142 1690 μέγαν
2191 1619 2469 1689 Ἰλαρίωνα
2514 1617 2830 1671 ἀποστεῖλαι
2896 1617 3033 1687 μετά
3087 1618 3403 1687 Ἐπιφανίου
3451 1617 3550 1669 τοῦ

1969 1712 2062 1764 καὶ
2097 1709 2384 1778 φιλοσό’,ςου
2423 1708 2519 1761 ἕνα
2561 1709 2668 1761 τῶν
2713 1707 2956 1777 ἀδελφῶν
2985 1709 3042 1760 ἐν
3083 1707 3546 1780 Ἐλευθεροπόλει,

291 1819 410 1856 cum
465 1819 656 1860 omnes
699 1804 1020 1861 advocassct
1066 1808 1283 1871 fratres,
1318 1809 1394 1862 sic
1423 1809 1502 1864 eis
1527 1811 1663 1863 dixit
1698 1828 1710 1864 :
1741 1809 1858 1873 llic,

1969 1803 2110 1865 ὅπως
2151 1803 2365 1871 ποιήσει
2415 1801 2576 1853 αὐτὸν
2611 1801 2639 1851 6
2672 1800 2967 1864 ἐπίσκοπος
3003 1800 3371 1871 πρεσϐύτερον
3435 1801 3550 1853 Καὶ

291 1895 382 1962 qui
430 1895 530 1948 sibi
573 1889 868 1965 aliquando
903 1899 1182 1953 videbatur
1211 1915 1331 1954 esse
1361 1900 1585 1969 aliquid,
1618 1917 1740 1954 eum
1775 1901 1858 1954 ni-

293 1984 367 2038 hil
403 1994 564 2051 esset,
598 1987 816 2040 dicebat
863 2003 921 2043 se
970 2003 1092 2043 esse
1139 1990 1555 2060 philosophum;
1593 2006 1736 2046 nunc
1765 2009 1862 2046 au-

289 2083 396 2128 tem
429 2075 521 2130 D.i
552 2077 724 2146 gratia
759 2094 920 2132 verus
954 2089 1036 2133 est
1087 2078 1263 2134 factus
1302 2081 1682 2150 philosophus;
1719 2083 1859 2151 ipse-

288 2181 395 2234 que
439 2166 698 2236 spiritalis
752 2177 930 2222 vester
976 2179 1124 2236 pater
1162 2181 1261 2224 est.
1298 2171 1468 2238 Igitur
1521 2171 1856 2242 Epiphanius

287 2257 639 2327 philosophus
669 2274 697 2311 a
737 2259 843 2314 Deo
876 2262 1104 2332 gratiam
1143 2273 1224 2316 est
1256 2273 1604 2328 consecutus,
1637 2274 1689 2318 et
1714 2280 1853 2334 pra--

285 2357 403 2402 erat
432 2351 528 2404 toti
565 2351 758 2406 choro.

1966 1893 2030 1964 δὴ
2057 1897 2085 1946 6
2115 1893 2288 1963 μέγας
2313 1893 2555 1963 Ἰλαρίων
2585 1893 2838 1960 ἐποίησεν
2868 1891 3060 1956 οὕτως.
3092 1893 3202 1945 Καὶ
3233 1892 3393 1945 πάλιν
3421 1895 3552 1944 ἐπο-

1972 1983 2240 2054 ρεύθημεν
2269 1985 2326 2035 ἐν
2359 1983 2435 2054 τῷ
2473 1985 2818 2054 μοναστηρίῳ
2843 1987 2874 2054 ἡ
2885 1984 3000 2054 μῶν
3021 1983 3100 2054 τῷ
3132 1985 3554 2055 ἐπικαλουμένῳ

1970 2076 2307 2146 Σπανυδρίῳ.
2347 2077 2405 2127 '0
2479 2072 2568 2128 οῦν
2637 2076 2950 2143 Ἐπιφὰνιος
3035 2075 3551 2146 προσκαλεσάμενος

1966 2169 2212 2230 ἅπαντας
2267 2171 2392 2231 τοὺς
2442 2168 2723 2236 ἀδελφοὺς,
2755 2163 2908 2220 εἶπεν
2955 2168 3172 2231 αὐτοῖς·
3211 2164 3400 2232 Οὗτος,
3449 2187 3548 2238 (ξη-

1964 2261 2070 2321 σὶν,
2099 2261 2128 2312 ὃ
2163 2277 2292 2312 ποτε
2330 2260 2501 2312 δοκῶν
2542 2256 2678 2313 εἷναί
2717 2277 2789 2323 τι,
2823 2259 2986 2330 μηδὲν
3017 2257 3109 2319 ῶν,
3145 2259 3326 2327 ἔλεγεν
3351 2261 3547 2313 ἑαυτὸν

1964 2351 2273 2420 φιλόσοφον.
2310 2351 2421 2403 Νῦν
2467 2351 2522 2404 δὲ
2574 2353 2754 2422 χάριτι
2803 2352 3038 2424 Χριστοῦ
3079 2353 3294 2419 ἐγένετο
3332 2353 3550 2425 ἀληθῶς

285 2442 610 2514 φιλόσοφος,
661 2449 757 2500 καὶ
806 2448 904 2519 τῆς
960 2449 1256 2520 ἱερωσύνης
1304 2448 1638 2519 κατηξιώθη.
1697 2442 1864 2513 Οὗτός
1900 2449 2048 2500 ἐστιν
2096 2447 2124 2498 6
2177 2445 2539 2516 πνευματικὸς
2597 2445 2749 2514 ὑμῶν
2789 2448 2988 2516 πατήρ.
3061 2445 3118 2497 ’0
3159 2441 3254 2498 οὖν
3320 2445 3553 2514 Ἐπιφάο

287 2554 416 2600 νιος.
443 2539 471 2591 ὁ
506 2542 600 2594 καὶ
625 2542 653 2594 6
681 2542 989 2612 φιλόσοφος,
1021 2544 1332 2616 κατηξιώθη
1356 2545 1689 2616 χαρίσματος
1712 2543 1863 2615 παρά
1894 2541 2050 2606 Θεοῦ,
2088 2542 2180 2595 καὶ
2202 2538 2268 2612 ἦν
2292 2541 2590 2612 ἡγούμενος
2622 2540 2820 2604 παντὸς
2847 2538 2942 2592 τοῦ
2973 2538 3153 2610 χοροῦ.

357 2622 550 2682 XXVI.
594 2629 960 2701 lngredientes
995 2629 1190 2689 autem
1239 2636 1395 2688 multi
1451 2636 1860 2700 monasterium,

287 2732 396 2772 non
426 2719 678 2775 sinebant
705 2723 984 2792 quiescere
1012 2725 1395 2795 Epiphanium.
1429 2725 1564 2780 Cum
1598 2727 1778 2797 itaque
1805 2728 1859 2782 in

286 2809 472 2862 animo
506 2809 729 2866 haberet
772 2812 949 2868 locum
983 2815 1304 2884 relinquere,
1341 2815 1608 2884 proficisci
1637 2831 1764 2870 vero
1795 2818 1848 2871 in

285 2910 466 2967 partes
513 2901 750 2975 Egypti,
781 2905 919 2959 dixit
964 2906 1096 2960 mihi
1133 2925 1147 2960 :
1183 2905 1418 2976 Sequere
1455 2924 1558 2975 me,
1608 2909 1701 2964 lili.
1745 2908 1856 2980 Ego

286 3006 416 3046 vero
455 2992 564 3047 dixi
625 2996 673 3049 ei
709 3018 720 3050 ;
755 2993 965 3064 Sequar
1014 3003 1086 3058 te,
1121 3011 1446 3066 quocunque
1492 2997 1642 3062 ieris,
1673 2997 1850 3053 Pater.

2037 2636 2181 2700 KG".
2225 2632 2440 2686 Πολλῶν
2475 2627 2567 2684 οὖν
2614 2629 3012 2702 είσερχομένων
3046 2631 3102 2682 ἐν
3151 2629 3223 2698 τῷ
3273 2646 3550 2700 μοναστηα

1969 2727 2085 2798 ρίῳ,
2123 2725 2222 2777 οὐκ
2255 2724 2381 2776 εἴων
2430 2725 2659 2796 ἠρεμεῖν
2691 2723 2782 2776 τὸν
2823 2721 3161 2791 Ἐπιφάνιον.
3195 2721 3305 2773 Kal
3331 2720 3396 2789 δὴ
3423 2737 3551 2772 cnes-

1963 2817 2204 2888 ψάμενος
2234 2814 2553 2869 καταλιπεῖν
2580 2814 2670 2867 τὸν
2703 2806 2886 2876 τόπον,
2920 2811 3248 2884 πορεύεσθαι
3277 2811 3334 2864 δὲ
3361 2813 3455 2864 ἐπὶ
3482 2812 3553 2865 τὰ

1965 2908 2101 2980 μέρη
2137 2908 2431 2974 Αἰγύπτου,
2469 2903 2620 2959 εἶπεν
2675 2907 2807 2977 πρδς
2864 2904 2930 2974 μέ
2963 2919 2975 2932 ⁸
3005 2904 3226 2968 Τέκνον,
3267 2903 3552 2957 ἀκολούθει

1963 3015 2071 3068 μοι.
2122 2994 2287 3051 Εἶπον
2330 2999 2386 3051 δὲ
2435 2997 2572 3070 πρὸς
2616 2997 2808 3049 αὐτόν·
2850 2995 3224 3066 Ἀκολουθήσω
3268 3011 3350 3048 σοι
3413 2996 3550 3048 ὅπου

285 3082 422 3136 Cum
474 3097 662 3138 omnes
700 3095 880 3140 autem
927 3085 1120 3140 fratres
1169 3088 1508 3150 advocasset,
1543 3097 1596 3142 et
1627 3091 1705 3143 cis
1743 3090 1858 3144 vale

1969 3087 2030 3141 ἂν
2087 3088 2327 3160 ἀπέρχῃ,
2378 3088 2579 3158 Πάτερ.
2631 3085 3147 3156 Προσκαλεσάμενος
3196 3085 3252 3138 δὲ
3303 3084 3552 3149 ἅπαντας

286 3173 535 3237 dixisset,
565 3175 698 3228 dixit
726 3189 740 3228 :
769 3175 940 3241 Vade,
969 3191 1002 3231 ο
1048 3178 1162 3242 filii,
1197 3178 1261 3232 ad
1319 3179 1610 3234 videndum
1667 3177 1860 3235 fratres

287 3265 378 3332 qui
432 3275 560 3321 sunt
606 3266 658 3318 in
706 3269 1039 3324 monasterio
1083 3269 1263 3340 magni
1308 3269 1616 3327 Hilarionis.
1654 3271 1787 3325 Cum
1822 3273 1857 3326 ii

288 3367 469 3411 autem
521 3359 914 3416 intellexissent
964 3379 1089 3418 eum
1142 3364 1281 3420 velle
1331 3365 1601 3429 recedere,
1643 3375 1860 3435 proriter

288 3461 535 3516 magnam
582 3451 884 3505 molestiam
921 3467 1110 3507 eorum
1167 3454 1258 3523 qui
1291 3453 1638 3519 accedebant,
1669 3469 1858 3510 omnes

287 3536 540 3592 cadentes
575 3539 627 3592 in
656 3537 871 3603 faciem,
898 3556 1020 3596 cum
1059 3540 1181 3597 fletu
1213 3551 1265 3596 et
1294 3543 1508 3612 planetu
1537 3559 1659 3597 eum
1693 3560 1857 3615 roga-

287 3627 417 3682 haut
441 3645 506 3683 ne
538 3631 728 3685 exiret.
761 3631 1094 3702 Epiphanius
1137 3651 1269 3689 vero
1304 3636 1419 3704 ipse
1447 3650 1686 3704 quotue,
1739 3651 1854 3690 ma-

288 3733 393 3785 gna
421 3718 613 3773 ductus
663 3720 1054 3787 misericordia,
1102 3723 1376 3792 persuasit
1424 3725 1524 3788 eis,
1553 3723 1738 3794 dicens
1802 3737 1860 3777 se

290 3821 397 3860 non
445 3821 564 3863 esse
614 3810 845 3878 amplius
885 3827 1251 3868 recessurum.
1289 3813 1423 3867 Cum
1457 3814 1642 3869 decem
1678 3823 1858 3868 autem

289 3898 404 3952 dies
437 3901 842 3969 prazteriissent,
865 3886 1186 3973 accepit’me
1215 3915 1402 3969 noctu,
1430 3905 1744 3977 egressique
1768 3922 1861 3961 su-

291 4006 432 4052 mus,
463 4001 517 4045 et
551 3991 750 4047 ivimus
794 3991 1246 4065 Hierosolymam,
1279 4004 1634 4066 nostramque
1690 3996 1858 4050 vitam

291 4079 659 4144 adnravimus,
705 4097 898 4149 nempe
937 4085 1300 4138 venerandam
1357 4083 1571 4138 Domini
1619 4100 1856 4140 erucem.

292 4168 626 4238 Fuimusque
659 4173 712 4224 in
737 4172 974 4240 civitate,
1009 4174 1128 4228 loca
1159 4175 1421 4228 obeuntes
1446 4184 1499 4228 et
1528 4183 1746 4228 orantes
1773 4189 1859 4229 se-

289 4259 467 4314 decim
521 4261 658 4318 dies.
692 4261 939 4332 Cumque
983 4279 1083 4320 nos
1127 4265 1508 4335 egrederemur
1542 4282 1571 4318 e
1625 4267 1860 4328 civitate,

291 4360 350 4404 ut
377 4339 1041 4427 [veniremusloppemet]
1059 4357 1441 4425 navigaremus
1467 4358 1520 4410 in
1543 4355 1860 4428 Egyptum,

291 4439 536 4492 occurrit
570 4440 728 4496 nobis
769 4444 1012 4512 quaedam
1063 4445 1257 4499 mulier
1289 4447 1500 4508 insana,
1527 4457 1588 4500 ut
1614 4461 1734 4514 quae
1773 4461 1862 4501 ve-

291 4541 515 4587 xaretur
559 4548 588 4586 a
636 4535 827 4603 spiritu
873 4537 1174 4592 immundo.
1212 4537 1328 4608 Ipsa
1363 4548 1538 4594 autem
1575 4555 1698 4594 cum
1730 4538 1857 4608 Epi-

291 4621 476 4689 phanii
503 4623 802 4692 accepisset
831 4624 1143 4694 diploidem,
1172 4641 1309 4680 eam.
1341 4628 1676 4692 dilaceravit,
1707 4638 1762 4682 et
1794 4645 1862 4684 ex

290 4726 352 4766 ea
381 4713 864 4770 exiit‘immundus
911 4715 1157 4786 spiritus.
1190 4717 1322 4783 Quze
1353 4719 1638 4788 procidens
1667 4720 1732 4774 ad
1766 4734 1860 4788 pe-

289 4807 383 4860 des
409 4804 717 4876 Epiphanii,
751 4823 876 4862 eum
902 4810 1147 4878 rogabat,
1166 4810 1352 4866 dicens
1379 4829 1391 4864 :
1422 4811 1678 4881 Ignoscas
1701 4812 1856 4878 mihi,

286 4893 466 4962 Pater,
492 4907 546 4952 et
573 4913 642 4954 ne
675 4914 1019 4956 succenseas.
1043 4899 1094 4955 ls
1123 4910 1302 4956 autem
1327 4903 1462 4956 dixit
1484 4907 1540 4958 ei
1565 4923 1578 4958 :
1607 4903 1750 4958 Vade
1773 4919 1859 4959 sa-

287 5000 355 5039 na
385 4987 438 5040 in
474 4987 694 5043 domum
730 5000 901 5046 tuam.
935 4989 1148 5061 Ruptus
1175 4992 1318 5046 enim
1352 4986 1664 5063 est,-quite
1703 5011 1862 5064 rupe-

290 5090 393 5134 rat.
426 5077 490 5132 Et
520 5081 617 5133 ivit
644 5083 836 5136 mulier
873 5083 928 5138 in
963 5099 1116 5153 pace.
1159 5083 1224 5138 Et
1265 5100 1390 5140 cum
1421 5101 1518 5141 nos
1548 5087 1861 5146 descendis-

287 5183 470 5222 scmus
515 5169 568 5221 in
613 5167 839 5239 Joppen,
873 5173 1182 5228 invenimus
1212 5189 1404 5229 navem
1439 5185 1704 5244 paratam,
1737 5193 1858 5248 quae

286 5258 502 5313 volebat
529 5260 608 5314 ire
634 5261 1036 5317 Alexandriam.
1073 5265 1320 5336 Cumque
1352 5268 1762 5336 navigassemus
1791 5271 1860 5325 ab

287 5347 480 5419 Joppe,
511 5358 634 5418 post
661 5336 775 5406 tres
793 5353 917 5407 dies
949 5354 1178 5420 ingressi
1225 5372 1417 5411 sumus
1448 5359 1856 5414 Alexandriam.

289 5438 455 5495 Nobis
480 5453 662 5495 autem
708 5459 844 5498 nave
871 5448 1128 5515 egressis,
1161 5457 1214 5502 ct
1261 5447 1692 5519 ingredientibus
1727 5453 1860 5506 civi-

290 5538 476 5592 tatem,
501 5537 741 5588 occurrit
769 5534 988 5604 quidam
1021 5534 1262 5605 Judaeus,
1294 5541 1516 5596 nomine
1546 5541 1760 5610 Aquila,
1787 5543 1859 5595 lc-

288 5622 580 5691 gisperitus
613 5637 676 5680 ac
697 5627 973 5694 magister.
1003 5627 1178 5698 prit
1210 5645 1338 5684 Vt'l‘O
1367 5629 1702 5702 Epiphanius
1725 5649 1860 5702 quo-

284 5725 390 5782 que
415 5727 536 5768 cum
567 5729 630 5770 eo
660 5718 726 5772 de
757 5717 871 5783 lege
891 5719 1172 5775 disserere.
1194 5719 1332 5776 Tuto
1359 5739 1487 5792 ergo
1516 5725 1606 5777 illo
1630 5725 1713 5778 die
1743 5725 1859 5794 plu-

1965 3181 2090 3242 τοὺς
2141 3179 2424 3248 ἀδελφοὺς,
2456 3179 2546 3230 καὶ
2583 3178 2984 3248 συνταξάμενος
3034 3177 3237 3239 αὐτοῖς,
3269 3175 3366 3246 τήν
3412 3176 3550 3229 ἀπό-

1965 3287 2146 3341 κρισιν
2183 3270 2377 3342 ἔφερεν
2421 3271 2602 3332 αὐτοῖς
2646 3269 2818 3336 λέγων
2865 3271 2982 3322 ὅτι·
3028 3267 3358 3340 Πορεῦομαι,
3390 3267 3546 3338 φησὶ,

1965 3362 2152 3425 τέκνα,
2173 3363 2250 3424 εἰς
2278 3361 2564 3430 ἐπίσκεψιν
2591 3361 2698 3414 τῶν
2728 3360 2972 3428 ἀδελφῶν
3001 3360 3058 3412 ἐν
3091 3359 3166 3430 τῷ
3199 3359 3548 3430 μοναστηρίῳ

1963 3453 2056 3506 τοῦ
2089 3453 2321 3523 μεγάλου
2355 3454 2676 3525 Ὶλαρίωνος.
2711 3452 2833 3504 Τῶν
2863 3452 2918 3505 δὲ
2944 3452 3251 3522 νοησάντων
3307 3453 3389 3505 ὅτι
3417 3453 3546 3505 ἁνα-

1966 3545 2164 3614 χωρεῖν
2200 3543 2466 3612 βούλεται,
2497 3543 2585 3596 διὰ
2628 3541 2726 3613 τὴν
2756 3542 2953 3612 πολλὴν
2983 3542 3203 3612 ὄχλησιν
3236 3541 3344 3595 τῶν
3369 3559 3548 3613 παρα-

1965 3633 2291 3704 γενομένων,
2324 3635 2372 3685 οί
2411 3634 2609 3695 πάντες
2645 3632 2904 3694 πεσόντες
2937 3633 3026 3684 ἐπὶ
3061 3631 3372 3702 πρόσωπον,
3412 3631 3549 3701 μετᾶ

1966 3723 2161 3777 πολλοῦ
2190 3723 2468 3794 κλαυθμοῦ
2498 3723 2590 3776 καὶ
2623 3721 2858 3792 ὀδυρμοῦ
2887 3723 3230 3792 παρεκάλουν
3257 3723 3345 3775 τὸν
3394 3722 3546 3775 Ἐπιο

1967 3816 2178 3885 φάνιον,
2209 3815 2348 3868 ὥστε
2405 3815 2479 3886 μὴ
2533 3814 2788 3880 ἐξελθεῖν.
2827 3813 2934 3866 Τοῦ
2987 3813 3042 3866 δὲ
3087 3814 3406 3882 Ἐπιφανίου
3453 3813 3546 3865 καὶ

1967 3905 2130 3960 αὑτοῦ
2162 3907 2239 3970 εἰς
2275 3906 2440 3958 πολὺν
2463 3903 2640 3958 οἶκτον
2668 3904 2931 3970 ἐλθόντος,
2967 3905 3182 3958 ἔπεισεν
3214 3907 3433 3968 αὐτοὺς,
3461 3904 3548 3956 λέ-

1967 4013 2078 4066 γων
2127 3997 2324 4068 μηκέτι
2374 3997 2698 4066 ἀναχωρεῖν.
2737 3995 2827 4065 Μὴ
2863 3997 3203 4066 ποιησάντων
3239 3995 3292 4048 δέ
3324 3998 3356 4064 ἡ
3368 3995 3482 4064 μῶν
3516 4001 3545 4047 ι’

1967 4088 2204 4158 ἡμέρας.
2236 4087 2427 4140 έλαδέν
2475 4104 2540 4157 με
2567 4089 2780 4152 νυκτὸς,
2815 4089 2910 4140 καὶ
2944 4087 3258 4159 ἐξήλθομεν,
3289 4088 3385 4139 καὶ
3416 4089 3544 4139 ἐπο-

1972 4174 2241 4245 ρεύθημεν
2287 4176 2344 4226 ἐν
2380 4176 2793 4246 Ἱεροσολύμοις,
2825 4177 2918 4230 καὶ
2945 4166 3428 4247 προσεκυνήσαμεν
3450 4176 3549 4246 τήν

1971 4263 2112 4333 ζωὴν
2135 4267 2166 4335 ἡ
2175 4264 2310 4335 μῶν,
2326 4264 2416 4318 τὸν
2435 4265 2613 4335 τίμιον
2645 4268 2876 4338 σταυρὸν
2902 4266 2995 4320 τοῦ
3021 4267 3294 4326 Δεσπότου
3318 4285 3332 4298 ·
3360 4269 3546 4337 ἐποιή-

1973 4373 2143 4425 σαμεν
2174 4357 2231 4409 δὲ
2279 4361 2336 4409 ἐν
2381 4360 2447 4427 τῇ
2491 4358 2666 4420 πόλει,
2711 4359 3047 4430 διερχόμενοι
3076 4359 3201 4422 τοὺς
3229 4359 3430 4422 τόπους
3455 4359 3546 4411 καὶ

1896 4439 1936 4493 ῐ)
1967 4447 2264 4518 εὐχόμενοι,
2302 4455 2374 4512 ις’
2418 4451 2668 4520 ἡμέρας·
2721 4451 2816 4504 καὶ
2862 4451 2926 4521 δὴ
2973 4449 3344 4522 ἐξερχόμενων
3393 4449 3545 4520 ἡμῶν

1965 4540 2075 4592 ἀπὸ
2120 4540 2219 4610 τῆς
2265 4541 2492 4604 πόλεως,
2522 4543 2670 4606 ὅπως
2698 4543 3132 4614 ἀποπλεύσωμεν
3158 4545 3216 4595 ἐν
3250 4543 3537 4613 Αἰγύπτῳ,

1967 4629 2277 4698 ἀπήντησεν
2305 4623 2453 4700 ἡμῖν’
2480 4635 2611 4703 γυνή
2646 4651 2750 4698 τις,
2788 4634 3086 4704 μαινομένη
3118 4634 3224 4686 ὑπὸ
3249 4633 3364 4686 τοῦι
3385 4634 3545 4688 πνεύ-

1969 4737 2136 4789 ματος
2166 4721 2500 4792 ἀκαθάρτου.
2527 4723 2674 4794 Αὕτη
2697 4723 2967 4795 λαϐομένη
3000 4727 3094 4795 τῆς
3117 4723 3381 4787 διπλοΐδος
3397 4726 3544 4778 Ἐπι-

1966 4813 2178 4879 φανίου,
2227 4813 2509 4885 διέρρηξεν
2558 4816 2758 4886 αὐτήν·
2819 4818 2911 4870 καὶ
2959 4817 3163 4880 εὐθέως
3206 4815 3428 4888 ἐξῆλθεν
3485 4817 3543 4870 τδ

1965 4903 2270 4975 ἀκάθαρτον
2300 4905 2516 4976 πνεῦμα
2546 4908 2641 4960 ἀπ’
2669 4909 2857 4978 αὐτῆς.
2875 4909 2938 4962 Ἥ
2956 4909 3014 4962 δὲ
3047 4908 3287 4962 πεσοῦσα
3315 4911 3396 4973 είς
3420 4911 3542 4971 τοὺς

1965 4994 2130 5058 πόδας
2176 4995 2510 5064 Ἐπιφανίου,
2543 4999 2840 5070 παρεκάλει
2873 4999 3104 5066 λέγουσα
3127 5015 3143 5030 ο
3178 4999 3539 5072 Συγχώρησόν

1968 5103 2078 5156 μοι,
2123 5087 2325 5158 Πάτερ,
2373 5089 2468 5141 καὶ
2517 5088 2591 5160 μὴ
2643 5087 2882 5160 ὀργίζου.
2915 5087 3083 5145 Εἶπεν
3125 5091 3182 5144 δὲ
3229 5092 3540 5160 Ἐπιφάνιος

1964 5180 2100 5250 πρὸς
2119 5181 2216 5252 τὴν
2244 5183 2473 5248 γυναῖκα
2492 5198 2506 5211 ·
2531 5182 2723 5246 Βάδιξε
2752 5183 3068 5252 ὑγιαίνουσα
3093 5185 3151 5236 ἐν
3178 5183 3256 5254 τῷ
3285 5183 3360 5254 σῷ
3387 5184 3536 5254 οἴκῳ’

1961 5271 1990 5322 ὁ
2028 5270 2135 5342 γὰρ
2183 5272 2352 5342 ῥήξας
2395 5273 2640 5343 ἐρράγη.
2695 5275 2806 5327 Καὶ
2852 5275 3120 5345 ἐπορεύθη
3148 5276 3181 5344 ἡ
3205 5277 3342 5346 γυνὴ
3377 5277 3434 5328 ἐν
3465 5273 3540 5345 τῷ

1961 5363 2094 5434 οἴκῳ
2127 5364 2319 5432 αὐτῆς.
2357 5364 2739 5418 Κατελθόντων
2772 5367 2828 5418 δὲ
2859 5366 3014 5436 ήμῶν
3053 5369 3133 5429 εἰς
3173 5367 3420 5437 Ἰόππην,
3449 5366 3536 5420 εῦ-

1967 5469 2130 5523 ρομεν
2157 5455 2373 5518 ἐτοιμον
2391 5455 2572 5508 πλοῖον
2591 5456 2910 5525 βουλόμενον
2935 5457 3262 5528 πορεύεσθαι
3294 5460 3374 5522 είς
3391 5459 3538 5512 Ἀλε-

1964 5545 2260 5618 ξάνδρειαν.
2283 5547 2637 5611 Ἐξελθόντων
2682 5549 2738 5601 δὲ
2775 5550 2930 5618 ήμῶν
2969 5550 3076 5602 ἀπὸ
3105 5549 3200 5602 τοῦ
3239 5550 3424 5604 πλοίου
3449 5549 3539 5604 καὶ

1967 5637 2314 5690 εἰσελθόντων
2345 5640 2400 5690 ἐν
2435 5641 2500 5708 τῇ
2550 5639 2721 5697 πόλει.
2762 5641 3072 5712 ἀπήντησεν
3094 5643 3226 5711 ήμῖν
3268 5641 3535 5703 Ἰουδαῖος,

1961 5727 2178 5796 ὀνόματι
2218 5727 2465 5789 Ἀκύλας,
2502 5727 2970 5798 νομοδιδάσκαλος.
3013 5730 3117 5783 Καὶ
3145 5730 3347 5801 ἤρξατο
3394 5733 3538 5785 Ἐπμ
