3842 6164
262 379 325 436 57
1546 376 1601 430 S.
1651 373 1987 430 EPIPHANII
2032 374 2212 430 VITA.

3427 352 3500 438 5‘3

262 498 437 568 φὰνιος
479 497 574 550 καὶ
621 496 783 559 αὐτὸς
830 496 937 549 ἀπὸ
983 494 1076 549 τοῦ
1127 496 1288 566 νόμου
1324 495 1663 564 δια).έγε;θαι
1694 496 1830 568 πρὸς

1962 486 2588 552 iinumcoiiteiiilerunt.
2628 495 2948 566 Rursusque
2980 497 3066 552 die
3094 499 3342 567 sequenti
3378 514 3505 553 cum

261 586 741 658 αὐτούς.“¹Εμειναν
772 582 864 641 οὖν
901 588 956 639 ὲν
985 582 1151 656 πολλῇ
1188 586 1489 657 φιλονεικίᾳ
1521 588 1577 639 ἐν
1605 589 1670 656 τῇ
1696 587 1833 656 ἡμέ-

264 696 325 749 ρᾳ
351 677 552 750 ἐκείνῃ.
586 679 696 731 Καὶ
719 681 787 749 τῇ
815 678 1074 751 ἐπαύριον
1107 678 1199 731 ἐπὶ
1243 680 1532 748 συντυχίαν
1561 678 1722 731 πάλιν
1748 677 1833 731 ἐλ-

263 769 453 832 Θόντες,
485 769 766 822 διάλεκτον
820 771 1080 839 ἐποίησαν
1131 769 1266 840 πρὸς
1310 768 1564 831 ἑαυτούς·
1590 770 1689 833 ’ὡς
1740 770 1834 821 καὶ

262 862 491 925 πεισθεὶς
520 864 549 914 ό
593 862 913 934 Ἀκύλαςίτῇ
946 863 1211 935 ἑρμηνείᾳ
1253 864 1591 932 Ἐπιφανίου,
1637 864 1835 934 ἐπόθη-

264 970 343 1007 σεν
369 954 462 1007 τοῦ
497 956 751 1022 γενέσθαι
785 955 1123 1027 Χριστιανός.
1142 957 1198 1009 Ὀ
1227 953 1319 1009 οὖν
1362 956 1673 1025 Ἐπιφὰνιος
1701 974 1835 1027 προ-

261 1045 386 1099 νοῶν
416 1045 626 1116 ἢγαγεν
651 1048 815 1101 αὐτὸν
848 1046 1151 1118 Ἀθανασίῳ
1184 1047 1260 1118 τῷ
1292 1049 1513 1119 πάππα,
1541 1050 1633 1102 καὶ
1677 1051 1837 1118 ἡμεῖς

260 1138 550 1210 ἐξήλθομεν
596 1138 704 1193 ἀπὸ
745 1140 840 1210 τῆς
890 1139 1096 1202 πόλεως
1137 1140 1560 1211 Ἀλεξανδρείας.
1603 1142 1836 1210 Πορευο⁴

263 1231 429 1295 μένων
457 1230 514 1282 δὲ
538 1228 697 1301 ἡμῶν
721 1231 814 1283 ἐπὶ
842 1230 910 1283 τὰ
945 1224 1085 1302 μέρη
1115 1235 1211 1302 τῆς
1240 1232 1351 1285 ἄνω
1367 1220 1650 1301 Θηϐαΐδος,
1670 1232 1837 1301 ἀπήν-

262 1337 418 1392 τησεν
447 1322 581 1392 ἡμῖν
624 1336 710 1382 τις
754 1319 985 1390 μοναχὸς
1031 1320 1276 1392 μαθητὴς
1302 1322 1395 1374 τοῦ
1436 1320 1671 1392 μεγάλου
1719 1320 1836 1373 Ἀν-

262 1410 447 1462 τωνίου
474 1449 489 1472 ,
536 1408 761 1479 ὀνόματι
809 1407 1162 1476 Παφνούτιος.
1214 1406 1379 1463 Εἶπεν
1429 1409 1486 1463 δὲ
1523 1408 1837 1477 Ἐπιφάνιος

262 1500 389 1573 πρὸς
423 1502 587 1554 αὐτόν
609 1518 621 1531 ·
657 1500 962 1571 Εύλόγησον
991 1500 1049 1553 δὲ
1080 1502 1245 1571 ἡμᾶς,
1275 1502 1475 1572 Πάτερ.
1516 1496 1683 1553 Εἶπεν
1722 1500 1778 1553 δὲ
1809 1501 1838 1552 ὁ

261 1591 615 1660 Παφνούτιος·
644 1590 850 1659 Εὑλογη
861 1591 1009 1659 μένοι
1037 1591 1195 1659 ὑμεῖς
1216 1590 1293 1660 τῷ
1322 1591 1509 1660 Κυρίῳ
1530 1607 1543 1620 ·
1571 1591 1664 1643 καὶ
1684 1590 1841 1660 ποιή-

165 1698 177 1709 ·
262 1699 447 1744 σαντος
477 1681 575 1734 τοῦ
615 1680 953 1750 Παφνουτίου
986 1679 1083 1750 τὴν
1123 1681 1308 1750 εὐχὴν,
1340 1679 1705 1751 ἠσπασάμεθα
1746 1680 1840 1733 ἀλ-

260 1771 471 1843 λήλους,
505 1771 600 1823 καὶ
631 1770 1015 1840 κατεῲύξαμεν
1053 1770 1246 1841 μικρὸν
1266 1773 1338 1822 ·ἐν
1383 1772 1461 1840 τῷ
1505 1771 1653 1841 τόπῳ
1698 1771 1840 1824 ὲκεί-

260 1863 424 1934 νῳ.’0
480 1858 575 1916 οὖν
622 1863 934 1931 Ἐπιφάνιος
983 1861 1340 1934 ἐπηρώτησεν
1372 1863 1463 1915 τὸν
1508 1863 1842 1931 Παφνούτιον

260 1954 381 2024 περὶ
414 1952 659 2025 πάντων,
692 1947 767 2005 ὧν
813 1951 1065 2021 ἐποίησεν
1114 1954 1145 2005 ὁ
1195 1953 1367 2023 μέγας
1413 1952 1713 2016 Ἀντώνιος,
1747 1953 1841 2006 καὶ

260 2041 416 2105 αὐτὸς
452 2041 763 2113 ἐξηγήσατο
791 2040 938 2111 αὐτῷ
973 2039 1208 2093 ἅπαντα.
1240 2037 1403 2093 Εἶπεν
1436 2042 1493 2094 δὲ
1532 2042 1842 2110 Ἐπιιράνιος

259 2129 329 2200 τῷ
359 2130 692 2201 Παφνουτίῳ
717 2147 730 2160 °
758 2130 924 2195 Θέλω,
962 2131 1173 2201 [litt-:9.
1194 2130 1413 2200 οἰκῆσαι
1440 2132 1532 2185 τὸν
1563 2133 1724 2185 τόπον
1752 2134 1842 2187 τὸν

260 2219 593 2289 καλούμενον
632 2219 966 2291 ΝιτρίανυὈ
1011 2221 1070 2273 δὲ
1112 2220 1449 2289 Παφνούτιος
1502 2218 1654 2276 εἶπεν
1706 2224 1842 2294 πρὸς

269 2313 586 2381 Ἐπιφάνιον
608 2328 621 2343 ·
660 2310 850 2375 Βὰδιζε
882 2312 1168 2380 ὑγιαίνων·
1202 2312 1506 2366 ἀπόλαυσον
1539 2314 1644 2367 τῶν
1674 2318 1837 2370 πατέ-

261 2418 385 2473 ρων,
416 2403 512 2455 καὶ
544 2403 815 2470 συνάγαγε
841 2402 1031 2479 χόρτον
1056 2404 1286 2473 θερινὸν,
1305 2405 1397 2457 καὶ
1425 2406 1656 2476 πορεύου
1689 2410 1746 2461 ἐν
1767 2413 1831 2481 τῇ

1934 585 2211 639 venissent
2237 585 2304 639 ad
2339 578 2809 653 congressionem,
2843 586 2934 639 diu
2966 585 3509 642 disseruerunt.Cre-

1933 675 2177 744 deusque
2206 675 2398 742 Aquila
2431 674 2859 742 interpretatibni
2892 673 3197 744 Epiphauii,
3232 676 3511 731 desidera-

1937 767 2009 818 vit
2040 764 2894 833 ﬁeriChristianus.Epiphanius
2928 774 3105 819 autem
3136 767 3357 820 deduxit
3382 783 3507 820 eum

1935 858 2000 910 ad
2029 858 2385 910 Athanasium
2437 857 2777 927 episcopum,
2805 865 2859 910 et
2906 871 3006 910 nos
3060 858 3263 926 egressi
3319 872 3510 912 sumus
3600 910 3605 913 _

1934 947 2286 1001 Alexandria.
2317 947 2453 1002 Cum
2488 948 2692 1001 iremus
2723 955 2902 1001 autem
2935 962 3035 1000 nos
3066 948 3118 1000 in
3152 958 3330 1017 partes
3352 963 3514 1017 snpe-

1936 1040 2097 1093 rioris
2130 1038 2258 1094 The‘
2283 1040 2441 1103 aidis,
2469 1043 2712 1093 occurrit
2745 1038 2901 1093 nobis
2933 1040 3152 1108 quidam
3188 1039 3513 1103 monachus,

1916 1134 2240 1202 discipulus
2286 1133 2466 1200 magni
2503 1120 2746 1196 Antonii,
2778 1132 2997 1186 nomine
3022 1130 3379 1200 Paphnutius.
3411 1130 3514 1185 Cui

1938 1225 2076 1278 dixit
2110 1243 2122 1278 :
2154 1223 2389 1279 Benedic
2436 1225 2613 1289 nobis,
2648 1225 2829 1279 Pater.
2863 1224 3008 1277 Dixit
3042 1233 3225 1278 autem
3259 1223 3516 1293 Paphnu-

1938 1318 2084 1371 tius:
2117 1316 2392 1371 Benedicti
2426 1332 2524 1371 vos
2567 1333 2596 1370 a
2651 1315 2904 1370 Domino.
2940 1315 3182 1385 Cumque
3212 1316 3514 1369 oralionem

1918 1409 2156 1464 't'ecisse't
2206 1398 2565 1477 Paphnutius,
2610 1403 2711 1461 nos
2754 1407 2986 1461 invicem
3034 1407 3413 1467 salutavimus,
3464 1412 3519 1457 et

1916 1515 2039 1555 'nos
2083 1501 2135 1552 in
2175 1515 2238 1553 eo
2286 1499 2405 1553 loco
2443 1514 2635 1568 parum
2678 1486 3137 1568 'refrigeravimus.
3184 1494 3518 1565 Epiphanius

1940 1603 2069 1643 vero
2115 1589 2471 1658 interrogavit
2499 1588 2863 1658 Paplmutium
2900 1590 2963 1642 de
2994 1589 3250 1641 omnibus
3281 1602 3401 1655 qua:
3440 1584 3521 1638 fe-

1940 1666 2021 1735 cit
2067 1695 2300 1751 magnus
2348 1674 2639 1743 Antonius,
2670 1681 2893 1750 ipseque
2936 1680 2984 1734 ei
3031 1679 3273 1732 narravit
3314 1676 3517 1730 omnia.

1943 1771 2091 1826 Dixit
2131 1781 2314 1825 autem
2355 1771 3032 1841 EpiphaninsPaphnutio
3063 1790 3076 1825 :
3105 1769 3237 1823 Volo
3278 1768 3523 1822 habitare

1875 1834 1915 1892 Β
1945 1864 2000 1916 in
2027 1878 2094 1917 eo
2118 1863 2240 1916 loco
2268 1862 2360 1932 qui
2390 1834 2591 1917 dicitur
2629 1834 2822 1916 Nitria:
2851 1860 3191 1931 Paphnutius
3221 1874 3351 1913 vero
3383 1859 3523 1911 dixit

1945 1953 2248 2024 Epiphanio
2280 1974 2294 2009 :
2326 1953 2473 2008 Vade
2510 1969 2698 2019 sanus,
2728 1952 2907 2007 fruere
2941 1952 3206 2022 patribus,
3246 1958 3300 2004 et
3331 1948 3526 2019 collige

1945 2045 2127 2099 fenum
2158 2047 2432 2110 azstivum,
2468 2054 2523 2099 et
2548 2045 2682 2099 vade
2729 2045 2784 2098 in
2818 2045 3052 2099 insulam
3084 2041 3432 2113 Cypriorum,
3468 2047 3523 2113 et

1944 2138 2027 2191 ale
2071 2154 2200 2193 oves
2249 2134 2315 2191 ad
2360 2139 2707 2203 vestimenta,
2737 2147 2791 2191 et
2833 2137 3040 2190 honora
3072 2134 3303 2204 puellos,
3341 2141 3398 2186 ut
3429 2130 3527 2185 tibi

1946 2230 2056 2283 sint
2087 2230 2233 2299 agni.
2266 2229 2391 2284 H;ee
2422 2241 2599 2283 autem
2629 2245 2751 2283 cum
2784 2229 3014 2282 dixisset
3051 2226 3409 2296 Paphnutius,
3444 2222 3527 2276 fa-

1947 2334 2030 2376 eta
2073 2339 2262 2375 rursus
2294 2323 2562 2386 oratione,
2592 2330 2645 2376 et
2674 2337 2772 2375 nos
2811 2332 3001 2374 mutuo
3037 2319 3327 2388 complexi,
3361 2315 3527 2369 inivi-

1941 2430 2065 2468 mus
2100 2412 2298 2484 singuli
2333 2430 2492 2468 suum
2524 2414 2644 2467 iter.

260 2497 523 2568 Κυπρίων
558 2498 724 2568 νήσῳ,
761 2498 852 2550 καὶ
877 2496 1043 2569 τρέφε
1090 2497 1338 2569 πρῦδατα
1386 2499 1467 2559 εἰς
1516 2501 1825 2572 ἱματισμὸν,
1866 2508 1959 2560 καὶ
2013 2508 2148 2578 τίμα
2205 2509 2420 2569 παῖδας,
2483 2508 2570 2560 ἵνα
2608 2500 2739 2558 ὦσιν
2768 2506 2817 2557 oi
2848 2505 3030 2576 ἄρνες.
3061 2501 3246 2555 Ταῦτα
3275 2501 3330 2553 δὲ
3362 2499 3531 2552 εἰπὼν

260 2588 617 2658 Παφνούτιος,
646 2589 739 2642 καὶ
770 2588 926 2641 πάλιν
956 2588 1241 2658 εὐξάμενοι
1274 2589 1643 2659 ἡσπασάμεθα
1668 2592 1933 2665 ἀλλήλους
1963 2600 2055 2651 καὶ
2085 2598 2459 2668 ἐπορεύθημεν
2487 2597 2717 2660 ἕκαστος
2758 2597 2856 2666 τὴν
2886 2593 3015 2647 ὁδὸν
3034 2591 3219 2646 αὑτοῦ.

322 2682 456 2733 ΚΖ’.
500 2676 611 2731 Ἦν
637 2679 693 2731 δὲ
720 2681 777 2731 ὲν
807 2682 917 2741 τοῖς
953 2679 1137 2741 τόποις
1171 2682 1282 2741 τοῖς
1316 2679 1441 2748 περὶ
1490 2682 1842 2736 Λεοντόπολιν

259 2770 393 2844 ἀνὴρ
433 2771 589 2841 παρά
628 2787 737 2824 τισι
772 2769 1123 2840 νομιζόμενος
1149 2770 1372 2837 ἀγαθὸς,
1400 2772 1494 2824 καὶ
1543 2774 1847 2845 πρόγνωσιν

259 2863 393 2933 ἔχων
449 2862 588 2916 Θεοῦ
613 2879 625 2891 ’
671 2863 731 2914 τὸ
762 2862 819 2914 δὲ
853 2862 1233 2939 ὖνγομαλαύτοῦ
1288 2862 1534 2917 ἐκαλεῖτο
1574 2865 1845 2934 Ἱεράκας.

260 2955 391 3025 Περὶ
426 2953 624 3006 τούτου
654 2955 711 3006 ὲν
757 2956 824 3024 τῇ
854 2953 1182 3024 Παλαιστίνῃ
1235 2954 1466 3024 ἤκουσεν
1510 2956 1845 3024 Ἐπιφὰνιος,

261 3048 352 3101 καὶ
403 3045 575 3098 πόθον
620 3040 767 3114 εἶχεν
813 3044 1000 3097 τοῦτον
1034 3045 1179 3098 ἰδεῖν.
1199 3045 1429 3114 Ὁμοίως
1463 3049 1556 3100 καὶ
1601 3049 1848 3119 Ἰεράκας

2022 2687 2233 2741 XXVII.
2276 2686 2333 2740 In
2382 2689 2513 2742 locis
2560 2695 2762 2746 autem,
2795 2699 2917 2754 qua:
2962 2689 3090 2736 sunt
3123 2681 3268 2743 circa
3300 2678 3537 2732 Leonto—

1949 2782 2275 2851 polim,-erat
2308 2782 2391 2834 vir
2423 2768 2666 2849 quidam,
2701 2779 2794 2848 qui
2832 2777 2973 2847 apud
3014 2776 3226 2844 aliquos
3261 2771 3535 2827 existima-

1949 2872 2109 2925 batur
2132 2872 2327 2935 bonus,
2350 2880 2401 2923 et
2422 2870 2512 2923 Dei
2536 2870 2733 2923 habere
2763 2867 3157 2937 praeseientizun
3194 2883 3206 2916 :
3240 2860 3535 2916 vocabatur

1951 2979 2078 3016 vero
2124 2962 2343 3016 nomine
2390 2961 2609 3014 Hierax.
2655 2959 2731 3014 De
2774 2974 2840 3012 eo
2894 2958 2947 3010 in
2993 2956 3282 3009 Palaestina
3327 2954 3537 3007 audivit

1950 3055 2303 3123 Epiphanius,
2343 3062 2396 3107 et
2443 3049 2955 3107 eum-desideravit
3009 3047 3214 3101 videre.
3271 3044 3537 3098 Similiter

261 3127 497 3210 ηκουσεν
552 3136 684 3207 περὶ
723 3133 1173 3206 ἘπιφανίουῘΗν
1210 3137 1266 3190 δὲ
1295 3133 1584 3202 οὗτοςέξιῡ
1620 3142 1846 3194 Λεοντο-

1957 3144 2148 3198 Hierax
2199 3158 2416 3213 quoque
2471 3143 2679 3197 audivit
2727 3141 2793 3194 de
2835 3138 3157 3208 Epiphanio.
3192 3136 3321 3189 Erat
3357 3147 3536 3189 autem

261 3232 495 3292 πόλεως,
523 3229 600 3292 ὡς
650 3229 759 3282 ἀπὸ
809 3229 1033 3298 σημείου
1078 3228 1230 3291 ἑνός·
1264 3222 1415 3292 οὗτος
1463 3231 1742 3284 ἐδίδασκεν
1778 3232 1851 3303 μὴ

262 3322 592 3376 ἀνίστασθαι
616 3320 818 3391 ταύτην
839 3320 937 3391 τιὴν
968 3321 1165 3390 σάρκα,
1191 3320 1304 3373 ἀλλ’
1322 3321 1516 3391 ἑτέραν
1543 3322 1709 3394 ἄλλην
1739 3325 1851 3376 ἀντ’

264 3415 458 3483 αὐτῆς,
492 3414 588 3465 καὶ
635 3412 840 3482 ταύτην
886 3414 965 3475 εἰς
1011 3413 1114 3483 γῆν
1161 3412 1495 3477 διαλύεσθαι,
1529 3416 1612 3468 ὃτι
1648 3417 1853 3487 γέγρα-

264 3523 435 3560 πται·
493 3503 583 3571 Γῆ
628 3500 702 3565 εἴ,
732 3504 832 3557 καὶ
879 3506 966 3568 εἰς
1012 3504 1129 3572 γῆν
1173 3505 1506 3573 ἁπελὲύσῃ.
1552 3508 1662 3559 Καὶ
1696 3509 1856 3561 πάλιν

263 3595 479 3663 ελεγεν,
514 3595 595 3646 ὅτι
645 3592 715 3645 τὰ
738 3592 955 3653 ,παιδία
995 3592 1069 3663 μὴ
1119 3593 1302 3646 τέλεια
1338 3594 1604 3664 ὑπάρχειν
1639 3597 1731 3648 ἐπὶ
1763 3596 1855 3649 τοῦ

270 3689 562 3758 μέλλοντος
587 3685 799 3746 αἰῶνος.
843 3683 1201 3740 Είσελθόντων
1231 3680 1322 3736 οὖν
1356 3685 1510 3754 ἡμῶν
1550 3687 1606 3738 ὲν
1639 3686 1718 3756 τῷ
1750 3688 1860 3756 μο-

264 3780 552 3849 ναστ-ηρίῳ
580 3774 744 3829 αὑτοῦ
774 3774 1063 3845 ηὑράμεθα
1093 3774 1266 3845 πλήθη
1304 3775 1471 3829 πολλὰ
1497 3776 1860 3846 διδασκόμενα

269 3874 361 3926 ὑπ’
386 3864 698 3926 αὐτοῦ.’Ἧν
724 3867 833 3939 γὰρ
865 3866 1199 3936 ἀπεχόμενος
1226 3865 1482 3937 βρώσεως
1524 3868 1619 3919 καὶ
1650 3868 1859 3931 πόσεως

270 3964 499 4027 ἱκανῶς.
535 3960 675 4016 Οὔτε
716 3960 826 4030 γὰρ
873 3958 1053 4012 ἐλαίου
1096 3958 1524 4028 μετελάμϐανεν,
1555 3957 1678 4010 οὔτε
1719 3959 1859 4011 οἴνου

269 4056 426 4121 ἐξότε
462 4052 908 4118 ἁπετάξατο.Ὡ;
953 4047 1045 4104 οὖν
1096 4051 1207 4104 ίδεν
1245 4051 1334 4105 τὸν
1381 4052 1716 4120 Ἑπιφάνιον,
1764 4054 1862 4104 ὲπ-

268 4145 567 4218 ηρὼτησεν
597 4143 765 4196 πόθεν
808 4143 974 4196 ἐστίν.
1008 4143 1118 4194 Καὶ
1146 4140 1333 4211 μαθὼν
1363 4144 1444 4195 ὅτι
1485 4142 1861 4206 Παλαιστινὺς,

268 4237 567 4309 ἠρώτησεν
602 4236 695 4289 καὶ
728 4234 790 4287 τὸ
824 4235 1037 4304 hanc:
1078 4236 1172 4287 καὶ
1206 4234 1391 4305 μαθὼν
1432 4235 1514 4288 ὅτι
1551 4236 1865 4305 Ἑπιφάνιος

270 4331 546 4389 καλεῖται,
580 4327 886 4397 ἠγωνίασεν
933 4322 1202 4379 πολύῘἮν
1246 4326 1356 4398 γὰρ
1408 4328 1466 4378 ὲν
1508 4326 1768 4397 Αἰγύπτῳ
1798 4326 1868 4380 τὰ

269 4421 554 4490 λεγόμενα
599 4418 728 4489 περὶ
770 4417 1108 4486 Ἐπιφανίου,
1142 4418 1224 4471 ὅτι
1251 4418 1431 4486 λόγιός
1456 4419 1573 4472 ἐστι
1605 4418 1698 4470 καὶ
1734 4419 1869 4488 πρό-

1954 3235 2074 3304 ejus
2113 3236 2308 3289 domus
2361 3234 2426 3288 ad
2472 3249 2639 3287 unum
2686 3232 2918 3300 [api-lem
2954 3239 3106 3284 extra
3136 3226 3533 3296 Leontopolim.

1956 3324 2006 3380 ls
2037 3328 2155 3380 doer
2176 3328 2267 3379 bat
2300 3326 2437 3378 hanc
2469 3339 2685 3379 carnem
2722 3338 2829 3378 non
2872 3335 3178 3390 resurgere,
3217 3319 3308 3373 sed
3346 3334 3441 3387 pro
3474 3332 3539 3371 ea

1957 3419 2138 3481 aliam,
2167 3427 2220 3469 et.
2280 3420 2416 3470 hanc
2475 3417 2530 3469 in
2592 3426 2787 3468 terram
2846 3414 3092 3468 dissolvi.
3127 3410 3401 3480 Scriptum
3456 3418 3540 3463 est

1958 3512 2125 3574 enim,
2159 3510 2353 3577 inquit,
2391 3507 2552 3561 Terra
2576 3524 2649 3570 es,
2674 3515 2723 3560 et
2754 3507 2809 3559 in
2832 3515 3027 3558 terram
3052 3506 3318 3558 reverteris
3333 3504 3372 3555 ⁵.
3394 3501 3537 3555 Rur-

1940 3610 2163 3669 susque
2192 3599 2425 3660 diccbat,
2459 3595 2697 3651 infantes
2745 3611 2856 3650 non
2907 3594 3118 3648 futuros
3167 3594 3434 3663 perfectos
3482 3593 3538 3645 in

1963 3695 2141 3747 futuro
2174 3692 2394 3747 szcculo.
2431 3688 2698 3758 Ingressis
2726 3698 2906 3742 autem
2932 3687 3090 3740 nobis
3120 3687 3172 3738 in
3208 3685 3329 3755 ejus
3354 3699 3541 3736 ini-na-

1962 3785 2213 3847 stet-inm,
2246 3781 2554 3834 invenimus
2585 3793 2835 3848 magnam
2868 3776 3297 3835 multitudinem,
3325 3789 3447 3843 qua:
3474 3774 3543 3825 ab

1945 3891 2027 3929 ⁵ρο
2056 3874 2375 3929 docebatur.
2422 3870 2635 3924 Etenim
2672 3886 2701 3922 a
2733 3868 2857 3923 cibo
2888 3882 3106 3936 quoque
3132 3874 3184 3919 et
3212 3875 3337 3934 potu
3371 3864 3544 3917 absti-

1963 3967 2145 4020 nebat.
2176 3963 2362 4033 Neque
2391 3963 2536 4017 enim
2585 3962 2764 4014 oleum
2813 3960 3070 4026 sumpsit,
3110 3971 3209 4009 nec
3240 3955 3422 4008 vinum
3467 3954 3542 4006 bi-

1965 4061 2062 4125 bit,
2096 4074 2163 4112 ex
2199 4074 2307 4127 quo
2340 4055 2544 4109 mundo
2580 4051 2932 4107 renuntiavit.
2970 4049 3265 4118 Postquam
3301 4060 3430 4116 ergo
3457 4045 3539 4098 vi-

1965 4152 2044 4206 dit
2088 4149 2471 4226 Epiphanium,
2506 4145 2714 4214 rogarit
2761 4142 3045 4212 cujasnam
3081 4147 3245 4193 esset.
3293 4136 3541 4205 Cumque

1967 4245 2215 4300 seivisset
2249 4257 2374 4296 eum
2419 4255 2541 4296 esse
2565 4237 2939 4300 Palaastinum,
2976 4249 3173 4289 nomen
3214 4245 3431 4302 quoque
3463 4245 3543 4283 ro-

1969 4336 2281 4409 gavit.Cum
2312 4345 2488 4389 autem
2510 4332 2789 4387 didicisset
2807 4345 2930 4384 eum
2947 4327 3127 4382 vocari
3153 4325 3540 4396 Epiphaniuin,

1970 4428 2072 4481 fuit
2097 4427 2254 4481 valde
2284 4425 2503 4479 anxius.
2539 4422 2595 4475 In
2646 4421 2879 4492 Aﬁgypto
2918 4420 3065 4474 enim
3113 4417 3396 4495 dicebatur
3426 4412 3544 4481 Epi-

270 4530 483 4583 γνωσιν
530 4511 665 4581 ἔχει.
711 4508 865 4562 Μετὰ
893 4504 984 4561 οὖν
1010 4507 1072 4560 τὸ
1103 4509 1448 4579 ἐπερωτῆσαι
1496 4508 1587 4561 τὸν
1632 4509 1847 4576 Ἐπιφά-

1970 4518 2204 4588 phanius
2244 4530 2365 4571 esse
2406 4515 2488 4568 vir
2530 4513 2743 4574 doctus,
2777 4520 2829 4563 et
2876 4509 3077 4562 habere
3126 4503 3543 4574 prmscientiuni.

270 4620 388 4657 νιον
431 4601 500 4654 τὸ
547 4598 712 4653 πόθεν
760 4596 932 4662 ἐστὶν,
964 4595 1058 4652 καὶ
1091 4596 1175 4659 τίς
1205 4596 1473 4659 καλεῖται,
1511 4595 1602 4667 καὶ
1655 4593 1861 4665 μαθὼν,

272 4696 565 4749 ἐδίδασκεν
618 4691 779 4744 πάλιν
824 4689 915 4743 τὸν
954 4686 1351 4758 δχλον.Ἐλθὼν
1383 4686 1440 4739 δὲ
1473 4686 1603 4758 περὶ
1632 4686 1868 4741 ἀναστά-

274 4803 423 4849 σεως
470 4782 787 4854 ἐξηγεῖσθαι
835 4780 1020 4849 ἔλεγεν
1069 4778 1613 4851 περὶ’τῆς,σαρκὸς,
1644 4780 1728 4832 ὅτι
1768 4778 1868 4831 οὐκ

273 4879 594 4937 ἀνίσταται.
626 4874 736 4927 Καὶ
780 4872 1131 4944 ἀδημονήσας
1174 4870 1488 4939 Ἐπιφάνιος
1514 4866 1689 4929 ,εἶπεν
1735 4870 1871 4941 πρὸς

286 4972 544 5041 Ἰἐρακεν
570 4965 741 5028 Λάϐε,
771 4964 1205 5035 φησὶ,·κατόχιον
1250 4964 1343 5016 ἐπί
1371 4962 1449 5033 τῷ
1486 4960 1714 5039 στόματί
1750 4979 1867 5025 σου,

276 5061 377 5117 καὶ
421 5058 562 5129 μάθε
598 5057 674 5126 μὴ
711 5056 1052 5126 βλασφημεῖν
1082 5056 1210 5127 περὶ
1238 5056 1336 5126 τῆς
1370 5054 1603 5118 ἐλπίδος.
1640 5052 1746 5106 Καὶ
1778 5053 1871 5106 ἐπὶ

274 5153 358 5223 τῷ
426 5150 574 5219 λόγῳ
623 5148 945 5215 Ἐπιφανίου
996 5146 1208 5217 ἔμεινεν
1260 5148 1289 5199 ὀ
1335 5145 1586 5215 Ἱεράκας
1653 5143 1870 5206 ᾶλαλος,

279 5245 545 5313 ἀκίνητος
592 5243 687 5295 ἐπὶ
718 5240 796 5311 τῷ
832 5240 1242 5310 τόπῳ.,Ίδόντες
1284 5238 1341 5292 δὲ
1375 5239 1614 5301 ἅπαντες
1646 5238 1696 5291 οἱ
1730 5237 1874 5290 διδα-

281 5337 546 5405 σκόμενοι
592 5334 684 5386 ὑπ’
730 5331 896 5386 αὑτοῦ
948 5331 977 5384 ὃ
1026 5330 1282 5399 εποίησεν
1322 5328 1639 5398 Ἐπιφέινιος
1689 5328 1873 5399 θαῦμα

282 5428 382 5480 ἐπὶ
436 5427 525 5479 τὸν
565 5426 801 5495 Ἰἐρακα,
837 5424 1135 5494 ἐξέστησαν
1179 5419 1774 5486 ἆπαντες.’Υπολα6ὼν
1817 5420 1874 5472 δὲ

296 5518 625 5586 Ἐπιφάνιος
666 5516 774 5570 ἀπὸ
806 5516 915 5569 τῶν
959 5514 1118 5568 θείων
1152 5514 1384 5586 Γραφῶν
1423 5514 1624 5586 ἤρξατο
1666 5515 1874 5575 πάντας

280 5608 566 5663 διδάσκειν
596 5607 667 5662 τὰ
698 5608 826 5678 περὶ
851 5609 951 5678 τῆς
970 5608 1354 5671 ¹ἀναστάσεως..
1383 5606 1561 5678 Παρῆ)
1574 5607 1663 5660 θεν
1687 5602 1778 5660 οὖν
1801 5607 1875 5671 ὡς

363 5786 389 5823 ⁵
439 5784 570 5840 Gen.
612 5802 689 5847 In,
728 5786 806 5840 l9.

1966 4610 2260 4678 Postquam
2292 4621 2420 4660 vero
2455 4592 2663 4674 rogavit
2695 4600 3061 4671 Epiphanium
3110 4596 3391 4662 cujasnam
3453 4590 3545 4652 sit,

1967 4713 2022 4757 et
2048 4701 2141 4770 qui
2171 4708 2413 4759 vocetur,
2454 4696 2663 4750 turbam
2693 4710 2883 4748 rursus
2916 4690 3164 4746 docebat.
3197 4684 3331 4740 Cum
3366 4692 3544 4737 autem

1968 4794 2208 4849 venisset
2231 4792 2295 4846 ad
2331 4788 2713 4860 exponendum
2743 4786 2819 4839 de.
2840 4782 3254 4842 resurrectione,
3290 4778 3356 4831 de
3383 4790 3547 4829 carne

1970 4886 2130 4951 dixit,
2159 4891 2279 4938 eam
2312 4898 2419 4936 non
2449 4895 2757 4950 resurgere.
2793 4877 3002 4942 Quibus
3046 4872 3265 4933 auditis,
3299 4882 3439 4936 aegre
3468 4866 3548 4919 fe-

1971 4992 2099 5032 rens
2126 4975 2484 5045 Epiphanius,
2513 4973 2650 5026 dixit
2678 4969 2890 5024 Hieraei
2919 4986 2932 5020 :
2957 4964 3051 5020 Ori
3087 4971 3178 5017 ttto
3211 4961 3439 5014 immitte
3461 4973 3544 5009 re-

1970 5069 2253 5140 pagulum,
2281 5078 2333 5122 et
2363 5067 2510 5120 disce
2535 5078 2683 5134 spem
2725 5069 2964 5114 nostram
2995 5070 3103 5109 non
3147 5051 3542 5120 blasphemare.

1973 5161 2128 5228 Quod
2180 5175 2302 5214 eum
2355 5159 2582 5212 dixisset
2621 5150 2983 5222 Epiphanius,
3017 5146 3217 5201 mansit
3244 5141 3443 5197 Hierax
3493 5141 3547 5193 in

1974 5255 2093 5308 loco
2129 5263 2315 5307 mutus
2342 5262 2395 5305 et
2427 5246 2741 5303 immobilis.
2774 5242 2911 5296 Cum
2956 5254 3087 5294 vero
3116 5253 3326 5301 omnes,
3360 5233 3449 5305 qui
3484 5233 3551 5287 ab

1976 5347 2098 5417 ipso
2146 5346 2504 5407 docebantur,
2558 5338 2819 5393 vidissent
2890 5334 3211 5389 miraculum
3286 5328 3440 5400 "quod
3496 5328 3549 5379 in

1973 5440 2150 5508 ipsum
2204 5437 2327 5491 fecit
2378 5431 2732 5503 Epiphanius,
2777 5424 3203 5498 obstupuerunt.
3241 5421 3320 5474 Ex
3350 5418 3551 5472 divinis

1973 5544 2152 5585 autem
2187 5527 2482 5596 Scripturis
2513 5523 2786 5592 accipiens
2818 5518 3182 5591 Epiphanius,
3225 5513 3391 5582 erepit
3431 5525 3553 5566 om-

1975 5640 2072 5679 nes
2120 5622 2315 5677 tlocerc
2361 5619 2423 5674 de
2458 5617 2872 5671 resurrectione.
2923 5609 3189 5667 Pmteriit
3238 5603 3403 5677 igitur
3448 5601 3552 5657 ali-
