3842 6108
324 314 395 368 ετ)
971 358 980 369 .
1640 320 1696 373 S.
1741 312 2082 370 EPlPllANll
2126 310 2306 364 “TA.
3518 302 3589 355 60

321 445 453 502 quot
479 433 735 486 horarum
771 433 1028 502 spatium,
1069 442 1123 485 et
1157 442 1341 487 mutus
1382 433 1738 501 permanebat
1776 432 1838 483 Hi

2072 425 2155 478 νῶν
2189 424 2355 495 τριῶν
2384 424 2658 494 διάστημα
2677 440 2690 454 ·
2726 424 2822 476 καὶ
2846 419 2913 494 ἧν
2950 422 3198 493 Ἱεράκας
3221 421 3448 486 ἄναυδος
3467 424 3589 478 δια-

324 542 440 578 rax.
472 524 603 579 Post
632 528 744 579 [nec
770 536 951 580 autem
992 527 1125 579 dixit
1165 527 1212 579 ci
1240 525 1581 595 Epiphanius
1613 546 1627 580 :
1656 525 1835 593 Loque

2073 533 2200 569 νων.
2230 514 2381 568 Μετά
2410 514 2468 567 δὲ
2492 514 2664 568 ταῦτα
2689 510 2842 567 εἶπεν
2877 515 3195 583 Ἐπιφάνιος
3230 513 3369 585 πρὸς
3395 516 3586 568 αὐτόν’

324 634 512 672 verum.
538 634 867 681 sermonem,
891 630 945 673 et
970 618 1097 673 audi
1126 618 1336 673 [inuam
1360 634 1424 674 ac
1448 619 1693 673 stabilem
1718 617 1841 671 ﬁdet

2073 606 2163 658 Ωιει
2211 606 2303 659 τὸν
2346 605 2501 672 λόγον
2548 603 2745 675 ἀληθῆ,
2777 604 2868 657 καὶ
2920 603 3086 657 ἄκουε
3134 602 3232 674 τὴν
3272 603 3457 656 πίστιν
3499 604 3590 673 βε-

322 709 476 766 Tunc
522 728 581 766 se
609 713 888 767 excusavit
928 711 1149 778 Hierax,
1181 712 1371 768 dicens
1398 728 1457 767 se
1487 727 1609 767 esse
1637 712 1839 781 lapsum

2076 698 2179 750 ίαν.
2213 698 2344 749 Τότε
2389 698 2633 767 Ἱεράκας
2676 695 3073 763 ἀπελογήσατο.
3112 694 3381 763 ἐσφάλθαι
3411 694 3589 762 λέγων

325 804 591 871 paenitere
624 812 809 859 autem
838 817 1102 875 proterva:
1128 805 1276 861 illius
1309 806 1611 860 sententiae.

2075 788 2135 851 ὸς
2170 788 2506 857 Ἐπιφάνιον,
2542 786 2680 840 άλλά
2729 787 3010 856 μετανοεῖν
3054 784 3165 838 ἀπὸ
3206 787 3306 856 τῆς
3347 786 3592 839 ἀτάκτου

2000 880 2224 950 γνώμης
2250 879 2486 950 ἐκείνης.

396 978 630 1033 XXVIII.
672 980 1023 1038 Discedentes
1071 999 1200 1036 vero
1253 982 1594 1054 Leontopoli,
1623 984 1817 1037 ivimns
1846 984 1899 1038 in

2077 973 2205 1026 KH'.
2263 972 2596 1042 Ἀπάραντες
2623 965 2716 1023 οὖν
2744 968 2854 1022 ἀπὸ
2892 969 3325 1032 Λεοντοπόλεως,
3353 969 3594 1041 ἐπορεύ-

324 1073 658 1142 superiorem
687 1073 1037 1129 Thebaidem.
1068 1074 1198 1129 Erat
1226 1085 1409 1131 autem
1445 1076 1555 1131 illic
1576 1077 1657 1130 vir
1697 1077 1841 1147 jnSIu

2083 1081 2177 1134 μεν
2210 1066 2290 1127 εἰς
2316 1064 2416 1135 τὴν
2444 1064 2556 1118 ἄνω
2589 1056 2966 1133 ΘηϐαϊδαῘΗν
2994 1060 3051 1113 δὲ
3080 1063 3198 1115 ἐκεῖ
3217 1062 3430 1125 δίκαιος
3451 1062 3600 1134 ἀνὴρ

320 1160 561 1217 Joannes
596 1163 836 1217 nomine.
876 1163 942 1218 Et
977 1181 1101 1219 cum
1127 1166 1192 1219 ad
1215 1180 1341 1220 eum
1366 1166 1597 1237 ingressi
1629 1182 1837 1221 cssemu

2074 1155 2266 1226 υάννης
2311 1156 2553 1225 ὀνόματι.
2584 1153 2696 1207 Καὶ
2737 1152 2802 1223 δὴ
2854 1150 3188 1216 εἰσελθόντες
3224 1155 3361 1224 πρδς
3404 1154 3591 1213 αὐτὸν.

323 1269 424 1308 nos
458 1254 687 1326 benigne
716 1257 943 1325 accepit.
975 1255 1223 1311 Fuerunt
1267 1267 1447 1312 autem
1479 1260 1698 1329 quidam
1730 1276 1797 1314 cx
1835 1260 1840 1313 i

2079 1244 2217 1309 ἰξατο
2272 1246 2419 1316 ἡμᾶς
2488 1238 2945 1314 εὐμενῶς.Ἦσαν
2983 1242 3041 1295 δέ
3073 1261 3215 1307 τινες
3246 1245 3356 1298 τῶν
3387 1248 3447 1298 ἐν
3479 1249 3596 1309 τοῖς

321 1345 417 1413 qui
472 1344 527 1398 in
577 1346 683 1398 illis
712 1346 850 1401 locis
881 1346 1218 1411 habitabant,
1253 1349 1348 1417 qui
1378 1348 1428 1403 ei
1458 1350 1748 1419 quemdam
1780 1351 1838 1404 all

2077 1354 2188 1400 ποις
2238 1338 2468 1399 ἐκείνοις
2509 1335 2790 1389 νεανίσκον
2838 1333 2961 1387 τι.νά
3004 1336 3409 1406 προσδήσαντες
3442 1338 3594 1407 αὐτῷ

323 1444 518 1503 gat-ant
545 1436 965 1500 adolescentem,
998 1447 1056 1493 ut
1080 1439 1344 1495 m'aneret.
1372 1441 1424 1495 Is
1451 1456 1583 1496 vero
1606 1442 1835 1497 vexabat

2081 1426 2622 1501 οσπαραμένειν.“Ην
2664 1431 2721 1484 δὲ
2753 1432 2913 1496 αὐτὸς
2950 1431 3058 1487 ὑπὸ
3091 1429 3404 1499 πνεύματος
3458 1431 3598 1482 ἀκα-

322 1528 392 1580 ah
445 1530 728 1584 immundo
771 1532 988 1600 spiritu.
1040 1530 1340 1601 Postquam
1392 1542 1570 1587 autem
1605 1533 1738 1587 vidit
1771 1532 1839 1602 Ep

2078 1539 2205 1592 ρτου
2262 1520 2664 1591 ἐνοχλούμενος.
2684 1522 2771 1584 Ὧς
2819 1517 2914 1576 οῦν
2967 1521 3074 1573 ἴδεν
3120 1520 3210 1573 τὸν
3248 1519 3591 1587 Ἐπιφάνιον,

322 1621 605 1689 phanium,
637 1621 774 1676 dixit
795 1622 845 1676 ei
879 1638 1076 1693 magna
1102 1638 1238 1678 voce
1270 1642 1283 1678 :
1319 1622 1431 1678 Cur
1464 1624 1571 1679 huc
1597 1625 1836 1679 accessis

2077 1630 2188 1681 εγεν
2241 1611 2376 1683 πρὸς
2408 1612 2570 1667 αὐτὸν
2606 1612 2817 1684 μεγάλῃ
2848 1616 2913 1684 τῇ
2962 1614 3150 1683 φωνῇ’
3188 1611 3254 1663 Τί
3284 1611 3594 1682 παρεγένου

244 1740 254 1750 -
327 1711 614 1781 Epiphani,
636 1712 729 1767 Dei
757 1714 947 1768 serve?
968 1713 1277 1784 Mansitque
1304 1713 1374 1769 ab
1402 1714 1532 1769 hora
1560 1723 1708 1768 sexta
1732 1731 1761 1768 u

2077 1703 2584 1772 εαῦθα,Ἐπιφάνιε,
2611 1702 2763 1755 δοῦλε
2797 1703 2890 1755 τοῦ
2910 1701 3080 1769 Θεοῦ;
3113 1703 3370 1772 Ἔμεινεν
3397 1701 3454 1754 δὲ
3488 1702 3594 1757 ἀπὸ

324 1803 391 1856 ad
443 1818 642 1856 nonam
682 1804 764 1859 sic
803 1804 1072 1861 clamans.
1115 1812 1171 1860 et
1207 1814 1428 1875 repente
1471 1816 1632 1875 rupto
1663 1807 1841 1860 vincul

2078 1815 2152 1859 »ας
2174 1797 2338 1865 ἕκτης
2363 1795 2465 1859 ἓως
2490 1794 2639 1867 ὥρας
2669 1795 2866 1867 ἐνάτης
2888 1796 3062 1860 οὕτως
3094 1793 3451 1862 άποκράζων.
3482 1795 3595 1846 Καὶ

323 1894 569 1949 cucurrit
598 1894 666 1949 ad
701 1895 1086 1965 Epiphanium.
1142 1895 1438 1953 Prehensis
1463 1908 1645 1953 autem
1676 1899 1838 1967 pedib

2080 1890 2264 1959 ιίφνης
2290 1888 2586 1959 διαρρήξας
2608 1888 2717 1941 τῶν
2739 1888 2977 1958 δεσμῶν,
3001 1888 3238 1959 ἔδραμεν
3271 1887 3410 1958 πρὸς
3442 1887 3597 1938 Ἐπι-

324 1985 635 2056 Epiphanii,
670 1987 963 2054 clamabat,
992 1988 1179 2045 dicens
1211 2007 1224 2043 :
1258 1987 1453 2043 Libera
1499 2006 1604 2054 me,
1633 2006 1767 2060 rogo
1812 2008 1841 2060 p

2074 1996 2216 2033 ινιον.
2256 1979 2448 2032 Λαϐὼν
2469 1980 2526 2032 δὲ
2557 1980 2665 2033 τῶν
2697 1979 2872 2033 ποδῶν
2902 1980 3089 2042 αὐτοῦ,
3125 1979 3356 2051 ἔκραξεν
3380 1979 3591 2045 λέγων·

324 2077 494 2133 Deum
541 2094 704 2148 quem
732 2079 889 2135 colis.
918 2079 1138 2136 Dixerat
1160 2096 1290 2136 vero
1312 2078 1648 2151 Epiphanius
1676 2082 1841 2137 immu

2083 2069 2314 2123 πόλυσόν
2349 2087 2437 2140 με,
2468 2070 2555 2124 διά
2579 2070 2670 2123 τὸν
2701 2071 2852 2137 Θεὸν,
2881 2070 2942 2123 ὃν
2971 2071 3037 2123 σὺ
3067 2066 3337 2142 σέϋῃῙΗν
3356 2071 3415 2122 δέ
3445 2071 3596 2122 Ἐπι-

322 2170 395 2226 do
425 2171 661 2241 spiritui,
697 2180 759 2226 ut
788 2171 866 2242 (a)
911 2173 1086 2229 exiret
1112 2173 1182 2228 ab
1212 2172 1454 2236 homine,
1487 2175 1561 2228 ita
1588 2182 1646 2229 ut
1672 2190 1777 2229 non
1813 2190 1839 2231 c

2079 2180 2197 2225 mo;
2239 2161 2409 2215 εἰπὼν
2451 2163 2529 2232 τῷ
2574 2160 2872 2233 ἀκαθάρτῳ
2920 2162 3214 2231 πνεύματι.
3248 2161 3322 2232 μὴ
3357 2159 3596 2225 ἐξελθεῖν

322 2272 614 2334 gnoscerct
664 2262 904 2321 Joannes
948 2264 1338 2336 Epiphanium.
1385 2265 1532 2320 Dixit
1567 2276 1747 2321 autem
1778 2266 1839 2337 Ει

2087 2254 2113 2306 ὺ
2155 2251 2250 2306 τοῦ
2296 2251 2608 2323 ἀνθρώπου,
2641 2253 2789 2315 ὅπως
2821 2252 2896 2322 μὴ
2921 2251 3034 2323 γνῷ
3067 2252 3321 2322 Ἰωάννης
3349 2252 3421 2304 τά
3456 2251 3604 2308 κατὰ.

323 2354 556 2423 phanius
583 2354 916 2410 adolescenti
951 2373 965 2409 :
997 2354 1196 2419 Homo,
1221 2370 1383 2425 surge
1417 2374 1430 2410 :
1466 2356 1597 2424 quid
1644 2356 1775 2409 mihi
1804 2371 1837 2409 e

2081 2364 2097 2399 θ
2136 2344 2470 2413 Ἐπιφάνιον.
2505 2340 2673 2398 Εἶπεν
2720 2344 2776 2396 δὲ
2821 2343 3137 2412 Ἐπιφάγιος
3179 2344 3321 2414 πρὸς
3350 2344 3447 2398 τὸν
3475 2360 3598 2395 νεα-

324 2446 479 2499 hibes
503 2445 854 2500 molestiam?
888 2444 1084 2500 Statim
1107 2455 1289 2500 autem
1318 2461 1487 2501 sanus
1513 2445 1750 2500 surrexit
1773 2445 1839 2499 ad

2075 2452 2209 2490 ῑκον⁶
2246 2436 2503 2499 Ἀνάστα,
2535 2435 2812 2507 ἄνθρωπε,
2842 2437 2896 2489 τί
2930 2436 3133 2499 κόπους
3167 2453 3256 2506 μοι
3290 2436 3592 2506 παρέχειςς

322 2537 558 2600 Iescens,
592 2553 714 2591 cum
742 2538 1063 2592 immundus
1091 2538 1318 2592 exiisset
1350 2534 1750 2606 spiritus.Trcs
1779 2552 1838 2589 ve

2088 2529 2225 2593 θὲως
2271 2524 2365 2582 οῦν
2407 2529 2603 2601 ἀνέστη
2632 2531 2661 2582 6
2688 2528 2970 2591 νεανίσκος
3004 2528 3163 2599 ὑγιὴς
3184 2569 3198 2593 ,
3220 2528 3314 2582 τοῦ
3350 2529 3602 2598 ἀκαθάρ-

324 2625 445 2680 dies
479 2627 784 2680 mansimus
812 2626 955 2695 apud
984 2625 1273 2690 Joannem,
1302 2626 1479 2679 virum
1508 2626 1841 2680 admirabile:

2084 2639 2100 2672 ι
2151 2621 2458 2690 πνεύματος
2495 2619 2802 2685 ἐξελθόντος
2834 2622 2932 2673 ἀπ’
2957 2619 3146 2673 αὐτοῦ.
3173 2620 3513 2690 Ἐμείναμεν
3542 2620 3601 2674 δὲ

310 2714 379 2774 ἐι
406 2718 537 2783 vita,
571 2733 694 2788 qua;
741 2734 808 2773 ex
859 2717 1058 2773 virtute
1104 2718 1385 2788 agebatur,
1430 2726 1706 2771 ornatum.
1756 2716 1827 2770 Ili

2084 2715 2154 2774 εἷς
2180 2712 2393 2784 ἡμέρας
2430 2710 2582 2781 παρά
2610 2709 2690 2780 τῷ
2715 2711 2955 2781 Ἰωάννῃ.
2992 2710 3147 2781 ἀνδρὶ
3177 2708 3483 2780 θαυμαστῷ
3504 2711 3601 2764 καὶ⁵

323 2820 505 2865 autem
556 2811 891 2876 recedentes,
924 2810 1173 2865 venimus
1221 2809 1290 2863 ad
1339 2807 1582 2868 Bucolia.
1611 2816 1665 2862 et
1701 2820 1840 2877 septe

2084 2804 2253 2875 ιρέτῳ
2280 2804 2525 2873 πολιτείᾳ
2549 2802 2968 2873 κεκοσμημένῳ.
2997 2802 3338 2873 ’Δπάραντες
3360 2802 3420 2855 δὲ
3456 2805 3601 2856 ἐκεῖ·

324 2919 499 2958 annos
528 2904 638 2957 illic
672 2902 1041 2972 tr.msegimus
1075 2920 1087 2956 :
1125 2915 1493 2970 magnamque
1524 2901 1635 2955 illic
1675 2899 1841 2970 Epiph

2097 2914 2099 2933 ι
2145 2894 2486 2965 κατήλθομεν
2534 2895 2628 2947 ἐπὶ
2678 2894 2747 2947 τά
2794 2893 3078 2958 Βουκόλια,
3114 2894 3208 2947 καὶ
3257 2895 3614 2965 ἐποιήσαμεν

327 2997 418 3050 nio
454 2996 758 3050 molestiam
789 2994 1068 3064 praebuere
1093 3007 1189 3062 per
1223 2993 1690 3062 congressionem.

2086 2990 2124 3039 εἰ
2157 2987 2199 3051 ς’
2231 2987 2324 3057 ἐτη
2344 3003 2358 3017 ·
2404 2985 2500 3039 καὶ
2541 2984 2710 3039 πολὺν
2758 2986 2925 3039 κόπον
2952 2986 3117 3039 κάκεῖ
3155 2987 3420 3057 παρεῖχον
3450 2987 3603 3039 Ἐπι-

2009 3078 2185 3148 φανίῳ
2207 3077 2294 3130 διὰ
2326 3077 2427 3146 τῆς
2462 3076 2773 3145 συντυχίας.

397 3166 591 3222 XXIX.
630 3165 939 3236 Aliquando
986 3163 1213 3236 quidam
1259 3163 1642 3234 philosophus,
1686 3164 1908 3218 nomine

2246 3130 2505 3214 ﬂoss'oﬁv
2536 3130 2824 3230 φιλόσοφός
2898 3177 2977 3224 τις
3026 3160 3256 3231 ὀνόματι
3311 3160 3606 3231 Εὐδαίμων

329 3256 647 3323 Eudaamon,
689 3256 923 3311 accessit
960 3257 1029 3310 ad
1078 3253 1470 3324 Epiphanium,
1524 3264 1578 3309 et
1625 3269 1845 3309 sermon

2095 3253 2343 3325 ρεγένετο
2372 3254 2508 3324 πρὸς
2539 3252 2857 3321 Ἐπιφάνιον
2886 3293 2898 3317 ,
2951 3251 3047 3305 καὶ
3104 3254 3348 3323 συνῇραν
3402 3252 3612 3321 λόγους

329 3350 473 3403 inter
501 3363 560 3402 se
586 3347 887 3401 contulere.
933 3344 1269 3414 Epiphanius
1299 3346 1517 3415 quidem
1552 3361 1620 3400 ex
1664 3346 1845 3415 Script

2090 3345 2147 3407 ὸς
2181 3343 2426 3407 ἑαυτούς.
2477 3344 2773 3411 Ἑποίησαν
2810 3343 2866 3395 δὲ
2898 3347 2928 3395 ι’
2956 3343 3170 3415 ἡμέρας
3226 3343 3607 3415 διαλεγόμενοι

330 3443 407 3497 ris
440 3440 704 3495 divinitus
735 3439 1037 3508 inspiratis,
1070 3437 1363 3493 Endazmon
1403 3448 1585 3493 autem
1617 3453 1711 3507 per
1747 3438 1847 3492 inu‘

2093 3434 2148 3497 ὸς
2178 3433 2458 3503 ἀλλήλους.
2506 3434 2562 3485 '0
2594 3432 3039 3504 γάρἘπιφάνιος
3070 3432 3181 3486 ἀπὸ
3199 3432 3311 3486 τῶν
3340 3434 3610 3488 θεοπνεύ-

331 3520 436 3591 1cm
476 3533 884 3589 contentionem
913 3531 1219 3586 disserebat
1265 3540 1458 3586 contra
1502 3545 1566 3584 ea
1602 3546 1724 3598 quae
1765 3530 1848 3585 dic

2090 3545 2156 3581 ων
2180 3527 2411 3597 Γραφῶν
2439 3527 2537 3596 τὴν
2584 3526 2842 3596 ἀλήθειαν
2887 3525 3239 3580 ἀπεδείκνυεν
3283 3527 3381 3597 τῷ
3412 3529 3607 3581 Εὐδαί-

332 3628 423 3682 bat
462 3624 819 3694 Epiphanius.
881 3621 1232 3691 Habebatque
1288 3620 1586 3676 Endaemon
1643 3636 1849 3690 pucrun

2092 3636 2140 3671 νι
2161 3634 2175 3650 ·
2197 3620 2226 3671 6
2257 3616 2313 3669 δὲ
2340 3618 2621 3686 Εὐδαίμων
2647 3616 2735 3669 διά
2758 3616 2861 3685 τῆς
2907 3613 3221 3680 ἀνωφελοῦς
3265 3616 3609 3686 φιλονεικίας

331 3720 559 3788 ejusque
586 3717 782 3771 oculus
805 3725 924 3771 erat
942 3716 1186 3771 clausus.
1217 3714 1364 3768 Dixit
1384 3723 1566 3768 autem
1593 3712 1848 3768 Eudaamo

2095 3709 2301 3777 τέλεγεν
2319 3711 2430 3770 τοῖς
2457 3708 2808 3778 λαλουμένοις
2831 3707 2921 3761 διὰ
2954 3708 3299 3776 Ἐπιφανίου.
3329 3704 3501 3780 Εἶχεν
3549 3712 3612 3767 δὲ

333 3809 669 3881 Epiphanius
701 3826 715 3862 :
749 3807 912 3875 Ecce,
939 3823 973 3863 ο
997 3807 1341 3878 phil050pbe,
1368 3821 1536 3875 supra
1567 3819 1758 3859 omnes
1795 3806 1850 3859 eII

2095 3801 2303 3872 δαίμων
2329 3800 2510 3863 παῖδα,
2544 3801 2640 3853 καὶ
2688 3799 2877 3852 τούτου
2920 3802 2950 3853 6
2977 3800 3257 3871 ὀφθαλμὸς
3281 3798 3353 3873 ἦν
3383 3804 3609 3857 κεκλει-

332 3899 555 3968 quentia
583 3897 755 3968 polles
779 3905 835 3952 et
860 3896 1088 3959 divitiis,
1118 3906 1359 3966 suntque
1385 3894 1531 3965 apud
1564 3903 1615 3949 te
1647 3894 1723 3949 dii
1763 3909 1849 3950 cor

2090 3895 2232 3957 ἐνος.
2282 3889 2448 3946 Εἶπεν
2476 3892 2534 3945 δὲ
2567 3890 2886 3960 Ἐπιφάνιος
2912 3892 3048 3962 πρὸς
3076 3892 3388 3963 Εὐδαίμονα
3412 3911 3428 3925 ·
3449 3895 3607 3960 Ἰδοὺ,

334 3991 542 4059 plures.
573 3988 685 4043 Cur
721 3987 876 4059 pueri
923 4002 1055 4058 ergo
1104 4002 1293 4043 curam
1342 4002 1448 4041 non
1485 3986 1651 4055 geris,
1702 3996 1759 4040 nt
1795 3984 1851 4055 ej‘

2090 3987 2295 4054 l.6so<ps,
2355 3985 2449 4037 ἐπὶ
2482 3986 2648 4037 πᾶσιν
2700 3983 3041 4053 κεκόσμησαι
3091 3985 3188 4038 καὶ
3224 3984 3410 4053 λόγοις
3436 4026 3453 4050 ,
3514 3989 3607 4040 καὶ

335 4095 556 4152 quoque
595 4080 707 4134 sint
731 4080 852 4133 sani
882 4080 1071 4134 oculi?
1103 4078 1179 4134 De
1228 4080 1334 4133 hoc
1380 4079 1501 4133 risit
1531 4076 1852 4148 philosophu

2099 4077 2258 4147 ούτῳ,
2290 4077 2384 4130 καὶ
2420 4062 2669 4145 περισσοὶ
2690 4073 2802 4126 θεοί
2834 4075 2974 4127 εἰσιν
3005 4074 3158 4146 παρά
3186 4075 3289 4129 σοί.
3322 4077 3427 4129 Διὰ
3461 4079 3516 4131 τί
3548 4079 3616 4130 οὐ

336 4175 525 4228 dicens
569 4170 916 4241 Epiphanio:
951 4170 1011 4225 Si
1057 4170 1162 4225 sub
1211 4170 1352 4225 caelo
1396 4179 1543 4223 esset
1576 4170 1728 4224 solus
1772 4168 1853 4223 ﬁli:

2096 4171 2193 4231 ιεῖς
2246 4166 2506 4237 φροντίδα
2533 4163 2629 4217 τοῦ
2683 4164 2777 4217 σοῦ
2816 4167 3023 4231 παιδὸς,
3083 4167 3234 4229 ὅπως
3287 4168 3385 4220 καὶ
3423 4169 3477 4221 οἱ
3516 4168 3613 4223 δύο

340 4262 706 4321 Eudaamunis.
751 4260 845 4330 qui
892 4276 1059 4314 unum
1110 4260 1337 4314 haberet
1374 4259 1616 4324 oculum,
1660 4259 1786 4329 jure
1827 4274 1857 4315 e

2092 4258 2289 4328 θαλμοὶ
2315 4256 2509 4309 τούτου
2531 4250 2672 4326 ἦσαν
2699 4256 2906 4323 ὐγιεῖς;
2946 4257 3071 4310 Ἐπὶ
3102 4256 3266 4310 τοῦτο
3300 4258 3360 4311 δέ
3398 4261 3429 4312 ὁ
3454 4260 3609 4328 φιλό-

339 4367 455 4410 sem
479 4353 547 4407 de
575 4366 641 4406 eo
662 4349 965 4417 sollicitus;
998 4350 1267 4403 innumeri
1298 4363 1425 4402 vero
1454 4363 1575 4403 cum
1601 4350 1711 4403 sint
1731 4349 1825 4418 qui
1849 4366 1856 4402 l

2115 4367 2184 4413 ιος
2206 4348 2464 4417 ἐγέλασεν
2491 4346 2665 4414 λέγων
2697 4347 3002 4418 Ἐπιφανὶῳ
3026 4366 3039 4379 ·
3068 4348 3134 4402 Εἰ
3162 4349 3220 4401 ἐν
3239 4352 3305 4418 τῇ
3331 4350 3427 4401 ὑπ’
3450 4352 3632 4422 οὐρα-ι

341 4461 469 4501 cum
500 4459 609 4498 uno
631 4442 850 4512 quidem
872 4441 1034 4496 oculo
1054 4450 1256 4495 terram
1283 4442 1425 4494 hanc
1452 4446 1764 4509 peragrant,
1783 4456 1854 4508 qu

2096 4441 2213 4509 [(b)
2253 4442 2283 4493 6
2339 4441 2467 4501 παῖς
2518 4436 2848 4508 Εὐδαίμονος
2898 4434 2967 4509 ἦν
2995 4437 3274 4509 ὀφθαλμὸν
3298 4440 3401 4493 ἕνα
3444 4442 3613 4511 ἔχων,

342 4553 492 4593 cura:
513 4543 599 4591 est
632 4531 942 4588 Eudaemoni
960 4530 1029 4585 de
1059 4531 1165 4586 eo?
1188 4529 1527 4600 Epiphanius
1554 4538 1735 4585 autem
1779 4529 1859 4584 di:

2096 4549 2165 4602 εον
2191 4530 2255 4584 ἂν
2290 4528 2624 4601 μεριμνῇσαι
2651 4529 2778 4598 περὶ
2808 4527 2973 4580 αὐτοῦ
2994 4545 3008 4558 ο
3052 4530 3101 4580 εί
3131 4528 3189 4580 δὲ
3240 4530 3613 4601 ἀναρίθμητοέ

343 4626 661 4686 Eudaemoni
684 4644 697 4679 :
716 4622 875 4691 Quod
891 4623 936 4678 si
954 4623 1126 4687 solus,
1140 4622 1337 4692 inquit,
1350 4633 1553 4687 esset,o
1572 4621 1860 4693 philosoph

2096 4640 2155 4676 rw
2184 4622 2233 4673 οἱ
2257 4621 2348 4672 ὐπ’
2377 4618 2589 4681 οὐδενὸς
2627 4616 2902 4688 ὀφθαλμοῦ
2959 4620 3318 4690 πορευόμενοι
3363 4621 3461 4674 ἐπὶ
3513 4624 3613 4692 τῆς

344 4719 606 4792 quidnam
655 4730 820 4788 agere
867 4728 1059 4783 posses
1104 4713 1172 4766 ad
1218 4726 1343 4766 eum
1382 4710 1726 4766 curandum?
1775 4710 1861 4765 Nil

2097 4731 2122 4776 ς
2157 4711 2380 4780 ταύτης.
2404 4709 2459 4763 τί
2486 4708 2564 4779 τῷ
2590 4707 2882 4779 Εὐδαίμονι
2914 4709 3067 4778 μέλει
3104 4710 3234 4781 περὶ
3270 4709 3466 4764 τούτου
3497 4756 3512 4777 ,
3557 4715 3614 4766 ὐ

346 4811 517 4875 aliud,
551 4807 732 4879 inquit
759 4804 1082 4867 Eudaemon,
1129 4802 1235 4856 nisi
1278 4802 1594 4856 ratiocinari
1619 4810 1676 4857 et
1712 4802 1863 4857 dicer

2102 4803 2422 4873 Ἐπιφάνιος
2454 4798 2607 4855 εἶπεν
2636 4801 2772 4873 πρὸς
2796 4802 2887 4856 τὸν
2912 4802 3255 4873 Εὐδαίμονα·
3297 4805 3363 4859 Ei
3407 4806 3469 4859 δὲ
3517 4806 3619 4861 καὶ

347 4905 558 4959 nullum
594 4914 834 4970 unquam
870 4899 951 4952 sic
990 4895 1163 4950 fuisse
1205 4893 1479 4958 allectum,
1526 4904 1585 4948 ut
1619 4902 1703 4947 est
1735 4903 1864 4946 nost

2102 4914 2203 4961 νος,
2241 4896 2426 4967 φησὶν,
2449 4888 2495 4947 ὧ
2534 4893 2811 4963 φιλόσοφε,
2849 4893 3167 4964 ἐτύγχανεν,
3220 4894 3276 4947 τί
3308 4890 3461 4966 εἶχες
3491 4900 3619 4951 ἐπι-

348 5008 499 5061 puer.
541 4990 685 5043 Dixit
708 4986 1048 5060 Epiphanius
1074 4982 1390 5038 Eudaemoni
1422 5001 1435 5035 :
1464 4980 1542 5036 Ne
1567 4997 1653 5045 ea,
1689 4996 1813 5051 quae
1833 4982 1865 5036 d

2102 4985 2278 5039 Ξεῦσαι
2305 4983 2441 5054 πρὸς
2490 4982 2784 5053 θεραπείαν
2821 4981 3051 5048 τούτους
3099 4984 3158 5036 '0
3197 4985 3257 5037 δὲ
3312 4985 3619 5057 Εὐδαίμων

349 5091 572 5147 cuntur,
604 5080 855 5135 attendas
901 5077 1126 5148 perinde
1169 5090 1233 5129 ac
1278 5073 1509 5128 ridicula
1565 5071 1732 5141 (Deus
1777 5072 1863 5126 eni

2105 5080 2218 5133 uiv'
2250 5078 2414 5133 Οὐδὲν
2454 5076 2489 5148 ἦ
2517 5077 2579 5129 τὸ
2622 5075 2927 5144 λογίζεσθαι
2977 5077 3237 5140 πολλάκις
3274 5079 3372 5131 καὶ
3404 5079 3619 5147 λέγειν,

350 5183 435 5229 est
461 5174 515 5226 in
547 5172 727 5225 medio
754 5169 1098 5235 amborum);
1144 5165 1324 5221 adduc
1364 5178 1596 5233 puerum
1635 5162 1729 5231 qui
1774 5162 1867 5217 labi

2099 5192 2106 5224 ι
2138 5169 2307 5234 οὐδείς
2331 5171 2480 5222 ἐστιν
2502 5166 2719 5220 πώποτε
2747 5166 2920 5227 οὕτως
2962 5168 3039 5230 ὡς
3081 5169 3111 5221 6
3153 5168 3429 5238 ἡμέτερος
3458 5173 3616 5232 παῖς.

354 5276 461 5331 rat,
488 5273 543 5320 et
569 5264 691 5317 vide
722 5262 951 5332 gloriam
982 5262 1100 5317 Dei.
1130 5259 1256 5315 Haec
1283 5273 1409 5312 eum
1440 5254 1670 5310 dixisset
1692 5254 1871 5325 Epiph:

2106 5276 2197 5313 πεν
2223 5258 2281 5310 δὲ
2312 5256 2631 5326 Ἐπιφάνιος
2660 5255 2795 5326 πρὸς
2825 5255 3013 5315 αὐτόν’
3047 5254 3140 5326 Μὴ
3162 5256 3423 5327 πρόσεχε,
3453 5260 3623 5329 φησι,

354 5364 502 5425 nius,
553 5368 607 5415 et
656 5356 1006 5413 Eudaemonis
1045 5369 1275 5424 puerum
1326 5367 1493 5406 manu
1542 5351 1824 5416 tenuisset,

2111 5351 2305 5416 .όσοφε,
2338 5349 2452 5411 τοῖς
2475 5346 2824 5417 λαλουμένοις
2845 5346 2920 5409 ὡς
2941 5348 2998 5399 ἐν
3017 5347 3212 5418 γελοίῳ
3229 5361 3245 5377 ·
3266 5350 3296 5401 6
3330 5349 3470 5412 Θεὸς
3505 5350 3628 5420 γὰρ

354 5454 473 5525 ejus
500 5450 742 5515 oculum,
774 5448 865 5517 qui
891 5461 996 5499 non
1039 5444 1273 5509 videbat,
1314 5452 1395 5498 ter
1422 5442 1711 5511 signassct,
1744 5443 1868 5495 stati

2104 5439 2131 5492 lt
2167 5438 2330 5510 μέσον
2374 5435 2719 5506 ἀμφοτέρων.
2779 5435 2986 5503 ’Δγαγε
3051 5435 3211 5488 παῖδα
3280 5437 3498 5506 κηρόν.
3541 5438 3621 5491 [δε

358 5524 615 5616 respexit.
656 5541 795 5597 Cum
844 5545 1022 5595 autem
1066 5535 1290 5589 vidisset
1324 5534 1640 5595 Euda-mon,
1684 5533 1875 5603 quad!

2109 5534 2184 5597 ξαν
2203 5527 2360 5582 Θεοῦ.
2396 5524 2584 5580 Ταῦτα
2602 5525 2660 5578 δὲ
2688 5524 2856 5578 εἰπὼν
2900 5526 3242 5595 Ἐπιφάνιος,
3285 5527 3382 5582 καὶ
3410 5530 3626 5600 κρατή.

431 5724 505 5794 (a)
547 5724 731 5777 Graeca
770 5718 1107 5790 negationem
1144 5711 1363 5765 addunt.
2110 5714 2179 5773 (μ)
2212 5712 2486 5771 “Herm.”
2514 5703 2661 5759 add“
2689 5703 2865 5770 μόνος.
