3842 6110
327 342 417 415 6'3'
727 384 735 406 ι
1636 356 1717 441 s;_
1739 314 2081 411 Erimus"
2134 356 2312 443 Vtra.

3538 327 3631 402 ἰοὶ

326 475 406 528 eis
440 492 453 527 :
485 470 603 526 Dixi
627 472 736 542 jam
768 470 921 524 vobis
951 485 1037 524 me
1069 484 1190 527 esse
1226 480 1589 539 precatorem.
1626 470 1695 526 lis
1737 472 1912 543 magis

2031 473 2308 545 ινορὼπῳ.
2340 466 2508 527 Εἶπεν
2531 471 2588 526 δὲ
2619 472 2935 543 Ἐπιφάνιος
2984 472 3119 543 πρὸς
3172 468 3370 533 αὑτούς
3392 486 3403 500 ·
3452 463 3624 525 Εἶπον

324 564 664 635 rogantibus,
688 562 835 617 venit
874 563 1009 617 hora
1040 577 1182 616 nona
1217 563 1342 616 diei.
1382 561 1527 616 Dixit
1571 572 1753 617 autem
1789 562 1921 633 Epi-

324 656 557 725 phanius
601 654 858 725 praefecto
892 673 905 707 :
958 653 1240 719 Permitte,
1280 663 1339 708 ut
1376 669 1563 709 mensa
1612 659 1920 725 apponatur

324 749 411 801 his
444 748 783 810 hominibus,
815 748 1232 815 eomedantque,
1280 755 1335 800 et
1365 746 1573 812 bibant,
1621 757 1675 801 et
1729 748 1922 801 laeten-

324 848 434 900 tur,
486 851 540 892 et
599 854 791 892 rursus
842 838 1060 892 abeant.
1106 838 1487 908 Apposuitque
1539 854 1818 905 mensam;
1870 847 1925 893 et

324 931 607 1011 ingressus
647 938 732 985 est
779 929 833 984 in
866 946 1022 985 suam
1056 931 1270 986 cellam.
1323 932 1463 999 Ipsis
1505 941 1685 985 autem
1735 946 1920 986 come-

326 1023 608 1086 dentibus,
668 1023 750 1078 sol
802 1039 962 1078 suum
999 1023 1279 1079 emittebat
1327 1024 1694 1093 splendorem,
1752 1033 1810 1077 ut
1862 1025 1919 1077 in

325 1122 515 1168 testate
543 1130 557 1178 ;
590 1121 644 1168 et
694 1123 915 1183 repente
943 1113 1099 1170 factae
1138 1125 1265 1171 sunt
1310 1117 1565 1182 tenebrae,
1621 1114 1836 1187 fulgura
1868 1122 1923 1169 et

325 1203 593 1268 tonitrua,
637 1214 692 1258 et
726 1220 959 1275 magnus
992 1206 1169 1261 imber
1215 1208 1412 1261 cecidit
1455 1209 1506 1261 in
1543 1215 1765 1262 terram.
1804 1206 1923 1261 l’rre

324 1303 474 1347 metu
524 1310 654 1348 vero
683 1310 878 1351 omnes
914 1305 1275 1351 surrexerunt
1307 1313 1339 1352 a
1388 1313 1600 1353 mensa.
1648 1297 1767 1351 Non
1820 1297 1923 1351 fuit

328 1395 512 1439 autem
555 1385 710 1441 locus
741 1386 795 1440 in
825 1376 939 1442 tota
998 1386 1304 1457 thnieia,
1346 1389 1440 1459 qui
1491 1404 1600 1443 non
1652 1389 1924 1457 acceperit

324 1477 783 1533 benedictionem.
838 1478 1150 1550 Mansitque
1194 1480 1377 1551 pluvia
1426 1489 1542 1535 tres
1576 1462 1917 1534 dics'conti-

324 1585 484 1625 nuos.
513 1571 848 1627 Aceedentes
879 1581 1061 1628 autem
1095 1573 1195 1627 viri
1235 1573 1302 1627 ad
1343 1573 1569 1627 domum
1602 1569 1915 1640 Epiphanti,

323 1659 593 1728 rogabant
621 1676 769 1727 eum,
801 1668 865 1733 ut
893 1662 1114 1737 sisteret
1138 1662 1398 1730 pluviam,
1434 1674 1557 1730 quae
1583 1660 1813 1714 cadebat
1852 1661 1920 1715 de

322 1750 483 1805 coelo.
534 1749 690 1806 Tunc
739 1752 875 1805 dixit
928 1752 1005 1806 eis
1053 1751 1434 1822 Epiphanius:
1479 1750 1621 1817 Quid
1683 1765 1769 1804 me
1797 1766 1920 1805 esse
1960 1820 1963 1823 _

2030 562 2158 631 ὑμῖν
2207 561 2329 632 ἤδη,
2359 562 2440 613 ὅτι
2467 560 2788 633 ἁμαρτωλός
2809 562 2945 631 εἰμι.
2972 558 3094 612 Τῶν
3121 557 3176 610 δὲ
3205 556 3487 610 ὲπιπλεῖον
3518 572 3625 607 πα-

2027 653 2424 726 ρακαλούντων,
2455 653 2687 722 ἔφθασεν
2724 653 2843 725 ὥρα
2865 651 3029 721 ἐνάτη
3059 650 3155 721 τῆς
3177 649 3415 719 ἡμέρας.
3450 644 3624 702 Εἶπεν

2023 746 2082 798 δέ
2112 747 2435 814 Ἐπιφάνιος
2468 745 2547 815 τῷ
2583 745 2903 817 ἡγουμένῳο
2957 742 3284 814 Ἐπίτρεψον
3321 743 3436 804 τοῖς
3470 737 3623 794 ἀδελ-

2024 841 2166 909 φοῖς,
2221 839 2636 909 παραθήσουσιν
2665 838 2947 913 τράπεζαν
2995 840 3112 906 τοῖς
3139 835 3451 905 ἀνθρώποις
3500 834 3625 887 τού·

2022 948 2157 995 τοις,
2188 932 2283 984 καὶ
2339 931 2623 999 φάγονται,
2656 930 2751 983 κα)¹
2801 930 3180 1002 εὑφρανθῶσιν
3207 971 3223 996 ,
3262 929 3357 982 καὶ
3390 927 3627 993 ἀπελεύ-

2026 1040 2209 1077 σονται
2236 1023 2331 1094 τὴν
2358 1022 2474 1076 ὁδὸν
2499 1022 2697 1077 αὑτῶν.
2729 1024 2838 1077 Καὶ
2870 1022 3190 1094 παρέθηκαν
3209 1020 3287 1091 (α)
3313 1018 3629 1091 τράπεζαν,

2023 1115 2119 1168 καὶ
2148 1112 2395 1184 εἰσῆλθεν
2420 1113 2741 1182 Ἐπιφὰνιος
2766 1115 2821 1165 ἐν
2851 1115 2915 1184 τῇ
2936 1112 3096 1183 κέλλη
3121 1110 3308 1165 αὑτοῦ.
3338 1108 3533 1163 Αὐτῶν
3566 1108 3626 1161 δὲ

2022 1205 2343 1268 ἐσθιόντων,
2374 1200 2487 1275 ἦνὸ
2516 1204 2667 1275 ἥλιος
2697 1205 3030 1275 ἐπιπέμπων
3049 1203 3147 1266 τὰς
3175 1203 3401 1264 ἀκτῖνας
3432 1199 3623 1263 αὑτοῦ,

2023 1297 2215 1368 ὥσπερ
2248 1298 2308 1349 τὸ
2334 1296 2491 1368 θέρος
2511 1314 2523 1327 ·
2558 1298 2652 1349 καὶ
2682 1296 2939 1366 ἐξαίφνης
2987 1296 3176 1357 σκότος
3232 1294 3473 1362 ἐγένετο,
3530 1294 3625 1345 καὶ

1997 1387 2324 1460 -ἀστραπαὶ,
2349 1389 2443 1439 καὶ
2486 1386 2726 1459 βρονταὶ,
2754 1388 2849 1439 καὶ
2876 1387 3031 1451 ὑετὸς
3060 1385 3230 1455 μέγας
3267 1383 3507 1453 ἐπῆλθεν
3532 1384 3627 1434 ἐπὶ

2022 1480 2120 1549 τὴν
2146 1479 2272 1549 γῆν.
2309 1479 2446 1532 Ἀπὸ
2471 1479 2527 1533 δὲ
2562 1478 2728 1548 φόϐου
2783 1478 3087 1548 ἀνέστησαν
3141 1478 3342 1538 πάντες
3382 1475 3494 1529 ἀπὸ
3526 1475 3625 1549 τῆς

2019 1570 2318 1644 τραπέζης.
2357 1572 2473 1625 Οὑκ
2500 1568 2567 1643 ἦν
2597 1572 2653 1625 δὲ
2686 1572 2851 1635 τόπος
2880 1571 2972 1623 ἐπὶ
3028 1569 3208 1640 πάσης
3236 1569 3335 1637 τῆς
3359 1568 3625 1636 Φοινίκης

2020 1663 2130 1729 οἷος
2158 1666 2258 1719 οὑκ
2290 1663 2509 1729 ἐδέξατο
2537 1663 2635 1735 τὴν
2676 1664 2950 1732 εὐλογίαν.
3016 1664 3268 1731 Ἕμεινεν
3302 1660 3360 1712 δὲ
3409 1660 3438 1711 ὁ
3466 1658 3626 1721 ὑετὸς

2020 1758 2114 1809 ἐπὶ
2137 1756 2198 1809 τὸ
2226 1756 2359 1809 αὑτὸ
2394 1758 2542 1825 τρεῖς
2578 1753 2808 1826 ἡμέρας.
2837 1756 2945 1807 Καὶ
2981 1751 3369 1824 προσελθόντες
3415 1751 3466 1802 οἱ
3529 1751 3626 1803 ἄν.

323 1841 675 1910 existimatis,
711 1858 746 1897 ο
795 1844 947 1897 lilii?‘
976 1842 1109 1898 Nam
1178 1860 1280 1915 ego
1318 1859 1538 1913 quoque
1587 1844 1750 1897 homo
1800 1859 1915 1898 sum

2031 1849 2148 1921 δρες
2170 1848 2543 1919 τῷτοίκήματι
2592 1847 2915 1915 Ἑπιφανίου
2968 1844 3312 1915 παρεκάλουν
3341 1843 3622 1910 λέγοντες,

325 1929 471 1985 sicut
504 1946 616 1986 vos.
670 1932 785 1986 Scit
834 1942 1015 1987 autem
1057 1933 1391 1998 benefactor,
1446 1933 1707 2003 quidnam
1755 1932 1911 1987 nobis

327 2037 467 2090 upns
512 2023 604 2078 sit.
638 2022 887 2080 Vultisne
927 2038 1162 2080 vestram
1210 2026 1349 2080 viam
1384 2025 1609 2081 redire?
1665 2025 1748 2079 llli
1779 2040 1910 2080 vero

326 2111 563 2167 dicunt:
610 2115 790 2183 Certe,
844 2116 1025 2172 Pater.
1061 2117 1137 2172 Eo
1178 2127 1360 2174 autem
1413 2135 1443 2173 e
1492 2119 1910 2191 cellabegresso,

324 2220 518 2261 omnes
548 2194 866 2279 congregati
916 2225 1042 2265 eum
1093 2212 1590 2267 circumsteterunt.
1630 2212 1773 2265 Dixit
1812 2194 1913 2265 au-

323 2305 432 2351 tem
465 2314 656 2354 rursus
680 2299 935 2372 przefecto
965 2320 977 2356 :
1023 2303 1344 2372 Apponatur
1368 2304 1449 2359 eis
1480 2319 1690 2358 mensa.
1749 2302 1918 2356 Cum-

321 2403 430 2457 que
464 2393 862 2455 consedissent,
899 2392 968 2446 ab
998 2392 1303 2464 Epiphanio
1343 2395 1597 2463 petebant
1655 2400 1715 2445 ut
1752 2392 1917 2444 bene-

323 2482 544 2535 diceret.
584 2483 720 2537 Cum
766 2495 949 2538 autem
988 2487 1215 2541 dixisset
1249 2487 1589 2556 Epiphanius
1627 2505 1640 2539 :
1686 2484 1915 2538 Benedi-

324 2581 447 2625 ctus
480 2571 655 2639 Deus,
708 2576 890 2629 statim
926 2591 956 2627 a
981 2584 1124 2631 terra
1174 2593 1423 2646 repressa
1452 2588 1536 2632 est
1583 2578 1786 2646 pluvia.
1822 2576 1912 2629 Vi-

324 2659 406 2713 dit
460 2676 588 2717 vero
636 2663 973 2733 Epiphanius
1010 2682 1264 2737 magnam
1316 2668 1418 2721 sibi
1475 2669 1527 2721 in
1579 2669 1672 2721 illo
1720 2684 1911 2720 mona-

325 2751 494 2806 sterio
524 2753 638 2807 lieri
663 2755 1152 2824 perturbationem,
1182 2769 1236 2813 et
1264 2775 1458 2814 rursus
1489 2757 1739 2828 quaesivit
1762 2772 1911 2810 recc-

322 2840 472 2897 dere.

2021 1942 2231 2005 Ὅπως,
2262 1942 2449 2010 φασὶν,
2478 1940 2565 1993 διὰ
2599 1941 2868 2011 στόματός
2896 1957 2989 1991 σου
3021 1944 3225 2010 στήσῃς
3253 1937 3346 1991 τὸν
3394 1936 3627 2007 οὐρανό-

2020 2033 2112 2086 θεν
2137 2032 2309 2085 ὑετόν.
2348 2029 2517 2085 Εἶπεν
2547 2032 2604 2084 δὲ
2636 2032 2957 2100 Ἑπιφάνιος
2986 2032 3122 2103 πρὸς
3152 2029 3351 2092 αὑτούς
3376 2046 3388 2059 ·
3421 2029 3510 2094 Τί,
3534 2028 3622 2080 τέο

2020 2141 2145 2186 κνα,
2191 2124 2472 2193 λογίζεσθε
2507 2127 2592 2178 ἐπ’
2624 2127 2724 2195 ἐμὲ
2777 2126 2985 2190 toria-ca;
3039 2126 3328 2198 ἄνθρωπος
3359 2125 3471 2196 γάρ
3503 2126 3626 2195 εἰμι

2018 2213 2208 2284 ὥσπερ
2237 2215 2329 2267 καὶ
2360 2206 2533 2285 ὑμεῖς.
2573 2213 2730 2268 Οἶδεν
2753 2217 2808 2270 δὲ
2834 2218 2886 2270 τί
2918 2217 3192 2289 χρῄζομεν
3219 2220 3247 2271 ὁ
3294 2216 3622 2288 εὐεργέτης.

2018 2302 2084 2355 Ei
2124 2303 2379 2372 βούλεσθε
2406 2304 2738 2374 πορεύεσθαι
2766 2308 2865 2377 τὴν
2898 2307 3014 2360 ὁδὸν
3042 2307 3227 2377 ὑμών;
3261 2309 3324 2359 Οἱ
3354 2306 3412 2359 δὲ
3449 2306 3584 2376 φασί
3608 2323 3624 2339 ο

2019 2394 2149 2457 Ναὶ,
2187 2396 2392 2467 Πάτερ.
2418 2398 2590 2462 Αὑτὸς
2621 2400 2678 2454 δὲ
2701 2401 2932 2468 ἐξελθὼν
2963 2403 3029 2454 ἐκ
3050 2402 3147 2455 τοῦ
3185 2402 3425 2465 κελλίου,
3454 2402 3629 2455 ἅπαν-

2021 2500 2112 2546 τες
2147 2486 2515 2557 συνήχθησαν,
2539 2491 2635 2544 καὶ
2662 2491 2926 2546 ἐκύκλουν
2949 2494 3132 2548 αὐτόν.
3169 2491 3341 2548 Εἶπεν
3375 2494 3432 2546 δὲ
3461 2494 3629 2551 πάλιν

2020 2572 2337 2643 Ἐπιςράνιος
2366 2578 2443 2648 τῷ
2463 2581 2751 2653 ἡγουμένῳ
2776 2603 2788 2615 ·
2823 2583 3170 2654 Ἐπίτρεψον,
3202 2603 3275 2638 πα
3288 2585 3628 2656 ραθήσουσιν

2018 2664 2296 2732 τράπεζαν
2330 2671 2441 2732 τοῖς
2491 2661 2841 2742 ἀνθρώποις,
2877 2676 2971 2728 καὶ
3018 2676 3304 2744 φάγονται,
3350 2675 3447 2729 καὶ
3482 2675 3627 2729 πίω-

2020 2773 2103 2808 σιν
2125 2798 2137 2822 ,
2171 2759 2264 2810 καὶ
2294 2760 2683 2817 ἀπελεύσονται
2714 2766 2811 2837 τὴν
2846 2766 3052 2820 ἑαυτῶν
3078 2768 3218 2821 ὁδόν.
3261 2768 3350 2831 Ὠς
3378 2767 3436 2821 δὲ
3458 2766 3629 2821 ἐκαθ-

2016 2847 2252 2919 έσθησαν
2294 2851 2535 2919 ἅπαντες
2602 2858 2695 2910 ἐπὶ
2730 2859 3030 2930 τραπέζης,
3063 2860 3223 2931 ᾔτουν
3256 2861 3349 2915 τὸν
3386 2861 3625 2929 Ἐπιφά-

324 2951 435 2988 νιον
467 2937 560 2991 τοῦ
609 2942 922 3011 εὐλογῆσαι.
965 2942 1023 2995 Ὀ
1053 2942 1109 2995 δέ
1147 2940 1465 3021 Ἐπιιράνιος
1511 2941 1585 3004 ὡς
1642 2936 1792 2992 εἶπεν
1827 2939 1906 2990 τύ’
1953 2938 2261 3013 Εὐλογητὸς
2289 2944 2514 3015 Κύριος,
2579 2947 2782 3012 εὐθέως
2814 2951 2841 3003 ὁ
2872 2950 3026 3014 ὑετὸς
3079 2951 3319 3005 ἔστειλεν
3387 2953 3501 3006 άπὸ
3525 2955 3625 3012 τῆς

323 3030 447 3099 γῆς.
484 3027 638 3084 Εἷδεν
676 3032 730 3085 δὲ
760 3033 1079 3101 Ἐπιφάνιος
1119 3032 1279 3085 πάλιν
1320 3032 1419 3102 τὴν
1454 3031 1656 3102 πολλὴν
1722 3031 1942 3103 ὄχλησιν
1979 3030 2077 3101 τὴν
2137 3034 2428 3105 γινομένην
2450 3037 2599 3109 αὑτῷ
2632 3040 2691 3092 ἐν
2739 3039 2816 3112 τῷ
2851 3043 3247 3118 μοναστηρίῳ,
3286 3044 3385 3097 καὶ
3460 3044 3628 3098 πάλιν

324 3121 591 3191 ἐζήτησεν
624 3123 1080 3194 ὑπαναχωρῆσαι.

396 3211 613 3265 XXXII.
654 3212 791 3265 Cum
825 3223 1005 3267 autem
1045 3214 1341 3283 aliquando
1388 3212 1897 3282 eonvenissentcpi~

2087 3211 2212 3263 AB'.
2239 3204 2377 3263 Ποτὲ
2402 3212 2533 3282 γοῦν
2562 3216 2610 3267 οἱ
2637 3216 2925 3270 ἐπίσκοποι
2956 3218 3221 3291 συλλογὴν
3254 3223 3625 3294 ποιησάμενοι

325 3301 475 3371 scopi
509 3316 607 3370 pro
658 3302 898 3354 creando
950 3302 1233 3373 episcopo,
1296 3304 1627 3357 mentionem
1665 3302 1912 3357 fecerunt

327 3392 640 3463 Epiphanii.
684 3391 816 3445 Erat
862 3392 1007 3447 enim
1042 3394 1261 3463 quidam
1301 3395 1605 3448 monachus
1630 3395 1683 3447 in
1732 3393 1913 3446 medio

326 3485 736 3554 episcoporum,
768 3485 852 3538 vir
898 3486 1050 3554 pius,
1083 3494 1241 3539 attate
1268 3488 1508 3556 juvenis,
1551 3485 1822 3554 periectus
1857 3486 1910 3537 in

328 3576 689 3644 temperantia
740 3591 805 3629 ac
850 3576 1241 3642 moderatione,
1280 3579 1502 3631 nomine
1544 3577 1818 3647 Polybius.
1868 3577 1914 3631 Is

329 3675 558 3718 noverat
601 3664 988 3733 Epiphanium.
1025 3664 1085 3717 Ei
1117 3676 1297 3721 autem
1325 3668 1581 3721 dixerunt
1631 3667 1868 3736 episcopi
1898 3686 1910 3719 :

327 3754 528 3822 Accipe
556 3767 784 3822 equum,
818 3763 871 3807 et
894 3756 1027 3807 vade
1056 3755 1108 3807 in
1144 3757 1558 3815 monasterium,
1586 3764 1639 3808 et
1676 3755 1794 3808 vide
1846 3771 1911 3807 an

332 3840 404 3892 sit
454 3839 567 3893 illic
619 3837 981 3908 Epiphanius,
1033 3849 1086 3893 et
1142 3856 1370 3895 currens
1417 3842 1682 3896 annuntia
1736 3842 1911 3895 nobis.

330 3928 546 3984 Nemini
577 3946 704 3984 vero
731 3931 954 3999 dixeris,
981 3940 1035 3985 et
1068 3947 1165 3985 nec
1202 3933 1305 4001 ipsi
1340 3933 1557 4002 quidem
1588 3932 1911 4002 Epiphanio.

332 4022 472 4103 Cum
519 4033 701 4077 autent
766 4023 1022 4094 Polybius
1081 4026 1317 4080 venisset
1357 4027 1409 4078 in
1483 4026 1913 4094 monasterium,

333 4102 592 4170 salutavit
621 4113 1003 4183 Epiphanium.
1038 4116 1135 4170 Cui
1187 4117 1274 4170 ille
1309 4116 1484 4169 dixit:
1536 4116 1668 4184 Cur,
1715 4118 1788 4171 nn
1821 4118 1918 4171 Po-

335 4207 465 4279 lybi,
509 4206 615 4260 huc
651 4206 882 4260 venisti?
917 4207 1055 4262 Dicit
1091 4208 1349 4279 Polybius
1381 4228 1392 4262 :
1439 4209 1575 4279 Ego,
1605 4209 1785 4275 Pater,
1824 4226 1916 4265 vo-

334 4300 388 4353 lo
420 4312 751 4353 concurrere
792 4314 915 4351 cum
954 4300 1199 4352 veritate.
1231 4299 1370 4351 Dixit
1406 4299 1743 4368 Epiphanius
1772 4319 1784 4353 :
1814 4303 1915 4355 Ac-

335 4388 581 4452 eurristi,
618 4387 933 4456 venistique
986 4386 1113 4452 huc,
1160 4403 1192 4440 ο
1247 4387 1322 4441 ﬁli
1367 4387 1589 4458 Polybi,
1639 4389 1842 4444 missus
1889 4408 1916 4443 a

336 4482 544 4537 sanctis
567 4480 941 4535 sacerdotibus
969 4480 1033 4534 ad
1060 4480 1448 4550 speculandum
1472 4499 1486 4547 ;
1522 4483 1631 4536 noli
1659 4482 1853 4547 celare,
1886 4499 1917 4538 ο

337 4574 411 4627 lili
433 4612 447 4636 ,
475 4572 615 4626 mala
650 4587 738 4627 res
768 4581 852 4626 est
897 4573 1267 4638 mendacium,
1307 4572 1396 4627 dic
1426 4574 1732 4628 veritatem.
1777 4575 1917 4632 Deus

334 4674 418 4717 est
450 4664 502 4716 in
533 4663 748 4728 medio;
793 4670 912 4715 esto
957 4663 1165 4731 probus
1208 4663 1456 4718 minister
1489 4666 1754 4719 veritatis.
1791 4664 1919 4735 Epi-

334 4756 571 4824 phanius
604 4753 749 4807 enim
798 4751 949 4806 vadit
983 4753 1051 4806 de
1081 4753 1203 4807 loco
1250 4754 1314 4806 ad
1368 4753 1572 4816 locum,
1614 4772 1837 4825 gemens
1866 4765 1920 4810 et

336 4858 574 4902 tremens
623 4854 843 4916 propter
876 4844 1043 4899 multa
1092 4859 1188 4900 sua
1223 4856 1461 4913 peccata.
1511 4845 1614 4901 Sed
1665 4838 1918 4917 agedum,

335 4939 546 5010 Polybi,
587 4953 748 4993 mane
801 4937 911 5002 hic,
967 4945 1020 4991 et
1069 4936 1287 4991 remitte
1334 4935 1666 5003 jumentum,
1711 4946 1765 4991 et
1798 4939 1917 4992 sine

338 5031 650 5083 sacerdotes
681 5042 928 5097 quaerere
955 5014 1175 5096 eosqui
1198 5025 1348 5095 digni
1381 5034 1511 5079 sunt
1532 5024 1685 5080 locis.
1731 5025 1921 5080 Paruit

338 5117 645 5187 Epiphanio
672 5114 973 5187 Polybius;
1021 5126 1074 5171 et
1101 5131 1226 5170 cum
1254 5113 1435 5167 valere
1466 5112 1719 5181 jussisset
1749 5117 1921 5169 comi—

338 5219 472 5275 tem,
514 5209 725 5264 remisit
768 5224 970 5277 equum
1012 5208 1077 5263 ad
1106 5194 1433 5277 episcopos.
1461 5203 1562 5270 Qui
1608 5216 1790 5259 autem
1831 5208 1926 5260 du-

340 5303 496 5358 cebat
524 5299 910 5371 Epiphanium,
943 5313 1069 5353 eum
1097 5298 1253 5353 duxit
1282 5298 1333 5351 in
1367 5296 1645 5366 regionem
1697 5298 1923 5368 Cyprio-

342 5411 488 5452 rum.
523 5393 618 5447 Illa
665 5408 796 5461 ergo
829 5396 990 5444 nocte
1026 5390 1237 5460 accepit
1299 5404 1386 5443 me
1436 5395 1489 5441 et
1522 5385 1832 5457 Polybium,
1875 5399 1929 5445 et

339 5485 546 5559 egressi
575 5500 768 5540 sumus
794 5468 1206 5552 proﬁciscentes
1238 5477 1633 5547 Hierosolyma.
1668 5479 1923 5534 Fuimus-

344 5594 451 5651 que
478 5578 586 5631 illic
611 5585 724 5629 tres
752 5573 889 5627 dies.
938 5568 1084 5623 Dixit
1116 5577 1296 5622 autem
1345 5566 1505 5619 nubis
1548 5564 1921 5635 Epiphanius:

417 5734 490 5796 (τε)
534 5732 684 5802 Legit
720 5730 986 5795 interpres
1030 5718 1359 5792 παρέθηκεν.

2018 3302 2147 3372 περὶ
2184 3303 2507 3371 ἐπισκόπου,
2559 3307 2910 3379 ἐμνήσθησαν
2958 3310 3086 3382 περὶ
3123 3313 3476 3382 Ἐπιφανίου.
3513 3313 3626 3371 Ἶριν

2015 3391 2069 3443 δέ
2100 3409 2182 3455 τις
2220 3394 2450 3463 μοναχὸς
2480 3399 2537 3448 ἐν
2566 3397 2718 3468 μέσῳ
2739 3400 2844 3452 τῶν
2884 3401 3225 3469 ἐπισκόπων,
3273 3405 3420 3478 ἀνὴρ
3454 3407 3626 3463 εὑλα-

2017 3483 2137 3553 6ης,
2165 3485 2282 3548 νέος
2313 3488 2596 3557 τυγχάνων
2626 3493 2692 3561 τῇ
2722 3491 2929 3564 ἡλικία,
2956 3494 3160 3558 τέλειος
3196 3494 3272 3549 ὢν
3301 3500 3362 3550 ἐν
3400 3516 3623 3570 σωφρο-

2020 3576 2171 3648 σύνῃ,
2203 3577 2461 3642 Πολύϐιος
2490 3581 2732 3649 ὀνόματι.
2760 3580 2926 3648 Οὗτος
2942 3586 2999 3638 δὲ
3015 3587 3131 3658 ᾔδει
3160 3587 3251 3641 τὸν
3268 3589 3621 3658 Ἐπιςράνιον.

2020 3663 2184 3720 Εἶπον
2205 3669 2259 3720 δὲ
2279 3670 2411 3740 πρδς
2433 3672 2653 3725 αὑτὺνοὶ
2684 3675 2971 3731 ἐπίσκοποι
2994 3696 3007 3708 ⁶
3026 3682 3171 3735 Λάϐε
3208 3682 3512 3755 ὑποζύγιον
3528 3687 3627 3752 ὀξὺ

2017 3761 2127 3821 τοῖς
2158 3761 2303 3824 ποσὶ,
2342 3762 2432 3813 καὶ
2471 3762 2670 3817 ἄπελθε
2698 3768 2754 3817 ἐν
2799 3767 2877 3839 τῷ
2909 3773 3279 3844 μοναστηρίῳ,
3316 3778 3413 3829 καὶ
3438 3778 3539 3843 ῑδε,
3576 3780 3626 3832 εί

2021 3851 2135 3902 ἐκεῖ
2160 3851 2304 3902 ἐστιν
2329 3851 2673 3922 Ἐπιφάνιος,
2714 3859 2797 3911 καὶ
2834 3858 3058 3930 δραμὼν
3095 3863 3423 3933 ἀνάγγειλον
3451 3871 3590 3939 ἡμῖν
3608 3885 3625 3900 '

2023 3940 2213 4031 μηδενὶ
2238 3942 2295 4031 δέ
2321 3942 2477 3995 τοῦτο
2490 3945 2851 4020 ἀπαγγείλῃς,
2873 3951 3007 4022 μηδὲ
3032 3954 3181 4024 αὐτῷ
3193 3955 3625 4031 τῷἙπιφανίῳ.

2033 4030 2233 4086 Ἐλθὼν
2248 4030 2341 4086 οὖν
2358 4037 2385 4087 ὁ
2406 4036 2663 4100 Πολύϐιος
2680 4039 2735 4091 ἐν
2759 4039 2835 4110 τῷ
2853 4047 3218 4116 μοναστηρίῳ,
3236 4049 3516 4118 εἰσῆλθεν,
3535 4030 3628 4107 καὶ

2020 4123 2305 4192 ἠσπάσατο
2330 4126 2418 4178 τὸν
2450 4128 2781 4195 Ἐπινράνιον.
2801 4130 2965 4187 Εἶπεν
2993 4136 3387 4207 δὲἘπιιράνιος
3410 4142 3491 4211 τῷ
3520 4146 3630 4197 IIo—

2020 4214 2205 4285 λυϐίῳ⁸
2230 4217 2314 4280 Τί,
2331 4218 2516 4270 τέκνον
2536 4219 2784 4288 Πολὺᾶιε,
2812 4220 2973 4294 ἦλθες
2995 4228 3228 4294 ἐνταῦθα
3244 4248 3261 4296 ;
3279 4232 3549 4299 Πολύϐιος
3567 4237 3627 4290 δὲ

2022 4302 2172 4359 εἶπεν
2212 4308 2539 4380 Ἐπιτρανίῳ·
2569 4311 2713 4380 Ἐγὼ
2735 4314 3013 4393 βούλομαι,
3046 4306 3271 4393 Πάτερ,Δ
3300 4330 3627 4399 συντρέχειν

2021 4402 2086 4469 τῇ
2108 4400 2352 4493 ἀληθείᾳ.
2384 4399 2552 4455 Εἶπεν
2574 4404 2629 4456 δὲ
2659 4405 2973 4475 Ἐπιφάνιος
2997 4411 3074 4482 τῷ
3095 4414 3343 4488 Πολυϐίῳ
3362 4437 3375 4449 ’
3421 4420 3630 4493 Ἔδρα-

2028 4508 2145 4560 μες,
2175 4491 2448 4555 ἐϐάδισας,
2477 4493 2663 4547 τέκνον
2684 4494 2933 4562 Πολύϐιε,
2973 4504 3249 4572 πεμφθεὶς
3276 4510 3433 4579 παρὰ
3456 4491 3626 4566 ὁσίων

2026 4581 2236 4651 ἀνδρῶν
2270 4584 2362 4636 ἐπὶ
2396 4588 2822 4658 κατασκοπήσει.
2877 4593 2968 4663 Μὴ
2998 4595 3232 4665 κρύπτε,
3267 4600 3494 4657 τέκνονο
3525 4624 3627 4659 κα-

2025 4673 2119 4767 κδν
2152 4674 2217 4767 to
2244 4673 2438 4767 ψεῦδος
2458 4691 2472 4767 ν·
2513 4675 2636 4745 λέγε
2667 4677 2764 4749 τὴν
2810 4680 3062 4750 ἀλήθειαν
3088 4702 3100 4715 ο
3134 4688 3267 4753 Θεὸς
3308 4693 3367 4744 ἐν
3426 4697 3588 4767 μέσῳ
3608 4714 3622 4728 θ

2024 4766 2176 4859 γίνου
2201 4765 2421 4835 δόκιμος
2447 4766 2689 4832 διάκονος
2716 4771 2814 4840 τῆς
2841 4772 3119 4845 ἀληθείας.
3146 4781 3479 4851 Ἐπιφάνιος
3515 4765 3626 4859 γάρ

2026 4858 2371 4930 περιέρχεται
2408 4859 2567 4911 τόπον
2593 4862 2657 4913 ἐκ
2679 4861 2866 4927 τόπου,
2895 4867 3096 4922 στένων
3129 4873 3224 4925 καὶ
3261 4876 3490 4947 τρέμων
3534 4858 3627 4932 διά

2024 4951 2121 5011 τὰς
2147 4948 2439 5018 ἁμαρτίας.
2470 4948 2801 5022 Ἀλλὲιδεῦρο
2832 4954 2917 5026 δὴ,
2944 4959 3196 5026 Πολὺὅιε,
3229 4965 3360 5034 μένε
3404 4969 3607 5025 ἐνθάδε

2019 5045 2115 5098 καὶ
2152 5042 2470 5096 ἀπόστειλον
2500 5042 2561 5094 τὸ
2595 5043 2887 5113 ὑποζύγιον
2923 5054 3036 5114 τοῖς
3081 5054 3323 5124 ἱερεῦσι,
3357 5062 3454 5113 καὶ
3481 5036 3625 5132 aea}

2020 5137 2145 5199 τοὺς
2177 5137 2340 5206 ἱερεῖς
2380 5134 2561 5205 ζητεῖν
2590 5136 2717 5199 τοὺς
2754 5138 2937 5203 ἀξίους
2975 5142 3093 5209 τῶν,
3110 5147 3313 5202 τόπων,
3345 5152 3540 5207 Ταῦτα
3564 5155 3624 5207 δὲ

2022 5224 2189 5277 εἰπὼν
2214 5222 2534 5290 Ἐπιφάνιος
2560 5222 2637 5293 τῷ
2668 5224 2934 5296 Πολυϐίῳ,
2963 5229 3167 5295 εὐθέως
3193 5234 3417 5301 ἐδέξατο
3446 5240 3476 5289 ὁ
3510 5241 3621 5292 Πο-

2025 5312 2206 5377 λύϐιος
2229 5314 2319 5367 τὸν
2366 5314 2522 5381 λόγον
2548 5314 2868 5382 Ἐπιφανίου
2897 5335 2909 5346 ·
2953 5319 3046 5372 καὶ
3092 5321 3156 5391 δὴ
3201 5327 3624 5398 συνταξάμενος

2030 5403 2105 5474 τῷ
2138 5404 2434 5473 ἀκολούθῳ,
2470 5404 2784 5458 ἀπέστειλεν
2810 5406 2870 5459 τὸ
2904 5408 3196 5479 ὑποζύγιον
3245 5420 3358 5480 τοῖς
3388 5421 3624 5475 ἐπισκό⁴

2034 5512 2182 5559 ποις·
2223 5497 2315 5550 καὶ
2341 5497 2369 5548 ὁ
2403 5495 2551 5564 ἄγων
2584 5491 2718 5564 ἦγεν
2744 5497 2832 5551 τὸν
2871 5500 3190 5571 Ἑπιφάνιον
3238 5508 3332 5561 ἐπὶ
3359 5512 3461 5580 τῆς
3500 5514 3620 5567 Κυο

2036 5587 2222 5656 πρίων.
2260 5589 2338 5658 Τῇ
2366 5584 2458 5641 οὖν
2496 5587 2650 5641 νυκτὶ
2681 5588 2860 5661 ἐκείνῃ
2890 5590 3067 5647 λαϐὼν
3102 5596 3200 5665 ἐμὲ
3256 5600 3350 5651 καὶ
3374 5602 3468 5655 τὸν
3513 5608 3623 5661 Ποε-
