3808 6130
166 244 269 316 οε,
658 262 665 265 -
1483 238 1536 292 s.
1582 235 1766 291 EPIl’il

1882 237 1919 290 ιι
1964 236 2151 291 vna;
3393 211 3460 287 ce

191 359 398 421 λύϐιον,
435 355 729 429 ἐξήλθομεν
761 358 824 409 ἐκ
860 355 954 408 τοῦ
1011 355 1398 425 μοναστηρίου,
1432 359 1526 410 καὶ
1549 356 1766 426 ἐπορεύ-

1883 357 2126 426 Agedum
2147 398 2161 420 ,
2197 354 2325 420 lilii,
2366 369 2555 409 eamus
2584 361 2635 407 et
2665 353 3000 424 accipiamus
3029 352 3459 407 benedictionem

192 450 368 521 θημεν
420 450 479 501 ὲν
520 447 911 518 Ἱεροσολύμοις
938 448 1029 500 τοῦ
1076 447 1451 518 προσκυνῆσαι
1494 447 1596 518 Γτὴν
1631 447 1775 518 ζωὴν

192 541 351 611 ἡμῶν
376 539 468 593 τὸν
495 538 677 608 τίμιον
702 537 935 608 σταυρόν
953 555 965 567 ·
1017 538 1111 591 καὶ
1144 536 1479 598 εἰσελθόντες
1514 538 1777 606 ἐποιήσα-

1877 464 1905 502 a
1933 447 2095 503 Patre
2127 458 2317 501 nostro
2355 462 2552 517 magno
2596 446 2888 501 llilarione.
2917 446 3094 500 Audio
3140 446 3283 499 enim
3335 460 3461 499 eum

1879 555 2002 595 esse
2036 541 2091 593 in
2121 540 2320 610 Cypro.
2357 538 2460 605 Qui
2496 546 2678 593 autem
2719 540 2971 602 ducebat,
3004 538 3162 614 duxit
3204 539 3297 592 illo
3336 534 3464 606 Epi-

194 648 299 702 μεν
326 632 394 701 γὲν
412 633 477 700 τῇ
504 631 654 683 πόλει
683 632 832 698 τρεῖς
871 630 1102 699 ἡμέρας.
1158 624 1326 682 Εἶπεν
1369 628 1425 680 δὲ
1465 629 1784 695 Ἐπιφάνιος
1883 630 2166 698 phanium.

192 723 333 795 πρὸς
363 725 462 793 ἐμέ
490 733 553 775 τε
586 721 679 775 καὶ
700 721 789 773 τὸν
819 721 1105 774 Πολύϐιον·
1147 721 1309 772 Δεῦτε
1349 719 1413 792 δὴ
1452 719 1546 771 καὶ
1598 720 1973 793 πορευθῶμεν,
2004 723 2150 785 ὅπως
2178 721 2282 774 ὑπὸ
2307 720 2400 773 τοῦ
2457 720 2671 790 Πατρὸς
2700 723 2857 792 ἡμῶν
2912 720 3312 791 εύλογηθῶμεν,
3368 720 3460 775 ’τοῦ

195 813 431 885 μεγάλου
472 814 769 885 Ὶλαρίωνος
787 829 802 845 ⁸
843 813 1056 883 ἀκήκοα
1078 812 1187 884 γὰρ
1219 813 1357 865 εἶναι
1384 812 1545 866 αὐτὸν
1574 813 1631 864 ὲν
1660 816 1771 877 τοῖς
1809 815 2094 885 Κυπρίων.
2134 815 2244 868 Καὶ
2270 816 2298 867 ὁ
2327 814 2474 882 ἄγων
2512 810 2646 886 ἦγεν
2670 814 2759 867 τὸν
2774 815 3122 884 νἘπιφάνιον.
3182 864 3185 865 ,

264 908 386 980 Al".
427 906 811 960 Κατελθόντων
845 904 902 958 δὲ
939 905 1095 976 ἡμῶν
1142 906 1200 960 ὲν
1233 907 1575 979 Καισαρείᾳ,
1612 906 1761 978 ηὖρο·

194 1017 295 1069 μεν
319 1001 437 1053 ἐκεῖ
468 1000 648 1073 πλοῖον
674 998 918 1070 Κύπριον
941 997 1142 1051 ἔσωθεν
1168 998 1269 1068 τῆς
1312 1000 1518 1063 πόλεως
1547 1000 1734 1068 Πάφου
1756 1014 1770 1029 ⁸

190 1093 287 1145 καὶ
340 1091 699 1163 ἐπηρώτησεν
756 1091 1073 1161 Ἐπιφάνιος
1108 1091 1230 1143 ,τὸν
1304 1091 1623 1161 κυριεύοντα
1678 1091 1772 1145 τοῦ

190 1184 381 1235 πλοίου
413 1184 539 1254 περὶ
566 1182 659 1236 τοῦ
692 1182 928 1253 μεγάλου
968 1182 1270 1252 Ἱλαρίωνος
1296 1182 1357 1235 τὸ
1383 1182 1484 1235 ποῦ
1508 1180 1770 1236 κατοικεῖ·

189 1275 289 1328 καὶ
318 1275 481 1337 αὐτὸς
509 1274 860 1345 ἀπήγγειλεν,
897 1275 980 1327 ὅτι
1027 1275 1085 1326 ὲν
1130 1274 1419 1344 περιοικίδι
1455 1274 1555 1344 τῆς
1584 1275 1770 1343 Πάφου

188 1369 248 1419 ὲν
286 1367 551 1437 σπηλαίῳ,
580 1367 674 1421 καὶ
703 1367 784 1419 ὃτι
806 1368 922 1419 ἐκεῖ
945 1366 1099 1435 ζητεῖ
1122 1367 1180 1419 ὲν
1210 1369 1277 1436 τῇ
1308 1366 1480 1436 Πάφῳ
1505 1366 1567 1419 τὸ
1594 1365 1775 1419 πλοῖον

187 1457 370 1528 ἡμῶν.
403 1459 481 1529 Τῇ
508 1454 599 1511 οὖν
636 1459 789 1511 νυκτὶ
812 1458 997 1531 ἐκείνῃ
1027 1457 1343 1528 ἀπήλθομεν
1384 1458 1441 1510 ὲν
1474 1457 1547 1526 τῷ
1582 1457 1771 1528 πλοίῳ,

189 1548 283 1599 καὶ
313 1546 731 1617 ἀπεπλεύσαμεν
760 1549 816 1611 ὲν
844 1548 1017 1616 Πάφῳ
1035 1563 1048 1577 ⁸
1095 1548 1190 1600 καὶ
1231 1547 1294 1618 δὴ
1322 1544 1628 1611 ἐξελθόντες
1666 1548 1774 1601 ἀπὸ

1954 908 2189 961 XXXIII.
2252 906 2389 961 Cum
2438 920 2567 960 vero
2615 904 3331 968 venissemusCzesat-eam,
3382 903 3468 956 in-

1880 1001 2135 1055 venimus
2165 1000 2275 1054 illic
2309 1014 2500 1057 navem
2537 997 2791 1069 Cypriam
2828 1012 2895 1052 ex
2951 996 3195 1051 interiori
3241 995 3466 1065 regione

1878 1091 2084 1162 Paphi;
2119 1100 2172 1146 et
2203 1092 2418 1162 rogavit
2461 1090 2797 1159 Epiphanius
2850 1089 3188 1143 navarchum
3237 1089 3304 1142 de
3350 1102 3466 1141 ma-

1879 1180 2811 1253 gno‘Hilai'ione‘,jubi-habitaret;
2844 1224 2851 1229 .
2880 1180 3269 1250 responditque
3312 1179 3463 1232 illum

1880 1275 1933 1329 in
1967 1275 2144 1328 vicina
2174 1273 2363 1343 Papho
2406 1274 2628 1343 regione
2673 1273 2727 1326 in
2765 1273 3023 1341 spelunca
3059 1271 3253 1341 degere
3275 1312 3290 1335 ,
3321 1278 3375 1323 ct
3409 1270 3464 1323 in

1879 1365 2090 1427 eadem,
2144 1364 2339 1433 inquit,
2393 1362 2563 1432 Paphi
2608 1364 2830 1433 regione
2877 1362 3153 1431 navigium
3212 1369 3459 1427 nostrum

1881 1455 2092 1524 quaerit.
2136 1452 2304 1515 Nocte
2336 1454 2824 1529 igitunilla'nave-
2853 1454 2954 1507 ista
2999 1468 3317 1516 conscensa,
3358 1450 3463 1505 Pa-

1876 1548 2493 1619 phiuii'havigavimus.
2548 1546 2616 1603 Et
2660 1547 2990 1602 excensione
3042 1544 3183 1599 facta
3238 1544 3465 1599 interro-

185 1638 283 1691 τοῦ
317 1640 498 1692 πλοίου
530 1639 955 1709 διερωτήσαντες
990 1640 1413 1708 κατηντήσαμεν
1454 1641 1533 1701 εἰς
1554 1640 1645 1691 τὸν
1686 1640 1766 1710 μέ-

1890 1646 2081 1711 gantes
2131 1644 2479 1713 pervenimus
2515 1644 2582 1696 ad
2631 1657 2888 1711 magnum
2924 1639 3281 1694 l'lilarionem.
3337 1638 3462 1692 Fuit

186 1747 294 1797 γαν
330 1729 633 1800 Ἰλαρίωνα.
674 1730 783 1782 Καὶ
809 1729 1157 1783 εἰσελθόντων
1191 1729 1345 1799 ἡμῶν
1376 1730 1592 1798 ἐγένετο
1630 1732 1775 1801 χαρὰ

191 1822 406 1892 μεγάλη
440 1823 532 1874 ἐπὶ
563 1824 628 1893 τῇ
666 1822 946 1892 συντυχίᾳ,
978 1822 1072 1874 καὶ
1094 1822 1392 1892 ἐμείναμεν
1424 1824 1483 1875 ἐν
1512 1821 1589 1891 τῷ
1624 1826 1773 1892 τόπῳ

188 1915 385 1984 ἐκείνῳ
416 1914 508 1967 δύο
538 1913 734 1984 μῆνας.
760 1914 761 1917 “
788 1910 948 1983 Εἷχεν
990 1913 1047 1966 δὲ
1095 1914 1259 1967 πολὺν
1315 1914 1482 1967 κόπον
1531 1915 1773 1985 Ὶλαρίων

188 2005 298 2060 ἀπὸ
323 2004 431 2058 τῶν
461 2007 912 2077 παραγινομένων
943 2006 1076 2077 πρὸς
1114 2005 1296 2058 αὐτόν.
1354 2006 1440 2068 Ὠς
1472 2006 1527 2058 δὲ
1560 2005 1773 2075 ἔκρινεν

187 2097 511 2166 Ἐπιφάνιος
557 2094 649 2150 τοῦ
686 2096 919 2163 ἐξελθεῖν
954 2099 1101 2167 ἡμᾶς
1123 2096 1232 2149 ἀπὸ
1256 2096 1354 2167 τῆς
1382 2096 1591 2165 Πάφου,
1620 2094 1773 2151 εἶπεν

199 2189 540 2259 Ἰλαρίωντῷ
569 2189 880 2259 Ἐπιφανίῳ
900 2188 1053 2242 νΠοῦ
1075 2182 1300 2260 πορεύῃ,
1334 2189 1560 2252 τέκνον;
1602 2185 1775 2242 Εἶπεν

186 2282 244 2335 δὲ
280 2282 599 2350 Ἐπιφάνιος
633 2280 779 2353 πρὸς
808 2273 1130 2354 Ἰλαρίωνα’·
1170 2282 1265 2344 Εἰς
1324 2281 1657 2344 Ἀσκαλῶνα,
1693 2284 1772 2346 είς

184 2375 229 2427 Γ
232 2374 390 2438 ἀζαν,
414 2376 509 2428 καὶ
537 2375 795 2428 ἐπέκεινα
824 2376 916 2427 ἐπὶ
950 2374 1046 2445 τὴν
1078 2378 1200 2445 γῆν.
1238 2369 1407 2428 Εἶπεν
1433 2373 1489 2426 δὲ
1528 2373 1771 2445 Ἰλαρίων

184 2468 326 2539 πρὸς
352 2467 697 2537 Ἐπιφάνιον·
737 2466 975 2537 Πορεύου
1011 2466 1102 2519 ἐπὶ
1150 2467 1249 2536 τὴν
1299 2465 1645 2535 Σαλαμήνην,
1681 2466 1771 2518 τέ-

162 2564 334 2621 ’κνον,
380 2559 476 2612 καὶ
517 2560 769 2630 εὑρήσεις
799 2559 962 2611 τόπον
1014 2558 1109 2611 τοῦ
1168 2559 1386 2627 οἰκῆσαι
1436 2558 1568 2611 ἐκεῖ.
1608 2559 1665 2610 Ὀ
1714 2558 1770 2611 δὲ

185 2651 507 2722 Ἐπιφάνιος
553 2653 653 2705 οὐκ
716 2650 968 2704 ἐϐούλετο
1020 2649 1114 2703 τοῦ
1175 2650 1407 2703 ἀκούσαι
1457 2649 1565 2701 τῶν
1597 2649 1769 2717 λόγων

199 2745 522 2815 ’0.αρίωνος.
556 2745 724 2798 Πάλιν
758 2741 853 2821 οζιν
882 2739 1034 2796 εἶπεν
1080 2742 1323 2812 Ίλαρίων
1354 2741 1491 2811 πρὸς
1530 2742 1767 2809 Ἐπιφά-

182 2831 543 2890 νιον⁴Ἐῖἀτόν
576 2832 677 2899 σοι,
700 2830 907 2899 τέκνον,
936 2836 1017 2887 ὅτι
1044 2835 1161 2886 ἐκεῖ
1196 2849 1256 2885 σε
1290 2832 1370 2885 δεῖ
1393 2831 1647 2885 ἀπελθεῖν
1675 2833 1770 2885 καὶ

181 2929 305 2981 ἐκεῖ
329 2926 671 2996 κατοικῆσαι.
705 2927 796 2997 Μὴ
826 2922 918 2979 οὖν
952 2926 1041 2995 ἔχε
1095 2925 1430 2994 φιλονεικίαν
1476 2925 1612 2995 πρὸς
1643 2925 1770 2987 τοὺς

178 3024 377 3092 λόγους
402 3024 580 3094 ἡμῶν,
618 3025 827 3095 μήποτε
866 3023 960 3077 καὶ
992 3022 1241 3076 κινδύνου
1293 3020 1618 3075 θαλαττικοῦ
1677 3038 1771 3091 με-

176 3116 445 3186 ταλάϐης,
479 3116 883 3186 ’Λσπασάμενοι
914 3111 1028 3177 οὖν,
1048 3117 1144 3168 καὶ
1173 3114 1525 3177 κατελθόντες
1554 3113 1645 3165 ἐπὶ
1671 3113 1770 3183 τῆς

179 3210 482 3279 θαλάσσης,
534 3207 769 3280 εὕρομεν
797 3207 890 3261 δύο
921 3208 1110 3260 πλοῖα·
1162 3206 1224 3259 τὸ
1280 3206 1339 3259 ἓν
1384 3204 1657 3276 διαπερῶν
1691 3206 1768 3268 εἰς

177 3300 524 3363 Ἀσκαλῶνα,
568 3300 663 3353 καὶ
710 3300 772 3353 τὸ
800 3299 929 3352 ἄλλο
979 3297 1231 3351 διαπλέον
1283 3299 1362 3361 εἰς
1419 3297 1763 3367 Σαλαμήνην.

176 3391 542 3447 ’Λνελθόντων
564 3391 620 3445 δὲ
639 3391 797 3463 ἡμῶν
824 3393 882 3444 ἐν
899 3390 976 3461 τῷ
1002 3390 1174 3461 πλοίῳ
1205 3389 1297 3443 τοῦ
1327 3389 1418 3441 ἐπὶ
1452 3388 1767 3442 Ἀσκαλῶνα

178 3485 401 3556 ἔχοντος
425 3483 740 3548 ἀποπλέειν,
778 3478 993 3553 ἐγένετο
1024 3482 1223 3552 λαίλαψ
1254 3482 1428 3552 μέγας
1461 3482 1518 3533 ὲν
1550 3483 1615 3551 τῇ
1670 3480 1766 3534 θα-

173 3577 379 3651 λάσσῃ,
418 3577 512 3630 καὶ
546 3578 605 3630 τὸ
635 3576 817 3630 πλοῖον
857 3573 1194 3629 ἐκινδύνευεν
1244 3575 1338 3629 τοῦ
1386 3572 1762 3645 συντριϐῆναι.

176 3667 557 3739 Ἑποιήσαμεν
584 3669 639 3722 δὲ
665 3672 813 3739 τρεῖς
836 3669 1050 3740 ἡμέρας
1086 3668 1144 3721 ὲν
1172 3670 1238 3738 τῇ
1275 3666 1521 3737 θαλάσσῃ
1542 3706 1555 3730 ,
1600 3667 1767 3718 ἀπευ-

174 3761 513 3832 δοκήσαντες
538 3760 745 3814 ἑαυτῶν
767 3779 779 3791 ·
824 3760 917 3813 καὶ
944 3762 1011 3830 τῇ
1040 3759 1279 3830 τετάρτῃ
1325 3758 1508 3829 ἡμέρᾳ
1544 3756 1766 3822 ἐδίωξαν

178 3853 245 3906 τὸ
282 3853 469 3907 πλοῖον
492 3855 572 3917 εἰς
598 3853 666 3906 τὰ
699 3852 1071 3924 ἐπιφερόμενα
1090 3851 1311 3923 κύματα
1333 3868 1346 3881 ·
1379 3851 1474 3903 καὶ
1504 3848 1769 3920 προσεπέ-

177 3942 352 3995 λασαν
376 3943 525 4012 ἡμᾶς
550 3943 640 3996 ἐπὶ
664 3941 763 4014 τὴν
795 3934 1160 4013 Σαλαμηνέων
1191 3941 1366 3995 πόλιν.
1392 3940 1503 3993 Καὶ
1532 3940 1595 4008 δὴ
1618 3938 1759 4003 ἐξελ-

177 4034 370 4097 θόντες
404 4034 514 4087 ἀπὸ
532 4033 625 4086 τοῦ
660 4032 848 4087 πλοίου
879 4033 1088 4086 ἔκειντο
1120 4034 1361 4096 ἅπαντες
1388 4032 1482 4084 ἐπὶ
1530 4030 1628 4101 τὴν
1660 4031 1763 4100 γῆν

174 4126 366 4196 νεκροὶ
401 4125 509 4178 ἀπὸ
538 4126 635 4196 τῆς
679 4125 879 4195 πολλῆς
930 4125 1161 4195 θλίψεως
1220 4126 1312 4178 καὶ
1364 4123 1462 4194 τῆς
1525 4123 1758 4185 ἀσιτίας.

174 4219 502 4287 Ἐπέμεινεν
534 4218 590 4270 δὲ
628 4217 689 4270 τὸ
723 4216 907 4270 πλοῖον
967 4218 1058 4272 ἐπὶ
1096 4217 1173 4289 τῷ
1226 4217 1379 4287 τόπῳ
1446 4214 1766 4285 ἐπιμελείας

1881 1748 2060 1791 autem
2097 1750 2292 1805 magna
2336 1735 2388 1789 in
2420 1750 2717 1804 congressu
2748 1734 2960 1796 lzetitia,
3011 1741 3081 1803 et;
3112 1731 3221 1786 illic
3252 1731 3460 1785 mansi-

1870 1834 2009 1882 mus‘
2057 1826 2389 1881 duos“dies.~
2431 1823 2631 1893 Magna
2673 1840 2805 1878 vero
2859 1839 3052 1878 rursus
3101 1830 3185 1877 est
3220 1823 3457 1876 exhibita

1877 1918 2144 1974 llilarioni
2180 1918 2429 1973 molestia
2452 1918 2521 1972 ab
2544 1917 2613 1972 iis
2661 1917 2752 1983 qui
2796 1916 2863 1970 ad
2899 1916 3077 1986 ipsum
3107 1916 3458 1971 accedebant.

1878 2010 2015 2065 Cum
2073 2019 2255 2065 autem
2308 2009 2496 2078 Papho
2546 2008 2729 2079 egredi
2774 2006 3459 2077 statuissetEpiphanius,

1876 2103 2015 2156 dixit
2051 2101 2294 2156 Hilarion
2346 2101 2696 2171 Epiphanio:
2743 2099 2863 2166 Quo
2909 2099 3086 2164 vadis,
3145 2100 3263 2153 ﬁli?
3314 2099 3462 2153 Dixit

1876 2190 2215 2263 Epiphanius
2246 2211 2260 2247 :
2302 2193 2651 2258 Ascalonem,
2689 2190 2917 2254 Gazam,
2956 2201 3010 2245 et
3040 2190 3274 2244 ulterius
3294 2192 3457 2245 etiam
3534 2206 3541 2211 ι

1876 2288 1931 2340 in
1970 2285 2342 2340 solitudinem.
2400 2284 2547 2337 Dixit
2597 2283 2647 2336 ei
2691 2281 2984 2337 Hilarion:
3029 2283 3177 2337 Vade
3228 2283 3455 2337 Salami-

1877 2392 2024 2439 nam,
2056 2389 2089 2429 o
2116 2374 2190 2428 lili
2214 2415 2229 2438 ,
2265 2360 2461 2428 et'illic
2494 2373 2738 2427 invenies
2759 2373 2938 2426 locum
2979 2373 3046 2426 ad
3078 2373 3453 2428 habitandum.

1874 2467 2213 2538 Epiphanius
2253 2477 2433 2522 autem
2467 2468 2684 2521 nolebat
2723 2466 2912 2520 audire
2937 2467 3102 2520 verba
3134 2465 3453 2523 Hilarionis.

1876 2559 2088 2614 Rursus
2136 2574 2266 2630 ergo
2312 2560 2449 2612 dixit
2492 2556 2735 2612 Hilarion
2773 2556 3041 2627 :Oportet
3066 2566 3116 2612 te
3165 2573 3230 2612 eo
3274 2559 3373 2620 ire,
3404 2568 3458 2612 et

1875 2652 1985 2706 illic
2008 2652 2267 2706 habitare.
2299 2649 2419 2705 Noli
2461 2648 2590 2719 ergo
2634 2649 2897 2704 adversus
2932 2650 3096 2705 verba
3148 2665 3266 2703 mea
3313 2664 3451 2704 con-

1876 2743 2118 2809 tendere,
2144 2759 2211 2797 ne
2240 2742 2379 2797 forte
2411 2743 2463 2795 in
2496 2742 2632 2795 mari
2659 2738 2858 2796 “venias
2888 2740 2942 2793 in
2984 2741 3311 2809 periculum.
3352 2740 3459 2793 Va-

1875 2837 1987 2892 lere
2034 2839 2220 2907 itaque
2245 2836 2402 2905 jusso
2436 2834 2738 2899 Hilarione,
2775 2848 2899 2887 cum
2943 2831 3009 2885 ad
3042 2846 3192 2885 mare
3225 2832 3456 2886 descen-

1875 2927 2168 2992 dissemus,
2193 2926 2501 2980 invi=nimus
2523 2924 2658 2979 duas
2686 2938 2851 2978 naves
2875 2941 2888 2977 :
2916 2937 3102 2989 unam,
3135 2938 3256 2991 qua
3283 2932 3462 2976 trans-

1874 3020 2122 3074 mittebat
2151 3020 2511 3084 Ascalonem;
2545 3018 2772 3071 alter-ain
2811 3022 2980 3081 vet‘o,‘
3006 3030 3128 3083 quae
3169 3014 3460 3084 navigabat

1875 3112 2228 3167 Salaminam.
2292 3111 2426 3165 Cum
2493 3118 2674 3162 autem
2757 3107 3202 3162 ascendissemus
3249 3121 3441 3160 navem

1873 3220 1995 3275 qua:
2040 3212 2160 3258 erat
2206 3203 2346 3256 itura
2399 3203 2761 3259 Ascalonem,
2819 3198 2919 3253 l‘nit
2968 3199 3022 3252 in
3074 3199 3211 3252 mari
3262 3180 3456 3265 magna

1872 3299 2185 3358 tempestas.
2217 3288 2450 3358 Fuitque
2477 3289 2632 3342 navis
2680 3289 2732 3341 in
2766 3287 3008 3364 periculo
3044 3303 3146 3364 .ne
3178 3288 3456 3364 frangere-

1870 3391 1961 3435 tur
2007 3381 2121 3437 a.vi
2170 3380 2483 3453 undarum.»
2506 3377 2843 3448 Fuimusque
2895 3361 3136 3432 in‘m'ari
3183 3389 3293 3433 tres
3337 3361 3458 3435 dies

1869 3473 2052 3529 animo
2076 3473 2230 3527 valde
2257 3472 2441 3527 anxio.
2472 3470 2678 3537 Quarto
2699 3479 2880 3525 autem
2915 3470 3003 3524 die
3041 3470 3319 3539 superavit
3351 3486 3450 3524 na-

1867 3565 1949 3620 vis
1974 3563 2170 3621 lluctus
2224 3564 2315 3633 qui
2348 3564 2692 3633 ingruebant,
2733 3570 2787 3616 et
2813 3562 2866 3615 in
2896 3559 3321 3615 Salaminiorum
3355 3574 3455 3615 nos

1867 3656 1975 3725 egit
2004 3656 2301 3710 civitatem.
2339 3653 2487 3709 Nave
2513 3670 2644 3709 vero
2678 3652 2883 3723 egressi
2929 3667 3140 3719 omnes,
3173 3651 3325 3705 humi
3363 3650 3453 3720 jac

1867 3748 2062 3802 cebant
2100 3749 2313 3819 mortui
2333 3748 2403 3802 ob
2434 3748 2542 3801 vim
2588 3746 2877 3808 ﬂuctuum,
2911 3760 3278 3815 magnamque
3315 3744 3452 3798 allii-

1866 3840 2101 3895 ctionem
2142 3848 2196 3893 et
2235 3839 2493 3894 inediam.
2543 3837 2742 3892 Mansit
2770 3847 2947 3892 autem
2983 3837 3038 3890 in
3084 3851 3150 3890 eo
3194 3837 3325 3893 loco
3348 3851 3453 3889 na-

1864 3931 1971 3992 vis,
2014 3938 2076 3984 ut
2113 3929 2447 3984 reﬁceretur.
2483 3928 2614 3982 Erat
2641 3927 2786 3981 enim
2829 3942 2869 3985 a,
2902 3926 2955 3979 vi
2996 3925 3272 3986 undarum
3319 3939 3454 3978 con-

1868 4022 2039 4076 vulsa.
2087 4019 2339 4089 Cumque
2370 4029 2480 4075 tres
2502 4020 2620 4074 dies
2649 4018 2760 4073 illic
2793 4007 3113 4082 fuissemus,
3146 4014 3241 4068 Dei
3278 4015 3449 4082 gratia

1869 4114 1922 4168 in
1976 4115 2263 4183 pt‘iStinunt
2314 4128 2509 4168 sumus
2539 4104 2741 4166 Statum
2798 4109 3061 4164 restituti.
3126 4107 3450 4182 Rursusque

1874 4210 2091 4263 volebat
2118 4206 2456 4277 Epiphanius
2489 4222 2554 4260 ex
2585 4220 2650 4259 eo
2677 4219 2780 4261 nos
2809 4205 2930 4259 loco
2966 4203 3240 4273 navigare.

170 4313 380 4379 τυχεῖν.
402 4305 508 4363 1'Hv
524 4312 631 4381 γὰρ
667 4312 985 4365 ἀσπάσαντα
1016 4310 1141 4383 [sic]
1169 4311 1277 4366 ἀπὸ
1302 4311 1399 4380 τῆς
1419 4304 1551 4379 βίας
1575 4302 1855 4377 κυμάτων.
1878 4302 2223 4369 Ποιησάντων
2250 4296 2342 4354 οὖν
2369 4300 2525 4371 ἡμῶν
2556 4302 2704 4371 τρεῖς
2731 4298 2942 4369 ἡμέρας
2976 4295 3058 4350 5ιᾶ
3084 4296 3182 4365 τῆς
3201 4294 3291 4347 τοῦ
3315 4292 3449 4346 Θεοῦ

171 4403 419 4474 χάριτος,
449 4403 682 4474 ἤλθομεν
705 4409 760 4459 ἐν
788 4407 1116 4460 καταστάσει
1139 4421 1151 4436 ’
1180 4407 1273 4459 καὶ⁹
1307 4398 1469 4458 πάλιν
1502 4401 1751 4455 ἐϐούλετο
1787 4400 2105 4468 Ἐπιφάνιος
2170 4398 2263 4451 τοῦ
2321 4394 2807 4466 ἀποπλέειν’ὴμᾶς
2826 4391 2947 4446 -ἀπὺ
2990 4390 3084 4445 τοῦ
3129 4390 3314 4444 τόπου.
3342 4387 3449 4441 Ἤν

170 4494 230 4549 δὲ
251 4499 279 4550 ὁ
319 4497 613 4560 ἐπὶσκοπος
639 4496 730 4550 τοῦ
765 4499 953 4560 τόπου,
988 4498 1130 4567 λέγω
1167 4497 1230 4570 δὴ
1269 4498 1369 4566 τῆς
1410 4495 1615 4557 πόλεως
1648 4492 2035 4563 Σαλαμηνέων,
2065 4490 2372 4557 ὑπεξελθὼν
2401 4490 2491 4542 τὸν
2519 4487 2659 4558 βίονι·
2724 4480 2737 4485 ’

246 4588 369 4644 AA'.
410 4586 591 4644 Ἦσαν
639 4588 730 4645 οὖν
765 4592 1001 4657 ἅπαντες
1034 4594 1082 4646 οἱ
1113 4593 1398 4645 ἐπίσκοποι
1452 4590 1553 4659 τῆς
1598 4589 1758 4659 νήσου

1936 4586 2185 4641 XXXIV.
2200 4580 2368 4639 Erant
2390 4586 2572 4638 autem
2588 4577 2900 4651 congregati
2927 4591 3118 4632 omnes
3133 4575 3324 4630 insuiae
3335 4575 3450 4643 epi-

175 4681 537 4752 συναχθέντες
562 4684 653 4737 ἐπὶ
692 4684 753 4737 τὸ
783 4684 1156 4755 χειροτονῆσαι
1198 4684 1286 4737 τὸν
1315 4682 1608 4753 δυνάμενον
1644 4695 1761 4755 ποιῇ

178 4772 394 4841 μαίνειν
426 4771 523 4840 τὴν
555 4774 791 4844 ποίμνην
826 4773 921 4827 τοῦ
954 4768 1522 4845 ΧριστοῦΪΗσανόὗν
1548 4754 1762 4847 ἡμέρας

173 4863 269 4915 ἐπὶ
302 4861 365 4913 τὸ
394 4862 526 4915 αὐτὸ
560 4862 790 4934 ἔχοντες,
821 4865 914 4918 καὶ
942 4864 1190 4936 δεόμενοι
1216 4860 1309 4917 τοῦ
1331 4858 1591 4933 Χριστοῦ,
1613 4861 1762 4921 ὅπως

173 4953 518 5023 ἀποκαλύψει
555 4955 734 5019 αὐτοῖς
783 4956 873 5010 τὸν
923 4955 1219 5027 δυνάμενον
1259 4952 1624 5026 χρησιμεῦσαι
1670 4949 1763 5004 ἐπὶ

172 5045 275 5113 τῆς
312 5045 611 5118 ἱερωσύνης
630 5064 642 5078 ⁸
674 5043 742 5119 ῆν
770 5047 826 5101 δέ
850 5065 933 5111 τις
964 5047 1070 5101 τῶν
1105 5048 1416 5100 ἐπισκόπων
1447 5047 1594 5109 ὅσιος
1623 5044 1762 5112 ἀνὴρ

174 5141 283 5194 ἀπὸ
310 5142 552 5212 σημείων
580 5150 656 5196 κε’
678 5144 776 5215 τῆς
803 5142 1167 5214 Σαλαμηνέων
1208 5141 1415 5206 πόλεως
1462 5140 1756 5211 χειροτονιαέ

174 5231 291 5296 θεὶς
320 5233 379 5284 ὲν
406 5233 556 5287 πόλει
585 5237 796 5307 οἰκτρᾷ,
834 5234 1050 5307 Κυθρίᾳ
1075 5233 1402 5307 καλουμένῃ.
1419 5233 1616 5286 Τοῦτον
1638 5230 1754 5285 ἕλε-

171 5341 272 5393 γον
300 5324 445 5395 ἔχειν
471 5327 528 5379 ἐν
554 5330 619 5398 τῇ
648 5329 920 5398 ἐπισκοπῇ
948 5322 1431 5397 πεντηκονταοκτὼ
1457 5321 1756 5385 ἐνιαυτούς.

174 5413 348 5480 Οὗτος
381 5416 691 5490 κατηξιώθη
733 5419 826 5472 καὶ
862 5418 1161 5490 μαρτυρίου
1187 5434 1200 5447 ·
1244 5416 1340 5471 καὶ
1370 5415 1542 5469 πολλὰ
1572 5414 1760 5469 παθὼν

172 5502 265 5555 διὰ
296 5502 389 5557 τὸν
418 5505 671 5576 Χριστὸν,
707 5506 949 5579 ἀπελύθη
986 5507 1076 5560 ἐπὶ
1106 5509 1171 5578 τῇ
1203 5506 1464 5578 ὁμολογίᾳ
1495 5505 1590 5559 τοῦ
1629 5504 1759 5559 Υἱοῦ

172 5591 271 5645 τοῦ
302 5592 460 5648 Θεοῦ.
489 5595 686 5650 Τοῦτον
717 5597 897 5664 ἔλεγον
932 5596 1298 5667 κεκρατῆσθαι
1336 5597 1473 5668 μετά
1506 5596 1760 5651 Γελασίου

176 5684 273 5743 τοῦ
306 5688 607 5741 ἐπισκόπου
641 5689 736 5756 τῆς
765 5689 1126 5761 Σαλαμηνὲων
1152 5688 1358 5755 πόλεως
1394 5690 1486 5744 ἐπὶ
1528 5690 1586 5745 τὸ
1623 5708 1761 5763 μαρ-

1869 4678 2018 4748 Sropi
2043 4678 2108 4733 ad
2126 4666 2485 4732 ordinandum
2508 4688 2656 4738 eum,
2672 4671 2763 4742 qui
2783 4665 2971 4741 posset
2987 4664 3211 4738 pascere
3231 4680 3445 4736 gregem

1866 4769 2172 4826 Christi.'E
2205 4770 2315 4821 vita
2349 4767 2493 4821 enim
2529 4755 3119 4820 humana‘excesserat
3159 4759 3306 4811 illius
3342 4758 3440 4811 luci

1868 4863 2178 4932 episcopus,
2225 4859 2486 4923 civitatis,
2517 4843 2766 4925 inquam,
2801 4851 3250 4907 Salaminiorum.
3289 4846 3440 4901 Jam-
3479 4907 3485 4913 ,

1871 4968 1979 5023 que
2019 4953 2229 5022 aliquot
2255 4947 2793 5019 diespi‘ecabantur,
2824 4952 2877 4998 et
2910 4942 3075 4996 Deum
3106 4939 3334 4992 orabant
3385 4947 3445 4992 ut

1871 5045 2029 5099 vellet
2074 5043 2154 5099 eis
2205 5042 2447 5098 revelare
2494 5039 2744 5108 quisnam
2792 5030 2865 5089 'ad
2919 5034 3023 5086 hoc
3059 5030 3275 5084 futurus
3303 5037 3448 5083 esset

1863 5139 2033 5193 utilis.
2072 5135 2202 5189 Erat
2249 5149 2313 5188 ex
2367 5129 2640 5199 episcopis
2673 5123 2903 5196 quidam
2944 5123 3026 5176 vir
3066 5130 3308 5184 sanctus,
3344 5119 3436 5188 qui

1870 5232 2049 5286 fuerat
2084 5227 2367 5282 ordinatus
2394 5224 2445 5276 in
2475 5217 2768 5275 miserabili
2792 5210 3293 5285 quadam'cwitate,
3317 5226 3438 5282 quae

1860 5323 2161 5379 vocabatur
2191 5317 2409 5390 Cytria;
2458 5313 2698 5369 distabat
2731 5316 2913 5365 autem
2951 5307 3229 5363 Salamina
3261 5306 3327 5360 ad
3365 5307 3448 5359 vi-

1860 5416 2126 5472 cesimum
2176 5411 2428 5481 quintum
2475 5403 2733 5475 lapidem.
2782 5401 2918 5457 Eum
2969 5401 3221 5456 dicebant
3274 5398 3447 5453 fuisse

1862 5503 2257 5576 quinquaginta
2285 5509 2411 5555 octo
2434 5512 2604 5553 annos
2637 5497 2689 5550 in
2718 5497 3060 5566 episcopatu.
3086 5492 3285 5546 Fuerat
3316 5505 3445 5545 vero

1863 5596 1910 5651 is
1941 5610 2161 5666 quoque
2190 5592 2446 5660 dignatus
2478 5587 2736 5659 martyrio
2767 5606 2778 5641 :
2811 5595 2863 5641 et
2893 5601 3019 5640 cum
3055 5583 3223 5638 multa
3248 5597 3446 5652 passus

1865 5685 2053 5743 fuisset
2093 5693 2314 5755 propter
2349 5681 2652 5746 Christum,
2688 5680 2970 5733 absolutus
3004 5676 3107 5731 fuit
3148 5676 3197 5728 in
3231 5673 3445 5729 contes-
