3842 6112
383 177 452 234 67
1686 186 1740 239 S.
1779 185 2122 242 EPiPHANil
2166 189 2343 245 VITA.
3590 210 3657 261 68

383 300 539 356 sione
582 300 701 354 Filii
754 299 868 353 Dei.
906 299 1042 354 Eum
1076 302 1332 356 dicebant
1382 302 1551 359 fuisse
1577 317 1794 376 captum
1830 325 1952 363 eum

2060 309 2427 382 τυρῆσαι.⁴Ἡν
2459 314 2512 367 δὲ
2544 313 2602 368 τὸ
2649 318 2706 368 ὲν
2750 321 3027 388 γεννητοῖς
3061 321 3135 391 (a)
3187 321 3352 376 αὑτοῦ
3383 324 3558 394 ὄνομα
3594 329 3654 379 τὸ

381 391 598 446 Gelasio
631 393 888 461 episcopo
921 392 1158 446 civitatis
1189 391 1611 450 Salaminiorum
1642 398 1707 452 ad
1745 399 1870 464 hoc,
1896 409 1956 455 ut

381 489 566 535 essent
596 490 880 553 martyres.
908 481 1038 536 Erat
1067 495 1248 565 autem
1274 484 1322 537 ei
1358 500 1554 538 nomen
1582 488 1651 542 ab
1667 490 1793 543 'ortu
1816 489 1956 560 Pap-

380 586 503 639 pus,
539 572 632 640 qui
667 571 783 640 ipse
811 586 1032 641 quoque
1057 581 1176 627 erat
1200 589 1325 628 cum
1351 575 1641 645 episcopis.
1680 576 1818 632 Eum
1841 581 1957 649 epi-

377 662 527 729 scopi
556 677 749 717 omnes
784 664 1059 718 habebant
1111 673 1170 718 ut
1221 675 1449 734 patrem,
1487 679 1708 738 propter
1742 670 1957 726 confes-

272 753 277 757 ’
378 755 588 808 sionem
637 754 690 806 in
740 752 984 818 Christo,
1014 765 1069 809 et
1114 768 1336 826 propter
1365 773 1540 814 annos
1579 760 1952 830 episcopatus.

378 846 549 900 Porro
585 847 632 900 is
664 847 900 901 habebat
924 849 1089 902 etiam
1118 847 1212 902 Dei
1237 850 1659 919 praescientiam.
1696 851 1763 907 Et
1812 868 1959 908 reve-

380 938 545 991 latum
580 937 656 992 illi
692 937 871 993 fuerat
917 939 984 994 de
1026 938 1354 1009 Epiphanio,
1386 952 1447 995 ut
1473 943 1823 998 ordinaretur
1858 942 1957 999 Sa-

379 1029 726 1083 laminiorum
749 1029 1003 1084 Ecclesia!
1035 1031 1342 1100 episcopus.
1372 1030 1502 1087 Erat
1532 1042 1709 1089 autem
1740 1041 1954 1104 tempus

377 1121 648 1188 aestivum,
679 1123 820 1191 quod
852 1138 986 1176 uvas
1021 1130 1267 1178 maturas
1295 1123 1410 1194 jam
1463 1125 1778 1195 perurebat.
1815 1125 1955 1181 Cum

376 1227 508 1281 ergo
547 1213 829 1268 statuisset
853 1212 1193 1282 Epiphanius
1217 1216 1473 1283 navigare
1495 1232 1522 1270 a
1548 1217 1766 1272 civitate
1798 1216 1956 1273 Sala-
1989 1230 2007 1239 ‘

377 1306 695 1373 miniorum,
726 1307 866 1362 dixit
902 1309 1037 1362 mihi
1089 1318 1145 1363 et
1186 1309 1415 1382 Polybio
1450 1330 1463 1366 :
1497 1311 1722 1378 Eamus,
1750 1314 1869 1381 filii,
1900 1315 1954 1370 iu

377 1397 578 1463 forum,
613 1407 667 1453 et
716 1413 963 1454 emamus
1003 1416 1161 1455 uvas.
1191 1401 1440 1473 Cumque
1463 1419 1494 1460 e
1526 1404 1649 1459 navi
1685 1405 1740 1459 in
1774 1404 1954 1461 forum

375 1489 724 1555 abiissemus,
759 1500 813 1545 et
854 1492 1193 1549 venditorem
1239 1496 1684 1564 conveniremus,
1717 1497 1955 1568 Epipha-

377 1582 522 1645 nius,
566 1583 809 1652 acceptis
859 1584 1076 1642 duobus
1131 1586 1305 1643 botris
1354 1589 1780 1658 pulcherrimis,
1823 1592 1959 1647 dixit

372 1690 406 1727 v
425 1675 644 1730 ~nditori
674 1695 686 1727 :
712 1675 852 1743 Quid
884 1678 967 1734 vis
999 1679 1099 1733 tibi
1128 1680 1251 1734 dem
1284 1696 1384 1750 pro
1408 1682 1495 1737 his
1516 1682 1732 1739 duobus
1756 1685 1958 1741 botris?
1991 1667 2031 1720 Β

374 1763 679 1834 Epiphanio
719 1775 901 1821 autem
933 1783 1057 1824 mos
1090 1778 1211 1824 erat
1238 1785 1346 1825 non
1384 1774 1781 1831 contradicere.
1818 1774 1957 1831 Cum

373 1869 504 1909 vero
534 1856 787 1910 venditor
815 1856 1046 1912 dixisset
1072 1859 1305 1928 pretium
1338 1877 1593 1926 uvarum,
1621 1862 1958 1933 Epiphanius

372 1945 583 2013 accepit
612 1945 925 2014 pecuniam,
955 1955 1017 2001 ut
1055 1947 1294 2004 solveret
1343 1949 1631 2007 venditori.
1667 1951 1822 2009 Tune
1866 1969 1959 2011 ac-

371 2033 515 2087 cedit
550 2042 774 2090 sanctus
803 2034 1043 2106 Pappus,
1071 2037 1331 2093 sun‘ultus
1360 2055 1389 2093 a
1422 2041 1640 2098 duobus
1685 2042 1953 2099 diaconis.

371 2123 540 2179 Erant
584 2133 765 2180 autem
813 2135 923 2183 tres
968 2143 1189 2198 quoque
1235 2145 1360 2184 cum
1403 2130 1521 2202 ipso
1551 2133 1815 2203 episcopi.
1850 2133 1954 2201 Qui

369 2229 494 2269 cum
519 2216 1053 2286 appropinquassent
1068 2218 1396 2290 Epiphanio,
1417 2220 1753 2292 Epiphanius
1771 2226 1954 2282 botros

370 2306 605 2362 habebat
657 2308 712 2362 in
758 2309 1031 2374 manibus,
1063 2320 1117 2367 et
1161 2326 1353 2367 eorum
1401 2313 1654 2382 pretium.
1691 2314 1955 2371 Dixerunt

370 2408 551 2453 autem
585 2399 808 2468 quidam
837 2412 904 2455 ex
932 2402 1245 2457 astantibus
1282 2421 1295 2457 :
1336 2404 1475 2459 Ecce
1506 2405 1596 2459 hic
1623 2406 1823 2461 adsunt
1841 2408 1955 2476 epi-

371 2490 544 2559 scopi.
577 2490 853 2559 incipiens
903 2502 1085 2546 autem
1136 2491 1382 2563 Pappus,
1414 2494 1550 2548 dixit
1598 2495 1905 2566 Epiphanio
1938 2517 1950 2552 :

373 2580 614 2644 Dimitte,
648 2595 682 2634 ο
727 2581 890 2647 abba,
931 2581 1121 2637 botros
1166 2583 1310 2651 apud
1359 2584 1720 2651 venditorem,
1771 2596 1823 2640 et
1871 2602 1956 2642 se-

371 2686 540 2739 quere
573 2685 675 2724 nos
700 2671 756 2725 in
791 2671 1108 2726 ecclesiam.
1144 2670 1485 2729 Recordatus
1518 2689 1647 2730 vero
1672 2677 1823 2731 verbi
1872 2677 1954 2731 di-

372 2762 482 2817 vini
513 2763 659 2832 quod
680 2762 816 2818 dicit
846 2772 902 2820 et
935 2763 1212 2834 eloquitur
1238 2782 1254 2820 :
1286 2764 1525 2822 Lanatus
1551 2783 1666 2821 sum
1699 2769 1753 2823 in
1773 2770 1839 2824 iis
1865 2772 1954 2840 qui

372 2860 621 2914 dixerunt
664 2860 791 2914 mihi
820 2875 841 2914 :
874 2857 943 2915 In
975 2862 1194 2916 domum
1242 2862 1459 2917 Domini
1491 2865 1722 2918 ibimus"
1757 2884 1769 2915 :
1799 2881 1956 2921 secu-

371 2963 459 3012 tus
490 2964 573 3011 est
621 2954 674 3008 in
732 2955 1043 3010 ecclesiam.
1076 2954 1295 3025 Pappus
1327 2966 1508 3012 autem
1541 2957 1677 3051 dixit
1708 2956 1950 3051 Epipha-
1979 2996 2019 3051 ο

367 3047 462 3100 nio
500 3066 513 3100 :
548 3041 659 3102 Fac
689 3047 1015 3111 orationem,
1047 3063 1081 3103 ο
1105 3047 1287 3102 Pater.
1312 3048 1470 3115 Quod
1499 3049 1712 3104 dicebat
1736 3050 1949 3120 Pappus

370 3135 697 3206 Epiphanio,
738 3147 799 3191 ut
849 3153 908 3192 se
958 3138 1297 3208 significaret
1325 3140 1606 3195 clericum.
1638 3139 1818 3210 Pappo
1847 3157 1949 3195 au-

369 3237 477 3281 tem
525 3227 663 3281 dixit
707 3226 1045 3298 Epiphanius
1078 3248 1091 3283 :
1124 3227 1349 3299 Ignosce
1397 3231 1554 3296 mihi,
1598 3229 1760 3286 Pater
1792 3249 1804 3284 :
1840 3246 1946 3287 nou

369 3331 491 3371 sum
525 3317 670 3371 enim
712 3318 768 3371 in
800 3318 968 3373 clero.
997 3317 1147 3374 Dixit
1170 3318 1392 3391 Pappus
1421 3320 1730 3392 Epiphanio
1755 3340 1769 3376 :
1794 3321 1946 3388 Vide,

366 3423 401 3460 o
427 3406 524 3471 ﬁli,
555 3422 624 3461 ue
655 3422 822 3479 neges
867 3424 1050 3464 coram
1090 3418 1169 3466 tot
1197 3412 1403 3468 sanctis
1438 3411 1711 3479 Patribus,
1737 3422 1791 3469 et
1818 3429 1951 3469 con-

366 3499 664 3565 demneris,
692 3508 755 3555 ut
776 3503 867 3571 qui
900 3503 1187 3558 abscondit
1214 3504 1496 3559 talentum.
1535 3504 1786 3575 Dixitque
1819 3504 1949 3575 Epi-

366 3588 604 3659 phanius
637 3607 651 3643 :
682 3588 823 3657 Non,
859 3588 1038 3657 Pater,
1083 3606 1193 3648 non
1246 3609 1366 3648 sum
1395 3594 1647 3650 clericus.
1683 3593 1807 3649 Haec
1853 3610 1952 3648 au-

369 3688 478 3732 tem
506 3694 629 3733 cum
655 3679 886 3736 dixisset
907 3680 1270 3752 Epiphanius,
1299 3682 1519 3753 Pappus
1563 3684 1713 3738 dedit
1736 3699 1946 3753 pacem.

366 3767 523 3825 Unus
546 3785 676 3825 vero
701 3785 770 3826 ex
799 3770 1070 3840 diaconis,
1115 3772 1291 3843 capite
1336 3775 1678 3843 apprehenso
1706 3774 1949 3846 Epipha-

365 3862 476 3927 uio,
513 3877 637 3917 eum
690 3861 745 3917 vi
793 3862 953 3918 duxit
1004 3862 1073 3918 ad
1123 3863 1374 3935 Pappum
1405 3865 1472 3921 ad
1507 3866 1696 3931 altare,
1729 3868 1863 3921 adeo
1890 3876 1952 3922 ut

365 3953 522 4007 multi
552 3970 773 4024 quoque
796 3955 890 4009 alii
914 3957 1289 4023 convenerint,
1320 3965 1382 4012 ut
1412 3971 1538 4012 eum
1572 3967 1852 4013 servarent
1881 3958 1949 4013 ad
1988 4012 2010 4027 ,

365 4046 556 4101 altare.
583 4044 720 4099 Eum
750 4045 934 4115 itaque
962 4047 1180 4102 ordinat
1211 4047 1536 4114 diaconum;
1565 4057 1620 4103 et
1645 4063 1838 4104 rursus
1859 4048 1953 4103 dat

365 4134 415 4187 ei
448 4150 655 4200 pacem,
687 4145 742 4188 et
770 4136 948 4203 ipsum
982 4136 1203 4191 ordinat
1226 4138 1625 4208 presbyterum.
1653 4138 1867 4194 Rursus
1893 4140 1952 4194 fit

366 4223 779 4290 consequentia,
807 4231 864 4278 et
908 4239 1034 4278 eum
1094 4226 1312 4281 ordinat
1341 4227 1679 4296 episcopum.
1708 4226 1841 4283 Post
1867 4230 1950 4284 di-

365 4311 687 4367 missionem
725 4319 908 4367 autem
959 4316 1027 4368 ab
1076 4316 1329 4380 ecclesia,
1359 4319 1710 4373 ascendimus
1741 4319 1795 4372 in
1829 4320 1946 4388 epi-
1978 4327 2022 4381 ι)

365 4400 831 4472 scepatum.Dix—it
853 4411 1036 4457 autem
1064 4401 1282 4473 Pappus
1311 4403 1617 4474 Epiphanio
1646 4421 1660 4458 :
1696 4406 1823 4474 Age,
1849 4405 1945 4469 (ili,

363 4494 659 4548 adhortare
712 4492 919 4559 Patres,
957 4501 1019 4546 ut
1065 4491 1315 4548 fruamur
1363 4504 1410 4548 et
1467 4495 1714 4549 laetemur
1757 4497 1823 4550 de
1855 4505 1948 4552 tua

360 4583 708 4656 pateruitate.
737 4581 877 4637 Cum
906 4583 1013 4639 hoc
1049 4584 1287 4652 graviter
1312 4584 1478 4640 ferret
1510 4583 1866 4654 Epiphanius,
1894 4596 1948 4642 et

360 4684 654 4746 augeretur
700 4674 889 4728 animo
913 4671 1171 4737 et~ﬂeret,
1197 4672 1337 4728 dixit
1359 4672 1575 4742 Pappus
1607 4691 1621 4729 :
1651 4672 1948 4744 Oportebat

359 4768 581 4836 quidem
610 4779 712 4819 nos
740 4772 941 4826 tacere,
969 4776 1004 4817 o
1030 4762 1107 4816 fili
1136 4761 1575 4832 Epiphanie.Fio
1596 4774 1799 4830 autem,
1822 4781 1945 4821 cum

358 4872 459 4926 ego
497 4866 549 4912 te
579 4856 698 4927 ipse
723 4853 1060 4925 quaesierim,
1093 4853 1382 4922 insipiens.
1406 4852 1542 4908 Nam
1589 4870 1714 4911 cum
1761 4855 1946 4913 Patres

358 4948 451 5003 hic
486 4957 671 5002 essent
701 4945 1040 5016 congregati,
1076 4942 1172 4997 Dei
1208 4945 1489 4999 voluntate
1523 4947 1655 5000 mihi
1683 4947 1947 5002 dederunt

358 5038 467 5092 hoc
504 5038 783 5107 negotium
831 5038 903 5091 ad
955 5035 1374 5106 signiﬁcandum
1420 5036 1761 5106 episcopum.
1797 5037 1945 5108 lique

357 5142 552 5181 omnes
606 5128 739 5180 mihi
788 5127 1125 5182 exhibebant
1170 5126 1475 5195 negotium,
1520 5126 1765 5181 dicentes
1809 5129 1943 5183 mihi

356 5216 634 5287 peccatori
663 5233 676 5269 :
711 5213 820 5269 Ora
851 5228 1107 5286 prompto
1140 5223 1195 5270 et
1224 5214 1392 5271 alacri
1427 5214 1634 5279 animo,
1654 5225 1708 5271 et
1732 5215 1830 5270 tibi
1859 5233 1942 5273 re-
1985 5236 1989 5240 λ

357 5306 532 5363 velabi
542 5317 649 5360 tur.

427 5420 449 5452 ⁷
490 5417 632 5475 Psal.
667 5433 818 5484 cxxn,
860 5418 908 5470 1.

434 5554 506 5618 (a)
549 5550 732 5616 Forte,
762 5554 827 5605 ὲκ
854 5524 1095 5619 γενετῆς.

2058 403 2163 456 ὑπὸ
2190 404 2298 458 τῶν
2328 406 2530 473 γονέων
2558 407 2870 479 τεθειμένον
2900 412 3149 480 Πάππος,
3181 415 3240 479 ὃς
3268 412 3335 487 ἦν
3365 416 3463 468 καὶ
3491 417 3654 481 αὐτὸς

2062 495 2199 564 μετὰ
2226 495 2348 549 τῶν
2379 498 2709 551 ἐπισκόπων.
2744 500 2944 554 Τοῦτον
2988 498 3132 573 εἶχον
3177 505 3419 570 ἅπαντες
3448 509 3499 560 οἱ
3531 507 3651 560 trti-

2060 600 2251 641 σκοποι
2302 589 2378 652 ὡς
2414 592 2643 662 πατέρα,
2677 592 2768 646 διά
2795 610 2852 646 τε
2877 594 2975 665 τὴν
3004 597 3061 648 ἐν
3088 598 3309 669 Χριστῷ
3333 599 3649 670 ὁμολογίαν,

2057 680 2151 732 καὶ
2176 679 2266 733 διὰ
2297 680 2365 733 τὰ
2393 680 2488 751 ἐτη
2521 682 2621 753 τῆς
2652 681 3089 756 ὲπισκοπῆςΪΗν
3125 687 3180 740 δὲ
3215 690 3310 741 καὶ
3335 690 3653 760 πρόγνωσιν

2055 766 2191 821 Θεοῦ
2241 767 2400 840 ἔχων.
2445 771 2630 843 Τούτῳ
2683 773 3040 847 ἀπεκαλύφθη
3102 778 3232 849 περὶ
3273 780 3601 848 Ἐπιφανίου
3633 824 3647 845 ,

2042 859 2203 923 ⁶ὅπως
2248 862 2595 935 χειροτονηθῇ
2641 865 2735 919 ἐπὶ
2781 868 2879 938 τῆς
2921 868 3286 941 Σαλαμηνέων
3320 871 3652 943 Ἐκκλησίας

2056 950 2490 1014 ὲπίσκοπος.⁷Ην
2511 954 2567 1006 δὲ
2592 956 2620 1008 6
2652 957 2841 1029 καιρὸς
2867 955 3076 1030 θερίνὺς
3104 962 3414 1033 πρόδρομος
3440 978 3653 1033 σταφυο
3677 1024 3683 1035 .

2056 1040 2180 1093 λῶν.
2202 1042 2288 1106 Ὦς
2321 1041 2412 1097 οὖν
2439 1044 2649 1131 ἔκρινεν
2696 1048 3009 1119 Ἐπιφάνιος
3036 1052 3133 1106 τοῦ
3167 1054 3652 1134 ἀποπλέεινοήμᾶς

2034 1130 2164 1223 ,ἀπὸ
2184 1133 2283 1202 τῆς
2302 1134 2663 1207 Σαλαμηνέων
2683 1138 2910 1205 πόλεως,
2932 1136 3086 1197 εἶπεν
3112 1142 3249 1212 πρὸς
3279 1144 3349 1213 μὲ
3390 1130 3488 1198 καί
3512 1146 3651 1215 πρὸς

2066 1222 2146 1275 τὸν
2192 1222 2490 1279 Πολύϐιον·
2519 1227 2780 1298 Ἀγομεν,
2826 1228 3038 1294 τέκνον,
3072 1231 3165 1284 ἐπὶ
3209 1232 3304 1287 τοῦ
3349 1236 3649 1305 ἐμπορίου,

2056 1311 2378 1383 ὠνησόμεθα
2421 1316 2694 1384 σταφυλὰς
2731 1319 2788 1370 ὲν
2818 1316 2896 1387 τῷ
2939 1318 3128 1390 πλοίῳ.
3148 1321 3336 1392 Ἦμῶν
3373 1324 3432 1376 δὲ
3467 1324 3653 1377 ἐλθόν-

2057 1421 2165 1457 των
2211 1405 2305 1458 ὲπὶ
2353 1404 2449 1460 τοῦ
2493 1407 2779 1478 ἐμπορίου,
2815 1408 2907 1461 καὶ
2955 1413 3392 1480 συμφωνούντων
3436 1416 3533 1468 ἐπὶ
3571 1414 3652 1484 τῷ

2058 1494 2594 1567 πράτῃ,Ἐπιφάνιος
2651 1498 2830 1551 λαϐὼν
2881 1498 2975 1552 δύο
3024 1499 3257 1575 βότρυας
3302 1506 3648 1571 καλλίστους.

2060 1586 2223 1657 φησιν
2268 1587 2348 1657 τῷ
2390 1590 2601 1661 πρόιτῃ·
2637 1592 2702 1645 Τί
2741 1598 3101 1666 προστάσσεις
3132 1597 3288 1651 δώσω
3319 1612 3401 1653 σοι
3430 1599 3527 1653 δύο
3559 1599 3652 1669 βο-

2059 1676 2275 1747 τρύων;
2306 1673 2416 1731 Ἦν
2465 1679 2520 1733 δὲ
2571 1680 2691 1746 ἔθος
2736 1685 3036 1757 Ἐπιφανίῳ
3068 1687 3142 1758 μὴ
3172 1688 3501 1756 ἀντιλέγειν.
3541 1688 3650 1742 Τοῦ

2057 1768 2114 1821 δὲ
2160 1767 2370 1839 πράτου
2428 1771 2672 1837 εἰπόντος
2713 1776 2812 1846 τὴν
2864 1780 3029 1850 τιμὴν
3066 1779 3145 1850 τῷ
3186 1779 3495 1851 Ἐπιτρανίῳ
3538 1782 3651 1834 τῶν

2059 1854 2368 1922 σταφυλῶν,
2404 1856 2593 1942 ἐλαϐεν
2616 1861 2677 1913 τὸ
2703 1862 2964 1936 ἀργύριον
2991 1868 3084 1920 ἐπὶ
3120 1867 3181 1921 τὸ
3216 1869 3551 1939 μεταλαϐεῖν
3573 1870 3652 1942 τῷ

2059 1943 2259 2017 πράτῃ.
2279 1944 2336 1998 Ὀ
2368 1940 2459 1999 οὖν
2491 1947 2635 2012 ὅσιος
2666 1952 2896 2018 Πάππος
2942 1954 3305 2025 παραγίνεται
3340 1958 3656 2028 ὑποτηρού-

2060 2051 2217 2104 μενος
2251 2036 2354 2090 ὑπὸ
2384 2036 2477 2090 δύο
2509 2039 2789 2098 διακόνων.
2810 2039 2989 2100 ’Ἦσαν
3022 2047 3078 2100 δὲ
3112 2049 3206 2102 καὶ
3237 2051 3389 2120 τρεῖς
3423 2050 3654 2104 ὲπίσκο·

2056 2144 2147 2180 ποι
2185 2131 2300 2184 μετ’
2332 2132 2518 2185 αὐτοῦ.
2537 2133 2624 2198 Ὠς
2650 2130 2742 2189 οὖν
2776 2138 3009 2209 ἡγγισαν
3048 2142 3371 2214 Ἐπιφανίῳ,
3396 2140 3465 2214 ἦν
3496 2146 3654 2198 Ἐπι-

2057 2217 2245 2286 φάνιος
2279 2221 2418 2292 ἔχων
2453 2225 2589 2294 μετὰ
2619 2229 2809 2298 χεῖρας
2838 2231 2964 2294 τοὺς
2993 2231 3249 2304 βότρυας,
3275 2237 3372 2289 καὶ
3397 2236 3459 2289 τὸ
3484 2237 3655 2306 τίμηο

2059 2326 2135 2381 μα
2162 2313 2385 2368 τούτων.
2431 2312 2598 2371 Εἶπον
2624 2320 2702 2387 ,δέ
2733 2339 2878 2387 τινες
2904 2324 3013 2377 τῶν
3059 2328 3431 2398 παρεστώτων
3455 2344 3471 2361 ⁸
3512 2331 3653 2385 Ἰδοὺ

2055 2404 2103 2454 οί
2150 2404 2436 2459 ἐπίσκοποι
2482 2411 2734 2480 πάρεισιν
2778 2409 2902 2472 ὧδε.
2935 2413 3104 2472 Εἶπεν
3139 2418 3197 2472 δὲ
3242 2422 3480 2486 Πάππος
3512 2425 3655 2497 πρὸς

2069 2492 2407 2562 Ἐπιφάνιον·
2452 2499 2700 2567 Ἀπόθου,
2718 2505 2906 2569 Ἀϐϐἆ,
2948 2509 3076 2574 τοὺς
3125 2509 3360 2581 βότρυας
3388 2513 3470 2585 τῷ
3502 2492 3655 2585 πρά-

2054 2600 2144 2655 τῃ,
2179 2587 2272 2639 καὶ
2304 2589 2668 2664 ἀκολούθησον
2710 2597 2840 2667 ἡμῖν
2886 2602 2944 2652 ὲν
2990 2603 3056 2672 τῇ
3102 2602 3394 2676 ἐκκλησίᾳ.
3434 2606 3544 2660 Τοῦ
3593 2607 3655 2662 δὲ

2059 2678 2529 2747 μνημονεύσαντος
2550 2684 2644 2738 τοῦ
2676 2686 2821 2742 θείου
2875 2690 3034 2759 λόγου
3066 2692 3160 2748 τοῦ
3193 2698 3654 2767 προσᾳωνοῦντος

2056 2765 2150 2859 καὶ
2174 2766 2422 2859 λεγοντος
2442 2788 2456 2800 ·
2491 2776 2853 2845 Εὐφράνθην
2875 2779 2973 2835 ἐπὶ
3013 2783 3135 2849 τοῖς
3162 2765 3481 2854 εἰρηκόσιν
3506 2807 3611 2859 μοι
3634 2806 3653 2823 ο

2056 2855 2353 2955 ξ’ὶςμοῖκον
2377 2865 2599 2955 Κυρίου
2623 2871 3071 2940 πορευσόμεθατ
3094 2876 3469 2949 ἠκολούθησεν
3498 2855 3559 2935 ἐν
3583 2885 3652 2955 τῇ

2056 2948 2340 3041 ἔκκλησίᾳ.
2378 2953 2436 3006 Ὀ
2480 2954 2536 3007 δὲ
2568 2957 2817 3041 ,Πάππος
2850 3004 2863 3021 ,
2889 2965 3021 3034 φησὶ
3087 2967 3226 3037 πρὸς
3290 2948 3649 3041 Eme.va

2055 3039 2284 3109 Ποίησον
2335 3044 2520 3114 εὐχὴν,
2553 3040 2598 3099 ὦ
2628 3049 2828 3120 Πάτερ.
2864 3053 3049 3107 Ταῦτα
3096 3056 3152 3109 δὲ
3190 3057 3380 3129 ἔλεγεν
3412 3039 3653 3127 Πάππος

2051 3133 2188 3201 πρὸς
2233 3134 2566 3221 Ἐπιφάνιον,
2594 3139 2742 3202 ὅπως
2787 3143 3041 3213 γνωρίσει
3085 3146 3282 3201 ἑαυτὸν
3325 3151 3651 3221 Ἐπιφὰνιος

2026 3220 2128 3292 τῷ
2194 3221 2399 3294 κλήρῳ.
2459 3220 2623 3279 Εἶπεν
2680 3227 2734 3281 δὲ
2784 3232 3098 3301 Ἐπιφάνιος
3164 3238 3303 3309 πρὸς
3370 3220 3648 3296 Πάππον·

2052 3311 2409 3401 Συγχωρησόν
2445 3330 2554 3382 μοι,
2595 3316 2776 3390 Πάτερ
2797 3335 2810 3350 ο
2844 3322 2905 3374 ού
2934 3324 3044 3395 γάρ
3074 3326 3190 3396 εἰμι
3220 3328 3279 3380 ὲν
3304 3328 3519 3401 κλήρῳ.
3555 3329 3650 3386 Εἷ-

2053 3414 2154 3490 πεν
2207 3397 2267 3451 δὲ
2310 3400 2544 3466 Πάππος
2593 3405 2730 3475 πρὸς
2772 3406 3108 3479 Ἐπιφάνιονο
3141 3414 3344 3481 Βλέπε,
3373 3397 3568 3490 (purity,
3607 3415 3653 3475 ὦ

2050 3489 2260 3553 τέκνον,
2302 3491 2375 3561 μὴ
2405 3493 2545 3547 κατὰ
2574 3496 2864 3565 πρόσωπον
2893 3502 3095 3557 τούτων
3122 3506 3231 3559 τῶν
3258 3509 3433 3578 ἁγίων
3471 3513 3651 3567 Πατέ-

2053 3596 2163 3647 ρων
2185 3580 2414 3669 ἀρνήσῃ,
2442 3585 2537 3636 καὶ
2574 3590 2910 3662 κατακριθῇς
2940 3593 3015 3658 ὼς
3043 3598 3071 3649 6
3104 3598 3320 3669 κρύψας
3354 3603 3417 3655 τὸ
3446 3605 3651 3659 τάλανα

2050 3687 2161 3724 τον.
2197 3666 2365 3726 Εἶπεν
2410 3673 2466 3726 δὲ
2509 3676 2823 3747 Ἐπιφάνιος
2852 3684 2989 3754 πρὸς
3032 3686 3125 3740 τὸν
3144 3666 3398 3745 νΠᾶππον
3423 3710 3437 3725 ’
3486 3696 3648 3767 Οὐχὶ,

2051 3760 2253 3831 Πάτερ,
2282 3762 2380 3831 οὐχ
2412 3764 2669 3837 ὑπάρχων
2697 3769 3174 3841 κληρικός.Ταῦτα
3201 3778 3258 3833 δὲ
3286 3782 3460 3836 εἰπὼν
3497 3760 3649 3838 Ἑπι-

2052 3850 2263 3918 φάνιος,
2290 3853 2320 3904 6
2351 3853 2579 3918 Πάππος
2626 3856 2824 3914 ἔδωκεν
2869 3863 3114 3936 εἰρήνην.
3144 3862 3242 3932 Εἷς
3293 3869 3351 3924 δέ
3396 3890 3486 3937 τις
3535 3875 3647 3928 τῶν

2049 3937 2311 4031 ξιακόνων
2374 3942 2762 4016 ἐπιλαϐόμενος
2814 3950 2912 4022 τῆς
2962 3955 3208 4024 κεφαλῆς
3264 3961 3597 4031 Ἐπιφανίου
3632 4004 3648 4027 ,

2049 4024 2184 4125 ᾖγεν
2217 4031 2378 4085 αὐτὸν
2405 4033 2539 4104 πρὸς
2572 4036 2799 4092 Πάππον
2823 4041 2915 4094 ὲπὶ
2944 4045 3037 4097 τοῦ
3070 4024 3466 4122 θυσιαστηρίου
3503 4024 3648 4125 μετα

2053 4118 2192 4189 βίας,
2241 4123 2379 4177 ὥστε
2430 4126 2701 4180 συνελθεῖν
2746 4131 2838 4183 καὶ
2884 4133 3078 4200 ἄλλους
3127 4118 3442 4207 πλείστους,
3493 4118 3647 4209 ϐπως

2050 4210 2401 4266 διασώσουσιν
2440 4215 2601 4268 αὐτὸν
2631 4219 2724 4270 ἐπὶ
2766 4220 2844 4292 τῷ
2888 4223 3278 4301 θυσιαστηρίῳ.
3321 4234 3648 4307 Χειροτονεί

2049 4295 2142 4352 οὖν
2187 4301 2347 4353 αὑτὸν
2394 4302 2658 4369 διάκονον,
2685 4307 2778 4360 καὶ
2819 4310 2979 4366 πάλιν
3010 4314 3225 4371 δίδωσιν
3258 4295 3511 4395 εἰρὴνῇν,
3548 4329 3648 4380 καὶ

2051 4393 2344 4459 χειροτονεῖ
2368 4393 2526 4448 αὐτὸν
2556 4395 2942 4469 πρεσϐύτερον,
2972 4404 3299 4473 καὶγίνεται
3327 4413 3361 4482 ἡ
3409 4393 3646 4470 ἀκολου-

2050 4476 2278 4578 θίαλκαὶ
2324 4488 2617 4553 χειροτονεῖ
2660 4489 2839 4544 αὐτὸν.
2876 4492 3195 4551 ἐπίσκοπον.
3224 4476 3382 4555 Μετᾶ
3430 4505 3492 4558 δὲ
3541 4508 3647 4578 τὴν

2048 4565 2307 4662 ἀπόλυσιν
2363 4570 2461 4641 τῆς
2508 4573 2801 4647 ἐκκλησίας
2834 4580 3141 4657 ἀνήλθομεν
3187 4588 3246 4640 ὲν
3288 4590 3368 4662 τῷ
3411 4565 3645 4651 ἐπισκό-

2050 4657 2208 4727 πείῳ.
2242 4655 2405 4714 Εἶπεν
2450 4664 2507 4716 δὲ
2549 4665 2777 4734 Πάππος
2806 4674 2943 4740 πρὸς
2982 4655 3546 4755 ἘπιφάνιονδΔεῦρο
3576 4690 3642 4759 δὴ

2049 4748 2345 4849 πρότρειὲιαι
2371 4754 2498 4849 τοὺ-ς
2530 4758 2802 4849 ’Πατέρας
2822 4801 2838 4825 ,
2872 4764 3020 4831 ὅπως
3069 4748 3496 4849 μεταλάϐωμεν.
3546 4748 3643 4838 καί

2047 4836 2430 4938 εὐφρανθῶμεν
2461 4841 2552 4895 ἐπὶ
2580 4847 3022 4938 σῇᾲπατρωσύνῃ.
3059 4836 3166 4912 Τοῦ
3208 4863 3266 4916 δὲ
3306 4836 3641 4938 Ἐπιφανὶοελ

2049 4923 2255 5029 βαρεως
2280 4928 2551 5029 φέροντος,
2579 4936 2671 5029 καί
2692 5028 2695 5029 ν
2715 4923 3109 5013 ἀδημονούντος
3143 4953 3202 5006 ἐν
3226 4923 3506 5029 λογισμοῖ),

2046 5014 2338 5084 κλαίοντος,
2384 5018 2537 5076 εἶπεν
2570 5026 2598 5077 ὁ
2624 5028 2852 5094 Πάππος
2882 5036 3017 5105 πρὸς
3040 5014 3360 5111 Ἐπιφάνιον
3381 5014 3404 5080 ἰ
3427 5014 3640 5125 ’ἐχρῆν

2052 5104 2143 5125 .-ιη
2179 5108 2227 5125 ιον
2267 5109 2293 5122 ὀ
2499 5112 2526 5124 ’ν
2687 5111 2713 5125 ’
2801 5120 2811 5125 ”
3278 5116 3283 5121 ’

2049 5104 2145 5172 μὲν
2178 5108 2324 5176 ἡμᾶς
2358 5112 2649 5182 σιωπῆσαι,
2681 5111 2725 5169 ὦ
2753 5120 2942 5175 τέκνον
2972 5116 3283 5198 Ἐπιφάνιεξ
3314 5104 3553 5211 “vaga;
3580 5104 3642 5200 ἑὲ

2043 5193 2229 5302 ἔρρων
2257 5200 2417 5263 αὑτός
2452 5203 2668 5302 pot-rip;
2699 5207 2924 5302 Cﬁvqow
2949 5193 3341 5293 ποιησάμενος.

2043 5284 2298 5359 Πατέρων
2328 5292 2695 5362 συναχθέντων
2724 5291 2845 5364 ὦδε,
2884 5284 3232 5368 ἀπεδώκασιν
3264 5284 3345 5389 τίς)
3378 5321 3508 5395 Θεῷ
