3808 6142
2228 19 2570 37 _+______

218 208 223 219 ί
263 255 331 310 σε)
484 333 494 342 _
1356 238 1363 244 ’
1578 255 1635 310 s.
1683 252 1846 308 EPiPl

1988 253 2025 307 ll
2074 252 2233 306 V'l'i'A
3472 260 3539 313 70

262 374 497 447 μηνύσει
526 376 621 429 τοῦ
654 373 987 427 ἐπιοκὸπου’
1050 373 1217 443 κάμοὶ
1266 373 1425 425 πόνον
1471 373 1736 444 ἐπέφερον
1803 373 2003 435 πάντες
2047 366 2476 438 οὗτοιηλέγοντες
2528 369 2661 440 πρὸς
2711 370 2777 439 με
2824 370 2914 424 τὸν
2984 372 3338 444 ἁμαρτωλὸν·
3370 374 3543 445 Εὖχου

258 466 581 539 προθύμως,
608 466 698 519 καὶ
728 464 1243 536 ἀποκαλυφθήσεταί
1281 481 1382 518 σοι.

306 544 456 614 ’ΛΕἈ
499 556 664 629 Ἑμοῦ
711 557 767 610 δὲ
811 556 1002 609 ἑαυτὸν
1054 552 1439 626 καθείρξαντος
1488 557 1545 608 ἐν
1594 554 1844 626 όσπιτίῳ,

2020 548 2238 604 XXXV.
2280 547 2415 602 Cum
2449 562 2548 615 ego
2578 557 2761 603 autem
2790 564 2875 604 me
2923 551 2977 604 in
3010 550 3250 621 hospitio
3282 554 3542 610 inclusis-

258 651 607 725 παρεκάλουν
635 650 727 703 τὸν
753 649 981 720 Σωτῆρα
1010 648 1139 717 περὶ
1161 648 1256 700 τοῦ
1282 647 1522 701 τοιούτου
1540 665 1554 679 ·
1581 647 1855 724 ράστραπὴ

255 746 316 799 δὲ
350 742 589 814 ἕ-λαμψεν
624 743 682 794 ὲν
712 739 790 811 τῷ
824 739 1056 811 κελλίῳ·
1092 740 1302 810 1ἥκουσα
1326 738 1383 791 δὲ
1421 738 1516 797 καὶ
1555 739 1742 810 φωνὴν
1773 740 1855 794 δι..

256 836 491 906 δομένην
526 832 663 902 πρὸς
693 832 760 904 μὲ
789 830 881 886 τὸν
909 830 1252 902 ἁμαρτωλὸνο
1272 830 1494 896 Πάππε,
1514 830 1732 894 Πάππε,
1754 849 1857 901 φη-

258 928 369 992 σὶν,
397 923 739 993 ἄκουε.Ἐγὼ
765 924 823 977 δὲ
845 922 1085 994 ἔμφοϐος
1113 922 1404 994 γενόμενος
1434 919 1585 976 εἷπον
1606 941 1619 953 ·
1649 923 1715 976 Τί
1737 924 1857 976 ὲπι-

254 1020 449 1091 τρὲπει
478 1020 506 1073 6
535 1016 742 1088 Κύριός
775 1032 906 1088 pou;
943 1010 1108 1069 Εἶπεν
1141 1016 1198 1068 δὲ
1230 1015 1368 1086 πρὸς
1419 1017 1487 1086 μὲ
1540 1016 1658 1087 μετ’
1690 1016 1856 1087 εὐμε-

255 1111 427 1173 νείας·
456 1110 714 1173 Ἀνάστα,
748 1107 1034 1179 παράλαϐε
1063 1107 1200 1178 μετὰ
1224 1107 1451 1160 σεαυτοῦ
1483 1105 1578 1160 ἕνα
1604 1107 1714 1159 τῶν
1742 1107 1856 1159 δια-

253 1205 453 1266 κόνων,
485 1204 578 1257 καὶ
609 1200 933 1256 ὲπικάτελθε
979 1202 1037 1254 ἐν
1082 1199 1158 1270 τῷ
1204 1200 1475 1272 ἐμπορίῳ.
1503 1201 1615 1254 Καὶ
1653 1199 1760 1253 ἰδοὺ
1789 1199 1853 1271 δὴ

257 1295 496 1366 μοναχὸς
526 1296 642 1349 ἐκεῖ
667 1296 820 1367 παρὰ
842 1293 921 1364 τῷ
952 1294 1135 1367 πράτῃ
1168 1292 1389 1347 ὠνεῖται
1419 1292 1725 1363 σταφυλάς·
1762 1291 1854 1347 δύο

256 1389 527 1461 μοναχοὺς
561 1387 675 1458 ἔχει
719 1385 838 1459 μεθ’
869 1385 1409 1450 ἐαυτοῢ,”Ελισσαίου
1454 1386 1554 1456 τὴν
1607 1385 1851 1458 κεφαλὴν

249 1482 317 1536 τὺ
361 1480 704 1552 ὲκτύπωμαο
747 1480 939 1534 τοῦτον
978 1480 1360 1552 χειροτόνησον
1405 1481 1486 1544 εἰς
1530 1479 1851 1533 ἐπίσκοπον.

252 1575 418 1629 Ἀλλὰ
444 1576 519 1647 μὴ
546 1574 873 1646 ἁναγγείλῃς
899 1572 1069 1644 αύτῷ,
1101 1575 1310 1645 μήποτε
1341 1573 1655 1646 ἀποδράσει.
1686 1573 1758 1626 Τὸ
1796 1573 1853 1628 δὲ

250 1667 428 1737 ὄνομα
478 1666 644 1719 αὑτοῦ
703 1666 953 1720 καλεῖται
997 1665 1334 1735 Ἐπιφάνιος.
1388 1665 1593 1734 Γέγονα
1639 1665 1850 1736 ἄφρων,

250 1758 474 1811 τέκνον·
514 1756 680 1821 αὑτός
729 1774 800 1827 με
849 1757 1189 1826 ἠνάγκασας.
1221 1756 1396 1809 Βλέπε
1429 1755 1482 1808 τί
1514 1757 1714 1819 ποιεῖς,
1758 1754 1853 1807 καὶ

250 1851 493 1921 πρόσεχε
516 1848 745 1920 σεαυτῷ.
771 1848 917 1918 Ἐγὼ
939 1848 1048 1921 γὰρ
1072 1848 1403 1919 ἀπεστάλην,
1424 1848 1451 1901 ὃ
1470 1847 1678 1918 ὥφειλα
1698 1847 1854 1918 ποιῆ-

1959 657 2093 704 sem,
2127 649 2181 696 ct
2208 641 2274 695 dc
2300 655 2365 696 eo
2394 639 2736 709 Salvatoregu
2774 657 3043 712 rogarem,
3077 644 3258 715 fulgur
3308 646 3361 700 in
3410 648 3542 701 cella

1956 734 2323 806 resplenduit;
2355 732 2541 788 audivi
2570 749 2700 789 vero
2729 749 2922 790 vocem
2953 736 3226 793 dicentem
3258 740 3389 793 mihi
3413 755 3544 810 pec—

1956 829 2129 885 catori
2161 847 2174 883 :
2205 826 2404 897 Pappe,
2439 824 2644 896 Pappe,
2679 827 2828 881 audi.
2857 826 2971 898 Ego
3005 837 3186 883 autem
3215 833 3324 885 dixi
3347 834 3546 887 timore

1957 922 2282 992 perterritus
2313 940 2325 974 :
2355 920 2496 987 Quid
2528 920 2685 991 jubet
2708 920 2976 977 Dominus
3012 924 3202 978 meus?
3231 924 3378 978 Dixit
3412 926 3545 979 mihi

1956 1015 2187 1085 benigne
2223 1032 2236 1069 :
2276 1012 2470 1084 Surge,
2505 1013 2693 1082 accipe
2746 1028 2918 1067 unum
2954 1028 3022 1069 ex
3055 1014 3327 1079 diaconis,
3355 1026 3407 1070 et
3445 1019 3542 1071 de-

1956 1108 2154 1163 scende
2201 1107 2255 1161 in
2310 1106 2511 1162 forum.
2543 1105 2683 1162 Ecce
2706 1152 2712 1159 .
2734 1106 2845 1163 illic
2876 1107 3017 1178 apud
3055 1109 3391 1163 venditorem
3424 1124 3544 1164 mo-

1956 1200 2167 1256 nachus
2201 1199 2337 1255 emit
2369 1214 2527 1265 uvas,
2556 1199 2651 1269 qui
2703 1197 2843 1255 duos
2891 1215 3078 1256 secum
3131 1199 3293 1256 habet
3351 1216 3545 1257 mona-

1955 1294 2110 1357 chos,
2143 1305 2196 1349 et
2226 1291 2391 1349 Elisei
2425 1302 2591 1364 caput
2620 1293 2769 1350 illius
2796 1294 2959 1349 habet
2995 1294 3246 1367 eﬂigiem.
3280 1294 3416 1350 Eum
3456 1311 3548 1351 or-

1954 1386 2081 1441 dina
2114 1386 2456 1456 episcopum.
2492 1384 2598 1442 Sed
2637 1401 2705 1441 ne
2738 1386 2785 1441 ei
2821 1389 3212 1453 renunties,ne
3239 1387 3381 1444 forte
3408 1388 3544 1443 eﬂ‘u-

1954 1479 2085 1550 giat.
2120 1477 2214 1534 Est
2242 1487 2427 1533 autem
2457 1479 2508 1534 ei
2536 1495 2737 1536 nomen
2783 1480 3147 1551 Epiphanius.
3182 1481 3379 1537 Factus
3418 1497 3538 1536 sum

1955 1570 2240 1641 insipiens,
2278 1570 2351 1625 [ili
2387 1590 2400 1625 :
2435 1570 2552 1641 ipse
2583 1587 2670 1627 me
2716 1572 2965 1642 coegisti.
3001 1571 3136 1628 Vide
3178 1573 3307 1643 quid
3346 1571 3537 1634 facias,

1953 1669 2008 1714 et
2035 1660 2255 1716 attende
2289 1660 2388 1715 tibi
2424 1661 2548 1732 ipsi.
2580 1661 2693 1732 Ego
2729 1663 2873 1717 enim
2904 1663 3108 1720 missus
3154 1681 3298 1728 sum,
3347 1675 3400 1719 et
3443 1662 3547 1720 teli

1954 1753 2101 1825 quod
2130 1753 2292 1809 debui
2320 1753 2518 1810 facere.
2550 1754 2684 1810 Sum
2717 1756 2930 1821 insons,
2972 1766 3027 1813 et
3057 1766 3182 1828 post
3212 1759 3327 1813 haec
3356 1759 3541 1813 omnia

1954 1846 2182 1900 videbis.
2221 1846 2358 1900 Cum
2405 1847 2519 1901 haec
2546 1859 2728 1902 autem
2757 1848 3025 1905 audiisset
3062 1849 3420 1920 Epiphanius,
3451 1867 3543 1906 cc-

254 1960 349 1997 σαι
379 1942 635 2010 ἐποίησα.
661 1940 863 2005 Ἀθῶός
906 1942 1044 2012 εἰμι.
1072 1942 1147 1995 Σὺ
1173 1940 1278 2012 ὄψῃ
1310 1941 1405 1994 ἐπὶ
1446 1942 1582 1994 πᾶσι
1618 1938 1846 2000 τούτοις.

1977 1938 2090 1992 :idit
2137 1940 2191 1991 in
2243 1937 2460 2004 faciem,
2495 1948 2551 1994 et
2595 1940 2845 1996 adoravit
2884 1941 3161 2012 Pappum.
3194 1944 3383 1998 dicens
3420 1963 3431 1997 :
3468 1942 3545 1998 Ne

264 2033 532 2097 ’Δκούσας
578 2033 635 2086 δὲ
683 2032 860 2086 ταῦτα
907 2033 1245 2101 Ἐπιφάνιος,
1301 2032 1496 2085 ἔπεσεν
1545 2032 1638 2084 ἐπὶ
1682 2028 1851 2101 πρόσ-

250 2144 423 2191 ωπον,
452 2126 548 2179 καὶ
580 2124 989 2197 προσεκύνησεν
1013 2124 1233 2195 Πάππῳ
1259 2124 1429 2178 εἰπών
1450 2142 1462 2155 ⁸
1493 2123 1584 2195 Μὴ
1608 2122 1848 2192 ὀργίζου,

250 2216 460 2287 Πάτερ,
504 2216 703 2286 φησίν’
740 2215 1063 2286 ἁμαρτωλὸς
1109 2216 1218 2288 γὰρ
1258 2215 1543 2289 ἄνθρωπός
1583 2217 1721 2287 εἰμι,
1759 2215 1853 2268 καὶ

248 2305 354 2357 οὐκ
407 2304 637 2376 ὲπαρκῶ
684 2303 821 2374 πρὸς
875 2303 936 2356 τὸ
985 2303 1186 2375 μέτρον
1230 2305 1332 2375 τῆς
1381 2305 1703 2377 ἱερωσύνης,
1754 2303 1850 2357 καὶ

1962 2031 2240 2094 irasraris,
2268 2030 2456 2088 Pater.
2496 2031 2629 2087 Sum
2657 2035 2803 2089 enim
2838 2036 3020 2102 homo,
3055 2052 3154 2092 nec
3185 2036 3394 2093 sullicio
3439 2036 3544 2091 im-

1957 2125 2165 2194 plenda:
2196 2140 2467 2181 mensurae
2495 2128 3077 2200 sacerdotii.Cumque
3102 2145 3292 2185 omnes
3322 2132 3545 2186 adoras-

1959 2217 2333 2282 set,invilavit
2354 2233 2451 2273 eos
2480 2219 2547 2274 ad
2571 2222 2885 2290 prandium.
2915 2221 2982 2277 Et
3013 2239 3137 2277 cum
3169 2224 3540 2294 prandissent,

1955 2305 2054 2360 ivit
2085 2308 2466 2378 unusquisque
2487 2308 2540 2363 in
2575 2326 2733 2366 suam
2757 2310 3080 2367 Ecclesiam.

252 2398 639 2467 προσκυνήσας
688 2398 935 2461 ἅπαντας
981 2397 1349 2469 προετρέπετο
1391 2399 1588 2462 αὐτοὺς
1636 2397 1730 2452 ἐπὶ
1775 2397 1837 2451 τὸ
1883 2397 2126 2471 ἄριστον.
2162 2402 2270 2455 Καὶ
2304 2402 2716 2475 ἀριστησάντων
2774 2403 2955 2458 αὐτῶν
3016 2404 3392 2478 ἐπορεύθησαν
3416 2407 3550 2462 ἕκα-

251 2506 382 2552 στος
412 2491 470 2541 ὲν
494 2490 560 2559 τῇ
591 2490 759 2543 αὑτοῦ
793 2490 1109 2563 Ἐκκλησία.

326 2581 467 2649 Aq'.
510 2585 666 2638 Μετὰ
699 2585 756 2638 δὲ
797 2588 949 2658 τρεῖς
982 2587 1199 2657 ἡμέρας
1232 2587 1373 2656 ἀνήρ
1411 2603 1497 2649 τις
1543 2586 1846 2657 αἰδέσιμος,

249 2674 479 2746 ὀνόματι
515 2676 851 2749 Εύγνώμων,
895 2678 1001 2732 ὑπό
1023 2696 1167 2743 τινος
1199 2679 1588 2750 λαμπροτάτου
1621 2680 1721 2750 τῆς
1753 2682 1851 2732 πό-

250 2766 391 2830 λεως
425 2768 628 2841 ἐϐλήθη
663 2771 720 2823 ἐν
756 2773 822 2842 τῇ
851 2770 1064 2842 φυλακῇ
1096 2773 1174 2835 εἰς
1195 2770 1360 2842 ὁλκὴν
1391 2769 1746 2841 νομισμάτων
1774 2776 1840 2840 ρ’.

252 2860 329 2912 Τὸ
351 2860 408 2913 δὲ
441 2860 613 2932 ὄνομα
640 2862 733 2916 τοῦ
766 2862 1022 2933 βαλόντος
1053 2862 1300 2915 ἐκαλεῖτο
1346 2863 1593 2933 Δράκων.
1628 2856 1795 2924 Οὗτος
1819 2862 1848 2913 6

251 2953 589 3024 Εὑγνώμων,
608 2954 873 3026 Ῥωμαῖος
903 2954 998 3018 ὢν,
1034 2956 1133 3009 οὐκ
1163 2951 1309 3025 εἶχεν
1340 2957 1431 3007 τὸν
1461 2954 1725 3025 ῥυόμενον
1748 2954 1847 3007 αύ-

2024 2581 2266 2640 XXXVI.
2307 2582 2511 2640 Tribus
2552 2595 2734 2641 autem
2778 2595 2905 2656 post
2951 2586 3142 2642 diebus
3193 2587 3280 2641 vir
3321 2587 3542 2659 quidam

1954 2679 2317 2741 venerandus,
2349 2678 2568 2733 nomine
2618 2677 3019 2748 Eugnomon,a
3068 2680 3305 2750 quodam
3355 2679 3545 2735 claris-

1954 2773 2100 2830 simo
2148 2772 2296 2829 illius
2340 2772 2578 2828 civitatis
2612 2773 2898 2843 conjectus
2940 2772 3119 2828 fuerat
3156 2774 3208 2827 in
3236 2773 3542 2827 eusrodiam

1952 2881 2052 2936 pro
2082 2880 2296 2921 summa
2334 2873 2551 2918 centum
2602 2880 2978 2921 nummorum.
3032 2864 3236 2920 Nomen
3284 2863 3543 2936 cjus,qni

1954 2957 2131 3027 ipsum
2166 2957 2494 3026 conjecerat,
2534 2966 2652 3012 erat
2690 2956 2884 3012 Draco.
2920 2958 2968 3012 Is
3000 2973 3122 3012 cum
3159 2966 3306 3011 esset
3337 2956 3539 3011 Ruina-

247 3046 348 3098 τὸν
397 3046 506 3099 ἀπὸ
551 3047 653 3116 τῆς
703 3047 1252 3119 φυλακὶῆςπΉκουσεν
1279 3047 1337 3099 δὲ
1368 3045 1705 3115 Ἐπιφάνιος,
1752 3046 1846 3098 καὶ

1977 3067 2080 3116 Ius,
2122 3052 2331 3104 nullum
2367 3051 2622 3114 habebat,
2655 3050 2747 3120 qui
2777 3064 2902 3104 eum
2935 3050 3190 3105 liberaret
3219 3066 3245 3102 a
3271 3048 3539 3104 custodia.

250 3138 529 3208 ἐπορεύθη
562 3137 696 3210 πρδς
737 3140 828 3191 τὸν
874 3139 1178 3209 Δράκοντα,
1212 3137 1308 3191 τοῦ
1339 3138 1718 3209 παρακαλέσαι
1746 3139 1844 3192 αύ-

250 3229 368 3295 τὸν,
400 3230 548 3292 ὅπως
596 3229 861 3283 ἀπολύσει
908 3230 1246 3302 Εύγνώμονα
1291 3231 1382 3284 τὸν
1422 3231 1693 3302 Ῥωμαῖον
1739 3231 1850 3284 ἀπὸ

249 3320 357 3390 τῆς
383 3321 651 3391 φυλακῆς.
688 3316 855 3375 Εἶπεν
877 3323 934 3376 δὲ
953 3324 981 3375 6
1001 3323 1228 3394 Δράκων
1258 3323 1565 3394 Ἐπιφανίῳ
1592 3342 1604 3354 ·
1634 3324 1848 3389 Βάδιζε,

252 3412 414 3483 φησὶ,
441 3414 778 3485 παρείσακτε
822 3413 923 3484 τῆς
967 3414 1173 3477 πόλεως
1204 3413 1381 3485 ἡμῶν,
1410 3421 1456 3487 ρ’
1475 3416 1787 3487 νομίσματα
1814 3415 1853 3470 ἃ

251 3503 671 3574 κεχρεὼστηκέν
709 3522 797 3577 μοι
845 3507 874 3559 6
910 3505 999 3567 σὸς
1031 3506 1267 3579 ἑταῖρος,
1308 3506 1394 3571 δός
1434 3525 1523 3578 μοι
1562 3507 1723 3569 αὐτὰ,
1756 3507 1852 3560 καὶ

253 3596 389 3651 λάϐε
421 3592 743 3652 τούτονῘΗν
770 3598 827 3652 δὲ
877 3589 1033 3661 οὗτος
1087 3600 1115 3652 6
1165 3599 1392 3670 Δράκων
1423 3599 1674 3663 πλούσιος
1720 3598 1851 3668 σφό-

253 3689 381 3762 δρα,
413 3690 690 3761 ἀνήμερος
739 3693 853 3754 τοῖς
901 3690 1124 3762 τρόποις
1161 3690 1219 3745 Ὀ
1250 3686 1341 3745 οὖν
1369 3692 1685 3761 Ἐπιφάνιος
1727 3692 1854 3745 ἐπο-

257 3783 430 3854 ρεύθη
457 3784 513 3836 ὲν
543 3782 621 3853 τῷ
654 3780 1195 3855 ὲπισκοπείῳ.ἿΙσαν
1219 3784 1278 3838 δὲ
1325 3792 1371 3856 ρ’
1395 3787 1710 3857 νομίσματα
1732 3784 1851 3839 κείν

256 3892 402 3947 μενα
448 3877 505 3928 ὲν
550 3875 627 3946 τῷ
662 3876 1020 3947 ὲπισκοπείῳ,
1055 3877 1137 3940 εἰς
1183 3871 1457 3931 διακονίαν
1488 3878 1588 3948 τῆς
1622 3878 1854 3949 Ἐκκλη-

256 3970 401 4031 σίας.
421 3970 481 4024 '0
527 3965 621 4023 οὖν
647 3968 971 4039 Ἐπιφάνιος
1016 3969 1198 4024 λαϐὼν
1240 3972 1402 4033 αὐτὰ,
1436 3972 1726 4042 ἐπορεύθη,
1762 3974 1854 4026 καὶ

253 4066 462 4118 ἔδωκεν
504 4064 582 4135 τῷ
622 4063 910 4135 Δράκοντι,
941 4063 1036 4116 καὶ
1075 4062 1314 4115 ἀπέλυσε
1342 4062 1434 4116 τὸν
1474 4063 1641 4128 ξένον.
1676 4059 1770 4127 Εἷς
1793 4064 1853 4117 δέ.

252 4174 341 4219 τις
390 4156 655 4218 διάκονος,
691 4154 915 4226 ὀνόματι
958 4154 1231 4223 Χαρῖνος
1275 4146 1431 4219 οὗτος
1491 4154 1596 4207 ὑπὸ
1641 4155 1855 4210 πολλῶν

254 4248 626 4319 ἐμαρτυρεῖτο
671 4246 907 4310 ἄτακτος
944 4242 1086 4300 εἶναι
1106 4264 1122 4275 ο
1151 4246 1428 4318 διήγειρεν
1455 4249 1702 4313 ἅπαντας
1728 4249 1852 4313 τοὺς

254 4340 558 4411 κληρικοῦς
591 4338 732 4397 κατὰ
758 4340 1103 4409 Ἐπιφανίου,
1136 4338 1309 4407 λέγων
1329 4356 1342 4369 ’
1379 4340 1544 4394 Δεῦτε
1587 4343 1682 4395 καὶ
1730 4340 1854 4394 διώ-

254 4432 425 4502 ξομεν
454 4432 544 4485 τὸν
574 4430 723 4497 ξένον
756 4430 968 4491 τοῦτον,
1018 4435 1229 4503 μήποτε
1257 4433 1553 4511 κατα-φάγῃ
1578 4434 1756 4487 πάντα
1783 4435 1851 4489 τὰ
1886 4425 1929 4479 ο

250 4528 359 4595 τῆς
382 4522 729 4593 Ἐκκλησίας.
767 4522 861 4578 καὶ
885 4522 1121 4594 ἐσόμεθα
1151 4524 1312 4593 ἡμεῖς
1341 4522 1514 4594 ἔνοχοι
1541 4524 1641 4596 τῆς
1666 4525 1847 4596 ἁμαρ-

250 4611 514 4679 τίαςῘἹΙν
555 4615 612 4668 δὲ
644 4607 800 4679 οὗτος
846 4618 875 4670 6
927 4614 1163 4687 Χαρῖνος
1213 4614 1468 4680 πλούσιος
1502 4616 1726 4688 σφόδρα,
1761 4618 1853 4671 καὶ

257 4710 446 4779 ἐζήτει
494 4707 681 4773 διῶξαι
722 4708 813 4762 τὸν
848 4706 1186 4778 Ἐπιφάνιον,
1221 4708 1371 4772 ὅπως
1419 4709 1582 4773 αὐτὸς
1640 4709 1850 4764 καθίσει

255 4799 354 4853 ἐπὶ
388 4797 483 4851 τοῦ
514 4798 724 4871 θρόνου.
760 4798 1103 4869 Ἐπὲστησαν
1130 4795 1223 4853 οὖν
1242 4799 1565 4885 Ἐπιςρανίῳἶ
1602 4799 1853 4869 λέγοντος

255 4893 356 4946 τοῦ
394 4890 631 4961 Χαρίνου
656 4893 783 4956 τοὺς
817 4891 1010 4961 λόγους
1039 4892 1262 4956 τούτους
1286 4909 1299 4923 ·
1333 4892 1448 4946 Οὐκ
1473 4892 1713 4966 ἠρκέσθη
1746 4910 1847 4956 σοι,

259 5002 299 5053 φ
318 4983 453 5052 ‘p‘tv,
483 4976 527 5036 ὦ
558 4982 864 5055 Ἐπιφάνιε,
895 4982 1066 5037 ἐλθὼν
1105 4983 1292 5038 ἐνθάδε
1335 4986 1412 5055 μὴ
1442 4984 1583 5055 ἔχων
1630 4984 1852 5039 ἐπενδύ-

256 5090 386 5144 την,
414 5075 509 5127 καὶ
550 5074 821 5139 ἀπέλαϐες
851 5073 950 5146 τὴν
983 5073 1333 5144 Ἐκκλησίαν,
1367 5074 1504 5128 ἀλλὰ
1532 5076 1851 5147 διασκορπί-

259 5166 317 5230 ζε
330 5185 378 5230 ις
405 5165 481 5228 ὡς
510 5166 656 5231 ξένος
685 5167 754 5221 τὰ
780 5168 882 5240 τῆς
912 5167 1271 5239 Ἐκκλησίας·
1304 5169 1399 5222 καὶ
1444 5171 1528 5233 τίς
1567 5169 1740 5233 οὕτως
1764 5170 1853 5241 βα-

260 5262 491 5324 στάσεις
531 5261 601 5313 Ἣ
629 5260 718 5324 δὸς
758 5260 829 5314 τὰ
876 5267 920 5332 ρ’
944 5261 1257 5332 νομίσματα
1300 5261 1400 5330 τῆς
1435 5261 1848 5334 Ἐκκλησίας,ἢ

258 5350 565 5423 πορεύθητι
606 5352 700 5404 ἐπὶ
742 5352 840 5423 σὴν
892 5350 1149 5423 πατρίδα.
1182 5350 1486 5423 Ἐπορεύθη
1526 5347 1618 5405 οὖν
1647 5353 1675 5405 6
1718 5353 1852 5406 Ῥω-

262 5446 427 5515 μαϊος
465 5443 494 5495 ὁ
524 5443 815 5507 ἀπολυθεὶς
858 5443 963 5497 ὑπὸ
986 5443 1307 5512 Ἐπιφάνιου
1350 5443 1444 5496 ἐπὶ
1469 5443 1570 5512 τῆς
1608 5443 1846 5515 Ῥώμης,

261 5533 360 5589 καὶ
392 5533 610 5587 ἅπαντα
635 5533 1033 5605 καταπωλήσας
1068 5532 1136 5587 τὰ
1156 5532 1346 5596 αὐτοῦ,
1370 5534 1600 5604 ἤνεγκεν
1625 5533 1695 5587 τὰ
1717 5535 1848 5606 χρή-

264 5642 415 5691 ματα
444 5626 771 5697 Ἐπιφανίῳ.
807 5622 997 5679 Λαϐὼν
1047 5621 1139 5679 οὖν
1163 5624 1334 5679 ταῦτα
1361 5625 1697 5695 Ἐπιεράνιος,
1729 5626 1848 5680 δια-

263 5716 496 5770 ἰέδωκεν
521 5720 634 5781 τοῖς
666 5719 850 5781 γρείαν
894 5710 1389 5788 ἔχουσιν.Ἕμεινεν
1420 5718 1476 5771 δὲ
1505 5718 1533 5769 6
1575 5718 1844 5788 Ῥωμαῖος

1956 3144 2093 3200 Cum
2149 3144 2416 3199 audiisset
2459 3142 2821 3213 Epiphanius,
2860 3151 2915 3198 et
2947 3143 3079 3197 i~set
3119 3144 3182 3196 ad
3221 3142 3542 3205 Draconcm,

1951 3244 2007 3289 et
2031 3249 2156 3289 eum
2206 3242 2441 3305 rogaret,
2475 3243 2535 3288 ut
2563 3232 2970 3305 Eugnomnnem
3002 3232 3308 3286 Romanum
3345 3230 3544 3285 libera-

1953 3337 2036 3383 ret
2067 3343 2095 3382 a
2130 3328 2380 3383 custodia
2412 3349 2423 3384 :
2460 3327 2630 3392 Vade,
2667 3327 2843 3383 Draco
2868 3327 3069 3395 inquit,
3098 3336 3153 3381 tu
3200 3325 3255 3381 in
3291 3326 3431 3381 hanc
3461 3325 3545 3379 in—

1956 3421 2151 3475 troduc
2180 3431 2232 3476 te
2253 3420 2550 3485 civitatem,
2588 3430 2642 3476 et
2683 3419 2817 3475 aﬂ'er
2844 3417 3062 3474 centum
3095 3434 3370 3482 nummos,
3403 3432 3545 3488 quos

1954 3520 2083 3568 tuus
2115 3512 2247 3579 mihi
2285 3514 2442 3567 debet
2476 3512 2708 3573 amicus,
2741 3521 2795 3565 et
2842 3511 2911 3566 da
2961 3511 3097 3565 mihi
3147 3526 3271 3575 eos,
3316 3521 3370 3565 et
3418 3525 3543 3565 eum

1952 3606 2153 3675 recipe.
2189 3604 2316 3659 Erat
2347 3614 2526 3659 autem
2559 3606 2649 3661 hic
2666 3604 2841 3659 Draco
2872 3603 3135 3677 [gentilis,
3164 3602 3240 3675 et]
3269 3602 3421 3657 din-s
3446 3603 3543 3656 ad-

1955 3697 2199 3761 modum,
2231 3696 2498 3765 sazvisque
2530 3693 2797 3749 moribus.
2829 3692 3168 3763 Epiphanius
3214 3701 3397 3746 autem
3447 3689 3544 3743 ivit

1955 3789 2010 3842 in
2061 3789 2459 3859 episcopatum.
2491 3786 2767 3857 Erantque
2802 3796 3018 3842 centum
3060 3784 3268 3840 nummi
3320 3784 3545 3853 repositi

1956 3882 2011 3937 in
2047 3881 2367 3951 episcopatu
2398 3881 2464 3935 ad
2499 3880 2862 3936 ministerium
2885 3877 3163 3935 Ecclesiae.
3197 3877 3265 3931 lis
3285 3876 3542 3944 acceptis,

1954 3974 2052 4029 ivit
2097 3972 2454 4044 Epiphanius,
2485 3981 2540 4028 et
2590 3987 2687 4027 eos
2737 3971 2885 4035 dedit
2914 3969 3172 4036 Draconi,
3203 3977 3257 4023 et
3293 3968 3543 4022 liberavit

1953 4067 2246 4136 hospitem.
2277 4064 2509 4131 Quidam
2547 4072 2728 4118 autem
2774 4064 3058 4126 diaconus,
3085 4061 3306 4115 nomine
3347 4059 3541 4114 Chari-

1955 4174 2061 4213 nus
2094 4156 2268 4229 (multi
2295 4171 2426 4210 vero
2454 4157 2505 4210 in
2537 4171 2662 4210 eum
2696 4153 3066 4209 testimonium
3098 4151 3368 4215 ferebant,
3394 4153 3539 4220 quod

1955 4258 2104 4306 esset
2150 4250 2458 4319 insolens),
2493 4247 2754 4303 incitabat
2777 4261 2969 4302 omnes
3003 4245 3233 4300 clericos
3274 4243 3541 4298 adversus

1956 4340 2347 4412 Epiphanium,
2380 4339 2568 4396 dicens
2603 4356 2617 4393 :
2650 4337 2807 4408 Agite
2834 4350 3234 4406 persequamur
3266 4333 3412 4387 hunc
3443 4332 3542 4385 ho-

1954 4436 2172 4506 spitem,
2206 4450 2274 4488 ne
2324 4433 2576 4488 comedat
2619 4444 2962 4501 qumcunqne
3008 4437 3133 4483 sunt
3184 4424 3458 4485 Ecclesiae,
3489 4434 3543 4477 et

1954 4529 2126 4584 simus
2179 4542 2280 4581 nos
2323 4534 2547 4596 peccato
2578 4520 2822 4578 obnoxii.
2852 4520 2981 4574 Erat
3012 4510 3190 4573 autem
3232 4518 3318 4573 hic
3343 4517 3542 4571 Chari-a

1954 4635 2059 4673 nus
2089 4619 2246 4673 valde
2273 4617 2446 4680 dives,
2470 4624 2524 4670 et
2549 4614 2831 4685 quaerebat
2855 4611 3107 4681 persequi
3146 4607 3538 4678 Epiphanium,

1954 4718 2014 4764 ut
2061 4709 2179 4779 ipse
2228 4708 2442 4764 sederet
2476 4707 2530 4761 in
2569 4706 2790 4761 throno.
2836 4703 3540 4770 Surrexeruntqueomnes

1954 4800 2136 4856 clerici
2192 4799 2456 4855 adversus
2512 4797 2903 4868 Epiphaninm,
2949 4797 3163 4851 dicente
3208 4794 3324 4849 haec
3372 4794 3538 4847 verba

1954 4892 2195 4948 Charino
2239 4910 2254 4946 :
2298 4890 2417 4947 Non
2452 4892 2588 4947 satis
2614 4899 2719 4957 est,
2747 4905 2781 4946 ο
2808 4889 3099 4961 Epiphani,
3132 4887 3277 4958 quod
3311 4886 3419 4941 huc
3448 4901 3538 4940 ve-

1953 4985 2124 5049 neris,
2157 4999 2281 5040 cum
2312 5000 2421 5040 non
2461 4985 2694 5040 haberes
2738 4984 3141 5046 indumentum,
3175 4989 3229 5035 et
3261 4979 3543 5049 acceperis

1953 5076 2286 5145 Ecclesiam;
2340 5078 2433 5135 sed
2488 5077 2655 5133 etiam
2702 5085 2966 5146 tanquam
3017 5074 3241 5143 hospes,
3273 5070 3540 5140 dispergis

1952 5187 2042 5228 res
2068 5171 2357 5238 Ecclesiae;
2381 5180 2434 5227 et
2461 5172 2586 5242 quis
2616 5170 2720 5227 hoc
2746 5168 2891 5225 ferre
2923 5166 3159 5238 poterit?
3188 5166 3296 5243 ᾼιιι
3325 5164 3393 5221 da
3419 5180 3532 5221 cen-

1956 5272 2068 5320 tum
2123 5253 2402 5330 nummos,
2434 5273 2528 5319 aut
2561 5264 2697 5319 vade
2744 5258 2798 5317 in
2833 5270 2981 5316 tuam
3014 5259 3267 5331 patriam.
3300 5257 3403 5312 lvit
3439 5272 3506 5311 au

1955 5363 2060 5409 tem
2112 5354 2342 5410 Romam
2373 5353 2677 5417 Romanus,
2715 5352 2979 5407 liberatus
3010 5353 3078 5405 ab
3106 5348 3410 5419 Epiphanio
3441 5365 3454 5400 :
3487 5357 3539 5400 et

1953 5445 2209 5501 omnibus
2236 5445 2351 5501 suis
2377 5443 2633 5511 venditis,
2654 5444 2705 5499 ei
2731 5443 2914 5498 attulit
2942 5440 3218 5511 pecunias.
3242 5437 3390 5505 Quas
3413 5452 3537 5493 cum

1953 5537 2253 5607 accepisset
2283 5535 2642 5605 Epiphanius,
2672 5535 2953 5592 distribuit
3007 5534 3094 5599 iis,
3125 5531 3217 5603 qui
3270 5545 3406 5601 opus
3436 5529 3536 5583 ha-

1952 5631 2175 5685 bebant.
2197 5630 2396 5684 Mansit
2428 5646 2555 5685 vero
2574 5630 2859 5685 Romanus
2879 5644 3002 5684 cum
3032 5625 3339 5697 Epiphanio
3367 5637 3539 5693 usque

1958 5721 2022 5776 ad
2061 5731 2284 5776 mortem
2340 5736 2516 5775 suam.
2556 5722 2777 5793 Accepit
2822 5729 3001 5777 autem
3046 5716 3382 5787 Epiphanius
3412 5727 3539 5768 ceu—
