3842 6106
332 183 390 237 71
1639 176 2310 257 s.r.rtrux.\'uvnx.
2507 173 2513 178 ’
3222 240 3225 243 -
3379 270 3389 280 ,
3546 213 3616 268 ’12

331 308 446 352 tum
479 315 755 367 nummos,
781 312 835 359 et
877 304 1024 359 dedit
1068 305 1329 374 Charino,
1366 311 1554 368 dicens
1582 316 1631 369 ei
1664 333 1678 369 :
1716 317 1903 387 Accipe

2031 305 2162 386 μετὰ
2191 320 2512 389 Ἐπιςρανίου
2547 321 2649 385 ἕως
2677 323 2892 392 ἡμέρας
2916 323 3145 378 θανάτου
3176 325 3617 383 αὐτοῦ.“Ε).α6εν

328 399 547 446 centum
598 410 872 460 nummos,
900 413 1040 467 quos
1090 399 1215 453 dedi
1266 418 1367 471 pro
1418 405 1652 475 hospite.
1691 409 1740 463 Is
1783 425 1914 466 vero

328 481 525 537 canina
555 482 729 539 fronte
761 489 1042 557 praeditus,
1068 503 1285 548 centum
1320 512 1578 551 nummos
1608 502 1817 570 accepit
1847 503 1914 558 ab

330 568 659 641 Epiphanio.
694 576 963 639 Omnibus
996 594 1176 639 autem
1210 588 1488 644 accersitis
1513 568 1753 657 clericis,
1777 592 1917 648 Cha-

330 665 486 721 rinus
538 669 671 725 dixit
721 673 803 727 eis
837 692 850 727 :
888 676 1063 746 Agite,
1094 678 1323 747 accipite
1372 689 1591 735 centum
1637 698 1910 749 nummos,

322 772 462 824 quos
494 758 827 828 disperserat
854 763 1228 836 Epiphanius;
1264 786 1357 825 eos
1383 773 1527 826 enim
1559 775 1626 828 ab
1647 790 1713 828 eo
1733 779 1910 847 exegi.

310 847 517 903 .C’lerici
551 866 682 906 Vero
715 870 824 909 non
855 859 1225 926 approbarunt
1257 863 1457 917 malum
1489 866 1733 921 animum
1766 867 1912 923 Cha-

322 939 451 1003 rini,
482 943 578 997 sed
609 946 655 998 ei
688 947 941 1006 dixerunt
976 971 989 1007 :
1023 954 1145 1017 Abi,
1175 971 1269 1010 eos
1302 959 1468 1012 redde
1502 961 1574 1024 ei,
1612 977 1639 1015 a
1672 979 1912 1034 queac-

322 1034 533 1102 cepisti.
571 1034 645 1091 Ita
675 1038 719 1092 is
746 1056 840 1097 eos
882 1060 986 1097 non
1019 1047 1254 1102 reddidit
1301 1049 1628 1120 Epiphanio.
1660 1054 1836 1124 Atque
1866 1057 1912 1111 is

321 1128 542 1195 quidem
579 1134 745 1189 multa
769 1138 954 1205 gravia
971 1146 1024 1193 et
1044 1131 1265 1212 indigna
1294 1143 1419 1199 fecit
1445 1143 1767 1217 Epiphanio.
1793 1150 1914 1221 Epi.

320 1220 555 1289 phanius
589 1235 768 1281 autem
802 1246 1082 1302 nunquam
1111 1237 1336 1293 omnino
1379 1242 1629 1298 meminit
1676 1255 1913 1315 acceptae

320 1326 351 1365 a
386 1311 627 1371 Charino
664 1317 911 1389 injurize.
988 1340 991 1341 '

389 1528 655 1627 XXXi’ll.
695 1574 830 1630 Cum
866 1578 1162 1649 aliquando
1197 1587 1419 1656 quidem
1441 1602 1587 1647 esset
1616 1596 1906 1664 prandium

317 1656 372 1711 in
407 1661 742 1734 episcopatu,
773 1668 1008 1726 habebat
1057 1673 1398 1745 Epiphanius
1432 1656 1634 1741 omnes
1675 1688 1904 1746 clericos
1939 1678 1981 1733 Β

314 1748 372 1803 in
404 1767 615 1808 mensa.
653 1756 769 1812 Mos
817 1772 995 1816 autem
1031 1774 1150 1819 erat
1198 1768 1503 1840 Epiphanio
1551 1787 1710 1833 nocte
1736 1789 1789 1835 et
1818 1782 1905 1838 die

317 1840 518 1899 habere
544 1846 595 1899 in
626 1852 879 1906 manibus
913 1867 1103 1911 sancta
1131 1858 1447 1931 Evangelia,
1481 1875 1536 1920 et
1567 1867 1763 1925 docere
1788 1889 1907 1926 ver-

315 1931 447 1986 bum
496 1936 763 1993 divinum.
796 1941 1045 2016 Cumque
1073 1951 1127 2004 in
1156 1967 1344 2007 mensa
1379 1956 1599 2013 doceret
1631 1963 1906 2030 pranden-

318 2033 399 2079 tes
444 2025 806 2098 Epiphanius,
841 2039 977 2104 avis,
1016 2056 1136 2110 quae
1180 2044 1381 2101 dicitur
1423 2067 1642 2119 curvus,
1691 2054 1905 2113 intense

312 2130 502 2171 vocem
532 2123 733 2179 emisit.
769 2126 916 2183 Dixit
944 2144 1124 2189 aulem
1154 2135 1429 2193 Charinus
1461 2145 1858 2211 prandentibus
1886 2169 1899 2204 :

313 2206 577 2273 Quisnam
624 2232 689 2271 ex
733 2221 888 2277 vobis
938 2226 1091 2281 novit
1138 2230 1266 2298 quid
1317 2206 1533 2291 locutus
1565 2239 1632 2293 sit
1661 2243 1904 2299 corvus?

312 2298 549 2358 Verbum
610 2319 793 2364 autem
850 2313 1097 2371 divinum
1168 2326 1475 2390 exponebat
1537 2312 1897 2398 Epiphanius.

310 2386 569 2448 Eamdem
605 2414 788 2453 vocem
825 2418 1018 2459 rursus
1048 2408 1247 2463 emittit
1285 2427 1504 2469 corvus.
1544 2415 1688 2472 Dixit
1719 2430 1900 2476 autem

310 2497 508 2540 rursus
543 2488 818 2547 Charinus
852 2513 865 2548 :
902 2496 1038 2561 Quis
1086 2515 1151 2552 ex
1201 2504 1359 2557 vobis
1413 2508 1566 2561 novit
1596 2511 1727 2577 quid
1756 2512 1902 2569 dicat

311 2579 543 2631 corvus?
578 2579 916 2650 Epiphanius
961 2603 1092 2642 vero
1120 2604 1314 2647 rursus
1348 2608 1541 2650 omnes
1589 2599 1818 2658 docebat
1848 2604 1902 2659 in

311 2667 565 2735 prandio.
610 2670 783 2728 Porro
818 2687 1000 2731 autem
1034 2693 1230 2735 rursus
1282 2698 1501 2752 quoque
1552 2689 1767 2744 tertiam
1812 2709 1897 2748 vo-

313 2772 433 2812 cem
488 2762 686 2818 emittit
736 2780 954 2823 corvus.
993 2768 1250 2841 Dixitque
1283 2789 1477 2830 rursus
1511 2776 1784 2838 Charinus
1811 2784 1899 2851 iis,

261 2906 269 2911 _
309 2853 404 2918 qui
425 2861 582 2907 erant
610 2855 662 2908 in
689 2857 919 2925 prandio
952 2876 964 2912 :
997 2859 1117 2914 Dixi
1152 2862 1328 2930 vobis,
1360 2865 1625 2944 Quisnam
1657 2880 1902 2929 vestrum

308 2945 462 2998 novit
512 2948 641 3016 quid
690 2948 837 3003 dicat
871 2952 1106 3006 corvus?
1142 2953 1484 3024 Epiphanius
1528 2960 1663 3015 nihil
1694 2964 1900 3021 sollici-

306 3042 417 3102 tus,
445 3038 539 3091 sed
566 3039 774 3106 placido
807 3042 955 3096 vultu
984 3043 1123 3098 dixit
1144 3046 1407 3104 «Charino
1432 3067 1444 3102 :
1477 3050 1591 3123 Ego
1620 3056 1745 3109 novi
1770 3058 1899 3125 quid

306 3125 454 3180 dicat
498 3144 716 3185 corvus.
747 3132 883 3186 Tum
914 3134 1191 3193 Charinus
1237 3138 1542 3210 Epiphanio
1577 3162 1591 3198 :
1622 3144 1896 3203 Annuutia

309 3216 464 3284 mihi,
490 3229 543 3273 et
569 3222 679 3275 eris
706 3224 950 3278 omnium
984 3243 1229 3282 meorum
1256 3231 1645 3289 dominus.Cui
1673 3252 1905 3307 respon-

306 3308 387 3363 dit
416 3309 756 3380 Epiphanius
787 3332 801 3370 :
837 3316 981 3372 Dixit
1009 3334 1228 3385 corvus,
1258 3331 1308 3377 te
1348 3339 1456 3379 non
1491 3325 1738 3383 futurum
1777 3345 1901 3383 am-

306 3400 449 3468 plius
480 3403 794 3460 diaconum.
820 3394 953 3464 Post
977 3425 1285 3467 sermonem
1318 3416 1462 3471 hunc
1485 3429 1665 3473 autem
1697 3429 1901 3474 tremor

305 3492 509 3547 invasit
537 3494 870 3564 Charinum;
906 3516 1006 3555 nec
1036 3502 1255 3559 locutus
1286 3516 1368 3560 est
1392 3508 1648 3576 amplius,
1682 3519 1775 3563 aut
1809 3526 1899 3566 eo-

305 3585 497 3649 medit,
524 3592 623 3640 aut
654 3587 792 3643 bibit
822 3607 835 3642 :
866 3589 960 3645 sed
992 3606 1118 3645 eum
1151 3605 1436 3662 portantes
1479 3598 1599 3667 ejus
1628 3600 1779 3667 pueri
1815 3610 1902 3655 tu-

304 3675 488 3730 lerunt
521 3678 575 3731 in
603 3678 825 3734 domum
855 3698 1036 3750 suam,
1066 3695 1120 3739 et
1144 3697 1454 3754 posuerunt
1482 3689 1534 3741 in
1566 3689 1724 3744 lecto.
1745 3691 1901 3748 Mane

304 3784 434 3823 vero
464 3781 713 3828 mortuus
740 3783 827 3828 est
856 3776 910 3829 in
944 3779 1085 3832 lecto
1112 3794 1233 3833 suo.
1270 3779 1516 3835 Habebat
1551 3795 1734 3837 autem
1766 3800 1900 3840 uxo-

305 3876 420 3915 rem
473 3862 875 3931 ﬁdelissimam,
915 3884 1015 3922 nec
1066 3879 1183 3924 erat
1239 3871 1318 3925 eis
1372 3871 1538 3927 ﬁlius.
1579 3872 1655 3929 Ea
1704 3876 1900 3931 obtulit

303 3952 486 4006 omnia
540 3953 888 4024 Epiphanio:
924 3974 1090 4028 quam
1142 3961 1306 4015 etiam
1359 3960 1489 4017 fecit
1530 3963 1897 4020 diaconissam

302 4039 582 4099 Ecclesiae.
616 4045 987 4103 Laboraverat
1011 4060 1193 4105 autem
1244 4052 1366 4121 ejus
1421 4069 1617 4111 manus
1645 4056 1883 4126 paralysi

301 4139 548 4200 tempore
592 4135 779 4190 decem
831 4153 1125 4194 annorum.
1174 4140 1474 4211 Postquam
1509 4160 1639 4214 ergo
1667 4160 1787 4198 eam
1822 4154 1901 4200 te—

303 4223 427 4276 nuit
454 4223 816 4294 Epiphanius,
850 4241 909 4283 ut
938 4244 1061 4284 eam
1088 4232 1352 4299 signaret,
1381 4234 1566 4287 statim
1596 4236 1896 4301 convaluit,

304 4326 359 4370 et
394 4315 626 4370 liberata
660 4317 763 4372 fuit
817 4335 848 4373 a
899 4320 1204 4375 doloribus.
1233 4322 1317 4376 Ab
1354 4323 1448 4377 illo
1473 4339 1603 4393 ergo
1635 4326 1742 4389 die,
1784 4342 1895 4396 quo
1926 4337 1973 4394 ι)
2000 4315 2238 4408 ὑγίαζιεν,

299 4405 544 4461 Charino
570 4423 881 4463 sermonem
914 4410 1132 4466 loeutus
1178 4423 1263 4466 est
1305 4411 1668 4482 Epiphanius,
1700 4426 1753 4470 et
1793 4434 1896 4473 una

299 4517 427 4559 cum
480 4514 736 4556 sermone
790 4501 908 4571 ipse
947 4503 1159 4573 accepit
1206 4504 1533 4559 sententiam
1583 4522 1615 4561 a
1643 4505 1895 4573 Domino,

299 4611 495 4651 omnes
528 4594 715 4651 clerici
745 4594 943 4649 timore
965 4604 1020 4648 et
1054 4606 1291 4650 tremore
1319 4596 1551 4667 subjecti
1579 4608 1735 4653 erant
1768 4599 1895 4669 Epi-

300 4685 527 4756 phanio.

371 4777 664 4832 XXXVIII.
705 4776 880 4831 Porro
907 4788 1092 4831 autem
1121 4778 1223 4832 hoc
1253 4793 1473 4847 quoque
1499 4782 1751 4837 servabat
1771 4783 1898 4853 Epi-

299 4874 538 4942 phanius
573 4892 585 4928 :
617 4872 889 4942 Tempore
923 4870 1217 4925 oblationis
1266 4886 1550 4940 nunquam
1583 4876 1899 4943 perﬁciebat

299 4965 657 5028 oblationem,
702 4963 878 5019 donec
913 4962 1141 5017 vidisset
1180 4961 1474 5016 visionem.
1500 4963 1899 5023 Consueverat-

298 5070 406 5124 que
434 5056 627 5110 beatus
661 5055 880 5124 praefari
917 5054 1083 5110 verba
1119 5053 1392 5124 quaedam,
1423 5062 1480 5107 et
1513 5054 1561 5107 ei
1596 5058 1776 5111 statim
1811 5076 1896 5115 re-

297 5144 604 5200 velabatur.
638 5142 776 5198 Cum
836 5145 1023 5214 itaque
1074 5142 1377 5213 aliquando
1412 5150 1497 5195 ter
1526 5142 1753 5199 dixisset
1778 5162 1897 5200 ser-

300 5250 543 5300 monem,
577 5234 725 5289 nulla
757 5234 806 5288 ei
842 5249 901 5287 se
927 5234 1128 5303 obtulit
1159 5234 1319 5288 visio.
1349 5229 1488 5286 Cum
1522 5231 1570 5286 is
1602 5243 1782 5288 autem
1814 5237 1897 5290 Iu-

300 5338 452 5399 geret
479 5337 533 5382 et
559 5334 762 5389 oraret,
792 5334 849 5378 ut
877 5324 981 5379 sibi
1004 5339 1175 5380 causa
1205 5324 1625 5395 signiﬁcaretur,
1654 5326 1893 5394 primum

300 5427 556 5479 observat
584 5421 900 5484 diaconum,
934 5417 1028 5487 qui
1065 5432 1096 5471 a
1129 5417 1376 5472 sinistris
1422 5414 1640 5469 tenebat
1665 5417 1895 5474 ventila-

376 5601 450 5675 (τι)
492 5599 764 5672 Inlcrpres
797 5597 927 5668 legit
956 5595 1160 5656 αὐτοῖς.

2016 407 2070 459 δὲ
2103 409 2422 479 Ἐπιφάνιος
2474 412 2541 465 τὰ
2593 420 2639 484 ρ’
2666 415 2994 486 νομίσματα,
3034 418 3129 470 καὶ
3159 417 3358 472 ἔδωκεν
3394 420 3469 490 τῷ
3504 423 3616 475 Xa.-

2021 503 2168 572 ρίνῳ,
2203 501 2376 570 λέγων
2409 505 2544 575 πρὸς
2589 508 2751 561 αὐτόν
2772 524 2785 536 ·
2819 508 2977 575 Δέξαι
3029 510 3097 563 τά
3141 518 3184 581 ρ’
3212 511 3550 582 νομίσματα,
3581 514 3618 568 ἃ

2017 593 2190 648 ἔδωκα
2218 595 2357 668 ὑπὲρ
2370 598 2462 649 τοῦ
2497 598 2666 663 ξένου.
2702 596 2870 665 Οὗτος
2899 602 2976 670 δὲ,
3010 604 3171 666 κυνὸς
3199 605 3425 675 ὄμματα
3453 606 3614 676 ἔχων,

2016 685 2208 739 ἔλαϐεν
2257 689 2327 742 τά
2375 692 2688 762 νομίσματα
2734 694 3272 766 παρὰἘτ-ειφανίου·
3306 698 3405 751 καὶ
3447 715 3618 770 προσ-

2015 779 2390 852 καλεσάμενος
2425 784 2672 848 ἅπαντας
2701 787 2828 850 τοὺς
2852 786 3169 859 κληρικοὺς,
3196 789 3384 858 ἔλεγεν
3407 791 3613 854 αὐτοῖς·

2014 873 2198 938 Δεῦτε,
2233 874 2426 929 λάϐετε
2478 878 2546 932 τὰ
2601 885 2646 941 ρ’
2675 880 3009 951 νομίσματα,
3042 882 3077 936 ἃ
3104 878 3172 954 ἦν
3215 884 3616 955 διασκορπίσας

2014 963 2335 1034 Ἐπιφάνιος
2355 984 2368 997 ·
2399 968 2660 1047 ἀπῄτησα
2697 971 2807 1041 γάρ
2836 972 2997 1027 αὑτὸν
3027 974 3226 1027 πάντα.
3266 974 3329 1029 Oi
3359 974 3617 1046 κληρικεὶ

2013 1052 2105 1109 οὖν
2149 1058 2209 1110 οὐ
2244 1060 2640 1131 συνευδόκησαν
2692 1065 2756 1134 τῆ
2803 1067 2947 1136 κακῇ
2991 1064 3188 1140 γνώμῃ
3233 1067 3314 1135 τῷ
3351 1067 3614 1138 Χαρίνῳ,

2013 1147 2129 1201 ἀλλ’
2163 1145 2318 1203 εἶπον
2371 1151 2508 1223 πρὸς
2556 1155 2744 1208 αὐτόν·
2788 1157 3046 1220 Ἀπελθε,
3099 1160 3233 1229 παρ’
3276 1155 3338 1212 οὗ
3395 1160 3615 1226 ἔλαϐες,

2013 1241 2211 1305 ἀπόδος
2253 1244 2413 1298 αὑτά.
2445 1240 2614 1310 Οὗτος
2657 1247 2714 1299 δὲ
2759 1247 2883 1301 οὔτε
2916 1249 3090 1311 οὓτως
3136 1251 3427 1305 ἀπέδωκεν
3472 1254 3616 1307 αὐτὰ

2013 1329 2336 1404 Ἐπιφανίῳ.
2369 1335 2674 1405 Πάμπολλα
2698 1332 2791 1391 οὖν
2829 1338 2979 1392 δεινά
3012 1341 3284 1412 ἐχρήσατο
3317 1344 3346 1395 6
3376 1343 3616 1413 Χαρῖνος

2014 1419 2353 1494 Ἐπιφανίῳ·
2405 1426 2569 1489 αὐτὸς
2622 1426 2677 1479 δὲ
2742 1430 2800 1481 ὲν
2865 1429 3039 1482 οὐδενὶ
3107 1431 3246 1495 ὅλως
3311 1433 3616 1502 ὲμηνίασεν

2012 1512 2185 1583 αὐτῷ.

2082 1606 2203 1659 AZ’.
2246 1607 2384 1660 Ποτὲ
2430 1605 2523 1662 οὖν
2574 1611 2798 1682 ἀρίστου
2842 1613 2992 1678 ὄντος
3042 1618 3100 1670 ἐν
3133 1617 3211 1687 τῷ
3246 1619 3614 1691 ἐπισκοπείῳ,

2011 1691 2157 1764 εἶχεν
2188 1697 2507 1764 Ἐπιῳάνιος
2543 1701 2791 1766 ἅπαντας
2830 1705 2956 1768 τοὺς
2991 1705 3289 1778 κληρικοὺς
3339 1709 3435 1761 ἐπὶ
3481 1727 3602 1780 τρα-

2010 1784 2315 1858 πέζης.Ἶίν
2364 1788 2420 1842 δὲ
2456 1791 2575 1853 ἕθος
2610 1792 2915 1867 Ἐπιφανίῳ
2949 1797 3006 1849 ἐν
3039 1801 3160 1860 ταῖς
3203 1800 3395 1868 χερσὶν
3445 1800 3614 1853 αὐτοῦ

2010 1882 2231 1950 κρατεῖν
2257 1882 2324 1934 τὰ
2356 1881 2487 1949 ἅγια
2517 1881 2850 1953 Εὐαγγέλια,
2878 1888 3072 1952 νυκτὸς
3104 1890 3200 1942 καὶ
3222 1890 3439 1964 ἡμέρας
3469 1892 3609 1946 διδάι

2011 1987 2162 2024 σκειν
2193 1972 2285 2025 τὸν
2320 1972 2462 2027 θεῖον
2510 1973 2686 2043 λόγον.
2719 1977 2825 2030 Τοῦ
2858 1974 2950 2032 οὖν
2977 1979 3300 2050 Ἐπιερανίου
3330 1982 3613 2036 διδάσκον-

2006 2077 2098 2124 τος
2145 2062 2240 2113 ἐπὶ
2269 2062 2548 2134 τραπέζης
2593 2067 2722 2129 τοὺς
2771 2068 3131 2140 ἀριστοῦντας
3174 2072 3363 2141 ὄρνεον
3408 2073 3471 2127 τό
3506 2092 3613 2128 κα-

2007 2150 2268 2222 λούμενον
2315 2154 2488 2226 κόραξ
2523 2157 2814 2212 ἀποδίδωσι
2839 2160 3024 2233 φωνὴν
3051 2164 3307 2229 εὐτόνως.
3348 2161 3524 2220 Εἶπεν
3553 2168 3611 2221 δὲ

2005 2244 2241 2315 Χαρῖνος
2291 2249 2406 2310 τοῖς
2458 2248 2808 2318 ἀριστοῦσιν·
2845 2253 2940 2316 Τίς
2975 2255 3032 2320 ἐξ
3068 2257 3224 2326 ὑμῶν
3262 2258 3532 2326 γινώσκει
3559 2261 3612 2313 τί

2005 2336 2388 2405 ἀπεφθέγξατο
2429 2341 2458 2391 ὁ
2494 2341 2701 2412 κόραξ;
2732 2340 2842 2398 Ἦν
2873 2346 2928 2399 δὲ
2956 2347 3274 2418 Ἐπιφάνιος
3304 2351 3489 2405 λαλῶν
3518 2354 3611 2406 τὸν

2006 2425 2148 2479 θεῖον
2182 2427 2361 2497 λόγον.
2394 2432 2564 2483 Πάλιν
2597 2430 2690 2488 οὖν
2724 2438 2751 2489 6
2780 2437 2951 2509 κόραξ
2977 2441 3270 2495 ἀποδίδωσι
3301 2443 3402 2515 τὴν
3434 2446 3612 2517 αὐτὴν

2008 2519 2195 2589 φωνήν
2221 2536 2234 2549 ·
2263 2516 2419 2573 εἶπεν
2448 2521 2504 2575 δὲ
2538 2524 2696 2578 πάλιν
2717 2529 2745 2581 6
2769 2529 3006 2598 Χαρῖνος
3024 2548 3038 2562 ·
3069 2522 3165 2597 Τίς
3187 2535 3245 2600 ἐξ
3270 2535 3428 2605 ὑμῶν
3451 2516 3610 2606 γινώ-

2008 2624 2126 2663 σκει
2156 2610 2210 2663 τί
2235 2611 2385 2680 λέγει
2434 2616 2461 2667 ὁ
2495 2616 2698 2687 κόραξ;
2729 2617 2834 2674 Ἢν
2871 2622 2927 2675 δὲ
2961 2624 3122 2678 πάλιν
3149 2627 3478 2697 Ἐπιφάνιος
3527 2631 3609 2684 διο

2003 2700 2220 2756 δάσκων
2269 2706 2514 2772 ἅπαντας
2557 2712 2647 2764 ἐπὶ
2680 2714 2936 2783 ἀρίστου·
2988 2717 3150 2773 πάλιν
3181 2716 3276 2774 οὖν
3307 2723 3609 2777 ἀποδίδωσι

2004 2795 2196 2865 τρίτην
2227 2798 2410 2869 φωνὴν
2441 2802 2468 2854 6
2497 2803 2684 2874 κόραξ.
2710 2803 2878 2860 Εἶπεν
2904 2809 2958 2862 δὲ
2988 2811 3151 2865 πάλιν
3180 2816 3208 2867 6
3237 2815 3476 2885 Χαρῖνος
3493 2820 3608 2880 τοῖς

2004 2886 2099 2939 ἐπὶ
2136 2889 2392 2958 ἀρίστου·
2428 2889 2597 2948 Εἶπον
2648 2898 2799 2968 ὑμῖν,
2831 2900 2927 2965 Τίς
2957 2902 3017 2966 ἐξ
3049 2904 3203 2975 ὑμῶν
3252 2903 3396 2960 οἶδεν
3427 2909 3483 2962 τί
3512 2910 3608 2963 λα-

1927 3008 1970 3066 C
2005 2976 2085 3030 λεῖ
2125 2981 2151 3032 6
2189 2982 2393 3052 x6915;
2440 2983 2499 3037 '0
2548 2983 2641 3040 οῦν
2671 2988 2989 3060 Ἐπιφάνιος
3020 2997 3189 3066 μηδὲν
3222 2999 3602 3072 ἀδημονήσας,

2003 3068 2119 3121 ἀλλ’
2149 3071 2203 3122 ὲν
2254 3073 2421 3143 πολλῇ
2470 3080 2801 3133 καταστάσει
2849 3078 3004 3137 εἶπεν
3045 3086 3124 3157 τῷ
3154 3068 3415 3162 Χαρίνιρ·
3456 3068 3605 3162 Ἔγὼ

2003 3160 2255 3228 γινώσκω
2284 3166 2337 3217 τί
2363 3161 2514 3254 εἶπεν
2545 3171 2573 3221 6
2601 3172 2792 3243 κόραξ.
2824 3172 2994 3230 Εἶπεν
3027 3178 3083 3232 δὲ
3108 3160 3371 3251 Χαρῖνος·
3406 3160 3608 3255 Ἀνάγ-

2002 3250 2182 3317 γειλόν
2216 3270 2325 3322 μοι,
2358 3256 2453 3308 καὶ
2491 3247 2595 3331 ’ἔσῃ
2643 3262 2861 3317 πάντων
2894 3265 3003 3320 τῶν
3030 3268 3163 3338 ἐμοῦ
3190 3247 3396 3341 ἀρχιυν.
3431 3247 3606 3327 Εἶπεν

2001 3340 2058 3393 δὲ
2084 3342 2401 3412 Ἐπιφάνιος
2423 3349 2558 3418 πρὸς
2579 3351 2672 3405 τὸν
2692 3354 2926 3426 Χαρῖνον
2943 3374 2958 3390 ·
2992 3356 3162 3413 Εἶπεν
3178 3364 3206 3415 6
3231 3340 3431 3434 κόραξ,
3452 3366 3603 3430 ὅπως

2006 3432 2079 3502 μὴ
2109 3430 2174 3506 ᾖς
2199 3434 2462 3502 διάκονος·
2499 3440 2623 3495 Ἐπὶ
2650 3444 2728 3515 τῷ
2758 3447 2900 3519 λόγῳ
2928 3446 3021 3503 οὖν
3048 3451 3374 3523 Ἐπιερανίου
3403 3457 3606 3511 ἔπεσεν

2002 3522 2202 3593 τρόμος
2234 3526 2326 3580 ἐπὶ
2352 3527 2596 3602 Χαρίνῳ,
2624 3536 2717 3588 καὶ
2746 3539 2930 3593 οὐκέτι
2959 3522 3210 3615 ἐλάλησε,
3238 3547 3361 3599 οὐδὲ
3393 3548 3606 3619 ἔφαγεν

2002 3630 2055 3666 τι
2081 3614 2114 3684 ἢ
2146 3615 2297 3671 ἔπιεν
2318 3635 2329 3647 ·
2356 3620 2493 3675 ἀλλά
2515 3623 2884 3693 βαστάσαντες
2910 3633 3072 3686 αὑτὸν
3106 3614 3155 3688 oi
3186 3638 3380 3702 παῖδες
3406 3614 3601 3706 αὑτοῦ,

2003 3703 2304 3775 ἀπήνεικαν
2328 3710 2384 3762 ὲν
2417 3711 2494 3781 τῷ
2522 3715 2652 3785 οἴκῳ
2678 3719 2861 3784 αὐτοῦ,
2894 3723 2989 3776 καὶ
3022 3724 3227 3797 ἔθηκαν
3257 3729 3351 3782 ἐπὶ
3381 3729 3599 3803 κλίνης·
3642 3754 3645 3755 ν

2003 3793 2099 3846 καὶ
2131 3798 2197 3865 τῇ
2226 3797 2393 3853 ἕωθεν
2436 3802 2703 3862 ἀπέθανεν
2733 3811 2826 3864 ἐπὶ
2849 3813 2950 3883 τῆς
2984 3793 3175 3888 κοίτης
3200 3819 3394 3877 αὐτοῦ.
3433 3793 3604 3894 [Sil-ev

2003 3883 2061 3936 δὲ
2112 3890 2345 3953 γυναῖκα
2395 3898 2750 3970 πιστοτάτην·
2797 3903 2990 3959 τέκνον
3044 3883 3326 3980 ὁτὲ-αὑτῆς
3371 3916 3451 3985 (a)
3502 3883 3604 3987 οὐχ

2002 3973 2264 4046 ὑπῆρχεν.
2299 3979 2444 4053 Αὕτη
2496 3988 2868 4059 προσήνεγκεν
2907 3994 3209 4068 Ἐπιφανίῳ
3271 3973 3456 4058 πάντα
3480 4021 3495 4034 ·
3535 3973 3605 4075 ἣῖ)

2004 4068 2099 4119 καὶ
2124 4069 2375 4140 ἐποίησεν
2401 4073 2644 4132 διάκονον
2672 4081 2770 4151 τῆς
2798 4083 3148 4157 Ἑκκλησίας.
3167 4092 3231 4144 Ἠ
3262 4095 3320 4146 δὲ
3343 4096 3469 4169 χεὶρ
3504 4068 3606 4152 αῦ-

2002 4156 2100 4227 τῆς
2125 4154 2191 4230 ἦν
2232 4164 2535 4238 παρειμένη
2559 4168 2789 4244 δεκαετῆ
2819 4154 3029 4247 χρόνον.
3051 4180 3136 4244 Ὠς
3164 4179 3258 4236 οὖν
3284 4154 3604 4259 ἐκράτησεν

2002 4247 2171 4320 αὐτὴν
2220 4250 2563 4323 Ἐπιφάνιος,
2615 4262 2763 4326 ὅπως
2812 4271 3103 4339 σφραγίσει
3148 4274 3340 4346 αὐτὴν,
3387 4280 3605 4347 εὐθέως

2273 4347 2367 4399 καὶ
2397 4351 2694 4426 ἐκουφίσθη
2728 4358 2820 4412 τοῦ
2852 4362 3036 4418 πόνου.
3083 4367 3217 4419 Ἀπὸ
3243 4372 3345 4440 τῆς
3377 4372 3603 4444 ἡμέρας

2000 4425 2111 4538 οὖν,
2160 4427 2226 4501 ἧς
2266 4433 2581 4507 Ἐπιφάνιος
2628 4425 2889 4520 ἐλάλησεν
2939 4455 3183 4530 Χαρίνῳ,
3216 4425 3341 4519 καί⁷
3365 4425 3468 4520 σῦν
3497 4425 3603 4538 ⁸ἐἰεί

2000 4520 2141 4632 λόγῳ
2170 4526 2334 4632 αυτοῦ
2379 4529 2566 4586 ἐλαϐεν
2593 4537 2690 4608 τὴν
2721 4541 2994 4613 ἀπόφασιν
3024 4520 3144 4603 ἀπὸ.
3169 4520 3405 4627 Κυρίου,
3444 4524 3601 4632 φόδιξ)

2001 4612 2096 4723 καὶ
2122 4615 2309 4688 τρόμῳ
2335 4620 2574 4689 ἅπαντες
2594 4630 2643 4681 οί
2674 4612 2927 4705 κληρικοὶ
2955 4612 3328 4703 ὑπετάσσοντο
3349 4612 3600 4723 Ὶέττιφαῖ-

2000 4704 2112 4774 νίῳ.

2073 4798 2201 4906 ΑΗΖ.
2242 4796 2349 4906 'I-Iv
2378 4807 2486 4878 γὰρ
2516 4811 2609 4864 καὶ
2653 4813 2813 4869 τοῦτο
2854 4824 3270 4898 πεφυλαγμένον
3299 4832 3379 4903 τῷ
3413 4853 3602 4906 μακα-

2002 4883 2101 4980 ρίιγ)
2123 4902 2135 4915 ·
2168 4890 2223 4942 ὲν
2253 4891 2360 4963 γὰρ
2391 4899 2454 4967 τῇ
2485 4897 2603 4971 ὥρᾳ
2631 4903 2727 4974 τῆς
2760 4883 3128 4980 προσενέξειος
3176 4883 3601 4979 οὐδέποτεέτέ-

1998 4971 2218 5032 λείωσεν
2246 4982 2343 5050 τὴν
2384 4989 2717 5058 προσένεξιν,
2753 4994 2857 5059 ἕως
2906 4994 2967 5050 οὖ
3003 5002 3109 5056 ἴδεν
3137 5007 3236 5078 τὴν
3268 5009 3554 5068 ὀπτασίαν
3581 5032 3596 5045 ·

1998 5064 2176 5166 εἰώθει
2224 5073 2252 5123 ὀ
2305 5077 2570 5149 μακάριος
2613 5080 2789 5150 λέγειν
2838 5089 2965 5154 τοὺς
3007 5064 3219 5164 λόγους,
3254 5103 3351 5154 καὶ

1998 5155 2409 5221 ἀπεκαλύπτετο
2458 5173 2626 5243 αὐτῷ.
2676 5176 2813 5229 Ποτὲ
2841 5176 2934 5234 οὖν
2962 5186 3131 5239 εἰπὼν
3161 5192 3473 5260 τρίτοψτὸν
3506 5198 3611 5253 λό-“

1996 5261 2110 5314 γον,
2141 5252 2238 5305 οὐκ
2286 5258 2502 5324 ἐγένετο
2544 5267 2613 5317 τὰ
2663 5267 2759 5336 τῆς
2803 5270 3087 5340 ὀπτασίας.
3121 5280 3328 5335 Τούτου
3360 5284 3418 5336 δὲ
3456 5303 3566 5341 πεν

1996 5335 2230 5408 θοῦντος,
2261 5349 2353 5400 καὶ
2398 5351 2652 5424 δεομένου
2699 5359 2839 5415 ὥστε
2891 5368 3199 5440 μηνυθῆναι
3249 5375 3351 5444 τὴν
3402 5380 3587 5432 αἰτίαι

1996 5425 2052 5444 ,η
2236 5435 2247 5444 .

2891 5425 2902 5432 .
2954 5425 2964 5436 .
3095 5425 3105 5440 ι
3292 5425 3317 5444 ίι
3406 5425 3587 5432 """"

1995 5425 2312 5507 Ἐπιφανίῳ,
2339 5443 2552 5510 πρῶτον
2581 5451 2764 5523 ἐπέχει
2806 5455 2883 5525 τῷ
2915 5458 2973 5523 ἐξ
3004 5462 3313 5538 ἀριστερῶν
3344 5469 3597 5548 διακόνῳ
