3808 6122
306 283 379 339 75
1591 279 1672 334 'S.
1716 273 2057 333 EPll’ilANll
2099 273 2281 331 VITA.
3495 280 3566 336 76

308 421 439 459 num
473 419 645 474 usque
674 402 837 468 diem,
888 419 1008 473 qua:
1039 404 1216 473 ipsum
1264 402 1371 457 vidi
1419 389 1724 463 facientem,
1758 416 1879 453 con-

1996 399 2180 465 ςράνιον
2226 400 2513 464 ποιοῦντα,
2550 400 2987 473 συνεγραφὸμην,
3040 400 3114 471 μὴ
3148 399 3344 463 εἰδότος
3378 399 3560 455 αὐτοῦ.

307 497 525 566 scripsi,
551 512 615 550 eo
644 496 926 549 insciente.
961 492 1042 549 Tu
1076 510 1317 565 quoque,
1347 509 1380 547 0
1412 494 1505 558 lili,
1538 510 1658 562 qua:
1684 508 1876 547 consr—

306 595 540 656 quentur
590 585 657 639 ab
712 584 975 639 hodierno
1025 585 1149 649 die,
1206 585 1400 639 manda
1465 583 1683 638 litteris.
1736 581 1878 634 Deus

303 678 447 732 enim
474 676 568 730 tibi
594 691 769 731 annos
799 674 1040 743 adjirict,
1072 684 1129 730 ut
1168 678 1282 732 toto
1319 684 1564 746 tempore
1601 675 1723 727 vita:
1759 689 1879 741 per-

303 783 526 823 maneas
569 768 712 838 apud
756 767 1140 838 Epiphanium.
1194 767 1299 822 Sed
1331 766 1474 829 vide,
1504 783 1569 819 ne
1611 766 1870 835 negligas.

301 858 437 913 Nam
466 874 567 931 ego
596 875 816 930 quoque
846 876 875 914 a
905 858 1017 915 Deo
1048 870 1229 915 motus
1254 860 1369 913 haec
1404 856 1725 925 conscripsi.
1764 854 1875 925 Ego

303 951 447 1004 enim
483 950 621 1005 vado
649 966 711 1004 ea
739 950 846 1018 via,
885 966 993 1021 qua
1039 965 1253 1011 omnes.
1282 950 1375 1020 qui
1404 960 1532 1003 sunt
1576 962 1744 1017 super
1773 955 1881 999 ter-

304 1057 444 1095 ram.
478 1039 607 1097 Post
648 1041 764 1095 haec
814 1052 994 1095 autem
1046 1040 1183 1095 dixit
1228 1038 1467 1094 Joannes
1502 1054 1512 1088 :
1554 1035 1693 1090 Voca
1748 1034 1878 1089 mihi

306 1141 559 1186 sanetum
608 1130 824 1187 Patrem
871 1141 1119 1187 nostrum
1153 1130 1536 1201 Epiphaniam.
1590 1129 1794 1198 hique,
1829 1136 1881 1181 et

305 1222 493 1278 vocavi
561 1223 757 1291 ipsum.
808 1220 885 1275 Eo
941 1230 1127 1276 autem
1176 1221 1444 1291 ingresso,
1500 1219 1635 1272 dixit
1684 1217 1879 1272 Joanni

307 1316 643 1387 Epiphanius
686 1331 700 1367 :
763 1313 882 1370 Non
933 1328 1115 1379 curas,
1160 1312 1358 1382 inquit,
1409 1326 1442 1366 ο
1484 1310 1663 1375 Pater,
1714 1309 1880 1363 Deum

307 1407 517 1478 precari
545 1423 642 1478 pro
671 1407 871 1461 misero
899 1414 1184 1476 peccatore
1211 1402 1515 1473 Epiphanio
1539 1404 1563 1455 ?
1589 1401 1730 1456 Dixit
1755 1414 1884 1455 vero

305 1495 542 1552 Joannes
585 1495 885 1567 Epiphanio
920 1513 933 1549 ;
965 1493 1075 1549 Fac
1124 1494 1454 1552 orationem,
1499 1510 1533 1547 o
1573 1491 1768 1555 Pater;
1802 1498 1886 1545 est

304 1588 447 1643 enim
480 1588 624 1657 quod
659 1597 838 1642 tecum
876 1588 1086 1656 loquar.
1139 1583 1480 1654 Epiphanius
1532 1583 1716 1653 itaque
1761 1580 1885 1636 fecit

302 1674 626 1729 orationem.
682 1674 816 1729 Cum
871 1690 969 1729 nos
1029 1685 1210 1729 autem
1258 1673 1624 1735 dixissemus,
1688 1671 1883 1732 Amen,

305 1762 442 1819 dixit
476 1762 715 1819 Joannes
764 1763 1109 1834 Epiphanio:
1144 1764 1354 1818 Accede
1403 1763 1627 1833 prepius
1661 1762 1726 1816 ad
1766 1775 1876 1824 me,
1918 1754 1957 1808 Β

309 1854 485 1910 Pater;
538 1854 602 1909 Et
650 1855 883 1910 accessit
914 1855 1157 1925 propius.
1191 1853 1446 1923 Dixitque
1477 1853 1716 1909 Joannes
1750 1852 1877 1924 Epi-

308 1946 507 2015 phanio
539 1965 553 2001 :
586 1945 806 2016 ‘lmpone
852 1962 1047 2001 manus
1088 1956 1211 2001 tuas
1240 1946 1416 2001 oculis
1465 1948 1620 2001 meis.
1672 1945 1737 2000 Et
1764 1946 1881 2001 vale

305 2041 352 2091 ri
399 2039 536 2093 dixit
578 2037 838 2103 Joannes,
888 2049 943 2094 et
985 2040 1207 2094 tradidit
1256 2039 1529 2110 spiritum.
1569 2039 1623 2092 ln
1652 2037 1881 2093 Joannis

305 2139 482 2185 autem
516 2131 714 2186 collum
752 2130 953 2186 cadens
979 2128 1315 2202 Epiphanius
1360 2128 1524 2195 licvit,
1565 2140 1614 2184 et
1647 2145 1770 2185 eum
1798 2138 1882 2183 est

304 2223 601 2283 osculatus,
633 2231 686 2277 et
712 2236 910 2292 magno
938 2221 1127 2277 dolore
1166 2220 1397 2276 allectus
1426 2229 1512 2276 est
1541 2219 1880 2291 Epiphanius

307 2324 524 2385 propter
554 2324 783 2371 mortem
820 2313 1065 2370 Joannis.

374 2589 489 2645 XL.
532 2590 667 2644 Cum
695 2600 875 2643 autem
905 2589 1241 2659 Epiphanius
1273 2587 1569 2657 aliquando
1594 2585 1882 2641 cecidisset

307 2685 359 2736 in
394 2681 625 2745 faciem,
680 2690 739 2735 ut
772 2681 940 2736 Deum
977 2689 1198 2747 oraret,
1234 2690 1293 2734 ut
1319 2696 1444 2734 cum
1479 2679 1766 2749 adjuvaret
1817 2679 1881 2731 ad

305 2774 683 2831 :edilicandum
712 2773 935 2828 domum
966 2774 1173 2828 nomini
1205 2774 1325 2844 rjus
1357 2780 1497 2845 (erat
1529 2772 1673 2827 enim
1709 2773 1881 2843 prium

306 2866 531 2921 ecclesia
583 2881 743 2936 parva
796 2881 894 2936 pro
936 2866 1283 2920 multitudine
1319 2881 1507 2920 eorum
1555 2865 1647 2933 qui
1707 2864 1884 2932 ingre-

304 2956 649 3026 dicbantur);
676 2970 799 3010 eum
832 2970 1058 3024 pronus,
1090 2956 1335 3025 inquam,
1358 2955 1563 3024 jaceret
1600 2955 1652 3008 in
1686 2953 1878 3009 faciem

304 3046 474 3100 lieum
508 3063 691 3112 orans,
727 3063 828 3101 vos
865 3047 931 3102 ad
984 3063 1104 3101 cum
1147 3046 1286 3101 facta
1316 3056 1420 3111 est,
1486 3046 1774 3117 Epiphaui,
1809 3046 1885 3100 in-

1985 490 2094 543 Kal
2123 491 2187 543 aii
2221 487 2335 555 οὖν,
2383 491 2593 555 τέκνον,
2642 493 2709 547 τὰ
2741 491 3008 546 ἀκόλουθα
3057 492 3165 546 ἀπὸ
3195 494 3290 561 τῆς
3326 494 3563 563 σήμερον

1985 582 2197 653 ἡμέρας
2244 584 2682 655 ὑπομνημάτιζε.
2718 584 2871 655 Ἔχει
2905 586 3011 655 γάρ
3049 602 3130 638 σοι
3161 586 3188 637 6
3222 584 3352 647 Θεὸς
3402 600 3568 653 προσ.

1990 671 2162 727 θεῖναι
2193 675 2383 746 χρόνον
2414 677 2515 741 τῆς
2539 676 2684 747 ζωῆς
2705 677 2788 747 ’(α)
2830 675 3170 744 Ἐπιφανίου,
3201 675 3360 729 τοῦτο
3407 690 3573 744 προσ-

1989 767 2348 837 παραμένεις.
2396 767 2556 820 Ἀλλά
2605 767 2766 837 βλέπε
2803 768 2877 838 μὴ
2925 766 3227 838 ἀμελήσῃς,
3276 764 3428 832 κάγὼ
3458 764 3572 834 γάρ

1987 855 2092 909 ὑπὸ
2123 853 2260 908 Θεοῦ
2289 855 2607 927 κινούμενος
2628 856 2799 910 ταῦτα
2823 855 3260 928 συκέγραφόμην.
3290 853 3436 923 Ἐγὼ
3464 856 3577 925 γὰρ

1988 945 2287 1017 πορεύομαι
2332 946 2429 1018 τὴν
2474 946 2622 1012 ὁδὸν,
2670 947 2849 1011 καθὼς
2884 950 2976 1001 καὶ
3018 948 3217 1011 πάντες
3261 948 3310 999 οἱ
3343 947 3438 998 ἐπὶ
3473 948 3575 1015 τῆς

1987 1036 2111 1107 γῆς.
2139 1036 2323 1091 Ταῦτα
2350 1039 2405 1091 δὲ
2431 1037 2599 1091 εἰπὼν
2624 1039 2879 1110 Ἰωάννης
2908 1034 3058 1092 εἶπεν
3094 1037 3231 1110 πρός
3262 1054 3327 1107 με
3345 1053 3361 1068 ·
3399 1037 3579 1089 Κάλε-

1991 1129 2096 1181 σὸν-
2131 1144 2221 1199 μοι
2261 1128 2353 1181 τὸν
2401 1130 2547 1182 ὅσιον
2596 1130 2814 1203 Πατέρα
2860 1130 3017 1200 ἡμῶν
3067 1127 3407 1199 Ἐπιφάνιον.
3461 1128 3577 1180 Kal

1990 1220 2312 1294 ἐπορεύθην,
2354 1222 2448 1275 καὶ
2493 1222 2730 1294 ἐκάλεσα
2771 1223 2953 1276 αὐτόν.
3005 1221 3351 1285 Εἰσελθόντος
3383 1222 3440 1274 ἰέ
3470 1220 3576 1274 αὖ·

1988 1312 2114 1376 τοῦ,
2144 1309 2295 1367 εἶπεν
2337 1313 2652 1383 Ἑπιφάνιος
2689 1292 2819 1385 τέρος
2851 1315 3135 1385 Ἰωάννην·
3166 1312 3433 1382 ’Δμελεῖς,
3466 1330 3577 1384 φη-

1993 1405 2097 1469 σίν,
2134 1405 2315 1476 Πάτερ
2351 1405 2626 1475 Ἰωάννης,
2674 1404 2766 1457 τοῦ
2809 1405 3059 1476 εὕχεσθαι
3090 1405 3231 1477 ὑπὲρ
3264 1404 3357 1458 τοῦ
3393 1406 3578 1477 ἀμαρα-

1990 1494 2162 1548 τωλοῦ
2192 1494 2533 1564 Ἐπιφανίου.
2586 1490 2750 1547 Εἶπεν
2781 1494 2837 1547 δέ
2868 1495 3121 1566 Ἰωάννης
3165 1495 3301 1566 πρὸς
3341 1493 3577 1563 Ἐπιφά-

1992 1604 2101 1640 νιον
2124 1606 2135 1619 ·
2170 1587 2401 1658 Ποίησον
2427 1585 2610 1658 εὐχὴν,
2649 1580 2695 1640 ὧ
2736 1586 2937 1656 Πάτερ,
2976 1586 3083 1657 ἔχω
3115 1587 3224 1659 γὰρ
3253 1586 3487 1655 λαλῆσαί
3520 1604 3575 1639 τι

1994 1679 2128 1749 πρὸς
2156 1678 2235 1731 σέ.
2281 1678 2339 1731 Ὀ
2370 1674 2463 1732 οὖν
2491 1678 2808 1749 Ἑπιφάνιος
2839 1680 3093 1749 ἐποίησεν
3121 1679 3217 1751 τὴν
3261 1679 3446 1748 εὐχήν.
3480 1678 3575 1731 ΕΞ-

1985 1770 2194 1823 πὸντων
2223 1769 2279 1822 δὲ
2324 1770 2539 1823 πάντων
2558 1770 2617 1824 τὸ
2656 1771 2848 1843 Ἀμὴν,
2879 1766 3031 1824 εἶπεν
3059 1770 3311 1839 Ἰωάννης
3336 1770 3573 1839 Ἐπιφα-

1986 1861 2083 1931 νίῳ
2103 1878 2117 1892 ·
2141 1861 2399 1930 Ἐγγισόν
2443 1880 2554 1933 μοι,
2591 1863 2792 1935 Πάτερ.
2823 1861 2928 1917 Καὶ
2953 1863 3178 1934 ἤγγισεν
3206 1859 3371 1931 αὐτῷ.
3402 1856 3576 1914 Εἶπεν

1987 1953 2043 2007 δὲ
2061 1953 2313 2024 Ἰωάννης
2336 1953 2469 2026 πρὸς
2497 1952 2816 2023 Ἐπιφάνιον
2840 1971 2854 1984 ⁶
2889 1954 3105 2017 Ἐπίθες
3127 1953 3223 2016 τὰς
3249 1953 3436 2024 χεῖράς
3472 1970 3571 2006 σου

1987 2045 2079 2100 ἐπὶ
2109 2046 2235 2108 τοὺς
2266 2045 2578 2116 ὀφθαλμούς
2613 2064 2737 2117 μου,
2787 2047 2881 2100 καὶ
2924 2045 3169 2100 ἄσπασαί
3216 2062 3283 2115 με
3303 2082 3318 2108 ,
3350 2044 3535 2114 Πάτερ
3556 2060 3569 2072 ·

1990 2137 2099 2191 ίδοὺ
2124 2137 2231 2210 γὰρ
2255 2137 2509 2191 ἐκλείπω.
2542 2138 2652 2192 Kal
2684 2137 2952 2210 ἐπέθηκεν
2983 2137 3299 2206 Ἐπιφάνιος
3327 2136 3420 2190 ἐπὶ
3446 2138 3575 2200 τοὺς

1986 2227 2296 2299 ὀφθαλμοὺς
2330 2226 2517 2290 αὑτοῦ,
2545 2227 2637 2280 καὶ
2667 2227 2952 2297 ἠσπάσατο
2978 2226 3158 2281 αὐτόν.
3192 2226 3301 2278 Καὶ
3316 2223 3574 2297 Ἰωάννης

1989 2321 2298 2392 παρέδωκεν
2355 2321 2415 2374 τδ
2460 2320 2712 2391 πνεῦμα·
2770 2321 2864 2375 καὶ
2933 2318 3209 2375 ἐπιπεσὼν
3252 2316 3576 2386 Ἐπιφάνιος

1986 2412 2080 2465 ἐπὶ
2108 2411 2199 2465 τοῦ
2238 2412 2509 2484 τραχήλου
2534 2412 2782 2465 Ἰωάννου
2813 2411 3075 2466 ἔκλαυσεν
3108 2410 3289 2475 αὑτὸν,
3327 2408 3423 2461 καὶ
3453 2407 3575 2460 ἐλυ-

1990 2502 2136 2573 πήθη
2164 2502 2480 2573 Ἐπιφάνιος
2509 2504 2601 2558 ἐπὶ
2636 2508 2699 2575 τῇ
2736 2504 2958 2575 τελευτῇ
2985 2503 3256 2557 Ἰωάννου.

2060 2596 2148 2648 Μ’.
2206 2596 2341 2649 Ποτέ
2406 2592 2498 2650 οὖν
2543 2597 2859 2667 Ἐπιφάνιος
2909 2594 3089 2648 πεσὼν
3143 2595 3234 2646 ἐπὶ
3283 2593 3577 2663 πρόσωπον

1989 2680 2079 2736 τοῦ
2109 2683 2489 2754 παρακαλέσαι
2522 2685 2611 2737 τὸν
2641 2685 2793 2747 Θεὸν,
2841 2686 2989 2749 ὅπως
3019 2684 3368 2754 ἀντιλήψεται
3398 2681 3573 2751 αὐτῷ,

1988 2771 2336 2843 οἰκοδομῆσαι
2356 2769 2505 2827 οἷκον
2533 2772 2612 2845 τῷ
2639 2776 2863 2845 ὀνόματι
2892 2774 3055 2828 αὑτοῦ
3085 2770 3174 2845 (ἦν
3193 2773 3300 2844 γὰρ
3320 2775 3354 2844 ἡ
3380 2773 3574 2845 πρώτη

1988 2864 2252 2936 ἐκκλησία
2287 2866 2460 2937 μικρά
2488 2866 2624 2938 πρὸς
2649 2868 2775 2930 τοὺς
2802 2866 3239 2938 εἰσερχομένους)
3262 2884 3276 2897 ο
3305 2866 3383 2930 ὡς
3411 2866 3468 2919 δέ
3502 2862 3575 2937 ἦν

1989 2955 2081 3007 ἐπὶ
2113 2956 2402 3026 πρόσωπον
2428 2957 2677 3028 δεόμενος
2703 2957 2796 3011 τοῦ
2822 2957 2956 3011 Θεοῦ
2993 2958 3120 3029 περὶ
3142 2957 3240 3028 τῆς
3261 2957 3453 3029 χρείας
3476 2958 3572 3009 τοῦ

1991 3046 2140 3108 ναοῦ,
2176 3046 2265 3099 τοῦ
2293 3047 2426 3101 Θεοῦ
2461 3048 2610 3120 φωνὴ
2639 3050 2855 3118 ἐγένετο
2880 3050 3014 3120 πρὸς
3040 3050 3201 3102 αὐτόν
3219 3066 3233 3079 ⁸
3261 3049 3571 3117 Ἐπιφάνεε,

310 3138 525 3207 quiens.
556 3134 687 3191 Eam
730 3146 908 3192 autem
941 3153 1127 3192 vocem
1159 3153 1301 3207 szepe
1329 3147 1443 3192 erat
1472 3139 1667 3194 solitus
1696 3138 1879 3192 audire

1995 3136 2175 3208 φησίν.
2236 3137 2295 3193 Ὀ
2339 3139 2395 3193 δὲ
2440 3139 2754 3206 Ἐπιφάνιος
2808 3139 2987 3193 εἰώθει
3039 3139 3297 3203 πολλάκις
3349 3138 3574 3193 ἀκούειν

309 3226 661 3296 Epiphanius.
712 3224 861 3297 Dixit
905 3227 1087 3296 itaque
1132 3244 1238 3282 non
1285 3228 1694 3282 conturbatus:
1743 3226 1882 3294 Quid

305 3331 410 3381 est,
440 3317 580 3372 Deus
615 3317 732 3372 mi?
764 3314 1087 3388 Rursusque
1114 3318 1253 3372 dixit
1292 3334 1395 3372 vox
1429 3318 1618 3373 eadem
1652 3337 1666 3371 :
1705 3314 1885 3387 incipe

308 3410 576 3466 a‘diﬁcare
600 3411 791 3484 tndem:
819 3411 1155 3480 Epiphanius
1182 3419 1362 3467 autem
1398 3412 1650 3482 protinus
1697 3412 1749 3465 id
1776 3426 1882 3465 non

309 3502 586 3572 negligens
633 3502 786 3565 exiit,
830 3511 886 3557 et
930 3502 1058 3558 fecit
1105 3504 1428 3566 orationem,
1480 3512 1536 3557 et
1575 3512 1740 3559 totam
1780 3502 1882 3557 loci

307 3595 749 3664 ronsequentiam
793 3594 1123 3664 designavit,
1190 3604 1245 3648 et
1309 3594 1559 3649 adhibuit
1621 3594 1879 3650 artilices.

307 3685 464 3740 .‘Edis
519 3700 647 3740 vero
705 3685 1051 3741 :ediﬁcationi
1122 3694 1388 3756 prmerant
1458 3686 1780 3754 sexaginta,
1831 3694 1883 3739 et

309 3792 502 3845 magna
539 3775 853 3840 multitudo,
880 3792 1002 3846 quae
1024 3776 1071 3829 ei
1105 3776 1178 3829 rei
1211 3776 1567 3831 ministraret.
1601 3773 1769 3828 Erant
1794 3790 1885 3828 au-

307 3880 412 3923 tem
452 3880 580 3923 tunc
618 3869 670 3922 in
706 3870 926 3923 civitate
967 3868 1197 3939 gentiles
1236 3868 1361 3933 viri,
1400 3868 1595 3923 divites
1625 3876 1679 3922 et
1720 3882 1885 3938 pecu-

308 3961 412 4016 niis
436 3970 489 4016 et
520 3961 985 4031 possessionibus.

376 4052 513 4108 XLI.
556 4053 685 4108 Erat
728 4063 908 4109 autem
938 4052 1183 4123 quidam,
1219 4053 1312 4122 qui
1344 4051 1643 4105 vocabatur
1684 4048 1880 4113 Draco,

303 4146 396 4213 qui
439 4159 470 4198 a
498 4132 767 4213 plurimis
801 4145 1084 4198 dicebatur
1127 4144 1354 4211 Magnus
1388 4142 1585 4198 Draco.
1621 4143 1672 4197 is
1719 4142 1882 4195 babe-

307 4239 398 4290 bat
448 4235 641 4290 filium.
685 4235 996 4290 Vocabatur
1045 4251 1174 4290 vero
1239 4236 1354 4305 ipse
1402 4250 1621 4305 quoque
1684 4233 1878 4289 Draco.

304 4329 357 4384 Is
396 4328 448 4381 iu
489 4326 712 4382 dextero
744 4328 908 4381 latere
935 4327 1214 4381 laborabat
1242 4328 1392 4398 gravi
1417 4335 1576 4381 testu.
1633 4325 1882 4396 Cumque

305 4429 458 4490 pater
484 4420 604 4489 ejus
648 4420 814 4474 multa
846 4420 1274 4490 consumpsisset
1326 4420 1380 4473 in
1416 4419 1679 4482 medicos,
1722 4417 1774 4471 id
1814 4419 1878 4472 ad

304 4511 595 4566 sanitatem
626 4511 760 4565 nihil
780 4512 827 4565 ei
854 4511 1149 4582 profuerat.
1182 4510 1413 4582 Magnus
1443 4525 1572 4579 ergo
1594 4510 1683 4563 ille
1708 4507 1881 4563 Draco

305 4615 364 4652 se
396 4599 536 4653 male
569 4601 788 4670 gerebat
837 4601 889 4655 in
932 4599 1293 4671 Epiphaniam
1328 4610 1381 4656 et
1411 4602 1592 4656 verbis
1619 4610 1674 4656 et
1703 4601 1875 4655 factis.

304 4690 638 4760 liipiphanius
667 4702 846 4746 autem
890 4692 937 4747 si
967 4695 1187 4762 quando
1232 4707 1355 4747 eum
1403 4693 1638 4759 videbat,
1670 4694 1880 4763 primus

302 4783 593 4837 salutabat.
626 4783 874 4854 Cumque
916 4784 1210 4854 aliquando
1258 4788 1514 4842 transiret
1543 4786 1880 4860 Epiphanius

303 4886 397 4944 per
423 4874 624 4940 locum,
661 4876 750 4931 ubi
786 4876 839 4931 in
872 4876 1089 4932 sedibus
1126 4876 1387 4932 sedebant
1428 4893 1622 4935 omnes
1660 4879 1878 4946 divites,

308 4970 418 5014 rrat
463 4960 689 5034 Magnus
717 4979 937 5036 quoque
984 4963 1192 5030 Draco,
1229 4974 1283 5019 et
1314 4966 1433 5035 ejus
1474 4965 1618 5022 tilius
1644 4976 1880 5035 aagrotus

304 5053 356 5105 in
386 5068 451 5106 eo
480 5056 618 5110 loco.
650 5057 785 5111 Cum
819 5065 1000 5114 autem
1037 5054 1399 5127 Epiphanium
1432 5058 1717 5127 vidissent,
1749 5075 1877 5115 eum

305 5144 621 5201 irridebant.
654 5147 789 5203 Cum
817 5164 945 5203 vero
984 5150 1472 5221 appropinquasset
1520 5150 1875 5221 Epiphanius,

303 5246 355 5291 et
381 5254 474 5294 eos
501 5238 811 5300 salutasset.
844 5257 1006 5295 manu
1038 5245 1211 5297 tenuit
1237 5252 1499 5313 aegrotum
1549 5243 1875 5308 Draconem,

303 5346 383 5385 ste
410 5329 595 5384 dicens
626 5346 640 5382 :
671 5326 867 5388 Draco.
899 5340 955 5384 tu
981 5347 1196 5400 quoque
1222 5342 1339 5387 esto
1375 5348 1564 5387 sanus.
1596 5332 1661 5387 Et
1691 5335 1874 5389 statim

302 5435 428 5473 cum
459 5419 708 5475 oratione
730 5418 1011 5490 Epiphanii
1045 5421 1219 5479 faetus
1247 5432 1330 5480 est
1356 5440 1542 5480 sanus.
1575 5424 1747 5481 Draco
1777 5440 1877 5479 au-

313 5496 450 5570 tem.
484 5516 541 5566 et
570 5510 662 5581 qui
710 5511 993 5579 viderunt,
1041 5528 1231 5569 omnes
1281 5517 1697 5586 obstupuerunt.
1734 5515 1871 5570 Cum

375 5707 452 5778 (rt)
493 5706 654 5764 Deest
686 5708 901 5776 aliquid.

1989 3228 2242 3300 τοιαύτης
2270 3231 2453 3300 φωνῆς
2474 3248 2488 3262 ·
2541 3231 2615 3303 μὴ
2641 3232 2929 3302 ταραχθεὶς
2960 3227 3054 3284 οὖν
3091 3226 3242 3284 εἶπεν
3264 3248 3276 3260 ·
3304 3230 3369 3281 Τί
3401 3232 3571 3291 ἐστιν,

1986 3319 2017 3371 6
2054 3318 2185 3383 Θεός
2233 3337 2369 3390 μου;
2419 3321 2525 3374 Καὶ
2566 3321 2727 3374 πάλιν
2750 3338 2762 3350 ·
2797 3320 2992 3390 Ἀρξαι
3019 3320 3113 3373 τοῦ
3152 3320 3453 3391 οἰκοδομεῖν
3480 3319 3574 3372 τέσν

1988 3404 2155 3464 οἶκον.
2199 3413 2256 3465 ’0
2285 3412 2340 3465 δὲ
2387 3412 2703 3480 Ἐπιφάνιος
2742 3413 2943 3477 εὐθέως
2985 3412 3059 3483 μή
3100 3410 3371 3483 μελλήσας
3418 3411 3575 3480 ἐξῆλ-

1990 3503 2103 3569 θεν,
2141 3507 2232 3559 καὶ
2258 3506 2517 3576 ἐποίησεν
2548 3505 2645 3576 τὴν
2673 3504 2859 3576 εὐχὴν,
2886 3504 2982 3559 καὶ
3009 3507 3188 3557 πᾶσαν
3210 3503 3307 3575 τὴν
3340 3503 3573 3557 ἀκολου-

1990 3592 2138 3647 θείαν
2169 3593 2261 3647 τοῦ
2291 3595 2477 3660 τόπου,
2509 3597 2602 3648 καὶ
2627 3595 2970 3667 παρέστησεν
2997 3592 3262 3663 τεχνίτας.
3292 3588 3472 3646 Ἦσαν
3511 3592 3571 3645 δέ

1988 3684 2037 3739 οἵ
2082 3687 2337 3758 ἄρχοντες
2368 3688 2467 3758 τῆς
2511 3687 2796 3759 οἰκοδομῆς
2851 3686 2942 3741 τοῦ
2984 3687 3133 3740 οίκου
3170 3683 3232 3749 ξ’,
3265 3686 3359 3738 καὶ
3390 3684 3571 3753 πλήθη

1989 3776 2160 3828 πολλὰ
2208 3779 2287 3840 εἰς
2332 3776 2429 3849 τὴν
2480 3776 2682 3831 τούτων
2728 3777 3049 3848 ὑπηρεσίαν.
3100 3772 3277 3830 Ἦσαν
3341 3776 3397 3829 δέ
3446 3776 3570 3828 τότε

1993 3868 2250 3938 Ἕλληνες
2273 3870 2329 3922 ἐν
2356 3873 2421 3942 τῇ
2459 3870 2609 3923 πόλει
2652 3870 2895 3925 πλούσιοι
2926 3870 3132 3941 ἄνδρες,
3166 3871 3256 3931 ἐπὶ
3290 3870 3570 3942 κυριεύσει

1988 3976 2090 4029 χρη
2101 3959 2283 4029 μάτων
2308 3976 2364 4011 τε
2391 3960 2484 4012 καὶ
2515 3960 2829 4030 κτημάτων.

2061 4053 2197 4104 MA'.
2247 4047 2354 4104 Ἦν
2395 4051 2450 4103 δέ
2507 4068 2591 4113 τις
2632 4050 2962 4120 καλούμενος
3007 4050 3264 4120 Δράκων·
3319 4047 3467 4118 παρὰ
3506 4046 3566 4099 δὲ

1989 4139 2258 4203 πλείστοις
2285 4140 2500 4207 ἐλέγετο
2527 4140 2554 4192 6
2586 4139 2776 4207 Μέγας
2795 4138 3019 4211 Δράκων
3059 4131 3228 4201 υῦτος
3259 4132 3404 4207 εἶχεν
3432 4137 3564 4189 υἱάν·

1988 4230 2231 4285 ἐκαλεῖτο
2257 4230 2313 4284 δὲ
2343 4231 2436 4285 καὶ
2468 4224 2621 4295 οὗτος
2651 4231 2897 4304 Δράκων.
2927 4225 3097 4294 Οὗτος
3138 4231 3247 4283 ἀπὸ
3285 4229 3569 4292 καύσωνος

1988 4323 2161 4377 δεινοῦ
2204 4324 2402 4378 ἔπαθεν
2431 4326 2527 4395 τὴν
2555 4323 2737 4391 δεξιὰν
2769 4324 3026 4397 πλευράν.
3060 4325 3169 4377 Kal
3199 4324 3369 4378 πολλά
3401 4327 3430 4377 6
3464 4342 3567 4376 πα-

1987 4416 2091 4486 τὴρ
2141 4418 2305 4470 αὑτοῦ
2346 4420 2423 4482 εἰς
2468 4417 2594 4482 τοὺς
2642 4419 2858 4489 ἰατροὺς
2891 4418 3381 4489 καταδαπανήσας,
3415 4416 3566 4469 οὐδὲν

1988 4506 2234 4578 ὠνήσατο
2283 4509 2382 4579 τῆς
2433 4508 2640 4578 ὑγείας.
2682 4510 2738 4563 ’0
2771 4506 2864 4564 οὖν
2915 4508 3105 4578 Μέγας
3134 4509 3362 4580 Δράκων
3396 4508 3567 4562 πολλὰ

1988 4597 2329 4651 ἐπεδείκνυεν
2377 4598 2521 4652 κακά
2569 4599 2704 4671 πρὸς
2756 4598 3074 4669 Ἐπιφάνιον
3128 4597 3215 4651 διὰ
3259 4597 3431 4666 λόγων
3473 4598 3563 4649 καὶ

1988 4688 2181 4760 ἔργων.
2232 4690 2289 4741 '0
2321 4690 2377 4743 δὲ
2402 4690 2719 4760 Ἐπιφάνιος
2745 4690 2800 4744 εἴ
2830 4708 2959 4744 ποτε
2999 4688 3189 4743 τοῦτον
3222 4688 3388 4760 ἐώρα,
3414 4686 3558 4759 πρῶ.

1986 4799 2077 4846 τος
2124 4781 2466 4853 προσεκύνει,
2516 4782 2655 4836 Ποτὲ
2705 4778 2798 4838 οὖν
2843 4784 3162 4853 Ἐπιφάνιος
3214 4780 3429 4854 παριὼν
3475 4779 3564 4834 διὰ

1987 4872 2170 4937 τόπου,
2220 4873 2297 4937 ὡς
2340 4869 2478 4945 ἦσαν
2521 4873 2757 4939 ἅπαντες
2807 4878 2857 4928 ol
2913 4874 3155 4928 πλούσιοι
3199 4875 3258 4927 ἐν
3297 4874 3375 4944 τῷ
3416 4873 3563 4942 τόπῳ

1988 4965 2282 5036 καθήμενοι
2313 4966 2404 5021 ἐπὶ
2434 4965 2672 5019 σελλίων.
2700 4962 2807 5019 Ἦν
2835 4966 2890 5020 δέ
2921 4967 3011 5019 καὶ
3042 4971 3070 5019 6
3096 4967 3285 5034 Μέγας
3314 4966 3562 5036 Δράκων,

1987 5057 2079 5110 καὶ
2127 5060 2155 5110 6
2201 5057 2314 5120 υἱὸς
2356 5057 2516 5111 αὑτοῦ
2555 5061 2584 5111 6
2620 5058 2860 5112 ἀσθενῶν
2915 5060 2973 5111 ἐν
3012 5057 3089 5128 τῷ
3131 5059 3301 5128 τόπῳ.
3346 5058 3435 5120 Ὠς
3470 5054 3563 5110 οὖν

1987 5148 2094 5202 ἴδον
2124 5148 2437 5217 Ἐπιφάνιον
2461 5188 2476 5207 .
2514 5149 2823 5218 κατεγέλων
2864 5149 3028 5202 αὐτοῦ
3051 5167 3063 5178 ο
3094 5151 3122 5202 6
3156 5148 3214 5201 δὲ
3246 5146 3564 5216 Ἐπιφάνιος

1986 5240 2210 5307 ἐγγίσας
2262 5244 2352 5293 καὶ
2402 5241 2779 5313 προσκυνήσας
2827 5240 3047 5305 τούτους
3074 5282 3088 5304 ,
3126 5240 3432 5310 ἐκράτησεν
3472 5239 3561 5292 τὸν

1988 5330 2182 5400 μικρὸν
2203 5330 2478 5399 Δράκοντα
2511 5330 2618 5384 ἀπὸ
2642 5330 2740 5400 τῆς
2765 5331 2948 5402 χειρὸς
2977 5330 3138 5383 αὑτοῦ
3166 5330 3342 5395 οὕτως
3367 5330 3556 5398 λέγων·

1985 5421 2229 5492 Δράκων,
2253 5423 2406 5492 φησὶ.
2429 5422 2585 5489 γενοῦ
2612 5423 2704 5476 καὶ
2734 5423 2895 5486 αὐτὸς
2924 5422 3201 5492 ὑγιαίνων.
3227 5425 3338 5477 Καὶ
3361 5422 3555 5480 εὐθέως

1988 5509 2082 5561 σὺν
2115 5508 2190 5579 τῷ
2237 5509 2379 5580 λόγῳ
2416 5511 2735 5582 Ἐπιφανίου
2775 5513 2988 5581 ἐγένετο
3032 5512 3188 5582 ὑγιὴς
3236 5515 3265 5565 6
3311 5514 3550 5581 Δράκων.
