3808 6180
282 87 446 96 ,ὶ-Π

305 315 374 371 77
466 344 480 362 ι
1610 312 1671 367 S.
1717 304 2063 365 ΕΡὶΡΙῐᾹΝιΙ
2102 305 2287 362 VITA.
3505 311 3571 369 78

302 434 418 491 Kal.
444 432 643 498 ἰδόντες
670 434 907 497 ἅπαντες
943 432 1260 505 ἐξέστησαν.
1291 431 1436 487 Ἰδὼν
1463 434 1519 488 δὲ
1543 433 1571 486 ὁ
1604 432 1831 504 Δράκων
1859 430 1886 483 ὃ

2008 435 2172 481 autem
2198 424 2425 480 vidisset
2455 421 2625 480 Draco
2680 422 2822 492 quod
2852 421 3049 479 fecerat
3076 424 3433 495 Epiphanius,
3462 446 3572 498 pra:

305 529 563 598 εποίησεν
590 526 941 597 Ἐπιφάνιος,
982 526 1092 581 ἀπὺ
1124 526 1289 595 φόϐου
1327 526 1423 579 καὶ
1456 526 1658 597 τρόμου
1704 524 1888 578 οὐκέτι

304 616 544 687 ἠδυνήθη
591 617 913 687 περιπατεῖν
952 617 1009 668 ὲν
1053 614 1134 685 τῷ
1185 615 1317 686 οἴκῳ
1358 612 1523 670 αὐτοῦ
1568 616 1680 677 τοῖς
1725 611 1889 667 αὐτοῦ

306 707 464 767 ποσὶν
500 708 576 772 ὼς
623 705 833 760 εἰώθει·
887 706 1022 761 ἀλλά
1071 705 1439 776 βαστάσαντες
1484 706 1647 760 αὑτὸν
1691 704 1891 775 ἔθηκαν

306 796 398 849 ἐπὶ
433 796 645 865 κλίνης.
688 796 799 869 Καὶ
826 797 893 867 τῇ
919 794 1086 849 ἕωθεν
1152 795 1370 868 ἔρχεται
1401 796 1437 868 ἡ
1462 795 1597 866 γυνὴ
1635 792 1729 848 τοῦ
1760 793 1892 863 Δρά-

305 906 493 951 κοντος
518 928 533 953 ,
580 888 674 943 καὶ
716 887 894 941 δέεται
939 887 1292 958 Ἐπιφανίου,
1344 888 1491 951 ὅπως
1570 885 1739 941 ἐλθὼν
1796 884 1892 938 καὶ

305 980 540 1050 ποιήσας
585 979 750 1053 εὐχὴν
818 978 1006 1033 τοῦτον
1049 979 1274 1051 ἐγείρει.
1329 979 1387 1033 '0
1434 974 1527 1033 οὖν
1577 976 1889 1047 Ἐπιφάνιος

302 1067 577 1141 ἐπορεύθη
609 1071 667 1141 ὲν
692 1068 770 1142 τῷ
791 1068 925 1141 οἴκῳ
949 1068 1045 1124 τοῦ
1082 1069 1387 1143 Δράκοντος,
1406 1085 1420 1101 ⁸
1448 1070 1543 1124 καὶ
1575 1068 1890 1139 εὐξάμενος,

301 1160 507 1224 εὐθέως
556 1162 759 1233 ἀνέστη
786 1164 815 1215 ὁ
843 1162 1070 1234 Δράκων
1103 1162 1211 1216 ἀπὸ
1235 1164 1334 1234 τῆς
1377 1161 1566 1233 κλίνης
1595 1160 1779 1231 αὑτοῦ.
1812 1160 1892 1231 Τῇ

297 1249 397 1309 οὖν
426 1254 593 1308 ἕωθεν
619 1252 801 1307 λαϐὼν
833 1254 1248 1325 πεντακισχίλια
1295 1254 1630 1326 νομίσματα,
1663 1253 1893 1324 ἤνεγκεν

302 1344 633 1417 Ἒπιιρανίῳ.
678 1346 739 1398 'O
766 1345 823 1398 δὲ
864 1345 1183 1416 Ἐπιφάνιός
1231 1363 1394 1417 φησιν
1422 1362 1435 1375 ·
1468 1343 1644 1417 Ἐμοὶ,
1683 1345 1889 1406 τέκνον,

302 1438 530 1509 ἀρκέσει
554 1431 634 1501 εἷς
662 1436 1009 1507 χειτωνίσκος
1035 1437 1127 1490 ἐπὶ
1155 1436 1250 1490 τοῦ
1287 1436 1588 1508 σωματίου,
1616 1436 1711 1507 καὶ
1738 1435 1893 1508 ἄρτοι

304 1531 516 1601 χυδαίοι
551 1529 689 1600 μετά
718 1528 912 1595 ὕδατος
946 1529 1256 1600 πινομένου.
1293 1530 1359 1582 Τί
1394 1546 1503 1601 μοι,
1538 1530 1689 1599 φησὶ,
1722 1545 1893 1599 προσ-

303 1626 464 1694 άγεις
506 1624 671 1695 βάρος
692 1664 707 1687 ,
744 1620 878 1695 ὲμοῦ
916 1622 991 1694 μὴ
1022 1621 1271 1691 θέλοντός
1310 1639 1370 1675 σε
1406 1622 1722 1693 βαρεῖσθαι;
1751 1621 1892 1675 Ἀλλ’

305 1720 359 1772 εί
410 1717 586 1780 θέλεις
635 1716 995 1786 δοξασθῆναι,
1048 1714 1250 1769 ἄπελθε
1285 1715 1378 1769 καὶ
1412 1716 1894 1787 προσπαράμεινον

1998 517 2190 571 timore
2239 524 2292 571 et
2326 525 2561 570 tremore
2597 530 2701 568 non
2753 516 2925 585 potuit
2959 516 3213 587 amplius,
3249 528 3306 575 ut
3340 520 3571 589 solebat,

1999 609 2077 663 ire
2126 608 2369 672 domum,
2405 605 2689 660 ambulans
2728 606 2843 660 suis
2885 608 3132 677 pedibus,
3172 609 3266 665 sed
3302 620 3569 679 portatus.

1999 696 2230 768 Fuitque
2258 697 2465 767 positus
2488 712 2651 767 supra
2684 696 2903 751 lectum.
2931 696 3085 753 Mane
3107 714 3236 753 vero
3266 700 3409 754 venit
3436 716 3569 756 uxor
3672 686 3680 696 ’

2001 787 2282 849 Draconis,
2321 797 2376 845 et
2407 798 2562 860 rogat
2584 787 2967 858 Epiphanium,
2992 798 3053 844 ut
3083 792 3304 847 veniens
3329 800 3381 847 et
3415 795 3572 847 emit-

1998 888 2118 936 teus
2166 879 2499 944 orationem,
2560 895 2683 953 eum
2733 878 2896 935 faciat
2941 896 3182 952 surgere.
3237 881 3574 952 Epiphanius

2000 971 2183 1041 itaque
2225 970 2322 1025 ivit
2370 970 2424 1026 in
2467 971 2609 1027 aedes
2656 970 2943 1026 Draconis.
2979 973 3225 1043 Cumque
3274 973 3388 1042 ipse
3431 986 3576 1030 esset

1992 1070 2292 1133 precatus,
2350 1059 2524 1117 Draco
2575 1062 2811 1117 surrexit
2873 1063 3143 1132 protinus.
3198 1062 3303 1130 Qui
3368 1067 3575 1135 accepit

1998 1151 2239 1222 quinque
2286 1152 2454 1207 millia
2486 1168 2855 1218 nummorum,
2890 1162 2945 1208 et
2987 1169 3081 1208 eos
3107 1153 3301 1209 obtulit
3338 1155 3577 1226 Epipha-

2000 1244 2108 1299 nio.
2138 1243 2278 1299 Dicit
2300 1254 2481 1299 autem
2511 1245 2847 1317 Epiphanius
2878 1262 2890 1297 :
2926 1246 3076 1311 Mihi,
3108 1247 3204 1311 liii,
3244 1236 3348 1302 una
3380 1248 3576 1302 sullicit

2002 1335 2252 1389 tunicella
2283 1350 2446 1405 super
2469 1334 2571 1390 hoc
2602 1336 3012 1405 corpusculum,
3046 1346 3097 1390 et
3127 1351 3296 1405 paan
3328 1337 3577 1406 vulgares

2000 1441 2123 1479 cum
2172 1436 2301 1496 pom
2330 1441 2505 1495 aqum.
2553 1425 2666 1481 Cur
2698 1427 2852 1490 mihi,
2902 1428 3101 1498 inquit,
3152 1444 3289 1484 onus
3320 1429 3573 1497 illlpztllih,

2000 1531 2124 1575 Cum
2162 1531 2261 1587 ego
2309 1517 2477 1571 nolim
2523 1526 2572 1573 te
2615 1519 2875 1589 gravari?
2927 1519 3030 1574 Sed
3079 1521 3123 1575 si
3168 1521 3301 1574 velis
3347 1520 3574 1590 gloriam

2000 1607 2284 1677 consequi,
2320 1608 2473 1674 vade,
2521 1618 2573 1662 et
2616 1625 2774 1664 mane
2820 1610 2874 1663 in
2906 1612 3105 1685 templo
3136 1611 3255 1673 Dei,
3298 1623 3353 1667 et
3401 1614 3578 1682 prmhe

2003 1697 2125 1752 illos
2151 1698 2544 1754 laborantibus.
2563 1698 2654 1755 Sic
2680 1710 2861 1756 autem
2890 1700 3018 1757 fecit
3040 1702 3236 1767 Draco,
3259 1705 3579 1774 rogavitque

308 1808 390 1879 τῷ
415 1806 528 1878 ναῷ
556 1807 652 1860 τοῦ
679 1807 845 1869 Θεοῦο
891 1808 984 1861 καὶ
1030 1809 1238 1878 πάρεχε
1273 1806 1446 1861 ταῦτα
1486 1808 1600 1871 τοῖς
1633 1807 1900 1877 κάμνουσι

2008 1786 2390 1857 Epiphaniam,
2419 1798 2473 1845 ct
2504 1789 2797 1860 baptizavit
2830 1792 3031 1867 ipsum,
3071 1803 3126 1849 et
3155 1810 3378 1850 uxorem
3432 1796 3572 1866 ejus,

310 1900 408 1952 καὶ
440 1897 726 1959 κοπιῶσιν.
769 1898 1062 1969 Ἐποίησεν
1113 1897 1172 1951 δὲ
1219 1900 1248 1952 ὁ
1296 1898 1521 1969 Δράκων
1565 1896 1760 1965 οὕτως,
1808 1899 1903 1951 καὶ

310 1988 690 2059 παρεκάλεσεν
720 1986 1060 2056 Ἐπιφάνιον,
1109 1987 1204 2041 καὶ
1249 1986 1543 2042 ἐϐάπτισεν
1591 1985 1753 2040 αὑτὸν
1808 1987 1903 2040 καὶ

310 2079 412 2149 τὴν
444 2081 677 2155 γυναῖκα
700 2076 887 2132 αὐτοῦ.

389 2168 518 2231 MB’.
562 2169 756 2232 ’Λλλος
802 2169 860 2233 δὲ
887 2187 993 2237 τις,
1027 2172 1279 2235 Συνέσιος
1308 2170 1552 2241 ὀνόματι,
1602 2170 1698 2224 καὶ
1740 2170 1904 2234 αὐτὸς

314 2259 573 2324 πλούσιος
618 2259 715 2325 ὣν,
748 2259 948 2332 Ἕλλην
992 2260 1061 2314 δὲκ
1083 2261 1357 2332 ὑπῆρχενι
1399 2253 1554 2324 οὗτος
1600 2255 1743 2330 εἶχεν
1790 2258 1903 2312 υἱὸν

312 2351 583 2422 μονογενῆ
618 2350 755 2407 ἐτῶν
785 2358 874 2420 ιγ’.
909 2351 1099 2424 Τούτῳ
1134 2353 1306 2416 πάθος
1333 2351 1584 2424 ἀνῆλθεν,
1628 2352 1722 2406 καὶ
1748 2368 1902 2423 περι-

310 2442 624 2502 εκύκλωσεν
653 2442 817 2496 αὐτοῦ
860 2443 952 2497 τὸν
994 2443 1234 2514 αὐχένα,
1264 2444 1359 2499 καὶ
1392 2443 1684 2510 ἀπέπνιξεν
1718 2444 1902 2510 αὑτὸν,

312 2534 411 2587 καὶ
438 2531 705 2588 ἀπέθανεν
725 2550 739 2562 ·
770 2533 865 2587 καὶ
890 2529 958 2605 ἦν
987 2534 1180 2598 πένθος
1208 2535 1303 2590 καὶ
1336 2535 1564 2598 κοπετὸς
1590 2538 1648 2589 ἐν
1669 2535 1747 2607 τῷ
1771 2535 1906 2608 οἴκῳ

314 2624 505 2680 αὐτοῦ.
543 2619 639 2689 Εἷς
670 2625 728 2678 δέ
779 2644 886 2691 τις,
930 2627 1191 2698 Ἑρμείας
1236 2627 1493 2697 ὀνόματι,
1543 2628 1903 2699 Χριστιανὸς,

311 2712 472 2769 εἶπεν
508 2718 576 2786 τῇ
615 2717 785 2787 μητρὶ
814 2715 911 2769 τοῦ
939 2715 1128 2780 παιδός
1147 2733 1163 2750 ·
1196 2718 1408 2789 Κυρία,
1446 2717 1765 2789 δυσώπησον
1796 2734 1904 2772 πα-

312 2805 641 2877 ραγενέσθαι
661 2806 754 2859 τὸν
788 2807 961 2878 μέγαν
988 2808 1325 2877 Ἐπιφάνιον,
1346 2809 1442 2863 καὶ
1472 2809 1693 2880 ἧγειρεν
1723 2808 1790 2864 ἂν
1815 2809 1907 2863 τὸν

314 2896 503 2950 auida.
555 2897 667 2967 Τῆς
713 2896 771 2952 δὲ
814 2899 1205 2969 πιπευσάσης,
1237 2898 1441 2963 εὐθέως
1468 2900 1786 2954 ἀποστέλλει
1814 2900 1906 2954 τὸν

327 2988 589 3059 Ἑρμείαν
620 2988 756 3060 πρὸς
786 2990 1127 3060 Ἐπιφάνιον.
1166 2987 1277 3045 Ἦν
1309 2991 1417 3060 γὰρ
1466 2991 1494 3043 ὁ
1534 2991 1794 3063 Ἑρμείας
1830 2996 1908 3047 oi—

312 3083 463 3145 κείος
489 3080 674 3135 αὑτοῦ.
706 3080 910 3135 Ἐλθὼν
963 3082 1020 3136 δὲ
1047 3082 1079 3136 6
1117 3082 1376 3154 Ἑρμείας
1401 3079 1556 3149 εἶπεν
1588 3085 1724 3157 πρὸς
1753 3085 1906 3140 Ἐπι-

314 3169 509 3238 φάνιον
529 3185 543 3199 ’
585 3170 777 3243 Κύριε,
805 3171 833 3222 ὁ
858 3171 1047 3243 κύριός
1077 3190 1177 3244 μου
1210 3174 1462 3237 Συνέσιος
1485 3174 1804 3239 ἀπέστειλέν
1834 3193 1901 3247 με

316 3264 459 3333 πρὸς
499 3264 581 3328 σὲ,
614 3265 761 3330 ὅπως
786 3264 904 3333 ἄγω
937 3282 997 3319 σε
1021 3265 1113 3321 ἐπὶ
1138 3266 1231 3320 τοῦ
1260 3266 1413 3321 οῐκου
1444 3266 1634 3329 αὐτοῦ,
1663 3268 1758 3322 καὶ
1779 3268 1903 3340 δεη-

316 3355 421 3427 θῇς
471 3355 564 3410 τοῦ
607 3355 741 3410 θεοῦ
775 3359 903 3430 περὶ
949 3356 1042 3411 τοῦ
1088 3357 1206 3411 υἱοῦ
1253 3357 1439 3422 αὐτοῦ,
1484 3360 1566 3412 ὅτι
1611 3360 1899 3425 ἀπέθανεν,

312 3450 467 3512 ὅπως
508 3447 734 3520 ἀναστῇ.
780 3449 915 3502 Τότε
960 3448 1019 3502 δὲ
1064 3449 1386 3520 Ἐπιφάνιος
1430 3451 1621 3505 ἐλαϐέν
1666 3470 1753 3524 με,
1808 3453 1904 3508 καὶ

315 3539 696 3612 ἐπορεύθημεν
743 3541 802 3593 ὲν
841 3540 921 3612 τῷ
964 3541 1099 3612 οἴκῳ
1139 3542 1412 3597 Συνεσίον.
1456 3544 1572 3599 Καὶ
1620 3544 1695 3609 ὡς
1739 3541 1902 3617 ἦλθεν

314 3629 642 3700 Ἐπιφάνιος
671 3634 730 3685 ὲν
760 3631 838 3703 τῷ
868 3633 1023 3703 οἴκῳ,
1053 3633 1247 3687 ἔπεσεν
1276 3637 1309 3707 ἠ
1352 3635 1488 3708 γυνὴ
1515 3636 1765 3691 Συνεσίου
1810 3638 1904 3692 ἐπὶ

313 3720 421 3793 τὴν
450 3722 572 3792 γῆν,
601 3722 873 3786 τοιούτους
905 3723 1094 3791 λόγους
1122 3724 1354 3793 λέγουσα
1380 3726 1517 3798 πρὸς
1544 3727 1860 3798 Ἐπιφάνιον
1884 3745 1899 3759 ⁸

316 3810 525 3877 Ἦλθες
568 3813 777 3880 ἐνθάδε,
822 3816 852 3867 ὁ
905 3814 1078 3885 μέγας
1133 3816 1316 3888 ἰατρὸς
1366 3814 1474 3871 τῶν
1527 3820 1898 3890 Χριστιανῶνο

314 3903 495 3971 δεῖξον
538 3903 753 3975 τέχνην,
799 3903 1004 3976 ἴδομεν,
1044 3905 1280 3978 λάόομεν
1331 3907 1408 3980 (a)
1442 3912 1640 3982 πεῖραν
1689 3913 1904 3983 ἰατρευ-

317 3995 548 4059 θέντες,
601 3996 697 4048 καὶ
752 3994 894 4049 οὕτω
948 3996 1338 4070 προσέλθωμεν
1385 3999 1463 4071 τῷ
1510 4000 1731 4073 Χριστῷ
1783 4019 1898 4058 σου.

317 4084 509 4142 Ταῦτα
556 4085 613 4141 δὲ
657 4087 917 4159 εἰπούσης
956 4089 1054 4158 τῆς
1094 4090 1372 4158 γυναικὸς,
1408 4087 1558 4146 εἶπεν
1586 4092 1904 4164 Ἐπιφάνιος

318 4176 462 4249 πρὸς
494 4178 693 4250 αὐτήν·
732 4178 862 4232 Ἐὰν
902 4181 1179 4246 πιστεύεις
1219 4181 1298 4253 τῷ
1335 4184 1763 4255 ὲσταυρωμένῳ,
1797 4186 1902 4258 ὄψῃ

316 4269 416 4323 τὸν
444 4268 611 4323 παῖδα
642 4270 1068 4341 περιπατοῦντα.
1096 4269 1263 4326 Εἷπεν
1286 4273 1344 4327 δὲ
1371 4274 1431 4328 τὸ
1458 4275 1679 4345 γύναιον
1695 4293 1710 4307 ·
1742 4278 1905 4331 ’Δλλο

313 4357 476 4412 οὐδὲν
507 4358 818 4431 εὑρίσκεται
845 4362 905 4415 ὲν
930 4361 1176 4433 λογισμῷ
1207 4381 1331 4435 μου,
1382 4365 1414 4435 ἢ
1451 4366 1513 4418 τὸ
1544 4366 1703 4436 μόνον
1734 4383 1905 4440 προσ-

2002 1884 2054 1930 et
2085 1875 2281 1931 ﬁlium.

2074 2149 2231 2205 XLII.
2272 2151 2505 2220 Quidam
2564 2165 2742 2210 autem
2796 2156 2966 2225 alius,
3019 2160 3243 2215 nomine
3284 2160 3579 2231 Sgncsius,

2004 2242 2097 2312 qui
2140 2242 2256 2313 ipse
2292 2260 2511 2314 quoque
2555 2254 2675 2299 erat
2711 2246 2884 2312 dives,
2938 2249 3031 2303 sed
3066 2252 3304 2320 gentilis,
3346 2253 3583 2309 habebat

2002 2333 2176 2389 ﬁlium
2236 2336 2569 2406 unigenam,
2623 2337 2879 2393 tredecim
2936 2355 3111 2397 annos
3174 2352 3383 2399 natum.
3441 2344 3577 2399 Eum

2006 2426 2229 2481 morbus
2253 2428 2471 2489 invasit.
2496 2438 2551 2483 et
2577 2430 2777 2484 collum
2818 2430 2939 2499 ejus
2969 2433 3350 2500 circumdedit,
3372 2446 3427 2491 et
3454 2452 3579 2492 eum

2007 2516 2313 2583 suliocavit,
2353 2526 2409 2572 et
2443 2528 2525 2573 est
2554 2527 2828 2574 mortuus.
2856 2520 3095 2592 Eratque
3133 2540 3364 2595 magnus
3402 2527 3581 2581 luctus

2005 2618 2058 2664 ct
2106 2609 2356 2679 planctus
2402 2611 2456 2664 in
2500 2610 2666 2666 domo
2709 2612 2846 2682 ejus.
2890 2613 3122 2679 Quidam
3157 2632 3284 2673 rem
3327 2616 3583 2673 llcrmeas

2006 2702 2250 2768 nomine,
2291 2700 2664 2768 Christianus,
2709 2704 2844 2759 dixit
2885 2706 3047 2760 matri
3090 2708 3286 2776 pueri:
3334 2702 3582 2775 Domina,

2008 2794 2217 2849 utinam
2269 2793 2485 2850 adesset
2530 2810 2763 2866 magnus
2822 2794 3198 2867 Epiphanius!
3250 2800 3297 2855 is
3353 2815 3581 2870 puerum

2006 2885 2316 2941 suscitaret.
2352 2885 2426 2941 Ea
2458 2896 2637 2942 autem
2672 2888 2923 2955 credens,
2949 2891 3134 2945 statim
3170 2889 3457 2948 Hermeam
3484 2896 3581 2948 mi-

2006 2977 2075 3032 sit
2109 2978 2177 3033 ad
2218 2976 2607 3051 Epiphaniam.
2641 2977 2773 3035 Erat
2799 2981 2944 3036 enim
2972 2980 3233 3039 Hermeas
3267 2984 3314 3038 ei
3342 2982 3582 3039 familia-

2010 3069 2106 3125 ris.
2138 3068 2387 3141 Cumque
2429 3071 2673 3128 venisset
2708 3070 2969 3128 llermeas
2995 3115 3011 3142 ,
3053 3074 3188 3130 dixit
3235 3073 3538 3145 Epiphanio
3569 3096 3581 3131 :

2012 3161 2244 3218 Domine
2286 3164 2385 3229 mi,
2428 3165 2686 3222 dominus
2716 3182 2873 3222 meus
2908 3166 3169 3239 Syncsius
3214 3168 3364 3224 misit
3395 3186 3480 3224 me
3517 3172 3584 3225 ad

2011 3265 2094 3320 te,
2129 3263 2188 3310 ut
2216 3263 2268 3311 te
2295 3256 2490 3312 ducam
2527 3258 2580 3312 in
2625 3260 2849 3315 domum
2900 3274 3091 3327 suam,
3124 3269 3178 3316 et
3212 3277 3368 3332 roges
3414 3261 3583 3318 Deum

2007 3362 2108 3418 pro
2151 3348 2265 3405 lilio
2306 3348 2447 3420 ejus,
2483 3350 2691 3419 quiest
2738 3360 3007 3419 mortuus,
3046 3361 3106 3408 ut
3136 3364 3401 3425 resurgat.
3434 3353 3588 3409 Tunc

1972 3452 1976 3457 ‘
2010 3455 2097 3495 me
2129 3440 2339 3510 accepit
2366 3440 2723 3511 Epiphanius,
2765 3451 2820 3498 et
2860 3442 3061 3501 ivimus
3086 3449 3141 3500 in
3176 3447 3396 3502 domum
3422 3446 3589 3518 Syne-

2008 3532 2100 3587 sii.
2149 3529 2394 3603 Cumque
2429 3534 2655 3588 domum
2705 3544 2852 3589 esset
2900 3535 3181 3605 ingressus
3227 3536 3583 3609 Epiphanius,

2007 3622 2206 3681 cecidit
2235 3624 2388 3680 humi
2431 3640 2571 3681 uxor
2612 3625 2848 3696 Synesii,
2892 3627 3012 3683 haec
3047 3629 3206 3684 verba
3235 3630 3424 3686 dicens
3456 3630 3587 3701 Epi-

2011 3716 2213 3786 phanio
2240 3735 2254 3771 :
2287 3715 2497 3773 Venisti
2528 3718 2655 3781 huc,
2678 3718 2771 3787 qui
2804 3733 2865 3773 es
2893 3734 3125 3791 magnus
3156 3723 3400 3778 medicus
3424 3724 3587 3778 Chri-

2010 3807 2316 3863 stianorum
2343 3823 2358 3873 ;
2397 3806 2680 3862 videamus
2709 3818 2879 3864 artem
2916 3819 3063 3865 tuam
3097 3810 3152 3864 in
3183 3810 3378 3873 lilium,
3409 3822 3463 3867 et
3492 3829 3586 3869 ac—

2010 3899 2278 3969 cipiamus
2337 3899 2513 3955 curati
2573 3901 3002 3970 experientiam;
3063 3912 3120 3958 et
3169 3902 3249 3957 sic
3299 3905 3367 3958 ad
3429 3913 3584 3959 tuum

2012 3989 2290 4046 Christum
2341 3990 2686 4046 accedamus.
2734 3991 2870 4046 Cum
2930 3992 3047 4047 haec
3090 3994 3320 4050 dixisset
3371 3996 3584 4060 mnlier,

2012 4082 2150 4136 dixit
2171 4081 2220 4136 ei
2248 4080 2584 4151 Epiphanius
2605 4100 2617 4137 :
2640 4080 2695 4137 Si
2724 4083 3025 4139 credideris
3050 4083 3347 4152 Crucillxo‘,
3376 4088 3587 4143 videbis

2010 4174 2182 4228 lilium
2212 4183 2361 4228 tuum
2398 4174 2791 4230 ambulantem.
2825 4174 2970 4231 Dixit
2997 4184 3181 4232 autem
3216 4180 3538 4236 muliercula
3569 4201 3583 4237 :

2014 4264 2119 4320 Sed
2154 4264 2291 4318 nihil
2316 4265 2461 4320 aliud
2490 4266 2671 4336 cogito
2698 4266 2754 4319 in
2784 4267 2991 4331 animo,
3026 4266 3130 4322 nisi
3162 4279 3397 4324 mentem
3428 4270 3587 4325 adhi-

2013 4358 2140 4413 bere
2166 4356 2463 4413 Crucilixo.
2511 4357 2651 4412 Cum
2694 4358 2879 4427 itaque
2925 4356 3260 4429 Epiphanius
3288 4362 3355 4416 ad
3388 4362 3585 4418 let-tum

316 4450 470 4520 ἐχειν
518 4467 585 4519 με
610 4450 688 4522 τῷ
719 4451 1136 4525 ἐσταυρωμένῳ.
1176 4455 1236 4508 ’0
1261 4450 1355 4508 οὖν
1382 4457 1699 4525 Ἐπιφάνιος
1733 4475 1900 4531 προσ-

2015 4449 2359 4513 accessisset,
2405 4457 2461 4503 et
2487 4448 2689 4505 collum
2734 4449 2889 4518 pueri
2932 4458 3345 4517 contrectasset,
3388 4462 3442 4508 ct
3469 4455 3587 4522 ejus

317 4541 551 4610 εγγίσας
577 4543 672 4597 ἐπὶ
696 4544 798 4615 τῆς
824 4544 1032 4616 κλίνης,
1073 4548 1169 4600 καὶ
1199 4547 1476 4618 ἁψάμενος
1503 4548 1598 4602 τοῦ
1632 4552 1901 4622 τραχήλου

317 4632 420 4688 τοῦ
452 4634 762 4706 παιδαρίου,
806 4637 903 4690 καὶ
928 4636 1217 4709 διατρίψας
1240 4638 1403 4692 αὐτοῦ
1436 4640 1527 4693 τὸν
1554 4642 1779 4711 αὐχένα,
1823 4639 1903 4695 εἳ-

320 4741 427 4779 πεν
459 4726 598 4795 upb;
638 4726 800 4779 αὐτὸν
832 4727 1001 4798 ἱλαρῷ
1036 4728 1116 4798 τῷ
1143 4728 1419 4800 προσώπῳ
1438 4747 1452 4761 ·
1483 4731 1801 4803 Εὑστόργιε.
1845 4734 1904 4786 ’0

315 4814 380 4868 δὲ
410 4817 539 4878 παῖς
566 4815 770 4879 εὐθέως
801 4816 1032 4886 ἀνέῳξεν
1070 4818 1197 4881 τοὺς
1219 4817 1553 4891 ὀφθαλμοὺς,
1586 4821 1680 4876 καὶ
1707 4823 1905 4878 ἀνεκά-

317 4908 476 4963 θισεν
518 4907 611 4960 ἐπὶ
657 4908 757 4978 τῆς
792 4908 1015 4979 κλίνης·
1058 4910 1153 4963 καὶ
1194 4909 1584 4983 ἐθαμϐήθησαν
1630 4916 1679 4967 οἱ
1723 4916 1782 4968 ὲν
1826 4914 1905 4986 τῷ

317 4998 480 5068 οἴκῳ.
517 4996 725 5050 ’ἰδοῦσα
752 4993 845 5051 οὖν
872 4999 905 5068 ἠ
935 4999 1117 5071 μήτηρ
1146 4999 1473 5072 Εὐστοργίου
1511 5002 1574 5055 τὸ
1622 5003 1904 5073 γινόμενον

318 5089 414 5142 διά
453 5087 773 5158 Ἐπιφανίου
807 5089 899 5141 ἐπὶ
937 5090 998 5142 τὸ
1028 5090 1273 5155 παιδίον,
1314 5092 1584 5165 λαϐομένη
1632 5096 1904 5167 τρισχίλια

321 5179 655 5251 νομίσματα,
705 5180 934 5252 ἤνεγκεν
962 5180 1284 5253 Ἑπιιρανίῳ.
1314 5179 1480 5236 Εἶπεν
1504 5180 1559 5237 δὲ
1588 5185 1904 5255 Ἐπιφάνιος

320 5271 465 5343 πρὸς
508 5271 714 5341 αὐτήν*
767 5271 1012 5335 Τούτοις,
1061 5274 1248 5343 φησὶν,
1300 5273 1410 5343 ἐγὼ
1462 5276 1522 5328 ού
1572 5278 1813 5348 χρῶμαι,
1858 5272 1904 5330 ὦ

326 5362 607 5435 ἐλευθέρα.
636 5363 795 5417 Ἀλλά
817 5362 997 5417 λαϐὼν
1025 5365 1186 5427 αὐτὰ,
1216 5367 1381 5435 φησὶ,
1414 5366 1665 5431 Συνέσιος
1696 5370 1724 5422 ὁ
1763 5367 1903 5438 σύμ-

327 5455 444 5517 θεός
489 5472 603 5515 σου.
634 5455 990 5509 ἀπελεύσεται
1017 5457 1108 5509 ἐπὶ
1136 5457 1230 5511 τὸν
1263 5454 1411 5512 οἷκον
1454 5459 1547 5513 τοῦ
1593 5460 1904 5531 ἐγείραντος

325 5548 419 5599 τον
448 5546 562 5600 υἱόν
594 5563 708 5611 σου,
743 5547 837 5599 καὶ
870 5546 1136 5601 ἀποδώσει
1164 5552 1277 5613 τοῖς
1302 5549 1585 5604 κοπιῶσιν.
1617 5551 1903 5621 Ἐποίησεν

403 5675 481 5746 (a)
524 5676 771 5749 'I§0psr,
815 5679 1095 5749 λάϐωμεν.
1139 5680 1369 5738 Formas
1409 5686 1622 5741 «τωρωι
1674 5687 1906 5741 Alexan-

327 5747 507 5804 drinae
572 5746 802 5803 libenter
870 5746 1253 5817 agnoscerem,
1321 5755 1426 5810 nisi
1499 5757 1901 5813 rescribendum

2009 4541 2277 4595 cervicem
2316 4539 2590 4607 fricasset,
2641 4540 2779 4595 dixit
2808 4542 2857 4597 ei
2885 4543 3038 4597 vultu
3074 4544 3231 4598 hilari
3262 4563 3274 4597 :
3308 4543 3583 4618 Eustorgi.

2011 4634 2063 4689 is
2089 4643 2269 4688 autem
2303 4633 2555 4704 protinus
2582 4634 2796 4703 aperuit
2825 4634 3037 4699 oculos,
3072 4645 3127 4691 et
3155 4637 3294 4691 sedit
3316 4653 3479 4707 super
3513 4640 3588 4693 le-

2008 4734 2158 4779 ctum
2186 4740 2199 4776 :
2229 4732 2285 4779 et
2327 4724 2689 4779 admiratione
2724 4725 2961 4793 perculsi
2991 4735 3144 4787 sunt,
3192 4728 3286 4796 qui
3330 4738 3487 4783 erant
3532 4731 3583 4782 in

2008 4814 2194 4869 domo.
2237 4813 2377 4868 Cum
2406 4829 2535 4868 vero
2566 4813 2794 4869 vidisset
2831 4823 3001 4869 mater
3027 4814 3298 4885 Eustorgii
3339 4816 3391 4869 id
3436 4820 3581 4885 quoi

2010 4904 2213 4959 factum
2237 4906 2413 4960 fuerat
2438 4919 2534 4974 per
2559 4903 2924 4974 Epiphaniam
2955 4905 3009 4959 in
3032 4921 3223 4975 puero,
3249 4888 3453 4977 accepit
3482 4911 3584 4964 tria

2010 4996 2177 5050 millia
2213 5010 2562 5049 nummorum
2593 5003 2648 5049 et
2674 4996 2871 5050 obtulit
2900 4995 3223 5066 Epiphanio.
3245 4996 3581 5056 Dixitauiein

2008 5087 2058 5141 ei
2089 5087 2426 5157 hpiphanius
2447 5104 2460 5141 :
2485 5086 2578 5143 Eis
2600 5103 2701 5158 ego
2732 5103 2840 5142 non
2872 5098 3011 5152 utor,
3035 5103 3071 5142 o
3099 5091 3293 5143 mulier
3318 5091 3582 5164 ingenua;

2011 5181 2103 5235 sed
2147 5180 2376 5241 maritus
2407 5189 2535 5235 tuus
2564 5195 2660 5235 eos
2708 5179 2958 5250 accipiet,
3009 5189 3065 5235 et
3112 5180 3209 5235 ibit
3259 5183 3327 5239 ad
3361 5185 3582 5240 dotnum

2010 5271 2151 5341 ejus,
2201 5273 2292 5342 qui
2343 5282 2499 5327 tuum
2547 5273 2805 5327 excitavit
2857 5272 3052 5341 ﬁlium,
3088 5283 3143 5329 et
3176 5276 3325 5333 dabit
3378 5278 3446 5333 iis
3487 5282 3582 5347 qui

2010 5364 2277 5420 laborant.
2313 5362 2406 5420 Sic
2429 5372 2608 5418 autem
2639 5363 2766 5418 fecit
2806 5362 3086 5436 Synesius.
3119 5365 3351 5437 Fuitque
3379 5369 3585 5426 illumi-

2012 5464 2172 5510 natus
2208 5456 2345 5525 ipse,
2380 5464 2434 5509 et
2457 5471 2596 5510 uxor
2622 5456 2762 5525 ejus,
2806 5466 2860 5512 et
2902 5458 3068 5527 lilius,
3099 5475 3261 5531 quem
3304 5471 3582 5521 mortuum

2008 5546 2303 5600 suscitaret
2328 5545 2682 5616 Epiphanius.

2009 5695 2142 5760 esse
2166 5678 2389 5747 ἴδωμτν,
2430 5679 2684 5760 λάθωμεν
2708 5724 2722 5740 .
2766 5699 2997 5757 sequens
3047 5685 3432 5760 προσέλθωμεν
3464 5703 3585 5760 per-

2009 5750 2279 5808 suaderet.
2319 5759 2475 5807 -ott.
2509 5752 2658 5808 Pun
2682 5770 2749 5812 ιι..
2844 5750 2856 5757 ’
3090 5750 3101 5759 ’
3280 5800 3285 5805 .
