3842 6148
304 250 372 326 79
1590 276 1645 333 s.
1687 277 2032 336 serenam
2077 277 2259 338 vna.
3477 282 3546 346 se

295 389 354 442 δὲ
404 385 654 451 Συνέσιος
686 390 872 452 οὕτως.
901 387 1201 460 Ἑφωτίσθη
1255 386 1538 457 δὲσαῦτδς,
1585 393 1677 445 καὶ
1728 396 1758 464 ἡ
1802 394 1934 464 γυνὴ
1974 396 2157 460 αὐτοῦ,
2219 395 2312 450 καὶ¹
2342 398 2395 450 ·ό
2439 388 2552 461 υίὸς
2593 392 2784 466 αὐτοῦ,
2824 390 2891 454 ’δν
2940 400 3156 472 ἤγειρεν
3203 394 3475 456 τεθνεῶτα
3515 404 3545 455 ό

299 484 633 551 Ἐπιφάνιος.

368 576 547 632 XLIII.
590 577 719 631 Cum
760 569 1055 646 aliquando
1081 591 1328 631 essemus
1364 576 1415 630 in
1448 577 1581 640 aede,
1610 589 1662 632 et
1686 579 1853 633 nullus

2040 575 2170 632 Ml".
2214 575 2365 629 Πότε
2383 572 2476 630 οὖν
2507 577 2675 631 ὄντων
2699 576 2854 648 ἡμῶν
2879 578 2935 632 ἐν
2963 576 3040 648 τῷ
3069 577 3222 647 οἴκῳ,
3253 576 3347 630 καὶ
3379 576 3546 647 μηδε-

294 680 439 722 ρδειιι
475 669 645 731 alius,
694 667 1006 746 dlxitpnihi
1058 666 1397 737 Epiphanius
1437 683 1450 719 :
1489 667 1589 721 Fili
1642 667 1862 738 Polybi,

291 760 552 828 quoniam
588 774 726 829 opus
767 759 927 812 habet
958 757 1198 812 Ecdesia
1229 758 1546 829 presbytero
1591 759 1645 812 in
1685 758 1864 813 locum

296 850 473 906 Patris
505 852 677 906 nostri
706 849 936 905 Joannis
957 891 971 917 ,
1005 851 1161 917 volo,
1207 864 1241 905 ο
1292 850 1361 904 lili
1384 891 1399 915 ,
1440 859 1498 904 ut
1529 850 1606 905 sis
1636 850 1687 904 in
1723 850 1865 905 illius

294 944 503 998 ordine.
535 943 669 997 Cum
703 958 803 1014 ego
853 950 1034 997 autem
1080 956 1145 997 ea
1194 957 1316 1011 quae
1370 940 1691 996 dicebantur
1723 955 1864 1010 πει-ο

294 1032 516 1099 ferrem,
549 1043 603 1089 et
629 1034 806 1089 verbis
832 1033 1083 1104 plurimis
1113 1047 1447 1096 recusarem,
1473 1032 1622 1086 venit
1650 1040 1863 1101 tempus

291 1126 569 1191 ecclesiae,
622 1132 683 1180 ut
723 1125 964 1179 divinum
1009 1122 1316 1178 faceremus
1366 1121 1623 1177 cilicium.
1673 1122 1859 1194 Ingre-

258 1217 567 1272 -dientibus
609 1232 742 1271 vero
791 1216 946 1270 nobis
992 1216 1246 1270 omnibus
1291 1230 1416 1270 cum
1462 1215 1766 1285 Epiphanio
1806 1216 1861 1270 in

291 1308 601 1375 ecclesiam,
633 1308 685 1360 in
711 1309 893 1361 animo
920 1307 1077 1361 habui
1106 1305 1385 1375 aulugere,
1404 1306 1701 1377 presbyteri
1722 1321 1862 1362 onus

288 1412 455 1468 grave
485 1412 607 1453 esse
650 1397 988 1452 existimans.
1037 1395 1268 1463 Quando
1299 1406 1481 1451 autem
1517 1397 1861 1465 pervenimus

287 1488 355 1542 ad
389 1494 724 1558 suggestum,
772 1485 1107 1556 Epiphanius
1141 1502 1227 1541 me
1256 1502 1422 1541 manu
1467 1498 1689 1551 tenens,
1724 1487 1861 1542 dixit

290 1575 419 1628 mihi
451 1593 464 1629 :
490 1574 645 1629 Mane
675 1578 728 1630 in
762 1576 865 1629 hoc
895 1575 1013 1629 loco
1037 1590 1210 1645 usque
1238 1576 1304 1630 ad
1332 1585 1568 1645 tempus.
1593 1576 1859 1630 Admirati

285 1676 432 1734 sunt,
451 1668 546 1738 qui
574 1668 721 1722 hunc
748 1682 1054 1722 sermonem
1086 1668 1398 1722 audierunt.
1431 1667 1543 1736 Ego
1575 1678 1721 1723 certe
1749 1684 1857 1724 non

286 1759 436 1827 potui
471 1757 705 1825 amplius
734 1771 802 1811 ex
830 1772 895 1811 eo
929 1756 1049 1811 loco
1083 1758 1272 1826 pedem
1321 1757 1524 1821 levare,
1579 1758 1670 1812 sed
1709 1774 1856 1813 eram

288 1847 449 1903 veluti
496 1847 690 1902 ferreis
739 1847 1229 1906 clavis/conﬁxus.
1263 1845 1496 1912 Quando
1536 1857 1717 1903 autem
1757 1849 1858 1906 fuit

1956 665 2063 729 "ve;
2105 666 2257 728 ὄντος
2295 666 2513 737 ἐτέρου,
2546 662 2697 720 εἶπεν
2737 668 2873 739 πρὸς
2909 669 2976 737 μὲ
3006 669 3035 722 ό
3063 667 3411 735 Ἐπιφάνιος·
3441 668 3546 721 Ἱέ-

1974 772 2096 809 κνον
2127 755 2372 820 Πολύϐιε,
2404 757 2591 829 ἐπειδὴ
2620 759 2808 828 χρείαν
2839 759 2953 830 ἔχει
2996 759 3030 830 ἡ
3062 758 3362 829 Ἐκκλησία
3408 776 3541 830 πρε-

1975 846 2233 919 σϐυτέρου
2255 850 2345 912 εἰς
2366 847 2465 901 τὸν
2492 848 2655 902 τόπον
2702 849 2796 903 τοῦ
2836 848 3049 921 Πατρδς
3085 845 3243 921 ἧμῶν
3269 850 3546 911 Ἰωάννου.

1971 938 2108 991 θέλω
2140 956 2219 1002 σε,
2256 940 2464 1003 τέκνον,
2495 926 2631 992 εἶναι
2660 942 2717 992 ὲν
2750 943 2813 1012 τῇ
2846 940 2996 1007 τάξει
3035 941 3266 995 ἐκείνου.
3293 939 3463 1012 Ἐμοῦ
3492 938 3549 995 δὲ

1972 1028 2183 1101 βαρέως
2211 1031 2466 1101 φέροντος
2499 1034 2589 1085 ἐπὶ
2618 1034 2729 1096 τοῖς
2749 1032 3114 1102 λαλουμένοις,
3133 1033 3229 1086 καὶ
3251 1044 3550 1104 παραιτου-

1973 1120 2132 1195 μένου
2172 1121 2265 1172 ἐπὶ
2299 1120 2571 1186 πλείστοις
2615 1123 2812 1190 λόγοις,
2853 1121 3085 1190 ἔφθασεν
3132 1124 3162 1175 ό
3209 1122 3401 1194 καιρὸς
3447 1123 3550 1191 τῆς

1969 1212 2281 1281 ἐκκλησίας,
2316 1211 2410 1266 τοῦ
2444 1214 2664 1285 ποιῆσαι
2688 1215 2749 1266 τὸ
2786 1215 2944 1285 ἔργον
2974 1214 3069 1267 τοῦ
3095 1214 3321 1285 Κυρίου.
3360 1213 3549 1284 Ἡμῶν

1961 1304 2023 1358 ’δὲ
2052 1306 2308 1360 ἁπάντων
2350 1308 2745 1379 εἰσερχομένων
2782 1306 2918 1377 μετὰ
2956 1306 3278 1376 Ἐπιφανίου
3306 1308 3401 1360 ἐπὶ
3445 1307 3549 1375 τῆς

1969 1395 2290 1466 ἐκκλησίας,
2339 1397 2495 1467 ἔσχον
2536 1396 2800 1467 λογισμὸν
2852 1395 2945 1450 τοῦ
2991 1397 3329 1468 ἀποδρᾶσαι,
3381 1396 3550 1466 βάρος

1960 1486 2266 1558 ἡγούμενος
2312 1488 2374 1541 τὸ
2429 1487 2645 1559 φορτίον
2693 1485 2786 1540 τοῦ
2835 1486 3228 1558 πρεσϐυτέρου.
3276 1486 3407 1538 Ὅτε
3453 1483 3549 1539 οὖν

1966 1574 2198 1647 ἔφθασεν
2236 1578 2331 1632 ἐπὶ
2360 1579 2421 1632 τὸ
2465 1579 2647 1649 βῆμα,
2670 1580 2959 1650 ’κρατήσας
2993 1594 3061 1649 με
3091 1572 3410 1646 Ἐπιφάνιος
3445 1576 3549 1647 τῆς

1964 1669 2173 1741 χειρὸς,
2201 1665 2354 1722 εἶπεν
2395 1669 2531 1740 πρὸς
2559 1670 2627 1739 μέ
2645 1685 2660 1702 ⁸
2701 1669 2843 1723 Μένε
2875 1669 2968 1721 ἐπὶ
3007 1668 3085 1739 τῷ
3110 1669 3260 1739 τόπῳ
3285 1668 3393 1731 ἓως
3423 1684 3549 1720 acat-

1969 1760 2082 1829 ροῦ.
2115 1759 2424 1825 Ἐξίσταντο
2478 1759 2535 1813 δὲ
2586 1759 2788 1824 πάντες
2835 1762 2883 1813 οἱ
2927 1759 3217 1822 ἀκούοντες
3257 1758 3349 1812 τὸν
3385 1758 3547 1826 λόγον

1964 1849 2170 1903 τοῦτον.
2201 1850 2343 1919 Ἐγὼ
2386 1845 2478 1903 οὖν
2503 1844 2684 1904 οὐκέτι
2716 1849 2986 1921 ἠδυνήθην
3021 1850 3279 1919 κουφίσαι
3316 1865 3419 1919 μου
3452 1849 3548 1901 τὸν

284 1939 551 2008 completa
600 1945 710 1993 tota
757 1938 1168 2009 consequentia,
1221 1946 1349 1992 tunc
1402 1937 1553 1992 misit
1586 1955 1755 1995 unum
1794 1957 1853 1996 ex

1964 1941 2099 1994 πόδα
2145 1943 2208 1995 ἐκ
2265 1941 2356 1994 τοῦ
2410 1942 2612 1995 τόπουο
2659 1942 2773 1995 ἀλλ’
2823 1944 2984 2014 ’ἥμην
3031 1942 3107 2007 ὡς
3155 1941 3547 2013 καθηλωμένος

283 2027 549 2093 diaconis,
575 2036 630 2083 et
669 2043 757 2082 me
780 2027 934 2083 duxit
963 2027 1028 2082 ad
1075 2029 1267 2093 altare,
1298 2037 1350 2082 et
1381 2028 1654 2084 ordinavit
1692 2047 1849 2101 pres-

288 2116 564 2188 byterum.
618 2113 743 2170 Post
823 2114 1066 2171 ecclesiae
1116 2130 1247 2170 vero
1300 2115 1695 2182 dimissionem,
1747 2134 1857 2190 pra:

280 2215 424 2260 metu
477 2204 644 2260 cecidi
675 2206 728 2259 in
765 2206 994 2274 lectum,
1031 2215 1085 2261 et
1149 2207 1307 2263 valde
1357 2208 1412 2263 in
1455 2210 1681 2280 grabato
1706 2225 1856 2266 com-

272 2295 571 2366 primebar,
592 2298 765 2353 donec
782 2297 1125 2370 Epiphanius
1140 2299 1427 2370 ingressus
1449 2310 1550 2366 est,
1568 2312 1621 2357 et
1644 2303 1816 2356 oravit
1836 2319 1851 2367 ;

278 2394 331 2437 rt
360 2385 541 2438 statim
574 2386 807 2441 surrexi.

352 2659 538 2714 κων.
574 2659 882 2729 Aliquando
905 2671 1087 2717 autem
1122 2664 1270 2717 venit
1321 2664 1541 2733 quidam
1592 2664 1855 2719 diaconus

283 2750 698 2821 Hierosolymis,
730 2761 784 2806 et
814 2753 1150 2807 renuntiavit
1193 2753 1499 2824 Epiphanio
1552 2754 1621 2809 de
1646 2752 1855 2809 Joanne

277 2844 534 2915 episcopo
596 2842 1111 2915 Hierosolymitano,
1148 2844 1295 2914 quod
1352 2853 1498 2899 esset
1554 2860 1772 2907 avarus,
1802 2854 1855 2899 et

278 2937 581 2992 includeret
610 2938 893 3007 pecunias,
918 2946 971 2990 et
1001 2951 1107 2990 non
1159 2936 1528 3005 suppeditaret
1563 2936 1852 3006 indigenti-

281 3022 400 3075 bus.
434 3018 782 3075 llabitaverat
806 3031 986 3074 autem
1019 3021 1107 3075 hic
1152 3018 1391 3075 Joannes
1437 3019 1490 3074 in
1521 3021 1854 3075 monasterio

277 3110 459 3179 magni
496 3109 792 3165 Hilarionis
820 3126 837 3162 :
869 3124 980 3179 quo
1014 3108 1216 3164 factum
1244 3118 1348 3193 est,
1395 3119 1455 3163 ut
1483 3126 1591 3164 una
1635 3124 1853 3180 quoque

274 3215 400 3255 cum
420 3209 487 3255 eo
509 3200 766 3255 habitarit
787 3199 1143 3269 Epiphanius.
1161 3198 1498 3269 Epiphanius
1520 3201 1704 3272 itaque
1724 3203 1853 3257 scri-

1967 2032 2105 2102 μετὰ
2130 2034 2248 2103 σιδή
2260 2051 2395 2104 ρων..
2413 2034 2541 2087 Ὅτε
2567 2033 2623 2086 δὲ
2654 2032 2943 2105 ἐπληρώθη
2979 2029 3128 2087 πᾶσα
3166 2034 3200 2104 ἡ
3230 2032 3545 2095 ἀκολουθία,

1962 2122 2082 2174 τότε
2111 2121 2425 2175 ἀπέστειλεν
2453 2122 2548 2177 ἕνα
2566 2120 2674 2174 τῶν
2697 2121 2977 2187 διακόνων,
2997 2121 3091 2175 καὶ
3115 2119 3322 2190 ἤγαγέν
3353 2136 3421 2190 με
3453 2120 3549 2171 ἐπὶ

1961 2213 2053 2266 τοῦ
2077 2212 2482 2283 θυσιαστηρίου,
2514 2213 2608 2265 καλ⁸
2639 2212 3016 2284 ὲχειροτόνησέ
3052 2230 3121 2282 με
3142 2211 3541 2283 πρεσϐύτερονδ
3610 2227 3619 2234 ·

1960 2303 2055 2354 καὶ
2096 2302 2233 2372 μετὰ
2264 2303 2362 2372 τὴν
2391 2301 2653 2357 ἀπόλυσιν
2693 2303 2792 2372 τῆς
2833 2300 3160 2371 ἐκκλησίας,
3212 2300 3322 2355 ἀπὸ
3375 2301 3548 2371 φόϐου
3634 2368 3644 2381 ι

1954 2390 2130 2443 ἔπεσα
2171 2390 2264 2444 ἐπὶ
2312 2392 2410 2461 τῆς
2462 2391 2668 2460 κλίνης,
2721 2391 2818 2445 καὶ
2862 2392 3011 2461 ἥμην
3055 2392 3412 2462 συνεχόμενος
3452 2392 3549 2444 ἐπὶ

1958 2479 2262 2547 κραδὰτου,
2293 2473 2487 2542 ἓωςοῦ
2517 2475 2677 2548 ἦλθεν
2711 2479 3047 2548 Ἐπιςράνιος,
3075 2480 3169 2532 καὶ
3203 2477 3425 2549 ηὔξατο,
3451 2481 3548 2532 καὶ

1962 2567 2161 2629 εὐθέως
2194 2566 2446 2635 ἀνέστην.

2032 2658 2161 2710 liA'.
2198 2657 2332 2709 Τότε
2364 2656 2455 2711 οὖν
2489 2658 2565 2728 (ιι)
2607 2658 2933 2730 παρεγένετό
2959 2674 3043 2722 τις
3074 2658 3185 2711 ἀπὸ
3243 2658 3545 2731 Ἰεροσολύ-

1964 2751 2079 2816 μων
2115 2746 2378 2813 διάκονος,
2437 2748 2530 2801 καί⁸
2575 2748 2908 2819 ἀπήγγειλεν
2959 2748 3261 2819 Ἐπιφανίῳ
3312 2750 3380 2804 τά
3413 2754 3547 2824 περὶ

1961 2837 2206 2891 Ἰωάννου
2238 2836 2331 2891 τοῦ
2364 2837 2669 2891 ἐπισκόπου
2709 2837 3094 2909 Ἰεροσολύμων
3116 2880 3131 2904 ,
3160 2840 3244 2892 ὅτι
3273 2840 3545 2913 φιλάργυ-

1962 2944 2073 2997 ρος,
2104 2929 2290 2998 φησὶν,
2323 2927 2493 2992 ἐστὶν,
2520 2927 2708 2981 καὶτὰ
2749 2930 3006 2999 χρήματα
3051 2930 3418 2985 ὲναποκλείων
3454 2935 3545 2985 ὲν-

1957 3017 2231 3087 δεομένοις
2260 3018 2320 3070 οὺ
2355 3018 2602 3088 παρέχει.
2635 3014 2744 3072 Ἦν
2764 3020 2821 3072 δὲ
2858 3022 2886 3072 ὁ
2914 3020 3167 3091 Ἰωάννης
3200 3011 3358 3085 οὗτος
3384 3022 3542 3094 οίκήι
3644 3087 3650 3092 _

1961 3123 2059 3169 σας
2085 3108 2142 3159 ὲν
2179 3106 2257 3176 τῷ
2299 3106 2644 3177 μοναστηρίῳ
2677 3106 2770 3160 τοῦ
2798 3107 3031 3178 μεγάλου
3090 3107 3420 3178 Ἱλαρίωνος,
3466 3110 3545 3170 ὡς

1959 3197 2277 3264 Ἐπιφάνιος
2304 3195 2612 3266 συνῴκησεν
2635 3196 2803 3267 αὐτῷ.
2835 3197 2895 3249 '0
2922 3192 3348 3266 οὖνἙπιφάνιος
3376 3197 3548 3269 ἕγρα»

276 3292 384 3360 psit
409 3292 690 3361 epistolam
720 3290 787 3345 ad
836 3289 1099 3345 Joannem
1130 3290 1198 3345 de
1230 3291 1603 3345 misericordia
1647 3293 1701 3346 in
1734 3306 1849 3357 eos,

1962 3283 2054 3354 ψεν
2087 3284 2376 3355 ἐπιστολὴν
2388 3283 2467 3354 τῷ
2487 3284 2727 3357 Ἰωάννη,
2749 3286 2877 3357 περὶ
2902 3286 2997 3340 τοῦ
3016 3288 3187 3339 ἐλεεῖν
3205 3289 3331 3349 τοὺς
3348 3288 3548 3357 χρείαν

271 3384 365 3452 qui
399 3383 660 3454 indigent.
689 3381 927 3437 Joannes
952 3389 1132 3437 autem
1164 3383 1407 3452 epistolae.
1434 3384 1638 3438 nullam
1664 3384 1851 3439 habuit

278 3475 564 3528 rationem.
600 3471 720 3527 Non
755 3473 827 3528 ita
874 3472 1046 3528 multo
1098 3481 1223 3544 post
1257 3479 1503 3542 tempore
1539 3474 1678 3527 dixit
1719 3474 1850 3528 mihi

274 3563 612 3635 Epiphanius
646 3582 659 3617 :
693 3564 827 3633 Age,
857 3563 961 3627 illi,
984 3578 1178 3633 eamus
1217 3562 1583 3630 Hierusalem,
1632 3574 1686 3618 et
1722 3579 1847 3619 cum

272 3653 708 3719 adoraverimus,
764 3662 1124 3707 revertemur.
1179 3652 1315 3707 Cum
1356 3668 1392 3707 e
1438 3651 1616 3723 Cypro
1667 3662 1847 3708 autem

274 3742 655 3806 solvissemus,
712 3743 1090 3813 navigavimus
1137 3741 1442 3797 Caesaream
1494 3742 1764 3813 Philippi;
1797 3755 1850 3798 et

273 3835 349 3889 illi
360 3848 426 3889 nc
442 3832 789 3889 ascendimus
818 3831 1173 3888 Hierusalem.
1201 3833 1452 3902 Cumque
1471 3835 1674 3905 egressi
1699 3850 1849 3890 esse—

273 3940 399 3980 mus
424 3932 480 3978 et
511 3937 845 3988 orassemus,
874 3924 1224 3978 ascendimus
1247 3924 1300 3977 in
1332 3926 1729 3994 episcopatum.
1762 3924 1849 3979 Vi-

269 4015 459 4085 ditque
489 4011 729 4069 Joannes
762 4012 1149 4083 Epiphaniam,
1175 4024 1235 4081 et
1260 4029 1458 4084 magno
1497 4014 1598 4069 fuit
1623 4015 1849 4071 allectus

271 4107 494 4177 gaudio.
519 4103 718 4158 Joanni
776 4111 956 4158 autem
984 4103 1123 4159 dixit
1151 4104 1489 4173 Epiphanius
1524 4121 1538 4157 :
1575 4105 1652 4159 Da
1689 4105 1847 4169 mihi,

272 4198 451 4260 Pater,
476 4195 698 4250 domum
718 4192 785 4247 ad
809 4193 1156 4246 manendum.
1173 4192 1607 4261 Deditquenobis
1625 4195 1849 4249 domum

273 4286 717 4359 pulcherrimam.
781 4283 1037 4349 Quotidie
1092 4291 1276 4336 autem
1323 4286 1558 4338 vocabat
1610 4284 1852 4339 Joannes

275 4376 643 4448 Epiphaniam
677 4375 743 4426 ad
798 4386 1068 4436 mensam,
1102 4379 1564 4442 sumptuososqne
1616 4373 1766 4427 cibos
1798 4383 1852 4426 ct

275 4479 438 4540 potus
472 4466 633 4520 nobis
678 4464 733 4516 in
787 4476 1026 4515 incusant
1079 4460 1287 4516 ferebat
1334 4462 1710 4534 [multumque
1760 4482 1850 4519 ar-

272 4559 418 4628 genti
440 4553 828 4612 commutando
848 4551 1106 4605 allerebat
1135 4552 1186 4604 in
1206 4553 1474 4623 mensam]
1494 4571 1510 4620 ς
1531 4570 1641 4623 quo
1670 4555 1849 4623 ﬂebat,

275 4660 333 4704 ut
371 4661 640 4719 pauperes
675 4658 784 4697 non
810 4650 993 4696 essent
1017 4641 1328 4710 participes.
1359 4643 1667 4710 Aliquando
1725 4659 1854 4697 vero

273 4742 412 4796 dixit
458 4738 653 4794 Joanni
688 4732 1026 4805 Epiphanius
1058 4748 1071 4782 :
1108 4730 1183 4783 Da
1225 4733 1377 4793 mihi,
1417 4749 1449 4786 o
1489 4732 1646 4786 Patz-r
1679 4732 1849 4787 Joan-

273 4845 390 4895 nes,
422 4836 707 4898 argentum
763 4825 828 4879 ad
862 4836 1022 4876 usum
1077 4834 1282 4871 meum.
1337 4817 1478 4873 Sunt
1506 4821 1636 4873 mihi
1668 4821 1848 4874 alendi

272 4920 371 4974 viri
424 4917 643 4988 Cyprii;
696 4916 776 4970 eis
816 4909 1467 4977 exhibebonmgnilicam
1519 4911 1596 4962 tui
1637 4914 1846 4979 argenti

271 5008 527 5079 speciem.
560 5006 744 5061 Prache
774 5020 933 5060 servo
969 5012 1082 5063 tuo,
1137 5014 1257 5066 qua:
1309 5006 1439 5051 sunt
1485 5001 1847 5065 pulcherrima

271 5103 327 5151 in
356 5098 518 5151 domo
563 5107 674 5161 tua,
718 5097 784 5149 ad
823 5105 967 5147 tuam
1018 5088 1272 5158 gloriam,
1325 5094 1376 5138 et
1419 5087 1485 5139 de
1532 5088 1638 5141 tuis
1682 5087 1844 5144 lactis

271 5188 565 5255 gloriabor,
610 5195 668 5238 ut
714 5185 807 5252 qui
855 5184 957 5237 sim
1008 5188 1270 5251 perpetuo
1323 5178 1844 5239 monstrandus,di-

270 5282 404 5351 gito.
456 5275 769 5331 Memineris
824 5282 1032 5327 tantum
1094 5284 1287 5324 corum
1342 5281 1462 5335 quze
1515 5267 1742 5326 dantur;
1792 5278 1849 5321 et

274 5370 418 5441 quod
503 5372 754 5436 Oportet,
837 5369 1022 5430 postea
1102 5360 1196 5412 tibi
1260 5356 1533 5409 reddetur.
1615 5354 1850 5409 Joannes

273 5472 456 5520 autem
502 5456 755 5530 produxit
809 5451 1037 5506 multum
1103 5450 1312 5518 argenti
1370 5448 1423 5502 in
1474 5457 1846 5512 conspectum.

342 5595 422 5669 (α)
457 5594 650 5685 Ιηιρτρ.
687 5588 811 5659 legit
846 5584 993 5639 ποτέ.

1951 3375 2190 3446 ἔχοντας.
2233 3375 2289 3430 ὐ
2317 3376 2374 3428 δὲ
2404 3376 2655 3448 Ἰωάννης
2683 3377 2836 3430 οὐδὲν
2881 3379 2982 3448 τῆς
3026 3379 3314 3450 ἐπιστολῆς
3347 3382 3543 3450 ἐποίη-

1952 3482 2068 3518 σεν.
2100 3464 2253 3518 Μετὰ
2294 3464 2359 3517 δὲ
2373 3466 2568 3536 ,χρόνον
2591 3467 2651 3519 οὐ
2678 3466 2843 3521 πολὺν
2871 3464 3022 3521 εἶπεν
3047 3468 3367 3537 Ἐπιφάνιος
3402 3469 3546 3540 πρὸς

1950 3557 2054 3627 με’
2096 3556 2266 3628 Δεῦρο
2296 3557 2382 3628 δὴ,
2416 3557 2605 3611 τέκνον
2624 3594 2643 3623 -,
2694 3560 3091 3631 πορευσιὶιμεθα
3135 3563 3216 3625 είς
3268 3561 3545 3633 Ἰερουσα-

1951 3646 2085 3717 λὴμ,
2110 3648 2208 3701 καὶ
2245 3650 2721 3719 προσκυνήσαντες
2770 3649 3154 3722 ἀναλώσωμεν.
3198 3651 3546 3725 ’Λπάραντες

1949 3737 2006 3790 δὲ
2029 3737 2136 3790 ἀπὸ
2157 3736 2383 3808 Κύπρου
2408 3737 2829 3810 ἀπεπλεύσαμεν
2849 3740 2907 3795 ἐν
2929 3738 3235 3813 Καισαρείᾳ
3257 3745 3323 3813 τῇ
3351 3742 3546 3796 Φιλίπ-

1952 3844 2055 3880 που
2078 3845 2091 3858 ·
2120 3827 2375 3881 κάκεῖθεν
2412 3828 2682 3899 ἀνέὸημεν
2706 3832 2786 3894 είς
2821 3832 3170 3903 Ἰεροσόλυμα
3188 3849 3201 3863 ’
3231 3836 3325 3888 καὶ
3361 3835 3543 3890 ἐλθόν-

1952 3934 2043 3979 τες
2066 3918 2160 3970 καὶ
2185 3918 2468 3989 εὐξάμενοι
2499 3919 2769 3990 ἀνέϐημεν
2797 3922 2877 3984 εἰς
2928 3920 2990 3973 τὸ
3017 3923 3369 3977 ὲπισκοπεῖον
3390 3940 3404 3954 ⁸
3445 3925 3546 3978 καὶ
3604 3925 3608 3929 ’

1953 4005 2061 4057 ἴδεν
2086 4007 2336 4075 Ἰωάννης
2362 4008 2450 4062 τὸν
2476 4002 2812 4078 Ἐπιφάνιον,
2847 4010 2938 4064 καὶ
2970 4012 3143 4083 ἐχάρη
3166 4013 3341 4083 χαρὰν
3365 4016 3545 4087 {Lamt-

1953 4094 2072 4165 λην.
2106 4093 2273 4151 Εἶπεν
2299 4099 2355 4151 δὲ
2386 4100 2703 4167 Ἐπιφάνιος
2734 4099 2810 4172 τῷ
2849 4103 3073 4177 Ἰωάννῃ
3097 4122 3111 4135 ·
3163 4106 3264 4169 Δός
3288 4123 3403 4176 μοι,
3434 4124 3545 4178 φη-

1956 4182 2060 4246 σὶν,
2088 4183 2254 4252 οἷκον,
2305 4187 2514 4252 τέκνον,
2568 4189 2660 4242 ἐπὶ
2682 4190 2742 4242 τὸ
2771 4194 2970 4261 μεῖναι.
3004 4195 3244 4249 Ἔδωκεν
3302 4196 3361 4250 δὲ
3403 4201 3545 4269 ἡμῖν

1958 4274 2239 4328 κάλλιστον
2265 4273 2430 4332 οἷκον.
2464 4278 2600 4332 Καθ’
2631 4280 2840 4353 ἡμέραν
2871 4280 2962 4338 οὖν
2994 4287 3022 4338 ό
3047 4285 3305 4356 Ἰωάννης
3349 4288 3545 4343 ἐκάλει

1957 4366 2048 4418 τὸν
2076 4367 2395 4436 Ἐπιφάνιον
2422 4370 2512 4422 ἐπὶ
2543 4372 2840 4444 τραπέζης,
2863 4375 2958 4428 καὶ
3011 4374 3362 4431 πολυτέλειαν
3388 4377 3543 4452 βρωο

1954 4453 2142 4522 μάτων
2193 4456 2285 4508 καὶ
2311 4459 2567 4527 πομάτων
2589 4459 2779 4532 ἔφερεν
2805 4465 2936 4534 ἡμῖν
2956 4468 3013 4518 ἐν
3036 4469 3104 4537 τῇ
3133 4468 3408 4540 τραπέζῃ,
3428 4470 3545 4524 τῶν

1957 4543 2014 4597 δὲ
2044 4546 2288 4615 πενήτων
2339 4547 2583 4619 ἁμοίρων
2621 4550 2806 4615 ὄντων,
2842 4555 2934 4607 καὶ
2964 4556 3071 4609 άπὸ
3117 4558 3345 4614 τούτων.
3396 4561 3544 4615 Hoc};

1960 4627 2051 4720 οὖν
2079 4628 2230 4686 εἶπεν
2258 4632 2572 4705 Ἐπιφάνιος
2605 4640 2738 4710 πρὸς
2766 4642 3047 4715 Ἰωάννηψ
3081 4647 3179 4710 Δός
3198 4664 3310 4718 μοι,
3342 4651 3540 4720 φησὶνδ

1955 4713 2010 4811 ὦᾼ
2034 4721 2211 4793 Πάτερ
2251 4725 2530 4797 Ἰωάννης,
2591 4729 2826 4801 ἄργυρον
2882 4713 3015 4805 προς
3049 4713 3384 4807 ὑπηρεσίαν-ο
3409 4713 3545 4811 ’ἔχω

1954 4809 2061 4878 γὰρ
2094 4811 2286 4882 θρέψαι
2312 4816 2589 4887 Κυπρίους
2615 4820 2815 4891 ἄνδρας
2836 4840 2849 4854 ·
2878 4828 3154 4892 φαντάσω,
3211 4831 3346 4899 φησὶ
3370 4869 3386 4893 ,
3416 4809 3545 4884 τοῦ-

1952 4917 2076 4993 τους
2098 4901 2177 4993 τῷ
2210 4904 2286 4974 σῷ
2306 4907 2571 4978 ἀργυρίῳ.
2603 4910 2679 4961 Τά
2697 4912 2803 4982 γὰρ
2832 4914 3246 4972 καλλιστεύοντα
3276 4922 3335 4975 ἐν
3357 4921 3438 4993 τῷ
3462 4923 3545 4993 σῷ

1951 4989 2082 5058 οἴκῳ
2111 4991 2313 5062 πάρεχε
2353 4995 2431 5065 τῷ
2473 4996 2642 5068 δούλῳ
2676 5017 2780 5053 σου
2814 5004 2949 5072 πρὸς
2972 5004 3129 5071 δόξαν
3165 5008 3265 5080 τὴν
3294 4989 3420 5081 σὴν,
3445 4989 3545 5066 xxi.

1952 5076 2142 5173 ἔσομαι
2168 5084 2515 5173 καυχώμενος
2544 5089 2634 5140 ἐπὶ
2665 5093 2775 5153 σοῖς
2829 5090 3008 5164 ἔργοις
3035 5113 3047 5125 ·
3100 5076 3262 5167 μόνον
3311 5076 3543 5173 μνήμην

1953 5164 2120 5237 ἄπεχε
2158 5171 2262 5223 τῶν
2285 5173 2603 5243 διδομένων,
2647 5184 2740 5231 καὶ
2803 5180 3028 5252 ὕστερον
3063 5187 3254 5239 ἁποδῶ
3295 5190 3359 5242 τὸ

1957 5271 2075 5307 πον.
2121 5257 2175 5310 Ὀ
2196 5260 2251 5312 δὲ
2286 5261 2535 5335 Ἰωάννης
2562 5270 2878 5337 παρήγαγεν
2903 5274 3043 5325 κατὰ
3068 5277 3364 5346 πρόσωπον
3380 5257 3538 5336 Ἐπι-

1959 5346 2145 5410 φανίου
2186 5351 2349 5406 πολὺν
2394 5353 2652 5425 ἄργυρον.
2701 5356 2870 5414 Εἶπεν
2928 5364 2983 5416 δὲ
3014 5365 3338 5436 Ἐπιφὰνιος
3399 5375 3542 5444 πρὸς

1960 5435 2206 5509 Ἰωάννην
2237 5458 2248 5469 ·
2293 5444 2478 5497 Ἔστιν
2505 5463 2604 5509 σοι,
2632 5450 2814 5521 φησὶν,
2858 5453 3219 5526 ἀποκείμενος
3251 5464 3348 5517 καὶ
3376 5435 3545 5531 ἄλλος
