3808 6202
1928 58 2043 75 ἰι-ι..
2058 54 2063 55 ⁷
2086 52 2093 53 7
2110 48 2159 67 rt»

313 443 378 503 Si
1620 437 1679 494 S.
1722 433 2063 495 EPIPHANJI
2106 437 2274 498 VJTA.
3487 436 3556 490 8-2.

319 560 578 630 ἄργυρος,
611 550 1093 625 ὧΠάεερλΕῘίπεν
1120 553 1175 613 δὲ
1210 553 1459 629 Ἰωάννης
1488 554 1623 625 πρὸς
1649 553 1892 621 Ἑπιφά-
1918 549 2097 617 Λριιί
2156 553 2293 609 dixit
2344 552 2393 608 ei
2457 572 2472 609 :

319 663 459 699 νιον·
492 635 679 718 Ἀρκεῖ
706 663 787 699 σοι
812 646 948 709 τέως
971 637 1125 707 οὗτος
1157 645 1291 717 πρὸς
1321 643 1417 716 σὴν
1444 644 1766 716 ὑπηρεσίαν,
1781 643 1891 696 Πά-

317 752 415 806 τερ
470 732 640 789 Εἶπεν
698 735 754 789 δὲ
806 736 1122 805 Ἐπιφάνιος
1169 736 1301 805 πρὸς
1352 735 1605 808 Ἰωάννην
1632 753 1643 766 ·
1684 736 1889 804 Ἀγαγε

321 824 590 890 κάκεῖνον,
622 825 824 895 Πάτερ,
851 827 1000 888 ὅπως
1026 825 1374 896 ξενισθῶμεν.
1400 825 1505 878 Τοῦ
1529 825 1585 878 δὲ
1606 825 1891 896 προσενέγ-

322 930 518 976 καντος
540 914 633 967 καὶ
663 914 753 971 τὸν
777 914 981 982 λοιπὸν,
1006 900 1158 969 εἶπεν
1183 915 1501 986 Ἐπιφάνιος
1537 917 1672 988 πρὸς
1706 917 1890 970 Ἰωάν-

320 1022 420 1073 νην
439 1021 454 1035 ο
478 1006 580 1069 Δός
611 1022 700 1077 μοι
729 1007 798 1060 τὰ
832 1008 1168 1076 φαντάζοντα
1195 1010 1322 1072 τοὺς
1359 1008 1693 1080 ἐλευθέρους.
1725 1006 1892 1064 Εἶπεν

320 1094 378 1148 δὲ
410 1095 663 1167 Ἰωάννης
693 1097 828 1167 πρὸς
858 1099 1207 1167 Ἐπιφάνιον·
1244 1100 1491 1154 Ἀπαντα
1532 1100 1602 1154 τά
1627 1101 1893 1170 τέρποντα

319 1185 451 1249 τοὺς
485 1186 611 1249 σοὺς
643 1185 961 1258 ἀνθρώπους
993 1188 1162 1255 δέξαι,
1197 1189 1290 1244 καὶ
1315 1189 1630 1263 διακόνησον
1656 1194 1783 1256 τοὺς
1815 1192 1892 1263 (ιι)

320 1274 409 1326 ἐπ’
437 1274 683 1343 ἀρίστου.

396 1364 532 1419 ME’.
567 1364 759 1421 Λαϐὼν
788 1367 846 1421 δὲ
875 1367 1190 1437 Ἐπιφάνιος
1220 1368 1484 1440 ἀργυρίου
1514 1368 1675 1441 ὁλκὴ)
1708 1371 1782 1433 ὡς
1810 1389 1895 1441 χι-

322 1452 454 1506 λίων
476 1457 841 1510 πεντακοσίων
865 1457 1081 1530 λιτρῶν,
1113 1458 1487 1530 ἐπορεύθημεν
1514 1460 1608 1513 ἐπὶ
1634 1459 1724 1513 τὸν
1751 1458 1896 1514 οἶκον

323 1541 418 1594 τὸν
444 1543 663 1598 δοθέντα
701 1547 832 1616 ἡμῖν
865 1547 1016 1618 παρά
1041 1548 1286 1602 Ἰωάννου
1319 1550 1410 1602 ἐπὶ
1455 1549 1516 1602 τὸ
1548 1550 1895 1620 καταμένειν.

323 1627 433 1685 Ἦν
463 1634 522 1686 δέ
552 1652 637 1698 τις
668 1637 1109 1710 ἀργυροπράτης.
1150 1639 1423 1711 Ἀστέριος
1456 1641 1702 1710 ὀνόματι.
1731 1635 1897 1705 Οὗτος

324 1723 385 1775 δὲ
408 1719 476 1794 ἦν
501 1726 607 1778 ἀπὸ
643 1728 741 1798 τῆς
782 1728 999 1800 Ῥώμης
1026 1729 1113 1782 διά
1137 1732 1476 1802 πραγμάτων
1515 1734 1595 1796 εἰς
1636 1734 1899 1803 Ἰερουσα-

324 1813 392 1884 λή
403 1833 460 1885 μ.
497 1817 695 1872 Τοῦτον
725 1819 1229 1889 προσκαλεσάμενος
1252 1822 1583 1891 Ἐπιφάνιος,
1606 1822 1700 1875 καὶ
1722 1821 1898 1887 δείξας

2548 554 2826 632 Habesne.
2864 553 3066 623 aliquid
3139 551 3280 606 aliud
3353 548 3564 618 ιιιεριιεὶ

1997 644 2318 712 repositum,
2344 660 2378 699 ο
2403 643 2609 699 Pater?
2638 643 2782 699 Dixit
2816 653 2996 700 autem
3049 642 3287 697 Joannes
3329 639 3560 709 Epipha-

1999 733 2091 787 nio
2122 752 2136 789 :
2167 733 2282 788 llor.
2307 736 2495 806 utique
2518 736 2585 791 ad
2616 745 2766 791 tuum
2800 752 2960 791 usum
3003 735 3097 789 tibi
3121 733 3371 798 sullicict,
3404 749 3435 784 υ
3460 730 3561 784 Pa-

2000 834 2098 879 ter.
2128 825 2379 896 Dixitque
2410 825 2603 882 Joanni
2632 826 2965 898 Epiphanius
3000 844 3013 880 :
3051 825 3239 882 Adduc
3268 823 3397 877 illud
3429 838 3564 891 quo-

1998 929 2123 984 que,
2154 913 2329 982 Pater,
2376 923 2435 969 ut
2467 916 2753 989 magniﬁce
2783 915 3139 985 accipiantur.
3163 912 3298 966 Cum
3318 913 3364 965 is
3386 924 3564 965 autem

2000 1005 2144 1059 aliud
2168 1021 2387 1079 quoque
2420 1007 2717 1074 attulisset,
2746 1006 2883 1062 dixit
2931 1004 3129 1061 Joanni
3184 1002 3517 1072 Epiphanius
3552 1021 3564 1055 :

2001 1094 2077 1149 Da
2100 1098 2252 1161 mihi,
2288 1098 2680 1169 quaeingenuis
2710 1098 2993 1169 pulchram
3032 1097 3272 1167 praebent
3310 1094 3566 1164 speciem.

2001 1184 2144 1242 Dixit
2172 1185 2221 1241 ei
2243 1183 2522 1241 Joannes:
2557 1187 2754 1257 Accipe
2786 1200 3124 1256 quaecunque
3163 1195 3290 1240 sunt
3337 1183 3445 1238 tuis
3476 1183 3573 1235 lm-

2002 1275 2240 1331 minibus
2270 1275 2632 1342 delectationi,
2673 1284 2728 1332 et
2756 1277 2834 1333 eis
2872 1285 3021 1331 utere
3055 1276 3107 1330 in
3143 1275 3393 1345 prandio.

2072 1362 2231 1418 XLV.
2266 1365 2487 1434 Accepit
2526 1365 2711 1434 itaque
2740 1364 3077 1435 Epiphanius
3117 1364 3328 1435 argenti
3363 1362 3572 1432 pondus

2003 1456 2219 1511 circiter
2251 1455 2511 1510 librarum
2542 1456 2688 1510 mille
2721 1456 3170 1526 quingentarum,
3197 1465 3251 1510 et
3290 1455 3487 1509 ivimus
3518 1455 3570 1507 in

2005 1549 2248 1612 domum,
2281 1564 2402 1615 qua:
2419 1548 2543 1603 data
2570 1547 2730 1603 nobis
2766 1549 2941 1603 fuerat
2967 1565 2995 1601 a
3025 1546 3233 1602 Joanne
3269 1547 3335 1601 ad
3359 1562 3574 1601 manen-

2006 1639 2154 1693 dum.
2192 1638 2318 1692 Erat
2342 1648 2519 1693 autem
2544 1638 2765 1709 quidam
2790 1638 3152 1709 argentarius,
3183 1637 3400 1691 nomine
3416 1637 3575 1690 Aste—

2005 1731 2140 1786 rius.
2176 1729 2227 1785 ls
2260 1729 2432 1784 Roma
2470 1740 2691 1788 venerat
2719 1729 3056 1785 Hierusalem
3099 1728 3297 1798 negotii
3339 1726 3573 1783 obeundi

2006 1821 2199 1891 gratia.
2227 1823 2359 1876 lium
2387 1837 2512 1881 cum
2543 1821 2919 1879 accersivisset
2951 1821 3305 1891 Epiphanius,
3330 1829 3384 1874 et
3409 1818 3461 1873 ei
3487 1832 3574 1872 os-

326 1906 478 1977 αὐτῷ
509 1908 599 1962 τὸν
625 1908 884 1982 ἄργυρον,
912 1912 1277 1983 συμφωνήσας
1300 1928 1358 1965 τε
1387 1912 1481 1966 καὶ¹
1525 1916 1751 1984 ποιήσας
1785 1913 1901 1985 μετ’

2019 1914 2584 1984 lendissetargentum,
2603 1929 2725 1970 cum
2749 1929 2813 1969 eo
2836 1913 3173 1977 convcnit,et
3196 1920 3411 1981 pactum
3437 1908 3576 1976 iniit,

325 1998 518 2063 αὑτοῦ,
578 2001 880 2071 ἑπίπρασεν
915 2002 1065 2074 αὐτῷ
1090 2002 1270 2057 λαϐὼν
1322 2005 1455 2077 παρ’
1493 2004 1657 2058 αὑτοῦ
1683 2005 1743 2059 τὸ
1768 2023 1900 2076 χρυ-

328 2090 460 2151 σίον.
495 2091 607 2146 Καὶ
637 2091 700 2164 δὴ
726 2091 905 2147 λαϐὼν
933 2095 1249 2165 Ἐπιφάνιος
1279 2097 1342 2151 τὸ
1375 2097 1623 2172 χρυσίον,
1655 2098 1823 2153 νύκτα
1841 2116 1899 2154 τε

327 2182 423 2239 καὶ
453 2182 669 2253 ἡμέραν
696 2184 916 2238 διεδίδου
944 2188 1055 2251 τοῖς
1074 2187 1265 2258 χρείαν
1288 2187 1521 2259 ἔχουσιν.
1566 2190 1816 2262 Ἡμερῶν
1843 2192 1901 2245 δὲ

326 2269 743 2343 διαγενομένων,
769 2267 918 2327 εἶπεν
949 2277 1202 2349 Ἰωάννης
1221 2278 1357 2349 πρὸς
1376 2279 1692 2349 Ἐπιφάνιον
1710 2298 1724 2312 ·
1742 2280 1906 2334 Ἀπό-

328 2363 422 2425 δος
456 2380 545 2433 μοι
573 2362 665 2416 τὸν
689 2364 948 2438 ἄργυρον,
978 2368 1037 2422 ὃν
1071 2368 1287 2441 ἕχρησά,
1302 2388 1384 2424 σοι
1414 2372 1551 2443 πρὸς
1577 2371 1899 2443 ὑπηρεσίαν.

332 2446 501 2506 Εἶπεν
527 2453 583 2508 δὲ
620 2455 935 2526 Ἐπιφάνιος
964 2459 1105 2530 πρὸς,
1127 2460 1380 2533 Ἰωάννην
1405 2479 1420 2496 ·
1470 2447 1907 2536 Μακροθύμησον

331 2545 421 2596 ἐπ’
442 2545 585 2615 ἐμοὶ,
602 2545 807 2614 τέκνον,
834 2550 914 2604 ὄτι
934 2550 1040 2623 ἔχω
1062 2552 1279 2622 θρέψαι,
1303 2554 1395 2609 καὶ
1418 2555 1596 2618 πάντα
1620 2540 1904 2613 ἀποδώσω.

332 2636 503 2689 Πάλιν
565 2633 660 2691 οὖν
723 2641 944 2712 ἡμερῶν
992 2628 1410 2715 διαγενομένων,
1451 2643 1614 2709 εἶπεν,
1652 2646 1908 2718 Ἰωάννης

332 2725 473 2795 πρὸς
504 2728 841 2798 Ἐπιφάνιον,
881 2733 1131 2795 ἑστώτων
1156 2737 1187 2806 ή
1197 2735 1312 2804 μῶν
1338 2738 1396 2790 ἐν
1422 2736 1499 2808 τῷ
1525 2737 1659 2808 ναῷ,
1687 2739 1819 2792 ὅπου
1847 2740 1908 2793 τὸ

336 2818 603 2887 σωτήριον
639 2818 792 2884 ξύλον
815 2822 1102 2887 ἀπόκειται
1122 2838 1135 2851 '
1168 2826 1276 2888 Καὶ
1309 2825 1410 2898 ήδη
1440 2821 1595 2879 εἶπόν
1639 2844 1753 2893 σοι,
1802 2829 1905 2894 ὅτι,

332 2906 562 2972 Ἀπόδος
589 2928 677 2980 μοι
699 2911 790 2966 τὸν
818 2914 1075 2985 ἄργυρον,
1102 2915 1159 2969 ὃν
1182 2917 1394 2990 ἕχρησά⁴
1412 2935 1512 2974 σοι.
1544 2919 1603 2973 '0
1627 2915 1721 2975 οὖν
1753 2921 1906 2976 Ἐπι-

334 3000 526 3065 ςάνιος
556 2997 1067 3085 εἷπενσῷβιωάννῃ
1122 3010 1261 3080 μετᾷ
1300 3012 1561 3082 ἡσυχίας·
1610 3009 1778 3069 Εἶπόν
1802 3031 1905 3081 σοι,

334 3088 543 3160 Πάτερ,
577 3092 966 3149 ὄτι.ἀποδώσω
999 3115 1100 3151 σοι.
1166 3100 1224 3154 Ὁ
1282 3097 1375 3157 οὖν
1429 3102 1685 3175 Ἰωάννης
1734 3104 1907 3176 θυμοῦ

335 3178 537 3232 πολλοῦ
598 3182 857 3254 πλησθεὶς
905 3187 1196 3243 ἐπελάϐετο
1239 3192 1331 3245 καὶ
1362 3194 1662 3267 ἐκράτησεν
1703 3199 1800 3269 τῆς
1826 3199 1907 3252 δι-

335 3269 553 3335 πλοΐδος
575 3274 913 3344 Ἐπιφανίου,
942 3281 1243 3350 συσφίγξας
1296 3286 1457 3339 αὑτὸν
1503 3289 1560 3341 ἐν
1595 3291 1730 3361 αὐτῇ
1751 3329 1766 3354 ,
1817 3293 1937 3354 καὶ,

334 3361 661 3454 λέγεις-δρὸς
690 3367 852 3454 αύτόν
872 3385 885 3398 ·
918 3372 1031 3424 Οὐκ
1063 3372 1278 3449 ὲξέυρχῃ,
1302 3377 1360 3429 οὐ
1390 3376 1617 3451 καθέζῃ,
1638 3381 1736 3434 οὐκ
1766 3383 1913 3454 εἰρη-

337 3453 543 3545 νεύεῌις,⁸
573 3456 676 3545 ἕως
699 3453 760 3513 οὗ
793 3460 886 3513 τὸν
933 3461 1171 3543 ἄργυρον
1223 3466 1348 3536 δῷς,
1401 3468 1462 3523 ὃν
1512 3471 1727 3541 ἐχρήσω
1780 3453 1912 3545 παρ’

338 3540 501 3609 ἐμοῦ,
529 3543 750 3598 ὲπι-θέτα
804 3540 1119 3619 Ἐπιφάνιεο
1173 3554 1369 3619 ἀπόδος
1398 3559 1464 3628 τῇ
1507 3540 1804 3630 Ἐκκλησία
1846 3540 1915 3617 τά

337 3635 443 3729 τῇς
469 3634 812 3729 Ἐκκλησίας.
848 3640 1144 3729 Ἑπὶλπᾶσι
1180 3644 1238 3698 δὲ
1262 3645 1473 3712 τούτοις
1516 3649 1615 3702 οὐκ
1643 3651 1914 3729 ἐταράχθη

343 3723 697 3793 Ἐπιφάνιος,
744 3730 858 3784 ἀλλ’
894 3728 965 3802 ἦν
1018 3737 1051 3805 ή
1108 3735 1245 3808 αὐτὴ
1282 3740 1611 3805 κατάστασις
1650 3743 1707 3796 ὲν
1745 3723 1913 3814 αὐτῷ.

344 3815 605 3906 Ἔμεινεν
630 3818 969 3892 δὲ”Ἰωάννης
1015 3825 1107 3878 δύο
1137 3826 1295 3899 ὡρῶν
1355 3829 1630 3903 διάστημα
1679 3834 1913 3906 κρατῶν,

344 3904 441 3956 καὶ
474 3906 774 3995 ,ἐνυϐρίζων
805 3909 897 3963 τὸν
941 3912 1273 3983 Ἑπιφάνιον.
1314 3918 1584 3984 ’Ἅπαντες
1621 3904 1920 3995 δὲοίπαρ-

342 3994 581 4060 εστῶτες
606 3999 996 4072 ἐρῤᾳθύμησαν
1017 4005 1123 4058 ἀπὸ
1150 4007 1242 4060 τοῦ
1269 4008 1535 4074 ἵστασθαι,
1571 4014 1666 4066 καὶ
1703 4015 1919 4076 ἀκούειν

342 4084 457 4136 τῶν
483 4085 941 4160 σκληρῶν.λόγων
974 4094 1067 4146 τοῦ
1097 4096 1361 4153 Ἰωάννου.
1410 4099 1465 4153 '0
1488 4098 1580 4154 οὖν
1604 4101 1921 4172 Ἐπιφάνιος

348 4176 520 4246 μηδὲν
539 4180 883 4253 ἀδημονήσας
900 4186 1232 4258 ἐνεφύσησεν
1254 4192 1333 4254 είς
1359 4192 1419 4244 τὸ
1445 4194 1732 4262 πρόσωπον
1748 4198 1923 4255 Ἰωάν-

345 4284 465 4330 νου,
500 4270 593 4322 καὶ
620 4275 955 4346 παραχρῆμα
985 4278 1287 4352 ἐτυφλώθη,
1305 4282 1398 4334 καὶ
1425 4283 1586 4351 φόϐος
1610 4283 1804 4339 ἔπεσεν
1830 4289 1923 4342 ἐπὶ

347 4360 560 4423 πάντας
620 4365 744 4429 τοὺς
800 4368 1177 4439 παρεστῶτας.
1221 4372 1280 4426 ’0
1310 4369 1401 4427 οὖν
1430 4375 1681 4448 Ἰωάννης
1731 4378 1924 4435 ἔπεσεν

346 4452 447 4503 ἐπὶ
512 4452 804 4525 πρόσωπον
861 4459 1208 4531 Ἐπιφανίου,
1257 4464 1405 4530 ὅπως
1433 4465 1654 4540 εὔξηται
1682 4470 1768 4523 ἵνα
1796 4472 1921 4526 ἀνα-

2006 2006 2376 2083 vendiditque,
2406 2020 2543 2060 auro
2569 2005 2639 2061 ab
2683 2020 2750 2061 eo
2777 2014 3021 2074 accepto,
3049 2004 3192 2074 quod
3223 2014 3380 2057 nocte
3411 2011 3464 2057 et
3493 2003 3579 2057 die

2009 2098 2288 2154 distribuit
2312 2098 2621 2169 egentibus.
2648 2097 2956 2167 lnterjcetis
2981 2104 3161 2150 autem
3210 2096 3418 2164 aliquot
3460 2095 3577 2149 die--

2010 2190 2132 2256 bus,
2154 2189 2288 2244 dixit
2321 2188 2561 2247 J’nannes
2614 2187 2917 2259 Epiphanio
2951 2207 2963 2242 :
2998 2186 3180 2242 Redde
3232 2186 3363 2241 mihi
3398 2200 3576 2240 meum

2010 2292 2319 2351 argentum,
2351 2280 2496 2351 quod
2538 2280 2632 2336 tibi
2660 2280 2727 2335 ad
2787 2295 2943 2334 usum
3010 2279 3374 2334 commodavi.
3434 2276 3581 2331 Dixit

2009 2371 2207 2427 Joanni
2239 2370 2574 2442 Epiphanius
2615 2386 2632 2425 :
2667 2369 2990 2425 Patientiam
3027 2370 3082 2423 in
3121 2384 3210 2424 me
3234 2368 3391 2434 habe,
3419 2382 3453 2423 ο
3479 2366 3580 2422 Pa.

2012 2473 2111 2518 ter.
2143 2460 2282 2517 Sunt
2310 2463 2455 2517 enim
2486 2463 2679 2527 adhuc,
2716 2476 2856 2532 quos
2889 2461 3032 2516 alam
3055 2500 3070 2526 ,
3127 2467 3181 2515 et
3234 2459 3417 2514 omnia
3461 2458 3579 2513 red-

2013 2553 2159 2608 dam.
2197 2552 2333 2608 Cum
2359 2569 2488 2624 ergo
2514 2554 2631 2609 dies
2661 2553 2868 2625 aliquot
2897 2567 3090 2608 rursus
3120 2549 3580 2614 intercessissent,

2014 2644 2150 2697 dixit
2180 2641 2419 2699 Joannes
2454 2643 2780 2714 Epiphanio,
2815 2659 2938 2700 cum
2987 2658 3234 2699 essemus
3260 2643 3314 2697 in
3362 2642 3582 2711 templo,

2015 2736 2104 2790 ubi
2157 2737 2453 2806 repositum
2499 2747 2583 2793 est
2614 2737 2823 2807 lignum
2867 2736 3139 2791 salutare:
3175 2733 3295 2790 Jam
3312 2734 3427 2790 dixi
3466 2733 3583 2798 tibi,

2014 2825 2197 2882 Redde
2219 2828 2363 2882 mihi.
2380 2835 2684 2897 argentum,
2707 2826 2851 2897 quod
2882 2826 2978 2881 tibi
3011 2824 3435 2881 accommodavi.
3457 2821 3587 2892 Ερίο

2015 2918 2248 2987 phanius
2276 2929 2456 2973 autem
2490 2918 2681 2972 leniter
2711 2926 2765 2972 et
2791 2917 2995 2986 placide
3016 2915 3151 2971 dixit
3183 2914 3379 2970 Joauni
3406 2930 3419 2966 :
3466 2913 3585 2968 Dixi

2012 3010 2133 3075 tibi,
2170 3007 2349 3072 Pater,
2384 3025 2470 3064 me
2492 3024 2613 3065 esse
2642 3010 2999 3078 redditurum.
3055 3006 3291 3063 Joannes
3334 3020 3461 3060 vero
3508 3005 3587 3058 ira

2014 3101 2207 3170 plenus
2241 3099 2614 3169 apprehendit,
2662 3108 2716 3154 ct
2765 3098 3246 3169 tenuitdiploidem
3276 3096 3587 3168 Epiphanii,

2017 3197 2193 3265 ipsum
2225 3196 2279 3249 in
2303 3211 2363 3250 ea
2394 3195 2796 3265 constringens,
2831 3193 2991 3264 eique
3022 3194 3161 3251 dixit
3187 3209 3198 3243 :
3245 3191 3364 3246 Non
3390 3190 3584 3252 exibis,

2018 3287 2392 3350 nonsedebis,
2438 3303 2541 3343 nan
2581 3302 2708 3356 ages
2744 3286 2795 3339 in
2857 3300 3010 3356 pace,
3064 3285 3238 3341 donec
3284 3282 3586 3338 reddideris

2018 3385 2323 3447 argentum,
2358 3375 2624 3446 impostor
2657 3374 2942 3446 Epiphani.
3001 3375 3077 3429 Da
3104 3380 3409 3445 argentum,
3440 3371 3587 3444 quod

2019 3482 2051 3521 a
2079 3482 2164 3521 me
2194 3467 2449 3538 accepisti
2476 3467 2864 3533 commodato;
2926 3466 3182 3522 Ecclesia:
3238 3464 3422 3534 redde,
3471 3478 3592 3535 qum

2021 3569 2150 3616 sunt
2204 3558 2477 3616 Ecclesiae.
2527 3560 2862 3631 Epiphanius
2911 3571 3188 3631 vero-post
3245 3562 3360 3615 haec
3411 3560 3590 3615 omnia

2021 3654 2376 3709 conturbatus
2404 3667 2511 3707 non
2541 3651 2663 3719 fuit,
2686 3653 2794 3725 sed
2826 3661 2947 3709 erat
2997 3652 3138 3707 idem
3192 3652 3246 3707 in
3282 3666 3349 3707 eo
3395 3658 3590 3707 status.

2023 3745 2220 3800 Mansit
2251 3755 2432 3801 autem
2463 3744 2702 3801 Joannes
2726 3747 2902 3815 spatio
2937 3745 3168 3800 duarum
3205 3745 3465 3799 horarum
3517 3751 3595 3798 te-

2023 3851 2160 3893 nens
2186 3845 2241 3893 et
2269 3838 2461 3907 injuria
2482 3837 2721 3893 aﬂiciens
2743 3837 3131 3907 Epiphaniam.
3157 3837 3440 3907 Quotquot
3466 3849 3595 3890 vero

2025 3928 2272 3992 aderant,
2297 3930 2517 3984 tristitia
2549 3939 2678 3986 sunt
2705 3929 2906 3995 ali‘ecti,
2941 3944 3005 3984 eo
3036 3929 3183 3998 quod
3224 3929 3497 3990 adessent,
3542 3935 3596 3981 et

2025 4017 2275 4074 audirent
2320 4035 2511 4088 aspera
2546 4018 2705 4074 verba
2756 4017 3007 4073 Joannis.
3050 4017 3385 4088 Epiphanius
3412 4025 3591 4070 autem

2028 4109 2160 4162 nihil
2183 4120 2523 4173 commotus,
2554 4108 2771 4179 exspuit
2803 4107 3019 4177 in~ejus
3046 4108 3260 4174 faciem,
3310 4114 3363 4161 et
3412 4107 3595 4163 statim

2028 4200 2128 4256 fuit
2154 4210 2477 4257 excaecatus.
2512 4199 2829 4270 Ceciditque
2859 4209 3227 4269 metussuper
3255 4194 3466 4267 amnes,
3502 4199 3594 4269 qui

2030 4292 2271 4349 aderant.
2304 4289 2543 4345 Joannes
2566 4304 2696 4344 vero
2723 4302 2930 4358 pronus
2956 4287 3153 4344 cecidit
3179 4286 3245 4342 ad
3280 4285 3450 4357 pedes
3474 4286 3597 4356 Epi-

2031 4381 2240 4452 phanii,
2270 4397 2455 4444 orans,
2484 4390 2543 4435 ut
2573 4381 2751 4436 viSum
2786 4378 3071 4449 reciperet.
3096 4377 3175 4433 Eo
3201 4388 3381 4433 autem
3411 4378 3598 4433 dicen-

2031 4480 2126 4528 te:
2160 4472 2326 4539 Vade,
2356 4482 2411 4527 et
2457 4487 2669 4527 crucem
2716 4471 2881 4526 adora
2905 4469 3294 4534 venerandam,
3347 4483 3520 4538 eaque
3546 4468 3598 4521 id

348 4543 545 4613 ϐλέψῃ.
576 4545 682 4650 Ἰὶοῢ
794 4549 1071 4619 λέγοντος·
1100 4555 1357 4620 Ἀπελθε,
1392 4560 1544 4630 φησὶ,
1570 4562 1661 4615 καὶ
1684 4564 1906 4635 προσκύ·

2032 4564 2125 4617 tibi
2152 4563 2410 4632 praebebit
2427 4580 2442 4629 ;
2460 4562 2844 4631 perseverabat
2858 4561 2975 4631 ipse
2991 4558 3598 4631 rogansEpiphanium.
3667 4570 3670 4574 λ

347 4651 516 4705 νησον
562 4636 655 4689 τὸν
685 4638 863 4709 τίμιον
909 4645 1173 4717 σταυρὸν,
1234 4648 1330 4700 καὶ
1365 4651 1590 4722 παρέξει
1623 4670 1703 4706 σοι
1733 4655 1923 4710 τοῦτο’

346 4726 513 4790 αὐτὸς
538 4728 803 4797 ἐπέμενεν
830 4732 1080 4803 δεόμενος
1110 4737 1449 4807 Ἐπιφανίου.
1493 4741 1550 4795 Ὁ
1588 4742 1645 4795 δὲ
1694 4746 1927 4816 Ἐπιφά-

347 4838 465 4884 νιος
491 4822 707 4891 διδάξας
728 4825 937 4891 τοῦτον,
977 4826 1245 4899 ἐπέθηκεν
1279 4830 1428 4904 αὑτῷ
1459 4831 1557 4903 τὴν
1610 4837 1786 4907 χεῖρα,
1830 4839 1927 4892 καὶ

347 4914 600 4987 ὴνεῴχθη
650 4916 867 4973 αύτοῢό
915 4918 1083 4984 δεξιὸς
1108 4920 1403 4992 ὀφθαλμός.
1451 4924 1508 4978 'U
1551 4922 1644 4980 οὖν
1677 4929 1930 5001 Ἰωάννης

349 5009 769 5079 παρεκάλεικαὶ
792 5011 939 5086 ὑπὲρ,
957 5012 1051 5066 τοῦ
1084 5014 1396 5085 ἀριστεροῦ.
1431 5011 1598 5071 Εἷπεν
1620 5018 1677 5071 δὲ
1701 5021 1931 5091 Ἐπιφά-

348 5116 468 5161 νιος
501 5101 641 5171 πρὸς
669 5102 924 5173 Ἰωάννην
950 5120 962 5135 ·
993 5104 1106 5158 Οὐκ
1158 5105 1288 5177 ἐμὸν
1307 5148 1320 5168 ,
1348 5108 1502 5177 φησὶ,
1552 5109 1760 5176 τέκνον,
1814 5114 1930 5168 ἔστι

345 5191 532 5246 τοῦτο.
578 5192 636 5246 '0
667 5192 775 5264 γὰρ
802 5193 934 5257 Θεὸς
956 5193 1217 5261 ἔκλεισεν,
1250 5198 1280 5250 ὁ
1307 5197 1439 5261 Θεὸς
1455 5200 1686 5271 ήνέῳξεν
1705 5221 1719 5235 ·
1746 5205 1931 5277 ἐποίη-

2033 4656 2370 4727 Epiphanius
2396 4670 2524 4710 vero
2550 4669 2674 4709 cum
2698 4669 2824 4709 eum
2845 4653 3142 4720 docuisset,
3176 4668 3395 4708 manum
3423 4652 3471 4706 ei
3498 4652 3598 4705 im-

2033 4749 2235 4818 posuit,
2266 4755 2320 4801 et
2375 4753 2617 4815 apertus.
2646 4744 2747 4799 fuit
2791 4744 2981 4800 dexter
3003 4743 3123 4814 ejus
3171 4742 3382 4798 oculus.
3416 4740 3597 4795 Orarit

2035 4853 2215 4895 autem
2246 4838 2483 4893 Joannes
2501 4837 2663 4892 etiam
2687 4852 2786 4907 pro
2809 4837 3055 4893 sinistro.
3081 4834 3333 4905 Dixitque
3363 4833 3594 4903 Epipha-

2036 4934 2162 4988 nius
2184 4931 2377 4986 Joanni
2412 4950 2425 4985 :
2457 4928 2576 4984 Non
2608 4939 2692 4985 est
2718 4945 2921 4994 meum,
2962 4945 2995 4983 ο
3023 4928 3120 4984 ﬁli.
3160 4926 3305 4983 Deus
3340 4926 3483 4981 enim
3508 4940 3594 4982 oc-

2035 5025 2217 5090 clusit,
2252 5024 2394 5078 Deus
2419 5023 2675 5093 aperuit;
2713 5021 2859 5086 fecit,
2886 5031 2946 5075 ut
2978 5018 3166 5084 voluit,
3194 5026 3253 5072 ut
3287 5018 3460 5073 simus
3489 5030 3597 5072 rno-

2035 5117 2193 5171 desti.
2230 5113 2468 5169 Joannes
2498 5123 2678 5167 autem
2713 5111 3007 5179 castigatus
3032 5118 3087 5164 et
3122 5107 3405 5163 convictus
3431 5123 3462 5162 a
3489 5105 3604 5159 viro

2033 5214 2201 5282 justo,
2232 5206 2332 5260 fuit
2360 5214 2580 5260 sanctus
2615 5204 2667 5257 in
2708 5202 2984 5258 omnibus.

354 5299 448 5338 σεν
470 5284 547 5348 ὡς
580 5284 862 5355 ἠθέλησεν,
890 5284 1038 5351 ὅπως
1093 5289 1566 5369 σωφρονισθῶμεν.
1627 5294 1683 5347 Ὀ
1731 5295 1786 5348 δὲ
1825 5300 2077 5373 Ἰωάννης
2130 5298 2437 5360 παιδευθεὶς
2488 5296 2585 5348 καὶ
2627 5291 2904 5362 ἐλεγχθεὶς
2950 5290 3056 5344 ὑπὸ
3101 5289 3328 5356 δικαίου,
3392 5288 3613 5359 ἐγένετο

353 5377 502 5440 ὅσιος
537 5378 595 5429 ὲν
622 5378 805 5431 πᾶσιν.

422 5469 577 5535 Μετ’.
615 5468 1013 5540 Ἐξερχομένων
1033 5467 1089 5521 δὲ
1115 5468 1274 5540 ἡμῶν
1305 5471 1405 5542 τὴν
1431 5473 1585 5529 πόλιν
1609 5514 1624 5541 ,
1659 5476 1753 5530 τοῦ
1799 5480 1934 5534 ἀπο-

272 5560 279 5563 ’
354 5558 589 5612 πλεῦσαι
634 5559 783 5629 ἡμᾶς
834 5558 893 5611 ὲν
941 5557 1173 5629 Κύπρῳ,
1234 5559 1327 5614 δύο
1366 5563 1662 5631 ἐμπαῖκται
1706 5564 1934 5639 ἧσανὲν

352 5645 530 5717 τόπῳ.
546 5649 667 5725 :l'nii
688 5649 1086 5725 6s_:Emtp_atvtou
1108 5651 1447 5725 παράγοντος
1462 5655 1552 5708 τὸν
1567 5659 1750 5725 τόπον,
1781 5656 1935 5712 εἶπεν

2108 5476 2293 5531 XLVI.
2318 5472 2484 5529 Nobis
2498 5514 2503 5520 .
2517 5487 2643 5526 vero
2664 5469 2955 5539 aliquando
2971 5469 3299 5525 exeuntibus
3319 5481 3350 5523 e
3369 5466 3579 5522 civitate
3593 5502 3609 5527 ,

2039 5579 2097 5625 ut
2128 5569 2506 5637 navigaremus
2542 5564 2593 5617 in
2627 5561 2890 5633 Cyprum,
2922 5562 3080 5616 erant
3135 5560 3245 5615 duo
3271 5559 3521 5613 illusores
3556 5555 3618 5605 in

2038 5659 2268 5713 eoloro.
2298 5655 2435 5708 Cum
2466 5662 2645 5706 autem
2698 5667 2793 5719 per
2847 5652 3029 5719 locum
3071 5648 3327 5703 transiret
3377 5645 3606 5717 Epipha-

432 5725 510 5787 (α)
543 5720 707 5785 Τοὺς.
743 5718 906 5775 Forte
939 5718 1223 5793 legendum
1252 5724 1455 5788 αὐτοῖς,
1479 5737 1536 5780 ιιι
1569 5718 1767 5785 sensus
1812 5739 1881 5785 sit

2019 5740 2034 5782 ι
2062 5729 2303 5782 ministra
2328 5724 2435 5779 illis
2468 5724 2520 5776 in
2551 5723 2793 5793 prandio.
2827 5720 2982 5775 Ευιτ.
3012 5718 3253 5775 Parnm"
