3842 6130
315 392 385 446 85
1618 396 1676 451 s.
1722 388 2072 448 EPIPIIANII
2111 391 2292 448 τινι-Α.
3526 392 3599 452 at
3654 378 3657 387 '

323 515 465 581 nius,
520 514 570 569 ei
599 513 735 569 dixit
766 529 909 570 unus
936 528 1003 569 ex
1040 514 1293 569 duobus:
1329 515 1526 569 Sancte
1564 522 1746 584 pater,
1787 530 1817 567 ν
1844 529 1887 568 ει

2009 513 2147 584 πρὸς
2200 512 2360 567 αὐτὸν
2404 512 2432 565 ό
2464 507 2570 576 εἷς·
2604 512 2781 579 Ὃσιε,
2842 514 3014 584 φησὶ,
3070 511 3252 586 Πάτερ
3285 516 3596 588 Ἐπιφάνιε,

321 614 619 671 mortuum,
648 617 703 662 et
752 621 918 676 super
949 622 1074 662 eum
1109 606 1273 678 injice
1323 614 1716 678 legumentum.
1762 604 1899 659 Cum

318 697 433 752 hmc
465 711 599 770 ergo
624 698 894 754 audiisset
916 697 1274 770 Epiphanius,
1318 700 1464 754 stetit
1504 699 1568 753 ad
1612 698 1899 761 orientem,

314 804 415 858 pro
459 803 680 845 mortuo
733 790 969 847 offerens
1003 792 1331 847 orationem.
1390 790 1639 860 Cumque
1695 780 1754 845 se
1800 805 1902 843 suo

313 879 560 935 exuisset
589 882 930 947 indumento,
984 883 1214 955 projecit
1266 882 1333 937 ad
1390 880 1725 936 induendum
1757 895 1901 933 mor-

317 978 493 1025 tuum.
526 970 633 1028 Iter
666 984 845 1030 autent
877 973 1108 1031 faciente
1139 974 1464 1047 Epiphanio,
1491 976 1537 1032 is
1560 976 1657 1045 qui
1679 990 1741 1030 ea
1777 989 1899 1027 ver-

317 1062 383 1115 ba
434 1062 645 1119 dixerat
672 1106 688 1133 ,
747 1065 885 1121 dixit
913 1067 985 1133 ei,
1015 1067 1107 1138 qui
1139 1083 1197 1123 se
1228 1077 1506 1124 mortuum
1556 1065 1849 1122 simulabat
1881 1080 1895 1116 :

317 1152 510 1227 Surge,
546 1160 807 1228 praeteriit
840 1161 923 1215 vir
952 1161 1106 1217 rudis
1141 1172 1196 1218 et
1229 1162 1502 1217 indoctus.
1539 1159 1676 1215 Cum
1716 1159 1764 1212 is
1797 1148 1898 1211 an-

315 1256 422 1304 tem
451 1266 560 1305 non
579 1254 954 1323 responderet,
973 1270 1165 1311 rursus
1179 1271 1303 1311 eum
1327 1254 1574 1309 vocabat.
1601 1251 1897 1323 Postquam

316 1356 458 1398 vero'
477 1345 861 1403 animadvertit
886 1363 1010 1403 eum
1064 1363 1187 1404 esse
1236 1356 1537 1409 mortuum,
1596 1342 1729 1399 dicit
1754 1338 1899 1410 apud

315 1437 694 1503 se;Curram,
744 1449 798 1495 et
860 1442 1061 1514 hospiti
1106 1458 1283 1498 meam
1314 1441 1491 1497 dicam
1523 1438 1783 1525 ‘culpam,
1842 1439 1902 1486 ut

190 1572 200 1583 ,
313 1538 439 1579 eum
483 1528 701 1583 excitet.
736 1529 838 1597 Qui
873 1547 974 1588 nos
1010 1542 1320 1596 assecutus,
1360 1532 1412 1586 in
1439 1523 1639 1585 terram
1680 1523 1896 1585 cecidit,

314 1631 515 1687 rogans
545 1618 935 1691 Epiphanium,
969 1634 1024 1680 et
1047 1627 1097 1681 ei
1123 1620 1313 1680 dicens
1338 1624 1505 1679 verba
1532 1617 1846 1691 huiusmodi
1882 1633 1902 1669 ι

315 1709 490 1784 Rogo,
528 1722 582 1767 et
614 1715 862 1785 supplico
915 1725 1025 1772 tua;
1068 1718 1385 1788 paternitati
1419 1733 1432 1768 :
1470 1714 1552 1770 fer
1586 1727 1742 1783 opem
1767 1749 1782 1775 ν
1842 1715 1897 1760 θῑ

313 1816 475 1867 parce
496 1813 698 1860 nostrae
727 1806 1075 1876 insipientize.
1104 1808 1335 1874 Quando
1361 1807 1506 1864 enim
1535 1815 1586 1860 te
1614 1816 1735 1859 sum
1761 1798 1899 1853 allo-

2010 599 2303 669 ὲπίσκεψαι
2331 599 2423 653 τὸν
2459 601 2672 672 νεκρὸν,
2709 602 2801 656 καὶ
2846 602 2905 655 τὸ
2937 602 3201 676 κάλυμμα
3252 605 3408 676 ρίψον
3466 608 3601 680 πρὸς

2008 686 2215 742 τοῦτον.
2261 689 2320 743 ’0
2345 684 2438 743 οῦν
2468 689 2789 759 Ἐπιφάνιος
2819 690 3060 755 ἀκούσας
3086 691 3281 755 ταῦτα,
3312 693 3441 765 ἔστη
3465 694 3598 764 πρὸς

2008 780 2271 845 ἀνατολὰς
2298 780 2439 853 ὑπὲρ
2464 781 2659 853 νεκροῦ
2693 780 2789 854 τὴν
2810 782 2994 855 δέησιν
3024 784 3381 856 προσφέρων·
3416 787 3512 838 καὶ
3536 786 3599 856 δὴ

2006 870 2415 942 ἀποδυσάμενος
2455 873 2547 925 τὸν
2602 872 2921 944 ἐπενδύτην,
2977 873 3200 946 έρριψεν
3226 875 3363 944 πρὸς
3389 875 3602 929 ἔνδυσιν

2006 962 2101 1017 τοῦ
2127 962 2440 1028 τεθνεῶτος.
2473 963 2579 1018 τοῦ
2608 952 2667 1019 δὲ
2690 954 3012 1036 Ἐπιφανίου
3039 966 3138 1039 τὴν
3164 969 3390 1040 πορείαν
3415 986 3590 1022 ποιου-

2009 1056 2195 1128 μένου,
2229 1059 2393 1129 φησιν
2420 1061 2447 1112 ὁ
2475 1059 2603 1123 τοὺς
2630 1041 2821 1127 λόγους
2860 1059 3102 1133 λαλήσας
3139 1061 3278 1133 πρὸς
3318 1061 3410 1114 τὸν
3462 1061 3592 1115 πλα-

2010 1147 2203 1203 σθέντα
2237 1150 2327 1204 τὺν
2352 1149 2582 1205 θάνατον
2604 1170 2615 1184 ι
2638 1153 2895 1219 Ἀνάστα,
2923 1153 3111 1224 φησὶν,
3139 1152 3543 1225 ἀντιπαρῆλθεν
3571 1156 3599 1208 ὁ

2011 1241 2247 1314 ἰδιώτης.
2277 1242 2385 1297 Τοῦ
2417 1243 2475 1298 δὲ
2502 1244 2798 1312 ἀπόκρισιν
2830 1245 2909 1319 μὴ
2930 1246 3205 1311 διδόντος,
3237 1245 3400 1300 πάλιν
3429 1263 3599 1317 προσ-

2007 1333 2274 1391 εκαλεῖτο.
2347 1332 2430 1400 Ὠς
2483 1334 2540 1389 δὲ
2578 1339 2886 1408 προσέσχεν
2945 1334 3136 1390 τοῦτον
3180 1336 3395 1408 νεκρὸν,
3434 1335 3601 1407 φησὶν

2009 1425 2145 1496 πρὸς
2173 1426 2362 1480 ἑαυτόν
2387 1444 2399 1457 ⁸
2427 1428 2653 1500 Δράμω,
2716 1426 2813 1482 καὶ
2858 1429 3183 1500 ἀπαγγείλω
3211 1428 3289 1500 τῷ
3335 1428 3472 1500 ξένῳ
3502 1427 3602 1501 τὴν

2006 1516 2206 1582 αἰτίαν,
2259 1517 2415 1586 ὅπως
2456 1518 2650 1573 τοῦτον
2682 1520 2998 1593 ἀναστήσει.
3047 1520 3105 1574 '0
3158 1520 3217 1574 δὲ
3256 1519 3603 1585 καταδιώξας

2009 1608 2187 1663 ὀπίσω
2208 1608 2387 1680 ἡμῶν,
2424 1609 2619 1663 ἔπεσεν
2654 1610 2747 1664 ἐπὶ
2793 1611 2891 1683 τὴν
2921 1613 3027 1683 γῆν
3078 1611 3335 1683 δεόμενος
3369 1611 3605 1679 Ἐπιφα-

2007 1699 2142 1767 νίου,
2172 1700 2345 1770 λέγων
2365 1719 2378 1732 ·
2404 1701 2606 1773 Δέομαι
2634 1703 2728 1755 καὶ
2763 1703 2992 1757 ἱκετεύω
3029 1703 3128 1775 τὴν
3175 1702 3273 1775 σὴν
3308 1704 3603 1775 πατρωσύ-

2005 1808 2124 1862 νην,
2152 1789 2438 1862 βοήθησον,
2467 1793 2561 1845 καὶ
2588 1795 2772 1861 φεῖσαι
2793 1795 2890 1864 τῆς
2918 1793 3074 1865 ἡμῶν
3104 1794 3438 1866 ἀφροσύνης.
3475 1794 3605 1848 Ὅτε

311 1900 475 1948 cutus
489 1893 712 1951 dicens:
736 1896 907 1952 Indue
931 1907 1232 1965 mortuum,
1257 1900 1377 1969 ejus
1400 1913 1673 1955 consensu
1690 1912 1809 1952 sunt
1828 1893 1887 1946 Io

2012 1881 2121 1955 γὰρ
2148 1882 2497 1957 ἐφθεγξάμην
2524 1885 2660 1957 πρὸς
2696 1886 2755 1939 σὲ
2784 1886 2959 1955 λέγων
2979 1927 2993 1952 ,
3027 1885 3351 1941 Ἐπένδυσον
3391 1886 3484 1940 τὸν
3515 1904 3599 1955 τε·

309 1993 474 2041 cutns
505 2002 519 2039 :
576 2002 814 2059 eumque
842 1998 901 2044 tu
933 2004 1041 2045 non
1074 1990 1234 2063 longe
1268 1990 1647 2061 prteteriisses,
1693 1988 1898 2045 allocu-

309 2088 398 2134 tus
421 2096 543 2135 sum
577 2096 755 2136 meum
785 2082 1048 2147 amicum,
1086 2092 1140 2138 et
1176 2084 1230 2137 in
1266 2099 1332 2139 eo
1364 2099 1471 2139 non
1506 2092 1629 2139 erat
1651 2096 1899 2145 vox,nee

306 2172 551 2227 auditus.
589 2172 694 2227 Sed
744 2189 867 2245 age,
895 2175 1094 2247 inquit,
1127 2172 1290 2231 Pater
1311 2217 1329 2243 ,
1352 2176 1558 2233 suscita
1589 2184 1893 2237 mortuum,

304 2272 360 2319 ct
387 2279 553 2335 quam
584 2274 694 2320 ate
716 2268 1034 2338 accepimus
1067 2269 1331 2335 tunicam,
1363 2286 1484 2343 eam
1517 2270 1724 2339 accipe.
1754 2268 1896 2321 Dixit

305 2363 488 2410 autem
527 2354 869 2426 Epiphanius
902 2358 977 2423 ei,
1025 2359 1118 2430 qui
1168 2359 1539 2429 loquebatur:
1579 2356 1763 2421 Vade,
1794 2356 1892 2421 ﬁli,

303 2456 359 2503 et
384 2447 551 2517 sepeli
589 2463 737 2504 eum.
767 2448 1013 2506 Primum
1049 2451 1195 2507 enim
1228 2460 1313 2508 est
1351 2460 1624 2515 mortuus,
1658 2456 1711 2504 et
1766 2458 1896 2504 tuttc

305 2540 417 2611 ipsi.
468 2541 675 2611 petiisti
730 2542 1139 2600 indumentum.
1183 2543 1321 2599 Cum
1356 2553 1537 2599 autem
1572 2557 1770 2598 rursus
1802 2557 1895 2595 ve-

306 2633 588 2690 nissemus
616 2632 947 2701 Caesaream,
976 2636 1031 2691 in
1056 2635 1295 2708 Cyprum
1326 2636 1723 2707 navigavimus.
1756 2634 1892 2689 Fra~

306 2732 418 2780 tres
455 2739 584 2781 vero
616 2740 720 2783 nos
748 2739 872 2795 cum
900 2741 1100 2798 magno
1129 2726 1332 2799 gaudio
1359 2736 1712 2798 exceperunt.

370 2987 581 3045 XLVII.
614 2991 741 3047 Erat
775 3002 956 3046 autem
992 2991 1215 3062 quidam
1251 2993 1597 3063 Icgisperitns
1645 2992 1888 3062 Jndzeus,

304 3084 454 3137 Isaae
482 3086 726 3151 nomine,
755 3085 838 3139 vir
874 3086 1017 3155 pius,
1045 3095 1098 3141 et
1131 3087 1221 3157 qui
1273 3097 1528 3142 accurate
1555 3087 1726 3158 legem
1773 3104 1892 3144 ser-

301 3177 463 3231 nbat
492 3177 811 3232 Mosaicam.
838 3179 886 3234 ls
917 3194 1041 3233 enm
1066 3190 1308 3235 sectatus
1329 3190 1475 3236 esset
1500 3180 1887 3250 Epiphanium,

301 3279 356 3326 et
380 3272 653 3325 catcchesi
692 3270 885 3325 fuisset
935 3272 1241 3337 institutus,
1294 3282 1379 3329 est
1411 3274 1481 3328 ab
1511 3289 1576 3327 eo
1610 3272 1889 3328 illumina-

301 3376 411 3420 ωε.
449 3365 681 3425 Eminus
707 3374 886 3419 autem
915 3375 1026 3421 tres
1052 3365 1199 3420 domi
1235 3375 1541 3422 manentes.

366 3456 582 3512 XLVIII
629 3457 937 3527 Aliquando
997 3473 1129 3512 vero
1180 3473 1306 3513 cum
1364 3473 1523 3513 soror
1582 3455 1799 3509 Arcadii
1831 3465 1886 3509 et

299 3551 524 3607 Ilenorii
552 3552 943 3617 imperatorum
967 3559 1279 3619 aegrotaret,
1296 3558 1441 3605 esset
1460 3558 1641 3605 autem
1674 3547 1883 3609 Romae,

300 3642 471 3696 audiit
496 3642 564 3695 de
601 3639 925 3711 Epiphanio,
980 3641 1125 3710 quod
1157 3640 1304 3696 Deus
1339 3656 1437 3711 per
1483 3655 1608 3694 eum
1667 3649 1887 3696 sanaret

300 3744 553 3808 aegrotus.
587 3734 819 3804 Ea.ergo
848 3734 997 3789 misit
1034 3735 1087 3788 in
1116 3734 1379 3806 Cyprum,
1406 3734 1499 3804 qui
1533 3732 1765 3788 Romam
1787 3734 1884 3788 ad-

297 3830 563 3885 ducerent
608 3828 994 3898 Epipltanium.
1048 3828 1152 3895 Qui
1211 3838 1394 3883 autem
1452 3828 1607 3884 missi
1645 3828 1881 3891 fuerant,

298 3938 424 3978 cum
471 3923 524 3976 in
565 3923 803 3995 Cyprum
849 3922 1249 3992 pervenissent,
1282 3921 1646 3977 ostenderunt
1671 3921 1883 3976 litteras

299 4014 628 4085 Epiphanio.
698 4013 827 4069 Erat
869 4030 999 4070 vero
1027 4014 1251 4085 quidam
1310 4014 1531 4084 gentilis
1568 4015 1651 4068 vir
1705 4013 1880 4078 dives,

300 4107 497 4177 linguae
526 4107 819 4160 admodum
855 4106 1148 4174 impeditae,
1203 4106 1424 4160 nomine
1467 4105 1879 4162 Faustinianus.

300 4197 348 4253 Is
380 4205 673 4265 exceperat-
701 4197 849 4250 viros
874 4198 1075 4254 missos
1108 4197 1173 4273 ad
1214 4195 1579 4267 Epiphanium
1608 4236 1624 4260 ,
1664 4195 1760 4264 qui
1786 4196 1882 4250 ad-

295 4289 623 4345 versabatur
650 4288 941 4343 admodum
997 4289 1095 4343 illi.
1127 4288 1223 4345 Ilis
1267 4296 1451 4344 autem
1485 4288 1699 4344 dicebat
1734 4286 1879 4342 Fau-

268 4394 273 4399 ‘
298 4382 606 4437 stinianus:
634 4378 776 4445 Quid
796 4378 926 4434 huic
944 4379 1251 4449 impostori,
1271 4388 1529 4449 tanquam
1564 4379 1696 4443 Deo,
1725 4379 1880 4434 adhi-

297 4473 439 4530 hstis
482 4472 763 4527 animum?
812 4472 1028 4543 Frigida
1080 4471 1225 4529 enim
1293 4472 1456 4527 verba
1509 4472 1790 4542 loquitur,
1820 4480 1875 4525 et

2008 1972 2236 2041 θνεῶτα,
2269 1976 2411 2030 κατά
2442 1974 2657 2031 σύνεσιν
2683 1978 2893 2031 ἐκείνου
2943 1978 3300 2050 ἐφθεγξάμην
3352 1978 3482 2042 τοὺς
3515 1978 3604 2031 λό-

2005 2086 2157 2138 γους,
2217 2069 2313 2122 καὶ
2345 2060 2747 2143 ἀντιπαρῆλθες
2774 2060 2944 2143 ἡμᾶς,
2974 2064 3018 2124 ὣ
3060 2071 3264 2143 Πάτερ,
3316 2072 3379 2125 ού
3439 2070 3599 2135 πολὺ,

2010 2160 2165 2231 κάγὼ
2190 2160 2383 2231 λόγους
2413 2161 2653 2234 ὲλάλησα
2679 2162 2817 2234 πρὸς
2845 2163 2977 2234 ἐμὸν
3007 2165 3253 2235 ἑταῖρον·
3291 2163 3386 2217 καὶ
3400 2162 3502 2216 ούκ
3534 2160 3608 2234 ἦν

2010 2255 2182 2325 φωνὴ,
2212 2254 2308 2308 καὶ
2339 2255 2440 2309 ούκ
2460 2244 2527 2327 ἦν
2550 2254 2832 2328 ἀκρόασις.
2864 2242 3025 2313 ’Ἀλλὰ
3047 2255 3226 2328 δεῦρο,
3252 2256 3456 2326 Πάτερ,
3475 2255 3602 2309 ἀνά-

2010 2363 2211 2417 στησον
2239 2346 2331 2399 τὸν
2361 2347 2685 2419 τεθνηκότα,
2717 2347 2811 2401 καὶ
2839 2338 2929 2401 τδν
2961 2347 3189 2417 χιτῶνα,
3213 2346 3272 2400 ὃν
3298 2346 3606 2416 εἰλήφαμεν

1974 2430 1977 2435 ’
2005 2436 2159 2506 παρὰ
2191 2435 2310 2502 σοῦ,
2343 2430 2495 2492 λάϐε.
2529 2433 2702 2493 Εἶπεν
2730 2438 2785 2491 δὲ
2818 2425 3138 2505 Ἐπιφάνιος
3192 2436 3331 2510 πρὸς
3376 2437 3471 2490 τὸν
3508 2436 3602 2490 λαο

2002 2525 2199 2582 λοῦντα
2224 2547 2235 2558 ·
2274 2526 2535 2593 Ἀπελθε,
2570 2520 2779 2594 τέκνον,
2802 2528 2897 2583 καὶ
2926 2518 3097 2596 θάψον
3120 2527 3313 2581 τοῦτον
3338 2544 3352 2557 ·
3384 2526 3610 2597 πρῶτον

1998 2618 2109 2693 γὰρ
2134 2618 2428 2685 ἀπέθανεν,
2455 2619 2549 2674 καὶ
2577 2621 2695 2675 τότε
2714 2620 2921 2692 ᾔτησας
2934 2619 3023 2673 τὸν
3046 2619 3365 2691 ἐπενδύτην.
3391 2618 3601 2671 Κατελ-

2002 2711 2206 2767 θόντων
2228 2713 2283 2766 δὲ
2320 2700 2477 2785 ἡμῶν
2511 2713 2672 2768 πάλιν
2718 2715 2777 2766 ὲν
2826 2711 3136 2784 Καισαρείᾳ
3170 2709 3606 2781 ἀπεπλεύσαμεν

1999 2804 2057 2857 ὲν
2088 2803 2335 2877 Κύπρῳ,
2383 2806 2479 2859 καὶ
2529 2790 2862 2871 ἀπεδέξαντο
2912 2805 3062 2876 ἡμᾶς
3089 2805 3140 2858 oi
3191 2801 3414 2874 ἀδελφοὶ
3461 2802 3601 2875 μετά

1999 2897 2170 2967 χαρᾶς
2211 2897 2476 2967 μεγάλης.
2546 2913 2579 2932 ~

2069 2993 2201 3046 MZ'.
2235 2987 2344 3046 Ἦν
2372 2993 2429 3047 δέ
2461 3010 2543 3055 τις
2567 2992 2789 3063 νομικὸς
2816 2993 3072 3057 Ἰουδαῖος
3091 3036 3106 3059 ,
3128 2991 3320 3046 Ἰσαὰκ
3347 2993 3597 3062 ὀνόματι,

1998 3088 2139 3159 ἀνὴρ
2166 3087 2422 3156 εὐλαϐὴς,
2445 3087 2540 3139 καὶ
2568 3088 2854 3154 φυλάττων
2882 3087 2973 3141 τὸν
2996 3088 3159 3156 νόμον
3182 3085 3275 3139 τὸν
3302 3084 3600 3139 Μωσαῖκὸν

2001 3179 2137 3250 μετὰ
2186 3176 2495 3248 ἀκριϐείας.
2553 3170 2722 3241 Οὗτος
2775 3176 3204 3249 προσκολληθεὶς
3265 3175 3596 3245 Ἐπιφανίῳ,

1998 3271 2093 3325 καὶ
2122 3270 2457 3342 κατηχηθεὶς
2491 3269 2584 3324 ὑπ’
2607 3266 2796 3336 αὐτοῦ,
2835 3267 3136 3340 ἐφωτίσθη.
3171 3267 3393 3339 Ἠμεθα
3420 3262 3516 3321 οὖν
3544 3267 3597 3320 οἱ

1994 3365 2145 3436 τρεῖς
2181 3362 2437 3433 μένοντες
2467 3364 2525 3415 ἐν
2547 3362 2680 3430 οἴκῳ
2705 3362 2806 3415 ἑνί.

2064 3454 2204 3507 MH'.
2240 3452 2379 3504 Ποτὲ
2409 3446 2502 3506 οὖν
2529 3454 2563 3522 ἡ
2586 3450 2790 3522 ἀδελφὴ
2838 3450 3128 3522 Ἀρκαδίου
3183 3450 3279 3504 καὶ
3331 3447 3595 3520 ὐνωρίου

1994 3542 2103 3596 τῶν
2133 3540 2395 3612 βασιλέων
2449 3540 2621 3605 πάθος
2680 3536 3014 3612 ἐχουσα(ἧν
3069 3540 3128 3593 δὲ
3179 3538 3322 3609 αὕτη
3356 3538 3453 3591 ἐπὶ
3486 3539 3591 3607 τῆς

2005 3632 2265 3705 Ῥώμης)
2306 3634 2534 3704 ἤκουσεν
2580 3632 2710 3703 περὶ⁸
2754 3632 3078 3701 Ἐπιφανίου
3105 3670 3120 3694 ,
3154 3632 3236 3684 ὅτι
3291 3630 3591 3702 θεραπεύει

1992 3724 2022 3776 ὁ
2052 3722 2183 3786 Θεὸς
2215 3721 2282 3776 δι’
2320 3722 2484 3775 αὐτοῦ
2524 3723 2650 3785 τοὺς
2677 3721 3059 3785 ἀσθενοῦντας.
3107 3720 3254 3790 Αὕτη
3320 3714 3416 3773 οὖν
3477 3719 3591 3774 ἀπ-

1995 3813 2237 3868 έστειλεν
2268 3814 2326 3867 ὲν
2343 3816 2410 3884 τῇ
2430 3813 2719 3884 Κυπρίων,
2744 3814 2972 3883 ἀγαγεῖν
3002 3812 3321 3881 Ἐπιφάνιον
3349 3811 3445 3864 ἐπὶ
3488 3811 3591 3881 τῆς

2003 3904 2244 3976 Ῥώμης.
2270 3902 2392 3958 Τῶν
2431 3904 2489 3957 δὲ
2521 3903 2949 3975 ἀπεσταλμένων
2985 3901 3444 3973 καταντησάντων
3492 3902 3591 3954 ἐπὶ

1990 3988 2225 4062 Κύπρῳ,
2253 3990 2541 4055 ἀπέδειξαν
2566 3992 2632 4044 τὰ
2659 3991 2962 4062 γράμματα
2989 3991 3328 4060 ὲπισκοπείῳ
3357 3993 3457 4061 (α).
3478 3986 3589 4045 Ἶιν

1989 4082 2045 4136 δέ
2078 4101 2161 4147 τις
2189 4082 2329 4154 ἀνὴρ
2362 4082 2563 4154 Ἕλλην
2605 4083 2879 4146 πλούσιος,
2913 4083 3117 4155 σφόδρα
3140 4080 3450 4154 μογιλάλος,
3492 4083 3588 4134 καὶ

1989 4174 2159 4245 ὄνομα
2220 4173 2385 4227 αὑτοῦ
2436 4174 2841 4233 Φαυστινιανός.
2887 4169 3056 4238 Οὗτος
3107 4171 3430 4238 ἐδεξιώσατο
3455 4172 3586 4235 τοὺς

1989 4265 2187 4335 ἄνδρας
2216 4266 2342 4328 τοὺς
2363 4264 2713 4346 πεμφθέντας
2743 4267 2880 4338 πρὸς
2907 4260 3255 4336 Ἐπιφάνιον·
3289 4261 3358 4337 ἦν
3396 4265 3453 4318 δὲ
3488 4264 3586 4318 καὶ

1991 4358 2197 4429 σφόδρα
2249 4358 2626 4430 ἀντικείμενος
2678 4359 3006 4430 Ἐπιφανίῳ.
3056 4357 3280 4421 Τούτοις
3337 4357 3585 4425 ἔλεγενό

1986 4450 2404 4513 Φαυστινιανός⁶
2465 4450 2552 4516 Τί,
2612 4451 2798 4520 φησὶν,
2846 4450 3163 4522 προσέχετε,
3217 4450 3294 4513 ὡς
3320 4448 3462 4519 Θεῷ,
3504 4449 3584 4520 τῷ

297 4567 433 4623 nihil
468 4566 616 4622 aliud
650 4584 663 4621 :
693 4576 776 4622 est
805 4542 986 4621 autem
1019 4566 1275 4635 pessimis
1300 4565 1565 4621 moribus.
1626 4564 1874 4631 Quodam

2009 4542 2244 4616 ;πιοέτῃ;
2278 4542 2485 4613 Λόγους
2519 4542 2626 4615 γὰρ
2669 4543 2911 4615 ψυχροὺς
2940 4543 3111 4609 λαλεῖ,
3154 4543 3248 4596 καὶ
3286 4542 3441 4596 οὐδὲν
3463 4543 3583 4597 Ets-

296 4674 423 4715 vero
450 4659 537 4714 die
558 4673 683 4713 cum
707 4659 923 4712 adesset
947 4633 1310 4727 Epiphanius,
1335 4669 1629 4725 essentque
1655 4656 1887 4724 opifices

2009 4652 2082 4689 >ov
2109 4652 2123 4668 ο
2153 4635 2414 4700 κάκιστός
2456 4637 2573 4689 ἐστι
2622 4636 2751 4708 περὶ
2783 4638 2909 4700 τοὺς
2936 4635 3149 4706 λόγους.
3204 4636 3297 4690 Ἐν
3357 4637 3457 4706 μιᾷ
3487 4633 3582 4690 οὖν

294 4761 586 4822 operantcs
629 4751 685 4805 in
741 4750 996 4813 ecclesia,
1028 4760 1187 4805 erant
1220 4750 1382 4805 etiam
1439 4749 1551 4804 illic
1600 4748 1726 4815 viri,
1781 4748 1875 4817 qui

294 4842 447 4898 missi
478 4842 716 4906 fuerant,
742 4855 911 4911 prope
930 4838 1317 4910 Epiphanium.
1352 4839 1482 4895 Erat
1522 4848 1703 4893 autem
1736 4835 1879 4891 Fau-

292 4934 568 4989 stinianus
603 4947 826 5003 quoque
875 4940 1030 4987 stans
1082 4930 1135 4984 in
1184 4946 1252 4985 eo
1304 4930 1443 4984 loco.
1494 4929 1632 4983 Cum
1663 4943 1728 4984 ex
1764 4927 1876 4981 alto

290 5035 421 5092 ergo
458 5022 746 5078 cecidisset
770 5038 916 5077 unus
966 5036 1030 5076 ex
1060 5019 1501 5086 mditicatoribus,
1542 5027 1596 5073 et
1646 5018 1876 5073 descen-

290 5112 460 5168 disset
488 5098 654 5181 supra
676 5124 841 5183 caput
866 5112 1208 5169 Faustiniani
1240 5135 1252 5169 :
1299 5112 1394 5182 qui
1424 5113 1695 5168 ceciderat
1745 5112 1874 5182 qui-

290 5203 436 5267 dem,
470 5202 607 5257 nihil
633 5204 762 5258 mali
802 5211 887 5258 est
935 5219 1170 5274 passus:
1228 5204 1621 5261 Faustinianus
1645 5219 1776 5259 vero
1817 5204 1872 5258 in

292 5291 486 5347 faciem
557 5292 788 5358 cecidit,
828 5302 883 5349 et
932 5297 1138 5351 mansit
1197 5304 1472 5350 mortuus.
1534 5294 1873 5365 Epiphanius

289 5393 477 5440 autem
508 5384 954 5455 appropinquans
984 5386 1365 5451 Faustiniauo,
1389 5402 1515 5441 eum
1550 5386 1726 5441 tenuit
1760 5401 1873 5439 ma-

290 5494 384 5543 nu,
419 5474 608 5534 dicens
639 5495 653 5532 :
693 5473 888 5549 Surge,
924 5478 1022 5543 tili,
1077 5481 1132 5532 in
1178 5480 1403 5535 nomine
1440 5478 1680 5543 Domini,
1734 5477 1873 5533 vade

289 5581 458 5623 sanus
485 5564 539 5622 in
566 5567 790 5624 domum
831 5577 1004 5623 tuam.
1063 5567 1260 5624 Statim
1293 5577 1477 5625 autem
1527 5568 1787 5633 surrexit,
1818 5578 1873 5623 et

288 5657 387 5713 ivit
423 5656 479 5714 in
513 5655 738 5715 domum
769 5674 948 5714 suam.
985 5656 1123 5712 Cum
1154 5668 1336 5714 autem
1391 5658 1694 5716 audivisset
1733 5673 1871 5714 uxor

361 5864 438 5939 la}
488 5860 643 5936 Legit
675 5863 946 5935 interpres
970 5857 1295 5931 Ἐπιφανίῳ.

1988 4722 2171 4795 ἡμέρᾳ
2200 4725 2589 4796 ὲπιστήκοντος
2608 4726 2952 4794 Ἐπιφανίου,
2974 4725 3050 4789 ὡς
3077 4722 3219 4799 ἦσαν
3245 4726 3295 4779 οἱ
3334 4729 3581 4797 τεχνῖται

1985 4816 2340 4887 ἐργαζόμενοι
2374 4818 2466 4870 ἐπὶ
2506 4818 2607 4887 τῆς
2649 4817 2968 4889 ἐκκλησίας,
3001 4813 3142 4889 ἦσαν
3177 4818 3274 4872 καὶ
3304 4818 3352 4870 οἱ
3387 4817 3580 4888 ἄνδρες

1983 4908 2032 4960 οἱ
2057 4908 2459 4980 ἀπεσταλμένοι
2486 4909 2656 4979 ἐγγὺς
2684 4909 2919 4972 ἑστῶτες
2976 4910 3324 4979 Ἐπιφανίου.
3381 4904 3495 4965 Ἦν
3522 4910 3580 4964 δὲ

1982 4999 2079 5052 καὶ
2108 4999 2491 5063 Φαυστινιανδς
2522 4998 2691 5062 ἑστὼς
2725 4998 2819 5052 ἐπὶ
2843 4998 2939 5052 τοῦ
2978 5000 3169 5054 τόπου.
3209 4993 3307 5063 Εἷς
3341 4994 3436 5052 οῦν
3469 5000 3579 5053 τῶν

1982 5078 2277 5159 οἰκοδόμων
2303 5086 2481 5142 πεσὼν
2502 5088 2611 5142 ἀπὸ
2638 5087 2804 5158 ὕψους
2838 5087 3102 5159 μεγάλου,
3154 5088 3248 5141 καὶ
3279 5087 3578 5159 ἐρχόμενος

1984 5181 2124 5236 κατὰ
2155 5181 2402 5251 κεφαλῆς
2432 5180 2840 5246 Φαυστινιανοῦ,
2867 5183 2896 5234 ό
2933 5181 3032 5252 μὲν
3072 5180 3253 5234 πεσὼν
3297 5179 3453 5234 οὐδὲν
3479 5198 3599 5234 κα-.

1982 5273 2075 5325 κὸν
2099 5271 2323 5325 ἔπαθεν·
2357 5273 2387 5325 ὁ
2420 5271 2478 5324 δὲ
2505 5271 2893 5335 Φαυστινιανδς
2914 5270 3108 5326 ἔπεσεν
3137 5272 3231 5326 ἐπὶ
3255 5272 3575 5343 πρόσωπον,

1981 5364 2076 5418 καὶ
2099 5363 2282 5435 ἔμεινε
2319 5363 2533 5435 νεκρός.
2564 5364 2824 5432 Ἐγγίσας
2866 5364 2923 5417 δὲ
2969 5362 3286 5432 Ἐπιφάνιος
3339 5364 3575 5417 Φαυστια

1979 5454 2163 5526 νιανῷ,
2197 5454 2503 5527 ἐκράτησεν
2532 5454 2697 5533 αὑτὸν
2724 5452 2829 5506 ἀπὸ
2853 5454 2955 5524 τῆς
2982 5453 3165 5525 χειρὸς
3187 5451 3359 5521 λέγων
3378 5469 3391 5482 ⁸
3416 5452 3577 5505 Ἀνά-

1982 5565 2104 5612 στα,
2135 5548 2346 5613 τέκνον,
2394 5547 2578 5618 φησὶν,
2608 5547 2667 5598 ὲν
2697 5545 2923 5616 ὀνόματι
2948 5547 3177 5619 Κυρίου,
3228 5546 3323 5599 καὶ
3367 5544 3571 5599 ἄπελθε

1979 5637 2238 5706 ὑγιαίνων
2271 5641 2331 5692 ὲν
2363 5636 2440 5709 τῷ
2473 5635 2552 5708 σῷ
2592 5636 2747 5691 οἴκω.
2785 5635 3001 5701 Εὐθέως
3050 5636 3108 5691 δὲ
3134 5636 3331 5708 ἀνέστη
3361 5634 3392 5689 ὁ
3424 5636 3567 5693 Φαυ-
