3808 6202
303 420 376 477 85
1597 425 1652 481 S.
1679 424 2037 485 'EPlPilANll
2084 430 2264 490 VlTA.
3473 435 3542 490 83

310 536 596 602 στινιανὸς,
631 537 722 590 καὶ
754 538 1022 610 ἐπορεύθη
1050 541 1128 602 εἰς
1159 538 1248 592 τὸν
1280 534 1425 593 οἷκον
1453 541 1641 596 αὐτοῦ.
1687 540 1845 593 Ἀκού
1864 570 1876 579 -

2001 545 2099 612 ejus
2157 545 2302 615 quod
2358 545 2561 600 faetqu
2597 547 2792 611 fuerat,
2827 547 3032 616 accepit
3076 547 3221 603 mille
3264 562 3542 611 nummos,

311 644 449 679 σασα
479 626 534 681 δὲ
559 629 592 698 ὴ
629 627 815 681 τούτου
848 630 982 700 γυνὴ
1009 630 1070 683 τὸ
1101 631 1341 698 γεγονὸς,
1366 630 1598 685 λαϐοῦσα
1629 632 1770 702 χίλια
1793 650 1874 685 νο-

311 717 556 788 μίσματα
589 720 960 790 προσήνεγκεν
989 720 1310 792 Ἐπιφανίῳ.
1341 719 1506 776 Εἶπεν
1547 723 1601 776 δὲ
1651 724 1877 790 Ἐπιφά-

309 825 420 872 νιος
447 811 585 880 πρὸς
610 810 708 880 τὴν
737 815 970 879 γυναῖκα
992 829 1005 842 °
1042 813 1296 877 Ἀπελθε,
1343 814 1550 878 τέκνον,
1594 815 1683 878 δὺς
1736 816 1879 869 αὐτὰ

307 904 420 965 τοῖς
453 902 711 955 κοπιῶσιν
737 904 831 956 ἐπὶ
854 904 950 973 τῆς
971 903 1285 975 ἐκκλησίας,
1328 907 1421 959 καὶ
1447 905 1586 972 ἕξεις
1607 905 1890 978 θησαυρὸν

311 991 462 1064 παρὰ
491 992 568 1063 τῷ
617 993 872 1065 Ὑψίστῳ.
909 995 1019 1048 Καὶ
1039 993 1210 1059 οὕτως
1248 997 1502 1067 ἐποίησεν
1526 1001 1560 1069 ἡ
1593 1000 1750 1070 γυνή.

380 1084 515 1140 ΜΘ.
568 1085 630 1138 Οἱ
665 1081 756 1138 οὖν
788 1085 1182 1155 ἀπεσταλμένοι
1229 1088 1381 1161 παρὰ
1431 1089 1538 1141 τῶν
1576 1089 1834 1159 βασιλέων
1861 1131 1874 1153 ,

308 1174 515 1243 ἐπῆγον
545 1174 634 1226 τὸν
665 1175 983 1242 Ἐπιψάνιον
1017 1176 1110 1229 ἐπὶ
1139 1177 1200 1229 τὸ
1244 1177 1426 1232 πλέειν
1478 1179 1573 1231 ἐπὶ
1605 1178 1701 1250 τὴν
1742 1180 1876 1232 Ῥώ-

311 1283 444 1336 μην.
472 1262 579 1318 Ἦν
598 1265 655 1317 δέ
687 1283 770 1329 τις
809 1265 1064 1337 κληρικὸς
1098 1268 1204 1321 ἀπὸ
1227 1268 1491 1340 ρητόρων,
1525 1267 1762 1340 τοῦνομα
1788 1270 1878 1322 Φί-

310 1355 438 1422 λων,
464 1355 600 1427 ἀνὴρ
624 1357 787 1420 ὅσιος.
810 1359 980 1429 Χρεία
1000 1359 1056 1412 δὲ
1076 1355 1142 1429 ἦν
1168 1361 1259 1412 ἐπὶ
1274 1362 1371 1432 τῆς
1387 1361 1593 1425 πόλεως
1620 1361 1713 1414 τοῦ
1731 1364 1879 1432 Καρ-

313 1447 508 1500 πασίου
541 1447 757 1500 καθίσαι
793 1448 1087 1502 ἐπίσκοπον
1114 1451 1204 1503 ἐπὶ
1225 1451 1318 1504 τοῦ
1340 1451 1551 1524 θρόνου.
1575 1448 1682 1504 Ἦν
1711 1452 1766 1506 δὲ
1791 1446 1880 1505 οὗ·

310 1554 402 1600 τος
427 1536 689 1600 διάκονος.
728 1539 929 1593 Τοῦτον
949 1536 1041 1593 οὖν
1069 1542 1176 1596 ἀπὸ
1203 1543 1593 1612 ἀποκαλύψεως
1617 1542 1750 1596 Θεοῦ
1769 1561 1880 1614 χει-

313 1630 520 1697 ροτονεῖ
548 1629 843 1683 ἐπίσκοπον
869 1635 898 1683 ὁ
921 1632 1237 1700 Ἐπιφάνιος
1288 1635 1380 1686 ἐπὶ
1427 1633 1519 1687 τοῦ
1567 1633 1756 1705 Θρόνου
1782 1634 1880 1706 τῆς

312 1719 537 1784 πόλεως,
584 1719 806 1790 καὶτῆς
849 1721 1170 1792 Ἐκκλησίας
1233 1723 1326 1776 τοῦ
1370 1723 1712 1795 Καρπασίου.
1751 1724 1880 1776 Ὅτε

310 1803 404 1862 οὖν
437 1803 580 1877 εἶχεν
634 1809 947 1877 Ἐπιφάνιος
980 1811 1310 1881 ἐπιδημῆσαι
1367 1813 1462 1865 ἐπὶ
1483 1812 1583 1882 τῆς
1644 1810 1877 1883 Ῥώμης,

315 1901 732 1969 μεταστέλλεται
753 1903 844 1955 τὸν
869 1902 1262 1973 προειρημένον
1291 1903 1501 1956 Φίλωνα
1535 1904 1623 1956 τὸν
1668 1903 1885 1957 ὲπίσκο-
1922 1894 1960 1948 Β

313 2009 434 2056 πον,
469 1993 564 2046 καὶ
594 1992 741 2063 αὐτῷ
769 1993 1087 2048 ἀποδίδωσιν
1111 1993 1208 2065 τὴν
1237 1994 1520 2048 αὐθεντίαν
1540 1996 1637 2066 τῆς
1660 1996 1885 2066 Ἐκκλη-

314 2084 432 2147 σίας
456 2086 554 2156 τῆς
597 2085 979 2149 Κωνσταντίας
1003 2125 1020 2149 ,
1052 2086 1201 2148 ὅπως
1223 2086 1289 2139 ἂν
1315 2086 1470 2158 χρεία
1503 2089 1728 2157 γένηται
1756 2088 1884 2156 κλη-

313 2175 502 2246 ρικῶν,
541 2175 702 2238 αὐτὸς
741 2177 1124 2247 χειροτονήσει.
1153 2176 1347 2231 Λαϐὼν
1375 2174 1467 2232 οὖν
1513 2181 1539 2231 ὁ
1569 2179 1883 2246 Ἐπιιράνιος

313 2267 454 2334 ἐμὲ,
511 2265 604 2318 καὶ
636 2265 858 2330 Ἰσαὰκ,
908 2266 1332 2338 ἀπεπλεύσαμεν
1386 2271 1465 2332 είς
1511 2269 1606 2338 τὴν
1645 2270 1879 2340 Ῥώμην.

313 2354 676 2409 Εἰσελθόντων
707 2355 763 2409 δὲ
812 2355 968 2426 ἡμῶν
1006 2358 1064 2408 έν
1117 2360 1182 2428 τῇ
1217 2358 1388 2421 πόλει,
1444 2356 1513 2429 ἦν
1546 2359 1736 2424 πένθος
1792 2362 1886 2414 καὶ⁴

311 2450 542 2512 κοπετὸς
575 2449 744 2520 μέγας
772 2452 827 2502 ὲν
857 2451 931 2520 τῷ
962 2451 1194 2522 ταμιείῳ
1222 2451 1300 2522 τῷ
1339 2452 1615 2523 βασιλικῷ.
1645 2454 1754 2523 Τῆς
1779 2453 1888 2525 γὰρ

311 2541 550 2611 ἀδελφῆς
570 2541 677 2593 τῶν
694 2542 954 2611 βασιλέων
984 2545 1267 2615 ’Λρκαδίου
1292 2545 1388 2598 καὶ
1424 2545 1684 2615 Ὀνωρίου
1716 2544 1886 2608 πάθος

309 2632 540 2702 ἐχούσης
571 2634 662 2686 ἐπὶ
696 2633 790 2703 τὴν
817 2632 995 2698 δεξιὰν
1024 2638 1208 2706 χεῖρα,
1269 2634 1436 2688 πολλὰ
1489 2636 1810 2705 ποιήσαντες
1836 2637 1888 2688 οἱ

314 2723 490 2795 ἰατροὶ
518 2723 669 2776 οὐδὲν
692 2723 980 2793 ὠφέλησαν
1009 2724 1229 2794 ταύτην.
1266 2721 1374 2779 Ἦν
1403 2727 1456 2779 δὲ
1489 2727 1672 2781 λοιπὸν
1718 2728 1888 2790 πάθος

313 2813 755 2884 κατανεμόμενον
780 2815 878 2879 τὰς
915 2816 1121 2886 σάρκας
1149 2817 1339 2886 αὐτῆς.
1388 2817 1519 2870 Ἀπὸ
1553 2818 1749 2889 πολλῆς
1796 2815 1888 2872 οὖν

312 2901 547 2970 θλίψεως
597 2902 801 2972 ἐπῆγεν
827 2904 953 2966 τοὺς
1003 2903 1260 2972 βασιλεῖς,
1290 2904 1430 2973 λέγω
1491 2907 1549 2977 δὴ
1613 2908 1889 2978 Ἀρκάδων

314 2993 409 3044 καὶ
450 2991 724 3064 Ὀνώριον,
751 2995 899 3059 ὅπως
927 2996 1290 3067 ἐπιτρέψωσιν
1313 2997 1482 3068 ἰατρῷ
1517 2999 1694 3052 δοῦναι
1723 3001 1889 3071 δηλη-

313 3084 501 3152 τήριον
532 3082 690 3154 αὐτῇ.
750 3084 897 3147 ὅπως
925 3084 1014 3138 διὰ
1059 3087 1325 3156 συντόμου
1378 3089 1622 3161 παρέλοῃ
1656 3091 1745 3145 τδν
1779 3091 1889 3161 βίον

308 3172 523 3226 τοῦτον.
565 3174 627 3225 Οἱ
673 3171 766 3226 οὖν
821 3177 1199 3245 ἀπαγαγόντες
1235 3181 1382 3249 ἡμᾶς
1415 3180 1506 3232 ἐπὶ
1535 3181 1631 3252 τὴν
1668 3183 1885 3253 Ῥώμην

312 3265 586 3335 εἰσῆλθον,
628 3269 721 3320 καὶ
755 3269 1096 3338 ἀπήγγειλαν
1121 3273 1232 3333 τοῖς
1265 3270 1594 3340 βασιλεῦσιν.
1645 3274 1806 3327 Αὐτοὶ
1833 3275 1888 3328 δὲ

315 3359 703 3428 ἐπιτρέπουσιν
731 3360 955 3414 εἰσιέναι
989 3361 1079 3414 τὸν
1118 3362 1449 3430 Ἐπιφάνιον.
1493 3365 1549 3418 Ὀ
1572 3365 1627 3418 δὲ
1666 3367 1894 3435 Ἐπιφά-

313 3468 448 3513 νιος,
477 3451 552 3514 ὼς
580 3453 653 3522 μὴ
679 3452 940 3516 τοιούτοις
958 3453 1264 3526 ἀνθρώποις
1294 3455 1695 3526 συντυγχάνων,
1723 3457 1893 3520 οὕτως

315 3541 573 3610 ἀτρόμως
599 3537 735 3594 εἶσιν
781 3545 838 3596 ἐν
886 3541 962 3612 τῷ
1023 3543 1252 3613 ταμιείῳ
1295 3543 1372 3613 τῷ
1411 3543 1706 3613 βασιλικῷ,
1744 3544 1894 3613 ἐγγί-

318 3648 421 3693 σας
448 3631 503 3684 δὲ
534 3634 644 3695 τοῖς
677 3633 1002 3702 βασιλεῦσιν.
1034 3629 1141 3686 Ἦν
1181 3634 1237 3686 δὲ
1273 3635 1367 3688 καὶ
1397 3637 1427 3705 ἡ
1455 3634 1655 3705 ἀδελφὴ
1694 3634 1895 3688 τούτων

316 3724 692 3793 κατακειμένη
725 3725 815 3777 ἐπὶ
844 3725 942 3794 τῆς
969 3725 1177 3794 κλίνης.

389 3814 473 3869 N'.
516 3814 635 3867 Τῶν
661 3814 716 3867 δὲ
752 3814 1012 3884 βασιλέων
1053 3815 1266 3869 ἰδόντων
1315 3816 1404 3868 τὸν
1449 3817 1783 3885 Ἐπιφάνιον,
1812 3819 1896 3870 ἁν-

317 3907 556 3972 έστησαν
591 3907 791 3970 εὐθέως
817 3908 923 3961 ἀπὸ
963 3891 1070 3961 τῶν
1106 3907 1328 3978 θρόνων.
1360 3903 1527 3960 Εἶπεν
1573 3909 1630 3961 δὲ
1667 3909 1888 3978 Ἐπιφάο

319 4016 435 4060 νιος
462 4000 572 4060 τοῖς
603 3998 937 4067 βασιλεῦσινο
963 3999 1178 4070 Ταύτην
1201 4001 1298 4070 τὴν
1324 4000 1488 4071 τιμὴν
1505 4001 1693 4063 δίδοτε,
1712 4002 1897 4065 τέκνα,

319 4088 404 4158 τῷ
439 4089 725 4162 εὐεργέτῃ,
766 4090 858 4143 καὶ
889 4091 1084 4160 ὄψεσθε
1112 4093 1210 4162 τὴν
1237 4092 1471 4162 ἀδελφὴν
1503 4091 1654 4162 ὑμῶν
1683 4094 1739 4145 ἐν
1773 4092 1900 4146 καλ-

318 4179 478 4250 λίστῃ
531 4181 714 4250 ὐγείᾳ·
759 4182 832 4252 μὴ
869 4182 1180 4242 πεποίθετε,
1211 4182 1396 4248 τέκνα,
1434 4184 1525 4236 ἐπὶ
1567 4184 1664 4253 τὴν
1711 4184 1902 4237 αὐθεν-

320 4273 464 4331 τίαν,
483 4274 575 4325 καὶ
592 4272 777 4326 ἔσεσθε
799 4273 1188 4343 φυλαττόμενοι
1207 4275 1316 4328 ἀπὸ
1332 4275 1559 4346 Κυρίου.
1579 4276 1699 4328 Ἐπὶ
1716 4275 1771 4328 δὲ
1792 4279 1903 4339 τοῖς

323 4363 508 4430 λόγοις
550 4363 862 4431 Ἐπιφανίου
899 4362 1172 4426 ἐδίσταζον
1215 4365 1310 4416 καὶ
1347 4366 1699 4436 ἐταράττοντο
1732 4366 1781 4418 οἱ
1811 4364 1905 4435 βα-

323 4453 513 4515 σιλεῖς.
547 4449 712 4505 Εἶπεν
746 4453 801 4505 δὲ
842 4454 1152 4522 Ἐπιφάνιος
1185 4456 1295 4518 τοῖς
1341 4455 1650 4525 βασιλεῦσιν
1672 4473 1684 4485 ο
1721 4457 1786 4508 Τί
1830 4456 1905 4507 δι-

1983 645 2036 689 et
2065 636 2259 690 obtulit
2293 636 2614 706 Epiphanio.
2650 637 2751 704 Qui
2810 638 2858 693 ei
2885 639 3018 694 dixit
3054 655 3066 690 :
3099 637 3263 705 Vade,
3298 639 3426 705 tilia,
3474 641 3541 694 da

1983 743 2080 782 eos
2113 728 2185 784 iis
2212 729 2304 797 qui
2333 729 2579 784 laborant
2601 731 2655 784 in
2686 731 2936 796 ecclesia,
2963 740 3016 784 et
3047 732 3268 786 habebis
3321 732 3546 786 thesau-

1985 834 2102 870 rum
2135 820 2274 888 apud
2308 819 2665 876 Altissimum.
2709 819 2802 876 Sic
2829 831 3008 876 autem
3034 820 3162 877 fecit
3195 822 3412 876 mulier.

2053 1081 2239 1136 XLlX.
2273 1081 2372 1148 Qui
2406 1097 2529 1137 vero
2555 1083 2706 1138 missi
2745 1083 2963 1138 fuerant
2996 1085 3064 1140 ab
3104 1087 3539 1155 imperatoribus,

1986 1176 2247 1243 urgebant
2281 1173 2664 1244 Epiphanium,
2701 1183 2760 1228 ut
2797 1175 3075 1245 navigaret
3114 1175 3362 1230 Romam.
3420 1177 3546 1232 Erat

1985 1275 2164 1319 autem
2197 1265 2415 1336 quidam
2443 1280 2509 1319 ex
2541 1265 2854 1320 oratoribus
2881 1267 3134 1328 clericus.
3169 1265 3324 1321 Philo
3368 1269 3544 1322 nomi-

1985 1373 2073 1424 ne,
2103 1357 2186 1410 vir
2216 1364 2458 1412 sanctus.
2488 1355 2635 1426 Opus
2689 1366 2869 1411 autem
2905 1367 3042 1424 erat,
3086 1359 3138 1412 iu
3172 1361 3386 1413 civitate
3414 1359 3534 1414 Caro

1985 1445 2120 1514 pasii
2150 1445 2203 1498 in
2232 1446 2358 1500 sede
2385 1446 2652 1500 collocare
2684 1447 3018 1516 episcOpum.
3077 1448 3312 1518 Eratque
3349 1451 3394 1504 is
3425 1449 3535 1504 dia-

1985 1552 2174 1592 conus.
2205 1535 2362 1591 llunc
2395 1553 2523 1606 ergo
2556 1536 2646 1592 Dei
2684 1539 3010 1593 revelatione
3037 1540 3348 1610 episcopum
3396 1541 3537 1596 ordi-

1987 1637 2079 1682 nat
2110 1627 2442 1698 Epiphanius
2469 1631 2521 1680 iu
2552 1629 2678 1683 sede
2703 1628 2938 1684 civitatis
2969 1638 3027 1684 et—
3056 1629 3310 1686 Ecclesia:
3338 1631 3534 1700 Carpa-

1987 1720 2072 1774 sii.
2092 1719 2227 1773 Cum
2258 1734 2387 1789 ergo
2408 1728 2551 1774 esset
2568 1719 2792 1774 Romam
2817 1720 3165 1789 profecturus
3185 1722 3536 1793 Epiphanius.

1987 1813 2212 1868 accersit
2237 1813 2390 1881 prius
2417 1812 2621 1867 dictum
2657 1813 2935 1868 Philonem
2964 1815 3314 1884 episcopum,
3346 1816 3545 1886 datque

1987 1904 2036 1960 ei
2070 1904 2448 1959 auctoritatem
2494 1902 2748 1958 Ecclesim
2789 1903 3140 1967 Constantius,
3199 1911 3258 1959 ut
3307 1905 3352 1961 si
3387 1905 3545 1959 fuerit

1987 2011 2124 2065 opus
2156 1995 2366 2050 clericis
2390 2034 2404 2060 ,
2467 1994 2580 2065 ipse
2609 1994 2905 2050 ordinaret.
2945 1995 3168 2066 Accepit
3195 2004 3373 2049 autem
3428 1995 3542 2064 Epr-

1986 2088 2218 2156 phauius
2266 2103 2351 2141 me
2420 2095 2476 2142 et
2523 2085 2694 2151 lsaac,
2761 2096 2815 2142 et
2869 2087 3097 2141 Romam
3154 2077 3542 2157 navigavimus.

1985 2177 2114 2232 Erat
2139 2189 2267 2231 vero
2301 2191 2530 2246 magnus
2570 2177 2750 2230 luctus
2778 2184 2830 2230 et
2857 2177 3106 2244 planctus
3135 2175 3187 2230 in
3218 2177 3342 2230 aula
3382 2175 3548 2245 regia.

1985 2268 2122 2324 Cum
2177 2269 2319 2324 enim
2363 2283 2523 2324 soror
2577 2269 2966 2338 imperatorum
3001 2268 3218 2322 Arcadii
3239 2276 3291 2322 et
3328 2266 3546 2322 llonorii

1987 2358 2257 2412 laboraret
2292 2358 2344 2410 in
2373 2372 2537 2411 manu
2570 2357 2812 2422 dextera,
2849 2357 3017 2411 multa
3061 2356 3303 2412 fecerant
3333 2356 3545 2419 medici,

1988 2463 2089 2502 nec
2113 2448 2161 2502 ei
2195 2448 2489 2517 quidquam
2517 2446 2853 2517 profuerant.
2885 2447 3107 2503 Morbus
3145 2459 3324 2502 autem
3346 2448 3456 2518 jam
3487 2451 3549 2502 de

1988 2546 2184 2593 caetero
2208 2539 2531 2606 depascebat
2547 2538 2665 2607 ejus
2687 2553 2898 2594 carnes.
2922 2537 3038 2593 Pra:
3064 2539 3234 2594 multa
3267 2553 3390 2593 vero
3419 2539 3550 2592 uilli-

1988 2630 2166 2682 ctione
2194 2628 2428 2682 instabat
2450 2628 2895 2696 imperatoribus,
2925 2628 3178 2692 Arcadio,
3212 2631 3431 2700 inquam
3454 2671 3467 2694 ,
3501 2639 3550 2684 et

1990 2720 2251 2783 llonorio,
2275 2732 2332 2776 ut
2363 2722 2742 2791 permitterent
2777 2722 2987 2778 medico
3029 2723 3076 2777 ei
3108 2723 3236 2776 dare
3264 2737 3551 2785 venenum,

1992 2819 2050 2865 ut
2072 2811 2302 2866 breviter
2333 2814 2499 2866 vitam
2526 2812 2722 2868 ﬁniret.
2759 2814 2860 2879 Qui
2888 2829 3016 2883 ergo
3048 2829 3147 2868 nos
3184 2813 3408 2868 Romam
3457 2815 3552 2869 de»

1990 2901 2274 2965 duxerant,
2307 2903 2535 2972 ingrcssi
2560 2913 2708 2966 sunt,
2733 2915 2787 2958 et
2817 2905 3197 2958 renuntiarunt
3220 2905 3549 2974 imperatori-

1993 2992 2112 3046 bus.
2136 2992 2248 3060 ,Ipsi
2293 3003 2470 3047 autem
2496 2993 2712 3061 jubent,
2742 3003 2800 3047 ut
2829 2994 3163 3062 ingrediatur
3195 2994 3554 3063 Epiphanius.

1991 3080 2158 3137 Nobis
2185 3099 2311 3138 vero
2337 3084 2387 3135 in
2417 3085 2598 3138 aulam
2632 3073 3212 3152 regiamintrantibus,
3241 3099 3430 3138 omnes
3463 3085 3552 3153 qui

1992 3173 2214 3228 aderant
2262 3174 2569 3228 salutarunt
2608 3173 2983 3244 Epiphanium.
3054 3175 3157 3239 Qui
3208 3173 3433 3243 perinde
3497 3191 3559 3227 ac

1994 3267 2038 3319 si
2067 3281 2171 3320 non
2207 3268 2340 3320 tales
2375 3267 2693 3320 conveniret
2733 3267 3002 3331 homines,
3051 3267 3314 3336 intrepide
3356 3267 3560 3337 ingres-

1993 3373 2087 3412 sus
2111 3366 2194 3411 cst
2222 3358 2275 3410 in
2310 3357 2489 3412 aulam
2533 3358 2756 3428 regiam,
2792 3368 2846 3412 ct
2896 3359 3348 3428 appropinquavit
3394 3360 3562 3428 impe-

1996 3448 2287 3510 ratoribus.
2321 3447 2450 3502 Erat
2477 3457 2656 3504 autem
2696 3465 2883 3504 eorum
2932 3464 3088 3504 soror
3141 3449 3195 3501 iu
3244 3446 3379 3502 lecto
3407 3463 3560 3502 recu-

1997 3539 2155 3594 bans.

2071 3810 2128 3864 L.
2191 3810 2326 3864 Cum
2356 3825 2481 3865 vero
2506 3811 2863 3879 imperatores
2895 3812 3157 3867 vidissent
3182 3811 3566 3881 Epiphaniam,

1998 3912 2051 3957 et
2083 3904 2335 3972 protinus
2375 3918 2408 3956 e
2436 3904 2656 3957 sedibus
2686 3903 2733 3955 ei
2764 3903 3215 3968 assurrexissent,
3258 3905 3396 3958 dixit
3439 3903 3567 3972 Epi-

2003 3995 2235 4064 phanius
2279 3994 2704 4064 imperatoribus
2736 4011 2750 4047 :
2789 3992 2945 4048 llrmc
2989 3993 3273 4057 honorem,
3311 3995 3508 4063 inquit,
3538 4010 3570 4049 o

2003 4088 2119 4150 lilii,
2155 4087 2282 4142 date
2309 4085 2640 4141 benefactori
2671 4084 2802 4149 Deo,
2845 4085 3182 4141 et.videbitis
3209 4102 3450 4140 sororem
3478 4102 3563 4140 ιε·

2003 4191 2171 4234 stram
2220 4179 2273 4232 in
2311 4178 2532 4248 .optima
2569 4178 2820 4233 sanitate.
2854 4176 2932 4232 Ne
2979 4177 3288 4245 conﬁdatis,
3341 4177 3464 4241 ﬁlii,
3518 4179 3570 4232 in

2006 4273 2306 4341 majestate,
2359 4279 2412 4325 et
2439 4271 2892 4326 conservabimini
2933 4287 2963 4325 a
3005 4269 3257 4326 Domino.
3303 4270 3572 4338 Quoniam

2006 4373 2185 4418 autem
2213 4372 2433 4433 propter
2463 4363 2624 4417 verba
2677 4361 2963 4432 Epiphanii
2994 4363 3318 4417 dubitabant
3347 4372 3400 4418 et
3447 4379 3576 4417 cou-

2008 4455 2367 4509 turbabantur
2419 4455 2796 4525 imperatores,
2849 4454 2986 4508 dixit
3035 4455 3142 4509 illis
3196 4453 3574 4525 Epiphanius:

325 4545 574 4608 στὰζετε,
603 4545 787 4609 τέκνα,
818 4546 908 4598 ἐπὶ
944 4548 1056 4608 τοῖς
1086 4545 1464 4616 λαλουμένοις,
1505 4547 1737 4618 Ὄψεσθε
1768 4548 1888 4600 Θεοῐ

2009 4547 2146 4613 Quid
2189 4547 2468 4609 dubitatis,
2535 4547 2652 4611 lilii,
2704 4547 2770 4601 de
2829 4546 2895 4601 iis
2941 4564 3060 4616 qua:
3108 4548 3272 4602 dico?
3319 4547 3582 4602 Videbitis

323 4637 489 4707 χάριν
539 4637 624 4690 διὰ
677 4636 780 4689 τῶν
829 4636 1464 4707 λαλουμένων.Ἐγγίσας
1495 4639 1550 4691 δὲ
1588 4640 1899 4708 Ἐπιφάνιος

325 4730 424 4782 ἐπὶ
469 4728 567 4797 τῆς
616 4729 819 4798 κλίνης,
851 4729 976 4781 ἔνθα
1005 4729 1284 4782 κατέκειτο
1315 4732 1348 4801 η
1382 4731 1584 4802 ἀδελφὴ
1614 4732 1719 4784 τῶν
1752 4729 1904 4801 βασι-

321 4819 483 4881 λέων,
515 4815 664 4871 εἶπεν
700 4819 834 4890 πρὸς
876 4819 1045 4890 αὐτὴν
1077 4819 1295 4888 εὐμενεῖ
1337 4820 1414 4891 τῷ
1458 4821 1768 4893 προσώπῳ·
1813 4822 1904 4892 Μὴ

324 4907 568 4970 δίσταζε,
603 4907 808 4972 τέκνον,
841 4908 935 4961 ἐπὶ
962 4907 1038 4978 τῷ
1073 4907 1233 4962 πάθει
1255 4927 1268 4940 ·
1293 4909 1385 4980 ἔχε
1431 4911 1529 4974 τάς
1558 4910 1780 4974 ἐλπίδας
1814 4913 1905 4964 ἐπὶ

326 4997 466 5050 Θεὸν
497 4996 690 5062 ζῶντα,
715 4999 810 5052 καὶ
838 4999 941 5069 ὄψῃ
971 4999 1068 5070 τὴν
1098 5000 1309 5071 ὐγίειαν
1337 5004 1400 5072 τῇ
1431 5001 1550 5072 ὥρᾳ.
1577 5002 1750 5074 ταύτῃ
1769 5018 1780 5030 ·
1818 5002 1906 5053 πί-

332 5106 558 5144 στευσον
591 5090 666 5160 τῷ
696 5090 809 5161 Υίῷ
840 5092 933 5144 τοῦ
955 5093 1094 5146 Θεοῦ
1128 5094 1204 5164 τῷ
1234 5095 1652 5166 ὲσταυρωμένῳ,
1683 5097 1776 5148 καὶ
1810 5095 1906 5166 ἔσῃ

333 5181 710 5253 περιιπατοῦσα
737 5184 796 5235 ἐν
822 5187 885 5254 τῇ
919 5184 1037 5256 ὥρᾳ
1065 5184 1257 5257 ταύτῃ.
1295 5187 1596 5250 Πέπαυται,
1627 5187 1779 5257 φησὶ,
1817 5189 1908 5241 τέ.-

333 5289 482 5334 κνον,
512 5273 543 5324 ὁ
568 5271 722 5336 πόνος
759 5273 852 5326 τοῦ
882 5274 1131 5344 σώματός
1164 5293 1278 5330 σου.
1311 5276 1510 5343 Δόξαζε
1545 5277 1676 5331 Θεὸν
1715 5278 1804 5332 τὸν
1835 5281 1909 5332 διο

334 5363 492 5416 δόντα
518 5360 614 5430 τὴν
644 5363 802 5434 χάριν
823 5383 835 5394 ·
873 5364 962 5434 ἔχε
988 5366 1173 5418 τοῦτον
1207 5368 1348 5420 κατὰ
1371 5367 1495 5420 νοῦν
1530 5368 1908 5434 ἀδιαλείπτως,

336 5452 432 5506 καὶ
459 5451 606 5506 ἕσται
655 5471 734 5506 σοι
781 5458 957 5526 τεῖχος
988 5457 1078 5510 τὸν
1110 5457 1322 5512 ἅπαντα
1367 5459 1578 5529 χρόνον.
1615 5460 1799 5514 Ταῦτα
1837 5463 1912 5514 εἰ-

338 5545 454 5597 πὼν
498 5545 810 5614 Ἐπιφὰνιος
855 5549 1156 5620 ἐκράτησεν
1202 5550 1300 5620 τῆς
1353 5551 1534 5621 χειρὸς
1580 5551 1772 5621 αὐτῆς,
1821 5555 1912 5606 καὶ

335 5634 648 5704 σφραγίσας
674 5637 844 5708 αὐτὴν
870 5639 1066 5709 τρίτον,
1094 5640 1293 5704 εὐθέως
1320 5641 1617 5711 ἐκουφίσθη
1667 5643 1774 5695 τῶν
1818 5645 1914 5697 πό·-

337 5742 466 5776 νων.
486 5724 705 5789 Ἰδόντες
750 5727 805 5778 δὲ
849 5729 898 5780 οἱ
942 5728 1196 5798 βασιλεῖς,
1231 5732 1258 5782 ὃ
1292 5731 1545 5802 εποίησεν
1582 5733 1910 5801 Ἐπιφάνιος,

341 5815 674 5885 προσεκλίθη
723 5819 755 5887 ἡ
799 5817 940 5891 ψυχὴ
985 5820 1158 5874 αὐτῶν
1215 5822 1309 5876 τοῦ
1363 5825 1580 5894 ἀγαπᾷν
1613 5825 1791 5888 αὐτὸν,
1823 5830 1914 5881 καὶ

2010 4639 2106 4692 Dei
2143 4639 2370 4707 gratiam
2407 4653 2502 4706 per
2527 4653 2589 4691 ea
2615 4653 2736 4706 quae
2763 4637 3037 4696 dicuntur.
3078 4639 3212 4693 Cum
3247 4649 3424 4692 autem
3451 4637 3573 4705 Epi-

2010 4733 2246 4802 phanius
2272 4731 2764 4802 appropinquasset
2786 4732 2946 4796 lecto,
2970 4733 3022 4786 in
3051 4749 3159 4800 quo
3176 4732 3393 4801 jaccbat
3423 4748 3584 4787 soror

2013 4821 2590 4892 imperatorun'i,-dixit
2614 4822 2662 4876 ei
2712 4823 2858 4876 vultu
2897 4823 3004 4876 leui
3044 4833 3096 4877 ct
3125 4822 3377 4891 placido:
3413 4819 3487 4874 Ne
3516 4821 3583 4875 de

2015 4913 2202 4966 morbo
2242 4911 2475 4972 dubites,
2515 4927 2548 4964 o
2580 4911 2725 4964 lilia:
2767 4927 2924 4980 spera
2975 4911 3028 4964 iu
3071 4913 3233 4964 Deum
3273 4911 3480 4975 vivum,
3530 4919 3584 4962 et

2017 5004 2116 5056 hac
2158 5004 2291 5056 hora
2343 5003 2550 5057 videbis
2600 5003 2906 5057 sanitatem.
2945 5002 3115 5056 Crede
3147 5002 3286 5056 Filio
3332 5001 3448 5068 Dei,
3488 5003 3581 5071 qui

2017 5095 2456 5159 iuitcrucitixus,
2493 5105 2545 5149 et
2595 5095 2775 5150 statim
2819 5093 3145 5148 ambulabis.
3192 5093 3458 5156 Cessavit,
3505 5095 3587 5146 in-

2016 5187 2155 5256 quit,
2199 5187 2394 5250 oililia,
2439 5185 2592 5240 dolor
2629 5185 2704 5239 tui
2740 5184 3070 5252 corpusculi.
3126 5182 3308 5239 Redde
3358 5184 3584 5253 gloriam

2019 5278 2150 5343 Deo,
2186 5278 2276 5348 qui
2313 5279 2410 5332 dat
2440 5278 2704 5348 gratiam;
2735 5292 2859 5330 eum
2903 5276 3043 5330 habe
3089 5285 3351 5345 perpetuo
3388 5277 3440 5328 in
3475 5290 3588 5328 tne-

2021 5372 2213 5438 moria,
2241 5380 2295 5425 et
2319 5371 2422 5423 erit
2450 5370 2546 5423 tibi
2578 5384 2773 5423 murus
2807 5367 2956 5422 omni
3012 5378 3270 5437 tempore.
3304 5367 3439 5421 Cum
3473 5366 3589 5420 lucc

2017 5469 2223 5520 diceret
2275 5463 2633 5533 Epiphanius,
2677 5461 2850 5516 tenuit
2883 5476 3105 5518 manum
3142 5459 3486 5523 mulierculae,
3535 5468 3590 5513 et

2019 5574 2136 5610 eam
2181 5565 2261 5610 ter
2311 5555 2565 5625 signavit,
2611 5562 2658 5607 ct
2705 5553 2851 5607 illico
2909 5553 3083 5607 levata
3144 5560 3226 5606 est
3287 5551 3583 5606 doloribus.

2024 5647 2158 5699 Cum
2209 5653 2386 5698 autem
2442 5643 2708 5698 vidissent
2763 5643 3142 5713 imperatores,
3194 5642 3337 5711 quod
3389 5640 3595 5697 iecerat

2023 5735 2382 5805 Epiphanius,
2435 5735 2752 5790 inclinatum
2797 5743 2879 5789 est
2913 5749 3007 5788 cor
3045 5749 3257 5795 eorum,
3311 5741 3372 5786 ut
3413 5732 3589 5799 ipsum

2024 5829 2327 5899 diligerent,
2374 5827 2767 5900 audirentque,
2804 5837 2856 5883 et.
2903 5828 3181 5882 crederent
3228 5825 3292 5879 iis
3337 5825 3588 5878 erunibus
