3842 6184
310 359 378 417 ετ
1601 360 1659 416 s.
1688 360 2041 421 .EPIPIIANII
2084 365 2262 422 Vim.
3488 377 3565 446 93

310 492 432 546 qua:
464 477 534 531 ab
564 476 681 544 ipso
713 474 1053 532 dicebantur.
1085 474 1476 546 Rogaruntque
1497 475 1858 548 Epiphanium

1988 483 2229 550 ἀκούειν,
2260 486 2352 540 καὶ
2385 488 2661 545 πιστεύειν
2693 492 2822 547 πᾶσι
2845 496 2952 562 τοῖς
2976 496 3325 571 λαλουμένοις
3346 502 3441 559 ὕπ’
3460 507 3558 562 αὖ-

310 576 371 622 ιιι
423 565 609 622 Romae
639 581 763 621 eum
801 567 881 622 eis
932 576 1266 633 versaretur,
1306 580 1358 623 et
1400 579 1548 627 esset
1590 571 1672 627 eis
1710 572 1763 625 in
1789 587 1886 642 pa-

313 669 471 712 trem.
521 657 857 728 Epiphanius
897 668 1078 714 autem
1128 667 1300 715 totum
1343 660 1486 714 diem
1529 661 1885 733 imperatores

307 748 538 803 docebat
565 749 803 804 assidue.

379 947 465 1002 LI.
524 946 833 1016 Aliquando
859 961 987 1002 eum
1021 947 1192 1002 tilium
1233 948 1453 1003 habere!
1483 962 1641 1004 soror
1667 963 1879 1015 eorum,

306 1056 428 1111 qua:
460 1040 754 1104 laborat-at,
800 1049 855 1096 et
881 1047 1071 1095 curata
1109 1038 1287 1094 fuerat
1328 1039 1397 1095 ab
1440 1038 1761 1110 Epiphanio,
1790 1056 1880 1097 ac-

305 1134 438 1188 cidit
469 1141 529 1187 ut
569 1148 692 1188 cum
727 1133 774 1188 is
827 1141 1166 1205 aegrotasset,
1221 1141 1473 1188 mortuus
1518 1133 1573 1188 in
1629 1133 1767 1189 lecto
1809 1134 1880 1190 sit

305 1235 573 1295 repertus.
613 1224 738 1281 Fuit
768 1240 996 1295 magnus
1024 1225 1206 1281 luctus
1234 1224 1289 1280 in
1313 1225 1439 1281 aula
1461 1225 1874 1296 imperatorum.

303 1317 609 1389 Epiphanio
640 1328 822 1375 autem
867 1318 1127 1375 dixerunt
1167 1318 1564 1388 imperatores:
1608 1316 1739 1385 Ora,
1776 1316 1878 1371 Pa-

304 1419 406 1473 tcr,
449 1425 548 1479 pro
587 1409 813 1475 infante,
875 1418 936 1466 ut
992 1425 1117 1465 eum
1190 1410 1384 1466 reddas
1434 1424 1629 1466 sanum
1691 1411 1874 1465 matri.

303 1499 449 1551 Dixit
478 1498 811 1569 Epiphanius
839 1516 852 1554 :
884 1498 1142 1564 Creditis,
1173 1499 1267 1553 [iiii
1289 1539 1303 1564 ,
1336 1514 1425 1554 me
1468 1499 1572 1554 hoc
1602 1513 1762 1570 posse
1803 1497 1878 1554 fa-

300 1592 480 1646 cere?
540 1591 805 1646 Dixerunt
859 1600 1041 1647 autem
1110 1592 1514 1662 imperatores:
1564 1589 1874 1659 Credimus,

299 1684 445 1753 quod
476 1685 620 1739 sicut
664 1683 861 1739 matris
887 1683 1004 1754 ejus
1039 1684 1289 1738 morbum
1333 1682 1555 1753 fugasti,
1603 1681 1674 1737 ita
1708 1683 1884 1737 etiam

299 1772 563 1828 infantem
595 1773 646 1828 ei
675 1772 859 1827 vivum
885 1771 1174 1842 praebebis.
1207 1770 1350 1826 Dixit
1376 1787 1504 1826 vero
1539 1770 1874 1842 Epiphanius

300 1864 722 1934 imperatoribus
756 1883 771 1919 :
807 1863 865 1918 Si
906 1863 1209 1918 surrexerit
1242 1862 1386 1918 titius
1418 1863 1624 1919 sororis
1659 1873 1872 1929 vestrae,

299 1956 628 2021 credetisne,
679 1963 734 2010 et
761 1953 1171 2024 baptizabimini
1209 1953 1262 2008 in
1315 1954 1538 2011 nomine
1581 1955 1875 2010 (iruciiixi?

303 2047 569 2105 Dixerunt
615 2047 975 2118 imperatores
1016 2046 1364 2117 Epiphanio:
1417 2046 1474 2101 Si
1523 2048 1875 2105 suscitat-eris

299 2139 584 2207 infantem,
630 2154 731 2194 nos
773 2140 1080 2206 credemus,
1125 2149 1180 2193 et
1225 2138 1644 2210 baptizabimur.
1699 2140 1872 2196 Acce-

296 2234 433 2287 dens
467 2242 648 2289 autem
698 2230 1043 2302 Epiphanius
1075 2232 1142 2286 ad
1184 2232 1406 2297 lectum,
1441 2231 1496 2286 in
1541 2246 1652 2308 quo
1689 2230 1871 2309 infans

290 2324 506 2394 jacebat
536 2332 807 2389 mortuus,
837 2338 960 2377 cum
982 2331 1153 2378 totum
1178 2322 1295 2392 ejus
1320 2336 1519 2391 corpus
1534 2320 1870 2377 contrectas-

294 2424 399 2479 sct,
430 2422 483 2468 et
509 2428 632 2467 eum
663 2423 874 2467 orasset
925 2413 1017 2481 qui
1044 2411 1339 2466 mortiﬁeat
1368 2421 1422 2466 et
1443 2411 1701 2472 viviﬁcat,
1735 2411 1872 2465 dixit

298 2518 467 2573 puero
493 2521 507 2557 :
540 2502 600 2557 in
625 2502 843 2557 nomine
872 2501 1087 2555 Domini
1113 2501 1283 2556 nostri
1315 2499 1442 2555 Jesu
1468 2499 1671 2554 Christi
1693 2500 1871 2555 cruci-

297 2593 388 2649 [ixi
426 2609 623 2663 surge;
669 2600 722 2645 et
753 2591 939 2647 statim
967 2606 1103 2659 puer
1156 2591 1297 2646 sedit
1327 2592 1379 2644 in
1413 2591 1570 2645 lecto.
1605 2589 1741 2645 Cum
1775 2605 1872 2644 an-

297 2694 403 2735 tem
452 2678 718 2735 vidissent
770 2679 1148 2748 imperatores,
1203 2678 1348 2748 quod
1394 2676 1731 2747 Epiphanius
1774 2694 1872 2748 per

295 2768 595 2823 orationem
614 2769 910 2825 suscitarat
932 2784 1181 2835 puerum,
1205 2766 1867 2838 rogaruntEpiphanium,

303 2868 361 2915 ut
401 2859 862 2915 illuminarentur.
895 2858 1050 2916 Tunc
1086 2858 1220 2914 dixit
1259 2858 1597 2929 Epiphanius
1638 2860 1870 2930 impera-

296 2953 548 3009 toribus:
597 2953 736 3010 Ecce
777 2953 1033 3023 pietatem
1079 2961 1319 3009 vestram
1355 2953 1409 3007 in
1456 2954 1711 3010 omnibus
1748 2969 1868 3010 sus-

302 3045 445 3114 cipio
479 3063 492 3099 :
522 3042 667 3099 Deus
691 3056 776 3100 est
808 3046 977 3110 enim,
1007 3044 1099 3115 qui
1138 3060 1237 3101 vos
1276 3044 1342 3099 ad
1379 3045 1481 3100 hoc
1505 3047 1725 3104 excitat.
1763 3046 1866 3104 Sed

299 3137 403 3190 hoc
446 3150 554 3189 non
584 3150 809 3206 possum
851 3135 1030 3193 facere
1072 3136 1284 3207 injussu
1324 3138 1563 3208 episcopi
1606 3137 1868 3196 Romanae

300 3225 574 3293 Ecclesiae,
605 3241 674 3281 ne
707 3227 867 3283 nobis
897 3227 1187 3284 irascatur.
1221 3230 1525 3287 Accersunt
1550 3232 1734 3302 itaque
1755 3232 1863 3287 im-

297 3326 575 3387 peratores
629 3318 969 3389 episcopum,
1034 3328 1090 3376 et
1131 3321 1179 3375 ei
1231 3321 1413 3375 omnia
1470 3331 1863 3392 exposuerunt.

306 3409 604 3479 Episcopus
647 3419 829 3464 autem
861 3426 1059 3489 magno
1091 3409 1194 3465 fuit
1227 3410 1451 3466 ati‘ectus
1483 3413 1702 3482 gamlio,
1739 3428 1862 3468 cum

299 3503 415 3556 haec
444 3501 710 3557 audiisset
752 3502 821 3557 ab
855 3501 1295 3573 imperatoribus,
1334 3513 1388 3559 et
1436 3504 1685 3572 permisit
1739 3504 1866 3575 Epi-

289 3589 513 3658 phanio,
544 3599 608 3644 ut
626 3590 929 3660 baptizaret
956 3600 1009 3646 et
1043 3592 1420 3662 imperatores,
1460 3603 1516 3649 et
1552 3609 1864 3655 eorum.soo

291 3697 489 3748 rorem,
518 3690 573 3737 et
598 3681 768 3737 tilium
796 3682 938 3752 ejus,
977 3698 1140 3754 quem
1175 3684 1461 3749 suscitavit
1503 3683 1860 3760 Epiphanius,

291 3789 416 3837 eum
441 3783 593 3832 esset
618 3784 889 3838 mortuus.

357 3866 462 3921 LII.
501 3867 635 3923 Cum
670 3868 899 3938 ingressi
939 3878 1120 3924 autem
1157 3880 1341 3928 essent
1371 3873 1425 3927 in
1456 3872 1858 3942 baptisterium,

294 3966 353 4013 ut
377 3958 817 4014 illuminarentur
860 3961 929 4016 ab
964 3960 1287 4032 Epiphanio,
1325 3963 1408 4018 eis
1437 3963 1587 4018 omni
1615 3962 1861 4018 exhibito

285 4051 612 4118 ministerio,
676 4051 955 4122 ingressus
1002 4062 1088 4108 est
1144 4056 1357 4124 primus
1402 4055 1716 4111 Arcadius:
1766 4053 1859 4124 qui

284 4143 503 4217 quidem
534 4153 661 4197 ante
699 4159 760 4200 se
809 4144 998 4199 habuit
1042 4153 1152 4200 tres
1184 4144 1333 4201 viros
1371 4158 1550 4203 vestes
1583 4154 1859 4219 gestantes

267 4222 564 4301 candidas,
597 4246 652 4291 et
677 4243 924 4292 tenentes
965 4236 1355 4307 Epiphanium,
1389 4252 1556 4293 unum
1586 4238 1802 4309 quidem
1827 4253 1856 4292 a

283 4327 513 4395 dextris,
559 4338 619 4389 et~
662 4343 832 4384 unum
868 4344 898 4384 a
927 4329 1185 4396 sinistris,
1216 4338 1271 4385 et
1299 4331 1530 4385 alterum
1580 4346 1741 4400 pone.
1807 4330 1858 4386 is

190 4474 199 4483 ,
280 4429 459 4473 autem
498 4433 697 4490 magno
726 4419 920 4473 timore
953 4429 1035 4475 est
1059 4419 1302 4479 ati'cctus.
1326 4418 1702 4490 Cognovitque
1733 4418 1858 4490 Epi-

1986 575 2080 629 τοῦ
2102 593 2116 609 ο
2145 580 2241 633 καὶ
2264 580 2604 651 παρεκάλουν
2627 584 2808 649 αὑτὸν,
2831 585 2972 641 ὥστε
2984 570 3224 661 συνεῖναι
3257 595 3443 661 αὐτοῖς
3465 599 3559 651 ἐπὶ
3574 570 3591 589 Χ

1984 665 2083 757 τῇς
2127 665 2363 739 Ῥώμης,
2398 671 2494 724 καὶ
2539 673 2779 741 γίνεσθαι
2821 660 2987 732 αὐτὸν
3014 683 3094 744 είς
3130 682 3477 757 πατέρα.Ἦν
3503 689 3559 742 δὲ

1998 755 2309 849 ἰδ-πιφάνιος
2337 760 2518 815 πᾶσαν
2541 763 2756 836 ἡμέραν
2791 766 3056 823 διδάσκων
3084 755 3286 837 αὐτοὺς
3309 775 3405 829 καὶ
3431 793 3560 849 στη-

1987 845 2169 916 ρίζων.

2053 940 2183 1028 NA'.
2224 941 2361 1007 ῌοτὲ
2390 943 2533 1013 γοῦν.
2564 940 2905 1018 υἱὸνέέχουσα
2938 951 2971 1021 ή
3002 952 3410 1026 ἀὰλφὴεαύτῶν
3436 958 3470 1028 ἡ
3498 957 3560 1011 τδ

1988 1027 2159 1094 πάθος
2201 1031 2486 1102 ἐσχηκυῖα,
2520 1033 2625 1088 καὶ.
2647 1035 3045 1107 θεραπευθεῖσα
3068 1042 3172 1096 ὑπὸ
3217 1027 3554 1115 Ἐπιφανίου,

1981 1118 2169 1189 ἔτυχεν
2216 1121 2403 1177 τοῦτον
2437 1123 2512 1197 μὴ
2556 1127 2985 1201 ἀρῤωστήσαντα
3027 1133 3317 1205 εὑρεθῆναι
3365 1140 3558 1211 νεκρὸν

1982 1211 2074 1265 ἐπὶ
2096 1212 2196 1284 τῆς
2229 1214 2450 1287 κλίνης·
2484 1217 2625 1272 ὥστε
2655 1220 2909 1288 γενέσθαι
2956 1223 3102 1295 μέγα
3144 1227 3354 1292 πένθος
3378 1230 3439 1284 ἐν
3477 1231 3557 1303 τῷ

1983 1304 2262 1378 βασιλικῷ.
2312 1304 2482 1363 Εἶπον
2524 1311 2581 1365 δὲ
2625 1315 2673 1366 oi
2721 1312 2961 1383 βασιλεῖς
3007 1318 3144 1388 πρὸς
3196 1305 3555 1390 Ἐπιφάνιοῖνέ

1985 1394 2305 1468 Ηρόσευξαι,
2352 1400 2556 1473 Πάτερ,
2614 1403 2754 1477 ὑπὲρ
2795 1406 2889 1459 τοῦ
2936 1408 3170 1476 παιδίου,
3208 1412 3357 1476 ὅπως
3398 1413 3557 1468 τοῦτο

1977 1486 2189 1558 ἀποδῷς
2213 1486 2391 1552 ζῶντα
2414 1493 2479 1562 τῇ
2510 1494 2677 1563 μητρὶ
2698 1495 2883 1549 αὑτοῦ.
2919 1494 3083 1551 Εἶπεν
3110 1499 3183 1552 δὲ·
3201 1502 3516 1572 Ἐπιφάνιος
3534 1522 3554 1536 ο

1979 1577 2087 1631 Kal
2114 1579 2396 1634 πιστεύετε
2419 1583 2502 1636 ὅτι
2532 1582 2767 1656 δύναμαι
2793 1586 2951 1641 τοῦτο
2981 1592 3232 1662 ποιῆσαι;
3266 1594 3379 1647 Kal
3401 1591 3557 1649 εἶπαν

1979 1667 2125 1738 αὑτῷ
2147 1669 2197 1721 oi
2224 1668 2494 1740 βασιλείςο
2526 1673 2863 1746 Πιστεύομεν
2885 1675 2968 1728 ὅτι
3008 1676 3083 1741 ὼς
3108 1678 3335 1745 ὲδίωξας
3362 1681 3424 1734 τὸ
3455 1684 3557 1737 πά-

1984 1757 2076 1823 θος
2100 1759 2207 1813 ἀπὸ
2233 1761 2332 1833 τῆς
2361 1762 2572 1835 μητρὸς
2599 1763 2693 1818 τοῦ
2715 1765 2947 1832 παιδίου,
2975 1767 3116 1823 οὕτω
3148 1770 3240 1823 καὶ
3265 1771 3326 1824 τὸ
3346 1773 3557 1837 παιδίον

1982 1854 2351 1925 παραστήσεις
2376 1857 2442 1926 τῇ
2481 1856 2647 1927 μητρὶ
2679 1856 2875 1921 ζῶντα.
2908 1854 3074 1912 Εἶπεν
3103 1859 3159 1914 δὲ
3187 1861 3369 1926 αὐτοῖς
3401 1863 3555 1918 Ἐπι-

1984 1945 2198 2013 φάνιος·
2247 1944 2373 1999 Ἐὰν
2409 1947 2612 2019 ἀναστῇ
2645 1950 2673 2001 6
2699 1948 2812 2013 υίὸς
2850 1949 2951 2020 τῆς
2989 1950 3222 2023 ἀδελφῆς
3253 1953 3428 2027 ὑμῶν,
3459 1973 3561 2009 πι-.

1982 2035 2198 2089 στεύετε
2225 2037 2318 2090 καὶ
2349 2036 2672 2108 βαπτίζεσθε
2705 2040 2785 2104 είς
2802 2040 2864 2093 τό
2892 2040 3061 2113 ὄνομα
3081 2044 3175 2096 τοῦ
3200 2047 3554 2118 ὲσταυρωμέι
3600 2088 3611 2097 .

1979 2143 2102 2192 νου;
2141 2129 2203 2183 0i
2239 2127 2478 2199 βασιλεῖς
2505 2127 2685 2183 εἷπον·
2730 2131 2854 2185 Ἐὰν
2885 2134 3197 2210 ἀναστήσῃς
3232 2137 3324 2190 τὸν
3364 2140 3553 2206 παῖδα,

1977 2215 2138 2289 ἡμεῖς
2151 2219 2511 2291 πιστεύσομεν
2526 2220 2618 2274 καὶ
2632 2221 3022 2292 βαπτισόμεοα.
3042 2223 3294 2295 Ἑγγίσας
3305 2223 3396 2282 οὖν
3411 2230 3553 2285 Ἐπι-

1978 2310 2166 2379 φάνιος
2191 2311 2283 2364 ἐπὶ
2330 2311 2431 2384 τῆς
2469 2312 2660 2385 κλίνης
2702 2313 2797 2367 τοῦ
2844 2315 3078 2384 παιδίου,
3111 2319 3205 2372 καὶ
3247 2323 3555 2392 σφραγίσας

1977 2402 2140 2459 αὐτοῦ
2188 2404 2306 2464 ὅλον
2352 2405 2415 2459 τὸ
2463 2405 2641 2477 σῶμα,
2672 2407 2768 2461 καὶ
2811 2410 3247 2480 προσευξάμενος
3276 2413 3355 2484 τῷ
3383 2414 3550 2469 θανα-

1977 2494 2157 2548 τοῦντι
2190 2496 2282 2549 καὶ
2315 2494 2689 2565 ζωογονοῦντι,
2715 2494 2867 2554 εἶπεν
2901 2501 3035 2573 πρὸς
3052 2502 3143 2556 τὸν
3183 2504 3367 2559 παῖδα’
3399 2506 3555 2561 Ἀνά-

1980 2600 2112 2649 στα,
2162 2586 2383 2654 τέκνον,
2437 2589 2495 2642 ὲν
2545 2588 2623 2660 τῷ
2675 2592 2897 2661 ὀνόματι
2948 2593 3122 2664 Ἰησοῦ
3171 2596 3406 2667 Χριστοῦ
3456 2597 3552 2651 τοῦ

1976 2676 2412 2747 ἐσταυρωμένον.
2444 2678 2554 2731 Kal
2586 2679 2789 2743 εὐθέως
2832 2681 2862 2734 6
2911 2686 3038 2747 παῖς
3087 2685 3408 2740 ἀνεκάθισεν
3458 2689 3565 2742 ἐπὶ-

1973 2766 2073 2838 τῆς
2101 2767 2286 2839 κλίνης
2317 2769 2501 2824 αὐτοῦ.
2536 2770 2666 2826 Τότε
2700 2772 3086 2840 πιστεύσαντες
3110 2777 3447 2848 οἱβασιλεῖς,
3470 2780 3552 2833 ὅτι

1976 2857 2268 2928 ἀνέστησεν
2284 2856 2596 2930 Ἐπιφάνιος
2620 2860 2708 2915 διὰ
2732 2864 3035 2935 προσευχῆς
3055 2865 3145 2918 τὸν
3186 2867 3368 2930 παῖδα,
3407 2885 3552 2939 παρ-

1974 2949 2200 3004 εκάλουν
2233 2951 2395 3005 αὐτὸν
2421 2952 2568 3017 ὅπως
2593 2955 2817 3023 φωτίσει
2850 2955 3063 3020 αὐτούς.
3088 2952 3263 3014 Εἶπεν
3277 2958 3337 3023 δὲ
3366 2960 3565 3016 aiatait:

1987 3040 2330 3112 Ἐπιφάνιοςο
2371 3043 2500 3098 Ἰδοὺ
2552 3043 2614 3113 δὴ
2648 3047 2704 3098 ἐν
2738 3047 2902 3099 πᾶσιν
2957 3046 3287 3119 ἀποδέχομαι
3328 3049 3428 3120 τὴν
3467 3050 3551 3102 efr-

1976 3132 2190 3187 σέϐειαν
2217 3134 2391 3204 ὑμῶν,
2436 3135 2570 3190 διότι
2604 3138 2632 3190 6
2655 3135 2787 3201 Θεός
2813 3138 2960 3192 ἐστιν
2986 3140 3014 3193 6
3041 3140 3266 3212 ἐγείρων
3287 3141 3433 3212 ὑμᾶς
3459 3143 3552 3196 ἐπὶ

1970 3224 2147 3280 τοῦτο.
2178 3225 2326 3297 Πλὴν
2354 3228 2484 3297 παρ’
2515 3229 2813 3302 ἐπιτροπὴν
2854 3230 2945 3285 τοῦ
2987 3232 3286 3285 ἐπισκόπου
3329 3233 3551 3305 Ῥώμης

1971 3317 2031 3370 οὐ
2061 3317 2295 3388 δύναμαι
2317 3318 2476 3372 τοῦτο
2518 3321 2770 3393 ποιῆσαι·
2807 3324 3013 3394 μήποτε
3044 3325 3136 3378 καὶ
3167 3324 3378 3396 λυπηθῇ
3415 3326 3551 3398 πρὸς

1975 3410 2063 3479 μέ.
2099 3411 2163 3463 Οί
2208 3407 2301 3464 οὖν
2341 3410 2580 3480 βασιλεῖς
2623 3412 2824 3477 εὐθέως
2859 3414 3302 3484 μεταστέλλονται
3331 3415 3424 3470 τὸν
3450 3416 3551 3486 τῆς

1982 3503 2269 3573 Ῥωμαίων
2324 3503 2651 3575 Ἐκκλησίας
2694 3504 3023 3567 ἐπίσκοπον,
3080 3505 3169 3560 καὶ
3226 3506 3548 3577 ἐξηγοῦνται

1969 3593 2117 3663 αὐτῷ
2167 3595 2439 3650 πάντα.⁹0
2479 3594 2537 3649 δὲ
2568 3596 2863 3660 ἐπίσκοπος
2892 3598 3058 3670 ἐχάρη
3102 3598 3275 3671 χαρὰν
3306 3599 3549 3671 μεγάλην

1969 3683 2208 3748 ἀκούσας
2248 3683 2397 3758 παρά
2430 3683 2538 3740 τῶν
2575 3684 2841 3756 βασιλέων
2882 3687 3075 3751 ταῦτα,
3110 3688 3203 3742 καὶ
3245 3687 3550 3760 ἐπέτρεψεν

1981 3775 2283 3848 Ἐπιφανίῳ
2312 3775 2571 3847 βαπτίσαι
2603 3777 2825 3841 αὐτούς(

2036 3867 2163 3924 NB’.
2215 3868 2303 3933 Ὠς
2330 3867 2389 3922 δὲ
2411 3868 2655 3940 εἰσῆλθον
2678 3869 2740 3923 ἓν
2771 3868 2849 3939 τῷ
2882 3867 3246 3941 φωτιστηρίῳ,
3269 3870 3418 3933 ὅπως
3444 3869 3546 3940 βα-

1967 3958 2260 4015 πτυισθῶσιν
2291 3959 2394 4014 ὑπὸ
2422 3960 2756 4029 Ἑπιφανίου,
2790 3959 2882 4013 xal
2904 3959 3004 4026 τῆς
3026 3959 3204 4029 πάσης
3224 3959 3547 4025 ἀκολουθίας

1967 4051 2282 4122 γενομένης,
2331 4049 2582 4121 εἰσῆλθεν
2626 4050 2839 4122 πρῶτος
2897 4050 3176 4122 Ἀρκάδιος
3226 4051 3320 4104 καὶ
3368 4066 3544 4123 προσ-

1966 4144 2141 4213 ἐσχεν·
2171 4144 2267 4196 καὶ
2294 4142 2403 4197 ἰδοὺ
2425 4146 2573 4215 τρεῖς
2597 4140 2789 4213 ἄνδρες
2808 4141 3002 4205 στολὰς
3028 4140 3227 4205 λευκὰς
3249 4142 3545 4214 φοροῦντες

1965 4234 2344 4306 παρεκράτουν
2390 4234 2481 4288 τὸν
2519 4234 2852 4303 Ἐπιφάνιον,
2886 4232 2983 4287 ἕνα
3022 4235 3086 4287 ὲκ
3109 4233 3298 4299 δεξιῶν
3327 4234 3423 4287 καὶ
3446 4235 3547 4289 ἕνα

1966 4325 2025 4389 ἐξ
2058 4325 2373 4396 εὐωνύμων,
2405 4324 2798 4378 ἀκολουθοῦντα
2823 4326 2881 4379 δὲ
2911 4325 3000 4378 τὸν
3028 4325 3213 4397 ἕτερον
3241 4326 3419 4379 ὀπίσω
3441 4328 3543 4381 αὺ-

1961 4416 2077 4473 τοῦ.
2106 4418 2217 4470 Kal
2242 4415 2481 4488 ἐφοϐήθη
2501 4415 2671 4486 ’φόϐον
2707 4417 3089 4488 μέγαν.“’Βγνω
3110 4413 3204 4470 οὖν
3223 4417 3541 4485 Ἐπιφάνιος

280 4510 517 4579 phanius
554 4523 619 4564 ex
654 4508 801 4562 vultu
837 4508 1082 4573 Arcadii,
1118 4509 1264 4578 quod
1304 4507 1514 4563 viderat
1560 4507 1852 4570 visionem,

1974 4509 2070 4562 Ξιπδ
2096 4509 2189 4563 τοῦ
2219 4507 2508 4582 προσώπου
2533 4509 2841 4579 Ἀρκαδίου,
2873 4509 2965 4562 ὅτι»
2979 4510 3243 4563 ὀπτασίαν
3270 4509 3538 4582 ἑώρακεν·

279 4613 334 4657 et
364 4602 503 4656 dixit
549 4598 867 4671 imperatori
898 4619 912 4656 :
953 4601 1195 4655 Attende
1230 4599 1348 4666 tibi,
1407 4614 1441 4655 ο
1472 4599 1571 4667 ﬁli,
1606 4606 1670 4653 etv
1701 4613 1851 4655 cave.

281 4696 504 4755 Solebat
540 4694 688 4748 enim
736 4691 1077 4762 Epiphanius
1120 4691 1393 4745 neminem
1433 4690 1649 4744 mittere
1687 4689 1739 4742 in
1768 4689 1852 4757 pi—

277 4789 511 4854 scinam,
560 4788 737 4842 donec
790 4798 933 4853 aqua
981 4781 1318 4837 turbaretur.
1377 4781 1672 4851 Postquam
1722 4797 1852 4838 vero

280 4880 383 4935 fuit
429 4878 768 4934 illuminatus
809 4875 1100 4939 Arcadius,
1149 4873 1489 4929 illuminatus
1539 4873 1641 4928 fuit
1686 4875 1850 4930 etiam

280 4970 577 5035 Honorius,
608 4977 662 5025 ct
689 4969 937 5025 eamdem
984 4978 1205 5037 quoque
1251 4965 1385 5018 vidit
1431 4965 1721 5021 visionem.
1768 4965 1855 5019 Si-

280 5061 483 5115 militer
498 5062 657 5116 etiam
680 5061 828 5129 ﬁlius
854 5057 1060 5115 sororis
1076 5071 1289 5111 eorum.
1314 5053 1501 5126 [Jussu
1521 5065 1700 5111 autem
1721 5054 1853 5126 Epi-

278 5152 484 5224 phanii,
518 5152 732 5221 suscepi
758 5166 858 5221 ego
882 5149 1174 5205 Arcadium
1201 5163 1266 5203 ex
1298 5146 1663 5217 baptismate;
1703 5145 1855 5203 lsaae

280 5252 410 5293 vero
449 5237 772 5302 Honorium,
824 5245 878 5292 et
919 5238 1141 5307 quidam
1181 5236 1469 5292 eunuchus
1506 5236 1853 5293 Christianus

279 5340 329 5386 et
363 5329 507 5401 pius,
535 5329 706 5384 tilium
736 5330 944 5384 sororis
971 5345 1185 5385 eorum.
1225 5327 1404 5400 Ipsam
1436 5344 1568 5384 vero
1604 5345 1849 5386 sororem

272 5422 590 5496 Prociiana,
625 5435 747 5491 qua:
777 5428 895 5476 erat
917 5437 1055 5475 uxor
1076 5422 1241 5476 unius
1268 5436 1335 5477 ex
1361 5420 1654 5494 patriciis.]
1688 5420 1849 5477 Post-

282 5529 449 5586 quam
495 5522 675 5568 autem
726 5510 765 5565 ii
794 5509 1018 5566 fuerunt
1050 5512 1362 5580 illuminati,
1390 5521 1598 5585 septem
1636 5507 1752 5568 dies
1774 5512 1847 5568 ibi

273 5608 479 5678 peregit
520 5604 859 5677 Epiphanius
906 5611 1031 5674 post
1074 5604 1523 5669 illuminationem
1552 5646 1567 5669 ,
1613 5621 1711 5662 eos
1751 5606 1848 5661 do-

285 5717 411 5759 rens
441 5699 508 5755 de
532 5698 877 5768 baptismate.
899 5694 1195 5767 Postquam
1225 5712 1354 5752 vero
1381 5709 1559 5756 vestes
1588 5700 1846 5756 candida-

293 5805 375 5852 tas
409 5791 800 5866 deposuerunt,
833 5792 1046 5851 duobus
1090 5790 1505 5860 imperatoribus
1553 5794 1679 5847 dixit
1733 5794 1844 5863 Epi-

1963 4601 2056 4655 καὶ
2080 4598 2233 4655 εἶπεν
2264 4600 2401 4673 πρὸς
2425 4600 2616 4654 αὐτόν·
2653 4600 2895 4672 Πρόσεχε
2937 4600 3167 4672 σεαυτῷ,
3201 4601 3414 4665 τέκνον,
3447 4603 3545 4656 καὶ

1961 4693 2053 4747 ἔσο
2078 4693 2381 4764 φυλάττων.
2413 4692 2607 4747 Εἰώθει
2635 4693 2692 4747 δὲ
2712 4691 3044 4762 Ἐπιφάνιος.
3069 4693 3174 4757 ἕως
3201 4694 3450 4766 ταραχθῇ
3482 4696 3545 4747 τὸ

1962 4783 2125 4854 ὕδωρ,
2156 4785 2359 4856 μηδένα
2391 4783 2645 4855 ἐμϐαλεῖν
2684 4784 2765 4847 είς
2806 4784 2905 4854 τὴν
2950 4783 3352 4856 κολυμϐήθραν.
3385 4785 3545 4839 Μετά

1959 4875 2016 4928 δὲ
2059 4875 2121 4929 τὸ
2167 4874 2836 4945 φωτισθῆναιιἈρκάδιον,
2887 4873 3200 4945 εἰσήνεγκεν
3238 4875 3333 4927 καὶ
3374 4873 3541 4927 ’0νὼ-

1963 4983 2098 5038 ριον,
2137 4966 2237 5019 καὶ
2255 4964 2353 5037 τὴν
2383 4964 2551 5037 αὐτὴν
2579 4964 2849 5018 ὀπτασίαν
2867 4964 2993 5019 ἴδεν.
3026 4964 3135 5018 Καὶ
3162 4964 3333 5028 οὕτως
3354 4965 3544 5019 λοιπὸν

1959 5058 2225 5129 κατῆλθεν
2255 5059 2283 5112 6
2306 5056 2420 5120 υίὸς
2442 5057 2543 5128 τῆς
2566 5056 2799 5128 ἀδελφῆς
2819 5056 3016 5110 αὐτῶν.
3038 5056 3146 5111 Kal
3163 5056 3300 5128 αὓτη
3328 5060 3360 5129 ἡ
3385 5058 3543 5111 ἀδελ-

1961 5151 2037 5222 φὴ
2095 5149 2274 5204 αὐτῶν
2311 5148 2641 5222 Προκλιανὴ,
2669 5149 2792 5218 ἥτις
2818 5145 2889 5221 ἦν
2921 5148 3038 5212 ἑνὸς
3080 5149 3189 5203 τῶν
3235 5150 3544 5220 πατρικίων

1957 5242 2116 5313 γυνή.
2149 5241 2302 5295 Μετά
2325 5241 2382 5295 δὲ
2401 5240 2463 5293 τὺ
2483 5239 2840 5311 βαπτισθῆναι
2866 5241 3084 5305 αὐτοὺς,
3111 5241 3366 5310 ἐποίησεν
3389 5240 3541 5296 'E'm-

1957 5334 2146 5403 φάνιος
2172 5333 2270 5397 τὰς
2311 5332 2354 5397 ζ’
2387 5332 2600 5404 ἡμέρας
2626 5334 2743 5403 μετ’
2779 5332 2977 5395 αὐτῶν,
3019 5332 3283 5386 διδάσκων
3317 5333 3535 5397 αὐτούς.

1963 5427 2075 5480 Καὶ
2098 5425 2234 5496 μετά
2262 5425 2323 5478 τὸ
2355 5424 2578 5489 ἀλλάξαι
2610 5425 2806 5490 αὐτοὺς
2833 5423 2932 5489 τὰς
2975 5424 3339 5494 νεοφωτίστας
3376 5426 3538 5495 ἐσθῆ-

1955 5535 2077 5583 τας,
2113 5514 2266 5571 εἶπεν
2296 5518 2614 5588 Ἐπιφάνιος
2640 5520 2750 5580 τοῖς
2774 5517 2898 5570 δυσὶ
2927 5517 3235 5589 βασιλεῦσιν
3253 5535 3269 5549 ·
3303 5518 3533 5583 Μένετε,

1956 5610 2109 5682 φησὶ,
2141 5608 2349 5676 τέκνον,
2374 5613 2431 5663 ἐν
2462 5607 3013 5673 καταστάσει.”Λύκος
3036 5609 3145 5681 γὰρ
3169 5610 3323 5680 ὑμῶν
3350 5608 3534 5667 οὐκέτι

1955 5701 2267 5774 κυριεύσει·
2296 5700 2509 5773 ἀπέδρα
2541 5701 2723 5771 ὀδύνη,
2752 5700 3047 5772 καὶίλύπη,
3066 5700 3159 5756 καὶ
3191 5701 3492 5770 στεναγμός
3516 5718 3529 5733 ·

1955 5796 2141 5850 ἔσεσθε
2189 5794 2543 5869 προσέχοντες
2572 5797 2636 5865 τῇ
2670 5794 2981 5856 ἀναστάσει,
3010 5794 3102 5848 καὶ
3156 5793 3228 5866 μὴ
3272 5792 3530 5849 λυπεῖσθε
