3808 6126
286 348 364 403 89'
1577 338 1633 395 S.
1671 334 1865 394 ΕΡῙΡΗ

1975 337 2010 391 ll
2055 337 2239 398 VITA.
3478 342 3552 399 90

296 466 390 517 ἐπὶ
440 465 549 527 τοῖς
602 460 974 533 ἐξερχομένοις
1019 460 1127 514 ἀπὸ
1168 455 1317 513 τοῦδε
1368 456 1460 511 τοῦ
1492 456 1643 526 βίον·
1679 457 1728 509 οἱ
1760 453 1865 523 γάρ

1975 425 2248 521 ριιιιηίυεέ
2304 454 2513 511 Illancte
2546 456 2819 527 deinceps,
2872 472 2919 511 α
2957 457 3084 522 lilii,
3138 457 3282 514 bono
3338 474 3547 514 animo.

297 553 517 625 Χριστῷ
550 550 938 612 πιστεύσαντες
962 548 1192 619 Χριστὸν
1220 546 1554 602 ὲνεδύσαντο,
1586 544 1675 597 καὶ
1711 542 1870 596 αὐτὸν

300 643 493 714 βοηθὸν
509 641 741 711 ἔχουσιν.
761 638 960 692 Μέλλει
986 636 1115 708 γάρ,
1138 637 1304 708 φησὶν
1319 634 1415 706 (η),
1437 634 1497 688 τὸ
1520 634 1650 687 ποτὲ
1665 631 1871 686 ἀποθα-

297 735 455 794 νόντα
486 733 579 786 καὶ
608 730 933 795 ἀναστάντα,
958 729 1191 783 λαϐόντα
1236 728 1335 799 τὴν
1365 728 1544 799 χάριν,
1574 723 1869 778 ἀπελεύσε-

299 825 422 878 σθαι
460 823 597 894 πρδς
639 822 729 874 τὸν
777 822 1023 892 Σωτῆρα,
1059 820 1154 873 καὶ
1184 818 1409 889 ὄψεσθαι
1451 816 1613 871 αὐτὸν
1656 817 1715 869 ἐν
1740 812 1868 884 δόξῃ

296 912 511 987 μεγάλῃ
539 911 1020 982 παρακαλούμενον
1047 910 1138 964 ὑπ’
1164 909 1429 978 ἀγγέλων.
1453 909 1535 978 Τῇ
1561 901 1653 960 οὗν
1674 904 1864 964 ἕωθεν,

295 1006 370 1068 ὡς
402 1002 470 1078 ἦν
500 1005 814 1073 Ἐπιφάνιος
842 1005 900 1056 ὲν
929 1002 1008 1073 τῷ
1046 1000 1313 1072 βασιλικῷ
1339 999 1571 1070 ταμιείῳ
1602 997 1866 1055 διδάσκων

293 1097 421 1160 τοὺς
452 1095 711 1166 βασιλεῖς,
759 1093 951 1147 εὐωδία
983 1111 1066 1157 τις
1098 1092 1310 1162 ἐγένετο
1337 1093 1397 1144 ὲν
1427 1090 1506 1161 τῷ
1554 1090 1704 1158 μέσῳ
1733 1087 1838 1142 πάν
1856 1116 1867 1125 -

295 1204 403 1243 των
450 1187 628 1258 ἡμῶν.
675 1182 840 1240 Εἶπεν
885 1186 943 1239 δὲ
995 1185 1311 1253 Ἑπιφάνιος
1358 1184 1470 1245 τοῖς
1517 1178 1824 1251 βασιλεῦσιν
1849 1194 1862 1209 ·

294 1274 673 1336 Ἀναστάντες,
701 1273 884 1343 φησὶν,
934 1270 1181 1337 εὔξασθε,
1212 1271 1314 1325 olet
1348 1269 1444 1324 τοῦ
1479 1264 1786 1339 φωτόςῘΗν
1809 1267 1867 1320 δὲ

291 1366 356 1419 τὸ
382 1365 594 1425 παιδίον
623 1364 1015 1434 κατακείμενον
1043 1361 1136 1415 ἐπὶ
1181 1361 1283 1432 τῆς
1326 1361 1514 1432 κλίνης
1533 1377 1546 1390 ·
1580 1360 1675 1413 καὶ
1708 1360 1865 1429 ποιή-

297 1473 490 1519 σαντος
522 1456 838 1523 Ἐπιφανίου
863 1455 962 1525 τὴν
992 1453 1176 1525 εὐχὴν,
1207 1454 1444 1524 ἥκουσαν
1475 1451 1673 1514 πάντες
1711 1453 1763 1509 oi
1807 1452 1865 1503 ὲν

290 1545 371 1616 τῷ
405 1543 665 1615 βασιλικῷ
699 1544 928 1615 ταμιείῳ
975 1544 1050 1608 ὡς
1080 1543 1237 1613 δχλου
1272 1539 1465 1594 πολλοῦ
1513 1540 1760 1608 λέγοντος
1804 1537 1865 1593 τὸ

290 1636 351 1689 *Α
362 1638 470 1707 μήν
490 1653 503 1668 ο
532 1636 623 1688 καὶ
653 1635 714 1688 τὺ
739 1634 1019 1707 παιδάριον
1047 1634 1249 1697 εὐθέως
1279 1631 1591 1704 παρέδωκεν
1617 1632 1677 1684 τὸ
1705 1630 1864 1685 πνεῦ-

295 1745 394 1797 μα.
424 1727 750 1796 Ἐμειναμεν
806 1726 863 1778 δὲ
914 1723 1308 1781 ἐνιαυτὸνὸλον
1353 1724 1410 1781 ὲν
1446 1720 1653 1794 Ῥώμῃ,
1687 1720 1862 1773 Πολλὰ

289 1819 350 1872 δὲ
385 1820 480 1872 καὶ
511 1818 647 1873 ἄλλα
688 1818 943 1888 ἐποίησεν
975 1816 1345 1884 ἁἘπιφάνιος
1388 1817 1587 1885 σημεῖα
1629 1813 1721 1867 ἐπὶ
1764 1812 1864 1884 τῆς
1900 1806 1945 1857 Β

304 1908 648 1979 Ῥώμης.Ὧς
681 1908 737 1961 δὲ
764 1907 977 1978 ἔκρινεν
1006 1908 1317 1976 Ἐπιφάνιος
1340 1904 1611 1959 ἀποπλεῖν-
1630 1904 1775 1975 ἡμᾶς
1809 1905 1864 1957 ὲν

289 2001 358 2071 τῇ
396 1998 627 2069 Κύπρῳ,
663 1992 817 2051 εἷπον
839 1999 890 2051 οἱ
918 1996 1157 2068 βασιλεῖς
1206 1998 1343 2069 πρὸς
1368 1994 1684 2064 Ἐπιφάνιυν
1705 2010 1719 2025 ο
1751 1992 1860 2050 Ad-

292 2089 377 2155 ϐε,
432 2090 615 2160 φησὶν,
667 2083 713 2142 ὦ
761 2090 964 2159 Πάτερ,
1008 2092 1106 2159 τὴν
1153 2087 1353 2159 χρείαν.
1378 2086 1476 2156 τῆς
1516 2084 1865 2156 Ἐκκλησίαῆ

290 2184 440 2245 ὅπως
468 2181 727 2253 παρέχεις
750 2183 862 2243 τοῖς
887 2178 1180 2251 δεομένοις.
1210 2173 1379 2232 Εἶπεν
1421 2177 1685 2243 δὲαύτοῖς
1715 2174 1867 2228 Ἐπι-

289 2274 517 2343 φάνιος·
557 2274 765 2344 Ὑμεῖς,
810 2273 996 2333 τέκνα,
1032 2273 1230 2329 ποιεῖτε
1272 2269 1300 2324 δ
1336 2268 1684 2323 άπαιτεῖσθε’
1711 2264 1867 2335 κάγὼ
1898 2281 1937 2299 λ

289 2365 466 2441 χαίρω
491 2364 583 2419 ἐπὶ
607 2366 672 2435 τῇ
698 2362 853 2435 ὑμῶν
879 2362 1139 2417 ἐπιδόσει.
1162 2360 1323 2436 Ἐμοὶ
1341 2359 1397 2413 δὲ
1431 2358 1596 2430 βάρος
1630 2356 1703 2429 μὴ
1728 2372 1869 2427 παρ-

290 2453 464 2525 έχετε.
482 2456 541 2507 '0
570 2454 677 2525 γάρ
706 2455 837 2516 Θεός
866 2471 967 2525 μου
1007 2454 1139 2506 πᾶσι
1166 2452 1341 2505 πάντα
1370 2451 1619 2522 παρέχει,
1652 2449 1866 2519 διατρέ-

290 2565 408 2621 φων
431 2546 637 2610 πάντας
668 2546 727 2598 έν
751 2544 887 2616 τῷδε
914 2544 989 2615 καῖ)
1025 2543 1432 2615 βίῳ.⁹Ηνεγκαν
1466 2541 1523 2595 δὲ
1549 2542 1599 2594 oi
1631 2540 1869 2611 βασιλεῖς

290 2639 427 2691 πολὺ
465 2638 712 2709 χρυσίον·
747 2638 842 2690 καὶ
870 2637 968 2689 ούκ
999 2635 1215 2702 ἐδέξατο
1240 2633 1556 2702 Ἐπιφάνιος
1581 2632 1640 2698 ἐξ
1663 2629 1863 2696 αὐτῶν,

288 2729 425 2783 ἀλλὰ
458 2730 655 2799 ἄρτους
695 2727 908 2796 ὀλίγους
952 2727 1109 2797 μόνον
1133 2721 1284 2779 εἶπεν
1312 2725 1487 2779 ἐλθεῖν
1516 2727 1596 2789 είς
1630 2724 1867 2796 μετάλη-

288 2828 382 2894 ψιν
405 2806 568 2895 ἡμῶν
586 2826 643 2877 ὲν
668 2822 745 2894 τῷ
768 2823 956 2894 πλοίῳ.
981 2822 1317 2893 Ἀπάραντες
1346 2818 1441 2875 οὗν
1463 2820 1572 2875 ἀπὸ
1598 2821 1698 2891 τῆς

292 2934 402 2987 μης
443 2914 618 2980 οὕτως
648 2918 1066 2986 κατηντήσαμεν
1089 2913 1175 2966 διὰ
1207 2920 1258 2983 μ’
1285 2911 1507 2984 ἡμερῶν
1546 2914 1604 2964 ὲν
1634 2909 1866 2981 Κύπρῳ,

288 3010 384 3063 καὶ
412 3008 658 3073 ἐδέξαντο
691 3009 839 3081 ἡμᾶς
864 3010 912 3062 οἱ
942 3006 1162 3077 ἀδελφοὶ
1192 3005 1329 3077 μετὰ
1355 3005 1531 3075 χαρᾶς
1568 3003 1831 3075 μεγάλης.

1978 541 2165 612 Lupus
2189 544 2333 598 enim
2365 544 2434 598 ad
2472 559 2570 599 vos
2610 561 2717 598 non
2754 546 2996 601 accedet.
3042 545 3189 600 Abiit
3243 546 3443 609 luctus,
3498 557 3552 601 et

1977 631 2154 697 dolor,
2187 638 2244 686 et
2288 633 2543 703 gemitus.
2598 631 2924 703 Exspectate
2975 635 3455 700 resurrectionem,
3500 648 3559 691 et-

1979 724 2146 779 nolite
2167 724 2305 779 allici
2355 725 2573 780 tristitia
2621 726 2692 782 ob
2736 741 2853 791 eos,
2886 727 2980 796 qui
3007 742 3071 781 ex
3119 728 3222 785 hac
3250 727 3359 783 vita
3390 743 3556 783 exesa

1975 817 2114 872 dunt
2160 838 2173 873 :
2214 817 2494 871 Christum
2533 817 2679 872 enim
2730 808 3012 883 habentés,
3062 820 3335 875 Christum
3363 822 3548 877 indue-

1986 915 2138 962 runt.
2174 905 2316 961 Puer
2347 906 2514 973 enim,
2575 908 2670 976 qui
2703 906 2805 961 fuit
2853 908 3145 977 aliquando
3189 920 3457 977 mortuus,
3494 920 3556 967 et:

1974 999 2292 1062 resurrexit,
2320 998 2435 1068 iam
2470 1008 2691 1068 accepta
2723 999 2897 1070 gratia
2937 1000 3116 1057 iturus
3148 1013 3229 1057 est
3260 1003 3326 1057 ad
3356 1001 3547 1058 Salva-

1977 1099 2169 1146 torem.
2210 1090 2476 1145 Videbitis
2503 1090 2723 1160 angelos
2752 1106 2878 1145 eum
2907 1091 2960 1144 in
2998 1107 3190 1161 magna
3220 1093 3393 1163 gloria
3416 1108 3547 1148 eon-

1974 1180 2161 1235 solari.
2192 1179 2522 1251 Maneergo,
2565 1196 2687 1235 eum
2718 1191 2861 1237 esset
2890 1182 3225 1252 Epiphanius
3254 1183 3456 1241 docens
3493 1185 3559 1239 in.

1974 1266 2098 1323 aula
2144 1266 2561 1335 imperatorum,
2610 1268 2784 1323 oritur
2830 1270 3051 1338 quidam
3099 1273 3284 1328 suavis
3317 1272 3453 1327 odor
3491 1275 3556 1332 in.

1975 1358 2156 1413 medio
2198 1359 2463 1416 omnium.
2516 1358 2658 1413 Dixit
2696 1370 2875 1417 autem
2929 1362 3264 1431 Epiphanius
3308 1364 3544 1435 impera-

1975 1450 2232 1505 toribus:
2267 1450 2503 1520 Surgite,
2534 1460 2706 1517 orate,
2754 1452 2848 1505 lilii
2886 1453 3042 1508 lueis.
3080 1452 3316 1510 'Jaeehat
3365 1464 3557 1513 autem.

1975 1554 2108 1608 puer
2135 1540 2185 1593 iu
2213 1539 2373 1596 lecto.
2409 1542 2545 1597 Cum
2582 1552 2773 1601 autem.
2808 1542 3140 1613 Epiphanius
3182 1544 3396 1602 fecisset
3426 1564 3541 1606 ora:

1976 1632 2172 1685 tionem
2200 1671 2217 1695 ,
2265 1632 2556 1687 audierunt
2587 1648 2799 1697 omnes,
2828 1635 2921 1705 qui
2952 1646 3110 1695 erant
3144 1636 3198 1694 in
3228 1622 3561 1707 aularegia,

1974 1724 2136 1777 veluti
2168 1723 2570 1779 multitudinem
2600 1727 2892 1795 quamdam
2919 1728 3210 1794 dicentem,
3239 1730 3433 1785 Amen.
3467 1730 3534 1783 Et

1971 1829 2105 1883 puer
2132 1814 2313 1869 statim
2344 1815 2564 1873 tradidit
2588 1817 2864 1886 spiritum.
2900 1818 3200 1878 Mansimus
3217 1836 3346 1875 vero
3369 1836 3540 1887 unum

1971 1919 2175 1961 annum
2212 1904 2415 1961 Romae.
2447 1906 2616 1960 Multa
2648 1916 2828 1961 autem
2868 1907 2974 1961 alia
3005 1923 3224 1978 quoque
3253 1908 3440 1968 Romae
3463 1910 3546 1966 fe-

1971 1994 2044 2047 eit
2091 1992 2448 2065 Epiphanius.
2492 1996 2786 2067 Postquam
2836 2013 2967 2053 vero
3007 1999 3245 2056 decrevit
3290 2003 3551 2074 navigare

1972 2086 2023 2140 in
2053 2083 2315 2154 Cyprum,
2368 2086 2724 2157 imperatores
2766 2088 3019 2147 dixerunt
3056 2088 3397 2159 Epiphanio:
3443 2094 3548 2148 Ac-

1970 2167 2110 2236 cipe,
2150 2166 2330 2233 Pater,
2361 2168 2414 2223 id
2449 2170 2595 2239 quod
2624 2180 2706 2225 est
2729 2172 2853 2225 usui
2892 2170 3168 2239 Ecclesiae,
3203 2184 3259 2229 ut
3300 2176 3562 2246 praebeas.

1970 2244 2358 2328 indigentibus.
2398 2254 2543 2313 Dixit
2586 2268 2766 2315 autem
2820 2260 3157 2331 Epiphanius
3207 2244 3571 2335 imperatori-.

1972 2350 2073 2403 bus
2104 2367 2116 2403 :
2151 2347 2279 2413 V‘os,
2315 2349 2408 2404 lilii
2429 2390 2445 2415 ,
2479 2349 2638 2406 facite
2665 2351 2716 2406 id
2766 2353 2910 2422 quod
2956 2369 2983 2408 a
3010 2354 3167 2410 vobis
3200 2359 3543 2427 postulatur:

1971 2447 2023 2491 et
2054 2438 2263 2508 gaudeo
2310 2438 2378 2492 de
2410 2448 2589 2493 vestro
2624 2440 2980 2497 incremento.
3032 2443 3175 2511 Quid
3224 2462 3353 2502 vero
3405 2449 3543 2502 mihi

1971 2545 2114 2583 onus
2144 2529 2432 2598 przebetis?
2479 2531 2799 2600 Suppeditat
2836 2534 2971 2588 mihi
3016 2535 3184 2603 Deus,
3218 2540 3312 2607 qui
3355 2555 3557 2596 omnes

1970 2621 2068 2675 alit
2096 2623 2150 2675 in
2188 2622 2289 2677 hac
2316 2622 2442 2676 vita.
2481 2621 2806 2682 Obtulerunt
2847 2641 2980 2696 ergo
3013 2628 3371 2698 imperatores
3411 2634 3550 2686 mul-

1973 2720 2087 2766 tum
2129 2713 2273 2768 auri.
2330 2712 2434 2768 Sed
2493 2714 2630 2769 nihil
2678 2717 2888 2786 accepit
2937 2716 3321 2788 Epiphanius,_
3356 2732 3548 2793 prater

1972 2818 2173 2874 paucos
2203 2818 2390 2873 panes,
2424 2813 2484 2858 ut
2509 2796 2607 2860 nos
2640 2820 2832 2862 omnes
2864 2807 2933 2863 iis
2964 2808 3018 2862 in
3045 2812 3263 2881 navigio
3288 2827 3540 2868 vescere-

1972 2909 2117 2955 mur.
2148 2893 2333 2949 Roma
2351 2904 2530 2950 autem
2560 2895 2811 2965 profecti,
2838 2899 3187 2967 pervenimus
3219 2900 3271 2955 in
3307 2901 3543 2973 Cyprum

1974 2981 2350 3052 quadraginta
2371 2982 2585 3052 diebus,
2617 2994 2672 3039 et
2699 3000 2801 3040 nos
2829 2988 3396 3056 susceperuntl‘ratrcs
3422 3007 3543 3046 cum

1975 3088 2172 3140 magno
2210 3072 2430 3143 gaudio.

358 3159 484 3213 Nl".
528 3157 688 3221 Ἐθος
730 3156 786 3210 δὲ
832 3152 900 3228 ἦν
936 3156 1233 3225 Ἑπιφανίῳ
1269 3151 1585 3225 ἐξέρχεσθαι
1640 3151 1739 3215 τάς
1775 3150 1865 3244 νύ-

2043 3162 2177 3218 Llll.
2225 3163 2343 3220 Mos
2366 3174 2543 3220 autem
2574 3173 2691 3221 erat
2726 3166 3028 3238 Epiphanio
3062 3181 3227 3226 noctu
3257 3172 3471 3244 ingredi
3493 3176 3546 3229 in

288 3267 427 3313 κτας
477 3251 533 3303 ὲν
578 3249 691 3312 τοῖς
737 3246 1154 3319 κοιμητηρίοις,
1208 3244 1336 3297 ἔνθα
1380 3241 1451 3296 τὰ
1489 3241 1718 3311 λείψανα
1760 3239 1868 3294 τῶν

288 3341 464 3410 ἁγίων
512 3340 803 3411 μαρτύρων
850 3336 1224 3399 κατάκεινται,
1254 3334 1350 3388 καὶ
1399 3332 1741 3405 παρακαλεῖν
1778 3330 1868 3385 τὸν

287 3433 425 3487 Θεὸν
471 3433 599 3502 περὶ
643 3430 760 3494 ἑνὸς
808 3429 1045 3483 ἑκάστου
1070 3426 1179 3481 τῶν
1209 3424 1781 3496 θλιϐομένων.”Ωσπερ
1810 3421 1866 3476 δὲ

288 3525 443 3596 φίλος
488 3523 640 3594 φίλον
686 3519 1042 3595 παρακαλῶν,
1075 3519 1203 3592 περὶ
1228 3512 1287 3572 οὗ
1318 3516 1647 3590 παρακαλεῖ,
1677 3514 1865 3569 τούτου

286 3618 576 3689 τυγχάνειο
602 3616 772 3680 οὕτως
792 3616 886 3669 καὶ
917 3615 945 3668 ὁ
970 3611 1104 3676 Θεὸς
1127 3612 1195 3671 τὰ
1220 3611 1500 3681 αἰτήματα
1527 3608 1692 3664 αὐτοῦ
1727 3625 1868 3680 παρ-

288 3713 437 3783 εῖχεν
462 3708 630 3780 αύτῷ.
660 3707 798 3770 Ilo-ts
824 3705 953 3776 γοῦν
981 3702 1141 3776 λιμοῦ
1178 3702 1413 3775 μεγάλου
1448 3700 1869 3773 γενομένου,κα“ι

293 3803 373 3874 μὴ
400 3799 802 3875 εὑρισκομένων
831 3797 1011 3869 ἄρτων
1038 3796 1131 3849 ἐπὶ
1156 3796 1257 3865 τῆς
1286 3795 1513 3873 ἀγορᾶς,
1544 3789 1611 3864 ἦν
1642 3794 1870 3847 Φαυστι-

289 3897 474 3961 νιανὸς
519 3896 549 3948 ὁ
590 3893 932 3963 ἄσπλαγχνος
963 3891 1151 3955 οἴκους,
1186 3888 1413 3951 πολλοὺς
1460 3888 1690 3959 μεστοὺς
1722 3884 1867 3938 σίτου

290 3990 392 4045 καὶ⁵
432 3988 626 4061 κριθῆς
669 3983 1107 4056 ἡσφαλισμένους
1136 3982 1296 4053 ἔχων.
1329 3972 1498 4042 Οὗτος
1546 3978 1604 4031 δὲ
1649 3977 1869 4048 χρυσίον

289 4081 607 4153 λαμϐάνων,
639 4078 896 4150 παρεῖχεν
923 4074 1137 4145 ἑκάστῳ
1163 4073 1271 4127 τῶν
1300 4072 1566 4142 δεομένων
1603 4071 1750 4144 τρεῖς
1781 4085 1872 4139 μοι

287 4173 439 4236 δίους
464 4171 555 4225 τοῦ
583 4171 936 4242 νομίσματος.
961 4168 1073 4221 Καὶ
1099 4162 1167 4238 ἦν
1203 4162 1371 4234 πολλὴ
1406 4161 1664 4227 στένωσις
1709 4160 1768 4213 ἐν
1802 4161 1867 4231 τῇ

289 4265 468 4317 πόλει.
497 4259 662 4316 Εἶπεν
691 4262 748 4315 δὲ
777 4260 1096 4329 Ἐπιφάνιος
1141 4257 1278 4328 πρὸς
1323 4252 1704 4313 Φαυστινιανὸν
1723 4269 1737 4283 ο
1772 4250 1870 4313 Δός

294 4374 410 4427 μοι,
445 4356 630 4426 φησὶν,
673 4348 719 4408 ὦ
752 4353 1018 4423 βέλτιστε,
1064 4352 1209 4409 σῖτον
1254 4346 1390 4419 πρὸς
1422 4345 1716 4417 διατροφὴν
1761 4341 1869 4395 τῶν

290 4446 624 4518 ἀνθρώπων
682 4444 838 4514 κάγὼ
891 4441 1157 4504 ἀποδώσω
1209 4457 1292 4493 σοι
1341 4438 1404 4492 τὸ
1460 4438 1622 4509 χρέος
1664 4434 1869 4489 τούτων

1975 3258 2309 3323 υωιιιοιοτίθο,
2344 3259 2436 3313 ubi
2469 3260 2589 3314 sitae
2620 3271 2749 3315 sunt
2775 3262 3017 3331 reliquiae
3049 3275 3362 3320 sanctorum
3413 3283 3549 3321 mar-

1978 3352 2178 3415 tyrum,
2211 3353 2266 3400 et
2299 3360 2493 3416 rogare
2536 3346 2701 3402 Deum
2733 3365 2829 3417 pro
2856 3366 3184 3421 unoquoque
3213 3369 3426 3421 eorum,
3455 3358 3548 3424 qui

1975 3436 2372 3508 alﬂigebantur.
2418 3438 2483 3494 Et
2518 3441 2793 3509 quomodo
2852 3442 3030 3498 bonus
3086 3444 3296 3501 amicus
3345 3446 3549 3502 bonum

1975 3529 2214 3584 amicum
2245 3545 2467 3600 rogans,
2524 3546 2632 3585 non
2673 3530 2960 3590 fraudatur
2984 3549 3050 3589 eo
3082 3538 3227 3606 quod
3263 3537 3434 3606 petit:
3479 3541 3547 3593 ita

1978 3622 2023 3678 si
2056 3625 2277 3693 quando
2301 3623 2348 3678 is
2381 3639 2413 3677 a
2442 3622 2549 3679 Deo
2574 3625 2777 3695 aliquid
2810 3625 3072 3695 petiisset,
3107 3628 3337 3697 praebuit
3361 3629 3409 3683 ei
3433 3646 3547 3684 om«

1978 3708 2074 3770 nes
2104 3715 2412 3785 petitiones.
2445 3715 2752 3787 Aliquando
2787 3717 3016 3788 quidem
3032 3734 3155 3777 cum
3183 3729 3331 3776 esset
3357 3737 3549 3794 magna

1978 3805 2171 3873 fames,
2201 3816 2254 3861 et
2280 3808 2435 3876 panis
2480 3824 2587 3862 non
2635 3809 2921 3865 ali'erretur
2962 3810 3244 3878 inferum,
3271 3824 3389 3869 erat
3427 3815 3549 3884 qui-

1976 3900 2098 3953 dam
2132 3898 2517 3955 Faustinianus
2545 3902 2957 3970 immisericors,
2975 3904 3069 3973 qui
3096 3905 3299 3976 inultas
3323 3905 3549 3959 habebat

1976 3988 2168 4043 domos
2202 3990 2440 4057 clausas,
2483 3992 2672 4062 plenas
2719 3994 2921 4048 hordeo
2953 4002 3007 4048 et
3053 3993 3345 4049 frumento.
3378 3994 3427 4050 is
3461 4011 3561 4050 ae-

1976 4078 2182 4147 cipiens
2225 4094 2441 4146 aurum,
2494 4064 2658 4134 dabat
2705 4081 2927 4136 volenti.
2984 4081 3158 4136 Dabat
3218 4093 3398 4139 autem
3454 4101 3548 4155 pro

1979 4185 2203 4224 nummo
2235 4177 2346 4224 tres
2378 4185 2690 4234 mensuras,
2724 4172 2818 4242 qui
2846 4181 3110 4227 vocantur
3137 4173 3325 4228 modii.
3357 4176 3559 4230 Erant-

1977 4275 2083 4327 que
2124 4275 2334 4329 magna:
2380 4261 2648 4331 angustiae
2682 4262 2735 4315 in
2785 4262 3025 4318 civitate.
3064 4262 3210 4319 Dixit
3256 4281 3386 4337 ergo
3429 4267 3547 4337 Epi-

1977 4351 2212 4420 phanius
2235 4349 2591 4406 Faustiniano
2620 4371 2631 4406 :
2683 4351 2759 4406 Da
2791 4354 2950 4420 mihi,
2988 4370 3022 4409 ο
3046 4358 3270 4425 optime,
3306 4355 3547 4411 frumen-

1979 4452 2090 4499 tum
2126 4444 2193 4499 ad
2225 4444 2449 4499 aloudos
2485 4445 2758 4514 homines,
2797 4432 2852 4501 et
2887 4463 2917 4501 a
2949 4462 3036 4501 me
3079 4448 3314 4518 accipies
3355 4449 3548 4503 borum

291 4540 644 4595 ἁπάντων.ὐ
679 4537 735 4591 δὲ
775 4536 1121 4606 ἄσπλαγχνος
1168 4530 1553 4591 Φαυστινιανδς
1599 4528 1865 4591 τοιούτους

1976 4535 2219 4588 omnium
2244 4533 2506 4588 debitum.
2537 4535 2931 4591 Immisericors
2963 4547 3148 4593 autem
3201 4547 3253 4593 et
3285 4538 3548 4595 barbarus

293 4635 488 4702 λόγους
531 4631 710 4699 λέγειν
754 4628 956 4701 ἤρξατο
1001 4624 1333 4695 Ἐπιφανίῳ’
1386 4620 1642 4685 Ἀπελθε,
1692 4619 1827 4692 φησὶ
1854 4658 1869 4681 ,

289 4722 678 4794 παρακάλεσον
711 4720 804 4774 τὸν
835 4719 989 4785 Θεὸν,
1017 4717 1075 4772 δν
1105 4719 1170 4772 σὺ
1203 4716 1361 4788 σέϐῃ,
1396 4717 1492 4770 καὶ
1523 4714 1750 4787 παρέξει
1791 4730 1872 4767 σοι

290 4818 443 4869 σῖτον
467 4814 602 4886 πρὸς
629 4811 924 4884 διατροφὴν
967 4809 1079 4863 τῶν
1122 4809 1235 4863 σῶν.
1264 4808 1455 4879 φίλων.
1473 4807 1531 4860 '0
1562 4806 1691 4875 γοῦν
1725 4806 1873 4859 Ἐπι-

290 4905 486 4976 φάνιος
530 4902 757 4971 ἐξελθὼν
808 4903 866 4955 ἐν
920 4902 1019 4971 μιᾷ
1066 4898 1222 4953 νυκτὶ
1252 4900 1312 4953 ὲν
1343 4901 1456 4962 τοῖς
1496 4896 1873 4970 κοιμητηρίοις

292 4997 597 5070 παρεκάλει
639 4996 730 5050 τὸν
771 4994 903 5048 Θεὸν
945 4993 1039 5047 ἐπὶ
1085 4992 1148 5045 τὸ
1188 4990 1473 5064 διαθρέψαι
1505 4991 1713 5053 πάντας
1747 4990 1874 5053 τοὺς

263 5058 667 5157 ’στενομένουα
707 5080 816 5138 Ἦν
868 5083 927 5136 δὲ
975 5082 1102 5147 ναὸς
1152 5058 1360 5145 ἐκεῖνος
1390 5058 1664 5153 Ἵάρχαῖος,
1725 5081 1873 5145 ὅστις

287 5178 541 5233 ἐκαλεῖτο
572 5176 691 5240 Διὸς
719 5174 1043 5244 Ἀσφάλειαο
1070 5172 1242 5243 τούτῳ
1270 5172 1326 5225 δὲ
1369 5171 1449 5242 τῷ
1490 5170 1605 5242 ναῷ
1651 5172 1704 5225 εί
1744 5187 1873 5225 ποτε

286 5267 525 5341 ἧγγισέν
552 5284 636 5330 τις
661 5265 771 5320 τῶν
800 5264 1122 5337 ἀνθρώπων,
1161 5265 1378 5333 ἐλέγετο
1409 5262 1612 5327 εὐθέως
1640 5261 1744 5316 ὑπὸ
1779 5262 1874 5316 θα-

290 5360 459 5413 νάτου
500 5354 1000 5427 λαμϐάνεσθαι.Ὠς
1042 5348 1136 5406 οὖν
1184 5348 1251 5425 ἦν
1279 5351 1593 5421 Ἐπιφάνιος
1621 5350 1874 5423 δεόμενος

290 5448 388 5504 τοῦ
433 5447 570 5501 Θεοῦ
600 5447 740 5517 ὑπὲρ
784 5443 894 5500 τῶν
943 5444 1292 5515 θλιϐομένων,
1328 5442 1482 5514 φωνὴ
1524 5442 1688 5497 αὐτοῦ
1723 5442 1877 5511 γέγοι

292 5557 416 5595 νενο
450 5538 758 5607 Ἑπιφάνιε,
791 5536 946 5610 φησὶ,
977 5536 1052 5608 μὴ
1086 5535 1459 5607 ταραχθῇς.⁹υ
1483 5534 1541 5587 δὲ
1572 5535 1735 5606 φησίν
1756 5551 1769 5565 ⁸
1804 5537 1870 5589 Τί

1973 4637 2029 4679 et
2060 4626 2356 4681 sceleratus
2398 4624 2785 4684 Faustinianus
2817 4628 2935 4684 haec
2966 4632 3127 4685 verba
3157 4630 3294 4686 dixit
3315 4630 3546 4702 Epipha-

1976 4716 2113 4770 nio:
2155 4715 2303 4786 Roga
2361 4715 2585 4778 Jesum,
2630 4733 2793 4791 quem
2838 4719 2994 4782 colis,
3042 4729 3099 4774 et
3148 4721 3406 4790 praebebit
3452 4721 3546 4775 tibi

1978 4807 2304 4869 frumentum
2356 4808 2424 4863 ad
2487 4808 2715 4865 alendus
2768 4821 2891 4865 tuos
2946 4811 3170 4865 amicos.
3213 4810 3547 4880 Epiphanius

1976 4897 2158 4966 itaque
2200 4911 2304 4950 una
2340 4906 2500 4952 nocte
2540 4898 2818 4973 ingressus
2859 4907 2942 4952 est
2972 4900 3280 4953 cwmcteria
3332 4909 3544 4954 saneto-

1978 5004 2094 5040 rum
2126 4997 2451 5058 martyrum,
2482 4999 2536 5043 et
2567 4991 2778 5059 rogavit
2820 4989 3013 5049 Deum,
3041 4997 3099 5042 ut
3124 4989 3277 5043 duret
3307 4988 3547 5045 frumen-

1976 5088 2090 5131 tum
2121 5077 2209 5142 ἥδ,
2246 5079 2339 5149 qui
2368 5089 2525 5135 erant
2558 5080 2759 5135 redacti
2788 5080 2842 5134 in
2874 5081 3177 5151 angustias.
3209 5081 3335 5135 Erat
3366 5092 3547 5137 autent

1977 5169 2234 5238 templum
2277 5171 2644 5243 obsignatum,
2689 5173 2833 5244 quod
2880 5174 3177 5228 vocabatur
3220 5173 3409 5230 Tutela
3450 5175 3547 5231 Jo-

1975 5261 2079 5317 vis.
2117 5260 2252 5319 Huic
2277 5265 2475 5333 templo
2504 5263 2549 5319 si
2591 5266 2809 5332 quando
2846 5264 2972 5339 quis
3001 5283 3068 5321 ex
3106 5267 3423 5323 hominibus
3451 5286 3547 5339 ap-

1977 5353 2412 5428 pr0pinquasset,
2467 5369 2496 5408 a
2556 5355 2742 5410 multis
2801 5355 3101 5424 ferebatur,
3166 5362 3310 5430 quod
3377 5375 3548 5417 morte

1977 5446 2160 5499 statim
2214 5446 2597 5515 corriperetur.
2644 5446 2779 5501 Cum
2815 5464 2946 5520 ergo
2994 5449 3329 5520 Epiphanius
3378 5450 3547 5504 D;um

1976 5542 2158 5590 oraret
2191 5551 2290 5605 pro
2320 5536 2386 5592 iis
2428 5536 2521 5607 qui
2552 5536 2947 5609 allligebantur,
2983 5540 3050 5593 ad
3098 5555 3220 5594 eum
3254 5556 3356 5595 vox
3408 5541 3547 5597 facta

369 5676 445 5743 (η)
466 5675 619 5747 Qua:
639 5672 1148 5747 seqttuntt_tr_Grreea
1174 5690 1236 5747 es
1263 5672 1455 5747 Latipo
1488 5673 1805 5745 corrigenda
1830 5678 1861 5732 b

1975 5679 2130 5735 modo
2164 5696 2175 5733 :
2211 5678 2282 5747 Τὸ
2314 5677 2521 5733 παιδίον
2553 5679 2678 5733 ποτὲ
2710 5678 2979 5735 άπιθανὺν
3012 5679 3105 5732 καὶ
3150 5677 3411 5746 ἀναστὰν,
3454 5671 3554 5725 λα·

296 5749 393 5802 ων
428 5742 524 5810 τὴν
556 5742 779 5812 χάρινζ..
817 5744 908 5797 καὶ
933 5743 1144 5813 ὄψεσθε.
1190 5743 1343 5798 Epit.
1378 5742 1617 5807 Damon.
