3842 6134
305 306 362 359 ιιι
1601 302 1658 359 s.
1704 298 2045 360 EPIPliANll
2089 300 2268 356 Vl’l‘A.
2788 370 2792 374 Α
3508 301 3577 359 92

299 424 402 476 est,
460 414 769 486 Epiphani,
841 416 1116 488 inquiens.
1182 417 1523 489 Epiphanius
1576 436 1708 475 vero
1756 419 1868 473 nihi

1996 419 2130 483 ἐστι,
2166 417 2370 490 Κύριε;
2405 417 2516 471 Καὶ
2562 412 2713 472 εἶπεν
2746 417 2881 490 πρὸς
2920 416 3083 471 αὐτόν
3104 432 3117 447 ·
3151 415 3389 471 ’Δπελθε
3420 418 3478 471 ἐν
3502 414 3580 483 τῷ

302 509 660 563 conturbatus
689 526 701 561 :
739 506 879 574 Quid
908 520 1013 572 est,
1044 508 1319 564 Domine?
1348 509 1414 563 Et
1435 510 1574 565 dixit
1609 510 1659 565 ei
1690 529 1700 564 :
1741 510 1888 566 Vade

303 596 354 649 in
394 596 673 663 templum,
702 599 848 667 quod
877 608 1104 654 vocatur
1147 599 1538 666 TutelaJovis,
1583 609 1638 657 et
1672 602 1888 657 solven—

300 701 384 742 tnr
415 689 693 760 signacula
747 701 1049 761 portarum,
1078 702 1133 750 et
1176 694 1426 751 invenies
1464 696 1699 751 multum
1741 695 1882 750 auri.

297 780 432 832 tium
473 788 528 834 tu
572 782 622 836 id
656 784 954 851 acceperis,
995 800 1116 841 eme
1148 785 1483 841 frumentum
1519 796 1573 842 et
1617 788 1880 844 hordeum

299 866 666 937 Faustiuiani,
713 884 766 927 et
796 873 865 928 da
914 874 1231 930 alimentum
1279 877 1586 947 egentibus.
1641 874 1882 947 Epipha-

299 962 424 1018 nius
459 972 640 1018 autem
676 966 773 1020 ivit
817 968 1069 1036 protinus
1097 969 1152 1023 in
1184 970 1467 1040 templum,
1513 979 1568 1026 et
1612 986 1732 1025 cum
1779 969 1884 1024 fuit

298 1067 468 1123 prepe
505 1055 816 1126 ingressum
871 1060 1081 1129 templi,
1127 1061 1313 1115 statim
1347 1060 1661 1117 ceciderunt
1698 1062 1884 1132 signa-

297 1143 442 1208 cula,
479 1153 526 1198 et
559 1155 731 1215 porta:
763 1157 966 1218 apertae
997 1159 1146 1206 sunt.
1187 1150 1466 1222 Ingressus
1494 1168 1624 1208 vero
1647 1151 1890 1223 Epipha-

298 1232 424 1289 nius
461 1236 663 1291 invenit
701 1239 938 1294 multum
982 1242 1125 1297 auri.
1174 1241 1313 1297 Cum
1359 1258 1425 1298 ex
1453 1259 1521 1301 eo
1569 1259 1703 1316 ergo
1733 1261 1895 1301 acc-es

297 1322 487 1391 pisset,
533 1326 680 1382 dedit
726 1326 1110 1396 Faustiniano,
1145 1342 1199 1387 et
1238 1333 1422 1389 dixit:
1482 1335 1683 1406 Accipe
1725 1350 1890 1405 pecu-

296 1414 466 1479 niam,
504 1424 558 1471 et
605 1419 669 1472 da
706 1421 839 1475 mihi
871 1420 1225 1478 frumentum.
1269 1425 1338 1481 At
1376 1441 1576 1482 avarus
1624 1436 1680 1482 et
1712 1428 1884 1483 scele-

296 1518 415 1565 stus
461 1511 849 1589 Faustinianus
895 1533 1036 1573 auro
1074 1530 1299 1590 accepto
1350 1517 1686 1575 frumentum
1742 1536 1883 1591 pne-

296 1603 412 1658 liuit
448 1605 551 1675 ipsi
596 1622 693 1677 per
737 1610 948 1666 modios
993 1621 1199 1667 ternos.
1238 1610 1581 1683 Epiphanius
1612 1622 1791 1666 autem
1829 1612 1879 1667 id

295 1694 521 1762 praebuit
542 1696 931 1766 indigentibus.
960 1698 1080 1754 Non
1113 1700 1433 1756 defecerunt
1462 1717 1593 1772 ergo
1614 1704 1879 1772 pecuniae,

1994 509 2105 581 ναῷ
2131 509 2208 581 τῷ
2234 509 2554 581 καλουμένῳ
2581 509 2699 574 Διὸς
2715 508 3024 578 ’Δσφάλεια,
3046 508 3139 562 καὶ
3170 508 3496 579 λυθήσονται
3523 517 3580 565 αἱ

1993 602 2100 655 τῶν
2128 602 2306 673 θυρῶν
2341 602 2665 674 σφραγῖδες·
2704 601 2797 655 καὶ
2834 599 3093 655 εἰσελθὼν
3145 601 3401 673 εὑρήσεις
3441 619 3562 671 χρυ-

1994 693 2108 745 σίον
2149 691 2314 745 πολύυ
2366 691 2525 745 τοῦτο
2557 690 2737 746 λαϐὼν
2781 692 3055 762 ἀγόρασον
3109 690 3229 745 ὅλον
3279 691 3371 744 τὸν
3432 695 3583 744 σῖτον

1990 782 2400 849 Φαυστινιανοῦ,
2430 784 2527 837 καὶ
2578 782 2679 855 τὴν
2722 782 2935 856 κριθὴν,
2971 782 3068 837 καὶ
3098 782 3188 846 δὸς
3225 783 3433 854 τροφὴν
3468 785 3576 843 τιεί,
3646 824 3651 829 .

1989 877 2282 947 δεομένοις.
2301 877 2358 930 Ὁ
2391 875 2518 945 γοῦν
2551 876 2869 946 Ἐπιφάνιος
2907 874 3179 946 ἐπορεύθη
3199 875 3277 929 ,ἐν
3317 873 3397 945 τῷ
3426 872 3540 943 ναῷ
3564 886 3579 900 ⁹

1993 970 2086 1023 καὶ
2132 970 2210 1032 ὥς
2243 969 2468 1041 ἤγγισεν
2501 969 2637 1041 πρὸς
2668 968 2767 1041 τὴν
2797 968 3004 1022 εἴσοδον
3047 966 3142 1022 τοῦ
3183 967 3336 1032 ναοῦ,
3372 967 3575 1031 εὐθέως

1990 1062 2193 1116 ἔπεσαν
2222 1063 2281 1116 αἱ
2315 1063 2628 1134 σφραγῖδες,
2667 1063 2762 1117 καὶ
2795 1062 2863 1116 αἱ.⁴
2883 1060 3045 1131 θύραι
3073 1059 3449 1130 ἠνεῴχθησαν,
3484 1059 3572 1112 καὶ

1990 1152 2246 1207 εἰσελθὼν
2275 1155 2613 1223 Ἐπιφάνιος,
2646 1148 2804 1224 εὗρεν
2832 1153 3053 1225 χρυσίον
3088 1151 3245 1206 πολύ.
3264 1150 3460 1205 Λαϐὼν
3481 1146 3592 1204 οὖν

1990 1243 2144 1309 αὐτὸ,
2173 1242 2234 1309 ἐξ
2256 1244 2421 1298 αὐτοῦ
2444 1244 2688 1298 ἐπεδίδου
2714 1242 2794 1314 τῷ
2824 1242 3195 1312 Φαυστινιανῷ
3220 1242 3395 1310 λέγων
3418 1260 3431 1272 ·
3474 1242 3574 1296 Λά-

1990 1336 2080 1401 ϐε,
2103 1338 2256 1408 φησι,
2291 1339 2567 1408 χρήματα.
2595 1337 2690 1390 καὶ
2722 1337 2811 1399 δός
2847 1353 2936 1407 μοι
2967 1336 3210 1389 σῖτον.⁹0
3231 1334 3287 1387 δὲ
3317 1335 3578 1407 φιλοχρήι

1994 1444 2109 1498 μων
2150 1428 2245 1480 καὶ
2290 1428 2543 1499 ἀλάστωρ
2574 1427 2989 1490 Φαυστινιανὸς,
3025 1425 3314 1496 δεχόμενος
3345 1427 3406 1479 τὸ
3440 1444 3574 1498 xpu-

1994 1519 2127 1584 σίον,
2164 1523 2391 1592 παρεῖχε
2423 1520 2570 1591 σύτῷ
2591 1520 2683 1572 τὸν
2715 1521 2877 1581 σῖτον,
2916 1517 3059 1571 κατά
3083 1517 3250 1589 τριῶν
3278 1518 3573 1588 μοδὶων.’0

1989 1609 2047 1663 δὲ
2095 1610 2411 1679 Ἐπιφάνιος
2450 1613 2725 1681 ’παρεῖχεν
2776 1612 2920 1662 σῖτον
2970 1608 3184 1678 ἑκάστῳ
3227 1608 3336 1662 τῶν
3383 1609 3575 1680 χρείαν

1991 1700 2242 1770 ἐχόντων,
2271 1701 2365 1753 καὶ⁸
2410 1701 2509 1753 οὐκ
2555 1700 2831 1764 ἐξέλειπον
2858 1696 2927 1752 τὰ
2966 1700 3242 1770 χρήματα,
3270 1698 3375 1762 ἕως
3406 1695 3469 1753 οὗ
3497 1700 3579 1765 ἐξ-

294 1786 470 1841 donec
501 1788 840 1858 Epiphanius
884 1794 1017 1846 emit
1061 1795 1268 1858 omnia,
1309 1810 1430 1863 quae
1466 1795 1701 1849 habebat
1732 1793 1873 1849 Fau-

1986 1791 2255 1863 ηγόρασεν
2289 1792 2467 1845 πάντα
2512 1791 2582 1845 τὰ
2634 1790 2920 1862 βρώματα,
2964 1790 3000 1845 ἀ
3055 1792 3359 1861 συνήγαγεν
3387 1792 3575 1844 ὁΦαυο

294 1877 570 1934 stiniauus
616 1881 685 1935 ad
717 1881 1061 1938 alimentum.
1118 1884 1365 1954 Implevit
1411 1893 1594 1941 autem
1648 1884 1879 1955 Epipha-

295 1968 419 2022 nius
456 1969 657 2025 multas
684 1971 878 2027 domos
911 1972 1182 2055 frumento
1210 1983 1264 2031 et
1297 1977 1520 2043 hordeo,
1554 1977 1700 2047 quod
1730 1991 1884 2033 eme-

210 2065 222 2076 '
295 2067 441 2112 rata
496 2058 897 2118 Faustiniano:
949 2074 1003 2119 et
1058 2065 1153 2120 toti
1207 2067 1412 2123 civitati
1472 2068 1834 2139 suppeditavit
1854 2109 1885 2135 ,Α

293 2151 407 2205 sive
440 2153 622 2220 potius
652 2153 796 2209 Deus
827 2171 923 2224 per
953 2157 1339 2228 Epiphanium.

366 2266 503 2323 LIV.
532 2265 856 2324 Defeecrunt
876 2282 1056 2327 autem
1083 2287 1222 2328 esca:
1244 2273 1297 2326 in
1326 2273 1875 2351 domo_Faustiniaui,

289 2379 344 2425 et
374 2370 517 2424 inter
536 2386 730 2425 omnes
761 2373 1010 2428 homines
1028 2373 1190 2428 lauta:
1207 2384 1363 2430 erant
1380 2376 1573 2444 epulae,
1591 2386 1644 2431 et
1670 2393 1879 2448 magna:

291 2474 552 2542 angustiae
569 2472 622 2527 in
640 2475 806 2529 domo
820 2473 1182 2529 Faustiniani.
1201 2475 1376 2533 Malus
1403 2492 1531 2531 vero
1544 2486 1598 2532 et
1612 2478 1881 2534 violentus

291 2582 346 2627 et
378 2573 775 2630 immisericors
815 2571 1229 2640 Faustinianus,
1262 2576 1521 2645 probrum
1552 2592 1672 2632 esse
1706 2585 1879 2645 ratus,

291 2677 448 2732 cibos
478 2677 664 2733 domui
697 2693 812 2731 suae
846 2686 1035 2747 petere
1064 2676 1132 2732 ab
1163 2676 1488 2747 Epiphanio,
1513 2692 1638 2733 cum
1661 2692 1755 2734 sex
1786 2679 1883 2733 ha-

290 2777 680 2848 beretpropria
699 2777 940 2849 navigia,
962 2777 1305 2848 aliaquoque
1328 2777 1570 2849 quinque
1586 2778 1876 2833 conduxit:

290 2884 345 2931 et
393 2890 516 2931 eum
548 2875 787 2932 dedisset
834 2876 1100 2946 pecunias
1149 2874 1398 2946 Longino
1439 2876 1608 2930 totius
1663 2874 1880 2930 familia:

293 2993 414 3033 sua:
456 2978 796 3041 fidelissimo,
849 2976 1000 3033 misit
1026 2992 1151 3032 eum
1205 2976 1269 3031 ad
1308 2977 1597 3032 emendum
1629 2976 1873 3031 frumen-

294 3088 432 3135 tum.
460 3080 542 3135 Illi
572 3092 749 3135 autem
791 3096 911 3135 eum
954 3081 1308 3151 navigassent
1362 3080 1415 3134 in
1451 3078 1786 3143 Calabriam,
1826 3089 1880 3134 et

295 3187 633 3242 frumentum
693 3187 807 3241 illic
865 3187 1110 3257 aliasque
1179 3188 1388 3256 species
1437 3188 1719 3254 emissent,
1760 3195 1883 3258 post

296 3301 411 3347 tres
438 3306 657 3348 menses
689 3292 1021 3362 adnavigant
1064 3292 1115 3347 id
1148 3292 1432 3348 habentes.
1485 3292 1717 3348 Centum
1753 3308 1881 3347 vero

294 3392 488 3448 stadiis
532 3393 695 3462 longe
726 3409 757 3447 ο
804 3393 1152 3457 Constantia,
1194 3410 1255 3449 ex
1288 3394 1519 3449 adverso
1560 3395 1700 3464 ejus,
1733 3392 1879 3464 quod

294 3499 498 3554 dicitur
538 3499 970 3562 Dianeuterium,
1003 3502 1179 3554 oritur
1211 3500 1264 3555 in
1294 3501 1436 3555 mari
1474 3501 1709 3554 maxima
1744 3509 1881 3554 teut-

295 3615 499 3676 pestas,
535 3614 590 3660 et
612 3614 884 3660 venerunt
906 3607 958 3660 in
982 3606 1287 3687 perieulum
1320 3617 1483 3660 naves
1512 3603 1876 3669 Faustiniani,

293 3710 415 3765 quae
456 3693 753 3750 afferebant
800 3694 1159 3763 frumentum,
1203 3704 1489 3766 totumque
1541 3694 1875 3751 frumentum

295 3803 444 3843 mare
477 3790 541 3843 ad
571 3789 723 3844 littus
763 3788 996 3858 impulit.
1051 3787 1188 3843 Cum
1241 3790 1357 3844 haec
1410 3799 1589 3844 autem
1617 3778 1879 3843 audiisset

294 3880 770 3945 l’austinianus,et
801 3882 984 3935 statim
1021 3882 1087 3935 ad
1120 3896 1270 3935 mare
1298 3882 1646 3948 accessisset,
1670 3890 1722 3935 et
1745 3895 1879 3935 ocu-

292 3975 358 4028 lis
389 3973 611 4030 vidisset
669 3990 791 4044 quze
831 3972 971 4028 facta
1024 3973 1261 4039 fuerant,
1320 3975 1628 4044 sepulcrum
1670 3974 1883 4029 habens

291 4085 352 4122 os
388 4084 547 4123 suum
590 4081 865 4139 apertum,
918 4071 1101 4125 statim
1169 4071 1337 4141 cmpit
1387 4072 1690 4126 seriet'atus
1730 4071 1877 4124 blas-

293 4162 549 4229 phemare
583 4163 637 4215 in
688 4163 1053 4227 Altissimum,
1102 4172 1156 4216 et
1190 4165 1406 4232 probris
1440 4174 1692 4233 appetere
1747 4161 1875 4232 Epi—

293 4251 578 4319 phanium,
616 4253 805 4307 dicens
845 4254 1009 4307 verba
1053 4253 1366 4322 huiusmodi
1395 4272 1408 4307 :
1441 4252 1541 4308 Hie
1581 4269 1772 4322 magus
1822 4262 1876 4307 et

292 4344 477 4415 praedo
518 4359 626 4397 non
659 4343 834 4398 solum
905 4345 959 4398 in
996 4352 1138 4398 terra
1193 4343 1470 4399 n‘ialefacit
1500 4345 1686 4399 domui
1742 4359 1876 4399 mea:

291 4435 439 4490 omni
475 4445 717 4505 tempore
748 4453 762 4501 ;
800 4437 894 4490 sed
929 4436 1093 4491 etiam
1128 4437 1181 4489 in
1232 4452 1382 4491 mare
1419 4438 1640 4491 mittens
1671 4437 1871 4491 daemon

1987 1882 2273 1947 στινιανὸς,
2312 1884 2405 1937 καὶ
2433 1882 2665 1954 ἔπλησεν
2688 1883 2870 1946 οἴκους
2899 1882 3128 1945 πολλοὺς
3154 1883 3477 1953 Ἐπιφάνιος
3502 1884 3575 1936 σί-

1985 1990 2100 2038 του,
2130 1974 2220 2027 καὶ
2248 1974 2465 2046 κριθῆς,
2495 1974 2603 2029 τῶν
2625 1973 3041 2046 ἀγορασθέντων
3071 1972 3224 2045 παρὰ
3247 1975 3574 2027 Φαυστινια-

1985 2065 2076 2120 νοῦ
2151 2069 2242 2120 καὶ
2288 2070 2548 2140 παρεῖχεν
2594 2068 2745 2138 πάσῃ
2772 2069 2837 2138 τῇ
2872 2066 3044 2133 πόλει,
3071 2065 3271 2137 μᾶλλον
3302 2066 3361 2120 δὲ
3386 2069 3418 2121 ὁ
3443 2068 3576 2132 Θεὸς

1986 2160 2051 2214 δι’
2077 2159 2424 2230 Ἐπιφανίου.

2057 2274 2178 2327 ΝΔ’.
2200 2273 2313 2327 Καὶ
2335 2269 2404 2345 ἦν
2422 2273 2623 2344 εὐωχία
2647 2272 2810 2326 πᾶσιν
2827 2269 3152 2344 ἀνθρώποις,
3187 2270 3282 2324 καὶ
3311 2265 3380 2342 ἦν
3402 2271 3577 2343 πολλὴ

1990 2374 2249 2438 στένωσις
2283 2375 2339 2427 ἐν
2364 2373 2441 2445 τῷ
2476 2373 2611 2445 οἴκῳ
2631 2372 3039 2428 Φαυστινιανοῦ.
3079 2373 3137 2426 Ὀ
3170 2373 3228 2426 δὲ
3276 2372 3450 2436 κακὸς
3482 2373 3581 2426 καὶ

1990 2477 2162 2546 βίαιος
2188 2475 2574 2539 Φαυστινιανὸς
2596 2475 2882 2539 στενωθεὶς
2904 2474 2992 2529 διὰ
3018 2474 3115 2546 τῆς
3132 2474 3575 2546 φιλοχρηματίας

1989 2575 2175 2642 αὐτοῦ,
2213 2574 2370 2647 ὓϐριν
2409 2574 2710 2646 ἡγούμενος
2755 2576 2902 2650 παρά
2947 2574 3266 2644 Ἐπιφανίου
3303 2572 3581 2646 βρώματα

1988 2676 2209 2747 αἰτῆσαι
2238 2675 2315 2747 τῷ
2353 2676 2488 2748 οἴκῳ
2520 2676 2707 2741 αὐτοῦ,
2739 2678 2899 2732 πλοῖα
2947 2675 3086 2747 ἔχων
3113 2676 3246 2738 ἴδια,
3271 2673 3574 2746 ἐξεμισθώ-

1991 2794 2120 2831 σεετο
2143 2779 2240 2831 καὶ
2280 2778 2446 2849 ἕτερα
2467 2776 2649 2840 πέντε,
2685 2777 2779 2830 καὶ
2808 2777 2985 2840 δὼσας
3027 2775 3277 2845 Λογγίνῳ
3309 2775 3574 2846 χρήματα

1986 2879 2065 2951 τῷ
2102 2879 2408 2949 πιστοτάτῳ
2428 2878 2613 2943 αὐτοῦ,
2648 2878 2956 2931 ἐπέστειλεν
2982 2879 3040 2932 ἐν
3089 2877 3398 2949 Καλαϐρίᾳ,
3425 2877 3574 2943 ὅπως

1987 2981 2195 3034 ἐκεῖθεν
2244 2980 2525 3051 ὠνήσηται
2576 2981 2722 3032 σῖτον
2757 2978 2893 3051 πρὸς
2923 2977 3219 3049 διατροφὴν
3267 2974 3361 3029 τοῦ
3420 2974 3573 3029 οἴκου

1992 3083 2178 3138 αὐτοῦ.
2220 3083 2667 3139 Ἐκπλευσάντων
2695 3082 2751 3134 δὲ
2793 3083 2901 3136 τῶν
2947 3081 3166 3150 πλοίων,
3212 3081 3307 3135 καὶ
3355 3081 3575 3153 πληρω-

1994 3189 2196 3242 θέντων
2225 3190 2374 3242 σίτου
2398 3190 2493 3242 καὶ
2532 3189 2735 3261 ἐτέρων
2785 3186 2963 3249 εἰδῶν,
3002 3186 3091 3240 διὰ
3146 3184 3580 3259 τετραμηνιαίου

1986 3294 2175 3365 χρόνου
2203 3292 2630 3365 παραπλέουσιν,
2661 3292 2875 3364 ἔχοντες
2900 3292 2991 3345 τὸν
3026 3293 3188 3357 σῖτον,
3223 3290 3333 3345 ἀπὸ
3365 3296 3412 3362 ρ’
3439 3306 3573 3347 στα-

1984 3397 2114 3451 δίων
2155 3396 2252 3467 τῆς
2296 3396 2716 3461 Κωνσταντίας,
2769 3396 3030 3470 ἄντικρυς
3082 3394 3179 3450 τοῦ
3234 3393 3576 3464 καλουμένου

1986 3501 2392 3572 Διανευτηρίου.
2431 3502 2541 3555 Καὶ
2569 3501 2778 3569 γίνεται
2805 3501 3006 3571 λαίλαψ
3056 3501 3231 3572 μέγας
3270 3502 3329 3553 ἐν
3377 3502 3444 3570 τῇ
3477 3498 3574 3554 θα-

1985 3603 2181 3677 λάσσῃ,
2217 3606 2312 3658 καὶ
2338 3604 2720 3659 ἐκινδύνευσαν
2759 3607 3045 3679 ἀμφότερα
3065 3605 3137 3659 τὰ
3157 3605 3315 3660 πλοῖα
3341 3607 3577 3659 Φαυστι-

1983 3695 2165 3748 νιανοῦ
2193 3695 2260 3749 τὰ
2286 3695 2377 3748 τὸν
2435 3699 2578 3750 σῖτον
2630 3697 2842 3768 ἔχοντα.
2874 3699 2985 3751 Καὶ
3030 3697 3244 3752 ἅπαντα
3299 3697 3392 3751 τὸν
3425 3699 3573 3750 σῖτον

1983 3786 2332 3859 ἐξέϐρασενὴ
2368 3787 2612 3843 θάλασσα
2638 3790 2730 3842 ἐπὶ
2759 3789 2851 3842 τὸν
2880 3790 3143 3858 αἰγιαλόν.
3177 3788 3285 3842 Τοῦ
3325 3789 3382 3841 δέ
3428 3790 3576 3843 Φαυ-

1985 3880 2252 3933 στινιανοῦ
2282 3880 2617 3945 ἀκούσαντος
2654 3880 2848 3944 ταῦτα,
2902 3880 3107 3944 εὐθέως
3159 3879 3426 3950 κατῆλθεν
3476 3881 3573 3934 ἐπὶ

1981 3970 2081 4040 τὴν
2111 3969 2407 4034 θάλασσαν,
2444 3971 2538 4024 καὶ
2570 3970 2689 4022 κατ’
2711 3970 3023 4041 ὀφθαλμοὺς
3050 3968 3217 4023 αὑτοῦ
3250 3967 3373 4021 ἰδὼν
3398 3969 3469 4023 τά
3495 3987 3576 4038 γι⁴

1982 4062 2205 4132 νόμενα,
2239 4062 2409 4132 τάιρον
2436 4061 2780 4133 ἀνεῳγμένον
2835 4060 2975 4132 ἔχων
3007 4060 3068 4114 τὺ
3120 4059 3313 4115 ἑαυτοῦ
3365 4061 3569 4133 στόμα,

1982 4154 2185 4226 ἤρξατο
2213 4153 2414 4217 εὐθέως
2441 4152 2780 4224 βλασφημεῖν
2812 4151 2903 4205 τὸν
2947 4153 3211 4222 ’Υψιστον
3248 4151 3277 4202 ὁ
3308 4152 3571 4205 κακοδαίο

1985 4263 2120 4316 μων,
2184 4245 2279 4298 καὶ
2335 4244 2616 4314 ἐπιφέρειν
2666 4243 2920 4307 τοιαύτας
2980 4240 3165 4314 ὕϐρεις
3223 4241 3568 4313 Ἐπιφανίῳ’

1993 4336 2147 4399 Ἰδοὺ,
2179 4337 2363 4405 φησὶν,
2387 4336 2415 4386 ὁ
2451 4335 2625 4407 μάγος
2675 4328 2829 4397 οὗτος
2873 4336 2969 4390 καὶ
3010 4333 3269 4405 ἐπιθέτης
3295 4335 3358 4387 οὐ
3404 4335 3571 4405 μόνον

1980 4428 2074 4480 ἐπὶ
2107 4427 2207 4499 τῆς
2240 4427 2411 4498 ξηρᾶς
2444 4426 2547 4497 γῆς
2572 4426 2786 4497 ἐνεργεῖ
2827 4423 2904 4495 τῷ
2932 4423 3067 4495 οἴκῳ
3099 4441 3198 4495 μου
3249 4425 3329 4486 εἰς
3394 4423 3567 4488 κακὰ,

291 4545 412 4594 nes,
441 4527 711 4598 prohibet,
750 4542 817 4581 ne
847 4526 1188 4596 ingrediatur
1220 4527 1294 4592 id,
1344 4526 1490 4596 quod
1517 4535 1602 4581 est
1637 4525 1761 4581 usui
1794 4525 1874 4581 fa-

1986 4518 2113 4573 ἀλλά
2163 4495 2270 4571 ’καὶ
2295 4495 2415 4570 Πέπὶ
2447 4495 2546 4588 τῆς
2578 4495 2854 4586 θαλάσσης
2902 4513 3162 4586 δαίμονας
3194 4514 3567 4582 ἀποστέλλων,

290 4621 453 4676 milia:
486 4635 636 4675 meae.
670 4617 716 4673 Ο
743 4618 868 4689 quis
898 4628 1094 4674 ventus
1124 4619 1307 4674 emisit
1333 4618 1482 4673 hunc
1512 4619 1822 4689 praedonem
1850 4619 1874 4673 ?

288 4718 536 4788 Cumque
568 4718 681 4771 hate
713 4714 962 4778 dixisset,
1000 4722 1053 4768 et
1082 4715 1240 4784 plura
1281 4712 1388 4779 his,
1431 4713 1528 4768 ivit
1557 4713 1612 4768 in
1645 4712 1868 4768 domum

290 4822 445 4862 suam
479 4804 740 4860 minitans
774 4802 1104 4875 Epiphanio.
1134 4802 1338 4858 Omnes
1367 4812 1571 4871 autem,
1592 4804 1686 4873 qui
1714 4811 1872 4858 erant

289 4902 602 4972 congregati
641 4901 695 4954 in
757 4897 996 4962 civitate,
1031 4896 1133 4950 viri
1164 4905 1219 4951 et
1283 4896 1560 4961 mulieres,
1591 4913 1697 4951 una
1744 4911 1869 4951 cum

289 4992 404 5047 suis
432 4992 645 5055 liberis,
676 4992 1008 5062 colligebant
1036 4988 1396 5052 frumentum,
1450 4996 1504 5042 et
1528 4987 1783 5062 ferebant
1816 4988 1871 5042 in

288 5081 483 5136 domos
510 5097 661 5146 suas,
694 5090 1091 5153 congregantes
1121 5087 1421 5148 sumptum,
1468 5080 1608 5134 alius
1649 5079 1869 5149 quidem

289 5173 453 5228 unius
484 5172 634 5239 anni,
669 5173 810 5228 alius
857 5189 988 5228 vero
1037 5172 1272 5227 duorum
1304 5185 1595 5225 annorum.
1628 5169 1873 5225 Habebat

288 5279 416 5320 vero
443 5263 833 5319 Faustinianus
867 5282 1119 5332 uxorem,
1154 5280 1276 5336 quae
1309 5261 1542 5318 faciebat
1566 5263 1708 5318 bona
1743 5277 1871 5332 ope-

286 5373 369 5411 ra.
406 5352 525 5425 Ipsa
553 5369 704 5425 ergo,
728 5355 995 5411 insciente
1013 5355 1395 5420 Faustiuiano,
1438 5353 1691 5407 misit‘bis
1721 5352 1870 5407 mitte

288 5462 546 5503 nummos
595 5446 923 5518 Epiphanio,
971 5456 1032 5500 ut
1065 5445 1251 5500 domui
1295 5447 1414 5516 ejus
1469 5445 1731 5515 prteberet
1769 5445 1869 5497 ali-

289 5548 493 5595 menta.
533 5540 679 5595 Dixit
716 5549 898 5594 autem
932 5540 1146 5593 mulieri
1183 5538 1523 5608 Epiphanius
1554 5556 1565 5591 :
1604 5534 1751 5591 Tene
1772 5552 1868 5605 pe-

287 5634 506 5690 cuniam
543 5636 596 5688 in
636 5634 801 5690 domo
825 5643 941 5698 tua,
986 5642 1040 5688 et
1069 5632 1255 5702 accipe
1298 5631 1525 5695 cibaria,
1555 5631 1756 5699 quibus
1787 5629 1883 5683 in-‘

287 5730 478 5800 digcs:
523 5735 576 5786 ct
622 5726 844 5799 quando
882 5736 1023 5782 terra
1076 5723 1413 5794 produxctit,
1474 5732 1603 5775 tunc
1650 5721 1866 5789 reddes,

1978 4610 2266 4666 διακωλύει
2297 4610 2555 4664 εἰσελθεῖν
2585 4609 2644 4662 τὸ
2674 4610 2767 4662 ἐπὶ
2803 4607 3048 4679 διακονίᾳ
3099 4606 3194 4660 τοῦ
3221 4604 3359 4677 ἐμοῦ
3389 4606 3566 4662 οἴκου.

1979 4702 2049 4757 Ὢ
2081 4707 2229 4767 ποῖος
2257 4702 2458 4773 ἄνεμος
2487 4701 2794 4773 ἐξέπεμψεν
2826 4699 3014 4755 τοῦτον
3046 4699 3139 4754 τὸν
3170 4698 3428 4771 ἐπιθέτην
3482 4703 3571 4753 ἐν-

1977 4796 2180 4864 ταῦθα;
2207 4795 2392 4850 Ταῦτα
2414 4795 2605 4859 εἰπὼν,
2641 4795 2735 4848 καὶ
2765 4794 2987 4848 πλείονα
3028 4793 3255 4856 τούτων,
3290 4792 3567 4865 ἐπορεύθη

1979 4890 2036 4942 ἐν
2067 4888 2147 4960 τῷ
2177 4889 2309 4959 οἴκῳ
2334 4886 2495 4941 αὐτοῦ
2522 4885 2912 4957 ἀπειλούμενος
2939 4884 3263 4955 Ἐπιφανίῳ.
3286 4885 3569 4951 ’Ἅπαντες

1978 4982 2034 5035 δέ
2073 4984 2122 5035 οἱ
2156 4983 2213 5034 ἐν
2243 4983 2309 5052 τῇ
2340 4980 2495 5034 πόλει
2531 4978 2884 5048 συναχθέντες
2914 4978 3124 5048 ἄνδρες,
3166 4978 3262 5031 καὶ
3281 4981 3565 5049 γυναῖκες,

1981 5073 2117 5144 μετά
2146 5073 2241 5126 καὶ
2265 5072 2371 5125 τῶν
2396 5069 2605 5124 ἑαυτῶν
2631 5070 2835 5124 τέκνων
2881 5069 3216 5136 ἐπεσύναγον
3264 5066 3357 5120 τὸν
3390 5069 3565 5133 οἶτον,

1978 5165 2069 5218 καὶ
2091 5163 2424 5235 ἀπεκόμιζον
2455 5164 2534 5226 είς
2565 5162 2691 5225 τοὺς
2722 5162 2903 5226 οἴκους
2952 5161 3158 5215 ἐαυτῶν
3187 5203 3200 5226 ,
3236 5159 3568 5229 συνάγοντες

1975 5255 2035 5308 τὸ
2065 5255 2275 5309 ἑαυτῶν
2307 5253 2589 5325 ἀνάλωμα,
2616 5252 2676 5316 ὃς
2702 5252 2800 5324 μὲν
2820 5251 3088 5317 ἐνιαυτοῦ,
3105 5251 3167 5329 ὃς
3196 5251 3251 5304 δὲ
3279 5248 3373 5304 δύο
3400 5250 3563 5307 ἐτῶν.

1979 5343 2134 5418 Εἶχεν
2163 5347 2218 5399 δὲ
2247 5345 2629 5407 Φαυστινιανὸς
2663 5344 2690 5396 ὀ
2716 5342 3060 5413 κακοδαίμων
3090 5344 3324 5410 γυναῖκα
3346 5342 3565 5411 χρηστὰ

1976 5440 2111 5513 ἔργα
2142 5438 2518 5494 ἐπιτελοῦσαν.
2550 5436 2697 5507 Αὕτη
2722 5432 2814 5489 οὖν
2839 5435 3013 5505 λάθρα
3035 5434 3128 5488 τοῦ
3166 5434 3362 5505 ἀνδρὸς
3388 5433 3565 5503 αὐτῆς

1974 5532 2295 5587 ἀπέστειλεν
2351 5530 2586 5601 δισχίλια
2642 5529 2953 5600 νομίσματα
3007 5526 3339 5597 Ἐπιφανίῳ,
3409 5526 3564 5589 ὅπως

1978 5624 2199 5695 παρέξει
2231 5622 2440 5695 τροφὰς
2463 5621 2540 5693 τῷ
2572 5622 2705 5691 οἴκῳ
2738 5620 2925 5690 αὐτῆς.
2957 5615 3125 5672 Εἶπεν
3155 5618 3211 5672 δέ
3238 5619 3562 5687 Ἐπιφάνιος

1978 5716 2109 5783 πρὸς
2150 5716 2245 5773 τὴν
2268 5718 2497 5776 γυναῖκα
2518 5730 2529 5741 '
2570 5712 2775 5779 Κράτει
2807 5712 2872 5765 τά
2900 5711 3210 5782 νομίσματα
3268 5712 3326 5763 ἐν
3371 5709 3451 5780 τῷ
3482 5707 3562 5779 σῷ
