3808 6150
297 362 371 420 95
1595 375 1651 432 S.
1692 374 2029 432 EPIPHANII
2072 375 2253 433 VITA.
3477 377 3544 430 94

299 482 455 554 οἴκῳ,
491 482 582 537 καὶ
618 483 747 537 λάϐε
775 483 1019 551 δαπάνας
1046 486 1203 563 ἐντῷ
1225 489 1358 560 οἴκῳ
1386 486 1462 560 σῷ
1485 507 1497 520 ·
1527 490 1619 543 καὶ
1647 489 1774 543 ὅταν
1796 489 1865 544 τὰ
1900 528 1903 531 -

1976 490 2098 560 quae
2136 482 2433 560 acceperis.
2461 488 2553 544 Sic
2580 500 2758 545 autem
2817 490 2944 546 fecit
3005 505 3148 546 uxor
3181 488 3543 544 Faustiniani.

300 574 532 645 ἐκφόρια
560 572 833 661 πληρώσει
857 576 890 647 ἡ
924 576 1016 648 γῆ,
1044 578 1163 631 τότε
1188 579 1330 650 ἅπερ
1356 578 1564 643 ἔλαϐες,
1593 579 1868 650 παρέξεις.
1904 582 2014 635 Καὶ
2045 581 2300 653 ἐποίησεν
2328 582 2394 650 τῇ
2424 579 2644 648 γυναικὶ
2667 578 2838 644 οὕτως
2869 580 2966 649 (a).

371 667 499 722 NE'.
525 663 632 719 Ἦν
658 668 714 721 δέ
742 685 825 732 τις
856 662 1099 733 διάκονος
1123 672 1181 723 ἐν
1207 670 1285 741 τῷ
1318 672 1670 742 ἐπισκοπείῳ,
1702 671 1866 724 Σαϐῖ-

2039 671 2149 727 LV.
2180 672 2310 727 Erat
2348 673 2401 725 in
2431 671 2740 741 epiScopatu
2770 671 2988 739 quidam
3029 670 3310 736 diaconus,
3364 670 3545 724 nouli-

304 773 392 820 νος
433 757 694 827 ὀνόματι,
735 758 872 829 ἔχων
935 762 1271 833 ἐπιτήδευμα
1321 760 1413 816 τοῦ
1481 763 1872 833 καλλιγράφου.

302 839 473 909 Οὗτος
501 848 674 917 πρᾶος
700 848 964 920 ὑπῆρχεν,
999 849 1093 902 καὶ
1125 848 1270 922 ὀρθῷ
1307 849 1404 921 βίῳ
1441 849 1872 920 κεκοσμημένος.

304 931 482 1007 Ἦμεν
517 938 573 991 δὲ
592 939 641 992 οἱ
665 940 863 1004 πάντες
897 941 1119 1012 μοναχοὶ
1144 942 1201 994 ἐν
1223 941 1300 1012 τῷ
1325 942 1656 1012 ἐπισκοπείῳ
1689 941 1877 1012 ὀγδοή-

306 1041 500 1081 κονταο
537 1023 689 1091 οὗτος
735 1032 763 1083 6
795 1031 1017 1095 Σαϐῖνος
1046 1032 1334 1102 διέπρεπεν
1391 1032 1451 1084 ἐν
1502 1032 1667 1085 πᾶσιν
1721 1031 1875 1107 ἡμῖν.

304 1115 504 1172 Τοῦτον
535 1112 845 1190 Ἐπιφάνιος
868 1123 1197 1195 κατέστησεν
1220 1112 1454 1178 ἐκδικετν
1481 1121 1551 1176 τὰ
1578 1121 1877 1193 πράγματα

306 1210 404 1280 τῆς
438 1201 780 1283 Ἔκκλησίας.
831 1200 969 1266 Hoc!
1015 1209 1108 1269 οῦν
1160 1213 1252 1268 δύο
1280 1213 1488 1285 ἀνδρῶν
1542 1211 1881 1285 κρινομένων

307 1298 456 1370 παρᾶ
490 1294 732 1365 Σαϐίνου,
762 1302 880 1365 ἐνὸς
905 1301 1180 1368 πλουσίου,
1214 1304 1307 1357 καὶ
1352 1303 1470 1366 ἐνὸς
1507 1301 1758 1372 πένητος,
1807 1296 1876 1371 ἦν

300 1391 333 1442 6
354 1390 605 1455 πλούσιος
640 1392 837 1463 μᾶλλον
876 1392 1012 1463 έχων
1031 1394 1100 1447 τὰ
1130 1394 1317 1448 δίκαια
1342 1394 1482 1465 ὑπὲρ
1514 1393 1606 1446 τὸν
1645 1392 1874 1463 πένητα.

304 1479 413 1535 Τοῦ
440 1477 533 1536 οῦν
562 1482 876 1553 Ἐπιφανίου
906 1484 1138 1548 ἑστῶτος
1169 1486 1227 1538 ἐν
1257 1486 1407 1556 τόπῳ
1429 1482 1751 1555 ἀποκρύφῳ,
1784 1483 1878 1536 καὶ

303 1573 666 1638 ἐπακούοντος
696 1573 796 1644 τῆς
826 1574 1002 1646 δίκης,
1048 1575 1279 1647 ἤκουσεν
1327 1575 1553 1629 Σαϐίνου
1603 1573 1878 1637 ἐλεοῦντος

307 1665 529 1736 μᾶλλον,
563 1666 657 1719 καὶ
689 1666 946 1737 ρέποντος
978 1667 1072 1719 ἐπὶ
1090 1667 1180 1720 τὸν
1203 1666 1412 1738 πένητα
1451 1668 1509 1720 ἐν
1553 1668 1622 1737 τῇ
1677 1665 1873 1736 κρίσει.

315 1754 374 1808 Ὀ
400 1753 533 1823 γοῦν
558 1746 871 1823 Ἐπιφάνιος
892 1754 1062 1810 ἐλθὼν
1086 1757 1145 1808 ἐν
1173 1755 1251 1826 τῷ
1287 1757 1457 1827 μέσῳ,
1488 1750 1638 1808 εἶπεν
1666 1754 1876 1824 Σαϐίνῳ

303 1846 527 1917 εὐμενεῖ
556 1847 634 1918 τῷ
669 1848 977 1919 προσώπῳ⁸
1018 1846 1275 1912 Ἀπελθε,
1325 1847 1515 1901 τέκνον
1539 1888 1552 1911 ,
1584 1846 1877 1917 καλλιγρα-

303 1951 416 2008 φειι
447 1940 539 1992 καὶ
572 1941 792 2010 μνήμην
820 1938 957 2010 ἔχων
984 1938 1090 1994 τῶν
1122 1938 1280 1993 θείων
1311 1938 1561 2010 Γραφῶν,
1600 1939 1752 2007 γίνου
1784 1938 1873 1991 τέ-

1984 776 2052 818 ne
2079 761 2337 825 Sabinus,
2364 762 2522 831 cujus
2545 761 2784 816 studium
2811 768 2929 814 erat
2953 760 3177 829 pulchre
3201 760 3461 816 scribere.
3495 759 3546 815 Is

1980 863 2099 911 erat
2132 853 2469 919 moderatus,
2524 861 2579 906 et
2630 859 2779 907 recta
2811 851 2919 905 vita
2977 851 3257 920 praeditus.
3311 850 3546 906 Eramus

1981 953 2163 999 autem
2193 945 2248 998 in
2283 943 2595 1014 episcopatu
2623 956 2816 997 omnes
2867 941 3118 995 monachi
3168 941 3460 1011 octoginta.
3495 941 3546 1002 ls

1982 1044 2113 1085 vero
2145 1029 2383 1085 Sabinus
2412 1030 2711 1084 excellebat
2746 1029 2887 1084 inter
2916 1043 3127 1085 omnes.
3159 1026 3295 1083 Eum
3342 1030 3547 1084 consti—

1983 1120 2088 1174 tuit
2109 1120 2446 1190 Epiphanius
2473 1120 2707 1191 primum
2736 1120 3015 1187 eedicum,
3032 1114 3135 1175 hoc
3157 1128 3259 1187 est,
3291 1119 3541 1175 defenso-

1984 1225 2099 1265 rem
2136 1208 2415 1267 Ecclesiae.
2447 1209 2584 1265 Cum
2618 1225 2749 1265 vero
2802 1209 3095 1280 aliquando
3148 1209 3256 1264 duo
3298 1210 3548 1264 homines

1983 1300 2127 1371 apud
2158 1299 2417 1356 Sabinum
2441 1301 2650 1371 judicio
2679 1300 3093 1367 contenderem,
3120 1316 3263 1355 unus
3288 1301 3458 1367 dives,
3492 1307 3548 1354 et

1984 1401 2128 1441 unus
2155 1402 2382 1457 pauper,
2419 1387 2608 1442 melior
2645 1399 2763 1443 erat
2795 1390 2979 1444 divitis
3005 1403 3190 1453 eausa,
3218 1404 3379 1458 quam
3410 1404 3546 1458 pau—

1980 1479 2152 1550 peris.
2178 1478 2319 1535 C‘um
2350 1480 2515 1550 igitur
2540 1480 2877 1550 Epiphanius
2904 1481 3118 1536 occulto
3141 1482 3203 1535 in
3239 1481 3357 1535 loco
3396 1488 3553 1535 stans

1978 1570 2244 1641 judicium
2293 1571 2538 1639 audiret,
2592 1572 2763 1627 sensit
2817 1571 3078 1627 Sabinum
3144 1572 3197 1626 in
3251 1584 3541 1641 pauperem

1982 1662 2159 1732 magis
2196 1663 2551 1732 propendere,
2595 1664 2822 1733 ejusque
2853 1664 3123 1720 misereri.
3170 1663 3306 1718 Cum
3367 1664 3550 1731 itaque

1982 1754 2035 1807 in
2093 1755 2332 1811 medium
2401 1757 2636 1811 venisset
2688 1756 3042 1825 Epiphanius,
3093 1756 3292 1811 Sabino
3335 1754 3551 1825 placido

1984 1850 2135 1904 vultu
2170 1848 2307 1903 dixit
2336 1865 2350 1902 :
2384 1846 2553 1916 Vade,
2583 1849 2680 1913 ﬁli,
2707 1861 2762 1905 et
2781 1851 2959 1906 scribe
2989 1859 3168 1917 recte;
3191 1860 3246 1906 et
3273 1853 3548 1903 memento

1984 1941 2272 1996 verborum
2315 1940 2649 2006 divinorum,
2703 1951 2758 1997 et
2819 1943 2897 2003 sis
2930 1943 3201 2014 perfectus
3233 1946 3287 2001 iu
3319 1947 3549 2021 judicio,

305 2031 444 2094 λειος
471 2030 599 2101 περὶ
638 2029 734 2102 τὴν
756 2030 911 2103 δίκην
931 2051 945 2065 ·
968 2033 1062 2084 καὶ
1092 2031 1185 2084 ἔσο
1209 2031 1422 2084 ἀκούων
1451 2030 1544 2084 τοῦ
1587 2030 1875 2102 εὐεργέτου

1986 2044 2035 2089 et
2070 2033 2261 2089 audias
2290 2033 2689 2090 benefactorem
2722 2036 3054 2105 loquentem,
3083 2047 3137 2092 et
3175 2039 3501 2097 dicentem”
3531 2060 3551 2098 ι

305 2125 770 2193 προσφωνοῦντος,
802 2127 893 2179 καὶ
914 2126 1161 2194 λέγοντος
1181 2143 1196 2158 ο
1224 2126 1321 2195 Μὴ
1342 2125 1615 2191 ἐλεήσεις
1641 2124 1878 2192 πτωχὸν

302 2212 370 2266 ἐν
397 2216 612 2282 κρίσει,
642 2216 742 2270 καὶ
745 2217 831 2286 μὴ
844 2216 1037 2285 λάϐῃς
1050 2218 1377 2287 πρόσωπον
1393 2216 1719 2271 δυνάστου.
1746 2214 1878 2268 Ἀπὸ

300 2308 425 2361 τότε
455 2304 548 2362 οὖν
573 2300 889 2379 Ἐπιφάνιος
920 2312 1052 2364 πᾶσι
1079 2312 1191 2373 τοῖς
1220 2308 1674 2380 προσερχομένοις
1696 2305 1875 2359 ἐδίκα-

302 2401 419 2466 ζεν.
467 2400 600 2455 Ἀπὸ
629 2402 737 2472 γὰρ
771 2403 985 2474 πρωῖας
1033 2402 1138 2465 ἕως
1192 2401 1340 2473 ὥρας
1371 2402 1565 2471 ἐνάτης
1610 2399 1877 2468 ἐπήκουεν

301 2491 410 2545 τῶν
435 2493 789 2564 κρινομένων,
818 2494 911 2547 καὶ
939 2493 1047 2548 ἀπὸ
1073 2494 1267 2565 ἐνάτης
1297 2492 1402 2556 ἕως
1424 2489 1566 2563 πρωῒ
1589 2490 1689 2543 οὐκ
1717 2488 1877 2541 ἐθεω-

304 2585 452 2655 ρεῖτό
476 2602 585 2638 τινι
611 2584 720 2639 τῶν
749 2584 1075 2657 ἀνθρώπων.

370 2674 517 2742 NG’.
544 2671 652 2729 Ἦν
686 2675 743 2729 δέ
796 2692 879 2739 τις
908 2674 1014 2729 τῶν
1050 2673 1293 2744 ἀδελφῶν
1324 2675 1382 2728 ἐν
1408 2671 1488 2744 τῷ
1519 2670 1870 2740 ἐπισκοπείῳ,

302 2766 496 2838 ιταμὺς
529 2766 607 2838 τῷ
632 2765 928 2839 προσώπῳ,
952 2765 1149 2837 τέχνην
1177 2766 1315 2835 ἔχων
1336 2765 1431 2817 καὶ
1456 2763 1618 2826 αὐτὸς
1654 2761 1752 2834 τὴν
1781 2758 1874 2813 τοῦ

303 2858 672 2930 καλλιγράςρου
694 2875 711 2893 ’
749 2859 841 2912 καὶ
860 2859 1028 2928 ὄνομα
1058 2857 1206 2927 αὐτῷ
1237 2856 1531 2924 Ῥουφῖνος.
1557 2847 1723 2914 Οὗτος
1751 2866 1877 2903 συν-

300 2952 545 3022 απήγετο
605 2947 995 3019 Φαυστινιανῷ,
1029 2948 1122 3003 καὶ
1155 2945 1273 3000 καθ’
1303 2945 1518 3016 ἡμέραν
1543 2943 1728 3014 ὕϐρεις
1749 2940 1877 2993 πολ-

295 3042 399 3105 λὰς
428 3040 692 3111 ἐπέφερεν
714 3039 1039 3109 Ἐπιφανίῳ.
1086 3037 1145 3090 '0
1174 3037 1231 3090 δὲ
1256 3035 1575 3103 Ἐπιφάνιος
1598 3035 1733 3105 μετὰ
1750 3035 1877 3089 πολ-

298 3133 400 3203 λῆς
456 3134 759 3205 πραότητος
804 3128 1152 3184 κατέστελλεν
1180 3127 1241 3180 τὸ
1271 3127 1469 3207 θρᾴσος
1516 3125 1702 3180 αὑτοῦ.
1770 3127 1879 3179 Καὶ

299 3227 425 3280 καθ’
448 3224 701 3278 ὑπόθεσιν
721 3225 775 3277 δὲ
804 3219 1188 3276 Φαυστινιανοῦ
1221 3220 1315 3273 καὶ
1342 3218 1620 3289 ἐνέργειαν
1645 3217 1739 3271 τοῦ
1765 3216 1878 3270 δαί-

304 3334 465 3391 μονος
496 3316 588 3370 τοῦ
618 3316 800 3378 αὐτοῖς
845 3312 1211 3385 ἐνεργοῦντος,
1264 3309 1524 3382 ἐζήτησεν
1556 3304 1708 3372 οὗτος
1741 3310 1879 3362 ἀποέ

302 3411 512 3463 κτεῖναι
547 3406 637 3458 τὸν
661 3405 997 3473 Ἐπιφάνιον,
1025 3401 1347 3472 συνθέμενος
1384 3399 1772 3462 Φαυστινιανὸς
1805 3397 1881 3468 τῷ

307 3499 555 3574 μοναχῷ,
582 3498 756 3568 λέγων
781 3498 917 3566 πρὸς
948 3497 1107 3551 αὐτὸν
1139 3498 1167 3550 6
1197 3492 1566 3564 κακοδαίμων,
1594 3492 1676 3546 ὅτι
1702 3509 1716 3522 ·
1756 3491 1882 3546 Ἐὰν

299 3589 652 3663 ἀποκτείνῃς,
690 3589 847 3659 φησὶ,
880 3585 1065 3640 τοῦτον
1096 3586 1186 3639 τὸν
1218 3583 1492 3656 ἐπιθέτην,
1521 3584 1585 3637 σὺ
1610 3582 1715 3655 ἔσῃ
1750 3582 1883 3636 καθ-

301 3683 509 3753 ήμενος
548 3680 639 3732 ἐπὶ
687 3677 781 3730 τοῦ
826 3675 1039 3746 θρόνου.
1074 3669 1248 3736 ,Οὗτος
1299 3672 1358 3726 δέ
1403 3674 1433 3725 6
1491 3671 1769 3739 Ῥουφῖνος
1815 3667 1883 3741 ἦν

300 3772 531 3840 ἔσχατος
556 3768 801 3829 διάκονος
824 3765 921 3836 τῆς
951 3762 1281 3834 Ἐκκλησίας
1303 3780 1316 3794 ·
1344 3761 1465 3816 ὅθεν
1505 3761 1666 3824 αὐτὸς
1695 3759 1884 3814 εἴωθεν

300 3861 628 3930 ἐπικοσμεῖν
652 3858 744 3912 τὸν
769 3856 957 3929 θρόνον
1004 3854 1098 3908 τοῦ
1137 3854 1460 3907 ἐπισκόπου.
1492 3851 1686 3906 Λαϐὼν
1736 3849 1829 3904 οὖν
1856 3853 1885 3905 6

301 3951 512 4023 θρασὺς
543 3951 637 4004 καὶ
660 3947 873 4014 ἀλαζὼν
928 3949 1200 4018 μάχαιραν
1228 3946 1407 4010 ὀξεῖαν
1455 3943 1649 4014 ἔθηκεν
1695 3941 1882 4013 ὀρθίαν

301 4043 400 4097 ἐπλ¹
455 4043 516 4096 τὸ
568 4042 810 4111 κάθισμα
861 4040 954 4093 τοῦ
987 4038 1197 4110 θρόνου,
1248 4036 1341 4088 καὶ
1370 4035 1554 4088 ἐπάνω
1597 4033 1800 4104 ταύτης
1823 4032 1885 4085 τὸ

302 4132 621 4203 ἐφάπλωμα
647 4132 741 4185 τοῦ
779 4130 1001 4200 θρόνου.
1027 4114 1132 4181 Τοῦ
1152 4127 1209 4179 δὲ.
1233 4125 1552 4194 Ἐπιφανίου
1603 4123 1885 4194 μέλλοντος

300 4224 580 4295 καθῆσθαι
614 4225 705 4276 ἐπὶ
727 4221 819 4289 τοῦ
852 4220 1066 4294 θρόνου,
1093 4214 1246 4272 εἶπεν
1275 4216 1411 4288 πρὸς
1445 4216 1536 4268 τὸν
1568 4215 1630 4268 τὸ
1673 4214 1885 4284 ἐνεδρον

300 4318 638 4388 ποιήσαντα·
668 4310 859 4386 Ἆρον,
895 4313 1049 4385 φησι,
1077 4312 1287 4371 τέκνον,
1320 4309 1383 4363 τὸ
1430 4308 1725 4379 σκέπασμα
1776 4307 1886 4361 ἀπὸ

301 4408 401 4465 τοῦ
428 4409 641 4481 θρόνου.
666 4406 772 4458 Τοῦ
803 4405 858 4459 δὲ
876 4405 1011 4476 πρὸς
1026 4403 1117 4457 τὸν
1140 4401 1296 4470 λόγον
1313 4399 1631 4467 Ἐπιςρανίου
1659 4398 1733 4470 μὴ
1789 4400 1886 4451 ἐπ-

301 4497 748 4561 ακολουθοῦντος,
765 4495 943 4549 λαϐὼν
954 4493 1270 4562 Ἐπιφάνιος
1296 4492 1357 4544 τὸ
1385 4489 1649 4560 κάλυμμα
1671 4488 1732 4541 τδ
1766 4490 1886 4542 ἐπι-

303 4585 585 4641 καλύπτον
607 4585 704 4652 τὴν
747 4585 1037 4655 μάχαιραν,
1081 4581 1276 4635 ἔπεσεν
1303 4581 1336 4652 ἡ
1373 4580 1617 4650 μάχαιρα
1648 4579 1730 4642 εἰς
1759 4580 1885 4643 τοὺς

1986 2124 2117 2179 Noli
2157 2126 2395 2179 misereri
2441 2125 2691 2195 pauperis
2729 2128 2787 2179 in
2815 2129 3050 2197 judicio,
3084 2138 3135 2184 et
3185 2146 3249 2186 ne
3301 2135 3553 2204 respicias

1982 2230 2261 2284 personam
2314 2216 2560 2282 potentis.
2592 2217 2676 2271 Ab
2703 2231 2768 2272 eo
2801 2217 2984 2287 itaque
3026 2230 3270 2290 tempore
3295 2226 3561 2281 omnibus,

1982 2306 2074 2375 qui
2125 2305 2413 2360 veniebant
2460 2305 2724 2375 judicium
2782 2310 3041 2365 reddebat
3095 2310 3447 2382 Epiphanius.
3499 2316 3543 2370 Α

1984 2396 2251 2451 matutina
2308 2397 2451 2450 enim
2490 2413 2664 2468 usque
2707 2399 2773 2453 ad
2817 2401 3003 2455 horam
3042 2417 3241 2457 nonam
3296 2406 3552 2462 audiebat

1983 2501 2099 2549 eos.
2129 2488 2223 2557 qui
2257 2487 2652 2557 disceptabant.
2672 2490 2769 2546 ‘Ab
2796 2492 2930 2547 hora
2960 2508 3089 2549 vero
3115 2510 3263 2551 nona
3289 2512 3458 2567 usque
3480 2499 3549 2554 ad

1983 2586 2195 2647 tempus
2227 2580 2550 2635 matutinum
2578 2597 2609 2636 a
2646 2583 2796 2638 nullo
2834 2585 3117 2640 videbatur
3151 2589 3409 2658 amplius.

2054 2667 2187 2722 LVI.
2221 2667 2352 2723 Erat
2376 2678 2556 2725 autem
2596 2686 2661 2725 ex
2702 2669 2985 2740 fratribus,
3018 2674 3109 2744 qui
3159 2684 3316 2730 erant
3349 2676 3401 2730 in
3439 2677 3553 2747 cpi--

1970 2768 2234 2829 rscopatu,
2283 2762 2504 2831 quidam
2538 2761 2772 2819 Ruﬁnus
2797 2765 3038 2831 nomine,
3088 2766 3247 2838 cujus
3297 2781 3387 2822 ars
3433 2778 3550 2822 erat

1984 2861 2128 2904 recte
2154 2851 2416 2913 scribere,
2456 2854 2607 2907 vultu
2644 2854 2946 2924 impudens.
2980 2853 3097 2910 Una
3125 2871 3249 2911 cum
3273 2871 3337 2911 eo
3367 2856 3549 2911 insur-

1983 2942 2141 3010 gebat
2172 2940 2583 3009 Faustinianus,
2616 2955 2669 3000 et
2700 2947 2944 3015 quotidie
2990 2946 3176 3002 multis
3204 2949 3550 3015 contumeliis

1983 3030 2253 3085 alliciebat
2292 3032 2675 3102 Epiphanium.
2711 3034 3043 3105 Epiphanius
3074 3050 3204 3092 vero
3240 3052 3364 3092 cum
3397 3054 3552 3095 sum-

1984 3137 2070 3175 ma
2103 3123 2519 3179 mansuetudine
2548 3123 2669 3193 ejus
2701 3127 3028 3196 reprimebat
3069 3129 3374 3184 audaciam.
3410 3129 3549 3200 Sug-

1981 3213 2226 3280 gestioue
2262 3221 2442 3269 autem
2491 3215 2851 3284 Fanstiniani,
2904 3227 2957 3272 et
3004 3218 3266 3275 daemonis
3327 3222 3419 3290 qui
3469 3222 3551 3276 cis

1984 3318 2140 3373 opem
2176 3304 2401 3371 ferebat,
2436 3307 2482 3363 is
2517 3310 2768 3378 qumsivit
2812 3310 3113 3367 interﬁcere
3165 3311 3547 3382 Epiphanium,

1983 3411 2106 3453 cum
2164 3397 2555 3455 Faustinianus
2586 3400 2699 3455 hace
2725 3402 2890 3455 verba
2921 3402 3243 3457 contulisset
3272 3418 3395 3457 cum
3431 3418 3549 3456 mo—

1985 3491 2179 3555 nacho,
2213 3498 2269 3545 et
2312 3490 2363 3546 ei
2397 3489 2599 3545 diceret
2632 3491 2976 3546 cacodaemon
3006 3511 3018 3546 :
3054 3491 3112 3545 Si
3146 3493 3366 3547 occidas
3402 3508 3545 3562 prm-

1982 3582 2205 3647 donem,
2244 3582 2459 3638 sedebis
2515 3596 2678 3652 supra
2728 3583 3006 3637 thronum.
3072 3582 3170 3639 Hic
3204 3592 3382 3639 autem
3438 3593 3546 3639 tam

1985 3674 2185 3737 audax,
2215 3681 2270 3727 et
2298 3680 2412 3727 tam
2448 3673 2714 3737 insolens,
2763 3684 2880 3727 erat
2929 3685 3235 3743 postremus
3286 3673 3551 3729 diaconus

1985 3762 2282 3819 Ecclesiae:
2327 3763 2393 3817 ad
2423 3778 2584 3834 quem
2630 3764 2933 3833 pertinebat
2968 3779 3167 3819 ornare
3204 3763 3460 3819 thronum
3494 3778 3552 3819 e-

1985 3855 2214 3924 piscOpi.
2243 3855 2379 3909 Cum
2410 3869 2542 3910 vero
2569 3855 2803 3923 gladium
2844 3865 3062 3910 acutum
3091 3857 3391 3925 accepisset
3431 3870 3552 3911 sce-

1985 3947 2211 4013 leratus,
2237 3946 2420 4016 posuit
2443 3962 2566 4000 eum
2600 3954 2803 4002 tectum
2833 3948 2886 4000 in
2931 3961 2995 4002 eo
3024 3946 3165 4011 loco,
3199 3947 3290 4001 ubi
3335 3948 3552 4002 sedetur

1984 4051 2148 4107 supra
2178 4037 2456 4099 thronum.
2474 4045 2529 4092 et
2556 4052 2721 4107 supra
2748 4053 2871 4090 etim
2890 4046 3067 4092 vestes
3089 4038 3377 4108 stragulas.
3409 4036 3548 4093 Cum

1985 4127 2149 4197 igitur
2182 4126 2520 4197 Epiphanius
2559 4127 2627 4181 ad
2669 4127 2850 4181 sedem
2901 4128 3234 4193 ascenderet,
3287 4127 3425 4182 dixit
3474 4132 3546 4193 ei,

1983 4219 2076 4288 qui
2115 4217 2319 4274 fecerat
2374 4218 2647 4275 insidias:
2682 4217 2852 4283 Tolle,
2911 4216 3006 4278 ﬁli,
3063 4217 3208 4274 sedis
3266 4227 3548 4289 tegumen-

1982 4319 2119 4363 tum.
2151 4307 2289 4363 Cum
2318 4310 2366 4365 is
2395 4320 2575 4365 autem
2605 4325 2713 4364 non
2763 4320 2977 4379 pareret
3021 4311 3202 4366 verbis
3240 4308 3550 4378 Epiphanii,

1985 4402 2193 4471 accepit
2218 4401 2563 4472 Epiphanius
2593 4412 2983 4472 tegumentum,
3023 4402 3168 4471 quod
3201 4402 3407 4472 tegebat
3442 4401 3553 4470 gla-

1983 4492 2157 4547 dium.
2192 4492 2418 4549 Gladius
2445 4508 2574 4549 vero
2608 4494 2807 4549 cecidit
2838 4494 2893 4547 in
2923 4494 3084 4564 pedes
3122 4492 3302 4546 Rufini
3355 4493 3556 4562 (caco-

1983 4584 2244 4640 daemonis
2302 4585 2509 4655 potius,
2569 4585 2772 4656 quam)
2831 4586 3071 4648 diaconi,
3127 4592 3180 4639 et
3229 4587 3430 4639 iulixus
3472 4594 3561 4638 est

304 4677 477 4739 πόδας
507 4676 785 4747 Ῥουφίνου
814 4674 907 4730 τοῦ
938 4674 1064 4748 [μὴ]
1088 4673 1332 4727 διακόνου
1354 4713 1368 4735 ,
1410 4672 1504 4725 καὶ
1536 4671 1776 4743 ἐνεπάγη
1805 4672 1877 4735 εἰς

1986 4676 2104 4747 ejus
2150 4676 2276 4747 pedi
2327 4677 2571 4733 dextero.
2629 4676 2880 4748 Dixitque
2926 4677 3262 4747 Epiphanius
3314 4676 3553 4730 Ruﬁno:

307 4769 401 4824 τὸν
459 4768 630 4832 δεξιὸν
686 4766 848 4822 αὑτοῦ
879 4766 1032 4820 πόδα.
1089 4761 1256 4818 Εἶπεν
1282 4764 1339 4818 δὲ
1382 4762 1698 4832 Ἐπιφάνιος
1743 4761 1881 4834 πρὸς

317 4861 600 4928 Ῥουφῖνον
624 4875 641 4891 ο
691 4859 927 4923 Παῦσαι,
957 4857 1111 4927 φησὶ,
1138 4855 1240 4926 τῆς
1265 4853 1490 4919 ἀταξίας
1524 4870 1638 4915 σου,
1671 4854 1878 4918 τέκνον,

307 4951 526 5022 μήποτε
553 4950 648 5004 καὶ
674 4948 1046 5020 κινδυνεύσῃς,
1081 4948 1141 5000 οὒ
1202 4946 1341 5017 μετὰ
1384 4946 1597 5017 χρόνον.
1656 4943 1879 5008 Ἔξελθε

302 5040 490 5095 τοίνυν
516 5039 624 5093 ἀπὸ
651 5039 750 5109 τῆς
777 5038 1072 5109 ἐκκλησίας
1089 5051 1105 5068 ·
1128 5038 1187 5090 οὐ
1217 5036 1325 5109 γὰρ
1356 5030 1409 5088 εἴ
1448 5035 1597 5099 ἄξιος
1646 5035 1881 5107 μεταλαο

304 5132 426 5186 δεῖν
480 5131 587 5184 τῶν
633 5130 791 5184 θείων
824 5129 1175 5201 μυστηρίων.
1200 5125 1459 5193 Ἐξελθὼν
1505 5127 1563 5180 δὲ
1604 5129 1881 5196 Ῥουφῖνος

304 5223 418 5274 ἀπὸ
447 5222 547 5291 τῆς
572 5222 885 5293 ἐκκλησίας,
921 5219 1161 5291 ἀπῆλθεν
1196 5221 1255 5273 ἐν
1294 5218 1373 5290 τῷ
1398 5218 1754 5292 ἐπισκοπείῳ,
1787 5222 1881 5275 καὶ

1980 4768 2152 4825 Ccssa
2186 4769 2463 4841 deinceps,
2499 4785 2533 4826 ο
2561 4771 2655 4837 lili,
2694 4771 2761 4826 ab
2804 4771 3114 4836 insolentia,
3146 4785 3215 4823 ne
3261 4770 3447 4823 venias
3498 4767 3555 4821 in

1985 4862 2315 4931 periculum,
2347 4878 2454 4917 non
2485 4874 2610 4933 post
2636 4864 2857 4933 longum
2897 4872 3129 4931 tempus.
3163 4861 3260 4915 Exi
3297 4860 3461 4931 igitur
3486 4861 3555 4913 ah

1984 4952 2212 5007 ecclesia
2247 4970 2262 5021 ;
2303 4968 2481 5024 neque
2526 4955 2671 5008 enim
2709 4956 2905 5024 dignus
2951 4969 3010 5008 es
3050 4950 3433 5007 communione
3462 4966 3552 5004 sa-

1987 5059 2206 5100 crorum
2233 5048 2642 5117 mysteriorum.
2680 5046 2909 5100 Ruﬁnus
2956 5054 3134 5098 autem
3183 5058 3437 5114 egressus
3462 5057 3554 5098 ee-

1988 5136 2175 5201 elesia,
2212 5138 2266 5192 in
2294 5138 2630 5209 episcopium
2684 5139 2842 5203 abiit,
2877 5146 2930 5191 et
2959 5138 3011 5190 in
3040 5137 3178 5193 lecto
3218 5150 3277 5192 se
3325 5150 3555 5206 compo-

1988 5243 2143 5292 nens,
2173 5237 2294 5299 post
2319 5230 2554 5285 triduum
2585 5240 2832 5284 mortuus
2859 5238 2962 5285 est.

306 5316 424 5380 θεὶς
449 5316 639 5369 ἑαυτὸν
671 5315 763 5368 ἐπὶ
790 5314 889 5385 τῆς
922 5313 1129 5383 κλίνης,
1165 5312 1301 5384 μετὰ
1321 5316 1469 5384 τρεῖς
1499 5315 1713 5386 ἡμέρας
1753 5319 2047 5376 κατέλυσεν
2081 5323 2171 5376 τὸν
2199 5324 2331 5396 βίον.

382 5410 508 5462 ΝΖ¹.
540 5408 676 5462 Κατ’
702 5410 906 5461 ἐκεῖνον
925 5406 984 5461 δὲ
1005 5407 1097 5459 τὸν
1123 5405 1330 5477 καιρὸν,
1357 5405 1450 5459 τοῦ
1482 5407 1744 5478 βασιλέως
1756 5412 1885 5465 Θεο-

308 5497 516 5563 δοσίου,
571 5498 670 5550 οὐκ
705 5493 819 5549 οἶδα
858 5494 1002 5550 κατὰ
1036 5494 1194 5547 ποίαν
1222 5494 1494 5566 πρόφασιν
1546 5493 1883 5565 ἅλγήσαντος

389 5629 434 5661 ⁸⁸
469 5626 646 5683 Exod.
679 5644 836 5694 χχιιι,
868 5627 934 5694 5;
968 5626 1094 5680 Lar.
1131 5641 1244 5693 six,
1268 5612 1360 5681 ’15.

392 5779 470 5852 (α)
509 5778 663 5851 Legit
690 5781 954 5850 interpres
987 5781 1078 5834 καὶ
1106 5781 1355 5852 ἐποίησεν
1380 5783 1417 5852 ἡ
1438 5778 1571 5850 γυνὴ
1601 5776 1794 5844 οὕτως.

2066 5416 2220 5474 LVII.
2261 5417 2366 5473 Per
2394 5418 2523 5472 illud
2552 5425 2765 5486 tempus
2794 5431 2919 5470 eum
2960 5414 3298 5471 Theodosius
3328 5415 3555 5482 impera-

1990 5521 2076 5566 tor
2102 5510 2286 5566 nescio
2323 5524 2428 5579 qua
2463 5510 2752 5565 occasione
2779 5508 3047 5564 laboraret
3071 5507 3318 5576 pedibus,
3348 5492 3555 5560 inferne
