3842 6124
320 306 390 362 95
1594 301 1651 358 S.
1695 296 2045 358 EPIPHAMI
2077 298 2257 359 “TA.
3491 290 3560 349 οε

318 436 442 475 eum
484 435 514 473 a
566 421 792 491 genibus
835 419 1036 474 invasit
1076 419 1362 491 paralysis,
1402 417 1677 490 iacuitque
1721 417 1775 471 in
1815 417 1879 471 le

1985 417 2108 487 τοὺς
2137 416 2320 480 πόδας,
2353 414 2469 468 ἁπὸς
2511 412 2618 467 τῶν
2651 412 2891 482 γονάτων
2942 406 3036 465 καὶ
3090 407 3242 462 κάτω
3285 406 3565 479 παρελύθη

317 520 405 563 cto
436 520 638 579 Septem
693 511 994 565 mensibus.
1028 510 1077 566 ls
1118 512 1184 565 ad
1237 510 1597 581 Epiphanium
1630 511 1780 566 misit
1830 510 1885 563 in

314 599 573 667 Cyprum,
605 610 663 653 ut
684 600 893 654 veniret
939 601 991 654 in
1024 601 1247 670 regiam,
1286 610 1342 656 et
1368 616 1524 671 Opem
1557 601 1721 656 ferret
1757 601 1883 656 sibi.

312 688 447 742 Cum
489 690 536 742 ei
578 699 757 744 autem
796 691 1191 754 occurrissent,
1227 692 1320 760 qui
1369 691 1520 746 missi
1562 691 1778 745 fuerant
1818 692 1888 746 ab

314 777 664 846 imperatore,
693 782 969 851 urgebant
990 780 1375 851 Epiphanium,
1410 792 1473 837 ut
1497 783 1670 837 exiret
1696 791 1886 838 eterra

313 867 663 938 Cypriorum.
696 870 773 925 Ex
820 888 927 941 qua
966 888 1090 927 cum
1130 888 1267 942 opus
1306 881 1452 928 esset
1490 873 1567 926 illi
1607 873 1883 943 navigare,

315 972 508 1013 omnes
549 959 744 1014 fratres
796 962 1068 1016 malebant
1116 963 1276 1027 mori,
1324 978 1487 1032 quam
1535 965 1737 1034 privari
1782 978 1885 1018 sun

318 1060 489 1117 patre.
519 1049 656 1105 Cum
694 1052 729 1105 ii
782 1061 985 1117 autem,
1032 1054 1126 1123 qui
1162 1054 1313 1109 missi
1351 1054 1565 1109 fuerant
1606 1056 1691 1110 ab“
1716 1058 1887 1125 impc-

314 1150 521 1207 ratorc,
565 1144 917 1199 sollicitarent
950 1145 1335 1214 Epiphaniam,
1379 1155 1440 1202 ut
1480 1148 1794 1203 ascenderet
1832 1149 1884 1202 in

316 1233 545 1301 regiam,
587 1235 722 1291 dixit
768 1238 848 1292 eis
893 1236 1227 1308 Epiphanius
1260 1256 1274 1292 :
1315 1239 1412 1303 lte,
1445 1253 1479 1292 0
1521 1239 1636 1304 lilii,
1675 1240 1744 1294 ad
1785 1240 1888 1294 im.-

315 1332 620 1392 peratorem
642 1343 657 1390 ;
683 1341 784 1397 ego
815 1328 959 1382 enim
993 1338 1113 1397 post
1143 1344 1243 1384 vos
1276 1329 1507 1388 veniam.
1538 1329 1675 1385 Cum
1700 1331 1733 1385 ii
1760 1346 1887 1387 vero

313 1415 599 1472 dicerent:
638 1416 715 1473 Ne
762 1420 1078 1489 indigneris,
1112 1435 1146 1475 ο
1178 1419 1373 1476 Pater:
1421 1422 1505 1477 sic
1546 1422 1692 1479 enim
1726 1422 1888 1492 jussit

315 1508 640 1577 imperator;
685 1526 784 1565 nec
829 1519 1121 1581 possumus
1155 1512 1314 1567 aliter
1367 1511 1566 1578 facere,
1625 1529 1696 1568 ne
1752 1513 1890 1570 forte

312 1599 598 1653 veniamus
634 1601 684 1653 in
728 1599 1052 1670 periculum,
1098 1603 1335 1658 maxime
1385 1618 1510 1659 cum
1544 1610 1787 1673 aegrotet,
1834 1613 1890 1659 et

313 1698 467 1743 tuum
499 1690 788 1745 adventum
821 1701 1119 1761 exspectet,
1147 1707 1181 1748 ο
1221 1693 1417 1749 Pater:
1446 1693 1538 1747 vix
1562 1708 1884 1763 persuasum

306 1789 398 1834 est
438 1780 758 1850 Epiphanio,
809 1793 866 1838 ut
914 1799 1038 1838 cum
1067 1784 1149 1839 eis
1208 1784 1505 1855 navigaret.
1551 1783 1885 1855 Epiphanius

318 1872 532 1940 itaqne,
570 1874 837 1929 accersito
870 1875 1283 1946 religiosissima
1329 1876 1589 1947 episcopo
1636 1875 1884 1939 Philone,

308 1965 479 2032 jussit
511 1981 633 2019 eum
666 1981 854 2022 curam
887 1983 1073 2040 gerere
1103 1969 1449 2024 necessitatis
1477 1969 1884 2024 ecclesiasticae.

317 2056 640 2127 Cungregati
677 2068 805 2113 sunt
832 2069 1013 2114 autem
1053 2074 1245 2115 omnes
1279 2058 1471 2115 Patres
1495 2069 1550 2114 ct
1575 2058 1799 2127 fratres,
1831 2068 1885 2115 et

313 2148 406 2215 qui
439 2150 705 2204 catecliesi
747 2150 996 2205 instituti.
1022 2150 1238 2206 fuerant
1263 2152 1331 2205 ab
1360 2149 1704 2220 Epiphanio:
1745 2165 1884 2221 quos

312 2252 503 2293 onmcs
551 2241 729 2295 valere
785 2241 1091 2309 jussimus,
1154 2252 1209 2296 et
1263 2241 1641 2312 navigavimus
1688 2241 1755 2296 ad
1806 2256 1897 2294 rc-.

312 2324 478 2392 giam.
536 2326 703 2382 Nabis
746 2341 926 2384 autem
978 2330 1241 2399 ingressis
1316 2330 1879 2400 Constantinomlim,

313 2416 428 2481 ipse
465 2417 866 2485 ingrediebatnr
893 2437 1017 2475 cum
1064 2436 1281 2475 summa
1316 2422 1500 2491 quiete
1530 2430 1586 2476 et
1615 2422 1883 2489 tranquil-

314 2503 482 2567 litate,
533 2523 695 2575 quam
726 2509 1045 2562 ostendebat
1075 2510 1354 2573 omnibus,
1391 2510 1593 2579 quibus
1626 2526 1883 2565 occurre-

312 2591 424 2645 bat.
466 2593 596 2648 Erat
632 2596 793 2665 igitur
823 2595 1166 2650 Theodosius
1217 2597 1534 2666 imperator-
1558 2609 1742 2654 mulus
1774 2615 1884 2665 prae

311 2682 722 2751 dolore,jacens
751 2686 803 2739 in
822 2686 982 2741 lecto.
1000 2685 1292 2756 Postquam
1312 2696 1492 2744 autem
1512 2691 1741 2745 accessit
1756 2690 1883 2759 Epi-

315 2773 545 2842 phanius
559 2776 624 2830 ad
643 2777 1046 2846 imperatorem,
1079 2780 1370 2848 imperator
1394 2779 1531 2833 dixit
1550 2780 1881 2851 Epiphanio,

314 2861 539 2919 Precare
565 2880 662 2933 pro
692 2876 800 2930 me,
823 2864 1002 2931 Pater,
1039 2878 1098 2922 ut
1126 2868 1496 2931 benevaleam.
1532 2868 1678 2925 Dixit
1703 2881 1879 2926 autem

310 2955 677 3026 Epiphanius:
706 2957 826 3023 Fili,
854 2960 1013 3017 crede
1036 2959 1338 3024 Crueilixo,
1379 2972 1434 3015 et
1463 2960 1689 3017 habebis
1730 2963 1880 3016 sani-

312 3058 493 3102 tatem.
529 3048 673 3104 llabe
695 3050 810 3104 sine
834 3050 1239 3107 intermissione
1255 3050 1424 3106 Deum
1453 3052 1507 3108 in
1530 3063 1654 3109 voto
1685 3062 1801 3119 tuo,
1825 3067 1880 3110 et

310 3154 469 3191 omne
502 3140 700 3192 malum
733 3141 946 3200 tuinon
983 3141 1375 3199 dominabitur.
1406 3143 1663 3199 Miserere
1683 3160 1874 3200 eorum

310 3230 401 3298 qui
421 3229 751 3301 affliguntur,
772 3245 823 3285 ιιι
843 3232 1103 3289 Dominus
1122 3234 1197 3288 tui
1219 3234 1583 3290 miserebitur.
1604 3235 1737 3290 Esto
1759 3246 1880 3291 tan-

311 3336 475 3388 quam
511 3338 622 3383 rex,
652 3323 743 3390 qui
769 3324 1015 3379 honorat-
1036 3340 1159 3378 cum
1208 3325 1301 3393 qui
1326 3325 1418 3379 dat
1449 3326 1498 3380 ei
1531 3335 1878 3394 potestatem.

318 3420 371 3464 et
398 3412 515 3481 ipse
545 3412 761 3480 adjiriet
792 3414 886 3467 tibi
921 3414 1183 3483 majorem
1223 3416 1473 3486 gratiam.
1519 3417 1675 3475 Cum,
1697 3428 1876 3476 autem

321 3502 655 3572 Epiphanius
686 3506 799 3559 lucc
823 3505 1050 3562 dixisset
1076 3507 1414 3576 imperatori,
1442 3517 1497 3563 et
1517 3508 1879 3578 eiappropin-

313 3604 559 3662 quassel,
588 3605 642 3650 et
671 3597 937 3665 tetigisset
963 3599 1082 3667 ejus
1109 3600 1297 3669 pedes,
1311 3615 1545 3669 eumque
1564 3609 1647 3655 ter
1674 3602 1881 3671 signas-

310 3694 412 3748 set,
442 3684 581 3738 dixit
612 3686 660 3740 ei
692 3705 705 3740 :
741 3686 863 3750 Fili.
888 3704 1048 3759 surge
1082 3704 1113 3744 e
1166 3690 1331 3745 lecto.
1371 3690 1509 3746 Haec
1548 3706 1673 3746 cum
1709 3692 1879 3761 impc-

314 3785 464 3829 rator
494 3775 760 3832 audiisset
802 3779 870 3832 ab
899 3779 1227 3848 Epiphanio,
1260 3783 1501 3836 surrexit
1533 3798 1563 3836 a
1605 3783 1748 3838 lecto
1771 3799 1880 3839 .su-

318 3882 412 3936 pra
447 3868 634 3936 pedes,
669 3868 802 3923 nihil
832 3872 1056 3924 omnino
1090 3873 1294 3927 habens
1337 3874 1487 3927 mali.
1521 3873 1665 3927 Dixit
1695 3883 1875 3929 autem

310 3960 604 4028 imperator
625 3958 970 4031 Epiphanio:
1008 3964 1188 4028 Pater,
1223 3965 1356 4018 mihi
1390 3981 1605 4035 semper
1647 3967 1877 4036 jubeto.,

307 4059 363 4103 et
402 4066 502 4119 ego
551 4060 641 4105 tua
662 4053 814 4120 jussa
848 4068 1142 4124 exsequar.
1172 4055 1322 4110 Dixit
1353 4055 1690 4126 Epiphanius
1719 4075 1733 4112 :
1766 4056 1876 4114 lla-

312 4144 440 4195 lieas
470 4141 563 4195 Dei
597 4144 757 4198 verba
799 4146 853 4198 in
881 4147 1064 4201 animo
1098 4156 1226 4212 tuo,
1260 4157 1316 4202 et
1344 4163 1455 4203 non
1485 4165 1623 4219 opus
1649 4148 1875 4205 habebis

311 4231 633 4302 Epiphanio.
662 4234 800 4288 Cum
843 4236 957 4290 hate
995 4246 1209 4304 autem,
1243 4248 1308 4292 et
1332 4239 1419 4294 his
1450 4240 1607 4309 plura
1635 4240 1874 4308 impera,-

308 4323 410 4377 tori
440 4323 665 4377 dixisset
695 4323 1061 4392 Epiphanius,
1089 4327 1238 4381 venit
1265 4336 1477 4396 tempus
1521 4328 1760 4397 prandii.
1790 4328 1878 4383 Di-

1986 484 2105 557 ὅλον
2133 504 2193 557 τὸ
2216 504 2378 575 μέρος
2409 505 2604 567 ἐκεῖνο,
2636 502 2731 555 καὶ
2755 497 2824 572 ἦν
2849 499 3099 568 κείμενος
3128 498 3224 553 ἐπὶ
3249 496 3346 565 τῆς
3374 496 3565 566 κλίνης

1988 596 2379 665 ἑπταμηνιαῖον
2411 594 2620 664 χρόνον.
2663 583 2831 654 Οὗτος
2861 588 3189 664 ἀπέστειλεν-
3214 586 3352 658 πρὺς
3410 587 3565 643 Ἐπι-

1987 687 2175 754 φάνιον
2205 686 2295 738 ἐπὶ
2318 688 2418 756 τῆς
2455 683 2738 754 Κυπρίων,
2764 682 2912 744 ὅπως
2933 679 3130 750 ἀνέλθῃ
3157 678 3249 730 ἐπὶ
3276 676 3375 747 τὴν
3411 675 3567 746 βασι-

1987 777 2104 829 λίδα
2122 776 2537 830 Κωνσταντίνου
2561 774 2714 828 πόλιν
2730 814 2746 835 ,
2769 773 2916 835 ὅπως
2942 770 3197 841 βοηθήσει
3217 766 3564 837 δδυνωμένῳ.

1986 868 2098 920 Καὶ
2124 867 2189 939 δὴ
2222 867 2672 938 καταντησάντων
2694 863 2800 918 τῶν
2826 861 3246 931 ἀπεσταλμένων
3285 857 3439 927 παρά
3468 857 3566 909 τοῦ

1988 958 2271 1028 βασιλέως,
2293 959 2583 1014 διεκώλυεν
2605 958 2697 1011 τὸν
2752 955 3069 1025 Ἐπιφάνιον
3097 952 3158 1007 τὸ
3203 951 3283 1023 μὴ
3327 947 3567 1015 ἐξελθεῖν

1986 1049 2095 1102 ἀπὸ
2129 1050 2227 1120 τῆς
2257 1048 2516 1121 Κυπρίων
2545 1052 2579 1119 ἠ
2605 1048 2782 1119 θλίψις
2810 1048 2911 1119 καὶ
2924 1046 2994 1100 τά
3010 1045 3222 1114 δάκρυα
3257 1042 3375 1096 τῶν
3407 1040 3564 1096 ἀδελ-

1986 1139 2123 1207 φῶν.
2162 1140 2293 1194 Ὅτε
2333 1140 2441 1211 γὰρ
2465 1139 2713 1203 ὲξέπλεεν
2745 1138 2851 1196 ἀτὼ
2874 1138 2988 1209 τῆς
3006 1136 3295 1206 Κυπρίων,
3322 1133 3566 1194 ἅπαντες

1985 1229 2046 1280 οξ.
2060 1228 2279 1297 ἀδελφοὶ
2299 1227 2531 1281 θάνατον
2555 1226 3005 1299 προσεκαλοῖωτο.
3030 1224 3151 1278 Τῶν
3184 1223 3241 1277 δὲ
3287 1220 3568 1276 ἀπεσταλ-

1990 1317 2347 1388 μένωνλπαρά
2372 1317 2466 1371 τοῦ
2499 1317 2764 1388 βασιλέως
2791 1316 3224 1371 ὲπισπευδόντων
3266 1313 3359 1367 τὸν
3411 1312 3567 1367 Ἐπι-

1989 1407 2199 1476 φάνιον,
2226 1408 2376 1471 ὅπως
2423 1408 2621 1479 ἀνέλθῃ
2660 1409 2755 1461 ἐπὶ
2781 1409 2879 1478 τὴν
2905 1407 3179 1479 βασιλίδα,
3217 1405 3404 1472 ἔλεγεν
3427 1404 3571 1474 πρὸς.

1987 1501 2182 1563 αὐτοὺς
2223 1501 2540 1568 Ἐπιφάνιος
2564 1518 2575 1529 ·
2613 1499 2940 1571 Πορεύεσθε,
2961 1499 3148 1562 τέκνα,
3174 1497 3312 1569 πρὸς
3334 1496 3425 1548 τὸν
3465 1495 3567 1564 βα-

1989 1591 2163 1656 σιλέα,
2205 1590 2361 1659 κάγὼ
2398 1590 2705 1662 πορεύομαι
2739 1588 3068 1644 κατόπισθεν
3111 1586 3297 1657 ὑμῶν.
3339 1584 3459 1637 Τῶν
3510 1583 3567 1636 δὲ

1986 1681 2252 1749 λεγόντων
2269 1698 2283 1712 θ
2313 1681 2403 1750 Μὴ
2418 1681 2659 1752 όργίζου,
2689 1681 2891 1751 Πάτερ,
2919 1680 3001 1733 ὅτι
3028 1678 3277 1739 κέλευσις
3299 1674 3566 1747 βασιλέως

1919 1748 1962 1806 Β
1993 1772 2160 1835 ἐστὶν,
2191 1772 2286 1826 καὶ
2317 1748 2685 1842 οἰδ-δυνάμεθα
2719 1748 2943 1840 ποιησαι
2970 1770 3164 1834 ἄλλως,
3196 1771 3405 1840 μήποτε
3453 1783 3567 1819 κιν-

1991 1863 2356 1933 δυνεύσωμεν,
2396 1862 2629 1934 μάλιστα
2663 1863 2721 1915 ὲν
2746 1861 3028 1933 ἀρρωστίᾳ
3075 1860 3225 1924 ὖντος
3274 1858 3370 1912 τοῦ
3414 1858 3567 1928 βασι·

1992 1954 2147 2018 λὲως,
2168 1956 2263 2008 καὶ
2289 1954 2716 2026 προσδεχομένου
2740 1952 2840 2024 τὴν
2867 1954 2965 2024 σὴν
2985 1952 3268 2022 ἀγγελίαν,
3293 1950 3341 2004 ὦ
3360 1951 3563 2020 Πάτερ·

1995 2047 2146 2118 μόλις
2176 2046 2401 2101 ἔπεισαν
2424 2046 2515 2101 τὸν
2549 2045 2868 2114 Ἐπιφάνιον
2901 2044 3164 2098 ἀποπλεῖν
3192 2044 3311 2113 μετ’
3360 2041 3563 2094 αὐτῶν.

2002 2138 2208 2208 ἀγοῦν
2233 2139 2547 2208 Ἐπιφάνιος
2570 2137 3061 2209 μεταστειλάμενος
3093 2136 3186 2189 τὸν
3215 2132 3564 2203 θεοφιλέστα-

1987 2248 2079 2288 τον
2100 2231 2397 2285 ἐπίσκοπον
2419 2229 2651 2293 Φίλωνα,
2685 2228 2983 2299 ἐπέτρεψεν
3012 2226 3161 2297 αὐτῷ
3184 2226 3281 2296 τὴν
3308 2223 3566 2295 φροντίδα
3661 2296 3673 2307 .

1990 2312 2256 2375 ποιεῖσθαι
2288 2320 2403 2391 τῆς·
2438 2319 2919 2390 ὲκκλησιαστικῆς,
2954 2318 3163 2389 χρείας.
3212 2313 3566 2386 Συνήχθησαν

1988 2406 2083 2462 οὖν
2126 2410 2364 2472 ἅπαντες
2383 2413 2431 2462 οἱ
2463 2410 2723 2481 Πατέρες,
2755 2411 2848 2463 καὶ
2896 2409 3137 2478 ἀδελφοὶ,
3170 2409 3266 2461 καὶ
3323 2423 3569 2476 κατηχη-

1990 2500 2172 2564 θέντες
2203 2501 2356 2573 παρά
2383 2496 2699 2572 Ἐπιφανίου
2718 2521 2730 2533 ο
2762 2501 3130 2571 ὴσπασσάμεθα
3183 2502 3450 2562 ἅπαντας,
3474 2494 3567 2551 καί

1988 2591 2416 2664 ἀπεπλεύσαμεν
2449 2595 2540 2647 ἐπὶ
2588 2594 2990 2666 τὴν,βασιλίδα.
3050 2590 3417 2651 Είσελθόντων
3473 2584 3567 2642 οὖν

1988 2685 2142 2755 ἡμῶν
2162 2686 2656 2753 ὲνΚωνσταντίνου
2680 2686 2855 2749 πόλει,
2884 2682 3192 2755 ἀνηγγέλθη
3226 2681 3306 2753 τῷ
3354 2681 3570 2751 βασιλεῖ

1987 2777 2019 2846 ἠ
2047 2776 2318 2847 παρουσία
2340 2776 2682 2845 Ἐπιφανίου.
2703 2775 2809 2829 τοῦ
2832 2774 2891 2831 δὲ,
2920 2774 3184 2844 βασιλέως
3210 2772 3568 2833 κελεύσαντος

1986 2867 2214 2920 εἰσιέναι
2242 2869 2388 2938 ἡμᾶς
2421 2869 2478 2920 ὲν
2504 2870 2617 2931 τοῖς
2638 2866 2951 2938 βασιλείοις,
2996 2865 3207 2918 ἔϐαινεν
3248 2863 3569 2930 Ἐπιεράνιος

1987 2959 2045 3011 ὲν
2070 2959 2238 3030 πολλῇ
2273 2960 2623 3014 καταστάσει.
2658 2955 2767 3012 Ἦν
2803 2958 2860 3011 δὲ
2906 2960 2939 3011 ’ὀ
2990 2956 3241 3028 βασιλεὺς
3283 2954 3569 3016 Θεοδόσιος

1907 3096 1949 3155 C
1989 3052 2063 3123 μὴ
2087 3051 2380 3122 δυνάμενος
2432 3051 2665 3122 λαλῆσαι
2697 3051 2805 3105 ἀπὸ
2824 3050 2926 3120 τῆς
2958 3048 3267 3155 ἀλγηδόνος.
3313 3046 3593 3155 zeli-tere;

1989 3144 2081 3196 ἐπὶ
2110 3144 2211 3213 τῆς
2252 3143 2459 3214 κλίνης.
2520 3144 2608 3206 Ὧς
2639 3139 2731 3197 οὖν
2764 3145 2986 3213 ἧγγισεν
3019 3141 3337 3209 Ἐπιφάνιος
3370 3138 3449 3207 τῷ
3475 3137 3566 3207 βα-

1989 3234 2146 3299 σιλεῖ,
2176 3231 2329 3291 εἶπεν
2365 3238 2394 3290 ὀ
2419 3235 2671 3305 βασιλεὺς
2700 3235 2834 3306 πρὸς
2865 3233 3181 3301 Ἐπιφάνιον
3206 3249 3217 3260 ·
3258 3226 3425 3293 Εὗξαί
3451 3246 3565 3298 μοι,

1986 3325 2190 3396 Πάτερ,
2216 3326 2365 3389 ὅπως
2395 3326 2642 3395 ὑγιαίνω.
2672 3320 2839 3378 Εἶπεν
2861 3323 2918 3376 δὲ
2956 3322 3271 3390 Ἐπιφάνιος
3290 3320 3383 3390 ,τῷ
3412 3320 3571 3389 βασι-ι

1985 3415 2101 3468 λεῖα
2150 3416 2399 3483 Πίστευε,
2450 3417 2661 3480 τέκνον,
2687 3416 2764 3486 τῷ
2816 3413 3237 3485 ὲσταυρωμένῳ,
3269 3411 3365 3465 καὶ
3421 3410 3569 3475 ἔξεις

1983 3507 2189 3580 ταύτην
2225 3509 2601 3574 ἀδιαλείπτως.
2643 3510 2773 3578 Ἔχε
2821 3507 2912 3567 τὸν
2947 3508 3079 3561 Θεὸν
3114 3506 3261 3568 κατά,
3291 3504 3440 3567 νοῦν,
3472 3505 3568 3557 καὶ

1986 3601 2153 3654 κακὸν
2176 3602 2237 3654 οὐ
2265 3600 2544 3673 κυριεύσει
2579 3616 2693 3653 σου.
2731 3598 2885 3654 Γίνου
2933 3598 3182 3669 ἐλεήμων
3225 3599 3337 3659 τοῖς
3383 3594 3568 3647 θλιϐο-

1989 3691 2189 3761 μένοις,
2225 3692 2319 3745 καὶ
2349 3692 2448 3763 ἔσῃ
2485 3690 2787 3762 ἠλεημένος
2813 3691 2918 3755 om
2965 3689 3120 3744 Θεοῦ.
3153 3688 3308 3741 Γίνου
3355 3687 3431 3750 ὡς
3469 3687 3566 3756 βαι

1984 3783 2166 3847 σιλεὺς
2193 3783 2367 3853 τιμῶν
2391 3784 2481 3837 τὸν
2509 3783 2670 3839 δόντα
2707 3782 2920 3853 cretici?)
2958 3780 3204 3848 ἐξουσίαν
3224 3820 3239 3846 ,
3273 3781 3369 3833 καὶ
3398 3780 3565 3842 αὐτὸς

1982 3872 2143 3926 δώσει
2172 3891 2253 3927 σοι
2284 3874 2503 3928 πλείονα
2535 3874 2716 3944 χάριν.
2746 3874 2856 3927 Καὶ
2905 3873 3079 3935 ταῦτα
3128 3870 3299 3925 εἰπὼν
3327 3871 3566 3939 Ἐπιφὶ)

1983 3980 2094 4027 νιος
2115 3965 2194 4035 τῷ
2223 3965 2450 4035 βασιλεῖ,
2503 3964 2750 4033 ἐγγίσας,
2801 3965 2897 4017 καὶ
2945 3965 3221 4034 ἁψάμενος
3249 3950 3418 4020 αὐτοῦ
3450 3962 3563 4023 τῶν

1986 4053 2181 4116 ποδῶν,
2227 4056 2320 4109 καὶ
2353 4054 2662 4125 σφραγίσας
2692 4054 3075 4125 αύτὸντρίτον
3122 4050 3283 4113 εἶπεν,
3325 4052 3563 4120 Ἐπιτά-

1984 4162 2094 4208 νιος
2122 4145 2202 4215 τῷ
2233 4144 2473 4216 βασιλεῖ·
2501 4146 2757 4209 Ἀνάστα,
2794 4145 3002 4209 τέκνον,
3035 4145 3188 4215 φησι,
3212 4145 3312 4214 τῆς
3346 4144 3560 4214 κλίνης·

1983 4234 2258 4288 πέπαυται
2303 4235 2411 4305 γὰρ
2441 4235 2484 4287 ἁ
2521 4234 2681 4298 πόνος
2731 4236 2840 4288 ἀπὸ
2880 4233 3216 4294 τῶνποδῶν.
3270 4232 3459 4287 Ταῦτα
3504 4234 3562 4287 δὲ

1983 4324 2218 4388 ἀκούσας
2247 4325 2562 4395 ὁ,βασιλευς
2592 4324 2794 4390 εὐθέως
2825 4326 3026 4398 ἀνέστη
3066 4325 3176 4379 ἀπὸ
3211 4326 3311 4397 τῆς
3339 4325 3557 4394 κλίνης,

308 4416 388 4469 xit
420 4430 550 4484 ergo
573 4412 908 4484 Epiphanius
930 4416 1274 4486 imperatori:
1309 4417 1475 4481 Vade,
1500 4420 1597 4485 liii,
1629 4421 1696 4475 ad
1729 4436 1877 4474 men-

1986 4414 2149 4486 μηδὲν
2172 4417 2337 4473 κακὸν
2366 4417 2505 4485 ἔχων
2524 4416 2621 4469 ἐπὶ
2648 4418 2770 4479 τοὺς
2805 4417 2967 4480 πόδας
3005 4415 3196 4473 αὐτοῦ.
3233 4411 3400 4469 Εἶπεν
3427 4416 3484 4468 δὲ
3531 4419 3561 4468 ὀ

306 4521 447 4570 sam,
471 4514 525 4559 et
552 4505 839 4560 benediees
863 4506 1214 4562 benefactori.
1249 4507 1378 4563 Erat
1412 4519 1594 4563 autem
1627 4507 1873 4579 Epipha-

309 4597 432 4651 nius
456 4596 668 4665 lepidus
701 4606 756 4651 et
795 4597 1059 4663 urbanus,
1094 4607 1148 4653 et
1165 4598 1371 4654 habens
1403 4615 1711 4655 sermonem
1740 4616 1875 4655 con-

305 4688 478 4743 ditum
526 4688 708 4742 divina
747 4688 941 4756 gratia.
988 4688 1054 4747 Et
1097 4691 1316 4759 quando
1348 4692 1401 4745 in
1437 4693 1690 4747 morbum
1734 4694 1860 4763 qui-

306 4780 429 4833 dem
464 4780 647 4835 Romaa
677 4781 866 4835 incidit
889 4780 997 4834 ﬁlia
1026 4780 1340 4849 Theodosii,
1372 4793 1502 4839 tunc
1533 4786 1801 4839 Arcadius
1824 4794 1878 4838 et

311 4872 582 4928 llomn-ius
617 4872 839 4929 fuerunt
888 4872 1095 4934 Romae,
1145 4885 1199 4928 et
1220 4876 1413 4929 versati
1471 4886 1592 4930 sunt
1649 4892 1773 4930 eum
1811 4891 1873 4929 ea

310 4966 469 5032 longo
508 4973 780 5032 tempore,
820 4965 1081 5035 quoniam
1111 4965 1222 5019 illic
1260 4978 1379 5020 erat
1410 4967 1526 5019 viro
1558 4967 1873 5035 conjuncta.

307 5057 448 5109 (tum
500 5072 627 5111 vero
676 5058 941 5115 audiisset
973 5057 1312 5113 Theodosius
1372 5057 1598 5113 Romam
1661 5059 1875 5113 venisse

308 5146 688 5216 Epiphanium,
718 5163 943 5205 curasse
987 5148 1108 5217 ejus
1158 5147 1345 5212 ﬁliam,
1368 5157 1422 5202 et
1449 5148 1559 5208 lilio
1583 5146 1704 5215 ejus
1735 5186 1749 5210 ,
1778 5149 1871 5218 qui

305 5247 419 5293 erat
451 5246 729 5304 mortuus,
758 5240 921 5293 vitam
976 5239 1310 5303 reddidisse,
1354 5237 1762 5304 Arcadiumqne
1820 5247 1877 5291 et

308 5330 603 5383 limum-ium
638 5338 825 5397 postea
881 5332 1249 5394 illuminasse,
1289 5346 1485 5400 magna
1514 5342 1597 5383 est
1644 5328 1873 5384 affectus

309 5417 509 5474 lwtitia.
552 5418 670 5485 Quo
697 5417 898 5473 factum
921 5429 1041 5483 est,
1073 5430 1133 5474 ut
1160 5420 1419 5488 deinceps
1460 5418 1528 5472 ad
1573 5434 1698 5471 eum
1730 5418 1873 5472 scri-

230 5528 233 5531 ‘
311 5511 474 5574 heret,
513 5519 769 5580 tanquam
819 5510 885 5564 ad
949 5519 1180 5578 patrem.
1216 5508 1388 5562 Porro
1416 5524 1539 5563 eum
1592 5524 1690 5561 nos
1722 5522 1873 5562 csse-

310 5600 925 5670 lunsConstantinopoli,
952 5599 1119 5653 Belua
1134 5608 1397 5652 venerunt
1420 5599 1684 5653 Aacadius
1700 5607 1752 5651 et
1773 5596 1868 5652 llo-

309 5692 919 5759 norius,ctlactalisunt,
953 5691 1092 5762 quud
1122 5689 1449 5745 invenissent
1481 5689 1864 5762 Epiphaniam.

1983 4505 2235 4574 βασιλεὺς
2250 4508 2384 4577 πρὸς
2407 4507 2718 4575 Ἐπιφάνιον
2738 4526 2752 4538 ·
2786 4508 2938 4562 Γίνου
2966 4526 3076 4579 μοι,
3096 4508 3303 4577 Πάτερ,
3316 4506 3561 4567 κελεύων

1980 4595 2357 4660 ἀδιαλείπτως,
2400 4599 2494 4652 καὶ
2526 4599 2827 4669 γενήσομαι
2883 4599 2943 4651 ὲν
2983 4600 3148 4650 πᾶσιν
3195 4596 3561 4668 πληροφορῷν

1981 4700 2061 4738 σε.
2088 4681 2252 4738 Εἶπεν
2274 4686 2331 4740 δὲ
2353 4687 2671 4757 Ἐπιφάνιος
2707 4688 2788 4757 τῷ
2823 4688 3063 4758 βασιλεῖ·
3122 4688 3256 4757 Ἔχε
3286 4688 3414 4751 τοὺς
3460 4686 3560 4739 τοῦ

1979 4776 2111 4829 Θεοῦ
2133 4777 2320 4846 λόγους
2348 4781 2485 4833 κατὰ
2504 4780 2681 4850 ψυχήν
2708 4795 2820 4844 σου,
2845 4781 2938 4832 καὶ
2967 4779 3154 4850 χρείαν
3180 4778 3254 4849 μὴ
3289 4777 3379 4847 ἔχε
3401 4778 3561 4829 Ἑπι-

1980 4871 2192 4938 φανίου.
2223 4872 2407 4926 Ταῦτα
2430 4875 2486 4928 δὲ
2512 4875 2701 4931 εἰπὼν,
2723 4876 3043 4943 Ἑπιφάνιος
3089 4872 3167 4943 τῷ
3196 4870 3427 4942 βασιλεῖ.
3464 4871 3560 4923 καὶ

1981 4959 2200 5015 πλείονα
2228 4962 2452 5029 τούτων,
2506 4964 2739 5032 ἔφθασεν
2772 4964 2963 5035 καιρὸς
2998 4962 3096 5019 τοῦ
3145 4962 3388 5033 ἀρίστου.
3445 4961 3561 5013 Καὶ

1980 5047 2131 5103 εἶπεν
2163 5052 2476 5120 Ἐπιφάνιος
2506 5053 2592 5124 τῷ
2638 5054 2880 5123 βασιλεῖ’
2941 5052 3154 5117 Βάδιζε,
3186 5053 3377 5105 τέκνον
3397 5092 3412 5109 .
3462 5052 3560 5104 ἐπὶ

1979 5144 2276 5214 τραπέζης,
2298 5146 2395 5198 καὶ
2415 5146 2527 5216 ἔστι
2560 5145 2794 5213 εὐλογῶν
2839 5145 2932 5198 τὸν
2978 5145 3295 5215 εὐεργέτην.
3360 5138 3472 5194 Ἦν
3499 5144 3560 5195 δὲ

1979 5237 2292 5304 Ἑπιφάνιος
2323 5238 2531 5308 χαρίεις
2559 5276 2573 5299 ,
2634 5237 2731 5303 καὶ
2784 5235 3077 5299 πολιτικὸς,
3123 5235 3217 5287 καὶ
3253 5232 3346 5286 τὸν
3396 5232 3560 5300 λόγιον

1978 5326 2116 5396 ἔχων
2138 5328 2439 5396 ἠρτυμένον
2471 5326 2550 5397 τῷ
2579 5327 2705 5397 θείῳ
2731 5326 2908 5380 ἆλατι.
2944 5326 3073 5378 Ὅτε
3098 5322 3190 5377 οὖν
3224 5323 3560 5392 περιέπεσεν

1976 5421 2008 5487 ἡ
2040 5418 2283 5487 θυγάτηρ
2317 5417 2599 5485 θεοδοσίου
2630 5419 2708 5480 εἰς
2729 5416 2789 5469 τὸ
2819 5415 2985 5477 πάθος
3015 5415 3110 5467 ἐπὶ
3157 5415 3254 5485 τῆς
3307 5413 3557 5483 Ῥώμης,

1977 5507 2244 5577 ήὰδελφὴ
2296 5507 2578 5577 Ἀρκαδίου
2635 5508 2731 5560 καὶ
2778 5506 3067 5576 Ὁνωρίου,
3102 5505 3222 5559 τότε
3257 5506 3352 5557 καὶ
3398 5506 3564 5558 αὐτοί

1979 5601 2335 5669 παρεγένοντο
2353 5600 2446 5652 ἐπὶ
2470 5601 2568 5669 τῆς
2593 5596 2834 5668 Ῥώμης,
2863 5597 2959 5650 καὶ
2985 5595 3248 5668 ἐποίησαν
3280 5599 3557 5667 πενταετῆ

1977 5690 2164 5759 χρόνον
2227 5690 2344 5758 μετ’
2397 5689 2585 5759 αὐτῆς,
2628 5689 2707 5741 ὅτι
2761 5689 2875 5739 ἐκεῖ
2910 5681 2977 5756 ἦν
3029 5686 3316 5757 ζευχθεῖσα
3373 5687 3555 5754 ἀνδρί,
