3808 6170
306 330 384 391 ἐῖν
1601 328 1665 394 S.
1714 331 1876 393 EPlt‘

1988 335 2067 392 NII
2111 332 2287 395 \‘l'I'A.
3500 347 3574 403 98

304 456 453 509 τότε
500 442 595 511 οῦν
632 448 889 521 Ἀκούσας
934 456 1208 524 Θεοδόσιος
1262 462 1289 514 6
1331 460 1625 532 βασιλεὺς,
1670 461 1751 514 ὄτι
1794 461 2123 531 παρεγένετο
2155 462 2469 530 Ἐπιφάνιος
2499 466 2589 519 ἐπὶ
2627 466 2725 536 τῆς
2770 466 3030 536 Ῥώμης,
3053 466 3163 518 ’καὶ
3202 460 3574 534 ’ἐθεράπευσεν

316 548 420 621 τὴν
475 547 751 620 θυγατέρα
786 550 974 613 αὑτοῦ,
1011 552 1105 605 καὶ
1137 552 1220 605 ὅτι
1255 553 1462 608 καὶτὸν
1491 554 1605 606 υἱὸν
1658 553 1828 622 αὐτῆς
1876 554 2071 625 νεκρὸν
2119 555 2248 609 ὄντα
2295 556 2680 627 ἐζωοποίησεν,
2708 558 2801 611 καὶ
2828 560 2910 613 ὅτι
2951 557 3087 629 μετὰ
3127 555 3331 611 τούτων
3380 553 3575 623 ἐφώτι-

300 648 417 733 ⁴ῖιιεν
466 644 751 715 Ἀρκάδιον
782 645 878 719 καὶ
922 645 1200 718 Ὀνώριον,
1249 649 1421 720 ἐχάρη
1454 648 1632 722 χαρὰν
1683 646 1943 718 μεγάλην.
1984 647 2076 701 Διὸ
2100 650 2207 702 ἀπὸ
2242 650 2430 706 τούτου
2459 651 2696 725 ἔγραψεν
2728 651 2875 720 αὐτῷ
2895 653 2970 715 ὡς
2996 651 3180 723 πατρί.
3211 651 3297 714 Ὧς
3322 643 3574 718 οῦνῆμεν

318 734 412 788 ἐπὶ
454 737 554 807 τῆς
588 737 1232 821 Κωνσταντινουπόλεως,
1286 740 1648 809 παρεγένοντο
1686 736 1985 810 Ἃρκὰδιος
2039 742 2133 795 καὶ
2195 741 2455 816 Ὀνώρίος
2509 744 2617 797 ἀπὸ
2670 744 2771 814 τῆς
2830 742 3077 813 Ῥώμης,
3130 743 3224 797 καὶ
3297 742 3572 814 ἐχάρησαν

316 826 492 897 χαρὰν
516 826 776 897 μεγάλην.
2066 832 2069 833 ⁷

385 914 517 970 NH'.
582 912 839 986 ’Ἄγουσιν
890 916 948 973 δέ
984 938 1126 985 τινες
1160 923 1299 977 κατὰ
1330 920 1580 977 κ’έλευσιν
1610 923 1703 976 τοῦ
1741 922 1869 993 βασι

2069 914 2253 975 LVIII.
2290 919 2453 975 Jussu
2497 929 2690 975 autem
2751 915 3099 989 imperatoris
3148 914 3567 971 Fanstinianum

313 1004 451 1069 λέως
482 1003 866 1061 Φαυστινιανὺν
890 1005 999 1064 ἀπὸ
1039 1011 1140 1082 τῆς
1174 1013 1468 1084 Κυπρίων,
1524 1016 1617 1069 ἐπὶ
1657 1013 1876 1087 λοιδορίᾳ

1998 1012 2220 1082 quidam
2239 1012 2518 1067 adducunt
2550 1012 2603 1065 in
2628 1010 2855 1082 regiam,
2883 1018 2944 1064 ut
2972 1009 3065 1078 qui
3088 1015 3232 1063 esset
3258 1014 3567 1069 accusatus,

310 1093 567 1167 βασιλικῇ
600 1101 1045 1173 κατηγορηθέντα
1073 1098 1164 1157 ἐπὶ
1181 1104 1279 1174 τὴν
1306 1105 1582 1175 βασιλίδασ
1621 1101 1691 1178 ἦν
1715 1107 1771 1161 δὲ
1805 1100 1866 1161 οὗ

1995 1103 2142 1174 quod
2172 1100 2923 1170 maledixisset'imperatori.
2957 1097 3122 1153 Jussu
3160 1111 3291 1167 ergo
3330 1098 3566 1165 impera-

312 1202 405 1248 τος
430 1187 836 1259 φρουρούμενος
867 1189 1112 1245 κελεύσει
1146 1195 1241 1246 τοῦ
1289 1187 1571 1265 βασίλέως.
1626 1196 1876 1259 Ἀκούσας

1990 1197 2132 1251 toris
2178 1195 2476 1251 tenebatur
2531 1194 2586 1249 in
2634 1192 2901 1248 custodia.
2932 1189 3091 1272 Quod
3143 1205 3266 1243 cum
3309 1188 3571 1242 audiisset

310 1272 406 1331 οὖν
449 1278 623 1333 ταῦτα
660 1281 979 1351 Ἐπιφάνιος
1027 1286 1391 1356 παραγίνεται
1435 1286 1527 1340 ἐπὶ
1568 1282 1659 1341 1ἐὸν
1706 1289 1891 1353 τόπον,

298 1364 439 1423 ’ἔνθα
461 1366 529 1442 ἦν
550 1366 916 1443 κρατούμενος
933 1374 971 1427 ‘6
992 1372 1398 1443 Φαυστινιανὺς,
1428 1379 1529 1433 καὶ
1549 1374 1701 1433 εἶπεν
1722 1381 1888 1451 αύτῷ·

308 1459 375 1514 Ei
406 1462 558 1515 ἔστιν
598 1470 701 1526 σοι,
733 1456 993 1534 tmolum
1017 1467 1227 1532 τέκνον,
1269 1460 1598 1540 λαλῆσαιδι*
1625 1473 1783 1543 ἡμῶν
1807 1468 1892 1526 λδ-

296 1565 406 1622 7W
440 1554 517 1624 τῷ
543 1554 785 1625 βασιλεῖ.
819 1557 914 1610 καὶ
962 1557 1061 1631 ἔσῃ
1115 1560 1485 1632 ἀπολυόμενος
1530 1563 1631 1634 τῆς
1664 1559 1893 1636 συνοχῆς

308 1644 536 1716 ταύτης.
598 1643 764 1701 Εἶπεν
812 1644 875 1703 δὲ
949 1650 1340 1717 Φαυστινιανὸς
1412 1654 1492 1726 τῷ
1553 1656 1888 1728 Ἐπιφανίῳ’

311 1738 571 1804 Ἀπελθε,
617 1740 774 1811 φησὶ,
831 1742 998 1797 πλάνε
1029 1783 1045 1805 ,
1105 1737 1201 1799 καὶ
1250 1739 1535 1803 ἀποπλάνα
1568 1748 1764 1820 ἄνδρας
1788 1751 1891 1804 ’ἀν-

287 1845 340 1882 -α
352 1828 700 1898 σφαλίστους·
733 1832 828 1887 καὶ
856 1828 1445 1904 τοὺςλὸγουςτούτους
1462 1839 1551 1910 ζμὴ
1568 1834 1727 1893 ’λάλει
1751 1841 1893 1894 Φαυ-

290 1922 586 1993 στινιανῷ.
612 1921 816 1989 ’Ἧλθες
849 1926 1083 1981 ἐνταῦθα
1105 1930 1411 2003 ἐπιχαίρειν
1447 1949 1536 2002 μοι
1558 1926 1737 2001 λύγοις
1757 1950 1771 1963 ο
1800 1933 1893 1987 ἔσο

284 2012 405 2067 ’τοῦ
441 2014 629 2068 λοιποῦ
657 2016 876 2085 φεύγων
897 2018 996 2089 τὴν
1022 2019 1310 2091 Κυπρίων,
1346 2017 1540 2087 Βάδιζε
1600 2024 1693 2076 ἐπὶ
1719 2023 1890 2077 Φοινίο

292 2112 434 2175 κην,
461 2105 556 2159 καὶ
584 2105 682 2177 ἔσῃ
709 2103 1055 2178 κακοσχολῶν
1075 2104 1450 2176 ἀδιαλείπτως.
1488 2114 1577 2179 Ὠς
1605 2111 1699 2168 οὖν
1718 2114 1893 2169 ταῦτα

304 2190 462 2249 εἶπεν
486 2196 722 2268 ὑϐρίζων
751 2194 843 2252 τὸν
854 2190 1185 2269 ’Ἐπιφάνιον
1204 2200 1612 2270 Φαυστινιανὸς,
1648 2206 1886 2278 παρέλα-

290 2284 401 2339 ’6έν
432 2303 500 2356 με
541 2287 856 2357 Ἐπιφάνιος
875 2302 889 2316 ⁸
919 2289 1013 2343 καὶ
1038 2286 1416 2364 ἐπορεύθημεν
1447 2295 1504 2347 ἐν
1531 2292 1609 2366 τῷ
1627 2290 1889 2369 βασιλικῷ

286 2375 559 2447 ταμιείῳ,
593 2377 740 2441 ὅπως
774 2379 867 2431 ἐπὶ
893 2380 1142 2445 συντάξει
1174 2381 1268 2435 τοῦ
1294 2378 1567 2452 ’βασιλέως
1613 2385 1878 2440 ἀποπλεύ.

305 2484 491 2539 σωμεν
523 2470 580 2522 ἐν
607 2471 674 2541 τῇ
700 2469 928 2542 Κύπρῳ.
961 2471 1068 2525 Τοῦ
1100 2468 1193 2527 οὖν
1228 2470 1492 2545 βασιλέως
1516 2477 1890 2548 παρακαλοῦν-

284 2569 397 2623 ’τος
423 2561 757 2631 Ἐπιφάνιον,
793 2563 940 2627 ὅπως
966 2564 1234 2636 διατρίψει
1266 2567 1481 2638 ἡμέρας
1499 2567 1648 2632 τινὰς
1673 2571 1765 2623 ἐπὶ
1789 2572 1889 2644 τὴν

305 2651 579 2723 βασιλίδα,
611 2653 639 2704 ὁ
671 2653 991 2722 Ἐπιφάνιος
1019 2654 1206 2724 ἔλεγεν
1234 2658 1334 2728 τὴν
1364 2658 1543 2713 αἰτίαν
1577 2660 1677 2731 τῆς
1725 2663 1887 2733 ἐκδη-

290 2792 295 2797 .
307 2742 461 2812 μίας.
500 2743 615 2797 Καὶ
644 2744 852 2798 πάλινὸ
883 2743 1136 2814 βασιλεὺς
1177 2745 1394 2803 ἔπεισεν
1434 2749 1753 2821 Ἐπιφάνιον
1801 2754 1889 2808 διὰ

284 2831 414 2886 Ἶτῶν
443 2832 631 2902 λόγων.
672 2835 749 2906 Τῇ
788 2830 881 2889 οῦν
934 2836 1103 2889 ἕωθεν
1154 2839 1465 2910 εἰσέρχεταί
1497 2858 1580 2905 τις
1638 2843 1747 2897 τῶν
1790 2845 1887 2909 τὰς

278 2923 626 2993 ’ἀποκρίσεις
667 2924 933 2994 λεγόντων
966 2928 1024 2980 ἐν
1059 2927 1137 2997 τῷ
1169 2928 1436 3001 βασιλικῷ
1494 2934 1747 3005 ταμιείῳ,
1804 2936 1887 2989 ὅτι

299 3016 687 3079 Φαυστινιανὸς
708 3017 735 3068 6
761 3016 1096 3089 Κυπριὼτης
1118 3019 1411 3075 κατέλυσεν
1435 3022 1526 3076 τὸν
1553 3023 1684 3094 βίον.
1707 3027 1890 3081 Ἀκού-

282 3118 404 3170 trra;
437 3107 492 3161 δὲ
512 3104 1036 3178 ταῦτα”Επιφάνιος
1071 3112 1370 3184 ἐπένθησεν
1418 3112 1514 3169 ἐπὶ
1565 3118 1886 3172 Φαυστινια-

282 3197 416 3253 νοῦ.
455 3199 746 3270 Ἠθέλησεν
766 3196 857 3254 οὖν
889 3204 917 3255 6
938 3198 1205 3272 ’βασιλεὺς
1233 3204 1450 3261 ἅπαντα
1478 3208 1545 3262 τὰ
1569 3205 1887 3282 ῦπάρχοντα

280 3289 690 3348 ’ἱβαυστινιανοῦ
741 3292 820 3366 τῷ
877 3289 1140 3368 βασιλικῷ
1193 3299 1564 3371 παραπέμψαι
1614 3303 1884 3373 ταμιείῳο

287 3383 542 3456 μάλιστα
564 3386 647 3439 ὅτι
677 3380 739 3439 οὐ
772 3380 1095 3441 κατέλειπεν
1126 3389 1347 3460 σπέρμα
1379 3390 1470 3444 ἐπὶ
1510 3391 1610 3463 τῆς
1635 3394 1757 3464 γῆς.
1793 3389 1886 3447 Εἶ-

285 3486 404 3530 ’πεν
427 3476 486 3531 δὲ
508 3476 825 3546 Ἐπιφάνιος
854 3477 989 3548 πρὸς
1017 3474 1272 3549 βασιλέα’
1293 3476 1456 3552 Ὅρα,
1489 3483 1643 3552 φησι,
1675 3480 1883 3549 τέκνον,

1997 1286 2357 1356 Epiphanius,
2398 1285 2555 1340 venit
2609 1285 2663 1338 in
2712 1284 2920 1349 locum,
2969 1282 3024 1335 in
3055 1297 3166 1351 quo
3220 1279 3570 1334 detinebatnr

1992 1373 2406 1432 Faustinianus.
2442 1375 2589 1429 Dixit
2608 1374 2780 1444 igitur
2814 1374 3151 1444 Epiphanius
3178 1370 3568 1426 Faustiniano:

1995 1466 2146 1522 Licet
2184 1468 2280 1522 tibi
2328 1478 2550 1538 per‘nos
2587 1468 2738 1537 loqui
2775 1465 3126 1535 imperatori,
3161 1471 3217 1519 et
3247 1462 3570 1518 liberaberi's

1993 1561 2062 1615 ab
2095 1560 2178 1616 his
2207 1560 2497 1630 angustiis.
2526 1558 2670 1613 Dixit
2698 1567 2880 1613 autem
2910 1557 3303 1612 Faustinianus
3329 1554 3567 1624 Epipha—

1992 1651 2131 1706 nio‘:
2169 1650 2294 1718 Abi,
2340 1652 2517 1722 plane,
2543 1660 2597 1706 et
2630 1651 2881 1706 homines
2932 1651 3178 1705 incautos
3212 1647 3427 1716 decipe,
3469 1659 3571 1699 nec

1988 1743 2109 1798 haec
2159 1742 2326 1797 Verba
2344 1741 2579 1812 ioquere
2612 1740 2990 1796 Faustiniano.
3025 1737 3233 1793 Venisti
3277 1735 3385 1790 huc
3436 1733 3568 1788 mihi

1991 1836 2176 1893 verbis
2210 1835 2520 1901 insultans;
2567 1833 2745 1904 fugies
2797 1831 2995 1887 deinde
3044 1831 3099 1884 in
3132 1829 3393 1901 Cyprum.
3422 1826 3570 1881 Vade

1995 1928 2124 1983 hinc
2153 1928 2210 1983 in
2248 1927 2587 1983 Plueniciam
2617 1966 2634 1993 ,
2664 1935 2716 1981 et
2752 1924 2923 1979 malos
2957 1923 3075 1978 dies
3114 1936 3242 1991 ages
3285 1926 3568 1989 perpetuo.

1995 2017 2294 2090 Postquam
2330 2018 2448 2074 haec
2475 2018 2612 2073 dixit
2646 2017 2700 2071 in
2735 2015 3099 2085 Epiphaniam
3131 2011 3318 2067 furens
3353 2009 3569 2063 Fausti-

1992 2108 2208 2175 nianus,
2240 2110 2448 2180 accepit
2476 2125 2563 2164 me
2594 2107 2956 2178 Epiphanius,
2987 2116 3042 2161 et
3075 2106 3273 2159 ivimus
3300 2103 3353 2157 in
3385 2102 3567 2157 aula‘m

1982 2192 2365 2269 imperatoris,
2394 2206 2455 2254 u‘t
2485 2211 2667 2269 regem
2707 2198 3027 2268 juberemus
3057 2196 3265 2258 valere,
3291 2200 3345 2249 ει
3364 2193 3569 2249 iremus

1918 2262 1962 2320 Β
1993 2289 2047 2344 in
2073 2262 2359 2363 Eyprum.’
2384 2262 2724 2360 Imperatore'
2746 2303 2874 2343 vero
2921 2296 3147 2358 rogante
3178 2285 3566 2355 Epiphaniutn,

1976 2390 2052 2438 ἰιι
2081 2383 2287 2453 aliquot
2312 2382 2429 2438 dies
2457 2391 2768 2436 versaretur
2797 2381 2849 2433 in
2876 2381 3043 2449 regia,
3078 2377 3412 2448 Epiphanius
3439 2391 3568 2431 cau-

1991 2487 2109 2527 sam
2166 2481 2265 2527 cur
2327 2470 2595 2541 proticisci
2660 2469 2818 2523 vellet
2868 2468 3104 2522 diecbat.
3157 2469 3226 2521 At
3273 2466 3569 2535 imperator

1994 2570 2186 2617 rursus
2214 2562 2443 2616 retinuit
2478 2560 2864 2630 Epiphanium.
2894 2557 3054 2613 Mane
3097 2565 3289 2612 autem
3330 2556 3563 2627 ingredi-

1979 2659 2079 2708 tur
2098 2653 2319 2722 quidam
2345 2664 2407 2708 ex
2444 2653 2512 2708 iis
2536 2690 2551 2716 ,
2588 2652 2681 2721 qui
2708 2666 2971 2722 responsa
2997 2649 3262 2713 referunt,
3298 2649 3353 2703 in
3388 2648 3566 2702 aulam

1994 2744 2217 2816 regiam,
2245 2738 2862 2800 dicensFaustinianum
2881 2743 3139 2814 Cyprium
3157 2741 3321 2797 vitam
3341 2741 3567 2797 tiniisse.

1989 2837 2127 2892 Cum
2152 2837 2267 2892 haec
2289 2836 2553 2892 audiisset
2575 2835 2940 2906 Epiphanius,
2970 2833 3567 2889 luxit'Faustinianum.

1995 2926 2240 2983 Decrevit
2269 2933 2449 2982 autem
2485 2927 2804 2997 imperator,
2830 2936 2890 2982 ut
2921 2924 3265 2981 deferrentur
3286 2924 3339 2977 in
3376 2924 3567 2978 tiscurn

1989 3035 2330 3091 quaecunque
2378 3029 2536 3080 erant
2574 3018 2947 3085 ’Faustiuiani,
2981 3018 3219 3073 maxime
3250 3016 3396 3086 quod
3440 3031 3564 3085 pro-

1990 3112 2095 3167 lem
2124 3124 2236 3167 ‘non
2265 3114 2584 3183 reliquisset
2616 3125 2781 3183 Super
2809 3123 3028 3167 terram.
3065 3109 3212 3165 Dixit
3250 3123 3383 3164 vero
3433 3108 3563 3176 Epi—

1990 3203 2228 3273 phanius
2277 3204 2595 3270 imperatori
2632 3222 2645 3258 :
2689 3202 2821 3258 Vide
2847 3244 2863 3267 ,
2891 3218 2923 3257 ο
2956 3202 3029 3256 Illi
3052 3243 3067 3268 ,
3099 3217 3169 3256 ne
3214 3215 3431 3268 pecces.
3468 3198 3564 3254 Est

1989 3294 2135 3347 enim
2165 3309 2305 3348 uxor
2330 3292 2671 3348 Faustiniani
2702 3292 2868 3347 Deum
2893 3308 2958 3347 ex
2991 3293 3155 3347 corde
3202 3292 3410 3346 colens.
3439 3289 3564 3346 Cre-

1989 3383 2058 3438 de
2089 3383 2270 3438 verbis
2302 3382 2614 3453 Epiphanii,
2647 3392 2700 3437 et
2722 3382 2825 3438 erit
2850 3382 2944 3438 tibi
2988 3382 3159 3454 gratia
3189 3381 3332 3451 apud
3367 3380 3577 3436 Altissi-

1989 3489 2162 3529 mum.
2189 3472 2346 3530 Tunc
2396 3473 2621 3529 tradidit
2673 3472 2969 3543 imperator
3014 3472 3394 3526 auctoritatem
3444 3470 3562 3540 Epi-

300 3566 380 3638 μὴ
418 3566 662 3638 ποιήσεις
684 3566 979 3638 ἁμαρτίαν.
998 3568 1154 3621 Ἔστι
1183 3568 1293 3641 γὰρ
1319 3571 1457 3642 γυνὴ
1484 3573 1876 3628 ’Φαυστινιανσῦ

1992 3566 2196 3636 phauio
2227 3566 2282 3620 in
2311 3567 2568 3622 omnibus
2600 3565 2763 3621 rebus
2807 3562 3170 3620 Faustiniani.
3210 3562 3356 3618 Dixit
3382 3574 3564 3619 autem

277 3637 629 3705 ’θεοσεϐοῦσα
654 3652 759 3705 ἀπὸ
784 3637 1029 3724 καρδίας.
1050 3637 1517 3728 Πείσθητιλὸγοις
1544 3661 1876 3732 Ἐπιφανίου,

1994 3640 2335 3729 Epiphanius
2385 3659 2702 3728 imperatori
2735 3676 2749 3713 :
2797 3656 2980 3712 Habeo
3017 3656 3188 3712 Deum
3213 3696 3229 3720 ,
3260 3670 3293 3711 ο
3325 3657 3437 3721 ﬁli,
3472 3657 3564 3727 qui

221 3758 237 3769 ·
296 3738 396 3793 καὶ
428 3739 582 3794 ἔσται
616 3758 696 3794 σοι
721 3743 879 3812 χάρις
909 3744 1063 3816 παρὰ
1101 3745 1378 3816 Ὑψίστου.
1427 3750 1560 3804 Τότε
1587 3754 1614 3805 6
1636 3753 1888 3822 βασιλεὺς

296 3830 597 3886 ἀποδίδωσι
616 3831 714 3904 τὴν
730 3832 1016 3889 αὐθεντίαν
1033 3838 1211 3890 πᾶσαν
1246 3840 1553 3914 Ἐπιφανίῳ
1583 3844 1691 3898 τῶν
1752 3864 1888 3918 πρα-

296 3922 528 3997 γμάτων
547 3926 953 3982 Φαυστινιανοῦ.
986 3926 1151 3984 Εἶπεν
1175 3930 1265 3987 οὖν
1289 3935 1605 4007 Ἐπιφάνιος
1629 3957 1765 4012 προς
1795 3941 1887 3997 τὸν

284 4008 560 4088 ’βασιλέασ
599 4018 745 4090 Ἔχω
775 4020 865 4073 τὸν
894 4020 1047 4086 Θεὸν,
1074 4023 1285 4088 τέκνον,
1334 4027 1425 4081 τὸν
1466 4008 1774 4101 παρέχοντα
1818 4033 1885 4087 τὰ

284 4108 440 4180 ”πρδς
466 4107 564 4181 τὴν
591 4109 808 4182 χρείαν,
844 4107 939 4165 καὶ
966 4113 1142 4167 ταῦτα
1167 4116 1345 4170 πάντα
1377 4119 1515 4189 μετὰ
1542 4120 1764 4192 γνώμης
1786 4124 1887 4194 τῆς

296 4201 563 4268 γυναικὸς
592 4202 942 4274 ἀποδώσομεν
968 4208 1080 4269 τοῖς
1100 4207 1396 4278 δεομένοις.
1422 4210 1610 4267 Ταῦτα
1641 4216 1884 4281 εἰπόντος

295 4288 642 4362 Ἑπιφανίου,
666 4289 817 4347 εἶπεν
844 4297 873 4347 6
912 4295 1163 4365 βασιλεύς
1182 4316 1197 4330 ο
1249 4298 1479 4370 Λίτησαι
1502 4343 1517 4368 ,
1546 4299 1746 4377 Πάτερ,
1809 4300 1884 4360 ὦν

294 4382 546 4455 χρῄζεις,
578 4386 670 4438 καὶ
693 4385 886 4457 ἔσομαι
919 4387 1093 4453 διδοὺς
1128 4390 1186 4442 ἐν
1226 4394 1560 4464 προαιρέσει.
1606 4392 1772 4451 Εἶπεν
1827 4400 1882 4454 δὲ

272 4470 618 4543 ’Ἰίπιφάνιος
646 4476 784 4548 πρὸς
812 4478 901 4531 τὸν
932 4479 1154 4549 βασιλέα
1179 4497 1192 4509 ·
1219 4481 1463 4537 Φύλασσε
1494 4487 1662 4557 ἐμοὺς
1692 4489 1882 4557 λόγους

284 4563 675 4632 ἀδιαλείπτως,
710 4569 803 4621 καὶ
834 4570 920 4640 ἔχε
950 4587 1040 4640 με,
1073 4571 1287 4636 τέκνον,
1341 4576 1483 4630 κατὰ
1541 4576 1716 4651 ψυχήν
1763 4599 1876 4638 σου,

278 4655 484 4710 τΓαῦτα
545 4657 600 4711 δὲ
653 4659 901 4724 εἰπόντος
948 4661 1291 4731 Ἐπιφανίου,
1346 4667 1667 4739 συνεξῆλθεν
1697 4672 1881 4742 ἡμῖνὸ

280 4750 553 4821 ’βασιλεὺς
585 4753 648 4806 ἐκ
679 4751 772 4807 τοῦ
799 4753 1071 4824 ταμιείου,
1100 4755 1193 4808 xal.
1212 4757 1581 4827 παρεκάλεσεν
1603 4761 1693 4814 τὸν
1728 4763 1879 4815 Ἐπι-

283 4844 486 4912 ’φάνιον
518 4845 665 4908 ὅπως
698 4846 859 4898 αὑτὸν
897 4846 1202 4915 εὖλογήσει.
1265 4848 1374 4900 Καὶ
1436 4852 1665 4920 ποιήσας
1712 4853 1877 4927 εὐχὴν

1991 3750 2125 3804 mihi
2160 3750 2387 3820 praebet,
2423 3766 2546 3820 quae
2572 3760 2700 3806 sunt
2722 3750 3030 3805 necessaria
3059 3768 3071 3804 :
3102 3749 3197 3803 sed
3239 3750 3355 3806 haec
3380 3750 3563 3805 ontnia

1989 3856 2055 3894 ex
2123 3840 2273 3895 illius
2334 3841 2580 3896 mulieris
2636 3840 2906 3894 sententia
2951 3838 3205 3893 dabimus
3248 3838 3562 3910 egentibus.

1989 3929 2127 3985 Cum
2162 3930 2280 3986 haec
2334 3931 2503 4000 igitur
2544 3928 2864 4000 imperatori
2914 3928 3142 3983 dixisset
3180 3927 3519 3997 Epiphanius
3547 3969 3563 3994 ,

1989 4021 2287 4099 imperator
2317 4020 2457 4074 dixit
2483 4020 2531 4075 ei
2567 4038 2581 4075 :
2624 4019 2772 4084 Pete,
2805 4018 2983 4086 Pater,
3008 4034 3070 4074 ea
3102 4020 3303 4089 quibus
3331 4018 3562 4088 indiges,

1986 4119 2040 4167 et
2067 4127 2129 4165 ea
2161 4112 2411 4167 lubenter
2444 4112 2536 4167 tibi
2563 4112 2724 4166 dabo.
2758 4110 3077 4182 imperatori
3125 4111 3406 4180 respondit
3437 4109 3562 4178 Epi-

1987 4207 2270 4279 phanius:
2308 4206 2575 4278 Perpetuo
2616 4223 2775 4263 serva
2825 4222 2978 4262 meos
3037 4222 3352 4273 sermones,
3384 4217 3438 4263 et
3476 4224 3562 4263 me

1987 4301 2149 4366 habe,
2182 4300 2277 4366 tili,
2310 4299 2362 4353 in
2396 4301 2583 4353 animo
2618 4307 2732 4353 tuo.
2765 4299 2900 4353 Cum
2926 4300 3040 4353 haec
3067 4298 3295 4353 dixisset
3328 4297 3562 4369 Epipha-

1986 4397 2130 4456 nius,
2184 4407 2290 4446 una
2343 4391 2632 4446 nobiscum
2681 4407 2745 4444 cx
2810 4390 2931 4446 aula
2988 4404 3243 4460 egressus
3279 4397 3364 4443 est
3392 4390 3558 4459 impc-

1984 4493 2163 4549 rator,
2193 4493 2245 4538 et
2294 4483 2505 4552 rogavit
2527 4481 2916 4552 Epiphanium,
2952 4490 3011 4536 ut
3056 4480 3159 4536 sibi
3194 4480 3556 4536 benediccret.

1982 4575 2232 4646 Cumque
2279 4576 2582 4630 orationem
2636 4574 2856 4629 fecisset
2885 4572 3244 4643 Epiphanius,
3282 4573 3560 4627 benedixit

1984 4667 2325 4737 imperatori,
2358 4679 2412 4722 et
2438 4683 2563 4722 eum
2598 4667 2874 4723 salutavit.
2907 4667 2972 4721 Et
3003 4683 3256 4723 reversus
3285 4677 3369 4721 est
3396 4667 3560 4735 impe-

1983 4770 2134 4815 rator
2178 4761 2231 4814 in
2262 4776 2393 4830 pace
2426 4760 2478 4814 in
2501 4759 2683 4813 aulam
2729 4774 2884 4813 suam
2922 4774 2937 4824 ;
2967 4773 3065 4812 nos
3090 4774 3216 4812 vero
3245 4757 3421 4826 spatio
3452 4772 3556 4810 ηε»-

1980 4867 2099 4906 vem
2128 4851 2339 4906 dierum
2367 4849 2742 4918 navigavimus
2768 4848 2820 4902 in
2849 4848 3108 4919 Cyprum,
3131 4855 3185 4902 et
3209 4845 3405 4903 fratres
3427 4863 3551 4901 cum

290 4936 615 5006 Ἐπιφάνιος
670 4938 962 5011 εὐλόγησεν
1013 4939 1104 4992 τὸν
1145 4938 1388 5018 βασιλέα,
1448 4945 1541 4995 καὶ
1592 4944 1876 5013 ἠσπάσατο

1988 4958 2180 5015 magno
2211 4959 2311 4999 nos
2340 4942 2538 5014 gaudio
2556 4951 2887 5011 exceperunt
2918 4958 2933 5006 ;
2979 4940 3400 5009 invenimusque
3423 4955 3558 4994 uxo-

287 5027 476 5093 αὑτὸν,
511 5028 603 5080 καὶ
631 5028 967 5101 ὑπέστρεψεν
989 5031 1017 5081 ὁ
1049 5029 1298 5100 βασιλεὺς
1319 5033 1374 5085 ἐν
1407 5033 1482 5104 τῷ
1510 5037 1743 5108 ταμιείῳ
1770 5038 1861 5090 αύ-

286 5117 383 5172 τοῦ
417 5118 538 5189 μετ’
566 5120 805 5189 εἰρήνης.
850 5121 1041 5191 Ἡμεῖς
1073 5120 1129 5175 δὲ
1182 5122 1249 5175 δι’
1299 5124 1453 5176 ἐννέα
1486 5126 1705 5196 ἡμερῶν
1759 5131 1866 5182 ἀπ-

256 5220 261 5225 ’
285 5207 638 5279 επ).εύσαμεν
664 5211 721 5261 ἐν
742 5208 968 5281 Κύπρῳ,
998 5212 1090 5263 καὶ
1117 5211 1441 5279 ἀπεδέξαντο
1465 5216 1610 5284 ἡμᾶς
1644 5216 1692 5268 oi
1717 5217 1869 5270 ἀδελ-

284 5300 381 5368 ςξοὶ
415 5299 560 5368 μετὰ
601 5302 776 5373 χαρᾶς
812 5301 1080 5372 μεγάλης
1114 5301 1351 5373 εὕρομεν
1388 5304 1445 5358 δὲ
1494 5307 1596 5375 τὴν
1635 5312 1866 5375 γυναῖκα

282 5390 675 5443 φαυστινιανοῦ
745 5390 1042 5443 πενθοῦσαν
1092 5394 1218 5464 περὶ
1285 5394 1379 5448 τοῦ
1428 5397 1619 5468 ἀνδρὸς
1675 5401 1866 5469 αὐτῆς.

283 5484 396 5537 Καὶ
425 5483 853 5554 παρεμυθήσατο
888 5485 1059 5555 αὐτὴν
1113 5486 1430 5565 Ἐπιφάνιοος
1465 5490 1556 5541 ἐπὶ
1616 5492 1760 5563 πάσῃ
1802 5499 1866 5565 τῇ

280 5572 463 5643 θλίψει
491 5575 691 5643 αὐτῆς,
715 5576 808 5627 καὶ
830 5575 1057 5652 ἐπείσθη
1072 5580 1186 5641 τοῖς
1210 5577 1388 5647 λόγοις
1416 5580 1602 5642 αὐτοῦ,
1622 5584 1714 5636 καὶ
1732 5601 1868 5657 παρ-

1979 5052 2093 5090 rem
2126 5035 2469 5090 Faustiniani
2514 5034 2793 5105 lugentem
2850 5033 3102 5086 maritum
3138 5046 3319 5085 suum.
3351 5029 3558 5086 Conso-

1974 5129 2119 5183 latus
2147 5137 2227 5181 est
2262 5128 2428 5198 igitur
2455 5142 2573 5181 eam
2606 5125 2941 5197 Epiphanius
2966 5125 3019 5177 in
3046 5131 3157 5177 tota
3184 5139 3280 5177 sua
3306 5122 3556 5178 amictiu-

1977 5238 2063 5275 ne.
2105 5221 2237 5288 Quae
2256 5221 2437 5290 paruit
2463 5219 2642 5274 verbis
2672 5215 2982 5286 Epiphanii,
3017 5215 3340 5285 rogavitque
3375 5216 3552 5279 illum,

1983 5326 2043 5369 ut
2077 5315 2233 5370 daret
2265 5315 2315 5369 ei
2356 5313 2405 5369 id
2448 5313 2593 5383 quod
2638 5321 2722 5366 est
2767 5312 2820 5364 in
2850 5309 3468 5381 Cln'isto,signaculum,
3503 5320 3555 5363 ct

1978 5407 2278 5477 baptizavit
2310 5421 2430 5460 eam
2456 5447 2470 5469 ,
2500 5415 2553 5458 et
2582 5403 2862 5479 ordinavit
2894 5418 3014 5457 cam
3047 5403 3415 5457 diaconissam
3453 5401 3555 5454 Ee-

1976 5499 2157 5553 clesiae
2189 5515 2203 5549 :
2238 5508 2292 5551 et
2329 5496 2511 5549 omnia
2547 5496 2668 5564 ejus
2698 5494 2836 5547 bona
2865 5509 2928 5548 ex
2965 5493 3233 5550 sententia
3264 5492 3553 5561 Epiphanii

1954 5586 2102 5642 'tlala
2142 5597 2269 5641 sunt
2295 5587 2686 5658 indigentibus.

281 5666 544 5722 εκάλεσεν
595 5667 911 5738 Ἐπιφάνιον
968 5669 1115 5734 ὅπως
1149 5669 1309 5723 δώσει
1358 5672 1495 5742 αὐτῇ
1540 5673 1638 5743 τὴν
1686 5677 1745 5727 ἐν
1776 5679 1998 5751 Χριστῷ
2062 5678 2352 5751 σφραγῖδα,
2424 5679 2515 5733 καὶ
2564 5679 2832 5766 βαπτοίσας
2902 5678 3089 5765 αὐτὴν,
3144 5677 3549 5761 ἐχειροτόνησεν
