3842 6128
354 254 421 310 99
1608 316 1614 323 .
1661 249 1722 307 S.
1762 249 2104 306 EPIPHANII
2147 251 2325 307 VlTA.

3519 241 3615 299 ιοο

355 363 523 433 αὐτὴν
551 363 796 418 διάκονον
817 361 1302 433 τῆςἚκκληστίας·
1356 363 1448 415 καὶ
1501 358 1567 432 ἦν
1596 364 1808 417 ἅπαντα
1852 364 1919 419 τὰ
1958 366 2257 437 πρᾶιγματα
2304 364 2471 435 αὐτῆς
2508 366 2565 417 ἐν
2615 366 2683 434 τῇ
2734 362 2929 434 γνώμῃ
2988 357 3307 430 Ἐπιφανίου
3358 358 3617 427 διῐόμενα

356 461 465 521 τοῖς
497 457 790 528 δεομένοις.

425 546 561 619 LIX.
595 545 900 615 Aliquando
923 554 1106 600 autem
1133 560 1416 605 sermones
1437 548 1668 603 contulit
1693 546 1921 618 Epipha-

2095 545 2221 601 NG'.
2258 544 2394 609 Ποτὲ
2426 537 2519 596 οὖν
2574 541 2807 612 συνῆρεν
2863 538 3055 608 λόγους
3106 534 3425 608 Ἐπιφάνιος
3479 536 3616 608 προς

356 641 477 692 nius
517 652 643 695 cum
677 637 854 701 Aetio,
889 636 978 706 qui
1009 645 1127 689 erat
1148 676 1163 700 ,
1196 644 1255 689 ut
1286 637 1462 701 aiunt,
1494 639 1784 708 episcopus
1814 640 1922 697 Va-

355 728 798 783 lentinianorum.
842 725 1118 796 Erantque
1165 726 1503 784 Constantiaa
1553 731 1711 785 multi
1757 731 1923 802 hujus

355 818 598 874 hau-esis.
625 818 760 873 Cum
792 818 957 889 igitur
992 818 1178 872 multis
1211 819 1396 875 verbis
1441 822 1793 877 contenderet
1815 823 1923 876 Ae-

357 909 489 972 tius,
520 918 575 963 et
625 910 692 964 de
720 909 1004 965 Altissimo
1038 910 1240 967 multas
1277 911 1481 967 diceret
1510 913 1878 984 blasphemias
1902 954 1917 978 ,

354 1000 492 1055 dixit
524 1002 573 1055 ei
603 999 939 1070 Epiphanius
965 1019 978 1073 ;
1017 1002 1237 1071 Accipe,
1286 1016 1320 1057 o
1371 1003 1536 1073 impie
1560 1003 1677 1060 Aeti
1702 1046 1716 1071 ,
1745 1004 1798 1058 in
1829 1018 1925 1059 ore

357 1099 449 1144 tuo
504 1091 843 1163 repagulum,
889 1100 943 1145 et
970 1105 1081 1146 non
1123 1091 1364 1161 loqueris
1409 1092 1573 1147 verba
1611 1092 1921 1149 insolentia.

319 1222 323 1227 ρ
355 1182 488 1239 Cum
515 1184 751 1254 primum
781 1183 886 1238 hoc
913 1182 1141 1238 dixisset
1167 1181 1521 1255 Epiphanius,
1559 1183 1712 1241 Aetio
1743 1198 1806 1239 os
1826 1182 1927 1238 fuit

352 1276 716 1345 obstructum,
760 1284 814 1329 et
866 1275 1054 1331 abillo
1095 1275 1338 1330 dienon
1368 1275 1547 1345 potuit
1578 1276 1815 1347 amplius
1843 1276 1924 1335 lo-

354 1368 468 1437 qui.
511 1366 650 1421 Cum
706 1375 886 1421 autem
920 1366 1205 1433 vidissent,
1241 1365 1334 1437 qui
1368 1373 1526 1421 erant
1563 1366 1684 1435 ejus
1717 1375 1881 1420 sectae
1906 1404 1922 1430 ,

352 1458 498 1527 quod
547 1473 644 1528 per
673 1459 898 1513 verbum
941 1458 991 1513 ei
1034 1474 1095 1514 os
1141 1460 1507 1515 obstruxisset
1544 1457 1924 1528 Epiphanius,

353 1548 509 1618 proni
558 1562 751 1607 omnes
797 1549 1148 1615 ceciderunt,
1190 1559 1246 1607 et
1270 1550 1616 1606 anathemate
1640 1564 1926 1620 percusse»

356 1650 481 1693 runt
521 1654 677 1695 suam
723 1639 1065 1715 religionem,
1133 1648 1189 1695 et
1251 1640 1379 1695 facti
1419 1648 1548 1696 sunt
1604 1638 1923 1699 orthodoxi.

352 1731 553 1799 Mansit
609 1748 740 1789 vero
792 1734 986 1789 Aetius
1039 1748 1136 1789 sex
1177 1732 1372 1787 diebus
1412 1747 1521 1786 non
1574 1732 1845 1801 loquens,
1873 1739 1927 1787 et

353 1822 585 1892 septimo
627 1824 715 1878 die
744 1823 908 1878 vitam
934 1824 1096 1878 ﬁniit.
1129 1823 1297 1877 Erant
1326 1834 1509 1878 autem
1549 1824 1671 1878 aliae
1705 1838 1926 1894 quoque

2027 636 2232 689 Ἀέτιον
2283 622 2384 687 τὸν
2419 632 2716 685 ἐπίσκοπον
2772 628 2880 684 τῶν
2928 622 3617 685 οὑαλεντινιανῶν.⁷Ησαν

2027 726 2204 799 πλήθη
2231 726 2322 779 ἐπὶ
2348 726 2447 796 τῆς
2478 722 2865 786 Κωνσταντίας
2885 723 2935 775 οἱ
2959 722 3063 792 τῆς
3090 721 3355 793 αἱρέσεως
3383 717 3613 788 ταύτης.

2026 817 2137 871 Καὶ
2160 816 2223 888 δή
2262 816 2538 878 πλείστοις
2585 813 2765 882 λόγοις
2816 810 3138 881 φιλονεικῶν
3185 814 3214 863 ό
3259 810 3490 872 Ἀέτιος,
3523 806 3617 859 καὶ

2027 909 2108 970 είς
2134 905 2484 978 βλασφημίας
2518 903 2717 968 πολλὰς
2746 904 2873 976 περὶ
2903 902 2996 957 τὸν
3031 901 3295 971 ’Ὕψιστον
3345 898 3612 963 ἐλθόντος,

2025 993 2180 1052 εἶπεν
2205 999 2524 1068 Ἐπιιράνιος
2553 997 2689 1067 πρὸς
2746 995 2940 1049 αὐτόν’
2988 993 3158 1060 Λάϐε,
3219 993 3406 1065 φησὶν,
3439 992 3616 1045 Ἀέτιε

2027 1088 2442 1155 δυσσεϐέστατε,
2469 1087 2723 1156 κατόχιον
2763 1086 2857 1139 ἐπὶ
2886 1085 2964 1157 τῷ
3000 1083 3229 1156 στόματί
3256 1100 3370 1143 σου,
3398 1082 3493 1136 καὶ
3517 1083 3615 1154 ἐση

2032 1180 2108 1251 μὴ
2130 1179 2306 1233 λαλῶν
2334 1178 2599 1242 ἀτάκτους
2632 1177 2843 1246 λόγους.
2874 1178 2982 1230 Καὶ
3008 1176 3210 1238 εὐθέως
3236 1178 3263 1227 ὀ
3296 1173 3502 1237 Ἀέτιος
3524 1173 3618 1225 ἐπὶ

2026 1272 2105 1343 τῷ
2131 1272 2275 1342 λόγῳ
2306 1271 2629 1340 Ἐπιφανίου
2684 1268 2958 1340 ἐφιμώθη,
2987 1268 3081 1321 καὶ
3134 1268 3319 1321 οὐκέτι
3372 1264 3617 1336 ἠδυνήθη

2029 1366 2261 1436 λαλῆσαι
2283 1364 2443 1432 λόγον
2478 1364 2587 1418 ἀπὸ
2612 1364 2710 1432 τῆς
2741 1362 2953 1434 ἡμέρας
2983 1362 3219 1431 ἐκείνης.
3247 1359 3470 1421 ’ἰδόντες
3522 1354 3616 1411 οὖν

2027 1457 2078 1510 οἱ
2111 1457 2210 1526 τῆς
2241 1454 2503 1526 αἱρέσεως
2526 1451 2713 1517 αὑτοῦ,
2738 1452 2920 1505 ὅτιδιά
2946 1451 3105 1519 λόγου
3123 1448 3399 1519 ἐφίμωσεν
3428 1446 3615 1527 φῖιτὸν,

2031 1547 2377 1617 προσέπεσαν
2411 1545 2648 1607 ἆπαντες
2680 1544 3005 1613 Ἐπιφανίῳ,
3064 1540 3159 1595 καὶ
3216 1538 3616 1609 ἀνεθεμάτισαν

2030 1638 2128 1710 τὴν
2171 1638 2304 1694 ἰδίαν
2332 1636 2631 1709 θρησκείαν
2667 1634 2867 1702 αὐτῶν,
2903 1634 2996 1689 καὶ
3030 1632 3278 1701 ἐγένοντο
3300 1628 3571 1702 ὀρθόδοξοι
3599 1647 3615 1662 ·

2030 1732 2243 1801 ἔμεινεν
2264 1729 2323 1783 δὲ
2344 1730 2371 1783 ὁ
2397 1727 2601 1790 Ἀέτιος
2627 1726 2685 1793 ἐξ
2710 1726 2924 1798 ἡμέρας
2949 1724 3023 1796 μὴ
3050 1723 3244 1785 λαλῶν,
3269 1722 3364 1774 κα)⁵
3380 1723 3447 1791 τῇ
3465 1719 3618 1772 €666-

2035 1838 2111 1894 μῃ
2158 1819 2342 1893 ἡμέρᾳ
2386 1819 2681 1877 κατέλυσεν
2734 1818 2820 1872 τὸν
2857 1817 2969 1889 βίον
3004 1815 3188 1873 αὐτοῦ.
3221 1810 3403 1872 Ἦσαν
3436 1811 3494 1864 δέ
3521 1811 3617 1864 καὶ

352 1913 601 1981 plurima:
632 1914 866 1971 haereses
891 1915 946 1969 in
979 1915 1154 1969 insula
1182 1913 1532 1986 Cypriorum,
1568 1915 1651 1973 ha:
1678 1914 1887 1971 scilicet
1908 1954 1921 1980 ,

2204 1886 2460 1961 ⁷πλείτςται
2484 1907 2720 1978 αἰρέσεις
2750 1907 2805 1958 ἐν
2829 1886 2894 1975 τῇ
2928 1903 3187 1974 Κυπρίων
3209 1900 3384 1972 χώρᾳ,
3409 1897 3613 1960 αἵτινές

352 2001 698 2073 Ophitarum,
752 2003 1218 2069 Sabellianorum,
1271 2001 1698 2069 Nicolaitarum,
1751 2002 1928 2069 Simo-

354 2091 642 2146 nianorum
671 2100 725 2146 et
754 2091 1322 2172 Carpocratiauorum:
1348 2091 1525 2147 Deliis
1557 2092 1775 2163 scripsit
1802 2091 1927 2163 Epi-

316 2254 319 2257 _
350 2184 585 2253 phanius
614 2183 900 2253 epistolam
923 2184 991 2237 ad
1012 2164 1395 2239 Theodosium
1422 2181 1833 2253 imperatorem,
1862 2191 1921 2237 ut

320 2274 742 2337 .eonstitutione
777 2275 926 2343 regia
957 2290 1053 2329 eos
1081 2274 1377 2345 expelleret
1403 2291 1469 2330 ex
1509 2275 1710 2329 insula.
1748 2272 1919 2329 Erant

346 2366 493 2419 enim
526 2366 670 2420 inter
702 2380 798 2422 eos
832 2367 935 2421 viri
969 2367 1189 2432 divites,
1224 2367 1429 2436 quibus
1455 2366 1714 2421 mandata
1748 2364 1928 2420 fuerat

317 2472 478 2517 ,tura
531 2472 715 2513 rerum
766 2458 1156 2525 publicarum;
1209 2467 1265 2512 et
1314 2457 1697 2528 deprimebant
1735 2456 1927 2510 ortho-

350 2546 542 2601 doxos.
571 2547 707 2601 Cum
737 2553 919 2601 autem
951 2547 1253 2617 accepisset
1292 2548 1590 2617 imperator
1617 2547 1826 2600 litteras
1857 2545 1926 2599 ab

365 2635 690 2706 Epiphanio,
727 2637 945 2707 scripsit
974 2637 1029 2691 in
1058 2638 1199 2692 hanc
1228 2638 1460 2692 formam
1495 2656 1507 2691 :
1543 2637 1598 2692 Si
1631 2640 1755 2709 quis
1777 2636 1926 2694 Patri

348 2728 656 2800 Epiphanio
694 2729 953 2800 episcopo
986 2729 1225 2801 regionis
1257 2729 1585 2801 Cypriorum
1624 2744 1732 2785 non
1774 2740 1928 2800 paret

346 2837 445 2889 per
500 2820 664 2877 verba
713 2821 894 2876 divina
921 2860 936 2886 ,
974 2830 1134 2876 exeat
1158 2837 1225 2876 ex
1259 2821 1439 2877 insula
1463 2862 1479 2889 ,
1518 2830 1574 2877 et
1599 2822 1808 2879 habitet
1836 2824 1927 2880 ubi

343 2913 495 2970 velit.
524 2910 582 2966 Si
624 2911 718 2983 qui
751 2921 933 2968 autem
958 2921 1088 2969 sunt
1127 2912 1311 2973 amici,
1339 2921 1391 2969 et
1424 2911 1519 2966 lilii
1553 2913 1922 2983 ptenitentiae,

347 3014 402 3059 et
429 3003 765 3059 conﬁtentur
806 3004 1087 3065 communi
1118 3002 1267 3060 Patsi
1291 3042 1305 3067 ,
1334 3002 1511 3075 quod,
1544 3018 1668 3059 cum
1693 3004 1802 3058 sint
1831 3005 1924 3060 de-

347 3096 511 3165 cepti,
559 3097 726 3150 velint
762 3098 948 3150 venire
974 3096 1041 3152 ad
1074 3097 1359 3152 veritatem
1382 3137 1398 3165 ,
1429 3107 1706 3162 maneant,
1740 3109 1799 3154 ut
1831 3099 1925 3155 do-

347 3197 575 3241 ceantur
604 3201 635 3240 a
663 3187 947 3241 communi
978 3187 1157 3243 Patre.
1182 3186 1338 3254 Quod
1365 3188 1602 3247 edictum
1625 3205 1748 3244 cum
1776 3198 1921 3245 esset
1947 3220 1990 3277 ο

347 3293 378 3330 a
414 3276 680 3331 militibus
730 3277 993 3342 allatum,
1040 3287 1095 3332 et
1132 3279 1503 3348 publicatum,
1541 3279 1696 3336 multi
1730 3294 1798 3335 ex
1838 3280 1920 3334 eis

316 3368 700 3427 .crediderunt
726 3368 1049 3439 Epiphanio.
1086 3368 1196 3437 Qui
1228 3386 1358 3426 vero
1404 3386 1513 3427 non
1544 3370 1916 3434 crediderunt,

358 3461 539 3517 statim
571 3461 727 3531 eiecti
760 3470 885 3516 sunt
910 3477 978 3517 ex
1012 3461 1212 3518 insula.

416 3726 527 3784 LX.
577 3726 706 3782 Erat
754 3738 936 3783 autem
981 3728 1320 3783 Alexandriae
1366 3728 1585 3799 quidam
1634 3730 1920 3802 cpiscopus

312 3807 568 3875 Inomine
601 3818 956 3889 Theophilus.
1008 3818 1057 3874 ls
1092 3821 1281 3875 habuit
1330 3836 1581 3891 magnam
1634 3820 1918 3892 Epiphanii

347 3913 618 3968 notitiam.
665 3910 832 3967 Erant
863 3927 991 3968 vero
1031 3921 1142 3968 tres
1186 3911 1383 3969 fratres
1426 3913 1786 3975 Alexandriae,
1823 3913 1917 3968 ﬁlii

348 4004 717 4070 lleraeleonis,
750 4005 842 4074 qui
877 4004 1236 4075 imperaverat
1263 4004 1315 4058 in
1341 4020 1405 4059 ea
1439 4006 1677 4061 civitate.
1700 4004 1920 4061 Mortuo

347 4113 473 4151 vero
504 4108 656 4167 patre
682 4111 890 4163 eorum,
922 4105 1030 4151 tres
1066 4111 1128 4151 ex
1169 4112 1437 4153 consensu
1472 4099 1762 4153 voluerunt
1800 4112 1921 4153 esse

310 4188 621 4257 _monachi.
679 4185 783 4252 Qui
835 4187 1059 4256 profecti
1131 4189 1186 4241 in
1241 4188 1627 4254 solitudinem,
1681 4188 1917 4258 quietem

345 4283 577 4352 agebant
610 4281 663 4334 in
694 4280 944 4346 silentio,
983 4290 1037 4336 et
1085 4282 1308 4337 honesta
1357 4282 1466 4335 vita
1501 4291 1658 4337 erant
1684 4282 1915 4352 praediti.

340 4368 385 4424 li
414 4378 572 4425 erant
617 4368 770 4424 valde
800 4370 913 4423 noti
945 4367 1244 4438 'l‘heophilo
1270 4368 1610 4425 Alexandria:
1641 4371 1915 4441 episcopo.

312 4446 317 4449 ’
345 4460 494 4528 Quos
527 4460 644 4530 ipse
674 4475 797 4515 cum
842 4458 1032 4515 fraude
1078 4460 1291 4514 induxit
1338 4460 1394 4515 in
1425 4462 1725 4529 civitatem,
1754 4473 1919 4533 atque

2029 2003 2164 2055 εἰσιν
2200 1995 2375 2055 αὗται·
2413 2001 2486 2071 ta)
2526 1999 2803 2068 Σοφισταὶ,
2847 1997 3210 2061 Σαϐελλιανοὶ,
3265 1988 3611 2075 Νικολαῖται,

2028 2094 2372 2164 Σιμωνιανοὶ,
2435 2091 2845 2154 Βασιλειδιανοὶ,
2908 2086 3414 2161 Καρποκρατιανοί.
3474 2085 3615 2155 Περὶ

2025 2186 2230 2239 τούτων
2274 2184 2594 2254 Ἐπιφάνιος
2641 2182 2878 2253 ἔγραψεν
2928 2181 3221 2251 ἐπιστολὴν
3271 2177 3350 2249 τῷ
3402 2176 3617 2248 βασιλεῖ

2026 2277 2308 2348 Θεοδοσέῳ,
2359 2278 2508 2340 ὅπως
2569 2274 2678 2329 ἀπὸ
2722 2273 3022 2338 διατάξεως
3054 2271 3337 2343 βασιλικῆς
3386 2270 3614 2333 τούτους

2025 2368 2205 2431 διώξει
2242 2368 2345 2435 τῆς
2378 2367 2565 2437 νήσου.
2592 2361 2774 2419 Ἦσαν
2803 2363 2911 2436 γὰρ
2940 2363 3130 2435 ἄνδρες
3162 2362 3408 2416 πλούσιοι
3435 2364 3492 2416 ἐν
3512 2363 3614 2415 αὐ-

2026 2462 2160 2523 τοῖς,
2194 2458 2390 2522 οἵτινες
2417 2458 2512 2511 καὶ
2534 2456 2942 2511 ἐνεπιστεύοντο
2978 2456 3167 2527 χρείας
3196 2455 3481 2527 δημοσίας,
3519 2457 3616 2509 καὶ

2029 2549 2345 2603 ἐταπείνουν
2376 2550 2501 2615 τοὺς
2537 2548 2870 2622 όρθοδόξους.
2903 2546 3209 2618 Δεξάμενος
3238 2542 3329 2600 οὖν
3386 2548 3416 2601 ὁ
3455 2547 3616 2618 βασις

2026 2644 2153 2706 λεὺς
2177 2643 2243 2697 τὰ
2275 2642 2578 2716 γράμματα
2629 2642 2783 2714 παρὰ
2837 2643 3183 2712 Ἐπιφανίου,
3233 2643 3325 2695 καὶ
3355 2641 3615 2710 ἐποίησεν

2025 2733 2193 2787 τύπον
2224 2732 2481 2786 τοιοῦτον.
2518 2732 2683 2795 Είτις
2705 2731 2780 2803 τῷ
2819 2731 2991 2802 Πατρὶ
3036 2730 3337 2800 Ἐπισανίῳ
3365 2728 3445 2799 τῷ
3492 2731 3615 2781 ἐπι-

2037 2823 2225 2893 σκόπῳ
2269 2822 2369 2894 τῆς
2400 2821 2665 2893 Κυπρίων
2699 2820 2878 2892 χώρας
2914 2821 3013 2891 οὐχ
3054 2819 3318 2873 ὑπακούει
3371 2818 3458 2874 διὰ
3502 2818 3613 2870 τῶν

2026 2915 2185 2970 θείων
2209 2915 2404 2983 λόγων,
2438 2911 2746 2984 ἐξερχέσθω
2791 2913 2891 2982 τῆς
2919 2913 3107 2983 νήσου,
3160 2914 3253 2965 καὶ
3306 2912 3438 2964 ὅπου
3466 2910 3613 2963 θέλει

2027 3007 2365 3060 κατοικείτω.
2399 3006 2463 3058 Εἰ
2511 3004 2569 3057 δέ
2604 3021 2746 3067 τινες
2790 3003 2932 3072 φίλοι
2967 3002 3116 3066 ὄντες
3168 3004 3262 3056 καὶ
3308 3002 3476 3055 τέκνα
3511 3001 3611 3072 τῆς

2029 3098 2335 3170 μετανοίας,
2370 3097 2464 3150 καὶ
2508 3093 2861 3167 ὁμολογοῦσιν
2915 3093 2994 3165 τῷ
3046 3094 3209 3165 κοινῷ
3260 3095 3472 3165 Ila-cpi,
3529 3094 3611 3147 ὅτι

2026 3188 2390 3259 πλανηθέντες
2427 3185 2729 3257 βουλόμεθα
2765 3187 2844 3249 εἰς
2889 3186 2987 3257 τὴν
3037 3185 3155 3239 ὁδὸν
3204 3185 3305 3254 τῆς
3350 3184 3611 3256 ἀληθείας

2024 3277 2197 3332 ἐλθεῖν
2218 3295 2230 3310 ·
2275 3276 2614 3348 μεινάτωσαν
2637 3278 2730 3329 ἐπὶ
2754 3275 2855 3346 τῆς
2875 3279 3063 3348 νήσου,
3104 3276 3482 3347 διδασκόμενοι
3503 3274 3610 3329 ὑπὸ

2020 3371 2114 3425 τοῦ
2142 3369 2320 3424 κοινοῦ
2346 3370 2579 3443 Πατρός.
2636 3368 2743 3423 Τοῦ
2770 3365 2863 3423 οὖν
2893 3367 3065 3422 τύπου
3111 3369 3261 3439 παρά
3308 3384 3608 3439 στρατευο-

2025 3465 2187 3536 μένου
2216 3464 2461 3527 ἐλθόντος
2481 3463 2574 3517 καὶ
2595 3461 3040 3533 ἐμφανισθέντος,
3067 3459 3250 3513 πολλοὶ
3272 3459 3611 3530 ἐπείσθησαν

2022 3557 2082 3622 ἐξ
2107 3557 2283 3612 αὐτῶν
2325 3556 2649 3626 Ἐπιφανίῳ.
2706 3555 2854 3609 Οἰδέ
2910 3555 2986 3627 μὴ
3039 3553 3349 3607 πεισθέντες
3400 3555 3608 3618 εὐθέως

2021 3645 2354 3718 ἐδιώχθησαν
2385 3648 2449 3699 ἐκ
2483 3646 2582 3715 τῆς
2610 3647 2798 3716 νήσου.

2090 3737 2164 3792 Ξ’.
2193 3734 2300 3791 *Ην
2332 3737 2388 3789 δέ
2429 3753 2512 3800 τις
2541 3738 2836 3800 ἐπίσκοπος
2868 3737 2923 3789 ἐν
2965 3734 3339 3807 Ἀλεξανδρείᾳ
3367 3734 3609 3806 τοῦνομα

2021 3827 2296 3898 Θεόφιλος.
2356 3822 2522 3891 Οὗτός
2563 3822 2630 3898 ἦν
2677 3828 2734 3880 ἐν
2782 3825 2978 3895 γνώσει
3031 3824 3199 3896 πολλῇ
3260 3825 3601 3893 Ἑπιφανίου.

2019 3915 2201 3974 Ἦσαν
2240 3918 2296 3972 δὲ
2337 3921 2484 3992 τρεῖς
2516 3918 2736 3989 ἀδελφοὶ
2769 3919 2826 3971 ἐν
2867 3916 3271 3988 ’Λ).εξανδρείᾳ,
3317 3916 3426 3969 υἱοὶ
3454 3917 3607 3984 γινό-

2023 4029 2173 4083 μενοι
2211 4010 2607 4083 Ἡρακλέωνος,
2635 4009 2729 4063 τοῦ
2759 4008 3021 4082 ἄρξαντος
3059 4009 3151 4062 ἐπὶ
3178 4009 3274 4079 τῆς
3302 4009 3474 4080 αὐτῆς
3503 4009 3605 4061 πό-

2019 4100 2176 4164 λεως.
2225 4100 2658 4171 Τελευτήσαντος
2699 4099 2757 4152 δέ
2803 4098 2895 4153 τοῦ
2947 4098 3151 4170 πατρὸς
3194 4099 3403 4165 αὐτῶν,
3459 4099 3606 4152 κατά

2022 4189 2235 4243 σύνεσιν
2266 4192 2315 4243 οἰ
2357 4193 2505 4260 τρεῖς
2551 4189 2935 4243 ἐϐουλεύσαντο
2980 4189 3227 4259 μονάσαι.
3259 4188 3370 4242 Καὶ
3400 4188 3466 4259 δὴ
3508 4205 3607 4241 πο-

2023 4283 2304 4356 ρευθέντες
2341 4283 2399 4336 ἐν
2443 4285 2511 4355 τῇ
2545 4285 2755 4354 ἐρήμῳ,
2782 4278 2923 4354 ἦσαν
2955 4284 3014 4335 ἐν
3052 4281 3254 4354 ἡσυχία
3281 4280 3472 4352 πολλῇ,
3509 4283 3605 4335 καὶ

2020 4377 2120 4447 βίῳ
2166 4374 2429 4445 πρέποντι
2465 4376 2890 4447 κεκοσμημένοι.
2939 4367 3098 4427 Οὗτοι
3127 4369 3268 4444 ἦσαν
3313 4374 3370 4426 ἐν
3398 4372 3603 4441 γνώσει

2021 4469 2187 4540 πολλῇ
2218 4467 2460 4539 Θεοφίλῳ
2486 4467 2564 4538 τῷ
2588 4468 2870 4537 ἐπισκόπῳ
2891 4467 2990 4538 τῆς
3018 4466 3609 4537 ἈλεξανδρείαςυΤού-

345 4555 480 4609 adeo
516 4553 711 4618 ell‘ecit,
752 4562 812 4606 ut
846 4551 916 4606 ibi
952 4561 1179 4606 starent.
1211 4551 1361 4608 Fecit
1389 4562 1570 4607 autem
1601 4568 1667 4608 ex
1702 4554 1769 4608 iis
1801 4570 1910 4608 ma-

2026 4576 2139 4622 τους
2185 4559 2280 4629 μὲν
2319 4558 2575 4628 Θεόφιλος
2623 4559 2937 4627 εἰσήνεγκεν
2983 4559 3075 4610 ἐπὶ
3125 4558 3224 4626 τήν
3272 4556 3426 4615 πόλιν
3462 4555 3604 4626 μετά

340 4648 516 4718 jorem
551 4645 866 4714 episcOpum
912 4643 966 4696 in
1000 4657 1106 4697 una
1150 4644 1282 4698 urbe
1326 4641 1560 4715 (Egypti.
1595 4644 1747 4701 Alios
1793 4660 1916 4700 vero

346 4740 473 4794 fecit
501 4737 763 4793 diaconos
806 4741 862 4787 et
900 4746 1218 4787 oeconomos
1250 4730 1524 4789 Ecclesiae.
1555 4732 1688 4789 Cum
1736 4747 1916 4789 autem

345 4842 588 4899 tempore
637 4826 799 4881 trium
842 4837 1113 4880 annorum
1157 4821 1391 4878 fuissent
1419 4825 1689 4880 mconomi
1720 4824 1921 4880 Eccle-

344 4922 460 4985 siae,
491 4920 901 4987 sensissemque
946 4930 1006 4970 se
1048 4929 1169 4970 esse
1200 4924 1447 4969 mortuos
1480 4914 1649 4986 (quod
1683 4916 1751 4971 ad
1781 4915 1921 4971 divi-

346 5029 470 5068 nam
505 5013 766 5066 attinebat
813 5006 1089 5080 gratiam),
1125 5022 1191 5061 ex
1232 5021 1504 5063 consensu
1549 5007 1658 5079 duo
1686 5019 1917 5076 rogave-

346 5114 475 5161 runt
501 5103 543 5157 Τ
551 5105 881 5172 he0philum,
915 5109 975 5155 ut
1004 5115 1101 5154 eos
1145 5098 1274 5153 illuc
1298 5098 1612 5165 dimitteret,
1640 5097 1732 5153 ubi
1766 5098 1918 5167 prius

348 5194 679 5249 habitabant.
719 5193 821 5256 Qui
866 5206 992 5246 cum
1025 5190 1241 5245 illorum
1272 5188 1528 5260 precibus
1575 5202 1685 5242 non
1718 5188 1919 5243 cessis-

346 5295 451 5350 set,
486 5284 646 5338 ambo
672 5284 747 5336 illi
782 5283 921 5338 inter
951 5300 1009 5339 se
1048 5282 1423 5352 conspirantes
1469 5280 1739 5346 abierunt,
1773 5289 1827 5334 et
1857 5280 1913 5334 in

350 5376 694 5433 solitudinem
766 5383 1147 5440 recesserunt,
1213 5373 1304 5429 ubi
1364 5371 1519 5443 prius
1577 5369 1911 5425 habitabant.

345 5469 701 5541 (Theophilus
724 5482 849 5522 vero
871 5481 964 5522 eos
987 5467 1217 5521 triennio
1238 5465 1466 5536 privavit
1489 5462 1916 5535 communione.)

419 5648 496 5722 (av)
529 5648 795 5738 [interpres
817 5645 1212 5731 ἰςείιψζῼφῖται,
1237 5646 1377 5716 quod
1417 5643 1733 5717 probamus.

2019 4651 2252 4723 ἀπάτης,
2294 4652 2387 4704 καὶ
2429 4649 2803 4721 ἡσφαλήσατο.
2841 4648 3212 4724 Ἐποίησεν.δέ
3245 4647 3335 4701 τὸν
3375 4646 3600 4718 μείζονα

2019 4739 2196 4792 αὐτῶν
2225 4738 2518 4792 ἐπίσκοπον
2549 4740 2628 4801 είς
2669 4738 2795 4809 μίαν
2826 4738 2978 4790 πόλιν
3010 4737 3108 4807 τῆς
3136 4736 3434 4804 Λίγύπτου’
3469 4738 3603 4800 τοὺς

2018 4829 2072 4882 δὲ
2121 4829 2312 4892 ἄλλους
2355 4830 2608 4901 ἐποίησεν
2657 4829 2936 4891 διακόνους
2981 4829 3075 4881 καὶ
3125 4828 3445 4898 οἰκονόμους
3499 4829 3602 4898 τῆς

2022 4920 2368 4990 Ἐκκλησίας.
2403 4920 2732 4991 Ποιήσαντες
2779 4919 2836 4972 δὲ
2885 4918 3292 4990 οἶκονομοῦντες
3341 4921 3439 4990 τὴν
3467 4919 3602 4972 Ἐκ-

2024 5011 2249 5083 κλησίαν
2293 5013 2479 5083 τριετῆ
2526 5012 2746 5084 χρόνον,
2788 5013 2878 5066 καὶ
2912 5011 3221 5083 αἰσθόμενοι
3255 5012 3480 5076 ἑαυτοὺς
3509 5031 3602 5066 νε-

2025 5103 2353 5174 κρουμένους
2377 5104 2513 5176 πρὸς
2537 5106 2636 5177 τὴν
2663 5103 2849 5176 θεῖκὴν
2876 5110 3055 5177 χάριν,
3087 5104 3479 5168 καταλιπόντες
3498 5106 3602 5175 τὴν

2023 5195 2270 5265 ἡσυχίαν,
2298 5196 2392 5249 καὶ
2428 5196 2567 5250 κατὰ
2612 5195 2822 5250 σύνεσιν
2865 5197 2914 5249 οί
2956 5196 3048 5249 δύο
3090 5196 3473 5268 παρεκάλεσαν
3511 5196 3601 5249 τὸν

2020 5287 2294 5356 Θεόφιλον,
2325 5290 2471 5352 ὅπως
2496 5288 2714 5353 τούτους
2742 5288 2999 5342 ἀπολύσει
3039 5288 3168 5342 ἔνθα
3216 5290 3271 5342 τὸ
3300 5288 3433 5359 πρὶν
3464 5306 3600 5342 κατ-

2018 5381 2214 5450 ῴκουν.
2247 5384 2356 5436 Καὶ
2384 5384 2457 5453 μὴ
2486 5382 2722 5449 εἴξαντος
2758 5386 2823 5453 τῇ
2852 5384 3056 5436 τούτων
3082 5384 3455 5454 παρακλήσει,
3489 5384 3599 5437 πά-

2021 5471 2102 5524 λιν
2135 5473 2178 5524 οί
2213 5471 2305 5525 δύο
2347 5474 2796 5545 ὁμοφωνήσαντες
2837 5475 3189 5547 ἀνεχώρησαν
3230 5477 3322 5529 καὶ
3356 5473 3599 5548 ἀπῆλθον
