3842 6108
305 257 400 310 ΙΜ
1604 262 1681 317 “'S.
1720 262 1860 318 EPIF

1969 265 2056 320 NII
2096 265 2274 322 ViTA.
3467 274 3570 329 {0'2

301 376 362 429 ἐν
400 378 467 446 τῇ
503 376 720 446 ἐρήμῳ,
750 376 880 430 ὅπου
914 377 973 428 τὸ
1021 379 1147 447 πρὶν
1178 377 1476 447 κατῴκουν.
1524 379 1581 430 Ὀ
1629 374 1720 433 οὖν
1751 379 1860 432 Θεό

1981 382 2230 451 Cumque
2271 384 2499 437 multum
2549 393 2869 454 rogassent,
2906 394 2965 440 ut
3009 387 3111 442 sibi
3164 388 3569 456 permitteretur

303 480 456 536 φιλος
486 468 741 537 ἐποίησεν
760 470 980 530 τούτους
1001 467 1336 529 ἀσυνάκτους
1366 468 1456 519 καὶ
1489 467 1860 539 ἀκοινωνήτουη

1978 472 2170 525 divina
2199 487 2413 527 sumere
2441 484 2806 540 sacramenta,
2834 476 2937 530 hoc
2958 492 3066 530 non
3092 478 3368 532 concessit
3389 476 3565 533 Theo-

299 556 489 627 τριετῆ
538 556 750 626 χρόνον.
796 558 906 611 Καὶ
956 558 1125 612 πολλὰ
1176 558 1655 628 παρακαλέσαντες
1676 599 1690 621 ,
1744 558 1860 611 ὦστη

1988 562 2190 631 philus.
2221 561 2266 614 lli
2315 570 2497 616 autem
2544 565 2905 620 ascenderunt
2947 567 3002 621 in
3047 566 3271 636 regiam,
3299 575 3353 620 et
3385 568 3568 635 proci-

301 648 727 720 συγχωρηθῆναι
766 651 948 712 αὐτοῖς
973 648 1082 702 τῶν
1111 648 1270 702 θείων
1307 649 1621 720 μυστηρίων
1650 650 1860 719 μεταλαι

1989 652 2187 706 derunt
2212 653 2281 705 ad
2304 653 2476 721 pedes
2502 651 2753 718 Joannis,
2778 665 3141 725 cognomento
3165 656 3562 727 Chrysostomi.

300 736 437 802 δεῖν,
473 740 535 793 οὐ
586 740 964 811 συνεχώρησεν
1007 743 1036 795 6
1072 740 1329 811 Θεόφιλος
1376 740 1551 793 τοῦτο.
1597 736 1755 795 Οὗτοι
1792 737 1860 795 οὗ

1975 741 2227 797 Joannes
2260 758 2387 796 vero
2428 758 2555 797 cum
2607 745 2887 801 didicisset
2933 760 3178 808 causam,
3222 746 3414 801 scribit
3445 746 3564 815 epi-

298 832 734 901 άναγκασθέντες
774 835 1005 905 ἀνῆλθον
1037 836 1129 888 ἐπὶ
1171 836 1272 906 τὴν
1308 834 1554 905 βασιλίδα
1586 835 1758 899 πόλιν,
1792 851 1860 888 κα

1990 832 2184 887 stolam
2239 833 2305 887 ad
2359 830 2744 903 Theophilum,
2795 851 2994 907 rogans
3048 852 3201 902 eum,
3258 846 3315 891 ut
3370 836 3564 891 fratres

297 924 651 995 προσέπεσαν
679 926 900 998 Ἰωάννῃ
926 926 1001 997 τῷ
1025 926 1255 996 ἐπίκλην
1280 927 1670 996 Χρυσοστὸμῳ.
1710 926 1768 978 '0
1789 921 1860 979 οὖε

1988 922 2304 977 dimitteret.
2354 921 2688 994 Theophilus
2731 934 2913 980 autem
2961 924 3153 980 Joanni
3204 926 3415 996 roganti
3454 941 3561 979 non

297 1014 574 1086 Ἰωάννης,
628 1015 815 1086 μαθὼν
843 1017 944 1088 τὴν
973 1016 1181 1082 αἰτίαν,
1222 1017 1423 1088 γράφει
1459 1017 1594 1088 πρὸς
1622 1015 1860 1084 Θεόφιλσ

1984 1014 2186 1083 paruit.
2221 1012 2420 1068 Iterum
2450 1029 2582 1084 ergo
2607 1017 2827 1086 scripsit
2854 1016 3098 1071 Joannes
3127 1015 3562 1070 adhortationem

293 1103 615 1175 ἐπιστολὴν,
657 1106 990 1177 παρακαλῶν
1032 1107 1193 1161 αὐτὸν
1241 1107 1333 1159 ἐπὶ
1376 1108 1442 1176 τῇ
1476 1105 1737 1160 ἀπολύσει
1769 1104 1860 1158 τῶἸ

1982 1104 2302 1175 Theophila,
2334 1116 2388 1161 et
2418 1123 2515 1163 nec
2542 1109 2620 1164 sic
2653 1110 2834 1178 paruit
2869 1125 2884 1161 :
2929 1108 3168 1163 Joannes
3206 1109 3385 1177 itaque
3424 1108 3589 1161 libe-’

292 1191 389 1245 δύο
412 1193 678 1263 ἀδελφῶν.
718 1196 777 1248 '0
806 1192 899 1249 οὖν
921 1196 1175 1265 Θεόφιλος
1205 1197 1304 1249 οὐκ
1332 1196 1555 1266 ἐπείσθη
1586 1195 1665 1266 τῷ
1697 1196 1860 1250 Ἰωάν-

1982 1197 2119 1250 ravit
2150 1197 2287 1252 duos
2314 1197 2510 1253 fratres
2539 1214 2568 1252 a
2598 1201 2990 1270 segregatione.
3042 1199 3242 1254 Exorta
3300 1194 3387 1255 est
3435 1214 3564 1268 pro-

293 1302 360 1357 νῃ
417 1286 856 1358 παρακαλοῦντι·
911 1288 1071 1343 πάλιν
1124 1288 1180 1342 δὲ
1223 1289 1288 1342 ἐκ
1334 1288 1585 1357 δευτέρου
1638 1287 1860 1359 ἕγραψει

1984 1295 2167 1355 pterea
2194 1288 2466 1344 discordia
2501 1291 2640 1345 inter
2665 1289 2927 1345 Joannem
2956 1300 3010 1345 et
3040 1290 3417 1359 Theophilum.

292 1377 553 1445 Ἰωάννης
598 1378 928 1450 παρακαλῶν
973 1381 1066 1433 τὸν
1111 1379 1388 1449 Θεόφιλον,
1416 1384 1510 1434 καὶ
1545 1377 1668 1433 οὔτε
1724 1380 1896 1441 οὕτως
1935 1377 2156 1447 ἐπείσθη
2207 1379 2286 1449 τῷ
2357 1382 2600 1456 Ἰωάννῃ.
2657 1382 2791 1435 Τότε
2851 1383 3103 1454 Ἰωάννης
3151 1381 3419 1435 ἀπέλυσεν
3465 1379 3558 1434 τοῦ

282 1468 603 1538 ἀφορισμοῦ
631 1469 756 1532 τοὺς
789 1469 883 1523 δύο
927 1469 1214 1540 ἀδελφούςο
1242 1470 1319 1533 ὡς
1355 1472 1419 1524 ἐκ
1456 1469 1646 1551 τούτου
1690 1469 1874 1524 λοιπὸν
1912 1468 2126 1537 ἐγένετο
2153 1468 2294 1541 λύπη
2332 1472 2541 1543 μεγάλη
2574 1472 2775 1543 μεταξὺ
2811 1473 3066 1541 Θεοφίλου
3094 1474 3178 1525 καὶ
3218 1474 3485 1527 Ἰωάννου.

359 1564 486 1618 SA’.
517 1565 655 1618 Κατ’
699 1567 904 1619 ἐκεῖνον
945 1565 1001 1618 δὲ
1045 1566 1134 1619 τὸν
1175 1566 1366 1637 καιρὸν
1402 1563 1470 1638 ἦν
1520 1566 1878 1636 συγκλητικὸς

2058 1563 2193 1620 LXI.
2227 1565 2352 1621 Fuit
2396 1577 2575 1622 autem
2611 1568 2901 1638 aliquando
2949 1568 3030 1621 vir
3074 1569 3293 1638 quidam
3337 1579 3556 1624 senato-
3594 1576 3597 1579 ’

288 1671 375 1718 τις
410 1654 554 1724 ἀνὴρ
595 1654 820 1724 ὀνόματι
856 1654 1224 1723 Θεόγνωστοςο
1257 1648 1411 1719 οὗτος
1445 1656 1769 1728 Χριστιανὸς
1801 1655 1860 1709 ὧι

1985 1656 2121 1722 rius,
2158 1658 2377 1712 nomine
2405 1657 2805 1729 Theognostus.
2843 1658 2941 1714 Hic
2972 1674 3096 1714 cum
3126 1670 3270 1715 esset
3297 1659 3558 1714 Christia-

288 1742 440 1817 εἶχεν
472 1744 564 1799 τὸν
613 1745 775 1815 φόὸον
803 1744 896 1799 τοῦ
933 1744 1067 1799 Θεοῦ
1106 1745 1468 1810 ἀδιαλείπτως
1487 1788 1500 1811 ,
1530 1748 1623 1800 καὶ
1648 1745 1860 1815 ἀγαπώ-

1977 1760 2113 1812 uus,
2164 1746 2354 1801 habuit
2400 1747 2618 1802 assidue
2663 1748 2911 1803 timorem
2957 1746 3051 1801 Dei
3096 1758 3226 1802 ante
3262 1748 3471 1812 oculos,
3500 1759 3556 1803 et

291 1853 457 1907 μενος
485 1836 593 1889 ὑπὸ
622 1836 716 1889 τοῦ
750 1835 1032 1906 βασιλέως.
1066 1836 1257 1900 ’Λλλος
1290 1837 1346 1890 δέ
1380 1855 1463 1902 τις
1493 1833 1560 1908 ἦν
1589 1837 1683 1891 καὶ
1710 1838 1872 1901 αὐτὸς

285 1928 389 1999 τῆς
420 1927 758 1999 συγκλήτου,
802 1928 1076 2000 Δωρόθεος
1109 1927 1457 1999 καλούμενος.
1492 1925 1601 1984 *Ην
1632 1929 1689 1982 δὲ
1719 1924 1873 1993 οὗτος

284 2019 593 2090 Ἀρειανός.
622 2012 790 2083 Οὗτος
819 2019 1194 2090 κατηγόρησεν
1220 2018 1586 2088 Θεογνώστου,
1614 2020 1695 2073 ὄτι
1728 2020 1874 2087 ὓϐρι-

289 2127 384 2163 σεν
411 2109 505 2163 τὸν
533 2109 779 2180 βασιλέα’
817 2111 912 2164 καὶ
939 2110 1031 2164 δύο
1062 2111 1341 2183 μάρτυρας
1365 2110 1577 2180 ψευδεῖς
1600 2112 1872 2185 παρέστη-

288 2219 403 2265 σεν,
437 2203 532 2255 καὶ
577 2201 798 2274 ήλεγξεν
836 2202 927 2255 τὸν
974 2202 1315 2271 Θεόγνωστον
1369 2203 1508 2256 κατὰ
1559 2204 1868 2273 πρόσωπον.

294 2291 361 2347 ’0
392 2288 485 2346 οὖν
514 2293 764 2362 βασιλεὺς
793 2293 1071 2357 Θεοδόσιος
1099 2294 1381 2347 ἐκέλευσεν
1410 2294 1502 2347 τον
1529 2294 1870 2361 Θεόγνωστον

284 2383 667 2456 ἐξορισθῆναι.
703 2386 798 2438 καὶ
850 2384 918 2437 τά
964 2386 1261 2456 πράγματα
1305 2386 1468 2438 αὑτοῦ
1514 2385 1866 2457 δημευθῆναι.

288 2478 550 2547 Ἐμεινεν
579 2476 637 2529 δὲ
670 2480 734 2549 τῇ
782 2479 1004 2546 γυναικὶ
1045 2476 1390 2545 Θεογνώστου
1437 2476 1495 2529 ἓν
1527 2481 1865 2549 προαστεῖον,

282 2567 348 2633 ἐξ
374 2561 434 2621 οὗ
462 2568 564 2639 τὴν
594 2568 909 2639 ἀπο-τροφὴν
943 2564 1106 2639 εἶχεν.
1133 2566 1515 2638 Ἐτελεύτησεν
1543 2568 1597 2620 δὲ
1623 2567 1868 2634 Θεόγνω-

289 2676 412 2722 στος
441 2659 518 2722 ὡς
540 2657 752 2730 ὑπῆγεν
778 2661 837 2712 ἐν
863 2660 1069 2730 ἐξορίᾳ.
1098 2659 1208 2729 Τῆς
1237 2652 1330 2712 οὖν
1362 2658 1677 2729 βασιλίσσης
1708 2659 1870 2711 Εὔδο-

284 2752 406 2820 ξίας
433 2752 756 2824 ἐξελθούσης
786 2754 915 2807 ’ποτὲ
944 2756 1001 2807 ἐν
1026 2752 1105 2823 τῷ
1131 2752 1435 2825 προκένσῳ,
1460 2750 1538 2822 τῷ
1568 2749 1742 2822 καιρῷ
1774 2751 1867 2805 τοῦ

279 2844 581 2916 epam-:05,
614 2845 742 2898 ἔνθα
770 2840 837 2917 ἦν
866 2845 926 2897 τὸ
966 2846 1284 2916 προαστείον
1312 2844 1412 2914 τῆς
1453 2843 1708 2911 γυναικὸς
1737 2844 1867 2896 Θεο-

281 2936 553 3005 γνὼστου,
586 2937 687 2990 οὐκ
719 2931 837 2989 οἶδα
879 2935 1021 2989 κατὰ
1062 2934 1221 2988 ποίαν
1263 2935 1438 2987 αἰτίαν
1465 2933 1778 2987 εἰσελθοῦσα
1810 2936 1866 2987 ἐν

279 3026 362 3099 τῷ
406 3026 693 3099 ἀμπελῶνι
739 3025 840 3096 τῆς
884 3025 1139 3094 γυναικὸς
1185 3026 1218 3095 ἠ
1270 3023 1553 3094 βασίλισσα
1594 3025 1866 3094 ἀπέτεμεν

268 3118 380 3171 ἕνα
409 3117 628 3189 βότρυν.
672 3113 848 3169 Εἶπαν
890 3116 947 3169 δέ
980 3133 1123 3178 τινες
1152 3114 1259 3168 τῶν
1288 3113 1652 3185 παρεστώτων
1678 3118 1741 3185 τῇ
1773 3114 1867 3184 βα-

283 3210 532 3281 σιλίσσῃ·
564 3209 833 3262 Δέσποινα
852 3249 864 3270 ,
893 3206 1168 3278 ἀλλότριος
1196 3206 1344 3259 ἐστιν
1372 3208 1400 3260 6
1430 3202 1687 3276 ἀμπελὼν
1708 3245 1722 3267 ,
1746 3204 1867 3257 ὅθεν

280 3301 563 3371 ἀπέτεμες
601 3301 695 3351 τὸν
728 3298 942 3370 βότρυν.
981 3297 1143 3360 Ἐθος
1170 3296 1227 3350 δέ
1262 3297 1378 3351 ἐστι
1418 3297 1531 3358 τοῖς
1561 3292 1866 3366 βασιλεῦσιν

278 3392 379 3445 καὶ
417 3393 541 3453 ταῖς
589 3389 955 3459 βασιλίσσαις,
1006 3387 1110 3441 κᾶν
1153 3387 1289 3441 πόδα
1330 3387 1615 3455 ἐπενέγκοι
1650 3389 1730 3449 εἰς
1769 3386 1866 3457 τὴν

280 3480 596 3552 ἀλλοτρίαν,
626 3479 727 3533 κᾶν
764 3479 970 3552 καρπὸν
1014 3477 1166 3532 λάὸοι
1196 3476 1305 3532 ἀπό
1341 3495 1484 3542 τινος
1516 3476 1624 3531 τῶν
1668 3477 1867 3549 καρπί-

282 3591 402 3644 μων
446 3571 643 3639 ξύλων,
690 3570 888 3641 μηκέτι
922 3568 1079 3624 ἄλλον
1120 3568 1243 3623 τινὰ
1277 3567 1638 3634 ὲξουσιάζειν,
1687 3568 1861 3640 ἀλλ’ἢ

277 3664 374 3716 τὴν
419 3662 669 3733 βασιλέα.
696 3661 1002 3715 Ἀκούσασα
1215 3660 1353 3733 γυνὴ
1385 3659 1750 3728 Θεογνὼστου,
1783 3661 1865 3714 ὅτι

279 3754 615 3824 ἀπεσπάσθη
664 3756 693 3807 6
735 3754 904 3828 ἀγρὸς
952 3754 1140 3823 αὐτῆς,
1186 3752 1426 3824 ἔγραψεν
1465 3754 1546 3817 εἰς
1585 3753 1860 3823 δίπτυχον,

278 3847 379 3899 καὶ
405 3844 731 3899 ἀπέστειλεν
777 3844 914 3917 πρὸς
967 3845 1238 3915 Ἰωάννην.
1274 3840 1382 3898 Ἦν
1420 3844 1528 3916 γὰρ
1561 3844 1863 3914 ἀγαπώμε-

278 3953 371 3998 νος
418 3935 627 4005 σφόδρα
660 3934 765 3988 ὑπὸ
803 3934 897 3988 τοῦ
946 3934 1209 4005 βασιλέως
1253 3934 1347 3988 καὶ
1391 3935 1487 4005 τῆς
1521 3934 1858 4007 βασιλίσσης.

279 4025 487 4081 Μαθὼν
517 4023 615 4079 οὖν
659 4024 830 4078 ταῦτα
873 4027 901 4077 6
936 4024 1190 4095 Ἰωάννης
1223 4024 1538 4079 ἀπέστειλεν
1577 4025 1665 4078 τὸν
1703 4026 1860 4095 ἀρχι-

276 4114 526 4168 διάκονον
555 4113 741 4177 αὐτοῦ,
771 4113 939 4184 ἄνδρα
962 4114 1141 4182 λόγιον
1165 4115 1259 4167 καὶ
1292 4114 1437 4185 ὀρθῷ
1465 4114 1562 4186 βίῳ
1591 4131 1861 4186 κεκοσμη-

282 4202 464 4273 μένον.
498 4201 575 4256 Τὸ
604 4202 661 4254 δὲ
688 4201 859 4271 ὄνομα
898 4200 1062 4256 αὑτοῦ
1109 4200 1352 4255 ἐκαλεῖτο
1383 4200 1638 4272 Εὔτυχος.
1666 4201 1859 4271 Εἰσῆλ-

277 4294 375 4347 θεν
402 4289 497 4348 οὖν
530 4291 771 4362 Εὔτυχος
811 4293 946 4361 πρὸς
973 4292 1074 4363 τὴν
1119 4291 1450 4362 βασίλισσαν,
1486 4294 1581 4347 καὶ
1608 4291 1856 4362 διελέχθη

1976 1836 2306 1905 diligebatur
2351 1839 2419 1892 ab
2460 1840 2804 1910 imperatore.
2852 1838 2981 1893 Erat
3026 1848 3204 1894 autem
3251 1840 3421 1905 alios,
3458 1843 3552 1910 qui

1976 1926 2091 1997 ipse
2123 1943 2342 1998 quoque
2374 1939 2490 1984 erat
2534 1932 2741 1987 ordinis
2790 1930 3081 1996 senatorii,
3115 1930 3417 1987 Durotheus
3451 1949 3553 1985 no—

1974 2019 2143 2085 mine,
2193 2020 2451 2076 Arianus.
2504 2021 2553 2078 Is
2604 2025 2879 2080 accusavit
2926 2022 3355 2093 Theognostum,
3406 2025 3550 2093 quod

1974 2110 2358 2181 imperatorem
2414 2113 2683 2169 aﬂ‘ecissct
2731 2114 3058 2170 contumelia
3115 2133 3128 2168 :
3186 2122 3241 2167 et
3299 2115 3552 2183 produxit

1972 2199 2111 2253 duos
2167 2200 2335 2255 falsos
2388 2210 2595 2265 testes,
2651 2203 2744 2272 qui
2806 2212 3130 2272 praesentem
3200 2202 3551 2257 convicerunt

1974 2289 2379 2362 Theognoslum
2402 2335 2416 2357 ,
2447 2294 2592 2363 quod
2629 2296 2957 2349 contumelia
2994 2294 3263 2348 aﬂ‘ecisset
3309 2294 3547 2364 impera-

1975 2393 2173 2438 torem.
2214 2380 2514 2452 Imperator
2544 2385 2730 2454 itaque
2763 2386 3030 2440 Arcadius
3066 2385 3233 2453 jussit
3262 2384 3547 2453 Theogno-

1973 2482 2119 2528 stum
2158 2472 2407 2542 relegari,
2437 2484 2491 2529 et
2523 2474 2664 2529 bona
2691 2474 2811 2545 ejus
2850 2475 3136 2545 publicari.
3163 2473 3332 2528 Uxori
3364 2482 3546 2528 autem

1973 2563 2305 2635 'I‘heOgnosti
2337 2565 2538 2620 mansit
2568 2580 2731 2619 unum
2767 2565 3163 2631 suburbanum,
3194 2581 3258 2620 ex
3306 2580 3416 2636 quo
3446 2565 3547 2619 ha-

1973 2656 2132 2710 bebat
2164 2657 2501 2711 alimenuun.
2540 2657 2781 2713 Decessit
2814 2657 3216 2728 TheOgnostns,
3250 2673 3373 2712 cum
3404 2667 3549 2713 esset

1970 2746 2024 2799 in
2071 2746 2286 2800 exsilio.
2340 2738 2585 2801 Eudnxia
2631 2756 2811 2801 autem
2862 2748 3157 2817 aliquando
3204 2763 3424 2818 egressa
3478 2747 3545 2801 ad

1968 2835 2321 2900 vindemiam,
2359 2852 2483 2891 cum
2516 2852 2684 2907 prope
2723 2853 2842 2892 eam
2872 2847 3013 2893 esset
3046 2840 3355 2909 possessio,
3384 2848 3439 2892 et
3466 2839 3546 2890 vi-

1964 2930 2039 2984 tis
2088 2928 2403 2984 suburbana
2438 2930 2627 2984 uxoris
2660 2928 3023 3001 Theognosti,
3075 2930 3260 2985 nescio
3306 2945 3544 2999 quanam

1893 3059 1935 3117 ο
1971 3020 2037 3074 de
2063 3035 2249 3085 causa,
2283 3035 2408 3075 cum
2439 3034 2657 3090 egressa
2685 3030 2828 3076 esset
2856 3020 2922 3076 de
2954 3022 3110 3075 vinea
3144 3036 3266 3085 sua,
3300 3021 3541 3091 ingressa

1920 3094 1935 3114 ⁸
1968 3118 2051 3164 est
2084 3109 2294 3164 vineam
2332 3112 2520 3168 uxoris
2552 3111 2902 3183 Theognosti,
2940 3121 2993 3167 et
3027 3113 3242 3167 botrum
3277 3114 3540 3168 exsecuit.

1968 3199 2233 3254 Dixerunt
2265 3211 2445 3255 autem
2471 3202 2639 3272 aliqui
2673 3218 2738 3256 ex
2774 3204 2872 3269 iis,
2908 3202 3000 3271 qui
3032 3203 3359 3258 assistebant
3390 3220 3403 3256 :
3434 3202 3544 3257 Do-

1971 3292 2138 3355 mina,
2171 3292 2391 3347 secuisti
2423 3293 2637 3347 botrum
2672 3293 2862 3348 aliena:
2891 3293 3079 3347 viuere.
3113 3292 3229 3348 Mos
3255 3302 3341 3349 est
3365 3294 3538 3363 impe-

1957 3382 2244 3437 ratoribus
2275 3391 2330 3436 et
2377 3382 2834 3452 imperatricibus,
2865 3384 2910 3438 si
2948 3384 3033 3438 vel
3080 3385 3266 3453 pedem
3294 3384 3541 3440 intulerit

1964 3472 2019 3527 in
2052 3485 2250 3527 teriam
2304 3473 2535 3528 alienam
2557 3513 2574 3541 ,
2616 3483 2671 3529 et
2699 3476 2744 3530 si
2782 3475 3017 3529 fructum
3051 3476 3321 3545 acceperit
3346 3489 3412 3530 ex
3443 3475 3542 3528 ali-

1965 3581 2076 3636 quo
2102 3581 2165 3620 ex
2201 3566 2268 3620 iis
2301 3580 2424 3636 qua
2464 3564 2700 3621 fructum
2731 3566 2933 3631 ferunt,
2965 3575 3026 3621 ut
3074 3567 3255 3621 nullus
3300 3567 3438 3622 alius
3483 3567 3537 3620 in

1960 3670 2026 3710 ea
2063 3663 2384 3724 potestatem
2434 3656 2648 3723 habeat,
2690 3657 2794 3712 nisi
2839 3658 3153 3727 imperator.
3187 3657 3321 3713 Cum
3361 3658 3541 3712 Theo.

1964 3750 2142 3817 gnosti
2194 3756 2376 3802 autem
2428 3764 2566 3804 uxor
2613 3750 2906 3816 audiisset,
2952 3750 3098 3819 quod
3146 3765 3279 3805 suus
3311 3765 3439 3819 ager
3468 3750 3538 3803 ab

1963 3854 2024 3893 ca
2059 3841 2131 3895 sit
2165 3842 2416 3907 avulsus,
2452 3841 2504 3896 id
2537 3841 2755 3911 scripsit
2804 3841 2856 3894 in
2890 3841 3245 3911 pugillaribus
3267 3881 3280 3907 ,
3308 3851 3361 3895 et
3390 3841 3538 3895 misit

1962 3931 2029 3986 ad
2080 3930 2365 3987 Joannem.
2418 3931 2586 3987 Valde
2639 3931 2785 3985 enim
2844 3931 3128 3985 amabatur
3177 3929 3415 3986 Joannes
3467 3930 3535 3983 ab

1963 4023 2288 4093 imperatore
2333 4032 2387 4078 et
2431 4024 2499 4077 ab
2529 4023 2889 4092 imperatrice.
2931 4021 3067 4076 Cum
3100 4021 3215 4076 haec
3255 4021 3535 4076 didicisset

1959 4113 2218 4181 Joannes,
2258 4114 2406 4170 misit
2447 4130 2606 4170 suum
2636 4114 3109 4179 archidiaconum,
3140 4113 3315 4167 virum
3348 4114 3535 4167 enuti-

1962 4212 2097 4272 tum,
2127 4213 2181 4258 et
2229 4213 2373 4259 recta
2422 4204 2527 4258 vita
2575 4204 2880 4275 praeditum.
2926 4200 3133 4258 Nomen
3184 4211 3364 4257 autem
3412 4203 3533 4272 ejus

1959 4296 2259 4350 vocabatur
2289 4295 2586 4367 Eutychus.
2630 4294 2912 4366 Ingressus
2941 4302 3121 4349 autem
3152 4293 3426 4366 Eutychus
3464 4297 3532 4349 ad

276 4386 415 4457 αὐτῇ
450 4383 595 4438 κατὰ
640 4382 739 4455 τὴν
768 4384 1069 4454 ἐπιτροπὴν
1098 4382 1364 4437 Ἰωάννου.
1395 4378 1563 4437 Εἶπεν
1601 4382 1656 4436 δέ
1685 4383 1718 4452 ἡ
1757 4381 1848 4451 βα·

1965 4385 2398 4454 imperatricem,
2451 4401 2574 4441 cum
2635 4401 2696 4439 ea
2766 4386 3022 4440 disseruit
3069 4384 3228 4455 jussu
3281 4383 3524 4439 Joannis.

276 4476 495 4529 σίλισσα
522 4475 662 4546 πρὸς
690 4474 783 4527 τὸν
817 4473 1076 4545 Εὔτυχον,
1110 4476 1223 4528 ὅτιο
1264 4475 1445 4544 Νόμος
1484 4475 1631 4527 ἐστὶν
1672 4466 1854 4536 οὗτοςο

272 4569 411 4621 ὅπου
461 4566 518 4618 δέ
569 4564 839 4634 βούλεται,
866 4566 946 4628 εἰς
984 4564 1150 4633 ἄλλην
1195 4564 1460 4635 ἐπαρχίαν
1495 4564 1688 4633 δίδωμι
1718 4564 1854 4633 αὐτῇ

274 4660 497 4731 χωρίον.
563 4657 825 4723 Ἑξελθὼν
875 4657 933 4711 δὲ
991 4657 1021 4709 6
1076 4655 1346 4726 Εὔτυχος,
1399 4655 1718 4726 ἀνήγγειλεν
1778 4654 1856 4725 τῷ

273 4750 504 4825 Ἰωάννῃ
544 4752 670 4813 τοὺς
708 4749 901 4818 λόγους
937 4749 1036 4819 τῆς
1078 4747 1411 4817 βασιλίσσης.
1456 4746 1755 4817 Ἐπορεύθη
1797 4745 1854 4799 δὲ

276 4845 536 4914 Ἰωάννης
583 4844 640 4897 ἐν
677 4840 755 4911 τῷ
781 4841 1014 4912 ταμιείῳ
1044 4839 1122 4910 τῷ
1152 4837 1446 4910 βασιλικῷ,
1477 4839 1572 4892 καὶ
1603 4834 1754 4891 εἶπεν
1785 4840 1852 4909 τῇ

277 4936 567 5005 βασιλίσσῃ
583 4928 605 4965 ”
640 4934 866 4996 Ἀπόδος
904 4934 997 4985 τὸν
1044 4930 1212 5003 ἀγρὸν
1244 4932 1344 5001 τῆς
1374 4931 1569 5001 χήρας.
1602 4927 1770 4984 Εἶπεν
1796 4930 1853 4984 δὲ

275 5031 309 5098 ἡ
337 5028 624 5099 βασίλισσα
670 5025 749 5097 τῷ
785 5025 1035 5097 Ἰωάννῃ’
1074 5025 1249 5088 Μάθε,
1288 5024 1490 5095 Πάτερ,
1522 5024 1620 5093 τὴν
1651 5023 1848 5090 αἰτίαν,

274 5121 366 5173 καὶ
385 5119 508 5171 τότε
536 5117 786 5185 ἐπάγαγε
815 5116 912 5187 τὴν
942 5116 1251 5187 ἐπιϐουλὴν,
1278 5116 1344 5185 ἢν
1368 5114 1546 5184 λέγεις
1564 5115 1644 5168 ὅτι
1667 5116 1853 5186 ἐποίη-

275 5223 344 5258 σα
374 5208 441 5276 τῇ
474 5206 639 5275 χήρᾳ.
685 5200 850 5257 Εἶπεν
899 5204 955 5257 δὲ
993 5204 1153 5259 πάλιν
1182 5207 1214 5275 ή
1252 5203 1538 5275 βασίλισσα
1563 5203 1640 5274 τῷ
1668 5204 1851 5259 Ἰωάν-

271 5312 372 5367 νη·
427 5296 522 5367 Μὴ
578 5295 820 5365 ἐλέγχειν
875 5296 995 5349 θέλε
1048 5296 1533 5368 κατὰ.πρόσωπον
1588 5294 1846 5365 βασιλεῖς.

271 5379 444 5438 Εἶπεν
471 5384 529 5437 δὲ
557 5384 813 5455 Ἰωάννης
832 5401 845 5415 ·
876 5385 982 5437 Καὶ
1012 5386 1173 5437 πάλιν
1195 5386 1277 5438 σοὶ
1305 5385 1468 5454 λέγω·
1507 5387 1728 5449 Ἀπόδος
1759 5388 1849 5440 τὸν

270 5473 444 5544 ἀγρὸν
475 5475 577 5544 τῆς
601 5475 798 5546 χήρας.
832 5477 1109 5539 Ἤκουσας
1143 5476 1257 5539 πῶς
1289 5478 1659 5546 στηλιτεύεται
1688 5478 1850 5543 Ἰεζά-

270 5565 388 5629 δελ,
426 5565 522 5618 καὶ
559 5564 721 5635 μέχρι
768 5567 1006 5637 σήμερον
1038 5568 1142 5620 ὑπὸ
1169 5568 1266 5638 τῆς
1313 5568 1461 5632 θείας
1505 5570 1723 5641 Γραφῆς
1751 5570 1845 5624 δα-

267 5655 725 5712 κτυλοδεικτεῖται
751 5656 842 5709 ἐπὶ
868 5656 1023 5727 κακῷ
1049 5657 1115 5710 δι’
1138 5658 1434 5727 ἀμπελῶνα
1456 5660 1603 5713 ὁσίου
1632 5663 1843 5732 ἀνδρός.

1962 4473 2108 4529 Dixit
2151 4492 2284 4531 vero
2319 4478 2632 4547 imperatrix
2670 4476 2925 4547 Eutycho
2956 4494 2968 4529 :
3004 4475 3128 4532 Ilaec
3164 4488 3250 4533 est
3301 4478 3384 4532 Iex
3442 4494 3526 4534 re-

1958 4568 2043 4634 gia
2079 4583 2091 4618 :
2123 4567 2434 4638 ubicunque
2472 4578 2651 4623 autem
2682 4569 2810 4624 velit
2839 4570 2893 4622 in
2929 4569 3033 4623 alia
3062 4569 3358 4638 provincia,
3388 4572 3528 4623 dabo

1956 4659 2005 4711 ei
2041 4659 2324 4728 praedium.
2352 4659 2615 4730 Egressus
2643 4659 2942 4730 Eutychus,
2967 4660 3309 4714 annuntiavit
3330 4648 3526 4714 Joanni

1954 4750 2120 4805 verba
2174 4751 2556 4820 imperatricis.
2596 4750 2693 4807 lrit
2742 4760 2922 4807 autem
2974 4750 3213 4806 Joannes
3246 4747 3302 4801 in
3344 4752 3523 4804 aulum

1956 4842 2180 4909 regiam,
2208 4851 2264 4897 et
2291 4843 2426 4899 dixit
2458 4844 2783 4913 imperatrici
2814 4863 2826 4897 :
2861 4843 3045 4899 Redde
3093 4851 3279 4912 agrum
3326 4842 3522 4895 vidme.

1955 4928 2101 4985 Dixit
2131 4929 2328 4986 Joanni
2374 4932 2686 5002 imperatrix
2722 4951 2734 4986 :
2765 4931 2957 4997 Pater,
3003 4931 3151 4984 disce
3186 4944 3428 4991 causam,
3470 4939 3526 4983 et

1953 5034 2084 5077 tunc
2114 5024 2328 5079 intende
2370 5025 2599 5088 crimen,
2628 5026 2772 5094 quod
2806 5039 2893 5077 me
2923 5022 3061 5076 dicis
3090 5020 3431 5076 commisisse
3466 5019 3521 5073 in

1953 5115 2191 5170 viduam.
2244 5114 2390 5170 Dixit
2440 5126 2618 5170 autem
2672 5129 2866 5169 rursus
2913 5111 3147 5167 Joannes
3188 5128 3203 5166 :
3249 5110 3367 5165 Dixi
3404 5112 3523 5175 tibi,

1953 5204 2136 5261 Redde
2166 5207 2327 5260 vitem
2363 5207 2558 5261 viduas.
2596 5204 2735 5258 Dixit
2768 5204 3083 5273 imperatrix
3114 5201 3309 5258 Joanni
3337 5221 3351 5257 :
3378 5203 3521 5270 Noli,

1952 5296 2109 5351 Pater
2136 5296 2392 5363 Joannes,
2428 5298 2532 5351 noli
2562 5297 2639 5349 sic
2672 5309 2858 5349 coram
2890 5309 3118 5365 arguere
3144 5296 3520 5364 imperatores.

1951 5386 2094 5441 Dixit
2143 5386 2429 5442 Joannes:
2474 5385 2683 5440 Rursus
2725 5386 2849 5440 dico
2901 5387 2996 5441 tibi
3048 5402 3060 5437 :
3101 5384 3284 5440 Redde
3332 5401 3521 5454 agrum

1950 5479 2145 5533 viduae.
2181 5478 2465 5539 Andivisti,
2495 5485 2696 5546 quanta
2733 5487 2949 5532 notetur
2980 5478 3274 5547 ignominia
3301 5474 3517 5530 Jezabel

1947 5578 2168 5638 propter
2220 5570 2450 5633 vineam,
2496 5577 2550 5621 et
2584 5583 2757 5637 usque
2806 5569 2860 5622 in
2914 5569 3234 5623 hodiernum
3286 5569 3427 5623 diem
3464 5582 3518 5621 in

1951 5663 2154 5716 inalum
2202 5661 2371 5729 digito
2422 5661 2774 5731 ostendatur,
2825 5671 3045 5733 propter
3078 5662 3289 5719 vineam
3345 5658 3517 5717 sancti
3588 5714 3599 5721 ,
