3842 6112
312 234 412 289 103

1625 230 1685 287 S.
1724 228 2069 286 EPIPHANII
2103 231 2285 288 VITA.

3460 238 3562 294 104

307 348 406 403 viri
445 348 509 402 ¹⁰.
550 348 687 403 Cum
736 345 850 401 hzec
884 355 1062 400 autem
1094 344 1180 398 -ab
1230 344 1438 398 Joanne
1476 344 1740 398 andiisset
1781 344 1885 396 im-

2000 347 2068 400 Ἡ
2109 348 2165 401 δὲ
2213 346 2499 417 βασίλισσα
2548 345 2830 401 ἀκούσασα
2871 345 3045 400 ταῦτα
3095 346 3246 418 ’παρὰ
3289 347 3564 415 Ἰωάννου,

308 438 566 507 peratrix,
608 436 774 508 jussit
819 434 1082 492 Joannem
1126 436 1247 503 ει]ἰοί
1289 450 1352 489 ex
1402 436 1527 488 aula
1577 435 1744 503 regia.
1777 435 1880 500 Qui

305 544 582 598 egressus,
623 528 768 582 venit
802 528 853 581 in
893 527 1204 583 ecclesiam.
1247 525 1388 580 Dixit
1432 535 1613 580 autem
1647 525 1883 580 Joannes

309 619 551 689 Eutycho
589 634 602 670 :
641 616 873 685 Quando
906 617 1115 672 venerit
1150 615 1464 685 imperatrix
1495 616 1549 668 in
1573 616 1880 681 ecclesiam,

307 711 491 781 accipe
517 719 718 774 tecum,
755 710 850 779 qui
878 709 973 763 tibi
1010 709 1266 773 serviant,
1295 716 1349 762 et
1377 717 1456 762 sta
1485 708 1538 763 in
1571 708 1742 775 aditu,
1775 723 1884 777 quo

306 802 445 857 solet
478 800 688 872 ingredi
727 800 782 854 in
809 800 1118 865 ecclesiam,
1145 808 1200 855 et
1227 814 1296 853 ne
1320 799 1470 855 sinas
1501 814 1621 853 eam
1654 798 1882 869 ingredi,

307 892 493 947 dicens
527 911 541 946 :
574 891 814 946 Joannes
857 890 1060 959 jussit,
1107 905 1175 944 ne
1225 889 1587 960 ingredereris
1626 889 1680 942 in
1714 888 1886 943 eccle-

309 984 469 1037 siam.
517 983 608 1039 Sic
649 991 829 1038 autem
883 982 1013 1038 fecit
1043 983 1341 1053 Eutychus.
1372 982 1455 1036 Ab
1494 996 1560 1037 eo
1593 995 1722 1051 ergo
1750 988 1887 1034 tem-

1986 439 2270 492 ἐκέλευσεν
2300 439 2461 492 αὐτὸν
2504 437 2833 510 ἐκϐληθῆναι
2865 438 2971 505 ἔξω
3009 437 3104 491 τοῦ
3149 438 3429 509 βασιλικοῦ
3472 459 3571 497 τα-

1988 529 2185 598 μιείου.
2217 531 2328 582 Καὶ
2368 529 2432 600 δὴ
2478 527 2708 594 ἐξελθὼν
2753 528 3022 600 ἐπορεύθη
3070 531 3128 582 ἐν
3171 532 3237 598 τῇ
3274 531 3567 603 ἐκκλησία.

1986 615 2152 672 Εἶπεν
2181 620 2237 672 δέ
2272 618 2525 689 Ἰωάννης
2549 618 2684 689 πρὸς
2713 618 2969 689 Εὔτυχον·
3009 619 3179 671 Ὅταν
3208 621 3569 691 παραγίνεται

1986 708 2019 777 ή
2053 707 2340 777 βασίλισσα
2376 710 2432 761 ἐν
2455 711 2522 779 τῇ
2546 707 2830 779 ἐκκλησίᾳ,
2857 708 2987 762 λάϐε
3017 711 3152 779 μετὰ
3183 711 3414 764 σεαυτοῦ
3440 714 3570 776 τοὺς

1986 800 2123 871 πρὸς
2153 798 2478 869 ὑπηρεσίαν,
2510 802 2616 852 καὶ
2632 797 2790 867 στῆθι
2833 800 2891 851 ἐν
2919 801 2987 870 τῇ
3018 800 3206 870 εἰσόδῳ
3230 841 3243 863 ,
3272 800 3400 854 ἔνθα
3437 803 3568 856 εἶω-
3627 828 3637 836 ·

1987 888 2076 942 θεν
2113 888 2364 942 είσιέναι’
2399 889 2493 943 καὶ
2532 889 2608 960 μὴ
2633 889 2801 962 ἐάσῃς
2830 888 2997 961 αύττῖν
3038 892 3332 945 εἱσελθεῖψ
3369 893 3567 961 λέγων,

1972 981 2067 1033 ηὸτι
2095 979 2351 1050 Ἰωάννης
2389 980 2688 1051 ἐπέτρεψεν
2728 979 2822 1034 τοῦ
2861 981 2934 1052 μὴ
2968 982 3230 1035 εἰσελθεῖν
3260 984 3318 1035 ἐν
3361 986 3428 1054 τῇ
3476 986 3567 1037 ἐκ-

310 1089 444 1142 pore
472 1074 696 1128 incitata
734 1083 819 1129 est
864 1073 1179 1142 imperatris
1219 1075 1479 1151 adversus
1501 1071 1790 1135 Joannem,
1827 1079 1885 1125 ut

1993 1071 2202 1141 κλησία.
2231 1071 2520 1141 Ἐποίησεν
2558 1070 2615 1123 δέ
2644 1070 2817 1135 οὓτως
2857 1071 3113 1142 Εὔτυχος.
3146 1073 3280 1126 Ἀπὸ
3319 1074 3441 1128 τότε
3471 1071 3569 1128 οὖν

307 1180 434 1239 eum
466 1166 703 1221 mitteret
730 1167 784 1220 in
814 1166 1091 1221 exsilium.

379 1343 540 1398 LXII.
574 1344 709 1399 Cum
763 1353 945 1399 autem
987 1344 1290 1399 audivisset
1333 1342 1704 1412 Theophilus,
1751 1342 1888 1396 velle

312 1439 717 1507 impcratricem.
760 1438 975 1493 mittere
1020 1436 1285 1490 Joannem
1326 1436 1385 1489 in
1432 1436 1724 1499 exsilium,
1783 1435 1891 1489 hoc

311 1531 426 1600 ipse
455 1545 675 1600 quoque
702 1530 1009 1584 mirandum
1046 1529 1098 1583 in
1138 1528 1357 1582 modum
1393 1535 1478 1582 est
1521 1527 1885 1581 machinatus.

312 1621 541 1691 Scripsit
587 1621 751 1692 igitur
804 1620 1140 1690 Theophilus
1188 1621 1254 1673 ad
1314 1617 1682 1687 Epiphanium
1736 1618 1888 1672 ﬁctas

1984 1162 2212 1233 ἐκινήθη
2258 1164 2291 1233 ή
2344 1161 2633 1233 βασίλισσα
2681 1161 2823 1216 κατὰ
2863 1163 3111 1217 Ἰωάννου
3173 1164 3265 1217 τοῦ
3325 1163 3566 1233 ἐξορίσαι

1980 1250 2171 1305 αὐτόν.

2054 1342 2177 1397 EB’.
2214 1341 2483 1404 Ἀκούσας
2519 1341 2575 1396 δὲ
2608 1342 2863 1411 Θεόφιλος
2905 1344 2989 1395 ὅτι
3035 1345 3068 1415 ἡ
3114 1343 3403 1414 βασίλισσα
3439 1344 3569 1416 βού-

1987 1432 2137 1485 λεται
2167 1430 2406 1504 ἐξορίσαι
2437 1432 2529 1485 τὸν
2557 1433 2830 1503 Ἰωάννην,
2858 1432 3134 1505 περισσῶς
3168 1434 3570 1499 κατεσκεύαζεν

1989 1524 2083 1576 καὶ
2110 1523 2290 1586 αὐτός.
2324 1523 2602 1594 Ἔγραψεν
2626 1520 2717 1578 οὖν
2739 1523 2994 1594 Θεόφιλος
3016 1526 3318 1597 Ἐπιφανίῳ
3344 1528 3571 1579 πλεῖστα

1990 1610 2292 1681 γράμματα
2320 1612 2458 1665 κατὰ
2490 1612 2758 1677 Ἰωάννου,
2802 1614 2875 1676 ὡς
2908 1614 2991 1666 ὅτι
3032 1613 3283 1684 Ἰωάννης
3326 1616 3393 1668 τὰ
3421 1615 3567 1686 Ὠρι-

309 1712 520 1766 litteras
562 1712 824 1766 adversus
866 1709 1165 1774 Joannem,
1206 1709 1351 1778 quod
1410 1709 1608 1764 sentiat
1648 1707 1886 1762 Joannes

1993 1680 2179 1771 γένους
2210 1705 2415 1773 φρονεῖ..
2441 1703 2552 1755 Καὶ
2584 1703 2806 1774 ἐκινήθη
2842 1707 2874 1774 ἡ
2899 1703 3183 1773 βασίλισσα
3209 1680 3301 1757 τοῦ
3329 1680 3569 1776 ἐξορίσαι

306 1802 532 1865 eadem,
582 1816 704 1870 qua:
746 1800 1026 1870 Origenes.
1078 1798 1221 1854 Mota
1268 1799 1429 1875 igitur
1459 1810 1543 1854 est
1574 1800 1886 1870 imperatrix

310 1892 378 1948 ad
428 1906 553 1947 eum
604 1891 927 1946 mittendum
978 1893 1033 1945 in
1082 1891 1333 1946 exsilium
1382 1908 1395 1945 :
1446 1891 1889 1961 Epiphaniusque

312 1983 422 2037 cito
453 1983 681 2037 credidit
720 1980 1040 2052 Theophila.
1093 1979 1380 2037 Nesciebat
1431 1981 1573 2036 enim
1607 1980 1889 2050 TheOphi-

314 2077 422 2129 lum
455 2088 576 2129 esse
616 2072 815 2127 Joanni
868 2072 1174 2127 inimicum.
1204 2072 1416 2129 Accidit
1444 2088 1609 2139 vero,
1656 2083 1715 2128 ut
1761 2073 1885 2144 Epi.

314 2167 545 2235 phanius
576 2165 736 2219 vellet
772 2166 933 2237 etiam
966 2179 1063 2233 pro
1088 2178 1147 2219 re
1178 2164 1283 2219 alia
1318 2164 1572 2235 navigare
1597 2165 1667 2221 ad
1697 2166 1884 2220 urbem

310 2257 536 2328 regiam.
575 2255 711 2311 Cum
742 2268 923 2311 autem
954 2256 1022 2310 de
1065 2253 1273 2312 Joanne
1300 2257 1598 2312 audivisset
1630 2272 1662 2312 a
1708 2255 1887 2314 Theo-

310 2351 479 2419 philo,
526 2349 695 2404 multo
742 2349 914 2421 magis
956 2348 1165 2403 studuit
1195 2364 1260 2406 eo
1292 2349 1481 2405 venire
1503 2391 1518 2416 ,
1564 2348 1656 2404 sed
1693 2364 1800 2403 non
1831 2359 1890 2403 ut

307 2442 503 2495 Joanni
552 2439 917 2495 malefaceret.
965 2439 1050 2494 Me
1098 2441 1263 2509 igitur
1290 2441 1498 2509 accepit
1528 2449 1583 2494 et
1623 2440 1809 2505 Isaac,
1835 2448 1889 2492 et

314 2530 688 2600 navigavimus
715 2529 1264 2598 ConstantinopMim.
1301 2529 1473 2585 Porro
1507 2543 1631 2583 cum
1665 2542 1766 2585 nos
1797 2544 1888 2584 vc-

239 2682 243 2687 _
316 2623 588 2677 nissemns
620 2622 675 2675 in
708 2621 1008 2684 civitatem,
1046 2629 1162 2675 erat
1200 2621 1268 2676 de
1296 2621 1513 2677 Joanne
1539 2636 1734 2692 magna
1764 2636 1887 2691 per-

314 2714 588 2776 turbatio,
631 2713 889 2783 quoniam
945 2714 1174 2767 multum
1223 2714 1513 2768 amabatnr
1561 2729 1592 2769 τι
1654 2714 1885 2770 civibus.

314 2806 481 2861 E-rant
509 2814 690 2860 autem
724 2804 970 2874 quaedam
1006 2806 1334 2859 monasteria
1359 2815 1411 2860 et
1434 2805 1713 2876 martyria,
1742 2821 1884 2876 quae,

310 2899 439 2969 quia
492 2898 783 2968 capiebant
825 2912 1072 2952 annonas
1118 2897 1187 2952 ab
1223 2897 1586 2967 imperatrice,
1620 2897 1885 2954 Joannem

1991 1793 2184 1847 αύτόνο
2214 1796 2241 1847 ὁ
2264 1790 2356 1846 οὖν
2385 1794 2700 1862 Ἐπιφάνιος
2727 1795 2862 1865 πρὸς
2893 1796 3018 1861 τὸξὺ
3047 1795 3269 1866 ἐπείσθη
3300 1795 3566 1867 Θεοφίλῳ.

1992 1885 2107 1938 υύκ
2136 1885 2250 1956 ᾔδει
2277 1885 2334 1937 δὲ
2376 1886 2458 1939 ὅτι
2486 1884 2806 1955 ἀπεχθιάζει
2835 1885 3090 1954 Θεόφιλος
3121 1886 3255 1957 πρὸς
3289 1887 3562 1957 Ἰωάννην.

1991 1979 2195 2049 Συνέϐη
2236 1978 2293 2030 δὲ
2334 1978 2403 2031 δι’
2432 1979 2726 2045 ἀναγκαῖον
2770 1979 3001 2048 πρᾶγμα
3043 1978 3358 2046 Ἐπιφάνιον
3394 1975 3568 2029 θέλειν

1989 2068 2250 2122 ἀποπλεῖν
2296 2070 2388 2122 ἐπὶ
2438 2068 2536 2139 τὴν
2580 2067 2847 2138 βασιλίδα.
2882 2068 3147 2132 Ἀκούσας
3187 2069 3244 2122 δέ
3279 2069 3374 2121 καὶ
3415 2067 3571 2139 παρὰ

1990 2159 2250 2228 Θεοφίλου
2290 2159 2515 2213 τοιαῦτα
2561 2159 2688 2229 περὶ
2714 2159 2959 2212 Ἰωάννου
2990 2158 3255 2212 ἔσπευσεν
3287 2159 3449 2211 πλέον
3471 2157 3565 2211 τοῦ

1986 2251 2265 2305 ἀνελθεῖν·
2313 2251 2412 2322 οὑχ
2459 2251 2545 2304 ἵνα
2591 2250 2841 2321 Ἰωάννην
2888 2242 3260 2319 κακοποιῆσει,
3311 2246 3430 2302 ἀλλ’
3480 2247 3569 2300 ἵνα.

1988 2344 2137 2415 αύτῷ
2168 2343 2445 2414 βοηθήσει.
2481 2341 2674 2394 Λαϐὼν
2703 2337 2795 2394 οὖν
2823 2340 2922 2411 ἐμὲ
2960 2341 3051 2392 καὶ
3082 2339 3268 2393 Ἰσαὰκ
3293 2337 3571 2392 ἀπεπλεύ-

1992 2443 2162 2498 σαμεν
2208 2430 2266 2479 ἐν
2301 2426 2708 2481 Κωνσταντίνου
2753 2427 2927 2480 πόλει.
2977 2428 3086 2480 Καὶ
3122 2426 3185 2497 δὴ
3221 2426 3573 2480 εἰσελθόντων

1990 2520 2146 2591 ἡμῶν
2180 2522 2237 2574 ἐν
2262 2522 2328 2591 τῇ
2362 2520 2534 2585 πόλει,
2567 2516 2633 2591 ἦν
2681 2521 2942 2590 σύγχυσις
2987 2519 3195 2591 μεγάλη
3228 2519 3353 2588 περὶ
3384 2520 3574 2573 Ἰωάνε-

1988 2626 2102 2675 vso,
2133 2610 2266 2664 διότι
2296 2610 2431 2664 πολὺ
2457 2612 2710 2681 ἠγαπᾶτο
2752 2611 3007 2681 Ἰωάννης
3045 2610 3149 2663 ὑπὸ
3173 2608 3278 2664 τῶν
3309 2607 3567 2662 πολιτῶν.

1985 2698 2167 2755 Ἶίσαν
2194 2701 2251 2756 δέ
2281 2720 2401 2756 τινα
2432 2703 2770 2774 μοναστῆρια
2795 2702 2890 2756 καὶ
2925 2701 3196 2773 μαρτύρια
3225 2700 3571 2770 λαμϐάνοντα

1986 2793 2229 2859 ἀννὼνας
2291 2794 2443 2866 παρὰ
2498 2794 2598 2866 τῆς
2650 2794 2989 2865 βασιλίσσης,
3029 2793 3104 2864 μὴ
3160 2793 3423 2863 δεχόμενα
3476 2784 3577 2846 τὸν

1988 2883 2261 2951 Ἰωάννην.
2296 2883 2661 2936 Εἱσελθόντων
2702 2878 2795 2936 οὖν
2841 2882 2997 2953 ἡμῶν
3034 2884 3091 2935 ἐν
3135 2882 3215 2935 ἐνὶ
3260 2881 3371 2934 τῶν
3405 2891 3573 2951 μοναο

314 2990 537 3044 minime
562 2989 914 3058 recipiebant.
944 2986 1116 3042 Nobis
1144 2997 1323 3042 autem
1353 2987 1611 3057 ingressis
1635 2989 1688 3043 in
1717 3006 1883 3044 unum

1993 2974 2226 3044 στηρίων
2260 2974 2575 3043 ἠνάγκασαν
2603 2972 2920 3041 Ἐπιφάνιον
2940 3014 2954 3039 ,
2981 2974 3128 3036 ὅπως
3175 2973 3569 3043 χειροτονήσει,

312 3096 378 3133 ex
406 3079 512 3133 illis
551 3076 920 3144 monasteriis,
951 3084 1247 3146 coegerunt
1284 3075 1667 3146 Epiphaninm,
1694 3086 1755 3133 ut
1788 3093 1881 3132 or-

312 3167 527 3220 dinaret
551 3165 833 3235 (quoniam
867 3165 939 3219 ita
985 3179 1122 3233 opus
1155 3164 1292 3236 erat)
1327 3181 1472 3230 eum,
1504 3167 1595 3236 qui
1627 3177 1885 3236 praeesset

318 3255 596 3325 responsis
641 3253 899 3310 Ecclesiae
927 3271 940 3308 :
977 3256 1122 3323 quod
1157 3258 1319 3309 etiam
1368 3255 1513 3310 fecit.
1544 3258 1764 3312 Audivit
1791 3272 1886 3313 au-

317 3356 423 3399 tem
470 3343 729 3408 Joannes,
780 3353 834 3399 et
883 3346 1037 3399 valde
1088 3346 1397 3400 snccewsnit
1446 3346 1783 3416 Epiphanio,
1831 3358 1887 3404 et

317 3435 537 3504 scripsit
568 3435 851 3505 epistolam
903 3436 971 3490 ad
1020 3436 1413 3506 Epiphaniam,
1457 3454 1578 3507 quae
1609 3440 1659 3494 ei
1707 3441 1886 3495 attulit

318 3526 643 3580 molestiam.
689 3526 952 3581 Similiter
1000 3526 1334 3597 Epiphanius
1366 3544 1583 3598 quoque
1610 3532 1886 3600 respondit

318 3614 385 3668 ad
414 3629 476 3668 ea
511 3628 631 3682 quae
676 3615 876 3684 scripta
908 3614 1143 3671 fuerant.
1178 3617 1399 3672 Audivit
1439 3628 1622 3674 autem
1655 3623 1887 3690 impera-

320 3704 423 3757 trix
461 3702 726 3759 Joannem
776 3706 940 3760 irasci
972 3706 1294 3776 Epiphanio.
1326 3707 1457 3773 Quae
1495 3724 1618 3763 cum
1656 3711 1889 3765 accersi—

319 3795 486 3848 visset
521 3793 903 3864 Epiphanium,
941 3796 1080 3850 dixit
1119 3797 1167 3852 ei
1217 3816 1230 3851 :
1272 3797 1433 3852 Pater
1478 3797 1769 3869 Epiphani,
1802 3809 1884 3856 to-

321 3892 435 3937 tum
484 3892 564 3938 est
612 3899 790 3938 meum
837 3883 1206 3940 Romanorum
1265 3887 1573 3956 imperium,
1617 3895 1669 3942 et
1713 3899 1885 3943 totum

318 3970 683 4028 sacerdotium
718 3975 1106 4044 Ecclesiarum,
1151 3993 1273 4046 qua:
1316 3986 1445 4033 sunt
1491 3979 1592 4034 sub
1630 3994 1752 4033 meo
1787 3981 1889 4033 im-

320 4065 490 4134 perio,
520 4074 604 4118 est
639 4075 811 4118 tuum.
846 4064 1112 4131 Quoniam
1142 4066 1412 4136 Joannes,
1441 4070 1534 4138 qni
1566 4079 1650 4123 est
1681 4070 1890 4124 alienus

319 4165 347 4202 a
379 4148 641 4217 dignitate
690 4153 999 4215 sacerdotii,
1033 4154 1327 4208 insolenter
1373 4171 1431 4210 se
1461 4158 1599 4225 gerit
1631 4157 1889 4212 adversus

321 4241 697 4309 imperatores,
729 4250 783 4294 et
827 4240 1015 4295 dicunt
1043 4257 1167 4296 eum
1203 4243 1403 4298 habere
1452 4246 1688 4314 aliquant
1728 4247 1887 4301 aliam

321 4331 571 4386 haeresim
598 4330 814 4400 (praeter
840 4334 1136 4400 nostram);
1171 4349 1233 4388 ea
1264 4335 1333 4389 de
1365 4350 1529 4390 causa
1576 4337 1759 4389 multis
1792 4339 1887 4392 ah-
1927 4357 1966 4410 ι)

321 4423 448 4477 hinc
472 4421 666 4476 diebus
698 4421 750 4473 in
782 4421 966 4474 animo
999 4439 1174 4489 verso,
1205 4422 1383 4478 facere
1405 4425 1472 4477 de
1499 4439 1566 4477 eo
1598 4425 1885 4494 synodum,

316 4524 372 4570 ct
403 4528 526 4569 eum
576 4522 834 4581 suntquam
884 4513 1161 4582 indignum
1201 4515 1454 4569 abdicare
1493 4531 1523 4569 a
1554 4516 1887 4582 sacerdotio;

320 4607 376 4660 in'
408 4605 538 4661 sede
567 4614 747 4659 autem
795 4603 1065 4658 collocare
1091 4604 1324 4673 aliquem
1371 4605 1568 4670 alium,
1596 4606 1688 4675 qui
1723 4608 1893 4674 possit

318 4699 565 4755 obtinere
598 4694 983 4759 sacerdotium,
1015 4705 1075 4750 ut
1101 4712 1284 4750 meum
1320 4698 1603 4765 imperium
1636 4697 1707 4752 sit
1739 4699 1892 4767 quie-

322 4804 434 4845 tum
469 4789 521 4844 in
565 4786 841 4843 omnibus.
872 4785 1010 4839 Cum
1043 4786 1356 4853 imperatrix
1392 4785 1505 4839 haec
1539 4787 1739 4842 diceret
1769 4786 1891 4857 Epi-

320 4881 558 4952 phanio,
610 4879 690 4933 ira
738 4885 847 4931 tota
868 4916 883 4940 ,
917 4885 1121 4944 quanta
1165 4884 1305 4939 erat,
1335 4876 1795 4931 commovebatur.
1828 4877 1889 4932 Ei

319 4986 449 5040 ergo
477 4984 671 5025 rursus
696 4968 833 5022 dixit
865 4986 876 5021 :
906 4965 1042 5021 Cum
1079 4974 1171 5019 tua
1201 4965 1291 5018 hic
1319 4964 1390 5017 sit
1418 4979 1540 5017 cum
1571 4964 1677 5019 Deo
1710 4977 1887 5034 pater-

323 5061 487 5122 nitas,
536 5074 641 5113 non
688 5073 827 5127 Opas
870 5068 986 5121 est,
1035 5064 1093 5109 ut
1135 5054 1259 5107 aliis
1294 5051 1543 5106 Patribus
1587 5055 1889 5108 molestiam

320 5148 695 5203 exhibeamus.
731 5147 834 5201 Sed
880 5161 1042 5216 quem
1092 5145 1187 5198 tibi
1224 5144 1365 5198 Deus
1398 5144 1733 5204 revelaverit,
1766 5159 1888 5197 eum

323 5240 410 5292 l‘ac
463 5238 806 5306 episcopum;
847 5236 993 5292 hunc
1046 5246 1227 5290 autem
1276 5233 1481 5303 expelle
1514 5233 1583 5286 ab
1631 5233 1887 5288 Ecrlcsia.

324 5328 653 5398 lmperatrici
694 5336 874 5381 autem
908 5328 1046 5382 dixit
1087 5325 1421 5396 Epiphanius
1454 5341 1467 5377 :
1499 5324 1659 5389 Audi,
1696 5340 1728 5377 o
1760 5326 1889 5392 tilia,

395 5487 440 5519 ¹⁶
475 5485 539 5539 lll
574 5485 702 5557 Reg.
740 5502 852 5550 XXI,
888 5484 906 5536 ί
952 5500 1071 5553 sqq.

394 5624 470 5692 (α)
501 5619 660 5675 Forte
698 5620 808 5702 leg:
839 5618 976 5689 μετᾶ
1007 5615 1173 5686 Θεοῦ..
1203 5614 1354 5668 Enn.
1389 5614 1533 5668 l‘nn
1576 5628 1625 5664 ι..
1682 5628 1698 5639 ⁸

1992 3066 2074 3118 δτι
2117 3064 2274 3135 χρεία
2313 3062 2402 3135 ἦν,
2452 3065 2545 3118 ἐπὶ
2574 3064 2674 3135 τὴν
2713 3063 3170 3134 ἐκκλησιαστικὴν
3207 3063 3419 3133 χρείαν.
3461 3052 3568 3114 Καὶ

1990 3155 2147 3208 τοῦτο
2177 3160 2428 3226 ποιήσας,
2457 3157 2552 3209 καὶ
2585 3155 2822 3221 ἀκούσας
2848 3153 3103 3224 Ἰωάννης
3144 3154 3391 3225 ἐλυπήθη
3437 3154 3571 3222 6:96-

1990 3244 2092 3316 δρα
2139 3244 2275 3314 πρὸς
2311 3245 2645 3313 Ἐπιφάνιον’
2682 3245 2776 3298 καὶ
2817 3245 3106 3315 ἐπιστολὴν
3157 3243 3393 3315 ἔγραψεν
3421 3243 3575 3297 Ἐπι-

1992 3335 2168 3405 φανίῳ
2204 3334 2380 3404 λύπην
2418 3334 2712 3404 γεννῶσαν.
2757 3335 2990 3407 Ὁμοίως
3030 3335 3122 3388 καὶ
3151 3334 3466 3403 Ἐπιφάνιος
3496 3334 3574 3407 τῷ

1992 3426 2215 3497 Ἰωάννῃ
2238 3426 2373 3497 πρὸς
2407 3427 2474 3480 τά
2494 3426 2793 3499 γραφέντα.
2826 3428 3094 3480 Ἤκουσεν
3123 3426 3178 3479 δὲ
3214 3427 3246 3495 ἡ
3279 3425 3578 3496 βασίλισσα

1988 3515 2075 3568 ὅτι
2108 3515 2345 3587 ἐλυπήθη
2373 3516 2626 3589 Ἰωάννης
2650 3517 2786 3589 πρὸς
2810 3516 3147 3586 Ἐπιφάνιον·
3181 3515 3276 3569 καὶ
3309 3516 3374 3586 δὴ
3411 3532 3577 3586 προσ-

1995 3605 2333 3677 καλεσαμένη
2357 3608 2448 3663 τὸν
2469 3608 2784 3676 Ἐπιφάνιον
2818 3605 2970 3664 εἷπεν
3009 3607 3175 3679 αὐτῷ’
3208 3608 3392 3679 Πάτερ
3420 3609 3577 3660 Ἐπι-

1994 3698 2171 3767 φάνιε,
2199 3700 2347 3751 πᾶσα
2376 3701 2409 3769 ἡ
2441 3699 2686 3769 βασιλεία
2714 3700 2821 3754 τῶν
2859 3699 3142 3771 Ῥωμαίων
3173 3700 3279 3770 ἐμή
3304 3700 3443 3751 ἐστι’
3479 3698 3578 3752 καὶ

1995 3791 2145 3842 πᾶσα
2170 3790 2203 3860 ἠ
2235 3789 2500 3860 ἱερωσύνη
2530 3790 2637 3843 τῶν
2663 3791 3001 3863 Ἑκκλησιῶν
3032 3791 3140 3844 τῶν
3171 3792 3276 3844 ὑπὸ
3300 3790 3399 3862 τὴν
3434 3792 3578 3862 ἐμὴν

1997 3876 2271 3947 βασιλείαν
2310 3881 2374 3951 σή
2405 3880 2572 3934 ἐστιν.
2617 3882 2832 3953 Ἐπειδὴ
2868 3882 2925 3935 δὲ
2963 3882 3217 3953 Ἰωάννης
3244 3922 3258 3948 ,
3292 3879 3577 3951 ἀλλότριος

1995 3969 2093 4040 τῆς
2127 3969 2376 4036 εὐταξίας
2420 3972 2519 4042 τῆς
2564 3973 2864 4044 ἱερωσύνης
2900 3973 2975 4027 ὢν
2998 4013 3011 4038 ,
3058 3973 3307 4034 ἀτάκτως
3344 3972 3577 4042 φέρεται

1996 4061 2137 4115 κατὰ
2192 4061 2484 4131 βασιλέων,
2538 4065 2630 4115 καὶ
2676 4065 2883 4135 αἵρεσίν
2940 4081 3062 4118 τινα
3115 4063 3367 4131 λέγουσιν
3411 4064 3579 4116 αὐτὸν

1996 4148 2173 4220 ἔχειν,
2216 4152 2404 4206 τούτου
2455 4154 2612 4224 χάριν
2656 4155 2764 4207 ἀπὸ
2811 4156 3031 4226 ἡμερῶν
3078 4155 3288 4209 πολλῶν
3335 4156 3579 4209 κατακόο

1997 4242 2188 4294 πτεταί
2221 4260 2320 4311 μου
2345 4244 2373 4295 ό
2405 4243 2659 4314 λογισμὸς
2686 4248 2814 4318 περὶ
2838 4246 2932 4299 τοῦ
2960 4248 3183 4317 ποιῆσαι
3209 4246 3449 4307 σύνοδον,
3478 4247 3580 4299 καὶ

1997 4327 2183 4382 τοῦτον
2219 4332 2554 4402 ἐκκήρυκτον
2606 4334 2828 4405 ποιῆσαι
2872 4336 2970 4405 τῆς
3020 4335 3319 4408 ἱερωσύνης
3358 4336 3436 4399 ὡς
3475 4336 3579 4391 ἀν-

1998 4420 2164 4485 άξιον,
2198 4421 2380 4492 ἕτερον
2410 4423 2462 4477 δὲ
2490 4424 2580 4477 τὸν
2613 4424 2904 4495 δυνάμενον
2930 4427 3249 4496 ἀντέχεσθαι
3278 4428 3376 4497 τῆς
3416 4428 3581 4499 ἱερω-

1998 4509 2160 4577 σύνης
2194 4512 2285 4565 ἐπὶ
2308 4513 2399 4566 τοῦ
2431 4513 2619 4584 θρόνου
2649 4514 3001 4585 καθεσθῆναι,
3032 4516 3181 4579 ὅπως
3209 4517 3243 4586 ἡ
3271 4516 3382 4586 ἐμὴ
3415 4516 3577 4585 βασι-

1996 4599 2113 4652 λεία
2150 4604 2207 4654 ὲν
2240 4607 2403 4658 πᾶσιν
2444 4605 2733 4676 εἱρηνεύει.
2772 4607 2861 4669 Ὠς
2900 4606 2958 4660 δὲ
3000 4606 3172 4660 ταῦτα
3198 4607 3376 4661 ἐλάλει
3408 4611 3442 4678 ἠ
3479 4608 3581 4677 βα-

1998 4690 2210 4744 σίλισσα
2238 4695 2374 4764 πρὸς
2402 4696 2741 4765 Ἐπιφάνιον,
2769 4696 2877 4750 ἀπὸ
2905 4696 2997 4750 τοῦ
3029 4698 3224 4752 πολλοῦ
3259 4697 3434 4769 θυμοῦ
3477 4698 3576 4769 όλη

1998 4789 2362 4853 παρεκινεῖτο.
2411 4788 2578 4844 Πάλιν
2608 4784 2699 4842 οὖν
2746 4784 2897 4842 εἶπεν
2931 4789 3068 4861 πρὸς
3104 4790 3290 4843 αὐτόν·
3325 4789 3439 4859 Τῆς
3476 4789 3581 4858 σῆς

1998 4876 2352 4948 πατρωσύνης
2381 4879 2547 4950 οὔσης
2594 4880 2731 4951 μετὰ
2758 4879 2888 4933 Θεὸν
2917 4880 2990 4951 (α)
3023 4879 3278 4944 ἐνταῦθα,
3308 4881 3369 4932 ού
3414 4879 3583 4950 χρεία

1998 4962 2112 5015 ἐστὶ
2138 4964 2230 5016 καὶ
2272 4968 2395 5030 τοὺς
2427 4967 2648 5031 λοιποὺς
2676 4968 2923 5039 Πατέρας
2963 4971 3041 5032 είς
3083 4970 3251 5022 κόπον
3290 4969 3579 5039 ἐμϐαλεῖν.

2000 5052 2138 5105 Ἀλλ’
2172 5054 2229 5106 ὃν
2255 5072 2335 5109 σοι
2363 5056 2391 5108 ό
2420 5056 2552 5119 Θεὸς
2576 5057 2970 5123 ἀποκαλύπτει,
2998 5060 3224 5129 ποίησον
3254 5061 3581 5126 ἐπίσκοπον,

1998 5141 2089 5192 καὶ
2131 5141 2316 5196 τοῦτον
2364 5144 2559 5198 ἔκϐαλε
2604 5146 2702 5216 τῆς
2729 5146 3075 5218 Ἐκκλησίας.
3124 5144 3292 5200 Εἶπεν
3334 5147 3392 5200 δὲ
3430 5149 3586 5202 Ἐπι·

1998 5230 2183 5295 φάνιος
2213 5234 2346 5304 πρὸς
2387 5234 2483 5305 τὴν
2532 5234 2882 5315 βασίλισσαν·
2931 5238 3318 5302 Ἀνεξικάκως,
3352 5240 3579 5306 τέκνον,

1997 5320 2222 5377 ἄκουσον
2248 5326 2340 5378 τοῦ
2374 5327 2467 5381 σοῦ
2499 5328 2731 5397 Πατρός.
2767 5324 2931 5382 Εἶπεν
2963 5328 3019 5383 δέ
3051 5330 3085 5400 ἡ
3116 5328 3406 5399 βασίλισσα
3440 5332 3583 5404 πρὸς
