3808 6166
1672 64 1895 75 ,_.—.—-I—-
1960 60 1991 69 """

199 308 304 378 403';

1504 310 1561 364 S.
1602 307 1940 363 EPIPIIANII
1982 307 2179 363 VITA.‘

3356 306 3459 361 106

188 425 524 497 Ἐπιῳάνιον·
557 425 627 480 Ei'
653 442 705 479 τι
738 423 948 479 κελεύει
978 426 1011 497 ἡ
1043 425 1109 496 σὴ
1146 427 1487 498 πατροσὺνη,
1520 427 1771 497 εὑάγγει-

1899 426 2165 480 tatienter
2198 434 2351 480 tuttm
2410 422 2647 478 Patrem.
2698 422 2844 478 Dixit
2907 432 3088 478 autem
3144 421 3457 490 impetatrix

202 519 290 573 λόν
325 535 436 590 μοι,
472 516 630 586 κάγὼ
672 516 997 589 θεραπεύσω
1035 517 1128 571 τὸν
1161 518 1292 590 ἐμὸν
1338 520 1576 590 Πατέρα.
1611 517 1781 574 Εἶπεν

200 612 257 666 δὲ
288 610 607 679 Ἐπιφάνιος
636 611 772 682 πρὸς
798 610 897 681 τὴν
929 610 1268 680 βασίλισσαν·
1294 611 1357 665 Ei
1395 613 1493 681 μὲν
1525 614 1656 683 περὶ
1682 612 1783 681 τῆς

202 702 465 773 αίρέσεως
512 697 581 774 ἧς
621 700 805 771 λέγεις
845 701 1314 771 καταγινώσκεται
1362 704 1639 774 Ἰωάννης,
1690 705 1784 757 καὶ

202 793 511 862 ἐλέγχεται,
553 794 648 846 καὶ
691 793 790 863 οὑχ
831 791 1084 862 ὁμολογεῖ
1124 795 1207 846 ὅτι
1259 794 1534 863 ἥμαρτεν,
1568 792 1784 857 ἀνάξιός

204 884 319 937 ἐστι
345 883 444 953 τῆς
472 883 791 954 ἱερωσύνης·
829 884 924 936 καὶ
965 885 1097 937 εἴτι
1135 883 1406 955 κελεύειὴ
1446 884 1597 955 ὑμῶν
1633 884 1784 951 ἐξου-

205 975 314 1038 σία,
341 975 571 1045 ποιήσω.
597 975 663 1028 Εί
689 974 747 1027 δὲ
776 976 908 1046 περὶ
931 975 1031 1044 τῆς
1061 975 1333 1046 ὑμετέρας
1360 974 1570 1048 ὕϐρεως
1601 976 1784 1046 ζητεῖς

202 1067 291 1121 τὸν
318 1066 574 1138 Ἰωάννην
601 1066 936 1134 ὲξεώσασθαι
969 1067 1076 1121 ἀπὸ
1113 1069 1211 1138 τῆς
1253 1068 1601 1139 Ἐκκλησίας,
1629 1071 1657 1121 ὁ
1694 1070 1785 1132 σὸς

204 1158 522 1227 Ἐπιφάνιος
567 1160 647 1221 εὶς
691 1157 849 1211 τοῦτο
896 1160 955 1211 οὑ
1006 1158 1342 1211 συναινέσειο
1391 1159 1484 1211 καὶ
1528 1157 1781 1229 μάλιστα,

202 1249 421 1310 τέκνον,
449 1248 558 1301 τῶν
588 1247 855 1319 βασ...έων
887 1247 1033 1300 ἐστιν
1076 1247 1394 1318 ὑϐρίζεσθαι
1434 1252 1526 1303 καὶ
1568 1267 1783 1321 συγχω-

206 1344 318 1414 ρεῖν
344 1359 359 1373 ·
405 1340 594 1410 ἐπειδὴ
632 1339 726 1391 καὶ
771 1340 930 1408 ὑμεῖς
976 1338 1130 1408 ἔχετε
1172 1338 1398 1408 βασιλέα
1435 1343 1492 1393 ὲν
1535 1342 1785 1411 οὐρανοῖς

202 1424 247 1498 ᾧ
274 1428 521 1501 συνήθως
549 1428 915 1500 ἁμαρτάνετε,
945 1430 1039 1482 καὶ
1085 1429 1309 1501 ἀφίησιν
1350 1433 1479 1502 ὑμῖν
1500 1473 1513 1495 ,
1556 1433 1650 1487 ἐὰν
1692 1435 1786 1488 καὶ

205 1523 362 1594 ὑμεῖς
406 1522 595 1591 ἀφίετε
619 1524 732 1585 τοῖς
767 1521 1076 1593 ὑϐρίζουσιν
1125 1523 1303 1593 ὑμᾶς’
1334 1525 1514 1589 καθὼς
1549 1525 1695 1595 λέγει
1727 1529 1784 1579 ἐν

203 1616 317 1678 τοῖς
342 1612 698 1682 Εὑαγγελίοις
720 1631 733 1644 ·
777 1615 1034 1667 Γίνεσθε
1064 1615 1464 1684 οἰκτίρμονες,
1495 1617 1576 1682 ὡς
1600 1620 1633 1671 ὁ
1662 1621 1782 1671 Πα-

208 1705 317 1775 τὴρ
337 1705 508 1774 ὑμῶν
536 1709 569 1759 o'
594 1705 664 1758 ἐν
691 1704 815 1769 τοῖς
842 1704 1140 1772 οὐρανοῖς,
1164 1701 1332 1759 Εἶπεν
1352 1705 1409 1758 δὲ
1434 1709 1467 1776 ἡ
1499 1705 1786 1776 βασίλισσα

203 1798 341 1869 πρὸς
393 1797 745 1865 Ἐπιφάνιον·
789 1796 919 1850 Ἐὰν
972 1797 1229 1867 ἐμπόδιον
1282 1799 1545 1869 ποιήσῃς,
1600 1799 1783 1870 Πάτερ

201 1890 518 1959 Ἐπιφάνιε,
565 1887 660 1941 τοῦ
712 1888 785 1959 μὴ
829 1886 1178 1958 ἐξορισθῆναι
1228 1888 1321 1942 τὸν
1349 1889 1623 1959 Ἰωάννην,
1659 1889 1783 1952 τοὺς

204 1984 361 2046 ναοὺς
392 1981 502 2034 τῶν
545 1980 779 2034 εἰδώλων
809 1981 1009 2048 άνοίγω
1030 2021 1043 2044 ,
1087 1983 1182 2035 καὶ
1212 1984 1424 2051 ποιήσω
1459 1986 1784 2055 προσκυνεῖν

203 2075 329 2136 τοὺς
358 2072 453 2125 άνθ
465 2072 702 2144 ρώπους·
734 2075 828 2125 καὶ
861 2075 1071 2142 ποιήσω
1098 2074 1168 2127 τά
1197 2074 1400 2144 ἔσχατα
1431 2076 1647 2147 χείρονα
1673 2075 1784 2129 τῶν

204 2163 458 2236 πρώτων.
486 2165 597 2216 Καὶ
624 2163 699 2226 ὡς
720 2163 890 2215 ταῦτα
919 2162 1098 2218 ἐλάλει
1127 2165 1263 2234 μετὰ
1300 2165 1543 2236 πικρίας,
1575 2165 1784 2238 δάκρυα

203 2256 427 2328 ἔρριψεν
460 2255 569 2308 ἀπὸ
601 2254 708 2307 τῶν
736 2254 1028 2324 ὀφθαλμῶν
1054 2256 1243 2326 αὑτῆς.
1275 2253 1443 2311 Εἶπεν
1466 2256 1522 2310 δὲ
1556 2257 1786 2326 Ἐπιφά-

203 2365 342 2413 νιος·
382 2347 549 2416 Ἐγὼ,
577 2348 786 2409 τέκνον,
813 2347 988 2410 ἀθῶός
1030 2349 1145 2416 εἰμι
1172 2349 1269 2419 τῆς
1299 2350 1532 2419 κρίσεως
1557 2349 1782 2420 ταύτης.

272 2440 392 2493 EI".
424 2439 611 2492 Ταῦτα
648 2438 817 2491 εἰπὼν
847 2439 1186 2507 Ἐπιφάνιος,
1220 2440 1528 2511 παρέλαϐέν
1565 2459 1632 2512 με
1651 2482 1664 2505 ,
1694 2444 1787 2495 καὶ

203 2532 501 2604 ἐξήλθομεν
527 2531 621 2585 τοῦ
659 2531 934 2601 βασιλικοῦ
956 2534 1226 2602 ταμιείου.
1257 2530 1364 2586 Ἦν
1389 2533 1446 2587 δὲ
1473 2536 1567 2588 καὶ
1600 2533 1787 2588 Ἰσαὰκ

202 2626 262 2678 ὲν
288 2623 593 2695 ἀρρωστίᾳ,
636 2624 730 2677 καὶ
761 2625 862 2677 οὐκ
894 2624 1142 2696 εἰσῆλθεν
1184 2625 1302 2699 μεθ’
1334 2625 1493 2697 ἡμῶν
1525 2626 1661 2697 πρὸς
1690 2627 1787 2699 τὴν

206 2717 548 2788 βασίλισσαν.
582 2717 693 2770 Καὶ
723 2719 879 2788 φήμη
910 2717 1190 2789 διέδραμεν
1218 2718 1312 2771 ἐπὶ
1346 2720 1524 2772 πᾶσαν
1555 2719 1654 2791 τὴν
1688 2718 1789 2772 πό·-

203 2808 309 2870 λιν,
333 2795 615 2875 ’λέγοντες
659 2809 773 2861 ὅτι·
817 2808 874 2861 '0
933 2808 1104 2878 μέγας
1159 2809 1337 2881 ἱερεὺς
1374 2809 1721 2879 Ἐπιφάνιος,
1760 2814 1790 2865 ὁ

204 2899 506 2961 ἐπίσκοπος
545 2897 646 2967 τῆς
697 2899 994 2970 Κυπρίων,
1027 2898 1278 2970 εἰσῆλθεν
1310 2901 1449 2970 πρὸς
1494 2901 1592 2973 τὴν
1637 2902 1791 2972 βασί-

204 2989 420 3048 λισσαν,
444 2988 541 3041 καὶ
567 2989 821 3059 ἐποίησεν
853 2989 950 3060 τὴν
982 2990 1198 3061 ὲξορίαν
1222 2989 1313 3044 τοῦ
1346 2992 1582 3062 μεγάλου
1609 2993 1792 3046 Ἰωάν-

205 3097 322 3134 νου.
374 3080 561 3134 Ταῦτα
612 3080 669 3133 δὲ
728 3081 969 3146 ἀκούσας
1024 3083 1118 3136 καὶ
1165 3083 1390 3146 Ἰσαὰκ,
1440 3084 1648 3156 ἀπέδρα
1683 3085 1791 3140 ἀπὸ

205 3172 550 3240 Ἐπιφανίου,
580 3171 970 3239 καλκεὶσελθὼν
1001 3175 1058 3226 ὲν
1095 3176 1442 3247 μοναστηρίῳ
1473 3177 1793 3248 κατέμεινεν
1821 3145 1864 3207 C

205 3266 344 3327 iui,
376 3265 535 3336 ἡμῶν
574 3264 649 3335 μὴ
693 3265 931 3321 εἰδότων.
979 3265 1087 3319 Καὶ
1134 3263 1203 3338 ἦν
1233 3267 1551 3337 Ἐπιφάνιος
1585 3271 1796 3323 πενθῶν

206 3361 305 3413 καί
332 3360 465 3430 περὶ
498 3358 685 3423 αὑτοῦ,
720 3360 814 3412 καὶ
849 3358 1102 3429 δεόμενος
1142 3358 1235 3413 τοῦ
1282 3359 1439 3427 Θεοῦ,
1469 3362 1618 3425 ὅπως
1651 3361 1797 3431 αὑτῷ

206 3449 601 3523 γνωρίσειποῦ
646 3450 831 3504 Ἰσαὰκ
874 3450 1190 3520 καταμένει.
1233 3453 1342 3505 Καὶ
1379 3451 1671 3525 ἐγνώρισεν
1698 3455 1796 3506 αὑ-

205 3543 323 3614 τῷ,
375 3546 470 3595 καὶ
520 3542 832 3613 ἀπήλθομεν
885 3541 1019 3612 πρὸς
1074 3543 1258 3595 αὑτὸν.
1310 3544 1419 3597 Καὶ
1467 3544 1794 3615 ἀπεστράφη

206 3635 399 3689 Ἰσαάκ
438 3634 530 3686 τὸν
571 3632 885 3699 Ἐπιφάνιον
907 3674 919 3694 ,
951 3633 1125 3703 λέγων
1160 3634 1272 3687 ὅτι·
1304 3636 1500 3688 υὺκέτι
1537 3635 1795 3707 βούλομαι

210 3727 352 3798 μετὰ
385 3726 480 3778 σοῦ
517 3722 683 3788 εἶναι,
720 3725 805 3779 διὰ
848 3727 946 3796 τὴν
977 3727 1283 3798 ἁμαρτίαν,
1317 3729 1383 3799 ἣν
1426 3729 1688 3799 ἐποίησας
1720 3731 1799 3793 εἰς

207 3819 489 3889 Ἰωάννην.
541 3818 869 3889 Ποιήσαντες
922 3818 979 3871 δὲ
1028 3821 1088 3872 ἐν
1130 3818 1206 3889 τῷ
1256 3822 1604 3893 μοναστηρίῳ
1649 3824 1799 3892 τρεῖς

212 3910 451 3981 ἡμέρας,
483 3908 635 3980 μόλις
673 3909 890 3962 ἔπεισεν
927 3911 1019 3964 τὸν
1052 3911 1268 3965 Ἰσαάκ·
1297 3915 1391 3966 καὶ
1419 3912 1678 3977 λαϐόντες
1702 3900 1799 3967 ab;

206 4003 303 4055 τὸν
333 4001 649 4073 ἐξήλθομεν.
678 4003 936 4074 Ἐπείσθη
964 4003 1020 4056 δὲ
1051 4004 1147 4057 καὶ
1192 4004 1445 4076 Ἰωάννης
1469 4006 1550 4059 ὅτι
1578 4007 1799 4077 συνῄνε-

208 4116 307 4152 σεν
344 4098 439 4151 ἐπὶ
481 4100 548 4169 τῇ
598 4097 762 4151 αὑτοῦ
807 4096 992 4168 ὲξορίᾳ
1036 4100 1065 4150 ὁ
1091 4097 1432 4166 Ἐπιφάνιος.
1470 4098 1579 4152 Καὶ
1619 4098 1800 4152 λαϐὼν

206 4190 475 4258 δίπτυχον
502 4188 740 4260 ἔγραψεν
785 4188 1119 4259 Ἐπιφανίῳ·
1169 4189 1457 4259 Ἐπιφάνιε
1490 4190 1640 4259 σοφὲ,
1677 4207 1802 4245 συν-

206 4281 414 4353 ᾔνεσας
444 4281 537 4333 ἐπὶ
570 4283 634 4350 τῇ
663 4282 767 4351 ἐμῇ
801 4277 1002 4352 ὲξορίᾳ.
1031 4280 1105 4334 Οὑ
1126 4281 1201 4351 μὴ
1231 4280 1560 4352 ἔτικαθίσῃς
1588 4281 1680 4334 ἐπὶ
1707 4279 1800 4334 τοῦ

211 4373 409 4443 θρόνου
442 4388 554 4424 σου.
597 4371 828 4442 Ὁμοίως
876 4369 932 4422 δὲ
972 4371 1067 4423 καὶ
1113 4370 1429 4440 Έπιφάνιος
1480 4371 1803 4443 ἀντιγράφει

1888 514 2191 587 Epiphanio
2224 531 2238 567 :
2264 516 2346 570 An
2375 526 2464 571 tua
2494 515 2796 586 paternitas
2822 515 3024 585 aliquid
3047 515 3256 585 juheat,
3289 530 3461 569 enun-

1890 608 1985 673 tia,
2043 618 2096 663 et
2144 623 2247 679 ego
2302 608 2475 663 colam
2525 617 2578 663 et
2625 608 2928 663 observabo
2982 623 3161 662 meum
3218 606 3460 661 Patrem.

1891 697 2037 753 Dixit
2084 699 2423 769 Epiphanius
2475 699 2807 769 imperatrici
2844 716 2857 750 :
2907 698 2965 752 Si
2997 699 3116 768 ejus
3139 738 3154 763 ,
3186 714 3349 768 quam
3379 698 3454 753 di-

1888 784 1992 848 cis,
2025 785 2247 840 hazresis
2295 801 2422 841 reus
2464 796 2579 851 est,
2610 796 2663 840 et
2696 787 3036 842 convincitur
3073 786 3329 847 Joannes,
3365 803 3461 841 nee

1890 889 1949 929 se
1998 873 2197 930 fatetur
2227 889 2505 944 peccasse,
2538 876 2794 946 indignus
2837 886 2920 934 est
2949 876 3254 931 sacerdotio
3287 893 3301 929 :
3334 886 3386 931 et
3415 877 3461 931 si

1890 966 2019 1035 quid
2042 966 2199 1036 juhet
2223 976 2463 1022 vestrum
2510 968 2820 1038 imperium,
2852 967 3014 1023 faciet
3043 980 3218 1024 vester
3250 986 3462 1024 servus.

1893 1056 1948 1111 Si
1997 1068 2177 1113 autem
2228 1075 2325 1130 pro
2369 1069 2549 1114 vestra
2595 1060 2793 1129 injuria
2826 1060 3026 1130 quaeris
3070 1060 3333 1115 Joannem
3370 1077 3463 1116 ex-

1889 1155 2089 1223 pellere
2128 1169 2192 1209 ex
2229 1154 2494 1220 Ecclesia,
2527 1171 2720 1211 servus
2752 1165 2878 1211 tuus
2903 1154 3239 1225 Epiphanius
3279 1156 3331 1209 in
3365 1155 3465 1210 hoc

1891 1260 1999 1300 non
2035 1248 2380 1303 assentietur.
2428 1247 2526 1302 Est
2571 1256 2717 1303 certe
2764 1249 3001 1303 maxime
3050 1249 3464 1319 imperatorum,

1892 1336 2090 1406 injuria
2163 1339 2301 1394 allici
2364 1350 2417 1394 et
2459 1341 2742 1410 ignoscere
2798 1359 2811 1395 :
2874 1341 3312 1410 quandoquidem
3369 1355 3466 1393 vos

1891 1446 2110 1501 quoque
2154 1431 2364 1487 habetis
2410 1432 2793 1501 imperatorem
2829 1432 2882 1485 in
2929 1433 3102 1497 cmlis,
3138 1433 3224 1486 cui
3250 1432 3467 1486 assidue

1891 1524 2152 1592 peccatis,
2182 1533 2237 1578 et
2281 1523 2332 1579 is
2364 1524 2518 1580 vobis
2557 1524 2786 1579 remittit
2821 1541 2834 1576 :
2872 1524 2965 1595 qui
3003 1525 3223 1594 quidem
3252 1525 3385 1579 dicit
3412 1524 3465 1578 in

1892 1614 2199 1686 Evangeliis
2230 1635 2242 1670 :
2279 1615 2461 1671 Eslote
2491 1617 2875 1683 misericordes,
2921 1618 3056 1670 sicut
3088 1616 3253 1669 Pater
3280 1629 3465 1679 vester,

1891 1711 1981 1778 qui
2008 1719 2085 1763 est
2113 1710 2170 1763 in
2202 1709 2345 1763 caelis
2384 1709 2448 1763 “.
2485 1708 2633 1763 Dixit
2658 1720 2840 1765 autem
2874 1709 3191 1778 imperati-ix
3232 1708 3468 1777 Epipha-

1890 1801 1983 1855 nio
2014 1817 2028 1853 :
2063 1798 2120 1855 Si
2171 1800 2339 1857 fueris
2384 1801 2791 1871 impedimento,
2818 1799 2979 1854 Pater
3005 1799 3292 1869 Epiphani,
3327 1813 3469 1870 quo-

1890 1895 2073 1948 minus
2104 1892 2355 1947 mittatur
2381 1891 2621 1948 Joannes
2655 1893 2709 1947 in
2756 1893 3032 1955 exsilium,
3056 1892 3302 1961 aperiam
3332 1902 3470 1946 tem-

1891 1982 1977 2051 pla
2025 1981 2318 2043 idolorum.
2352 1991 2406 2037 et
2438 1981 2635 2037 faciam
2680 1995 2738 2037 ιιι
2770 1984 3019 2041 homines
3048 2000 3112 2039 ea
3142 1985 3388 2044 adorent.
3417 1994 3470 2038 et

1893 2073 2089 2128 faciam
2116 2073 2305 2128 ultima
2329 2073 2512 2143 pejora
2544 2074 2836 2143 prioribus.
2865 2075 3113 2145 Cumque
3143 2077 3257 2129 hzec
3281 2076 3473 2129 acerbe

1891 2164 2117 2228 diceret,
2165 2180 2232 2219 ex
2280 2165 2401 2235 ejus
2429 2167 2602 2221 oculis
2648 2166 2891 2221 ﬂuebant
2938 2168 3205 2238 lacrymae.
3247 2168 3304 2220 Ei
3341 2182 3476 2222 vero

1892 2253 2031 2308 dixit
2074 2253 2412 2324 Epiphanius
2448 2274 2463 2310 :
2500 2255 2614 2327 Ego
2655 2258 2895 2326 quidem,
2924 2271 2957 2311 ο
2986 2257 3113 2321 (ilia,
3159 2272 3280 2312 sum
3314 2258 3473 2311 inne-

1893 2357 2023 2399 cens
2052 2343 2120 2397 ab
2151 2345 2254 2399 hoc
2280 2344 2509 2413 judicio.
2540 2385 2549 2394 .

1965 2432 2150 2487 LXIII.
2182 2434 2317 2490 Cum
2348 2436 2463 2491 haec
2488 2436 2715 2491 dixisset
2741 2435 3099 2506 Epiphanius,
3125 2437 3333 2507 accepit
3362 2453 3469 2503 me,

1893 2537 1949 2582 et
1977 2529 2187 2599 egressi
2230 2545 2423 2585 sumus
2464 2547 2528 2588 ex
2577 2533 2698 2586 aula
2751 2532 3122 2601 imperatoria.
3152 2531 3474 2603 IEgrotabat

1896 2630 2077 2678 autem
2113 2622 2284 2686 Isaac,
2312 2634 2366 2677 et
2396 2640 2503 2678 non
2544 2625 2825 2693 ingressus
2853 2633 2936 2680 est
2960 2624 3245 2679 nobiscum
3272 2625 3339 2678 ad
3370 2624 3475 2679 im—

1895 2716 2239 2787 peratricem.
2288 2715 2535 2772 Pervasit
2576 2731 2704 2770 vero
2749 2715 2891 2770 fama
2933 2731 3030 2784 per
3073 2724 3239 2770 totam
3286 2716 3474 2770 civita-

1896 2819 2028 2872 tem,
2056 2808 2353 2865 dicentium
2385 2824 2398 2860 :
2433 2806 2933 2879 Magnus‘sacerdos
2963 2807 3320 2876 Epiphanius,
3362 2809 3477 2876 epi-

1898 2916 2098 2971 scopus
2126 2901 2477 2972 Cypriorum,
2513 2900 2791 2970 ingressus
2835 2908 2919 2953 est
2948 2899 3017 2953 ad
3050 2899 3474 2968 imperatricent,

1896 3001 1951 3045 et
1987 2989 2129 3056 fecit,
2162 3001 2221 3044 ut
2248 2989 2302 3044 in
2333 2989 2588 3045 exsilium
2621 2989 2927 3044 mitteretur
2954 3005 3184 3057 magnus
3214 2988 3472 3045 Joannes.

1899 3080 2037 3136 Cum
2074 3081 2179 3135 hoc
2208 3089 2391 3136 autem
2436 3080 2737 3135 audivisset
2781 3078 2953 3146 Isaac,
2987 3080 3197 3152 aufugit
3244 3080 3313 3134 ah
3345 3080 3473 3150 Epi-

1898 3172 2102 3243 phanio
2126 3212 2141 3235 ,
2192 3183 2248 3226 et
2292 3172 2572 3243 ingressus
2610 3181 2694 3226 est
2738 3172 3166 3236 monasterium,
3200 3168 3356 3228 nobis
3395 3174 3478 3227 in-

1897 3265 2219 3323 scientibus.
2254 3264 2421 3334 !Egre
2450 3280 2578 3319 vero
2611 3263 2818 3319 ferebat
2844 3263 3202 3335 Epiphanius,
3232 3276 3287 3321 et
3310 3266 3477 3321 Deum

1899 3358 2145 3429 rogabat,
2182 3366 2242 3412 ut
2276 3357 2325 3411 ei
2353 3357 2702 3428 signiﬁcaret,
2733 3358 2951 3412 ubinam
2984 3360 3274 3414 mansisset
3305 3358 3476 3415 Isaac.

1899 3451 2056 3517 Quod
2089 3448 2136 3505 ei
2177 3449 2539 3520 signiﬁcavit,
2579 3458 2634 3504 et
2665 3449 2864 3504 ivimus
2906 3451 2973 3504 ad
3006 3450 3205 3520 ipsum.
3241 3452 3479 3506 Aversa—

1901 3543 2062 3597 batur
2092 3553 2276 3596 autem
2314 3542 2463 3597 Isaac
2496 3542 2887 3612 Epiphaniam,
2916 3544 3104 3598 dicens
3141 3562 3155 3599 :
3192 3543 3329 3599 Nolo
3360 3560 3480 3599 am-

1902 3635 2045 3702 plius
2089 3650 2212 3689 esse
2260 3643 2461 3697 tecum,
2505 3642 2722 3704 propter
2756 3644 3036 3704 peccatum
3064 3676 3078 3699 ,
3113 3637 3255 3704 quod
3302 3635 3481 3691 fecisti

1902 3728 1955 3781 in
1980 3726 2266 3782 Joannem.
2299 3727 2437 3792 Cum
2485 3742 2584 3782 nos
2619 3736 2797 3781 autem
2836 3727 2889 3780 in
2925 3729 3259 3782 monasterio
3284 3727 3482 3784 fuisse-

1902 3835 2026 3875 mus
2072 3831 2181 3875 tres
2216 3820 2352 3884 dies,
2398 3821 2488 3875 vix
2538 3821 2812 3890 persuasit
2856 3818 3024 3876 Isaac.
3071 3820 3192 3888 Quo
3238 3832 3479 3892 accepto,

1900 3915 2105 3984 egressi
2171 3928 2385 3969 sumus.
2441 3914 2556 3967 Sibi
2608 3927 2828 3983 quoque
2880 3915 3152 3982 persuasit
3204 3913 3479 3979 Joannes,

1903 4005 2048 4072 quod
2087 4004 2209 4074 ejus
2240 4004 2435 4057 exsilio
2465 4002 2658 4058 fuisset
2689 4018 2949 4058 assensus
2979 4002 3334 4071 Epiphanius.
3372 4006 3480 4057 Ae-

1907 4105 2061 4164 cepta
2108 4097 2271 4166 igitur
2314 4098 2536 4160 charta,
2577 4097 2797 4165 scripsit
2843 4096 2908 4150 ad
2940 4096 3302 4166 Epiphaniam
3334 4113 3347 4147 :
3381 4096 3482 4149 Sa-

1903 4187 2060 4257 piens
2095 4186 2388 4257 Epiphani,
2433 4202 2692 4241 assensus
2743 4202 2801 4241 es
2848 4203 2969 4241 meo
3011 4187 3224 4241 exsilio.
3296 4187 3351 4240 In
3389 4198 3484 4242 tuo

1906 4281 2107 4334 throno
2151 4294 2256 4333 non
2301 4279 2516 4334 sedehis
2561 4279 2815 4348 amplius.
2864 4280 2943 4333 Ad
2988 4278 3254 4333 Joannem
3303 4290 3482 4333 autem

1907 4369 2190 4439 rescripsit
2242 4368 2578 4439 Epiphanius
2612 4384 2625 4420 :
2657 4369 2872 4423 Athleta
2923 4368 3147 4433 Christi,
3199 4369 3487 4423 verberare

209 4463 473 4534 Ἰωάννῃ·
513 4460 765 4532 Ἀθλητὰ,
814 4461 969 4532 δέρου
1016 4461 1109 4515 καὶ
1138 4462 1296 4515 νίκα⁹
1328 4463 1443 4515 ἀνθ’
1483 4456 1558 4516 ὧν
1585 4462 1643 4516 δὲ
1684 4460 1783 4516 ἐπίι

1910 4471 1965 4516 et
2030 4462 2203 4517 vince.
2282 4459 2440 4527 Quod
2516 4471 2694 4516 autem
2765 4460 3079 4525 credidisti,
3152 4476 3237 4514 me
3296 4460 3487 4514 exsilio

212 4569 455 4615 στευσας
499 4552 580 4605 ὅτι
625 4550 736 4619 ἐγὼ
787 4553 1051 4623 συνῄνεσα
1095 4553 1189 4605 ἐπὶ
1230 4555 1296 4623 τῇ
1340 4553 1556 4625 ἐξορίᾳ,
1590 4554 1682 4607 ἐπὶ
1723 4552 1801 4624 τῷ

208 4647 369 4717 τόπῳ
402 4639 447 4712 ᾧ
480 4643 814 4715 ἐξωρίσθης,
858 4644 917 4697 οὑ
957 4644 1031 4716 μὴ
1064 4644 1296 4719 φθάσῃς.
1326 4645 1509 4699 Ταῦτα
1543 4646 1598 4699 δὲ
1637 4644 1802 4718 ἔγρα-

208 4735 310 4804 ψα,
366 4734 619 4804 ἀδελφοὶ,
666 4735 751 4787 ἵνα
801 4736 874 4806 μή
922 4753 1004 4799 τις
1054 4736 1132 4806 τῷ
1179 4737 1483 4809 Ἐπιφανίῳ
1523 4738 1802 4810 ἐπιρῤίψει

209 4828 385 4899 ψόγον
416 4827 544 4898 περὶ
592 4826 803 4880 τούτου.
844 4826 903 4880 Ὀ
947 4828 1056 4899 γὰρ
1085 4828 1323 4881 τοσαῦτα
1357 4828 1497 4882 καλά
1529 4829 1804 4902 κατορθώ-

213 4937 318 4983 σας
354 4922 435 4983 εἰς
469 4918 720 4972 τοσοῦτον
761 4919 925 4990 βάθος
955 4920 1140 4974 κακῶν
1181 4916 1327 4991 εἶχεν
1361 4921 1679 4985 κατελθεῐν;
1711 4924 1802 4995 Μὴ

212 5012 447 5080 γένοιτο.
482 5011 846 5066 Εἰσελθόντων
891 5012 947 5064 δὲ
995 5011 1152 5083 ἡμῶν
1186 5014 1242 5066 ἐν
1283 5012 1361 5084 τῷ
1396 5012 1659 5084 βασιλικῷ
1703 5030 1802 5067 τα-

216 5091 403 5173 μιείῳ,
438 5104 764 5169 συνετάξατο
791 5104 1107 5173 Ἐπιφάνιος
1128 5107 1240 5167 τοῖς
1274 5103 1582 5175 βασιλεῦσιν
1612 5107 1701 5159 ἐπὶ
1726 5104 1805 5176 τῷ

214 5195 561 5249 ἀποπλεῦσαι
591 5199 739 5267 ἡμᾶς
779 5200 871 5252 ἐπὶ
916 5198 1015 5268 τῆς
1059 5197 1345 5269 Κυπρίων.
1387 5196 1715 5271 Ἐρωτηθεὶς
1747 5197 1805 5250 δὲ

214 5288 538 5356 Ἐπιφάνιος
584 5289 735 5359 παρὰ
775 5289 1057 5361 Ἀρκαδίου
1093 5288 1185 5342 τοῦ
1219 5288 1480 5358 βασιλέως
1509 5287 1589 5353 τὸ,
1625 5289 1806 5341 πόσων

214 5379 357 5432 ἑτῶν
391 5379 663 5451 ὑπάρχει,
710 5375 886 5433 εἷπεψ
925 5379 1152 5434 Ἑκατὸν
1186 5380 1280 5433 καὶ
1327 5380 1491 5433 πέντε
1521 5380 1657 5432 ἐτῶν
1690 5381 1805 5450 εἰμι

215 5470 372 5543 παρὰ
402 5473 552 5542 τρεῖς
582 5471 778 5542 μῆνας.
821 5465 989 5536 Οὗτος
1033 5470 1128 5542 (a),
1166 5471 1350 5542 φησὶν,
1379 5470 1641 5543 ἐξήκοντα
1666 5471 1804 5524 ἐτῶν

293 5631 335 5663 ¹¹
376 5629 510 5685 Luc.
551 5645 626 5694 ιι,
658 5630 748 5685 50.

297 5776 371 5837 (α)
411 5766 571 5821 Forte
599 5766 789 5829 οὕτως.

469 5880 742 5940 Parnm“
791 5878 837 5936 ti
850 5896 909 5935 tt.
962 5879 1125 5937 XLI.

1914 4550 2211 4608 tuo-fuisse
2286 4566 2613 4619 assensum,
2669 4552 2722 4605 in
2781 4552 2960 4606 locum
3023 4551 3089 4606 ad
3140 4565 3301 4621 quem
3336 4550 3485 4607 fuisti

1910 4646 2212 4717 relegatus,
2243 4659 2351 4699 non
2387 4644 2591 4699 venies.
2628 4642 2752 4699 Ilaec
2803 4643 3019 4713 scripsi,
3068 4659 3102 4698 o
3157 4642 3385 4707 fratres,
3421 4658 3489 4697 nc

1909 4737 2034 4806 quis
2088 4736 2193 4790 hoc
2240 4736 2498 4808 probrum
2550 4726 2794 4791 conferat
2845 4736 2897 4789 in
2952 4734 3336 4805 Epiphanium.
3383 4731 3487 4798 Qui

1909 4827 2055 4880 enim
2109 4834 2188 4880 tot
2238 4834 2293 4880 et
2339 4835 2486 4879 tanta
2542 4827 2680 4880 bona
2728 4828 2964 4887 fecerat,
3009 4832 3125 4877 erat
3167 4824 3222 4876 in
3276 4831 3486 4877 tantum

1912 4916 2180 4971 malorum
2212 4916 2542 4985 profundum
2578 4916 2983 4971 descensurus?
3012 4913 3276 4984 Ingressis
3305 4921 3484 4965 autem

1911 5009 2069 5063 nobis
2114 5009 2166 5062 in
2220 5009 2397 5061 aulam
2454 5008 2900 5078 imperatoriam,
2945 5006 3112 5074 jussit
3155 5002 3490 5073 Epiphanius

1912 5101 2092 5155 valere
2144 5101 2534 5169 imperatores,
2587 5108 2646 5153 ut
2696 5097 3071 5167 navigaremus
3120 5094 3174 5147 in
3227 5092 3487 5165 Cyprum.

1912 5192 2286 5261 Interrogatus
2328 5206 2458 5245 vero
2504 5190 2839 5259 Epiphanius
2873 5188 2941 5242 ab
2985 5185 3219 5239 Arcadio
3258 5185 3493 5255 impera-

1914 5277 2063 5349 tore,
2095 5294 2227 5354 quot
2278 5299 2451 5339 annos
2499 5290 2643 5338 esset
2696 5288 2887 5342 natus,
2946 5278 3131 5333 dixit:
3164 5275 3393 5333 Centum
3440 5285 3501 5331 et“

1913 5376 2264 5446 quindecim,
2312 5385 2365 5429 et
2396 5385 2507 5428 tres
2550 5387 2787 5427 menses.
2825 5371 2917 5427 Sic
2954 5387 3134 5426 autem
3176 5373 3312 5426 dixit
3342 5387 3355 5422 :
3391 5369 3492 5424 Fui

1913 5467 2223 5537 episcopus,
2257 5480 2380 5521 eum
2412 5479 2588 5520 essent
2624 5464 2902 5534 sexaginta
2936 5479 3111 5520 annos
3157 5474 3337 5520 natus.
3392 5460 3494 5520 Fui
