3842 6102
331 230 450 288 ΛυἸ

1644 227 1703 283 S.
1745 223 2090 282 EPlPllANll
2127 222 2311 280 VlTA.

3508 215 3613 273 108

346 347 942 421 veroiin-episcqmu
994 346 1388 419 quinquaginta
1464 347 1707 419 quinque
1753 360 1928 402 annos

2040 345 2289 416 ἐγινόμην
2315 343 2632 406 ἐπίσκοπος·
2657 341 2752 396 καὶ
2789 340 2896 411 ἔχω
2927 341 2985 393 ὲν
3019 341 3085 411 τῇ
3115 339 3387 409 ἐπισκοπῇ
3420 336 3620 408 ανῆ,-

344 450 404 493 et
431 449 543 495 tres
570 454 804 495 menses.
839 438 915 493 Eo
943 453 1074 493 vero
1102 438 1189 493 die
1207 479 1224 506 ,
1251 453 1361 509 quo
1407 436 1510 492 fuit
1541 438 1697 494 nobis
1736 454 1926 494 ascen-

339 528 584 584 dendnm
636 528 693 582 in
735 543 963 593 navem,
1012 536 1141 583 tunc
1192 543 1315 583 eum
1362 529 1738 600 interrogavit.
1791 528 1927 583 Cum

326 619 837 674 .autemdnrnavem
886 619 1347 682 ascendissemus,
1377 629 1431 675 et
1460 620 1841 691 navigaremus
1875 620 1928 673 in

337 710 609 780 Cyprum,
644 709 784 765 sedit
812 708 1148 780 Epiphanius
1191 708 1245 765 in
1280 724 1519 766 concavo
1547 712 1723 775 navis,
1749 719 1805 765 et
1834 725 1932 766 nos

283 856 291 868 ,
355 814 471 854 cum
516 816 602 855 eo.
638 798 876 870 Eratque
923 816 1043 856 mos
1074 799 1376 871 Epiphanio
1408 811 1596 857 sancta
1642 800 1930 871 Evangelia

335 891 568 946 assidue
593 901 778 947 tenere
806 891 860 947 in
892 891 1164 947 manibus.
1197 892 1444 964 Cumque
1466 903 1548 949 ter
1576 893 1933 964 ingemuisset

354 991 402 1036 et
438 981 704 1049 ﬂevisset,
733 984 1016 1053 explicatis
1048 985 1376 1055 Evangeliis,
1411 993 1466 1040 et
1509 986 1578 1042 iis
1606 1000 1798 1041 rursus
1830 985 1935 1056 pli-

344 1074 522 1142 tostis,
554 1074 886 1146 lacrymatus
938 1084 1041 1130 est.
1068 1075 1312 1146 Cumque
1344 1078 1699 1140 surrexisset,
1725 1076 1931 1143 oravit;

355 1170 407 1217 et
440 1169 562 1232 post
593 1176 781 1231 preces
831 1178 1023 1218 rursus
1057 1163 1198 1219 sedit
1227 1164 1280 1217 in
1317 1178 1560 1220 concavo
1595 1165 1788 1219 navis:
1823 1179 1934 1220 cu:-

335 1253 538 1325 pitque
571 1253 699 1310 ﬂere
722 1264 773 1310 et
801 1254 959 1310 nobis
987 1253 1168 1311 dicere
1199 1275 1212 1310 :

424 1448 605 1506 LXIV.
639 1451 697 1506 Si
731 1466 817 1508 me
858 1451 1080 1524 diligitis
1101 1492 1117 1519 ,
1147 1469 1181 1510 o
1222 1455 1315 1510 ﬁlii
1338 1500 1353 1524 ,
1387 1457 1640 1512 mandata
1673 1472 1791 1512 mea
1821 1473 1936 1513 ser-

355 1548 496 1604 vate,
545 1548 603 1595 et
634 1540 855 1597 dilectio
889 1540 984 1596 Dei
1016 1544 1262 1600 manebit
1314 1545 1368 1598 in
1414 1545 1589 1600 vobis.
1644 1545 1805 1602 Scitis
1841 1562 1935 1618 per

353 1639 487 1700 quot
528 1630 849 1689 atllictiones
879 1634 1106 1691 transivi
1139 1635 1196 1691 in
1233 1634 1335 1693 hac
1369 1637 1500 1701 vita,
1534 1647 1589 1693 et
1630 1655 1737 1693 non
1771 1655 1932 1708 repti-

338 1719 460 1774 rtavi
512 1734 642 1799 esse
683 1721 851 1776 ullam
907 1721 1252 1779 alllictionem
1297 1740 1311 1776 :
1364 1724 1457 1781 sed
1519 1739 1670 1781 eram
1722 1743 1936 1799 semper

355 1812 509 1868 latus
537 1812 591 1868 in
630 1812 719 1881 iis,
751 1829 877 1884 qua:
904 1814 971 1870 ad
1006 1814 1175 1871 Deum
1208 1816 1498 1887 pertinent,
1549 1827 1602 1873 et
1652 1819 1797 1875 Deus
1829 1837 1935 1875 non

343 1916 443 1958 me
484 1901 806 1973 dereliquit,
858 1906 954 1960 sed
1002 1905 1118 1976 ipse
1167 1921 1254 1962 me
1298 1906 1535 1963 servavit
1577 1908 1644 1964 ab
1676 1910 1937 1965 omnibus

349 1991 580 2063 maligni
628 1992 871 2049 insidiis.
924 1993 1277 2065 Diligentibus
1340 1997 1481 2051 enim
1535 1995 1707 2053 Deum
1758 2000 1937 2055 omnia

356 2094 706 2155 coopemtur
735 2085 792 2140 iu
823 2087 1015 2141 borium
1046 2089 1113 2143 ".
1150 2088 1458 2159 Aliquando
1502 2100 1710 2156 autem,
1753 2105 1789 2146 o
1840 2091 1934 2147 lilii

356 2176 489 2232 mihi
520 2176 837 2243 desiderati,
882 2193 1008 2234 cum
1055 2193 1156 2251 ego
1200 2193 1380 2236 essem
1433 2181 1487 2235 in
1528 2181 1648 2238 loco
1696 2181 1932 2248 deserto,

354 2279 408 2328 et
452 2270 672 2327 Christo
706 2286 897 2341 preces
930 2286 1245 2343 peragerem
1269 2306 1299 2339 ,-
1322 2281 1383 2328 ut
1422 2272 1684 2330 liberarer
1713 2275 1782 2330 ab
1816 2291 1936 2330 om-

353 2361 515 2417 nibus
535 2360 754 2418 iusidiis
780 2361 1102 2429 adversarii,
1134 2378 1224 2419 me
1257 2364 1458 2420 invasit
1505 2365 1796 2420 multitudo
1830 2365 1938 2421 dae-

354 2468 579 2510 monum
614 2455 750 2525 :qui
778 2470 905 2511 cum
949 2470 1036 2510 me
1060 2456 1475 2523 dilacerasscnt,
1508 2465 1562 2512 et
1593 2457 1824 2527 pedibus
1849 2473 1937 2512 ar-

357 2546 678 2616 ripuissent,
709 2555 1054 2602 attraxerunt
1094 2548 1150 2601 in
1196 2557 1423 2603 terram.
1463 2545 1720 2604 Nonnulli
1754 2561 1937 2605 autem

355 2653 425 2693 ex
468 2638 604 2708 ipsis
646 2638 782 2692 mihi
828 2638 1018 2709 plagas
1062 2653 1280 2708 quoque
1313 2639 1634 2695 intulerunt.
1667 2638 1781 2696 Iloc
1809 2656 1940 2698 vero

358 2729 605 2785 fecerunt
630 2729 769 2784 mihi
812 2728 1000 2786 decem
1026 2728 1242 2785 diebus.
1274 2727 1384 2785 Nec
1410 2731 1647 2802 amplius
1692 2732 1798 2788 vidi
1828 2732 1941 2788 dm-

357 2834 576 2876 monem
621 2820 678 2876 in
726 2821 946 2892 propria
993 2835 1228 2892 persona
1273 2822 1532 2878 omnibus
1576 2824 1770 2881 diebus
1816 2825 1940 2881 vitae

358 2928 515 2981 mea,
545 2912 640 2970 sed
667 2929 762 2984 per
786 2913 1041 2969 homines
1066 2913 1121 2968 iu
1157 2927 1246 2969 me
1270 2928 1427 2969 suam
1451 2929 1749 2972 exercuere
1782 2918 1941 2973 mali-

355 3005 488 3059 tiam
525 3023 541 3060 :
565 3004 877 3076 cuiusmodi
905 3003 1041 3059 mihi
1066 3004 1212 3059 mala
1236 3014 1537 3060 evenerunt
1576 3007 1632 3061 in
1659 3006 1938 3064 thnicia
1965 3022 2008 3079 ο

356 3095 428 3149 ab
460 3094 820 3151 insolentibus
858 3093 1215 3164 Simonianis,
1251 3098 1433 3169 qualia
1480 3098 1533 3153 in
1584 3096 1822 3170 Egypto
1867 3100 1939 3163 ab

358 3184 658 3240 immundis
703 3183 1011 3253 Gnosticis,
1058 3186 1242 3255 qualia
1289 3186 1344 3241 in
1394 3186 1574 3260 Cypro
1622 3188 1691 3243 ab
1736 3189 1938 3259 iniquis

359 3272 754 3331 Valentinianis
799 3283 855 3330 et
902 3275 1025 3331 aliis
1084 3276 1399 3335 haeresibus.
1464 3277 1745 3333 Advertite
1804 3294 1940 3350 ergo

358 3367 625 3435 animum,
656 3382 690 3422 ο
717 3367 812 3422 lilii
843 3367 970 3434 mei,
997 3375 1054 3424 et
1078 3368 1265 3425 audite
1300 3369 1465 3424 verba
1494 3368 1782 3441 Epiphanii
1811 3384 1938 3442 pec-

359 3457 583 3514 catoris.
630 3456 899 3513 Pecunias
945 3471 1013 3513 ne
1052 3457 1486 3528 concupiscatis,
1532 3467 1587 3513 et
1632 3460 1815 3516 multa:
1844 3475 1940 3530 pe-

358 3552 536 3606 cunia:
592 3550 916 3621 adjicientur
965 3550 1141 3605 vobis.
1189 3548 1408 3607 Nullum
1473 3552 1748 3607 hominem
1806 3551 1939 3607 odio

363 3641 643 3706 habeatis,
686 3649 741 3698 et
769 3656 800 3696 a
836 3639 947 3695 Deo
979 3641 1299 3712 diligemini.
1332 3639 1510 3697 Nolite
1551 3640 1701 3712 loqui
1746 3641 1939 3699 advcr-
1973 3701 1988 3714 ,

359 3749 457 3791 sus
486 3732 730 3799 fratrem,
776 3732 1085 3807 et.all‘ectio
1131 3732 1336 3790 diaboli
1372 3731 1526 3789 vobis
1552 3746 1660 3788 non
1688 3732 1940 3790 dominae

361 3827 529 3883 bitur.
568 3824 908 3882 Aversemini
956 3839 1149 3881 omnes
1192 3824 1449 3889 haereses,
1494 3834 1753 3896 tanquam
1797 3826 1939 3882 feras

360 3918 548 3988 plenas
595 3932 805 3974 veneno
854 3915 1160 3973 mortifero.
1213 3915 1289 3973 De
1330 3916 1532 3987 quibus
1573 3916 1738 3972 etiam
1784 3917 1940 3973 vobis

359 4009 558 4065 tradidi
604 4009 661 4065 in
699 4008 885 4073 libris,
915 4008 1007 4078 qui
1051 4008 1395 4080 appellantur
1420 4008 1682 4064 Panaria.
1711 4007 1943 4062 Averse-

363 4097 517 4163 mini,
541 4106 596 4151 et
630 4105 819 4152 cavete
844 4110 873 4149 a
922 4095 1107 4150 mundi
1140 4096 1455 4166 voluptate,
1494 4111 1618 4166 qua:
1659 4109 1859 4164 corpus
1884 4101 1941 4149 et

363 4194 597 4239 mentem
634 4198 848 4251 semper
875 4185 1076 4239 titillat.
1105 4183 1443 4254 Experimini
1470 4200 1590 4239 eam
1630 4199 1753 4240 esse
1784 4182 1942 4239 Sata-

361 4286 445 4328 na:
471 4271 864 4327 accessionem.
910 4270 1064 4340 Saepe
1093 4280 1275 4329 autem
1315 4274 1399 4329 vcl
1441 4288 1607 4330 carne
1649 4273 1939 4343 quiescen-

2030 452 2194 489 κοντα
2237 434 2402 489 πέντε
2449 433 2546 503 ἔτη
2591 433 2742 505 παρά
2791 434 2944 503 τρεῖς
2997 432 3193 502 μῆνας.
3242 430 3391 500 Αὑτῇ
3440 429 3502 483 δὲ
3547 433 3612 501 τῇ

2029 527 2232 599 ἡμέρᾳ,
2280 527 2337 578 ἐν
2464 526 2692 596 εἴχαμεν
2746 523 2991 577 ἀνελθεῖν
3033 524 3092 575 ἐν
3142 520 3220 592 τῷ
3270 520 3462 591 πλοίῳ,
3496 520 3621 573 τότε

2030 620 2190 672 αὑτὸν
2218 620 2322 697 ὲπη
2331 618 2592 690 ρώτησεν.
2629 615 2986 672 ’Δνελθόντων
3010 615 3067 668 δὲ
3084 614 3243 685 ἡμῶν
3263 615 3323 667 ἐν
3343 612 3425 684 τῷ
3448 612 3619 684 πλοίῳ

2031 710 2300 781 ἐκαθέσθη
2355 710 2673 779 Ἐπιφάνιος
2713 711 2770 762 ἐν
2820 712 2886 780 τῇ
2930 708 3084 777 κοίλη
3134 706 3230 760 τοῦ
3280 706 3491 771 πλοίου,
3524 706 3613 760 καὶ

2032 804 2193 873 ἡμεῖς
2226 803 2342 872 μετ’
2388 801 2573 854 αὐτοῦ.
2615 800 2778 863 Ἔθος
2823 799 2881 852 δὲ
2919 795 2987 870 ἦν
3033 798 3339 868 Ἐπιφανίῳ
3371 798 3439 851 τὰ
3485 799 3615 866 ἇγισ

2033 893 2343 962 Εὑαγγέλια
2391 893 2611 963 κρατεῖν
2655 890 3015 952 ἀδιαλείπτως
3050 892 3108 942 ἐν
3137 891 3258 951 ταῖς
3297 889 3486 961 χερσὶν
3516 888 3615 942 αὐο

2033 983 2147 1037 τοῦ.
2178 984 2289 1037 Καὶ
2313 982 2379 1054 δὴ
2408 983 2590 1053 τρίτον
2625 980 2887 1046 στενάξας
2928 981 3021 1034 καὶ
3048 980 3345 1052 δακρύσας,
3372 978 3620 1032 ἀναπτύ-

2034 1077 2133 1143 ξας
2155 1094 2213 1130 τε
2248 1074 2318 1129 τὰ
2350 1076 2478 1144 ἅγια
2510 1074 2839 1143 Εὑαγγέλια,
2867 1074 2961 1125 καὶ
2997 1071 3158 1125 πάλιν
3188 1071 3396 1136 πτύξας
3424 1070 3623 1126 Inlau-

2036 1187 2149 1236 σεν,
2200 1169 2295 1222 καὶ
2340 1168 2598 1238 ἐποίησεν
2632 1167 2818 1237 εὐχὴν,
2851 1165 2946 1218 καὶ
2974 1165 3110 1235 μετὰ
3148 1165 3248 1236 τὴν
3294 1165 3460 1236 εὐχὴν
3491 1166 3624 1220 ἐκά-

2036 1261 2183 1315 θισεν
2212 1261 2305 1314 ἐπὶ
2330 1260 2433 1331 τῆς
2456 1259 2642 1329 κοίλης
2669 1257 2764 1311 τοῦ
2804 1255 3012 1319 πλοίου,
3043 1257 3138 1309 καὶ
3174 1256 3379 1327 ῆρξατο
3408 1256 3624 1311 κλαίειν

2037 1352 2130 1405 καὶ
2152 1350 2331 1420 λέγειν
2359 1350 2496 1422 πρὸς
2526 1351 2672 1421 ἡμᾶς
2692 1362 2707 1377 ·

2118 1444 2232 1497 ΞΔἏ
2267 1442 2394 1497 Ἐὰν
2422 1441 2673 1509 ἀγαπᾶτέ
2712 1458 2801 1511 με,
2837 1442 3021 1514 φησὶν,
3048 1434 3093 1493 ὦ
3121 1440 3312 1507 τέκνα;
3335 1438 3436 1502 τὰς
3471 1440 3625 1493 ἐντο-

2037 1533 2134 1596 λάς
2169 1548 2270 1603 μου
2318 1531 2627 1602 τηρήσατεο
2664 1532 2758 1583 καὶ
2787 1531 2820 1600 ἡ
2855 1530 3041 1602 ἀγάπη
3084 1529 3178 1583 τοῦ
3204 1528 3340 1584 Θεοῦ
3381 1528 3533 1599 μένει
3563 1530 3626 1584 ἐν

2038 1625 2184 1697 ὑμῖν.
2229 1623 2438 1694 Ὑμεῖς,
2481 1623 2665 1691 φησιν,
2711 1621 3005 1675 ἐπίστασθε
3037 1622 3124 1676 διά
3172 1621 3355 1674 πόσων
3387 1620 3625 1691 θλίψεων

1965 1690 2008 1744 Β
2035 1690 2247 1785 διῆλθον
2272 1690 2331 1765 ὲν
2360 1690 2502 1784 τῷδε
2525 1690 2603 1784 τῷ
2633 1712 2733 1784 βίῳ
2749 1752 2763 1773 ,
2797 1713 2893 1766 καὶ
2918 1713 3017 1783 οὐχ
3042 1713 3338 1784 ἡγησάμην
3361 1690 3626 1784 οὐδεμίαν

2037 1804 2235 1873 θλίψιν,
2284 1802 2420 1856 ἀλλά
2453 1802 2685 1856 πάντοτε
2728 1803 2881 1874 ήμην
2930 1801 3137 1874 χαίρων
3184 1800 3322 1871 πρὸς
3352 1799 3449 1854 τὸν
3487 1800 3626 1854 Θεὸν

2037 1894 2383 1958 ἀποϐλέπων,
2429 1895 2524 1949 καὶ
2562 1897 2591 1949 ὁ
2621 1894 2756 1958 Θεὸς
2800 1895 2902 1948 οὐκ
2950 1892 3339 1962 ἐγκατέλειπεν
3375 1911 3472 1964 με’
3504 1893 3623 1947 ἀλλ’

2036 1985 2199 2048 αὑτός
2225 2001 2295 2055 με
2334 1979 2404 2056 ἦν
2434 1983 2811 2054 διαφυλάττων
2857 1983 2965 2037 άπὸ
2996 1985 3178 2050 πάσης
3208 1982 3499 2053 ἐπιϐουλῆς
3522 1983 3623 2036 τοῦ

2038 2077 2298 2149 πονηροῦ.
2349 2074 2479 2141 Τοῖς
2528 2075 2640 2146 γὰρ
2695 2075 3011 2146 ἀγαπῶσιν
3061 2075 3169 2129 τὸν
3225 2075 3375 2130 Θεὸν
3420 2076 3626 2132 πάντα

2036 2169 2321 2240 συνεργεῖ
2341 2173 2428 2238 εὶς
2458 2168 2525 2224 τὸ
2551 2167 2795 2236 ἀγαθόν.
2824 2166 2965 2220 Ποτὲ
2995 2162 3118 2229 οὖν,
3151 2166 3318 2220 τέκνα
3349 2167 3473 2238 ἐμοὶ
3518 2185 3624 2221 πε-

2039 2263 2325 2335 ποθημένα
2345 2306 2358 2330 ,
2390 2264 2540 2328 δντος
2571 2280 2672 2333 μου
2718 2262 2777 2314 ἐν
2822 2259 2974 2330 τόπῳ
3001 2260 3283 2332 ἐρημικῷ,
3310 2261 3405 2315 καὶ
3432 2262 3623 2315 ἐπιτε-

2038 2355 2256 2419 λοῦντὸς
2290 2372 2392 2426 μου
2423 2354 2523 2426 τὴν
2551 2355 2735 2425 δέησιν
2760 2350 2840 2422 τῷ
2868 2352 3108 2424 Χριστῷ,
3132 2353 3281 2415 ὅπως
3306 2350 3487 2422 ῥυσθῶ
3510 2351 3626 2406 ἀπὸ

2041 2446 2219 2515 πάσης
2246 2446 2537 2516 ἐπιϐουλῆς
2561 2444 2655 2498 τοῦ
2689 2442 3094 2514 ἀντικειμένου,
3123 2443 3326 2513 ἐπέστη
3357 2460 3448 2514 μοι
3481 2442 3625 2514 πλῆ.

2041 2535 2133 2599 θος
2158 2536 2448 2608 δαιμόνων,
2496 2537 2591 2590 καὶ
2619 2533 3084 2607 διασπαράξαντές
3132 2552 3200 2607 με
3245 2535 3336 2588 ἐπὶ
3357 2535 3459 2606 τὴν
3492 2536 3624 2607 γῆν,

2041 2628 2136 2682 καὶ
2160 2628 2416 2693 λαϐόντες
2444 2629 2553 2683 ἀπὸ
2587 2628 2694 2682 τῶν
2724 2627 2922 2694 ποδῶν,
2952 2629 3199 2703 διέσυρον
3226 2628 3321 2683 ἐπὶ
3358 2627 3459 2699 τὴν
3495 2628 3625 2697 γῆν.

2041 2719 2197 2783 Τινὲς
2234 2718 2291 2773 δὲ
2341 2718 2399 2786 ἐξ
2444 2717 2625 2773 αὐτῶν
2680 2719 2776 2772 καὶ
2818 2718 3032 2790 πληγὰς
3078 2719 3460 2791 προσήνεγκαν
3512 2737 3625 2790 μοι.

2041 2807 2213 2863 Τοῦτο
2258 2808 2318 2861 δὲ
2369 2808 2632 2879 ἐποίησάν
2685 2826 2774 2879 μοι
2822 2809 2914 2862 ἐπὶ
2957 2807 3188 2878 δεκάτην
3235 2808 3483 2880 ήμέρανο
3531 2812 3631 2864 καὶ

2041 2902 2227 2957 ἔκτοτε
2277 2901 2462 2954 οὐκέτι
2527 2899 2970 2971 αὐτοπροσὼπως
3021 2899 3333 2971 ἐθεασάμην
3391 2900 3630 2972 δαίμονα

2042 2995 2221 3056 πάσας
2262 2993 2362 3056 τὰς
2404 2991 2615 3065 ἡμέρας
2648 2991 2749 3062 τῆς
2779 2991 2926 3062 ζωῆς
2957 3009 3081 3062 μου,
3109 2991 3244 3046 ἀλλὰ
3269 2991 3338 3046 τά
3371 2993 3631 3065 πονηρῶν

2041 3081 2139 3136 ἀνθ
2149 3080 2346 3152 ρώπων
2386 3081 2712 3135 ἐπετέλεσαν
2760 3079 2859 3152 τὴν
2912 3080 3046 3135 ίδίαν
3085 3080 3266 3136 αὐτῶν
3310 3082 3514 3157 κακίαν
3547 3083 3631 3147 εἰς

2041 3172 2159 3244 ἐμέ.
2189 3170 2293 3226 0ἴά
2320 3191 2410 3244 μοι
2442 3173 2588 3227 κακά
2616 3171 2813 3243 συνέϐη
2847 3175 2906 3226 ἐν
2929 3172 3149 3245 Φοινίκῃ
3178 3172 3327 3245 παρά
3351 3174 3463 3228 τῶν
3493 3174 3631 3229 ἀτά-

2043 3281 2186 3318 κτων
2220 3264 2588 3334 Σιμωνιανῶν·
2628 3265 2687 3316 ὲν
2729 3263 3009 3334 Αἰγύπτῳ,
3050 3263 3201 3335 παρὰ
3240 3263 3351 3318 τῶν
3379 3264 3633 3337 ἀκαθάρ-

2041 3372 2147 3408 των
2177 3354 2525 3409 Γνωστικῶν·
2572 3349 2659 3408 οἷα
2705 3355 2763 3407 ἐν
2809 3353 3020 3425 Κύπρῳ
3064 3354 3217 3426 παρά
3254 3354 3365 3409 τῶν
3408 3357 3633 3428 ἀνόμων

2042 3446 2501 3501 Οὐαλεντινιανῶν
2548 3447 2640 3500 καὶ
2678 3445 2787 3498 τῶν
2824 3444 3026 3499 λοιπῶν
3050 3446 3334 3517 αἱρέσεων.
3367 3447 3632 3518 Ἐπιστή-

2044 3554 2171 3591 σατε
2217 3538 2308 3591 τὸν
2359 3538 2480 3591 νοῦν
2526 3537 2698 3608 ὑμῶν,
2743 3531 2788 3590 ὦ
2833 3538 3019 3600 τέκνα,
3071 3538 3165 3592 καὶ
3216 3537 3490 3592 ἀκούσατε
3537 3542 3632 3595 τὸν

2040 3627 2197 3697 λόγον
2245 3628 2564 3698 Ἐπιςρανίου
2614 3628 2705 3681 τοῦ
2755 3626 3101 3700 άμαρτωλοῦ.
3153 3628 3244 3699 Μὴ
3289 3629 3632 3701 ἐπιθυμηταὶ

2041 3718 2272 3790 γένησθε
2311 3720 2631 3790 χρημάτων,
2662 3718 2756 3773 καὶ
2803 3719 2973 3772 πολλά
3013 3719 3279 3790 χρήματα
3320 3722 3631 3793 προστεθήο

2043 3818 2194 3865 σεται
2232 3812 2379 3881 ὑμῖν.
2408 3812 2499 3883 Μή
2532 3812 2801 3882 μισήσητε
2842 3810 3017 3865 πάντα
3037 3810 3353 3881 ἄνθρωπον,
3391 3815 3488 3867 καὶ
3511 3813 3641 3868 ἔσει-

2043 3901 2136 3955 σθε
2178 3901 2531 3973 ἀγαπώμενοι
2578 3903 2684 3955 ὑπὸ
2735 3901 2828 3954 τοῦ
2872 3899 3030 3955 Θεοῦ.
3077 3901 3168 3972 Μὴ
3213 3901 3628 3974 καταλαλήσητε

2041 3991 2302 4061 ἀδελφὸν,
2348 3994 2440 4044 καὶ
2485 3990 2656 4058 πάθος
2712 3990 3015 4047 διαδολικὸν
3056 3992 3119 4045 οὐ
3161 3991 3428 4064 κυριεύσῃ
3473 3994 3628 4064 ὑμῖν.

2041 4081 2474 4151 Ἀποστρέφεσθε
2518 4082 2696 4146 πάσας
2737 4082 2835 4146 τάς
2880 4082 3139 4154 αἱρέσεις,
3181 4083 3257 4147 ὡς
3293 4082 3462 4155 θηρία
3491 4085 3633 4156 μετά

2045 4171 2125 4224 ίοῦ
2170 4172 2488 4242 θανασίμου.
2536 4172 2672 4244 Περὶ
2714 4167 2790 4226 ὧν
2844 4173 2939 4226 καὶ
2993 4174 3287 4245 ἐγγράφως
3329 4175 3631 4246 παρέδωκα

2041 4262 2169 4333 ὑμῖν
2201 4264 2260 4314 ὲν
2298 4266 2410 4327 τοῖς
2440 4262 2640 4334 βίϐλοις
2679 4268 2791 4328 τοῖς
2840 4264 3251 4337 ἐπιλεγομένοις
3280 4267 3626 4335 Παναρίοις.

363 4373 438 4428 ιθ,
482 4376 640 4418 mens
686 4361 1028 4421 incautorum
1078 4363 1261 4433 turpia
1303 4364 1665 4434 apprehendit
1705 4365 1934 4423 visione.

2043 4354 2473 4427 Ἀποστρέφεσθε
2503 4356 2595 4410 καὶ
2625 4357 3111 4430 παραφυλάττεσθε
3147 4358 3253 4413 ἀπὸ
3290 4357 3391 4429 τῆς
3432 4359 3631 4431 ήδονῆς

361 4455 594 4522 Quando
618 4465 748 4508 vero
776 4466 935 4508 mens
975 4460 1162 4509 nostra
1206 4464 1289 4511 est
1334 4454 1515 4515 sobria
1536 4493 1552 4519 ,
1579 4465 1633 4511 et
1660 4453 1757 4513 Dei
1786 4472 1936 4514 sem-

363 4544 643 4618 pcrbahet
668 4542 988 4601 memoriam
1012 4581 1030 4609 ,
1055 4553 1187 4600 tunc
1232 4543 1388 4601 facile
1430 4545 1712 4603 inimicum
1743 4563 1940 4618 possu-

362 4654 486 4697 mus
521 4645 893 4710 prosternere.
928 4633 1066 4691 Cum
1118 4635 1232 4692 haec
1264 4646 1323 4692 et
1375 4637 1462 4694 his
1503 4637 1661 4708 plura
1712 4640 1942 4697 dixisset

362 4727 729 4801 Epiphanius,
762 4723 1020 4783 omnibus
1053 4724 1145 4794 qui
1179 4736 1337 4785 erant
1374 4727 1426 4782 in
1459 4731 1583 4783 navi
1634 4730 1939 4796 accersitis,

361 4820 496 4877 dixit
523 4818 607 4875 eis
641 4831 656 4869 :
692 4817 922 4886 Oportet
950 4829 1071 4879 nos,
1103 4828 1137 4868 o
1168 4812 1363 4872 fratres
1383 4856 1399 4876 .
1430 4817 1556 4872 tntis
1600 4818 1806 4875 viribus
1849 4834 1941 4874 ro-

361 4925 491 4981 gare
533 4908 828 4979 benignum
869 4914 926 4961 et
951 4904 1271 4967 clementem
1326 4904 1517 4970 Deum,
1558 4916 1621 4961 ut
1662 4924 1762 4965 nos
1808 4924 1941 4964 con-

361 5009 559 5066 servet,
592 5009 648 5056 et
696 5012 858 5058 nemo
902 5004 1087 5068 pereat
1114 5009 1179 5050 ex
1233 4994 1338 5058 iis,
1366 4993 1461 5063 qui
1510 5005 1639 5050 sunt
1678 4997 1731 5051 in
1782 5014 1936 5055 nave.

363 5091 459 5148 Est
504 5091 650 5146 enim
699 5089 883 5147 futura
932 5089 985 5144 in
1037 5087 1174 5143 mari
1222 5100 1419 5155 magna
1468 5093 1774 5156 tetnpestas.
1833 5087 1939 5146 Sed

363 5190 533 5238 estote
565 5182 712 5237 bono
739 5181 924 5238 animo
957 5199 970 5234 :
1007 5179 1154 5235 nulla
1186 5177 1331 5234 enim
1365 5174 1582 5232 amictio
1626 5178 1810 5235 labore
1843 5195 1940 5249 op-

363 5272 558 5342 primet
591 5271 758 5324 ullum
808 5286 875 5326 ex
928 5273 1014 5335 iis,
1047 5273 1141 5342 qui
1189 5277 1319 5325 sunt
1362 5268 1416 5322 in
1456 5268 1598 5321 navi.
1643 5266 1774 5334 Quae
1814 5286 1938 5325 cum

361 5364 609 5428 dixisset,
637 5363 777 5417 dixit
802 5362 939 5416 mihi
967 5379 980 5414 :
1018 5359 1120 5419 Fili
1152 5359 1363 5433 Polybi.
1390 5357 1509 5413 Diti
1542 5360 1589 5414 ei
1620 5376 1633 5411 :
1665 5360 1806 5426 Quid
1833 5370 1937 5423 est,

364 5455 558 5509 Pater?
606 5453 750 5509 Dixit
792 5453 881 5508 ille
932 5454 1112 5508 mihi:
1157 5452 1215 5507 Si
1270 5452 1707 5523 navig‘avcritnus
1768 5467 1940 5522 usque

433 5629 477 5662 “
513 5626 678 5686 Rom.
713 5644 830 5694 vm,
867 5626 962 5681 28.

2042 4445 2133 4500 τοῦ
2164 4447 2388 4518 κόσμου,
2414 4450 2515 4519 τῆς
2542 4447 3086 4520 ὑπογαργαλιζούσης
3110 4449 3198 4502 ἀεὶ
3232 4449 3292 4502 τὸ
3331 4448 3497 4521 σῶμα
3535 4450 3633 4505 καὶ

2041 4538 2131 4591 τὺν
2153 4538 2430 4609 λογισμόν.
2473 4540 2666 4610 Ἔχετε
2708 4543 2924 4610 πεῖραν,
2957 4540 3040 4593 ὃτι
3072 4540 3356 4612 προσθήκη
3387 4541 3508 4594 ἐστὶ
3530 4540 3629 4594 τοῦ

2043 4630 2273 4683 Σατανᾶ.
2302 4630 2567 4695 Πολλάκις
2591 4631 2702 4702 γάρ
2736 4633 2830 4685 καὶ
2855 4632 2954 4698 τῆς
2989 4632 3191 4703 σαρκὸς
3219 4632 3627 4704 ήσυχαζούσης,

2039 4720 2068 4772 ὁ
2101 4720 2359 4789 λογισμὸς
2393 4722 2502 4775 τῶν
2537 4721 2952 4788 ἀνασφαλίστων
2996 4724 3372 4794 πεφάντασται
3399 4726 3532 4797 περὶ
3561 4726 3629 4780 τὰ

2042 4812 2262 4885 αἰσχρά.
2303 4813 2472 4867 Ὅταν
2512 4814 2567 4867 δὲ
2609 4816 2638 4867 δ
2677 4815 2800 4878 νοῦς
2834 4815 2991 4885 ἡμῶν
3033 4816 3354 4889 νήφεικκαὶ
3398 4816 3628 4888 μνήμην

2040 4905 2153 4976 ἔχει
2179 4907 2266 4960 ἀεὶ
2288 4906 2382 4960 τοῦ
2420 4906 2578 4968 Θεοῦ,
2615 4905 2855 4977 εὐχερῶς
2891 4906 3298 4963 καταταιλαῑσαι
3344 4906 3632 4977 δυνάμεθα

2040 4997 2134 5049 τοῦ
2182 4996 2397 5068 ἐχθροῦ.
2434 4997 2619 5054 Ταῦτα
2669 4995 2836 5050 eli-xcv
2870 4997 3209 5066 Ἐπιφάνιος,
3258 4998 3355 5050 καλ⁵
3401 4997 3629 5052 πλείονα

2040 5087 2263 5153 τούτων,
2290 5088 2797 5160 προσκαλεσάμενος
2823 5087 3071 5151 ἅπαντας
3088 5089 3214 5152 τοὺς
3239 5090 3297 5142 ὲν
3322 5087 3400 5159 τῷ
3429 5089 3629 5160 πλοίῳ,

2041 5173 2192 5231 εἶπεν
2246 5180 2382 5252 προς
2428 5178 2624 5243 αὐτούς
2651 5195 2663 5209 ·
2714 5179 2834 5250 Χρὴ
2881 5179 3049 5249 ἡμᾶς,
3100 5180 3345 5249 ἀδελφοὶ,
3386 5181 3450 5245 ἐξ
3497 5181 3631 5253 ὅλης

2044 5271 2223 5341 ἰσχύος
2263 5272 2517 5343 δεηθῆναι
2561 5272 2653 5325 τοῦ
2692 5270 3077 5342 φιλανθρώπου
3106 5271 3266 5335 Θεοῦ,
3313 5271 3467 5334 ὅπως
3516 5272 3634 5326 δια-

2043 5362 2204 5416 σώσει
2232 5365 2397 5434 ἡμᾶς,
2430 5364 2524 5416 καὶ
2562 5363 2750 5434 μηδεὶς
2784 5361 2890 5416 τῶν
2921 5362 2978 5416 ἐν
3014 5361 3091 5432 τῷ
3118 5361 3290 5432 πλοίῳ
3313 5361 3628 5418 ἀπολεῖται.

2043 5454 2237 5507 Μέλλει
2266 5455 2373 5525 γὰρ
2399 5455 2605 5509 κλύδων
2635 5452 2877 5520 γίνεσθαι
2912 5452 3102 5524 μέγας.
3137 5452 3279 5507 Ἀλλ’
3308 5451 3629 5523 εὐθυμεῖτε·
