3808 6108
345 234 437 295 tn

1642 237 1701 292 S.
1743 234 2085 290 EPIPIMNII
2129 235 2310 293 VITA.

3516 230 3616 285 ΗΞ

344 354 411 410 ad
441 351 607 423 pedes
638 350 777 423 ejus,
804 348 1066 421 et‘tetig'it
1090 363 1207 417 eos,
1226 350 1419 405 statim
1454 352 1713 406 surrexit.
1746 350 1810 405 Et
1841 367 1910 406 ce

2064 347 2124 404 ὗν
2152 352 2309 424 τρίτῃ
2336 351 2518 423 ἡμέρα
2561 353 2797 423 ήνεγκαν
2829 351 2991 406 αὐτὸν
3020 352 3389 422 βαστάσαντες
3418 350 3470 402 οἱ
3496 346 3617 402 ναῦ-

344 444 476 500 cidit
516 444 682 499 timor
724 457 889 513 super
935 456 1145 506 omnes,
1177 440 1272 510 qui
1307 451 1463 495 erant
1508 441 1562 495 in
1605 442 1752 495 navi.
1784 441 1921 495 Cum

344 552 447 592 nos
486 544 664 591 autem
713 535 1127 603 navigassemus
1180 532 1557 586 Constantiam
1604 533 1672 587 ad
1719 533 1921 598 locum,

343 630 433 698 qui
462 628 663 683 dicitur
692 624 1123 688 Diancuterinm,
1155 624 1360 694 egressi
1392 634 1522 679 sunt
1550 633 1730 679 nautae
1763 639 1793 679 e
1826 639 1925 678 na-

341 720 417 783 vi,
444 728 497 773 et
544 718 879 772 cirruierunt
926 726 1096 770 totam
1135 714 1434 782 civitatem,
1467 726 1520 770 et
1549 717 1924 771 clamaverunt

342 828 467 866 cum
496 810 709 878 magnis
734 810 991 864 vocibus:
1012 806 1124 862 Viri
1148 808 1365 870 fratres,
1394 809 1489 877 qui
1510 809 1648 863 viris
1666 808 1924 878 frequen-

341 908 449 954 tem
483 900 741 953 habitatis
778 897 1275 954 Constantiensium
1305 899 1602 961 civitatem,
1636 899 1920 953 descendi-

343 999 393 1042 te
423 989 489 1042 ad
535 1002 683 1042 mare
720 988 774 1042 in
812 989 1015 1051 locum,
1046 988 1140 1056 qui
1175 988 1374 1043 dicitur
1410 987 1837 1050 Diancuterium,
1868 998 1922 1042 et

341 1080 567 1143 accipite
603 1080 860 1149 reliquias
885 1081 1058 1135 sancti
1111 1089 1165 1135 et
1215 1081 1373 1149 longe
1409 1081 1706 1136 beatissimi
1742 1080 1920 1135 Patris

344 1170 517 1225 nostri
548 1169 855 1240 Epiphanii.
882 1169 1047 1225 Finiit
1071 1172 1216 1226 enim
1250 1172 1416 1225 vitam
1443 1170 1921 1227 humauam.Tunc

338 1261 557 1330 quidem
588 1261 900 1316 ceciderunt
935 1263 1168 1317 tenebrae
1199 1277 1365 1332 super
1385 1262 1695 1317 universam
1724 1263 1917 1318 civita-

338 1363 467 1418 tem,
497 1359 553 1406 et
598 1365 658 1406 se
707 1351 962 1406 manibus
1006 1362 1254 1407 tenentes
1285 1351 1623 1407 descendunt
1652 1352 1718 1407 ad
1747 1367 1917 1419 mare,

340 1459 596 1515 magnum
640 1445 916 1514 planctum
964 1443 1271 1501 aﬂerentes.
1311 1445 1414 1502 Sed
1460 1460 1654 1501 omnes
1700 1461 1920 1517 quoque

341 1536 526 1591 rustici
551 1535 840 1591 veniebant
866 1535 919 1589 in
943 1535 1355 1606 civitatem,per
1379 1545 1549 1592 totam
1581 1537 1721 1589 viam
1746 1535 1920 1590 llum-

336 1640 416 1684 tes
485 1629 761 1700 lacrymis.
816 1625 1084 1694 Quocirca
1166 1637 1279 1684 tres
1342 1642 1564 1698 quoque
1618 1626 1771 1692 ιιωοί,
1823 1627 1920 1696 qui

2029 460 2119 496 ται
2150 445 2316 512 ἐγγὺς
2345 443 2687 512 Ἐπιφανίου.
2706 445 2793 508 Ὠς
2821 444 2877 497 δὲ
2907 444 3109 514 ἔθηκαν
3132 443 3296 496 αὐτὸν
3330 441 3480 509 παρά
3498 441 3617 503 τοῦς

2032 534 2199 598 πόδας
2243 534 2431 598 αὺτοῦ,
2459 534 2637 604 ἥψατο
2677 534 2786 588 τῶν
2836 536 3013 589 ποδῶν
3063 533 3250 597 αὐτοῦ,
3279 532 3375 585 καὶ
3422 530 3616 593 εὐθέως

2032 625 2264 695 ἀνέστη·
2316 627 2412 679 καὶ
2462 625 2625 695 φόϐος
2671 627 2866 681 ἔπεσεν
2916 628 3010 681 ἐπὶ
3056 628 3267 688 πάντας
3296 624 3425 686 τοὺς
3455 625 3513 675 ἐν
3545 623 3618 691 τῷ

2031 716 2221 787 πλοίῳ.
2250 717 2762 771 Καταπλευσάντων
2786 719 2842 772 δὲ
2868 720 3027 790 ἡμῶν
3053 720 3109 771 ὲν
3139 715 3498 784 Κωνσταντία
3532 714 3622 765 ἐπὶ

2029 810 2107 881 τῷ
2145 812 2295 882 τόπῳ
2320 810 2640 881 καλουμένῳ
2672 811 3060 882 Διανευτηρίῳ,
3091 808 3314 879 ἐξῆλθον
3349 808 3400 859 οἱ
3428 804 3619 857 ναῦται

2031 901 2138 954 ἀπὸ
2167 901 2262 955 τοῦ
2297 904 2503 967 πλοίου,
2539 904 2633 957 καὶ
2660 901 2980 955 ἐκύκλωσαν
3024 901 3120 971 τὴν
3166 900 3321 951 πόλιν
3355 900 3446 950 καὶ
3485 898 3619 966 μετὰ

2031 993 2224 1062 φωνῶν
2275 995 2527 1065 μεγάλων
2580 994 2845 1067 ἔκραζον·
2884 992 3109 1063 ’Ἄνδρες
3139 991 3375 1059 ἀδελφοὶ.
3422 991 3472 1041 οἱ
3525 987 3620 1056 τὴν

2030 1086 2361 1158 πολύανδρον
2413 1087 2744 1158 μητρόπολιν
2788 1084 3168 1139 Κωνσταντίαν
3217 1081 3617 1143 κατοικοῦντες.

2030 1179 2342 1245 κατέλθετε,
2378 1180 2563 1251 φησιν,
2591 1181 2684 1233 ἐπὶ
2729 1180 2830 1251 τῆς
2863 1178 3137 1249 θαλάσσης
3167 1180 3224 1231 ὲν
3257 1176 3336 1247 τῷ
3367 1176 3522 1246 τόπῳ
3546 1174 3621 1244 τῷ

2031 1272 2350 1341 καλουμένῳ
2379 1273 2768 1343 Διανευτηρίῳ.
2795 1273 2888 1325 καὶ
2916 1271 3111 1326 λάϐετε
3141 1270 3203 1324 τὸ
3233 1272 3419 1341 τίμιον
3441 1268 3617 1337 λείψα-

2030 1379 2119 1415 νον
2150 1361 2244 1415 τοῦ
2286 1362 2433 1415 έσίου
2482 1362 2697 1433 Πατρὸς
2729 1362 2884 1433 ἡμῶν
2912 1361 3256 1431 Ἐπιφάνίου.
3306 1359 3621 1413 Κατέλυσεν

2029 1454 2138 1524 γάρ
2181 1453 2275 1507 τὸν
2315 1454 2657 1525 ἀνθρώπινον
2700 1456 2833 1527 βίον.
2872 1456 3006 1508 Τότε
3029 1454 3093 1525 δὴ
3129 1454 3321 1515 σκότος
3350 1453 3619 1505 ἐπέπεσεν

2028 1548 2122 1599 ἐπὶ
2170 1548 2352 1600 πᾶσαν
2397 1546 2497 1617 τὴν
2548 1548 2722 1610 πόλιν,
2754 1549 2848 1600 καὶ
2882 1549 3107 1608 ἑαυτοὺς
3150 1542 3618 1616 χειραγωγοῦντες

2029 1639 2366 1709 κατήρχοντο
2387 1640 2479 1691 ἐπὶ
2505 1638 2607 1709 τῆς
2634 1638 2934 1710 θαλάσσης,
2967 1638 3194 1693 κοπετὸν
3227 1637 3403 1708 μέγαν
3431 1635 3613 1690 ποιού-

334 1730 490 1774 erant
537 1721 591 1774 in
638 1721 896 1790 parmcia,
926 1735 1048 1790 que
1096 1720 1400 1789 appellatur
1432 1717 1606 1782 Torti,
1655 1733 1716 1773 se
1747 1718 1827 1773 sic
1861 1719 1910 1773 in

2060 1747 2195 1784 ενοι.
2214 1731 2375 1784 Ἀλλά
2403 1732 2498 1785 καὶ
2534 1733 2683 1786 πάσα
2727 1735 2761 1805 ή
2792 1733 3050 1805 ἀγροικία
3102 1734 3439 1804 κατεσύρετο
3466 1734 3528 1785 ὲν
3553 1734 3618 1803 τῇ

335 1813 479 1866 viam
524 1811 909 1881 coniecerunt;
950 1825 1051 1866 nec
1091 1810 1237 1866 ullus
1279 1810 1443 1865 dabat
1468 1811 1550 1865 eis
1584 1825 1829 1877 manum,
1861 1820 1922 1864 ut

335 1904 500 1959 citius
544 1905 797 1959 venirent
848 1905 901 1958 in
950 1903 1252 1958 civitatem.
1289 1902 1435 1956 Dixit
1464 1911 1646 1956 autem
1678 1916 1823 1955 unus
1852 1917 1917 1957 ex

335 1994 417 2049 eis
447 1994 1010 2050 nomineProsechius
1040 2012 1054 2048 :
1089 1993 1259 2064 Digne
1285 1992 1377 2048 Dei
1411 2002 1601 2049 sancte
1626 1991 1918 2063 Epiphani,

336 2088 421 2142 rae
446 2103 548 2142 nos
565 2088 839 2157 aspicere,
862 2099 926 2142 ut
957 2103 1057 2143 nos
1082 2103 1303 2159 quoque
1348 2090 1642 2143 adoremus
1670 2100 1792 2142 tuas
1822 2100 1915 2141 ve-

333 2178 602 2233 nerabiles
654 2179 932 2248 reliquias.
978 2177 1051 2233 Et
1092 2180 1277 2234 statim
1324 2188 1688 2249 aspexerunt;
1731 2186 1786 2232 et
1834 2179 1918 2231 in~

329 2269 502 2337 gressi
524 2269 578 2323 in
600 2269 897 2335 civitatein,
924 2270 1224 2324 adorarunt
1248 2270 1584 2324 venerandas
1611 2270 1788 2324 sancti
1814 2267 1918 2323 Pa-

330 2360 426 2415 tris
457 2360 717 2432 reliquias
751 2379 765 2416 :
795 2371 849 2417 et
874 2363 1275 2417 annuntiarunt
1313 2364 1366 2417 id
1410 2364 1557 2433 quod
1598 2365 1682 2419 eis
1728 2365 1783 2419 in
1829 2363 1917 2418 via

327 2459 604 2506 evenerat.
631 2450 959 2522 Quicunque
979 2460 1161 2507 autem
1187 2454 1501 2515 audierunt,
1528 2453 1701 2508 Deum
1724 2452 1913 2508 lauda-

329 2549 478 2604 runt,
511 2542 607 2610 qui
641 2543 709 2597 iis
739 2542 835 2612 qui
868 2556 930 2597 se
957 2552 1087 2597 sunt
1115 2541 1287 2614 digiti,
1318 2544 1519 2613 prazbet
1545 2543 1693 2598 talia.

2018 1821 2193 1887 πόλει,
2217 1821 2285 1875 τά
2332 1822 2543 1891 δάκρυα
2594 1825 2717 1878 καθ’
2746 1825 2866 1878 ὁδὸν
2912 1825 3260 1895 ἐπιχέοντες·
3304 1824 3452 1877 ὥστε
3501 1826 3616 1888 καὶ,

2017 1912 2185 1983 τριῶν
2214 1912 2431 1983 τυφλῶν
2458 1914 2628 1969 ὄντων
2659 1917 2718 1969 ὲν
2745 1915 3008 1988 παροικίᾳ
3052 1916 3414 1987 ἐπιλεγομένη
3446 1917 3617 1987 Στορ-

2017 2006 2181 2075 τυκῇ,
2212 2007 2271 2058 ὲν
2319 2009 2386 2076 τῇ
2439 2007 2545 2078 ὁδῷ
2578 2008 2806 2072 ἑαυτοὺς
2839 2008 3208 2079 ἐμϐαλόντων,
3238 2008 3414 2071 οὐδεὶς
3447 2008 3618 2061 ἑπιδῖ-

2017 2091 2110 2146 δου
2140 2092 2351 2158 τούτοις
2385 2098 2561 2166 χεῖρα,
2594 2097 2743 2161 ὅπως
2768 2097 2955 2167 τάχιον
2981 2098 3373 2169 συμφθάσωσιν
3404 2099 3499 2151 ἐπὶ
3519 2098 3619 2168 τὴν

2019 2182 2173 2237 πόλιν
2193 2200 2208 2215 ·
2244 2180 2398 2237 εἶπεν
2422 2185 2478 2239 δὲ
2509 2188 2573 2239 ὲκ
2597 2187 2708 2240 τῶν
2732 2188 2897 2259 τριῶν
2930 2191 2959 2243 ὁ
3006 2185 3088 2253 εἷς
3133 2189 3362 2260 ὀνόματι
3437 2190 3618 2261 Προσ-

2017 2274 2161 2344 έχιος
2180 2293 2193 2306 ·
2217 2276 2374 2344 ’Ἀγιε
2394 2276 2490 2330 τοῦ
2514 2277 2670 2343 Θεοῦ,
2691 2281 2805 2333 ὅσιε
2820 2281 3126 2349 Ἐπιφάνιε,
3142 2280 3365 2352 ποίησον
3381 2280 3617 2335 ἀναϐλέ-

2015 2361 2135 2431 ψαι,
2172 2364 2320 2429 ὅπως
2364 2367 2456 2418 καὶ
2483 2368 2646 2437 ἡμεῖς
2680 2372 3150 2441 προσκυνήσωμεν
3193 2370 3254 2423 τὸ
3295 2371 3480 2441 τίμιόν
3517 2388 3614 2426 σου

2020 2450 2289 2522 λείψανον.
2329 2456 2438 2508 Καὶ
2480 2459 2683 2523 εὐθέως
2722 2461 3041 2530 ἀνέϐλεψαν,
3073 2463 3167 2516 καὶ
3197 2463 3537 2527 εἰσελθόντες
3559 2465 3616 2515 ἐν

2018 2547 2084 2616 τῇ
2113 2546 2265 2600 πόλει
2291 2550 2705 2622 προσεκύνησαν
2737 2553 2798 2607 τὸ
2841 2554 3018 2626 τίμιον
3044 2554 3293 2625 λείψανον
3331 2556 3427 2609 τοῦ
3463 2557 3616 2611 ὁσίου

330 2631 576 2704 Πατρός·
608 2633 952 2705 ἀπήγγειλαν
987 2634 1044 2688 δὲ
1076 2635 1137 2688 τὸ
1171 2636 1385 2707 συμϐὰν
1414 2636 1601 2700 αὐτοῖς
1645 2636 1789 2691 κατὰ
1829 2637 1929 2709 τὴν
1967 2637 2107 2692 ὁδόν.
2163 2640 2520 2707 Ἀκούσαντες
2544 2645 2600 2699 δὲ
2627 2646 2883 2713 ἂπαντες,
2922 2647 3173 2714 ἐδόξαζον
3201 2649 3292 2703 τὸν
3325 2649 3461 2703 Θεὸν
3523 2651 3615 2702 τὸν

329 2722 556 2777 τοιαῦτα
580 2724 891 2796 παρέχοντα
912 2728 1027 2790 τοῖς
1057 2726 1228 2791 ἀξίοις
1261 2727 1447 2783 αὐτοῦ.

400 2813 607 2869 LXVII.
648 2814 960 2873 Honorilice
977 2834 1107 2893 ergo
1134 2833 1164 2873 e
1191 2820 1314 2874 navi
1346 2820 1598 2877 tollentes
1627 2822 1908 2893 reliquias,

326 2905 745 2961 introduxerunt
769 2906 823 2961 in
855 2890 1165 2964 ecclesiam.
1194 2907 1383 2981 Ibique
1412 2913 1611 2968 mansit
1642 2890 1905 2978 tres—dies,

2087 2821 2202 2876 EZ'.
2247 2823 2311 2876 Ἀ
2322 2840 2511 2895 ραντες
2531 2821 2626 2881 οὖν
2650 2827 2757 2881 ἀπὸ
2788 2829 2882 2883 τοῦ
2911 2830 3099 2901 πλρίου
3124 2831 3186 2885 τὸ
3211 2831 3487 2900 λείψανον,
3517 2853 3613 2907 μευ

2015 2913 2084 2967 τὰ
2135 2914 2337 2987 πολλῆς
2394 2918 2559 2988 τιμῆς
2623 2920 2949 2991 εἰσήνεγκαν
3002 2926 3083 2989 εἰς
3136 2924 3237 2996 τήν
3287 2926 3610 2997 ἐκκλησίαν.

324 3011 502 3067 neque
531 2997 895 3067 sepeliebatur
918 3012 1148 3071 propter
1176 3017 1429 3071 magnam
1476 3006 1906 3061 contentionem.

2060 3005 2241 3075 Εἰμεινε
2272 3006 2330 3060 δὲ
2357 3010 2507 3079 τρεῖς
2532 3011 2768 3082 ἡμέρας,
2804 3013 2898 3066 καὶ
2937 3015 3037 3068 οὐκ
3074 3014 3359 3082 ἐθάπτετο,
3390 3018 3481 3071 διὰ
3514 3018 3614 3090 τὴν

323 3085 531 3152 Quarto
567 3096 748 3141 autem
778 3088 867 3141 die
893 3088 1072 3158 ipsum
1100 3090 1154 3144 in
1187 3091 1388 3158 loculo,
1413 3093 1571 3148 melle
1595 3095 1906 3165 superfuso,

321 3186 770 3245 composuerunt.
809 3176 1176 3249 [Cogitabam
1211 3183 1364 3237 enim
1409 3199 1534 3239 eum
1579 3188 1809 3256 sepelire
1854 3188 1907 3242 in

323 3263 605 3338 ecclesia.]
658 3263 834 3321 Mansi
861 3281 990 3321 vero
1015 3281 1224 3338 septem
1255 3271 1372 3325 dies
1402 3272 1454 3326 in
1474 3274 1713 3330 ecclesia
1744 3291 1911 3345 prope

325 3356 630 3428 reliquias:
661 3365 716 3413 et
763 3373 833 3412 ne
878 3360 959 3414 sic
1000 3362 1217 3429 quidem
1271 3372 1357 3418 est
1393 3365 1657 3434 sepultus.
1702 3366 1910 3423 Octavo

324 3450 508 3521 itaque
535 3449 642 3515 die,
688 3464 835 3515 cum,
868 3460 927 3505 ut
953 3452 1193 3521 jusserat
1239 3465 1464 3512 sanctus
1488 3456 1672 3524 Pater,
1712 3474 1909 3514 navent

323 3540 678 3605 invenissem,
707 3557 829 3612 quae
864 3544 1170 3612 trajiciebat
1217 3547 1270 3600 in
1321 3547 1642 3620 Egyptum,
1688 3551 1909 3605 ascendi

322 3630 378 3684 in
400 3630 743 3700 superiorem
774 3631 1126 3701 Thebaidem,
1154 3646 1208 3690 et
1236 3640 1412 3694 mansi
1442 3656 1588 3694 anno
1614 3655 1742 3695 uno.
1768 3641 1908 3697 Cum

322 3731 504 3777 autem
558 3723 912 3780 descenderet
960 3741 1196 3798 magnus
1243 3727 1559 3797 Heracleon,
1594 3748 1797 3803 prases
1825 3745 1909 3790 ιο-

323 3815 430 3870 tius
461 3812 703 3886 Egypti,
741 3815 1120 3874 llhinocurura
1170 3819 1330 3891 (eam
1359 3824 1503 3877 enim
1529 3825 1717 3879 urbem
1750 3827 1906 3880 habi-

321 3906 521 3978 tabat),
553 3916 609 3964 et
661 3908 928 3965 audiisset
980 3926 1067 3967 me
1116 3911 1286 3979 fuisse
1340 3915 1669 3985 discipulum
1724 3920 1904 3989 magni

322 3997 632 4070 Epiphanii,
668 4014 755 4057 me
781 4004 1055 4060 nolentem
1086 4008 1268 4076 rapuit
1292 4023 1390 4079 per
1422 4009 1641 4073 milites,
1676 4010 1905 4079 imposi-

320 4100 547 4162 tumque
578 4095 789 4148 camelo
822 4095 1071 4151 dromadi
1119 4098 1314 4155 detulit
1359 4100 1761 4157 llhinocurura.
1798 4104 1909 4158 Ac-

319 4182 452 4237 cidit
480 4195 685 4250 autem,
724 4198 781 4242 ut
814 4191 1108 4259 episcOpus
1147 4191 1364 4246 illorum
1392 4192 1699 4250 decederet.
1736 4193 1906 4250 Fecit-

319 4288 429 4343 que
456 4284 518 4330 ut
542 4278 827 4335 ordinarer
850 4283 1141 4351 episcopus
1172 4282 1708 4340 Rhinocururorum.

325 4468 808 4545 Epistolaj’olybii
835 4474 1086 4545 episcopi,
1121 4470 1345 4533 civitatis
1383 4478 1810 4535 thinocururum
1833 4484 1902 4536 ad

562 4540 817 4597 Sabinum
851 4540 1156 4615 episcopum
1194 4547 1667 4606 Conslantiensem.

386 4715 619 4772 Domino
676 4718 728 4773 in
794 4717 907 4774 Deo
958 4721 1289 4785 venerando,
1339 4721 1503 4793 digno
1566 4725 1896 4787 sacerdotio,

317 4820 508 4864 sancto
539 4808 683 4865 Patri
736 4809 940 4865 Sabino
989 4813 1245 4882 episc0po
1299 4813 1534 4868 civitatis
1566 4814 1900 4870 Constantia

316 4897 501 4970 Cypri,
535 4898 791 4972 Polybius
823 4908 1079 4970 peccator
1111 4900 1164 4953 in
1197 4898 1433 4956 Domino
1472 4902 1721 4957 salutem.
1758 4903 1898 4974 Magi

318 4988 610 5058 singularis
637 4992 849 5061 gratim,
881 4990 961 5045 vel
988 5000 1282 5059 antequam
1308 4993 1463 5046 stella
1487 4994 1567 5047 eis
1606 4993 1895 5049 Dominum

317 5078 697 5147 significasset,
750 5082 1047 5153 participes
1090 5082 1239 5149 facti,
1277 5083 1483 5137 vadunt
1532 5083 1896 5155 Hierusalem,

317 5179 479 5239 atque
514 5168 851 5240 Buthlchcm,
879 5177 945 5229 ad
989 5176 1328 5231 adorandum
1375 5178 1652 5232 cmlestcm
1714 5196 1893 5249 regem

315 5257 589 5314 Christum
628 5263 914 5317 Dominum
950 5278 1216 5322 nostrum.
1257 5268 1372 5323 Nisi
1407 5269 1551 5323 enim
1590 5271 1624 5323 ii
1663 5268 1897 5325 fuissent

232 5424 239 5431 ‘
318 5351 469 5420 prius
517 5352 810 5423 participes
856 5356 1052 5412 divinm
1100 5359 1451 5429 cognitionis,
1488 5359 1579 5413 Dei
1627 5363 1893 5417 visionem

264 5604 268 5610 ,
389 5548 465 5632 (ιι)
505 5550 679 5637 Xertit
708 5554 975 5637 interpres
1001 5555 1157 5637 quasi
1188 5557 1377 5637 legerit
1402 5558 1522 5637 μέλι
1545 5558 1815 5637 *βαλόντες
1836 5563 1894 5614 ἐν

320 5622 482 5692 σορῷ.
504 5622 636 5688 Qua:
666 5622 922 5679 auteniﬁin
958 5622 1103 5679 tritu
1137 5622 1331 5682 Latino
1361 5622 1516 5685 uncis
1544 5622 1887 5696 i'ncStIsinrus,

2014 3094 2214 3167 πολλὴν
2254 3097 2593 3166 ’φιλονεικίαν
2641 3100 2838 3155 αὐτῶν.
2874 3103 2952 3174 Τῇ
2998 3100 3093 3158 οὖν
3139 3105 3377 3178 τετάρτῃ
3422 3110 3612 3181 ἡμέρᾳ

2017 3187 2154 3258 μέλη
2191 3187 2442 3258 βαλόντες
2474 3191 2532 3243 ἑν
2562 3192 2777 3264 Σκυρίῳ
2813 3195 2888 3265 (a)
2918 3195 3110 3248 ἔϐαλον
3138 3197 3321 3251 αὐτόν.
3344 3191 3613 3273 Ἐπόίησα

2013 3276 2069 3328 δὲ
2096 3276 2207 3345 ἐγὼ
2233 3280 2333 3339 τὰς
2360 3275 2403 3343 ζ’
2435 3281 2648 3350 ἡμέρας
2682 3283 2741 3336 ἐν
2764 3286 2829 3355 τῇ
2858 3284 3127 3359 ἐκκλησίᾳ
3160 3287 3307 3358 παρὰ
3329 3289 3390 3342 τὸ
3415 3289 3609 3350 λείψα-

2014 3381 2103 3419 νον
2125 3385 2138 3399 ο
2172 3369 2264 3421 καὶ
2290 3369 2411 3423 οὐδὲ
2436 3371 2608 3435 οὕτως
2629 3375 2824 3447 ἐτάφη.
2862 3377 2940 3448 Τῇ
2968 3374 3061 3431 οὖν
3084 3378 3246 3451 όγδὸῃ
3286 3381 3476 3455 ήμέρα
3507 3403 3611 3439 κα-

2012 3456 2081 3510 τὰ
2108 3460 2207 3529 τὴν
2236 3460 2307 3530 (b)
2340 3461 2433 3515 τοῦ
2480 3463 2628 3517 ὁσίου
2662 3466 2877 3539 Πατρδς
2906 3462 3063 3540 εὗρον
3096 3471 3280 3525 πλοῖον
3324 3473 3609 3546 διαπερῶν

2012 3550 2092 3613 είς
2122 3551 2414 3618 Αἴγυπτον,
2449 3554 2543 3607 καὶ
2585 3557 2824 3612 ἀνελθὼν
2868 3560 3208 3627 ἀπέπλευσα,
3243 3565 3338 3618 καὶ
3373 3567 3609 3637 ἀνῆλθον

2013 3643 2093 3705 εἰς
2116 3643 2214 3715 τὴν
2237 3642 2348 3697 ἄνω
2374 3645 2637 3718 Θηϐαΐδα,
2670 3651 2763 3703 καὶ
2790 3652 3025 3723 ἐποίησα
3051 3655 3317 3710 ἐνιαυτόν.
3341 3659 3452 3712 Καὶ
3476 3678 3610 3714 κατ-

2012 3733 2305 3804 ερχόμενος
2356 3738 2384 3789 ό
2437 3738 2612 3807 μέγας
2657 3740 2992 3812 Ἡρακλείων
3025 3748 3053 3799 ὁ
3083 3747 3266 3819 ἄρχων
3304 3750 3408 3822 τῆς
3437 3754 3605 3823 A376-

2013 3841 2146 3878 πτου
2189 3827 2283 3879 ἐπὶ
2321 3829 2782 3905 Ῥινοκουρούρων
2809 3836 2907 3905 τὴν
2938 3838 3089 3891 πόλιν
3122 3837 3230 3913 (ἦν
3258 3843 3369 3915 γάρ
3402 3847 3499 3898 καὶ
3532 3849 3608 3901 oi-

2012 3916 2199 4008 κήτωρ
2227 3920 2399 3991 αὐτῆς
2424 3922 2463 3988 ),
2500 3923 2741 3988 ἀκούσας
2789 3927 2871 4007 ὅτι
2918 3930 3167 4003 μαθητὴς
3207 3935 3481 4008 ἐγενόμην
3509 3939 3607 3992 τοῦ

2014 4005 2248 4075 μεγάλου
2276 4008 2615 4079 Ἐπιφανίου,
2648 4013 2722 4085 μὴ
2764 4005 3008 4079 θέλοντός
3046 4036 3168 4088 μου,
3193 4019 3282 4074 διὰ
3333 4005 3607 4093 στρατιω-

2009 4094 2117 4148 τῶν
2148 4096 2395 4169 ἥρπασέν
2428 4117 2517 4171 με,
2550 4102 2645 4154 καὶ
2690 4104 2784 4156 ἐπὶ
2811 4103 3213 4178 δρομοκαμήλῳ
3247 4108 3602 4177 ἐπικαθίσας,

2009 4187 2347 4257 κατήνεγκέν
2374 4206 2440 4259 με
2461 4191 2543 4254 εἰς
2576 4191 3014 4267 Ῥινοκούρουρα.
3051 4197 3255 4270 Συνέϐη
3280 4198 3336 4252 δὲ
3364 4199 3459 4255 τὸν
3481 4203 3603 4254 ἐπί-

2011 4292 2211 4330 σκοπον
2244 4279 2334 4333 τὸν
2357 4282 2475 4334 ἐκεῖ
2500 4282 2836 4355 τελευτῆσαι,
2862 4288 2953 4340 καὶ
2985 4289 3240 4360 ἐποίησέν
3266 4308 3334 4362 με
3361 4310 3604 4365 χειροτο-

2011 4365 2237 4437 νηθῆναι
2258 4370 2553 4426 ἐπίσκοπον
2584 4374 2683 4445 τῆς
2706 4376 3034 4449 Ἐκκλησίας
3076 4381 3562 4455 Ῥινοκουρούρων.

2017 4499 2336 4582 Ἐπισταίὴ
2385 4507 2687 4582 Πολυϐίου
2736 4510 3080 4582 ἐπισκόπου
3132 4516 3368 4582 πόλεως
3410 4519 3602 4572 Ῥινο-

2072 4574 2415 4693 κρυρούρων
2448 4578 2596 4644 πρὸς
2625 4578 2881 4633 Σαϐῖνον
2911 4583 3252 4638 ἐπίσκοπον
3277 4574 3603 4642 Κῶνσταν·

2074 4656 2105 4693 τ
2133 4658 2225 4706 ας.

2073 4746 2262 4818 Κυρίῳ
2311 4746 2617 4824 θεοτιμήτῳ
2646 4755 2781 4827 ἀξίῳ
2814 4757 2914 4829 τῆς
2942 4759 3263 4832 ἱερωσύνης,
3309 4764 3457 4836 ἁγίῳ
3484 4766 3597 4818 Πα-

1999 4839 2090 4911 τρὶ
2117 4841 2400 4914 ὲπισκόπῳ
2447 4844 2658 4917 Σαϐίνῳ
2707 4847 2912 4914 πόλεως
2942 4851 3329 4918 Κωνσταντίας
3358 4856 3462 4926 τῆς
3488 4858 3599 4910 Κύ-

2001 4945 2162 4999 πρου,
2216 4931 2474 4996 Πολύϐιος
2520 4935 2845 5008 ἁμαρτωλὸς
2900 4942 2956 4994 ἐν
3013 4943 3206 5016 Κυρίῳ
3262 4946 3501 5018 χαίρειν.
3533 4950 3595 5001 0i

2004 5021 2165 5091 μάγοι
2212 5022 2310 5095 τῆς
2356 5024 2578 5095 χάριτος
2624 5031 2892 5100 μετεῖχον,
2927 5032 3070 5103 λέγω
3112 5035 3175 5106 δή
3229 5037 3337 5108 πρὸ
3380 5039 3480 5092 τοῦ
3507 5039 3596 5094 τὸν

1998 5109 2203 5182 ἀστέρα
2250 5113 2434 5177 αὐτοῖς
2509 5119 2891 5190 καταμηνῦσαι
2941 5121 3039 5194 τὴν
3086 5122 3275 5194 βαδίαν
3322 5127 3596 5181 ποιεῖσθαι

2000 5199 2095 5291 ἐπὶ
2136 5202 2512 5275 Ἰερουσαλὴμ,
2546 5208 2638 5261 καὶ
2677 5210 2734 5261 ὲν
2779 5210 3025 5284 Βηθλεὲμ
3072 5215 3165 5268 ἐπὶ
3216 5221 3594 5291 προσκυνήσει

1998 5290 2092 5343 τοῦ
2140 5294 2378 5364 μεγάλου
2421 5296 2684 5366 βασιλέως
2724 5302 2905 5373 Ἰησοῦ
2951 5306 3189 5378 Χριστοῦ
3238 5308 3338 5363 τοῦ
3382 5290 3595 5383 Κυρίου

1999 5385 2174 5455 ἡμῶν.
2204 5388 2265 5439 Εἰ
2303 5388 2377 5461 μὴ
2423 5390 2533 5461 γὰρ
2579 5387 2723 5463 εἶχον
2764 5397 2920 5449 αὐτοὶ
2970 5397 3304 5466 θεογνωσίαν
3332 5403 3394 5455 τὸ
3439 5404 3589 5475 πρὶν,

1997 5565 2050 5617 in
2077 5564 2264 5619 Graeco
2292 5567 2510 5624 desunt.
2557 5568 2713 5625 Enn.
2748 5570 2990 5628 PATROL.

2073 5635 2144 5705 (ὸ)
2186 5639 2347 5689 Κατὰ
2374 5639 2503 5694 τήν.
2551 5644 2752 5714 διιιιριε
2785 5643 3027 5715 ἐντολήν.
3073 5644 3151 5699 In.
