3808 6166
222 352 309 410 H7

1197 351 1254 409 S.
1290 350 1639 408 EPIPHAMI
1699 350 1881 408 ACTA
1916 351 2420 410 BOLLANDIANA.

3371 368 3493 426 ηδε

228 470 317 526 SS.
353 466 511 524 Nerei
553 476 607 524 et
650 467 900 535 Achillei,
951 467 1128 539 primo
1181 467 1303 524 loco
1354 469 1783 530 ueminatorum,
1819 467 1863 524 Δ
1896 466 2190 534 hemiticis,
2221 486 2368 525 armo
2395 470 2533 526 1554
2555 472 2731 528 aliaue
2768 472 2989 531 fuerinF
3016 476 3071 533 in
3096 498 3101 507 ’
3131 474 3472 547 Blihemia'm;
3518 483 3529 517 θ

222 576 336 615 mox
363 559 535 623 addit,
574 579 593 612 ι
639 557 697 614 S.
735 558 794 613 P.
827 558 894 614 Ν.
935 557 1225 630 Epiphanii
1258 558 1501 630 episcopi
1541 559 1725 631 Cypri.
1761 579 1779 611 ι

226 652 396 707 Secuti
434 651 552 707 Ado
599 659 653 706 et
697 649 1003 718 Usuardus,
1044 652 1298 708 ultimum
1345 655 1622 717 eumdem,
1667 659 1793 722 post

228 750 440 797 caewros
469 743 684 799 scilicet
715 743 833 813 ejus
849 742 955 800 diei
988 752 1284 817 martyres,
1327 744 1648 799 locaverunt
1687 743 1790 800 hac

228 831 328 887 fere
374 832 584 903 phrasi,
622 851 641 884 ‹
679 833 834 905 Apud
861 833 1096 905 Cyprum
1135 833 1193 889 S.
1230 832 1293 892 P.
1327 832 1392 889 Ν.
1421 832 1735 906 Epiphanii,
1766 852 1783 886 ι

224 920 471 992 additque
512 923 629 977 Ado
666 943 684 975 ι
728 923 1020 979 Salamiuae
1058 924 1322 995 episcopi.
1362 944 1380 977 ι
1418 923 1626 979 llorum
1651 923 1788 979 alio-

229 1030 447 1085 rumque
477 1015 846 1085 posteriorum
885 1015 1128 1089 vestigiis
1161 1016 1433 1071 inhaerens
1462 1015 1789 1071 hodiernum

224 1102 658 1176 Martyrologium
681 1103 986 1160 Romanum
1017 1107 1301 1176 sequentia
1326 1105 1490 1161 verba
1513 1105 1791 1160 recitanda

226 1199 467 1270 proponit
501 1218 516 1254 :
561 1219 578 1252 ι
622 1198 915 1254 Salamina:
945 1199 999 1253 in
1031 1198 1212 1270 Cypro
1252 1198 1311 1253 S.
1352 1198 1644 1268 Epiphanii
1670 1198 1789 1267 epi-

225 1288 385 1359 scopi.
431 1289 524 1358 qui
578 1288 866 1357 multiplici
895 1289 1205 1344 eruditione
1234 1298 1289 1344 et
1325 1303 1613 1345 sacrarum
1645 1287 1789 1343 litte-

225 1395 397 1434 rarum
444 1381 676 1435 scientia
706 1381 997 1446 excellens,
1048 1381 1173 1436 vitae
1220 1396 1438 1452 quoque
1478 1382 1789 1447 sanctitate,

222 1477 331 1533 zelo
372 1477 657 1535 catholica:
697 1476 856 1544 ﬁdei,
914 1476 1288 1531 muniﬁcentia
1333 1477 1388 1531 in
1426 1491 1695 1547 pauperes
1737 1484 1795 1532 et

221 1570 412 1624 virtute
444 1570 836 1626 miraculorum
870 1569 1081 1626 exstitit
1112 1569 1490 1624 admirandus.
1527 1588 1548 1622 ι

285 1661 336 1716 4.
370 1661 525 1717 Sitne
562 1661 742 1718 adhuc
769 1661 970 1732 aliquis
1000 1661 1120 1732 ejus
1152 1661 1332 1717 cultus
1371 1658 1664 1743 Salamiua
1689 1674 1788 1715 su-

220 1770 333 1823 per,
361 1764 459 1810 aut
498 1754 720 1827 vestigia
763 1755 1000 1835 sepulcri
1045 1755 1175 1811 olim
1220 1764 1331 1809 tam
1382 1753 1598 1820 famosi,
1642 1753 1787 1809 haud

220 1843 371 1900 facile
414 1843 644 1900 dixero:
680 1844 941 1915 credibile
971 1820 1066 1901 ἐει
1097 1861 1222 1900 cum
1264 1843 1486 1899 fortuna
1534 1843 1639 1900 loci
1679 1859 1786 1899 ωε-
1824 1820 1865 1874 Β

219 1946 326 1991 tera
369 1951 591 2008 quoque
624 1952 747 2011 esse
785 1938 984 2007 partim
1024 1937 1252 2001 abolita,
1278 1937 1474 2009 partim
1519 1935 1790 2006 Famagu—

217 2037 351 2085 stam
378 2027 681 2095 translata;
719 2028 806 2084 ubi
835 2028 1003 2084 etiam
1037 2028 1146 2084 hoc
1181 2038 1422 2099 tempore
1454 2044 1485 2084 a
1522 2029 1790 2085 Christia-

219 2120 298 2174 uis
340 2120 536 2175 festum
575 2119 696 2190 ejus
729 2120 1047 2175 solemnitcr
1088 2121 1197 2191 agi,
1247 2121 1450 2177 indicio
1496 2130 1601 2186 est,
1641 2122 1789 2191 quod

217 2209 455 2267 Thomas
484 2210 829 2275 Porcaccius,
869 2212 924 2266 in
952 2226 1055 2266 suo
1088 2210 1160 2265 De
1188 2212 1379 2267 insulis
1406 2212 1592 2265 mundi
1619 2213 1791 2279 [amo-

216 2299 439 2354 rieribus
484 2297 673 2354 italico
705 2315 869 2369 opere
889 2339 904 2364 ,
935 2310 1063 2357 ante
1096 2316 1270 2357 annos
1313 2300 1531 2355 circiter
1569 2311 1790 2355 centqu

214 2388 444 2458 primum
483 2390 652 2457 edito,
680 2390 885 2446 scribat
916 2406 1039 2463 pag.
1074 2390 1178 2446 l50
1207 2390 1464 2446 editionis
1496 2388 1789 2454 Patavium,

216 2501 234 2532 ι
266 2482 588 2551 ερηιιιιιοειιιι
636 2481 711 2536 ibi
760 2481 972 2548 haberi,
1029 2481 1082 2536 in
1131 2496 1297 2551 quam
1347 2479 1406 2536 S.
1453 2478 1792 2551 Epiphanius

215 2571 554 2641 pmnitcntia:
579 2586 742 2626 causa
769 2570 964 2626 solitus
1008 2586 1129 2626 sese
1159 2569 1323 2624 fuerit
1343 2570 1589 2639 recipere
1622 2588 1635 2623 :
1669 2585 1792 2641 quae

212 2663 400 2717 eadem
432 2662 488 2716 in
520 2661 806 2733 pervigilio
833 2659 957 2716 festi
997 2661 1208 2717 stillare
1235 2660 1425 2730 incipit
1453 2674 1651 2730 aquam
1683 2660 1794 2715 cla-

213 2766 323 2806 ram
364 2751 786 2823 limpidamque,
834 2766 1009 2821 neque
1052 2766 1116 2806 ea
1156 2750 1381 2807 stillatio
1419 2752 1581 2806 linem
1633 2751 1794 2806 habet

211 2851 332 2897 ante
364 2843 531 2898 linem
564 2843 671 2897 dici
705 2844 988 2913 sequentis
1025 2862 1039 2899 :
1073 2843 1216 2898 hanc
1243 2852 1424 2898 autent
1454 2858 1655 2912 aquam
1686 2858 1793 2898 tua-

209 2949 312 3005 gua
340 2952 470 2991 cum
525 2936 821 2993 devotione
864 2952 896 2992 a
962 2937 1145 2992 multis
1185 2936 1389 3006 excipi,
1436 2936 1796 3006 adhiberique

208 3028 416 3084 utiliter
460 3028 533 3085 ad
579 3029 894 3084 morborum
942 3028 1263 3084 curationes
1315 3027 1579 3083 divinitus
1624 3028 1796 3097 impe-

207 3124 431 3177 trandas
459 3138 565 3195 per
592 3122 789 3178 merita
816 3121 1127 3194 Epiphanii.
1172 3142 1191 3175 υ
1218 3122 1333 3178 Sub
1358 3123 1518 3194 cujus
1552 3124 1793 3190 nomine,

211 3214 266 3268 in
294 3206 511 3271 boreali
556 3224 714 3286 parte
750 3215 965 3281 insulae,
1003 3216 1144 3273 inter
1185 3214 1463 3272 Nieosiam
1495 3227 1548 3271 et
1589 3216 1801 3271 Cerau-

208 3303 351 3371 nias,
388 3304 679 3374 hodieque
714 3306 945 3363 habetur
975 3307 1130 3363 vicus
1171 3307 1333 3378 vulgo
1355 3306 1541 3363 Sancti
1568 3306 1803 3379 Piplmui

202 3395 427 3465 dictus;
475 3412 598 3469 quo
639 3397 761 3455 loco
820 3397 994 3455 fuisse
1029 3400 1312 3469 templum,
1360 3402 1413 3455 in
1455 3398 1673 3456 Nicrena
1718 3416 1806 3472 sy-

205 3490 351 3543 nodo
409 3491 797 3555 nominatum,
844 3491 977 3547 mihi
1035 3493 1360 3562 persuadeo,
1408 3501 1630 3565 propter
1683 3495 1805 3563 ejus

201 3585 600 3643 celebritatem
634 3586 765 3641 olim
796 3595 1004 3641 tantam
1042 3595 1105 3641 ut
1139 3587 1574 3656 promontorium
1607 3588 1673 3642 ad
1704 3587 1807 3643 Ce-

203 3675 458 3741 raunias,
489 3677 662 3747 vulgo
685 3675 899 3731 Cerines
938 3690 1262 3740 excurrens,
1302 3691 1502 3731 nomen
1554 3677 1693 3731 idem
1730 3686 1808 3731 te-

200 3776 331 3822 neat
361 3767 419 3823 in
457 3766 746 3821 lnsulario
789 3765 1067 3823 Benedicti
1107 3764 1368 3832 Bordoni,
1400 3780 1605 3822 excuso
1635 3764 1807 3821 Vene-

202 3857 293 3912 tiis
320 3874 478 3915 attno
511 3857 678 3914 1547.
752 3914 757 3919 .
800 3888 813 3893 ί
1314 3918 1319 3923 .

279 3952 332 4009 5.
368 3955 566 4019 Atque
600 3950 730 4006 hinc
779 3950 1164 4010 verosimiliter
1194 3950 1463 4021 conjicere
1500 3951 1675 4021 possit
1704 3952 1806 4006 ali-

1902 569 1957 614 ct
2009 557 2208 614 Carolo
2257 559 2327 614 iV
2387 562 2701 633 imperatori
2765 575 3102 634 praesentem:
3149 583 3182 625 a
3234 567 3471 628 Protiwa

1900 648 2225 707 Swihowski
2252 650 2556 723 Segniensi,
2572 653 2692 709 viro
2717 657 2859 726 apud
2882 656 3153 715 Bohemos
3182 659 3381 718 illustri
3408 678 3475 718 ac

1896 742 2028 813 regii
2071 744 2400 814 sanguinis:
2449 764 2468 797 ι
2503 761 2625 816 qute
2668 748 2863 803 notitia
2908 752 3339 822 nune-prirnum
3387 770 3475 811 rc-

1907 842 2081 903 perta,
2114 835 2167 889 iu
2201 834 2386 893 Diario
2427 835 2715 909 Prag‘ensis
2752 838 3008 898 Ecclesia:
3049 842 3493 903 adhuedeside-t

1897 932 2069 978 ratur.

1970 1014 2024 1070 6.
2058 1013 2238 1069 Vitam
2273 1017 2414 1086 ejus,
2443 1018 2558 1089 jam
2601 1022 2735 1078 olim
2782 1024 3196 1094 conscriptam,
3225 1025 3278 1080 in
3330 1041 3469 1082 mss;

1902 1102 2179 1162 Vaticanis
2213 1103 2416 1164 Griecis
2448 1113 2773 1181 reperimus,
2801 1114 2944 1170 unde
2972 1130 3093 1171 eam
3126 1114 3320 1172 L'atine
3347 1118 3471 1173 red-

1899 1202 2068 1257 ditam
2097 1202 2308 1272 primus
2334 1206 2509 1262 edidit
2535 1207 2895 1278 Lipomanus,
2928 1209 3381 1276 deinde'Smrius,
3409 1226 3477 1268 ac

1896 1292 2134 1363 denique
2160 1294 2439 1365 Petavius,
2476 1298 2545 1354 ad
2577 1300 2785 1357 calcem
2818 1301 2951 1357 tomi
2983 1300 3047 1370 ll,
3083 1302 3268 1359 addito
3308 1302 3474 1359 etiam

1894 1395 2153 1443 contextu
2184 1388 2395 1456 Graeco,
2436 1392 2615 1462 qualis
2645 1393 2700 1449 in
2745 1392 3000 1451 Medicam
3046 1397 3190 1467 regis
3224 1394 3476 1451 Francia:

1896 1493 1999 1533 IIIS.
2048 1479 2448 1549 inveniebatur,
2479 1498 2644 1553 quem
2676 1495 2730 1539 et
2775 1500 2877 1542 nos
2919 1485 3047 1542 inde
3077 1486 3473 1558 transcriptum

1897 1584 2303 1639 acceperamus.
2347 1572 2423 1628 Ea
2469 1583 2637 1632 testes
2678 1586 2734 1632 et
2768 1587 3028 1635 auctores
3081 1577 3300 1648 praefert
3338 1578 3477 1633 duos

1894 1662 2016 1733 ejus
2059 1663 2397 1734 discipulos;
2437 1668 2619 1738 primo
2659 1667 2951 1735 Joannem,
2993 1668 3171 1741 quasi:
3203 1669 3293 1723 hic
3336 1669 3477 1723 inter

1895 1754 2014 1823 ejus
2041 1754 2344 1825 discipulos
2382 1756 2436 1811 in
2479 1759 2814 1815 monasterio
2848 1774 3013 1826 unus,
3051 1759 3472 1830 tte-peregrina-

1899 1847 2109 1902 tionum
2156 1846 2436 1903 variarum
2473 1862 2661 1906 eomes
2703 1850 3017 1905 individuus
3058 1864 3233 1920 usque
3275 1851 3328 1904 lu
3369 1847 3474 1919 Cy-

1900 1957 2056 2012 prum
2088 1941 2374 2012 scripserit
2409 1957 2472 1997 ea
2503 1952 2627 2012 quae
2661 1950 2918 1997 sanctum
2953 1941 3162 1996 viderat
3184 1939 3474 1996 facientem

1903 2031 2185 2098 miracula,
2216 2046 2393 2103 usque
2419 2031 2473 2086 in
2496 2032 2645 2086 diem
2676 2046 2788 2101 quo
2813 2030 2981 2101 cepit
2999 2039 3309 2086 extremum
3331 2030 3471 2101 ipse-

1900 2131 2014 2176 met
2032 2132 2300 2192 aegrotare
2336 2137 2349 2172 :
2384 2122 2584 2177 deinde
2616 2121 2925 2197 Polybium,
2950 2122 3037 2178 cui
3074 2121 3216 2177 idem
3239 2119 3480 2178 Joannes

1899 2213 2198 2268 moriturus
2219 2213 2559 2284 conscriptas
2585 2229 2615 2268 a
2651 2229 2711 2268 se
2751 2213 2974 2269 chartas
3004 2212 3312 2277 tradiderit,
3344 2228 3478 2283 pra:-

1899 2303 2107 2373 cipieus
2135 2313 2197 2359 ut
2234 2319 2359 2375 quae
2403 2313 2880 2375 consequerentur
2919 2303 3205 2358 mandaret
3240 2303 3479 2371 litteris;

1900 2395 2335 2466 promittensque
2379 2395 2714 2466 adjiciendos
2765 2395 2814 2451 ei
2870 2409 3047 2451 annos
3089 2394 3238 2459 vitae,
3272 2402 3331 2449 ut
3368 2403 3479 2451 toto

1901 2497 2146 2558 tempore
2174 2496 2517 2558 permaneret
2546 2487 2693 2559 apud
2728 2486 3096 2558 Epiphanlum
3129 2503 3144 2540 :
3182 2486 3276 2558 qui
3312 2486 3478 2545 etiam

1901 2576 2164 2650 Polybius
2229 2578 2355 2634 loco
2403 2576 2636 2635 Joannis
2695 2577 2767 2634 ab
2829 2576 3137 2649 Epiphanio
3198 2577 3480 2634 ordinatus

1900 2671 2202 2743 presbyter,
2246 2686 2505 2742 eumque,
2536 2680 2590 2726 et
2619 2668 2851 2726 Romam
2887 2679 2944 2725 et
2984 2669 3069 2726 bis
3100 2668 3478 2725 Constantino-

1901 2764 2067 2834 polim
2090 2774 2146 2820 et
2173 2764 2438 2819 aliorsum
2468 2763 2787 2830 comitatus,
2823 2772 3105 2818 mortuum
3140 2761 3408 2817 rerexerit
3430 2759 3481 2815 in

1901 2858 2179 2930 Cyprum;
2212 2866 2267 2912 et
2301 2856 2430 2925 quia
2458 2872 2693 2927 corpore
2727 2855 2850 2927 ejus
2887 2854 3068 2910 adhuc
3117 2854 3390 2924 insepulta
3418 2869 3481 2908 ex

1904 2961 2161 3017 suprema
2211 2947 2332 3017 ejus
2383 2946 2664 3001 voluntate
2714 2943 2995 3015 profectus
3044 2944 3099 2998 in
3149 2941 3480 2997 Thebaidem

1906 3040 1980 3094 ibi
2008 3048 2233 3096 coactus
2272 3038 2444 3095 fuerit
2502 3039 2807 3095 subsistere
2856 3036 3035 3092 factus
3083 3034 3480 3091 Rhinocoruris

1904 3129 2216 3200 episcopus,
2252 3137 2377 3199 post
2396 3144 2602 3184 annum
2638 3143 2810 3183 unum
2846 3134 2944 3181 aut
2974 3125 3215 3196 amplius
3243 3124 3478 3193 scripse-

1907 3221 1979 3273 rit
2009 3220 2077 3274 ad
2110 3217 2400 3290 Epipbauii
2444 3233 2822 3274 successorem
2857 3215 3146 3284 Sabinum,
3186 3216 3256 3270 ab
3301 3228 3482 3285 eoque

1905 3311 2122 3381 petierit
2144 3312 2212 3367 de
2243 3311 2407 3366 modo
2430 3321 2483 3366 et
2507 3319 2755 3381 tempore
2782 3310 3080 3381 sepultura:
3100 3307 3371 3379 praedicta:
3392 3321 3481 3377 per

1905 3401 2115 3457 litteras
2163 3399 2360 3457 instrui
2390 3419 2406 3456 ε
2440 3411 2606 3472 atque
2657 3402 2728 3456 ita
2776 3416 2904 3457 cum
2966 3399 3157 3459 Sabini
3215 3413 3483 3471 responso

1911 3493 2100 3548 [initur
2128 3509 2190 3549 ea
2225 3492 2367 3549 Vita.

1978 3582 2197 3640 Utinam
2236 3600 2300 3640 ea
2357 3584 2439 3639 sic
2478 3592 2538 3639 ut
2594 3584 2979 3654 praeferuntur,
3016 3584 3153 3641 Acta
3211 3592 3398 3641 essent
3426 3597 3486 3639 ac

1905 3677 2134 3746 scripta.
2163 3674 2281 3731 Non
2328 3676 2643 3733 doleremus
2675 3675 2728 3729 in
2777 3676 2870 3730 tali
2918 3674 3035 3730 Vita
3081 3675 3219 3739 nihil
3262 3673 3487 3731 omnino

1905 3784 2049 3833 esse,
2084 3769 2232 3839 quod
2267 3776 2385 3824 tuto
2433 3767 2583 3825 credi
2621 3766 2814 3838 possit,
2843 3768 2938 3824 sed
2966 3768 3117 3824 omni
3153 3766 3259 3822 ﬁde
3281 3765 3487 3837 dignis-

1908 3862 2045 3916 sima
2093 3862 2272 3919 forent
2324 3862 2562 3933 singula,
2610 3877 2787 3933 neque
2831 3860 2991 3916 facile
3028 3859 3243 3930 uspiam
3291 3866 3388 3914 aut
3424 3857 3488 3913 ab

1910 3953 2142 4024 ipsumet
2174 3953 2483 4025 Epiphanio
2515 3964 2610 4009 aut
2639 3970 2670 4008 a
2699 3967 3006 4009 corevorum
3037 3959 3326 4006 auctorum
3354 3947 3487 4004 alio-

196 4047 349 4116 quis,
388 4047 478 4100 vel
512 4060 726 4114 corpus
760 4044 843 4100 vel
873 4051 1080 4115 partem
1124 4043 1418 4099 notabilem
1454 4043 1704 4112 corporis
1743 4059 1809 4100 eo
1914 4059 2036 4098 rum
2088 4044 2309 4114 scriptis
2355 4045 2738 4099 invenirentur
2768 4043 3103 4112 discrepare.
3157 4037 3317 4096 Nunc
3362 4054 3489 4095 vero

196 4138 537 4195 translatam
603 4134 779 4193 fuisse
826 4136 1161 4205 aliquando,
1212 4136 1376 4205 idque
1439 4134 1808 4190 celebritatem
1915 4132 2170 4206 plurimis
2203 4132 2335 4188 Acta
2368 4147 2432 4187 ea
2463 4148 2586 4189 esse
2612 4131 2861 4189 conferta
2900 4130 3202 4186 mendaciis
3240 4128 3490 4200 judicare

196 4229 321 4284 loco
346 4230 580 4286 dedisse
618 4236 711 4283 :et
751 4226 837 4281 vel
894 4226 1022 4282 hinc
1052 4227 1138 4283 vel
1178 4242 1244 4282 ex
1303 4225 1479 4281 ruinis
1519 4224 1812 4280 Salaminze
1911 4234 2138 4295 cogetur
2172 4240 2297 4279 cum
2335 4224 2594 4289 Baronio,
2626 4225 2692 4279 ad
2720 4239 2810 4278 an.
2843 4222 2951 4277 572
2985 4236 3139 4277 num.
3177 4219 3304 4288 108,
3343 4218 3488 4289 quis-

186 4321 562 4390 deportatutn
599 4316 775 4372 fuisse
812 4314 1200 4380 Beneventum,
1229 4314 1690 4386 quemadmodum
1722 4330 1811 4369 as-
1915 4318 2039 4386 quis
2063 4332 2184 4370 eam
2212 4316 2509 4373 contulerit
2527 4331 2653 4372 cum
2678 4314 2818 4370 infra
2840 4312 3216 4386 proponendis
3241 4311 3493 4367 censuris

197 4413 337 4468 serit
366 4410 605 4467 Marius
639 4411 708 4464 de
740 4410 934 4480 Vipera
961 4410 1032 4465 de
1065 4409 1272 4465 sanctis
1304 4405 1707 4465 B:neveutanis
1739 4407 1806 4461 ad
1916 4423 2013 4462 seu
2062 4408 2570 4474 observationibus;
2626 4423 2750 4463 nam
2789 4408 2984 4478 ipsam,
3010 4406 3123 4476 jam
3167 4403 3367 4475 saepius
3391 4400 3492 4457 Lar-

197 4504 350 4560 huuc
380 4505 567 4566 diem.
602 4501 796 4559 Ollicio
828 4502 1031 4573 duplici
1060 4512 1345 4572 propterea
1372 4508 1642 4568 notatum,
1670 4499 1803 4555 alle-
1841 4528 1887 4584 υ
1919 4498 2053 4564 tine,
2085 4499 2254 4556 semel
2289 4500 2454 4554 etiam
2492 4498 2679 4555 Graece
2725 4513 3009 4564 excusam,
3043 4494 3325 4562 recudere,
3375 4501 3494 4549 tau-

193 4611 334 4664 gans
377 4615 398 4648 ι
429 4595 899 4668 Martyrologium
927 4609 1034 4654 ms.
1069 4594 1358 4664 antiquum
1390 4593 1445 4647 in
1477 4593 1805 4649 bibliotheca
1918 4601 2032 4646 tum
2059 4588 2436 4657 utrefellatur,
2461 4604 2642 4661 operte
2678 4591 2911 4661 pretium
2963 4604 3071 4644 non
3124 4597 3229 4644 est.
3271 4584 3493 4642 Tolera-

192 4674 608 4744 Betieventana
646 4686 941 4750 exsistcns,
987 4686 1261 4757 signatum
1305 4702 1360 4741 n.
1404 4684 1509 4741 178
1546 4685 1653 4741 sub
1674 4700 1808 4754 prae-
1919 4699 2043 4738 mus
2065 4683 2285 4754 quidem
2332 4682 2486 4738 Vitas
2536 4684 2590 4737 in
2632 4683 2735 4739 hoc
2773 4697 2939 4754 opere
2977 4681 3203 4746 multas,
3231 4680 3361 4735 dum
3391 4693 3493 4733 me-

192 4778 345 4833 dicta
373 4780 470 4834 die
504 4798 520 4837 :
556 4792 680 4853 quo
709 4794 838 4834 vero
892 4787 1137 4851 tempore
1175 4781 1398 4837 allatum
1449 4781 1522 4837 sit
1561 4796 1670 4835 non
1712 4781 1791 4835 ad.

193 4869 359 4937 verti,
416 4888 438 4920 ›
490 4867 852 4939 signiﬁcans.
900 4868 1065 4929 Plura
1122 4854 1191 4926 de
1233 4871 1587 4941 reliquiarum
1638 4881 1813 4925 tauta-

191 4977 321 5017 rum
356 4960 654 5035 qualitate
701 4968 756 5017 et
805 4961 1159 5021 veneratione
1213 4961 1477 5017 hodierna
1530 4961 1814 5031 cupientes

192 5052 441 5122 discere,
473 5052 709 5111 litteras
754 5051 824 5109 ad
867 5052 1080 5123 collegii
1138 5052 1267 5111 istic
1315 5053 1491 5110 nostri
1542 5062 1811 5109 rectorem

192 5145 484 5210 dedimus,
535 5141 715 5213 cujus
763 5159 1128 5215 responsum,
1173 5145 1436 5205 hactenus
1476 5146 1681 5205 frustra
1720 5160 1813 5200 ex.

192 5247 548 5308 spectatum,
600 5236 655 5291 si
698 5236 998 5306 aliquando
1028 5238 1384 5307 accipiamus,
1414 5238 1661 5294 notitiam
1687 5237 1812 5293 inde

193 5330 465 5391 haustam
518 5344 642 5385 non
672 5327 1065 5419 ‘iuvidebitnus
1104 5330 1195 5400 pio
1241 5331 1456 5388 lectori.
1485 5330 1709 5386 interim
1750 5347 1817 5386 ex

188 5422 434 5496 epistola
495 5420 745 5478 Thomre
795 5421 865 5479 de
920 5421 1233 5481 Caechorod
1290 5423 1533 5494 episcopi
1586 5421 1816 5478 Saman-

190 5508 443 5565 driensis
471 5506 863 5578 ejusdemque
887 5507 1182 5579 Pragensis
1208 5510 1423 5576 decani,
1469 5513 1537 5567 ad
1584 5527 1671 5567 me
1711 5513 1814 5568 sub
1921 5525 2093 5569 talum
2138 5515 2416 5577 lectorem,
2441 5521 2652 5583 quanto
2700 5512 2917 5582 turpius
2960 5510 3252 5579 imponunt
3284 5503 3495 5574 simpli-

186 5600 361 5659 linem
390 5597 714 5658 anni1677
751 5604 888 5655 datm
910 5616 1144 5672 suggero
1165 5620 1180 5669 ;
1201 5604 1346 5671 quod
1371 5623 1388 5654 ι
1416 5604 1611 5674 aliquae
1634 5623 1652 5656 ι
1674 5605 1822 5674 ejus-
1920 5602 2185 5665 cioribus.
2218 5605 2355 5662 Cum
2392 5604 2538 5660 enim
2578 5604 2693 5660 illis
2720 5612 2949 5659 eatenus
2990 5601 3077 5671 pia
3126 5604 3345 5666 aptetur
3387 5610 3497 5652 cre-

190 5694 322 5753 dent
385 5712 407 5747 ι
470 5693 538 5750 S.
615 5688 922 5773 Epiphanii
968 5694 1220 5764 reliquie,
1272 5710 1379 5751 una
1426 5712 1549 5751 cum
1596 5697 1821 5755 brachio
1923 5698 2147 5761 dulitas,
2176 5704 2448 5768 quatenus
2473 5695 2620 5752 nulla
2646 5695 2701 5751 iu
2731 5693 3072 5751 contrarium
3094 5690 3278 5745 obstat
3303 5693 3494 5743 aucto-

196 5785 262 5847 S.
290 5785 531 5851 Thecla:
559 5794 622 5844 et
649 5785 832 5855 capite
862 5786 1025 5843 unius
1066 5803 1134 5842 cx
1177 5786 1567 5847 innocentibus
1601 5788 1814 5848 Bethleo
1927 5791 2060 5847 ritas
2090 5790 2295 5847 certior
2316 5788 2409 5845 vei
2434 5788 2579 5847 ratio
2609 5784 2895 5846 dubitandi
2929 5780 3298 5856 praegnanlior
3327 5793 3344 5834 ε
3374 5776 3499 5835 ii“!

1918 4776 2084 4830 liores
2125 4788 2234 4829 non
2284 4783 2600 4845 suppetunt,
2644 4774 2814 4831 naevis
2865 4773 3197 4843 quandoque
3239 4769 3495 4841 gravibus

1917 4883 2171 4938 aspersas
2204 4883 2477 4939 :quarum
2508 4876 2762 4923 auctores
2795 4866 3094 4931 credimus,
3128 4864 3275 4919 bona
3304 4876 3493 4932 quam-

1919 4961 2025 5023 vis.
2065 4959 2295 5015 nimiutn
2328 4969 2511 5014 tamen
2543 4957 2780 5028 simplici
2809 4956 2918 5012 lide
2950 4955 3240 5011 mandasse
3275 4951 3495 5017 litteris.

1917 5067 2041 5123 quae
2075 5052 2230 5122 plura
2259 5060 2384 5123 post
2414 5051 2614 5107 saecula
2639 5051 2836 5121 partim
2864 5064 2931 5104 ex
2958 5046 3352 5114 vetustioribus
3373 5060 3496 5100 moo

1920 5147 2239 5212 uumentis,
2301 5144 2500 5215 partim
2565 5159 2631 5200 ex
2699 5141 3042 5213 popularium
3107 5137 3497 5194 traditionibus

1918 5237 2305 5311 compilarunt.
2331 5235 2439 5291 Sed
2466 5250 2564 5291 eas
2592 5233 2827 5305 amplius
2858 5232 3005 5287 ferre
3042 5246 3153 5286 lien
3177 5244 3496 5302 possumus,

1920 5344 2044 5401 quae
2085 5330 2228 5385 mala
2270 5328 2379 5385 ﬁde
2416 5326 2732 5384 nominibus
2752 5325 2955 5381 alienis
2987 5322 3308 5396 supposita,
3346 5329 3498 5376 tanto

1921 5422 2152 5493 gravius
2181 5420 2464 5477 offendunt
2485 5419 2551 5475 ad
2575 5419 2686 5474 veri
2718 5416 2956 5488 falsique
2976 5415 3272 5473 discrimen
3294 5413 3498 5469 exerci-
