  <div class='ocr_page' id='page_1' title='image "/cluster/home/n/w/nwhite01/storage/ocr_20150623/41/mdp.39015008169818/081.png"; bbox 0 0 3808 6154; ppageno 0'>
   <div class='ocr_carea' id='block_1_1' title="bbox 306 312 442 371">
    <p class='ocr_par' dir='ltr' id='par_1_1' title="bbox 306 312 442 371">
     <span class='ocr_line' id='line_1_1' title="bbox 306 312 442 371; baseline -0.022 -11"><span class='ocrx_word' id='word_1_1' title='bbox 306 312 442 371; x_wconf 54' lang='grc' dir='ltr'><strong>,ΜΩ</strong></span> 
     </span>
    </p>
   </div>
   <div class='ocr_carea' id='block_1_2' title="bbox 1363 309 2574 373">
    <p class='ocr_par' dir='ltr' id='par_1_2' title="bbox 1363 309 2574 373">
     <span class='ocr_line' id='line_1_2' title="bbox 1363 309 2574 373; baseline 0.007 -8"><span class='ocrx_word' id='word_1_2' title='bbox 1363 310 1420 365; x_wconf 85' lang='lat' dir='ltr'><strong>S.</strong></span> <span class='ocrx_word' id='word_1_3' title='bbox 1458 309 1802 365; x_wconf 73' lang='lat' dir='ltr'><strong>EPli’llANll</strong></span> <span class='ocrx_word' id='word_1_4' title='bbox 1853 309 2031 365; x_wconf 75' lang='lat' dir='ltr'><strong>ACTA</strong></span> <span class='ocrx_word' id='word_1_5' title='bbox 2072 311 2574 373; x_wconf 61' lang='lat' dir='ltr'><strong>BOLLANDIANA.</strong></span> 
     </span>
    </p>
   </div>
   <div class='ocr_carea' id='block_1_3' title="bbox 3492 321 3598 379">
    <p class='ocr_par' dir='ltr' id='par_1_3' title="bbox 3492 321 3598 379">
     <span class='ocr_line' id='line_1_3' title="bbox 3492 321 3598 379; baseline 0.028 -3"><span class='ocrx_word' id='word_1_6' title='bbox 3492 321 3598 379; x_wconf 63' lang='grc' dir='ltr'><strong>(ἑο</strong></span> 
     </span>
    </p>
   </div>
   <div class='ocr_carea' id='block_1_4' title="bbox 308 424 3602 511">
    <p class='ocr_par' dir='ltr' id='par_1_4' title="bbox 308 424 3602 511">
     <span class='ocr_line' id='line_1_4' title="bbox 308 424 3602 511; baseline 0.005 -34"><span class='ocrx_word' id='word_1_7' title='bbox 308 424 474 511; x_wconf 31' lang='grc' dir='ltr'><strong>,ηἰΙιίι</strong></span> <span class='ocrx_word' id='word_1_8' title='bbox 517 432 638 479; x_wconf 92' lang='lat' dir='ltr'><strong>tuto</strong></span> <span class='ocrx_word' id='word_1_9' title='bbox 686 425 950 499; x_wconf 84' lang='lat' dir='ltr'><strong>creditur,</strong></span> <span class='ocrx_word' id='word_1_10' title='bbox 994 425 1102 480; x_wconf 84' lang='lat' dir='ltr'><strong>nisi</strong></span> <span class='ocrx_word' id='word_1_11' title='bbox 1139 427 1288 496; x_wconf 77' lang='lat' dir='ltr'><strong>q—uod</strong></span> <span class='ocrx_word' id='word_1_12' title='bbox 1347 429 1569 485; x_wconf 77' lang='lat' dir='ltr'><strong>aliunde</strong></span> <span class='ocrx_word' id='word_1_13' title='bbox 1635 430 1918 486; x_wconf 87' lang='lat' dir='ltr'><strong>invenitur</strong></span> <span class='ocrx_word' id='word_1_14' title='bbox 1947 438 1989 493; x_wconf 76' lang='grc' dir='ltr'><strong>Α</strong></span> <span class='ocrx_word' id='word_1_15' title='bbox 2023 435 2440 504; x_wconf 73' lang='lat' dir='ltr'><strong>exprobrarent,</strong></span> <span class='ocrx_word' id='word_1_16' title='bbox 2475 452 2539 492; x_wconf 89' lang='lat' dir='ltr'><strong>ac</strong></span> <span class='ocrx_word' id='word_1_17' title='bbox 2581 452 2768 493; x_wconf 92' lang='lat' dir='ltr'><strong>secum</strong></span> <span class='ocrx_word' id='word_1_18' title='bbox 2813 438 3044 493; x_wconf 84' lang='lat' dir='ltr'><strong>invicem</strong></span> <span class='ocrx_word' id='word_1_19' title='bbox 3082 438 3374 494; x_wconf 87' lang='lat' dir='ltr'><strong>illudentes</strong></span> <span class='ocrx_word' id='word_1_20' title='bbox 3407 441 3478 494; x_wconf 87' lang='lat' dir='ltr'><strong>ita</strong></span> <span class='ocrx_word' id='word_1_21' title='bbox 3515 444 3602 495; x_wconf 78' lang='lat' dir='ltr'><strong>ln—</strong></span> 
     </span>
    </p>
   </div>
   <div class='ocr_carea' id='block_1_5' title="bbox 312 516 1917 593">
    <p class='ocr_par' dir='ltr' id='par_1_5' title="bbox 312 516 1917 593">
     <span class='ocr_line' id='line_1_5' title="bbox 312 516 1917 593; baseline 0.007 -26"><span class='ocrx_word' id='word_1_22' title='bbox 312 516 656 587; x_wconf 68' lang='lat' dir='ltr'><strong>testimonio</strong></span> <span class='ocrx_word' id='word_1_23' title='bbox 704 519 875 588; x_wconf 81' lang='lat' dir='ltr'><strong>magis</strong></span> <span class='ocrx_word' id='word_1_24' title='bbox 915 518 1115 572; x_wconf 89' lang='lat' dir='ltr'><strong>idoneo</strong></span> <span class='ocrx_word' id='word_1_25' title='bbox 1158 519 1563 576; x_wconf 78' lang='lat' dir='ltr'><strong>confirmatum.</strong></span> <span class='ocrx_word' id='word_1_26' title='bbox 1614 521 1800 593; x_wconf 86' lang='lat' dir='ltr'><strong>Itaque</strong></span> <span class='ocrx_word' id='word_1_27' title='bbox 1848 524 1917 578; x_wconf 90' lang='lat' dir='ltr'><strong>iis</strong></span> 
     </span>
    </p>
   </div>
   <div class='ocr_carea' id='block_1_6' title="bbox 342 608 1917 686">
    <p class='ocr_par' dir='ltr' id='par_1_6' title="bbox 342 608 1917 686">
     <span class='ocr_line' id='line_1_6' title="bbox 342 608 1917 686; baseline 0.007 -28"><span class='ocrx_word' id='word_1_28' title='bbox 342 625 461 676; x_wconf 75' lang='lat' dir='ltr'><strong>qua:</strong></span> <span class='ocrx_word' id='word_1_29' title='bbox 482 609 594 663; x_wconf 91' lang='lat' dir='ltr'><strong>dixi</strong></span> <span class='ocrx_word' id='word_1_30' title='bbox 621 608 772 664; x_wconf 84' lang='lat' dir='ltr'><strong>Actis</strong></span> <span class='ocrx_word' id='word_1_31' title='bbox 812 610 1060 674; x_wconf 87' lang='lat' dir='ltr'><strong>omissis,</strong></span> <span class='ocrx_word' id='word_1_32' title='bbox 1099 627 1160 665; x_wconf 89' lang='lat' dir='ltr'><strong>ea</strong></span> <span class='ocrx_word' id='word_1_33' title='bbox 1195 612 1453 683; x_wconf 77' lang='lat' dir='ltr'><strong>colligere</strong></span> <span class='ocrx_word' id='word_1_34' title='bbox 1486 616 1775 686; x_wconf 86' lang='lat' dir='ltr'><strong>aggredior</strong></span> <span class='ocrx_word' id='word_1_35' title='bbox 1793 631 1917 685; x_wconf 75' lang='lat' dir='ltr'><strong>qua:</strong></span> 
     </span>
    </p>
   </div>
   <div class='ocr_carea' id='block_1_7' title="bbox 344 699 1917 774">
    <p class='ocr_par' dir='ltr' id='par_1_7' title="bbox 344 699 1917 774">
     <span class='ocr_line' id='line_1_7' title="bbox 344 699 1917 774; baseline 0.007 -23"><span class='ocrx_word' id='word_1_36' title='bbox 344 700 456 768; x_wconf 91' lang='lat' dir='ltr'><strong>ipse</strong></span> <span class='ocrx_word' id='word_1_37' title='bbox 484 699 551 755; x_wconf 88' lang='lat' dir='ltr'><strong>de</strong></span> <span class='ocrx_word' id='word_1_38' title='bbox 600 716 659 756; x_wconf 90' lang='lat' dir='ltr'><strong>se</strong></span> <span class='ocrx_word' id='word_1_39' title='bbox 698 716 874 770; x_wconf 88' lang='lat' dir='ltr'><strong>pauca</strong></span> <span class='ocrx_word' id='word_1_40' title='bbox 909 702 1068 765; x_wconf 89' lang='lat' dir='ltr'><strong>satis,</strong></span> <span class='ocrx_word' id='word_1_41' title='bbox 1106 702 1263 773; x_wconf 85' lang='lat' dir='ltr'><strong>plura</strong></span> <span class='ocrx_word' id='word_1_42' title='bbox 1310 721 1433 774; x_wconf 69' lang='lat' dir='ltr'><strong>qua:</strong></span> <span class='ocrx_word' id='word_1_43' title='bbox 1482 707 1575 761; x_wconf 84' lang='lat' dir='ltr'><strong>alii</strong></span> <span class='ocrx_word' id='word_1_44' title='bbox 1625 707 1917 762; x_wconf 83' lang='lat' dir='ltr'><strong>indubitati</strong></span> 
     </span>
    </p>
   </div>
   <div class='ocr_carea' id='block_1_8' title="bbox 341 790 976 862">
    <p class='ocr_par' dir='ltr' id='par_1_8' title="bbox 341 790 976 862">
     <span class='ocr_line' id='line_1_8' title="bbox 341 790 976 862; baseline 0.006 -18"><span class='ocrx_word' id='word_1_45' title='bbox 341 790 636 860; x_wconf 84' lang='lat' dir='ltr'><strong>scriptores</strong></span> <span class='ocrx_word' id='word_1_46' title='bbox 662 802 976 862; x_wconf 73' lang='lat' dir='ltr'><strong>suggerent.</strong></span> 
     </span>
    </p>
   </div>
   <div class='ocr_carea' id='block_1_9' title="bbox 952 884 1288 942">
    <p class='ocr_par' dir='ltr' id='par_1_9' title="bbox 952 884 1288 942">
     <span class='ocr_line' id='line_1_9' title="bbox 952 884 1288 942; baseline 0.009 -4"><span class='ocrx_word' id='word_1_47' title='bbox 952 884 1183 941; x_wconf 80' lang='lat' dir='ltr'><strong>CAPUT</strong></span> <span class='ocrx_word' id='word_1_48' title='bbox 1226 886 1288 942; x_wconf 92' lang='grc' dir='ltr'><strong>ΙΙ.</strong></span> 
     </span>
    </p>
   </div>
   <div class='ocr_carea' id='block_1_10' title="bbox 345 970 1918 1057">
    <p class='ocr_par' dir='ltr' id='par_1_10' title="bbox 345 970 1918 1057">
     <span class='ocr_line' id='line_1_10' title="bbox 345 970 1918 1057; baseline 0.011 -38"><span class='ocrx_word' id='word_1_49' title='bbox 345 970 495 1026; x_wconf 75' lang='lat' dir='ltr'><strong>(Iasii</strong></span> <span class='ocrx_word' id='word_1_50' title='bbox 522 972 872 1057; x_wconf 62' lang='lat' dir='ltr'><strong>adolescentis</strong></span> <span class='ocrx_word' id='word_1_51' title='bbox 897 978 1266 1057; x_wconf 74' lang='lat' dir='ltr'><strong>monachatus,</strong></span> <span class='ocrx_word' id='word_1_52' title='bbox 1289 981 1410 1034; x_wconf 66' lang='lat' dir='ltr'><strong>vita</strong></span> <span class='ocrx_word' id='word_1_53' title='bbox 1431 992 1563 1035; x_wconf 67' lang='lat' dir='ltr'><strong>artas</strong></span> <span class='ocrx_word' id='word_1_54' title='bbox 1593 993 1642 1036; x_wconf 83' lang='lat' dir='ltr'><strong>et</strong></span> <span class='ocrx_word' id='word_1_55' title='bbox 1673 982 1918 1052; x_wconf 73' lang='lat' dir='ltr'><strong>qnwdam</strong></span> 
     </span>
    </p>
   </div>
   <div class='ocr_carea' id='block_1_11' title="bbox 815 1048 1397 1120">
    <p class='ocr_par' dir='ltr' id='par_1_11' title="bbox 815 1048 1397 1120">
     <span class='ocr_line' id='line_1_11' title="bbox 815 1048 1397 1120; baseline 0.009 -22"><span class='ocrx_word' id='word_1_56' title='bbox 815 1048 869 1098; x_wconf 79' lang='lat' dir='ltr'><strong>in</strong></span> <span class='ocrx_word' id='word_1_57' title='bbox 899 1048 1204 1118; x_wconf 73' lang='lat' dir='ltr'><strong>episcopatu</strong></span> <span class='ocrx_word' id='word_1_58' title='bbox 1229 1059 1397 1120; x_wconf 85' lang='lat' dir='ltr'><strong>gesta.</strong></span> 
     </span>
    </p>
   </div>
   <div class='ocr_carea' id='block_1_12' title="bbox 418 1155 1921 1234">
    <p class='ocr_par' dir='ltr' id='par_1_12' title="bbox 418 1155 1921 1234">
     <span class='ocr_line' id='line_1_12' title="bbox 418 1155 1921 1234; baseline 0.009 -26"><span class='ocrx_word' id='word_1_59' title='bbox 418 1155 473 1210; x_wconf 86' lang='lat'><strong>7.</strong></span> <span class='ocrx_word' id='word_1_60' title='bbox 526 1155 813 1227; x_wconf 82' lang='lat' dir='ltr'><strong>Epiphanii</strong></span> <span class='ocrx_word' id='word_1_61' title='bbox 878 1162 1110 1229; x_wconf 90' lang='lat' dir='ltr'><strong>patriam</strong></span> <span class='ocrx_word' id='word_1_62' title='bbox 1172 1163 1683 1234; x_wconf 82' lang='lat' dir='ltr'><strong>institutionemque</strong></span> <span class='ocrx_word' id='word_1_63' title='bbox 1734 1168 1921 1222; x_wconf 86' lang='lat' dir='ltr'><strong>adole-</strong></span> 
     </span>
    </p>
   </div>
   <div class='ocr_carea' id='block_1_13' title="bbox 349 1247 1924 1326">
    <p class='ocr_par' dir='ltr' id='par_1_13' title="bbox 349 1247 1924 1326">
     <span class='ocr_line' id='line_1_13' title="bbox 349 1247 1924 1326; baseline 0.008 -26"><span class='ocrx_word' id='word_1_64' title='bbox 349 1248 551 1302; x_wconf 85' lang='lat' dir='ltr'><strong>scentis</strong></span> <span class='ocrx_word' id='word_1_65' title='bbox 587 1247 924 1304; x_wconf 82' lang='lat' dir='ltr'><strong>Sozmncnus</strong></span> <span class='ocrx_word' id='word_1_66' title='bbox 952 1252 1188 1321; x_wconf 80' lang='lat' dir='ltr'><strong>explicat</strong></span> <span class='ocrx_word' id='word_1_67' title='bbox 1223 1254 1317 1309; x_wconf 89' lang='lat' dir='ltr'><strong>lib.</strong></span> <span class='ocrx_word' id='word_1_68' title='bbox 1354 1271 1405 1308; x_wconf 89' lang='lat' dir='ltr'><strong>vt</strong></span> <span class='ocrx_word' id='word_1_69' title='bbox 1440 1271 1559 1326; x_wconf 85' lang='lat' dir='ltr'><strong>cap.</strong></span> <span class='ocrx_word' id='word_1_70' title='bbox 1590 1257 1680 1318; x_wconf 72' lang='lat'><strong>52,</strong></span> <span class='ocrx_word' id='word_1_71' title='bbox 1720 1256 1813 1311; x_wconf 92' lang='lat' dir='ltr'><strong>uhi</strong></span> <span class='ocrx_word' id='word_1_72' title='bbox 1855 1257 1924 1312; x_wconf 88' lang='lat' dir='ltr'><strong>de</strong></span> 
     </span>
    </p>
   </div>
   <div class='ocr_carea' id='block_1_14' title="bbox 351 1338 1921 1419">
    <p class='ocr_par' dir='ltr' id='par_1_14' title="bbox 351 1338 1921 1419">
     <span class='ocr_line' id='line_1_14' title="bbox 351 1338 1921 1419; baseline 0.008 -27"><span class='ocrx_word' id='word_1_73' title='bbox 351 1340 636 1396; x_wconf 86' lang='lat' dir='ltr'><strong>monachis</strong></span> <span class='ocrx_word' id='word_1_74' title='bbox 669 1338 970 1397; x_wconf 65' lang='lat' dir='ltr'><strong>Palaestina:</strong></span> <span class='ocrx_word' id='word_1_75' title='bbox 1008 1345 1260 1414; x_wconf 90' lang='lat' dir='ltr'><strong>loquens,</strong></span> <span class='ocrx_word' id='word_1_76' title='bbox 1300 1363 1318 1397; x_wconf 76' lang='grc' dir='ltr'>ι</span> <span class='ocrx_word' id='word_1_77' title='bbox 1354 1345 1430 1401; x_wconf 87' lang='lat' dir='ltr'><strong>Ex</strong></span> <span class='ocrx_word' id='word_1_78' title='bbox 1472 1363 1686 1410; x_wconf 86' lang='lat' dir='ltr'><strong>eorum,</strong></span> <span class='ocrx_word' id='word_1_79' title='bbox 1724 1348 1921 1419; x_wconf 91' lang='lat' dir='ltr'><strong>inquit,</strong></span> 
     </span>
    </p>
   </div>
   <div class='ocr_carea' id='block_1_15' title="bbox 352 1428 1924 1510">
    <p class='ocr_par' dir='ltr' id='par_1_15' title="bbox 352 1428 1924 1510">
     <span class='ocr_line' id='line_1_15' title="bbox 352 1428 1924 1510; baseline 0.01 -30"><span class='ocrx_word' id='word_1_80' title='bbox 352 1445 580 1484; x_wconf 89' lang='lat' dir='ltr'><strong>numero</strong></span> <span class='ocrx_word' id='word_1_81' title='bbox 607 1428 709 1485; x_wconf 86' lang='lat' dir='ltr'><strong>fuit</strong></span> <span class='ocrx_word' id='word_1_82' title='bbox 741 1430 1063 1505; x_wconf 84' lang='lat' dir='ltr'><strong>Hesychius,</strong></span> <span class='ocrx_word' id='word_1_83' title='bbox 1098 1433 1393 1493; x_wconf 87' lang='lat' dir='ltr'><strong>Hilarionis</strong></span> <span class='ocrx_word' id='word_1_84' title='bbox 1425 1438 1663 1505; x_wconf 83' lang='lat' dir='ltr'><strong>sodalis;</strong></span> <span class='ocrx_word' id='word_1_85' title='bbox 1707 1450 1763 1494; x_wconf 90' lang='lat' dir='ltr'><strong>et</strong></span> <span class='ocrx_word' id='word_1_86' title='bbox 1797 1440 1924 1510; x_wconf 85' lang='lat' dir='ltr'><strong>Epi-</strong></span> 
     </span>
    </p>
   </div>
   <div class='ocr_carea' id='block_1_16' title="bbox 353 1522 1924 1602">
    <p class='ocr_par' dir='ltr' id='par_1_16' title="bbox 353 1522 1924 1602">
     <span class='ocr_line' id='line_1_16' title="bbox 353 1522 1924 1602; baseline 0.01 -29"><span class='ocrx_word' id='word_1_87' title='bbox 353 1522 608 1589; x_wconf 83' lang='lat' dir='ltr'><strong>phanius,</strong></span> <span class='ocrx_word' id='word_1_88' title='bbox 644 1523 735 1592; x_wconf 89' lang='lat' dir='ltr'><strong>qui</strong></span> <span class='ocrx_word' id='word_1_89' title='bbox 768 1534 956 1593; x_wconf 87' lang='lat' dir='ltr'><strong>postea</strong></span> <span class='ocrx_word' id='word_1_90' title='bbox 988 1525 1285 1583; x_wconf 83' lang='lat' dir='ltr'><strong>Salaminis</strong></span> <span class='ocrx_word' id='word_1_91' title='bbox 1320 1528 1375 1582; x_wconf 92' lang='lat' dir='ltr'><strong>in</strong></span> <span class='ocrx_word' id='word_1_92' title='bbox 1414 1528 1595 1599; x_wconf 75' lang='lat' dir='ltr'><strong>Cypro</strong></span> <span class='ocrx_word' id='word_1_93' title='bbox 1630 1532 1924 1602; x_wconf 89' lang='lat' dir='ltr'><strong>episcopus</strong></span> 
     </span>
    </p>
   </div>
   <div class='ocr_carea' id='block_1_17' title="bbox 352 1610 1925 1693">
    <p class='ocr_par' dir='ltr' id='par_1_17' title="bbox 352 1610 1925 1693">
     <span class='ocr_line' id='line_1_17' title="bbox 352 1610 1925 1693; baseline 0.011 -32"><span class='ocrx_word' id='word_1_94' title='bbox 352 1610 558 1665; x_wconf 83' lang='lat' dir='ltr'><strong>t‘uit.Et</strong></span> <span class='ocrx_word' id='word_1_95' title='bbox 589 1611 893 1684; x_wconf 82' lang='lat' dir='ltr'><strong>Hesychius</strong></span> <span class='ocrx_word' id='word_1_96' title='bbox 924 1617 1140 1685; x_wconf 84' lang='lat' dir='ltr'><strong>quidem</strong></span> <span class='ocrx_word' id='word_1_97' title='bbox 1181 1617 1236 1671; x_wconf 90' lang='lat' dir='ltr'><strong>in</strong></span> <span class='ocrx_word' id='word_1_98' title='bbox 1283 1619 1474 1673; x_wconf 85' lang='lat' dir='ltr'><strong>eodem</strong></span> <span class='ocrx_word' id='word_1_99' title='bbox 1510 1636 1623 1689; x_wconf 90' lang='lat' dir='ltr'><strong>quo</strong></span> <span class='ocrx_word' id='word_1_100' title='bbox 1662 1624 1925 1693; x_wconf 78' lang='lat' dir='ltr'><strong>magister</strong></span> 
     </span>
    </p>
   </div>
   <div class='ocr_carea' id='block_1_18' title="bbox 350 1705 1925 1783">
    <p class='ocr_par' dir='ltr' id='par_1_18' title="bbox 350 1705 1925 1783">
     <span class='ocr_line' id='line_1_18' title="bbox 350 1705 1925 1783; baseline 0.008 -27"><span class='ocrx_word' id='word_1_101' title='bbox 350 1707 466 1758; x_wconf 91' lang='lat' dir='ltr'><strong>loco</strong></span> <span class='ocrx_word' id='word_1_102' title='bbox 499 1705 921 1775; x_wconf 80' lang='lat' dir='ltr'><strong>philosophatus</strong></span> <span class='ocrx_word' id='word_1_103' title='bbox 956 1719 1070 1776; x_wconf 88' lang='lat' dir='ltr'><strong>est;</strong></span> <span class='ocrx_word' id='word_1_104' title='bbox 1104 1708 1442 1779; x_wconf 82' lang='lat' dir='ltr'><strong>Epiphanius</strong></span> <span class='ocrx_word' id='word_1_105' title='bbox 1481 1726 1609 1766; x_wconf 81' lang='lat' dir='ltr'><strong>vero</strong></span> <span class='ocrx_word' id='word_1_106' title='bbox 1638 1713 1795 1783; x_wconf 87' lang='lat' dir='ltr'><strong>juxta</strong></span> <span class='ocrx_word' id='word_1_107' title='bbox 1824 1713 1925 1767; x_wconf 75' lang='lat' dir='ltr'><strong>Be-</strong></span> 
     </span>
    </p>
   </div>
   <div class='ocr_carea' id='block_1_19' title="bbox 352 1797 1927 1874">
    <p class='ocr_par' dir='ltr' id='par_1_19' title="bbox 352 1797 1927 1874">
     <span class='ocr_line' id='line_1_19' title="bbox 352 1797 1927 1874; baseline 0.007 -24"><span class='ocrx_word' id='word_1_108' title='bbox 352 1797 642 1854; x_wconf 81' lang='lat' dir='ltr'><strong>sanducem</strong></span> <span class='ocrx_word' id='word_1_109' title='bbox 692 1799 897 1863; x_wconf 81' lang='lat' dir='ltr'><strong>vicum,</strong></span> <span class='ocrx_word' id='word_1_110' title='bbox 939 1800 992 1853; x_wconf 90' lang='lat' dir='ltr'><strong>in</strong></span> <span class='ocrx_word' id='word_1_111' title='bbox 1058 1802 1336 1855; x_wconf 87' lang='lat' dir='ltr'><strong>territorio</strong></span> <span class='ocrx_word' id='word_1_112' title='bbox 1385 1801 1927 1874; x_wconf 84' lang='lat' dir='ltr'><strong>Eleutheropolitario</strong></span> 
     </span>
    </p>
   </div>
   <div class='ocr_carea' id='block_1_20' title="bbox 354 1886 1927 1956">
    <p class='ocr_par' dir='ltr' id='par_1_20' title="bbox 354 1886 1927 1956">
     <span class='ocr_line' id='line_1_20' title="bbox 354 1886 1927 1956; baseline 0.003 -16"><span class='ocrx_word' id='word_1_113' title='bbox 354 1887 537 1950; x_wconf 80' lang='lat' dir='ltr'><strong>situm,</strong></span> <span class='ocrx_word' id='word_1_114' title='bbox 570 1901 639 1940; x_wconf 86' lang='lat' dir='ltr'><strong>ex</strong></span> <span class='ocrx_word' id='word_1_115' title='bbox 668 1902 777 1956; x_wconf 88' lang='lat' dir='ltr'><strong>quo</strong></span> <span class='ocrx_word' id='word_1_116' title='bbox 830 1901 985 1941; x_wconf 89' lang='lat' dir='ltr'><strong>ortus</strong></span> <span class='ocrx_word' id='word_1_117' title='bbox 1033 1886 1226 1942; x_wconf 82' lang='lat' dir='ltr'><strong>fuerat.</strong></span> <span class='ocrx_word' id='word_1_118' title='bbox 1274 1886 1380 1954; x_wconf 84' lang='lat' dir='ltr'><strong>Qui</strong></span> <span class='ocrx_word' id='word_1_119' title='bbox 1426 1905 1550 1943; x_wconf 92' lang='lat' dir='ltr'><strong>cum</strong></span> <span class='ocrx_word' id='word_1_120' title='bbox 1590 1896 1661 1944; x_wconf 90' lang='lat' dir='ltr'><strong>ab</strong></span> <span class='ocrx_word' id='word_1_121' title='bbox 1704 1890 1927 1946; x_wconf 90' lang='lat' dir='ltr'><strong>ineunte</strong></span> 
     </span>
    </p>
   </div>
   <div class='ocr_carea' id='block_1_21' title="bbox 355 1976 1927 2046">
    <p class='ocr_par' dir='ltr' id='par_1_21' title="bbox 355 1976 1927 2046">
     <span class='ocr_line' id='line_1_21' title="bbox 355 1976 1927 2046; baseline 0.004 -17"><span class='ocrx_word' id='word_1_122' title='bbox 355 1976 719 2035; x_wconf 83' lang='lat' dir='ltr'><strong>adolescentia</strong></span> <span class='ocrx_word' id='word_1_123' title='bbox 753 1992 780 2030; x_wconf 89' lang='lat' dir='ltr'><strong>a</strong></span> <span class='ocrx_word' id='word_1_124' title='bbox 813 1977 1282 2046; x_wconf 70' lang='lat' dir='ltr'><strong>pt&#39;wslantissitnis</strong></span> <span class='ocrx_word' id='word_1_125' title='bbox 1325 1980 1610 2033; x_wconf 87' lang='lat' dir='ltr'><strong>monachis</strong></span> <span class='ocrx_word' id='word_1_126' title='bbox 1642 1979 1927 2035; x_wconf 83' lang='lat' dir='ltr'><strong>institutus</strong></span> 
     </span>
    </p>
   </div>
   <div class='ocr_carea' id='block_1_22' title="bbox 326 2068 1925 2140">
    <p class='ocr_par' dir='ltr' id='par_1_22' title="bbox 326 2068 1925 2140">
     <span class='ocr_line' id='line_1_22' title="bbox 326 2068 1925 2140; baseline 0.001 -14"><span class='ocrx_word' id='word_1_127' title='bbox 326 2068 567 2133; x_wconf 87' lang='lat' dir='ltr'><strong>.fuisset,</strong></span> <span class='ocrx_word' id='word_1_128' title='bbox 596 2069 827 2140; x_wconf 84' lang='lat' dir='ltr'><strong>ejusque</strong></span> <span class='ocrx_word' id='word_1_129' title='bbox 883 2071 957 2125; x_wconf 86' lang='lat' dir='ltr'><strong>rei</strong></span> <span class='ocrx_word' id='word_1_130' title='bbox 1005 2086 1171 2125; x_wconf 85' lang='lat' dir='ltr'><strong>causa</strong></span> <span class='ocrx_word' id='word_1_131' title='bbox 1231 2071 1324 2125; x_wconf 89' lang='lat' dir='ltr'><strong>diu</strong></span> <span class='ocrx_word' id='word_1_132' title='bbox 1388 2081 1634 2127; x_wconf 86' lang='lat' dir='ltr'><strong>moratus</strong></span> <span class='ocrx_word' id='word_1_133' title='bbox 1676 2082 1821 2128; x_wconf 87' lang='lat' dir='ltr'><strong>esset</strong></span> <span class='ocrx_word' id='word_1_134' title='bbox 1871 2075 1925 2127; x_wconf 90' lang='lat' dir='ltr'><strong>in</strong></span> 
     </span>
    </p>
   </div>
   <div class='ocr_carea' id='block_1_23' title="bbox 357 2154 1928 2232">
    <p class='ocr_par' dir='ltr' id='par_1_23' title="bbox 357 2154 1928 2232">
     <span class='ocr_line' id='line_1_23' title="bbox 357 2154 1928 2232; baseline 0.004 -19"><span class='ocrx_word' id='word_1_135' title='bbox 357 2154 620 2230; x_wconf 63' lang='lat' dir='ltr'><strong>.Egypto,</strong></span> <span class='ocrx_word' id='word_1_136' title='bbox 683 2162 735 2214; x_wconf 91' lang='lat' dir='ltr'><strong>in</strong></span> <span class='ocrx_word' id='word_1_137' title='bbox 789 2161 1091 2215; x_wconf 84' lang='lat' dir='ltr'><strong>monastica</strong></span> <span class='ocrx_word' id='word_1_138' title='bbox 1158 2162 1501 2232; x_wconf 85' lang='lat' dir='ltr'><strong>philosophia</strong></span> <span class='ocrx_word' id='word_1_139' title='bbox 1535 2164 1928 2220; x_wconf 87' lang='lat' dir='ltr'><strong>celeberrimus</strong></span> 
     </span>
    </p>
   </div>
   <div class='ocr_carea' id='block_1_24' title="bbox 353 2251 1929 2324">
    <p class='ocr_par' dir='ltr' id='par_1_24' title="bbox 353 2251 1929 2324">
     <span class='ocr_line' id='line_1_24' title="bbox 353 2251 1929 2324; baseline 0.006 -21"><span class='ocrx_word' id='word_1_140' title='bbox 353 2253 577 2306; x_wconf 72' lang='lat' dir='ltr'><strong>exstitit.</strong></span> <span class='ocrx_word' id='word_1_141' title='bbox 622 2271 639 2302; x_wconf 73' lang='grc' dir='ltr'><strong>ι</strong></span> <span class='ocrx_word' id='word_1_142' title='bbox 671 2251 750 2307; x_wconf 83' lang='lat' dir='ltr'><strong>Ac</strong></span> <span class='ocrx_word' id='word_1_143' title='bbox 791 2253 1025 2322; x_wconf 90' lang='lat' dir='ltr'><strong>primum</strong></span> <span class='ocrx_word' id='word_1_144' title='bbox 1057 2253 1278 2323; x_wconf 86' lang='lat' dir='ltr'><strong>quidem</strong></span> <span class='ocrx_word' id='word_1_145' title='bbox 1323 2255 1738 2324; x_wconf 87' lang='lat' dir='ltr'><strong>disciplinarum</strong></span> <span class='ocrx_word' id='word_1_146' title='bbox 1786 2257 1929 2313; x_wconf 87' lang='lat' dir='ltr'><strong>litte-</strong></span> 
     </span>
    </p>
   </div>
   <div class='ocr_carea' id='block_1_25' title="bbox 352 2345 1929 2419">
    <p class='ocr_par' dir='ltr' id='par_1_25' title="bbox 352 2345 1929 2419">
     <span class='ocr_line' id='line_1_25' title="bbox 352 2345 1929 2419; baseline 0.005 -24"><span class='ocrx_word' id='word_1_147' title='bbox 352 2345 620 2398; x_wconf 75' lang='lat' dir='ltr'><strong>rariarum</strong></span> <span class='ocrx_word' id='word_1_148' title='bbox 663 2359 832 2400; x_wconf 88' lang='lat' dir='ltr'><strong>causa</strong></span> <span class='ocrx_word' id='word_1_149' title='bbox 876 2346 1098 2414; x_wconf 86' lang='lat' dir='ltr'><strong>petitam</strong></span> <span class='ocrx_word' id='word_1_150' title='bbox 1144 2345 1213 2400; x_wconf 88' lang='lat' dir='ltr'><strong>ab</strong></span> <span class='ocrx_word' id='word_1_151' title='bbox 1273 2360 1341 2399; x_wconf 92' lang='lat' dir='ltr'><strong>eo</strong></span> <span class='ocrx_word' id='word_1_152' title='bbox 1383 2345 1720 2418; x_wconf 64' lang='lat' dir='ltr'><strong>Egyptum,</strong></span> <span class='ocrx_word' id='word_1_153' title='bbox 1764 2357 1929 2419; x_wconf 83' lang='lat' dir='ltr'><strong>atque</strong></span> 
     </span>
    </p>
   </div>
   <div class='ocr_carea' id='block_1_26' title="bbox 351 2434 1930 2515">
    <p class='ocr_par' dir='ltr' id='par_1_26' title="bbox 351 2434 1930 2515">
     <span class='ocr_line' id='line_1_26' title="bbox 351 2434 1930 2515; baseline 0.004 -28"><span class='ocrx_word' id='word_1_154' title='bbox 351 2434 485 2488; x_wconf 84' lang='lat' dir='ltr'><strong>adeo</strong></span> <span class='ocrx_word' id='word_1_155' title='bbox 518 2434 572 2489; x_wconf 90' lang='lat' dir='ltr'><strong>in</strong></span> <span class='ocrx_word' id='word_1_156' title='bbox 606 2435 821 2515; x_wconf 72' lang='lat' dir='ltr'><strong>fortuna</strong></span> <span class='ocrx_word' id='word_1_157' title='bbox 852 2435 1076 2489; x_wconf 88' lang='lat' dir='ltr'><strong>minime</strong></span> <span class='ocrx_word' id='word_1_158' title='bbox 1106 2435 1255 2489; x_wconf 85' lang='lat' dir='ltr'><strong>tenui</strong></span> <span class='ocrx_word' id='word_1_159' title='bbox 1292 2446 1503 2503; x_wconf 85' lang='lat' dir='ltr'><strong>natum,</strong></span> <span class='ocrx_word' id='word_1_160' title='bbox 1538 2438 1670 2491; x_wconf 91' lang='lat' dir='ltr'><strong>mihi</strong></span> <span class='ocrx_word' id='word_1_161' title='bbox 1701 2454 1930 2506; x_wconf 87' lang='lat' dir='ltr'><strong>persua-</strong></span> 
     </span>
    </p>
   </div>
   <div class='ocr_carea' id='block_1_27' title="bbox 352 2527 1930 2598">
    <p class='ocr_par' dir='ltr' id='par_1_27' title="bbox 352 2527 1930 2598">
     <span class='ocr_line' id='line_1_27' title="bbox 352 2527 1930 2598; baseline 0.003 -17"><span class='ocrx_word' id='word_1_162' title='bbox 352 2531 442 2583; x_wconf 89' lang='lat' dir='ltr'><strong>det</strong></span> <span class='ocrx_word' id='word_1_163' title='bbox 485 2528 621 2598; x_wconf 89' lang='lat' dir='ltr'><strong>ipse,</strong></span> <span class='ocrx_word' id='word_1_164' title='bbox 656 2529 709 2582; x_wconf 91' lang='lat' dir='ltr'><strong>in</strong></span> <span class='ocrx_word' id='word_1_165' title='bbox 764 2528 906 2581; x_wconf 92' lang='lat' dir='ltr'><strong>libro</strong></span> <span class='ocrx_word' id='word_1_166' title='bbox 939 2527 1013 2581; x_wconf 89' lang='lat' dir='ltr'><strong>De</strong></span> <span class='ocrx_word' id='word_1_167' title='bbox 1053 2528 1362 2592; x_wconf 74' lang='lat' dir='ltr'><strong>liceresibus,</strong></span> <span class='ocrx_word' id='word_1_168' title='bbox 1404 2529 1601 2585; x_wconf 73' lang='lat' dir='ltr'><strong>haeresi</strong></span> <span class='ocrx_word' id='word_1_169' title='bbox 1629 2529 1700 2583; x_wconf 70' lang='lat'><strong>26</strong></span> <span class='ocrx_word' id='word_1_170' title='bbox 1733 2531 1824 2584; x_wconf 89' lang='lat' dir='ltr'><strong>ubi</strong></span> <span class='ocrx_word' id='word_1_171' title='bbox 1861 2531 1930 2586; x_wconf 87' lang='lat' dir='ltr'><strong>de</strong></span> 
     </span>
    </p>
   </div>
   <div class='ocr_carea' id='block_1_28' title="bbox 352 2614 1926 2689">
    <p class='ocr_par' dir='ltr' id='par_1_28' title="bbox 352 2614 1926 2689">
     <span class='ocr_line' id='line_1_28' title="bbox 352 2614 1926 2689; baseline 0.004 -18"><span class='ocrx_word' id='word_1_172' title='bbox 352 2614 628 2672; x_wconf 87' lang='lat' dir='ltr'><strong>Gnosticis</strong></span> <span class='ocrx_word' id='word_1_173' title='bbox 669 2632 858 2686; x_wconf 80' lang='lat' dir='ltr'><strong>agens,</strong></span> <span class='ocrx_word' id='word_1_174' title='bbox 904 2617 1121 2688; x_wconf 90' lang='lat' dir='ltr'><strong>inquit:</strong></span> <span class='ocrx_word' id='word_1_175' title='bbox 1166 2636 1189 2670; x_wconf 89' lang='grc'><em>‹</em></span> <span class='ocrx_word' id='word_1_176' title='bbox 1236 2620 1302 2674; x_wconf 90' lang='lat' dir='ltr'><strong>Et</strong></span> <span class='ocrx_word' id='word_1_177' title='bbox 1345 2635 1465 2684; x_wconf 88' lang='lat' dir='ltr'><strong>nos,</strong></span> <span class='ocrx_word' id='word_1_178' title='bbox 1499 2621 1834 2689; x_wconf 79' lang='lat' dir='ltr'><strong>charissimi,</strong></span> <span class='ocrx_word' id='word_1_179' title='bbox 1873 2624 1926 2677; x_wconf 91' lang='lat' dir='ltr'><strong>in</strong></span> 
     </span>
    </p>
   </div>
   <div class='ocr_carea' id='block_1_29' title="bbox 355 2707 1925 2783">
    <p class='ocr_par' dir='ltr' id='par_1_29' title="bbox 355 2707 1925 2783">
     <span class='ocr_line' id='line_1_29' title="bbox 355 2707 1925 2783; baseline 0.004 -23"><span class='ocrx_word' id='word_1_180' title='bbox 355 2708 497 2762; x_wconf 88' lang='lat' dir='ltr'><strong>hanc</strong></span> <span class='ocrx_word' id='word_1_181' title='bbox 532 2707 783 2762; x_wconf 61' lang='lat' dir='ltr'><strong>haeresim</strong></span> <span class='ocrx_word' id='word_1_182' title='bbox 811 2709 1125 2772; x_wconf 87' lang='lat' dir='ltr'><strong>incidimus,</strong></span> <span class='ocrx_word' id='word_1_183' title='bbox 1149 2718 1203 2764; x_wconf 92' lang='lat' dir='ltr'><strong>et</strong></span> <span class='ocrx_word' id='word_1_184' title='bbox 1231 2724 1298 2765; x_wconf 84' lang='lat' dir='ltr'><strong>ex</strong></span> <span class='ocrx_word' id='word_1_185' title='bbox 1331 2710 1566 2780; x_wconf 83' lang='lat' dir='ltr'><strong>ipsemet</strong></span> <span class='ocrx_word' id='word_1_186' title='bbox 1591 2727 1806 2775; x_wconf 91' lang='lat' dir='ltr'><strong>eorum,</strong></span> <span class='ocrx_word' id='word_1_187' title='bbox 1831 2713 1925 2783; x_wconf 91' lang='lat' dir='ltr'><strong>qui</strong></span> 
     </span>
    </p>
   </div>
   <div class='ocr_carea' id='block_1_30' title="bbox 354 2799 1927 2869">
    <p class='ocr_par' dir='ltr' id='par_1_30' title="bbox 354 2799 1927 2869">
     <span class='ocr_line' id='line_1_30' title="bbox 354 2799 1927 2869; baseline 0.004 -18"><span class='ocrx_word' id='word_1_188' title='bbox 354 2799 494 2853; x_wconf 83' lang='lat' dir='ltr'><strong>hanc</strong></span> <span class='ocrx_word' id='word_1_189' title='bbox 546 2801 765 2869; x_wconf 89' lang='lat' dir='ltr'><strong>proprie</strong></span> <span class='ocrx_word' id='word_1_190' title='bbox 805 2809 858 2854; x_wconf 93' lang='lat' dir='ltr'><strong>et</strong></span> <span class='ocrx_word' id='word_1_191' title='bbox 898 2816 964 2853; x_wconf 88' lang='lat' dir='ltr'><strong>ex</strong></span> <span class='ocrx_word' id='word_1_192' title='bbox 1001 2799 1254 2855; x_wconf 88' lang='lat' dir='ltr'><strong>instituto</strong></span> <span class='ocrx_word' id='word_1_193' title='bbox 1300 2808 1558 2865; x_wconf 79' lang='lat' dir='ltr'><strong>tractant,</strong></span> <span class='ocrx_word' id='word_1_194' title='bbox 1590 2818 1685 2858; x_wconf 91' lang='lat' dir='ltr'><strong>ore</strong></span> <span class='ocrx_word' id='word_1_195' title='bbox 1717 2818 1783 2857; x_wconf 89' lang='lat' dir='ltr'><strong>ac</strong></span> <span class='ocrx_word' id='word_1_196' title='bbox 1809 2818 1927 2857; x_wconf 89' lang='lat' dir='ltr'><strong>ma-</strong></span> 
     </span>
    </p>
   </div>
   <div class='ocr_carea' id='block_1_31' title="bbox 352 2893 1929 2964">
    <p class='ocr_par' dir='ltr' id='par_1_31' title="bbox 352 2893 1929 2964">
     <span class='ocr_line' id='line_1_31' title="bbox 352 2893 1929 2964; baseline 0.003 -18"><span class='ocrx_word' id='word_1_197' title='bbox 352 2893 573 2964; x_wconf 87' lang='lat' dir='ltr'><strong>gisterio</strong></span> <span class='ocrx_word' id='word_1_198' title='bbox 603 2893 927 2957; x_wconf 88' lang='lat' dir='ltr'><strong>didicimus;</strong></span> <span class='ocrx_word' id='word_1_199' title='bbox 976 2913 993 2945; x_wconf 79' lang='grc' dir='ltr'><strong><em>ι</em></strong></span> <span class='ocrx_word' id='word_1_200' title='bbox 1038 2894 1226 2963; x_wconf 88' lang='lat' dir='ltr'><strong>utique</strong></span> <span class='ocrx_word' id='word_1_201' title='bbox 1270 2893 1588 2963; x_wconf 70' lang='lat' dir='ltr'><strong>priusquam</strong></span> <span class='ocrx_word' id='word_1_202' title='bbox 1624 2896 1929 2951; x_wconf 83' lang='lat' dir='ltr'><strong>monachus</strong></span> 
     </span>
    </p>
   </div>
   <div class='ocr_carea' id='block_1_32' title="bbox 352 2986 1928 3056">
    <p class='ocr_par' dir='ltr' id='par_1_32' title="bbox 352 2986 1928 3056">
     <span class='ocr_line' id='line_1_32' title="bbox 352 2986 1928 3056; baseline 0.003 -19"><span class='ocrx_word' id='word_1_203' title='bbox 352 2995 524 3051; x_wconf 81' lang='lat' dir='ltr'><strong>esset;</strong></span> <span class='ocrx_word' id='word_1_204' title='bbox 552 2994 605 3040; x_wconf 88' lang='lat' dir='ltr'><strong>et</strong></span> <span class='ocrx_word' id='word_1_205' title='bbox 637 3001 761 3040; x_wconf 90' lang='lat' dir='ltr'><strong>cum</strong></span> <span class='ocrx_word' id='word_1_206' title='bbox 805 2986 986 3040; x_wconf 87' lang='lat' dir='ltr'><strong>adhuc</strong></span> <span class='ocrx_word' id='word_1_207' title='bbox 1033 2986 1139 3041; x_wconf 88' lang='lat' dir='ltr'><strong>alia</strong></span> <span class='ocrx_word' id='word_1_208' title='bbox 1187 2987 1393 3051; x_wconf 88' lang='lat' dir='ltr'><strong>omnia,</strong></span> <span class='ocrx_word' id='word_1_209' title='bbox 1436 3002 1672 3056; x_wconf 87' lang='lat' dir='ltr'><strong>quorum</strong></span> <span class='ocrx_word' id='word_1_210' title='bbox 1720 2989 1928 3044; x_wconf 87' lang='lat' dir='ltr'><strong>scilicet</strong></span> 
     </span>
    </p>
   </div>
   <div class='ocr_carea' id='block_1_33' title="bbox 352 3076 1927 3149">
    <p class='ocr_par' dir='ltr' id='par_1_33' title="bbox 352 3076 1927 3149">
     <span class='ocr_line' id='line_1_33' title="bbox 352 3076 1927 3149; baseline 0.001 -17"><span class='ocrx_word' id='word_1_211' title='bbox 352 3093 516 3133; x_wconf 88' lang='lat' dir='ltr'><strong>causa</strong></span> <span class='ocrx_word' id='word_1_212' title='bbox 546 3077 598 3130; x_wconf 91' lang='lat' dir='ltr'><strong>in</strong></span> <span class='ocrx_word' id='word_1_213' title='bbox 632 3076 925 3148; x_wconf 67' lang='lat' dir='ltr'><strong>.IEgyptum</strong></span> <span class='ocrx_word' id='word_1_214' title='bbox 969 3086 1212 3139; x_wconf 86' lang='lat' dir='ltr'><strong>venerat,</strong></span> <span class='ocrx_word' id='word_1_215' title='bbox 1251 3078 1431 3132; x_wconf 85' lang='lat' dir='ltr'><strong>studia</strong></span> <span class='ocrx_word' id='word_1_216' title='bbox 1470 3086 1730 3132; x_wconf 85' lang='lat' dir='ltr'><strong>tractaret</strong></span> <span class='ocrx_word' id='word_1_217' title='bbox 1764 3096 1927 3149; x_wconf 67' lang='lat' dir='ltr'><strong>:quaa</strong></span> 
     </span>
    </p>
   </div>
   <div class='ocr_carea' id='block_1_34' title="bbox 354 3169 1930 3239">
    <p class='ocr_par' dir='ltr' id='par_1_34' title="bbox 354 3169 1930 3239">
     <span class='ocr_line' id='line_1_34' title="bbox 354 3169 1930 3239; baseline 0.001 -16"><span class='ocrx_word' id='word_1_218' title='bbox 354 3176 537 3224; x_wconf 88' lang='lat' dir='ltr'><strong>autem</strong></span> <span class='ocrx_word' id='word_1_219' title='bbox 568 3170 673 3223; x_wconf 89' lang='lat' dir='ltr'><strong>alia</strong></span> <span class='ocrx_word' id='word_1_220' title='bbox 704 3186 866 3239; x_wconf 89' lang='lat' dir='ltr'><strong>quam</strong></span> <span class='ocrx_word' id='word_1_221' title='bbox 909 3169 1212 3223; x_wconf 77' lang='lat' dir='ltr'><strong>litteraria?</strong></span> <span class='ocrx_word' id='word_1_222' title='bbox 1254 3185 1381 3223; x_wconf 90' lang='lat' dir='ltr'><strong>cum</strong></span> <span class='ocrx_word' id='word_1_223' title='bbox 1430 3169 1817 3225; x_wconf 86' lang='lat' dir='ltr'><strong>Gnosticorum</strong></span> <span class='ocrx_word' id='word_1_224' title='bbox 1862 3172 1930 3224; x_wconf 91' lang='lat' dir='ltr'><strong>li-</strong></span> 
     </span>
    </p>
   </div>
   <div class='ocr_carea' id='block_1_35' title="bbox 359 3261 1932 3330">
    <p class='ocr_par' dir='ltr' id='par_1_35' title="bbox 359 3261 1932 3330">
     <span class='ocr_line' id='line_1_35' title="bbox 359 3261 1932 3330; baseline 0.002 -15"><span class='ocrx_word' id='word_1_225' title='bbox 359 3262 512 3327; x_wconf 84' lang='lat' dir='ltr'><strong>bros,</strong></span> <span class='ocrx_word' id='word_1_226' title='bbox 545 3261 865 3330; x_wconf 87' lang='lat' dir='ltr'><strong>priusquam</strong></span> <span class='ocrx_word' id='word_1_227' title='bbox 921 3261 1261 3329; x_wconf 84' lang='lat' dir='ltr'><strong>perniciosos</strong></span> <span class='ocrx_word' id='word_1_228' title='bbox 1287 3277 1408 3316; x_wconf 91' lang='lat' dir='ltr'><strong>esse</strong></span> <span class='ocrx_word' id='word_1_229' title='bbox 1436 3273 1645 3321; x_wconf 86' lang='lat' dir='ltr'><strong>nosset.</strong></span> <span class='ocrx_word' id='word_1_230' title='bbox 1687 3263 1932 3317; x_wconf 87' lang='lat' dir='ltr'><strong>studiose</strong></span> 
     </span>
    </p>
   </div>
   <div class='ocr_carea' id='block_1_36' title="bbox 356 3351 1931 3423">
    <p class='ocr_par' dir='ltr' id='par_1_36' title="bbox 356 3351 1931 3423">
     <span class='ocr_line' id='line_1_36' title="bbox 356 3351 1931 3423; baseline 0 -15"><span class='ocrx_word' id='word_1_231' title='bbox 356 3371 384 3408; x_wconf 82' lang='lat' dir='ltr'><strong>a</strong></span> <span class='ocrx_word' id='word_1_232' title='bbox 431 3368 490 3408; x_wconf 88' lang='lat' dir='ltr'><strong>se</strong></span> <span class='ocrx_word' id='word_1_233' title='bbox 523 3353 693 3407; x_wconf 88' lang='lat' dir='ltr'><strong>lectos</strong></span> <span class='ocrx_word' id='word_1_234' title='bbox 727 3353 980 3406; x_wconf 80' lang='lat' dir='ltr'><strong>fateatur.</strong></span> <span class='ocrx_word' id='word_1_235' title='bbox 1028 3351 1133 3418; x_wconf 84' lang='lat' dir='ltr'><strong>Qui</strong></span> <span class='ocrx_word' id='word_1_236' title='bbox 1184 3368 1315 3407; x_wconf 83' lang='lat' dir='ltr'><strong>vero</strong></span> <span class='ocrx_word' id='word_1_237' title='bbox 1349 3352 1416 3406; x_wconf 88' lang='lat' dir='ltr'><strong>ad</strong></span> <span class='ocrx_word' id='word_1_238' title='bbox 1464 3354 1565 3408; x_wconf 87' lang='lat' dir='ltr'><strong>hoc</strong></span> <span class='ocrx_word' id='word_1_239' title='bbox 1597 3355 1931 3423; x_wconf 70' lang='lat' dir='ltr'><strong>Peregrinari</strong></span> 
     </span>
    </p>
   </div>
   <div class='ocr_carea' id='block_1_37' title="bbox 353 3442 1930 3515">
    <p class='ocr_par' dir='ltr' id='par_1_37' title="bbox 353 3442 1930 3515">
     <span class='ocr_line' id='line_1_37' title="bbox 353 3442 1930 3515; baseline 0.001 -17"><span class='ocrx_word' id='word_1_240' title='bbox 353 3442 569 3509; x_wconf 77' lang='lat' dir='ltr'><strong>juvenis</strong></span> <span class='ocrx_word' id='word_1_241' title='bbox 600 3454 752 3499; x_wconf 78' lang='lat' dir='ltr'><strong>extra</strong></span> <span class='ocrx_word' id='word_1_242' title='bbox 788 3445 1019 3514; x_wconf 82' lang='lat' dir='ltr'><strong>patriam</strong></span> <span class='ocrx_word' id='word_1_243' title='bbox 1064 3445 1262 3514; x_wconf 88' lang='lat' dir='ltr'><strong>potuit,</strong></span> <span class='ocrx_word' id='word_1_244' title='bbox 1298 3460 1645 3515; x_wconf 85' lang='lat' dir='ltr'><strong>consequens</strong></span> <span class='ocrx_word' id='word_1_245' title='bbox 1672 3454 1755 3500; x_wconf 92' lang='lat' dir='ltr'><strong>est</strong></span> <span class='ocrx_word' id='word_1_246' title='bbox 1787 3457 1844 3501; x_wconf 92' lang='lat' dir='ltr'><strong>ut</strong></span> <span class='ocrx_word' id='word_1_247' title='bbox 1877 3448 1930 3500; x_wconf 90' lang='lat' dir='ltr'><strong>in</strong></span> 
     </span>
    </p>
   </div>
   <div class='ocr_carea' id='block_1_38' title="bbox 358 3537 1933 3607">
    <p class='ocr_par' dir='ltr' id='par_1_38' title="bbox 358 3537 1933 3607">
     <span class='ocr_line' id='line_1_38' title="bbox 358 3537 1933 3607; baseline 0.003 -18"><span class='ocrx_word' id='word_1_248' title='bbox 358 3537 529 3606; x_wconf 82' lang='lat' dir='ltr'><strong>patria</strong></span> <span class='ocrx_word' id='word_1_249' title='bbox 560 3537 812 3592; x_wconf 89' lang='lat' dir='ltr'><strong>credatur</strong></span> <span class='ocrx_word' id='word_1_250' title='bbox 844 3537 1101 3592; x_wconf 87' lang='lat' dir='ltr'><strong>habuisse</strong></span> <span class='ocrx_word' id='word_1_251' title='bbox 1149 3546 1404 3607; x_wconf 79' lang='lat' dir='ltr'><strong>parentes</strong></span> <span class='ocrx_word' id='word_1_252' title='bbox 1473 3538 1608 3593; x_wconf 87' lang='lat' dir='ltr'><strong>satis</strong></span> <span class='ocrx_word' id='word_1_253' title='bbox 1646 3540 1933 3607; x_wconf 86' lang='lat' dir='ltr'><strong>npulentos</strong></span> 
     </span>
    </p>
   </div>
   <div class='ocr_carea' id='block_1_39' title="bbox 358 3628 1929 3700">
    <p class='ocr_par' dir='ltr' id='par_1_39' title="bbox 358 3628 1929 3700">
     <span class='ocr_line' id='line_1_39' title="bbox 358 3628 1929 3700; baseline 0.003 -17"><span class='ocrx_word' id='word_1_254' title='bbox 358 3628 423 3683; x_wconf 80' lang='lat' dir='ltr'><strong>ad</strong></span> <span class='ocrx_word' id='word_1_255' title='bbox 455 3629 709 3683; x_wconf 85' lang='lat' dir='ltr'><strong>alendum</strong></span> <span class='ocrx_word' id='word_1_256' title='bbox 745 3644 968 3699; x_wconf 81' lang='lat' dir='ltr'><strong>peregre</strong></span> <span class='ocrx_word' id='word_1_257' title='bbox 1009 3629 1215 3694; x_wconf 85' lang='lat' dir='ltr'><strong>tilium,</strong></span> <span class='ocrx_word' id='word_1_258' title='bbox 1256 3631 1534 3700; x_wconf 90' lang='lat' dir='ltr'><strong>probeque</strong></span> <span class='ocrx_word' id='word_1_259' title='bbox 1565 3629 1929 3696; x_wconf 85' lang='lat' dir='ltr'><strong>Christianos,</strong></span> 
     </span>
    </p>
   </div>
   <div class='ocr_carea' id='block_1_40' title="bbox 359 3721 1934 3791">
    <p class='ocr_par' dir='ltr' id='par_1_40' title="bbox 359 3721 1934 3791">
     <span class='ocr_line' id='line_1_40' title="bbox 359 3721 1934 3791; baseline 0.003 -18"><span class='ocrx_word' id='word_1_260' title='bbox 359 3737 420 3773; x_wconf 83' lang='lat' dir='ltr'><strong>ex</strong></span> <span class='ocrx_word' id='word_1_261' title='bbox 454 3736 689 3791; x_wconf 92' lang='lat' dir='ltr'><strong>quorum</strong></span> <span class='ocrx_word' id='word_1_262' title='bbox 726 3721 1071 3776; x_wconf 90' lang='lat' dir='ltr'><strong>institutione</strong></span> <span class='ocrx_word' id='word_1_263' title='bbox 1115 3735 1236 3775; x_wconf 87' lang='lat' dir='ltr'><strong>eam</strong></span> <span class='ocrx_word' id='word_1_264' title='bbox 1282 3722 1452 3776; x_wconf 85' lang='lat' dir='ltr'><strong>traxit</strong></span> <span class='ocrx_word' id='word_1_265' title='bbox 1490 3721 1830 3777; x_wconf 77' lang='lat' dir='ltr'><strong>castimonia:</strong></span> <span class='ocrx_word' id='word_1_266' title='bbox 1857 3732 1934 3778; x_wconf 90' lang='lat' dir='ltr'><strong>te-</strong></span> 
     </span>
    </p>
   </div>
   <div class='ocr_carea' id='block_1_41' title="bbox 358 3814 1933 3887">
    <p class='ocr_par' dir='ltr' id='par_1_41' title="bbox 358 3814 1933 3887">
     <span class='ocr_line' id='line_1_41' title="bbox 358 3814 1933 3887; baseline 0.002 -19"><span class='ocrx_word' id='word_1_267' title='bbox 358 3816 548 3869; x_wconf 77' lang='lat' dir='ltr'><strong>nenda:</strong></span> <span class='ocrx_word' id='word_1_268' title='bbox 579 3814 969 3881; x_wconf 88' lang='lat' dir='ltr'><strong>constantiam,</strong></span> <span class='ocrx_word' id='word_1_269' title='bbox 1011 3831 1134 3885; x_wconf 68' lang='lat' dir='ltr'><strong>quae</strong></span> <span class='ocrx_word' id='word_1_270' title='bbox 1173 3817 1352 3885; x_wconf 86' lang='lat' dir='ltr'><strong>ipsum</strong></span> <span class='ocrx_word' id='word_1_271' title='bbox 1397 3816 1637 3872; x_wconf 79' lang='lat' dir='ltr'><strong>servavit</strong></span> <span class='ocrx_word' id='word_1_272' title='bbox 1676 3816 1933 3887; x_wconf 89' lang='lat' dir='ltr'><strong>impollu-</strong></span> 
     </span>
    </p>
   </div>
   <div class='ocr_carea' id='block_1_42' title="bbox 360 3904 1936 3975">
    <p class='ocr_par' dir='ltr' id='par_1_42' title="bbox 360 3904 1936 3975">
     <span class='ocr_line' id='line_1_42' title="bbox 360 3904 1936 3975; baseline 0.002 -17"><span class='ocrx_word' id='word_1_273' title='bbox 360 3916 472 3959; x_wconf 92' lang='lat' dir='ltr'><strong>tum</strong></span> <span class='ocrx_word' id='word_1_274' title='bbox 513 3905 652 3959; x_wconf 89' lang='lat' dir='ltr'><strong>inter</strong></span> <span class='ocrx_word' id='word_1_275' title='bbox 690 3904 973 3960; x_wconf 87' lang='lat' dir='ltr'><strong>illecebras</strong></span> <span class='ocrx_word' id='word_1_276' title='bbox 1013 3914 1067 3960; x_wconf 85' lang='lat' dir='ltr'><strong>et</strong></span> <span class='ocrx_word' id='word_1_277' title='bbox 1114 3905 1310 3961; x_wconf 85' lang='lat' dir='ltr'><strong>sordes</strong></span> <span class='ocrx_word' id='word_1_278' title='bbox 1355 3904 1763 3961; x_wconf 88' lang='lat' dir='ltr'><strong>Gnosticorum.</strong></span> <span class='ocrx_word' id='word_1_279' title='bbox 1816 3904 1936 3975; x_wconf 83' lang='lat' dir='ltr'><strong>Ipse</strong></span> 
     </span>
    </p>
   </div>
   <div class='ocr_carea' id='block_1_43' title="bbox 357 3995 1931 4068">
    <p class='ocr_par' dir='ltr' id='par_1_43' title="bbox 357 3995 1931 4068">
     <span class='ocr_line' id='line_1_43' title="bbox 357 3995 1931 4068; baseline 0 -19"><span class='ocrx_word' id='word_1_280' title='bbox 357 3996 633 4064; x_wconf 88' lang='lat' dir='ltr'><strong>quomodo</strong></span> <span class='ocrx_word' id='word_1_281' title='bbox 664 4011 759 4052; x_wconf 88' lang='lat' dir='ltr'><strong>eas</strong></span> <span class='ocrx_word' id='word_1_282' title='bbox 786 3997 1023 4052; x_wconf 81' lang='lat' dir='ltr'><strong>evaserit</strong></span> <span class='ocrx_word' id='word_1_283' title='bbox 1048 3996 1178 4051; x_wconf 91' lang='lat' dir='ltr'><strong>loco</strong></span> <span class='ocrx_word' id='word_1_284' title='bbox 1200 3997 1313 4068; x_wconf 87' lang='lat' dir='ltr'><strong>jam</strong></span> <span class='ocrx_word' id='word_1_285' title='bbox 1344 3999 1512 4052; x_wconf 88' lang='lat' dir='ltr'><strong>citato</strong></span> <span class='ocrx_word' id='word_1_286' title='bbox 1544 3997 1629 4061; x_wconf 82' lang='lat' dir='ltr'><strong>sic</strong></span> <span class='ocrx_word' id='word_1_287' title='bbox 1663 3995 1931 4065; x_wconf 76' lang='lat' dir='ltr'><strong>explicat:</strong></span> 
     </span>
    </p>
   </div>
   <div class='ocr_carea' id='block_1_44' title="bbox 426 4088 1937 4158">
    <p class='ocr_par' dir='ltr' id='par_1_44' title="bbox 426 4088 1937 4158">
     <span class='ocr_line' id='line_1_44' title="bbox 426 4088 1937 4158; baseline -0.002 -14"><span class='ocrx_word' id='word_1_288' title='bbox 426 4091 481 4144; x_wconf 83' lang='lat'><strong>8.</strong></span> <span class='ocrx_word' id='word_1_289' title='bbox 529 4107 547 4140; x_wconf 82' lang='grc'><em>‹</em></span> <span class='ocrx_word' id='word_1_290' title='bbox 586 4089 664 4143; x_wconf 87' lang='lat' dir='ltr'><strong>Ad</strong></span> <span class='ocrx_word' id='word_1_291' title='bbox 696 4089 1070 4158; x_wconf 82' lang='lat' dir='ltr'><strong>magisterium</strong></span> <span class='ocrx_word' id='word_1_292' title='bbox 1104 4089 1379 4144; x_wconf 61' lang='lat' dir='ltr'><strong>haereseos</strong></span> <span class='ocrx_word' id='word_1_293' title='bbox 1423 4088 1571 4142; x_wconf 86' lang='lat' dir='ltr'><strong>illius</strong></span> <span class='ocrx_word' id='word_1_294' title='bbox 1606 4095 1937 4156; x_wconf 73' lang='lat' dir='ltr'><strong>comparata:</strong></span> 
     </span>
    </p>
   </div>
   <div class='ocr_carea' id='block_1_45' title="bbox 359 4178 1936 4248">
    <p class='ocr_par' dir='ltr' id='par_1_45' title="bbox 359 4178 1936 4248">
     <span class='ocr_line' id='line_1_45' title="bbox 359 4178 1936 4248; baseline 0 -15"><span class='ocrx_word' id='word_1_295' title='bbox 359 4180 705 4248; x_wconf 56' lang='lat' dir='ltr'><strong>deceptaque</strong></span> <span class='ocrx_word' id='word_1_296' title='bbox 738 4180 1019 4243; x_wconf 88' lang='lat' dir='ltr'><strong>mulieres,</strong></span> <span class='ocrx_word' id='word_1_297' title='bbox 1060 4195 1170 4234; x_wconf 90' lang='lat' dir='ltr'><strong>non</strong></span> <span class='ocrx_word' id='word_1_298' title='bbox 1202 4178 1734 4234; x_wconf 84' lang='lat' dir='ltr'><strong>solum.istiusmodi</strong></span> <span class='ocrx_word' id='word_1_299' title='bbox 1775 4180 1936 4234; x_wconf 90' lang='lat' dir='ltr'><strong>nobis</strong></span> 
     </span>
    </p>
   </div>
   <div class='ocr_carea' id='block_1_46' title="bbox 358 4271 1938 4343">
    <p class='ocr_par' dir='ltr' id='par_1_46' title="bbox 358 4271 1938 4343">
     <span class='ocr_line' id='line_1_46' title="bbox 358 4271 1938 4343; baseline 0.003 -18"><span class='ocrx_word' id='word_1_300' title='bbox 358 4284 646 4325; x_wconf 84' lang='lat' dir='ltr'><strong>sermones</strong></span> <span class='ocrx_word' id='word_1_301' title='bbox 690 4271 1017 4340; x_wconf 89' lang='lat' dir='ltr'><strong>injecerunt.</strong></span> <span class='ocrx_word' id='word_1_302' title='bbox 1048 4272 1143 4326; x_wconf 83' lang='lat' dir='ltr'><strong>sed</strong></span> <span class='ocrx_word' id='word_1_303' title='bbox 1185 4272 1431 4342; x_wconf 88' lang='lat' dir='ltr'><strong>insuper,</strong></span> <span class='ocrx_word' id='word_1_304' title='bbox 1486 4271 1754 4343; x_wconf 67' lang='lat' dir='ltr'><strong>Egyptiaa</strong></span> <span class='ocrx_word' id='word_1_305' title='bbox 1791 4272 1938 4329; x_wconf 92' lang='lat' dir='ltr'><strong>illius</strong></span> 
     </span>
    </p>
   </div>
   <div class='ocr_carea' id='block_1_47' title="bbox 361 4350 1938 4434">
    <p class='ocr_par' dir='ltr' id='par_1_47' title="bbox 361 4350 1938 4434">
     <span class='ocr_line' id='line_1_47' title="bbox 361 4350 1938 4434; baseline 0.001 -18"><span class='ocrx_word' id='word_1_306' title='bbox 361 4362 584 4430; x_wconf 68' lang='lat' dir='ltr'><strong>perditae</strong></span> <span class='ocrx_word' id='word_1_307' title='bbox 610 4377 674 4417; x_wconf 89' lang='lat' dir='ltr'><strong>ac</strong></span> <span class='ocrx_word' id='word_1_308' title='bbox 706 4362 1057 4432; x_wconf 81' lang='lat' dir='ltr'><strong>nequissimae</strong></span> <span class='ocrx_word' id='word_1_309' title='bbox 1097 4361 1315 4418; x_wconf 56' lang='lat' dir='ltr'><strong>femina!</strong></span> <span class='ocrx_word' id='word_1_310' title='bbox 1348 4364 1542 4425; x_wconf 85' lang='lat' dir='ltr'><strong>instar,</strong></span> <span class='ocrx_word' id='word_1_311' title='bbox 1577 4379 1700 4433; x_wconf 85' lang='lat' dir='ltr'><strong>qu:e</strong></span> <span class='ocrx_word' id='word_1_312' title='bbox 1726 4350 1938 4434; x_wconf 65' lang='lat' dir='ltr'><strong>coquo-</strong></span> 
     </span>
    </p>
   </div>
   <div class='ocr_carea' id='block_1_48' title="bbox 362 4453 2013 4536">
    <p class='ocr_par' dir='ltr' id='par_1_48' title="bbox 362 4453 2013 4536">
     <span class='ocr_line' id='line_1_48' title="bbox 362 4453 2013 4536; baseline 0.001 -29"><span class='ocrx_word' id='word_1_313' title='bbox 362 4468 484 4508; x_wconf 90' lang='lat' dir='ltr'><strong>rum</strong></span> <span class='ocrx_word' id='word_1_314' title='bbox 509 4453 772 4522; x_wconf 88' lang='lat' dir='ltr'><strong>principis</strong></span> <span class='ocrx_word' id='word_1_315' title='bbox 800 4469 939 4507; x_wconf 78' lang='lat' dir='ltr'><strong>uxor</strong></span> <span class='ocrx_word' id='word_1_316' title='bbox 970 4462 1110 4519; x_wconf 88' lang='lat' dir='ltr'><strong>erat,</strong></span> <span class='ocrx_word' id='word_1_317' title='bbox 1141 4455 1404 4522; x_wconf 81' lang='lat' dir='ltr'><strong>petulanti</strong></span> <span class='ocrx_word' id='word_1_318' title='bbox 1448 4471 1547 4509; x_wconf 90' lang='lat' dir='ltr'><strong>nos</strong></span> <span class='ocrx_word' id='word_1_319' title='bbox 1585 4464 1782 4510; x_wconf 88' lang='lat' dir='ltr'><strong>conatu</strong></span> <span class='ocrx_word' id='word_1_320' title='bbox 1814 4472 1936 4527; x_wconf 82' lang='lat' dir='ltr'><strong>pcr-</strong></span> <span class='ocrx_word' id='word_1_321' title='bbox 1970 4481 2013 4536; x_wconf 70' lang='grc' dir='ltr'>ο</span> 
     </span>
    </p>
   </div>
   <div class='ocr_carea' id='block_1_49' title="bbox 362 4544 1937 4611">
    <p class='ocr_par' dir='ltr' id='par_1_49' title="bbox 362 4544 1937 4611">
     <span class='ocr_line' id='line_1_49' title="bbox 362 4544 1937 4611; baseline 0.002 -14"><span class='ocrx_word' id='word_1_322' title='bbox 362 4545 600 4611; x_wconf 88' lang='lat' dir='ltr'><strong>trahere,</strong></span> <span class='ocrx_word' id='word_1_323' title='bbox 646 4551 760 4598; x_wconf 88' lang='lat' dir='ltr'><strong>tum</strong></span> <span class='ocrx_word' id='word_1_324' title='bbox 811 4561 932 4598; x_wconf 90' lang='lat' dir='ltr'><strong>cum</strong></span> <span class='ocrx_word' id='word_1_325' title='bbox 982 4544 1192 4599; x_wconf 83' lang='lat' dir='ltr'><strong>ﬂorenti</strong></span> <span class='ocrx_word' id='word_1_326' title='bbox 1244 4546 1423 4599; x_wconf 87' lang='lat' dir='ltr'><strong>adhuc</strong></span> <span class='ocrx_word' id='word_1_327' title='bbox 1468 4555 1628 4600; x_wconf 69' lang='lat' dir='ltr'><strong>relate</strong></span> <span class='ocrx_word' id='word_1_328' title='bbox 1666 4561 1937 4610; x_wconf 88' lang='lat' dir='ltr'><strong>essemus,</strong></span> 
     </span>
    </p>
   </div>
   <div class='ocr_carea' id='block_1_50' title="bbox 361 4635 1940 4708">
    <p class='ocr_par' dir='ltr' id='par_1_50' title="bbox 361 4635 1940 4708">
     <span class='ocr_line' id='line_1_50' title="bbox 361 4635 1940 4708; baseline 0 -16"><span class='ocrx_word' id='word_1_329' title='bbox 361 4653 631 4708; x_wconf 70' lang='lat' dir='ltr'><strong>aggressa:</strong></span> <span class='ocrx_word' id='word_1_330' title='bbox 659 4648 804 4693; x_wconf 90' lang='lat' dir='ltr'><strong>sunt.</strong></span> <span class='ocrx_word' id='word_1_331' title='bbox 841 4636 1043 4693; x_wconf 79' lang='lat' dir='ltr'><strong>Verum</strong></span> <span class='ocrx_word' id='word_1_332' title='bbox 1080 4639 1127 4692; x_wconf 90' lang='lat' dir='ltr'><strong>is</strong></span> <span class='ocrx_word' id='word_1_333' title='bbox 1169 4638 1264 4707; x_wconf 89' lang='lat' dir='ltr'><strong>qui</strong></span> <span class='ocrx_word' id='word_1_334' title='bbox 1311 4638 1661 4692; x_wconf 78' lang='lat' dir='ltr'><strong>sanctissimo</strong></span> <span class='ocrx_word' id='word_1_335' title='bbox 1702 4635 1940 4707; x_wconf 84' lang='lat' dir='ltr'><strong>Joscpho</strong></span> 
     </span>
    </p>
   </div>
   <div class='ocr_carea' id='block_1_51' title="bbox 364 4730 1941 4800">
    <p class='ocr_par' dir='ltr' id='par_1_51' title="bbox 364 4730 1941 4800">
     <span class='ocr_line' id='line_1_51' title="bbox 364 4730 1941 4800; baseline 0 -15"><span class='ocrx_word' id='word_1_336' title='bbox 364 4743 476 4785; x_wconf 90' lang='lat' dir='ltr'><strong>tum</strong></span> <span class='ocrx_word' id='word_1_337' title='bbox 523 4732 715 4794; x_wconf 89' lang='lat' dir='ltr'><strong>astitit,</strong></span> <span class='ocrx_word' id='word_1_338' title='bbox 755 4730 915 4786; x_wconf 84' lang='lat' dir='ltr'><strong>nobis</strong></span> <span class='ocrx_word' id='word_1_339' title='bbox 961 4747 1181 4800; x_wconf 87' lang='lat' dir='ltr'><strong>quoque</strong></span> <span class='ocrx_word' id='word_1_340' title='bbox 1232 4740 1429 4799; x_wconf 68' lang='lat' dir='ltr'><strong>prwsto</strong></span> <span class='ocrx_word' id='word_1_341' title='bbox 1488 4731 1620 4797; x_wconf 85' lang='lat' dir='ltr'><strong>fuit;</strong></span> <span class='ocrx_word' id='word_1_342' title='bbox 1671 4741 1727 4784; x_wconf 90' lang='lat' dir='ltr'><strong>et</strong></span> <span class='ocrx_word' id='word_1_343' title='bbox 1795 4731 1941 4785; x_wconf 91' lang='lat' dir='ltr'><strong>hunc</strong></span> 
     </span>
    </p>
   </div>
   <div class='ocr_carea' id='block_1_52' title="bbox 362 4824 1939 4896">
    <p class='ocr_par' dir='ltr' id='par_1_52' title="bbox 362 4824 1939 4896">
     <span class='ocr_line' id='line_1_52' title="bbox 362 4824 1939 4896; baseline -0.003 -15"><span class='ocrx_word' id='word_1_344' title='bbox 362 4827 564 4896; x_wconf 83' lang='lat' dir='ltr'><strong>ipsum,</strong></span> <span class='ocrx_word' id='word_1_345' title='bbox 600 4825 693 4895; x_wconf 86' lang='lat' dir='ltr'><strong>qui</strong></span> <span class='ocrx_word' id='word_1_346' title='bbox 739 4825 891 4879; x_wconf 91' lang='lat' dir='ltr'><strong>illum</strong></span> <span class='ocrx_word' id='word_1_347' title='bbox 928 4840 995 4879; x_wconf 86' lang='lat' dir='ltr'><strong>eo</strong></span> <span class='ocrx_word' id='word_1_348' title='bbox 1039 4825 1092 4878; x_wconf 92' lang='lat' dir='ltr'><strong>in</strong></span> <span class='ocrx_word' id='word_1_349' title='bbox 1132 4824 1377 4893; x_wconf 81' lang='lat' dir='ltr'><strong>periculo</strong></span> <span class='ocrx_word' id='word_1_350' title='bbox 1424 4825 1693 4887; x_wconf 84' lang='lat' dir='ltr'><strong>liberavit,</strong></span> <span class='ocrx_word' id='word_1_351' title='bbox 1742 4824 1939 4895; x_wconf 85' lang='lat' dir='ltr'><strong>implo-</strong></span> 
     </span>
    </p>
   </div>
   <div class='ocr_carea' id='block_1_53' title="bbox 361 4916 1941 4987">
    <p class='ocr_par' dir='ltr' id='par_1_53' title="bbox 361 4916 1941 4987">
     <span class='ocr_line' id='line_1_53' title="bbox 361 4916 1941 4987; baseline -0.001 -14"><span class='ocrx_word' id='word_1_352' title='bbox 361 4928 569 4984; x_wconf 79' lang='lat' dir='ltr'><strong>rantes,</strong></span> <span class='ocrx_word' id='word_1_353' title='bbox 620 4918 746 4973; x_wconf 91' lang='lat' dir='ltr'><strong>licet</strong></span> <span class='ocrx_word' id='word_1_354' title='bbox 799 4916 1008 4986; x_wconf 83' lang='lat' dir='ltr'><strong>indigni</strong></span> <span class='ocrx_word' id='word_1_355' title='bbox 1067 4931 1132 4971; x_wconf 90' lang='lat' dir='ltr'><strong>ac</strong></span> <span class='ocrx_word' id='word_1_356' title='bbox 1190 4926 1342 4971; x_wconf 91' lang='lat' dir='ltr'><strong>tanto</strong></span> <span class='ocrx_word' id='word_1_357' title='bbox 1391 4917 1658 4972; x_wconf 79' lang='lat' dir='ltr'><strong>beneﬁcio</strong></span> <span class='ocrx_word' id='word_1_358' title='bbox 1703 4919 1941 4987; x_wconf 88' lang='lat' dir='ltr'><strong>impares</strong></span> 
     </span>
    </p>
   </div>
   <div class='ocr_carea' id='block_1_54' title="bbox 362 5008 1943 5080">
    <p class='ocr_par' dir='ltr' id='par_1_54' title="bbox 362 5008 1943 5080">
     <span class='ocr_line' id='line_1_54' title="bbox 362 5008 1943 5080; baseline -0.004 -15"><span class='ocrx_word' id='word_1_359' title='bbox 362 5026 635 5073; x_wconf 86' lang='lat' dir='ltr'><strong>essemus,</strong></span> <span class='ocrx_word' id='word_1_360' title='bbox 664 5010 914 5080; x_wconf 83' lang='lat' dir='ltr'><strong>ejusdem</strong></span> <span class='ocrx_word' id='word_1_361' title='bbox 961 5008 1291 5079; x_wconf 85' lang='lat' dir='ltr'><strong>benignitate</strong></span> <span class='ocrx_word' id='word_1_362' title='bbox 1320 5023 1387 5061; x_wconf 90' lang='lat' dir='ltr'><strong>ac</strong></span> <span class='ocrx_word' id='word_1_363' title='bbox 1413 5008 1790 5063; x_wconf 86' lang='lat' dir='ltr'><strong>misericordia</strong></span> <span class='ocrx_word' id='word_1_364' title='bbox 1818 5022 1943 5077; x_wconf 86' lang='lat' dir='ltr'><strong>per-</strong></span> 
     </span>
    </p>
   </div>
   <div class='ocr_carea' id='block_1_55' title="bbox 364 5098 1943 5171">
    <p class='ocr_par' dir='ltr' id='par_1_55' title="bbox 364 5098 1943 5171">
     <span class='ocr_line' id='line_1_55' title="bbox 364 5098 1943 5171; baseline -0.001 -18"><span class='ocrx_word' id='word_1_365' title='bbox 364 5100 604 5156; x_wconf 87' lang='lat' dir='ltr'><strong>nieiosas</strong></span> <span class='ocrx_word' id='word_1_366' title='bbox 637 5102 854 5155; x_wconf 89' lang='lat' dir='ltr'><strong>illarum</strong></span> <span class='ocrx_word' id='word_1_367' title='bbox 888 5116 1083 5156; x_wconf 87' lang='lat' dir='ltr'><strong>manus</strong></span> <span class='ocrx_word' id='word_1_368' title='bbox 1115 5098 1432 5171; x_wconf 72' lang='lat' dir='ltr'><strong>clfugimus,</strong></span> <span class='ocrx_word' id='word_1_369' title='bbox 1480 5114 1546 5154; x_wconf 86' lang='lat' dir='ltr'><strong>ac</strong></span> <span class='ocrx_word' id='word_1_370' title='bbox 1590 5099 1943 5154; x_wconf 73' lang='lat' dir='ltr'><strong>sanctissimo</strong></span> 
     </span>
    </p>
   </div>
   <div class='ocr_carea' id='block_1_56' title="bbox 369 5187 1941 5258">
    <p class='ocr_par' dir='ltr' id='par_1_56' title="bbox 369 5187 1941 5258">
     <span class='ocr_line' id='line_1_56' title="bbox 369 5187 1941 5258; baseline 0.002 -19"><span class='ocrx_word' id='word_1_371' title='bbox 369 5187 480 5241; x_wconf 66' lang='lat' dir='ltr'><strong>Dan</strong></span> <span class='ocrx_word' id='word_1_372' title='bbox 508 5191 923 5258; x_wconf 85' lang='lat' dir='ltr'><strong>gratulatorium</strong></span> <span class='ocrx_word' id='word_1_373' title='bbox 962 5206 1181 5246; x_wconf 89' lang='lat' dir='ltr'><strong>carmen</strong></span> <span class='ocrx_word' id='word_1_374' title='bbox 1225 5189 1546 5255; x_wconf 87' lang='lat' dir='ltr'><strong>cecinimus,</strong></span> <span class='ocrx_word' id='word_1_375' title='bbox 1578 5198 1637 5244; x_wconf 91' lang='lat' dir='ltr'><strong>ut</strong></span> <span class='ocrx_word' id='word_1_376' title='bbox 1683 5190 1733 5244; x_wconf 87' lang='lat' dir='ltr'><strong>id</strong></span> <span class='ocrx_word' id='word_1_377' title='bbox 1776 5205 1941 5245; x_wconf 87' lang='lat' dir='ltr'><strong>usur-</strong></span> 
     </span>
    </p>
   </div>
   <div class='ocr_carea' id='block_1_57' title="bbox 368 5282 1945 5353">
    <p class='ocr_par' dir='ltr' id='par_1_57' title="bbox 368 5282 1945 5353">
     <span class='ocr_line' id='line_1_57' title="bbox 368 5282 1945 5353; baseline 0.001 -18"><span class='ocrx_word' id='word_1_378' title='bbox 368 5297 498 5351; x_wconf 89' lang='lat' dir='ltr'><strong>pare</strong></span> <span class='ocrx_word' id='word_1_379' title='bbox 538 5283 733 5336; x_wconf 89' lang='lat' dir='ltr'><strong>merito</strong></span> <span class='ocrx_word' id='word_1_380' title='bbox 761 5298 1077 5351; x_wconf 86' lang='lat' dir='ltr'><strong>possemus:</strong></span> <span class='ocrx_word' id='word_1_381' title='bbox 1120 5284 1408 5340; x_wconf 73' lang='lat' dir='ltr'><strong>Cantemus</strong></span> <span class='ocrx_word' id='word_1_382' title='bbox 1442 5282 1686 5343; x_wconf 85' lang='lat' dir='ltr'><strong>Domino,</strong></span> <span class='ocrx_word' id='word_1_383' title='bbox 1720 5282 1945 5353; x_wconf 84' lang='lat' dir='ltr'><strong>gloriose</strong></span> 
     </span>
    </p>
   </div>
   <div class='ocr_carea' id='block_1_58' title="bbox 366 5373 1944 5446">
    <p class='ocr_par' dir='ltr' id='par_1_58' title="bbox 366 5373 1944 5446">
     <span class='ocr_line' id='line_1_58' title="bbox 366 5373 1944 5446; baseline -0.001 -20"><span class='ocrx_word' id='word_1_384' title='bbox 366 5373 506 5426; x_wconf 88' lang='lat' dir='ltr'><strong>enim</strong></span> <span class='ocrx_word' id='word_1_385' title='bbox 544 5374 920 5444; x_wconf 72' lang='lat' dir='ltr'><strong>magni/iratus</strong></span> <span class='ocrx_word' id='word_1_386' title='bbox 956 5385 1055 5433; x_wconf 86' lang='lat' dir='ltr'><strong>est.</strong></span> <span class='ocrx_word' id='word_1_387' title='bbox 1095 5392 1284 5446; x_wconf 83' lang='lat' dir='ltr'><strong>equum</strong></span> <span class='ocrx_word' id='word_1_388' title='bbox 1313 5385 1363 5430; x_wconf 82' lang='lat' dir='ltr'><strong>et</strong></span> <span class='ocrx_word' id='word_1_389' title='bbox 1395 5392 1725 5431; x_wconf 78' lang='lat' dir='ltr'><strong>ascensorem</strong></span> <span class='ocrx_word' id='word_1_390' title='bbox 1757 5373 1944 5442; x_wconf 79' lang='lat' dir='ltr'><strong>dejecit</strong></span> 
     </span>
    </p>
   </div>
   <div class='ocr_carea' id='block_1_59' title="bbox 367 5464 1949 5538">
    <p class='ocr_par' dir='ltr' id='par_1_59' title="bbox 367 5464 1949 5538">
     <span class='ocr_line' id='line_1_59' title="bbox 367 5464 1949 5538; baseline 0.001 -20"><span class='ocrx_word' id='word_1_391' title='bbox 367 5466 422 5518; x_wconf 83' lang='lat' dir='ltr'><strong>in</strong></span> <span class='ocrx_word' id='word_1_392' title='bbox 476 5482 621 5518; x_wconf 85' lang='lat' dir='ltr'><strong>mare</strong></span> <span class='ocrx_word' id='word_1_393' title='bbox 677 5464 892 5535; x_wconf 75' lang='lat' dir='ltr'><strong>(Exod.</strong></span> <span class='ocrx_word' id='word_1_394' title='bbox 929 5482 1005 5526; x_wconf 73' lang='lat' dir='ltr'><strong>xu,</strong></span> <span class='ocrx_word' id='word_1_395' title='bbox 1050 5467 1122 5536; x_wconf 86' lang='lat' dir='ltr'><strong>l).</strong></span> <span class='ocrx_word' id='word_1_396' title='bbox 1176 5467 1363 5538; x_wconf 87' lang='lat' dir='ltr'><strong>Neque</strong></span> <span class='ocrx_word' id='word_1_397' title='bbox 1404 5468 1549 5523; x_wconf 91' lang='lat' dir='ltr'><strong>enim</strong></span> <span class='ocrx_word' id='word_1_398' title='bbox 1596 5466 1849 5520; x_wconf 90' lang='lat' dir='ltr'><strong>similiter</strong></span> <span class='ocrx_word' id='word_1_399' title='bbox 1888 5474 1949 5520; x_wconf 91' lang='lat' dir='ltr'><strong>ut</strong></span> 
     </span>
    </p>
   </div>
   <div class='ocr_carea' id='block_1_60' title="bbox 369 5554 1947 5627">
    <p class='ocr_par' dir='ltr' id='par_1_60' title="bbox 369 5554 1947 5627">
     <span class='ocr_line' id='line_1_60' title="bbox 369 5554 1947 5627; baseline 0.004 -19"><span class='ocrx_word' id='word_1_400' title='bbox 369 5554 459 5608; x_wconf 84' lang='lat' dir='ltr'><strong>ille</strong></span> <span class='ocrx_word' id='word_1_401' title='bbox 487 5555 800 5624; x_wconf 85' lang='lat' dir='ltr'><strong>patriarcha</strong></span> <span class='ocrx_word' id='word_1_402' title='bbox 821 5556 868 5609; x_wconf 84' lang='lat' dir='ltr'><strong>vi</strong></span> <span class='ocrx_word' id='word_1_403' title='bbox 886 5556 1123 5625; x_wconf 88' lang='lat' dir='ltr'><strong>quadam</strong></span> <span class='ocrx_word' id='word_1_404' title='bbox 1150 5558 1369 5614; x_wconf 85' lang='lat' dir='ltr'><strong>virtutis</strong></span> <span class='ocrx_word' id='word_1_405' title='bbox 1389 5575 1455 5613; x_wconf 90' lang='lat' dir='ltr'><strong>ac</strong></span> <span class='ocrx_word' id='word_1_406' title='bbox 1475 5559 1701 5627; x_wconf 72' lang='lat' dir='ltr'><strong>justitize</strong></span> <span class='ocrx_word' id='word_1_407' title='bbox 1726 5570 1947 5615; x_wconf 72' lang='lat' dir='ltr'><strong>nostrzc.</strong></span> 
     </span>
    </p>
   </div>
   <div class='ocr_carea' id='block_1_61' title="bbox 370 5643 1949 5719">
    <p class='ocr_par' dir='ltr' id='par_1_61' title="bbox 370 5643 1949 5719">
     <span class='ocr_line' id='line_1_61' title="bbox 370 5643 1949 5719; baseline 0.001 -18"><span class='ocrx_word' id='word_1_408' title='bbox 370 5645 465 5701; x_wconf 68' lang='grc' dir='ltr'><strong>ευιὶ</strong></span> <span class='ocrx_word' id='word_1_409' title='bbox 504 5643 629 5700; x_wconf 84' lang='lat' dir='ltr'><strong>fuso</strong></span> <span class='ocrx_word' id='word_1_410' title='bbox 652 5647 717 5700; x_wconf 90' lang='lat' dir='ltr'><strong>ad</strong></span> <span class='ocrx_word' id='word_1_411' title='bbox 760 5646 929 5703; x_wconf 74' lang='lat' dir='ltr'><strong>Deum</strong></span> <span class='ocrx_word' id='word_1_412' title='bbox 968 5649 1173 5718; x_wconf 77' lang='lat' dir='ltr'><strong>gemitu</strong></span> <span class='ocrx_word' id='word_1_413' title='bbox 1211 5651 1331 5719; x_wconf 88' lang='lat' dir='ltr'><strong>ejus</strong></span> <span class='ocrx_word' id='word_1_414' title='bbox 1377 5667 1568 5706; x_wconf 89' lang='lat' dir='ltr'><strong>sumus</strong></span> <span class='ocrx_word' id='word_1_415' title='bbox 1600 5650 1949 5705; x_wconf 79' lang='lat' dir='ltr'><strong>miseratione</strong></span> 
     </span>
    </p>
   </div>
   <div class='ocr_carea' id='block_1_62' title="bbox 369 5737 1945 5809">
    <p class='ocr_par' dir='ltr' id='par_1_62' title="bbox 369 5737 1945 5809">
     <span class='ocr_line' id='line_1_62' title="bbox 369 5737 1945 5809; baseline 0 -14"><span class='ocrx_word' id='word_1_416' title='bbox 369 5737 590 5809; x_wconf 77' lang='lat' dir='ltr'><strong>servati.</strong></span> <span class='ocrx_word' id='word_1_417' title='bbox 628 5737 761 5794; x_wconf 75' lang='lat' dir='ltr'><strong>Cum</strong></span> <span class='ocrx_word' id='word_1_418' title='bbox 795 5740 955 5796; x_wconf 89' lang='lat' dir='ltr'><strong>etiam</strong></span> <span class='ocrx_word' id='word_1_419' title='bbox 986 5742 1116 5797; x_wconf 88' lang='lat' dir='ltr'><strong>mihi</strong></span> <span class='ocrx_word' id='word_1_420' title='bbox 1152 5752 1332 5806; x_wconf 72' lang='lat' dir='ltr'><strong>pestes</strong></span> <span class='ocrx_word' id='word_1_421' title='bbox 1370 5744 1475 5799; x_wconf 78' lang='lat' dir='ltr'><strong>illzc</strong></span> <span class='ocrx_word' id='word_1_422' title='bbox 1510 5760 1604 5802; x_wconf 71' lang='lat' dir='ltr'><strong>ver</strong></span> <span class='ocrx_word' id='word_1_423' title='bbox 1650 5741 1945 5797; x_wconf 81' lang='lat' dir='ltr'><strong>ludibrium</strong></span> 
     </span>
    </p>
   </div>
   <div class='ocr_carea' id='block_1_63' title="bbox 2019 527 3599 598">
    <p class='ocr_par' dir='ltr' id='par_1_63' title="bbox 2019 527 3599 598">
     <span class='ocr_line' id='line_1_63' title="bbox 2019 527 3599 598; baseline 0.005 -19"><span class='ocrx_word' id='word_1_424' title='bbox 2019 536 2320 597; x_wconf 74' lang='lat' dir='ltr'><strong>querentur</strong></span> <span class='ocrx_word' id='word_1_425' title='bbox 2354 547 2367 582; x_wconf 89' lang='lat'><strong>:</strong></span> <span class='ocrx_word' id='word_1_426' title='bbox 2408 527 2563 583; x_wconf 85' lang='lat' dir='ltr'><strong>lluuc</strong></span> <span class='ocrx_word' id='word_1_427' title='bbox 2588 533 2844 598; x_wconf 79' lang='lat' dir='ltr'><strong>juvenem</strong></span> <span class='ocrx_word' id='word_1_428' title='bbox 2879 544 3101 584; x_wconf 85' lang='lat' dir='ltr'><strong>servare</strong></span> <span class='ocrx_word' id='word_1_429' title='bbox 3143 544 3251 583; x_wconf 86' lang='lat' dir='ltr'><strong>non</strong></span> <span class='ocrx_word' id='word_1_430' title='bbox 3295 530 3599 598; x_wconf 82' lang='lat' dir='ltr'><strong>potuimus.</strong></span> 
     </span>
    </p>
   </div>
   <div class='ocr_carea' id='block_1_64' title="bbox 2020 618 3606 693">
    <p class='ocr_par' dir='ltr' id='par_1_64' title="bbox 2020 618 3606 693">
     <span class='ocr_line' id='line_1_64' title="bbox 2020 618 3606 693; baseline 0.003 -20"><span class='ocrx_word' id='word_1_431' title='bbox 2020 618 2114 673; x_wconf 89' lang='lat' dir='ltr'><strong>sed</strong></span> <span class='ocrx_word' id='word_1_432' title='bbox 2155 620 2206 672; x_wconf 89' lang='lat' dir='ltr'><strong>in</strong></span> <span class='ocrx_word' id='word_1_433' title='bbox 2243 621 2496 676; x_wconf 86' lang='lat' dir='ltr'><strong>manibus</strong></span> <span class='ocrx_word' id='word_1_434' title='bbox 2535 622 2797 691; x_wconf 88' lang='lat' dir='ltr'><strong>principis</strong></span> <span class='ocrx_word' id='word_1_435' title='bbox 2828 622 3006 691; x_wconf 91' lang='lat' dir='ltr'><strong>perire</strong></span> <span class='ocrx_word' id='word_1_436' title='bbox 3048 622 3298 676; x_wconf 87' lang='lat' dir='ltr'><strong>sivimus.</strong></span> <span class='ocrx_word' id='word_1_437' title='bbox 3318 619 3453 675; x_wconf 80' lang='lat' dir='ltr'><strong>Nam</strong></span> <span class='ocrx_word' id='word_1_438' title='bbox 3479 641 3606 693; x_wconf 61' lang='lat' dir='ltr'><strong>quae</strong></span> 
     </span>
    </p>
   </div>
   <div class='ocr_carea' id='block_1_65' title="bbox 2021 707 3606 782">
    <p class='ocr_par' dir='ltr' id='par_1_65' title="bbox 2021 707 3606 782">
     <span class='ocr_line' id='line_1_65' title="bbox 2021 707 3606 782; baseline 0.004 -20"><span class='ocrx_word' id='word_1_439' title='bbox 2021 707 2194 763; x_wconf 89' lang='lat' dir='ltr'><strong>forma</strong></span> <span class='ocrx_word' id='word_1_440' title='bbox 2237 711 2377 765; x_wconf 87' lang='lat' dir='ltr'><strong>inter</strong></span> <span class='ocrx_word' id='word_1_441' title='bbox 2406 712 2526 766; x_wconf 90' lang='lat' dir='ltr'><strong>illas</strong></span> <span class='ocrx_word' id='word_1_442' title='bbox 2560 712 2869 767; x_wconf 89' lang='lat' dir='ltr'><strong>liberaliore</strong></span> <span class='ocrx_word' id='word_1_443' title='bbox 2902 722 2982 767; x_wconf 82' lang='lat' dir='ltr'><strong>est</strong></span> <span class='ocrx_word' id='word_1_444' title='bbox 3008 753 3022 775; x_wconf 96' lang='lat'><strong>,</strong></span> <span class='ocrx_word' id='word_1_445' title='bbox 3066 716 3411 782; x_wconf 83' lang='lat' dir='ltr'><strong>semetipsam</strong></span> <span class='ocrx_word' id='word_1_446' title='bbox 3454 716 3606 768; x_wconf 77' lang='lat' dir='ltr'><strong>velut</strong></span> 
     </span>
    </p>
   </div>
   <div class='ocr_carea' id='block_1_66' title="bbox 2020 804 3602 874">
    <p class='ocr_par' dir='ltr' id='par_1_66' title="bbox 2020 804 3602 874">
     <span class='ocr_line' id='line_1_66' title="bbox 2020 804 3602 874; baseline 0.002 -19"><span class='ocrx_word' id='word_1_447' title='bbox 2020 816 2199 856; x_wconf 87' lang='lat' dir='ltr'><strong>escam</strong></span> <span class='ocrx_word' id='word_1_448' title='bbox 2238 813 2401 873; x_wconf 88' lang='lat' dir='ltr'><strong>atque</strong></span> <span class='ocrx_word' id='word_1_449' title='bbox 2430 804 2742 858; x_wconf 80' lang='lat' dir='ltr'><strong>illecebram</strong></span> <span class='ocrx_word' id='word_1_450' title='bbox 2773 805 2986 873; x_wconf 91' lang='lat' dir='ltr'><strong>objicit,</strong></span> <span class='ocrx_word' id='word_1_451' title='bbox 3016 814 3075 860; x_wconf 90' lang='lat' dir='ltr'><strong>ut</strong></span> <span class='ocrx_word' id='word_1_452' title='bbox 3100 821 3241 874; x_wconf 82' lang='lat' dir='ltr'><strong>quos</strong></span> <span class='ocrx_word' id='word_1_453' title='bbox 3271 806 3323 859; x_wconf 92' lang='lat' dir='ltr'><strong>in</strong></span> <span class='ocrx_word' id='word_1_454' title='bbox 3352 806 3602 864; x_wconf 85' lang='lat' dir='ltr'><strong>fraudem</strong></span> 
     </span>
    </p>
   </div>
   <div class='ocr_carea' id='block_1_67' title="bbox 2022 893 3603 966">
    <p class='ocr_par' dir='ltr' id='par_1_67' title="bbox 2022 893 3603 966">
     <span class='ocr_line' id='line_1_67' title="bbox 2022 893 3603 966; baseline 0.004 -20"><span class='ocrx_word' id='word_1_455' title='bbox 2022 893 2142 963; x_wconf 82' lang='lat' dir='ltr'><strong>ipsa</strong></span> <span class='ocrx_word' id='word_1_456' title='bbox 2174 893 2477 961; x_wconf 76' lang='lat' dir='ltr'><strong>pellexerit,</strong></span> <span class='ocrx_word' id='word_1_457' title='bbox 2522 909 2751 949; x_wconf 86' lang='lat' dir='ltr'><strong>noneos</strong></span> <span class='ocrx_word' id='word_1_458' title='bbox 2788 894 3081 965; x_wconf 86' lang='lat' dir='ltr'><strong>proﬂigare</strong></span> <span class='ocrx_word' id='word_1_459' title='bbox 3127 912 3191 950; x_wconf 87' lang='lat' dir='ltr'><strong>ac</strong></span> <span class='ocrx_word' id='word_1_460' title='bbox 3235 897 3484 966; x_wconf 87' lang='lat' dir='ltr'><strong>perdere,</strong></span> <span class='ocrx_word' id='word_1_461' title='bbox 3506 897 3603 952; x_wconf 74' lang='lat' dir='ltr'><strong>5rd</strong></span> 
     </span>
    </p>
   </div>
   <div class='ocr_carea' id='block_1_68' title="bbox 2020 974 3603 1057">
    <p class='ocr_par' dir='ltr' id='par_1_68' title="bbox 2020 974 3603 1057">
     <span class='ocr_line' id='line_1_68' title="bbox 2020 974 3603 1057; baseline 0.003 -20"><span class='ocrx_word' id='word_1_462' title='bbox 2020 985 2233 1053; x_wconf 88' lang='lat' dir='ltr'><strong>eripere</strong></span> <span class='ocrx_word' id='word_1_463' title='bbox 2266 985 2545 1038; x_wconf 86' lang='lat' dir='ltr'><strong>dicatur...</strong></span> <span class='ocrx_word' id='word_1_464' title='bbox 2580 986 2646 1039; x_wconf 89' lang='lat' dir='ltr'><strong>Et</strong></span> <span class='ocrx_word' id='word_1_465' title='bbox 2671 996 2830 1040; x_wconf 87' lang='lat' dir='ltr'><strong>erant</strong></span> <span class='ocrx_word' id='word_1_466' title='bbox 2865 1002 3016 1052; x_wconf 76' lang='lat' dir='ltr'><strong>sane,</strong></span> <span class='ocrx_word' id='word_1_467' title='bbox 3047 1003 3168 1057; x_wconf 71' lang='lat' dir='ltr'><strong>qua:</strong></span> <span class='ocrx_word' id='word_1_468' title='bbox 3212 974 3326 1042; x_wconf 85' lang='lat' dir='ltr'><strong>tum</strong></span> <span class='ocrx_word' id='word_1_469' title='bbox 3365 990 3452 1043; x_wconf 81' lang='lat' dir='ltr'><strong>bis</strong></span> <span class='ocrx_word' id='word_1_470' title='bbox 3480 1005 3603 1043; x_wconf 84' lang='lat' dir='ltr'><strong>ver-</strong></span> 
     </span>
    </p>
   </div>
   <div class='ocr_carea' id='block_1_69' title="bbox 2023 1071 3608 1143">
    <p class='ocr_par' dir='ltr' id='par_1_69' title="bbox 2023 1071 3608 1143">
     <span class='ocr_line' id='line_1_69' title="bbox 2023 1071 3608 1143; baseline 0.006 -17"><span class='ocrx_word' id='word_1_471' title='bbox 2023 1071 2217 1127; x_wconf 89' lang='lat' dir='ltr'><strong>borum</strong></span> <span class='ocrx_word' id='word_1_472' title='bbox 2248 1072 2639 1129; x_wconf 86' lang='lat' dir='ltr'><strong>blandimentis</strong></span> <span class='ocrx_word' id='word_1_473' title='bbox 2677 1090 2741 1129; x_wconf 89' lang='lat' dir='ltr'><strong>ac</strong></span> <span class='ocrx_word' id='word_1_474' title='bbox 2782 1076 3071 1131; x_wconf 87' lang='lat' dir='ltr'><strong>lenociniis</strong></span> <span class='ocrx_word' id='word_1_475' title='bbox 3116 1078 3435 1143; x_wconf 89' lang='lat' dir='ltr'><strong>utebantur,</strong></span> <span class='ocrx_word' id='word_1_476' title='bbox 3482 1096 3608 1135; x_wconf 81' lang='lat' dir='ltr'><strong>cor-</strong></span> 
     </span>
    </p>
   </div>
   <div class='ocr_carea' id='block_1_70' title="bbox 2025 1164 3605 1234">
    <p class='ocr_par' dir='ltr' id='par_1_70' title="bbox 2025 1164 3605 1234">
     <span class='ocr_line' id='line_1_70' title="bbox 2025 1164 3605 1234; baseline 0.004 -18"><span class='ocrx_word' id='word_1_477' title='bbox 2025 1164 2200 1231; x_wconf 87' lang='lat' dir='ltr'><strong>poris,</strong></span> <span class='ocrx_word' id='word_1_478' title='bbox 2258 1180 2370 1234; x_wconf 87' lang='lat' dir='ltr'><strong>quo</strong></span> <span class='ocrx_word' id='word_1_479' title='bbox 2423 1166 2489 1219; x_wconf 76' lang='lat' dir='ltr'><strong>ad</strong></span> <span class='ocrx_word' id='word_1_480' title='bbox 2531 1167 2871 1234; x_wconf 88' lang='lat' dir='ltr'><strong>peccandum</strong></span> <span class='ocrx_word' id='word_1_481' title='bbox 2929 1168 3321 1234; x_wconf 88' lang='lat' dir='ltr'><strong>abutebantur,</strong></span> <span class='ocrx_word' id='word_1_482' title='bbox 3375 1181 3605 1225; x_wconf 76' lang='lat' dir='ltr'><strong>venusta</strong></span> 
     </span>
    </p>
   </div>
   <div class='ocr_carea' id='block_1_71' title="bbox 2024 1254 3606 1324">
    <p class='ocr_par' dir='ltr' id='par_1_71' title="bbox 2024 1254 3606 1324">
     <span class='ocr_line' id='line_1_71' title="bbox 2024 1254 3606 1324; baseline 0.004 -17"><span class='ocrx_word' id='word_1_483' title='bbox 2024 1267 2147 1307; x_wconf 87' lang='lat' dir='ltr'><strong>cum</strong></span> <span class='ocrx_word' id='word_1_484' title='bbox 2172 1254 2366 1323; x_wconf 86' lang='lat' dir='ltr'><strong>primis</strong></span> <span class='ocrx_word' id='word_1_485' title='bbox 2391 1255 2603 1324; x_wconf 85' lang='lat' dir='ltr'><strong>specie;</strong></span> <span class='ocrx_word' id='word_1_486' title='bbox 2631 1255 2725 1308; x_wconf 91' lang='lat' dir='ltr'><strong>sed</strong></span> <span class='ocrx_word' id='word_1_487' title='bbox 2752 1255 3066 1311; x_wconf 81' lang='lat' dir='ltr'><strong>misericors</strong></span> <span class='ocrx_word' id='word_1_488' title='bbox 3110 1255 3250 1312; x_wconf 87' lang='lat' dir='ltr'><strong>Deus</strong></span> <span class='ocrx_word' id='word_1_489' title='bbox 3278 1258 3347 1311; x_wconf 85' lang='lat' dir='ltr'><strong>ab</strong></span> <span class='ocrx_word' id='word_1_490' title='bbox 3381 1258 3606 1313; x_wconf 89' lang='lat' dir='ltr'><strong>illarum</strong></span> 
     </span>
    </p>
   </div>
   <div class='ocr_carea' id='block_1_72' title="bbox 2024 1344 3611 1417">
    <p class='ocr_par' dir='ltr' id='par_1_72' title="bbox 2024 1344 3611 1417">
     <span class='ocr_line' id='line_1_72' title="bbox 2024 1344 3611 1417; baseline 0 -19"><span class='ocrx_word' id='word_1_491' title='bbox 2024 1344 2370 1415; x_wconf 87' lang='lat' dir='ltr'><strong>improbitate</strong></span> <span class='ocrx_word' id='word_1_492' title='bbox 2410 1360 2511 1399; x_wconf 85' lang='lat' dir='ltr'><strong>nos</strong></span> <span class='ocrx_word' id='word_1_493' title='bbox 2553 1346 2772 1415; x_wconf 92' lang='lat' dir='ltr'><strong>eripuit,</strong></span> <span class='ocrx_word' id='word_1_494' title='bbox 2830 1347 2966 1400; x_wconf 89' lang='lat' dir='ltr'><strong>adeo</strong></span> <span class='ocrx_word' id='word_1_495' title='bbox 3020 1357 3079 1401; x_wconf 92' lang='lat' dir='ltr'><strong>ut</strong></span> <span class='ocrx_word' id='word_1_496' title='bbox 3121 1349 3435 1417; x_wconf 82' lang='lat' dir='ltr'><strong>(postquam</strong></span> <span class='ocrx_word' id='word_1_497' title='bbox 3484 1349 3611 1401; x_wconf 84' lang='lat' dir='ltr'><strong>illo-</strong></span> 
     </span>
    </p>
   </div>
   <div class='ocr_carea' id='block_1_73' title="bbox 2025 1436 3605 1509">
    <p class='ocr_par' dir='ltr' id='par_1_73' title="bbox 2025 1436 3605 1509">
     <span class='ocr_line' id='line_1_73' title="bbox 2025 1436 3605 1509; baseline 0.003 -20"><span class='ocrx_word' id='word_1_498' title='bbox 2025 1450 2145 1489; x_wconf 90' lang='lat' dir='ltr'><strong>rum</strong></span> <span class='ocrx_word' id='word_1_499' title='bbox 2181 1436 2351 1490; x_wconf 90' lang='lat' dir='ltr'><strong>libros</strong></span> <span class='ocrx_word' id='word_1_500' title='bbox 2380 1438 2708 1507; x_wconf 83' lang='lat' dir='ltr'><strong>perlegimus</strong></span> <span class='ocrx_word' id='word_1_501' title='bbox 2742 1448 2795 1491; x_wconf 82' lang='lat' dir='ltr'><strong>et</strong></span> <span class='ocrx_word' id='word_1_502' title='bbox 2826 1438 2891 1492; x_wconf 88' lang='lat' dir='ltr'><strong>ad</strong></span> <span class='ocrx_word' id='word_1_503' title='bbox 2929 1440 3177 1495; x_wconf 68' lang='lat' dir='ltr'><strong>veritatis</strong></span> <span class='ocrx_word' id='word_1_504' title='bbox 3226 1440 3605 1509; x_wconf 77' lang='lat' dir='ltr'><strong>cOgnitionem</strong></span> 
     </span>
    </p>
   </div>
   <div class='ocr_carea' id='block_1_74' title="bbox 2026 1525 3612 1595">
    <p class='ocr_par' dir='ltr' id='par_1_74' title="bbox 2026 1525 3612 1595">
     <span class='ocr_line' id='line_1_74' title="bbox 2026 1525 3612 1595; baseline 0.004 -16"><span class='ocrx_word' id='word_1_505' title='bbox 2026 1525 2269 1579; x_wconf 87' lang='lat' dir='ltr'><strong>animum</strong></span> <span class='ocrx_word' id='word_1_506' title='bbox 2296 1526 2735 1595; x_wconf 68' lang='lat' dir='ltr'><strong>adjecimusmec</strong></span> <span class='ocrx_word' id='word_1_507' title='bbox 2752 1528 2964 1583; x_wconf 90' lang='lat' dir='ltr'><strong>abducti</strong></span> <span class='ocrx_word' id='word_1_508' title='bbox 2992 1530 3071 1583; x_wconf 87' lang='lat' dir='ltr'><strong>vel</strong></span> <span class='ocrx_word' id='word_1_509' title='bbox 3091 1544 3281 1584; x_wconf 91' lang='lat' dir='ltr'><strong>earum</strong></span> <span class='ocrx_word' id='word_1_510' title='bbox 3330 1530 3612 1586; x_wconf 80' lang='lat' dir='ltr'><strong>illecebris</strong></span> 
     </span>
    </p>
   </div>
   <div class='ocr_carea' id='block_1_75' title="bbox 2024 1617 3613 1691">
    <p class='ocr_par' dir='ltr' id='par_1_75' title="bbox 2024 1617 3613 1691">
     <span class='ocr_line' id='line_1_75' title="bbox 2024 1617 3613 1691; baseline 0.003 -21"><span class='ocrx_word' id='word_1_511' title='bbox 2024 1617 2165 1686; x_wconf 86' lang='lat' dir='ltr'><strong>capti</strong></span> <span class='ocrx_word' id='word_1_512' title='bbox 2191 1632 2403 1683; x_wconf 90' lang='lat' dir='ltr'><strong>sumus;</strong></span> <span class='ocrx_word' id='word_1_513' title='bbox 2439 1619 2530 1671; x_wconf 87' lang='lat' dir='ltr'><strong>sed</strong></span> <span class='ocrx_word' id='word_1_514' title='bbox 2563 1617 2853 1687; x_wconf 72' lang='lat' dir='ltr'><strong>effugimus</strong></span> <span class='ocrx_word' id='word_1_515' title='bbox 2875 1620 3112 1690; x_wconf 88' lang='lat' dir='ltr'><strong>tandem)</strong></span> <span class='ocrx_word' id='word_1_516' title='bbox 3146 1635 3270 1674; x_wconf 86' lang='lat' dir='ltr'><strong>mox</strong></span> <span class='ocrx_word' id='word_1_517' title='bbox 3294 1621 3359 1674; x_wconf 87' lang='lat' dir='ltr'><strong>ad</strong></span> <span class='ocrx_word' id='word_1_518' title='bbox 3390 1622 3613 1691; x_wconf 80' lang='lat' dir='ltr'><strong>episco-</strong></span> 
     </span>
    </p>
   </div>
   <div class='ocr_carea' id='block_1_76' title="bbox 2029 1708 3615 1779">
    <p class='ocr_par' dir='ltr' id='par_1_76' title="bbox 2029 1708 3615 1779">
     <span class='ocr_line' id='line_1_76' title="bbox 2029 1708 3615 1779; baseline 0.006 -22"><span class='ocrx_word' id='word_1_519' title='bbox 2029 1723 2146 1779; x_wconf 78' lang='lat' dir='ltr'><strong>pos,</strong></span> <span class='ocrx_word' id='word_1_520' title='bbox 2178 1708 2269 1777; x_wconf 87' lang='lat' dir='ltr'><strong>qui</strong></span> <span class='ocrx_word' id='word_1_521' title='bbox 2294 1709 2347 1761; x_wconf 93' lang='lat' dir='ltr'><strong>in</strong></span> <span class='ocrx_word' id='word_1_522' title='bbox 2375 1709 2468 1762; x_wconf 94' lang='lat' dir='ltr'><strong>illo</strong></span> <span class='ocrx_word' id='word_1_523' title='bbox 2509 1709 2630 1763; x_wconf 85' lang='lat' dir='ltr'><strong>loco</strong></span> <span class='ocrx_word' id='word_1_524' title='bbox 2666 1720 2842 1772; x_wconf 88' lang='lat' dir='ltr'><strong>erant,</strong></span> <span class='ocrx_word' id='word_1_525' title='bbox 2874 1710 3088 1765; x_wconf 87' lang='lat' dir='ltr'><strong>deferre</strong></span> <span class='ocrx_word' id='word_1_526' title='bbox 3123 1712 3524 1775; x_wconf 86' lang='lat' dir='ltr'><strong>studuerimus,</strong></span> <span class='ocrx_word' id='word_1_527' title='bbox 3559 1722 3615 1766; x_wconf 83' lang='lat' dir='ltr'><strong>et</strong></span> 
     </span>
    </p>
   </div>
   <div class='ocr_carea' id='block_1_77' title="bbox 2029 1790 3613 1872">
    <p class='ocr_par' dir='ltr' id='par_1_77' title="bbox 2029 1790 3613 1872">
     <span class='ocr_line' id='line_1_77' title="bbox 2029 1790 3613 1872; baseline 0.001 -19"><span class='ocrx_word' id='word_1_528' title='bbox 2029 1813 2221 1853; x_wconf 89' lang='lat' dir='ltr'><strong>eorum</strong></span> <span class='ocrx_word' id='word_1_529' title='bbox 2247 1799 2509 1853; x_wconf 83' lang='lat' dir='ltr'><strong>hactenus</strong></span> <span class='ocrx_word' id='word_1_530' title='bbox 2534 1800 2713 1869; x_wconf 88' lang='lat' dir='ltr'><strong>ignota</strong></span> <span class='ocrx_word' id='word_1_531' title='bbox 2740 1801 2962 1854; x_wconf 89' lang='lat' dir='ltr'><strong>nomina</strong></span> <span class='ocrx_word' id='word_1_532' title='bbox 2993 1790 3044 1855; x_wconf 88' lang='lat' dir='ltr'><strong>in</strong></span> <span class='ocrx_word' id='word_1_533' title='bbox 3073 1800 3315 1857; x_wconf 84' lang='lat' dir='ltr'><strong>Ecclesia</strong></span> <span class='ocrx_word' id='word_1_534' title='bbox 3333 1802 3613 1872; x_wconf 81' lang='lat' dir='ltr'><strong>detegere.</strong></span> 
     </span>
    </p>
   </div>
   <div class='ocr_carea' id='block_1_78' title="bbox 2030 1882 3712 1961">
    <p class='ocr_par' dir='ltr' id='par_1_78' title="bbox 2030 1882 3712 1961">
     <span class='ocr_line' id='line_1_78' title="bbox 2030 1882 3712 1961; baseline 0.002 -20"><span class='ocrx_word' id='word_1_535' title='bbox 2030 1887 2107 1943; x_wconf 84' lang='lat' dir='ltr'><strong>Ex</strong></span> <span class='ocrx_word' id='word_1_536' title='bbox 2126 1904 2237 1958; x_wconf 91' lang='lat' dir='ltr'><strong>quo</strong></span> <span class='ocrx_word' id='word_1_537' title='bbox 2263 1889 2466 1942; x_wconf 87' lang='lat' dir='ltr'><strong>factum</strong></span> <span class='ocrx_word' id='word_1_538' title='bbox 2497 1900 2602 1953; x_wconf 87' lang='lat' dir='ltr'><strong>est,</strong></span> <span class='ocrx_word' id='word_1_539' title='bbox 2631 1900 2689 1944; x_wconf 92' lang='lat' dir='ltr'><strong>ut</strong></span> <span class='ocrx_word' id='word_1_540' title='bbox 2711 1892 2990 1961; x_wconf 82' lang='lat' dir='ltr'><strong>octnginta</strong></span> <span class='ocrx_word' id='word_1_541' title='bbox 3019 1891 3131 1945; x_wconf 82' lang='lat' dir='ltr'><strong>fere</strong></span> <span class='ocrx_word' id='word_1_542' title='bbox 3155 1893 3331 1961; x_wconf 86' lang='lat' dir='ltr'><strong>capita</strong></span> <span class='ocrx_word' id='word_1_543' title='bbox 3355 1894 3617 1947; x_wconf 80' lang='lat' dir='ltr'><strong>exsulare</strong></span> <span class='ocrx_word' id='word_1_544' title='bbox 3702 1882 3712 1891; x_wconf 80' lang='grc'><strong>’</strong></span> 
     </span>
    </p>
   </div>
   <div class='ocr_carea' id='block_1_79' title="bbox 2021 1981 3619 2054">
    <p class='ocr_par' dir='ltr' id='par_1_79' title="bbox 2021 1981 3619 2054">
     <span class='ocr_line' id='line_1_79' title="bbox 2021 1981 3619 2054; baseline 0.002 -19"><span class='ocrx_word' id='word_1_545' title='bbox 2021 1982 2173 2051; x_wconf 83' lang='lat' dir='ltr'><strong>jussa</strong></span> <span class='ocrx_word' id='word_1_546' title='bbox 2208 1996 2237 2035; x_wconf 90' lang='lat' dir='ltr'><strong>a</strong></span> <span class='ocrx_word' id='word_1_547' title='bbox 2265 1981 2394 2035; x_wconf 92' lang='lat' dir='ltr'><strong>lolio</strong></span> <span class='ocrx_word' id='word_1_548' title='bbox 2423 1981 2710 2052; x_wconf 89' lang='lat' dir='ltr'><strong>spinisque</strong></span> <span class='ocrx_word' id='word_1_549' title='bbox 2731 1982 2847 2037; x_wconf 87' lang='lat' dir='ltr'><strong>suis</strong></span> <span class='ocrx_word' id='word_1_550' title='bbox 2880 1991 3227 2054; x_wconf 84' lang='lat' dir='ltr'><strong>repurgatam</strong></span> <span class='ocrx_word' id='word_1_551' title='bbox 3259 1984 3451 2037; x_wconf 91' lang='lat' dir='ltr'><strong>urbem</strong></span> <span class='ocrx_word' id='word_1_552' title='bbox 3484 1984 3619 2038; x_wconf 87' lang='lat' dir='ltr'><strong>reli-</strong></span> 
     </span>
    </p>
   </div>
   <div class='ocr_carea' id='block_1_80' title="bbox 2026 2072 2328 2143">
    <p class='ocr_par' dir='ltr' id='par_1_80' title="bbox 2026 2072 2328 2143">
     <span class='ocr_line' id='line_1_80' title="bbox 2026 2072 2328 2143; baseline -0.01 -17"><span class='ocrx_word' id='word_1_553' title='bbox 2026 2072 2265 2143; x_wconf 88' lang='lat' dir='ltr'><strong>querint.</strong></span> <span class='ocrx_word' id='word_1_554' title='bbox 2309 2091 2328 2123; x_wconf 74' lang='grc' dir='ltr'><strong><em>ι</em></strong></span> 
     </span>
    </p>
   </div>
   <div class='ocr_carea' id='block_1_81' title="bbox 2099 2164 3618 2235">
    <p class='ocr_par' dir='ltr' id='par_1_81' title="bbox 2099 2164 3618 2235">
     <span class='ocr_line' id='line_1_81' title="bbox 2099 2164 3618 2235; baseline 0 -16"><span class='ocrx_word' id='word_1_555' title='bbox 2099 2164 2154 2219; x_wconf 88' lang='lat'><strong>9.</strong></span> <span class='ocrx_word' id='word_1_556' title='bbox 2197 2165 2467 2219; x_wconf 71' lang='lat' dir='ltr'><strong>Caeterum</strong></span> <span class='ocrx_word' id='word_1_557' title='bbox 2499 2165 2793 2235; x_wconf 86' lang='lat' dir='ltr'><strong>spurcitias</strong></span> <span class='ocrx_word' id='word_1_558' title='bbox 2816 2166 2966 2221; x_wconf 89' lang='lat' dir='ltr'><strong>illius</strong></span> <span class='ocrx_word' id='word_1_559' title='bbox 2995 2167 3269 2221; x_wconf 64' lang='lat' dir='ltr'><strong>haereseos</strong></span> <span class='ocrx_word' id='word_1_560' title='bbox 3298 2165 3542 2220; x_wconf 85' lang='lat' dir='ltr'><strong>lectione</strong></span> <span class='ocrx_word' id='word_1_561' title='bbox 3560 2174 3618 2220; x_wconf 92' lang='lat' dir='ltr'><strong>et</strong></span> 
     </span>
    </p>
   </div>
   <div class='ocr_carea' id='block_1_82' title="bbox 2029 2254 3620 2325">
    <p class='ocr_par' dir='ltr' id='par_1_82' title="bbox 2029 2254 3620 2325">
     <span class='ocr_line' id='line_1_82' title="bbox 2029 2254 3620 2325; baseline -0.001 -15"><span class='ocrx_word' id='word_1_562' title='bbox 2029 2270 2305 2319; x_wconf 86' lang='lat' dir='ltr'><strong>sermone,</strong></span> <span class='ocrx_word' id='word_1_563' title='bbox 2324 2271 2431 2309; x_wconf 89' lang='lat' dir='ltr'><strong>non</strong></span> <span class='ocrx_word' id='word_1_564' title='bbox 2462 2265 2641 2309; x_wconf 88' lang='lat' dir='ltr'><strong>autem</strong></span> <span class='ocrx_word' id='word_1_565' title='bbox 2670 2264 2725 2309; x_wconf 91' lang='lat' dir='ltr'><strong>et</strong></span> <span class='ocrx_word' id='word_1_566' title='bbox 2744 2272 2846 2309; x_wconf 93' lang='lat' dir='ltr'><strong>usu</strong></span> <span class='ocrx_word' id='word_1_567' title='bbox 2869 2258 3139 2325; x_wconf 84' lang='lat' dir='ltr'><strong>cognitas,</strong></span> <span class='ocrx_word' id='word_1_568' title='bbox 3161 2257 3360 2309; x_wconf 85' lang='lat' dir='ltr'><strong>iterum</strong></span> <span class='ocrx_word' id='word_1_569' title='bbox 3383 2254 3620 2308; x_wconf 77' lang='lat' dir='ltr'><strong>iterum—</strong></span> 
     </span>
    </p>
   </div>
   <div class='ocr_carea' id='block_1_83' title="bbox 2028 2345 3618 2417">
    <p class='ocr_par' dir='ltr' id='par_1_83' title="bbox 2028 2345 3618 2417">
     <span class='ocr_line' id='line_1_83' title="bbox 2028 2345 3618 2417; baseline 0.002 -21"><span class='ocrx_word' id='word_1_570' title='bbox 2028 2363 2134 2417; x_wconf 82' lang='lat' dir='ltr'><strong>que</strong></span> <span class='ocrx_word' id='word_1_571' title='bbox 2160 2357 2389 2402; x_wconf 85' lang='lat' dir='ltr'><strong>testatur</strong></span> <span class='ocrx_word' id='word_1_572' title='bbox 2421 2347 2757 2417; x_wconf 87' lang='lat' dir='ltr'><strong>Epiphanius</strong></span> <span class='ocrx_word' id='word_1_573' title='bbox 2782 2347 2852 2400; x_wconf 88' lang='lat' dir='ltr'><strong>ita</strong></span> <span class='ocrx_word' id='word_1_574' title='bbox 2884 2363 3220 2417; x_wconf 85' lang='lat' dir='ltr'><strong>prosequens</strong></span> <span class='ocrx_word' id='word_1_575' title='bbox 3257 2365 3271 2400; x_wconf 93' lang='lat'><strong>:</strong></span> <span class='ocrx_word' id='word_1_576' title='bbox 3303 2365 3321 2398; x_wconf 83' lang='lat' dir='ltr'><strong>t</strong></span> <span class='ocrx_word' id='word_1_577' title='bbox 3352 2345 3618 2401; x_wconf 88' lang='lat' dir='ltr'><strong>Ostendi-</strong></span> 
     </span>
    </p>
   </div>
   <div class='ocr_carea' id='block_1_84' title="bbox 2032 2436 3615 2507">
    <p class='ocr_par' dir='ltr' id='par_1_84' title="bbox 2032 2436 3615 2507">
     <span class='ocr_line' id='line_1_84' title="bbox 2032 2436 3615 2507; baseline 0.001 -17"><span class='ocrx_word' id='word_1_578' title='bbox 2032 2453 2156 2492; x_wconf 87' lang='lat' dir='ltr'><strong>mus</strong></span> <span class='ocrx_word' id='word_1_579' title='bbox 2191 2453 2353 2491; x_wconf 90' lang='lat' dir='ltr'><strong>unam</strong></span> <span class='ocrx_word' id='word_1_580' title='bbox 2383 2438 2529 2491; x_wconf 87' lang='lat' dir='ltr'><strong>illam</strong></span> <span class='ocrx_word' id='word_1_581' title='bbox 2549 2454 2615 2493; x_wconf 84' lang='lat' dir='ltr'><strong>ex</strong></span> <span class='ocrx_word' id='word_1_582' title='bbox 2649 2440 2717 2493; x_wconf 91' lang='lat' dir='ltr'><strong>iis</strong></span> <span class='ocrx_word' id='word_1_583' title='bbox 2749 2439 3047 2493; x_wconf 42' lang='lat' dir='ltr'><strong>haeresibus</strong></span> <span class='ocrx_word' id='word_1_584' title='bbox 3069 2452 3207 2503; x_wconf 74' lang='lat' dir='ltr'><strong>esse,</strong></span> <span class='ocrx_word' id='word_1_585' title='bbox 3235 2437 3302 2492; x_wconf 90' lang='lat' dir='ltr'><strong>de</strong></span> <span class='ocrx_word' id='word_1_586' title='bbox 3332 2451 3443 2507; x_wconf 90' lang='lat' dir='ltr'><strong>qua</strong></span> <span class='ocrx_word' id='word_1_587' title='bbox 3473 2436 3615 2492; x_wconf 88' lang='lat' dir='ltr'><strong>certi</strong></span> 
     </span>
    </p>
   </div>
   <div class='ocr_carea' id='block_1_85' title="bbox 2028 2528 3615 2598">
    <p class='ocr_par' dir='ltr' id='par_1_85' title="bbox 2028 2528 3615 2598">
     <span class='ocr_line' id='line_1_85' title="bbox 2028 2528 3615 2598; baseline 0.001 -17"><span class='ocrx_word' id='word_1_588' title='bbox 2028 2528 2412 2598; x_wconf 75' lang='lat' dir='ltr'><strong>exploratique</strong></span> <span class='ocrx_word' id='word_1_589' title='bbox 2458 2529 2660 2598; x_wconf 90' lang='lat' dir='ltr'><strong>aliquid</strong></span> <span class='ocrx_word' id='word_1_590' title='bbox 2696 2528 2889 2583; x_wconf 83' lang='lat' dir='ltr'><strong>ail‘errc</strong></span> <span class='ocrx_word' id='word_1_591' title='bbox 2933 2542 3255 2598; x_wconf 73' lang='lat' dir='ltr'><strong>poSsemus;</strong></span> <span class='ocrx_word' id='word_1_592' title='bbox 3293 2543 3400 2582; x_wconf 87' lang='lat' dir='ltr'><strong>non</strong></span> <span class='ocrx_word' id='word_1_593' title='bbox 3442 2543 3513 2582; x_wconf 86' lang='lat' dir='ltr'><strong>ex</strong></span> <span class='ocrx_word' id='word_1_594' title='bbox 3545 2543 3615 2582; x_wconf 82' lang='lat' dir='ltr'><strong>eo</strong></span> 
     </span>
    </p>
   </div>
   <div class='ocr_carea' id='block_1_86' title="bbox 2029 2618 3618 2692">
    <p class='ocr_par' dir='ltr' id='par_1_86' title="bbox 2029 2618 3618 2692">
     <span class='ocr_line' id='line_1_86' title="bbox 2029 2618 3618 2692; baseline 0.001 -20"><span class='ocrx_word' id='word_1_595' title='bbox 2029 2620 2172 2689; x_wconf 89' lang='lat' dir='ltr'><strong>quod</strong></span> <span class='ocrx_word' id='word_1_596' title='bbox 2200 2619 2531 2688; x_wconf 73' lang='lat' dir='ltr'><strong>gesserimus</strong></span> <span class='ocrx_word' id='word_1_597' title='bbox 2557 2620 2655 2689; x_wconf 88' lang='lat' dir='ltr'><strong>ipsi</strong></span> <span class='ocrx_word' id='word_1_598' title='bbox 2677 2621 2905 2692; x_wconf 88' lang='lat' dir='ltr'><strong>(avertat</strong></span> <span class='ocrx_word' id='word_1_599' title='bbox 2927 2622 3030 2676; x_wconf 88' lang='lat' dir='ltr'><strong>hoc</strong></span> <span class='ocrx_word' id='word_1_600' title='bbox 3051 2636 3079 2674; x_wconf 90' lang='lat' dir='ltr'><strong>a</strong></span> <span class='ocrx_word' id='word_1_601' title='bbox 3099 2620 3256 2674; x_wconf 88' lang='lat' dir='ltr'><strong>nobis</strong></span> <span class='ocrx_word' id='word_1_602' title='bbox 3273 2618 3416 2673; x_wconf 89' lang='lat' dir='ltr'><strong>Deus</strong></span> <span class='ocrx_word' id='word_1_603' title='bbox 3432 2620 3496 2687; x_wconf 73' lang='grc' dir='ltr'><strong>Σ).</strong></span> <span class='ocrx_word' id='word_1_604' title='bbox 3523 2620 3618 2673; x_wconf 89' lang='lat' dir='ltr'><strong>sed</strong></span> 
     </span>
    </p>
   </div>
   <div class='ocr_carea' id='block_1_87' title="bbox 2029 2711 3617 2781">
    <p class='ocr_par' dir='ltr' id='par_1_87' title="bbox 2029 2711 3617 2781">
     <span class='ocr_line' id='line_1_87' title="bbox 2029 2711 3617 2781; baseline 0 -17"><span class='ocrx_word' id='word_1_605' title='bbox 2029 2725 2097 2764; x_wconf 86' lang='lat' dir='ltr'><strong>ex</strong></span> <span class='ocrx_word' id='word_1_606' title='bbox 2124 2725 2190 2764; x_wconf 90' lang='lat' dir='ltr'><strong>eo</strong></span> <span class='ocrx_word' id='word_1_607' title='bbox 2213 2713 2358 2779; x_wconf 88' lang='lat' dir='ltr'><strong>quod</strong></span> <span class='ocrx_word' id='word_1_608' title='bbox 2390 2712 2458 2765; x_wconf 90' lang='lat' dir='ltr'><strong>ah</strong></span> <span class='ocrx_word' id='word_1_609' title='bbox 2482 2712 2547 2766; x_wconf 91' lang='lat' dir='ltr'><strong>iis</strong></span> <span class='ocrx_word' id='word_1_610' title='bbox 2573 2723 2826 2767; x_wconf 87' lang='lat' dir='ltr'><strong>accurate</strong></span> <span class='ocrx_word' id='word_1_611' title='bbox 2856 2712 3171 2777; x_wconf 84' lang='lat' dir='ltr'><strong>didicimus,</strong></span> <span class='ocrx_word' id='word_1_612' title='bbox 3205 2712 3295 2781; x_wconf 92' lang='lat' dir='ltr'><strong>qui</strong></span> <span class='ocrx_word' id='word_1_613' title='bbox 3341 2711 3490 2764; x_wconf 90' lang='lat' dir='ltr'><strong>illam</strong></span> <span class='ocrx_word' id='word_1_614' title='bbox 3523 2726 3617 2764; x_wconf 73' lang='lat' dir='ltr'><strong>no-</strong></span> 
     </span>
    </p>
   </div>
   <div class='ocr_carea' id='block_1_88' title="bbox 2031 2799 3622 2870">
    <p class='ocr_par' dir='ltr' id='par_1_88' title="bbox 2031 2799 3622 2870">
     <span class='ocr_line' id='line_1_88' title="bbox 2031 2799 3622 2870; baseline 0.001 -17"><span class='ocrx_word' id='word_1_615' title='bbox 2031 2799 2116 2856; x_wconf 87' lang='lat' dir='ltr'><strong>bis</strong></span> <span class='ocrx_word' id='word_1_616' title='bbox 2143 2802 2474 2870; x_wconf 78' lang='lat' dir='ltr'><strong>persuadere</strong></span> <span class='ocrx_word' id='word_1_617' title='bbox 2508 2800 2710 2855; x_wconf 79' lang='lat' dir='ltr'><strong>frustra</strong></span> <span class='ocrx_word' id='word_1_618' title='bbox 2752 2803 3063 2865; x_wconf 80' lang='lat' dir='ltr'><strong>voluerunt,</strong></span> <span class='ocrx_word' id='word_1_619' title='bbox 3098 2810 3153 2854; x_wconf 89' lang='lat' dir='ltr'><strong>et</strong></span> <span class='ocrx_word' id='word_1_620' title='bbox 3191 2810 3520 2870; x_wconf 87' lang='lat' dir='ltr'><strong>conceptam</strong></span> <span class='ocrx_word' id='word_1_621' title='bbox 3553 2802 3622 2855; x_wconf 82' lang='lat' dir='ltr'><strong>de</strong></span> 
     </span>
    </p>
   </div>
   <div class='ocr_carea' id='block_1_89' title="bbox 2030 2890 3623 2962">
    <p class='ocr_par' dir='ltr' id='par_1_89' title="bbox 2030 2890 3623 2962">
     <span class='ocr_line' id='line_1_89' title="bbox 2030 2890 3623 2962; baseline -0.001 -18"><span class='ocrx_word' id='word_1_622' title='bbox 2030 2903 2219 2945; x_wconf 80' lang='lat' dir='ltr'><strong>nOStro</strong></span> <span class='ocrx_word' id='word_1_623' title='bbox 2243 2890 2411 2945; x_wconf 74' lang='lat' dir='ltr'><strong>exitio</strong></span> <span class='ocrx_word' id='word_1_624' title='bbox 2442 2906 2592 2961; x_wconf 83' lang='lat' dir='ltr'><strong>spem</strong></span> <span class='ocrx_word' id='word_1_625' title='bbox 2635 2893 2850 2962; x_wconf 70' lang='lat' dir='ltr'><strong>penitus</strong></span> <span class='ocrx_word' id='word_1_626' title='bbox 2907 2893 3269 2961; x_wconf 83' lang='lat' dir='ltr'><strong>abjecerunt;</strong></span> <span class='ocrx_word' id='word_1_627' title='bbox 3323 2908 3451 2946; x_wconf 90' lang='lat' dir='ltr'><strong>cum</strong></span> <span class='ocrx_word' id='word_1_628' title='bbox 3490 2891 3623 2946; x_wconf 79' lang='lat' dir='ltr'><strong>iusi-</strong></span> 
     </span>
    </p>
   </div>
   <div class='ocr_carea' id='block_1_90' title="bbox 2030 2981 3622 3053">
    <p class='ocr_par' dir='ltr' id='par_1_90' title="bbox 2030 2981 3622 3053">
     <span class='ocr_line' id='line_1_90' title="bbox 2030 2981 3622 3053; baseline 0.001 -18"><span class='ocrx_word' id='word_1_629' title='bbox 2030 2981 2133 3036; x_wconf 71' lang='lat' dir='ltr'><strong>dize</strong></span> <span class='ocrx_word' id='word_1_630' title='bbox 2160 2997 2353 3035; x_wconf 87' lang='lat' dir='ltr'><strong>omnes</strong></span> <span class='ocrx_word' id='word_1_631' title='bbox 2397 2997 2461 3037; x_wconf 89' lang='lat' dir='ltr'><strong>ac</strong></span> <span class='ocrx_word' id='word_1_632' title='bbox 2513 2981 2754 3047; x_wconf 83' lang='lat' dir='ltr'><strong>fraudes,</strong></span> <span class='ocrx_word' id='word_1_633' title='bbox 2808 2999 2947 3053; x_wconf 86' lang='lat' dir='ltr'><strong>quas</strong></span> <span class='ocrx_word' id='word_1_634' title='bbox 3001 2985 3068 3037; x_wconf 89' lang='lat' dir='ltr'><strong>ad</strong></span> <span class='ocrx_word' id='word_1_635' title='bbox 3135 2983 3371 3037; x_wconf 72' lang='lat' dir='ltr'><strong>infelicis</strong></span> <span class='ocrx_word' id='word_1_636' title='bbox 3419 2984 3622 3037; x_wconf 65' lang='lat' dir='ltr'><strong>animae</strong></span> 
     </span>
    </p>
   </div>
   <div class='ocr_carea' id='block_1_91' title="bbox 2034 3075 3623 3145">
    <p class='ocr_par' dir='ltr' id='par_1_91' title="bbox 2034 3075 3623 3145">
     <span class='ocr_line' id='line_1_91' title="bbox 2034 3075 3623 3145; baseline 0 -17"><span class='ocrx_word' id='word_1_637' title='bbox 2034 3087 2238 3129; x_wconf 65' lang='lat' dir='ltr'><strong>nostra:</strong></span> <span class='ocrx_word' id='word_1_638' title='bbox 2277 3075 2571 3144; x_wconf 71' lang='lat' dir='ltr'><strong>perniciem</strong></span> <span class='ocrx_word' id='word_1_639' title='bbox 2605 3083 2712 3128; x_wconf 89' lang='lat' dir='ltr'><strong>tam</strong></span> <span class='ocrx_word' id='word_1_640' title='bbox 2739 3075 2841 3143; x_wconf 91' lang='lat' dir='ltr'><strong>ipsi</strong></span> <span class='ocrx_word' id='word_1_641' title='bbox 2874 3091 3038 3145; x_wconf 89' lang='lat' dir='ltr'><strong>quam</strong></span> <span class='ocrx_word' id='word_1_642' title='bbox 3070 3075 3162 3144; x_wconf 90' lang='lat' dir='ltr'><strong>qui</strong></span> <span class='ocrx_word' id='word_1_643' title='bbox 3194 3075 3247 3128; x_wconf 93' lang='lat' dir='ltr'><strong>in</strong></span> <span class='ocrx_word' id='word_1_644' title='bbox 3296 3075 3437 3145; x_wconf 90' lang='lat' dir='ltr'><strong>ipsis</strong></span> <span class='ocrx_word' id='word_1_645' title='bbox 3476 3076 3623 3129; x_wconf 82' lang='lat' dir='ltr'><strong>inest</strong></span> 
     </span>
    </p>
   </div>
   <div class='ocr_carea' id='block_1_92' title="bbox 2034 3165 3623 3237">
    <p class='ocr_par' dir='ltr' id='par_1_92' title="bbox 2034 3165 3623 3237">
     <span class='ocr_line' id='line_1_92' title="bbox 2034 3165 3623 3237; baseline 0.001 -17"><span class='ocrx_word' id='word_1_646' title='bbox 2034 3165 2286 3221; x_wconf 89' lang='lat' dir='ltr'><strong>diabolus</strong></span> <span class='ocrx_word' id='word_1_647' title='bbox 2342 3168 2635 3222; x_wconf 83' lang='lat' dir='ltr'><strong>machinati</strong></span> <span class='ocrx_word' id='word_1_648' title='bbox 2688 3168 2935 3230; x_wconf 88' lang='lat' dir='ltr'><strong>fuerant,</strong></span> <span class='ocrx_word' id='word_1_649' title='bbox 2989 3168 3157 3222; x_wconf 73' lang='lat' dir='ltr'><strong>irritae</strong></span> <span class='ocrx_word' id='word_1_650' title='bbox 3206 3177 3371 3237; x_wconf 87' lang='lat' dir='ltr'><strong>atque</strong></span> <span class='ocrx_word' id='word_1_651' title='bbox 3424 3168 3623 3222; x_wconf 86' lang='lat' dir='ltr'><strong>inanes</strong></span> 
     </span>
    </p>
   </div>
   <div class='ocr_carea' id='block_1_93' title="bbox 2033 3260 3624 3324">
    <p class='ocr_par' dir='ltr' id='par_1_93' title="bbox 2033 3260 3624 3324">
     <span class='ocr_line' id='line_1_93' title="bbox 2033 3260 3624 3324; baseline -0.001 -9"><span class='ocrx_word' id='word_1_652' title='bbox 2033 3260 2402 3324; x_wconf 79' lang='lat' dir='ltr'><strong>exstitissent;</strong></span> <span class='ocrx_word' id='word_1_653' title='bbox 2447 3268 2504 3313; x_wconf 88' lang='lat' dir='ltr'><strong>ut</strong></span> <span class='ocrx_word' id='word_1_654' title='bbox 2547 3262 2649 3314; x_wconf 88' lang='lat' dir='ltr'><strong>hoc</strong></span> <span class='ocrx_word' id='word_1_655' title='bbox 2678 3277 2708 3315; x_wconf 92' lang='lat' dir='ltr'><strong>a</strong></span> <span class='ocrx_word' id='word_1_656' title='bbox 2742 3260 2945 3316; x_wconf 84' lang='lat' dir='ltr'><strong>Davide</strong></span> <span class='ocrx_word' id='word_1_657' title='bbox 2981 3261 3185 3315; x_wconf 92' lang='lat' dir='ltr'><strong>dictum</strong></span> <span class='ocrx_word' id='word_1_658' title='bbox 3234 3261 3624 3314; x_wconf 86' lang='lat' dir='ltr'><strong>accommoda-</strong></span> 
     </span>
    </p>
   </div>
   <div class='ocr_carea' id='block_1_94' title="bbox 2035 3352 3621 3422">
    <p class='ocr_par' dir='ltr' id='par_1_94' title="bbox 2035 3352 3621 3422">
     <span class='ocr_line' id='line_1_94' title="bbox 2035 3352 3621 3422; baseline -0.001 -17"><span class='ocrx_word' id='word_1_659' title='bbox 2035 3352 2246 3406; x_wconf 89' lang='lat' dir='ltr'><strong>tissime</strong></span> <span class='ocrx_word' id='word_1_660' title='bbox 2297 3366 2566 3421; x_wconf 89' lang='lat' dir='ltr'><strong>usurpare</strong></span> <span class='ocrx_word' id='word_1_661' title='bbox 2614 3353 2927 3421; x_wconf 87' lang='lat' dir='ltr'><strong>possimus,</strong></span> <span class='ocrx_word' id='word_1_662' title='bbox 2979 3352 3206 3422; x_wconf 73' lang='lat' dir='ltr'><strong>Sagitta:</strong></span> <span class='ocrx_word' id='word_1_663' title='bbox 3265 3352 3621 3421; x_wconf 74' lang='lat' dir='ltr'><strong>parvulorum</strong></span> 
     </span>
    </p>
   </div>
   <div class='ocr_carea' id='block_1_95' title="bbox 2036 3442 3621 3513">
    <p class='ocr_par' dir='ltr' id='par_1_95' title="bbox 2036 3442 3621 3513">
     <span class='ocr_line' id='line_1_95' title="bbox 2036 3442 3621 3513; baseline 0.001 -18"><span class='ocrx_word' id='word_1_664' title='bbox 2036 3443 2195 3512; x_wconf 77' lang='lat' dir='ltr'><strong>facta:</strong></span> <span class='ocrx_word' id='word_1_665' title='bbox 2226 3454 2346 3497; x_wconf 74' lang='lat' dir='ltr'><strong>sunt</strong></span> <span class='ocrx_word' id='word_1_666' title='bbox 2380 3443 2549 3513; x_wconf 76' lang='lat' dir='ltr'><strong>plaga:</strong></span> <span class='ocrx_word' id='word_1_667' title='bbox 2584 3460 2769 3497; x_wconf 70' lang='lat' dir='ltr'><strong>eorum</strong></span> <span class='ocrx_word' id='word_1_668' title='bbox 2800 3442 2978 3510; x_wconf 82' lang='lat' dir='ltr'><strong>(Psal.</strong></span> <span class='ocrx_word' id='word_1_669' title='bbox 3021 3459 3178 3509; x_wconf 74' lang='lat' dir='ltr'><strong>LXIII,</strong></span> <span class='ocrx_word' id='word_1_670' title='bbox 3215 3443 3292 3513; x_wconf 90' lang='lat'><strong>8),</strong></span> <span class='ocrx_word' id='word_1_671' title='bbox 3329 3451 3475 3510; x_wconf 82' lang='lat' dir='ltr'><strong>etc.;</strong></span> <span class='ocrx_word' id='word_1_672' title='bbox 3505 3455 3621 3497; x_wconf 89' lang='lat' dir='ltr'><strong>tum</strong></span> 
     </span>
    </p>
   </div>
   <div class='ocr_carea' id='block_1_96' title="bbox 2036 3532 3623 3603">
    <p class='ocr_par' dir='ltr' id='par_1_96' title="bbox 2036 3532 3623 3603">
     <span class='ocr_line' id='line_1_96' title="bbox 2036 3532 3623 3603; baseline 0.001 -17"><span class='ocrx_word' id='word_1_673' title='bbox 2036 3533 2189 3595; x_wconf 87' lang='lat' dir='ltr'><strong>illttd,</strong></span> <span class='ocrx_word' id='word_1_674' title='bbox 2229 3532 2574 3587; x_wconf 79' lang='lat' dir='ltr'><strong>Conrertetur</strong></span> <span class='ocrx_word' id='word_1_675' title='bbox 2603 3533 2757 3587; x_wconf 87' lang='lat' dir='ltr'><strong>labor</strong></span> <span class='ocrx_word' id='word_1_676' title='bbox 2792 3550 2971 3587; x_wconf 81' lang='lat' dir='ltr'><strong>eorum</strong></span> <span class='ocrx_word' id='word_1_677' title='bbox 2999 3534 3052 3586; x_wconf 83' lang='lat' dir='ltr'><strong>in</strong></span> <span class='ocrx_word' id='word_1_678' title='bbox 3083 3545 3241 3603; x_wconf 84' lang='lat' dir='ltr'><strong>caput</strong></span> <span class='ocrx_word' id='word_1_679' title='bbox 3274 3535 3538 3601; x_wconf 82' lang='lat' dir='ltr'><strong>ipsorum,</strong></span> <span class='ocrx_word' id='word_1_680' title='bbox 3573 3543 3623 3587; x_wconf 72' lang='lat' dir='ltr'><strong>et</strong></span> 
     </span>
    </p>
   </div>
   <div class='ocr_carea' id='block_1_97' title="bbox 2036 3623 3623 3695">
    <p class='ocr_par' dir='ltr' id='par_1_97' title="bbox 2036 3623 3623 3695">
     <span class='ocr_line' id='line_1_97' title="bbox 2036 3623 3623 3695; baseline -0.001 -16"><span class='ocrx_word' id='word_1_681' title='bbox 2036 3626 2287 3695; x_wconf 82' lang='lat' dir='ltr'><strong>iniquitas</strong></span> <span class='ocrx_word' id='word_1_682' title='bbox 2312 3642 2494 3680; x_wconf 78' lang='lat' dir='ltr'><strong>eorum</strong></span> <span class='ocrx_word' id='word_1_683' title='bbox 2518 3628 2575 3679; x_wconf 81' lang='lat' dir='ltr'><strong>in</strong></span> <span class='ocrx_word' id='word_1_684' title='bbox 2596 3627 2842 3680; x_wconf 82' lang='lat' dir='ltr'><strong>verticem</strong></span> <span class='ocrx_word' id='word_1_685' title='bbox 2873 3626 3107 3694; x_wconf 86' lang='lat' dir='ltr'><strong>ipsorum</strong></span> <span class='ocrx_word' id='word_1_686' title='bbox 3137 3624 3413 3678; x_wconf 82' lang='lat' dir='ltr'><strong>descendet</strong></span> <span class='ocrx_word' id='word_1_687' title='bbox 3438 3623 3623 3695; x_wconf 80' lang='lat' dir='ltr'><strong>(Psal.</strong></span> 
     </span>
    </p>
   </div>
   <div class='ocr_carea' id='block_1_98' title="bbox 2033 3714 3625 3787">
    <p class='ocr_par' dir='ltr' id='par_1_98' title="bbox 2033 3714 3625 3787">
     <span class='ocr_line' id='line_1_98' title="bbox 2033 3714 3625 3787; baseline -0.004 -13"><span class='ocrx_word' id='word_1_688' title='bbox 2033 3733 2133 3782; x_wconf 63' lang='grc' dir='ltr'><strong>(ιι,</strong></span> <span class='ocrx_word' id='word_1_689' title='bbox 2166 3717 2274 3787; x_wconf 77' lang='grc'><strong>17).</strong></span> <span class='ocrx_word' id='word_1_690' title='bbox 2301 3717 2469 3787; x_wconf 87' lang='lat' dir='ltr'><strong>Igitur</strong></span> <span class='ocrx_word' id='word_1_691' title='bbox 2500 3717 2964 3786; x_wconf 87' lang='lat' dir='ltr'><strong>quemadmodum</strong></span> <span class='ocrx_word' id='word_1_692' title='bbox 2995 3715 3076 3770; x_wconf 90' lang='lat' dir='ltr'><strong>sic</strong></span> <span class='ocrx_word' id='word_1_693' title='bbox 3105 3730 3208 3770; x_wconf 89' lang='lat' dir='ltr'><strong>nos</strong></span> <span class='ocrx_word' id='word_1_694' title='bbox 3244 3715 3298 3768; x_wconf 91' lang='lat' dir='ltr'><strong>in</strong></span> <span class='ocrx_word' id='word_1_695' title='bbox 3332 3714 3489 3768; x_wconf 91' lang='lat' dir='ltr'><strong>illum</strong></span> <span class='ocrx_word' id='word_1_696' title='bbox 3534 3730 3625 3769; x_wconf 86' lang='lat' dir='ltr'><strong>er-</strong></span> 
     </span>
    </p>
   </div>
   <div class='ocr_carea' id='block_1_99' title="bbox 2038 3805 3621 3875">
    <p class='ocr_par' dir='ltr' id='par_1_99' title="bbox 2038 3805 3621 3875">
     <span class='ocr_line' id='line_1_99' title="bbox 2038 3805 3621 3875; baseline -0.003 -11"><span class='ocrx_word' id='word_1_697' title='bbox 2038 3825 2216 3865; x_wconf 91' lang='lat' dir='ltr'><strong>rorem</strong></span> <span class='ocrx_word' id='word_1_698' title='bbox 2267 3809 2626 3873; x_wconf 86' lang='lat' dir='ltr'><strong>incurrimus,</strong></span> <span class='ocrx_word' id='word_1_699' title='bbox 2681 3816 2742 3861; x_wconf 92' lang='lat' dir='ltr'><strong>ut</strong></span> <span class='ocrx_word' id='word_1_700' title='bbox 2788 3807 2935 3863; x_wconf 91' lang='lat' dir='ltr'><strong>illius</strong></span> <span class='ocrx_word' id='word_1_701' title='bbox 2982 3821 3178 3860; x_wconf 83' lang='lat' dir='ltr'><strong>noxam</strong></span> <span class='ocrx_word' id='word_1_702' title='bbox 3220 3805 3621 3875; x_wconf 73' lang='lat' dir='ltr'><strong>effligeremus;</strong></span> 
     </span>
    </p>
   </div>
   <div class='ocr_carea' id='block_1_100' title="bbox 2039 3897 3623 3970">
    <p class='ocr_par' dir='ltr' id='par_1_100' title="bbox 2039 3897 3623 3970">
     <span class='ocr_line' id='line_1_100' title="bbox 2039 3897 3623 3970; baseline -0.003 -15"><span class='ocrx_word' id='word_1_703' title='bbox 2039 3916 2280 3970; x_wconf 87' lang='lat' dir='ltr'><strong>eumque</strong></span> <span class='ocrx_word' id='word_1_704' title='bbox 2332 3900 2566 3954; x_wconf 90' lang='lat' dir='ltr'><strong>simulac</strong></span> <span class='ocrx_word' id='word_1_705' title='bbox 2619 3897 2851 3969; x_wconf 84' lang='lat' dir='ltr'><strong>legimus</strong></span> <span class='ocrx_word' id='word_1_706' title='bbox 2893 3897 3238 3961; x_wconf 89' lang='lat' dir='ltr'><strong>damnantes,</strong></span> <span class='ocrx_word' id='word_1_707' title='bbox 3274 3897 3413 3951; x_wconf 85' lang='lat' dir='ltr'><strong>salvi</strong></span> <span class='ocrx_word' id='word_1_708' title='bbox 3456 3909 3623 3965; x_wconf 78' lang='lat' dir='ltr'><strong>atque</strong></span> 
     </span>
    </p>
   </div>
   <div class='ocr_carea' id='block_1_101' title="bbox 2039 3988 3623 4061">
    <p class='ocr_par' dir='ltr' id='par_1_101' title="bbox 2039 3988 3623 4061">
     <span class='ocr_line' id='line_1_101' title="bbox 2039 3988 3623 4061; baseline -0.003 -13"><span class='ocrx_word' id='word_1_709' title='bbox 2039 3994 2343 4048; x_wconf 88' lang='lat' dir='ltr'><strong>incolumes</strong></span> <span class='ocrx_word' id='word_1_710' title='bbox 2372 3992 2744 4061; x_wconf 61' lang='lat' dir='ltr'><strong>pragtergressi</strong></span> <span class='ocrx_word' id='word_1_711' title='bbox 2787 4005 2980 4045; x_wconf 89' lang='lat' dir='ltr'><strong>sumus</strong></span> <span class='ocrx_word' id='word_1_712' title='bbox 3009 4007 3022 4044; x_wconf 91' lang='lat'><strong>:</strong></span> <span class='ocrx_word' id='word_1_713' title='bbox 3057 3990 3128 4043; x_wconf 93' lang='lat' dir='ltr'><strong>ita</strong></span> <span class='ocrx_word' id='word_1_714' title='bbox 3170 3998 3242 4054; x_wconf 87' lang='lat' dir='ltr'><strong>te,</strong></span> <span class='ocrx_word' id='word_1_715' title='bbox 3276 3988 3535 4058; x_wconf 86' lang='lat' dir='ltr'><strong>quisquis</strong></span> <span class='ocrx_word' id='word_1_716' title='bbox 3561 4004 3623 4044; x_wconf 84' lang='lat' dir='ltr'><strong>es</strong></span> 
     </span>
    </p>
   </div>
   <div class='ocr_carea' id='block_1_102' title="bbox 2037 4081 3625 4155">
    <p class='ocr_par' dir='ltr' id='par_1_102' title="bbox 2037 4081 3625 4155">
     <span class='ocr_line' id='line_1_102' title="bbox 2037 4081 3625 4155; baseline -0.003 -17"><span class='ocrx_word' id='word_1_717' title='bbox 2037 4087 2131 4155; x_wconf 92' lang='lat' dir='ltr'><strong>qui</strong></span> <span class='ocrx_word' id='word_1_718' title='bbox 2168 4086 2270 4139; x_wconf 90' lang='lat' dir='ltr'><strong>ista</strong></span> <span class='ocrx_word' id='word_1_719' title='bbox 2299 4083 2455 4153; x_wconf 76' lang='lat' dir='ltr'><strong>legis,</strong></span> <span class='ocrx_word' id='word_1_720' title='bbox 2489 4083 2797 4146; x_wconf 89' lang='lat' dir='ltr'><strong>hortamur,</strong></span> <span class='ocrx_word' id='word_1_721' title='bbox 2835 4089 2895 4135; x_wconf 93' lang='lat' dir='ltr'><strong>ut</strong></span> <span class='ocrx_word' id='word_1_722' title='bbox 2934 4081 3072 4135; x_wconf 90' lang='lat' dir='ltr'><strong>lecta</strong></span> <span class='ocrx_word' id='word_1_723' title='bbox 3114 4081 3322 4149; x_wconf 86' lang='lat' dir='ltr'><strong>pariter</strong></span> <span class='ocrx_word' id='word_1_724' title='bbox 3361 4096 3427 4134; x_wconf 89' lang='lat' dir='ltr'><strong>ac</strong></span> <span class='ocrx_word' id='word_1_725' title='bbox 3467 4081 3625 4134; x_wconf 84' lang='lat' dir='ltr'><strong>dam-</strong></span> 
     </span>
    </p>
   </div>
   <div class='ocr_carea' id='block_1_103' title="bbox 2039 4172 3626 4251">
    <p class='ocr_par' dir='ltr' id='par_1_103' title="bbox 2039 4172 3626 4251">
     <span class='ocr_line' id='line_1_103' title="bbox 2039 4172 3626 4251; baseline -0.003 -21"><span class='ocrx_word' id='word_1_726' title='bbox 2039 4185 2165 4230; x_wconf 89' lang='lat' dir='ltr'><strong>nata</strong></span> <span class='ocrx_word' id='word_1_727' title='bbox 2213 4174 2510 4239; x_wconf 85' lang='lat' dir='ltr'><strong>transilias,</strong></span> <span class='ocrx_word' id='word_1_728' title='bbox 2568 4189 2635 4228; x_wconf 88' lang='lat' dir='ltr'><strong>ne</strong></span> <span class='ocrx_word' id='word_1_729' title='bbox 2690 4174 2741 4227; x_wconf 92' lang='lat' dir='ltr'><strong>in</strong></span> <span class='ocrx_word' id='word_1_730' title='bbox 2796 4182 3109 4241; x_wconf 88' lang='lat' dir='ltr'><strong>serpentum</strong></span> <span class='ocrx_word' id='word_1_731' title='bbox 3159 4172 3431 4240; x_wconf 76' lang='lat' dir='ltr'><strong>ejusmodi</strong></span> <span class='ocrx_word' id='word_1_732' title='bbox 3478 4172 3626 4251; x_wconf 79' lang='lat' dir='ltr'><strong>velut</strong></span> 
     </span>
    </p>
   </div>
   <div class='ocr_carea' id='block_1_104' title="bbox 2042 4263 3625 4337">
    <p class='ocr_par' dir='ltr' id='par_1_104' title="bbox 2042 4263 3625 4337">
     <span class='ocr_line' id='line_1_104' title="bbox 2042 4263 3625 4337; baseline -0.004 -16"><span class='ocrx_word' id='word_1_733' title='bbox 2042 4267 2408 4337; x_wconf 87' lang='lat' dir='ltr'><strong>improbitatis</strong></span> <span class='ocrx_word' id='word_1_734' title='bbox 2441 4265 2717 4336; x_wconf 90' lang='lat' dir='ltr'><strong>quoddam</strong></span> <span class='ocrx_word' id='word_1_735' title='bbox 2751 4266 2905 4319; x_wconf 89' lang='lat' dir='ltr'><strong>virus</strong></span> <span class='ocrx_word' id='word_1_736' title='bbox 2937 4266 3179 4331; x_wconf 87' lang='lat' dir='ltr'><strong>incidas;</strong></span> <span class='ocrx_word' id='word_1_737' title='bbox 3215 4280 3280 4319; x_wconf 91' lang='lat' dir='ltr'><strong>ac</strong></span> <span class='ocrx_word' id='word_1_738' title='bbox 3318 4264 3364 4318; x_wconf 91' lang='lat' dir='ltr'><strong>si</strong></span> <span class='ocrx_word' id='word_1_739' title='bbox 3399 4263 3625 4333; x_wconf 89' lang='lat' dir='ltr'><strong>quando</strong></span> 
     </span>
    </p>
   </div>
   <div class='ocr_carea' id='block_1_105' title="bbox 2042 4358 3627 4428">
    <p class='ocr_par' dir='ltr' id='par_1_105' title="bbox 2042 4358 3627 4428">
     <span class='ocr_line' id='line_1_105' title="bbox 2042 4358 3627 4428; baseline -0.003 -14"><span class='ocrx_word' id='word_1_740' title='bbox 2042 4360 2270 4417; x_wconf 83' lang='lat' dir='ltr'><strong>forsitan</strong></span> <span class='ocrx_word' id='word_1_741' title='bbox 2301 4376 2365 4415; x_wconf 87' lang='lat' dir='ltr'><strong>ex</strong></span> <span class='ocrx_word' id='word_1_742' title='bbox 2394 4360 2496 4413; x_wconf 90' lang='lat' dir='ltr'><strong>hac</strong></span> <span class='ocrx_word' id='word_1_743' title='bbox 2531 4367 2843 4428; x_wconf 88' lang='lat' dir='ltr'><strong>serpentum</strong></span> <span class='ocrx_word' id='word_1_744' title='bbox 2887 4358 3074 4414; x_wconf 88' lang='lat' dir='ltr'><strong>schola</strong></span> <span class='ocrx_word' id='word_1_745' title='bbox 3115 4358 3430 4427; x_wconf 91' lang='lat' dir='ltr'><strong>quempiam</strong></span> <span class='ocrx_word' id='word_1_746' title='bbox 3458 4358 3627 4411; x_wconf 85' lang='lat' dir='ltr'><strong>oﬂ&#39;en-</strong></span> 
     </span>
    </p>
   </div>
   <div class='ocr_carea' id='block_1_106' title="bbox 2042 4449 3627 4521">
    <p class='ocr_par' dir='ltr' id='par_1_106' title="bbox 2042 4449 3627 4521">
     <span class='ocr_line' id='line_1_106' title="bbox 2042 4449 3627 4521; baseline -0.002 -13"><span class='ocrx_word' id='word_1_747' title='bbox 2042 4454 2211 4518; x_wconf 90' lang='lat' dir='ltr'><strong>deris,</strong></span> <span class='ocrx_word' id='word_1_748' title='bbox 2261 4453 2442 4507; x_wconf 83' lang='lat' dir='ltr'><strong>subito</strong></span> <span class='ocrx_word' id='word_1_749' title='bbox 2491 4452 2696 4521; x_wconf 83' lang='lat' dir='ltr'><strong>lignum</strong></span> <span class='ocrx_word' id='word_1_750' title='bbox 2741 4452 2894 4516; x_wconf 86' lang='lat' dir='ltr'><strong>illud,</strong></span> <span class='ocrx_word' id='word_1_751' title='bbox 2937 4452 3084 4521; x_wconf 92' lang='lat' dir='ltr'><strong>quod</strong></span> <span class='ocrx_word' id='word_1_752' title='bbox 3132 4452 3290 4505; x_wconf 88' lang='lat' dir='ltr'><strong>nobis</strong></span> <span class='ocrx_word' id='word_1_753' title='bbox 3325 4466 3355 4505; x_wconf 90' lang='lat' dir='ltr'><strong>a</strong></span> <span class='ocrx_word' id='word_1_754' title='bbox 3392 4449 3627 4506; x_wconf 88' lang='lat' dir='ltr'><strong>Domino</strong></span> 
     </span>
    </p>
   </div>
   <div class='ocr_carea' id='block_1_107' title="bbox 2042 4541 3627 4616">
    <p class='ocr_par' dir='ltr' id='par_1_107' title="bbox 2042 4541 3627 4616">
     <span class='ocr_line' id='line_1_107' title="bbox 2042 4541 3627 4616; baseline -0.004 -15"><span class='ocrx_word' id='word_1_755' title='bbox 2042 4554 2417 4616; x_wconf 84' lang='lat' dir='ltr'><strong>comparatum</strong></span> <span class='ocrx_word' id='word_1_756' title='bbox 2446 4552 2533 4598; x_wconf 90' lang='lat' dir='ltr'><strong>est</strong></span> <span class='ocrx_word' id='word_1_757' title='bbox 2551 4553 2607 4597; x_wconf 89' lang='lat' dir='ltr'><strong>et</strong></span> <span class='ocrx_word' id='word_1_758' title='bbox 2634 4544 2685 4596; x_wconf 91' lang='lat' dir='ltr'><strong>in</strong></span> <span class='ocrx_word' id='word_1_759' title='bbox 2706 4558 2817 4613; x_wconf 90' lang='lat' dir='ltr'><strong>quo</strong></span> <span class='ocrx_word' id='word_1_760' title='bbox 2837 4542 3092 4598; x_wconf 85' lang='lat' dir='ltr'><strong>Christus</strong></span> <span class='ocrx_word' id='word_1_761' title='bbox 3126 4541 3319 4596; x_wconf 76' lang='lat' dir='ltr'><strong>aliisus</strong></span> <span class='ocrx_word' id='word_1_762' title='bbox 3348 4550 3455 4605; x_wconf 86' lang='lat' dir='ltr'><strong>est,</strong></span> <span class='ocrx_word' id='word_1_763' title='bbox 3486 4542 3627 4595; x_wconf 90' lang='lat' dir='ltr'><strong>arri-</strong></span> 
     </span>
    </p>
   </div>
   <div class='ocr_carea' id='block_1_108' title="bbox 2043 4633 3627 4707">
    <p class='ocr_par' dir='ltr' id='par_1_108' title="bbox 2043 4633 3627 4707">
     <span class='ocr_line' id='line_1_108' title="bbox 2043 4633 3627 4707; baseline -0.002 -17"><span class='ocrx_word' id='word_1_764' title='bbox 2043 4638 2180 4707; x_wconf 86' lang='lat' dir='ltr'><strong>pias.</strong></span> <span class='ocrx_word' id='word_1_765' title='bbox 2222 4657 2242 4688; x_wconf 80' lang='grc'>›</span> <span class='ocrx_word' id='word_1_766' title='bbox 2278 4635 2551 4691; x_wconf 88' lang='lat' dir='ltr'><strong>llaetenus</strong></span> <span class='ocrx_word' id='word_1_767' title='bbox 2576 4633 2939 4704; x_wconf 87' lang='lat' dir='ltr'><strong>Epiphanius,</strong></span> <span class='ocrx_word' id='word_1_768' title='bbox 2970 4649 3035 4690; x_wconf 80' lang='lat' dir='ltr'><strong>es</strong></span> <span class='ocrx_word' id='word_1_769' title='bbox 3068 4635 3270 4704; x_wconf 85' lang='lat' dir='ltr'><strong>quibus</strong></span> <span class='ocrx_word' id='word_1_770' title='bbox 3300 4634 3440 4689; x_wconf 86' lang='lat' dir='ltr'><strong>satis</strong></span> <span class='ocrx_word' id='word_1_771' title='bbox 3470 4649 3627 4688; x_wconf 66' lang='lat' dir='ltr'><strong>veroo</strong></span> 
     </span>
    </p>
   </div>
   <div class='ocr_carea' id='block_1_109' title="bbox 2043 4727 3624 4798">
    <p class='ocr_par' dir='ltr' id='par_1_109' title="bbox 2043 4727 3624 4798">
     <span class='ocr_line' id='line_1_109' title="bbox 2043 4727 3624 4798; baseline -0.004 -13"><span class='ocrx_word' id='word_1_772' title='bbox 2043 4731 2220 4785; x_wconf 77' lang='lat' dir='ltr'><strong>simile</strong></span> <span class='ocrx_word' id='word_1_773' title='bbox 2252 4730 2400 4783; x_wconf 84' lang='lat' dir='ltr'><strong>reddi</strong></span> <span class='ocrx_word' id='word_1_774' title='bbox 2427 4738 2703 4798; x_wconf 84' lang='lat' dir='ltr'><strong>putamus,</strong></span> <span class='ocrx_word' id='word_1_775' title='bbox 2728 4727 2875 4798; x_wconf 87' lang='lat' dir='ltr'><strong>quod</strong></span> <span class='ocrx_word' id='word_1_776' title='bbox 2925 4727 3081 4781; x_wconf 85' lang='lat' dir='ltr'><strong>initio</strong></span> <span class='ocrx_word' id='word_1_777' title='bbox 3128 4728 3262 4791; x_wconf 87' lang='lat' dir='ltr'><strong>dixi,</strong></span> <span class='ocrx_word' id='word_1_778' title='bbox 3304 4741 3455 4790; x_wconf 91' lang='lat' dir='ltr'><strong>eum,</strong></span> <span class='ocrx_word' id='word_1_779' title='bbox 3500 4742 3624 4781; x_wconf 91' lang='lat' dir='ltr'><strong>cum</strong></span> 
     </span>
    </p>
   </div>
   <div class='ocr_carea' id='block_1_110' title="bbox 2045 4817 3625 4891">
    <p class='ocr_par' dir='ltr' id='par_1_110' title="bbox 2045 4817 3625 4891">
     <span class='ocr_line' id='line_1_110' title="bbox 2045 4817 3625 4891; baseline -0.002 -15"><span class='ocrx_word' id='word_1_780' title='bbox 2045 4824 2097 4877; x_wconf 89' lang='lat' dir='ltr'><strong>in</strong></span> <span class='ocrx_word' id='word_1_781' title='bbox 2165 4822 2465 4891; x_wconf 82' lang='lat' dir='ltr'><strong>periculum</strong></span> <span class='ocrx_word' id='word_1_782' title='bbox 2525 4822 2669 4875; x_wconf 80' lang='lat' dir='ltr'><strong>istud</strong></span> <span class='ocrx_word' id='word_1_783' title='bbox 2720 4820 2934 4883; x_wconf 87' lang='lat' dir='ltr'><strong>incidit,</strong></span> <span class='ocrx_word' id='word_1_784' title='bbox 2992 4818 3373 4873; x_wconf 86' lang='lat' dir='ltr'><strong>Christianum</strong></span> <span class='ocrx_word' id='word_1_785' title='bbox 3432 4817 3625 4881; x_wconf 63' lang='lat' dir='ltr'><strong>fuisse,</strong></span> 
     </span>
    </p>
   </div>
   <div class='ocr_carea' id='block_1_111' title="bbox 2044 4912 3623 4984">
    <p class='ocr_par' dir='ltr' id='par_1_111' title="bbox 2044 4912 3623 4984">
     <span class='ocr_line' id='line_1_111' title="bbox 2044 4912 3623 4984; baseline -0.003 -13"><span class='ocrx_word' id='word_1_786' title='bbox 2044 4926 2191 4971; x_wconf 86' lang='lat' dir='ltr'><strong>caste</strong></span> <span class='ocrx_word' id='word_1_787' title='bbox 2218 4930 2282 4969; x_wconf 89' lang='lat' dir='ltr'><strong>ac</strong></span> <span class='ocrx_word' id='word_1_788' title='bbox 2306 4915 2497 4984; x_wconf 85' lang='lat' dir='ltr'><strong>pudice</strong></span> <span class='ocrx_word' id='word_1_789' title='bbox 2521 4933 2551 4968; x_wconf 71' lang='grc' dir='ltr'>ιι</span> <span class='ocrx_word' id='word_1_790' title='bbox 2586 4914 2917 4968; x_wconf 82' lang='lat' dir='ltr'><strong>Christianis</strong></span> <span class='ocrx_word' id='word_1_791' title='bbox 2942 4912 3256 4982; x_wconf 89' lang='lat' dir='ltr'><strong>parentibus</strong></span> <span class='ocrx_word' id='word_1_792' title='bbox 3281 4912 3582 4967; x_wconf 87' lang='lat' dir='ltr'><strong>educatum</strong></span> <span class='ocrx_word' id='word_1_793' title='bbox 3607 4928 3623 4966; x_wconf 90' lang='lat'><strong>:</strong></span> 
     </span>
    </p>
   </div>
   <div class='ocr_carea' id='block_1_112' title="bbox 2045 5003 3623 5078">
    <p class='ocr_par' dir='ltr' id='par_1_112' title="bbox 2045 5003 3623 5078">
     <span class='ocr_line' id='line_1_112' title="bbox 2045 5003 3623 5078; baseline -0.004 -15"><span class='ocrx_word' id='word_1_794' title='bbox 2045 5019 2269 5078; x_wconf 88' lang='lat' dir='ltr'><strong>apparet</strong></span> <span class='ocrx_word' id='word_1_795' title='bbox 2288 5009 2453 5062; x_wconf 77' lang='lat' dir='ltr'><strong>etiam</strong></span> <span class='ocrx_word' id='word_1_796' title='bbox 2486 5008 2717 5064; x_wconf 90' lang='lat' dir='ltr'><strong>necdum</strong></span> <span class='ocrx_word' id='word_1_797' title='bbox 2749 5005 2949 5061; x_wconf 61' lang='lat' dir='ltr'><strong>sarculo</strong></span> <span class='ocrx_word' id='word_1_798' title='bbox 2978 5004 3350 5068; x_wconf 89' lang='lat' dir='ltr'><strong>renuntiasse,</strong></span> <span class='ocrx_word' id='word_1_799' title='bbox 3383 5003 3455 5058; x_wconf 89' lang='lat' dir='ltr'><strong>de</strong></span> <span class='ocrx_word' id='word_1_800' title='bbox 3512 5018 3623 5074; x_wconf 92' lang='lat' dir='ltr'><strong>quo</strong></span> 
     </span>
    </p>
   </div>
   <div class='ocr_carea' id='block_1_113' title="bbox 2046 5095 3625 5165">
    <p class='ocr_par' dir='ltr' id='par_1_113' title="bbox 2046 5095 3625 5165">
     <span class='ocr_line' id='line_1_113' title="bbox 2046 5095 3625 5165; baseline -0.004 -11"><span class='ocrx_word' id='word_1_801' title='bbox 2046 5100 2207 5154; x_wconf 85' lang='lat' dir='ltr'><strong>talem</strong></span> <span class='ocrx_word' id='word_1_802' title='bbox 2239 5114 2389 5163; x_wconf 87' lang='lat' dir='ltr'><strong>spem</strong></span> <span class='ocrx_word' id='word_1_803' title='bbox 2424 5099 2526 5155; x_wconf 84' lang='lat' dir='ltr'><strong>sibi</strong></span> <span class='ocrx_word' id='word_1_804' title='bbox 2571 5099 2844 5153; x_wconf 85' lang='lat' dir='ltr'><strong>tinxerant</strong></span> <span class='ocrx_word' id='word_1_805' title='bbox 2889 5095 3173 5161; x_wconf 68' lang='lat' dir='ltr'><strong>Gu’ostici;</strong></span> <span class='ocrx_word' id='word_1_806' title='bbox 3221 5103 3415 5149; x_wconf 87' lang='lat' dir='ltr'><strong>contra</strong></span> <span class='ocrx_word' id='word_1_807' title='bbox 3462 5110 3625 5165; x_wconf 82' lang='lat' dir='ltr'><strong>quam</strong></span> 
     </span>
    </p>
   </div>
   <div class='ocr_carea' id='block_1_114' title="bbox 2045 5184 3629 5256">
    <p class='ocr_par' dir='ltr' id='par_1_114' title="bbox 2045 5184 3629 5256">
     <span class='ocr_line' id='line_1_114' title="bbox 2045 5184 3629 5256; baseline -0.004 -11"><span class='ocrx_word' id='word_1_808' title='bbox 2045 5207 2171 5246; x_wconf 91' lang='lat' dir='ltr'><strong>eum</strong></span> <span class='ocrx_word' id='word_1_809' title='bbox 2218 5191 2379 5245; x_wconf 90' lang='lat' dir='ltr'><strong>nobis</strong></span> <span class='ocrx_word' id='word_1_810' title='bbox 2433 5189 2806 5245; x_wconf 90' lang='lat' dir='ltr'><strong>commentitia</strong></span> <span class='ocrx_word' id='word_1_811' title='bbox 2864 5188 2996 5243; x_wconf 85' lang='lat' dir='ltr'><strong>Acta</strong></span> <span class='ocrx_word' id='word_1_812' title='bbox 3046 5194 3469 5256; x_wconf 55' lang='lat' dir='ltr'><strong>repraesentant,</strong></span> <span class='ocrx_word' id='word_1_813' title='bbox 3517 5184 3629 5239; x_wconf 81' lang='lat' dir='ltr'><strong>Ju—</strong></span> 
     </span>
    </p>
   </div>
   <div class='ocr_carea' id='block_1_115' title="bbox 2047 5277 3624 5350">
    <p class='ocr_par' dir='ltr' id='par_1_115' title="bbox 2047 5277 3624 5350">
     <span class='ocr_line' id='line_1_115' title="bbox 2047 5277 3624 5350; baseline -0.006 -11"><span class='ocrx_word' id='word_1_814' title='bbox 2047 5285 2224 5339; x_wconf 73' lang='lat' dir='ltr'><strong>dteum</strong></span> <span class='ocrx_word' id='word_1_815' title='bbox 2259 5299 2324 5336; x_wconf 77' lang='lat' dir='ltr'><strong>ex</strong></span> <span class='ocrx_word' id='word_1_816' title='bbox 2353 5281 2577 5342; x_wconf 76' lang='lat' dir='ltr'><strong>Judzeis,</strong></span> <span class='ocrx_word' id='word_1_817' title='bbox 2604 5281 2779 5350; x_wconf 90' lang='lat' dir='ltr'><strong>iisque</strong></span> <span class='ocrx_word' id='word_1_818' title='bbox 2821 5278 3119 5333; x_wconf 85' lang='lat' dir='ltr'><strong>rusticanis</strong></span> <span class='ocrx_word' id='word_1_819' title='bbox 3165 5286 3220 5332; x_wconf 88' lang='lat' dir='ltr'><strong>et</strong></span> <span class='ocrx_word' id='word_1_820' title='bbox 3268 5277 3624 5347; x_wconf 88' lang='lat' dir='ltr'><strong>pauperibus,</strong></span> 
     </span>
    </p>
   </div>
   <div class='ocr_carea' id='block_1_116' title="bbox 2047 5368 3628 5444">
    <p class='ocr_par' dir='ltr' id='par_1_116' title="bbox 2047 5368 3628 5444">
     <span class='ocr_line' id='line_1_116' title="bbox 2047 5368 3628 5444; baseline -0.006 -15"><span class='ocrx_word' id='word_1_821' title='bbox 2047 5385 2102 5429; x_wconf 86' lang='lat' dir='ltr'><strong>et</strong></span> <span class='ocrx_word' id='word_1_822' title='bbox 2143 5374 2295 5444; x_wconf 89' lang='lat' dir='ltr'><strong>prius</strong></span> <span class='ocrx_word' id='word_1_823' title='bbox 2327 5374 2380 5426; x_wconf 91' lang='lat' dir='ltr'><strong>iu</strong></span> <span class='ocrx_word' id='word_1_824' title='bbox 2413 5373 2589 5442; x_wconf 87' lang='lat' dir='ltr'><strong>patria</strong></span> <span class='ocrx_word' id='word_1_825' title='bbox 2625 5386 2723 5426; x_wconf 91' lang='lat' dir='ltr'><strong>sua</strong></span> <span class='ocrx_word' id='word_1_826' title='bbox 2765 5370 3119 5433; x_wconf 87' lang='lat' dir='ltr'><strong>monachum,</strong></span> <span class='ocrx_word' id='word_1_827' title='bbox 3160 5382 3324 5437; x_wconf 86' lang='lat' dir='ltr'><strong>quam</strong></span> <span class='ocrx_word' id='word_1_828' title='bbox 3371 5368 3501 5423; x_wconf 86' lang='lat' dir='ltr'><strong>inde</strong></span> <span class='ocrx_word' id='word_1_829' title='bbox 3536 5380 3628 5436; x_wconf 80' lang='lat' dir='ltr'><strong>pe-</strong></span> 
     </span>
    </p>
   </div>
   <div class='ocr_carea' id='block_1_117' title="bbox 2049 5464 2432 5519">
    <p class='ocr_par' dir='ltr' id='par_1_117' title="bbox 2049 5464 2432 5519">
     <span class='ocr_line' id='line_1_117' title="bbox 2049 5464 2432 5519; baseline -0.005 -2"><span class='ocrx_word' id='word_1_830' title='bbox 2049 5464 2170 5519; x_wconf 85' lang='lat' dir='ltr'><strong>dem</strong></span> <span class='ocrx_word' id='word_1_831' title='bbox 2200 5464 2432 5518; x_wconf 78' lang='lat' dir='ltr'><strong>elici-ret.</strong></span> 
     </span>
    </p>
   </div>
   <div class='ocr_carea' id='block_1_118' title="bbox 2124 5547 3625 5621">
    <p class='ocr_par' dir='ltr' id='par_1_118' title="bbox 2124 5547 3625 5621">
     <span class='ocr_line' id='line_1_118' title="bbox 2124 5547 3625 5621; baseline -0.007 -11"><span class='ocrx_word' id='word_1_832' title='bbox 2124 5555 2211 5610; x_wconf 74' lang='grc'><strong>10.</strong></span> <span class='ocrx_word' id='word_1_833' title='bbox 2244 5554 2444 5608; x_wconf 87' lang='lat' dir='ltr'><strong>Eadem</strong></span> <span class='ocrx_word' id='word_1_834' title='bbox 2485 5561 2761 5616; x_wconf 89' lang='lat' dir='ltr'><strong>asserunt,</strong></span> <span class='ocrx_word' id='word_1_835' title='bbox 2800 5553 2979 5621; x_wconf 90' lang='lat' dir='ltr'><strong>ipsum</strong></span> <span class='ocrx_word' id='word_1_836' title='bbox 3021 5551 3164 5604; x_wconf 84' lang='lat' dir='ltr'><strong>inter</strong></span> <span class='ocrx_word' id='word_1_837' title='bbox 3213 5547 3625 5603; x_wconf 80' lang='lat' dir='ltr'><strong>valedicendum</strong></span> 
     </span>
    </p>
   </div>
   <div class='ocr_carea' id='block_1_119' title="bbox 2054 5640 3627 5715">
    <p class='ocr_par' dir='ltr' id='par_1_119' title="bbox 2054 5640 3627 5715">
     <span class='ocr_line' id='line_1_119' title="bbox 2054 5640 3627 5715; baseline -0.006 -14"><span class='ocrx_word' id='word_1_838' title='bbox 2054 5649 2454 5715; x_wconf 83' lang='lat' dir='ltr'><strong>interrogatum</strong></span> <span class='ocrx_word' id='word_1_839' title='bbox 2484 5645 2553 5698; x_wconf 89' lang='lat' dir='ltr'><strong>ab</strong></span> <span class='ocrx_word' id='word_1_840' title='bbox 2585 5644 2914 5712; x_wconf 85' lang='lat' dir='ltr'><strong>imperatore</strong></span> <span class='ocrx_word' id='word_1_841' title='bbox 2955 5640 3190 5696; x_wconf 86' lang='lat' dir='ltr'><strong>Arcadio</strong></span> <span class='ocrx_word' id='word_1_842' title='bbox 3232 5659 3251 5691; x_wconf 71' lang='grc' dir='ltr'>ι</span> <span class='ocrx_word' id='word_1_843' title='bbox 3284 5650 3423 5708; x_wconf 84' lang='lat' dir='ltr'><strong>quot</strong></span> <span class='ocrx_word' id='word_1_844' title='bbox 3456 5650 3627 5693; x_wconf 82' lang='lat' dir='ltr'><strong>annos</strong></span> 
     </span>
    </p>
   </div>
   <div class='ocr_carea' id='block_1_120' title="bbox 2056 5731 3624 5800">
    <p class='ocr_par' dir='ltr' id='par_1_120' title="bbox 2056 5731 3624 5800">
     <span class='ocr_line' id='line_1_120' title="bbox 2056 5731 3624 5800; baseline -0.011 -3"><span class='ocrx_word' id='word_1_845' title='bbox 2056 5747 2197 5797; x_wconf 82' lang='lat' dir='ltr'><strong>esset</strong></span> <span class='ocrx_word' id='word_1_846' title='bbox 2234 5746 2415 5797; x_wconf 86' lang='lat' dir='ltr'><strong>natus.</strong></span> <span class='ocrx_word' id='word_1_847' title='bbox 2453 5734 2821 5800; x_wconf 85' lang='lat' dir='ltr'><strong>respondisse,</strong></span> <span class='ocrx_word' id='word_1_848' title='bbox 2859 5741 3073 5787; x_wconf 82' lang='lat' dir='ltr'><strong>centum</strong></span> <span class='ocrx_word' id='word_1_849' title='bbox 3108 5740 3159 5787; x_wconf 87' lang='lat' dir='ltr'><strong>ct</strong></span> <span class='ocrx_word' id='word_1_850' title='bbox 3194 5731 3537 5799; x_wconf 87' lang='lat' dir='ltr'><strong>quindecim,</strong></span> <span class='ocrx_word' id='word_1_851' title='bbox 3574 5736 3624 5780; x_wconf 87' lang='lat' dir='ltr'><strong>et</strong></span> 
     </span>
    </p>
   </div>
  </div>
