3808 6136
295 366 388 421 l2!
424 334 429 338 ’

1301 363 1360 417 s.
1393 362 1738 418 EPlPllANll
1777 352 1962 415 ᾹυίΑ
2002 363 2509 417 ΒυωιλΝυιΑλιι.

3436 368 3538 417 1Ξῖ

289 491 402 534 tres
451 491 685 532 menses.
738 495 756 528 ι
806 475 896 530 Sic
938 482 1117 531 autem
1153 475 1358 531 dixisse
1390 494 1406 532 :
1439 495 1459 527 ι
1500 476 1599 530 Fui
1643 476 1856 546 episco-
1885 478 1928 531 A
1957 476 2145 543 liaris;
2179 476 2322 546 quod
2351 490 2525 545 usque
2559 476 2670 538 ille,
2698 475 2881 530 nimia:
2907 491 3023 530 sum
3058 475 3390 531 celebritatis
3410 491 3535 546 per-

290 586 414 641 pus,
452 585 577 625 cum
621 584 796 623 essem
841 583 1015 623 annos
1040 567 1317 638 sexaginta
1365 580 1564 633 natus;
1620 568 1692 623 fni
1737 574 1901 621 vero‘

288 662 344 716 in
386 661 701 731 episcopatu
733 658 1127 729 quinquaginta
1165 660 1410 729 quinque
1453 675 1627 715 annos
1668 668 1722 714 et
1753 669 1864 714 tres

288 768 527 808 menses.
580 771 597 802 ι
645 750 749 805 Sed
796 750 850 804 in
896 766 1167 805 annorum
1209 767 1440 805 numero
1493 753 1685 806 vitium
1737 767 1864 806 esse

286 844 505 914 aliquod
546 858 705 898 nemo
737 843 1088 901 dubitaverit.
1137 846 1312 912 ptimo
1344 844 1471 913 quia
1495 842 1862 913 Hieronymus

286 949 434 987 anno
466 932 572 988 592
624 932 691 987 de
729 932 1034 1002 Epiphanio
1074 934 1342 997 scribens,
1396 934 1446 987 id
1493 944 1595 996 cst,
1650 935 1861 989 decimo

285 1032 412 1078 ante
442 1024 562 1092 ejus
594 1033 822 1077 mortem
853 1038 1019 1087 anno,
1050 1025 1247 1079 asserit
1290 1042 1308 1075 ι
1344 1025 1399 1078 in
1430 1034 1674 1079 extrema
1702 1035 1860 1081 aetate

283 1117 435 1170 varia
480 1115 660 1170 adhuc
695 1115 893 1169 cudere
927 1117 1225 1185 opuscula;
1277 1136 1295 1168 ›
1341 1117 1485 1185 quod
1524 1132 1685 1171 nemo
1735 1130 1859 1186 apte

286 1207 612 1261 intellexerit
646 1207 714 1262 de
762 1207 983 1262 homine
1030 1217 1248 1263 centum
1297 1219 1353 1263 et
1401 1209 1643 1280 quinque
1686 1224 1859 1265 annos

284 1296 722 1353 nato..Seeundo
750 1299 878 1368 quia
909 1316 1174 1354 annorum
1209 1312 1426 1355 centum
1459 1311 1513 1356 et
1540 1302 1855 1372 quindecim

282 1405 491 1452 senem,
524 1405 685 1443 nemo
715 1391 897 1445 credet
938 1391 1057 1460 ejus
1092 1391 1263 1447 fuisse
1304 1393 1529 1462 vigoris,
1582 1404 1640 1449 ut
1691 1394 1739 1448 ei
1789 1394 1857 1446 li-

282 1481 466 1538 buerit
492 1480 1026 1551 Constantinopolim
1068 1483 1344 1553 navigare.
1394 1483 1580 1539 Tertio
1625 1485 1751 1553 quia
1800 1484 1856 1539 in

281 1570 526 1643 Dialogo,
560 1572 651 1642 qui
681 1575 746 1627 de
778 1571 897 1626 Vita
924 1571 983 1626 S.
1003 1572 1235 1629 Joannis
1276 1574 1657 1645 Chrysostomi
1678 1587 1858 1633 exstat

281 1667 387 1721 sub
412 1666 631 1719 nomine
653 1663 896 1726 Palladii,
921 1666 1076 1732 quasi
1109 1681 1176 1719 ex
1200 1680 1455 1722 sermone
1478 1668 1663 1723 habito
1697 1670 1855 1725 Sozi~

284 1757 357 1811 mi
394 1755 556 1826 Papa:
589 1764 853 1824 tempore,
895 1756 946 1810 id
983 1766 1068 1811 est
1111 1772 1256 1811 anno
1302 1758 1426 1824 413,
1485 1761 1627 1815 inter
1676 1761 1853 1818 Palla-

1969 571 2151 629 taesus,
2191 565 2333 621 circa
2366 581 2568 619 annum
2618 566 2720 620 560
2761 564 3005 635 profugit
3038 566 3090 620 in
3124 566 3440 637 IEgyptum,
3473 584 3536 622 ac

1963 656 2201 726 denique
2236 657 2290 711 in
2323 656 2561 727 Cyprum
2604 673 2693 710 an.
2744 656 2850 710 564
2896 658 2985 711 ubi
3028 673 3152 711 cum
3192 659 3328 714 mori
3353 661 3534 713 couti-

1963 749 2127 818 gissct
2171 748 2466 804 Salaminis
2510 749 2852 818 episcopum,
2893 750 3034 803 haud
3079 750 3319 804 mirabor
3369 751 3415 805 si
3466 767 3532 803 ex

1965 838 2263 895 Hilarionis
2312 840 2547 895 consilio
2603 841 2912 909 postulatus
2957 858 2986 895 e
3032 839 3320 895 Palmstina
3372 840 3534 895 fuerit

1961 930 2303 1001 Epiphanius
2330 949 2343 986 :
2372 933 2464 1002 qui
2498 933 2759 988 libentius
2789 948 2929 987 onus
2957 933 3099 987 istud
3123 934 3426 996 admiserit,
3468 951 3535 988 ne

1959 1024 2287 1081 Arianorum
2342 1034 2688 1094 grassantem
2747 1025 2851 1080 sub
2913 1025 3138 1081 Valente
3191 1027 3531 1096 tyrannidem

1960 1124 2207 1182 speCtare
2237 1126 2291 1170 et
2340 1117 2612 1171 sustinere
2661 1126 2967 1186 cogeretur,
3012 1127 3065 1172 ct
3116 1118 3244 1186 quia
3295 1128 3532 1173 veterem

1961 1206 2267 1275 spiritualis
2314 1206 2441 1261 vitae
2492 1206 2817 1277 magistrum
2874 1218 2965 1262 aut
3014 1209 3221 1263 socium
3266 1209 3339 1263 ibi
3389 1218 3534 1264 esset

1959 1305 2292 1364 reperturus,
2325 1304 2380 1349 et
2408 1310 2474 1349 eo
2496 1297 2671 1364 quoad
2700 1296 2901 1351 viveret
2928 1295 3218 1351 fruiturus.
3259 1295 3408 1351 Vixit
3435 1313 3533 1352 au-

1960 1395 2063 1440 tem
2090 1384 2332 1440 Hilarion
2383 1402 2555 1455 usque
2601 1388 2668 1440 ad
2720 1402 2927 1440 annum
2972 1388 3150 1443 aetatis
3190 1386 3283 1450 80,
3328 1388 3532 1443 Christi

1958 1476 2081 1540 37:2,
2114 1477 2333 1546 quando
2364 1495 2381 1528 ι
2415 1478 2480 1531 de
2502 1478 2621 1546 ejus
2649 1477 2902 1533 laudibus
2937 1478 3151 1532 brevem
3186 1479 3472 1547 epistolam
3508 1499 3527 1527 ι

1959 1569 2099 1622 idem
2132 1568 2466 1637 Epiphanius
2488 1589 2505 1620 ς
2533 1570 2775 1638 scripsit,
2803 1590 2821 1619 ›
2845 1571 2988 1625 sicut
3006 1572 3061 1624 in
3091 1570 3208 1623 Vita
3236 1570 3530 1624 Hilarionis

1958 1669 2187 1714 testatur
2228 1659 2286 1713 S.
2337 1659 2742 1732 Hieronymus:
2774 1678 2839 1715 ex
2882 1663 3040 1730 cujus
3088 1664 3252 1717 etiam
3300 1663 3531 1732 epistola

1957 1751 2046 1813 6|,
2076 1752 2144 1803 ad
2176 1751 2583 1805 Pammachium
2617 1752 2905 1818 discimus,
2936 1754 3082 1823 quod
3111 1770 3178 1809 eo
3221 1773 3239 1805 ι
3289 1764 3532 1820 tempore

277 1848 432 1902 dium
506 1846 1009 1915 Helenopolitanum
1083 1848 1399 1917 episcopum
1470 1848 1852 1921 Chrysostomi
1891 1835 1928 1888 Β
1958 1860 2067 1914 QUO
2099 1852 2272 1898 ίοῐιιιιι
2303 1844 2607 1910 Orientem.
2641 1858 2868 1914 ειεθριο
2915 1862 3052 1916 papa
3106 1847 3403 1902 Athanasio
3443 1860 3532 1901 at-

277 1940 607 2010 discipnlmn
633 1949 686 1994 ct
707 1939 1353 1995 TheodorumBomante
1389 1942 1643 1997 Ecclesiae
1674 1945 1859 2001 diaco-

278 2048 437 2095 num,
465 2032 689 2098 dicitur,
718 2031 867 2100 quod
897 2031 1232 2100 Epiphanius
1255 2051 1273 2084 ι
1307 2033 1526 2103 triginta
1552 2052 1643 2090 sex
1682 2051 1855 2092 annos

282 2120 538 2176 Ecclesiae
588 2120 826 2190 praefuit,
878 2122 981 2175 sub
1020 2121 1252 2177 Dantaso
1294 2134 1349 2177 et
1389 2123 1618 2195 Syr-icio,
1666 2144 1685 2177 ›
1718 2142 1855 2197 quo-

277 2228 399 2266 rum
434 2214 585 2281 prior
613 2228 757 2266 anno
789 2213 897 2266 558
925 2214 1113 2282 cmpit,
1163 2215 1298 2268 alter
1348 2231 1492 2269 anno
1534 2216 1639 2271 598
1671 2219 1849 2276 desiit.

275 2301 575 2357 Numerum
606 2313 787 2357 autem
825 2319 1095 2357 annorum
1138 2304 1208 2357 55
1258 2304 1467 2375 integre
1503 2306 1847 2376 expleturum

272 2412 400 2450 cum
432 2396 590 2449 initio
625 2396 750 2450 anni
782 2395 850 2449 56
878 2397 926 2450 si
974 2405 1180 2460 teneas,
1225 2405 1421 2451 cmtera
1471 2398 1614 2452 haud
1644 2400 1853 2454 incom-

273 2486 439 2541 mode
470 2503 593 2541 eum
652 2487 879 2541 veritate
916 2487 1258 2553 consistent;
1298 2488 1372 2542 ita
1422 2497 1482 2543 ut
1523 2491 1702 2544 aetatis
1740 2506 1854 2547 stite

272 2593 419 2632 anno
448 2577 517 2632 96
560 2577 758 2632 obicrit
802 2587 1049 2641 sanctus,
1098 2578 1388 2648 solumque
1418 2595 1481 2635 ex
1537 2581 1637 2635 levi
1685 2582 1851 2638 unius

273 2668 470 2721 litterae
497 2682 706 2731 errore,
734 2683 844 2736 quo
871 2673 943 2720 νε¹
970 2667 1251 2737 scripserit
1280 2667 1480 2738 aliquis
1507 2685 1604 2738 pro
1628 2670 1700 2723 λε’
1732 2686 1852 2740 per-

269 2759 472 2814 ductus
528 2757 691 2812 fuerit
729 2759 988 2814 Actorum
1038 2768 1231 2813 auctor
1283 2759 1334 2813 in
1388 2761 1657 2816 calculum
1713 2763 1851 2818 adeo

268 2849 693 2904 cxorbitantem.
752 2847 844 2903 Sic
893 2865 1023 2904 vero
1071 2849 1179 2904 dici
1227 2851 1430 2920 poterit
1459 2851 1847 2921 ,Epiphanius,

270 2954 422 2993 anno
461 2937 567 2993 368
610 2940 852 3002 ineunte,
887 2940 1063 2995 factus
1106 2942 1417 3012 episcopus,
1462 2951 1514 2997 et
1562 2958 1708 2999 anno
1746 2945 1851 3000 508

268 3040 455 3087 natus.
491 3030 563 3083 De
590 3045 701 3099 quo
731 3030 860 3085 dum
894 3031 946 3084 in
984 3025 1218 3100 Sy'nopsi
1263 3032 1329 3086 ad
1364 3034 1690 3088 Ancoratum
1730 3036 1851 3104 ejus

270 3124 494 3193 legitur,
526 3121 671 3192 quod
705 3141 722 3172 ι
766 3124 996 3191 primum
1032 3126 1319 3180 monastici
1364 3126 1596 3181 instituti
1641 3129 1848 3184 exerci-

271 3215 535 3267 tationem
566 3213 621 3265 in
660 3210 896 3283 )Egypto
924 3214 1186 3282 suscepit,
1223 3214 1405 3284 ibique
1430 3216 1497 3270 ad
1529 3216 1848 3271 vicesimum

269 3320 450 3373 usque
482 3304 659 3359 aetatis
682 3320 886 3359 annum
922 3307 1243 3374 permansit,
1278 3307 1452 3363 donec
1492 3310 1557 3364 ad
1601 3309 1851 3364 Eleuthe-

271 3396 639 3465 ropolitanam
674 3400 950 3465 regionem
977 3412 1228 3453 reversus
1268 3402 1661 3455 monasterium
1700 3401 1752 3454 in
1785 3416 1848 3457 ea

270 3487 541 3553 condidit,
583 3507 602 3539 ι
639 3489 801 3542 datur
833 3488 1058 3558 intelligi
1095 3504 1239 3544 anno
1285 3490 1389 3544 529
1437 3492 1743 3547 excessisse
1783 3508 1851 3547 ex

269 3578 533 3650 Egypto,
570 3579 816 3650 adeoque
847 3594 956 3634 non
985 3581 1139 3635 valde
1172 3581 1391 3652 longum
1417 3582 1589 3639 fuisse
1612 3592 1848 3653 tempus,

268 3688 385 3742 quo
414 3671 489 3725 ibi
522 3672 664 3727 inter
692 3674 990 3729 monachos
1013 3674 1213 3731 vixisse
1238 3677 1480 3746 potuerit
1512 3697 1525 3732 :
1555 3686 1608 3732 et
1639 3677 1853 3732 denun-

269 3765 558 3820 tiationem
587 3765 733 3819 illam
767 3764 1178 3831 Cnosticorum,
1206 3768 1475 3838 episcopis
1506 3769 1852 3825 Alexandria:

266 3858 616 3928 congregatis
641 3856 865 3923 factam,
892 3867 1016 3928 apte
1045 3858 1236 3914 referri
1259 3874 1423 3928 posse
1444 3860 1500 3914 in
1521 3859 1846 3917 Januarium

267 3950 405 4004 anni
444 3948 570 4015 526,
611 3952 831 4019 quando
875 3962 1092 4005 mortuo
1131 3950 1187 4007 S.
1224 3951 1537 4007 Alexandro
1565 3955 1845 4025 episcopo,

265 4039 339 4094 ad
405 4054 782 4094 successorem
850 4038 909 4093 S.
970 4040 1332 4095 Athanasium
1399 4041 1844 4098 substituendum

265 4138 645 4186 convenerunt
669 4130 932 4200 episcopi.
971 4128 1081 4186 Nec
1123 4131 1270 4186 enim
1312 4131 1530 4186 videtur
1554 4136 1847 4190 convenire

268 4231 331 4277 ut
350 4221 573 4275 biennio
595 4222 756 4276 citius
781 4221 833 4276 id
873 4219 1070 4280 fecisse
1108 4212 1342 4288 dicatur,
1378 4233 1508 4291 puta
1544 4239 1690 4280 anno
1715 4225 1842 4292 324,

264 4315 495 4384 quando
527 4314 852 4383 praesidente
879 4313 1048 4369 Hosio
1081 4315 1419 4370 Cordubensi
1448 4316 1722 4374 celebrata
1758 4331 1844 4377 est

263 4407 514 4478 synodus
557 4406 951 4467 Alexandrina,
994 4416 1123 4462 tunc
1178 4409 1323 4463 enim
1385 4424 1654 4465 annorum
1705 4412 1846 4468 dun-

265 4507 422 4552 taxat
451 4498 682 4552 scdccim
712 4497 1029 4552 adolescens
1065 4488 1276 4553 fuisset.

351 4590 435 4642 ll.
467 4586 533 4642 Ut
565 4597 624 4641 ut
651 4587 742 4652 sit,
774 4587 954 4642 statim
997 4595 1120 4656 post
1168 4588 1315 4642 illam
1352 4588 1845 4660 denuntiationem,

266 4680 499 4739 dimissa
528 4679 875 4742 Alexandria,
902 4694 1147 4734 ercmum
1179 4681 1404 4749 petitam
1437 4682 1506 4737 ab
1540 4681 1847 4753 Epiphanio

266 4772 461 4827 nullus
509 4771 700 4826 dubito
747 4789 761 4824 :
805 4786 929 4825 cum
976 4780 1156 4826 autem
1204 4771 1252 4826 is
1302 4772 1462 4826 rediit
1514 4774 1569 4829 in
1627 4773 1843 4845 Syriam

257 4864 518 4933 junxisse
550 4877 608 4917 se
631 4861 804 4929 potuit
830 4859 888 4915 S.
916 4860 1205 4928 Hilarioni,
1231 4862 1299 4917 de
1326 4878 1438 4931 quo
1460 4864 1606 4920 circa
1638 4880 1843 4920 annum

262 4956 393 5020 511,
426 4955 557 5008 illuc
590 4954 843 5008 similiter
867 4953 935 5007 ab
970 4951 1223 5024 Egyptia
1263 4954 1366 5009 sub
1402 4954 1643 5010 Antonio
1683 4972 1841 5011 exer-

262 5045 531 5101 citatione
556 5059 797 5109 reverso,
825 5044 1014 5099 scribit
1052 5043 1420 5115 Hieronymus
1459 5047 1511 5099 in
1541 5045 1663 5116 ejus
1704 5047 1841 5114 Vita,

261 5137 414 5206 quod
470 5145 594 5206 post
640 5136 714 5189 ‘22
760 5136 1074 5190 solitudinis
1114 5152 1370 5204 annum”
1400 5138 1451 5191 id
1502 5146 1587 5192 est
1636 5153 1842 5194 annum

262 5229 468 5284 Christi
500 5228 626 5294 525,
666 5247 686 5279 ‹
713 5228 781 5283 de
808 5226 964 5299 Syria
989 5237 1042 5282 et
1068 5226 1304 5299 Egypto
1334 5228 1400 5283 ad
1436 5244 1561 5283 eum
1594 5232 1841 5287 certatim

262 5321 450 5391 populi
480 5321 851 5388 conﬂuebant,
886 5321 962 5375 ita
998 5329 1058 5374 ut
1098 5322 1254 5375 multi
1296 5322 1348 5375 in
1395 5322 1677 5377 Christum
1724 5339 1843 5379 crc-

262 5414 478 5477 dcreut,
513 5422 567 5468 et
596 5428 657 5469 se
682 5413 983 5468 monachos
1010 5412 1417 5481 proﬁterentur.
1461 5433 1478 5465 ι
1512 5412 1718 5469 Horum
1750 5431 1843 5471 au-

264 5515 375 5559 tem
409 5505 680 5560 crescenti
719 5520 951 5560 numero
995 5504 1175 5573 potuit
1220 5520 1280 5559 se
1317 5504 1566 5573 junxisse
1611 5506 1843 5576 Epipha-

264 5595 430 5663 nius;
464 5597 639 5665 potuit
663 5597 852 5662 etiam,
887 5611 1012 5650 mox
1043 5604 1102 5651 ut
1125 5596 1284 5650 rediit
1312 5597 1366 5650 iu
1390 5597 1621 5666 patriam
1658 5598 1838 5652 vicum

266 5688 543 5757 recepisse
576 5702 657 5750 se,
699 5688 932 5742 similem
979 5697 1205 5744 acturus
1245 5688 1436 5750 vitam,
1470 5696 1527 5741 et
1562 5687 1841 5743 nihilomi-

269 5793 372 5837 nus
404 5778 671 5855 lli‘larioui
711 5778 1430 5853 frequenticonversatione
1459 5778 1628 5835 fuisse
1675 5778 1837 5835 fami-

1957 1952 2062 2007 que
2084 1935 2335 2002 Paulino,
2365 1935 2692 1990 Arianorum
2734 1947 2901 2007 atque
2925 1938 3387 1993 Eunomianornm
3416 1940 3531 1993 ba:-

1957 2033 2094 2087 rcsis
2125 2031 2456 2100 possidebat,
2487 2032 2708 2101 quando
2745 2030 2987 2086 Joannes
3022 2051 3040 2083 ι
3078 2032 3257 2086 adhuc
3288 2032 3533 2101 privatus

1956 2126 2166 2192 (contra
2195 2139 2354 2191 quem
2394 2133 2575 2193 postea
2618 2122 3173 2194 Hierosolymitanum
3209 2125 3527 2194 episcopum

1954 2215 2152 2285 scripta
2188 2214 2453 2284 Epistula)
2486 2216 2539 2269 in
2582 2218 2685 2270 title
2723 2215 3087 2270 dissimulans
3121 2216 3200 2270 vel
3246 2216 3526 2275 vacillans.

1960 2325 1978 2357 ι
2015 2304 2459 2361 Occidentalibus
2488 2314 2538 2360 et
2575 2306 2630 2359 in
2665 2306 2846 2359 medio
2878 2306 3073 2360 exsilio
3112 2306 3523 2362 confessoribus

1956 2394 2056 2451 SS.
2110 2394 2371 2466 Dionysio
2415 2394 2845 2459 Mediolancnsi,
2893 2395 3131 2449 Eusebio
3180 2393 3526 2461 Vrrcellensi,

1951 2497 2005 2543 et
2040 2487 2292 2542 Lucifero
2339 2486 2672 2551 Calaritano,
2719 2502 2827 2540 non
2878 2488 3352 2550 communicabat;
3400 2488 3529 2557 Epi-

1951 2578 2189 2648 phanius
2230 2577 2313 2631 vel
2351 2578 2632 2647 presbyter
2678 2576 2734 2629 in
2777 2578 3108 2631 monasterio
3148 2577 3218 2631 ab
3259 2576 3531 2648 Eutychio

1951 2670 2274 2725 audiebatur
2341 2668 2545 2740 (magni
2613 2668 2799 2737 utique
2853 2668 3093 2723 nominis
3139 2669 3345 2738 aliqua,
3400 2684 3528 2724 cum

1951 2760 2178 2828 epistola
2212 2761 2315 2813 sub
2357 2775 2559 2813 annum
2604 2758 2706 2814 ’596
2750 2760 3102 2822 scriberetur,
3147 2760 3402 2828 episCOpo
3436 2769 3529 2814 aut

1952 2850 2164 2909 abbate.
2202 2851 2435 2904 necdum
2484 2859 2666 2903 tamen
2706 2850 2924 2903 aliunde
2984 2851 3136 2917 noto)
3204 2850 3286 2903 vel
3341 2859 3528 2918 postea

1950 2942 2238 3010 cpiscopus
2265 2939 2452 3012 Cypri,
2487 2957 2517 2995 a
2548 2939 2775 2995 Valente
2809 2956 2917 2993 non
2960 2945 3325 3010 tangebatur:
3361 2950 3530 2997 tanta:

1950 3033 2095 3087 enim
2134 3033 2503 3087 venerationis
2543 3049 2758 3102 semper
2798 3033 2922 3095 fuit,
2958 3042 3016 3086 ut
3059 3044 3346 3102 regnantes
3408 3036 3522 3088 lue-

1955 3123 2107 3178 retiei
2151 3123 2504 3193 igno‘niniatn
2551 3139 2708 3178 suam
2753 3130 3008 3191 putarent
3056 3122 3102 3178 si
3146 3123 3304 3177 talem
3353 3123 3525 3178 virum

1953 3225 2432 3285 persequerentur.
2511 3235 2530 3267 ι
2600 3214 2832 3270 Exsules
2904 3224 3086 3268 atttcm
3155 3214 3405 3270 vixerunt
3471 3217 3525 3270 in

1951 3304 2171 3365 Oriente
2217 3305 2566 3360 confessores
2612 3305 2855 3375 prtcdicti
2894 3305 2963 3359 ab
2990 3321 3133 3360 anno
3163 3306 3266 3359 555
3297 3306 3363 3359 ad
3399 3306 3526 3370 562,

1951 3408 2003 3452 et
2026 3395 2226 3450 Valens
2257 3396 2594 3449 orthodoxos
2634 3405 2719 3450 est
2761 3405 3080 3465 persecutus
3117 3397 3185 3450 ab
3231 3412 3377 3451 anno
3420 3395 3528 3451 566

1951 3489 2017 3542 ad
2056 3488 2183 3542 575.
2227 3486 2380 3542 Unde
2432 3487 2661 3557 intelligi
2708 3487 2892 3549 datur,
2943 3504 3049 3542 non
3101 3496 3311 3541 tantum
3360 3504 3526 3557 qnam

1952 3580 2162 3650 integra
2196 3588 2314 3635 toto
2346 3580 2441 3635 illo
2489 3588 2732 3649 tempore
2768 3578 2932 3634 fuerit
2968 3578 3254 3649 Epiphanii
3293 3578 3435 3634 fama
3473 3588 3526 3633 et

1949 3670 2259 3736 veneratio;
2284 3670 2378 3725 sed
2407 3670 2572 3722 etiam
2600 3669 2743 3737 quod
2778 3668 2888 3738 jam
2938 3669 3064 3722 inde
3108 3669 3176 3722 ab
3207 3668 3361 3722 initio
3399 3684 3524 3738 per—

1949 3763 2269 3828 secutionis,
2306 3778 2337 3817 a
2364 3762 2691 3817 Constantio
2721 3762 3017 3827 suscitatze,
3043 3761 3325 3832 presbyter
3361 3760 3526 3817 fuerit

1949 3863 2320 3909 COHSCCNIIUS.

2018 3966 2106 4021 12.
2139 3964 2312 4022 Porro
2337 3967 2404 4021 de
2438 3975 2627 4021 mutua
2666 3968 2808 4021 inter
2840 3975 3063 4022 sanctos
3107 3963 3439 4019 llilarionem
3468 3971 3524 4018 et

1949 4058 2306 4129 Epiphaniam
2335 4056 2707 4111 familiaritate
2742 4057 2974 4111 habetur
3025 4055 3257 4125 insignis
3282 4055 3439 4111 locus
3466 4056 3519 4109 in

1946 4150 2140 4206 libellis
2171 4150 2242 4204 De
2285 4149 2404 4204 Vita
2436 4159 2484 4203 et
2516 4149 2760 4202 doctrina
2791 4158 2841 4201 et
2872 4147 3191 4217 perfectione
3214 4154 3520 4200 sanctorum

1947 4241 2195 4308 Patrum,
2222 4257 2361 4312 quos
2418 4250 2557 4296 teste
2615 4240 2901 4311 Sigeberto
2949 4238 3202 4309 Pelagius
3253 4239 3523 4293 diaconus

1945 4332 2207 4388 Romana:
2245 4331 2501 4387 Ecclesia:
2522 4332 2802 4386 transtulit
2827 4332 2893 4385 de
2922 4330 3110 4386 Graeco
3138 4331 3190 4383 in
3239 4329 3516 4396 Latinum,

1945 4424 2148 4492 quique
2196 4422 2248 4476 in
2295 4421 2425 4475 Vitis
2469 4420 2694 4474 Patrum
2739 4420 2899 4475 editis
2941 4436 2970 4473 a
3011 4428 3203 4474 nostro
3239 4417 3523 4473 llcriherto

1874 4514 1919 4570 D
1949 4511 2239 4569 Roswcido
2273 4513 2366 4566 lib.
2408 4529 2438 4563 v
2493 4512 2836 4567 constituunt
2873 4530 2888 4564 :
2921 4512 2995 4564 ibi
3047 4511 3192 4565 enim
3227 4511 3412 4565 libello
3456 4525 3517 4565 ιιι

1950 4617 2100 4655 num.
2131 4600 2197 4655 -15
2223 4600 2302 4654 sic
2345 4600 2582 4670 legitur:
2618 4619 2635 4651 ‹
2675 4600 2816 4653 Misit
2854 4601 3148 4669 aliquando
3185 4598 3522 4670 Epiphanius

1947 4692 2235 4762 cpiscopus
2256 4690 2488 4762 Cyprius
2525 4693 2590 4745 ad
2636 4692 2888 4746 abbatem
2924 4691 3275 4758 llilarionem,
3320 4708 3521 4757 rogans
3572 4760 3577 4767 ι

1945 4798 2070 4837 eum
2115 4790 2171 4837 et
2216 4782 2425 4845 dicens,
2462 4780 2595 4836 Veni
2645 4791 2703 4836 ut
2739 4798 2840 4836 nos
2884 4783 3187 4847 videamus,
3225 4790 3516 4851 antequam

1945 4871 2014 4926 de
2042 4885 2270 4939 corpore
2305 4885 2589 4926 exeamus.
2633 4869 2736 4936 Qui
2786 4886 2911 4925 eum
2954 4870 3229 4924 venissent
3264 4870 3330 4923 ad
3379 4869 3517 4922 invi-

1944 4976 2085 5023 cem,
2144 4960 2601 5016 manducantibus
2660 4961 2740 5016 eis
2787 4962 3006 5016 allatum
3058 4967 3143 5013 est
3197 4959 3265 5013 de
3323 4959 3516 5015 avibus

1944 5050 2226 5121 quiddam,
2253 5050 2400 5119 quod
2432 5059 2625 5105 tenens
2669 5049 2959 5119 cpiscOpus
2983 5048 3131 5101 dedit
3155 5048 3337 5104 abbati
3370 5048 3517 5103 Hila-

1944 5142 2108 5195 rioni.
2139 5139 2205 5196 Et
2236 5141 2368 5196 dicit
2396 5141 2470 5195 illi
2498 5150 2660 5196 senex
2700 5157 2712 5192 :
2749 5139 2971 5209 Ignosce
3002 5139 3156 5205 mihi,
3182 5138 3363 5204 Pater,
3387 5142 3517 5211 quia

1945 5249 2013 5289 ex
2043 5249 2152 5301 quo
2181 5233 2364 5302 accepi
2396 5233 2643 5286 habitum
2676 5233 2840 5285 istum
2868 5245 2972 5284 non
3004 5232 3331 5287 manducavi
3357 5232 3517 5301 quid-

1943 5340 2108 5395 quam
2144 5325 2408 5380 occisum.
2441 5323 2508 5376 Et
2531 5323 2670 5377 dixit
2691 5324 2738 5377 ei
2768 5322 3138 5392 Epiphanius:
3168 5322 3281 5393 Ego
3309 5334 3514 5387 autem,

1942 5432 2010 5470 ex
2036 5430 2146 5487 quo
2186 5415 2369 5483 accepi
2414 5414 2662 5468 habitum
2698 5414 2885 5474 istum,
2920 5430 3027 5467 non
3062 5414 3243 5469 dimisi
3276 5414 3509 5483 aliquem

1942 5506 2202 5570 dormire,
2234 5505 2325 5574 qni
2359 5503 2590 5558 habebat
2629 5503 2833 5572 aliquid
2866 5504 3154 5558 adversum
3191 5519 3310 5569 me;
3341 5519 3516 5575 neque

1943 5614 2045 5666 ego
2073 5598 2306 5653 dormivi
2339 5597 2545 5650 habens
2593 5596 2800 5664 aliquid
2849 5597 3112 5650 adversus
3154 5595 3412 5665 aliquem.
3449 5594 3515 5651 Et

1943 5689 2080 5743 dicit
2100 5689 2149 5742 ei
2189 5703 2379 5752 senex,
2412 5686 2636 5758 Ignosce
2667 5687 2819 5751 mihi,
2859 5688 2987 5756 quia
3030 5696 3120 5741 tua
3168 5689 3512 5743 conversatio

1946 5779 2120 5850 major
2147 5788 2229 5835 cst
2263 5795 2403 5834 mea.
2451 5799 2468 5830 ι
2512 5780 2688 5851 Atque
2726 5778 2791 5834 ad
2824 5781 2966 5834 hanc
2995 5778 3254 5847 mitigatte
3283 5779 3352 5833 ab
3382 5776 3512 5846 Epi-
