3842 6102
330 303 433 355 1‘25

1361 305 1420 360 S.
1478 301 1822 358 EPIPHANI
1853 299 2033 356 ACTA
2075 297 2579 355 BOLLANDIANA.

3433 273 3438 277 ’
3505 305 3611 362 res

329 417 532 484 phanio
579 417 917 470 austeritatis
971 417 1379 471 excusationem
1426 419 1591 472 etiam
1658 423 1907 484 Spectat,
1942 415 1983 471 Α
2014 413 2464 484 sitEpipbanius,
2495 414 2573 469 sic
2605 423 2656 468 et
2678 415 2745 469 de
2774 428 2876 469 suo
2907 413 3328 472 Bethlehemico
3369 425 3606 476 testatur

323 508 468 576 quod
495 508 545 560 in
583 524 684 560 ms.
734 506 1106 576 Ultrajectiuo,
1143 526 1206 562 ex
1258 509 1391 562 Vitis
1437 509 1682 571 Patrum,
1727 507 1909 561 nescio

324 596 467 650 unde
516 609 815 665 sumptum,
861 601 1033 667 reperi
1087 599 1167 653 sic
1227 610 1598 653 annotatum:
1647 617 1663 650 ι
1707 599 1906 653 Factus

319 689 610 758 episcopus
636 691 804 743 voluit
843 692 919 744 uti
951 692 1140 744 eadem
1175 692 1402 756 duritia,
1444 692 1583 746 sicut
1610 693 1661 744 in
1697 705 1905 754 eremo,

319 781 412 834 sed
444 795 552 833 non
587 783 763 849 potuit
793 792 884 837 :et
909 799 1074 837 orans
1109 785 1362 852 quaesivit
1384 799 1413 836 a
1445 783 1574 846 Deo,
1607 785 1651 837 si
1687 789 1906 851 propter

317 873 692 940 episcopatum
737 876 1050 928 recessisset
1091 876 1159 929 ab
1191 893 1256 930 eo
1297 877 1471 946 gratia
1509 874 1624 929 Dei.
1661 873 1906 943 Respon-

319 977 440 1015 sum
475 974 559 1018 est
590 974 771 1018 autem
822 966 871 1018 ei
919 968 1065 1035 quod
1106 983 1238 1032 non,
1287 968 1415 1037 quia
1465 969 1551 1036 pia
1603 967 1903 1020 intentione

319 1069 505 1108 curam
565 1058 843 1126 suscepit;
886 1060 979 1114 sed
1022 1061 1151 1129 quia
1193 1069 1322 1115 tunc
1359 1061 1578 1130 quando
1617 1061 1670 1114 in
1706 1061 1901 1115 solito-

318 1147 444 1200 dine
472 1147 594 1212 fuit,
630 1148 770 1205 Deus
821 1161 938 1205 erat
977 1153 1081 1207 sibi
1130 1154 1381 1222 proprius
1425 1155 1664 1222 adjutor,
1707 1153 1760 1207 in
1799 1169 1900 1208 sae-

315 1239 440 1292 culo
462 1249 643 1294 autem
680 1242 848 1296 etiam
895 1242 1147 1298 homines
1200 1245 1626 1300 auxiliabautur.
1678 1246 1771 1300 Sic
1805 1245 1898 1300 lilii

315 1330 479 1384 Israel
524 1343 849 1401 receperunt
881 1351 1079 1389 manna
1123 1335 1175 1389 in
1223 1336 1459 1404 deserto,
1496 1353 1781 1407 quousque
1809 1353 1899 1392 ve-

315 1421 496 1476 nirent
525 1423 577 1476 in
612 1432 812 1477 terram
851 1426 1252 1493 promissionis.
1305 1447 1322 1478 ι

385 1513 472 1566 15.
511 1513 721 1569 Colitur
757 1514 814 1570 S.
858 1515 1102 1570 lltlarion
1143 1519 1207 1572 21
1244 1517 1496 1574 Octobris
1531 1535 1545 1572 :
1584 1528 1796 1574 utvero
1822 1522 1889 1576 ad

311 1619 436 1658 eum
481 1604 776 1661 identidem
838 1609 1157 1662 recurrebat
1203 1609 1507 1678 discipulus
1547 1625 1681 1664 suus
1723 1609 1895 1681 Hesy-

313 1697 492 1758 chius,
525 1713 762 1768 eumque
793 1699 859 1753 de
895 1709 1040 1754 statu
1073 1710 1186 1754 tum
1227 1702 1548 1755 monasterii
1572 1703 1657 1756 sui
1703 1703 1756 1756 in
1793 1702 1894 1758 Pa-

312 1788 523 1841 Ia-stina
557 1798 670 1843 tum
709 1791 1103 1859 discipulorum
1145 1792 1344 1846 ibidem
1381 1794 1692 1847 relictorum
1730 1810 1890 1849 cura-

310 1877 404 1931 bat
468 1880 698 1934 edocere
749 1897 761 1932 :
812 1882 884 1935 ita
942 1898 1040 1938 nec
1096 1899 1289 1953 segnes
1355 1885 1576 1940 fuerunt
1635 1886 1889 1957 discipuli

310 1966 598 2037 Epiphanii
658 1971 710 2024 in
757 1972 986 2027 fovenda
1047 1986 1236 2029 mutua
1283 1992 1409 2031 cum
1475 1993 1576 2032 suo
1629 1981 1892 2050 magistro

307 2063 822 2126 communicatione,
851 2080 972 2118 cum
1014 2066 1102 2120 hic
1136 2067 1370 2122 abesset.
1399 2067 1586 2138 Itaque
1623 2071 1675 2124 in
1711 2071 1890 2125 libello

307 2165 382 2203 xu
414 2151 542 2206 dieti
576 2152 769 2222 Oper-is
802 2171 855 2206 ιι.
893 2155 926 2208 6
952 2157 1056 2210 tale
1101 2159 1231 2226 quid
1265 2160 1576 2215 invenitur:
1612 2181 1629 2212 ι
1667 2160 1884 2218 Manda-

307 2251 419 2295 tum
451 2254 530 2298 est
565 2255 767 2300 sancta:
799 2247 1078 2302 memoria:
1127 2248 1435 2320 Epiphanio
1482 2253 1742 2322 episcopo
1779 2253 1889 2325 Cy-

304 2335 446 2401 prio,
502 2336 572 2390 ab
631 2337 826 2392 abbate
879 2342 1198 2394 monasterii
1249 2342 1335 2396 sui
1391 2343 1538 2410 quod
1595 2345 1784 2398 habuit
1832 2345 1886 2397 in

305 2425 591 2482 Palaestina
629 2445 640 2480 :
685 2427 823 2494 Quia
852 2431 1198 2486 orationibus
1234 2433 1341 2486 tuis
1385 2449 1495 2486 non
1546 2434 1887 2503 negleximus

303 2517 570 2586 regulam,
613 2518 707 2572 sed
759 2535 881 2571 cum
923 2521 1294 2576 sollicitudine
1331 2521 1598 2587 Tertiam,
1639 2521 1885 2590 Sextam,

305 2604 538 2667 Nonam,
584 2616 745 2674 atque
793 2605 1082 2676 Vcsperam
1127 2611 1489 2666 ci-lebramus.
1523 2612 1631 2668 'llle
1680 2624 1885 2680 autem,

306 2696 709 2764 reprehendens
743 2713 892 2762 eunt,
930 2699 1210 2754 mandavit
1237 2702 1286 2754 ei
1325 2721 1338 2756 :
1377 2702 1608 2760 Constat
1652 2721 1749 2761 vos
1791 2721 1889 2760 va-

301 2802 429 2841 care
458 2785 526 2841 ab
573 2788 821 2842 oratione
867 2791 1081 2845 cmteris
1144 2792 1326 2857 horis;
1373 2809 1499 2848 eum
1557 2806 1737 2850 autem
1793 2800 1886 2867 qui

303 2893 461 2933 verus
515 2889 600 2933 est
650 2880 974 2943 monachus,
1035 2890 1253 2951 Oportet
1301 2883 1420 2937 sine
1480 2884 1888 2942 intermissione

304 2985 463 3022 orare
511 2978 604 3022 aut
649 2980 796 3023 certe
843 2971 1074 3038 psallere
1123 2972 1175 3025 iu
1223 2975 1388 3027 corde
1441 2990 1563 3030 suo.
1607 2995 1624 3026 ι
1681 2975 1887 3032 Revisit

301 3061 445 3115 haud
505 3062 668 3116 dubie
736 3065 1133 3119 monasterium
1194 3066 1324 3120 illud
1381 3084 1539 3122 suum
1593 3070 1885 3138 aliquando

302 3153 661 3222 Epiphanius,
726 3155 946 3224 quando
987 3157 1485 3212 ecelesiasticorum
1540 3161 1880 3231 negotiorum

299 3262 466 3300 causa
503 3247 554 3299 in
604 3246 949 3301 Pal:e.~tinam
987 3251 1228 3305 excurrit
1263 3269 1274 3303 :
1309 3252 1401 3306 sed
1441 3252 1560 3322 ejus
1611 3255 1687 3308 rei
1738 3254 1882 3307 nulla

301 3349 386 3392 est
410 3339 552 3409 apud
609 3341 863 3410 probatos
921 3343 1217 3412 scriptores
1273 3346 1558 3399 memoria.
1609 3346 1880 3411 Quantam

300 3441 481 3485 autem
521 3440 632 3485 tum
662 3433 731 3486 ita
765 3449 1088 3498 excurrens,
1127 3447 1240 3489 tum
1289 3445 1448 3490 antea
1495 3438 1547 3490 iu
1594 3438 1880 3494 Palaestina

301 3523 508 3587 vivens,
543 3524 824 3594 (-ollcgevit
850 3526 1116 3581 absolutae
1147 3529 1505 3598 perfectionis
1537 3527 1760 3594 famam,
1793 3533 1880 3586 in-

300 3617 465 3682 telligi
501 3628 678 3686 potest
709 3633 772 3670 ex
800 3618 1029 3685 epistola
1062 3619 1245 3672 Acacii
1272 3629 1325 3673 et
1354 3620 1504 3673 Pauli
1539 3622 1880 3692 presbytero-

299 3722 420 3758 rum
454 3718 506 3759 et
539 3706 1100 3760 archimandritarum
1139 3707 1191 3760 in
1224 3708 1546 3774 leesyria,
1582 3727 1706 3780 quae
1743 3729 1882 3782 prte-

299 3795 482 3864 ﬁgitur
509 3795 744 3850 I’auario
767 3808 819 3852 et
852 3800 931 3853 sic
955 3799 1145 3868 incipit
1171 3815 1183 3850 :
1213 3819 1229 3850 ι
1259 3800 1478 3856 Pietatis
1503 3803 1720 3872 quidem
1755 3815 1879 3871 tute,

300 3887 480 3954 Pater,
532 3899 785 3958 aSpectus
829 3890 943 3960 ipse
999 3893 1134 3947 satis
1177 3909 1300 3947 esse
1345 3903 1576 3962 poterat,
1625 3897 1718 3965 qui
1782 3914 1881 3953 nos

301 3981 678 4048 spiritualibus
734 3986 1082 4039 sermonibus
1133 3987 1395 4054 implevit,
1452 4004 1515 4042 ac
1560 3997 1668 4043 tam
1715 3990 1881 4044 vehe-

300 4088 454 4126 mens
504 4074 582 4128 tui
620 4075 775 4129 nobis
808 4077 1143 4130 desiderium
1187 4079 1406 4144 indidit,
1457 4091 1746 4151 postquam
1789 4093 1880 4138 tuo

297 4165 467 4219 semel
502 4164 606 4219 frui
640 4177 930 4235 conspectu
963 4169 1138 4223 licuit.
1183 4170 1384 4224 Verum
1434 4175 1692 4241 quoniam
1744 4191 1883 4245 pra:-

298 4257 382 4309 via
419 4256 671 4325 discipuli
696 4255 898 4311 Christi
926 4259 1070 4313 fama
1109 4261 1404 4316 verborum
1433 4263 1552 4332 ejus
1586 4266 1883 4320 factorum-

298 4364 404 4415 que
425 4347 779 4416 fragrantiam
811 4350 1014 4418 ubique
1044 4352 1324 4419 pnedicat,
1350 4355 1498 4422 angit
1527 4371 1626 4409 nos
1656 4367 1707 4410 et
1727 4357 1878 4411 solli-

2019 506 2404 577 Hieronymus,
2463 507 2592 561 illuc
2633 521 2758 560 eum
2808 508 3128 574 accessisse,
3165 527 3184 560 ι
3221 524 3346 564 cum
3381 529 3400 562 ι
3433 511 3509 566 ibi
3537 512 3606 566 ab

2013 599 2207 653 ardore
2238 598 2402 655 febris
2438 616 2456 648 ι
2501 599 2828 666 respirasset
2862 617 2881 650 ι
2924 597 2981 653 S.
3011 599 3200 664 Paula,
3244 619 3263 652 ι
3319 612 3376 655 et
3402 602 3606 658 nredici

2011 690 2409 760 persuaderent
2461 693 2532 744 ob
2584 688 2938 744 refectionem
2989 691 3238 760 corporis
3288 691 3418 746 vino
3461 707 3605 762 opus

2010 797 2133 836 esse
2157 782 2306 835 tenui
2332 792 2384 836 et
2419 796 2605 850 parco,
2641 797 2708 834 ne
2744 797 2943 850 aquam
2981 782 3176 840 bibens
3206 784 3259 838 in
3304 785 3604 856 hydropem

2009 881 2347 938 verteretur;
2374 883 2429 926 et
2456 887 2558 942 ego
2588 871 2728 924 clam
2757 872 2973 927 beatum
3002 889 3198 943 papam
3229 875 3600 946 Epiphaniam
3691 866 3705 892 ί

2008 980 2288 1034 rogarem,
2325 975 2384 1020 ut
2417 980 2538 1019 eam
2573 973 2842 1031 moneret,
2876 965 2988 1020 imo
3018 967 3373 1034 compelleret
3404 967 3597 1022 vinum
3673 965 3689 1008 '-

2010 1057 2214 1111 bibere.
2259 1077 2278 1108 ›
2323 1058 2526 1112 Aderat
2576 1072 2707 1126 ergo
2759 1057 2834 1112 ibi
2878 1067 2994 1112 tum
3043 1057 3383 1128 Epiphanius
3425 1077 3439 1113 :
3489 1075 3602 1128 quo

2007 1158 2188 1203 autem
2238 1165 2495 1205 successu
2544 1150 2988 1205 commendatum
3039 1151 3140 1204 sibi
3182 1150 3415 1206 olllcium
3453 1152 3601 1220 apud
3693 1138 3707 1148 ³

2006 1238 2230 1293 Paulam
2253 1241 2446 1310 egerit,
2472 1241 2825 1310 prosequitur
2861 1241 3002 1296 idem
3045 1241 3433 1312 llieronyums,
3465 1258 3601 1297 cou-

2004 1331 2227 1384 tinuans
2247 1330 2532 1399 epistolam
2556 1329 2625 1381 27
2651 1331 2720 1383 ad
2750 1330 2926 1398 ﬁliam
2964 1329 3149 1385 Paula:
3199 1329 3548 1385 Eustochium
3577 1348 3597 1385 :

2007 1442 2026 1474 ι
2060 1423 2175 1486 llla,
2209 1423 2404 1490 inquit,
2445 1431 2505 1475 ut
2533 1431 2651 1476 erat
2698 1423 2938 1491 prudens
2993 1431 3047 1476 et
3091 1423 3309 1478 solertis
3366 1424 3593 1494 ingenii,

1999 1515 2169 1569 sensit
2200 1513 2448 1576 insidias,
2481 1521 2535 1567 et
2566 1514 2882 1577 subridens,
2921 1529 3100 1568 meum
3146 1529 3269 1570 esse
3316 1515 3462 1584 quod
3502 1515 3597 1573 ille

1999 1605 2224 1669 diceret,
2255 1605 2550 1660 intimavit.
2577 1606 2719 1672 Quid
2760 1607 2956 1674 plura?
2999 1623 3122 1662 cum
3167 1609 3360 1664 beatus
3409 1611 3594 1678 ponti-

2000 1698 2087 1752 fex
2124 1707 2248 1767 post
2284 1697 2454 1751 multa
2485 1698 2833 1753 hortamenta
2865 1700 3068 1754 exisset
3122 1698 3290 1764 foras,
3322 1703 3590 1770 quaerenti

1998 1789 2128 1842 mihi
2167 1786 2293 1857 quid
2327 1787 2552 1857 egisset,
2607 1789 2892 1858 respondit
2927 1808 2938 1843 :
2972 1788 3206 1863 Tantum
3255 1791 3482 1861 profeci.
3532 1802 3594 1847 ut

1997 1878 2113 1932 seni
2152 1877 2360 1931 homini
2391 1893 2530 1948 pene
2569 1879 2926 1943 persuaserit,
2969 1896 3036 1934 ne
3087 1881 3274 1935 vinum
3320 1883 3522 1937 bibam.
3564 1903 3586 1935 ι

1996 1969 2197 2022 Eadem
2229 1968 2283 2021 in
2331 1969 2559 2037 epistola
2596 1970 2792 2024 iterum
2838 1971 3128 2042 Epiphanii
3163 1973 3411 2026 meminit
3453 1972 3580 2028 Hie-

1997 2071 2287 2128 ronymus,
2317 2073 2415 2112 nec
2444 2059 2569 2114 sine
2593 2061 3380 2118 commendationemonastici
3410 2073 3589 2118 status

2000 2147 2068 2202 ab
2094 2163 2160 2202 eo
2190 2147 2458 2220 in‘Cypro
2483 2151 2787 2221 propagati.
2817 2151 2952 2206 Cum
2985 2153 3130 2206 enim
3155 2154 3405 2220 dixisset,
3435 2157 3589 2225 quod

1993 2249 2180 2294 sancta
2227 2241 2315 2294 illa
2372 2241 2530 2295 vidua
2580 2241 3010 2314 Hierosolymam
3056 2245 3343 2315 navigans,
3389 2265 3408 2298 ι
3461 2259 3586 2316 post

1995 2330 2242 2386 llhodutn
2301 2341 2356 2386 et
2406 2331 2626 2402 Lyciam
2691 2334 2904 2388 tandem
2967 2335 3101 2391 vidit
3155 2337 3435 2408 Cyprum,
3492 2338 3585 2393 ubi

1994 2425 2168 2478 sancti
2194 2434 2248 2478 et
2277 2425 2606 2480 venerabilis
2651 2426 2939 2496 Epiphanii
2994 2429 3222 2495 pedibus
3262 2430 3574 2498 provoluta,

1993 2512 2178 2567 decem
2221 2512 2289 2567 ab
2315 2529 2380 2569 eo
2408 2514 2602 2569 diebus
2651 2525 2860 2570 retenta
2901 2527 3014 2584 est;
3059 2535 3165 2572 nun
3215 2519 3268 2572 in
3321 2518 3579 2574 refectio-

1995 2621 2137 2669 nem,
2177 2614 2234 2659 ut
2286 2605 2376 2660 ille
2426 2607 2817 2673 arbitrabatur,
2856 2610 2949 2665 sed
3004 2612 3057 2664 in
3103 2626 3244 2680 opus
3281 2610 3372 2664 Dei
3410 2629 3424 2664 :
3469 2632 3489 2665 ι
3526 2624 3588 2668 ιιι

1997 2697 2100 2751 hoc
2131 2697 2310 2766 reipsa
2351 2700 2689 2768 comprobet,
2731 2719 2750 2751 ι
2789 2703 2995 2765 omnia,
3046 2704 3242 2773 inquit,
3291 2704 3436 2760 illius
3479 2706 3586 2761 loci

1993 2790 2322 2843 monasteria
2367 2791 2632 2857 lustrans,
2665 2803 2831 2862 prout
2878 2796 3074 2864 potuit,
3111 2796 3391 2866 refrigeria
3427 2813 3585 2852 sum-

1993 2887 2184 2946 ptuum
2211 2880 2475 2935 fratribus
2514 2883 2825 2954 dereliquit,
2858 2899 2998 2954 quos
3045 2900 3202 2939 amor
3258 2888 3432 2942 sancti
3481 2889 3583 2943 viri

1991 2970 2058 3025 de
2085 2980 2196 3025 toto
2228 2971 2354 3026 illuc
2386 2973 2521 3028 orbe
2559 2975 2919 3030 conduxerat.
2965 2996 2982 3028 ο
3030 2975 3160 3031 Erat
3191 2986 3373 3033 autem
3404 2996 3586 3036 annus

1991 3064 2098 3117 58.1
2125 3064 2344 3132 quando
2375 3065 2479 3119 hoc
2507 3065 2755 3136 contigit,
2781 3069 2860 3121 uti
2889 3067 2958 3122 26
2987 3068 3234 3123 Januarii
3281 3071 3348 3125 ad
3407 3069 3582 3126 Vitam

1986 3153 2047 3208 S.
2083 3153 2274 3208 Paula:
2309 3156 2549 3212 diximus
2608 3177 2620 3210 :
2664 3159 2808 3227 apud
2849 3175 3014 3228 quam
3051 3161 3192 3215 idem
3237 3161 3294 3216 S.
3342 3162 3581 3234 Epipha-

1985 3244 2111 3298 nius
2151 3243 2336 3299 Romte
2361 3255 2480 3299 erat
2514 3247 2820 3316 hOSpitatus
2846 3265 2992 3303 anno
3013 3250 3140 3316 382,
3175 3253 3398 3321 quando
3426 3270 3576 3322 eum,

1983 3349 2107 3388 cum
2157 3337 2360 3390 sanctis
2414 3334 2648 3391 Paulino
2703 3339 3045 3394 Antiocheno
3095 3351 3150 3396 et
3208 3342 3563 3417 Ilieronylno,

1991 3445 2008 3478 ι
2069 3425 2295 3481 Romam
2345 3430 2718 3484 ecclesiastica
2792 3435 2959 3486 traxit
3014 3436 3348 3499 neceSsitas,
3411 3456 3430 3488 ι
3497 3439 3574 3492 ιιιὶ

1985 3518 2149 3572 etiam
2186 3520 2380 3574 scribit
2416 3519 2780 3591 llieronymus
2813 3522 2866 3576 iu
2890 3524 3077 3578 eadem
3118 3524 3236 3579 Vua
3265 3527 3324 3581 S.
3355 3527 3573 3591 Paula-,-

1984 3609 2188 3666 addens
2226 3609 2374 3679 quod
2408 3611 2522 3664 haec
2553 3630 2572 3662 ι
2616 3627 2810 3666 eorum
2855 3630 3085 3670 accensa
3128 3617 3442 3684 virtutibus,
3484 3637 3576 3689 per

1987 3710 2262 3757 momenta
2309 3703 2538 3772 patriam
2571 3705 2824 3761 deserere
2855 3708 3161 3778 cogitabat;
3211 3725 3318 3765 non
3355 3713 3577 3775 domus.

1985 3809 2093 3848 non
2118 3795 2436 3861 liberorum,
2461 3810 2569 3849 non
2599 3795 2838 3862 familitn,
2865 3814 2974 3854 nun
3005 3802 3438 3870 possessionum,
3469 3820 3579 3860 non

1985 3887 2219 3957 alicujus
2250 3889 2328 3942 rei
2365 3903 2488 3957 qua:
2520 3889 2587 3943 ad
2633 3890 2895 3944 saeculum
2933 3893 3167 3961 pertinet
3204 3909 3448 3962 memor;
3481 3914 3576 3952 so-

1983 3979 2145 4049 laque
2175 3982 2220 4034 si
2249 3981 2354 4036 dici
2386 3989 2569 4051 potest
2594 3992 2650 4036 et
2680 3983 3021 4051 incomitata,
3059 3986 3126 4040 ad
3165 4001 3412 4043 eremum
3441 3989 3580 4045 Pau-

1984 4071 2162 4126 lorum
2211 4081 2375 4144 atque
2420 4075 2787 4130 Antoniorum
2833 4093 3057 4148 pergere
3101 4081 3369 4148 gestiebat
3405 4101 3419 4136 :
3454 4093 3580 4138 tau-

1984 4164 2216 4234 demque
2244 4177 2432 4220 exacta
2461 4166 2660 4232 hieme,
2703 4178 2891 4238 aperto
2923 4170 3082 4234 mari,
3119 4171 3478 4229 redeuntibus
3508 4177 3577 4229 ad

1984 4256 2246 4310 ecclesias
2280 4271 2410 4310 suas
2435 4258 2726 4326 episcOpis,
2755 4269 2810 4313 et
2837 4259 2954 4329 ipsa
2987 4273 3115 4316 voto
3139 4278 3263 4317 cum
3293 4265 3374 4319 eis
3395 4281 3463 4320 ac
3481 4267 3580 4320 de-

1985 4348 2188 4402 siderio
2221 4348 2515 4417 navigavit.
2550 4368 2569 4400 ι
2608 4348 2743 4404 Tam
2774 4351 2963 4406 eﬂicax
2993 4355 3136 4423 apud
3169 4371 3291 4411 eam
3335 4355 3440 4412 fuit
3471 4359 3578 4414 ho-

297 4442 452 4502 citat,
506 4449 565 4492 ut
605 4440 752 4492 illius
803 4456 902 4494 nos
947 4443 1296 4498 sermonibus
1343 4454 1396 4498 et
1445 4447 1621 4501 sensis
1660 4448 1876 4516 explere

1993 4439 2142 4508 spitis
2167 4440 2498 4494 sanctissimi
2515 4441 2598 4509 pia
2617 4445 2980 4499 conversatio.

297 4530 638 4586 studeamus.
679 4529 874 4582 Coram
911 4532 1076 4600 igitur
1109 4536 1398 4596 adeuntes,
1437 4553 1534 4604 par
1574 4547 1692 4591 erat
1731 4539 1874 4608 ejus,

299 4620 496 4690 quaain
529 4629 578 4674 te
623 4620 848 4690 perinde
899 4631 1062 4690 atque
1113 4632 1167 4675 tn
1215 4626 1481 4692 apostolis
1532 4638 1634 4689 est,
1690 4629 1880 4697 gratim

295 4711 683 4765 communione
730 4710 1006 4780 perfundi.
1064 4711 1168 4766 Sed
1210 4729 1334 4767 cum
1381 4716 1483 4770 iter
1538 4717 1667 4771 illud
1719 4721 1878 4775 nobis

295 4805 542 4872 corporis
594 4805 857 4874 aegritudo
884 4813 937 4858 et
973 4806 1205 4873 languor
1250 4805 1732 4864 intercluserit.....
1765 4812 1880 4879 pie-

298 4903 460 4949 tatem
492 4905 638 4949 tuam
673 4897 1023 4949 vehementer
1050 4912 1371 4961 exoramus,
1412 4894 1472 4953 ut
1501 4916 1688 4955 eorum
1722 4903 1879 4957 nobis

300 4987 734 5040 communionem
771 5003 837 5041 ne
878 4987 1142 5052 invideas,
1181 5004 1303 5057 qua:
1332 4989 1384 5042 in
1414 4998 1463 5042 te
1498 5002 1627 5045 sunt
1671 5007 1701 5045 a
1757 4991 1877 5045 Sal-

301 5082 484 5128 vatore
508 5074 724 5127 collata.
759 5073 969 5128 Etenim
1005 5091 1110 5130 non
1159 5091 1260 5129 nos
1307 5075 1409 5145 ipsi
1451 5077 1652 5143 solum,
1690 5078 1785 5133 sed
1825 5089 1879 5132 et

301 5164 538 5218 universi
575 5166 666 5232 qui
718 5165 1031 5231 audierunt,
1068 5182 1266 5219 novum
1303 5175 1353 5220 te
1388 5167 1698 5236 apostolqu
1735 5184 1876 5238 pra:-

299 5270 600 5324 conemque
646 5256 996 5322 contitentur,
1045 5273 1075 5311 a
1118 5258 1339 5314 Christo
1378 5260 1534 5314 nobis
1579 5260 1678 5315 hac
1720 5270 1877 5316 aetate

301 5345 647 5415 productum,
680 5343 828 5397 velut
883 5347 1114 5400 alterum
1163 5351 1456 5417 quemdam
1499 5348 1786 5415 Joannem,
1820 5362 1879 5404 ut

299 5453 364 5490 ea
395 5436 716 5506 praecipercs
747 5452 870 5506 qua:
902 5439 1168 5493 servanda
1203 5453 1332 5495 sunt
1370 5443 1455 5505 iis,
1500 5443 1592 5511 qui
1639 5444 1692 5496 in
1746 5444 1875 5499 illud

303 5525 447 5594 quod
505 5526 842 5595 arripuimus
893 5527 1184 5583 sanctioris
1239 5534 1360 5586 vitae
1424 5533 1760 5587 curriculum
1820 5552 1877 5588 se

303 5618 694 5675 commiserint.
737 5638 754 5669 ν

384 5710 468 5764 Η.
505 5706 572 5764 Ut
606 5721 784 5770 autem
822 5710 910 5765 illa
951 5713 1278 5766 monasteria
1318 5715 1367 5765 in
1404 5715 1696 5784 Coeli-syria
1742 5717 1876 5773 invi-

2582 4555 2810 4609 CAPUT
2855 4557 2941 4612 ΙΞΙ.
3517 4585 3538 4610 κ

1983 4642 2307 4696 Liberalitas
2347 4643 2637 4717 Epiphanii
2667 4663 2792 4715 erga
2840 4664 3094 4717 pauperes
3135 4668 3153 4704 :
3201 4664 3402 4708 mutua:
3437 4656 3577 4711 inter

2097 4730 2217 4765 eum
2249 4727 2295 4767 et
2325 4714 2590 4768 Joannem
2628 4714 3176 4788 llicfosdlyntt’tanum
3198 4725 3447 4792 querelw.

2053 4804 2140 4858 15.
2175 4804 2230 4857 Si
2262 4821 2366 4874 qua
2392 4805 2680 4861 fldescsset
2710 4811 3194 4881 pseudepigraphis
3228 4813 3285 4868 S.
3323 4813 3572 4885 Epipha-

1984 4895 2057 4947 nii
2083 4895 2254 4957 Actis,
2285 4895 2575 4949 dicendum
2608 4896 2764 4963 foret,
2802 4901 3115 4957 ordinatum
3156 4906 3326 4960 fuisse
3356 4910 3575 4974 episco-

1983 5001 2135 5054 pum,
2170 4995 2392 5054 propter
2424 4983 2816 5058 revelationem
2839 4991 2907 5045 de
2944 5009 3009 5048 eo
3041 4994 3241 5048 factam
3273 4995 3329 5050 S.
3359 4995 3573 5067 Pappo,

1980 5077 2235 5146 episcopo
2262 5076 2480 5148 εγω-ιω,
2505 5081 2697 5149 quinto
2728 5097 2758 5135 a
2785 5081 3060 5139 Salamina
3081 5086 3360 5154 milliario,
3393 5104 3574 5142 anno.

1981 5185 2102 5222 rum
2140 5171 2538 5240 quinquaginta
2575 5172 2892 5243 episcOpatu
2927 5185 2981 5230 et
3019 5177 3386 5234 confessionis
3437 5195 3571 5236 cum

1981 5258 2198 5316 Gelasio
2248 5260 2671 5317 Salaminiorum
2707 5265 2965 5336 episcopo
3004 5269 3169 5324 obitte
3211 5271 3382 5340 gloria
3429 5287 3572 5341 prte-

1981 5353 2214 5417 cellenti,
2249 5353 2336 5408 cui
2386 5357 2745 5426 nn'tropolitae
2797 5361 2922 5414 novi
2969 5361 3404 5430 designationem
3451 5365 3571 5434 epi-

1982 5446 2129 5512 scopi
2153 5447 2330 5499 caeteri
2362 5449 2725 5516 provinciales
2753 5454 3166 5508 commiserant.
3194 5453 3267 5509 De
3293 5454 3350 5508 S.
3382 5454 3570 5524 Pappo

1983 5537 2198 5605 quidem
2233 5540 2368 5592 satis
2407 5551 2642 5604 constat,
2679 5557 2804 5596 eum
2839 5545 2999 5599 hodie
3036 5562 3257 5617 quoque
3284 5548 3426 5616 apud
3459 5548 3566 5618 Cy-

1984 5629 2131 5696 prios
2163 5629 2262 5683 coli
2303 5645 2398 5698 pro
2427 5641 2641 5699 sancto,
2691 5640 2794 5689 sub
2843 5636 3074 5707 ejusque
3115 5637 3338 5692 nomine
3383 5639 3566 5695 adhuc

1985 5737 2206 5777 rnanere
2237 5722 2493 5791 oppi-lum
2523 5725 2669 5793 quod
2697 5726 2816 5794 ejus
2843 5729 2971 5784 olim
3025 5729 3129 5785 fuit
3168 5730 3560 5800 episcopatus:
