3808 6136
237 376 341 433 195

1229 379 1284 433 S.
1324 378 1661 435 EPli‘IIANlI
1707 380 1886 436 ACTA
1930 380 2428 435 BOLLANDIANA.

3396 387 3414 432 Ι
3424 379 3487 432 26

236 497 381 548 diem
425 495 593 548 annui
641 494 821 550 cultus
868 495 1047 551 adhuc
1099 496 1424 566 ignoramus
1470 508 1526 552 et
1565 508 1818 567 optamus
1848 504 1893 558 Α
1924 499 2119 563 salvat,
2159 499 2389 553 alterum
2425 507 2629 559 autem,
2666 499 2793 565 q‘uia
2830 505 2884 551 et
2928 496 3043 565 ipse
3071 511 3182 549 non
3222 496 3491 549 modicam

237 584 495 639 discere:
527 585 593 639 de
637 584 852 639 Gelasio
878 586 1008 641 alibi
1052 588 1186 641 nihil
1227 587 1485 656 legimus;
1537 604 1713 657 neque
1754 597 1813 642 ut

238 691 367 729 vere
401 674 826 730 Salaminiorum
867 679 1155 748 episcopus
1196 679 1384 743 fuerit,
1433 680 1483 734 ei
1532 680 1814 735 credimus

241 768 575 825 successisse
622 769 1016 839 Epiphanium;
1054 770 1147 826 sed
1184 772 1366 841 potius
1416 772 1672 835 Auxibio,
1719 772 1813 842 qui

240 857 383 912 inter
430 858 656 929 Cyprios
705 860 989 929 episcopos
1036 862 1322 917 duodecim
1378 863 1592 933 (habuit
1632 875 1812 918 autem

244 948 420 1002 insula
454 948 749 1004 universim
781 951 1121 1021 episcopales
1153 953 1312 1009 sedes
1344 954 1681 1025 quindecim)
1714 968 1818 1007 no-

245 1041 488 1095 minatur
515 1057 545 1096 a
573 1040 629 1095 S.
664 1042 964 1098 Athanasio
989 1045 1216 1113 primus,
1248 1061 1439 1100 eorum
1464 1047 1557 1116 qui
1593 1046 1817 1117 synodi-

243 1148 362 1187 eam
393 1134 732 1190 Sardicensis
761 1136 1137 1191 conciliianno
1156 1138 1260 1192 547
1274 1139 1646 1207 subsignando
1666 1146 1820 1208 post-

243 1239 309 1278 ea
361 1225 763 1293 approbarunt;
794 1226 1071 1286 autillius.
1116 1227 1162 1283 si
1191 1228 1815 1296 aliusquisintercessit,

247 1316 570 1370 successori.
612 1315 690 1370 Eo
725 1327 968 1385 tempore
988 1329 1230 1387 caper-at
1254 1319 1433 1374 insula
1465 1333 1586 1372 cum
1634 1319 1693 1373 S.
1725 1317 1819 1371 lli-

249 1407 463 1461 larione
495 1409 796 1462 monachos
823 1408 987 1462 etiam
1017 1424 1180 1464 nosse
1206 1426 1221 1464 :
1249 1410 1507 1465 credibile
1536 1418 1716 1464 tamen
1737 1420 1821 1465 est

248 1497 319 1551 ab
336 1496 622 1566 Epiphauii
643 1497 982 1552 institutione
997 1506 1050 1551 et
1071 1513 1200 1552 cura
1227 1499 1480 1568 pleraque
1493 1513 1684 1553 eorum
1702 1513 1819 1553 mo-

253 1588 621 1642 nasteriorum
651 1598 827 1642 erecta
853 1587 1171 1656 directaque
1189 1588 1381 1652 fuisse,
1403 1604 1634 1657 quorum
1654 1603 1819 1657 supra

251 1680 633 1737 meminimus:
666 1679 803 1733 adeo
840 1687 901 1733 ut
936 1679 1128 1732 merito
1164 1680 1446 1749 scripserit
1484 1679 1825 1735 Sozontenus

249 1771 319 1825 de
349 1768 652 1840 Epiphanio
682 1770 777 1824 lib.
817 1785 1027 1839 vt,cap.
1064 1771 1155 1835 δὲ,
1178 1772 1322 1840 quod
1359 1789 1377 1821 ι
1424 1771 1476 1825 in
1520 1770 1820 1826 monastica

1928 591 2055 643 inde
2086 589 2389 644 mercedém
2430 588 2609 642 habet.
2640 587 2831 641 Attulit
2870 596 3050 640 autem
3085 588 3171 641 ad'
3200 587 3497 642 credulita-

1925 691 2031 734 tem
2065 680 2216 734 verbi
2249 690 2305 733 et
2327 679 2700 735 testimonium
2723 693 2909 741 verax,
2937 679 3081 747 quod
3106 678 3250 733 circa
3288 676 3344 732 S.
3370 676 3499 747 Epi-

1928 771 2188 840 phanium
2218 782 2273 825 et
2314 769 2577 825 Joannem
2639 771 2950 838 episcopum
2995 768 3495 840 Hierosolymorum

1926 856 2132 917 factum
2165 871 2249 918 est
2277 879 2292 916 :
2326 862 2603 931 quomodo
2639 860 2697 915 S.
2723 860 3060 929 Epiphanius
3085 874 3180 928 per
3208 869 3378 913 artem
3412 869 3498 914 tu-

1926 954 1990 1007 lit
2010 964 2292 1020 argentum
2322 952 2671 1022 patriarchae,
2700 950 2950 1005 videlicet
2976 947 3204 1002 Joannis
3227 948 3495 1018 ejusdem,

1925 1052 1978 1098 et
2025 1044 2171 1097 dedit
2222 1043 2528 1107 egentibus.
2595 1062 2613 1093 ι
2670 1041 2786 1095 Alia
2850 1050 3002 1095 certe
3064 1050 3182 1092 arte
3244 1039 3501 1092 utebatur

1929 1138 1989 1190 S.
2016 1134 2256 1191 Joannes
2278 1133 2777 1204 Eleemosynarius,
2829 1131 2962 1187 dum
3003 1130 3293 1185 identidem
3329 1130 3502 1184 dona-

1927 1235 2011 1281 tas
2042 1227 2185 1279 ultro
2222 1226 2288 1279 ad
2328 1241 2461 1279 suos
2490 1240 2625 1279 usus
2662 1224 2743 1277 vel
2774 1223 2936 1277 etiam
2974 1221 3171 1291 petitas
3198 1230 3375 1276 vestes
3403 1238 3501 1274 no-

1928 1334 2044 1381 vas,
2074 1317 2355 1372 vendendo
2384 1332 2449 1371 ac
2471 1317 2704 1385 pretium
2724 1314 3105 1370 distribuendo
3129 1314 3182 1367 in
3208 1328 3497 1382 pauperes,

1932 1430 1951 1462 ι
1990 1410 2233 1464 suaviter
2263 1408 2421 1477 quasi
2453 1405 2819 1460 vindemiabat
2863 1405 3153 1474 opulentos
3186 1404 3433 1458 homines
3476 1422 3495 1455 ι

1928 1514 2056 1569 erga
2083 1514 2143 1554 se
2179 1497 2452 1552 beneficos
2491 1514 2505 1549 :
2541 1511 2705 1565 quam
2754 1510 2860 1564 qua
2908 1508 3043 1548 usus
3100 1494 3324 1563 tingitur
3372 1492 3499 1561 Epi-

1930 1589 2187 1660 phanius,
2222 1588 2318 1658 qui
2360 1595 2745 1657 argenteorum
2784 1600 3065 1647 vasorum,
3110 1585 3256 1639 velut
3291 1585 3358 1638 ad
3406 1585 3503 1639 ho-

1928 1684 2129 1752 spitum
2172 1679 2535 1751 quorumdam
2587 1677 2970 1732 tractationem
3017 1683 3210 1730 mutuo
3251 1685 3494 1745 accepto-

1933 1787 2075 1835 rum,
2118 1790 2137 1823 ι
2190 1770 2401 1839 pondus
2448 1768 2709 1822 librarum
2774 1767 2921 1820 mille
2971 1767 3423 1835 quingentarum,
3477 1785 3496 1817 ο

250 1859 536 1930 disciplina
572 1859 960 1927 celeberrimus
987 1859 1195 1914 exstitit
1216 1869 1269 1912 et
1299 1858 1567 1931 [Egyptiis
1594 1868 1648 1914 et
1669 1860 1833 1914 Pake-
1862 1855 1901 1908 Β
1934 1863 2108 1917 inscio
2140 1862 2361 1916 domino
2406 1858 2712 1914 vendiderit
2742 1857 3174 1926 erogaveritqne,
3216 1871 3277 1910 ac
3313 1866 3501 1925 postea

252 1950 459 2014 stiuiis,
482 1950 780 2019 etdenique
796 1950 1011 2021 Cypriis
1036 1951 1178 2019 apud
1197 1966 1336 2020 quos
1350 1952 1555 2006 electus
1580 1960 1666 2006 est
1682 1960 1742 2006 ut
1773 1952 1827 2006 in

255 2042 543 2112 metropoli
593 2041 760 2097 totius
790 2042 980 2097 insula
1005 2042 1376 2112 episcopatum
1402 2042 1827 2097 administraret.

330 2132 418 2187 t6.
460 2131 595 2187 Dum
623 2134 767 2187 hunc
798 2144 1028 2203 gereret,
1061 2150 1080 2183 ι
1123 2133 1292 2187 multa
1325 2133 1401 2186 illi
1444 2134 1704 2189 miracula
1734 2134 1831 2188 tri-

257 2224 525 2286 buuntur,
549 2238 614 2277 ex
647 2223 846 2292 quibus
878 2223 1008 2277 illud
1041 2223 1107 2276 a.l
1137 2223 1387 2278 notitiam
1419 2234 1664 2279 nostratn
1708 2239 1831 2294 per-

255 2316 427 2381 venit,
462 2334 480 2366 »
519 2314 696 2385 inquit
722 2314 863 2369 idem
905 2313 1246 2379 Sozomenus
1286 2315 1381 2370 lib.
1425 2330 1522 2377 vn,
1571 2331 1690 2385 cap.
1737 2315 1829 2373 27.

262 2424 284 2456 ι
319 2405 458 2460 Cum
488 2405 726 2462 liberalis
758 2413 903 2461 esset
932 2419 1059 2475 erga
1088 2421 1377 2476 pauperes,
1425 2406 1518 2476 qui
1572 2408 1654 2461 vel
1694 2423 1832 2462 nau-

257 2497 435 2568 fragio
472 2500 555 2552 vel
582 2497 690 2552 alio
734 2497 993 2568 quopiam
1036 2512 1169 2554 casu
1216 2497 1285 2553 ad
1331 2498 1569 2568 inopiam
1628 2498 1832 2555 redacti

254 2599 463 2657 essent,
502 2591 762 2660 quoniam
794 2588 1082 2645 facultates
1115 2605 1246 2645 suas
1263 2590 1375 2661 jam
1403 2592 1609 2661 pridem
1642 2606 1833 2648 omnes

257 2680 660 2750 absumpserat,
709 2681 951 2735 ecclesia
977 2681 1136 2736 bonis
1165 2682 1256 2736 ubi
1295 2697 1429 2751 opus
1472 2691 1590 2737 erat
1626 2683 1834 2752 prolixe

262 2788 395 2825 usus
424 2780 547 2826 est:
582 2780 701 2826 erat
733 2780 912 2827 autem
949 2759 1382 2843 opulentissima'
1407 2774 1529 2843 ejus
1578 2774 1831 2830 ecclesia.

259 2862 415 2916 Multi
441 2863 587 2917 enim
613 2878 679 2917 ex
710 2864 888 2918 variis
917 2865 1163 2934 partibus
1197 2865 1369 2932 orbis,
1413 2865 1506 2936 qui
1535 2881 1668 2934 opes
1706 2880 1837 2921 suas

260 2952 471 3023 inpios
525 2970 657 3010 usus
706 2954 1016 3022 impendere
1062 2956 1373 3023 studebant,
1414 2966 1471 3010 ct
1517 2959 1837 3027 superstites

260 3043 382 3111 ejus
426 3046 673 3102 ecclesia
696 3061 790 3100 eas
818 3045 1220 3114 impendebant,
1252 3056 1307 3100 et
1343 3049 1635 3103 morientes
1660 3048 1837 3103 eidem

263 3138 669 3207 relinquebant.
695 3137 1051 3193 Conlidebaut
1083 3140 1227 3193 enim
1279 3141 1449 3204 illum,
1509 3150 1695 3211 utpote
1745 3141 1840 3211 qui

265 3226 471 3296 probus
501 3227 845 3296 dispensator
874 3225 1081 3297 Deique
1111 3231 1528 3286 amantissimus
1562 3244 1726 3297 esset,
1755 3247 1843 3286 res

264 3320 335 3375 ab
356 3319 491 3387 ipsis
523 3320 750 3374 donatas
783 3336 849 3373 ex
879 3320 1122 3389 ipsorum
1160 3322 1428 3378 sententia
1457 3338 1523 3377 ac
1560 3324 1839 3377 voluntate

265 3421 643 3481 erogaturum.
689 3411 937 3476 Quodam
996 3411 1163 3483 igitur
1207 3423 1448 3484 tempore
1492 3430 1617 3469 cum
1660 3430 1848 3485 pauca

266 3502 565 3557 admodum
625 3503 868 3574 pecunia:
930 3513 1314 3572 superessent,
1386 3506 1541 3561 aiunt
1604 3507 1848 3562 ecclesia

265 3610 621 3649 Oeconomum
680 3596 1080 3658 succensuisse,
1131 3611 1370 3666 eumque
1418 3607 1679 3668 tanquam
1718 3613 1847 3669 pro-

267 3686 457 3757 dignm
483 3686 936 3757 reprehendisse:
967 3686 1118 3740 illum
1156 3703 1307 3751 vero,
1348 3705 1414 3743 ne
1453 3700 1567 3744 tum
1601 3691 1845 3760 quidem,

269 3779 340 3832 de
388 3777 546 3833 solita
601 3792 728 3849 erga
785 3793 1049 3847 pauperes
1105 3779 1479 3835 muniﬁcentia
1545 3782 1844 3838 remisisse.

270 3868 544 3923 Omnibus
581 3879 761 3924 autem
809 3870 1169 3938 consumptis,
1215 3880 1437 3940 repente
1486 3876 1674 3928 nescio
1723 3873 1851 3944 quis

271 3960 344 4016 ad
375 3961 711 4025 cubiculum,
766 3962 819 4016 in
863 3977 975 4031 quo
1025 3962 1255 4032 degebat
1307 3978 1650 4030 (economus,
1694 3980 1852 4020 acce-

272 4055 435 4114 dens,
468 4069 689 4108 saccum
719 4053 772 4107 iu
806 4069 917 4124 quo
948 4054 1102 4108 multi
1144 4063 1303 4109 erant
1345 4055 1496 4110 aurei
1544 4056 1752 4109 nummi
1797 4055 1851 4110 in

275 4164 479 4203 manus
503 4148 551 4202 ei
583 4147 824 4203 tradidit.
858 4148 1105 4217 Cumque
1140 4164 1239 4203 nec
1277 4148 1321 4202 is
1368 4147 1462 4218 qui
1501 4148 1723 4202 dederat
1756 4163 1854 4203 nec

279 4240 330 4296 is
364 4239 458 4309 qui
488 4239 711 4293 miserat
755 4250 1090 4305 nosceretur,
1126 4240 1508 4310 videreturque
1549 4240 1743 4294 merito
1773 4241 1856 4293 in-

281 4334 466 4389 solens
498 4347 825 4402 quemquam
846 4332 899 4386 in
935 4341 1083 4387 tanta
1116 4333 1358 4402 pecunia
1381 4331 1669 4402 largitione
1687 4332 1856 4387 latere

280 4427 441 4491 velle,
459 4435 570 4480 tum
592 4441 720 4480 vero
739 4425 977 4481 universi
997 4425 1047 4478 id
1073 4424 1164 4478 Dei
1190 4439 1329 4493 opus
1352 4424 1850 4493 cssejndicarunta

1933 1958 1986 2010 in
2025 1954 2265 2024 episcopi
2301 1952 2369 2007 de
2409 1950 2611 2021 injuria
2650 1949 2752 2005 sibi
2796 1948 2937 2003 facta
2988 1949 3269 2018 querentis
3310 1948 3503 2003 faciem

1931 2063 2230 2119 exSpuens,
2266 2061 2389 2100 eum
2419 2040 2792 2099 excaeaverit.

2004 2142 2093 2196 18.
2135 2137 2268 2191 Tam
2293 2135 2439 2190 enim
2476 2131 2903 2188 circumstantia
2951 2145 3030 2184 ea
3076 2128 3226 2185 falsa
3259 2145 3381 2186 esse
3424 2131 3509 2183 vi-

1933 2234 2150 2292 dentur,
2177 2247 2341 2301 quam
2373 2230 2516 2300 quod
2562 2228 2705 2283 idem
2748 2228 3008 2291 Joannes,
3049 2237 3267 2297 recepto
3311 2227 3508 2282 deinde

1935 2324 2000 2379 ad
2034 2337 2218 2393 preces
2252 2320 2539 2390 Epiphanii
2568 2319 2686 2374 visu
2735 2320 2898 2373 unius
2929 2319 3100 2373 solius
3139 2318 3304 2383 oculi,
3356 2336 3375 2369 ι
3412 2333 3508 2372 ca-

1939 2413 2176 2483 stigatus
2206 2421 2262 2465 et
2321 2409 2610 2464 convictus
2651 2424 2683 2463 a
2730 2409 2847 2463 viro
2884 2409 3037 2478 justo
3088 2406 3192 2463 fuit
3252 2408 3509 2477 deinceps

1936 2514 2159 2560 sanctus
2187 2503 2241 2557 in
2279 2502 2553 2557 omnibus.
2598 2519 2618 2553 ι
2658 2500 2769 2555 Hoc
2800 2516 2934 2556 sane
2964 2500 3031 2555 de
3080 2515 3147 2555 eo
3189 2516 3298 2555 non
3337 2500 3512 2556 sensit

1937 2594 2296 2665 Epiphanius,
2340 2594 2561 2662 quando
2600 2592 2667 2646 ad
2724 2592 2998 2657 eumdem,
3052 2592 3121 2647 de
3165 2590 3511 2662 Origenianis

1937 2683 2220 2739 erroribus
2255 2682 2400 2752 apud
2449 2697 2509 2737 se
2554 2691 2897 2752 suspectum,
2948 2691 3002 2736 et
3051 2682 3326 2737 immerito
3372 2680 3512 2736 indi-

1938 2778 2194 2848 gnantém
2224 2774 2355 2843 quia
2392 2771 2451 2828 S.
2478 2772 2794 2844 Hieronymi
2834 2773 3082 2838 fratrem,
3124 2773 3507 2828 Paulinianum

1939 2866 2269 2922 monachum
2312 2865 2428 2935 ipse
2466 2865 2842 2935 presbyterum
2881 2867 3178 2930 ordinarat,
3223 2866 3509 2934 epistolam

1941 2958 2177 3029 scripsit,
2202 2972 2365 3027 quant
2397 2957 2467 3012 ab
2496 2957 2727 3026 ipsomet
2776 2956 2835 3011 S.
2880 2956 3208 3028 llicronymo
3250 2958 3511 3011 habemus

1942 3048 2237 3104 Latinitate
2265 3048 2544 3115 donatam,
2569 3048 2673 3103 hoc
2690 3047 2957 3118 principio
2985 3065 3002 3102 :
3031 3067 3048 3098 ι
3078 3047 3371 3118 Oportebat
3391 3064 3514 3112 nos,

1943 3139 2313 3205 dilectissime,
2335 3138 2622 3194 clericatus
2644 3138 2851 3193 honore
2885 3156 2992 3194 non
3033 3140 3181 3194 abuti
3222 3139 3292 3192 ob
3327 3154 3518 3207 super-

1944 3231 2111 3296 biam,
2160 3231 2253 3286 sed
2301 3231 2548 3287 custodia
2593 3231 2974 3286 mandatorum
3026 3229 3116 3285 Dei
3163 3239 3217 3284 ct
3256 3230 3521 3284 observa-

1945 3322 2094 3377 tione
2117 3321 2443 3391 dignissima
2492 3322 2595 3377 hoc
2634 3337 2758 3378 esse
2794 3322 2938 3392 quod
2984 3321 3285 3375 dicimur...
3323 3319 3517 3374 Audivi

1942 3417 2088 3470 enim
2127 3414 2274 3485 quod
2304 3426 2515 3471 tumeas
2538 3422 2729 3469 contra
2763 3429 2885 3478 nos,
2916 3424 2972 3468 et
3009 3413 3289 3476 irascaris,
3322 3421 3375 3466 et
3411 3411 3517 3465 mi-

1944 3508 2135 3563 niteris
2189 3507 2427 3563 scribere
2477 3507 2531 3560 in
2584 3516 2861 3560 extremos
2908 3506 3043 3559 lines
3100 3512 3322 3558 terra...
3373 3500 3519 3555 Nihil

1945 3595 2044 3651 tibi
2066 3596 2371 3658 nocuimus,
2406 3595 2541 3649 nihil
2575 3594 2789 3664 injuria
2816 3593 3068 3657 fecimus,
3101 3594 3234 3647 nihil
3260 3593 3521 3648 violenter

1946 3690 2294 3745 extorsimus.
2326 3688 2385 3743 In
2413 3689 2743 3743 monasterio
2774 3688 3028 3751 fratrum,
3064 3695 3120 3741 et
3163 3685 3390 3740 [atrum
3437 3700 3526 3753 pe-

1949 3780 2314 3849 regrinorum,
2358 3780 2452 3846 qui
2490 3778 2782 3849 provincia
2829 3788 2935 3833 tua
2983 3777 3121 3831 nihil
3165 3777 3441 3839 deberent,
3469 3784 3525 3829 et

1949 3878 2166 3940 propter
2214 3879 2456 3924 nostram
2512 3870 2831 3939 parvitatem
2878 3878 2928 3922 et
2979 3868 3207 3932 litteras,
3260 3882 3399 3937 quas
3454 3866 3523 3919 ad

1950 3978 2045 4017 eos
2066 3964 2259 4018 crebro
2290 3962 2617 4025 direximus,
2655 3976 2722 4015 ne
2757 3960 3070 4015 viderentur
3107 3960 3341 4029 quadam
3368 3957 3524 4013 duri-

1953 4052 2025 4106 tia
2053 4061 2108 4107 et
2136 4051 2469 4107 conscientia
2500 4059 2684 4104 nostra
2720 4048 2957 4117 antiquae
2997 4046 3120 4099 lidei
3169 4044 3238 4099 ab
3281 4043 3526 4098 Ecclesia

1954 4144 2220 4213 separari,
2257 4142 2631 4197 ordinavimus
2654 4141 2966 4204 diaconum,
2999 4148 3052 4193 et
3088 4145 3376 4207 postquam
3422 4135 3531 4188 mi-

1956 4232 2207 4288 nistravit
2236 4246 2429 4286 rursus
2463 4229 2840 4300 presbyterum
2872 4241 3075 4297 :supcr
3111 4239 3220 4296 quo
3260 4222 3535 4278 debueras

1956 4322 2248 4393 gratulari,
2304 4320 2609 4390 intelligens
2651 4316 2801 4387 quod
2861 4316 2932 4371 ob
2979 4314 3074 4370 Dei
3126 4314 3378 4369 timorem
3427 4313 3531 4367 hoc

1959 4429 2151 4468 sumus
2178 4410 2356 4466 facere
2377 4408 2766 4480 compulsi.....

358 4520 444 4572 Π.
479 4517 554 4573 lta
607 4515 976 4581 Sozomenus,
1029 4524 1290 4584 tanquam
1353 4515 1458 4571 hoc
1515 4516 1840 4584 alterumqut

2033 4504 2123 4559 l9.
2157 4522 2174 4555 ι
2218 4505 2353 4558 Cum
2392 4502 2538 4557 enim
2578 4498 2835 4553 vidissem
2887 4495 3017 4566 quia
3066 4493 3357 4549 multitudo
3405 4510 3528 4549 san-

286 4628 414 4667 mox
446 4609 842 4679 subjiciendum
862 4609 1037 4662 solum
1056 4607 1309 4662 distincte
1327 4608 1603 4676 Cognitum
1621 4606 1859 4675 habens;

286 4703 516 4775 proinde
548 4702 685 4756 nihil
726 4702 907 4758 sciens
934 4702 1000 4756 de
1027 4699 1423 4755 commentitiis
1456 4697 1562 4753 illis
1603 4715 1668 4754 ac
1704 4715 1857 4754 men-

286 4793 600 4851 dacissimis
651 4792 823 4857 Actis,
861 4791 913 4845 in
961 4790 1164 4862 quibus
1198 4801 1310 4843 tum
1358 4790 1463 4843 alia
1512 4789 1679 4843 multa
1711 4789 1865 4844 valde

289 4886 593 4956 singularia
624 4884 992 4947 continentur,
1018 4890 1131 4935 tum
1163 4881 1251 4934 illa
1296 4880 1411 4948 ipsa
1437 4879 1546 4933 duo
1573 4878 1731 4956 longe
1765 4879 1864 4932 ali-

291 4955 732 5041 terinartantur;
764 4974 910 5046 quod
943 4973 1084 5027 idem
1138 4969 1406 5025 acridisse
1454 4955 1862 5031 videtur'alteri

294 5068 353 5124 S.
394 5066 679 5138 Epiphanii
712 5065 875 5128 tacto,
905 5064 1064 5131 cujus
1104 5062 1157 5115 in
1202 5060 1323 5115 Vita
1360 5059 1419 5116 S.
1457 5060 1682 5116 Joannis
1719 5060 1868 5115 Elec-

297 5156 612 5229 nwsynarii,
638 5171 669 5208 a
716 5153 876 5209 nobis
905 5153 1033 5205 data
1074 5150 1143 5206 25
1179 5149 1447 5214 Januarii,
1484 5150 1557 5203 ita
1618 5150 1868 5204 meminit

294 5266 512 5307 coaevus
534 5244 731 5302 Joanni
765 5244 1043 5309 Leontius,
1078 5241 1377 5313 Neapoleos
1401 5242 1562 5315 Cypri
1581 5243 1868 5314 episcopus

295 5326 497 5397 saculo
518 5353 613 5405 vn,
647 5353 701 5391 ιι.
735 5334 828 5399 55,
859 5349 1108 5398 narrans,
1143 5334 1289 5404 quod
1323 5331 1638 5388 S.Joannes
1669 5352 1688 5385 ι
1723 5334 1871 5390 dice-

301 5436 393 5488 bat
418 5445 653 5501 semper,
691 5427 836 5498 quod
879 5434 1063 5495 posset
1112 5425 1331 5495 aliquis,
1377 5425 1677 5479 intentione
1707 5424 1871 5480 dandi

309 5520 659 5593 pauperibus,
694 5515 1004 5590 exspoliare
1033 5513 1253 5580 divites,
1283 5524 1339 5570 et
1371 5515 1549 5584 ipsum
1580 5516 1745 5570 etiam
1777 5515 1873 5586 hy-

301 5612 660 5684 pocamisium
693 5609 764 5664 ab
803 5608 884 5663 eis
916 5606 1175 5662 benevole
1205 5606 1441 5670 auferre,
1481 5615 1534 5661 et
1560 5608 1795 5661 maxime
1826 5607 1875 5661 si

300 5710 431 5759 sunt
459 5698 628 5769 aliqui
662 5694 1125 5751 immisericordes
1163 5705 1217 5750 et
1255 5697 1426 5749 avari.
1471 5694 1589 5750 Duo
1629 5697 1774 5770 enim
1805 5711 1872 5750 ex

303 5793 405 5848 hoc
435 5791 701 5855 luctatur,
738 5801 904 5843 unum
937 5784 1155 5855 quidem
1202 5787 1329 5854 quia
1389 5786 1601 5842 animas
1652 5786 1872 5842 illorum

1964 4606 2177 4652 ctorqu
2210 4592 2438 4647 fratrum
2480 4593 2532 4647 in
2575 4589 2912 4647 monasterio
2943 4586 3290 4651 consisteret,
3324 4594 3377 4638 et
3406 4600 3532 4638 san-

1964 4686 2035 4741 cti
2079 4684 2382 4755 presbyteri
2415 4682 2778 4753 Hieronymus
2827 4695 2891 4735 ac
2938 4675 3276 4738 Vincentius,
3320 4683 3539 4743 propter

1964 4776 2350 4832 verecundiam
2380 4783 2435 4828 et
2467 4772 2850 4835 humilitatem,
2898 4768 3091 4822 nolens
3117 4765 3298 4820 debita
3329 4764 3535 4818 nomini

1967 4883 2069 4924 suo
2096 4882 2351 4923 exercere
2380 4864 2671 4930 sacrificia,
2716 4871 2771 4916 et
2820 4860 3067 4913 laborare
3120 4856 3173 4909 in
3234 4856 3334 4908 hac
3385 4866 3541 4923 parte

1969 4958 2257 5015 ministerii
2292 4972 2414 5026 qua
2438 4953 2872 5009 Christianorum
2922 4947 3191 5017 praecipua
3239 4944 3389 4999 salus
3423 4953 3541 5009 est;

1970 5049 2213 5104 invenire
2236 5055 2416 5101 autem
2442 5053 2496 5098 et
2519 5038 2999 5111 comprelu-ndere,
3034 5036 3125 5105 qui
3160 5043 3211 5089 te
3254 5033 3354 5105 (νο
3390 5034 3538 5103 quod

1970 5156 2134 5211 grave
2154 5154 2295 5193 onus
2325 5134 2613 5191 sacerdotii
2642 5131 2806 5185 nollet
2845 5127 3145 5196 suscipere)
3178 5141 3321 5195 sape
3370 5124 3543 5194 fugie-

1972 5233 2084 5296 bat,
2115 5248 2214 5285 nec
2244 5229 2385 5283 alius
2414 5226 2538 5297 quis
2571 5224 2957 5293 episcoporum
2988 5219 3145 5273 facile
3186 5234 3311 5272 eum
3344 5216 3543 5285 reperi-

1972 5336 2054 5378 ret
2086 5321 2254 5393 (unde
2279 5330 2330 5375 et
2363 5318 2497 5374 satis
2537 5315 2766 5369 miratus
2797 5327 2918 5365 sum
2954 5311 3230 5382 quomodo
3261 5310 3543 5377 dispensa-

1975 5415 2123 5468 tione
2149 5410 2237 5466 Dei
2279 5411 2345 5464 ad
2383 5424 2480 5463 nos
2505 5406 2715 5460 venerit
2763 5421 2885 5459 cum
2937 5398 3181 5459 diaconis
3232 5397 3546 5454 monasterii

1974 5522 2029 5566 ct
2063 5507 2274 5563 caeteris
2302 5502 2584 5565 fratribus,
2626 5509 2687 5556 ut
2715 5498 2850 5552 mihi
2889 5497 3245 5560 satisfaceret,
3285 5496 3413 5562 quia
3459 5509 3544 5545 nc-

1976 5602 2090 5657 scio
2121 5598 2248 5668 quid
2278 5597 2539 5649 adversus
2568 5609 2663 5648 cos
2696 5592 2963 5647 habebam
3000 5587 3254 5651 tristitiae)
3279 5601 3427 5649 eum,
3461 5583 3545 5637 in-

1978 5707 2164 5763 quam,
2209 5688 2577 5744 celebraretur
2616 5683 2840 5739 collecta
2875 5680 2927 5734 in
2970 5677 3199 5733 ecclesia
3242 5676 3380 5730 villa:
3426 5689 3546 5744 qua

1980 5792 2058 5840 est
2095 5782 2246 5847 iuxta
2286 5774 2676 5834 monasterium
2719 5779 3007 5835 nostrum;
3045 5768 3386 5837 ignorantem
3420 5779 3545 5819 cum
