3842 6184
255 367 360 424 127

1286 371 1344 426 S.
1371 370 1722 426 EPIPHAN“
1753 369 1930 426 ACTA
1973 371 2474 428 BOLLANDIANA.

3421 363 3526 416 19.8

254 497 312 543 et
339 484 542 544 nullam
575 489 792 558 penitus
839 488 1128 545 habentem
1163 492 1536 562 suspicionem
1573 509 1666 562 per
1695 493 1835 547 mul-
1867 499 1912 554 Α
1946 494 2270 566 indignatio,
2302 511 2400 550 nec
2425 494 2628 548 frustra
2669 492 2942 547 movearis
2977 509 2989 545 :
3027 499 3082 543 et
3130 487 3276 542 aliud
3331 483 3530 539 dolens

256 588 342 634 tos
365 580 626 635 diaconos
648 584 980 650 apprehendi
1005 583 1300 653 jussimus,
1323 593 1378 637 et
1404 585 1574 638 teneri
1600 600 1663 640 os
1693 585 1834 654 ejus.

257 686 325 725 ne
351 669 488 726 forte
512 673 731 729 liberari
776 693 835 732 se
872 677 1102 746 cupiens
1148 677 1431 745 adjuraret
1475 693 1578 732 nos
1615 693 1708 747 per
1747 693 1843 732 uo-

259 775 382 815 men
415 762 620 818 Christi
659 783 672 819 :
727 775 780 820 et
831 768 1066 836 primum
1115 769 1406 823 diaconum
1443 770 1839 834 ordinavimus,

257 869 629 923 proponentes
658 858 708 911 ei
751 857 1004 914 timorem
1041 859 1133 915 Dei
1175 879 1189 914 :
1220 860 1379 915 Valde
1408 863 1607 930 quippe
1635 861 1844 916 obnite-

259 945 442 1011 batur,
477 946 756 1018 indignum
785 965 845 1004 se
876 967 996 1006 esse
1021 962 1358 1007 contestans.
1395 952 1492 1006 Vix
1532 967 1664 1022 ergo
1690 968 1842 1007 corn-

178 1033 185 1040 ’
262 1035 502 1099 pulimus
534 1053 658 1091 eutn
707 1051 762 1092 et
799 1041 1130 1109 persuadere
1178 1044 1460 1112 potuimus
1515 1043 1843 1098 testimoniis

263 1123 672 1194 Scripturarum
715 1139 768 1184 et
806 1131 1185 1185 mandatorum
1235 1133 1350 1186 Dei.
1397 1132 1464 1187 Et
1507 1149 1631 1188 cum
1680 1133 1844 1187 mini-

259 1224 461 1270 straret
503 1217 555 1270 in
607 1221 814 1276 sanctis
841 1221 1144 1285 sacriﬁciis,
1193 1239 1388 1278 rursus
1437 1238 1586 1288 eum,
1638 1221 1842 1293 ingenti

257 1305 576 1362 difficultate
612 1318 760 1364 teuto
809 1327 904 1365 ore
940 1312 1081 1382 ejus,
1131 1313 1510 1370 ordinavimus
1559 1314 1845 1385 presbyteo

262 1413 408 1460 rum,
442 1411 496 1454 et
529 1401 717 1456 iisdem
755 1405 954 1466 verbis,
1005 1405 1206 1474 quibus
1253 1415 1414 1461 antea
1463 1422 1842 1473 suaseramus,

259 1489 579 1557 impulimus
611 1501 666 1546 ut
720 1495 934 1548 sederet
989 1495 1040 1548 in
1089 1497 1281 1550 ordine
1336 1498 1657 1569 presbyteri.
1717 1497 1848 1552 Post

259 1579 374 1634 lnec
432 1583 756 1651 scripsimus
811 1587 877 1639 ad
945 1597 1166 1642 sanctos
1235 1591 1587 1660 presbyteros
1654 1605 1847 1644 mona-

259 1675 406 1726 sterii
435 1683 488 1728 tt
517 1685 742 1732 cretei-os
768 1677 1058 1742 fratres,et
1089 1681 1492 1749 inerepavimus
1519 1697 1636 1746 eos,
1674 1698 1846 1751 quare

257 1780 366 1818 non
393 1769 746 1834 scripsissent
773 1785 936 1836 super
963 1787 1029 1825 eo
1072 1774 1216 1841 (cum
1246 1784 1373 1829 ante
1405 1788 1608 1827 annum
1645 1775 1846 1828 multos

259 1872 450 1911 eorum
494 1860 650 1927 queri
687 1861 989 1926 audissem,
1029 1879 1129 1918 cur
1167 1880 1273 1916 non
1322 1865 1584 1918 haberent
1615 1865 1706 1934 qtti
1741 1865 1844 1918 sibi
1883 1845 1926 1898 Β

265 1947 478 2004 Domini
504 1965 848 2005 sacramema
886 1955 1238 2018 conficerent,
1267 1964 1321 2009 et
1352 1955 1503 2010 illum
1529 1971 1720 2011 omnes
1745 1973 1848 2011 suo

262 2053 551 2108 poscerent
607 2043 957 2111 testimonio,
1021 2055 1075 2100 et
1125 2047 1384 2116 grandem
1444 2049 1736 2102 utilitatem
1792 2049 1845 2102 in

260 2131 537 2184 communi
585 2134 906 2188 monasterii
953 2136 1307 2208 testarentur)
1353 2153 1546 2206 quare,
1598 2137 1842 2207 inquam,

262 2234 392 2278 tunc
423 2237 634 2291 reperta
671 2227 1078 2295 opportunitate
1118 2243 1226 2282 non
1265 2229 1617 2298 scripsissent
1661 2230 1843 2294 nobis,

260 2331 436 2386 neque
467 2332 631 2387 super
661 2319 1006 2374 ordinatione
1031 2321 1154 2390 ejus
1181 2320 1388 2390 aliquid
1443 2321 1840 2390 poposcissent.

258 2408 478 2466 litecita
521 2422 640 2466 acta
693 2420 841 2478 sunt,
891 2421 954 2467 ut
1005 2414 1218 2466 loeutus
1271 2429 1425 2475 sum,
1471 2415 1523 2466 in
1581 2413 1846 2468 charitate

256 2501 486 2568 Christi,
511 2519 673 2572 quam
709 2517 758 2558 te
773 2519 899 2573 erga
929 2505 1255 2572 parvitatem
1290 2520 1467 2559 meam
1499 2505 1701 2560 habere
1729 2521 1849 2560 cre-

259 2594 453 2648 debam
481 2615 495 2648 :
525 2610 849 2665 quanquam
884 2597 937 2648 in
977 2597 1317 2651 monasterio
1368 2596 1761 2660 ordinaverint,
1793 2607 1847 2651 et

260 2699 370 2738 non
406 2684 458 2736 in
487 2685 743 2752 parocbia
775 2701 899 2754 qua:
925 2687 1018 2739 tibi
1053 2687 1296 2755 sobjecta
1330 2686 1514 2740 sit.....
1552 2685 1692 2764 Quid
1718 2701 1848 2755 ergo

260 2777 359 2831 tibi
397 2779 572 2832 visum
611 2787 696 2832 est
736 2779 817 2833 sic
863 2780 1102 2848 graviter
1154 2780 1522 2832 intumescere
1565 2788 1620 2832 et
1651 2778 1846 2848 jactari

261 2881 453 2925 contra
494 2887 594 2924 nos
626 2887 724 2940 pro
755 2886 921 2940 opere
963 2869 1080 2932 Dei,
1112 2869 1256 2939 quod
1307 2870 1359 2922 iu
1403 2869 1844 2938 aediﬁcationem,

259 2976 314 3020 ct
337 2981 446 3019 non
477 2964 530 3018 in
557 2965 988 3018 destructionem
1018 2963 1248 3016 fratrum
1283 2961 1485 3017 factum
1513 2963 1634 3018 est?
1679 2982 1698 3016 ι

332 3058 427 3113 20.
471 3055 750 3112 Hactenus
787 3054 1154 3122 Epiphanius,
1201 3053 1334 3122 ipsis
1374 3053 1460 3106 his
1497 3054 1678 3108 verbis
1715 3053 1849 3108 satis

260 3148 675 3215 iudicaus,jam
719 3155 832 3200 tum
867 3155 1144 3213 receptum
1195 3145 1247 3196 in
1281 3143 1523 3198 Ecclesia
1567 3144 1758 3206 fuisse,
1789 3155 1850 3199 ut

262 3241 824 3301 monasteriasaltem
859 3238 1042 3306 aliqua
1087 3237 1270 3306 (quale
1299 3246 1418 3290 erat
1450 3237 1846 3291 monasterium

261 3337 320 3390 S.
357 3331 644 3403 Epiphauii
673 3348 689 3380 ς
725 3329 877 3398 juxta
909 3327 1280 3382 Besanduretn
1307 3309 1510 3390 \icum,
1544 3327 1596 3380 in
1629 3328 1852 3380 territo-

260 3429 346 3482 rio
385 3422 951 3490 Eleutheropolitaoo,
983 3439 1002 3470 ι
1036 3419 1182 3488 quod
1224 3419 1294 3471 ab
1331 3418 1513 3488 inopia
1559 3434 1852 3488 aquarum,

269 3541 286 3570 ι
331 3516 678 3588 Spanydrion
705 3532 723 3564 ›
747 3513 1076 3581 appellatum
1111 3511 1303 3566 scribit
1337 3509 1812 3580 pseudo-Joannes
1837 3550 1852 3575 ,

263 3613 352 3667 ubi
377 3611 518 3664 facta
531 3605 821 3669 ordinatio,
850 3613 903 3656 et
927 3605 1158 3657 alterum
1194 3621 1211 3652 ι
1258 3603 1668 3672 peregrinorum
1695 3621 1714 3654 ι
1740 3617 1857 3657 mo-

269 3705 574 3758 nachorum
611 3701 662 3752 in
707 3693 1586 3762 Bethlebem,undel’auliuiauus
1615 3694 1682 3748 ad
1727 3691 1856 3762 Epi—

263 3797 526 3866 phanimu
557 3793 803 3854 Venerat)
841 3795 1092 3857 exempta
1128 3795 1486 3840 censerentur
1533 3791 1602 3839 ab
1636 3784 1858 3838 ordina-

263 3890 331 3944 rii
361 3885 746 3956 iurisdictione
784 3902 797 3938 :
834 3883 906 3936 ita
931 3891 992 3935 ut
1026 3881 1344 3950 quicunque
1369 3881 1669 3951 episcopus
1707 3881 1760 3935 in
1787 3882 1858 3937 iis

262 3989 472 4049 posset,
503 3979 547 4032 si
595 3985 900 4046 rogaretur,
943 3973 1078 4042 ipsis
1135 3973 1424 4028 monachis
1476 3987 1668 4027 sacros
1720 3988 1856 4028 con-

265 4073 406 4126 ferre
431 4070 672 4126 ordines.
716 4067 896 4136 Pergit
923 4079 1090 4134 porro
1119 4063 1464 4133 Epiphanius
1497 4080 1762 4120 excursare
1797 4080 1858 4120 se

263 4163 458 4219 Joauni
527 4162 612 4214 his
666 4158 846 4212 verbis
901 4175 914 4211 :
964 4177 981 4207 ι
1031 4156 1139 4212 Sed
1200 4165 1256 4210 et
1311 4157 1444 4211 illud
1506 4158 1860 4212 vehementer

265 4255 571 4309 admiratus
623 4266 744 4304 sum
796 4249 945 4319 quod
1005 4249 1145 4302 meis
1204 4247 1422 4302 locutus
1477 4263 1538 4302 es
1600 4248 1858 4314 clericis;

267 4361 522 4401 asserens
550 4353 604 4396 te
641 4358 736 4410 per
792 4349 1044 4394 sanctum
1090 4340 1466 4408 presbyterum
1516 4349 1572 4394 et
1609 4339 1858 4394 abbatem

267 4437 664 4493 monachorum
690 4432 1014 4498 Gregorium
1050 4431 1343 4484 mandasse
1377 4431 1532 4494 mihi,
1565 4446 1632 4485 ne
1665 4447 1860 4500 quem-

1948 601 2052 638 non
2089 596 2140 640 te
2167 599 2350 640 vertas
2372 589 2437 640 ad
2474 587 2602 648 alia,
2656 595 2713 638 ut
2751 579 3008 654 peccandi
3052 581 3401 636 occasionem
3447 577 3532 628 in-

1947 678 2163 732 venisse
2187 679 2440 743 videaris,
2477 678 2620 746 quod
2651 675 2922 745 Propheta
2949 674 3200 726 devitans
3231 670 3526 722 Dominum

1948 779 2222 838 precatur,
2257 771 2486 824 dicens:
2525 768 2650 822 Non
2688 767 2914 822 derlmes
2939 781 3218 819 cornicum
3263 763 3317 814 in
3375 757 3531 814 verba

1946 859 2170 912 malitia:
2241 859 2310 911 ad
2368 859 2696 912 excusandas
2757 857 3122 910 excusationes
3181 853 3237 904 in
3300 848 3531 919 peccatis

1947 948 2123 1019 (Psal.
2153 965 2278 1016 exn,
2305 950 2382 1020 4).
2411 969 2430 998 ο
2463 947 2670 1020 Nempe
2698 948 2914 1002 dolebat
2945 944 3234 1003 Joannem,
3261 941 3406 1011 quod
3433 955 3532 1008 pro

1957 1040 2303 1113 Origeuiaute
2339 1041 2560 1097 haeresis
2607 1041 2925 1096 defensione
2957 1037 3152 1091 fuisset
3192 1034 3262 1088 ab
3297 1031 3530 1101 Epiphac

1947 1135 2041 1190 nio
2071 1145 2396 1204 correptus;
2428 1144 2481 1188 et
2513 1150 2574 1189 ea
2611 1135 2678 1188 de
2703 1148 2865 1186 causa
2897 1130 3226 1184 dissidentes
3253 1126 3410 1178 abeo
3438 1121 3534 1190 qui

1949 1224 2288 1296 Hieronymo
2329 1227 2682 1281 adhaerebant
2730 1223 3050 1287 monachos,
3087 1221 3202 1290 ipse
3257 1217 3374 1272 suis
3419 1213 3538 1282 epi-

1951 1316 2110 1371 stolis
2143 1317 2476 1386 monitisque
2517 1317 2802 1370 roboraret
2842 1313 2906 1367 ad
2946 1309 3314 1366 constantiam
3349 1307 3402 1360 in
3443 1321 3532 1358 re-

1949 1411 2230 1479 pudiando
2287 1409 2568 1487 Origene;
2628 1423 2803 1476 eaque
2869 1404 2936 1458 de
2999 1416 3168 1457 causa
3231 1406 3456 1452 vexatos
3503 1410 3536 1448 a

1950 1499 2162 1555 Joanne
2203 1501 2582 1555 consolaretur
2614 1497 3034 1568 atqucjuvaret.

2019 1593 2110 1646 2|.
2138 1591 2202 1645 Et
2234 1595 2337 1647 hoc
2363 1602 2466 1655 est,
2495 1608 2605 1661 quo
2639 1591 2838 1661 stylum
2883 1587 3044 1641 vertit
3075 1581 3434 1654 Epiphanius,
3462 1578 3538 1631 ita

1950 1698 2290 1754 prosequens
2321 1690 2556 1750 emptam
2587 1680 2876 1750 epistolam
2918 1695 2932 1731 :
2964 1694 2982 1726 ι
3023 1674 3156 1728 Illud
3183 1685 3405 1742 quoque
3435 1683 3540 1720 au-

1952 1774 2110 1829 diens
2162 1773 2462 1826 admiratus
2507 1786 2652 1834 sum,
2703 1769 2846 1838 quod
2906 1767 3153 1836 quidam,
3212 1763 3304 1832 qui
3361 1759 3542 1814 solent

1955 1869 2100 1922 ultro
2127 1869 2374 1937 citroque
2413 1875 2633 1936 portare
2665 1863 3030 1920 rumusculos,
3076 1868 3127 1912 et
3161 1857 3248 1910 his
3273 1869 3412 1923 quae
3437 1866 3542 1904 au-

1953 1966 2171 2020 dierunt
2203 1979 2418 2032 semper
2454 1961 2674 2025 addere,
2726 1967 2784 2012 ut
2819 1957 3072 2012 tristitias
3105 1963 3159 2007 ct
3200 1951 3351 2005 rixas
3397 1947 3543 2000 inter

1955 2053 2152 2108 fratres
2185 2053 2482 2116 concitent,
2524 2063 2578 2106 te
2613 2065 2832 2119 quoque
2880 2047 3240 2102 turbaverunt
3283 2053 3337 2094 et
3385 2038 3546 2091 dixe-

1955 2155 2104 2212 runt,
2143 2143 2286 2215 quod
2318 2145 2370 2198 in
2403 2145 2677 2206 oratione,
2715 2141 2936 2210 quando
2959 2137 3244 2192 offerimus
3271 2128 3544 2187 sacrificia

1955 2233 2088 2300 Deo,
2155 2234 2431 2288 soleamus
2485 2247 2584 2302 pro
2649 2240 2701 2286 te
2757 2231 2960 2292 dicere,
3016 2226 3278 2289 Domine,
3344 2229 3546 2291 priests

1953 2325 2152 2382 Joanui
2189 2334 2248 2380 ut
2283 2337 2427 2380 recte
2469 2325 2675 2379 credat.
2708 2321 2828 2376 Noli
2870 2336 2969 2375 tios
3014 2319 3066 2373 in
3103 2326 3315 2372 tantum
3352 2323 3548 2383 putare

1954 2418 2214 2484 rusticos,
2269 2427 2330 2472 ut
2383 2418 2488 2472 hoc
2541 2428 2650 2471 tam
2707 2423 2893 2484 aperte
2945 2413 3126 2467 dicere
3173 2407 3544 2488 potuerimus,

1957 2510 2281 2580 Quanquam
2313 2510 2457 2564 enim
2491 2508 2596 2562 hoc
2626 2507 2680 2561 in
2723 2507 2888 2560 corde
2930 2520 3053 2558 meo
3090 2515 3308 2570 semper
3353 2509 3545 2560 orem;

1959 2613 2163 2667 tamen,
2206 2611 2267 2658 ut
2319 2601 2638 2672 simpliciter
2680 2600 2873 2664 fatear,
2917 2611 3198 2665 nunquam
3246 2593 3300 2646 in
3333 2590 3550 2643 alienas

1959 2711 2120 2752 aures
2147 2695 2372 2766 protuli,
2405 2709 2474 2748 ne
2503 2703 2554 2748 te
2587 2692 2802 2747 viderer
2831 2691 2979 2760 parvi
3017 2687 3271 2758 pendere,
3309 2683 3550 2738 dilectis-

1958 2787 2116 2842 sime.
2171 2785 2404 2853 Quando
2441 2795 2620 2840 autem
2667 2782 3060 2854 complevimus
3101 2777 3432 2842 orationem,
3459 2789 3550 2829 se-

1957 2879 2196 2934 cundum
2231 2878 2392 2932 ritum
2421 2878 2831 2950 mysteriorum,
2863 2884 2918 2929 et
2960 2887 3059 2944 pro
3079 2870 3340 2925 omnibus
3371 2878 3426 2922 et
3447 2881 3548 2936 pro

1958 2978 2008 3026 te
2033 2984 2253 3040 quoque
2281 2969 2542 3030 dicimus.
2569 2965 2793 3022 Custodi
2845 2965 2994 3017 illum
3029 2962 3122 3032 qui
3156 2959 3421 3030 prtedicat
3454 2971 3551 3010 ve-

1956 3061 2203 3126 ritatem;
2239 3059 2321 3114 vel
2350 3069 2520 3124 certe,
2550 3056 2632 3110 'l‘u
2673 3064 2888 3126 priesta,
2935 3052 3184 3113 Domine.
3223 3059 3277 3104 et
3305 3045 3550 3110 custodi,

1957 3163 2017 3208 ut
2057 3152 2146 3206 ille
2189 3150 2415 3205 verbum
2475 3149 2732 3220 pratdicet
2795 3145 3038 3200 veritatis
3083 3163 3096 3198 :
3135 3143 3276 3199 sicut
3325 3141 3550 3197 occasio

1953 3242 2223 3297 sermonis
2256 3257 2316 3297 se
2340 3241 2542 3308 tulerit,
2579 3249 2633 3295 et
2689 3239 2942 3293 habuerit
2979 3236 3156 3292 oratio
3197 3250 3550 3304 consequen-

1955 3333 2106 3386 tiam.
2183 3331 2526 3402 Quapropter
2577 3332 2806 3388 obsecro
2879 3340 2949 3395 te,
3031 3327 3418 3391 dilectissime,
3499 3332 3558 3378 et

1953 3423 2247 3478 advolutus
2281 3422 2516 3494 pedibus
2543 3423 2651 3476 tuis
2694 3435 2912 3490 precor,
2942 3434 3138 3490 prmsra
3185 3416 3316 3470 mihi
3345 3423 3404 3468 et
3428 3414 3552 3476 tibi,

1957 3524 2013 3568 ut
2041 3514 2295 3580 salveris,
2327 3515 2490 3570 sicuti
2521 3515 2784 3582 scriptum
2821 3523 2923 3576 est,
2965 3527 2994 3564 a
3035 3509 3392 3579 generatione
3427 3523 3475 3575 pi
3497 3521 3554 3558 r-

1961 3621 2111 3661 versa
2144 3606 2362 3678 (Matth.
2395 3621 2530 3672 πίνη,
2564 3606 2669 3676 l6),
2707 3615 2761 3660 et
2793 3603 2983 3660 recede
3014 3605 3082 3657 ab
3114 3600 3309 3656 haeresi
3354 3599 3556 3670 Orige-

1958 3699 2041 3753 uis
2085 3707 2141 3752 et
2189 3715 2218 3750 a
2271 3698 2482 3754 cunctis
2535 3698 2874 3759 bteresibus,
2937 3695 3314 3750 dilectissime.
3379 3690 3558 3745 Video

1957 3791 2099 3846 enim
2132 3791 2277 3860 quod
2313 3799 2533 3860 propter
2565 3791 2704 3843 hanc
2725 3803 2946 3843 causam
2981 3787 3161 3840 omnis
3187 3795 3377 3839 vestra
3412 3783 3558 3837 indi-

1958 3882 2143 3952 gnatio
2197 3883 2468 3936 concitata
2511 3880 2600 3944 sit,
2655 3881 2801 3950 quod
2857 3879 3160 3934 dixerimus
3207 3877 3390 3942 vobis,
3437 3874 3558 3930 Arii

1959 3984 2190 4044 patrem,
2221 3972 2508 4044 Origenem
2539 3974 2769 4036 scilicet,
2806 3981 2860 4026 et
2886 3973 3118 4026 aliarum
3147 3972 3433 4026 haereseon
3465 3984 3558 4022 ra-

1961 4070 2136 4126 dicem
2177 4083 2230 4126 et
2276 4081 2558 4140 parentem
2607 4071 2834 4125 laudare
2879 4087 2984 4124 non
3032 4070 3267 4126 debetis.
3303 4067 3370 4122 Et
3427 4083 3557 4122 cum

1963 4179 2059 4217 vos
2087 4178 2301 4218 orarem
2330 4178 2397 4216 ne
2435 4163 2510 4216 ita
2537 4162 2820 4228 erraretis,
2861 4171 2916 4216 et
2963 4177 3242 4216 monerem
3273 4179 3289 4226 ;
3331 4169 3564 4214 contra-

1961 4254 2202 4318 dixistis,
2234 4265 2288 4308 et
2321 4268 2407 4308 me
2437 4255 2504 4308 ad
2536 4253 2812 4308 tristitiam
2850 4266 3014 4326 atque
3045 4256 3110 4308 ad
3143 4256 3424 4326 lacrymas
3456 4251 3560 4307 ad-

1962 4344 2216 4408 duxistis,
2259 4359 2366 4398 uon
2402 4344 2577 4398 solum
2613 4353 2792 4399 autem
2835 4361 2941 4412 me,
2979 4345 3074 4400 sed
3117 4354 3172 4399 et
3193 4345 3333 4400 alios
3379 4344 3562 4414 pluri-

1964 4450 2083 4490 mos
2113 4435 2412 4490 catholicos
2459 4435 2555 4505 qui
2605 4435 2922 4490 intererant.
2969 4434 3101 4492 Inde
3151 4446 3212 4492 ut
3282 4437 3559 4506 intelligo,

266 4547 433 4602 quam
493 4529 843 4587 ordinat-em;
901 4533 954 4578 et
1001 4539 1103 4592 ego
1145 4523 1421 4590 pollicitus
1465 4522 1566 4577 sim
1633 4521 1850 4578 dicens:
1891 4547 1932 4601 υ
1962 4525 2079 4578 1]ωο
2098 4533 2180 4577 est
2213 4525 2392 4578 omnis
2423 4523 2726 4595 indignatio
2780 4532 2836 4578 et
2877 4525 2980 4579 iste
3013 4524 3172 4580 furor
3207 4537 3304 4581 :et
3345 4527 3562 4581 idcirco

267 4622 524 4694 Nunquid
559 4617 778 4688 juvenis
823 4632 945 4670 sum
997 4624 1092 4668 aut
1145 4630 1384 4670 canones
1435 4614 1668 4684 ignoro?
1713 4615 1856 4670 Audi

270 4717 433 4788 igitur
467 4714 748 4768 veritatem
779 4709 830 4762 in
881 4723 1136 4762 sermone
1183 4707 1298 4770 Dei,
1341 4723 1426 4761 me
1477 4723 1578 4763 nec
1619 4707 1726 4762 hoc
1755 4723 1858 4762 au-

267 4811 437 4874 disse,
472 4823 571 4860 uee
601 4819 786 4867 nosse,
837 4818 938 4856 nec
971 4801 1131 4854 istius
1172 4799 1446 4876 sermonis
1500 4799 1720 4868 penitus
1769 4817 1856 4854 re-

265 4903 504 4958 cordari.
543 4899 870 4968 Suspicatus
909 4911 1031 4948 sum
1078 4910 1148 4947 ne
1195 4892 1424 4946 forsitan
1467 4891 1608 4945 inter
1662 4892 1856 4956 multa,

267 4996 425 5065 quasi
475 4995 665 5058 homo,
714 4991 920 5044 olzlitus
973 5003 1186 5049 essem;
1237 4995 1290 5039 et
1330 4987 1401 5040 ob
1447 4987 1588 5042 hanc
1633 5003 1856 5042 causam

267 5093 518 5140 sanctum
566 5081 890 5151 Gregorium
943 5078 1256 5132 sciscitatus
1291 5091 1436 5138 sum,
1486 5085 1540 5129 et
1579 5074 1856 5129 Zenonem

269 5175 526 5248 prcsbytc
561 5190 650 5226 um
679 5173 773 5240 qui
805 5188 928 5224 (ll'll
949 5185 1015 5222 eo
1050 5177 1154 5222 est.
1201 5165 1240 5218 Ε
1281 5166 1483 5235 quibus
1515 5165 1685 5219 abbas
1718 5163 1854 5218 Gre-

270 5269 461 5336 gorius
491 5264 796 5332 respondit,
828 5278 887 5316 se
932 5263 1034 5314 hoc
1084 5259 1303 5332 penitus
1347 5259 1624 5325 ignorare.
1671 5256 1857 5311 Zenon

271 5371 454 5414 autem
485 5357 643 5416 «Ιίλιῑ,
673 5354 800 5422 quia
827 5369 951 5406 cum
983 5353 1031 5405 ei
1069 5352 1352 5421 presbyter
1390 5339 1638 5402 Bullinus
1675 5348 1859 5401 nescio

269 5467 386 5519 quze
418 5450 524 5502 alia
572 5444 888 5500 transitorie
913 5443 1250 5512 loqueretur,
1276 5442 1440 5495 etiam
1477 5441 1580 5493 hoc
1607 5439 1810 5492 dixerit
1841 5457 1855 5492 :

271 5541 508 5596 Putasne
537 5538 752 5608 aliquos
777 5534 1134 5589 ordinaturus
1161 5543 1243 5586 est
1273 5541 1498 5586 sanctus
1523 5531 1814 5600 episcopus
1836 5533 1860 5582 ’ἰ

271 5643 325 5688 et
361 5631 589 5700 hujusce
619 5629 836 5684 stetisse
861 5637 1174 5680 sermonem
1211 5641 1224 5676 :
1268 5634 1367 5692 ego
1411 5632 1593 5676 autem
1621 5620 1858 5691 Epipha-

273 5725 400 5779 nius
441 5739 538 5776 nee
578 5720 759 5776 audivi
817 5715 1142 5790 quidquam,
1202 5729 1298 5766 nec
1347 5713 1622 5782 respondi.
1681 5711 1855 5776 Unde,

289 5814 663 5881 dilectissime,
708 5827 815 5868 non
850 5820 901 5865 te
941 5805 1236 5878 praeveniat
1269 5803 1442 5871 furor,
1489 5793 1858 5870 ucc‘oceupet

1965 4614 2374 4670 eomminamini
2399 4615 2544 4684 quod
2576 4615 2804 4670 mittatis
2827 4617 3119 4672 adversum
3146 4633 3232 4670 me
3263 4617 3562 4686 epistolas,

1975 4715 2035 4761 ut
2063 4706 2170 4762 huc
2201 4707 2442 4771 illucque
2473 4721 2654 4761 sermo
2684 4717 2866 4762 vester
2895 4707 3208 4773 discurrat;
3246 4719 3300 4763 et
3330 4719 3563 4778 propter

1963 4799 2334 4854 defensionem
2369 4799 2635 4856 lirereseos
2669 4799 2958 4854 adversum
2997 4816 3085 4855 me
3115 4801 3243 4855 odia
3275 4802 3562 4856 suscitan-

1963 4903 2064 4954 tes,
2102 4892 2356 4960 rumpitis
2387 4891 2706 4946 charitatem
2743 4908 2908 4962 quam
2932 4891 2986 4945 in
3023 4893 3180 4948 vobis
3231 4893 3560 4955 habuimus.

1965 4985 2017 5037 in
2051 4991 2258 5037 tantum
2288 4990 2348 5036 ut
2371 4981 2606 5037 feceritis
2629 4997 2729 5037 nos
2758 4983 2923 5036 etiam
2957 4984 3338 5052 paenitentiam
3365 4999 3558 5052 agere,

1965 5087 2136 5142 quare
2183 5071 2466 5126 vobiscum
2510 5072 3123 5136 communicavcrimus,
3177 5072 3250 5126 ita
3296 5073 3562 5146 Origenis

1961 5178 2178 5218 errores
2197 5170 2251 5216 et
2275 5163 2526 5232 dogmata
2552 5160 2924 5219 defendentes.
2946 5161 3284 5234 Simpliciter
3314 5166 3519 5236 loquor
3543 5185 3556 5220 :

1963 5271 2064 5309 nos
2109 5253 2410 5310 secundum
2457 5251 2604 5322 quod
2653 5252 2916 5322 scriptum
2967 5264 3054 5309 est
3098 5254 3319 5326 (Matth.
3371 5273 3428 5322 v,
3485 5257 3562 5314 29

1963 5355 2133 5416 sqq.),
2168 5359 2268 5398 nec
2307 5343 2470 5399 oculo
2505 5349 2694 5397 nostro
2726 5344 3028 5412 parcimus,
3066 5356 3128 5400 ut
3161 5363 3272 5401 non
3321 5347 3561 5403 elfodia-

1967 5453 2088 5491 mus
2119 5452 2265 5500 eum,
2303 5437 2348 5490 si
2385 5452 2487 5490 nos
2529 5435 3014 5504 scandalizaverit;
3051 5454 3152 5493 nec
3192 5440 3406 5506 manui,
3457 5456 3560 5496 nc-

1969 5545 2075 5599 que
2105 5528 2227 5598 pedi
2267 5527 2312 5581 si
2355 5527 2511 5581 nobis
2563 5527 2876 5580 scandalum
2911 5527 3122 5583 fecerit.
3152 5529 3220 5584 Et
3265 5546 3362 5587 vos
3394 5547 3555 5602 ergo.

1963 5622 2077 5675 sive
2107 5617 2272 5676 oculi.
2299 5619 2416 5672 sire
2443 5633 2658 5681 manus,
2709 5619 2826 5675 sive
2870 5620 3034 5690 pedes
3067 5620 3307 5690 fueritis,
3346 5624 3558 5681 similia

1966 5709 2327 5768 sustinebitis.
2343 5729 2359 5757 ι

2037 5799 2126 5854 22.
2167 5797 2346 5868 Pergit
2392 5799 2582 5854 deinde
2627 5815 2688 5854 ex
2733 5799 2888 5856 libris
2935 5803 3074 5872 Περὶ
3127 5803 3334 5874 ἀρχῶν
3379 5805 3557 5879 εκριίο
