  <div class='ocr_page' id='page_1' title='image "/cluster/home/n/w/nwhite01/storage/ocr_20150623/41/mdp.39015008169818/086.png"; bbox 0 0 3842 6120; ppageno 0'>
   <div class='ocr_carea' id='block_1_1' title="bbox 266 250 376 305">
    <p class='ocr_par' dir='ltr' id='par_1_1' title="bbox 266 250 376 305">
     <span class='ocr_line' id='line_1_1' title="bbox 266 250 376 305; baseline 0.045 -4"><span class='ocrx_word' id='word_1_1' title='bbox 266 250 376 305; x_wconf 63' lang='lat'><strong>1‘29</strong></span> 
     </span>
    </p>
   </div>
   <div class='ocr_carea' id='block_1_2' title="bbox 1304 260 2520 349">
    <p class='ocr_par' dir='ltr' id='par_1_2' title="bbox 1304 260 2520 349">
     <span class='ocr_line' id='line_1_2' title="bbox 1304 260 2520 349; baseline 0.011 -33"><span class='ocrx_word' id='word_1_2' title='bbox 1304 262 1361 317; x_wconf 90' lang='lat' dir='ltr'><strong>S.</strong></span> <span class='ocrx_word' id='word_1_3' title='bbox 1398 260 1739 321; x_wconf 75' lang='lat' dir='ltr'><strong>EPIPIIANII</strong></span> <span class='ocrx_word' id='word_1_4' title='bbox 1799 266 1983 323; x_wconf 74' lang='lat' dir='ltr'><strong>ACTA</strong></span> <span class='ocrx_word' id='word_1_5' title='bbox 2022 268 2520 349; x_wconf 68' lang='grc' dir='ltr'><strong>ΒοιιᾼΝηιΑΝΑ.</strong></span> 
     </span>
    </p>
   </div>
   <div class='ocr_carea' id='block_1_3' title="bbox 3431 286 3534 342">
    <p class='ocr_par' dir='ltr' id='par_1_3' title="bbox 3431 286 3534 342">
     <span class='ocr_line' id='line_1_3' title="bbox 3431 286 3534 342; baseline -0.01 0"><span class='ocrx_word' id='word_1_6' title='bbox 3431 286 3534 342; x_wconf 76' lang='grc'><strong>150</strong></span> 
     </span>
    </p>
   </div>
   <div class='ocr_carea' id='block_1_4' title="bbox 271 368 3528 471">
    <p class='ocr_par' dir='ltr' id='par_1_4' title="bbox 271 368 3528 471">
     <span class='ocr_line' id='line_1_4' title="bbox 271 368 3528 471; baseline 0.013 -53"><span class='ocrx_word' id='word_1_7' title='bbox 271 379 415 428; x_wconf 86' lang='lat' dir='ltr'><strong>care,</strong></span> <span class='ocrx_word' id='word_1_8' title='bbox 438 381 603 435; x_wconf 80' lang='lat' dir='ltr'><strong>quam</strong></span> <span class='ocrx_word' id='word_1_9' title='bbox 638 368 865 426; x_wconf 91' lang='lat' dir='ltr'><strong>minime</strong></span> <span class='ocrx_word' id='word_1_10' title='bbox 882 373 1120 429; x_wconf 71' lang='lat' dir='ltr'><strong>ferendae</strong></span> <span class='ocrx_word' id='word_1_11' title='bbox 1151 376 1437 435; x_wconf 89' lang='lat' dir='ltr'><strong>catholicis</strong></span> <span class='ocrx_word' id='word_1_12' title='bbox 1476 382 1701 436; x_wconf 82' lang='lat' dir='ltr'><strong>auribus</strong></span> <span class='ocrx_word' id='word_1_13' title='bbox 1738 385 1847 437; x_wconf 84' lang='lat' dir='ltr'><strong>sint</strong></span> <span class='ocrx_word' id='word_1_14' title='bbox 1877 388 1922 446; x_wconf 81' lang='grc' dir='ltr'><strong>Α</strong></span> <span class='ocrx_word' id='word_1_15' title='bbox 1949 385 2102 440; x_wconf 89' lang='lat' dir='ltr'><strong>daret</strong></span> <span class='ocrx_word' id='word_1_16' title='bbox 2136 387 2314 442; x_wconf 83' lang='lat' dir='ltr'><strong>velum</strong></span> <span class='ocrx_word' id='word_1_17' title='bbox 2352 399 2516 460; x_wconf 83' lang='lat' dir='ltr'><strong>atque</strong></span> <span class='ocrx_word' id='word_1_18' title='bbox 2560 400 2815 448; x_wconf 81' lang='lat' dir='ltr'><strong>mutaret.</strong></span> <span class='ocrx_word' id='word_1_19' title='bbox 2861 396 3015 463; x_wconf 86' lang='lat' dir='ltr'><strong>Quod</strong></span> <span class='ocrx_word' id='word_1_20' title='bbox 3056 414 3180 453; x_wconf 90' lang='lat' dir='ltr'><strong>cum</strong></span> <span class='ocrx_word' id='word_1_21' title='bbox 3228 402 3528 471; x_wconf 80' lang='lat' dir='ltr'><strong>audissem,</strong></span> 
     </span>
    </p>
   </div>
   <div class='ocr_carea' id='block_1_5' title="bbox 272 458 1846 539">
    <p class='ocr_par' dir='ltr' id='par_1_5' title="bbox 272 458 1846 539">
     <span class='ocr_line' id='line_1_5' title="bbox 272 458 1846 539; baseline 0.012 -30"><span class='ocrx_word' id='word_1_22' title='bbox 272 458 673 525; x_wconf 80' lang='lat' dir='ltr'><strong>prepositiones</strong></span> <span class='ocrx_word' id='word_1_23' title='bbox 723 462 972 531; x_wconf 61' lang='lat' dir='ltr'><strong>quaedam</strong></span> <span class='ocrx_word' id='word_1_24' title='bbox 1030 465 1304 535; x_wconf 89' lang='lat' dir='ltr'><strong>Origenis.</strong></span> <span class='ocrx_word' id='word_1_25' title='bbox 1361 469 1485 525; x_wconf 91' lang='lat' dir='ltr'><strong>istic</strong></span> <span class='ocrx_word' id='word_1_26' title='bbox 1535 482 1846 539; x_wconf 59' lang='lat' dir='ltr'><strong>contentae;</strong></span> 
     </span>
    </p>
   </div>
   <div class='ocr_carea' id='block_1_6' title="bbox 268 550 1846 634">
    <p class='ocr_par' dir='ltr' id='par_1_6' title="bbox 268 550 1846 634">
     <span class='ocr_line' id='line_1_6' title="bbox 268 550 1846 634; baseline 0.013 -35"><span class='ocrx_word' id='word_1_27' title='bbox 268 550 520 615; x_wconf 76' lang='lat' dir='ltr'><strong>quamvis</strong></span> <span class='ocrx_word' id='word_1_28' title='bbox 567 550 765 621; x_wconf 83' lang='lat' dir='ltr'><strong>inquit,</strong></span> <span class='ocrx_word' id='word_1_29' title='bbox 812 573 831 604; x_wconf 86' lang='grc'><strong><em>‹</em></strong></span> <span class='ocrx_word' id='word_1_30' title='bbox 891 555 1026 609; x_wconf 85' lang='lat' dir='ltr'><strong>nihil</strong></span> <span class='ocrx_word' id='word_1_31' title='bbox 1067 557 1202 612; x_wconf 90' lang='lat' dir='ltr'><strong>mihi</strong></span> <span class='ocrx_word' id='word_1_32' title='bbox 1247 560 1517 631; x_wconf 71' lang='lat' dir='ltr'><strong>subripuit</strong></span> <span class='ocrx_word' id='word_1_33' title='bbox 1560 561 1846 634; x_wconf 82' lang='lat' dir='ltr'><strong>Origenes,</strong></span> 
     </span>
    </p>
   </div>
   <div class='ocr_carea' id='block_1_7' title="bbox 271 640 1848 727">
    <p class='ocr_par' dir='ltr' id='par_1_7' title="bbox 271 640 1848 727">
     <span class='ocr_line' id='line_1_7' title="bbox 271 640 1848 727; baseline 0.015 -37"><span class='ocrx_word' id='word_1_34' title='bbox 271 654 367 692; x_wconf 90' lang='lat' dir='ltr'><strong>nec</strong></span> <span class='ocrx_word' id='word_1_35' title='bbox 398 640 454 692; x_wconf 90' lang='lat' dir='ltr'><strong>in</strong></span> <span class='ocrx_word' id='word_1_36' title='bbox 487 656 607 694; x_wconf 79' lang='lat' dir='ltr'><strong>mea</strong></span> <span class='ocrx_word' id='word_1_37' title='bbox 638 644 991 710; x_wconf 76' lang='lat' dir='ltr'><strong>generatione</strong></span> <span class='ocrx_word' id='word_1_38' title='bbox 1046 647 1171 714; x_wconf 89' lang='lat' dir='ltr'><strong>fuit,</strong></span> <span class='ocrx_word' id='word_1_39' title='bbox 1224 666 1324 706; x_wconf 90' lang='lat' dir='ltr'><strong>nec</strong></span> <span class='ocrx_word' id='word_1_40' title='bbox 1373 663 1594 723; x_wconf 83' lang='lat' dir='ltr'><strong>propter</strong></span> <span class='ocrx_word' id='word_1_41' title='bbox 1632 658 1848 727; x_wconf 88' lang='lat' dir='ltr'><strong>aliquas</strong></span> 
     </span>
    </p>
   </div>
   <div class='ocr_carea' id='block_1_8' title="bbox 266 731 1844 801">
    <p class='ocr_par' dir='ltr' id='par_1_8' title="bbox 266 731 1844 801">
     <span class='ocr_line' id='line_1_8' title="bbox 266 731 1844 801; baseline 0.013 -21"><span class='ocrx_word' id='word_1_42' title='bbox 266 743 353 783; x_wconf 88' lang='lat' dir='ltr'><strong>res</strong></span> <span class='ocrx_word' id='word_1_43' title='bbox 380 731 570 784; x_wconf 92' lang='lat' dir='ltr'><strong>mundi</strong></span> <span class='ocrx_word' id='word_1_44' title='bbox 618 742 715 786; x_wconf 90' lang='lat' dir='ltr'><strong>aut</strong></span> <span class='ocrx_word' id='word_1_45' title='bbox 765 735 1135 793; x_wconf 65' lang='lat' dir='ltr'><strong>haereditatem</strong></span> <span class='ocrx_word' id='word_1_46' title='bbox 1179 741 1364 796; x_wconf 89' lang='lat' dir='ltr'><strong>odium</strong></span> <span class='ocrx_word' id='word_1_47' title='bbox 1411 744 1677 800; x_wconf 81' lang='lat' dir='ltr'><strong>adversus</strong></span> <span class='ocrx_word' id='word_1_48' title='bbox 1719 764 1844 801; x_wconf 90' lang='lat' dir='ltr'><strong>cum</strong></span> 
     </span>
    </p>
   </div>
   <div class='ocr_carea' id='block_1_9' title="bbox 264 826 1848 908">
    <p class='ocr_par' dir='ltr' id='par_1_9' title="bbox 264 826 1848 908">
     <span class='ocr_line' id='line_1_9' title="bbox 264 826 1848 908; baseline 0.015 -36"><span class='ocrx_word' id='word_1_49' title='bbox 264 835 584 890; x_wconf 87' lang='lat' dir='ltr'><strong>pugnasque</strong></span> <span class='ocrx_word' id='word_1_50' title='bbox 608 826 858 894; x_wconf 88' lang='lat' dir='ltr'><strong>suscepi;</strong></span> <span class='ocrx_word' id='word_1_51' title='bbox 897 830 991 883; x_wconf 90' lang='lat' dir='ltr'><strong>sed</strong></span> <span class='ocrx_word' id='word_1_52' title='bbox 1050 830 1132 900; x_wconf 92' lang='lat' dir='ltr'><strong>(ut</strong></span> <span class='ocrx_word' id='word_1_53' title='bbox 1164 831 1486 901; x_wconf 85' lang='lat' dir='ltr'><strong>simpliciter</strong></span> <span class='ocrx_word' id='word_1_54' title='bbox 1522 834 1719 908; x_wconf 88' lang='lat' dir='ltr'><strong>fatear)</strong></span> <span class='ocrx_word' id='word_1_55' title='bbox 1747 841 1848 896; x_wconf 87' lang='lat' dir='ltr'><strong>do-</strong></span> 
     </span>
    </p>
   </div>
   <div class='ocr_carea' id='block_1_10' title="bbox 262 909 1846 996">
    <p class='ocr_par' dir='ltr' id='par_1_10' title="bbox 262 909 1846 996">
     <span class='ocr_line' id='line_1_10' title="bbox 262 909 1846 996; baseline 0.016 -35"><span class='ocrx_word' id='word_1_56' title='bbox 262 909 370 975; x_wconf 88' lang='lat' dir='ltr'><strong>leo,</strong></span> <span class='ocrx_word' id='word_1_57' title='bbox 413 923 468 965; x_wconf 89' lang='lat' dir='ltr'><strong>et</strong></span> <span class='ocrx_word' id='word_1_58' title='bbox 508 913 668 968; x_wconf 89' lang='lat' dir='ltr'><strong>valde</strong></span> <span class='ocrx_word' id='word_1_59' title='bbox 712 916 895 982; x_wconf 88' lang='lat' dir='ltr'><strong>doleo,</strong></span> <span class='ocrx_word' id='word_1_60' title='bbox 948 920 1139 975; x_wconf 88' lang='lat' dir='ltr'><strong>videns</strong></span> <span class='ocrx_word' id='word_1_61' title='bbox 1191 923 1456 992; x_wconf 80' lang='lat' dir='ltr'><strong>plurimus</strong></span> <span class='ocrx_word' id='word_1_62' title='bbox 1508 928 1760 996; x_wconf 78' lang='lat' dir='ltr'><strong>fratrum,</strong></span> <span class='ocrx_word' id='word_1_63' title='bbox 1792 942 1846 987; x_wconf 89' lang='lat' dir='ltr'><strong>et</strong></span> 
     </span>
    </p>
   </div>
   <div class='ocr_carea' id='block_1_11' title="bbox 257 1004 1845 1079">
    <p class='ocr_par' dir='ltr' id='par_1_11' title="bbox 257 1004 1845 1079">
     <span class='ocr_line' id='line_1_11' title="bbox 257 1004 1845 1079; baseline 0.016 -26"><span class='ocrx_word' id='word_1_64' title='bbox 257 1014 448 1055; x_wconf 89' lang='lat' dir='ltr'><strong>eorum</strong></span> <span class='ocrx_word' id='word_1_65' title='bbox 481 1004 758 1074; x_wconf 64' lang='lat' dir='ltr'><strong>praecipue</strong></span> <span class='ocrx_word' id='word_1_66' title='bbox 791 1010 887 1077; x_wconf 92' lang='lat' dir='ltr'><strong>qui</strong></span> <span class='ocrx_word' id='word_1_67' title='bbox 920 1012 1315 1079; x_wconf 84' lang='lat' dir='ltr'><strong>professionem</strong></span> <span class='ocrx_word' id='word_1_68' title='bbox 1355 1017 1556 1073; x_wconf 87' lang='lat' dir='ltr'><strong>habent</strong></span> <span class='ocrx_word' id='word_1_69' title='bbox 1589 1036 1698 1076; x_wconf 91' lang='lat' dir='ltr'><strong>non</strong></span> <span class='ocrx_word' id='word_1_70' title='bbox 1738 1024 1845 1078; x_wconf 90' lang='lat' dir='ltr'><strong>mi-</strong></span> 
     </span>
    </p>
   </div>
   <div class='ocr_carea' id='block_1_12' title="bbox 258 1088 1841 1171">
    <p class='ocr_par' dir='ltr' id='par_1_12' title="bbox 258 1088 1841 1171">
     <span class='ocr_line' id='line_1_12' title="bbox 258 1088 1841 1171; baseline 0.018 -31"><span class='ocrx_word' id='word_1_71' title='bbox 258 1088 488 1157; x_wconf 85' lang='lat' dir='ltr'><strong>nimam,</strong></span> <span class='ocrx_word' id='word_1_72' title='bbox 528 1093 659 1147; x_wconf 84' lang='lat' dir='ltr'><strong>etin</strong></span> <span class='ocrx_word' id='word_1_73' title='bbox 701 1096 930 1164; x_wconf 79' lang='lat' dir='ltr'><strong>gratiqu</strong></span> <span class='ocrx_word' id='word_1_74' title='bbox 961 1114 1182 1171; x_wconf 86' lang='lat' dir='ltr'><strong>quoque</strong></span> <span class='ocrx_word' id='word_1_75' title='bbox 1216 1107 1504 1161; x_wconf 76' lang='lat' dir='ltr'><strong>sacerdotii</strong></span> <span class='ocrx_word' id='word_1_76' title='bbox 1540 1112 1841 1167; x_wconf 83' lang='lat' dir='ltr'><strong>maximum</strong></span> 
     </span>
    </p>
   </div>
   <div class='ocr_carea' id='block_1_13' title="bbox 254 1186 1841 1272">
    <p class='ocr_par' dir='ltr' id='par_1_13' title="bbox 254 1186 1841 1272">
     <span class='ocr_line' id='line_1_13' title="bbox 254 1186 1841 1272; baseline 0.016 -40"><span class='ocrx_word' id='word_1_77' title='bbox 254 1194 644 1251; x_wconf 87' lang='lat' dir='ltr'><strong>pervenerunt,</strong></span> <span class='ocrx_word' id='word_1_78' title='bbox 690 1186 809 1254; x_wconf 89' lang='lat' dir='ltr'><strong>ejus</strong></span> <span class='ocrx_word' id='word_1_79' title='bbox 837 1192 1290 1256; x_wconf 81' lang='lat' dir='ltr'><strong>persuasionibus</strong></span> <span class='ocrx_word' id='word_1_80' title='bbox 1316 1196 1594 1266; x_wconf 81' lang='lat' dir='ltr'><strong>deceptos,</strong></span> <span class='ocrx_word' id='word_1_81' title='bbox 1633 1210 1687 1255; x_wconf 91' lang='lat' dir='ltr'><strong>et</strong></span> <span class='ocrx_word' id='word_1_82' title='bbox 1713 1218 1841 1272; x_wconf 79' lang='lat' dir='ltr'><strong>per-</strong></span> 
     </span>
    </p>
   </div>
   <div class='ocr_carea' id='block_1_14' title="bbox 253 1272 1833 1346">
    <p class='ocr_par' dir='ltr' id='par_1_14' title="bbox 253 1272 1833 1346">
     <span class='ocr_line' id='line_1_14' title="bbox 253 1272 1833 1346; baseline 0.016 -24"><span class='ocrx_word' id='word_1_83' title='bbox 253 1272 576 1329; x_wconf 80' lang='lat' dir='ltr'><strong>versissima</strong></span> <span class='ocrx_word' id='word_1_84' title='bbox 630 1275 882 1332; x_wconf 87' lang='lat' dir='ltr'><strong>doctrina</strong></span> <span class='ocrx_word' id='word_1_85' title='bbox 933 1281 1087 1337; x_wconf 85' lang='lat' dir='ltr'><strong>cibos</strong></span> <span class='ocrx_word' id='word_1_86' title='bbox 1140 1283 1315 1340; x_wconf 88' lang='lat' dir='ltr'><strong>factos</strong></span> <span class='ocrx_word' id='word_1_87' title='bbox 1361 1302 1483 1342; x_wconf 89' lang='lat' dir='ltr'><strong>esse</strong></span> <span class='ocrx_word' id='word_1_88' title='bbox 1534 1290 1759 1346; x_wconf 89' lang='lat' dir='ltr'><strong>diaboli.</strong></span> <span class='ocrx_word' id='word_1_89' title='bbox 1813 1312 1833 1346; x_wconf 74' lang='grc' dir='ltr'><strong><em>ι</em></strong></span> 
     </span>
    </p>
   </div>
   <div class='ocr_carea' id='block_1_15' title="bbox 249 1360 1836 1454">
    <p class='ocr_par' dir='ltr' id='par_1_15' title="bbox 249 1360 1836 1454">
     <span class='ocr_line' id='line_1_15' title="bbox 249 1360 1836 1454; baseline 0.016 -39"><span class='ocrx_word' id='word_1_90' title='bbox 249 1360 498 1419; x_wconf 86' lang='lat' dir='ltr'><strong>Conatur</strong></span> <span class='ocrx_word' id='word_1_91' title='bbox 526 1365 694 1435; x_wconf 83' lang='lat' dir='ltr'><strong>igitur</strong></span> <span class='ocrx_word' id='word_1_92' title='bbox 723 1386 754 1424; x_wconf 90' lang='lat' dir='ltr'><strong>a</strong></span> <span class='ocrx_word' id='word_1_93' title='bbox 790 1375 1071 1441; x_wconf 90' lang='lat' dir='ltr'><strong>sequendo</strong></span> <span class='ocrx_word' id='word_1_94' title='bbox 1104 1384 1159 1430; x_wconf 91' lang='lat' dir='ltr'><strong>et</strong></span> <span class='ocrx_word' id='word_1_95' title='bbox 1206 1377 1547 1436; x_wconf 88' lang='lat' dir='ltr'><strong>defendendo</strong></span> <span class='ocrx_word' id='word_1_96' title='bbox 1586 1382 1836 1454; x_wconf 85' lang='lat' dir='ltr'><strong>Origene,</strong></span> 
     </span>
    </p>
   </div>
   <div class='ocr_carea' id='block_1_16' title="bbox 249 1456 1838 1545">
    <p class='ocr_par' dir='ltr' id='par_1_16' title="bbox 249 1456 1838 1545">
     <span class='ocr_line' id='line_1_16' title="bbox 249 1456 1838 1545; baseline 0.016 -40"><span class='ocrx_word' id='word_1_97' title='bbox 249 1456 568 1523; x_wconf 85' lang='lat' dir='ltr'><strong>monendo,</strong></span> <span class='ocrx_word' id='word_1_98' title='bbox 621 1459 915 1529; x_wconf 88' lang='lat' dir='ltr'><strong>hortando,</strong></span> <span class='ocrx_word' id='word_1_99' title='bbox 964 1464 1298 1535; x_wconf 89' lang='lat' dir='ltr'><strong>increpando</strong></span> <span class='ocrx_word' id='word_1_100' title='bbox 1346 1468 1610 1527; x_wconf 87' lang='lat' dir='ltr'><strong>Joannem</strong></span> <span class='ocrx_word' id='word_1_101' title='bbox 1660 1492 1838 1545; x_wconf 91' lang='lat' dir='ltr'><strong>quan-</strong></span> 
     </span>
    </p>
   </div>
   <div class='ocr_carea' id='block_1_17' title="bbox 249 1547 1833 1622">
    <p class='ocr_par' dir='ltr' id='par_1_17' title="bbox 249 1547 1833 1622">
     <span class='ocr_line' id='line_1_17' title="bbox 249 1547 1833 1622; baseline 0.016 -24"><span class='ocrx_word' id='word_1_102' title='bbox 249 1555 363 1599; x_wconf 88' lang='lat' dir='ltr'><strong>tum</strong></span> <span class='ocrx_word' id='word_1_103' title='bbox 397 1547 453 1600; x_wconf 93' lang='lat' dir='ltr'><strong>in</strong></span> <span class='ocrx_word' id='word_1_104' title='bbox 478 1560 679 1604; x_wconf 67' lang='lat' dir='ltr'><strong>seet-at</strong></span> <span class='ocrx_word' id='word_1_105' title='bbox 717 1552 988 1609; x_wconf 87' lang='lat' dir='ltr'><strong>abducere</strong></span> <span class='ocrx_word' id='word_1_106' title='bbox 1017 1572 1033 1610; x_wconf 91' lang='lat'><strong>:</strong></span> <span class='ocrx_word' id='word_1_107' title='bbox 1068 1567 1182 1611; x_wconf 91' lang='lat' dir='ltr'><strong>tum</strong></span> <span class='ocrx_word' id='word_1_108' title='bbox 1216 1560 1283 1614; x_wconf 84' lang='lat' dir='ltr'><strong>ad</strong></span> <span class='ocrx_word' id='word_1_109' title='bbox 1307 1562 1392 1616; x_wconf 91' lang='lat' dir='ltr'><strong>sui</strong></span> <span class='ocrx_word' id='word_1_110' title='bbox 1425 1567 1833 1622; x_wconf 81' lang='lat' dir='ltr'><strong>excusationem</strong></span> 
     </span>
    </p>
   </div>
   <div class='ocr_carea' id='block_1_18' title="bbox 246 1637 1833 1724">
    <p class='ocr_par' dir='ltr' id='par_1_18' title="bbox 246 1637 1833 1724">
     <span class='ocr_line' id='line_1_18' title="bbox 246 1637 1833 1724; baseline 0.014 -35"><span class='ocrx_word' id='word_1_111' title='bbox 246 1637 445 1692; x_wconf 87' lang='lat' dir='ltr'><strong>iterum</strong></span> <span class='ocrx_word' id='word_1_112' title='bbox 477 1640 767 1709; x_wconf 82' lang='lat' dir='ltr'><strong>relabitur,</strong></span> <span class='ocrx_word' id='word_1_113' title='bbox 803 1648 1136 1719; x_wconf 79' lang='lat' dir='ltr'><strong>exponitque</strong></span> <span class='ocrx_word' id='word_1_114' title='bbox 1161 1649 1382 1719; x_wconf 88' lang='lat' dir='ltr'><strong>factum,</strong></span> <span class='ocrx_word' id='word_1_115' title='bbox 1416 1657 1562 1724; x_wconf 89' lang='lat' dir='ltr'><strong>quod</strong></span> <span class='ocrx_word' id='word_1_116' title='bbox 1609 1667 1661 1711; x_wconf 91' lang='lat' dir='ltr'><strong>et</strong></span> <span class='ocrx_word' id='word_1_117' title='bbox 1697 1659 1833 1714; x_wconf 89' lang='lat' dir='ltr'><strong>insi-</strong></span> 
     </span>
    </p>
   </div>
   <div class='ocr_carea' id='block_1_19' title="bbox 242 1727 2145 1822">
    <p class='ocr_par' dir='ltr' id='par_1_19' title="bbox 242 1727 2145 1822">
     <span class='ocr_line' id='line_1_19' title="bbox 242 1727 2145 1822; baseline 0.017 -43"><span class='ocrx_word' id='word_1_118' title='bbox 242 1743 410 1796; x_wconf 85' lang='lat' dir='ltr'><strong>gnem</strong></span> <span class='ocrx_word' id='word_1_119' title='bbox 464 1731 588 1798; x_wconf 86' lang='lat' dir='ltr'><strong>ejus</strong></span> <span class='ocrx_word' id='word_1_120' title='bbox 638 1734 817 1788; x_wconf 85' lang='lat' dir='ltr'><strong>zelum</strong></span> <span class='ocrx_word' id='word_1_121' title='bbox 866 1740 1124 1805; x_wconf 83' lang='lat' dir='ltr'><strong>ostendit,</strong></span> <span class='ocrx_word' id='word_1_122' title='bbox 1177 1742 1228 1795; x_wconf 90' lang='lat' dir='ltr'><strong>in</strong></span> <span class='ocrx_word' id='word_1_123' title='bbox 1291 1748 1533 1801; x_wconf 79' lang='lat' dir='ltr'><strong>cavendo</strong></span> <span class='ocrx_word' id='word_1_124' title='bbox 1570 1764 1637 1802; x_wconf 87' lang='lat' dir='ltr'><strong>eo</strong></span> <span class='ocrx_word' id='word_1_125' title='bbox 1680 1752 1828 1804; x_wconf 90' lang='lat' dir='ltr'><strong>omni</strong></span> <span class='ocrx_word' id='word_1_126' title='bbox 1866 1727 1905 1780; x_wconf 73' lang='grc' dir='ltr'><strong><em>Β</em></strong></span> <span class='ocrx_word' id='word_1_127' title='bbox 1927 1754 2145 1822; x_wconf 87' lang='lat' dir='ltr'><strong>jusdam</strong></span> 
     </span>
    </p>
   </div>
   <div class='ocr_carea' id='block_1_20' title="bbox 241 1821 1834 1908">
    <p class='ocr_par' dir='ltr' id='par_1_20' title="bbox 241 1821 1834 1908">
     <span class='ocr_line' id='line_1_20' title="bbox 241 1821 1834 1908; baseline 0.014 -37"><span class='ocrx_word' id='word_1_128' title='bbox 241 1821 390 1887; x_wconf 86' lang='lat' dir='ltr'><strong>quod</strong></span> <span class='ocrx_word' id='word_1_129' title='bbox 417 1832 583 1876; x_wconf 72' lang='lat' dir='ltr'><strong>recta:</strong></span> <span class='ocrx_word' id='word_1_130' title='bbox 613 1824 899 1894; x_wconf 70' lang='lat' dir='ltr'><strong>religionis</strong></span> <span class='ocrx_word' id='word_1_131' title='bbox 926 1831 1149 1897; x_wconf 89' lang='lat' dir='ltr'><strong>puritati</strong></span> <span class='ocrx_word' id='word_1_132' title='bbox 1183 1836 1732 1908; x_wconf 84' lang='lat' dir='ltr'><strong>quantulumcunque</strong></span> <span class='ocrx_word' id='word_1_133' title='bbox 1758 1841 1834 1894; x_wconf 91' lang='lat' dir='ltr'><strong>vi-</strong></span> 
     </span>
    </p>
   </div>
   <div class='ocr_carea' id='block_1_21' title="bbox 241 1909 1832 1986">
    <p class='ocr_par' dir='ltr' id='par_1_21' title="bbox 241 1909 1832 1986">
     <span class='ocr_line' id='line_1_21' title="bbox 241 1909 1832 1986; baseline 0.016 -25"><span class='ocrx_word' id='word_1_134' title='bbox 241 1909 477 1964; x_wconf 82' lang='lat' dir='ltr'><strong>debatur</strong></span> <span class='ocrx_word' id='word_1_135' title='bbox 507 1914 812 1971; x_wconf 87' lang='lat' dir='ltr'><strong>adversari.</strong></span> <span class='ocrx_word' id='word_1_136' title='bbox 848 1917 953 1973; x_wconf 86' lang='lat' dir='ltr'><strong>Sed</strong></span> <span class='ocrx_word' id='word_1_137' title='bbox 987 1920 1128 1975; x_wconf 89' lang='lat' dir='ltr'><strong>idem</strong></span> <span class='ocrx_word' id='word_1_138' title='bbox 1186 1924 1256 1977; x_wconf 90' lang='lat' dir='ltr'><strong>ab</strong></span> <span class='ocrx_word' id='word_1_139' title='bbox 1307 1926 1680 1986; x_wconf 83' lang='lat' dir='ltr'><strong>iconomachis</strong></span> <span class='ocrx_word' id='word_1_140' title='bbox 1731 1932 1832 1986; x_wconf 86' lang='lat' dir='ltr'><strong>ho-</strong></span> 
     </span>
    </p>
   </div>
   <div class='ocr_carea' id='block_1_22' title="bbox 241 2000 1832 2092">
    <p class='ocr_par' dir='ltr' id='par_1_22' title="bbox 241 2000 1832 2092">
     <span class='ocr_line' id='line_1_22' title="bbox 241 2000 1832 2092; baseline 0.014 -38"><span class='ocrx_word' id='word_1_141' title='bbox 241 2000 450 2058; x_wconf 91' lang='lat' dir='ltr'><strong>diernis</strong></span> <span class='ocrx_word' id='word_1_142' title='bbox 480 2006 720 2073; x_wconf 87' lang='lat' dir='ltr'><strong>pessime</strong></span> <span class='ocrx_word' id='word_1_143' title='bbox 763 2009 1097 2068; x_wconf 87' lang='lat' dir='ltr'><strong>intellectum</strong></span> <span class='ocrx_word' id='word_1_144' title='bbox 1133 2015 1393 2084; x_wconf 88' lang='lat' dir='ltr'><strong>arripitur</strong></span> <span class='ocrx_word' id='word_1_145' title='bbox 1431 2031 1625 2075; x_wconf 88' lang='lat' dir='ltr'><strong>contra</strong></span> <span class='ocrx_word' id='word_1_146' title='bbox 1664 2038 1832 2092; x_wconf 82' lang='lat' dir='ltr'><strong>expo-</strong></span> 
     </span>
    </p>
   </div>
   <div class='ocr_carea' id='block_1_23' title="bbox 241 2090 1829 2180">
    <p class='ocr_par' dir='ltr' id='par_1_23' title="bbox 241 2090 1829 2180">
     <span class='ocr_line' id='line_1_23' title="bbox 241 2090 1829 2180; baseline 0.015 -36"><span class='ocrx_word' id='word_1_147' title='bbox 241 2090 503 2147; x_wconf 84' lang='lat' dir='ltr'><strong>sitionem</strong></span> <span class='ocrx_word' id='word_1_148' title='bbox 573 2096 898 2168; x_wconf 82' lang='lat' dir='ltr'><strong>imaginum.</strong></span> <span class='ocrx_word' id='word_1_149' title='bbox 956 2100 1014 2155; x_wconf 87' lang='lat' dir='ltr'><strong>Iu</strong></span> <span class='ocrx_word' id='word_1_150' title='bbox 1078 2105 1179 2158; x_wconf 89' lang='lat' dir='ltr'><strong>hoc</strong></span> <span class='ocrx_word' id='word_1_151' title='bbox 1234 2115 1415 2161; x_wconf 88' lang='lat' dir='ltr'><strong>autem</strong></span> <span class='ocrx_word' id='word_1_152' title='bbox 1463 2122 1687 2180; x_wconf 84' lang='lat' dir='ltr'><strong>apparet</strong></span> <span class='ocrx_word' id='word_1_153' title='bbox 1733 2128 1829 2169; x_wconf 89' lang='lat' dir='ltr'><strong>eos</strong></span> 
     </span>
    </p>
   </div>
   <div class='ocr_carea' id='block_1_24' title="bbox 240 2185 1829 2269">
    <p class='ocr_par' dir='ltr' id='par_1_24' title="bbox 240 2185 1829 2269">
     <span class='ocr_line' id='line_1_24' title="bbox 240 2185 1829 2269; baseline 0.016 -34"><span class='ocrx_word' id='word_1_154' title='bbox 240 2185 419 2254; x_wconf 90' lang='lat' dir='ltr'><strong>magis</strong></span> <span class='ocrx_word' id='word_1_155' title='bbox 460 2202 585 2241; x_wconf 88' lang='lat' dir='ltr'><strong>esse</strong></span> <span class='ocrx_word' id='word_1_156' title='bbox 622 2190 849 2246; x_wconf 88' lang='lat' dir='ltr'><strong>insanos</strong></span> <span class='ocrx_word' id='word_1_157' title='bbox 890 2195 1167 2251; x_wconf 87' lang='lat' dir='ltr'><strong>veteribus</strong></span> <span class='ocrx_word' id='word_1_158' title='bbox 1204 2198 1595 2269; x_wconf 82' lang='lat' dir='ltr'><strong>icouomacbis,</strong></span> <span class='ocrx_word' id='word_1_159' title='bbox 1638 2206 1829 2259; x_wconf 87' lang='lat' dir='ltr'><strong>adver-</strong></span> 
     </span>
    </p>
   </div>
   <div class='ocr_carea' id='block_1_25' title="bbox 236 2279 1825 2361">
    <p class='ocr_par' dir='ltr' id='par_1_25' title="bbox 236 2279 1825 2361">
     <span class='ocr_line' id='line_1_25' title="bbox 236 2279 1825 2361; baseline 0.016 -34"><span class='ocrx_word' id='word_1_160' title='bbox 236 2289 333 2329; x_wconf 66' lang='lat' dir='ltr'><strong>sus</strong></span> <span class='ocrx_word' id='word_1_161' title='bbox 364 2292 511 2345; x_wconf 91' lang='lat' dir='ltr'><strong>quos</strong></span> <span class='ocrx_word' id='word_1_162' title='bbox 553 2279 830 2336; x_wconf 62' lang='lat' dir='ltr'><strong>Metellum</strong></span> <span class='ocrx_word' id='word_1_163' title='bbox 867 2300 905 2337; x_wconf 91' lang='lat' dir='ltr'><strong>ll</strong></span> <span class='ocrx_word' id='word_1_164' title='bbox 949 2287 1240 2342; x_wconf 84' lang='lat' dir='ltr'><strong>concilium</strong></span> <span class='ocrx_word' id='word_1_165' title='bbox 1284 2288 1415 2361; x_wconf 82' lang='lat' dir='ltr'><strong>egit.</strong></span> <span class='ocrx_word' id='word_1_166' title='bbox 1465 2291 1597 2348; x_wconf 87' lang='lat' dir='ltr'><strong>Nam</strong></span> <span class='ocrx_word' id='word_1_167' title='bbox 1646 2296 1722 2360; x_wconf 91' lang='lat' dir='ltr'><strong>hi,</strong></span> <span class='ocrx_word' id='word_1_168' title='bbox 1759 2297 1825 2353; x_wconf 91' lang='lat' dir='ltr'><strong>ad</strong></span> 
     </span>
    </p>
   </div>
   <div class='ocr_carea' id='block_1_26' title="bbox 235 2367 1825 2451">
    <p class='ocr_par' dir='ltr' id='par_1_26' title="bbox 235 2367 1825 2451">
     <span class='ocr_line' id='line_1_26' title="bbox 235 2367 1825 2451; baseline 0.014 -34"><span class='ocrx_word' id='word_1_169' title='bbox 235 2378 393 2420; x_wconf 79' lang='lat' dir='ltr'><strong>suam</strong></span> <span class='ocrx_word' id='word_1_170' title='bbox 447 2367 701 2424; x_wconf 67' lang='lat' dir='ltr'><strong>haeresim</strong></span> <span class='ocrx_word' id='word_1_171' title='bbox 759 2372 1051 2443; x_wconf 84' lang='lat' dir='ltr'><strong>Epipbauii</strong></span> <span class='ocrx_word' id='word_1_172' title='bbox 1118 2379 1338 2433; x_wconf 78' lang='lat' dir='ltr'><strong>nomine</strong></span> <span class='ocrx_word' id='word_1_173' title='bbox 1388 2382 1778 2439; x_wconf 88' lang='lat' dir='ltr'><strong>oharmandam</strong></span> <span class='ocrx_word' id='word_1_174' title='bbox 1809 2426 1825 2451; x_wconf 90' lang='lat'><strong>,</strong></span> 
     </span>
    </p>
   </div>
   <div class='ocr_carea' id='block_1_27' title="bbox 236 2460 1827 2537">
    <p class='ocr_par' dir='ltr' id='par_1_27' title="bbox 236 2460 1827 2537">
     <span class='ocr_line' id='line_1_27' title="bbox 236 2460 1827 2537; baseline 0.016 -31"><span class='ocrx_word' id='word_1_175' title='bbox 236 2471 346 2508; x_wconf 87' lang='lat' dir='ltr'><strong>non</strong></span> <span class='ocrx_word' id='word_1_176' title='bbox 376 2467 510 2511; x_wconf 91' lang='lat' dir='ltr'><strong>sunt</strong></span> <span class='ocrx_word' id='word_1_177' title='bbox 538 2460 699 2513; x_wconf 87' lang='lat' dir='ltr'><strong>abusi</strong></span> <span class='ocrx_word' id='word_1_178' title='bbox 733 2476 798 2516; x_wconf 87' lang='lat' dir='ltr'><strong>eo</strong></span> <span class='ocrx_word' id='word_1_179' title='bbox 829 2465 973 2532; x_wconf 86' lang='lat' dir='ltr'><strong>quod</strong></span> <span class='ocrx_word' id='word_1_180' title='bbox 1001 2466 1254 2534; x_wconf 86' lang='lat' dir='ltr'><strong>sequitur</strong></span> <span class='ocrx_word' id='word_1_181' title='bbox 1286 2468 1451 2537; x_wconf 88' lang='lat' dir='ltr'><strong>facto,</strong></span> <span class='ocrx_word' id='word_1_182' title='bbox 1484 2475 1579 2528; x_wconf 89' lang='lat' dir='ltr'><strong>sed</strong></span> <span class='ocrx_word' id='word_1_183' title='bbox 1604 2474 1827 2530; x_wconf 83' lang='lat' dir='ltr'><strong>allinxe-</strong></span> 
     </span>
    </p>
   </div>
   <div class='ocr_carea' id='block_1_28' title="bbox 231 2555 1822 2634">
    <p class='ocr_par' dir='ltr' id='par_1_28' title="bbox 231 2555 1822 2634">
     <span class='ocr_line' id='line_1_28' title="bbox 231 2555 1822 2634; baseline 0.016 -36"><span class='ocrx_word' id='word_1_184' title='bbox 231 2557 361 2600; x_wconf 74' lang='lat' dir='ltr'><strong>ruat</strong></span> <span class='ocrx_word' id='word_1_185' title='bbox 398 2560 592 2604; x_wconf 76' lang='lat' dir='ltr'><strong>sancto</strong></span> <span class='ocrx_word' id='word_1_186' title='bbox 616 2557 907 2620; x_wconf 78' lang='lat' dir='ltr'><strong>quamdam</strong></span> <span class='ocrx_word' id='word_1_187' title='bbox 936 2556 1004 2609; x_wconf 87' lang='lat' dir='ltr'><strong>ad</strong></span> <span class='ocrx_word' id='word_1_188' title='bbox 1036 2555 1402 2615; x_wconf 85' lang='lat' dir='ltr'><strong>Theodosium</strong></span> <span class='ocrx_word' id='word_1_189' title='bbox 1437 2564 1822 2634; x_wconf 86' lang='lat' dir='ltr'><strong>imperatorem</strong></span> 
     </span>
    </p>
   </div>
   <div class='ocr_carea' id='block_1_29' title="bbox 227 2640 1823 2726">
    <p class='ocr_par' dir='ltr' id='par_1_29' title="bbox 227 2640 1823 2726">
     <span class='ocr_line' id='line_1_29' title="bbox 227 2640 1823 2726; baseline 0.016 -34"><span class='ocrx_word' id='word_1_190' title='bbox 227 2640 548 2707; x_wconf 87' lang='lat' dir='ltr'><strong>epistolam,</strong></span> <span class='ocrx_word' id='word_1_191' title='bbox 585 2643 642 2697; x_wconf 85' lang='lat' dir='ltr'><strong>in</strong></span> <span class='ocrx_word' id='word_1_192' title='bbox 678 2646 836 2715; x_wconf 82' lang='lat' dir='ltr'><strong>cujus</strong></span> <span class='ocrx_word' id='word_1_193' title='bbox 873 2649 978 2702; x_wconf 90' lang='lat' dir='ltr'><strong>line</strong></span> <span class='ocrx_word' id='word_1_194' title='bbox 1016 2650 1096 2704; x_wconf 91' lang='lat' dir='ltr'><strong>sic</strong></span> <span class='ocrx_word' id='word_1_195' title='bbox 1135 2651 1185 2704; x_wconf 92' lang='lat' dir='ltr'><strong>ei</strong></span> <span class='ocrx_word' id='word_1_196' title='bbox 1232 2656 1543 2723; x_wconf 77' lang='lat' dir='ltr'><strong>scripsisset</strong></span> <span class='ocrx_word' id='word_1_197' title='bbox 1577 2676 1591 2712; x_wconf 89' lang='lat'><strong>:</strong></span> <span class='ocrx_word' id='word_1_198' title='bbox 1628 2679 1645 2710; x_wconf 75' lang='grc' dir='ltr'>ι</span> <span class='ocrx_word' id='word_1_199' title='bbox 1685 2658 1823 2726; x_wconf 85' lang='lat' dir='ltr'><strong>Quia</strong></span> 
     </span>
    </p>
   </div>
   <div class='ocr_carea' id='block_1_30' title="bbox 229 2731 1825 2815">
    <p class='ocr_par' dir='ltr' id='par_1_30' title="bbox 229 2731 1825 2815">
     <span class='ocr_line' id='line_1_30' title="bbox 229 2731 1825 2815; baseline 0.016 -33"><span class='ocrx_word' id='word_1_200' title='bbox 229 2731 521 2787; x_wconf 86' lang='lat' dir='ltr'><strong>multoties</strong></span> <span class='ocrx_word' id='word_1_201' title='bbox 566 2734 783 2790; x_wconf 89' lang='lat' dir='ltr'><strong>locutus</strong></span> <span class='ocrx_word' id='word_1_202' title='bbox 825 2752 946 2791; x_wconf 89' lang='lat' dir='ltr'><strong>sum</strong></span> <span class='ocrx_word' id='word_1_203' title='bbox 978 2754 1104 2793; x_wconf 90' lang='lat' dir='ltr'><strong>cum</strong></span> <span class='ocrx_word' id='word_1_204' title='bbox 1146 2745 1541 2803; x_wconf 81' lang='lat' dir='ltr'><strong>comministris</strong></span> <span class='ocrx_word' id='word_1_205' title='bbox 1570 2752 1727 2815; x_wconf 87' lang='lat' dir='ltr'><strong>meis,</strong></span> <span class='ocrx_word' id='word_1_206' title='bbox 1767 2763 1825 2807; x_wconf 94' lang='lat' dir='ltr'><strong>ut</strong></span> 
     </span>
    </p>
   </div>
   <div class='ocr_carea' id='block_1_31' title="bbox 221 2822 1825 2911">
    <p class='ocr_par' dir='ltr' id='par_1_31' title="bbox 221 2822 1825 2911">
     <span class='ocr_line' id='line_1_31' title="bbox 221 2822 1825 2911; baseline 0.018 -38"><span class='ocrx_word' id='word_1_207' title='bbox 221 2822 590 2883; x_wconf 72' lang='lat' dir='ltr'><strong>aufer-rentur</strong></span> <span class='ocrx_word' id='word_1_208' title='bbox 621 2828 910 2900; x_wconf 74' lang='lat' dir='ltr'><strong>imagines,</strong></span> <span class='ocrx_word' id='word_1_209' title='bbox 932 2845 1187 2902; x_wconf 86' lang='lat' dir='ltr'><strong>receptus</strong></span> <span class='ocrx_word' id='word_1_210' title='bbox 1215 2851 1322 2891; x_wconf 92' lang='lat' dir='ltr'><strong>non</strong></span> <span class='ocrx_word' id='word_1_211' title='bbox 1356 2854 1476 2893; x_wconf 89' lang='lat' dir='ltr'><strong>sum</strong></span> <span class='ocrx_word' id='word_1_212' title='bbox 1502 2843 1571 2894; x_wconf 86' lang='lat' dir='ltr'><strong>ab</strong></span> <span class='ocrx_word' id='word_1_213' title='bbox 1597 2845 1701 2911; x_wconf 88' lang='lat' dir='ltr'><strong>eis,</strong></span> <span class='ocrx_word' id='word_1_214' title='bbox 1728 2863 1825 2902; x_wconf 89' lang='lat' dir='ltr'><strong>ne-</strong></span> 
     </span>
    </p>
   </div>
   <div class='ocr_carea' id='block_1_32' title="bbox 222 2917 1821 3007">
    <p class='ocr_par' dir='ltr' id='par_1_32' title="bbox 222 2917 1821 3007">
     <span class='ocr_line' id='line_1_32' title="bbox 222 2917 1821 3007; baseline 0.016 -39"><span class='ocrx_word' id='word_1_215' title='bbox 222 2929 335 2981; x_wconf 87' lang='lat' dir='ltr'><strong>que</strong></span> <span class='ocrx_word' id='word_1_216' title='bbox 384 2917 584 2972; x_wconf 88' lang='lat' dir='ltr'><strong>audire</strong></span> <span class='ocrx_word' id='word_1_217' title='bbox 635 2936 825 2976; x_wconf 90' lang='lat' dir='ltr'><strong>vocem</strong></span> <span class='ocrx_word' id='word_1_218' title='bbox 868 2941 1047 2979; x_wconf 87' lang='lat' dir='ltr'><strong>meam</strong></span> <span class='ocrx_word' id='word_1_219' title='bbox 1095 2928 1287 2983; x_wconf 82' lang='lat' dir='ltr'><strong>saltem</strong></span> <span class='ocrx_word' id='word_1_220' title='bbox 1332 2932 1615 3000; x_wconf 88' lang='lat' dir='ltr'><strong>paululum</strong></span> <span class='ocrx_word' id='word_1_221' title='bbox 1671 2940 1821 3007; x_wconf 89' lang='lat' dir='ltr'><strong>passi</strong></span> 
     </span>
    </p>
   </div>
   <div class='ocr_carea' id='block_1_33' title="bbox 222 3007 1813 3097">
    <p class='ocr_par' dir='ltr' id='par_1_33' title="bbox 222 3007 1813 3097">
     <span class='ocr_line' id='line_1_33' title="bbox 222 3007 1813 3097; baseline 0.015 -36"><span class='ocrx_word' id='word_1_222' title='bbox 222 3018 377 3061; x_wconf 76' lang='lat' dir='ltr'><strong>sunt.</strong></span> <span class='ocrx_word' id='word_1_223' title='bbox 415 3028 434 3060; x_wconf 72' lang='grc' dir='ltr'><strong><em>ι</em></strong></span> <span class='ocrx_word' id='word_1_224' title='bbox 463 3007 620 3065; x_wconf 83' lang='lat' dir='ltr'><strong>Hauc</strong></span> <span class='ocrx_word' id='word_1_225' title='bbox 654 3027 785 3067; x_wconf 90' lang='lat' dir='ltr'><strong>vero</strong></span> <span class='ocrx_word' id='word_1_226' title='bbox 816 3016 1106 3084; x_wconf 89' lang='lat' dir='ltr'><strong>epistolam</strong></span> <span class='ocrx_word' id='word_1_227' title='bbox 1151 3037 1168 3069; x_wconf 73' lang='grc' dir='ltr'><strong><em>ι</em></strong></span> <span class='ocrx_word' id='word_1_228' title='bbox 1212 3019 1354 3075; x_wconf 89' lang='lat' dir='ltr'><strong>falso</strong></span> <span class='ocrx_word' id='word_1_229' title='bbox 1383 3029 1813 3097; x_wconf 85' lang='lat' dir='ltr'><strong>suprascriptam</strong></span> 
     </span>
    </p>
   </div>
   <div class='ocr_carea' id='block_1_34' title="bbox 221 3098 1813 3185">
    <p class='ocr_par' dir='ltr' id='par_1_34' title="bbox 221 3098 1813 3185">
     <span class='ocr_line' id='line_1_34' title="bbox 221 3098 1813 3185; baseline 0.016 -35"><span class='ocrx_word' id='word_1_230' title='bbox 221 3098 326 3152; x_wconf 87' lang='lat' dir='ltr'><strong>dici</strong></span> <span class='ocrx_word' id='word_1_231' title='bbox 351 3099 604 3168; x_wconf 87' lang='lat' dir='ltr'><strong>quidem,</strong></span> <span class='ocrx_word' id='word_1_232' title='bbox 627 3103 723 3157; x_wconf 91' lang='lat' dir='ltr'><strong>sed</strong></span> <span class='ocrx_word' id='word_1_233' title='bbox 746 3120 853 3159; x_wconf 91' lang='lat' dir='ltr'><strong>non</strong></span> <span class='ocrx_word' id='word_1_234' title='bbox 879 3122 1000 3163; x_wconf 85' lang='lat' dir='ltr'><strong>esse</strong></span> <span class='ocrx_word' id='word_1_235' title='bbox 1018 3108 1326 3179; x_wconf 87' lang='lat' dir='ltr'><strong>Epiphanii,</strong></span> <span class='ocrx_word' id='word_1_236' title='bbox 1353 3132 1371 3164; x_wconf 79' lang='grc' dir='ltr'><strong><em>ι</em></strong></span> <span class='ocrx_word' id='word_1_237' title='bbox 1397 3132 1552 3185; x_wconf 65' lang='lat' dir='ltr'><strong>aeque</strong></span> <span class='ocrx_word' id='word_1_238' title='bbox 1569 3134 1633 3172; x_wconf 86' lang='lat' dir='ltr'><strong>ac</strong></span> <span class='ocrx_word' id='word_1_239' title='bbox 1651 3121 1813 3175; x_wconf 89' lang='lat' dir='ltr'><strong>aliam</strong></span> 
     </span>
    </p>
   </div>
   <div class='ocr_carea' id='block_1_35' title="bbox 220 3186 1819 3274">
    <p class='ocr_par' dir='ltr' id='par_1_35' title="bbox 220 3186 1819 3274">
     <span class='ocr_line' id='line_1_35' title="bbox 220 3186 1819 3274; baseline 0.017 -34"><span class='ocrx_word' id='word_1_240' title='bbox 220 3186 274 3242; x_wconf 93' lang='lat' dir='ltr'><strong>in</strong></span> <span class='ocrx_word' id='word_1_241' title='bbox 300 3205 419 3259; x_wconf 90' lang='lat' dir='ltr'><strong>qua</strong></span> <span class='ocrx_word' id='word_1_242' title='bbox 444 3191 780 3261; x_wconf 87' lang='lat' dir='ltr'><strong>scripsisset,</strong></span> <span class='ocrx_word' id='word_1_243' title='bbox 811 3215 829 3246; x_wconf 74' lang='grc' dir='ltr'><strong>ι</strong></span> <span class='ocrx_word' id='word_1_244' title='bbox 861 3195 938 3251; x_wconf 86' lang='lat' dir='ltr'><strong>Ne</strong></span> <span class='ocrx_word' id='word_1_245' title='bbox 960 3198 1234 3257; x_wconf 83' lang='lat' dir='ltr'><strong>inducatis</strong></span> <span class='ocrx_word' id='word_1_246' title='bbox 1265 3202 1533 3274; x_wconf 77' lang='lat' dir='ltr'><strong>imagines</strong></span> <span class='ocrx_word' id='word_1_247' title='bbox 1564 3209 1618 3262; x_wconf 93' lang='lat' dir='ltr'><strong>in</strong></span> <span class='ocrx_word' id='word_1_248' title='bbox 1643 3212 1819 3267; x_wconf 84' lang='lat' dir='ltr'><strong>cccle-</strong></span> 
     </span>
    </p>
   </div>
   <div class='ocr_carea' id='block_1_36' title="bbox 216 3284 1816 3371">
    <p class='ocr_par' dir='ltr' id='par_1_36' title="bbox 216 3284 1816 3371">
     <span class='ocr_line' id='line_1_36' title="bbox 216 3284 1816 3371; baseline 0.014 -37"><span class='ocrx_word' id='word_1_249' title='bbox 216 3296 357 3343; x_wconf 72' lang='lat' dir='ltr'><strong>sxas,</strong></span> <span class='ocrx_word' id='word_1_250' title='bbox 414 3298 594 3351; x_wconf 88' lang='lat' dir='ltr'><strong>neque</strong></span> <span class='ocrx_word' id='word_1_251' title='bbox 637 3284 690 3337; x_wconf 90' lang='lat' dir='ltr'><strong>in</strong></span> <span class='ocrx_word' id='word_1_252' title='bbox 734 3290 1048 3344; x_wconf 70' lang='lat' dir='ltr'><strong>cwtueteria</strong></span> <span class='ocrx_word' id='word_1_253' title='bbox 1086 3302 1427 3360; x_wconf 87' lang='lat' dir='ltr'><strong>sanctorum,</strong></span> <span class='ocrx_word' id='word_1_254' title='bbox 1489 3298 1585 3353; x_wconf 88' lang='lat' dir='ltr'><strong>sed</strong></span> <span class='ocrx_word' id='word_1_255' title='bbox 1641 3317 1816 3371; x_wconf 87' lang='lat' dir='ltr'><strong>neque</strong></span> 
     </span>
    </p>
   </div>
   <div class='ocr_carea' id='block_1_37' title="bbox 216 3371 1817 3448">
    <p class='ocr_par' dir='ltr' id='par_1_37' title="bbox 216 3371 1817 3448">
     <span class='ocr_line' id='line_1_37' title="bbox 216 3371 1817 3448; baseline 0.016 -25"><span class='ocrx_word' id='word_1_256' title='bbox 216 3371 270 3424; x_wconf 89' lang='lat' dir='ltr'><strong>in</strong></span> <span class='ocrx_word' id='word_1_257' title='bbox 315 3373 553 3426; x_wconf 83' lang='lat' dir='ltr'><strong>domum</strong></span> <span class='ocrx_word' id='word_1_258' title='bbox 603 3389 984 3445; x_wconf 84' lang='lat' dir='ltr'><strong>communem;</strong></span> <span class='ocrx_word' id='word_1_259' title='bbox 1030 3399 1049 3432; x_wconf 74' lang='grc' dir='ltr'><strong><em>ι</em></strong></span> <span class='ocrx_word' id='word_1_260' title='bbox 1087 3398 1212 3437; x_wconf 89' lang='lat' dir='ltr'><strong>cum</strong></span> <span class='ocrx_word' id='word_1_261' title='bbox 1261 3387 1446 3444; x_wconf 90' lang='lat' dir='ltr'><strong>multis</strong></span> <span class='ocrx_word' id='word_1_262' title='bbox 1487 3392 1817 3448; x_wconf 85' lang='lat' dir='ltr'><strong>ostendisset</strong></span> 
     </span>
    </p>
   </div>
   <div class='ocr_carea' id='block_1_38' title="bbox 214 3463 1814 3539">
    <p class='ocr_par' dir='ltr' id='par_1_38' title="bbox 214 3463 1814 3539">
     <span class='ocr_line' id='line_1_38' title="bbox 214 3463 1814 3539; baseline 0.016 -25"><span class='ocrx_word' id='word_1_263' title='bbox 214 3463 475 3531; x_wconf 82' lang='lat' dir='ltr'><strong>synodus</strong></span> <span class='ocrx_word' id='word_1_264' title='bbox 520 3474 628 3519; x_wconf 88' lang='lat' dir='ltr'><strong>act.</strong></span> <span class='ocrx_word' id='word_1_265' title='bbox 660 3466 715 3533; x_wconf 86' lang='lat'><strong>6,</strong></span> <span class='ocrx_word' id='word_1_266' title='bbox 746 3484 806 3522; x_wconf 89' lang='lat' dir='ltr'><strong>se</strong></span> <span class='ocrx_word' id='word_1_267' title='bbox 843 3473 1062 3539; x_wconf 81' lang='lat' dir='ltr'><strong>quidem</strong></span> <span class='ocrx_word' id='word_1_268' title='bbox 1109 3494 1125 3524; x_wconf 71' lang='grc' dir='ltr'><strong><em>ι</em></strong></span> <span class='ocrx_word' id='word_1_269' title='bbox 1156 3486 1405 3531; x_wconf 87' lang='lat' dir='ltr'><strong>sanctum</strong></span> <span class='ocrx_word' id='word_1_270' title='bbox 1448 3479 1665 3536; x_wconf 88' lang='lat' dir='ltr'><strong>Patrem</strong></span> <span class='ocrx_word' id='word_1_271' title='bbox 1715 3485 1814 3538; x_wconf 82' lang='lat' dir='ltr'><strong>du-</strong></span> 
     </span>
    </p>
   </div>
   <div class='ocr_carea' id='block_1_39' title="bbox 213 3556 1808 3642">
    <p class='ocr_par' dir='ltr' id='par_1_39' title="bbox 213 3556 1808 3642">
     <span class='ocr_line' id='line_1_39' title="bbox 213 3556 1808 3642; baseline 0.014 -34"><span class='ocrx_word' id='word_1_272' title='bbox 213 3564 434 3608; x_wconf 89' lang='lat' dir='ltr'><strong>ctorem</strong></span> <span class='ocrx_word' id='word_1_273' title='bbox 485 3556 744 3613; x_wconf 74' lang='lat' dir='ltr'><strong>Ecclesia:</strong></span> <span class='ocrx_word' id='word_1_274' title='bbox 784 3562 1066 3618; x_wconf 73' lang='lat' dir='ltr'><strong>catholica:</strong></span> <span class='ocrx_word' id='word_1_275' title='bbox 1119 3582 1300 3633; x_wconf 84' lang='lat' dir='ltr'><strong>nosse,</strong></span> <span class='ocrx_word' id='word_1_276' title='bbox 1352 3574 1808 3642; x_wconf 70' lang='lat' dir='ltr'><strong>conscriptione-ut</strong></span> 
     </span>
    </p>
   </div>
   <div class='ocr_carea' id='block_1_40' title="bbox 216 3648 1812 3729">
    <p class='ocr_par' dir='ltr' id='par_1_40' title="bbox 216 3648 1812 3729">
     <span class='ocr_line' id='line_1_40' title="bbox 216 3648 1812 3729; baseline 0.014 -32"><span class='ocrx_word' id='word_1_277' title='bbox 216 3659 348 3698; x_wconf 78' lang='lat' dir='ltr'><strong>vero</strong></span> <span class='ocrx_word' id='word_1_278' title='bbox 391 3664 411 3696; x_wconf 75' lang='grc' dir='ltr'><strong><em>ι</em></strong></span> <span class='ocrx_word' id='word_1_279' title='bbox 447 3648 690 3716; x_wconf 89' lang='lat' dir='ltr'><strong>abjicere</strong></span> <span class='ocrx_word' id='word_1_280' title='bbox 719 3650 919 3706; x_wconf 89' lang='lat' dir='ltr'><strong>iterum</strong></span> <span class='ocrx_word' id='word_1_281' title='bbox 949 3658 1235 3723; x_wconf 89' lang='lat' dir='ltr'><strong>prolitctur</strong></span> <span class='ocrx_word' id='word_1_282' title='bbox 1263 3678 1275 3713; x_wconf 89' lang='lat'>:</span> <span class='ocrx_word' id='word_1_283' title='bbox 1301 3662 1428 3729; x_wconf 89' lang='lat' dir='ltr'><strong>quia</strong></span> <span class='ocrx_word' id='word_1_284' title='bbox 1469 3683 1487 3713; x_wconf 78' lang='grc' dir='ltr'>ι</span> <span class='ocrx_word' id='word_1_285' title='bbox 1519 3664 1633 3719; x_wconf 69' lang='lat' dir='ltr'><strong>haec</strong></span> <span class='ocrx_word' id='word_1_286' title='bbox 1667 3684 1812 3720; x_wconf 89' lang='lat' dir='ltr'><strong>mcu-</strong></span> 
     </span>
    </p>
   </div>
   <div class='ocr_carea' id='block_1_41' title="bbox 214 3737 1807 3819">
    <p class='ocr_par' dir='ltr' id='par_1_41' title="bbox 214 3737 1807 3819">
     <span class='ocr_line' id='line_1_41' title="bbox 214 3737 1807 3819; baseline 0.017 -31"><span class='ocrx_word' id='word_1_287' title='bbox 214 3737 376 3791; x_wconf 93' lang='lat' dir='ltr'><strong>dacis</strong></span> <span class='ocrx_word' id='word_1_288' title='bbox 411 3740 737 3797; x_wconf 87' lang='lat' dir='ltr'><strong>assertionis</strong></span> <span class='ocrx_word' id='word_1_289' title='bbox 788 3748 1117 3816; x_wconf 89' lang='lat' dir='ltr'><strong>conscripta,</strong></span> <span class='ocrx_word' id='word_1_290' title='bbox 1170 3767 1289 3819; x_wconf 64' lang='lat' dir='ltr'><strong>quae</strong></span> <span class='ocrx_word' id='word_1_291' title='bbox 1341 3765 1530 3810; x_wconf 90' lang='lat' dir='ltr'><strong>contra</strong></span> <span class='ocrx_word' id='word_1_292' title='bbox 1576 3773 1807 3814; x_wconf 89' lang='lat' dir='ltr'><strong>venera-</strong></span> 
     </span>
    </p>
   </div>
   <div class='ocr_carea' id='block_1_42' title="bbox 213 3826 1806 3915">
    <p class='ocr_par' dir='ltr' id='par_1_42' title="bbox 213 3826 1806 3915">
     <span class='ocr_line' id='line_1_42' title="bbox 213 3826 1806 3915; baseline 0.017 -37"><span class='ocrx_word' id='word_1_293' title='bbox 213 3826 352 3883; x_wconf 80' lang='lat' dir='ltr'><strong>biles</strong></span> <span class='ocrx_word' id='word_1_294' title='bbox 390 3828 658 3899; x_wconf 78' lang='lat' dir='ltr'><strong>imagines</strong></span> <span class='ocrx_word' id='word_1_295' title='bbox 699 3843 850 3899; x_wconf 84' lang='lat' dir='ltr'><strong>sunt,</strong></span> <span class='ocrx_word' id='word_1_296' title='bbox 878 3836 1134 3892; x_wconf 89' lang='lat' dir='ltr'><strong>dicuntur</strong></span> <span class='ocrx_word' id='word_1_297' title='bbox 1180 3843 1399 3910; x_wconf 85' lang='lat' dir='ltr'><strong>quidem</strong></span> <span class='ocrx_word' id='word_1_298' title='bbox 1427 3861 1458 3899; x_wconf 92' lang='lat' dir='ltr'><strong>a</strong></span> <span class='ocrx_word' id='word_1_299' title='bbox 1478 3849 1806 3915; x_wconf 89' lang='lat' dir='ltr'><strong>quibusdam</strong></span> 
     </span>
    </p>
   </div>
   <div class='ocr_carea' id='block_1_43' title="bbox 213 3917 1519 3992">
    <p class='ocr_par' dir='ltr' id='par_1_43' title="bbox 213 3917 1519 3992">
     <span class='ocr_line' id='line_1_43' title="bbox 213 3917 1519 3992; baseline 0.015 -19"><span class='ocrx_word' id='word_1_300' title='bbox 213 3917 271 3974; x_wconf 86' lang='lat' dir='ltr'><strong>S.</strong></span> <span class='ocrx_word' id='word_1_301' title='bbox 304 3920 607 3991; x_wconf 81' lang='lat' dir='ltr'><strong>Epiphanii</strong></span> <span class='ocrx_word' id='word_1_302' title='bbox 632 3940 773 3990; x_wconf 88' lang='lat' dir='ltr'><strong>esse,</strong></span> <span class='ocrx_word' id='word_1_303' title='bbox 822 3930 914 3982; x_wconf 88' lang='lat' dir='ltr'><strong>sed</strong></span> <span class='ocrx_word' id='word_1_304' title='bbox 951 3933 1100 3986; x_wconf 88' lang='lat' dir='ltr'><strong>nullo</strong></span> <span class='ocrx_word' id='word_1_305' title='bbox 1128 3936 1287 3990; x_wconf 87' lang='lat' dir='ltr'><strong>modo</strong></span> <span class='ocrx_word' id='word_1_306' title='bbox 1317 3947 1466 3992; x_wconf 90' lang='lat' dir='ltr'><strong>sunt.</strong></span> <span class='ocrx_word' id='word_1_307' title='bbox 1502 3959 1519 3991; x_wconf 76' lang='grc' dir='ltr'><strong>ι</strong></span> 
     </span>
    </p>
   </div>
   <div class='ocr_carea' id='block_1_44' title="bbox 212 4012 1807 4096">
    <p class='ocr_par' dir='ltr' id='par_1_44' title="bbox 212 4012 1807 4096">
     <span class='ocr_line' id='line_1_44' title="bbox 212 4012 1807 4096; baseline 0.018 -33"><span class='ocrx_word' id='word_1_308' title='bbox 212 4079 219 4083; x_wconf 24' lang='grc' dir='ltr'><strong><em>σ</em></strong></span> <span class='ocrx_word' id='word_1_309' title='bbox 278 4012 378 4066; x_wconf 71' lang='grc'><strong>25.</strong></span> <span class='ocrx_word' id='word_1_310' title='bbox 414 4013 597 4083; x_wconf 88' lang='lat' dir='ltr'><strong>Ipsum</strong></span> <span class='ocrx_word' id='word_1_311' title='bbox 635 4033 797 4085; x_wconf 82' lang='lat' dir='ltr'><strong>porro</strong></span> <span class='ocrx_word' id='word_1_312' title='bbox 836 4019 1075 4088; x_wconf 76' lang='lat' dir='ltr'><strong>factum,</strong></span> <span class='ocrx_word' id='word_1_313' title='bbox 1137 4027 1296 4096; x_wconf 90' lang='lat' dir='ltr'><strong>cujus</strong></span> <span class='ocrx_word' id='word_1_314' title='bbox 1346 4033 1637 4087; x_wconf 87' lang='lat' dir='ltr'><strong>occasione</strong></span> <span class='ocrx_word' id='word_1_315' title='bbox 1685 4035 1807 4091; x_wconf 72' lang='lat' dir='ltr'><strong>hazc</strong></span> 
     </span>
    </p>
   </div>
   <div class='ocr_carea' id='block_1_45' title="bbox 208 4102 1801 4194">
    <p class='ocr_par' dir='ltr' id='par_1_45' title="bbox 208 4102 1801 4194">
     <span class='ocr_line' id='line_1_45' title="bbox 208 4102 1801 4194; baseline 0.016 -37"><span class='ocrx_word' id='word_1_316' title='bbox 208 4102 384 4168; x_wconf 87' lang='lat' dir='ltr'><strong>dicta,</strong></span> <span class='ocrx_word' id='word_1_317' title='bbox 425 4105 719 4160; x_wconf 87' lang='lat' dir='ltr'><strong>audiamus</strong></span> <span class='ocrx_word' id='word_1_318' title='bbox 756 4114 990 4180; x_wconf 86' lang='lat' dir='ltr'><strong>propriis</strong></span> <span class='ocrx_word' id='word_1_319' title='bbox 1035 4116 1154 4184; x_wconf 88' lang='lat' dir='ltr'><strong>ejus</strong></span> <span class='ocrx_word' id='word_1_320' title='bbox 1206 4119 1407 4174; x_wconf 84' lang='lat' dir='ltr'><strong>verbis.</strong></span> <span class='ocrx_word' id='word_1_321' title='bbox 1447 4141 1465 4172; x_wconf 73' lang='grc' dir='ltr'>ι</span> <span class='ocrx_word' id='word_1_322' title='bbox 1511 4122 1801 4194; x_wconf 72' lang='lat' dir='ltr'><strong>Praeterea,</strong></span> 
     </span>
    </p>
   </div>
   <div class='ocr_carea' id='block_1_46' title="bbox 209 4194 1800 4284">
    <p class='ocr_par' dir='ltr' id='par_1_46' title="bbox 209 4194 1800 4284">
     <span class='ocr_line' id='line_1_46' title="bbox 209 4194 1800 4284; baseline 0.017 -39"><span class='ocrx_word' id='word_1_323' title='bbox 209 4194 429 4264; x_wconf 86' lang='lat' dir='ltr'><strong>inquit,</strong></span> <span class='ocrx_word' id='word_1_324' title='bbox 480 4198 665 4252; x_wconf 85' lang='lat' dir='ltr'><strong>audivi</strong></span> <span class='ocrx_word' id='word_1_325' title='bbox 725 4203 994 4270; x_wconf 89' lang='lat' dir='ltr'><strong>quosdam</strong></span> <span class='ocrx_word' id='word_1_326' title='bbox 1051 4224 1397 4265; x_wconf 85' lang='lat' dir='ltr'><strong>murmurare</strong></span> <span class='ocrx_word' id='word_1_327' title='bbox 1446 4223 1643 4269; x_wconf 83' lang='lat' dir='ltr'><strong>’contra</strong></span> <span class='ocrx_word' id='word_1_328' title='bbox 1693 4234 1800 4284; x_wconf 87' lang='lat' dir='ltr'><strong>me,</strong></span> 
     </span>
    </p>
   </div>
   <div class='ocr_carea' id='block_1_47' title="bbox 207 4285 1799 4363">
    <p class='ocr_par' dir='ltr' id='par_1_47' title="bbox 207 4285 1799 4363">
     <span class='ocr_line' id='line_1_47' title="bbox 207 4285 1799 4363; baseline 0.015 -26"><span class='ocrx_word' id='word_1_329' title='bbox 207 4285 339 4355; x_wconf 87' lang='lat' dir='ltr'><strong>quia</strong></span> <span class='ocrx_word' id='word_1_330' title='bbox 368 4287 597 4354; x_wconf 87' lang='lat' dir='ltr'><strong>quando</strong></span> <span class='ocrx_word' id='word_1_331' title='bbox 627 4289 791 4344; x_wconf 89' lang='lat' dir='ltr'><strong>simul</strong></span> <span class='ocrx_word' id='word_1_332' title='bbox 837 4295 1196 4363; x_wconf 66' lang='lat' dir='ltr'><strong>pergrbamus</strong></span> <span class='ocrx_word' id='word_1_333' title='bbox 1223 4300 1292 4352; x_wconf 90' lang='lat' dir='ltr'><strong>ad</strong></span> <span class='ocrx_word' id='word_1_334' title='bbox 1322 4312 1572 4357; x_wconf 84' lang='lat' dir='ltr'><strong>sanctum</strong></span> <span class='ocrx_word' id='word_1_335' title='bbox 1619 4306 1799 4361; x_wconf 88' lang='lat' dir='ltr'><strong>locum</strong></span> 
     </span>
    </p>
   </div>
   <div class='ocr_carea' id='block_1_48' title="bbox 205 4377 1875 4462">
    <p class='ocr_par' dir='ltr' id='par_1_48' title="bbox 205 4377 1875 4462">
     <span class='ocr_line' id='line_1_48' title="bbox 205 4377 1875 4462; baseline 0.015 -34"><span class='ocrx_word' id='word_1_336' title='bbox 205 4377 299 4444; x_wconf 88' lang='lat' dir='ltr'><strong>qui</strong></span> <span class='ocrx_word' id='word_1_337' title='bbox 345 4389 581 4432; x_wconf 85' lang='lat' dir='ltr'><strong>vocatur</strong></span> <span class='ocrx_word' id='word_1_338' title='bbox 607 4377 814 4447; x_wconf 84' lang='lat' dir='ltr'><strong>Bethel,</strong></span> <span class='ocrx_word' id='word_1_339' title='bbox 852 4393 909 4437; x_wconf 93' lang='lat' dir='ltr'><strong>ut</strong></span> <span class='ocrx_word' id='word_1_340' title='bbox 945 4385 1017 4439; x_wconf 92' lang='lat' dir='ltr'><strong>ibi</strong></span> <span class='ocrx_word' id='word_1_341' title='bbox 1050 4387 1330 4443; x_wconf 86' lang='lat' dir='ltr'><strong>collectam</strong></span> <span class='ocrx_word' id='word_1_342' title='bbox 1359 4403 1537 4447; x_wconf 89' lang='lat' dir='ltr'><strong>tecum</strong></span> <span class='ocrx_word' id='word_1_343' title='bbox 1561 4411 1624 4450; x_wconf 82' lang='lat' dir='ltr'><strong>ex</strong></span> <span class='ocrx_word' id='word_1_344' title='bbox 1652 4413 1801 4452; x_wconf 82' lang='lat' dir='ltr'><strong>more</strong></span> <span class='ocrx_word' id='word_1_345' title='bbox 1834 4409 1875 4462; x_wconf 78' lang='grc' dir='ltr'><strong>ι)</strong></span> 
     </span>
    </p>
   </div>
   <div class='ocr_carea' id='block_1_49' title="bbox 205 4467 1796 4557">
    <p class='ocr_par' dir='ltr' id='par_1_49' title="bbox 205 4467 1796 4557">
     <span class='ocr_line' id='line_1_49' title="bbox 205 4467 1796 4557; baseline 0.017 -40"><span class='ocrx_word' id='word_1_346' title='bbox 205 4467 594 4523; x_wconf 88' lang='lat' dir='ltr'><strong>ecclesiastico</strong></span> <span class='ocrx_word' id='word_1_347' title='bbox 634 4470 891 4539; x_wconf 78' lang='lat' dir='ltr'><strong>facerem,</strong></span> <span class='ocrx_word' id='word_1_348' title='bbox 928 4486 980 4530; x_wconf 90' lang='lat' dir='ltr'><strong>et</strong></span> <span class='ocrx_word' id='word_1_349' title='bbox 1030 4479 1303 4535; x_wconf 87' lang='lat' dir='ltr'><strong>venissem</strong></span> <span class='ocrx_word' id='word_1_350' title='bbox 1351 4484 1417 4537; x_wconf 92' lang='lat' dir='ltr'><strong>ad</strong></span> <span class='ocrx_word' id='word_1_351' title='bbox 1461 4486 1642 4541; x_wconf 79' lang='lat' dir='ltr'><strong>villam</strong></span> <span class='ocrx_word' id='word_1_352' title='bbox 1675 4504 1796 4557; x_wconf 73' lang='lat' dir='ltr'><strong>qua:</strong></span> 
     </span>
    </p>
   </div>
   <div class='ocr_carea' id='block_1_50' title="bbox 205 4556 1797 4641">
    <p class='ocr_par' dir='ltr' id='par_1_50' title="bbox 205 4556 1797 4641">
     <span class='ocr_line' id='line_1_50' title="bbox 205 4556 1797 4641; baseline 0.017 -34"><span class='ocrx_word' id='word_1_353' title='bbox 205 4556 417 4611; x_wconf 89' lang='lat' dir='ltr'><strong>dicitur</strong></span> <span class='ocrx_word' id='word_1_354' title='bbox 458 4560 792 4629; x_wconf 79' lang='lat' dir='ltr'><strong>Anablatha,</strong></span> <span class='ocrx_word' id='word_1_355' title='bbox 826 4565 1191 4637; x_wconf 76' lang='lat' dir='ltr'><strong>vidissentque</strong></span> <span class='ocrx_word' id='word_1_356' title='bbox 1227 4571 1302 4625; x_wconf 87' lang='lat' dir='ltr'><strong>ibi</strong></span> <span class='ocrx_word' id='word_1_357' title='bbox 1355 4578 1667 4641; x_wconf 59' lang='lat' dir='ltr'><strong>prietericus</strong></span> <span class='ocrx_word' id='word_1_358' title='bbox 1696 4556 1797 4633; x_wconf 85' lang='lat' dir='ltr'><strong>lu-</strong></span> 
     </span>
    </p>
   </div>
   <div class='ocr_carea' id='block_1_51' title="bbox 207 4652 1796 4734">
    <p class='ocr_par' dir='ltr' id='par_1_51' title="bbox 207 4652 1796 4734">
     <span class='ocr_line' id='line_1_51' title="bbox 207 4652 1796 4734; baseline 0.016 -36"><span class='ocrx_word' id='word_1_359' title='bbox 207 4661 437 4701; x_wconf 86' lang='lat' dir='ltr'><strong>cernam</strong></span> <span class='ocrx_word' id='word_1_360' title='bbox 503 4652 827 4719; x_wconf 87' lang='lat' dir='ltr'><strong>ardentem,</strong></span> <span class='ocrx_word' id='word_1_361' title='bbox 884 4666 937 4709; x_wconf 90' lang='lat' dir='ltr'><strong>et</strong></span> <span class='ocrx_word' id='word_1_362' title='bbox 987 4657 1408 4728; x_wconf 66' lang='lat' dir='ltr'><strong>interrogassent</strong></span> <span class='ocrx_word' id='word_1_363' title='bbox 1469 4666 1592 4734; x_wconf 91' lang='lat' dir='ltr'><strong>quis</strong></span> <span class='ocrx_word' id='word_1_364' title='bbox 1642 4668 1796 4723; x_wconf 87' lang='lat' dir='ltr'><strong>locus</strong></span> 
     </span>
    </p>
   </div>
   <div class='ocr_carea' id='block_1_52' title="bbox 204 4740 1798 4817">
    <p class='ocr_par' dir='ltr' id='par_1_52' title="bbox 204 4740 1798 4817">
     <span class='ocr_line' id='line_1_52' title="bbox 204 4740 1798 4817; baseline 0.014 -24"><span class='ocrx_word' id='word_1_365' title='bbox 204 4751 377 4803; x_wconf 82' lang='lat' dir='ltr'><strong>esset,</strong></span> <span class='ocrx_word' id='word_1_366' title='bbox 408 4740 837 4813; x_wconf 84' lang='lat' dir='ltr'><strong>didieissemque</strong></span> <span class='ocrx_word' id='word_1_367' title='bbox 863 4761 984 4801; x_wconf 90' lang='lat' dir='ltr'><strong>esse</strong></span> <span class='ocrx_word' id='word_1_368' title='bbox 1008 4750 1319 4817; x_wconf 81' lang='lat' dir='ltr'><strong>ecclesiam,</strong></span> <span class='ocrx_word' id='word_1_369' title='bbox 1343 4764 1397 4807; x_wconf 91' lang='lat' dir='ltr'><strong>et</strong></span> <span class='ocrx_word' id='word_1_370' title='bbox 1419 4755 1709 4813; x_wconf 84' lang='lat' dir='ltr'><strong>intrassem</strong></span> <span class='ocrx_word' id='word_1_371' title='bbox 1740 4770 1798 4815; x_wconf 91' lang='lat' dir='ltr'><strong>ut</strong></span> 
     </span>
    </p>
   </div>
   <div class='ocr_carea' id='block_1_53' title="bbox 205 4832 1797 4911">
    <p class='ocr_par' dir='ltr' id='par_1_53' title="bbox 205 4832 1797 4911">
     <span class='ocr_line' id='line_1_53' title="bbox 205 4832 1797 4911; baseline 0.016 -31"><span class='ocrx_word' id='word_1_372' title='bbox 205 4845 460 4897; x_wconf 88' lang='lat' dir='ltr'><strong>orarem;</strong></span> <span class='ocrx_word' id='word_1_373' title='bbox 539 4832 723 4889; x_wconf 88' lang='lat' dir='ltr'><strong>inveni</strong></span> <span class='ocrx_word' id='word_1_374' title='bbox 789 4835 859 4889; x_wconf 89' lang='lat' dir='ltr'><strong>ibi</strong></span> <span class='ocrx_word' id='word_1_375' title='bbox 919 4839 1095 4893; x_wconf 80' lang='lat' dir='ltr'><strong>velum</strong></span> <span class='ocrx_word' id='word_1_376' title='bbox 1170 4844 1413 4911; x_wconf 88' lang='lat' dir='ltr'><strong>pendens</strong></span> <span class='ocrx_word' id='word_1_377' title='bbox 1472 4846 1527 4900; x_wconf 91' lang='lat' dir='ltr'><strong>in</strong></span> <span class='ocrx_word' id='word_1_378' title='bbox 1590 4849 1797 4906; x_wconf 85' lang='lat' dir='ltr'><strong>foribus</strong></span> 
     </span>
    </p>
   </div>
   <div class='ocr_carea' id='block_1_54' title="bbox 203 4920 1796 5005">
    <p class='ocr_par' dir='ltr' id='par_1_54' title="bbox 203 4920 1796 5005">
     <span class='ocr_line' id='line_1_54' title="bbox 203 4920 1796 5005; baseline 0.015 -33"><span class='ocrx_word' id='word_1_379' title='bbox 203 4920 453 4985; x_wconf 85' lang='lat' dir='ltr'><strong>ejusdem</strong></span> <span class='ocrx_word' id='word_1_380' title='bbox 487 4924 756 4992; x_wconf 68' lang='lat' dir='ltr'><strong>ecclesim,</strong></span> <span class='ocrx_word' id='word_1_381' title='bbox 800 4929 1029 4983; x_wconf 91' lang='lat' dir='ltr'><strong>tinctum</strong></span> <span class='ocrx_word' id='word_1_382' title='bbox 1077 4945 1239 5002; x_wconf 85' lang='lat' dir='ltr'><strong>atque</strong></span> <span class='ocrx_word' id='word_1_383' title='bbox 1280 4934 1577 5005; x_wconf 88' lang='lat' dir='ltr'><strong>depictum,</strong></span> <span class='ocrx_word' id='word_1_384' title='bbox 1614 4951 1667 4994; x_wconf 90' lang='lat' dir='ltr'><strong>et</strong></span> <span class='ocrx_word' id='word_1_385' title='bbox 1698 4943 1796 4996; x_wconf 90' lang='lat' dir='ltr'><strong>ha-</strong></span> 
     </span>
    </p>
   </div>
   <div class='ocr_carea' id='block_1_55' title="bbox 203 5011 1792 5099">
    <p class='ocr_par' dir='ltr' id='par_1_55' title="bbox 203 5011 1792 5099">
     <span class='ocr_line' id='line_1_55' title="bbox 203 5011 1792 5099; baseline 0.014 -35"><span class='ocrx_word' id='word_1_386' title='bbox 203 5011 343 5067; x_wconf 86' lang='lat' dir='ltr'><strong>bens</strong></span> <span class='ocrx_word' id='word_1_387' title='bbox 367 5014 689 5084; x_wconf 45' lang='lat' dir='ltr'><strong>imaginem,</strong></span> <span class='ocrx_word' id='word_1_388' title='bbox 721 5020 882 5087; x_wconf 90' lang='lat' dir='ltr'><strong>quasi</strong></span> <span class='ocrx_word' id='word_1_389' title='bbox 909 5021 1113 5077; x_wconf 87' lang='lat' dir='ltr'><strong>Christi</strong></span> <span class='ocrx_word' id='word_1_390' title='bbox 1140 5026 1223 5078; x_wconf 87' lang='lat' dir='ltr'><strong>vel</strong></span> <span class='ocrx_word' id='word_1_391' title='bbox 1255 5029 1433 5081; x_wconf 72' lang='lat' dir='ltr'><strong>sancti</strong></span> <span class='ocrx_word' id='word_1_392' title='bbox 1468 5031 1792 5099; x_wconf 85' lang='lat' dir='ltr'><strong>cujusdam:</strong></span> 
     </span>
    </p>
   </div>
   <div class='ocr_carea' id='block_1_56' title="bbox 206 5106 1790 5186">
    <p class='ocr_par' dir='ltr' id='par_1_56' title="bbox 206 5106 1790 5186">
     <span class='ocr_line' id='line_1_56' title="bbox 206 5106 1790 5186; baseline 0.015 -32"><span class='ocrx_word' id='word_1_393' title='bbox 206 5118 305 5156; x_wconf 87' lang='lat' dir='ltr'><strong>nec</strong></span> <span class='ocrx_word' id='word_1_394' title='bbox 340 5106 489 5159; x_wconf 85' lang='lat' dir='ltr'><strong>enim</strong></span> <span class='ocrx_word' id='word_1_395' title='bbox 532 5109 671 5161; x_wconf 87' lang='lat' dir='ltr'><strong>satis</strong></span> <span class='ocrx_word' id='word_1_396' title='bbox 714 5111 938 5164; x_wconf 89' lang='lat' dir='ltr'><strong>memini</strong></span> <span class='ocrx_word' id='word_1_397' title='bbox 986 5114 1143 5182; x_wconf 88' lang='lat' dir='ltr'><strong>cujus</strong></span> <span class='ocrx_word' id='word_1_398' title='bbox 1187 5116 1366 5186; x_wconf 80' lang='lat' dir='ltr'><strong>imago</strong></span> <span class='ocrx_word' id='word_1_399' title='bbox 1421 5117 1601 5177; x_wconf 86' lang='lat' dir='ltr'><strong>fuerit.</strong></span> <span class='ocrx_word' id='word_1_400' title='bbox 1655 5123 1790 5178; x_wconf 88' lang='lat' dir='ltr'><strong>Cum</strong></span> 
     </span>
    </p>
   </div>
   <div class='ocr_carea' id='block_1_57' title="bbox 203 5194 1794 5273">
    <p class='ocr_par' dir='ltr' id='par_1_57' title="bbox 203 5194 1794 5273">
     <span class='ocr_line' id='line_1_57' title="bbox 203 5194 1794 5273; baseline 0.016 -30"><span class='ocrx_word' id='word_1_401' title='bbox 203 5207 336 5263; x_wconf 60' lang='lat' dir='ltr'><strong>«rgo</strong></span> <span class='ocrx_word' id='word_1_402' title='bbox 372 5194 476 5249; x_wconf 92' lang='lat' dir='ltr'><strong>hoc</strong></span> <span class='ocrx_word' id='word_1_403' title='bbox 503 5197 784 5264; x_wconf 83' lang='lat' dir='ltr'><strong>vidissem,</strong></span> <span class='ocrx_word' id='word_1_404' title='bbox 832 5200 884 5252; x_wconf 91' lang='lat' dir='ltr'><strong>in</strong></span> <span class='ocrx_word' id='word_1_405' title='bbox 917 5204 1147 5259; x_wconf 87' lang='lat' dir='ltr'><strong>ecclesia</strong></span> <span class='ocrx_word' id='word_1_406' title='bbox 1189 5205 1414 5273; x_wconf 65' lang='lat' dir='ltr'><strong>Clu-isti,</strong></span> <span class='ocrx_word' id='word_1_407' title='bbox 1462 5223 1652 5267; x_wconf 80' lang='lat' dir='ltr'><strong>contra</strong></span> <span class='ocrx_word' id='word_1_408' title='bbox 1701 5232 1794 5268; x_wconf 88' lang='lat' dir='ltr'><strong>au-</strong></span> 
     </span>
    </p>
   </div>
   <div class='ocr_carea' id='block_1_58' title="bbox 203 5287 1790 5376">
    <p class='ocr_par' dir='ltr' id='par_1_58' title="bbox 203 5287 1790 5376">
     <span class='ocr_line' id='line_1_58' title="bbox 203 5287 1790 5376; baseline 0.014 -38"><span class='ocrx_word' id='word_1_409' title='bbox 203 5287 518 5341; x_wconf 88' lang='lat' dir='ltr'><strong>ctoritatem</strong></span> <span class='ocrx_word' id='word_1_410' title='bbox 562 5287 995 5360; x_wconf 83' lang='lat' dir='ltr'><strong>Scripturarum,</strong></span> <span class='ocrx_word' id='word_1_411' title='bbox 1041 5297 1278 5353; x_wconf 77' lang='lat' dir='ltr'><strong>hominis</strong></span> <span class='ocrx_word' id='word_1_412' title='bbox 1320 5302 1555 5369; x_wconf 87' lang='lat' dir='ltr'><strong>pendere</strong></span> <span class='ocrx_word' id='word_1_413' title='bbox 1597 5305 1790 5376; x_wconf 88' lang='lat' dir='ltr'><strong>imagi-</strong></span> 
     </span>
    </p>
   </div>
   <div class='ocr_carea' id='block_1_59' title="bbox 202 5378 1790 5455">
    <p class='ocr_par' dir='ltr' id='par_1_59' title="bbox 202 5378 1790 5455">
     <span class='ocr_line' id='line_1_59' title="bbox 202 5378 1790 5455; baseline 0.016 -28"><span class='ocrx_word' id='word_1_414' title='bbox 202 5391 368 5440; x_wconf 86' lang='lat' dir='ltr'><strong>nem;</strong></span> <span class='ocrx_word' id='word_1_415' title='bbox 405 5378 542 5432; x_wconf 88' lang='lat' dir='ltr'><strong>scidi</strong></span> <span class='ocrx_word' id='word_1_416' title='bbox 577 5379 708 5434; x_wconf 91' lang='lat' dir='ltr'><strong>illud</strong></span> <span class='ocrx_word' id='word_1_417' title='bbox 737 5391 793 5436; x_wconf 90' lang='lat' dir='ltr'><strong>ct</strong></span> <span class='ocrx_word' id='word_1_418' title='bbox 838 5386 1010 5455; x_wconf 89' lang='lat' dir='ltr'><strong>magis</strong></span> <span class='ocrx_word' id='word_1_419' title='bbox 1053 5387 1174 5442; x_wconf 87' lang='lat' dir='ltr'><strong>dedi</strong></span> <span class='ocrx_word' id='word_1_420' title='bbox 1201 5392 1512 5446; x_wconf 84' lang='lat' dir='ltr'><strong>consilium</strong></span> <span class='ocrx_word' id='word_1_421' title='bbox 1549 5399 1790 5452; x_wconf 82' lang='lat' dir='ltr'><strong>custodi-</strong></span> 
     </span>
    </p>
   </div>
   <div class='ocr_carea' id='block_1_60' title="bbox 203 5467 1789 5549">
    <p class='ocr_par' dir='ltr' id='par_1_60' title="bbox 203 5467 1789 5549">
     <span class='ocr_line' id='line_1_60' title="bbox 203 5467 1789 5549; baseline 0.017 -29"><span class='ocrx_word' id='word_1_422' title='bbox 203 5467 306 5522; x_wconf 88' lang='lat' dir='ltr'><strong>bus</strong></span> <span class='ocrx_word' id='word_1_423' title='bbox 335 5469 579 5540; x_wconf 81' lang='lat' dir='ltr'><strong>ejusdem</strong></span> <span class='ocrx_word' id='word_1_424' title='bbox 612 5474 737 5541; x_wconf 81' lang='lat' dir='ltr'><strong>loci,</strong></span> <span class='ocrx_word' id='word_1_425' title='bbox 771 5487 827 5530; x_wconf 92' lang='lat' dir='ltr'><strong>ut</strong></span> <span class='ocrx_word' id='word_1_426' title='bbox 862 5493 1154 5549; x_wconf 85' lang='lat' dir='ltr'><strong>pauperem</strong></span> <span class='ocrx_word' id='word_1_427' title='bbox 1192 5494 1464 5540; x_wconf 88' lang='lat' dir='ltr'><strong>mortuum</strong></span> <span class='ocrx_word' id='word_1_428' title='bbox 1502 5503 1568 5541; x_wconf 89' lang='lat' dir='ltr'><strong>eo</strong></span> <span class='ocrx_word' id='word_1_429' title='bbox 1600 5492 1789 5546; x_wconf 87' lang='lat' dir='ltr'><strong>obvol-</strong></span> 
     </span>
    </p>
   </div>
   <div class='ocr_carea' id='block_1_61' title="bbox 202 5566 1785 5643">
    <p class='ocr_par' dir='ltr' id='par_1_61' title="bbox 202 5566 1785 5643">
     <span class='ocr_line' id='line_1_61' title="bbox 202 5566 1785 5643; baseline 0.019 -31"><span class='ocrx_word' id='word_1_430' title='bbox 202 5573 392 5615; x_wconf 86' lang='lat' dir='ltr'><strong>verent</strong></span> <span class='ocrx_word' id='word_1_431' title='bbox 456 5575 509 5619; x_wconf 89' lang='lat' dir='ltr'><strong>et</strong></span> <span class='ocrx_word' id='word_1_432' title='bbox 556 5566 833 5624; x_wconf 80' lang='lat' dir='ltr'><strong>ell&#39;errcnt.</strong></span> <span class='ocrx_word' id='word_1_433' title='bbox 884 5571 1073 5642; x_wconf 88' lang='lat' dir='ltr'><strong>Illique</strong></span> <span class='ocrx_word' id='word_1_434' title='bbox 1127 5590 1313 5633; x_wconf 82' lang='lat' dir='ltr'><strong>eontra</strong></span> <span class='ocrx_word' id='word_1_435' title='bbox 1377 5598 1785 5643; x_wconf 79' lang='lat' dir='ltr'><strong>murmurantes</strong></span> 
     </span>
    </p>
   </div>
   <div class='ocr_carea' id='block_1_62' title="bbox 204 5651 1779 5742">
    <p class='ocr_par' dir='ltr' id='par_1_62' title="bbox 204 5651 1779 5742">
     <span class='ocr_line' id='line_1_62' title="bbox 204 5651 1779 5742; baseline 0.02 -39"><span class='ocrx_word' id='word_1_436' title='bbox 204 5651 480 5720; x_wconf 76' lang='lat' dir='ltr'><strong>dixerunt,</strong></span> <span class='ocrx_word' id='word_1_437' title='bbox 510 5655 565 5709; x_wconf 85' lang='lat' dir='ltr'><strong>Si</strong></span> <span class='ocrx_word' id='word_1_438' title='bbox 590 5658 840 5714; x_wconf 84' lang='lat' dir='ltr'><strong>scindere</strong></span> <span class='ocrx_word' id='word_1_439' title='bbox 866 5664 1351 5736; x_wconf 65' lang='lat' dir='ltr'><strong>voluerat,ju~tum</strong></span> <span class='ocrx_word' id='word_1_440' title='bbox 1378 5687 1515 5742; x_wconf 70' lang='lat' dir='ltr'><strong>enat,</strong></span> <span class='ocrx_word' id='word_1_441' title='bbox 1548 5689 1602 5731; x_wconf 90' lang='lat' dir='ltr'><strong>ut</strong></span> <span class='ocrx_word' id='word_1_442' title='bbox 1635 5680 1779 5735; x_wconf 82' lang='lat' dir='ltr'><strong>aliud</strong></span> 
     </span>
    </p>
   </div>
   <div class='ocr_carea' id='block_1_63' title="bbox 1954 478 3528 561">
    <p class='ocr_par' dir='ltr' id='par_1_63' title="bbox 1954 478 3528 561">
     <span class='ocr_line' id='line_1_63' title="bbox 1954 478 3528 561; baseline 0.016 -32"><span class='ocrx_word' id='word_1_443' title='bbox 1954 492 2041 530; x_wconf 89' lang='lat' dir='ltr'><strong>me</strong></span> <span class='ocrx_word' id='word_1_444' title='bbox 2070 478 2325 534; x_wconf 89' lang='lat' dir='ltr'><strong>daturum</strong></span> <span class='ocrx_word' id='word_1_445' title='bbox 2364 497 2487 537; x_wconf 90' lang='lat' dir='ltr'><strong>esse</strong></span> <span class='ocrx_word' id='word_1_446' title='bbox 2524 484 2800 553; x_wconf 90' lang='lat' dir='ltr'><strong>pollicitus</strong></span> <span class='ocrx_word' id='word_1_447' title='bbox 2846 504 2966 543; x_wconf 91' lang='lat' dir='ltr'><strong>sum</strong></span> <span class='ocrx_word' id='word_1_448' title='bbox 2996 510 3010 543; x_wconf 92' lang='lat'>:</span> <span class='ocrx_word' id='word_1_449' title='bbox 3042 494 3320 561; x_wconf 87' lang='lat' dir='ltr'><strong>paululum</strong></span> <span class='ocrx_word' id='word_1_450' title='bbox 3348 513 3528 554; x_wconf 67' lang='lat' dir='ltr'><strong>autem</strong></span> 
     </span>
    </p>
   </div>
   <div class='ocr_carea' id='block_1_64' title="bbox 1952 572 3531 656">
    <p class='ocr_par' dir='ltr' id='par_1_64' title="bbox 1952 572 3531 656">
     <span class='ocr_line' id='line_1_64' title="bbox 1952 572 3531 656; baseline 0.015 -33"><span class='ocrx_word' id='word_1_451' title='bbox 1952 586 2232 627; x_wconf 88' lang='lat' dir='ltr'><strong>morarum</strong></span> <span class='ocrx_word' id='word_1_452' title='bbox 2263 572 2364 628; x_wconf 90' lang='lat' dir='ltr'><strong>fuit</strong></span> <span class='ocrx_word' id='word_1_453' title='bbox 2392 576 2443 628; x_wconf 93' lang='lat' dir='ltr'><strong>iu</strong></span> <span class='ocrx_word' id='word_1_454' title='bbox 2492 578 2693 643; x_wconf 89' lang='lat' dir='ltr'><strong>medio,</strong></span> <span class='ocrx_word' id='word_1_455' title='bbox 2741 580 2870 634; x_wconf 91' lang='lat' dir='ltr'><strong>dum</strong></span> <span class='ocrx_word' id='word_1_456' title='bbox 2912 600 3098 651; x_wconf 72' lang='lat' dir='ltr'><strong>quan-0</strong></span> <span class='ocrx_word' id='word_1_457' title='bbox 3143 590 3407 656; x_wconf 76' lang='lat' dir='ltr'><strong>optimum</strong></span> <span class='ocrx_word' id='word_1_458' title='bbox 3441 608 3531 646; x_wconf 74' lang='lat' dir='ltr'><strong>ve~</strong></span> 
     </span>
    </p>
   </div>
   <div class='ocr_carea' id='block_1_65' title="bbox 1950 662 3525 753">
    <p class='ocr_par' dir='ltr' id='par_1_65' title="bbox 1950 662 3525 753">
     <span class='ocr_line' id='line_1_65' title="bbox 1950 662 3525 753; baseline 0.016 -38"><span class='ocrx_word' id='word_1_459' title='bbox 1950 662 2062 716; x_wconf 90' lang='lat' dir='ltr'><strong>lum</strong></span> <span class='ocrx_word' id='word_1_460' title='bbox 2089 679 2190 732; x_wconf 87' lang='lat' dir='ltr'><strong>pro</strong></span> <span class='ocrx_word' id='word_1_461' title='bbox 2222 681 2288 720; x_wconf 88' lang='lat' dir='ltr'><strong>eo</strong></span> <span class='ocrx_word' id='word_1_462' title='bbox 2324 668 2557 729; x_wconf 84' lang='lat' dir='ltr'><strong>mittere,</strong></span> <span class='ocrx_word' id='word_1_463' title='bbox 2592 672 2899 728; x_wconf 89' lang='lat' dir='ltr'><strong>arbitrabar</strong></span> <span class='ocrx_word' id='word_1_464' title='bbox 2928 678 3074 731; x_wconf 91' lang='lat' dir='ltr'><strong>enim</strong></span> <span class='ocrx_word' id='word_1_465' title='bbox 3102 681 3167 733; x_wconf 90' lang='lat' dir='ltr'><strong>de</strong></span> <span class='ocrx_word' id='word_1_466' title='bbox 3192 681 3372 753; x_wconf 76' lang='lat' dir='ltr'><strong>Cypro</strong></span> <span class='ocrx_word' id='word_1_467' title='bbox 3392 687 3525 741; x_wconf 78' lang='lat' dir='ltr'><strong>mihi</strong></span> 
     </span>
    </p>
   </div>
   <div class='ocr_carea' id='block_1_66' title="bbox 1947 756 3525 845">
    <p class='ocr_par' dir='ltr' id='par_1_66' title="bbox 1947 756 3525 845">
     <span class='ocr_line' id='line_1_66' title="bbox 1947 756 3525 845; baseline 0.015 -37"><span class='ocrx_word' id='word_1_468' title='bbox 1947 770 2069 810; x_wconf 90' lang='lat' dir='ltr'><strong>esse</strong></span> <span class='ocrx_word' id='word_1_469' title='bbox 2100 756 2445 816; x_wconf 88' lang='lat' dir='ltr'><strong>mittendum.</strong></span> <span class='ocrx_word' id='word_1_470' title='bbox 2471 760 2627 817; x_wconf 87' lang='lat' dir='ltr'><strong>Nunc</strong></span> <span class='ocrx_word' id='word_1_471' title='bbox 2659 773 2841 820; x_wconf 85' lang='lat' dir='ltr'><strong>autem</strong></span> <span class='ocrx_word' id='word_1_472' title='bbox 2869 767 2991 820; x_wconf 86' lang='lat' dir='ltr'><strong>misi</strong></span> <span class='ocrx_word' id='word_1_473' title='bbox 3020 773 3163 838; x_wconf 86' lang='lat' dir='ltr'><strong>quod</strong></span> <span class='ocrx_word' id='word_1_474' title='bbox 3189 776 3337 841; x_wconf 86' lang='lat' dir='ltr'><strong>potui</strong></span> <span class='ocrx_word' id='word_1_475' title='bbox 3370 792 3525 845; x_wconf 82' lang='lat' dir='ltr'><strong>repe-</strong></span> 
     </span>
    </p>
   </div>
   <div class='ocr_carea' id='block_1_67' title="bbox 1956 847 3523 931">
    <p class='ocr_par' dir='ltr' id='par_1_67' title="bbox 1956 847 3523 931">
     <span class='ocr_line' id='line_1_67' title="bbox 1956 847 3523 931; baseline 0.015 -32"><span class='ocrx_word' id='word_1_476' title='bbox 1956 847 2099 911; x_wconf 88' lang='lat' dir='ltr'><strong>rire;</strong></span> <span class='ocrx_word' id='word_1_477' title='bbox 2136 858 2191 901; x_wconf 79' lang='lat' dir='ltr'><strong>rt</strong></span> <span class='ocrx_word' id='word_1_478' title='bbox 2221 865 2413 919; x_wconf 78' lang='lat' dir='ltr'><strong>precor</strong></span> <span class='ocrx_word' id='word_1_479' title='bbox 2445 864 2501 906; x_wconf 94' lang='lat' dir='ltr'><strong>ut</strong></span> <span class='ocrx_word' id='word_1_480' title='bbox 2531 852 2727 921; x_wconf 89' lang='lat' dir='ltr'><strong>jubcas</strong></span> <span class='ocrx_word' id='word_1_481' title='bbox 2763 859 3112 929; x_wconf 70' lang='lat' dir='ltr'><strong>presbyteros</strong></span> <span class='ocrx_word' id='word_1_482' title='bbox 3143 863 3388 931; x_wconf 67' lang='lat' dir='ltr'><strong>ejusdem</strong></span> <span class='ocrx_word' id='word_1_483' title='bbox 3422 869 3523 923; x_wconf 92' lang='lat' dir='ltr'><strong>loci</strong></span> 
     </span>
    </p>
   </div>
   <div class='ocr_carea' id='block_1_68' title="bbox 1946 938 3521 1025">
    <p class='ocr_par' dir='ltr' id='par_1_68' title="bbox 1946 938 3521 1025">
     <span class='ocr_line' id='line_1_68' title="bbox 1946 938 3521 1025; baseline 0.014 -34"><span class='ocrx_word' id='word_1_484' title='bbox 1946 938 2226 1007; x_wconf 89' lang='lat' dir='ltr'><strong>suscipere</strong></span> <span class='ocrx_word' id='word_1_485' title='bbox 2251 942 2425 995; x_wconf 78' lang='lat' dir='ltr'><strong>velum</strong></span> <span class='ocrx_word' id='word_1_486' title='bbox 2469 958 2499 997; x_wconf 89' lang='lat' dir='ltr'><strong>a</strong></span> <span class='ocrx_word' id='word_1_487' title='bbox 2539 945 2711 1000; x_wconf 81' lang='lat' dir='ltr'><strong>latore</strong></span> <span class='ocrx_word' id='word_1_488' title='bbox 2737 950 2883 1016; x_wconf 87' lang='lat' dir='ltr'><strong>quod</strong></span> <span class='ocrx_word' id='word_1_489' title='bbox 2909 965 2937 1002; x_wconf 90' lang='lat' dir='ltr'><strong>a</strong></span> <span class='ocrx_word' id='word_1_490' title='bbox 2976 952 3134 1006; x_wconf 90' lang='lat' dir='ltr'><strong>nobis</strong></span> <span class='ocrx_word' id='word_1_491' title='bbox 3163 954 3389 1009; x_wconf 88' lang='lat' dir='ltr'><strong>missum</strong></span> <span class='ocrx_word' id='word_1_492' title='bbox 3413 970 3521 1025; x_wconf 82' lang='lat' dir='ltr'><strong>est;</strong></span> 
     </span>
    </p>
   </div>
   <div class='ocr_carea' id='block_1_69' title="bbox 1942 1031 3523 1117">
    <p class='ocr_par' dir='ltr' id='par_1_69' title="bbox 1942 1031 3523 1117">
     <span class='ocr_line' id='line_1_69' title="bbox 1942 1031 3523 1117; baseline 0.015 -33"><span class='ocrx_word' id='word_1_493' title='bbox 1942 1039 2000 1084; x_wconf 88' lang='lat' dir='ltr'><strong>et</strong></span> <span class='ocrx_word' id='word_1_494' title='bbox 2034 1031 2293 1101; x_wconf 88' lang='lat' dir='ltr'><strong>deinceps</strong></span> <span class='ocrx_word' id='word_1_495' title='bbox 2325 1036 2617 1103; x_wconf 64' lang='lat' dir='ltr'><strong>praecipere</strong></span> <span class='ocrx_word' id='word_1_496' title='bbox 2650 1039 2702 1091; x_wconf 91' lang='lat' dir='ltr'><strong>in</strong></span> <span class='ocrx_word' id='word_1_497' title='bbox 2750 1039 2989 1096; x_wconf 85' lang='lat' dir='ltr'><strong>Ecclesia</strong></span> <span class='ocrx_word' id='word_1_498' title='bbox 3021 1043 3223 1099; x_wconf 72' lang='lat' dir='ltr'><strong>Christi</strong></span> <span class='ocrx_word' id='word_1_499' title='bbox 3254 1049 3523 1117; x_wconf 77' lang='lat' dir='ltr'><strong>ejusmodi</strong></span> 
     </span>
    </p>
   </div>
   <div class='ocr_carea' id='block_1_70' title="bbox 1946 1124 3523 1214">
    <p class='ocr_par' dir='ltr' id='par_1_70' title="bbox 1946 1124 3523 1214">
     <span class='ocr_line' id='line_1_70' title="bbox 1946 1124 3523 1214; baseline 0.015 -39"><span class='ocrx_word' id='word_1_500' title='bbox 1946 1124 2082 1186; x_wconf 90' lang='lat' dir='ltr'><strong>vela,</strong></span> <span class='ocrx_word' id='word_1_501' title='bbox 2114 1139 2235 1193; x_wconf 69' lang='lat' dir='ltr'><strong>qua:</strong></span> <span class='ocrx_word' id='word_1_502' title='bbox 2264 1134 2453 1180; x_wconf 91' lang='lat' dir='ltr'><strong>contra</strong></span> <span class='ocrx_word' id='word_1_503' title='bbox 2487 1130 2808 1200; x_wconf 82' lang='lat' dir='ltr'><strong>religionem</strong></span> <span class='ocrx_word' id='word_1_504' title='bbox 2845 1144 3089 1190; x_wconf 89' lang='lat' dir='ltr'><strong>nostram</strong></span> <span class='ocrx_word' id='word_1_505' title='bbox 3122 1152 3271 1204; x_wconf 83' lang='lat' dir='ltr'><strong>sunt,</strong></span> <span class='ocrx_word' id='word_1_506' title='bbox 3299 1157 3404 1197; x_wconf 91' lang='lat' dir='ltr'><strong>non</strong></span> <span class='ocrx_word' id='word_1_507' title='bbox 3430 1160 3523 1214; x_wconf 84' lang='lat' dir='ltr'><strong>ap-</strong></span> 
     </span>
    </p>
   </div>
   <div class='ocr_carea' id='block_1_71' title="bbox 1943 1214 3523 1301">
    <p class='ocr_par' dir='ltr' id='par_1_71' title="bbox 1943 1214 3523 1301">
     <span class='ocr_line' id='line_1_71' title="bbox 1943 1214 3523 1301; baseline 0.016 -36"><span class='ocrx_word' id='word_1_508' title='bbox 1943 1215 2125 1282; x_wconf 88' lang='lat' dir='ltr'><strong>pendi.</strong></span> <span class='ocrx_word' id='word_1_509' title='bbox 2150 1235 2168 1266; x_wconf 84' lang='grc'><strong>›</strong></span> <span class='ocrx_word' id='word_1_510' title='bbox 2197 1214 2474 1274; x_wconf 82' lang='lat' dir='ltr'><strong>Hactenus</strong></span> <span class='ocrx_word' id='word_1_511' title='bbox 2497 1221 2747 1290; x_wconf 89' lang='lat' dir='ltr'><strong>epistola,</strong></span> <span class='ocrx_word' id='word_1_512' title='bbox 2779 1225 2936 1294; x_wconf 87' lang='lat' dir='ltr'><strong>cujus</strong></span> <span class='ocrx_word' id='word_1_513' title='bbox 2958 1230 3003 1281; x_wconf 85' lang='lat' dir='ltr'><strong>si</strong></span> <span class='ocrx_word' id='word_1_514' title='bbox 3040 1239 3184 1284; x_wconf 86' lang='lat' dir='ltr'><strong>recte</strong></span> <span class='ocrx_word' id='word_1_515' title='bbox 3210 1236 3523 1301; x_wconf 80' lang='lat' dir='ltr'><strong>expendan-</strong></span> 
     </span>
    </p>
   </div>
   <div class='ocr_carea' id='block_1_72' title="bbox 1945 1306 3517 1393">
    <p class='ocr_par' dir='ltr' id='par_1_72' title="bbox 1945 1306 3517 1393">
     <span class='ocr_line' id='line_1_72' title="bbox 1945 1306 3517 1393; baseline 0.015 -37"><span class='ocrx_word' id='word_1_516' title='bbox 1945 1312 2032 1357; x_wconf 90' lang='lat' dir='ltr'><strong>tur</strong></span> <span class='ocrx_word' id='word_1_517' title='bbox 2067 1306 2253 1371; x_wconf 89' lang='lat' dir='ltr'><strong>verba,</strong></span> <span class='ocrx_word' id='word_1_518' title='bbox 2285 1308 2462 1362; x_wconf 85' lang='lat' dir='ltr'><strong>velqu</strong></span> <span class='ocrx_word' id='word_1_519' title='bbox 2510 1311 2657 1366; x_wconf 92' lang='lat' dir='ltr'><strong>istud</strong></span> <span class='ocrx_word' id='word_1_520' title='bbox 2687 1314 2978 1369; x_wconf 83' lang='lat' dir='ltr'><strong>discissum</strong></span> <span class='ocrx_word' id='word_1_521' title='bbox 3016 1317 3181 1376; x_wconf 90' lang='lat' dir='ltr'><strong>fuisse</strong></span> <span class='ocrx_word' id='word_1_522' title='bbox 3217 1327 3517 1393; x_wconf 72' lang='lat' dir='ltr'><strong>apparebit,</strong></span> 
     </span>
    </p>
   </div>
   <div class='ocr_carea' id='block_1_73' title="bbox 1943 1391 3518 1471">
    <p class='ocr_par' dir='ltr' id='par_1_73' title="bbox 1943 1391 3518 1471">
     <span class='ocr_line' id='line_1_73' title="bbox 1943 1391 3518 1471; baseline 0.018 -30"><span class='ocrx_word' id='word_1_523' title='bbox 1943 1403 2046 1443; x_wconf 88' lang='lat' dir='ltr'><strong>non</strong></span> <span class='ocrx_word' id='word_1_524' title='bbox 2074 1391 2200 1458; x_wconf 86' lang='lat' dir='ltr'><strong>quia</strong></span> <span class='ocrx_word' id='word_1_525' title='bbox 2225 1408 2349 1447; x_wconf 83' lang='lat' dir='ltr'><strong>vere</strong></span> <span class='ocrx_word' id='word_1_526' title='bbox 2382 1414 2400 1445; x_wconf 72' lang='grc' dir='ltr'><strong><em>ι</em></strong></span> <span class='ocrx_word' id='word_1_527' title='bbox 2427 1396 2660 1452; x_wconf 77' lang='lat' dir='ltr'><strong>habebat</strong></span> <span class='ocrx_word' id='word_1_528' title='bbox 2686 1401 2979 1471; x_wconf 83' lang='lat' dir='ltr'><strong>imaginem</strong></span> <span class='ocrx_word' id='word_1_529' title='bbox 3004 1405 3209 1464; x_wconf 83' lang='lat' dir='ltr'><strong>Christi</strong></span> <span class='ocrx_word' id='word_1_530' title='bbox 3241 1391 3318 1466; x_wconf 70' lang='lat' dir='ltr'><strong>vel</strong></span> <span class='ocrx_word' id='word_1_531' title='bbox 3344 1416 3518 1469; x_wconf 71' lang='lat' dir='ltr'><strong>sam-ti</strong></span> 
     </span>
    </p>
   </div>
   <div class='ocr_carea' id='block_1_74' title="bbox 1939 1480 3520 1570">
    <p class='ocr_par' dir='ltr' id='par_1_74' title="bbox 1939 1480 3520 1570">
     <span class='ocr_line' id='line_1_74' title="bbox 1939 1480 3520 1570; baseline 0.016 -37"><span class='ocrx_word' id='word_1_532' title='bbox 1939 1480 2259 1550; x_wconf 84' lang='lat' dir='ltr'><strong>cujusdam;</strong></span> <span class='ocrx_word' id='word_1_533' title='bbox 2307 1503 2326 1535; x_wconf 71' lang='grc' dir='ltr'><strong>ι</strong></span> <span class='ocrx_word' id='word_1_534' title='bbox 2361 1487 2454 1540; x_wconf 87' lang='lat' dir='ltr'><strong>sed</strong></span> <span class='ocrx_word' id='word_1_535' title='bbox 2480 1488 2630 1557; x_wconf 88' lang='lat' dir='ltr'><strong>quia,</strong></span> <span class='ocrx_word' id='word_1_536' title='bbox 2663 1507 2787 1545; x_wconf 90' lang='lat' dir='ltr'><strong>cum</strong></span> <span class='ocrx_word' id='word_1_537' title='bbox 2828 1495 3050 1551; x_wconf 87' lang='lat' dir='ltr'><strong>haberet</strong></span> <span class='ocrx_word' id='word_1_538' title='bbox 3085 1501 3311 1570; x_wconf 84' lang='lat' dir='ltr'><strong>effigiem</strong></span> <span class='ocrx_word' id='word_1_539' title='bbox 3343 1505 3520 1559; x_wconf 87' lang='lat' dir='ltr'><strong>homi-</strong></span> 
     </span>
    </p>
   </div>
   <div class='ocr_carea' id='block_1_75' title="bbox 1939 1572 3513 1661">
    <p class='ocr_par' dir='ltr' id='par_1_75' title="bbox 1939 1572 3513 1661">
     <span class='ocr_line' id='line_1_75' title="bbox 1939 1572 3513 1661; baseline 0.017 -37"><span class='ocrx_word' id='word_1_540' title='bbox 1939 1572 2026 1626; x_wconf 88' lang='lat' dir='ltr'><strong>nis</strong></span> <span class='ocrx_word' id='word_1_541' title='bbox 2070 1574 2375 1644; x_wconf 88' lang='lat' dir='ltr'><strong>cujuspiam</strong></span> <span class='ocrx_word' id='word_1_542' title='bbox 2430 1579 2666 1647; x_wconf 89' lang='lat' dir='ltr'><strong>profani,</strong></span> <span class='ocrx_word' id='word_1_543' title='bbox 2715 1595 2810 1637; x_wconf 90' lang='lat' dir='ltr'><strong>aut</strong></span> <span class='ocrx_word' id='word_1_544' title='bbox 2850 1586 2988 1641; x_wconf 85' lang='lat' dir='ltr'><strong>forte</strong></span> <span class='ocrx_word' id='word_1_545' title='bbox 3041 1590 3219 1645; x_wconf 91' lang='lat' dir='ltr'><strong>adhuc</strong></span> <span class='ocrx_word' id='word_1_546' title='bbox 3262 1596 3513 1661; x_wconf 84' lang='lat' dir='ltr'><strong>viventis,</strong></span> 
     </span>
    </p>
   </div>
   <div class='ocr_carea' id='block_1_76' title="bbox 1937 1669 3513 1741">
    <p class='ocr_par' dir='ltr' id='par_1_76' title="bbox 1937 1669 3513 1741">
     <span class='ocr_line' id='line_1_76' title="bbox 1937 1669 3513 1741; baseline 0.016 -25"><span class='ocrx_word' id='word_1_547' title='bbox 1937 1679 2237 1732; x_wconf 89' lang='lat' dir='ltr'><strong>appensum</strong></span> <span class='ocrx_word' id='word_1_548' title='bbox 2267 1669 2391 1723; x_wconf 91' lang='lat' dir='ltr'><strong>istic</strong></span> <span class='ocrx_word' id='word_1_549' title='bbox 2420 1681 2536 1725; x_wconf 91' lang='lat' dir='ltr'><strong>erat</strong></span> <span class='ocrx_word' id='word_1_550' title='bbox 2575 1690 2593 1722; x_wconf 71' lang='grc' dir='ltr'>ε</span> <span class='ocrx_word' id='word_1_551' title='bbox 2625 1676 2782 1741; x_wconf 87' lang='lat' dir='ltr'><strong>quasi</strong></span> <span class='ocrx_word' id='word_1_552' title='bbox 2815 1676 3019 1733; x_wconf 74' lang='lat' dir='ltr'><strong>Christi</strong></span> <span class='ocrx_word' id='word_1_553' title='bbox 3059 1692 3153 1735; x_wconf 89' lang='lat' dir='ltr'><strong>aut</strong></span> <span class='ocrx_word' id='word_1_554' title='bbox 3205 1688 3372 1739; x_wconf 79' lang='lat' dir='ltr'><strong>sancti</strong></span> <span class='ocrx_word' id='word_1_555' title='bbox 3415 1704 3513 1740; x_wconf 87' lang='lat' dir='ltr'><strong>eu-</strong></span> 
     </span>
    </p>
   </div>
   <div class='ocr_carea' id='block_1_77' title="bbox 2186 1764 3512 1848">
    <p class='ocr_par' dir='ltr' id='par_1_77' title="bbox 2186 1764 3512 1848">
     <span class='ocr_line' id='line_1_77' title="bbox 2186 1764 3512 1848; baseline 0.019 -39"><span class='ocrx_word' id='word_1_556' title='bbox 2186 1773 2200 1809; x_wconf 89' lang='lat'>:</span> <span class='ocrx_word' id='word_1_557' title='bbox 2247 1779 2266 1810; x_wconf 76' lang='grc' dir='ltr'><strong><em>ι</em></strong></span> <span class='ocrx_word' id='word_1_558' title='bbox 2301 1776 2424 1829; x_wconf 65' lang='lat' dir='ltr'><strong>quae</strong></span> <span class='ocrx_word' id='word_1_559' title='bbox 2456 1764 2706 1833; x_wconf 81' lang='lat' dir='ltr'><strong>exceptio</strong></span> <span class='ocrx_word' id='word_1_560' title='bbox 2737 1767 3059 1825; x_wconf 71' lang='lat' dir='ltr'><strong>orthodoxa:</strong></span> <span class='ocrx_word' id='word_1_561' title='bbox 3108 1775 3230 1829; x_wconf 88' lang='lat' dir='ltr'><strong>lidei</strong></span> <span class='ocrx_word' id='word_1_562' title='bbox 3272 1780 3512 1848; x_wconf 86' lang='lat' dir='ltr'><strong>regulam</strong></span> 
     </span>
    </p>
   </div>
   <div class='ocr_carea' id='block_1_78' title="bbox 1930 1851 2543 1907">
    <p class='ocr_par' dir='ltr' id='par_1_78' title="bbox 1930 1851 2543 1907">
     <span class='ocr_line' id='line_1_78' title="bbox 1930 1851 2543 1907; baseline 0.008 -6"><span class='ocrx_word' id='word_1_563' title='bbox 1930 1862 1995 1901; x_wconf 84' lang='lat' dir='ltr'><strong>ex</strong></span> <span class='ocrx_word' id='word_1_564' title='bbox 2030 1851 2304 1903; x_wconf 89' lang='lat' dir='ltr'><strong>contrario</strong></span> <span class='ocrx_word' id='word_1_565' title='bbox 2340 1855 2543 1907; x_wconf 82' lang='lat' dir='ltr'><strong>lirmat.</strong></span> 
     </span>
    </p>
   </div>
   <div class='ocr_carea' id='block_1_79' title="bbox 2530 1968 2893 2026">
    <p class='ocr_par' dir='ltr' id='par_1_79' title="bbox 2530 1968 2893 2026">
     <span class='ocr_line' id='line_1_79' title="bbox 2530 1968 2893 2026; baseline 0.008 -3"><span class='ocrx_word' id='word_1_566' title='bbox 2530 1968 2762 2023; x_wconf 64' lang='lat' dir='ltr'><strong>CAPUT</strong></span> <span class='ocrx_word' id='word_1_567' title='bbox 2805 1972 2893 2026; x_wconf 82' lang='lat' dir='ltr'><strong>IV.</strong></span> 
     </span>
    </p>
   </div>
   <div class='ocr_carea' id='block_1_80' title="bbox 1933 2053 3502 2144">
    <p class='ocr_par' dir='ltr' id='par_1_80' title="bbox 1933 2053 3502 2144">
     <span class='ocr_line' id='line_1_80' title="bbox 1933 2053 3502 2144; baseline 0.015 -39"><span class='ocrx_word' id='word_1_568' title='bbox 1933 2053 2231 2123; x_wconf 64' lang='lat' dir='ltr'><strong>Prop/relict:</strong></span> <span class='ocrx_word' id='word_1_569' title='bbox 2254 2056 2447 2111; x_wconf 82' lang='lat' dir='ltr'><strong>donum</strong></span> <span class='ocrx_word' id='word_1_570' title='bbox 2467 2075 2486 2123; x_wconf 90' lang='lat'><strong>;</strong></span> <span class='ocrx_word' id='word_1_571' title='bbox 2526 2063 2819 2144; x_wconf 68' lang='lat' dir='ltr'><strong>Ant-oratus</strong></span> <span class='ocrx_word' id='word_1_572' title='bbox 2850 2077 2897 2118; x_wconf 81' lang='lat' dir='ltr'><strong>et</strong></span> <span class='ocrx_word' id='word_1_573' title='bbox 2933 2068 3066 2121; x_wconf 73' lang='lat' dir='ltr'><strong>liber</strong></span> <span class='ocrx_word' id='word_1_574' title='bbox 3099 2068 3170 2123; x_wconf 85' lang='lat' dir='ltr'><strong>De</strong></span> <span class='ocrx_word' id='word_1_575' title='bbox 3211 2072 3502 2128; x_wconf 73' lang='lat' dir='ltr'><strong>literesibus</strong></span> 
     </span>
    </p>
   </div>
   <div class='ocr_carea' id='block_1_81' title="bbox 2598 2145 2848 2201">
    <p class='ocr_par' dir='ltr' id='par_1_81' title="bbox 2598 2145 2848 2201">
     <span class='ocr_line' id='line_1_81' title="bbox 2598 2145 2848 2201; baseline 0.016 -17"><span class='ocrx_word' id='word_1_576' title='bbox 2598 2145 2848 2201; x_wconf 77' lang='lat' dir='ltr'><strong>scriptus.</strong></span> 
     </span>
    </p>
   </div>
   <div class='ocr_carea' id='block_1_82' title="bbox 1997 2212 3499 2301">
    <p class='ocr_par' dir='ltr' id='par_1_82' title="bbox 1997 2212 3499 2301">
     <span class='ocr_line' id='line_1_82' title="bbox 1997 2212 3499 2301; baseline 0.016 -37"><span class='ocrx_word' id='word_1_577' title='bbox 1997 2213 2083 2265; x_wconf 64' lang='grc' dir='ltr'><strong>ει.</strong></span> <span class='ocrx_word' id='word_1_578' title='bbox 2109 2212 2347 2270; x_wconf 86' lang='lat' dir='ltr'><strong>Plurima</strong></span> <span class='ocrx_word' id='word_1_579' title='bbox 2373 2217 2429 2270; x_wconf 90' lang='lat' dir='ltr'><strong>S.</strong></span> <span class='ocrx_word' id='word_1_580' title='bbox 2458 2217 2763 2288; x_wconf 86' lang='lat' dir='ltr'><strong>Epiphanii,</strong></span> <span class='ocrx_word' id='word_1_581' title='bbox 2791 2237 2917 2277; x_wconf 86' lang='lat' dir='ltr'><strong>ante</strong></span> <span class='ocrx_word' id='word_1_582' title='bbox 2955 2241 2999 2279; x_wconf 22' lang='lat' dir='ltr'><strong>ei</strong></span> <span class='ocrx_word' id='word_1_583' title='bbox 3034 2240 3155 2294; x_wconf 90' lang='lat' dir='ltr'><strong>post</strong></span> <span class='ocrx_word' id='word_1_584' title='bbox 3184 2245 3499 2301; x_wconf 83' lang='lat' dir='ltr'><strong>susceptum</strong></span> 
     </span>
    </p>
   </div>
   <div class='ocr_carea' id='block_1_83' title="bbox 1925 2307 3506 2387">
    <p class='ocr_par' dir='ltr' id='par_1_83' title="bbox 1925 2307 3506 2387">
     <span class='ocr_line' id='line_1_83' title="bbox 1925 2307 3506 2387; baseline 0.016 -29"><span class='ocrx_word' id='word_1_585' title='bbox 1925 2307 2587 2375; x_wconf 84' lang='lat' dir='ltr'><strong>episcopatum,miracu|a</strong></span> <span class='ocrx_word' id='word_1_586' title='bbox 2606 2318 2951 2372; x_wconf 81' lang='lat' dir='ltr'><strong>continentur</strong></span> <span class='ocrx_word' id='word_1_587' title='bbox 2969 2322 3200 2387; x_wconf 81' lang='lat' dir='ltr'><strong>inArtis,</strong></span> <span class='ocrx_word' id='word_1_588' title='bbox 3218 2328 3319 2380; x_wconf 87' lang='lat' dir='ltr'><strong>sub</strong></span> <span class='ocrx_word' id='word_1_589' title='bbox 3338 2344 3442 2381; x_wconf 67' lang='grc' dir='ltr'><strong>ηοω</strong></span> <span class='ocrx_word' id='word_1_590' title='bbox 3469 2329 3506 2382; x_wconf 91' lang='lat' dir='ltr'><strong>i-</strong></span> 
     </span>
    </p>
   </div>
   <div class='ocr_carea' id='block_1_84' title="bbox 1928 2398 3500 2481">
    <p class='ocr_par' dir='ltr' id='par_1_84' title="bbox 1928 2398 3500 2481">
     <span class='ocr_line' id='line_1_84' title="bbox 1928 2398 3500 2481; baseline 0.014 -31"><span class='ocrx_word' id='word_1_591' title='bbox 1928 2414 1994 2450; x_wconf 82' lang='lat' dir='ltr'><strong>ne</strong></span> <span class='ocrx_word' id='word_1_592' title='bbox 2014 2398 2241 2456; x_wconf 77' lang='lat' dir='ltr'><strong>Joannis</strong></span> <span class='ocrx_word' id='word_1_593' title='bbox 2268 2413 2320 2457; x_wconf 90' lang='lat' dir='ltr'><strong>et</strong></span> <span class='ocrx_word' id='word_1_594' title='bbox 2350 2403 2557 2475; x_wconf 81' lang='lat' dir='ltr'><strong>l’olybii</strong></span> <span class='ocrx_word' id='word_1_595' title='bbox 2587 2410 2897 2475; x_wconf 81' lang='lat' dir='ltr'><strong>productis;</strong></span> <span class='ocrx_word' id='word_1_596' title='bbox 2933 2414 3025 2467; x_wconf 84' lang='lat' dir='ltr'><strong>sed</strong></span> <span class='ocrx_word' id='word_1_597' title='bbox 3053 2417 3201 2481; x_wconf 86' lang='lat' dir='ltr'><strong>talia,</strong></span> <span class='ocrx_word' id='word_1_598' title='bbox 3234 2427 3291 2470; x_wconf 90' lang='lat' dir='ltr'><strong>ut</strong></span> <span class='ocrx_word' id='word_1_599' title='bbox 3312 2436 3500 2472; x_wconf 88' lang='lat' dir='ltr'><strong>eorum</strong></span> 
     </span>
    </p>
   </div>
   <div class='ocr_carea' id='block_1_85' title="bbox 1927 2490 3502 2575">
    <p class='ocr_par' dir='ltr' id='par_1_85' title="bbox 1927 2490 3502 2575">
     <span class='ocr_line' id='line_1_85' title="bbox 1927 2490 3502 2575; baseline 0.016 -36"><span class='ocrx_word' id='word_1_600' title='bbox 1927 2490 2198 2560; x_wconf 73' lang='lat' dir='ltr'><strong>pletistltlc</strong></span> <span class='ocrx_word' id='word_1_601' title='bbox 2232 2494 2389 2548; x_wconf 85' lang='lat' dir='ltr'><strong>lldelu</strong></span> <span class='ocrx_word' id='word_1_602' title='bbox 2421 2497 2642 2567; x_wconf 86' lang='lat' dir='ltr'><strong>deroget</strong></span> <span class='ocrx_word' id='word_1_603' title='bbox 2669 2500 3038 2569; x_wconf 76' lang='lat' dir='ltr'><strong>Sozontenus,</strong></span> <span class='ocrx_word' id='word_1_604' title='bbox 3066 2524 3268 2575; x_wconf 84' lang='lat' dir='ltr'><strong>negans</strong></span> <span class='ocrx_word' id='word_1_605' title='bbox 3303 2511 3502 2564; x_wconf 76' lang='lat' dir='ltr'><strong>viventi</strong></span> 
     </span>
    </p>
   </div>
   <div class='ocr_carea' id='block_1_86' title="bbox 1926 2586 3501 2661">
    <p class='ocr_par' dir='ltr' id='par_1_86' title="bbox 1926 2586 3501 2661">
     <span class='ocr_line' id='line_1_86' title="bbox 1926 2586 3501 2661; baseline 0.014 -26"><span class='ocrx_word' id='word_1_606' title='bbox 1926 2586 2220 2653; x_wconf 81' lang='lat' dir='ltr'><strong>contigisse</strong></span> <span class='ocrx_word' id='word_1_607' title='bbox 2252 2586 2605 2644; x_wconf 65' lang='lat' dir='ltr'><strong>utdzemonvs</strong></span> <span class='ocrx_word' id='word_1_608' title='bbox 2655 2592 2865 2661; x_wconf 77' lang='lat' dir='ltr'><strong>fugaret</strong></span> <span class='ocrx_word' id='word_1_609' title='bbox 2908 2608 2962 2649; x_wconf 90' lang='lat' dir='ltr'><strong>ct</strong></span> <span class='ocrx_word' id='word_1_610' title='bbox 2999 2601 3219 2655; x_wconf 87' lang='lat' dir='ltr'><strong>morbos</strong></span> <span class='ocrx_word' id='word_1_611' title='bbox 3265 2614 3501 2657; x_wconf 85' lang='lat' dir='ltr'><strong>curaret.</strong></span> 
     </span>
    </p>
   </div>
   <div class='ocr_carea' id='block_1_87' title="bbox 1926 2671 3503 2751">
    <p class='ocr_par' dir='ltr' id='par_1_87' title="bbox 1926 2671 3503 2751">
     <span class='ocr_line' id='line_1_87' title="bbox 1926 2671 3503 2751; baseline 0.016 -27"><span class='ocrx_word' id='word_1_612' title='bbox 1926 2671 2021 2725; x_wconf 81' lang='lat' dir='ltr'><strong>llis</strong></span> <span class='ocrx_word' id='word_1_613' title='bbox 2043 2689 2172 2744; x_wconf 82' lang='lat' dir='ltr'><strong>ergo</strong></span> <span class='ocrx_word' id='word_1_614' title='bbox 2202 2681 2603 2744; x_wconf 68' lang='lat' dir='ltr'><strong>praetermissis,</strong></span> <span class='ocrx_word' id='word_1_615' title='bbox 2642 2686 2787 2751; x_wconf 91' lang='lat' dir='ltr'><strong>quod</strong></span> <span class='ocrx_word' id='word_1_616' title='bbox 2813 2687 2988 2741; x_wconf 87' lang='lat' dir='ltr'><strong>solum</strong></span> <span class='ocrx_word' id='word_1_617' title='bbox 3018 2691 3067 2742; x_wconf 92' lang='lat' dir='ltr'><strong>in</strong></span> <span class='ocrx_word' id='word_1_618' title='bbox 3101 2692 3249 2745; x_wconf 89' lang='lat' dir='ltr'><strong>dicto</strong></span> <span class='ocrx_word' id='word_1_619' title='bbox 3282 2704 3503 2749; x_wconf 84' lang='lat' dir='ltr'><strong>auctore</strong></span> 
     </span>
    </p>
   </div>
   <div class='ocr_carea' id='block_1_88' title="bbox 1926 2764 3499 2854">
    <p class='ocr_par' dir='ltr' id='par_1_88' title="bbox 1926 2764 3499 2854">
     <span class='ocr_line' id='line_1_88' title="bbox 1926 2764 3499 2854; baseline 0.016 -38"><span class='ocrx_word' id='word_1_620' title='bbox 1926 2764 2083 2819; x_wconf 86' lang='lat' dir='ltr'><strong>nobis</strong></span> <span class='ocrx_word' id='word_1_621' title='bbox 2115 2779 2384 2836; x_wconf 87' lang='lat' dir='ltr'><strong>superest,</strong></span> <span class='ocrx_word' id='word_1_622' title='bbox 2418 2771 2739 2842; x_wconf 90' lang='lat' dir='ltr'><strong>referamus,</strong></span> <span class='ocrx_word' id='word_1_623' title='bbox 2777 2782 3094 2835; x_wconf 86' lang='lat' dir='ltr'><strong>narratione</strong></span> <span class='ocrx_word' id='word_1_624' title='bbox 3128 2783 3272 2838; x_wconf 84' lang='lat' dir='ltr'><strong>haud</strong></span> <span class='ocrx_word' id='word_1_625' title='bbox 3310 2802 3499 2854; x_wconf 86' lang='lat' dir='ltr'><strong>parum</strong></span> 
     </span>
    </p>
   </div>
   <div class='ocr_carea' id='block_1_89' title="bbox 1924 2856 3499 2947">
    <p class='ocr_par' dir='ltr' id='par_1_89' title="bbox 1924 2856 3499 2947">
     <span class='ocr_line' id='line_1_89' title="bbox 1924 2856 3499 2947; baseline 0.016 -39"><span class='ocrx_word' id='word_1_626' title='bbox 1924 2856 2160 2921; x_wconf 89' lang='lat' dir='ltr'><strong>diversa,</strong></span> <span class='ocrx_word' id='word_1_627' title='bbox 2195 2862 2264 2912; x_wconf 90' lang='lat' dir='ltr'><strong>ab</strong></span> <span class='ocrx_word' id='word_1_628' title='bbox 2286 2877 2348 2913; x_wconf 90' lang='lat' dir='ltr'><strong>ea</strong></span> <span class='ocrx_word' id='word_1_629' title='bbox 2376 2879 2482 2929; x_wconf 91' lang='lat' dir='ltr'><strong>qua</strong></span> <span class='ocrx_word' id='word_1_630' title='bbox 2520 2865 2660 2918; x_wconf 85' lang='lat' dir='ltr'><strong>idem</strong></span> <span class='ocrx_word' id='word_1_631' title='bbox 2698 2869 3022 2924; x_wconf 89' lang='lat' dir='ltr'><strong>miraculum</strong></span> <span class='ocrx_word' id='word_1_632' title='bbox 3064 2874 3118 2927; x_wconf 90' lang='lat' dir='ltr'><strong>in</strong></span> <span class='ocrx_word' id='word_1_633' title='bbox 3163 2874 3315 2931; x_wconf 86' lang='lat' dir='ltr'><strong>Actis</strong></span> <span class='ocrx_word' id='word_1_634' title='bbox 3365 2896 3499 2947; x_wconf 72' lang='lat' dir='ltr'><strong>prm-</strong></span> 
     </span>
    </p>
   </div>
   <div class='ocr_carea' id='block_1_90' title="bbox 1924 2944 3497 3038">
    <p class='ocr_par' dir='ltr' id='par_1_90' title="bbox 1924 2944 3497 3038">
     <span class='ocr_line' id='line_1_90' title="bbox 1924 2944 3497 3038; baseline 0.014 -39"><span class='ocrx_word' id='word_1_635' title='bbox 1924 2944 2083 3000; x_wconf 85' lang='lat' dir='ltr'><strong>dictis</strong></span> <span class='ocrx_word' id='word_1_636' title='bbox 2115 2960 2450 3006; x_wconf 90' lang='lat' dir='ltr'><strong>recensetur.</strong></span> <span class='ocrx_word' id='word_1_637' title='bbox 2479 2953 2653 3008; x_wconf 83' lang='lat' dir='ltr'><strong>Verba</strong></span> <span class='ocrx_word' id='word_1_638' title='bbox 2690 2957 2978 3015; x_wconf 85' lang='lat' dir='ltr'><strong>Suzomeni</strong></span> <span class='ocrx_word' id='word_1_639' title='bbox 3007 2964 3099 3018; x_wconf 92' lang='lat' dir='ltr'><strong>lib.</strong></span> <span class='ocrx_word' id='word_1_640' title='bbox 3127 2981 3221 3031; x_wconf 82' lang='lat' dir='ltr'><strong>vn,</strong></span> <span class='ocrx_word' id='word_1_641' title='bbox 3255 2983 3372 3038; x_wconf 90' lang='lat' dir='ltr'><strong>cap.</strong></span> <span class='ocrx_word' id='word_1_642' title='bbox 3404 2971 3497 3036; x_wconf 69' lang='grc'><strong>27,</strong></span> 
     </span>
    </p>
   </div>
   <div class='ocr_carea' id='block_1_91' title="bbox 1844 3036 3496 3122">
    <p class='ocr_par' dir='ltr' id='par_1_91' title="bbox 1844 3036 3496 3122">
     <span class='ocr_line' id='line_1_91' title="bbox 1844 3036 3496 3122; baseline 0.019 -37"><span class='ocrx_word' id='word_1_643' title='bbox 1844 3073 1884 3122; x_wconf 59' lang='lat' dir='ltr'><strong><em>C</em></strong></span> <span class='ocrx_word' id='word_1_644' title='bbox 1926 3036 2039 3091; x_wconf 69' lang='lat' dir='ltr'><strong>haec</strong></span> <span class='ocrx_word' id='word_1_645' title='bbox 2071 3047 2243 3095; x_wconf 87' lang='lat' dir='ltr'><strong>sunt:</strong></span> <span class='ocrx_word' id='word_1_646' title='bbox 2285 3061 2302 3092; x_wconf 76' lang='grc' dir='ltr'>ι</span> <span class='ocrx_word' id='word_1_647' title='bbox 2341 3044 2499 3099; x_wconf 83' lang='lat' dir='ltr'><strong>Aliud</strong></span> <span class='ocrx_word' id='word_1_648' title='bbox 2527 3057 2785 3115; x_wconf 70' lang='lat' dir='ltr'><strong>prazterea</strong></span> <span class='ocrx_word' id='word_1_649' title='bbox 2829 3055 2973 3122; x_wconf 92' lang='lat' dir='ltr'><strong>quod</strong></span> <span class='ocrx_word' id='word_1_650' title='bbox 3017 3056 3082 3110; x_wconf 93' lang='lat' dir='ltr'><strong>dc</strong></span> <span class='ocrx_word' id='word_1_651' title='bbox 3128 3057 3218 3112; x_wconf 92' lang='lat' dir='ltr'><strong>illo</strong></span> <span class='ocrx_word' id='word_1_652' title='bbox 3268 3036 3496 3116; x_wconf 83' lang='lat' dir='ltr'><strong>refertur</strong></span> 
     </span>
    </p>
   </div>
   <div class='ocr_carea' id='block_1_92' title="bbox 1921 3136 3496 3209">
    <p class='ocr_par' dir='ltr' id='par_1_92' title="bbox 1921 3136 3496 3209">
     <span class='ocr_line' id='line_1_92' title="bbox 1921 3136 3496 3209; baseline 0.018 -28"><span class='ocrx_word' id='word_1_653' title='bbox 1921 3143 2355 3188; x_wconf 82' lang='lat' dir='ltr'><strong>commemorare</strong></span> <span class='ocrx_word' id='word_1_654' title='bbox 2389 3136 2542 3190; x_wconf 86' lang='lat' dir='ltr'><strong>libet.</strong></span> <span class='ocrx_word' id='word_1_655' title='bbox 2568 3141 2632 3192; x_wconf 72' lang='lat' dir='ltr'><strong>‘ld</strong></span> <span class='ocrx_word' id='word_1_656' title='bbox 2660 3143 2878 3209; x_wconf 67' lang='lat' dir='ltr'><strong>quidem</strong></span> <span class='ocrx_word' id='word_1_657' title='bbox 2911 3146 2977 3199; x_wconf 90' lang='lat' dir='ltr'><strong>ab</strong></span> <span class='ocrx_word' id='word_1_658' title='bbox 3018 3148 3338 3205; x_wconf 86' lang='lat' dir='ltr'><strong>admirando</strong></span> <span class='ocrx_word' id='word_1_659' title='bbox 3365 3153 3496 3209; x_wconf 81' lang='lat' dir='ltr'><strong>Gre-</strong></span> 
     </span>
    </p>
   </div>
   <div class='ocr_carea' id='block_1_93' title="bbox 1919 3218 3494 3311">
    <p class='ocr_par' dir='ltr' id='par_1_93' title="bbox 1919 3218 3494 3311">
     <span class='ocr_line' id='line_1_93' title="bbox 1919 3218 3494 3311; baseline 0.02 -43"><span class='ocrx_word' id='word_1_660' title='bbox 1919 3218 2094 3286; x_wconf 85' lang='lat' dir='ltr'><strong>gorio,</strong></span> <span class='ocrx_word' id='word_1_661' title='bbox 2120 3222 2213 3290; x_wconf 89' lang='lat' dir='ltr'><strong>qui</strong></span> <span class='ocrx_word' id='word_1_662' title='bbox 2246 3220 2741 3299; x_wconf 75' lang='lat' dir='ltr'><strong>Neocaesarieusem</strong></span> <span class='ocrx_word' id='word_1_663' title='bbox 2780 3235 2945 3290; x_wconf 83' lang='lat' dir='ltr'><strong>etiam</strong></span> <span class='ocrx_word' id='word_1_664' title='bbox 3002 3240 3138 3294; x_wconf 75' lang='lat' dir='ltr'><strong>rexit</strong></span> <span class='ocrx_word' id='word_1_665' title='bbox 3168 3240 3494 3311; x_wconf 72' lang='lat' dir='ltr'><strong>Ecclesium,</strong></span> 
     </span>
    </p>
   </div>
   <div class='ocr_carea' id='block_1_94' title="bbox 1919 3321 3493 3397">
    <p class='ocr_par' dir='ltr' id='par_1_94' title="bbox 1919 3321 3493 3397">
     <span class='ocr_line' id='line_1_94' title="bbox 1919 3321 3493 3397; baseline 0.02 -35"><span class='ocrx_word' id='word_1_666' title='bbox 1919 3321 2129 3379; x_wconf 88' lang='lat' dir='ltr'><strong>gestum</strong></span> <span class='ocrx_word' id='word_1_667' title='bbox 2159 3330 2283 3370; x_wconf 91' lang='lat' dir='ltr'><strong>esse</strong></span> <span class='ocrx_word' id='word_1_668' title='bbox 2309 3322 2492 3388; x_wconf 84' lang='lat' dir='ltr'><strong>accepi</strong></span> <span class='ocrx_word' id='word_1_669' title='bbox 2524 3331 2579 3375; x_wconf 87' lang='lat' dir='ltr'><strong>et</strong></span> <span class='ocrx_word' id='word_1_670' title='bbox 2617 3325 2852 3380; x_wconf 86' lang='lat' dir='ltr'><strong>libenter</strong></span> <span class='ocrx_word' id='word_1_671' title='bbox 2896 3332 3095 3397; x_wconf 87' lang='lat' dir='ltr'><strong>credo;</strong></span> <span class='ocrx_word' id='word_1_672' title='bbox 3138 3336 3229 3389; x_wconf 92' lang='lat' dir='ltr'><strong>sed</strong></span> <span class='ocrx_word' id='word_1_673' title='bbox 3266 3353 3374 3391; x_wconf 91' lang='lat' dir='ltr'><strong>non</strong></span> <span class='ocrx_word' id='word_1_674' title='bbox 3416 3340 3493 3392; x_wconf 90' lang='lat' dir='ltr'><strong>id-</strong></span> 
     </span>
    </p>
   </div>
   <div class='ocr_carea' id='block_1_95' title="bbox 1916 3403 3491 3496">
    <p class='ocr_par' dir='ltr' id='par_1_95' title="bbox 1916 3403 3491 3496">
     <span class='ocr_line' id='line_1_95' title="bbox 1916 3403 3491 3496; baseline 0.019 -41"><span class='ocrx_word' id='word_1_675' title='bbox 1916 3403 2065 3458; x_wconf 79' lang='lat' dir='ltr'><strong>circo</strong></span> <span class='ocrx_word' id='word_1_676' title='bbox 2094 3406 2411 3464; x_wconf 87' lang='lat' dir='ltr'><strong>incredibile</strong></span> <span class='ocrx_word' id='word_1_677' title='bbox 2439 3413 2607 3468; x_wconf 87' lang='lat' dir='ltr'><strong>videri</strong></span> <span class='ocrx_word' id='word_1_678' title='bbox 2651 3418 2810 3472; x_wconf 67' lang='lat' dir='ltr'><strong>debet</strong></span> <span class='ocrx_word' id='word_1_679' title='bbox 2852 3421 2990 3475; x_wconf 88' lang='lat' dir='ltr'><strong>idem</strong></span> <span class='ocrx_word' id='word_1_680' title='bbox 3024 3440 3242 3496; x_wconf 89' lang='lat' dir='ltr'><strong>quoque</strong></span> <span class='ocrx_word' id='word_1_681' title='bbox 3289 3428 3491 3486; x_wconf 78' lang='lat' dir='ltr'><strong>factum</strong></span> 
     </span>
    </p>
   </div>
   <div class='ocr_carea' id='block_1_96' title="bbox 1914 3494 3492 3588">
    <p class='ocr_par' dir='ltr' id='par_1_96' title="bbox 1914 3494 3492 3588">
     <span class='ocr_line' id='line_1_96' title="bbox 1914 3494 3492 3588; baseline 0.019 -40"><span class='ocrx_word' id='word_1_682' title='bbox 1914 3494 1984 3549; x_wconf 91' lang='lat' dir='ltr'><strong>ab</strong></span> <span class='ocrx_word' id='word_1_683' title='bbox 2009 3494 2347 3568; x_wconf 84' lang='lat' dir='ltr'><strong>Epiphanio;</strong></span> <span class='ocrx_word' id='word_1_684' title='bbox 2386 3519 2562 3573; x_wconf 84' lang='lat' dir='ltr'><strong>neque</strong></span> <span class='ocrx_word' id='word_1_685' title='bbox 2611 3510 2754 3562; x_wconf 85' lang='lat' dir='ltr'><strong>enim</strong></span> <span class='ocrx_word' id='word_1_686' title='bbox 2805 3514 2953 3564; x_wconf 78' lang='lat' dir='ltr'><strong>solus</strong></span> <span class='ocrx_word' id='word_1_687' title='bbox 2988 3514 3180 3572; x_wconf 83' lang='lat' dir='ltr'><strong>Petrus</strong></span> <span class='ocrx_word' id='word_1_688' title='bbox 3214 3524 3492 3588; x_wconf 81' lang='lat' dir='ltr'><strong>apostolus</strong></span> 
     </span>
    </p>
   </div>
   <div class='ocr_carea' id='block_1_97' title="bbox 1914 3592 3489 3669">
    <p class='ocr_par' dir='ltr' id='par_1_97' title="bbox 1914 3592 3489 3669">
     <span class='ocr_line' id='line_1_97' title="bbox 1914 3592 3489 3669; baseline 0.02 -32"><span class='ocrx_word' id='word_1_689' title='bbox 1914 3594 2190 3642; x_wconf 89' lang='lat' dir='ltr'><strong>mortuum</strong></span> <span class='ocrx_word' id='word_1_690' title='bbox 2258 3592 2326 3645; x_wconf 89' lang='lat' dir='ltr'><strong>ab</strong></span> <span class='ocrx_word' id='word_1_691' title='bbox 2392 3594 2580 3650; x_wconf 89' lang='lat' dir='ltr'><strong>inferis</strong></span> <span class='ocrx_word' id='word_1_692' title='bbox 2638 3604 3020 3669; x_wconf 57' lang='lat' dir='ltr'><strong>resusiitavit;</strong></span> <span class='ocrx_word' id='word_1_693' title='bbox 3082 3625 3265 3662; x_wconf 78' lang='lat' dir='ltr'><strong>verum</strong></span> <span class='ocrx_word' id='word_1_694' title='bbox 3325 3615 3489 3668; x_wconf 88' lang='lat' dir='ltr'><strong>etiam</strong></span> 
     </span>
    </p>
   </div>
   <div class='ocr_carea' id='block_1_98' title="bbox 1911 3674 3486 3773">
    <p class='ocr_par' dir='ltr' id='par_1_98' title="bbox 1911 3674 3486 3773">
     <span class='ocr_line' id='line_1_98' title="bbox 1911 3674 3486 3773; baseline 0.02 -44"><span class='ocrx_word' id='word_1_695' title='bbox 1911 3674 2148 3734; x_wconf 84' lang='lat' dir='ltr'><strong>Joannes</strong></span> <span class='ocrx_word' id='word_1_696' title='bbox 2179 3681 2232 3734; x_wconf 91' lang='lat' dir='ltr'><strong>iu</strong></span> <span class='ocrx_word' id='word_1_697' title='bbox 2264 3684 2398 3738; x_wconf 90' lang='lat' dir='ltr'><strong>urbe</strong></span> <span class='ocrx_word' id='word_1_698' title='bbox 2424 3686 2663 3755; x_wconf 83' lang='lat' dir='ltr'><strong>Epheso,</strong></span> <span class='ocrx_word' id='word_1_699' title='bbox 2688 3703 2739 3744; x_wconf 92' lang='lat' dir='ltr'><strong>et</strong></span> <span class='ocrx_word' id='word_1_700' title='bbox 2765 3690 2998 3764; x_wconf 83' lang='lat' dir='ltr'><strong>Philippi</strong></span> <span class='ocrx_word' id='word_1_701' title='bbox 3031 3698 3152 3753; x_wconf 63' lang='lat' dir='ltr'><strong>lilia:</strong></span> <span class='ocrx_word' id='word_1_702' title='bbox 3180 3699 3486 3773; x_wconf 81' lang='lat' dir='ltr'><strong>Hierapoli;</strong></span> 
     </span>
    </p>
   </div>
   <div class='ocr_carea' id='block_1_99' title="bbox 1911 3769 3487 3854">
    <p class='ocr_par' dir='ltr' id='par_1_99' title="bbox 1911 3769 3487 3854">
     <span class='ocr_line' id='line_1_99' title="bbox 1911 3769 3487 3854; baseline 0.018 -33"><span class='ocrx_word' id='word_1_703' title='bbox 1911 3769 2241 3842; x_wconf 89' lang='lat' dir='ltr'><strong>multosque,</strong></span> <span class='ocrx_word' id='word_1_704' title='bbox 2290 3785 2397 3830; x_wconf 89' lang='lat' dir='ltr'><strong>tam</strong></span> <span class='ocrx_word' id='word_1_705' title='bbox 2437 3796 2501 3833; x_wconf 75' lang='lat' dir='ltr'><strong>ex</strong></span> <span class='ocrx_word' id='word_1_706' title='bbox 2547 3783 2789 3852; x_wconf 88' lang='lat' dir='ltr'><strong>antiquis</strong></span> <span class='ocrx_word' id='word_1_707' title='bbox 2827 3803 2990 3854; x_wconf 89' lang='lat' dir='ltr'><strong>quam</strong></span> <span class='ocrx_word' id='word_1_708' title='bbox 3037 3806 3101 3843; x_wconf 77' lang='lat' dir='ltr'><strong>ex</strong></span> <span class='ocrx_word' id='word_1_709' title='bbox 3140 3807 3337 3848; x_wconf 62' lang='lat' dir='ltr'><strong>nostra:</strong></span> <span class='ocrx_word' id='word_1_710' title='bbox 3371 3814 3487 3849; x_wconf 88' lang='lat' dir='ltr'><strong>me-</strong></span> 
     </span>
    </p>
   </div>
   <div class='ocr_carea' id='block_1_100' title="bbox 1911 3862 3486 3955">
    <p class='ocr_par' dir='ltr' id='par_1_100' title="bbox 1911 3862 3486 3955">
     <span class='ocr_line' id='line_1_100' title="bbox 1911 3862 3486 3955; baseline 0.019 -43"><span class='ocrx_word' id='word_1_711' title='bbox 1911 3862 2096 3917; x_wconf 65' lang='lat' dir='ltr'><strong>moria:</strong></span> <span class='ocrx_word' id='word_1_712' title='bbox 2142 3866 2247 3934; x_wconf 90' lang='lat' dir='ltr'><strong>piis</strong></span> <span class='ocrx_word' id='word_1_713' title='bbox 2297 3868 2633 3938; x_wconf 90' lang='lat' dir='ltr'><strong>hominibus,</strong></span> <span class='ocrx_word' id='word_1_714' title='bbox 2698 3878 2886 3929; x_wconf 73' lang='lat' dir='ltr'><strong>eadem</strong></span> <span class='ocrx_word' id='word_1_715' title='bbox 2943 3896 3315 3949; x_wconf 75' lang='lat' dir='ltr'><strong>sa-pcuumero</strong></span> <span class='ocrx_word' id='word_1_716' title='bbox 3361 3904 3486 3955; x_wconf 86' lang='lat' dir='ltr'><strong>ges-</strong></span> 
     </span>
    </p>
   </div>
   <div class='ocr_carea' id='block_1_101' title="bbox 1907 3955 3479 4048">
    <p class='ocr_par' dir='ltr' id='par_1_101' title="bbox 1907 3955 3479 4048">
     <span class='ocr_line' id='line_1_101' title="bbox 1907 3955 3479 4048; baseline 0.017 -41"><span class='ocrx_word' id='word_1_717' title='bbox 1907 3955 2045 4009; x_wconf 86' lang='lat' dir='ltr'><strong>sisse</strong></span> <span class='ocrx_word' id='word_1_718' title='bbox 2078 3962 2461 4028; x_wconf 85' lang='lat' dir='ltr'><strong>comperimus.</strong></span> <span class='ocrx_word' id='word_1_719' title='bbox 2493 3963 2547 4018; x_wconf 87' lang='lat' dir='ltr'><strong>ld</strong></span> <span class='ocrx_word' id='word_1_720' title='bbox 2580 3976 2783 4034; x_wconf 76' lang='lat' dir='ltr'><strong>autem,</strong></span> <span class='ocrx_word' id='word_1_721' title='bbox 2818 3973 2963 4040; x_wconf 86' lang='lat' dir='ltr'><strong>quod</strong></span> <span class='ocrx_word' id='word_1_722' title='bbox 2992 3975 3170 4029; x_wconf 88' lang='lat' dir='ltr'><strong>dicere</strong></span> <span class='ocrx_word' id='word_1_723' title='bbox 3200 3984 3479 4048; x_wconf 77' lang='lat' dir='ltr'><strong>proposui,</strong></span> 
     </span>
    </p>
   </div>
   <div class='ocr_carea' id='block_1_102' title="bbox 1910 4045 2359 4115">
    <p class='ocr_par' dir='ltr' id='par_1_102' title="bbox 1910 4045 2359 4115">
     <span class='ocr_line' id='line_1_102' title="bbox 1910 4045 2359 4115; baseline 0.018 -18"><span class='ocrx_word' id='word_1_724' title='bbox 1910 4045 2219 4115; x_wconf 91' lang='lat' dir='ltr'><strong>hujusmodi</strong></span> <span class='ocrx_word' id='word_1_725' title='bbox 2257 4062 2359 4105; x_wconf 89' lang='lat' dir='ltr'><strong>est.</strong></span> 
     </span>
    </p>
   </div>
   <div class='ocr_carea' id='block_1_103' title="bbox 1975 4137 3475 4226">
    <p class='ocr_par' dir='ltr' id='par_1_103' title="bbox 1975 4137 3475 4226">
     <span class='ocr_line' id='line_1_103' title="bbox 1975 4137 3475 4226; baseline 0.018 -37"><span class='ocrx_word' id='word_1_726' title='bbox 1975 4137 2064 4191; x_wconf 72' lang='lat'><strong>25.</strong></span> <span class='ocrx_word' id='word_1_727' title='bbox 2102 4158 2121 4190; x_wconf 71' lang='grc' dir='ltr'>ι</span> <span class='ocrx_word' id='word_1_728' title='bbox 2156 4139 2271 4196; x_wconf 88' lang='lat' dir='ltr'><strong>Duo</strong></span> <span class='ocrx_word' id='word_1_729' title='bbox 2297 4144 2517 4212; x_wconf 87' lang='lat' dir='ltr'><strong>quidam</strong></span> <span class='ocrx_word' id='word_1_730' title='bbox 2554 4146 2953 4214; x_wconf 81' lang='lat' dir='ltr'><strong>incndici,cum</strong></span> <span class='ocrx_word' id='word_1_731' title='bbox 2986 4154 3345 4226; x_wconf 85' lang='lat' dir='ltr'><strong>Epiphaniqu</strong></span> <span class='ocrx_word' id='word_1_732' title='bbox 3392 4178 3475 4215; x_wconf 86' lang='lat' dir='ltr'><strong>ve-</strong></span> 
     </span>
    </p>
   </div>
   <div class='ocr_carea' id='block_1_104' title="bbox 1907 4225 3484 4311">
    <p class='ocr_par' dir='ltr' id='par_1_104' title="bbox 1907 4225 3484 4311">
     <span class='ocr_line' id='line_1_104' title="bbox 1907 4225 3484 4311; baseline 0.019 -34"><span class='ocrx_word' id='word_1_733' title='bbox 1907 4225 2140 4283; x_wconf 88' lang='lat' dir='ltr'><strong>nientem</strong></span> <span class='ocrx_word' id='word_1_734' title='bbox 2169 4231 2577 4300; x_wconf 87' lang='lat' dir='ltr'><strong>observassenl,</strong></span> <span class='ocrx_word' id='word_1_735' title='bbox 2604 4247 2661 4291; x_wconf 92' lang='lat' dir='ltr'><strong>ut</strong></span> <span class='ocrx_word' id='word_1_736' title='bbox 2693 4239 2815 4308; x_wconf 88' lang='lat' dir='ltr'><strong>plus</strong></span> <span class='ocrx_word' id='word_1_737' title='bbox 2844 4247 3088 4311; x_wconf 79' lang='lat' dir='ltr'><strong>pecunia:</strong></span> <span class='ocrx_word' id='word_1_738' title='bbox 3117 4249 3185 4301; x_wconf 89' lang='lat' dir='ltr'><strong>ab</strong></span> <span class='ocrx_word' id='word_1_739' title='bbox 3212 4267 3277 4303; x_wconf 91' lang='lat' dir='ltr'><strong>co</strong></span> <span class='ocrx_word' id='word_1_740' title='bbox 3297 4266 3484 4307; x_wconf 78' lang='lat' dir='ltr'><strong>emun-</strong></span> 
     </span>
    </p>
   </div>
   <div class='ocr_carea' id='block_1_105' title="bbox 1905 4322 3478 4412">
    <p class='ocr_par' dir='ltr' id='par_1_105' title="bbox 1905 4322 3478 4412">
     <span class='ocr_line' id='line_1_105' title="bbox 1905 4322 3478 4412; baseline 0.02 -45"><span class='ocrx_word' id='word_1_741' title='bbox 1905 4330 2113 4386; x_wconf 87' lang='lat' dir='ltr'><strong>gerent,</strong></span> <span class='ocrx_word' id='word_1_742' title='bbox 2149 4322 2287 4377; x_wconf 81' lang='lat' dir='ltr'><strong>alter</strong></span> <span class='ocrx_word' id='word_1_743' title='bbox 2312 4326 2532 4394; x_wconf 87' lang='lat' dir='ltr'><strong>quidem</strong></span> <span class='ocrx_word' id='word_1_744' title='bbox 2557 4348 2771 4396; x_wconf 84' lang='lat' dir='ltr'><strong>eortun,</strong></span> <span class='ocrx_word' id='word_1_745' title='bbox 2799 4351 2961 4402; x_wconf 86' lang='lat' dir='ltr'><strong>super</strong></span> <span class='ocrx_word' id='word_1_746' title='bbox 2987 4339 3163 4393; x_wconf 89' lang='lat' dir='ltr'><strong>solum</strong></span> <span class='ocrx_word' id='word_1_747' title='bbox 3198 4353 3478 4412; x_wconf 77' lang='lat' dir='ltr'><strong>extensus,</strong></span> 
     </span>
    </p>
   </div>
   <div class='ocr_carea' id='block_1_106' title="bbox 1906 4414 3481 4503">
    <p class='ocr_par' dir='ltr' id='par_1_106' title="bbox 1906 4414 3481 4503">
     <span class='ocr_line' id='line_1_106' title="bbox 1906 4414 3481 4503; baseline 0.02 -45"><span class='ocrx_word' id='word_1_748' title='bbox 1906 4421 2120 4465; x_wconf 85' lang='lat' dir='ltr'><strong>mortuo</strong></span> <span class='ocrx_word' id='word_1_749' title='bbox 2157 4414 2352 4469; x_wconf 88' lang='lat' dir='ltr'><strong>similis</strong></span> <span class='ocrx_word' id='word_1_750' title='bbox 2388 4418 2593 4485; x_wconf 88' lang='lat' dir='ltr'><strong>jaeuit;</strong></span> <span class='ocrx_word' id='word_1_751' title='bbox 2625 4423 2761 4476; x_wconf 88' lang='lat' dir='ltr'><strong>alter</strong></span> <span class='ocrx_word' id='word_1_752' title='bbox 2800 4442 2929 4480; x_wconf 88' lang='lat' dir='ltr'><strong>vero</strong></span> <span class='ocrx_word' id='word_1_753' title='bbox 2971 4445 3137 4499; x_wconf 88' lang='lat' dir='ltr'><strong>prope</strong></span> <span class='ocrx_word' id='word_1_754' title='bbox 3170 4445 3324 4488; x_wconf 88' lang='lat' dir='ltr'><strong>stans</strong></span> <span class='ocrx_word' id='word_1_755' title='bbox 3366 4438 3481 4503; x_wconf 78' lang='lat' dir='ltr'><strong>plo-</strong></span> 
     </span>
    </p>
   </div>
   <div class='ocr_carea' id='block_1_107' title="bbox 1907 4500 3479 4590">
    <p class='ocr_par' dir='ltr' id='par_1_107' title="bbox 1907 4500 3479 4590">
     <span class='ocr_line' id='line_1_107' title="bbox 1907 4500 3479 4590; baseline 0.02 -39"><span class='ocrx_word' id='word_1_756' title='bbox 1907 4500 2080 4562; x_wconf 86' lang='lat' dir='ltr'><strong>rabat,</strong></span> <span class='ocrx_word' id='word_1_757' title='bbox 2110 4504 2273 4558; x_wconf 88' lang='lat' dir='ltr'><strong>simul</strong></span> <span class='ocrx_word' id='word_1_758' title='bbox 2301 4509 2503 4564; x_wconf 86' lang='lat' dir='ltr'><strong>sodalis</strong></span> <span class='ocrx_word' id='word_1_759' title='bbox 2540 4513 2623 4566; x_wconf 90' lang='lat' dir='ltr'><strong>sui</strong></span> <span class='ocrx_word' id='word_1_760' title='bbox 2671 4528 2898 4571; x_wconf 84' lang='lat' dir='ltr'><strong>mortem</strong></span> <span class='ocrx_word' id='word_1_761' title='bbox 2945 4520 3265 4590; x_wconf 87' lang='lat' dir='ltr'><strong>lamentans,</strong></span> <span class='ocrx_word' id='word_1_762' title='bbox 3315 4529 3479 4583; x_wconf 90' lang='lat' dir='ltr'><strong>simul</strong></span> 
     </span>
    </p>
   </div>
   <div class='ocr_carea' id='block_1_108' title="bbox 1903 4604 3475 4685">
    <p class='ocr_par' dir='ltr' id='par_1_108' title="bbox 1903 4604 3475 4685">
     <span class='ocr_line' id='line_1_108' title="bbox 1903 4604 3475 4685; baseline 0.019 -40"><span class='ocrx_word' id='word_1_763' title='bbox 1903 4604 2195 4662; x_wconf 87' lang='lat' dir='ltr'><strong>egestatem</strong></span> <span class='ocrx_word' id='word_1_764' title='bbox 2231 4615 2383 4654; x_wconf 89' lang='lat' dir='ltr'><strong>suam</strong></span> <span class='ocrx_word' id='word_1_765' title='bbox 2423 4619 2680 4672; x_wconf 84' lang='lat' dir='ltr'><strong>querens,</strong></span> <span class='ocrx_word' id='word_1_766' title='bbox 2711 4611 2854 4677; x_wconf 91' lang='lat' dir='ltr'><strong>quod</strong></span> <span class='ocrx_word' id='word_1_767' title='bbox 2905 4613 3051 4667; x_wconf 89' lang='lat' dir='ltr'><strong>illum</strong></span> <span class='ocrx_word' id='word_1_768' title='bbox 3094 4620 3324 4685; x_wconf 87' lang='lat' dir='ltr'><strong>sepelire</strong></span> <span class='ocrx_word' id='word_1_769' title='bbox 3367 4636 3475 4675; x_wconf 90' lang='lat' dir='ltr'><strong>non</strong></span> 
     </span>
    </p>
   </div>
   <div class='ocr_carea' id='block_1_109' title="bbox 1904 4686 3475 4776">
    <p class='ocr_par' dir='ltr' id='par_1_109' title="bbox 1904 4686 3475 4776">
     <span class='ocr_line' id='line_1_109' title="bbox 1904 4686 3475 4776; baseline 0.018 -42"><span class='ocrx_word' id='word_1_770' title='bbox 1904 4696 2102 4750; x_wconf 79' lang='lat' dir='ltr'><strong>posset.</strong></span> <span class='ocrx_word' id='word_1_771' title='bbox 2138 4686 2477 4757; x_wconf 84' lang='lat' dir='ltr'><strong>Epiphanius</strong></span> <span class='ocrx_word' id='word_1_772' title='bbox 2514 4711 2663 4761; x_wconf 85' lang='lat' dir='ltr'><strong>vero,</strong></span> <span class='ocrx_word' id='word_1_773' title='bbox 2701 4699 2897 4767; x_wconf 86' lang='lat' dir='ltr'><strong>jacenti</strong></span> <span class='ocrx_word' id='word_1_774' title='bbox 2931 4705 3170 4771; x_wconf 76' lang='lat' dir='ltr'><strong>requiem</strong></span> <span class='ocrx_word' id='word_1_775' title='bbox 3213 4724 3475 4776; x_wconf 71' lang='lat' dir='ltr'><strong>appret-a-</strong></span> 
     </span>
    </p>
   </div>
   <div class='ocr_carea' id='block_1_110' title="bbox 1901 4779 3471 4849">
    <p class='ocr_par' dir='ltr' id='par_1_110' title="bbox 1901 4779 3471 4849">
     <span class='ocr_line' id='line_1_110' title="bbox 1901 4779 3471 4849; baseline 0.017 -25"><span class='ocrx_word' id='word_1_776' title='bbox 1901 4781 2008 4834; x_wconf 90' lang='lat' dir='ltr'><strong>tus,</strong></span> <span class='ocrx_word' id='word_1_777' title='bbox 2042 4790 2163 4842; x_wconf 75' lang='lat' dir='ltr'><strong>quae</strong></span> <span class='ocrx_word' id='word_1_778' title='bbox 2211 4779 2278 4831; x_wconf 85' lang='lat' dir='ltr'><strong>ad</strong></span> <span class='ocrx_word' id='word_1_779' title='bbox 2332 4786 2667 4849; x_wconf 75' lang='lat' dir='ltr'><strong>srpulturam</strong></span> <span class='ocrx_word' id='word_1_780' title='bbox 2716 4792 3021 4845; x_wconf 79' lang='lat' dir='ltr'><strong>necessaria</strong></span> <span class='ocrx_word' id='word_1_781' title='bbox 3065 4806 3221 4847; x_wconf 84' lang='lat' dir='ltr'><strong>erant</strong></span> <span class='ocrx_word' id='word_1_782' title='bbox 3258 4799 3471 4849; x_wconf 76' lang='lat' dir='ltr'><strong>utendi-</strong></span> 
     </span>
    </p>
   </div>
   <div class='ocr_carea' id='block_1_111' title="bbox 1897 4865 3472 4952">
    <p class='ocr_par' dir='ltr' id='par_1_111' title="bbox 1897 4865 3472 4952">
     <span class='ocr_line' id='line_1_111' title="bbox 1897 4865 3472 4952; baseline 0.018 -38"><span class='ocrx_word' id='word_1_783' title='bbox 1897 4865 2039 4917; x_wconf 88' lang='lat' dir='ltr'><strong>cauti</strong></span> <span class='ocrx_word' id='word_1_784' title='bbox 2074 4866 2316 4931; x_wconf 88' lang='lat' dir='ltr'><strong>donavit,</strong></span> <span class='ocrx_word' id='word_1_785' title='bbox 2361 4873 2620 4943; x_wconf 65' lang='lat' dir='ltr'><strong>llr-utique</strong></span> <span class='ocrx_word' id='word_1_786' title='bbox 2653 4880 2788 4931; x_wconf 65' lang='lat' dir='ltr'><strong>dixit</strong></span> <span class='ocrx_word' id='word_1_787' title='bbox 2820 4899 2832 4932; x_wconf 89' lang='lat'>:</span> <span class='ocrx_word' id='word_1_788' title='bbox 2870 4881 3012 4935; x_wconf 79' lang='lat' dir='ltr'><strong>Cura</strong></span> <span class='ocrx_word' id='word_1_789' title='bbox 3053 4885 3386 4952; x_wconf 86' lang='lat' dir='ltr'><strong>sepulturam</strong></span> <span class='ocrx_word' id='word_1_790' title='bbox 3419 4898 3472 4943; x_wconf 89' lang='lat' dir='ltr'><strong>et</strong></span> 
     </span>
    </p>
   </div>
   <div class='ocr_carea' id='block_1_112' title="bbox 1896 4957 3472 5043">
    <p class='ocr_par' dir='ltr' id='par_1_112' title="bbox 1896 4957 3472 5043">
     <span class='ocr_line' id='line_1_112' title="bbox 1896 4957 3472 5043; baseline 0.018 -36"><span class='ocrx_word' id='word_1_791' title='bbox 1896 4957 2112 5024; x_wconf 88' lang='lat' dir='ltr'><strong>plorare</strong></span> <span class='ocrx_word' id='word_1_792' title='bbox 2134 4962 2341 5027; x_wconf 81' lang='lat' dir='ltr'><strong>desine,</strong></span> <span class='ocrx_word' id='word_1_793' title='bbox 2382 4966 2454 5018; x_wconf 81' lang='lat' dir='ltr'><strong>liii</strong></span> <span class='ocrx_word' id='word_1_794' title='bbox 2483 4985 2496 5032; x_wconf 91' lang='lat'><strong>;</strong></span> <span class='ocrx_word' id='word_1_795' title='bbox 2525 4986 2699 5038; x_wconf 89' lang='lat' dir='ltr'><strong>neque</strong></span> <span class='ocrx_word' id='word_1_796' title='bbox 2727 4973 2868 5024; x_wconf 89' lang='lat' dir='ltr'><strong>enim</strong></span> <span class='ocrx_word' id='word_1_797' title='bbox 2909 4975 2960 5026; x_wconf 93' lang='lat' dir='ltr'><strong>in</strong></span> <span class='ocrx_word' id='word_1_798' title='bbox 2996 4978 3249 5043; x_wconf 67' lang='lat' dir='ltr'><strong>praesenti</strong></span> <span class='ocrx_word' id='word_1_799' title='bbox 3284 4995 3472 5034; x_wconf 81' lang='lat' dir='ltr'><strong>resur-</strong></span> 
     </span>
    </p>
   </div>
   <div class='ocr_carea' id='block_1_113' title="bbox 1894 5054 3468 5134">
    <p class='ocr_par' dir='ltr' id='par_1_113' title="bbox 1894 5054 3468 5134">
     <span class='ocr_line' id='line_1_113' title="bbox 1894 5054 3468 5134; baseline 0.018 -34"><span class='ocrx_word' id='word_1_800' title='bbox 1894 5061 1982 5115; x_wconf 84' lang='lat' dir='ltr'><strong>get</strong></span> <span class='ocrx_word' id='word_1_801' title='bbox 2007 5066 2020 5102; x_wconf 92' lang='lat'><strong>:</strong></span> <span class='ocrx_word' id='word_1_802' title='bbox 2045 5054 2187 5119; x_wconf 91' lang='lat' dir='ltr'><strong>quod</strong></span> <span class='ocrx_word' id='word_1_803' title='bbox 2214 5069 2340 5109; x_wconf 66' lang='lat' dir='ltr'><strong>vero</strong></span> <span class='ocrx_word' id='word_1_804' title='bbox 2369 5060 2567 5112; x_wconf 81' lang='lat' dir='ltr'><strong>accidit</strong></span> <span class='ocrx_word' id='word_1_805' title='bbox 2599 5062 2909 5117; x_wconf 88' lang='lat' dir='ltr'><strong>inevitabile</strong></span> <span class='ocrx_word' id='word_1_806' title='bbox 2932 5080 2995 5123; x_wconf 86' lang='lat' dir='ltr'><strong>ac</strong></span> <span class='ocrx_word' id='word_1_807' title='bbox 3027 5082 3251 5134; x_wconf 87' lang='lat' dir='ltr'><strong>prorsus</strong></span> <span class='ocrx_word' id='word_1_808' title='bbox 3276 5086 3468 5128; x_wconf 87' lang='lat' dir='ltr'><strong>ncces-</strong></span> 
     </span>
    </p>
   </div>
   <div class='ocr_carea' id='block_1_114' title="bbox 1894 5141 3466 5231">
    <p class='ocr_par' dir='ltr' id='par_1_114' title="bbox 1894 5141 3466 5231">
     <span class='ocr_line' id='line_1_114' title="bbox 1894 5141 3466 5231; baseline 0.019 -41"><span class='ocrx_word' id='word_1_809' title='bbox 1894 5141 2121 5203; x_wconf 82' lang='lat' dir='ltr'><strong>sarium,</strong></span> <span class='ocrx_word' id='word_1_810' title='bbox 2148 5145 2197 5197; x_wconf 90' lang='lat' dir='ltr'><strong>id</strong></span> <span class='ocrx_word' id='word_1_811' title='bbox 2232 5144 2356 5201; x_wconf 90' lang='lat' dir='ltr'><strong>forti</strong></span> <span class='ocrx_word' id='word_1_812' title='bbox 2385 5151 2570 5205; x_wconf 87' lang='lat' dir='ltr'><strong>animo</strong></span> <span class='ocrx_word' id='word_1_813' title='bbox 2596 5152 2875 5207; x_wconf 89' lang='lat' dir='ltr'><strong>ferendum</strong></span> <span class='ocrx_word' id='word_1_814' title='bbox 2906 5168 3006 5210; x_wconf 87' lang='lat' dir='ltr'><strong>est.</strong></span> <span class='ocrx_word' id='word_1_815' title='bbox 3038 5158 3100 5212; x_wconf 86' lang='lat' dir='ltr'><strong>Et</strong></span> <span class='ocrx_word' id='word_1_816' title='bbox 3129 5159 3466 5231; x_wconf 87' lang='lat' dir='ltr'><strong>Epiphanius</strong></span> 
     </span>
    </p>
   </div>
   <div class='ocr_carea' id='block_1_115' title="bbox 1894 5232 3464 5329">
    <p class='ocr_par' dir='ltr' id='par_1_115' title="bbox 1894 5232 3464 5329">
     <span class='ocr_line' id='line_1_115' title="bbox 1894 5232 3464 5329; baseline 0.018 -47"><span class='ocrx_word' id='word_1_817' title='bbox 1894 5232 2111 5299; x_wconf 86' lang='lat' dir='ltr'><strong>quidem</strong></span> <span class='ocrx_word' id='word_1_818' title='bbox 2148 5237 2231 5292; x_wconf 87' lang='lat' dir='ltr'><strong>his</strong></span> <span class='ocrx_word' id='word_1_819' title='bbox 2262 5240 2423 5295; x_wconf 89' lang='lat' dir='ltr'><strong>dictis</strong></span> <span class='ocrx_word' id='word_1_820' title='bbox 2451 5243 2741 5298; x_wconf 80' lang='lat' dir='ltr'><strong>abscessit.</strong></span> <span class='ocrx_word' id='word_1_821' title='bbox 2780 5243 2915 5300; x_wconf 83' lang='lat' dir='ltr'><strong>Cum</strong></span> <span class='ocrx_word' id='word_1_822' title='bbox 2953 5262 3133 5304; x_wconf 88' lang='lat' dir='ltr'><strong>autem</strong></span> <span class='ocrx_word' id='word_1_823' title='bbox 3170 5270 3328 5310; x_wconf 88' lang='lat' dir='ltr'><strong>nemo</strong></span> <span class='ocrx_word' id='word_1_824' title='bbox 3353 5260 3464 5329; x_wconf 74' lang='lat' dir='ltr'><strong>jazn</strong></span> 
     </span>
    </p>
   </div>
   <div class='ocr_carea' id='block_1_116' title="bbox 1894 5322 3466 5416">
    <p class='ocr_par' dir='ltr' id='par_1_116' title="bbox 1894 5322 3466 5416">
     <span class='ocr_line' id='line_1_116' title="bbox 1894 5322 3466 5416; baseline 0.019 -42"><span class='ocrx_word' id='word_1_825' title='bbox 1894 5322 1947 5375; x_wconf 92' lang='lat' dir='ltr'><strong>in</strong></span> <span class='ocrx_word' id='word_1_826' title='bbox 1983 5340 2277 5396; x_wconf 87' lang='lat' dir='ltr'><strong>conspectu</strong></span> <span class='ocrx_word' id='word_1_827' title='bbox 2309 5344 2472 5398; x_wconf 88' lang='lat' dir='ltr'><strong>esset,</strong></span> <span class='ocrx_word' id='word_1_828' title='bbox 2510 5337 2789 5393; x_wconf 86' lang='lat' dir='ltr'><strong>mendicus</strong></span> <span class='ocrx_word' id='word_1_829' title='bbox 2829 5350 2985 5394; x_wconf 89' lang='lat' dir='ltr'><strong>stans</strong></span> <span class='ocrx_word' id='word_1_830' title='bbox 3017 5343 3287 5412; x_wconf 85' lang='lat' dir='ltr'><strong>jacentem</strong></span> <span class='ocrx_word' id='word_1_831' title='bbox 3333 5353 3466 5416; x_wconf 90' lang='lat' dir='ltr'><strong>pede</strong></span> 
     </span>
    </p>
   </div>
   <div class='ocr_carea' id='block_1_117' title="bbox 1893 5416 3464 5507">
    <p class='ocr_par' dir='ltr' id='par_1_117' title="bbox 1893 5416 3464 5507">
     <span class='ocr_line' id='line_1_117' title="bbox 1893 5416 3464 5507; baseline 0.017 -41"><span class='ocrx_word' id='word_1_832' title='bbox 1893 5416 2106 5483; x_wconf 84' lang='lat' dir='ltr'><strong>pulsare</strong></span> <span class='ocrx_word' id='word_1_833' title='bbox 2131 5422 2314 5490; x_wconf 74' lang='lat' dir='ltr'><strong>cmpit,</strong></span> <span class='ocrx_word' id='word_1_834' title='bbox 2366 5424 2593 5480; x_wconf 87' lang='lat' dir='ltr'><strong>laudans</strong></span> <span class='ocrx_word' id='word_1_835' title='bbox 2630 5432 2774 5497; x_wconf 90' lang='lat' dir='ltr'><strong>quod</strong></span> <span class='ocrx_word' id='word_1_836' title='bbox 2816 5445 3090 5488; x_wconf 84' lang='lat' dir='ltr'><strong>mortuum</strong></span> <span class='ocrx_word' id='word_1_837' title='bbox 3135 5440 3349 5507; x_wconf 83' lang='lat' dir='ltr'><strong>egregie</strong></span> <span class='ocrx_word' id='word_1_838' title='bbox 3387 5440 3464 5492; x_wconf 89' lang='lat' dir='ltr'><strong>si-</strong></span> 
     </span>
    </p>
   </div>
   <div class='ocr_carea' id='block_1_118' title="bbox 1888 5508 3462 5588">
    <p class='ocr_par' dir='ltr' id='par_1_118' title="bbox 1888 5508 3462 5588">
     <span class='ocr_line' id='line_1_118' title="bbox 1888 5508 3462 5588; baseline 0.018 -31"><span class='ocrx_word' id='word_1_839' title='bbox 1888 5508 2188 5563; x_wconf 82' lang='lat' dir='ltr'><strong>mulasset:</strong></span> <span class='ocrx_word' id='word_1_840' title='bbox 2227 5522 2300 5576; x_wconf 89' lang='lat' dir='ltr'><strong>et,</strong></span> <span class='ocrx_word' id='word_1_841' title='bbox 2330 5516 2525 5585; x_wconf 81' lang='lat' dir='ltr'><strong>Surge,</strong></span> <span class='ocrx_word' id='word_1_842' title='bbox 2571 5519 2779 5588; x_wconf 90' lang='lat' dir='ltr'><strong>inquit;</strong></span> <span class='ocrx_word' id='word_1_843' title='bbox 2830 5540 2895 5577; x_wconf 79' lang='lat' dir='ltr'><strong>ex</strong></span> <span class='ocrx_word' id='word_1_844' title='bbox 2947 5527 3128 5581; x_wconf 85' lang='lat' dir='ltr'><strong>labore</strong></span> <span class='ocrx_word' id='word_1_845' title='bbox 3173 5540 3266 5583; x_wconf 89' lang='lat' dir='ltr'><strong>tuo</strong></span> <span class='ocrx_word' id='word_1_846' title='bbox 3316 5531 3462 5586; x_wconf 82' lang='lat' dir='ltr'><strong>hunc</strong></span> 
     </span>
    </p>
   </div>
   <div class='ocr_carea' id='block_1_119' title="bbox 1888 5600 3464 5696">
    <p class='ocr_par' dir='ltr' id='par_1_119' title="bbox 1888 5600 3464 5696">
     <span class='ocr_line' id='line_1_119' title="bbox 1888 5600 3464 5696; baseline 0.019 -43"><span class='ocrx_word' id='word_1_847' title='bbox 1888 5600 2068 5655; x_wconf 39' lang='lat' dir='ltr'><strong>laetum</strong></span> <span class='ocrx_word' id='word_1_848' title='bbox 2116 5610 2479 5677; x_wconf 67' lang='lat' dir='ltr'><strong>transigi-nius</strong></span> <span class='ocrx_word' id='word_1_849' title='bbox 2531 5614 2695 5668; x_wconf 87' lang='lat' dir='ltr'><strong>diem.</strong></span> <span class='ocrx_word' id='word_1_850' title='bbox 2738 5616 2840 5670; x_wconf 68' lang='lat' dir='ltr'><strong>Sed</strong></span> <span class='ocrx_word' id='word_1_851' title='bbox 2886 5636 3009 5674; x_wconf 90' lang='lat' dir='ltr'><strong>eum</strong></span> <span class='ocrx_word' id='word_1_852' title='bbox 3070 5623 3156 5676; x_wconf 82' lang='lat' dir='ltr'><strong>ille</strong></span> <span class='ocrx_word' id='word_1_853' title='bbox 3202 5637 3464 5696; x_wconf 65' lang='lat' dir='ltr'><strong>pcipi-tuo</strong></span> 
     </span>
    </p>
   </div>
   <div class='ocr_carea' id='block_1_120' title="bbox 1883 5691 3457 5782">
    <p class='ocr_par' dir='ltr' id='par_1_120' title="bbox 1883 5691 3457 5782">
     <span class='ocr_line' id='line_1_120' title="bbox 1883 5691 3457 5782; baseline 0.021 -41"><span class='ocrx_word' id='word_1_854' title='bbox 1883 5691 2106 5758; x_wconf 79' lang='lat' dir='ltr'><strong>jacerct,</strong></span> <span class='ocrx_word' id='word_1_855' title='bbox 2143 5706 2193 5749; x_wconf 83' lang='lat' dir='ltr'><strong>et</strong></span> <span class='ocrx_word' id='word_1_856' title='bbox 2229 5698 2401 5753; x_wconf 85' lang='lat' dir='ltr'><strong>nihilo</strong></span> <span class='ocrx_word' id='word_1_857' title='bbox 2426 5702 2545 5771; x_wconf 90' lang='lat' dir='ltr'><strong>plus</strong></span> <span class='ocrx_word' id='word_1_858' title='bbox 2580 5722 2680 5761; x_wconf 82' lang='lat' dir='ltr'><strong>nec</strong></span> <span class='ocrx_word' id='word_1_859' title='bbox 2725 5710 3048 5767; x_wconf 77' lang='lat' dir='ltr'><strong>(latitantem</strong></span> <span class='ocrx_word' id='word_1_860' title='bbox 3096 5718 3327 5782; x_wconf 69' lang='lat' dir='ltr'><strong>audiret,</strong></span> <span class='ocrx_word' id='word_1_861' title='bbox 3356 5705 3457 5773; x_wconf 78' lang='lat' dir='ltr'><strong>nec</strong></span> 
     </span>
    </p>
   </div>
  </div>
