3842 6118
322 253 421 305 οδε

1329 240 1393 296 β.
1432 236 1776 292 Ei’ll’ﬂANll
1818 231 2540 290 AC1A"BULLM\D|ANA.

3484 225 3597 279 I32

324 374 456 426 totis
497 367 707 423 viribus
772 372 1090 419 monentem
1147 361 1409 426 sentiret;
1458 357 1678 414 concito
1732 371 1899 411 cursu
1930 359 1976 415 Α
2006 352 2343 409 munionem.
2382 350 2615 420 Scripsit
2669 348 2859 419 itaque
2915 348 2983 403 dc
3034 346 3120 402 his
3163 344 3587 416 archiepiscopo

323 464 641 535 episcopum
686 467 994 518 assecutus,
1052 453 1299 508 fraudem
1352 450 1639 505 amborum
1689 445 1909 502 confes--

328 570 445 620 sus,
464 554 793 622 ploransque
813 558 868 604 et
891 548 1073 602 crines
1098 544 1360 601 vellicans
1392 541 1606 602 orabat,
1633 548 1695 594 ut
1720 538 1908 593 socius

326 644 394 699 ad
430 643 595 697 vitam
624 648 997 697 revocaretur.
1030 635 1233 691 Verum
1262 632 1600 703 Epiphanius
1628 631 1905 684 hominem

327 736 554 799 dimisit,
584 737 838 787 hortatus
867 739 931 785 ut
967 729 1018 785 id
1049 726 1198 797 quod
1228 726 1502 781 acciderat
1535 738 1693 792 aequo
1720 723 1908 776 animo

330 828 538 882 terret:
576 841 685 879 non
723 824 868 878 enim
919 821 1217 876 dissolvere
1250 817 1424 871 voluit
1478 814 1622 870 Deus
1670 814 1722 868 id
1763 812 1909 882 quod

332 919 533 974 factum
567 917 762 983 fuerat,
808 913 1137 984 persuadere
1172 910 1399 965 omnino
1440 908 1625 962 volens
1671 905 1910 960 homini-

331 1012 455 1073 hns,
485 1025 581 1063 eos
602 1008 691 1078 qui
723 1022 781 1062 se
816 1008 953 1061 tales
985 1005 1227 1075 praebent
1259 1018 1387 1072 erga
1436 999 1672 1054 famulos
1714 999 1907 1068 ipsius,

332 1101 436 1172 ipsi
467 1100 558 1167 qui
582 1098 766 1153 omnia
797 1097 949 1151 audit
973 1110 1038 1150 ac
1071 1094 1219 1149 videt
1245 1091 1489 1146 fraudem
1527 1098 1762 1145 struere.
1817 1106 1836 1138 ι

404 1190 494 1247 26.
549 1189 853 1258 Prophetite
887 1201 1050 1255 porro
1093 1185 1295 1239 donum
1340 1182 1393 1235 in
1442 1178 1766 1249 Epiphanio,
1803 1191 1913 1246 quo

335 1280 551 1334 occulta
580 1286 634 1332 et
660 1291 861 1331 arcana
896 1274 1178 1344 pervidere
1205 1270 1469 1327 divinitus
1499 1271 1549 1324 ei
1573 1284 1717 1338 sarpe
1746 1268 1915 1322 daba—

339 1382 446 1435 tur,
483 1370 687 1424 indicat
719 1369 806 1422 illa
845 1366 1169 1434 signiﬁcatio
1214 1379 1355 1419 verte
1399 1362 1594 1417 mortis
1632 1360 1775 1429 ejus,
1819 1358 1914 1429 qui

334 1476 455 1514 eam
492 1459 751 1515 simulare
772 1459 1037 1512 duntaxat
1060 1454 1388 1510 credebatur
1428 1467 1458 1507 a
1489 1451 1660 1517 socio,
1705 1467 1831 1505 cum
1866 1450 1913 1504 ei

336 1552 503 1606 dixit:
537 1569 555 1601 ι
601 1549 785 1618 Neque
827 1548 971 1603 enim
1020 1546 1076 1601 in
1117 1545 1368 1616 praesenti
1407 1541 1676 1611 resurget.
1718 1560 1737 1593 ι
1770 1541 1916 1594 idem

336 1645 539 1698 donum
576 1643 754 1711 primo
804 1657 870 1695 ex
911 1638 1194 1696 communi
1231 1636 1397 1699 fama,
1453 1636 1647 1689 deinde
1697 1633 1915 1703 propria

334 1735 670 1804 experientia
710 1741 1051 1803 agnoverunt
1079 1731 1192 1784 duo
1232 1729 1332 1791 illi,
1356 1728 1423 1783 de
1455 1727 1656 1797 quibus
1677 1727 1919 1780 narravit
1951 1722 1991 1776 Β

342 1842 502 1881 senex
524 1825 746 1894 quidam
780 1825 833 1876 in
874 1822 1004 1876 Vitis
1034 1821 1282 1884 Patrum,
1307 1821 1491 1875 libello
1522 1835 1610 1881 xv,
1639 1834 1793 1873 num.
1827 1816 1918 1884 88,

341 1917 635 1984 interprete
666 1915 900 1985 Pelagio,
928 1914 1013 1969 his
1041 1913 1222 1968 verbis
1258 1931 1269 1965 :
1305 1929 1327 1963 ι
1367 1911 1484 1965 Duo
1515 1911 1736 1981 quidam
1764 1917 1924 1963 erant

341 2008 631 2062 saeculares
661 2006 931 2074 religiosi;
962 2014 1017 2057 et
1043 2004 1417 2073 colloquentes
1466 2017 1678 2066 secum,
1713 1997 1922 2071 egressi

343 2108 492 2159 sunt,
524 2108 578 2151 et
610 2096 735 2149 iacti
760 2104 890 2151 sunt
934 2093 1209 2151 monachi.
1256 2092 1687 2148 Emulationem
1736 2099 1920 2145 autem

343 2188 607 2243 habentes
657 2186 810 2242 vocis
869 2186 1226 2255 evangelicae,
1283 2185 1377 2238 sed
1434 2198 1543 2238 non
1616 2182 1920 2237 secundum

338 2279 654 2342 scientiam,
707 2285 1089 2334 castraverunt
1140 2292 1200 2332 se
1257 2276 1415 2346 quasi
1469 2283 1695 2346 propter
1756 2289 1923 2344 regna

342 2370 633 2425 caelorum.
686 2370 930 2424 Audiens
977 2378 1161 2424 autem
1213 2366 1661 2436 archiepiscopus
1706 2378 1926 2418 excom-

266 2528 275 2535 _
344 2462 647 2517 nrunicavit
676 2476 792 2514 eos.
826 2460 906 2514 illi
955 2470 1158 2523 autem,
1204 2467 1461 2528 putantes
1494 2457 1622 2526 quia
1663 2456 1802 2510 bene
1849 2454 1928 2509 fe-

347 2552 574 2612 cissent,
609 2550 876 2618 indignati
909 2558 1039 2603 sunt
1080 2556 1274 2601 contra
1309 2561 1459 2610 eum,
1490 2545 1735 2600 dicentes
1772 2562 1786 2598 :
1815 2541 1927 2597 Nos

351 2649 570 2710 propter
600 2654 764 2708 regna
790 2640 1056 2694 caelorum
1088 2637 1453 2693 castravimus
1482 2652 1603 2702 nos,
1640 2644 1694 2690 et
1716 2636 1806 2690 hic
1833 2650 1929 2690 ex-

351 2730 777 2785 communicavit
803 2731 939 2783 nos?
975 2728 1178 2783 Eamus
1201 2739 1258 2783 et
1287 2726 1696 2795 interpellemus
1728 2726 1929 2781 adver-

352 2838 449 2876 sus
518 2836 643 2876 eum
723 2817 1348 2891 llierosolymitanorum
1424 2815 1922 2885 archiepiscopum.

349 2913 626 2968 Abeuntes
659 2929 789 2982 ergo
814 2912 1195 2966 indicaverunt
1224 2911 1274 2965 ei
1319 2909 1527 2964 omnia.
1565 2907 1633 2963 Et
1669 2907 1806 2962 dixit
1848 2907 1931 2962 eis

350 3005 799 3074 archiepiscopus
831 3001 1359 3072 Hierosolymitanus
1400 2999 1506 3057 εει
1549 3015 1652 3070 ego
1697 3015 1797 3055 vos
1834 3014 1930 3053 ex-

2016 448 2358 502 Aiexandriae
2386 445 2577 499 dicens
2613 462 2626 496 :
2660 441 2890 510 Suscipe
2934 440 3074 494 tilios
3129 448 3274 502 tuos,
3328 438 3595 507 quoniam

2016 540 2071 594 in
2098 539 2326 593 veritate
2352 536 2729 607 pmnitentiam
2759 543 3010 604 egerunt,
3058 541 3113 585 et
3152 531 3364 585 addidit
3404 545 3597 596 series,

2016 632 2111 702 qui
2157 632 2262 685 hoc
2304 628 2612 698 exemplum
2665 635 3008 685 narraverat,
3060 624 3251 677 dicens
3286 639 3301 676 :
3336 620 3464 675 llaec
3514 631 3601 675 est

2017 724 2225 778 sanitas
2255 721 2513 783 hominis,
2532 726 2587 773 et
2612 719 2717 793 hoc
2736 725 2820 770 est
2844 715 2993 786 quod
3020 713 3316 779 vultDeus,
3341 723 3401 767 ut
3429 715 3599 767 homo

2016 815 2234 883 culpam
2269 827 2426 867 suam
2453 809 2703 880 projiciat
2739 817 2865 863 autc
2899 806 3091 863 Deum.
3142 824 3160 856 ι

2087 906 2177 960 28.
2205 904 2301 958 llis
2326 904 2558 973 aliisque
2593 901 2976 972 spiritualihus
2998 898 3189 970 gratiis
3218 913 3334 954 tero
3376 913 3478 954 suo
3508 912 3602 952 ee-

2018 1000 2186 1054 lebris
2224 997 2583 1067 Epiphanius,
2607 994 2704 1049 toti
2736 994 2993 1062 deinceps
3017 992 3322 1061 posteritati
3363 991 3604 1045 innotuit

2021 1091 2241 1162 scriptis
2263 1090 2418 1144 libris
2448 1102 2684 1157 quorum
2725 1087 2939 1156 primus
2986 1084 3091 1139 fuit
3132 1099 3293 1154 quem
3324 1082 3604 1153 appellant

2021 1185 2379 1244 Ancoratum,
2427 1190 2714 1251 propterea
2764 1176 2913 1248 quod
2962 1177 3225 1242 animum,
3279 1175 3348 1231 de
3397 1176 3508 1228 vita
3539 1189 3605 1228 ac

2020 1276 2197 1331 salute
2234 1274 2551 1336 sollicitum,
2588 1273 2764 1327 instar
2807 1285 3023 1326 ancora
3070 1269 3271 1323 tirmat.
3302 1268 3433 1338 Ejus
3463 1267 3605 1322 scri-

2021 1366 2184 1422 bendi
2213 1366 2337 1420 data
2364 1364 2465 1433 ipsi
2484 1364 2708 1417 occasio
2727 1371 2813 1417 est
2845 1378 2943 1432 per
2968 1381 2990 1413 ι
3017 1361 3303 1432 epistolam
3339 1358 3602 1428 scriptam

2023 1473 2055 1512 e
2095 1456 2417 1526 Pamphilio,
2442 1471 2507 1510 es
2541 1454 2741 1524 Oppido
2773 1452 3003 1508 Suedris
3031 1469 3060 1506 a
3094 1451 3348 1513 Tarsino,
3379 1449 3606 1504 Maditio

2023 1558 2078 1604 et
2130 1549 2251 1602 aliis
2293 1546 2624 1617 presbyteris
2668 1559 2814 1598 anno
2858 1543 2928 1598 90
2982 1543 3320 1608 Diocletiani,
3362 1539 3607 1595 Valentis

2027 1654 2205 1695 vero:
2242 1649 2297 1694 et
2320 1638 2564 1693 Gratiani
2590 1653 2665 1699 vt,
2707 1655 2726 1687 ι
2760 1637 2853 1706 qui
2888 1635 2992 1690 fuit
3027 1634 3234 1690 Christi
3265 1634 3392 1688 373.
3425 1632 3606 1703 ipsam

2019 1734 2306 1803 epistolam
2344 1740 2470 1786 ante
2500 1745 2640 1799 opus
2674 1731 2859 1786 videre
2903 1739 3008 1795 est,
3050 1744 3158 1784 una
3200 1742 3326 1783 cum
3371 1724 3605 1796 epistola

2019 1825 2247 1879 Palladii
2284 1823 2594 1892 cujusdam,
2621 1833 2681 1877 ut
2706 1839 2773 1877 ex
2804 1822 3068 1892 rescripto
3084 1828 3308 1890 apparet
3328 1819 3609 1884 monachi,

2019 1918 2119 1989 τῆς
2161 1915 2331 1985 αὐτῆς
2390 1914 2597 1979 πόλεως
2643 1914 2919 1986 Σουὲδρων
2955 1913 3394 1984 πολιτευομένου,
3454 1911 3607 1982 quod

2022 2010 2239 2064 mallem
2275 2026 2292 2058 ι
2341 2008 2395 2062 in
2441 2008 2634 2063 eadem
2682 2001 3024 2060 Suedrorum'
3061 2004 3196 2059 urbe
3238 2005 3610 2069 habitantem,

2021 2115 2186 2172 quam
2220 2098 2353 2152 inibi
2391 2099 2718 2167 magistratu
2757 2098 2941 2167 aliquo
2977 2095 3321 2166 perfunctum
3351 2105 3447 2150 aut
3486 2095 3616 2150 iun-

2023 2200 2236 2263 gentem
2267 2208 2286 2242 ›
2321 2198 2556 2267 vertere.
2609 2187 2894 2243 Moverant
2936 2199 3118 2242 autem
3151 2201 3269 2251 eos,
3314 2188 3406 2257 qui
3448 2197 3613 2243 antea

2023 2296 2250 2338 suorum
2305 2281 2507 2334 multos
2566 2279 2636 2334 ab
2687 2294 2876 2333 errore
2936 2279 3202 2333 abductos
3265 2279 3612 2348 gaudebant,

2028 2392 2049 2424 ι
2086 2359 2325 2442 acceptis
2371 2388 2402 2426 a
2456 2373 2615 2426 beato
2667 2386 2733 2425 ac
2786 2370 2961 2425 felicis
3019 2370 3297 2425 memoriae
3349 2370 3616 2440 episeopo

2025 2464 2327 2520 Athanasio
2377 2473 2431 2519 et
2484 2463 2553 2517 ab
2601 2462 3019 2532 religiosissimo
3066 2462 3350 2531 Epiphanii
3409 2462 3619 2530 collega

2026 2554 2318 2610 Procliano
2347 2554 2566 2616 litteris,
2608 2571 2626 2604 ›
2664 2561 2725 2605 ut
2762 2552 2831 2606 ad
2861 2552 3038 2620 ipsum
3073 2548 3437 2621 Epiphanium
3470 2564 3620 2604 nunc

2027 2656 2395 2708 recurrerent,
2444 2654 2664 2700 mortuo
2696 2654 2822 2699 ante
2867 2644 3149 2699 biennium
3194 2643 3518 2705 Athanasio,
3558 2651 3619 2696 et

2028 2737 2317 2792 Procliano
2355 2736 2511 2790 aliter
2544 2735 2805 2805 impedito
2834 2753 2846 2788 :
2882 2743 3183 2789 moverant.
3243 2734 3489 2802 inquam,
3520 2746 3621 2787 eos

2036 2847 2056 2880 ι
2082 2826 2439 2883 conscelerati
2466 2825 2733 2895 dogmatis
2757 2825 3025 2892 reliquiae.
3047 2824 3189 2893 apud
3208 2823 3501 2877 nonnullos
3522 2822 3623 2876 ad-

2032 2920 2141 2974 huc
2170 2919 2514 2988 superstites.
2554 2935 2573 2968 ι
2604 2897 3093 2985 compulerantque
3113 2930 3305 2984 rogare
3328 2924 3388 2969 ut
3418 2926 3473 2970 et
3500 2915 3623 2986 ipse

2042 3030 2060 3062 ι
2098 3012 2165 3064 ad
2197 3025 2387 3063 eorum
2435 3009 2735 3064 Ecclesiam
2785 3009 2997 3062 litteras
3043 3009 3174 3062 dare
3211 3024 3317 3062 non
3361 3022 3623 3077 gravare-

353 3073 720 3150 communico.
752 3092 830 3146 Ex
856 3109 966 3162 quo
1000 3093 1197 3146 iterum
1239 3091 1551 3147 contristati
1590 3090 1843 3145 abierunt
1877 3090 1931 3143 in
1960 3073 2002 3130 ο
2038 3111 2145 3163 ων,
2179 3121 2198 3154 ι
2232 3116 2297 3157 ac
2336 3110 2540 3156 rectam
2590 3100 2748 3155 ﬁdem
2791 3100 3017 3155 uberius
3060 3073 3387 3168 explicare:
3409 3099 3621 3170 Dogma

355 3186 698 3240 Antiochiam
731 3184 799 3238 ad
841 3184 1341 3253 archiepiscopum,
1366 3191 1422 3238 et
1449 3183 1704 3237 dixerunt
1741 3182 1790 3237 ei
1821 3195 1936 3235 om-

359 3279 447 3330 nia
471 3293 592 3346 qua
618 3276 758 3331 facta
790 3273 1006 3329 fuerant
1044 3276 1189 3329 circa
1230 3290 1320 3341 se;
1352 3284 1407 3328 et
1436 3275 1529 3328 ille
1561 3275 1814 3330 similiter
1841 3287 1938 3326 ex-

357 3365 783 3419 rornmunicavit
806 3378 923 3419 eos.
956 3364 1022 3418 Et
1050 3363 1309 3418 dixerunt
1336 3365 1401 3418 ad
1430 3366 1640 3437 seipsos
1677 3384 1690 3419 :
1733 3362 1935 3421 Eamus

358 3453 589 3508 Romam
622 3455 687 3508 ad
720 3455 1113 3524 patriarcham,
1143 3465 1197 3508 et
1228 3456 1342 3525 ipse
1388 3470 1489 3511 nos
1529 3455 1827 3511 vindicabit
1869 3454 1936 3511 de

359 3545 617 3619 omnibus
645 3546 784 3601 istis.
815 3547 1084 3601 Aliierunt
1111 3562 1240 3616 ergo
1268 3547 1333 3600 ad
1363 3562 1638 3603 summum
1674 3546 1939 3615 archiepi-

361 3653 585 3708 scopum
621 3636 881 3693 l'iomanae
914 3637 1173 3700 civitatis,
1203 3645 1687 3719 et‘suggesseruu}
1720 3639 1769 3697 ei
1814 3654 1939 3707 qua

361 3728 602 3784 fecerant
629 3730 710 3784 eis
740 3731 1025 3784 memorati
1059 3730 1476 3799 archiepisc0pi,
1510 3731 1753 3785 dicentes
1789 3751 1800 3786 :
1833 3729 1937 3787 Ve-

361 3823 543 3875 nimus
567 3821 633 3876 ad
673 3809 917 3891 tefquia
949 3830 1005 3876 tu
1048 3837 1109 3876 es
1152 3831 1317 3892 caput
1350 3821 1621 3877 omnium.
1664 3820 1804 3877 Dicit
1841 3836 1940 3876 au-

298 3926 309 3931 ‘
364 3922 468 3964 tem
495 3920 549 3966 et
565 3913 647 3967 eis
679 3912 795 3982 ipse
824 3934 834 3967 :
865 3912 977 3984 Ego
1022 3928 1117 3969 vos
1144 3914 1562 3969 excommunico
1592 3922 1647 3968 et
1673 3913 1940 3984 segregati

361 4002 513 4056 estis.

431 4092 522 4144 27.
573 4111 592 4143 ι
622 4091 777 4147 Tunc
804 4092 1120 4149 defecerunt
1144 4094 1603 4149 excomntunicati
1649 4095 1816 4149 totius
1850 4110 1941 4148 ra-

366 4184 531 4237 tionis
554 4192 605 4236 et
634 4184 889 4239 dixerunt
922 4185 988 4239 ad
1023 4185 1347 4254 semetipsos
1380 4202 1393 4237 :
1420 4184 1511 4241 lsti
1561 4187 1802 4257 episcopi
1839 4186 1943 4241 sibi

371 4271 599 4325 invicem
628 4272 882 4327 deferunt
919 4284 972 4328 et
1005 4276 1378 4338 consentiunt,
1428 4287 1648 4345 propter
1694 4276 1841 4345 quod
1888 4277 1941 4330 in

2036 3203 2220 3248 autem
2257 3193 2410 3256 illud,
2435 3201 2495 3247 ut
2519 3209 2583 3247 ex
2612 3191 2842 3262 epistola
2874 3188 3099 3245 Palladii
3130 3189 3470 3257 intelligitur,
3500 3188 3618 3243 Eu-

2041 3285 2429 3339 nomianorum
2458 3282 2582 3345 fuit,
2619 3302 2638 3334 ι
2673 3284 2864 3337 inanes
2891 3291 2946 3337 et
2974 3282 3244 3337 absurdus
3288 3283 3624 3351 quastione:

2033 3378 2105 3433 de
2139 3378 2344 3446 Spiritu
2387 3388 2578 3432 sancto
2610 3378 2973 3439 moventium,
3019 3375 3447 3444 negantiumque
3492 3388 3621 3427 eum

2039 3486 2163 3525 cum
2200 3469 2487 3523 divinitate
2519 3469 2914 3537 dominatuque
2945 3467 3115 3536 gloria
3156 3465 3319 3520 simul
3368 3463 3507 3519 allici
3557 3470 3623 3519 ac

2040 3561 2324 3630 praedicari
2351 3569 2635 3629 oportere;
2668 3559 2760 3613 sed
2798 3558 2851 3611 in
2893 3559 3127 3611 ministri
3160 3558 3405 3611 nuntiive
3434 3556 3622 3610 haberi

2040 3654 2181 3714 loco,
2209 3652 2320 3706 imo
2359 3654 2522 3706 etiam
2568 3652 2833 3713 humilius
2877 3650 3099 3719 aliquod
3142 3650 3522 3719 abjectinsque
3556 3647 3627 3703 de

2040 3745 2162 3813 ipso
2191 3743 2567 3797 sentientium.
2599 3742 2811 3808 Quibus
2837 3743 2903 3795 de
2936 3743 3141 3807 causis,
3180 3759 3199 3793 ι
3236 3740 3414 3810 inquit
3443 3741 3627 3795 Palla-

2042 3837 2187 3902 dius,
2229 3855 2248 3887 (
2286 3837 2654 3906 sie—tanquam
2699 3836 3029 3889 inconstanti
3065 3834 3363 3903 jactatione
3387 3849 3453 3888 ac
3481 3834 3624 3887 ditii-

2043 3930 2132 3982 cili
2172 3938 2491 3998 tempestate
2536 3928 2898 3993 ﬂuctuantes;
2938 3942 3063 3980 rum
3103 3927 3377 3979 neminem
3435 3926 3525 3979 hic
3556 3926 3624 3980 ad

2044 4036 2138 4074 eas
2180 4019 2558 4074 dissolvendas
2596 4021 2929 4090 quaestiones
2984 4034 3047 4073 ac
3091 4032 3277 4072 sanam
3317 4018 3476 4072 iidem
3524 4033 3625 4071 ex-

2042 4111 2349 4177 ponendam
2382 4111 2639 4163 idoueum
2660 4109 2900 4178 reperire
2929 4108 3234 4178 possimus;
3268 4108 3332 4161 ad
3365 4108 3624 4177 pietatem

2048 4210 2197 4251 tuam
2229 4200 2295 4252 de
2324 4201 2429 4253 hoc
2461 4200 2678 4268 negotio
2711 4197 2913 4252 referre
2938 4199 3134 4272 coactL
3161 4214 3375 4260 sumus,
3406 4208 3466 4251 ut
3508 4213 3625 4251 me-

2047 4290 2152 4344 rito
2180 4301 2233 4344 et
2261 4291 2404 4344 illam
2435 4306 2619 4344 vocem
2654 4308 2916 4363 usurpare
2933 4293 3211 4363 possimus
3244 4310 3257 4345 :
3294 4288 3626 4360 Prmeeptor,

369 4363 591 4433 synodis
622 4376 1056 4434 congregantur;
1088 4368 1181 4421 sed
1230 4381 1423 4420 camus
1469 4371 1536 4422 ad
1582 4368 1732 4425 illum
1765 4369 1927 4422 virum

2050 4399 2205 4438 serva
2239 4399 2359 4437 nos.
2382 4381 2751 4448 Quamobrem
2787 4385 2841 4439 id
2882 4401 2981 4455 pro
3015 4384 3228 4439 sincera
3263 4391 3355 4437 tua
3389 4397 3456 4435 ac
3477 4393 3627 4436 recte

370 4453 464 4507 Dei
519 4453 577 4507 S.
645 4453 1039 4525 Epiphanium,
1091 4458 1559 4528 archiepiscopum
1610 4457 1678 4513 de
1736 4459 1938 4528 Cypro,

370 4548 498 4614 quia
524 4547 785 4616 propheta
816 4557 918 4611 est,
945 4559 1000 4602 et
1034 4563 1322 4619 personam
1352 4550 1592 4607 hominis
1634 4567 1741 4606 non
1795 4553 1942 4606 acci-

371 4641 468 4705 pit.
519 4636 658 4691 Cum
717 4646 899 4693 autem
956 4640 1451 4711 appropinquarent
1510 4641 1743 4697 civitatis
1798 4640 1940 4711 ejus,

369 4730 668 4785 revelatum
690 4740 774 4787 est
804 4731 853 4786 ei
881 4732 947 4789 de
978 4732 1111 4802 ipsis
1144 4751 1157 4787 :
1189 4745 1243 4788 et
1288 4736 1513 4790 mittens
1554 4736 1606 4789 in
1644 4750 1938 4791 occursum

368 4835 560 4875 eorum
598 4819 736 4874 dixit
768 4842 782 4875 :
810 4818 889 4876 Ne
924 4822 1138 4877 intretis
1173 4822 1224 4877 in
1257 4825 1529 4879 civitatem
1576 4827 1757 4881 istam.
1786 4825 1942 4881 Tunc

372 4913 444 4967 illi
471 4914 523 4967 in
555 4929 614 4969 se
649 4915 872 4980 reversi,
904 4917 1161 4971 dixerunt
1191 4935 1204 4972 :
1234 4915 1340 4972 Pro
1371 4919 1594 4973 veritate
1625 4936 1726 4975 nos
1755 4922 1942 4990 culpa-

370 5006 506 5062 biles
544 5023 755 5076 sumus,
793 5020 853 5065 ut
891 5010 1018 5080 quid
1045 5026 1176 5081 ergo
1205 5027 1307 5066 nos
1345 5012 1494 5081 ipsos
1522 5013 1891 5081 justiﬁcamns
1918 5016 1941 5070 ?

374 5095 477 5151 Fac
506 5100 666 5152 etiam
722 5104 848 5171 quia
896 5104 970 5156 illi
1022 5103 1222 5174 injuste
1270 5122 1373 5161 nos
1425 5111 1942 5165 excommunicave-

374 5195 521 5249 runt,
553 5194 796 5260 nunquid
818 5205 872 5247 et
893 5193 995 5249 istc
1022 5197 1322 5266 propheta?
1346 5213 1472 5252 ecce
1503 5200 1648 5253 enim
1682 5200 1822 5255 Deus
1862 5219 1940 5255 re-

376 5280 567 5333 vetavit
587 5281 659 5334 illi
693 5283 759 5337 de
786 5287 961 5342 nobis.
992 5287 1056 5343 Et
1094 5292 1558 5360 reprehenderunt
1615 5297 1942 5365 semetipsos

379 5372 527 5426 valde
566 5372 633 5428 de
667 5374 822 5443 culpa
873 5392 1034 5445 quain
1086 5383 1349 5438 fecerunt.
1409 5382 1563 5438 Tunc
1603 5387 1796 5440 videns
1844 5388 1940 5449 qui

375 5462 536 5514 corda
571 5465 737 5531 novit,
769 5466 895 5535 quia
933 5483 1030 5536 pro
1077 5472 1305 5526 veritate
1350 5490 1410 5528 se
1453 5475 1752 5544 culpabiles
1802 5452 1947 5531 fece-

372 5558 791 5613 rant,revelavit
823 5562 1078 5630 episcopo
1113 5562 1453 5634 Epiphanio;
1498 5578 1552 5622 et
1602 5570 1745 5623 ultro
1795 5570 1946 5625 misit

375 5652 429 5696 et
468 5646 694 5702 adluxit
722 5664 835 5709 eos,
869 5659 924 5705 et
949 5660 1262 5710 consolatus
1288 5672 1385 5713 eos
1420 5661 1660 5731 suscepit
1703 5662 1756 5714 in
1794 5676 1945 5717 com-

2050 4474 2155 4528 tide
2191 4482 2298 4529 ate
2326 4476 2582 4544 petimus,
2616 4491 2779 4545 quam
2823 4477 3061 4532 secunda
3094 4475 3205 4545 jam
3240 4473 3448 4529 dudum
3481 4471 3630 4527 fama

2050 4580 2103 4621 et
2132 4567 2452 4621 idoneorum
2477 4568 2719 4621 virorum
2751 4567 3059 4622 testimonia
3094 4566 3294 4633 passim
3317 4565 3630 4629 celebrant;

2052 4659 2195 4712 utad
2225 4659 2370 4728 quod
2404 4675 2603 4714 munus
2629 4660 2940 4714 obeundum
2972 4675 3003 4713 a
3044 4656 3327 4712 Salvatore
3359 4656 3632 4711 constitu-

2053 4761 2140 4804 tus
2166 4766 2248 4815 es,
2271 4757 2407 4805 Iaanc
2438 4761 2681 4806 nostram
2707 4752 3069 4807 hortationem
3097 4751 3409 4806 humaniter
3431 4748 3634 4802 admit-

2054 4849 2186 4901 tere,
2219 4842 2429 4910 etquid
2469 4842 2536 4895 de
2581 4834 2846 4897 Trinitate
2895 4843 2965 4896 sit
3009 4842 3365 4905 credendum,
3404 4840 3633 4894 uberius

2052 4934 2186 4987 velis
2217 4936 2564 5003 apertiusque
2594 4936 2881 4990 disserere.
2921 4956 2938 4988 ι
2974 4935 3097 4991 Haec
3128 4945 3182 4991 et
3212 4937 3316 4991 alia
3352 4935 3450 4990 illi.

2122 5024 2212 5078 29.
2242 5024 2581 5094 Epiphanius
2627 5042 2757 5080 vero
2798 5027 3137 5097 respondens
3186 5036 3298 5080 tum
3342 5025 3471 5091 illis,
3517 5032 3633 5078 tum

2053 5117 2317 5170 Numerio
2363 5119 2682 5188 presbytero
2732 5129 2785 5173 et
2825 5117 3086 5173 Severino
3138 5117 3430 5180 monacho,
3484 5130 3633 5185 quo-

2055 5224 2176 5262 rum
2210 5209 2429 5261 nomina
2474 5210 2556 5262 vel
2596 5210 2917 5264 exciderunt
2944 5224 2974 5263 e
3028 5210 3201 5263 titulis
3248 5208 3637 5277 epistolarum,

2056 5302 2137 5353 vel
2168 5301 2385 5354 aliunde
2414 5310 2538 5354 nota
2571 5303 2776 5355 amoris
2806 5301 3140 5371 honorisque
3161 5315 3289 5370 ergo
3321 5300 3633 5369 adjungun-

2058 5401 2146 5444 tur
2204 5392 2365 5455 ultro,
2421 5394 2598 5461 primo
2644 5407 2917 5447 excusans
2975 5411 2994 5443 ι
3053 5391 3328 5463 ingenium
3381 5410 3401 5443 ι
3448 5407 3632 5453 suum,

2063 5501 2081 5532 ι
2128 5484 2272 5551 ψιοά
2309 5483 2579 5548 οὺέροιιιιη
2611 5489 2665 5536 et
2697 5484 2922 5546 humile,
2957 5482 3010 5537 iu
3053 5485 3235 5553 quiete
3262 5482 3488 5552 otioque
3518 5498 3631 5538 ver-

2058 5573 2166 5626 sari
2209 5582 2469 5642 perpetuo
2493 5572 2766 5639 studebat,
2799 5589 2977 5645 neque
3005 5589 3127 5630 sese
3158 5574 3300 5628 ultra
3333 5588 3499 5644 quam
3538 5589 3632 5644 par

2056 5674 2141 5719 est
2162 5666 2477 5735 extendere;
2523 5685 2543 5719 ι
2586 5682 2776 5723 eorum
2827 5681 3005 5723 tamen
3057 5669 3296 5726 stimulis
3337 5668 3632 5739 impulsum
