3808 6166
250 291 352 349 153

1271 294 1330 349 S.
1359 295 1704 352 EPiPllANll
1745 297 1926 352 ACTA
1971 298 2475 353 BOLLANDIANA.

3400 313 3505 370 lu

247 410 551 476 seIatetnr,
578 429 614 465 .t
655 420 720 469 ut
739 412 809 467 ad
845 411 897 466 id
924 414 1069 483 quod
1107 414 1240 472 utile
1269 433 1335 473 ac
1375 417 1716 475 fructuosum
1743 428 1829 475 est
1856 424 1903 483 Α
1930 418 2192 476 adversus
2222 418 2516 476 falsitatem
2559 437 2657 491 pro
2692 423 2921 481 veritate
2959 426 3266 485 decertans.
3305 427 3507 485 Breves

247 504 543 560 excitatum
574 504 819 558 animum
854 504 1296 562 transferret.....
1340 509 1555 567 Auditis
1596 533 1615 565 ι
1654 512 1824 576 enim,

249 596 443 666 inquit,
505 615 524 646 ι
584 596 859 665 precibus,
888 612 1027 666 quas
1076 613 1186 654 non
1236 616 1438 671 paucas
1486 603 1828 670 pertulerunt

246 687 462 756 Conops
497 685 656 741 frater
696 695 861 756 atque
899 688 1332 759 compresbyter,
1395 690 1599 759 aliique
1645 689 1825 760 ipsum

249 779 436 842 secuti,
478 792 686 847 vosque
720 776 1030 832 charissimi
1082 777 1200 845 ﬁlii,
1262 794 1364 835 nec
1410 796 1520 835 non
1567 780 1828 852 Hypatius

251 870 387 923 ﬁlius
427 878 635 933 noster,
671 868 765 937 qui
813 868 881 923 ad
926 885 1013 924 me
1054 879 1344 940 propterea
1376 887 1443 927 ex
1473 871 1710 943 Aigypto
1735 889 1828 928 ve-

248 963 352 1026 nit;
383 977 508 1016 cum
541 969 620 1016 tot
660 960 715 1014 in
770 960 913 1015 idem
946 959 1210 1029 suﬁ‘ragia
1254 963 1599 1023 consensisse
1639 977 1828 1019 cerne.

250 1071 392 1120 rem;
430 1064 609 1108 mente
635 1053 928 1121 animoque
968 1062 1280 1110 commotus
1327 1064 1582 1124 reputare
1614 1070 1825 1110 mecum

250 1147 360 1216 ipse
400 1145 565 1215 carpi,
600 1160 665 1202 ac
712 1146 930 1200 tandem
971 1145 1119 1202 istud
1157 1147 1292 1200 mihi
1334 1156 1580 1216 prompte
1622 1155 1677 1199 et
1711 1146 1827 1201 ala—

248 1237 408 1292 criter
436 1235 744 1290 faciendum
774 1250 896 1291 esse
930 1233 1170 1300 decrevi,
1204 1245 1267 1291 ut
1296 1253 1400 1307 pro
1431 1251 1499 1292 eo
1523 1252 1587 1292 ac
1619 1252 1714 1306 per
1741 1238 1828 1292 lit-

249 1341 390 1387 teras
411 1329 752 1399 postulastis,
786 1329 853 1383 ad
893 1330 1037 1386 hanc
1073 1329 1232 1384 vobis
1264 1345 1362 1399 pro
1390 1340 1575 1385 vestro
1610 1330 1829 1385 deside-

250 1422 327 1478 rio
355 1421 699 1477 scribendam
722 1420 1033 1490 epistolam,
1064 1422 1248 1476 tenuis
1272 1422 1395 1477 licet
1425 1430 1478 1476 et
1503 1421 1825 1486 imbecillus,

249 1513 366 1569 sine
412 1513 522 1567 ulla
568 1511 1019 1581 tergiversatione
1062 1527 1149 1566 me
1193 1512 1522 1567 conferrem.
1563 1531 1581 1563 ι
1622 1510 1693 1566 Ut
1729 1526 1829 1565 au-

251 1613 351 1659 tem
377 1605 584 1659 dicitur
632 1604 687 1658 in
723 1605 926 1674 praevia
975 1601 1233 1674 Synopsi,
1274 1622 1292 1655 ι
1348 1605 1660 1674 complures
1691 1619 1828 1674 opus

252 1696 370 1759 hoc,
410 1713 430 1746 ι
466 1695 612 1765 quod
631 1694 839 1765 justius
862 1692 1060 1749 librum
1095 1708 1259 1763 quam
1287 1694 1574 1763 epistolam
1602 1693 1825 1754 dixeris,

1928 526 2061 566 sane
2082 520 2212 565 sunt
2250 512 2301 566 bi
2336 513 2524 575 libelli,
2552 514 2672 568 etsi
2699 516 2752 568 in
2792 532 2959 571 unum
2997 518 3236 574 libellum
3262 521 3513 589 redigan-

1931 608 2038 665 tur,
2069 600 2307 669 necipse
2333 600 2440 653 erit
2477 602 2681 655 nostris
2720 603 2802 657 vel
2847 605 3080 659 aliorum
3133 608 3502 676 quorumdam

1928 689 2084 747 libris
2120 689 2457 760 longitudine
2493 693 2917 759 comparandus.
2955 694 3130 764 llujus
3188 698 3505 754 brevitatem

1929 781 1976 838 si
2037 780 2191 836 fuero
2241 782 2294 836 in
2346 783 2646 837 haeresihus
2692 789 3189 843 commemorandis
3236 790 3501 852 imitatus,

1928 875 2059 944 quid
2084 891 2113 928 a
2144 890 2232 929 me
2260 875 2483 929 brevius
2526 877 2802 945 postulare
2836 879 2918 931 vel
2951 891 3266 948 exspectare
3302 883 3504 938 debeas

1931 979 2039 1019 non
2064 963 2311 1020 habebis.
2351 984 2369 1015 ι
2405 964 2470 1018 Et
2496 981 2713 1019 rursum
2747 966 2863 1034 ipso
2905 969 2956 1020 in
3009 980 3264 1025 contextu
3313 972 3502 1027 haeresi

1928 1069 2036 1106 Lvu
2074 1070 2087 1106 ε
2126 1071 2144 1104 ί
2201 1052 2434 1109 Proinde
2484 1054 2820 1124 Epiphanius
2844 1058 2910 1110 de
2935 1061 3247 1130 octuagiula
3285 1063 3508 1117 Ineresi-

1928 1143 2054 1207 bus,
2089 1144 2303 1213 viginti,
2334 1159 2474 1213 quas
2500 1153 2628 1198 ante
2651 1144 2867 1199 Domini
2887 1148 3180 1203 adventum
3207 1152 3506 1215 exstitisse,

1929 1235 2073 1292 sicut
2104 1236 2351 1291 eivisum
2386 1245 2491 1300 est,
2528 1240 2898 1307 computavit:
2941 1240 3182 1309 reliquas
3236 1253 3360 1310 post
3402 1243 3502 1297 Do-

1930 1328 2065 1383 mini
2100 1343 2390 1383 ascensum
2420 1339 2577 1382 natas
2626 1330 2931 1398 sexaginta,
2964 1331 3305 1389 brevissimis
3347 1333 3504 1386 libris

1929 1419 2174 1488 quinque
2200 1417 2631 1486 comprehendit,
2665 1428 2826 1488 atque
2860 1436 3054 1477 omnes
3096 1422 3150 1476 in
3204 1437 3297 1477 sex
3354 1423 3506 1484 libris

1930 1509 2099 1565 totius
2124 1508 2367 1579 ejusdem
2398 1509 2483 1563 sui
2510 1510 2690 1578 operis
2734 1509 2862 1565 fecit
2911 1512 3185 1566 concludi.
3227 1532 3246 1563 ι
3281 1513 3510 1568 Miratur

1930 1596 2275 1662 Petavius,et
2302 1598 2495 1653 merito
2525 1599 2776 1663 miratur,
2800 1600 2926 1653 talia
2949 1600 3016 1654 de
3042 1601 3348 1670 Epiphanio
3379 1603 3509 1656 scri-

1930 1690 2061 1745 bere
2108 1689 2499 1759 Augustinum,
2563 1709 2581 1741 ι
2630 1690 2724 1759 qui
2775 1706 2875 1746 nec
2932 1691 3064 1746 illud
3114 1692 3317 1762 ipsum,
3363 1693 3508 1762 quod

256 1804 274 1836 ι
309 1785 432 1840 ﬁdei
462 1759 649 1855 partes
669 1785 936 1848 continet,
981 1796 1038 1838 ut
1079 1759 1208 1854 puta
1257 1759 1334 1839 de.
1371 1782 1571 1848 Patris,
1608 1783 1730 1838 Filii
1761 1798 1827 1838 ac
1860 1759 1904 1818 Β
1932 1781 2199 1837 omissum
2220 1780 2290 1836 ab
2309 1795 2397 1843 eo,
2430 1794 2459 1834 a
2489 1795 2547 1834 se
2576 1796 2704 1835 vero
2731 1780 2932 1836 factum
2966 1783 3031 1835 iri
3056 1759 3299 1847 dis—erat,“
3326 1759 3510 1838 ut—ad’

251 1875 489 1945 Spiritus
516 1876 692 1932 sancti
741 1891 850 1932 una
896 1877 1197 1945 eademque
1248 1875 1575 1941 substantia,
1615 1875 1682 1929 de
1706 1890 1830 1944 per-

251 1966 384 2022 fecta
412 1967 618 2023 Christi
644 1965 1049 2033 lncarnatione,
1083 1967 1149 2021 de
1191 1975 1531 2021 mortuorum
1581 1980 1830 2020 resurre-

249 2061 450 2124 ctione,
478 2060 548 2115 de
578 2069 781 2117 eterna
814 2060 922 2114 vita
963 2074 1028 2114 ac
1064 2059 1274 2128 judicio
1317 2059 1512 2112 animae
1552 2058 1754 2128 pariter
1778 2067 1835 2113 et

249 2151 531 2220 corporis;
564 2159 676 2205 tum
707 2149 972 2206 adversus
997 2150 1138 2204 idola
1161 2150 1509 2218 haeresesque
1533 2149 1830 2219 sigillatim,

249 2259 314 2302 ac
341 2253 537 2299 contra
584 2241 802 2301 Judaeos
840 2252 1177 2312 ceterosque
1228 2240 1506 2309 disputat;
1556 2239 1830 2310 octoginta

250 2351 414 2403 porro
452 2333 734 2391 haereseon
770 2333 996 2388 nomina
1024 2331 1445 2403 complectitur;
1477 2331 1714 2401 denique
1738 2347 1833 2388 va-

249 2426 361 2482 rias
384 2425 455 2480 de
489 2422 793 2495 Scripturis
826 2425 1001 2481 sacris
1035 2423 1371 2494 quaestiones
1401 2423 1641 2489 exponit.
1686 2441 1706 2476 ι

318 2517 406 2572 50.
439 2514 645 2571 Verum
680 2516 785 2571 hoc
841 2514 988 2586 quod
1049 2514 1119 2569 de
1181 2512 1484 2569 hazresibus
1541 2512 1736 2567 dicitur
1779 2512 1833 2566 in

250 2607 491 2679 Syuopsi
520 2607 801 2672 Ancorati,
834 2623 981 2662 nunc
1007 2607 1061 2660 in
1088 2606 1208 2676 ipso
1235 2609 1506 2660 Aucorato
1542 2621 1648 2659 non
1678 2619 1837 2674 repe-

249 2700 436 2754 ritur:
486 2698 659 2754 fuisse
705 2706 888 2753 tamen
926 2699 982 2752 in
1037 2713 1103 2752 eo
1153 2697 1450 2752 verisimile
1501 2695 1649 2760 facit,
1690 2696 1836 2766 quod

252 2808 274 2842 ι
311 2789 556 2848 Aeacius
579 2798 633 2844 et
665 2787 888 2854 Paulus,
952 2786 1255 2859 presbyteri
1301 2795 1356 2840 ct
1398 2786 1839 2840 archimandritas

252 2879 723 2935 monasteriorum
773 2878 825 2932 in
868 2877 1119 2947 partibus
1148 2876 1520 2931 Carchedonis
1549 2885 1603 2929 et
1634 2870 1840 2930 Beroeaa

248 2971 303 3026 in
330 2970 664 3040 C(elesyria,
693 2988 713 3021 ι
742 2968 1006 3038 grandius
1027 2969 1094 3023 de
1124 2966 1314 3023 eodem
1348 2979 1672 3037 argumento
1700 2982 1840 3036 opus

247 3061 318 3116 ab
348 3076 418 3119 eo
454 3059 823 3131 postulantes,
850 3077 868 3110 ‹
909 3073 1055 3113 anno
1088 3051 1420 3113 Diocletiani
1460 3057 1550 3122 92,
1601 3055 1839 3112 Valenti-

248 3150 403 3205 niani
442 3159 508 3208 et
542 3147 789 3206 Valentis
827 3149 917 3213 12,
963 3148 1207 3203 Gratiani
1239 3147 1295 3211 8,
1334 3167 1354 3201 ι
1391 3147 1484 3218 qui
1531 3158 1613 3202 est
1664 3164 1844 3205 annus

246 3240 457 3301 Christi
488 3242 599 3298 375
627 3243 835 3306 dicant,
864 3259 883 3294 ι
917 3239 1150 3295 Nomina
1187 3241 1407 3311 quidem
1450 3242 1566 3310 ipsa
1591 3256 1713 3309 qua“.
1739 3256 1771 3295 a
1798 3249 1848 3296 te

247 3342 382 3393 sunt
440 3333 751 3390 baeresibus
818 3332 1070 3403 imposita
1126 3332 1240 3401 jam
1301 3331 1645 3398 audivimus;
1704 3348 1849 3387 nunc

249 3424 707 3494 uniuscujusque
738 3432 901 3479 sectae
933 3423 1132 3491 dogma
1180 3422 1471 3493 perspicue
1500 3422 1768 3478 declarari
1815 3437 1847 3476 a

250 3526 343 3571 tua
378 3518 593 3588 pietate
626 3516 902 3585 cupimus.
944 3533 962 3566 ι
995 3512 1110 3569 lloc
1144 3523 1328 3569 autem
1365 3514 1545 3584 posito
1574 3515 1719 3585 quod
1749 3528 1849 3568 no-

250 3607 402 3663 mina
428 3608 529 3661 illa
559 3605 814 3677 primitus
845 3605 1048 3660 fuerint
1072 3604 1128 3659 in
1173 3610 1462 3672 Ancorato,
1495 3621 1847 3677 consequens

249 3697 395 3753 foret
424 3698 733 3767 ipsuinmet
756 3694 1152 3766 Epiphanium,
1185 3698 1330 3752 hunc
1359 3697 1560 3752 librum
1592 3691 1718 3767 post
1747 3713 1849 3752 an-

247 3806 353 3846 nos
376 3806 481 3849 sex
520 3790 609 3847 vel
642 3799 766 3851 octo
806 3801 1311 3859 recognoscentem,
1365 3791 1501 3845 inde
1534 3790 1845 3854 sustulisse,

246 3883 397 3943 quod
428 3883 551 3952 jam
576 3880 706 3941 alibi
734 3881 946 3949 plenius
971 3880 1390 3950 ordinatiusque
1425 3888 1702 3950 tractarat.
1735 3880 1849 3935 Ma-

248 3980 343 4026 net
371 3969 749 4025 nihilominus
782 3969 916 4023 mihi
965 3970 1282 4039 scrupulus,
1327 3986 1396 4025 ne
1428 3985 1727 4041 synopseos
1750 3986 1850 4025 au-

244 4068 371 4114 ctor
392 4069 719 4129 postremas
743 4059 880 4113 duas
910 4058 1105 4125 lineas,
1136 4061 1203 4115 de
1228 4060 1505 4116 hereseon
1535 4059 1849 4116 nominibus

236 4159 294 4204 et
315 4149 738 4221 quaestionibus
778 4148 967 4215 variis,
1001 4163 1113 4203 non
1147 4150 1395 4205 retulerit
1442 4150 1509 4207 ad
1551 4165 1847 4222 argumen-

242 4247 362 4293 tum
396 4239 697 4302 Ant-arati,
743 4239 839 4294 sed
879 4239 945 4294 ad
978 4239 1101 4309 ejus
1142 4249 1422 4296 auctorem
1462 4239 1846 4311 Epiphaniam,

236 4346 409 4401 quem
444 4330 705 4385 indicare
734 4329 968 4385 voluerit
1008 4331 1173 4388 etiam
1210 4331 1312 4388 ista
1343 4341 1628 4387 tractasse.

1929 1887 2122 1927 versus
2147 1870 2390 1942 singulas
2416 1869 2651 1925 haereses
2682 1872 2992 1936 dissereret,
3036 1883 3130 1927 aut
3180 1875 3233 1927 in
3285 1875 3380 1929 illo
3444 1876 3512 1930 de

1934 1963 2234 2017 lizcresibus
2293 1961 2496 2024 libello,
2549 1970 2643 2015 aut
2685 1962 2738 2015 in
2796 1963 2903 2017 alio
2953 1965 3222 2031 przcstitit.
3283 1985 3302 2016 ι
3345 1965 3513 2037 Magis

1933 2056 2098 2110 etiam
2128 2055 2351 2118 mirum,
2383 2054 2530 2122 quod
2558 2053 2612 2106 in
2640 2052 2969 2107 Bibliotheca
2992 2072 3088 2110 sua
3112 2054 3362 2121 Photius,
3391 2067 3515 2126 post

1931 2150 2212 2204 laudatum
2241 2165 2272 2203 a
2294 2164 2353 2204 se
2376 2148 2680 2202 Panarium
2705 2146 2870 2214 dicat,
2892 2164 3042 2202 num.
3070 2149 3191 2210 124.
3229 2169 3247 2201 ι
3282 2151 3514 2220 legimus

1932 2250 1987 2297 et
2018 2242 2343 2295 Ancoratum
2369 2240 2634 2308 ejusdem,
2694 2254 2817 2308 quae
2872 2248 2957 2294 est
2999 2254 3215 2294 summa
3265 2242 3514 2310 quaedam

1937 2333 2345 2389 Panariorum:
2392 2351 2411 2383 ι
2444 2330 2886 2401 quandoquidem
2934 2339 3085 2385 tanto
3146 2333 3298 2400 prius
3342 2336 3517 2386 Anco-

1936 2436 2113 2479 ratum
2132 2441 2296 2495 quam
2328 2423 2627 2479 Panartum
2655 2423 2823 2478 fuisse
2849 2426 3213 2493 compositum
3245 2424 3516 2480 indubilao

1940 2518 2046 2573 bile
2076 2517 2166 2573 sit.
2197 2516 2411 2586 Legerit
2462 2517 2696 2572 fortasse
2742 2515 2971 2570 Photius
3017 2516 3513 2585 Anakephalarosin,

1937 2609 2117 2663 serius
2147 2608 2367 2678 quidem
2399 2608 2782 2677 compositam,
2810 2609 2901 2662 sed
2951 2608 3005 2661 in
3051 2609 3241 2663 eodem
3271 2607 3518 2664 fortassis

1940 2699 2215 2755 volumine
2247 2699 2507 2769 scriptam
2538 2714 2661 2753 cum
2692 2703 2977 2764 Ancorato,
3010 2699 3145 2754 citra
3196 2700 3322 2754 novi
3379 2700 3519 2755 tituli

1940 2791 2370 2857 distinctionem,
2405 2799 2569 2861 atque
2628 2792 2702 2845 ita
2747 2806 2910 2845 unum
2955 2806 3078 2845 esse
3107 2807 3246 2861 opus
3276 2792 3520 2847 credide-

1943 2885 2014 2939 rit
2061 2903 2078 2939 -.
2120 2886 2462 2954 Augustinus
2520 2892 2702 2939 autem
2745 2899 2865 2938 eam
2915 2884 3110 2954 legisse
3163 2901 3269 2939 non
3323 2887 3520 2955 potuit,

1942 2991 2070 3031 cum
2110 2975 2436 3033 divisionem
2489 2976 2653 3046 longe
2702 2975 2863 3029 aliam
2908 2975 3198 3039 invenerit,
3247 2992 3415 3046 quam
3466 2978 3519 3030 in

1946 3068 2062 3138 ipsa
2094 3068 2186 3132 sit,
2223 3075 2409 3136 utpote
2441 3067 2630 3121 eadem
2662 3081 2784 3135 qua!
2814 3066 2869 3119 in
2912 3064 3170 3119 Penuria.

2018 3158 2107 3214 32.
2151 3157 2258 3213 Sed
2303 3159 2596 3227 ipsummet
2653 3157 3016 3226 Epiphanium
3072 3157 3141 3211 de
3191 3172 3292 3213 suo
3337 3173 3521 3228 opere,

1947 3247 2092 3318 quod
2132 3243 2771 3303 solum‘Graaco-Latine
2822 3244 3027 3299 editum
3086 3247 3287 3315 grande
3337 3245 3523 3316 implet

1947 3336 2225 3401 volumen,
2254 3335 2544 3390 audiamus
2570 3334 2880 3403 loquentem
2910 3334 2964 3387 in
2992 3332 3222 3403 epistula
3272 3336 3338 3389 ad
3383 3335 3523 3391 Aca-

1948 3427 2094 3481 cium
2134 3437 2190 3480 et
2240 3425 2468 3480 Paulum
2530 3443 2543 3478 :
2587 3443 2605 3475 ι
2653 3422 2921 3490 Quoniam
2971 3426 3247 3480 Interea-on
3304 3427 3523 3481 nomina

1948 3517 2134 3572 omnia
2179 3517 2505 3573 declaranda
2550 3516 2707 3571 vobis
2740 3514 2846 3574 hoc
2887 3516 2941 3569 in
2985 3515 3123 3571 libro
3157 3518 3524 3587 suscepimus,

1950 3621 2053 3662 nec
2073 3621 2180 3661 non
2202 3605 2538 3660 exsecranda
2595 3620 2662 3659 ac
2691 3602 2898 3659 nefaria
2934 3605 3152 3663 illarum
3191 3606 3415 3678 ﬂagitia,
3443 3609 3524 3664 sic

1950 3705 2211 3766 tanquam
2261 3695 2690 3770 prtesentissima
2740 3697 2989 3765 quaedam
3044 3714 3277 3765 venena,
3317 3699 3523 3770 patefa-

1949 3800 2074 3841 cere
2103 3786 2384 3851 volumus;
2408 3768 2686 3855 atque'liis
2717 3786 2859 3840 velut
2884 3787 3125 3842 antidota
3150 3768 3397 3859 quaedam
3427 3806 3524 3861 op-

1949 3884 2235 3947 ponentes,
2254 3891 2377 3946 quae
2398 3877 2480 3931 vel
2506 3876 2574 3931 iis
2594 3876 2689 3946 qui
2718 3892 2904 3932 morsu
2937 3877 3087 3947 petiti
3124 3890 3253 3934 sunt
3284 3882 3525 3936 remedio

1950 3983 2071 4024 esse
2099 3968 2332 4038 possint,
2366 3967 2451 4021 vel
2479 3982 2596 4034 eos,
2628 3968 2830 4037 quibus
2855 3984 2919 4023 ne
2947 3969 3190 4024 incidant
3218 3972 3522 4040 perieulum

1950 4068 2052 4126 est,
2079 4059 2441 4128 pratmuniant
2465 4067 2520 4113 et
2548 4066 2894 4124 conservent,
2943 4060 3293 4114 honestarum
3339 4076 3520 4116 rerum

1951 4151 2212 4206 studiosis
2236 4150 2616 4216 conscribere;
2661 4149 2951 4203 Panarium
2989 4150 3104 4205 sive
3132 4152 3374 4206 arculam
3403 4167 3524 4206 nie-

1953 4242 2156 4303 dicani,
2190 4242 2256 4297 ad
2282 4257 2471 4295 eorum
2502 4242 2594 4311 qui
2626 4257 2656 4295 a
2686 4242 3033 4310 serpentibus
3064 4242 3155 4296 icti
3196 4251 3327 4297 sunt
3352 4259 3525 4299 reme-

1950 4334 2122 4398 dium,
2141 4332 2264 4402 jnre
2297 4349 2434 4403 opus
2465 4334 2597 4387 illud
2621 4348 2685 4388 ac
2722 4333 2921 4388 librum
2970 4335 3364 4405 appellabimus
3392 4354 3407 4391 :
3431 4338 3525 4407 qui

276 4422 406 4501 '5'.
444 4420 522 4477 Ut
556 4431 621 4475 ut
652 4421 743 4487 sit,
779 4421 892 4476 sive
939 4420 992 4476 in
1041 4422 1330 4489 Ancorato,
1370 4424 1483 4479 sive
1529 4431 1679 4477 extra
1721 4439 1845 4478 eum
1879 4449 1924 4508 ο
1953 4423 2007 4478 in
2051 4433 2160 4480 tres
2190 4434 2371 4495 partes
2396 4425 2623 4490 divisus,
2653 4427 2886 4481 haereses
2912 4427 3186 4495 octoginta
3208 4427 3525 4498 complecti-

236 4511 536 4584 (qnamvis
589 4513 958 4569 verosimilius
1008 4512 1142 4567 mihi
1194 4514 1267 4569 sit
1317 4515 1463 4584 quod
1502 4525 1655 4570 extra
1696 4517 1844 4586 eum)
1954 4522 2064 4579 tur,
2088 4530 2211 4584 quae
2233 4522 2544 4583 serpentum
2586 4530 2651 4569 ac
2694 4514 2968 4585 reptilium
3003 4515 3211 4572 similes
3237 4525 3365 4572 sunt
3391 4536 3405 4572 :
3436 4532 3529 4572 se-

232 4604 585 4674 priusquam
614 4603 680 4659 ad
704 4617 895 4673 preces
916 4604 1101 4661 Acacii
1129 4614 1184 4660 et
1213 4603 1364 4660 Pauli
1396 4605 1692 4660 Ponarium
1723 4623 1847 4662 eon-
1951 4604 2192 4660 cundum
2245 4622 2385 4676 quas
2421 4605 2667 4661 veritatis
2724 4604 3126 4660 ﬁrmamentum
3179 4612 3234 4659 et
3264 4605 3527 4662 salutaris

229 4694 415 4760 deret,
468 4695 546 4751 de
616 4709 727 4764 quo
775 4693 941 4761 infra,
994 4697 1302 4764 composuit
1345 4696 1570 4766 aliquid,
1622 4697 1690 4753 de
1736 4714 1846 4768 quo
1947 4695 2197 4752 doctrina
2230 4696 2462 4766 ﬁdeique
2511 4696 2747 4752 formula
2783 4697 3025 4768 subjecta
3069 4706 3174 4762 est,
3219 4712 3283 4752 ac
3320 4698 3524 4754 Christi

229 4786 337 4854 ipsi
368 4784 691 4851 audierint,
723 4786 982 4857 quodque
1005 4786 1118 4855 jam
1159 4786 1387 4853 excidit,
1417 4796 1471 4842 et
1509 4787 1612 4843 fuit
1644 4792 1838 4858 praaIu-
1948 4803 2171 4857 sponsa.
2208 4798 2396 4843 sancta
2440 4789 2692 4843 videlicet
2741 4787 3007 4852 Ecclesia,
3056 4787 3371 4845 declarata:
3401 4805 3526 4858 quae

224 4876 386 4932 dium
419 4891 492 4931 ae
534 4876 710 4931 veluti
738 4875 1108 4931 rudimentum
1142 4877 1324 4945 operis
1349 4885 1535 4946 postea
1562 4879 1631 4934 ab
1652 4880 1841 4934 eodem
1946 4894 2071 4934 cum
2093 4879 2207 4949 jam
2243 4889 2355 4937 tum
2380 4881 2449 4935 ab
2476 4881 2608 4936 orbe
2643 4883 2863 4938 condito
2892 4898 3017 4938 esse
3056 4882 3302 4951 cmperit,
3337 4891 3522 4951 postea

224 4967 554 5041 compilati.
593 4965 658 5019 Et
691 4967 796 5023 hoc
818 4967 1076 5025 habuisse
1115 4969 1404 5040 solumque
1445 4971 1662 5026 novisse
1694 4972 1840 5028 vide.
1948 4976 2129 5024 tamen
2156 4985 2250 5039 per
2290 4969 2492 5025 Christi
2549 4971 2758 5026 Domini
2819 4971 3269 5037 incarnationem,
3322 4979 3525 5040 tempo-

226 5066 320 5111 tur
351 5056 745 5129 Augustinus,
772 5072 897 5112 cum
939 5058 1060 5128 ejus
1088 5060 1376 5115 materiam
1403 5071 1457 5115 et
1484 5060 1713 5118 formam
1746 5064 1867 5137 de—_
1945 5078 2068 5118 rum
2099 5063 2472 5130 successione,
2504 5073 2630 5118 ante
2649 5072 3106 5118 eommemoratas
3127 5078 3318 5118 omnes
3352 5063 3518 5118 haere-

222 5149 461 5220 scripsit
528 5148 591 5202 in
635 5148 773 5204 libro
806 5149 877 5202 De
910 5150 1197 5205 Incresibus
1255 5152 1322 5206 ad
1370 5150 1839 5218 QuodvultDeum,
1946 5170 2054 5219 ses,
2093 5155 2307 5225 vulgata
2342 5165 2505 5224 atque
2535 5152 2826 5224 patefacta,
2874 5153 3174 5222 eademque
3202 5167 3231 5209 a
3261 5152 3419 5208 nobis
3465 5154 3519 5207 in

220 5252 393 5308 quem
442 5237 609 5293 circa
666 5247 971 5293 extremum
1032 5240 1157 5295 vitae
1205 5257 1320 5296 suae
1364 5258 1589 5306 annum,
1634 5242 1840 5300 Christi
1944 5247 2387 5302 Commentarios
2432 5262 2495 5300 ex
2540 5246 2740 5299 Christi
2790 5246 3177 5313 praedicatione
3228 5246 3399 5301 relata
3430 5247 3519 5317 (ad

218 5327 355 5393 450,
380 5326 740 5397 composuit,
769 5328 842 5383 ita
867 5328 1122 5398 praefatus
1151 5346 1165 5382 :
1191 5349 1209 5381 ι
1242 5329 1436 5388 Noster
1461 5348 1589 5387 vero
1611 5333 1842 5403 Epiplia-
1942 5339 2266 5392 Ancoratum
2299 5337 2522 5391 forsitan
2560 5338 2674 5390 haec
2696 5337 3018 5406 respiciunt)
3046 5352 3110 5391 ac
3138 5353 3355 5391 rursum
3396 5347 3519 5408 post

218 5422 376 5485 nius,
413 5417 675 5499 Cyprius
698 5421 1009 5489 episcopus,
1037 5422 1240 5477 abhinc
1282 5438 1392 5477 non
1439 5423 1601 5494 longe
1638 5425 1838 5483 huma-
1927 5419 2502 5499 esplicatamonmeni
2528 5428 2756 5482 istarum
2786 5428 3065 5484 han-escort
3091 5428 3516 5498 improbitatem,

217 5518 309 5564 nis
359 5498 545 5564 rebus
604 5522 913 5579 exemptus,
972 5515 1039 5566 de
1083 5514 1358 5584 octoginta
1403 5516 1704 5573 haaresibus
1756 5518 1839 5573 lo-
1942 5498 2025 5573 ex,
2057 5519 2425 5589 apostolorum
2486 5516 2733 5571 doctrina
2793 5527 3049 5575 accurate
3106 5533 3172 5573 ac
3228 5517 3518 5588 perspicue

214 5616 430 5672 quens,
462 5616 567 5657 sex
606 5599 782 5656 libros
814 5601 977 5656 etiam
1021 5606 1368 5674 conscripsit.
1408 5607 1664 5662 historica
1703 5623 1836 5663 nar-
1943 5611 2088 5665 brevi
2115 5609 2350 5679 quodam
2382 5616 2467 5663 est
2488 5609 2814 5677 compendio
2837 5610 3117 5679 subjecta;
3144 5610 3221 5662 uti
3242 5623 3308 5663 ea
3333 5622 3392 5663 re
3417 5624 3515 5664 eo-

214 5694 446 5748 ratione
503 5705 959 5749 crimmctnorans
1004 5697 1211 5760 omnia,
1264 5697 1410 5752 nulla
1457 5698 1829 5766 disputatione
1941 5719 2059 5756 runt
2094 5710 2408 5756 recreentur
2430 5714 2496 5753 ac
2521 5699 2835 5755 reﬁciantur
2881 5702 3067 5769 animi,
3105 5701 3198 5770 qui
3232 5701 3376 5756 hunc
3404 5701 3509 5756 latc-
