3842 6102
337 248 433 303 153

1347 241 1405 294 S.
1448 237 1794 295 ΕῘἾΡΗΑΝῙΙ
1832 239 2015 293 ACTA
2052 234 2557 292 BOLLANDIANA.

3493 206 3596 289 tari

334 374 522 415 reseon
583 351 1072 427 percurrendarum
1157 352 1399 406 laborem
1469 351 1832 420 susceperint.
1893 368 1910 399 ι
1947 356 1991 409 Α
2025 367 2044 399 ι
2085 347 2137 401 in
2174 362 2501 417 unaquaque
2530 353 2708 411 actate,
2742 364 2761 396 ι
2796 353 2857 399 ιιι
2895 343 3038 399 idem
3089 340 3346 400 Petavius
3387 343 3442 398 in
3488 361 3597 415 ept-

401 448 490 502 ἴνὸ.
532 443 773 498 Prmdirti
809 452 993 495 autem
1031 450 1142 494 tres
1191 440 1311 494 libri
1360 441 1439 493 sic
1477 439 1816 503 dividuntur,
1854 444 1913 489 ut

336 534 605 590 secundus
631 543 682 585 et
717 530 909 584 tertius
961 530 1013 582 in
1062 538 1174 583 tres
1219 529 1421 598 singuli
1472 537 1650 582 tomos
1695 527 1912 596 dispar-

335 627 563 688 tiantur;
598 632 761 690 atque
793 622 867 674 ita
921 635 1046 674 cum
1096 621 1297 690 primo,
1352 620 1444 687 qui
1495 619 1762 673 indivisus
1811 626 1913 681 est,

339 714 766 770 exsistauttomi
810 722 1039 781 septem.
1088 713 1152 764 Et
1202 713 1309 765 alia
1361 712 1579 780 quidem
1626 709 1916 779 Epiphanii

335 822 528 874 opera,
563 816 622 858 ut
659 804 1022 872 Hieronymus
1054 803 1106 855 in
1148 802 1288 855 libro
1323 801 1398 856 De
1434 802 1778 870 scriptoribus
1818 802 1914 864 ait,

343 917 364 950 ι
396 900 464 952 ab
480 899 632 951 crudi
665 899 711 949 is
760 905 977 964 propter
1031 910 1140 952 res.
1173 909 1202 946 a
1231 893 1652 961 simplicioribus
1702 902 1919 962 propter

340 990 502 1041 verba
537 987 868 1040 lectitautur.
906 1003 924 1034 ι
962 983 1190 1037 Photius
1225 994 1404 1036 autem
1442 984 1508 1035 de
1552 982 1787 1035 Panario
1818 995 1920 1035 n0-

342 1080 612 1142 miuatim,
644 1080 756 1131 sive
784 1081 868 1146 (ιιι
906 1079 1022 1146 ipse
1050 1093 1174 1159 cum
1206 1077 1501 1131 Anastasio
1546 1075 1757 1129 Siuaita
1802 1076 1922 1144 plu-

343 1172 528 1224 raliter
575 1170 853 1239 appellat)
901 1186 919 1219 ι
977 1167 1262 1233 l’auariis,
1310 1185 1328 1218 ι
1380 1170 1455 1221 ait
1510 1170 1655 1236 quod
1703 1178 1917 1230 auctor,

347 1278 491 1331 ιρι-ω
519 1262 641 1315 aliis
686 1262 776 1329 qui
813 1269 939 1313 ante
973 1260 1149 1328 ipsum
1193 1259 1454 1312 adversus
1500 1259 1734 1314 Inereses
1766 1260 1913 1314 lucu-

344 1352 620 1405 brationcs
648 1350 958 1415 ediderunt,
992 1351 1213 1403 uberior
1249 1359 1412 1417 atque
1440 1350 1627 1403 utilior
1649 1360 1767 1416 est;
1797 1364 1919 1403 nam

345 1459 446 1498 nec
465 1460 525 1496 ea
550 1442 900 1509 praetermisit
922 1454 1263 1510 quaecunque
1289 1440 1359 1493 ab
1388 1440 1512 1494 aliis
1555 1442 1766 1509 prodita
1823 1441 1926 1494 uti-

344 1533 512 1585 litatis
543 1531 744 1599 aliquid
775 1530 1078 1597 continent,
1127 1538 1181 1582 et
1227 1530 1342 1596 ipse
1381 1544 1503 1599 qua:
1547 1531 1725 1599 potuit
1776 1547 1806 1584 a
1866 1546 1925 1585 se

342 1623 647 1690 excogitata
682 1620 804 1673 aliis
838 1619 1063 1680 addidit,
1118 1619 1333 1671 initium
1385 1619 1593 1673 ducens
1646 1635 1677 1672 a
1716 1618 1923 1674 Barba-

2019 439 2159 493 stola
2200 439 2537 494 dedicatoria
2594 447 2761 502 notat,
2815 457 2832 489 ι
2886 438 3141 493 redivivte
3187 439 3599 494 mendaciorum

2016 540 2196 594 sectae,
2238 530 2505 600 evulgatis
2543 540 2785 584 veterum
2840 530 3119 583 lnereseon
3170 529 3448 584 abstrusis
3522 546 3605 584 re-

2017 621 2361 690 conditisque
2401 621 2696 692 mysteriis,
2731 620 3071 674 validissime
3105 621 3412 691 propulsari
3443 637 3604 676 ever-

2019 712 2168 781 tique
2191 712 2435 781 possint;
2462 722 2515 766 et
2552 722 2806 766 auctores
2834 710 3073 781 perﬁdiae
3118 722 3280 782 atque
3310 714 3594 776 satellites,

2019 817 2151 857 suos
2174 803 2227 856 in
2264 801 2393 867 illis,
2414 817 2554 871 quos
2576 803 2796 871 quidem
2822 805 3166 867 erubescant,
3198 804 3476 873 principes
3500 820 3602 858 au-

2020 904 2308 963 ctoresque
2358 903 2774 965 recognoscant.
2814 893 2909 948 Est
2952 895 3173 963 quidem
3217 896 3360 963 ejus,
3413 896 3506 964 qui
3551 896 3604 950 iu

2021 986 2274 1041 haeresim
2308 987 2389 1043 vel
2437 987 2764 1041 moliendam
2814 987 2897 1039 Vel
2956 987 3216 1041 tuendam
3269 988 3603 1050 incubuerit,

2022 1074 2240 1129 animus
2277 1074 2329 1127 in
2361 1089 2580 1128 omnem
2615 1077 2899 1130 audaciam
2937 1078 3055 1129 sine
3087 1077 3197 1129 ullo
3230 1078 3437 1147 pudore
3479 1094 3610 1147 ιιι-ιν

2019 1163 2201 1233 jeetus
2234 1183 2248 1218 :
2276 1166 2369 1219 sed
2406 1181 2566 1220 nemo
2595 1175 2679 1220 est
2725 1176 2905 1220 tamen
2958 1182 3025 1221 ex
3080 1168 3189 1223 illis
3237 1169 3605 1222 absurdaruiu

2023 1250 2340 1318 epiniouum
2386 1254 2650 1320 patronis,
2688 1270 2849 1323 quem
2904 1272 3012 1310 non
3050 1268 3326 1325 utcunque
3370 1258 3607 1311 convicti

2024 1341 2154 1393 olim
2180 1343 2387 1397 erroris
2415 1352 2579 1412 atque
2624 1347 2868 1399 rianmati
2925 1347 3144 1415 pudeat.
3190 1348 3312 1401 Siut
3357 1364 3510 1411 sane,
3550 1358 3614 1401 ut

2025 1443 2171 1495 sunt,
2201 1432 2363 1487 ferrei
2390 1449 2582 1489 ornnes
2610 1436 2871 1501 haeretici,
2899 1437 3011 1491 sint
3044 1438 3387 1506 perricaces;
3417 1440 3613 1492 iidem-

2029 1539 2136 1592 que
2162 1541 2220 1579 se
2247 1525 2301 1578 in
2342 1526 2461 1595 ipso
2506 1527 2704 1580 ardore
2742 1528 3146 1597 agitationeque
3174 1529 3490 1597 disputandi
3540 1529 3612 1582 ad

2028 1615 2390 1669 resistendum
2428 1618 2612 1670 acrius
2643 1617 2870 1687 fingant,
2908 1629 3090 1673 tamen
3117 1622 3210 1688 qui
3245 1619 3297 1672 id
3329 1621 3611 1682 didicerit,

348 1715 517 1767 rismo
546 1720 599 1765 et
630 1714 696 1764 ad
749 1709 1108 1764 Messalianos
1147 1724 1320 1778 usque
1364 1710 1706 1778 perveniens.
1740 1710 1923 1765 Genus
1955 1691 1996 1745 Β
2029 1708 2234 1775 quique
2263 1708 2427 1761 certis
2460 1720 2702 1762 veterum
2740 1712 3069 1766 testimoniis
3100 1716 3453 1781 compererit,
3483 1725 3613 1769 ante

347 1819 509 1873 porro
541 1820 560 1854 ι
595 1802 831 1864 dicendi,
881 1821 899 1852 ι
933 1802 1110 1868 inquit
1134 1800 1385 1867 Photius,
1420 1821 1439 1852 ι
1476 1802 1704 1867 humile,
1746 1812 1799 1856 et
1829 1818 1927 1856 cu—

344 1894 584 1964 jusmodi
613 1907 736 1945 esse
757 1900 935 1960 potest
955 1891 1046 1957 qui
1082 1890 1275 1943 Atticae
1299 1890 1564 1945 doctrina:
1588 1893 1737 1945 rudis
1764 1893 1930 1946 exsti-

350 1986 495 2038 terit.
531 1984 635 2037 Sed
678 1985 812 2036 etin
862 1982 1212 2036 confutandis
1259 1982 1556 2036 lneresibus
1606 1985 1926 2053 plerumque

352 2092 543 2145 parum
584 2089 844 2128 nervosus
870 2084 973 2137 est,
1003 2088 1317 2142 quanquam
1350 2073 1618 2127 interdum
1660 2084 1923 2143 przeslau-

351 2168 583 2223 tiSsimis
624 2168 743 2220 illas
781 2167 1085 2219 rationibus
1129 2182 1193 2220 ac
1238 2166 1523 2220 sententiis
1572 2168 1923 2236 aggreditur;

349 2261 453 2314 etsi
498 2259 668 2312 nihilo
708 2258 874 2311 dictio
922 2257 992 2311 sit
1042 2265 1205 2325 atque
1225 2257 1492 2311 orationis
1532 2266 1805 2311 structura
1833 2265 1927 2310 aut

351 2352 524 2421 stylus
564 2349 681 2417 ipse
715 2349 1077 2402 commodior.
1134 2367 1151 2398 ι
1196 2346 1399 2416 Nempe
1454 2363 1746 2417 perparum
1798 2358 1934 2400 tem-

349 2443 502 2511 poris
545 2441 822 2508 studiique
854 2441 905 2491 in
955 2438 1254 2493 excolenda
1303 2438 1476 2493 (ἓνωυί
1516 2439 1786 2492 sermonis
1822 2438 1935 2492 elo-

352 2532 596 2600 quentia,
628 2532 715 2584 cui
744 2531 943 2583 bonam
984 2532 1111 2583 vita:
1143 2541 1354 2598 partem
1394 2529 1657 2583 cultiores
1697 2529 1788 2582 alii
1831 2527 1939 2581 Pa-

353 2632 464 2675 tres
490 2621 747 2683 Basilius,
776 2620 1177 2683 Nazianzenus,
1200 2619 1631 2690 Chrysostomus
1661 2620 1939 2689 impende-

356 2722 526 2776 runt,
596 2713 940 2767 Alexandriae
990 2713 1173 2781 posuit
1227 2710 1602 2780 Epiphanius,
1657 2722 1716 2765 ut
1772 2728 1938 2782 supra

358 2805 625 2870 vidimus;
666 2820 901 2873 moxque
934 2805 1002 2857 ad
1046 2804 1290 2871 spiritus,
1330 2818 1439 2856 non
1467 2803 1739 2858 sermonis
1777 2819 1938 2858 exer-

355 2897 642 2950 citationes
687 2906 1062 2965 transgressus
1107 2896 1161 2947 in
1207 2909 1475 2961 eremum,
1522 2897 1719 2949 multas
1758 2896 1939 2964 potius

355 2985 567 3053 linguas
594 2985 752 3043 seire,
784 2999 947 3052 quam
977 2999 1140 3037 unam
1175 2984 1432 3051 perlicere
1458 2984 1722 3052 eligebat;
1751 2986 1934 3039 lauda-

357 3085 446 3130 tus
484 3076 604 3129 ideo
630 3076 699 3127 ab
731 3072 1060 3143 Hieronymo
1090 3073 1143 3125 in
1178 3073 1441 3143 Apologia
1492 3073 1526 3125 2
1557 3083 1739 3127 contra
1770 3074 1934 3146 Βασί-

355 3182 503 3229 nnnt,
536 3184 553 3214 ι
594 3165 739 3233 quod
766 3162 1032 3229 Graecam,
1066 3164 1257 3234 Syram
1291 3175 1345 3217 et
1372 3163 1674 3230 llebrmam,
1700 3177 1753 3219 et
1771 3166 1939 3237 ,ΕΜ-

357 3262 587 3326 ptiacatu
612 3257 874 3325 linguam,
911 3272 973 3310 ex
1019 3267 1169 3324 parte
1191 3257 1355 3310 etiam
1393 3270 1445 3309 et
1487 3258 1734 3311 Latinam
1774 3274 1939 3311 nove-

360 3352 428 3401 rit
470 3366 483 3399 :
534 3366 552 3398 ι
621 3346 765 3400 unde
834 3346 902 3398 de
955 3362 1020 3400 eo
1085 3348 1415 3414 querebatur
1465 3347 1738 3412 Bullinus,
1791 3350 1935 3417 quod

363 3457 382 3489 ι
422 3439 567 3492 velut
613 3438 987 3492 necessitatem
1031 3438 1439 3506 evangelizaudi
1480 3456 1576 3507 per
1609 3456 1799 3495 omnes
1837 3442 1939 3494 liu-

356 3545 490 3600 guas
518 3529 717 3582 habere
750 3544 809 3581 se
834 3538 1066 3596 putaret,
1097 3530 1163 3583 de
1183 3527 1416 3599 Origene
1440 3532 1579 3585 male
1606 3532 1882 3601 loquendi.
1913 3552 1932 3584 ι

426 3620 511 3671 δι.
556 3618 657 3671 Per
687 3619 825 3673 banc
866 3629 1047 3672 autem
1081 3621 1349 3673 sermonis
1385 3621 1633 3675 cultioris
1669 3623 1936 3675 incuriam

356 3723 451 3763 seu
487 3709 811 3776 imperitiam
864 3707 1065 3761 factum
1113 3718 1217 3775 est,
1263 3720 1323 3763 ut
1369 3712 1419 3763 in
1466 3727 1532 3765 eo
1578 3711 1768 3767 Latine
1814 3715 1937 3767 red-

354 3802 567 3866 dendo,
623 3802 887 3871 majorem
948 3802 1208 3870 Opinione
1256 3818 1355 3856 sua
1413 3803 1651 3857 laborem
1708 3806 1939 3860 senserit

356 3891 653 3948 Petavius:
698 3913 716 3944 ι
768 3895 1076 3947 Accedebat
1118 3913 1136 3945 ι
1188 3894 1356 3956 enim,
1414 3894 1589 3964 inquit
1636 3897 1688 3949 in
1737 3896 1936 3966 praefa-

355 3986 503 4039 tione
542 3985 609 4039 ad
657 3988 936 4049 lectorem,
982 4003 1000 4036 ι
1041 3986 1106 4039 ad
1154 4002 1498 4041 communem
1548 3987 1937 4055 interpretandi

356 4077 659 4131 molestiam
724 4079 992 4145 praecipua
1026 4078 1270 4146 quzedam
1297 4078 1349 4130 iu
1388 4078 1479 4132 illo
1511 4078 1776 4145 scriptore
1800 4078 1939 4131 ditii-

356 4167 554 4230 cultas,
583 4166 728 4235 quod
764 4168 1039 4236 incompta
1065 4177 1119 4221 et
1143 4168 1416 4223 salebrosa
1451 4177 1534 4222 est
1560 4170 1706 4223 illius
1738 4170 1933 4233 oratio,

355 4264 411 4310 et
452 4258 635 4317 inqua
662 4259 1106 4324 trequeutissime
1135 4270 1433 4312 occurrunt
1479 4259 1568 4312 illa
1611 4275 1731 4327 qua:
1764 4258 1936 4313 Grarci

2030 1799 2099 1850 ab
2126 1798 2367 1866 antiquis
2396 1797 2650 1854 Patribus
2688 1811 2742 1854 et
2778 1802 3023 1856 conciliis
3072 1804 3403 1873 publicoque
3448 1806 3615 1859 Citri-

2033 1888 2337 1940 stianorum
2385 1904 2655 1943 consensu
2705 1893 2886 1960 agnita
2929 1908 2993 1946 ac
3031 1895 3311 1961 repudiata
3352 1896 3615 1966 dogmata

2040 1976 2152 2040 illa,
2191 1993 2356 2047 qttam
2397 1979 2470 2032 illi
2520 1980 2619 2048 ipsi
2661 1986 2835 2049 (quos
2878 1984 3146 2054 sequitur)
3193 1986 3617 2056 interpolatores

2039 2068 2401 2134 exsisterent;
2456 2069 2543 2121 vix
2588 2070 2713 2132 erit,
2771 2071 2990 2140 opinor,
3045 2074 3220 2139 ullus,
3267 2078 3457 2144 cujus,
3507 2077 3616 2132 nisi

2039 2155 2214 2228 frangi
2266 2160 2622 2230 edomarique
2665 2164 3009 2217 contumacia
3051 2167 3310 2234 potuerit,
3351 2183 3457 2222 non
3497 2169 3620 2222 lan-

2037 2250 2315 2317 guidiores
2347 2252 2540 2327 habeat
2585 2255 2898 2324 eruptiones
2942 2267 2997 2310 et
3036 2259 3293 2327 impetus,
3331 2275 3395 2314 ac
3422 2262 3619 2329 paula-

2039 2340 2134 2392 tim
2172 2356 2266 2408 per
2300 2357 2537 2411 seipsam
2573 2344 2890 2414 refrigerata
2926 2355 3090 2415 atque
3133 2358 3386 2401 enervata
3429 2349 3622 2404 conci-

2037 2433 2149 2484 dat.
2194 2450 2212 2481 ι
2258 2430 2500 2489 Joannes
2543 2433 2808 2504 Baptista,
2859 2446 2965 2491 etc.
3025 2436 3159 2492 Vide
3210 2438 3440 2509 apnrnd.
3488 2458 3616 2513 pag.

2039 2518 2161 2587 684,
2188 2523 2294 2576 col.
2335 2523 2388 2577 2.

2656 2616 2884 2671 CAPUT
2925 2618 2988 2672 γ.

2042 2721 2294 2777 Extrema
2319 2728 2490 2780 sancti
2509 2738 2641 2803 ‘acta
2677 2730 3167 2803 Constantinopoli;
3199 2750 3335 2786 mors
3365 2736 3417 2787 in
3443 2737 3618 2790 reditu

2743 2800 2909 2853 obita.

2109 2885 2200 2940 55.
2244 2886 2386 2952 Quid
2420 2888 2488 2942 de
2513 2888 2764 2959 Origenis
2795 2892 2948 2945 libris
2982 2894 3121 2960 Περὶ
3160 2894 3365 2962 ἀρχῶν
3392 2898 3623 2951 sentiret

2043 2974 2417 3046 Epiphanius,
2482 2981 2615 3034 satis
2679 2981 2977 3036 declaravit
3038 3000 3134 3053 per
3207 2986 3504 3055 Epistolam
3549 2989 3622 3042 ad

2040 3067 2297 3122 Joannem
2348 3071 2914 3141 Hierosolymitanum,
2965 3078 3125 3144 cujus
3174 3092 3337 3148 Supra
3385 3080 3623 3138 fecimus

2042 3160 2390 3213 mentionem.
2427 3160 2562 3214 Dum
2592 3172 2772 3216 autem
2807 3165 2907 3216 hac
2934 3182 2998 3217 ex
3026 3182 3191 3220 causa
3220 3169 3623 3237 disputationes

2042 3247 2095 3300 in
2130 3247 2416 3304 Palzestina
2446 3250 2750 3319 ferverent,
2794 3257 3024 3324 contigit
3067 3259 3228 3311 itiam
3276 3260 3624 3316 Alexandria:

2044 3339 2351 3395 simultates
2386 3342 2537 3396 nasci
2579 3342 2721 3397 inter
2775 3343 3138 3414 Theophilum
3183 3350 3526 3405 Alexandria:
3567 3364 3624 3407 et

2043 3430 2363 3486 Dioscorum
2392 3433 2785 3504 Hermopoleos
2828 3439 3171 3508 epist-opum,
3225 3452 3389 3511 atque
3454 3446 3623 3514 hujus

2041 3524 2238 3578 fratres
2270 3524 2619 3579 Annnonium
2658 3538 2712 3581 et
2755 3528 3047 3585 Eusebium
3085 3516 3455 3602 cognomento
3480 3537 3625 3592 Lon-

2039 3632 2159 3684 gos,
2188 3616 2410 3669 totidem
2455 3622 2914 3674 monasteriorum
2958 3625 3262 3691 pra-lectos,
3316 3643 3456 3695 quos
3493 3644 3622 3683 cum

2040 3708 2277 3773 primum
2312 3707 2509 3761 charos
2541 3710 2827 3765 habuisset
2864 3711 3219 3783 Theophilus,
3254 3716 3398 3771 haud
3426 3718 3625 3773 imme-

2041 3803 2145 3855 rito
2173 3802 2368 3856 deinde
2400 3819 2427 3856 a
2463 3820 2521 3858 se
2550 3821 2775 3860 aversos
2819 3818 2981 3877 atque
3018 3812 3080 3862 ad
3132 3811 3483 3867 solitudinem
3540 3831 3625 3869 re-

2041 3908 2281 3962 gressus,
2324 3896 2574 3964 persequi
2620 3899 2799 3951 modis
2840 3901 3098 3954 Omnibus
3144 3907 3364 3970 statuit;
3415 3916 3469 3958 et
3512 3924 3625 3975 quo

2040 3986 2402 4050 simpliciores
2431 3988 2730 4042 monachos
2775 3990 2843 4042 ab
2883 3990 3070 4044 iisdem
3105 3995 3468 4060 abstraheret,
3503 3999 3624 4051 cnl-

2042 4091 2167 4143 pare
2192 4076 2243 4129 in
2280 4077 2359 4130 eis
2392 4081 2758 4147 praesumpsit,
2792 4083 2937 4149 quod
2974 4081 3141 4137 Deum
3177 4086 3413 4140 humana
3447 4090 3624 4145 forma

2042 4168 2323 4236 praeditum
2364 4180 2642 4239 negarent,
2681 4172 2930 4241 Origenis
2962 4176 3262 4242 praesertim
3296 4181 3625 4235 auctoritate

2041 4257 2262 4310 snﬂ‘nlti.
2292 4258 2427 4310 (lum
2476 4268 2656 4313 autem
2712 4278 2806 4317 eos
2852 4262 3388 4335 Constantinopolim
3444 4272 3511 4324 ad
3562 4272 3619 4325 S.

357 4347 662 4399 ἁναπόδοτα
710 4356 764 4400 et
804 4347 1140 4400 ἀνακόλουθα
1188 4349 1471 4401 nominant
1511 4366 1524 4402 :
1572 4349 1822 4417 pedestre
1873 4363 1928 4403 ac

2039 4348 2305 4403 Joannem
2359 4349 2814 4419 Clu‘ysostomum
2872 4356 3187 4427 confugisse
3242 4359 3620 4430 intellexisset,

357 4438 616 4506 populare
639 4438 849 4517 dicendi
880 4455 1049 4507 genus
1088 4457 1102 4491 :
1136 4438 1278 4507 quod
1310 4440 1424 4492 sive
1468 4439 1617 4508 plani
1658 4439 1930 4494 sermonis

355 4515 703 4596 simplicitate
741 4530 1000 4597 consequi
1032 4530 1289 4593 volueris,
1327 4531 1643 4599 subagreste
1671 4515 1928 4599 quiddam

351 4621 578 4675 exsistet
603 4635 668 4674 ac
713 4620 982 4689 putidum,
1010 4621 1314 4690 cujusmodi
1345 4620 1457 4676 fere
1503 4631 1632 4675 sunt
1673 4621 1862 4676 Latina
1906 4642 1925 4674 ι

354 4713 553 4781 prioris
608 4712 920 4781 interpretis
974 4732 992 4763 ι
1047 4713 1320 4776 Coruarii,
1373 4713 1531 4783 cujus
1586 4730 1687 4768 nos
1744 4716 1931 4784 utique

352 4805 558 4859 similes
588 4820 711 4860 esse
756 4804 1025 4869 nolimus;
1074 4805 1159 4858 sin
1214 4817 1466 4859 ornatum
1516 4814 1680 4875 atque
1720 4808 1927 4861 cultum

351 4895 630 4959 adhibeas,
665 4898 715 4950 id
761 4898 879 4951 sine
929 4912 1125 4964 magna
1179 4897 1572 4951 sentcntiarmu
1617 4911 1929 4953 commuta-

355 4987 499 5038 tione
519 4987 761 5041 obtinuere
791 4990 877 5041 vix
917 4989 1118 5057 possis.
1160 5007 1178 5038 ι
1214 4987 1463 5056 Magnam
1501 4989 1665 5056 igitur
1709 4987 1929 5044 Petavio

353 5076 610 5131 debemus
637 5082 887 5149 gratiam,
942 5081 1086 5150 quod
1134 5080 1253 5149 ejus
1289 5079 1554 5134 beneficio
1605 5082 1686 5134 sic
1730 5080 1929 5136 Latine

356 5166 659 5234 loquentem
692 5172 978 5225 audiamus
1010 5170 1402 5240 Epiphanium,
1436 5181 1493 5224 ut
1532 5173 1655 5242 styli
1694 5172 1925 5227 nitorem

355 5260 408 5311 in
439 5274 504 5311 eo
533 5274 637 5311 non
669 5262 1075 5328 desideremus;
1116 5264 1287 5317 multo
1320 5272 1500 5317 tamen
1538 5264 1802 5330 majorem
1825 5265 1925 5334 ipsi

353 5358 563 5413 sancto,
594 5350 738 5417 quod
770 5366 881 5404 sua:
912 5353 1014 5405 sibi
1046 5354 1100 5407 in
1130 5369 1197 5408 eo
1241 5369 1438 5423 genere
1469 5354 1750 5407 tenuitatis
1794 5372 1928 5409 cott-

353 5456 523 5502 setus,
551 5443 939 5511 contempserit
987 5445 1191 5513 judicia
1245 5447 1653 5501 fastidiosormn
1696 5448 1929 5516 philolo-

353 5546 564 5598 gorum,
602 5533 760 5587 modo
795 5535 1077 5603 prodesset
1113 5536 1367 5605 publico;
1406 5553 1581 5607 eaque
1613 5540 1923 5606 protulerit,

351 5637 584 5680 quorum
614 5638 829 5689 semper
854 5625 1087 5679 maxima
1116 5636 1167 5680 et
1198 5625 1295 5681 fuit
1319 5639 1371 5682 et
1392 5628 1510 5700 _crit
1541 5629 1770 5695 utilitas,
1799 5645 1923 5685 cum

2040 4450 2204 4509 atque
2227 4440 2296 4493 ab
2329 4442 2431 4495 hoc
2460 4454 2777 4512 susceptos;
2804 4448 3045 4514 cegitare
3076 4449 3266 4519 cwpit,
3294 4452 3474 4521 inquit
3528 4454 3625 4509 So-

2040 4547 2302 4586 zomeuus
2347 4532 2443 4604 lib.
2483 4548 2596 4597 \‘lll,
2641 4551 2761 4605 cap.
2798 4537 2869 4592 25
2917 4550 2969 4592 et
3007 4540 3286 4611 deinceps,
3320 4561 3338 4593 ι
3378 4560 3486 4612 qua
3530 4561 3621 4600 ra-
3694 4588 3701 4593 .

2042 4624 2188 4677 tione
2216 4622 2482 4679 Joannem
2517 4642 2740 4697 quoque
2770 4629 2947 4697 ipsum
2979 4631 3047 4685 ab
3072 4634 3388 4703 episcopatu
3422 4635 3624 4704 dejice-

2039 4725 2139 4770 ret.
2188 4715 2385 4770 Verum
2434 4719 2547 4772 lucc
2601 4720 2653 4773 in
2709 4723 2903 4777 intimo
2956 4725 3198 4792 pectoris
3260 4728 3344 4781 sui
3400 4743 3620 4783 recessu

2037 4808 2415 4862 occultansuc
2464 4811 2711 4874 inoliens,
2773 4814 2991 4883 scripsit
3047 4816 3265 4869 interim
3318 4817 3385 4870 ad
3428 4833 3623 4874 omnes

2038 4898 2240 4966 ubique
2286 4900 2529 4953 locorum
2582 4904 2868 4973 episc0pos
2915 4906 3148 4971 litteras,
3204 4906 3403 4975 quibus
3453 4908 3622 4964 libros

2035 4990 2288 5061 Origeuis
2315 4994 2767 5062 reprehendebat.
2799 4998 3047 5064 Cumque
3091 4997 3470 5052 consideraret
3502 5016 3621 5054 nia-

2036 5100 2141 5152 guo
2189 5085 2291 5138 sibi
2337 5086 2707 5140 emolumento
2761 5087 2898 5148 fore,
2949 5090 2993 5140 si
3029 5087 3421 5157 Epiphauinm,
3462 5090 3623 5146 Sala-

2037 5174 2200 5228 minis
2242 5176 2293 5228 iu
2322 5177 2501 5246 Cypro
2534 5180 2872 5247 episcopum,
2923 5180 3244 5249 participem
3290 5188 3343 5233 ct
3386 5197 3620 5237 consor-

2037 5277 2141 5319 tem
2175 5269 2525 5322 consiliorum
2552 5285 2775 5324 suorum
2811 5271 3055 5333 haberet,
3087 5272 3260 5324 virum
3296 5271 3366 5324 ob
3401 5273 3621 5329 virtutis

2034 5360 2392 5413 reverentiam
2454 5362 2697 5414 omnium
2755 5362 2838 5415 sui
2896 5363 3161 5432 temporis
3208 5362 3616 5435 clarissimum;

2032 5468 2157 5507 eum
2189 5451 2292 5506 sibi
2330 5453 2567 5507 amicum
2598 5454 2916 5521 adjunxit...

2104 5543 2193 5598 '56.
2237 5562 2254 5594 ι
2295 5543 2462 5598 Porro
2484 5543 2852 5615 Epiphanius,
2882 5546 2976 5615 qui
3003 5544 3255 5616 Origcnis
3286 5547 3455 5603 libros
3506 5565 3615 5604 tam

2035 5634 2243 5701 pridem
2284 5633 2655 5700 aversabatur,
2687 5634 2975 5705 Theophili
3014 5636 3209 5693 litteris
3243 5638 3400 5692 facile
3427 5656 3617 5695 assen-
