3808 6168
229 326 322 386 I57

1209 321 1266 375 S.
1311 321 1654 375 EPIPIIANH
1693 319 1876 374 ACTA
1920 319 2424 385 BOLLANDIANA.

3360 319 3460 371 158

227 457 339 498 sum
382 440 611 510 prmbuit
640 458 653 493 :
685 439 1016 508 collectoque
1043 439 1369 510 Cypriorum
1393 441 1778 510 episcoporum
1812 444 1858 500 Α
1885 439 2226 509 constituta),
2251 439 2539 509 palamque
2577 435 2922 491 denuntiavit
2955 433 3277 504 Epiphanio,
3308 433 3462 488 illum

227 532 476 594 concilio,
497 529 744 600 Origenis
768 531 938 586 libros
970 531 1072 600 legi
1095 531 1391 600 prohibuit.
1420 530 1570 585 Datis
1590 529 1786 585 deinde

231 618 446 681 litteris,
475 626 588 671 tum
617 618 682 672 ad
720 618 878 682 alios,
912 627 1024 672 tum
1057 619 1125 672 ad
1161 614 1475 689 episcopum
1513 619 1788 674 Constan-

226 710 661 780 tinopolitanum,
703 725 765 763 ea
811 726 932 779 quae
977 726 1008 764 a
1054 711 1262 778 synodo
1309 710 1524 766 decreta
1573 712 1792 766 fuerant

226 802 653 865 insinuantibus,
687 801 936 855 hortatus
967 811 1049 855 est
1075 801 1196 855 illos
1237 811 1300 855 ut
1339 802 1607 871 synodum
1656 817 1788 856 con-

227 899 481 944 vocarent
537 890 838 959 eademque
905 889 1282 945 decernerent.
1334 891 1788 946 Animadvertens

229 981 386 1049 igitur
411 980 745 1047 Theophilus
779 995 838 1034 se
877 978 1241 1050 Epiphaniam
1289 982 1497 1051 absque
1546 973 1790 1050 periculo

228 1071 374 1139 Sequi
397 1085 578 1139 posse,
615 1080 803 1142 utpote
825 1087 986 1140 quem
1023 1073 1179 1128 multi
1204 1073 1507 1138 laudarent,
1535 1084 1590 1128 et
1630 1075 1790 1144 cujus

227 1163 544 1218 sententiam
575 1163 646 1216 ob
694 1162 817 1216 vita:
862 1163 1205 1218 sanctitatem
1254 1166 1624 1234 suspicerent,
1678 1157 1792 1234 ipse

227 1268 457 1321 quoque,
499 1269 620 1307 cum
664 1254 930 1323 episc0pis
975 1255 1067 1323 qui
1114 1255 1216 1310 sub
1257 1255 1378 1326 ipso
1428 1266 1604 1320 erant,
1647 1257 1788 1311 idem

227 1345 363 1412 quod
397 1343 732 1413 Epiphanius
762 1345 1020 1399 decrevit.
1044 1344 1242 1399 Verum
1276 1347 1520 1418 Joannes~
1547 1347 1789 1404 studium

227 1439 436 1492 illorum
472 1437 610 1490 haud
653 1438 833 1506 magni
879 1437 1132 1506 ponderis
1175 1453 1296 1492 esse
1351 1439 1703 1505 existimavit,
1739 1449 1792 1494 et

227 1531 505 1600 Epiphanii
529 1546 594 1585 ac
633 1530 915 1598 Theophili
941 1531 1149 1585 litteras
1189 1532 1423 1601 neglexit
1453 1548 1556 1586 :ex
1595 1544 1789 1602 poten-

227 1626 455 1680 tioribus
477 1639 607 1677 vero
640 1624 716 1687 hi,
750 1623 843 1692 qui
877 1621 1074 1676 Joanni
1105 1624 1354 1692 privatim
1382 1624 1579 1680 infensi
1610 1631 1788 1689 erant,

227 1734 344 1773 cum
388 1716 780 1770 intellexissent
823 1714 1182 1784 Theophilum
1230 1716 1281 1770 id
1322 1731 1500 1785 agere,
1537 1725 1595 1769 ut
1625 1715 1792 1770 Joan-

1897 546 1960 584 ea
1991 546 2178 598 gerere
2215 545 2337 599 quae
2368 543 2468 586 nec
2493 528 2641 597 justa
2669 536 2872 592 essent,
2907 541 3006 582 nec
3059 526 3160 595 ipsi
3211 525 3467 594 privatim

1899 624 2055 677 utilia
2091 642 2103 676 :
2135 622 2403 691 siquidem
2433 622 2668 676 tumultu
2697 620 2882 689 populi
2917 620 3172 679 excitato,
3203 618 3318 686 ipse
3347 625 3468 669 tan-

1897 729 2060 782 quam
2092 713 2255 780 hujus
2294 712 2372 766 rei
2406 723 2599 766 auctor
2632 710 2932 780 periculum
2967 707 3250 763 subiturus
3298 712 3460 758 esset.

1899 803 2013 859 llac
2045 805 2256 858 ratione
2285 803 2557 858 cohibitus
2590 812 2672 857 est
2692 802 2923 870 impetus
2954 797 3258 868 Epiphanii.
3293 795 3460 849 Inter-

1898 909 1961 948 ea
2015 893 2212 947 accidit
2244 900 2302 947 ut
2349 891 2689 961 imperatoris
2754 889 2920 950 filius,
2969 885 3262 941 admodum
3310 898 3461 953 puer,

1898 984 2094 1038 morbo
2128 983 2526 1052 corriperetur;
2560 989 2734 1036 mater
2769 994 2899 1035 vero
2945 977 3178 1032 sollicita
3219 991 3288 1028 ne
3336 973 3469 1042 quid

1900 1075 2112 1130 tristius
2152 1090 2322 1143 puero
2361 1076 2722 1144 contingeret,
2762 1073 2932 1126 misso
2979 1070 3047 1124 ad
3104 1067 3467 1136 Epiphanium

1899 1168 2114 1232 nuntio,
2147 1175 2206 1220 ut
2236 1183 2335 1236 pro
2361 1181 2427 1220 eo
2459 1165 2628 1221 Deum
2666 1173 3002 1236 precaretur,
3030 1159 3346 1231 postulavit.
3378 1157 3471 1211 llle

1900 1272 2128 1326 puerum
2167 1256 2437 1312 victurum
2458 1271 2580 1311 esse
2605 1253 2910 1324 respondit,
2947 1252 2993 1306 si
3016 1251 3263 1320 Augusta
3294 1249 3470 1302 haere-

1899 1350 2057 1415 ticos,
2091 1351 2332 1418 quicum
2366 1348 2626 1404 Dioscoro
2654 1354 2832 1412 erant,
2869 1351 3231 1399 aversaretur.
3265 1339 3470 1394 Verum

1898 1440 2140 1508 Augusta
2183 1440 2281 1494 :Si
2337 1439 2502 1505 Deus,
2562 1439 2760 1508 inquit,
2816 1436 2987 1490 filium
3047 1449 3228 1489 meum
3261 1432 3473 1500 eripere
3523 1500 3530 1507 .

1899 1530 2034 1583 mihi
2063 1530 2314 1595 voluerit,
2362 1531 2437 1584 ita
2479 1529 2606 1594 fiat;
2656 1527 2921 1583 Dominus
2968 1524 3114 1580 enim
3157 1523 3252 1593 qui
3300 1519 3470 1586 dedit,

1900 1619 2043 1674 idem
2079 1629 2132 1674 et
2159 1619 2355 1675 aufert.
2385 1619 2540 1686 Quod
2567 1619 2613 1674 si
2643 1628 2701 1672 tu
2729 1627 2972 1672 mortuos
3010 1615 3077 1668 ad
3105 1614 3272 1668 vitam
3309 1627 3471 1666 revo-

1900 1725 2027 1764 care
2054 1725 2267 1779 posses,
2292 1727 2400 1765 non
2433 1718 2576 1765 esset
2601 1719 2850 1764 mortuus
2873 1707 3291 1762 archidiaconus
3319 1714 3468 1758 tuus.

225 1826 342 1863 nem
366 1809 686 1878 episcopatu
719 1818 962 1866 exueret.
1007 1808 1107 1876 ipsi
1135 1824 1352 1878 quoque
1383 1824 1604 1876 operam
1635 1825 1789 1865 suam
1824 1796 1866 1853 Β
1895 1800 2110 1855 Etenim
2144 1801 2288 1855 haud
2337 1803 2507 1856 multo
2550 1811 2678 1856 ante
2723 1817 2754 1855 e
2801 1800 2941 1853 vivis
2994 1799 3305 1852 excesserat
3353 1795 3473 1849 Cri-

228 1914 286 1951 ac
336 1897 582 1951 studium
645 1897 1032 1958 contulerunt,
1101 1905 1266 1965 utque
1321 1897 1793 1967 Constantinopoli

229 1988 463 2044 maxima
496 1988 736 2058 synodus
759 1988 909 2042 fieret
941 2000 1326 2056 procurarunt.
1368 1990 1577 2055 Quibus
1606 1991 1795 2060 cogni-

225 2080 292 2136 tis
323 2080 658 2148 Theophilus
691 2080 870 2134 adhuc
897 2079 1071 2148 magis
1119 2080 1384 2146 incubuit,
1421 2092 1472 2135 et
1511 2082 1796 2151 episcopos

225 2167 443 2235 quidem
482 2166 701 2238 Egypti
739 2169 993 2237 navigare
1034 2168 1198 2235 jussit
1241 2169 1794 2238 Constantinopolim,

226 2257 530 2329 Epiphanio
563 2276 692 2314 vero
713 2271 767 2316 et
787 2262 912 2318 aliis
936 2277 1031 2332 per
1056 2261 1328 2317 Orientem
1355 2264 1626 2333 episcopis
1662 2265 1798 2318 scri-

224 2351 351 2420 psit,
383 2359 446 2404 ut
478 2367 639 2420 quam
679 2353 915 2421 primum
954 2354 1008 2407 in
1039 2370 1207 2410 unum
1236 2355 1594 2410 convenirent
1631 2373 1644 2408 :
1683 2356 1798 2424 ipse

223 2445 458 2515 pedestri
489 2445 682 2499 itinere
712 2445 1096 2514 proﬁciscitur.

291 2537 382 2591 37.
423 2555 442 2587 ι
480 2535 587 2591 Nec
619 2537 788 2590 multo
818 2546 937 2606 post
954 2531 1306 2606 Epiphanius,
1341 2552 1463 2591 cum
1489 2537 1700 2606 primus
1732 2553 1798 2592 ex

222 2628 400 2683 insula
433 2629 615 2698 Cypro
666 2629 936 2693 solvisset,
970 2629 1036 2683 ad
1075 2629 1254 2683 locum
1301 2629 1446 2682 haud
1496 2627 1684 2697 procul
1732 2629 1800 2684 ab

224 2720 355 2776 urbe
386 2717 1019 2787 Constantinopolitana,
1056 2734 1217 2788 quem
1245 2717 1548 2782 Septimum
1579 2729 1796 2784 vocant,

219 2809 524 2879 applicuit;
557 2807 805 2879 factaque
833 2810 1081 2864 oratione
1119 2811 1176 2863 in
1227 2811 1458 2866 ecclesia
1516 2828 1638 2881 quae
1690 2812 1801 2866 illic

167 2965 173 2969 .
219 2909 322 2964 est,
356 2901 411 2953 in
450 2900 640 2954 urbem
670 2901 934 2955 introivit.
966 2899 1103 2954 Eum
1140 2902 1529 2972 ingredientem
1561 2902 1801 2958 Joannes

217 3006 455 3047 occursu
488 2994 620 3048 cleri
659 2994 824 3049 totius
852 2993 1142 3050 honoravit
1175 3005 1270 3050 :at
1304 2994 1638 3065 Epiphanius
1674 3011 1800 3064 per-

217 3086 408 3152 spicue
446 3085 769 3150 declaravit,
809 3086 952 3155 quod
987 3085 1278 3140 calumniis
1327 3087 1590 3140 adversus
1627 3085 1799 3140 Joan-

214 3191 339 3232 ncm
379 3177 731 3242 concinnatis
757 3177 917 3232 fidem
954 3179 1253 3234 habuisset.
1282 3179 1546 3232 Invitatus
1571 3177 1716 3231 enim
1745 3189 1802 3232 ut

214 3267 270 3321 in
298 3268 522 3322 aedibus
558 3267 949 3325 ecclesiasticis
988 3285 1209 3324 manere
1250 3270 1430 3333 vellet,
1483 3269 1799 3338 neutiquam

211 3359 504 3428 acquievit
537 3376 549 3409 :
587 3367 787 3415 etcum
821 3360 1032 3413 Joanne
1077 3359 1296 3428 quidem
1347 3360 1600 3430 congredi
1644 3360 1802 3429 peni-

210 3461 300 3509 tus
332 3450 674 3506 detrectavit
699 3467 712 3503 :
737 3451 993 3520 privatim
1022 3465 1153 3506 vero
1187 3453 1499 3506 convocatis
1527 3453 1801 3522 episcopis

205 3545 301 3613 qui
333 3553 453 3598 tum
484 3543 962 3612 Constantinopoli
993 3544 1365 3610 morabantur,
1392 3559 1454 3598 ea
1476 3561 1597 3614 quae
1619 3541 1805 3599 adver-

209 3650 307 3696 sus
340 3635 527 3688 libros
553 3633 804 3704 Origenis
839 3633 1052 3688 decreta
1087 3634 1303 3695 fuerant
1331 3634 1398 3686 iis
1429 3634 1667 3688 ostendit
1702 3650 1804 3688 :ac

208 3727 506 3780 nonnullis
555 3725 772 3794 quidem
821 3725 1091 3794 persuasit
1125 3735 1182 3781 ut
1217 3726 1448 3780 decretis
1483 3726 1802 3781 subscribe-

207 3825 373 3882 rent;
419 3817 613 3884 plures
652 3831 782 3871 vero
819 3817 871 3870 id
917 3816 1094 3871 facere
1141 3808 1584 3876 recusarunt"...
1635 3817 1803 3872 Porro

203 3904 460 3975 Joannes
497 3905 683 3960 adhuc
715 3906 1073 3962 nihilominus
1112 3909 1472 3962 reverentiam
1511 3908 1806 3964 exhibebat

206 3997 553 4067 Epiphanio,
586 4013 821 4068 eumque
862 3998 1185 4054 hortabatur
1228 4006 1290 4052 ut
1329 4000 1584 4054 collectas
1616 4015 1803 4054 secum

205 4090 525 4151 celebrare,
561 4099 615 4142 et
653 4089 1098 4146 contubernalem
1149 4089 1330 4160 ipsum
1374 4090 1573 4144 habere
1621 4092 1801 4147 vellet.

204 4181 416 4236 Verum
453 4182 820 4253 Epiphanius,
871 4199 931 4238 se
969 4199 1145 4253 neque
1193 4186 1312 4254 ejus
1357 4185 1518 4238 domo
1552 4201 1804 4247 usurum,

203 4289 307 4328 nec
335 4292 471 4330 cum
504 4292 575 4329 eo
617 4285 896 4328 oraturum
926 4291 1047 4331 esse
1077 4277 1384 4345 respondit,
1422 4276 1527 4330 nisi
1558 4277 1806 4348 Origenis

200 4365 381 4419 libros
423 4365 595 4434 prius
648 4364 982 4427 damnasset,
1040 4373 1095 4418 ct
1142 4365 1462 4421 Dioscorum
1515 4382 1622 4421 una
1682 4375 1823 4422 cum'

1899 1895 2135 1963 spio.....
2173 1909 2335 1963 quem
2376 1893 2714 1964 Epiphanius
2739 1910 2862 1948 cum
2896 1892 3342 1948 contubernalem
3374 1887 3474 1941 ha.

1898 1986 2067 2050 beret,
2100 1987 2548 2042 archidiaconum
2583 2004 2742 2043 suum
2768 1989 3149 2042 constituerat.

1969 2078 2061 2132 59.
2103 2097 2120 2129 ‹
2161 2079 2486 2133 Ammonius
2517 2095 2647 2134 vero
2676 2089 2728 2133 et
2752 2081 2843 2149 qui
2883 2095 3008 2134 cum
3039 2079 3133 2132 illo
3163 2085 3319 2132 erant
3345 2074 3475 2144 Epi—

1897 2172 2158 2239 phanium
2185 2171 2472 2234 adierunt;
2513 2171 2566 2224 id
2615 2171 2758 2224 enim
2801 2171 2902 2240 ipsi
2947 2185 3168 2239 quoque
3214 2168 3475 2236 Augustae

1898 2267 2197 2335 placuerat.
2236 2264 2484 2333 Cumque
2528 2263 2866 2334 Epiphanius
2918 2263 3308 2332 interrogasset
3351 2260 3472 2329 qui-

1901 2372 2024 2414 nam
2063 2365 2270 2422 essent,
2303 2356 2582 2425 respondit
2612 2355 2971 2410 Ammonius:
3000 2353 3169 2423 Longi
3191 2367 3405 2417 sumus,
3436 2367 3469 2404 ο

1901 2447 2096 2512 Pater;
2125 2446 2351 2500 libenter
2369 2455 2550 2500 autem
2579 2445 2937 2508 disceremus,
2967 2453 3149 2498 utrum
3175 2442 3469 2511 aliquando

1901 2537 1956 2591 in
1997 2537 2297 2606 discipulos
2333 2545 2428 2590 aut
2461 2537 2519 2591 in
2565 2534 2738 2590 libros
2785 2542 3006 2590 nostros
3045 2533 3328 2587 incideris.
3379 2529 3474 2585 lllo

1901 2639 2152 2700 negante,
2193 2629 2390 2685 iterum
2424 2627 2694 2698 quaesivit
2738 2626 3066 2680 Ammonius
3101 2644 3115 2679 :
3151 2623 3302 2680 Unde
3345 2638 3475 2694 ergo

1903 2723 2189 2778 haereticos
2214 2721 2337 2776 illos
2383 2735 2507 2775 esse
2550 2719 2828 2789 judicasti,
2893 2718 3000 2786 qui.
3045 2717 3256 2771 nullum
3309 2716 3478 2769 habes

1903 2825 2308 2882 argumentum,
2338 2830 2447 2883 quo
2488 2812 2813 2868 sententiam
2854 2810 3072 2864 illorum
3121 2811 3301 2879 possis
3340 2824 3477 2862 cono

1903 2903 2157 2957 vincere?
2197 2905 2262 2956 Et
2308 2919 2434 2958 cum
2474 2901 2815 2972 Epiphanius
2845 2899 3071 2966 diceret,
3105 2900 3157 2953 id
3195 2915 3253 2954 se
3283 2899 3473 2954 auditu

1903 2992 2215 3062 accepisse:
2251 2991 2364 3049 Nos
2394 3007 2546 3058 vero,
2579 2989 3016 3053 aitAmmonius,
3051 2991 3212 3060 plane
3245 3000 3466 3046 contra—

1905 3083 2047 3136 rium
2078 3081 2339 3148 fecimus;
2372 3099 2499 3138 nam
2521 3093 2575 3137 et
2596 3083 2896 3152 discipulos
2925 3091 3048 3138 tuos
3075 3097 3217 3152 saepe
3244 3097 3474 3136 numero

1906 3175 2167 3240 vidimus,
2200 3184 2255 3229 et
2292 3175 2462 3230 libros
2491 3176 2858 3245 perlegimus;
2890 3193 2956 3231 ex
2987 3177 3188 3246 quibus
3218 3190 3362 3228 unus
3392 3185 3479 3230 est

1904 3267 1996 3336 qui
2047 3266 2344 3320 Ancoratus
2387 3265 2727 3322 inscribitur.
2767 3268 3018 3337 Curaque
3056 3267 3212 3324 multi
3266 3258 3477 3336 vitupe-

1904 3372 2027 3411 rare
2049 3365 2103 3410 et
2135 3367 2392 3426 tanquam
2418 3357 2736 3413 haereticum
2767 3359 3092 3413 calumniari
3125 3359 3343 3422 vellent,
3377 3374 3477 3413 nos

1904 3463 2003 3518 pro
2032 3445 2213 3512 Patre,
2247 3447 2323 3501 uti
2351 3462 2448 3515 par
2475 3456 2610 3510 erat,
2641 3448 3029 3518 pugnavimus,
3070 3456 3124 3502 et
3165 3463 3348 3503 causae
3372 3458 3478 3502 tuae

1905 3537 2280 3593 defensionem
2309 3539 2674 3608 suscepimus.
2720 3537 2955 3594 Proinde
3003 3554 3106 3594 nec
3146 3549 3204 3594 tu
3258 3555 3324 3593 ex
3361 3539 3479 3595 solo

1905 3632 2092 3686 auditu
2143 3633 2398 3690 absentes
2452 3632 2712 3686 damnare
2763 3631 3034 3696 debuisti,
3086 3647 3225 3702 quos
3266 3648 3478 3702 nequa-

1906 3739 2068 3796 quam
2102 3734 2157 3778 tu
2185 3725 2301 3795 ipse
2331 3725 2496 3780 certis
2529 3724 2866 3794 argumentis
2912 3725 3171 3779 inductus
3221 3727 3476 3780 convice-

1906 3831 2017 3879 ras,
2047 3831 2146 3874 nec
2167 3817 2432 3882 ejusmodi
2457 3818 2687 3888 gratiam
2714 3817 2919 3872 referre
2938 3817 3318 3874 laudatoribus
3342 3819 3471 3874 tuis.

1908 3906 2152 3962 Postlimc
2176 3907 2516 3978 Epiphanius
2545 3911 2722 3970 lenius
2749 3927 2873 3966 eum
2905 3913 3194 3976 allocutus,
3215 3923 3335 3970 tum
3359 3913 3484 3982 qui-

1907 4000 2038 4053 dem
2059 3999 2127 4053 ab
2167 4016 2226 4054 se
2254 4001 2484 4064 dimisit,
2519 4002 2668 4055 brevi
2702 4014 2883 4057 autem
2915 4004 3200 4072 interjecto
3227 4015 3470 4074 tempore

1907 4091 2145 4163 Cyprum
2187 4094 2482 4163 navigavit,
2526 4109 2620 4148 seu
2674 4095 2816 4164 quod
2861 4095 3478 4167 Constantinopolitanae

1909 4185 2262 4254 profectionis
2295 4186 2470 4255 ipsum
2502 4187 2808 4254 pmnitcret,
2853 4203 2949 4243 seu
2981 4189 3128 4258 quod
3176 4189 3321 4244 Deus
3351 4205 3479 4245 ora-

1910 4275 2032 4330 culo
2058 4276 2234 4346 ipsum
2261 4279 2658 4343 admonuisset,
2700 4289 3044 4350 mortemque
3072 4281 3176 4350 ipsi
3210 4298 3366 4336 suam
3400 4283 3481 4353 (ut

1910 4367 2209 4422 verisimile
2226 4367 2327 4439 est)
2350 4371 2794 4438 praenuntiasset.
2825 4372 3094 4427 Caeterum
3130 4389 3254 4429 eum
3284 4391 3479 4429 navem

202 4456 378 4510 sociis
413 4455 750 4523 expulisset.
787 4453 892 4510 Sed
929 4471 1052 4512 cum
1089 4456 1178 4510 ille
1213 4467 1338 4517 ante
1382 4473 1564 4512 causa:
1610 4461 1798 4528 cogni-
1835 4463 1882 4520 ι)
1909 4476 2312 4516 conscensurus
2340 4472 2503 4527 esset,
2537 4465 2828 4533 episcopis,
2860 4467 2955 4534 qui
2990 4467 3166 4535 ipsum
3210 4469 3277 4522 ad
3330 4469 3482 4524 littus

199 4549 416 4606 tionem
457 4547 585 4600 haec
617 4544 795 4599 facere
831 4546 1253 4615 haudquaquam
1307 4547 1516 4616 justum
1551 4564 1670 4604 esse
1715 4551 1796 4604 di-

196 4651 353 4698 ceret
387 4647 449 4691 et
474 4638 1016 4708 procrastinaretur,
1055 4638 1142 4691 die
1179 4654 1289 4707 quo
1338 4637 1559 4694 collecta
1597 4641 1804 4710 agenda

192 4742 316 4794 erat
355 4732 414 4784 in
454 4728 705 4784 ecclesia
739 4729 1144 4802 Apostolorum,
1175 4740 1542 4799 procurarunt
1575 4729 1802 4786 Joannis

192 4821 419 4876 inimici
457 4828 526 4873 ut
554 4817 896 4889 Epiphanius
936 4820 991 4872 in
1029 4820 1317 4874 ecclesiam
1359 4821 1590 4884 veniret,
1621 4829 1674 4874 et
1708 4837 1807 4891 pu-

190 4914 342 4972 blice
379 4927 592 4968 coram
620 4912 818 4980 populo
853 4924 965 4968 tum
995 4911 1247 4982 Origenis
1278 4913 1468 4977 libros,
1510 4921 1622 4966 tum
1678 4915 1773 4967 Dio
1801 4947 1806 4951 -

192 5021 429 5058 seorum
473 5012 535 5056 et
569 5016 667 5055 eos
715 5003 805 5070 qui
853 5019 973 5056 cum
1013 5003 1104 5056 illo
1158 5011 1333 5066 erant,
1371 5011 1627 5071 tanquam
1666 5004 1805 5058 idem

188 5095 520 5148 sentientes
550 5107 681 5145 cum
700 5091 951 5161 Origene,
986 5093 1334 5150 anathemate
1359 5093 1680 5158 damnaret;
1713 5111 1806 5149 ea-

189 5186 446 5251 demque
499 5196 676 5256 upcra
719 5180 1036 5254 episcopum
1091 5184 1240 5240 urbis
1286 5184 1697 5254 perstringeret,
1749 5196 1808 5239 ut

188 5279 285 5346 qui
323 5279 444 5334 illis
482 5274 746 5328 addictus
769 5285 942 5340 esset;
982 5275 1369 5329 existimabant
1417 5277 1561 5330 enim
1603 5293 1661 5332 se
1703 5277 1804 5334 hac

186 5355 682 5437 rationeplebem
711 5367 776 5420 ah
807 5367 900 5419 illo
928 5382 1049 5422 esse
1094 5368 1446 5422 alicnaturos.

261 5459 358 5521 58.
421 5477 440 5510 ι
491 5456 732 5513 Postero
785 5458 950 5526 igitur
993 5457 1100 5524 die,
1150 5473 1271 5513 cum
1321 5460 1385 5512 ad
1438 5459 1488 5512 id
1534 5461 1802 5528 agendum

185 5563 543 5618 progressus
582 5544 923 5617 Epiphanius
944 5548 1066 5617 .jam
1113 5549 1356 5602 ecclesiae
1405 5551 1808 5622 appropinqua-

183 5655 292 5706 ret,
330 5643 579 5698 obviam
618 5638 669 5689 ei
697 5640 938 5693 occurrit
975 5639 1220 5708 Serapio,
1256 5643 1460 5697 missus
1517 5660 1547 5696 a
1596 5643 1806 5698 Joanne

183 5734 614 5811 (praesenserat
660 5729 802 5782 enim
829 5729 1064 5784 Joannes
1096 5748 1159 5786 ea
1193 5749 1315 5802 qua:
1365 5736 1537 5813 pridie
1589 5738 1805 5804 fuerant

451 5827 745 5891 Parnm.
792 5822 909 5888 Gn.
957 5824 1114 5896 XLI,

1908 4563 2084 4618 usque
2135 4553 2413 4621 prosecuti
2470 4552 2710 4618 fuerant,
2765 4555 2972 4611 dixisse
3027 4557 3244 4612 fertur:
3279 4556 3479 4614 Urbem

1906 4642 2060 4698 vobis
2088 4654 2142 4698 ct
2172 4644 2435 4711 palatium
2481 4655 2535 4700 et
2588 4660 2807 4710 scenam
2864 4647 3150 4716 relinquo;
3201 4665 3304 4720 ego
3351 4664 3480 4703 vero

1909 4735 2139 4794 abscedo
2165 4754 2177 4789 :
2204 4735 2401 4800 festino
2425 4737 2593 4801 enim,
2618 4745 2672 4795 et
2696 4737 2914 4806 quidem
2948 4739 3124 4794 valde.

1977 4828 2066 4883 40.
2121 4846 2138 4877 ι
2193 4829 2354 4882 Aliud
2427 4837 2685 4894 praeterea
2737 4831 3015 4900 quidpiam
3077 4832 3279 4896 audivi,
3334 4836 3480 4902 quod

1909 4923 2202 4974 multorum
2275 4923 2622 4977 sermonibus
2697 4924 2996 4980 etiamnum
3071 4926 3476 4993 circumfertur,

1907 5011 2171 5068 Joannem
2213 5014 2433 5084 quidem
2489 5014 2789 5084 Epiphanio
2844 5017 3160 5086 praedixisse
3219 5016 3369 5072 illum
3424 5019 3479 5073 in

1910 5107 2254 5176 navigatione
2295 5123 2417 5161 esse
2477 5109 2827 5173 moriturum,
2879 5109 3246 5179 Epiphanium
3298 5120 3479 5165 autem

1908 5199 2302 5266 praemmtiassc
2329 5199 2522 5262 Joanni
2543 5201 2936 5255 abdicationem
2949 5201 3318 5271 episcopatus.
3345 5201 3479 5257 Nam

1908 5290 2036 5342 dum
2106 5290 2247 5343 inter
2305 5305 2366 5344 se
2439 5291 2802 5355 dissiderent,
2867 5291 3204 5361 Epiphanius
3259 5295 3478 5364 quidem

1909 5378 2101 5432 Joanni
2141 5381 2425 5449 scripsisse
2451 5382 2649 5437 dicitur
2670 5401 2683 5436 :
2704 5382 2875 5454 Spero
2915 5394 2963 5438 te
2991 5401 3334 5455 nequaquam
3367 5387 3481 5455 epi-

1910 5485 2131 5538 sc0pum
2185 5471 2534 5524 moriturum.
2575 5471 2814 5527 Joannes
2855 5489 2982 5528 vero
3032 5475 3309 5544 rescripsit
3350 5473 3482 5544 Epil-

1911 5558 2140 5627 phanio:
2172 5556 2280 5612 Nec
2304 5574 2403 5628 ego
2438 5574 2598 5630 Spero
2624 5570 2675 5616 te
2699 5563 2750 5616 in
2788 5564 2975 5618 urbem
3006 5574 3150 5618 tuam
3176 5565 3478 5620 rediturum

1911 5665 2047 5702 esse.
2077 5668 2094 5700 ι
2120 5649 2240 5703 Ιιεεο
2274 5649 2635 5718 Sozomenus,
2675 5654 2975 5709 Historiam
3005 5672 3159 5711 suam
3185 5658 3343 5714 annis
3373 5660 3479 5714 cir-

1911 5742 2043 5804 citcr
2078 5741 2292 5823 triginta
2343 5752 2462 5812 post
2503 5742 2787 5815 Epiphanii
2841 5750 3048 5803 obitum
3089 5751 3363 5817 scribens;
3389 5751 3478 5806 cui

3117 5845 3153 5914 ὃ
