3842 6104
328 247 429 303 159

1351 250 1408 306 S.
1445 250 1790 306 EPIPllANll
1821 249 2000 305 ACTA
2042 243 2547 305 BOLLANDIANA.

3482 237 3594 297 H0

327 365 752 441 similia‘iisdem
795 366 904 421 fere
946 367 1122 424 verbis
1177 367 1339 425 habet
1387 371 1642 428 Socrates
1689 373 1784 427 lib.
1825 387 1901 438 vt,
1934 378 1980 432 Α
2081 373 2170 425 42.
2199 368 2271 427 Ut
2297 380 2355 426 ut
2387 371 2478 438 sit,
2515 376 2758 441 apparet,
2803 367 3072 438 optimum
3119 366 3257 422 alias
3296 340 3592 423 sanctissi-

328 471 448 524 cap.
478 431 579 520 lii;
611 457 752 524 paris
782 457 941 525 plane
963 473 1086 512 cum
1111 457 1417 516 Sozomeno
1445 464 1620 534 aetatis
1645 431 1904 533 scriptor,

328 556 383 600 et
408 562 472 600 ex
497 562 604 615 quo
621 563 774 602 suam
803 546 914 603 fere
937 548 1229 605 Historiam
1257 562 1538 608 mutuatus
1567 553 1905 610 Sozomenus

328 635 584 691 creditur.
617 635 922 694 Sozomeno
957 649 1136 696 tamen
1177 642 1434 698 libentius
1471 655 1604 700 usus
1633 645 1724 700 hic
1759 660 1902 710 sum,

328 742 436 779 non
472 729 598 797 quia
629 727 988 787 Salaminium
1020 748 1144 788 eum
1176 736 1350 790 fuisse
1389 738 1575 800 credo,
1612 738 1756 794 sicut
1784 738 1906 808 opi-

328 825 489 870 natur
519 817 857 890 Nieephorus
893 825 1098 894 aliique
1140 835 1263 895 post
1306 843 1464 895 eum;
1511 845 1634 882 cum
1664 832 1776 899 ipse
1809 832 1900 886 lib.

332 923 382 968 v,
413 924 532 978 cap.
568 912 656 976 l5,
703 913 846 966 haud
897 915 1127 971 obscure
1170 917 1373 972 indicet
1418 933 1475 974 se
1508 917 1902 987 Palmstinium,

330 1013 394 1052 ex
431 1001 548 1055 vico
574 1005 808 1072 quodam
840 1005 995 1074 juxta
1028 1007 1230 1062 Gazam
1258 1009 1345 1063 cui
1387 1025 1584 1065 nomen
1626 1009 1903 1079 Bethelia;

331 1091 422 1144 scd
461 1093 585 1160 quia
613 1095 724 1163 jam
758 1097 879 1150 inde
918 1097 987 1152 ab
1012 1099 1377 1156 adolescentia
1409 1099 1751 1158 familiariter
1779 1119 1904 1159 cum

336 1185 621 1241 monachis
648 1187 717 1240 ibi
750 1189 1076 1257 celebribus,
1122 1191 1414 1252 Hilarionis
1442 1195 1724 1264 discipulis
1758 1197 1908 1252 suis-'-

332 1290 438 1344 qne
477 1285 535 1330 ut
561 1279 774 1334 videtur
806 1285 1245 1354 consanguineis,
1286 1295 1562 1355 versatus;
1619 1288 1908 1344 Salamane

272 1432 285 1442 _
331 1368 560 1435 scilicet,
589 1386 712 1424 cum
760 1387 868 1442 quo
895 1389 1185 1430 commune
1214 1391 1410 1432 nomen
1444 1379 1632 1434 habuit
1663 1379 1902 1449 (ticeba-

334 1467 424 1512 tur
447 1461 613 1522 enim,
655 1463 728 1516 uti
765 1462 994 1520 l’hotius
1028 1476 1201 1532 notat,
1247 1488 1264 1519 ι
1307 1467 1625 1526 Salamanet
1661 1470 1908 1530 Hermias

333 1549 691 1618 Sozomenns,
734 1575 750 1607 ι
797 1558 940 1627 quod
979 1559 1117 1615 alios
1163 1560 1396 1630 decepit,
1443 1571 1502 1618 ut
1547 1563 1906 1622 Salaminium

330 1644 631 1716 crederent)
665 1644 890 1717 ejusque
934 1648 1197 1705 fratribus
1229 1650 1498 1720 Fuseone,
1532 1653 1817 1713 Machione
1855 1665 1910 1713 et

330 1736 633 1805 (Irispione,
671 1732 902 1809 quorum
929 1753 1238 1812 postremus
1271 1746 1330 1801 S.
1368 1746 1674 1818 Epiphanio
1719 1751 1905 1807 adhae-

330 1843 476 1891 rens,
512 1833 565 1884 in
603 1845 828 1887 munere
861 1835 1235 1892 archidiaconi
1271 1839 1746 1911 Constantinopoli
1784 1853 1909 1901 ante

334 1933 510 1986 ipsum
552 1921 708 1988 obiit,
745 1934 804 1979 ut
832 1941 999 1997 supra
1044 1929 1304 1984 vidimus.
1356 1931 1583 1988 Accedit
1622 1935 1769 2004 quod
1803 1936 1907 1990 So-

331 2011 465 2065 crati
508 2015 770 2070 nonnulla
810 2019 973 2073 etiam
1009 2019 1098 2076 hie
1143 2022 1412 2078 addiderit
1456 2023 1818 2093 Sozomenus,
1855 2038 1909 2085 et

329 2103 641 2160 accuratius
684 2107 866 2177 aliqua
925 2111 1173 2167 videatur
1228 2114 1483 2172 edidisse.
1534 2115 1780 2175 Notabile
1825 2131 1910 2177 est

329 2201 508 2248 tamen
542 2197 687 2266 quod
720 2200 886 2255 relata
934 2201 1224 2274 Epiphanii
1265 2213 1318 2260 et
1357 2204 1584 2266 Joannis
1624 2221 1812 2266 mutua
1842 2215 1909 2269 de

329 2301 389 2340 se
436 2287 668 2344 invicem
725 2293 1094 2363 praedictione,
1125 2297 1286 2353 addat
1316 2297 1607 2357 Socrates:
1647 2320 1666 2354 ε
1714 2303 1907 2359 Utrum

325 2392 490 2447 porro
513 2395 639 2436 vera
667 2383 800 2439 mihi
832 2385 1069 2442 dixerint
1095 2390 1189 2460 qui
1228 2391 1332 2446 ista
1377 2402 1695 2459 narrarunt,
1745 2397 1906 2466 equi-

325 2467 446 2521 dem
480 2485 588 2523 non
625 2486 849 2540 possum
881 2475 1184 2545 aliirmare;
1231 2481 1446 2552 utrique
1480 2491 1660 2538 tamen
1689 2485 1906 2541 illorum

336 2557 652 2626 hujusmodi
703 2565 884 2648 cititus
916 2568 1161 2638 contigit.
1196 2569 1330 2625 Nam
1357 2589 1532 2642 neque
1572 2573 1910 2646 Epiphanius

329 2664 518 2704 navem
554 2654 765 2722 appulit
781 2654 1048 2727 Cyprum,
1083 2670 1208 2729 post
1239 2664 1541 2720 discessum
1576 2668 1724 2723 enim
1757 2686 1909 2725 mor-

330 2749 453 2796 tuus
486 2752 572 2798 est
605 2745 657 2798 in
687 2747 903 2816 navigio
935 2769 945 2803 :
973 2757 1028 2805 et
1048 2750 1288 2809 Joannes
1318 2755 1460 2810 haud
1497 2759 1667 2814 multo
1693 2770 1814 2830 post
1837 2777 1905 2817 ex

327 2835 643 2906 episcopatu
675 2838 911 2910 dijectus
940 2854 1043 2900 est.
1079 2863 1098 2898 ι

396 2925 482 2980 41.
509 2924 694 2982 Potuit
732 2944 864 2986 sane
889 2932 1207 3003 hujusmodi
1239 2938 1419 2993 exitus
1441 2940 1727 3011 utriusque
1750 2957 1906 2998 occa-

2007 477 2269 530 mnmque
2328 477 2550 526 senem,
2600 462 2886 532 deceptum
2943 459 3116 515 fuisse
3175 474 3207 514 a
3255 455 3589 528 Theophilo,

2007 565 2115 611 tam
2147 556 2200 610 in
2234 569 2399 611 causa
2429 569 2621 610 eorum
2663 569 2803 625 quos
2832 551 3070 609 Joannes
3101 551 3370 608 tolerabat
3394 566 3591 607 monac

2005 649 2257 708 chorum,
2308 661 2471 716 quam
2520 647 2693 716 ipsius
2736 643 2998 711 Joannis;
3035 652 3090 698 ct
3130 658 3199 698 ex
3249 640 3592 698 abundantia

2007 736 2106 790 zeli
2140 749 2363 804 passum
2399 748 2524 790 esse
2571 734 2871 789 humanum
2922 731 3151 802 aliquid.
3202 732 3362 802 cujus
3401 731 3590 800 ipsum

2007 829 2117 884 cito
2161 827 2498 898 paenituerit,
2557 826 2840 898 magisque
2881 825 3154 896 potuisset
3198 823 3500 895 poenitere,
3541 821 3590 879 si

2005 935 2129 990 quae
2153 929 2275 990 post
2304 919 2606 976 discessum
2641 933 2802 975 suum
2838 927 2966 974 sunt
2995 923 3313 984 consecuta,
3339 914 3588 970 vidisset.

2006 1009 2229 1065 Interim
2261 1009 2364 1064 hoc
2391 1008 2858 1065 machinationum
2908 1023 3134 1086 suarum
3175 1020 3440 1062 successu
3479 1005 3595 1061 ela-

2009 1112 2095 1159 tus
2119 1102 2477 1173 Theophilus.
2532 1103 2856 1172 priusquam
2886 1096 3421 1169 ConstantinOpolim
3460 1110 3593 1167 pro-

2008 1195 2341 1252 ﬁcisceretur
2363 1195 2428 1250 ad
2459 1194 2749 1265 synodum,
2789 1207 2898 1264 qua
2930 1190 3159 1248 Joannis
3192 1189 3464 1261 depositio
3488 1188 3591 1244 de-

2009 1297 2156 1342 creta
2188 1293 2294 1353 est,
2336 1287 2410 1341 ita
2446 1288 2514 1340 de
2563 1301 2628 1340 eo
2676 1284 2744 1339 ad
2790 1284 2850 1338 S.
2905 1282 3298 1354 Hieronymum
3344 1280 3588 1350 scripsit,

2014 1399 2032 1432 ‹
2067 1376 2407 1448 Origenistas
2436 1379 2490 1433 in
2535 1393 2692 1434 suam
2721 1377 3015 1448 recipiens
3059 1376 3486 1432 familiaritatem
3534 1383 3592 1430 et

2009 1486 2073 1526 ex
2101 1471 2184 1524 his
2216 1469 2481 1540 plurimos
2519 1469 2586 1524 ad
2633 1470 2998 1525 sacerdotium
3047 1467 3373 1538 provehens,
3425 1475 3595 1535 atque

2010 1563 2080 1618 ob
2115 1563 2219 1617 hoc
2257 1562 2438 1617 scelus
2488 1561 2659 1616 beata:
2703 1560 2982 1615 memoriae
3023 1559 3298 1613 hominem
3333 1557 3428 1611 Dei
3460 1556 3592 1626 Epi—

2011 1655 2294 1725 phanium,
2324 1653 2417 1723 qui
2451 1652 2592 1706 inter
2625 1652 2911 1722 episcOpos
2936 1651 3146 1706 clarum
3183 1650 3238 1704 in
3272 1649 3404 1704 orbe
3436 1649 3592 1702 sidus

1999 1746 2232 1815 .eflulsir,
2273 1746 2417 1799 haud
2467 1759 2635 1814 parvo
2686 1758 2924 1798 maerore
2974 1742 3333 1804 contristaris,
3385 1740 3594 1795 meruit

2011 1838 2201 1892 audire
2235 1855 2247 1890 :
2279 1834 2484 1890 Cecidit
2522 1835 2767 1906 Babylon
2795 1834 2932 1906 (Isa.
2967 1849 3082 1899 xxI,
3110 1834 3187 1903 9).
3230 1852 3250 1885 ι
3294 1831 3468 1899 Quem
3502 1833 3582 1885 lo-

2011 1946 2134 1985 cum
2161 1929 2283 1983 ideo
2308 1929 2394 1982 hic
2415 1927 2709 1982 adductum
2740 1925 2912 1990 volui,
2940 1935 2999 1980 ut
3026 1924 3358 1993 intelligatur
3378 1937 3596 1990 nequa-

2011 2038 2173 2093 quam
2211 2020 2618 2092 ambigendum,
2651 2019 2784 2090 quin
2817 2019 3001 2074 statim
3033 2024 3158 2086 post
3189 2029 3351 2070 suum
3382 2029 3413 2068 a
3441 2010 3596 2067 Con-

2011 2114 2368 2183 stantinopoli
2426 2113 2769 2177 discessum,
2829 2110 2909 2164 uti
2970 2107 3313 2174 Sozomenus
3374 2104 3596 2170 scribit,

2010 2206 2204 2261 obierit
2237 2203 2597 2275 Epiphanius,
2630 2203 2697 2258 de
2732 2217 2842 2272 quo
2891 2209 2950 2254 ut
2992 2199 3106 2270 jam
3145 2208 3365 2253 mortuo
3403 2195 3595 2251 Theo-

2011 2298 2193 2367 philus
2219 2297 2491 2366 loquitur;
2518 2308 2757 2364 cumque
2787 2293 2854 2346 12
2877 2290 3004 2346 Maii
3034 2291 3225 2346 saltem
3253 2289 3324 2344 sit
3345 2287 3461 2342 dies
3491 2287 3594 2342 de-

2011 2389 2298 2459 positionis
2338 2389 2390 2440 in
2425 2388 2626 2459 Cypro,
2675 2398 2852 2454 neque
2892 2383 2983 2437 diu
3035 2391 3194 2437 antea
3244 2381 3452 2435 obiisse
3493 2393 3598 2448 po-

2013 2479 2206 2541 tuerit,
2262 2478 2419 2548 cujus
2475 2477 2661 2541 navis,
2710 2483 2770 2530 ut
2825 2483 3022 2544 praeter
3075 2472 3197 2543 ejus
3252 2471 3592 2525 voluntatem

2011 2570 2331 2642 procederet
2361 2571 2526 2631 lente,
2563 2583 2808 2623 mensem
2829 2576 3010 2621 tamen
3043 2565 3126 2619 vel
3153 2564 3594 2633 sesquimensem

2013 2663 2192 2721 itineri
2223 2664 2309 2717 vix
2344 2664 2520 2732 potuit
2563 2660 2928 2731 impendisse;
2971 2671 3317 2726 consequens
3353 2663 3437 2710 est
3463 2670 3596 2709 eum

2012 2757 2215 2812 obiisse
2247 2769 2432 2810 mense
2468 2753 2658 2809 saltem
2689 2751 2859 2822 Aprili
2893 2749 3020 2804 anni
3049 2748 3176 2814 405,
3214 2745 3416 2801 Maium
3443 2757 3598 2802 certe

2011 2862 2155 2918 aegre
2207 2845 2473 2915 attigisse.
2534 2841 2687 2898 Unde
2741 2841 2934 2896 mirari
2989 2839 3156 2901 subit,
3221 2853 3329 2907 qua
3383 2837 3600 2892 ratione
3653 2878 3661 2885 .

2011 2938 2212 2993 dixerit
2265 2935 2556 2999 Baronius,
2601 2951 2620 2984 ι
2660 2931 2902 3003 ignorari
2959 2939 3129 3001 quoto
3183 2928 3400 2983 Domini
3447 2943 3598 2983 anno

327 3015 536 3072 sionem
572 3019 790 3077 dedisse
815 3023 1152 3092 hominibus,
1189 3039 1395 3086 mutuae
1439 3033 1580 3088 inter
1629 3034 1750 3091 illos
1796 3037 1908 3093 dis-
1938 3045 1979 3102 ς,
2013 3029 2229 3086 obierit.
2282 3047 2300 3080 ι
2341 3025 2495 3081 Sicut
2533 3027 2679 3079 enim
2719 3037 2786 3078 ex
2835 3023 3107 3093 Apologiis
3164 3019 3480 3092 Hieronymi
3521 3021 3597 3076 ad

329 3112 604 3201 sensiqnis
637 3117 898 3181 consciis,
944 3120 1205 3190 virosque
1248 3134 1468 3182 sanctos
1508 3141 1607 3183 suo
1631 3131 1766 3198 pede
1797 3146 1910 3185 me-

329 3205 610 3272 tientibus,
635 3217 695 3260 ut
717 3207 1126 3266 altercationem
1153 3215 1442 3272 verborum
1471 3222 1688 3292 utrique
1715 3238 1907 3293 parum

330 3295 550 3366 dignam
600 3297 936 3370 allingerent,
985 3306 1453 3372 quemadmodum
1495 3311 1756 3380 iudicavit
1807 3313 1906 3368 Ba-

332 3388 543 3452 ronius,
573 3398 627 3445 et
664 3401 785 3459 p05t
818 3408 942 3447 eum
978 3393 1219 3453 Socratis
1247 3410 1408 3471 atque
1457 3401 1743 3458 Sozomeni
1788 3407 1911 3460 illu-

332 3488 534 3534 strator
572 3491 624 3536 et
669 3483 935 3554 interpres
964 3489 1293 3546 novissimus
1335 3491 1600 3550 Henricus
1633 3495 1905 3553 Valesius.

334 3568 558 3626 Dubitat
611 3575 776 3629 etiam
826 3575 1113 3646 Baronius,
1169 3597 1365 3638 verene
1416 3584 1774 3656 Epiphanius,
1829 3593 1908 3646 uti

334 3661 524 3718 scribit
563 3665 838 3732 Socrates,
877 3687 894 3719 ο
941 3669 1077 3724 Cum
1125 3673 1190 3726 ad
1243 3673 1529 3730 Basilicam
1579 3678 1635 3732 S.
1684 3678 1912 3740 Joannis

334 3754 649 3822 appulisset,
698 3772 820 3828 qua:
853 3769 1058 3829 septem
1092 3778 1353 3832 passuum
1390 3767 1629 3824 millibus
1670 3771 1738 3825 ab
1779 3772 1910 3828 urbe

332 3845 518 3910 distat,
551 3864 690 3903 nave
739 3865 1014 3920 egressus,
1060 3857 1344 3912 collectam
1397 3859 1468 3914 ibi
1518 3862 1806 3919 celebrarit
1857 3873 1911 3919 et

331 3937 622 3994 diaconum
649 3943 937 4009 ordinarit,
972 3947 1289 4018 priusquam
1344 3952 1621 4009 civitatem
1658 3954 1908 4027 ingrede-

335 4043 502 4089 retur.
539 4056 555 4085 ι
594 4034 824 4091 Veretur
856 4053 1094 4109 namque
1127 4057 1193 4096 ne
1222 4043 1500 4111 querelam
1531 4043 1760 4101 Joannis
1793 4043 1912 4100 Hie-

335 4125 710 4196 rosolymitani
739 4127 807 4182 de
831 4127 1160 4200 Epiphanio,
1197 4134 1262 4188 ad
1293 4132 1562 4190 Joannem
1597 4136 1910 4192 Constanti-

335 4216 707 4284 nopolitannm
740 4233 1023 4288 perperam
1052 4223 1386 4279 transtulerit
1412 4224 1687 4292 Socrates,
1718 4243 1913 4298 quam-

333 4305 417 4359 vis
451 4315 582 4360 tunc
612 4321 735 4360 cum
769 4322 855 4363 res
886 4319 1140 4380 ageretur
1177 4311 1652 4386 Constantinopoli
1701 4319 1908 4374 vivens.

335 4393 519 4464 Neque
539 4395 686 4450 enim
711 4408 934 4466 apparet
967 4400 1056 4454 hie
1087 4410 1193 4456 tam
1228 4403 1375 4474 justa
1422 4381 1585 4475 quam
1632 4407 1702 4461 ibi
1742 4423 1912 4464 excu-
1945 4381 1990 4435 Β

335 4488 491 4541 sandi
551 4489 838 4559 Epiphanii
887 4493 1050 4557 ratio,
1093 4509 1220 4549 cum
1272 4494 1516 4553 Ecclesia
1573 4497 1629 4553 S.
1685 4498 1912 4555 Joannis

335 4580 470 4636 citra
505 4583 932 4638 controversiam
957 4594 1101 4643 esset
1127 4588 1230 4644 sub
1251 4589 1610 4660 dispositione
1641 4592 1915 4647 Constan-

335 4673 680 4743 tinopolitani
709 4675 972 4748 episcopi,
1002 4679 1092 4734 ubi
1128 4695 1229 4736 nec
1261 4681 1426 4751 hujus
1473 4683 1685 4754 injussu
1722 4683 1913 4740 licuis-

335 4777 418 4821 set
437 4765 744 4838 Epipbanio
775 4767 1068 4827 Missarum
1102 4774 1387 4842 solemnia,
1438 4777 1635 4833 nedum
1687 4779 1913 4834 ordina-

335 4859 513 4915 tiones
566 4861 896 4917 celebrare:
949 4864 1015 4919 de
1078 4874 1310 4936 utroque
1364 4877 1542 4923 tamen
1596 4879 1912 4939 querentem

336 4951 788 5021 Chrysostomum
825 4953 1086 5013 Socrates
1117 4958 1358 5026 inducit;
1389 4961 1519 5030 qnin
1556 4961 1718 5016 etiam
1750 4963 1817 5016 de
1848 4962 1915 5016 iis

341 5057 463 5109 quae
491 5043 546 5096 in
583 5045 978 5114 Apostolorum
1012 5049 1217 5120 templo
1243 5048 1489 5106 facturus
1524 5063 1643 5106 erat
1674 5051 1914 5122 Epipha-

339 5133 488 5199 ιιίυει
524 5134 630 5190 nisi
660 5138 1077 5198 denuntiatione
1123 5141 1356 5199 Joannis
1405 5159 1502 5214 per
1557 5143 1912 5213 Serapionem

341 5221 445 5277 sibi
479 5223 623 5280 facta
665 5226 860 5284 fuisset
894 5233 1241 5299 absterritus,
1275 5236 1341 5290 de
1377 5237 1462 5301 iis,
1521 5235 1765 5305 inquam,
1794 5254 1918 5308 quae

339 5315 516 5370 solum
580 5319 873 5375 constituta
905 5357 907 5359 ι
938 5324 1070 5380 dicit
1125 5328 1483 5394 Sozomenus,
1546 5339 1802 5398 tanquam
1852 5332 1918 5384 de

341 5405 521 5473 rcipsa
555 5405 713 5461 factis
739 5411 921 5466 minus
943 5416 1329 5473 verosimiliter
1364 5419 1607 5488 loquitur
1638 5421 1913 5485 Socrates,

341 5506 404 5545 ac
431 5503 545 5547 tum
576 5495 796 5550 demum
843 5497 1106 5554 Joannem
1152 5507 1244 5567 ait,
1304 5521 1370 5560 ne
1422 5507 1611 5560 eadem
1653 5506 1919 5574 postridie

345 5585 694 5649 itcrat-cntur,
737 5587 985 5657 ingresso
1027 5608 1218 5648 rursus
1248 5597 1300 5648 in
1350 5597 1634 5652 ecclesiam
1682 5596 1918 5666 Epipha-

345 5676 439 5728 nio
471 5675 689 5730 misisse
715 5675 1086 5748 Serapionem.

2013 3122 2308 3186 Bullinum,
2340 3119 2561 3190 scriptis
2597 3133 2742 3173 anno
2775 3116 2902 3184 402,
2933 3125 3080 3170 recte
3110 3114 3302 3185 probat
3324 3129 3448 3168 eum
3481 3127 3594 3167 non

2011 3215 2213 3270 obiisse
2244 3213 2434 3268 eodem
2463 3226 2608 3266 anno
2643 3223 2828 3264 mense
2866 3207 3008 3262 Maio
3034 3224 3049 3273 ;
3093 3207 3168 3260 ita
3198 3221 3264 3262 ex
3293 3205 3405 3275 jam
3429 3205 3598 3260 dictis

2013 3305 2303 3375 colligitur,
2343 3305 2447 3358 isto
2474 3302 2694 3372 quidem
2738 3315 2885 3354 anno
2929 3313 3034 3352 non
3088 3297 3313 3360 obiisse,
3353 3297 3445 3351 sed
3491 3309 3599 3350 nec

2015 3398 2155 3451 ultra
2189 3397 2394 3466 primos
2423 3395 2540 3450 dies
2577 3393 2698 3447 Maii
2737 3392 2864 3446 anni
2905 3392 3189 3461 sequentis
3234 3389 3401 3444 vitam
3466 3403 3595 3459 pro-

2012 3505 2258 3559 rogasse.

2081 3582 2171 3636 45.
2203 3580 2438 3635 Excusat
2475 3578 2616 3634 idem
2652 3574 2921 3631 Baronius
2957 3572 3343 3645 Epiphanium,
3381 3581 3436 3628 et
3478 3586 3596 3628 me—

2013 3675 2120 3728 rito
2148 3681 2393 3742 excusat,
2428 3671 2482 3723 in
2511 3669 2724 3738 iisquae
2764 3667 2830 3722 de
2862 3666 3156 3721 Ammonio
3188 3673 3242 3721 ct
3276 3664 3441 3719 sociis
3472 3679 3597 3718 cre-

2012 3767 2183 3830 didit;
2224 3779 2290 3818 eo
2324 3761 2468 3833 quod
2508 3781 2527 3812 ι
2568 3759 2909 3830 Theophilus
2941 3773 3051 3813 non
3100 3757 3330 3828 privatis
3379 3767 3595 3810 tantum

2013 3858 2234 3924 litteris,
2275 3857 2369 3912 sed
2429 3855 2783 3927 synodalibus
2830 3869 2898 3909 ex
2949 3851 3181 3907 concilio
3220 3849 3597 3904 Alexandrino

2013 3949 2266 4018 scriptis,
2329 3947 2551 4002 haeresis
2601 3961 2698 4001 eos
2754 3943 3038 4000 convictos
3083 3949 3246 4010 atque
3304 3939 3600 3994 damnatos

2014 4041 2452 4110 significaverat;
2489 4057 2504 4088 ι
2537 4037 2632 4092 sed
2667 4052 2776 4092 non
2821 4035 2944 4089 ideo
2982 4032 3351 4088 Sozomenum
3397 4045 3599 4100 argue-

2015 4135 2116 4188 rim
2142 4133 2356 4202 injuriae
2399 4130 2665 4186 adversus
2703 4127 3089 4199 Epiphanimn,
3127 4133 3220 4178 aut
3252 4123 3420 4177 nimis
3464 4135 3595 4192 erga

2017 4222 2306 4295 Origenem
2363 4220 2588 4286 favoris,
2645 4221 2775 4275 dum
2836 4217 3047 4273 inducit
3101 4214 3253 4268 illum
3305 4213 3595 4276 fatentem,

2017 4317 2161 4386 quod
2193 4315 2310 4370 solo
2339 4313 2526 4367 auditu
2562 4313 2626 4367 de
2663 4311 2731 4366 iis
2766 4309 3100 4380 cognoverit.
3131 4305 3266 4360 Nam
3301 4319 3478 4375 neque
3516 4314 3597 4358 te-

2021 4404 2168 4462 mer'e
2225 4404 2454 4460 credidit
2502 4402 2613 4458 illis
2659 4400 2948 4472 Theophili
2999 4399 3190 4453 litteris
3231 4395 3593 4467 Epiphanius,

2018 4505 2202 4568 utpote
2233 4515 2251 4547 ι
2295 4509 2416 4564 quae
2451 4493 2723 4548 seirentur
2757 4494 2810 4544 in
2861 4491 3050 4546 orbem
3097 4489 3388 4558 divulgata:
3431 4499 3597 4557 atque

2018 4597 2246 4657 receptae
2286 4587 2354 4639 ab
2389 4585 2680 4640 Anastasio
2722 4581 2968 4636 Romano
3005 4581 3261 4651 pontifice
3300 4599 3312 4634 :
3357 4598 3376 4630 ›
3417 4595 3597 4650 neque

2017 4689 2197 4734 tamen
2228 4679 2294 4732 ad
2331 4678 2691 4748 quaestionem
2722 4675 2999 4730 Ammonii
3038 4674 3200 4728 aliter
3229 4672 3464 4727 debebat
3506 4689 3597 4728 re-

2017 4769 2308 4840 spondere,
2339 4771 2431 4840 qui
2460 4773 2579 4840 ejus
2611 4785 2674 4824 ac
2700 4769 2976 4824 sociorum
3015 4781 3235 4822 causam
3263 4782 3357 4837 per
3399 4781 3457 4822 se
3487 4783 3597 4821 non

2017 4870 2384 4932 cognoverat;
2415 4870 2467 4915 ct
2492 4861 2722 4916 audiens
2757 4868 2962 4929 quanto
2993 4858 3067 4912 illi
3103 4868 3228 4928 erga
3265 4871 3324 4911 se
3353 4846 3598 4926 egissent

2017 4955 2490 5024 circumspectius,
2525 4968 2631 5006 non
2663 4959 2876 5021 poterat
2909 4967 3018 5006 non
3061 4949 3246 5019 aliquo
3283 4949 3597 5003 humanita-

2020 5048 2088 5102 tis
2121 5061 2284 5102 sensu
2320 5045 2674 5100 commoveri.
2710 5043 2867 5111 Quod
2894 5060 3026 5098 vero
3050 5044 3196 5098 dicat
3241 5042 3594 5105 Ammonius,

2021 5146 2250 5193 tulatum
2311 5152 2369 5192 se
2423 5135 2624 5190 famam
2678 5135 2965 5205 Epiphanii
3024 5134 3287 5189 adversus
3342 5146 3439 5185 eos
3503 5132 3596 5200 qui

2021 5231 2172 5283 illum
2207 5230 2480 5283 hmrescos
2517 5228 2932 5290 insimulabant,
2972 5225 3258 5280 sciendum
3289 5231 3372 5277 est
3405 5223 3456 5275 in
3490 5223 3596 5286 his,

2023 5321 2331 5375 Sozomeno
2364 5329 2501 5374 teste
2528 5321 2624 5372 lib.
2656 5335 2774 5377 νιιι.
2811 5333 2932 5387 cap.
2967 5317 3054 5383 14,
3104 5316 3273 5370 fuisse
3305 5315 3600 5383 ipsummet

2022 5413 2410 5482 Theophilum,
2469 5412 2708 5466 nondum
2765 5409 3040 5464 Ammonii
3084 5416 3139 5460 et
3189 5405 3420 5459 fratrum
3480 5406 3601 5472 eius

2024 5505 2338 5568 inimicum;
2400 5505 2493 5572 qui
2556 5523 2574 5554 σ
2623 5513 2778 5556 antea
2831 5500 3190 5570 Epiphanium
3252 5497 3605 5565 reprehendit

2023 5599 2180 5668 quasi
2224 5597 2386 5650 Deum
2425 5598 2667 5651 humana
2693 5595 2872 5664 specie
2909 5594 3191 5662 prahditum
3238 5591 3600 5657 opinaretur;

2031 5699 2216 5753 postea
2242 5702 2394 5751 vero,
2428 5685 2589 5757 quasi
2635 5685 2960 5752 resipiscens
3000 5697 3182 5738 veram
3228 5681 3443 5734 tandem
3477 5694 3608 5734 sen-
