3808 6136
238 301 335 359 HI

1272 300 1331 356 S.
1376 300 1721 358 ΕΡΙΡΗΛΝΙΙ
1756 304 1937 360 ACTA
1972 306 2469 363 BOLIANDIANA.

3394 310 3497 367 M‘l

239 425 469 480 tentiam
502 425 624 496 ejus
654 433 775 481 esSe
800 423 1133 492 agnovisset,
1172 421 1314 477 idem
1346 437 1404 478 se
1426 438 1552 477 cum
1586 424 1676 476 illo
1702 439 1815 478 sen-
1848 432 1891 486 Α
1922 427 2033 481 tine
2085 427 2229 480 edita
2281 426 2584 480 habebatur
2642 424 2695 478 in
2759 425 2800 478 ll
2861 433 3009 480 torno
3050 424 3307 496 Operam.
3336 425 3455 494 ejus
3476 466 3494 494 ,

237 521 345 573 tire
376 518 620 587 scripsit,
641 525 696 573 et
713 514 966 585 Origenis
995 514 1163 568 libros
1187 512 1508 567 calquniari
1540 514 1760 578 institit,
1794 533 1813 566 ο

238 610 295 663 in
321 624 431 680 quo
462 609 829 680 reprobando,
861 608 909 662 si
947 606 1174 661 haberet
1220 604 1528 675 adjutorem
1580 605 1821 676 Epipha-

240 701 417 766 nium,
454 700 667 755 facilem
722 701 826 755 sibi
884 696 1190 768 spondebat
1244 698 1312 753 de
1369 698 1657 754 monachis
1713 699 1820 755 illis

238 792 550 857 victoriam,
586 791 679 861 qui
715 790 844 845 dum
896 789 1008 844 Deo
1060 789 1382 859 incorporeo
1431 791 1683 860 corporis
1724 793 1821 845 hu-

239 884 390 937 mani
452 882 685 937 formam
749 892 857 937 non
907 893 1029 937 esse
1068 880 1436 937 defendebant
1493 882 1822 938 auctoritate

236 976 517 1047 Origenis,
577 975 680 1030 sub
728 975 934 1030 invidia
988 974 1154 1045 hujus
1204 975 1443 1031 nominis
1498 975 1821 1031 videbantur

243 1083 408 1137 posse
435 1068 693 1137 Opprimi.
733 1067 889 1133 Quod
923 1081 1050 1123 cum
1090 1082 1253 1136 agere
1282 1065 1646 1137 TheOphilum
1676 1067 1823 1122 vide-

242 1167 327 1212 ret
354 1158 802 1229 Chrysostmnus,
833 1158 1136 1213 monachos
1164 1157 1286 1213 illos
1312 1170 1419 1211 non
1446 1158 1555 1213 nisi
1586 1165 1733 1213 recta
1757 1158 1823 1212 de

246 1249 358 1304 Deo
398 1260 626 1307 eatenus
674 1252 877 1306 sentire
909 1250 1276 1320 comperiens,
1325 1251 1637 1305 merebatur
1668 1259 1822 1305 extra

244 1340 462 1409 culpam
494 1339 681 1394 haberi
718 1340 772 1393 in
812 1352 877 1393 eo
919 1356 1083 1409 quem
1115 1340 1251 1410 ipsis
1285 1341 1581 1409 praestabat
1614 1339 1818 1396 favore.

242 1428 512 1484 Caeterum
546 1432 628 1485 uti
678 1430 1035 1501 Epiphaniam
1069 1430 1136 1485 de
1179 1431 1823 1502 Anthropomorphoseos

245 1521 438 1574 haeresi
495 1529 810 1591 suspectum
860 1521 1196 1590 Theophilus
1262 1522 1536 1576 immerito
1592 1522 1820 1587 habuit,

247 1629 270 1661 ι
307 1612 625 1667 hzereticum
672 1623 728 1668 et
772 1614 1087 1668 schismatis
1132 1623 1413 1668 auctorem
1449 1632 1467 1665 υ
1499 1614 1551 1667 in
1592 1614 1821 1684 epistola

244 1704 480 1771 quadam
511 1705 679 1773 priori
710 1716 940 1772 vocans,
977 1708 1056 1760 uti
1079 1706 1269 1762 scribit
1302 1703 1581 1760 Palladius
1614 1705 1667 1758 in
1697 1704 1824 1760 Dia-

244 1792 373 1862 logo
411 1794 478 1847 de
503 1793 561 1847 S.
593 1793 801 1855 Joanne
840 1797 1274 1867 Chrysostomo;
1309 1796 1389 1851 sic
1424 1796 1622 1851 merito
1645 1797 1822 1865 potuit
1853 1782 1895 1837 Β

238 1901 372 1941 eum
412 1887 555 1957 apud
596 1903 653 1942 se
683 1899 1007 1943 excusatum
1044 1891 1447 1959 probatumque
1488 1887 1821 1959 significare,

246 1992 357 2030 non
407 1988 467 2031 ut
517 1978 1135 2049 Anthroposnorphitam
1185 1981 1366 2050 (quod
1417 1995 1604 2034 revera
1655 1980 1822 2034 etiam

246 2065 586 2138 TheOphilus
618 2082 725 2124 non
756 2069 905 2141 fuit),
951 2072 1046 2126 sed
1079 2079 1136 2125 ut
1186 2072 1471 2126 commode
1508 2072 1621 2140 jam
1659 2071 1824 2126 intel-

244 2158 470 2225 lectum,
510 2173 667 2231 prout
690 2162 914 2233 intelligi
947 2168 1109 2234 poSse
1129 2164 1295 2219 etiam
1326 2164 1652 2218 Ammonius
1675 2178 1824 2219 com-

245 2251 501 2319 pro‘barat
512 2290 527 2305 .

320 2343 410 2396 44.
447 2343 615 2399 Multa
640 2354 770 2401 sunt
798 2346 902 2400 alia
936 2346 1078 2400 haud
1102 2345 1286 2416 m‘agni
1313 2347 1742 2419 momenti,qug
1768 2347 1824 2400 in

247 2433 541 2489 Sozomeni
569 2435 636 2490 de
686 2435 990 2506 Epiphanio
1034 2438 1611 2508 narratione'sugillat
1656 2438 1825 2493 Baro-

245 2524 394 2587 nius,
428 2525 628 2595 quibus
668 2541 779 2581 non
825 2537 909 2582 est
959 2541 1137 2597 operae
1188 2528 1422 2597 pretium
1490 2528 1819 2583 immorari:

244 2631 417 2669 unum
440 2625 619 2672 tamen
657 2633 764 2672 non
796 2619 1264 2688 prtetermiserim,
1297 2618 1444 2689 quod
1474 2621 1668 2674 attinet
1699 2635 1827 2674 con-

242 2708 547 2762 tentionem
582 2709 867 2780 Epiphanii
914 2728 1040 2766 eum
1091 2713 1460 2781 imperatrice,
1501 2713 1660 2782 quasi
1701 2713 1825 2766 lon-

242 2805 474 2873 gissime
499 2824 520 2856 ί
557 2806 773 2861 aberret
812 2822 842 2860 a
879 2821 1029 2873 vero,
1076 2818 1137 2862 ut
1194 2806 1464 2870 Eudoxia,
1512 2806 1825 2876 perinfensa

241 2893 662 2965 Chrysostomo,
713 2896 906 2950 faverit
952 2898 1241 2953 monachis
1295 2898 1442 2962 illis,
1494 2911 1548 2953 et
1598 2896 1828 2967 Epipha-

245 2984 401 3039 nium
435 2983 601 3041 fuerit
633 2998 899 3055 aversata,
943 3008 962 3041 ι
999 3003 1096 3045 eos
1129 2988 1380 3044 damnari
1414 2988 1497 3044 sic
1538 2988 1827 3058 postulan-

1920 522 2082 571 etiam
2112 516 2299 570 multis
2333 517 2387 570 in
2409 516 2546 571 locis
2579 532 2608 570 a
2653 531 2712 571 se
2755 515 3087 585 recognitam
3144 486 3497 570 dare‘voluit

1925 607 2212 679 Dionysius
2244 605 2520 672 Petavius,
2559 624 2578 659 ι
2617 622 2685 661 ne
2706 605 2858 677 quid,
2894 607 3041 677 quod
3078 604 3365 675 Epiphanii
3389 621 3495 661 no-

1922 701 2067 753 mine
2099 708 2379 769 utcunque
2405 709 2487 755 est
2526 699 2871 770 inscriptum,
2906 698 3241 752 desideraret
3261 697 3488 753 iector.i

1923 792 2247 863 Quanquam
2281 793 2425 848 enim
2468 792 2583 863 ipse
2638 806 2859 861 quoque
2890 787 3189 859 judicaret,
3239 789 3384 858 quod
3430 802 3497 843 ea

1929 905 1948 938 ‹
1990 886 2044 940 in
2072 886 2348 956 plerisque
2383 884 2580 939 fabula:
2611 892 2696 938 est
2730 896 2895 953 quam
2947 880 3193 936 historia:
3242 880 3491 949 propior,

1919 976 2243 1048 jamdudum
2301 978 2356 1031 in
2418 977 2713 1031 Annalibus
2772 974 3040 1029 Baronius
3090 972 3408 1036 admonuit,
3470 970 3489 1023 ὸ

1923 1069 2180 1148 sperabat
2213 1077 2391 1123 tamen
2426 1086 2444 1118 ι
2472 1064 2586 1121 fore
2611 1086 2630 1118 ι
2663 1072 2722 1121 ut
2755 1083 2775 1117 t
2809 1065 2862 1120 in
2887 1063 3152 1120 lutulenta
3181 1063 3271 1118 illa
3304 1077 3498 1117 narra-

1924 1162 2074 1217 tione
2111 1181 2128 1213 ι
2161 1169 2306 1216 esset
2330 1178 2350 1212 ι
2395 1159 2647 1214 fortassis
2681 1155 2826 1229 quod
2887 1157 3075 1213 tollere
3112 1156 3289 1226 possis
3325 1174 3338 1209 :
3370 1166 3497 1209 nam

1930 1271 1950 1306 ι
1986 1251 2212 1322 alioqui,
2251 1271 2271 1304 ι
2305 1252 2505 1321 inquit,
2540 1269 2561 1303 ‹
2591 1251 2761 1305 multa
2782 1249 3044 1314 continet,
3063 1262 3184 1318 qua:
3212 1261 3339 1302 eum
3369 1256 3500 1299 vera

1926 1352 2258 1416 receptaque
2284 1345 2352 1399 ab
2384 1343 2644 1400 omnibus
2679 1343 2911 1398 historia
2945 1350 3313 1396 consentanea
3348 1344 3497 1404 sunt,

1926 1440 2018 1494 sed
2061 1440 2248 1493 eadem
2284 1436 2519 1492 admista
2554 1436 2751 1491 falsis:
2785 1436 2838 1490 in
2868 1435 3070 1504 quibus
3097 1432 3496 1494 discernendis.

1926 1530 1970 1585 si
1998 1530 2133 1584 nihil
2164 1529 2335 1596 aliud,
2368 1539 2541 1593 tuum,
2571 1528 2744 1583 lectOr
2776 1527 3198 1590 humanissime,
3226 1525 3496 1595 judicium

1926 1636 1991 1677 ac
2050 1622 2273 1693 κριτικὴ
2334 1621 2435 1692 τῆς
2497 1620 2737 1690 ἱστορίας
2792 1618 3021 1689 δύναμις
3070 1618 3315 1673 exerceri
3368 1624 3500 1687 pos-

1927 1713 2018 1768 sit.
2058 1731 2077 1763 ›
2118 1711 2250 1778 Quae
2295 1720 2350 1766 et
2390 1722 2662 1781 quatenus
2709 1725 2838 1765 vera
2876 1709 3023 1764 credi
3072 1710 3324 1773 debeant,
3364 1709 3499 1763 satis

1923 1818 1990 1859 ex
2021 1805 2290 1874 capitibus
2322 1802 2759 1874 praecedentibus
2780 1801 2955 1856 lector
2986 1800 3253 1879 intelliget
3286 1818 3298 1853 :
3331 1814 3495 1869 quam

1924 1899 2093 1953 multa
2127 1898 2238 1953 sint
2273 1896 2560 1952 manifeste
2595 1892 2756 1961 falsa,
2790 1909 2938 1949 nunc
2978 1893 3267 1965 aggrediar
3319 1891 3497 1961 expli-

1923 2006 2065 2045 care.
2101 1988 2214 2046 Hoc
2237 1999 2417 2045 autem
2447 1988 2611 2052 facto,
2641 1988 2941 2059 apparebit,
2975 1995 3173 2042 caetera
3205 1987 3347 2041 inter
3381 1985 3499 2041 haec

1924 2085 2102 2139 media
2127 2080 2399 2154 ejusmodi
2429 2098 2573 2149 esse,
2601 2091 2661 2137 ut
2686 2081 2814 2137 licet
2846 2096 2941 2150 per
2976 2078 3159 2150 seipsa
3186 2079 3345 2133 Iidem
3388 2095 3495 2133 non

1924 2174 2241 2240 excludant,
2284 2189 2405 2228 eam
2455 2182 2635 2227 tamen
2688 2171 2929 2241 prudens
2974 2174 3136 2224 nemo
3192 2168 3309 2222 dari
3366 2166 3500 2237 ipsis

1925 2267 2117 2337 possit,
2151 2265 2395 2335 quandiu
2424 2279 2533 2319 non
2556 2264 2722 2319 alium
2752 2264 3030 2317 auctorem
3061 2256 3312 2315 sciuntur
3332 2259 3502 2312 hahe-

1922 2373 1982 2413 re
2017 2372 2044 2411 a
2081 2354 2506 2411 mendacissimo
2548 2354 2709 2409 istius
2748 2351 2882 2407 Vita:
2937 2348 3312 2420 compilatore.
3345 2346 3502 2401 Hunc

1927 2455 1980 2500 tu
2014 2460 2143 2500 cave
2182 2458 2249 2499 ne
2278 2443 2700 2514 Metaphrastem
2731 2456 2853 2496 esse
2883 2455 2951 2496 ex
2972 2439 3121 2510 vulgi
3160 2452 3349 2494 errore
3381 2451 3505 2492 cre—

1925 2536 2045 2602 das,
2099 2550 2222 2590 cum
2276 2535 2450 2606 stylus
2510 2533 2717 2604 passim
2768 2531 3022 2588 concisus
3060 2532 3093 2585 a
3141 2529 3283 2600 stylo
3332 2526 3505 2582 Meta-

1926 2627 2165 2698 phrastis
2196 2626 2473 2697 periodico
2510 2633 2563 2680 et
2591 2624 2760 2679 fluido
2792 2622 3208 2679 diversiSsimus
3231 2620 3324 2675 sit.
3357 2617 3506 2673 Prae-

1926 2716 2030 2771 fert
2076 2715 2165 2771 illa
2228 2713 2352 2769 Vita
2414 2715 2650 2769 duorum
2713 2712 3111 2782 diScipuIOrum
3177 2710 3405 2765 Joannis
3452 2714 3507 2764 et

1926 2806 2157 2878 Polynii,
2193 2804 2410 2878 utAdixi,
2441 2804 2665 2859 nomina
2700 2812 2721 2857 :‘
2751 2803 2845 2873 qui
2869 2809 2924 2858 et
2965 2802 3021 2856 in
3058 2802 3229 2869 prima
3272 2814 3505 2870 persona

1928 2872 2131 2966 ubique
2161 2872 2484 2966 loquuntur,
2526 2894 2654 2950 licet
2692 2872 2835 2948 unus
2870 2892 3127 2962 idemque
3160 2892 3231 2946 sit
3281 2906 3311 2945 a
3357 2891 3504 2959 prin-

1929 2989 2074 3060 cipio
2096 3003 2272 3058 usque
2300 2988 2366 3042 ad
2399 2985 2562 3042 finem
2597 2985 2793 3058 stylus,
2820 2984 3049 3055 proinde
3069 2988 3178 3037 no‘n
3204 2982 3310 3037 nisi
3336 2994 3505 3035 unum

242 3085 378 3132 tem.
418 3073 554 3131 Nam
581 3087 638 3133 et
660 3079 738 3133 illi
766 3080 973 3151 absque
999 3079 1210 3135 Joanne
1240 3088 1537 3150 potuerunt
1570 3092 1692 3135 sese
1715 3080 1820 3133 im-
1857 3112 1901 3173 α
1934 3090 2213 3136 auctorem
2247 3079 2477 3144 referat;
2514 3092 2623 3132 non
2663 3086 2845 3132 tamen
2868 3076 3092 3131 omnino
3122 3074 3500 3144 rejiciendum,

244 3171 484 3225 mediate
508 3171 562 3224 in
592 3171 711 3242 ejus
741 3173 970 3241 gratiam
1015 3173 1344 3237 insinuasse,
1376 3181 1432 3227 et
1471 3182 1597 3242 post
1622 3173 1829 3244 primas

241 3260 322 3315 ob
353 3276 544 3330 agrum
574 3262 749 3316 viduae
777 3262 1018 3316 ablatum
1072 3263 1240 3328 rixas,
1284 3277 1458 3334 usque
1495 3264 1633 3319 adeo
1688 3278 1832 3319 rese-

241 3352 405 3407 derat
428 3352 795 3421 imperatricis
840 3353 1161 3424 indignatio,
1211 3363 1270 3409 ut
1311 3354 1365 3409 in
1425 3356 1656 3425 gratiam
1702 3370 1829 3411 cum

244 3443 461 3500 Joanne
485 3445 682 3501 debeat
708 3446 937 3502 rediisse
972 3447 1218 3515 censeri;
1257 3447 1459 3517 quippe
1509 3462 1633 3517 quae
1683 3448 1828 3503 haud

246 3537 341 3590 diu
370 3547 494 3606 post
523 3537 663 3591 inter
690 3536 957 3593 Joannem
1005 3548 1061 3593 et
1114 3539 1471 3593 Severianum
1524 3540 1830 3595 concordiae

244 3627 563 3695 mediatrix,
592 3646 613 3679 ι
658 3627 712 3683 in
749 3630 983 3685 ecclesia
1016 3630 1403 3701 ApOStolorum
1449 3634 1618 3687 [ilium
1667 3648 1828 3688 suum

244 3718 643 3786 Theodosium,
684 3728 814 3775 tunc
861 3722 1158 3776 admodum
1212 3738 1467 3793 puerum,
1527 3724 1595 3778 ad
1653 3739 1828 3792 genua

244 3811 478 3867 Joannis
506 3812 793 3883 abjiciens,
825 3823 879 3867 et
912 3828 1005 3882 per
1041 3814 1189 3869 illius
1223 3823 1388 3884 caput
1437 3815 1631 3869 crebro
1678 3816 1831 3869 obte-

246 3914 425 3969 stans,
458 3904 643 3977 abillo
672 3904 912 3959 obtinuit
944 3914 1003 3958 ut
1047 3903 1401 3960 Severianum
1442 3906 1496 3959 in
1532 3905 1829 3960 amicitiam

244 4010 410 4051 suam
432 3995 760 4063 admitteret,
799 4015 819 4048 ι
854 3998 929 4051 uti
963 3997 1156 4052 scribit
1181 3998 1439 4052 Socrates
1475 3996 1569 4051 lib.
1600 4012 1676 4060 vs,
1704 4010 1824 4066 cap.

252 4087 342 4140 it.
372 4083 505 4152 Quae
526 4096 709 4142 autem
737 4086 934 4143 deinde
961 4100 1165 4142 secutae
1205 4094 1334 4141 sunt
1382 4087 1665 4157 graviores
1697 4102 1831 4156 que-

247 4174 399 4241 relae,
428 4193 507 4232 eat
534 4179 771 4249 primum
809 4189 1096 4248 coeperunt
1124 4188 1410 4248 postquam
1445 4178 1830 4233 Constantino-

249 4271 361 4342 poli
388 4271 734 4326 discessisset
766 4269 1123 4340 Epiphanius.
1174 4269 1280 4324 Sed
1335 4269 1470 4323 nihil
1510 4270 1563 4323 in
1600 4271 1699 4323 hac
1728 4268 1833 4323 Ba-

247 4362 394 4417 ronii
444 4378 682 4417 censura
734 4363 976 4417 admiror
1027 4364 1237 4433 magis,
1290 4376 1453 4431 quam
1505 4363 1650 4431 quod
1698 4363 1828 4416 Acta

1934 3172 1981 3228 si
2001 3186 2129 3227 vera
2162 3173 2397 3226 duorum
2422 3170 2654 3225 istorum
2678 3169 2881 3239 scripta
2912 3182 3025 3238 pra:
3054 3166 3230 3222 oculis
3275 3164 3503 3225 habens,

1932 3280 2034 3320 suo
2075 3264 2161 3319 illa
2202 3264 2471 3319 duntaxat
2508 3270 2836 3318 exornasset
2876 3269 3152 3323 sermone,
3188 3247 3357 3312 sensu
3388 3270 3508 3311 ser-

1932 3369 2079 3414 vato.
2109 3354 2226 3424 Qua
2270 3365 2451 3410 autem
2494 3362 2653 3410 aetate
2702 3354 2795 3409 ille
2841 3351 3147 3422 scripserit,
3191 3349 3315 3420 quis
3369 3346 3512 3403 divi-

1930 3450 2112 3505 nando
2168 3448 2574 3519 consequetur?
2608 3444 2726 3503 Hoc
2770 3446 3006 3512 certum,
3054 3441 3269 3499 decimo
3308 3439 3511 3497 saeculo

1933 3546 2167 3616 priorem
2200 3541 2390 3609 fuisse,
2447 3541 2670 3611 quando
2702 3551 2757 3595 et
2796 3536 2910 3594 Leo
2956 3539 3275 3607 imperator,
3304 3548 3510 3603 cogno—

1930 3645 2115 3691 mento
2148 3633 2399 3705 Sapiens,
2426 3633 2530 3687 sub
2552 3642 2664 3702 quo
2690 3632 2854 3707 etiam
2880 3626 3276 3697 Metaphrastes
3303 3620 3510 3684 ﬂoruit,

1945 3728 2124 3782 Vitam
2149 3728 2296 3783 illam
2333 3716 2554 3783 secutus
2579 3732 2662 3781 est
2693 3724 2748 3777 in
2777 3721 3051 3778 laudando
3082 3718 3510 3789 Chrysostomo;

1930 3833 1985 3876 et
2006 3821 2245 3890 elegium
2284 3835 2348 3873 ex
2389 3833 2454 3872 ea
2488 3816 2766 3888 sumptum
2795 3813 3070 3869 invenitur
3112 3812 3166 3865 in
3211 3809 3512 3881 Synaxario

1934 3914 2115 3969 Basilii
2159 3914 2505 3980 imperatoris
2552 3903 3031 3977 Porphyrogeniti,
3085 3911 3145 3956 ut
3186 3902 3253 3956 de
3296 3898 3511 3952 Mena't's

1931 4005 2150 4061 excusis
2180 4001 2315 4057 nihil
2337 4000 2537 4055 dicam.

2003 4096 2089 4151 56.
2122 4095 2185 4149 in
2223 4094 2323 4147 hac
2370 4090 2480 4145 vita
2513 4087 2849 4160 Epiphanius
2909 4090 3063 4157 patre
3095 4082 3355 4155 agricola,
3392 4093 3513 4133 ma-

1933 4198 2014 4244 tre
2058 4186 2281 4249 liniiica,
2332 4182 2601 4238 ambobus
2634 4178 2860 4244 Judaeis,
2908 4186 3071 4232 natus
3128 4175 3329 4231 dicitur
3385 4184 3511 4226 cum

1933 4290 2123 4336 sorore
2149 4277 2474 4346 Callitro‘pe;
2523 4280 2765 4342 cumque
2805 4269 3069 4329 decennis
3110 4276 3259 4324 esset
3306 4267 3514 4320 amisso

1932 4383 2105 4442 patre,
2132 4370 2323 4439 jussus
2367 4367 2434 4423 ad
2478 4366 2727 4421 alendam
2776 4362 3043 4417 familiam
3089 4361 3314 4416 unicum
3365 4370 3509 4428 quoa

247 4453 570 4524 Epiphanii,
603 4469 726 4524 quae
757 4463 887 4509 sunt
926 4453 1068 4524 apud
1104 4453 1469 4523 Lipomanum
1508 4460 1562 4507 et
1604 4452 1823 4507 Suriqu

1935 4462 2257 4533 suppetebat
2288 4458 2525 4514 vendere
2545 4458 2878 4527 jumentum,
2914 4463 3064 4510 tanta
3097 4452 3372 4524 negotium
3398 4450 3516 4507 sin-

247 4548 356 4605 sub
387 4548 611 4602 nomine
636 4545 1039 4616 Metaphrastis,
1058 4545 1359 4600 mendaciis
1385 4553 1594 4600 scatere
1619 4544 1829 4611 dicens,

244 4642 332 4695 uti
364 4655 555 4695 revera
586 4649 798 4695 scatere
841 4654 965 4695 mox
1006 4639 1328 4704 ostendam;
1379 4654 1445 4693 ex
1498 4639 1568 4693 iis
1607 4652 1833 4709 prorsus

246 4732 473 4789 veritati
499 4732 836 4786 contrariam
882 4728 1132 4800 proferat
1177 4729 1549 4786 narrationem
1592 4729 1659 4784 de
1695 4718 1832 4783 ~eon-

246 4839 443 4892 gressu
494 4832 548 4876 et
582 4822 937 4877 contentione
975 4818 1267 4889 Epiphanii
1325 4828 1490 4888 atque
1548 4817 1829 4874 Eudoxite.

244 4915 363 4973 Nec
406 4914 573 4969 refert
626 4914 771 4983 quod
815 4913 1005 4967 eadem
1055 4912 1246 4967 eodem
1297 4910 1413 4966 fere
1456 4911 1620 4966 modo
1672 4913 1726 4965 in
1773 4910 1831 4965 S.

245 5006 482 5062 Joannis
508 5005 888 5077 Chrysostomi
919 5005 1172 5059 eneomio
1202 5003 1424 5073 scripsit
1448 5001 1561 5057 Leo
1607 5003 1837 5072 impera-

250 5111 340 5156 tor
370 5117 385 5152 :
414 5100 502 5153 hic
527 5099 698 5163 enim,
727 5098 976 5167 quinque
1022 5104 1149 5167 post
1180 5109 1296 5151 rem
1340 5103 1549 5166 gestam
1592 5095 1829 5159 smculis,

246 5194 514 5260 deceptus
552 5189 656 5243 fuit
708 5188 913 5259 spuriis
968 5187 1079 5242 illis
1137 5187 1316 5252 Actis;
1362 5202 1537 5256 eaque
1573 5187 1836 5243 transcri-

249 5299 360 5357 psu
384 5294 659 5355 quatenus
704 5282 775 5339 ad
816 5297 977 5340 suum
1029 5290 1415 5351 argumentum
1460 5280 1639 5336 facere
1686 5282 1835 5336 vide-

249 5381 471 5434 bantur.

865 5465 1096 5523 CAPUT
1141 5465 1224 5519 vr.
1513 5444 1520 5479 ‘

369 5586 766 5643 Examinantur
804 5587 940 5639 Acta
970 5587 1135 5650 edita,
1172 5593 1428 5655 quatenus
1465 5602 1494 5637 α
1525 5582 1731 5636 Joanne

727 5658 1026 5724 conscripta
1066 5656 1360 5726 ﬁnguntur.

326 5752 420 5806 45.
465 5747 643 5805 Vitam
676 5746 921 5805 Gracam
956 5747 1014 5801 S.
1048 5745 1358 5817 Epiphanii,
1390 5762 1511 5817 quae
1561 5746 1691 5803 olim
1742 5744 1839 5800 La-

1934 4552 2157 4609 eeritate
2177 4551 2375 4621 egisse,
2396 4558 2457 4603 ut
2479 4547 2732 4619 quamvis
2754 4546 3083 4602 indomitum
3119 4543 3277 4610 alias,
3310 4542 3364 4595 in
3392 4541 3514 4611 ipso

1928 4642 2057 4699 foro
2088 4640 2360 4711 placidum
2400 4653 2459 4694 se
2485 4636 2749 4708 praeberet
2780 4644 2980 4708 praeter
3026 4649 3259 4701 morem,
3319 4632 3513 4687 vitium

1938 4744 2116 4791 tamen
2151 4732 2405 4788 indicarit
2435 4731 2665 4786 licitanti
2695 4729 2926 4795 Jacobo,
2954 4729 3100 4800 quod
3125 4725 3377 4796 religioni
3407 4724 3514 4781 sibi

1936 4830 2161 4884 duceret
2183 4825 2368 4880 fallere
2397 4824 2644 4894 ejusdem
2676 4823 2955 4893 religionis
2983 4821 3262 4876 hominem
3294 4837 3308 4872 ς
3342 4832 3515 4888 quare

1937 4919 2111 4976 tribus
2156 4919 2225 4973 ab
2257 4933 2323 4974 eo
2357 4920 2593 4973 donatus
2647 4916 2908 4982 nummis,
2963 4913 3186 4969 domum
3228 4910 3517 4966 reverterit

1936 5026 2061 5068 eum
2111 5012 2228 5082 ipso
2253 5011 2502 5081 jumento
2541 5028 2553 5064 :
2595 5023 2626 5062 a
2665 5023 2775 5077 quo
2809 5004 3004 5061 deinde
3022 5017 3291 5059 excussus
3325 5002 3380 5056 in
3428 5001 3514 5057 via

1938 5104 2282 5176 graviterque
2322 5104 2503 5166 Iasus,
2548 5117 2644 5171 per
2695 5097 3165 5167 supervenientem
3221 5096 3513 5167 quemdam

1940 5195 2225 5251 Cleohium
2280 5193 2698 5253 Christianum,
2766 5196 2993 5245 sanatus
3063 5192 3267 5244 virtute
3336 5191 3515 5244 crucis

1942 5286 2123 5341 fuerit.
2159 5283 2351 5339 Postea
2385 5297 2507 5338 cum
2541 5281 2773 5352 agellum
2810 5289 3094 5350 paternum
3127 5278 3519 5348 Eleutheropo-

1940 5379 2108 5433 litano
2148 5376 2365 5431 cuidam
2416 5375 2550 5445 legis
2603 5373 2779 5444 perito
2836 5387 2902 5429 ac
2950 5372 3103 5428 diviti
3163 5370 3374 5436 Judaeo,
3424 5371 3513 5427 cui

1939 5465 2196 5537 Tryphon
2234 5480 2454 5533 nomen,
2506 5463 2727 5520 offerret
2773 5465 3041 5530 venalem,
3084 5466 3153 5519 ab
3182 5480 3248 5520 eo
3282 5464 3514 5535 adopta-

1939 5570 2077 5622 tum,
2120 5568 2179 5613 ut
2227 5559 2581 5614 matrimonio
2622 5557 2747 5613 tiliae
2788 5558 2963 5613 unicae
3007 5556 3369 5629 jungendum,
3406 5556 3512 5611 nisi

1940 5655 2055 5709 hac
2086 5653 2194 5708 cito
2245 5660 2457 5708 mortua
2493 5649 2735 5717 fuisset;
2759 5659 2924 5721 atque
2959 5650 3033 5705 ita
3089 5657 3308 5704 mortuo
3348 5648 3512 5703 etiam

1944 5743 2292 5815 Thryphone,
2325 5746 2446 5813 ejus
2475 5752 2527 5797 et
2565 5741 2828 5798 doctrinae
2849 5751 2903 5798 et
2926 5740 3217 5813 epulentiae
3244 5739 3516 5795 mansisse
