3842 6182
302 298 405 351 “3

1312 292 1367 345 S.
1413 289 1755 346 EPIPIIAMI
1796 288 1979 344 ACTA
2024 278 2530 340 BOLLANDIANA.

3458 280 3564 335 ιιι

301 412 591 467 lueredem.
634 412 769 465 Tum
814 425 942 464 vero
993 410 1250 465 incidisse
1292 411 1347 465 in
1391 411 1722 466 monachum
1768 409 1876 464 Lu-
1903 417 1949 474 Α
1977 403 2397 474 quinquaginta,
2445 402 2656 457 leonem
2698 397 2888 453 multis
2919 397 3150 452 noxium
3186 410 3288 451 sua
3327 409 3565 466 praesen-

304 505 523 559 cianum
554 522 566 557 :
598 518 757 571 quem
791 517 913 556 cum
948 501 1175 555 vidisset
1204 502 1403 556 donata
1441 502 1666 573 pauperi
1704 510 1874 567 veste,

304 595 527 649 rarulida
562 595 666 647 alia
703 594 922 648 caelitus
972 592 1146 659 indui,
1189 593 1409 663 petierit
1445 603 1500 648 et
1531 592 1878 648 Christianus

303 697 354 738 et
411 685 715 739 monachus
770 683 934 739 ﬁeri:
989 698 1339 754 congrueque
1389 684 1694 739 instructus
1751 696 1875 736 cum

302 790 510 843 sorore,
550 783 604 831 et
633 776 701 830 ad
732 776 1040 845 ingressum
1064 776 1309 831 ecclesiae
1342 774 1717 830 decidentibus
1741 773 1882 828 ultro

302 866 501 922 calceis
530 866 782 934 nudipes,
808 866 1116 935 baptizatus
1144 866 1312 920 fuerit
1351 864 1423 919 ab
1466 865 1762 935 episcOpo;
1793 877 1883 917 ac-

304 959 587 1027 ceptisque
640 958 791 1012 mille
842 959 1046 1025 aureis,
1094 957 1380 1014 Veronicae
1415 965 1721 1012 matertera:
1771 970 1884 1011 suae

306 1047 592 1115 eidemque
622 1046 1047 1110 sanctimoniali,
1074 1056 1318 1102 sordrem
1367 1047 1783 1110 commendans,
1826 1045 1883 1098 in

309 1138 535 1194 Luciani
585 1138 919 1197 monasterio
974 1138 1151 1193 factus
1208 1138 1280 1193 sit
1336 1138 1660 1199 monachus,
1711 1152 1885 1193 annos

310 1238 471 1284 natus
513 1229 778 1295 sedecim,
824 1241 878 1283 et
930 1227 986 1282 S.
1048 1228 1317 1284 llilarioni
1370 1228 1615 1297 ejusdem
1656 1227 1887 1282 Lueiani

308 1320 576 1389 discipulo
610 1320 1045 1385 commendatus,
1089 1320 1268 1389 ipsum
1302 1327 1427 1387 post
1470 1326 1700 1373 mortem
1732 1331 1885 1371 com-

310 1413 493 1468 munis
522 1412 765 1482 magistri
831 1412 1082 1466 habuerit
1137 1426 1262 1466 cum
1307 1419 1503 1466 caetera
1546 1409 1889 1465 fraternitate

311 1505 678 1573 hegumenum
710 1517 805 1557 seu
848 1502 1118 1557 abbatem.

378 1597 467 1651 47.
507 1596 612 1673 Sed
653 1596 765 1666 jam
822 1596 1042 1651 aliunde
1086 1605 1342 1652 constare
1387 1596 1650 1662 vidimus,
1699 1609 1891 1649 mona-

309 1689 458 1745 slicae
498 1689 623 1747 vitae
674 1688 927 1743 tirocinia
984 1689 1039 1742 in
1087 1687 1323 1760 IEgypto
1360 1689 1614 1759 posuisse
1653 1686 1891 1757 Epipha-

310 1781 484 1844 nium,
519 1795 583 1835 ea
626 1778 765 1835 forte
815 1796 939 1850 quae
991 1779 1080 1835 hic
1140 1790 1364 1835 notatur
1412 1790 1590 1843 aetate,
1644 1779 1896 1850 quamvis

312 1872 528 1926 mallem
557 1871 781 1926 biennio
814 1873 1081 1940 majorem
1112 1872 1355 1929 credere.
1388 1873 1468 1926 Ad
1509 1871 1815 1926 Luciauum
1838 1878 1896 1933 et

312 1960 646 2018 Ililarionem
673 1963 819 2032 quod
865 1963 1080 2026 attinet,
1114 1970 1260 2031 patet
1303 1963 1575 2026 mendacii
1618 1960 1895 2016 evidentia

314 2066 377 2105 ex
404 2050 575 2121 ipsius
589 2049 884 2105 Hilarionis
910 2050 1050 2117 Vita,
1073 2051 1165 2120 qui
1189 2065 1364 2106 annos
1392 2050 1708 2120 quindecim
1735 2060 1896 2104 natus

314 2144 378 2197 ad
409 2141 708 2196 Antonium
738 2141 938 2197 abiisse
970 2142 1025 2196 in
1056 2140 1352 2212 [Egyptum
1404 2141 1607 2196 dicitur
1654 2141 1723 2195 ab
1770 2140 1899 2195 Hie-

314 2245 565 2304 ronymo,
596 2229 831 2300 indeque
864 2240 988 2300 post
1029 2231 1314 2285 biennium
1361 2215 1639 2287 revertens
1684 2231 1898 2301 primus

313 2322 641 2377 monasticae
682 2321 807 2376 vita:
867 2322 1177 2392 exemplum
1232 2322 1484 2378 retulisse
1529 2323 1583 2376 in
1641 2323 1897 2392 patriam,

313 2416 459 2486 quod
490 2429 637 2470 anno
666 2413 786 2485 ejus
815 2416 990 2470 aetatis
1030 2415 1102 2468 εξ
1153 2418 1310 2471 multi
1361 2417 1627 2485 coeperint
1672 2414 1901 2480 imitari,

314 2518 539 2563 eatenus
578 2515 762 2563 autem
814 2524 833 2558 ‹
894 2508 1128 2562 necdum
1184 2508 1404 2562 fuerant
1453 2506 1789 2562 monasteria
1847 2505 1901 2559 in

315 2600 623 2667 Palaestina,
653 2614 755 2655 nec
789 2599 1083 2669 quisquam
1132 2599 1464 2654 monachum
1497 2609 1623 2653 ante
1659 2596 1717 2652 S.
1752 2596 1903 2651 Ilila-

318 2693 530 2747 rionem
595 2692 649 2744 in
714 2689 875 2762 Syria
932 2700 1190 2759 noverat.
1250 2709 1269 2741 ι
1335 2689 1587 2759 Fingitur
1644 2697 1903 2760 praeterea

322 2783 721 2839 monasterium
756 2782 875 2851 ejus
901 2782 1048 2852 quod
1079 2797 1248 2852 prope
1274 2780 1477 2838 Gazam
1512 2781 1681 2837 fuisse
1703 2782 1900 2848 scitur,

319 2892 384 2929 eo
402 2874 573 2929 fuisse
604 2874 726 2928 loco
759 2882 817 2927 ut
847 2873 913 2928 ad
944 2873 1191 2942 quinque
1219 2873 1477 2926 milliaria
1498 2873 1729 2942 petenda
1762 2882 1909 2929 esset

321 2982 462 3035 aqua
507 2985 520 3019 ε
578 2981 686 3034 qua
739 2964 1030 3019 occasione
1079 2978 1205 3018 cum
1248 2964 1567 3034 contigisset
1606 2965 1793 3018 vinum
1839 2965 1907 3020 ab

321 3056 629 3127 Epiphanio
655 3056 708 3110 in
742 3071 942 3125 aquam
968 3057 1216 3111 converti
1241 3056 1308 3110 ad
1344 3054 1697 3110 refectionem
1726 3066 1905 3110 trans-

322 3147 571 3200 euntium
602 3166 613 3199 :
648 3144 738 3198 ille
785 3143 971 3214 gloriae
1015 3141 1254 3212 fugitans
1294 3142 1402 3198 alio
1444 3159 1504 3198 se
1561 3142 1903 3210 subduxerit,

324 3237 417 3293 ubi
447 3251 573 3291 cum
607 3236 1011 3289 Saracenorum
1045 3236 1488 3304 praetereuntium
1521 3236 1746 3305 quidam
1778 3251 1904 3291 eum

326 3329 491 3383 ferire
531 3327 740 3393 volens,
784 3326 1017 3383 miratus
1075 3336 1222 3383 esset
1274 3329 1474 3397 aperiri
1530 3328 1633 3383 sibi
1687 3328 1906 3384 oculum

330 3420 586 3483 alterum,
612 3434 774 3489 quem
800 3432 1016 3489 seraper
1038 3419 1284 3475 clausum
1310 3420 1606 3486 habuerat;
1629 3435 1694 3476 ea
1712 3436 1771 3474 re
1792 3437 1909 3475 mo-

329 3522 442 3566 tum
473 3526 641 3565 unum
673 3524 704 3565 e
726 3510 905 3576 turba,
934 3512 1243 3581 suscepisse
1269 3511 1464 3578 ﬁdem;
1494 3512 1910 3582 qui‘baptizatus

328 3603 398 3659 ab
427 3597 1018 3655 llilarioneetJoannes
1040 3601 1238 3667 dictus,
1269 3600 1558 3656 adhaeserit
1582 3600 1906 3671 Epiphanio,

330 3701 495 3760 atque
532 3690 647 3744 haec
674 3689 862 3745 omnia
891 3690 1178 3759 scripserit
1210 3709 1221 3744 :
1255 3707 1318 3745 ac
1347 3690 1549 3760 primo,
1580 3690 1648 3745 ab
1678 3705 1911 3759 energu-

331 3797 492 3837 mcno
530 3780 749 3853 pulsum
797 3781 1101 3836 daemonem
1140 3782 1540 3837 comminatum
1578 3798 1721 3846 esse,
1766 3783 1911 3853 quod

331 3877 386 3929 in
426 3873 706 3931 Persidem
732 3872 919 3928 venire
947 3872 1152 3929 faceret
1202 3873 1596 3943 Epiphanium.
1638 3874 1912 3943 Occupata

331 3969 496 4037 igitur
522 3966 668 4037 regis
708 3966 821 4020 lilia
849 3965 1143 4032 indicasse,
1191 3965 1337 4035 quod
1382 3964 1491 4021 nisi
1530 3965 1739 4020 veniret
1782 3962 1913 4034 Epi-

333 4061 590 4130 phanius,
632 4060 883 4114 exiturus
935 4074 966 4112 a
1018 4058 1197 4128 puella
1244 4074 1356 4114 non
1402 4065 1568 4114 esset.
1613 4056 1913 4122 Quaesitum

332 4167 463 4222 ergo
493 4162 544 4206 et
586 4152 641 4205 in
674 4150 982 4221 Spanydrio
1027 4166 1129 4207 suo
1178 4160 1479 4221 repertum,
1533 4162 1658 4221 post
1704 4148 1915 4203 aridam

334 4257 557 4296 manum
589 4243 681 4295 uni
721 4242 1017 4296 missorum
1066 4241 1398 4305 restitutam,
1446 4241 1663 4296 venisse
1721 4241 1777 4293 in
1825 4254 1916 4293 re-

335 4334 511 4403 giam,
553 4347 674 4400 quae
716 4332 1003 4387 dicebatur
1051 4328 1251 4394 Urion,
1304 4331 1609 4389 daemonem
1664 4347 1695 4386 a
1752 4331 1917 4387 ﬁliola

1979 496 2053 550 tia
2096 495 2380 557 occiderit,
2420 505 2781 564 synonymum
2819 490 2926 546 sibi
2966 488 3036 544 ab
3069 486 3277 543 Edessa
3317 486 3567 556 philoso-

1977 586 2145 656 phum
2183 586 2476 653 exceperit,
2515 597 2639 637 cum
2679 595 2853 650 eoque
2875 580 3148 650 integrum
3198 593 3407 632 annum
3441 576 3566 631 dis-

1980 677 2185 748 putarit
2253 690 2436 731 coram
2476 693 2495 726 ι
2535 672 2741 728 Calisto
2771 671 2912 726 Aetii
2953 685 3165 740 magnae
3203 667 3395 722 Romae
3430 683 3569 737 pra:-

1981 770 2108 826 fecti
2155 769 2287 835 lilio,
2322 786 2341 819 ι
2387 780 2551 837 quem
2601 778 2632 818 a
2692 764 2943 820 daemone
2988 762 3281 817 liberatum
3330 759 3573 814 habebat

1983 863 2310 932 discipulum
2340 877 2355 926 ;
2400 869 2455 914 et
2482 857 2760 928 quomodo
2802 855 3155 925 theogoniam
3192 851 3416 907 Hesiodi
3448 865 3573 922 per-

1988 956 2243 1010 tinaciter
2284 951 2686 1024 defendentem,
2740 943 2989 1018 opposita
3041 944 3242 1001 veriori
3295 942 3574 999 Geneseos

1985 1046 2219 1103 historia
2254 1044 2472 1100 flectere
2510 1041 2804 1112 nequiens,
2849 1037 3167 1109 provocarit
3220 1036 3286 1092 ad
3339 1049 3576 1105 energu-

1989 1129 2131 1193 m'eni
2162 1137 2568 1200 liberationem,
2601 1148 2767 1204 quam
2811 1132 2905 1202 qui
2944 1130 3215 1186 effecisset
3260 1129 3383 1198 ejus
3439 1126 3577 1180 ﬁdes

1987 1246 2113 1286 vera
2146 1238 2459 1285 censeretur
2492 1245 2505 1281 :
2542 1235 2705 1295 atque
2732 1224 2803 1278 ita
2828 1237 3155 1278 conversum
3195 1218 3574 1290 Epiphanium

1992 1321 2404 1393 philosophum,
2435 1317 2880 1385 monachumque
2922 1313 3130 1369 factum
3189 1323 3244 1367 et
3293 1310 3580 1381 presbyte-

1990 1429 2112 1468 rum
2172 1411 2489 1467 ordinatum
2538 1410 2606 1463 ab
2660 1405 3205 1475 Eleutheropolitano
3255 1403 3517 1472 episeopo
3563 1419 3577 1452 :

1992 1519 2155 1574 quem
2208 1501 2406 1558 deinde
2462 1501 2518 1554 in
2575 1497 2869 1570 )Egyptum
2930 1495 3190 1551 recedens
3240 1490 3582 1562 Epiphanius

1994 1603 2220 1650 sanctus
2253 1590 2589 1649 monasterio
2617 1604 2718 1645 suo
2751 1587 3103 1658 praepositum
3132 1583 3438 1653 reliquerit.
3474 1579 3581 1635 Sui

1996 1695 2356 1757 praeterquam
2386 1682 2530 1753 quod
2556 1696 2619 1736 ea
2649 1678 2969 1750 disputandi
3007 1692 3160 1733 mora
3186 1685 3240 1730 et
3268 1675 3413 1729 ratio
3447 1671 3585 1726 ridi-

1927 1759 1969 1812 Β
1999 1779 2121 1834 cula
2150 1778 2373 1831 omnino
2403 1774 2675 1839 videatur,
2703 1783 2757 1827 et
2788 1772 2856 1826 de
2882 1771 3055 1825 altero
3105 1770 3213 1824 isto
3266 1765 3584 1836 Epiphanio

2000 1871 2129 1925 alibi
2151 1870 2362 1940 legatur
2392 1866 2561 1930 nihil;
2598 1879 2768 1920 unum
2803 1864 2894 1918 hic
2918 1861 3060 1917 Aetii
3114 1859 3381 1915 Romanae
3427 1856 3586 1910 urbis

2000 1962 2236 2033 praefecti
2267 1960 2428 2015 velim
2465 1973 2670 2033 nomen
2715 1963 2985 2019 notatum,
3036 1953 3185 2024 quod
3234 1969 3301 2006 ex
3356 1950 3590 2005 cerebro

2001 2067 2106 2107 SUO
2141 2059 2514 2105 commentum
2551 2057 2832 2102 auctorem
2867 2054 3016 2116 patet
3048 2060 3115 2099 ex
3162 2042 3593 2098 accuratissima

2000 2158 2065 2198 eo
2106 2140 2386 2212 Catalogo,
2440 2156 2603 2210 quem
2658 2118 2960 2194 Eucherius
3003 2152 3037 2191 a
3083 2135 3345 2191 Bollando
3394 2143 3595 2189 nostro

2001 2243 2287 2303 acceptum
2313 2231 2483 2287 edidit
2533 2230 2601 2285 ad
2651 2229 2931 2283 Canonem
2982 2226 3302 2282 Paschalem
3363 2223 3593 2278 Victorii

2002 2342 2053 2381 c.
2089 2327 2175 2393 15,
2209 2341 2265 2395 p.
2299 2323 2426 2392 256,
2472 2322 2563 2377 ubi
2606 2341 2625 2373 ι
2672 2337 2741 2376 ex
2781 2320 3122 2390 temporibus
3163 2317 3419 2380 Gallieni,
3462 2336 3479 2368 ι
3523 2317 3596 2369 ab

2004 2432 2150 2471 anno
2181 2416 2309 2482 254,
2362 2425 2539 2485 usque
2584 2409 2689 2468 554
2736 2413 3030 2477 indicatur,
3073 2431 3090 2464 ι
3140 2412 3269 2481 quis
3320 2418 3595 2480 quantum

2010 2508 2278 2579 temporis
2311 2507 2689 2577 praefecturam
2719 2504 2880 2561 Urbis
2911 2505 3331 2570 administrarit,
3376 2522 3394 2555 ι
3425 2519 3601 2572 qu:th

2006 2600 2185 2671 doque
2212 2599 2482 2670 praefectis
2514 2600 2821 2655 successive
2847 2606 3086 2667 quatuor
3163 2597 3305 2649 intra
3335 2594 3598 2648 eumdem

2013 2707 2217 2748 annum
2246 2692 2476 2761 positis;
2519 2706 2618 2747 nec
2663 2692 2780 2746 sola
2827 2690 3072 2754 nomina,
3124 2686 3219 2743 sed
3265 2697 3320 2741 et
3376 2700 3601 2756 praeno-

2010 2784 2158 2838 mina
2199 2784 2605 2852 exprimuntur.
2650 2781 2872 2836 Interim
2922 2797 2988 2836 ex
3047 2781 3223 2850 ipsius
3271 2778 3603 2833 fabulatoris

2008 2876 2237 2942 calculo,
2293 2890 2564 2930 annorum
2616 2873 3011 2944 quinquaginta
3069 2887 3166 2928 sex
3218 2872 3602 2940 episcopatum

2011 2967 2321 3038 Epiphanio
2357 2966 2668 3034 tribuentis,
2707 2976 2825 3021 acta
2859 2966 2975 3019 haec
3006 2974 3194 3019 essent
3225 2972 3281 3017 ut
3306 2963 3603 3016 minimum

2013 3069 2139 3115 ante
2162 3059 2487 3113 decennium
2517 3058 2917 3114 ordinationem
2943 3066 3332 3129 praegressum,
3352 3055 3607 3124 adeoque

2012 3160 2137 3206 ante
2175 3165 2380 3204 annum
2407 3148 2530 3204 558.

2078 3243 2166 3298 49.
2205 3241 2333 3296 Post
2357 3242 2471 3297 haec
2489 3242 2706 3296 demum
2737 3251 3011 3306 sanctum,
3056 3256 3220 3311 quem
3261 3257 3363 3296 nos
3407 3240 3607 3295 admo-

2010 3334 2139 3391 dum
2171 3334 2430 3404 juvenem
2460 3332 2632 3389 fuisse
2660 3333 2716 3386 in
2741 3332 2945 3404 Egypto
2972 3334 3233 3397 diximus,
3265 3333 3607 3389 celebritatis

2013 3427 2197 3481 nimiae
2231 3425 2554 3497 fugientem,
2598 3426 2731 3480 illuc
2784 3440 2969 3481 secum
3015 3427 3280 3498 navigare
3324 3442 3393 3479 ex
3430 3425 3609 3496 Joppe

2012 3518 2145 3573 facit
2179 3515 2683 3587 pseudo-Joannes,
2704 3526 2830 3586 pOst
2851 3532 3276 3587 energumenam
3299 3518 3353 3571 in
3377 3532 3609 3586 egressu

2014 3608 2354 3664 Hierusalem
2401 3609 2718 3673 liberatam;
2766 3616 2820 3664 et
2862 3609 3248 3664 Alexandriam
3306 3611 3608 3679 appulsum

2013 3695 2285 3762 Judaeum,
2316 3696 2571 3765 Aquilam
2614 3698 2836 3751 nomine
2873 3698 3206 3767 disputando
3258 3708 3611 3760 convertere,

2017 3805 2081 3843 ac
2141 3788 2200 3842 S.
2257 3788 2559 3843 Athanasio
2607 3788 2863 3859 episcopo
2925 3792 3119 3845 sistere
3175 3791 3610 3861 baptizandum;

2016 3880 2211 3935 deinde
2253 3894 2377 3960 cum
2422 3879 2481 3933 S.
2536 3878 2866 3949 Paphuutio,
2932 3886 3117 3953 magni
3161 3883 3385 3937 Antonii
3440 3885 3615 3940 disci-

2018 3971 2170 4041 pulo,
2196 3969 2250 4023 in
2286 3968 2561 4025 Thebaide
2586 3972 2875 4041 congredi,
2907 3987 2973 4029 eo
2997 3974 3229 4029 consilio
3255 3985 3317 4029 ut
3336 3976 3392 4029 in
3420 3975 3615 4031 Nitriae

2018 4076 2208 4116 eremo
2261 4060 2512 4117 habitare
2573 4066 3019 4132 permitteretur;
3064 4066 3160 4121 sed
3201 4068 3271 4122 ab
3321 4069 3429 4123 hoc
3483 4086 3615 4139 pro-

2020 4153 2233 4221 phetice
2259 4153 2499 4221 jussum,
2530 4153 2758 4209 collecto
2798 4156 2941 4224 apud
2982 4155 3173 4212 Patres
3216 4160 3413 4215 aestivo
3457 4159 3613 4228 feno,

2020 4243 2174 4297 abire
2221 4242 2274 4297 in
2317 4241 2558 4313 Cyprum
2601 4252 2765 4314 atque
2807 4262 2939 4303 oves
2975 4254 3218 4317 paScere.
3261 4249 3403 4305 Tum
3439 4268 3616 4322 prope

2023 4333 2402 4404 Leontopolim
2441 4334 2663 4405 fingitur
2699 4352 2926 4396 sanctus
2958 4342 3221 4397 accedere
3251 4347 3318 4397 ad
3361 4342 3618 4401 Hieracis

338 4425 481 4494 regis
527 4423 643 4491 ipsa
674 4430 954 4491 spectante
993 4420 1292 4491 expulisse,
1327 4421 1627 4475 blandienti
1666 4421 1770 4476 sibi
1805 4423 1920 4476 ine-
1955 4444 1996 4498 ι)
2023 4425 2437 4480 celeberrimum
2479 4433 2899 4497 monasterium,
2932 4432 3210 4502 istumque
3248 4436 3468 4501 publice
3516 4439 3617 4492 do.-

335 4517 483 4586 piins
526 4529 685 4583 mago
728 4512 1002 4582 loquelam
1041 4512 1338 4568 abstulisse
1375 4521 1430 4569 et
1467 4511 1751 4581 poenitenti
1798 4511 1920 4566 red-

337 4606 580 4669 didissc,
637 4605 785 4673 regia
843 4618 1068 4657 munera
1118 4601 1418 4671 epulasque
1473 4617 1759 4658 recusasse
1802 4602 1921 4657 solo

337 4710 483 4767 pane
508 4700 828 4747 contentum
867 4704 882 4742 :
917 4699 970 4745 ct
995 4691 1349 4754 resuscitato,
1382 4691 1477 4761 qui
1507 4700 1760 4747 mortuus
1789 4691 1922 4746 effe-

335 4788 577 4849 rebatur,
613 4783 986 4845 adolescente,
1017 4781 1086 4835 ab
1116 4795 1243 4849 rege
1286 4781 1593 4837 honoriﬁce
1632 4781 1921 4837 dimissum

338 4880 528 4935 fuisse.
560 4875 759 4932 Nescio
798 4889 868 4929 an
923 4871 998 4927 Ur
1031 4870 1439 4936 Chaldaeorum,
1484 4874 1782 4931 Abrahami
1824 4889 1925 4945 pa-

340 4977 528 5040 triam,
569 4968 903 5027 intellexerit
942 4968 1048 5023 hoc
1079 4966 1201 5022 loco
1241 4966 1517 5023 fabulator
1557 4967 1706 5037 (nam
1757 4965 1926 5021 Urion

341 5066 480 5120 alias
504 5064 714 5118 nullum
748 5062 938 5131 novi):
970 5060 1036 5116 ad
1070 5057 1338 5113 miracula
1362 5056 1508 5128 quod
1538 5058 1748 5124 attinet,
1779 5058 1931 5113 audi-

346 5161 525 5212 vimus
577 5157 942 5213 Sozomenum
994 5168 1256 5226 expresse
1298 5160 1610 5223 negantem,
1650 5140 1797 5222 quod
1845 5153 1928 5206 vi-

344 5248 492 5305 venti
518 5248 807 5316 contigerit
827 5246 1016 5317 fugare
1031 5253 1309 5301 daemones
1350 5244 1683 5312 morbosque
1710 5259 1926 5299 curare.

414 5338 504 5391 48.
545 5334 729 5404 l’ergit
755 5334 976 5389 interim
998 5332 1497 5405 pseudo-Joannes
1523 5346 1771 5396 narrare,
1799 5347 1931 5401 quo-

346 5431 513 5487 modo
553 5427 618 5482 ad
663 5422 1005 5494 Spanydrion
1052 5439 1307 5485 reversus
1356 5438 1544 5479 secum
1593 5420 1933 5491 Epiphanius

350 5523 559 5578 fontem
591 5518 663 5571 ibi
694 5516 966 5579 elicuerit,
1012 5513 1153 5569 [eras
1190 5516 1536 5584 prohibuerit
1567 5514 1637 5569 ab
1670 5513 1934 5579 oleribus,

352 5626 405 5670 et
440 5613 492 5665 in
518 5625 685 5664 novas
720 5608 1035 5662 mansiones
1062 5607 1164 5660 sibi
1208 5623 1238 5660 a
1280 5607 1594 5674 Saracenis,
1623 5594 1824 5676 prioris
1850 5614 1934 5659 tu-

355 5704 498 5783 guri“:
563 5698 942 5773 cpiiditoribus
992 5706 1336 5763 chtructas,
1399 5699 1665 5769 receperit
1740 5696 1935 5753 fratres

2025 4525 2236 4570 contem
2267 4530 2484 4571 errores
2515 4521 2718 4575 multos
2748 4532 2961 4576 mutum
3000 4524 3232 4593 imperio
3267 4527 3523 4591 reddere,
3551 4546 3618 4585 ac

2024 4605 2374 4673 poenitentein
2425 4621 2653 4673 sanare;
2706 4608 2945 4677 denique
2982 4623 3177 4665 curato
3229 4613 3285 4666 in
3333 4617 3617 4682 superiori

2026 4693 2302 4751 Thebaide
2329 4711 2717 4767 energumeno,
2742 4700 2929 4757 venire
2953 4705 3021 4757 ad
3049 4703 3167 4758 loca
3199 4720 3324 4776 quae
3350 4708 3620 4763 dicuntur

2026 4785 2245 4841 Bucolia
2285 4788 2467 4857 ibique
2501 4793 2786 4859 septennia
2823 4792 3124 4860 habitasse,
3168 4798 3263 4852 ubi
3316 4799 3619 4856 Eudaemo-

2028 4895 2151 4933 nem
2204 4880 2588 4950 philosophum
2643 4888 2976 4943 converterit
3034 4901 3231 4945 sanato
3280 4896 3438 4961 pueri
3494 4895 3620 4963 ejus

2029 4970 2217 5037 oculo;
2277 4986 2442 5041 seque
2490 4975 2557 5027 ad
2603 4975 2977 5046 episcopatum
3027 4983 3203 5048 quaeri
3245 4998 3618 5053 cognoscens,

2030 5064 2309 5117 reverterit
2337 5064 2390 5115 in
2423 5062 2660 5135 Syriam,
2691 5068 2929 5136 primum
2953 5073 3317 5142 quadraginta
3349 5076 3469 5132 dies
3489 5094 3624 5132 con-

2032 5162 2283 5206 versatus
2327 5155 2380 5206 in
2443 5159 2777 5213 monasterio
2831 5159 2888 5214 S.
2943 5159 3261 5229 Hilarionis,
3319 5178 3621 5238 postquam

2034 5246 2124 5299 ille
2170 5248 2224 5299 in
2267 5246 2505 5316 Cyprum
2540 5264 2605 5304 se
2647 5263 2951 5322 receperat,
3008 5256 3058 5310 id
3110 5267 3196 5312 est
3240 5272 3366 5329 post
3406 5278 3620 5317 annum

2033 5335 2157 5399 365,
2196 5336 2352 5404 juxta
2395 5336 2823 5409 Hieronymum;
2874 5357 2998 5395 cum
3059 5354 3243 5400 tamen
3291 5348 3346 5401 in
3407 5350 3625 5406 calculo

2036 5425 2211 5495 ipsius
2240 5424 2585 5491 fabulatoris,
2612 5429 2705 5483 diu
2734 5441 2862 5484 ante
2896 5430 3194 5491 Hilarionis
3227 5439 3533 5499 adventum
3567 5442 3622 5496 in

2037 5515 2297 5585 Cyprum,
2333 5516 2404 5569 ibi
2434 5518 2722 5588 episcopus
2751 5520 2922 5577 fuisse
2956 5523 3301 5594 Epiphanius
3343 5530 3622 5593 debuerit.

2040 5607 2096 5659 ln
2131 5604 2355 5660 Hieruce
2391 5619 2569 5663 autem
2597 5610 2863 5681 insignem
2898 5621 3416 5684 pirachronismum
3449 5598 3623 5681 etiam

2040 5699 2241 5751 notavit
2273 5696 2536 5756 Baronius
2562 5700 2627 5756 ad
2658 5717 2785 5768 ann.
2816 5705 2940 5772 372,
2969 5725 3120 5767 num.
3156 5713 3280 5783 ill),
3317 5716 3626 5777 observans
