3808 6136
279 374 382 436 MS

1303 374 1364 433 s.
1406 374 1748 430 EPIPHANII
1786 340 1968 429 ACTA
2007 371 2510 429 BOLLANDMNA.

3434 372 3529 432 l-t‘o‘

277 495 438 562 plane
470 490 558 546 hic
588 488 838 545 eumdem
877 488 1136 555 describi,
1171 490 1237 545 dc
1282 506 1391 561 quo
1443 490 1561 560 ipse
1610 489 1847 578 Epipha-
1879 492 1924 549 Α
1953 496 2261 556 exstruere,
2300 489 2467 544 variis
2514 488 2813 545 miraculis-
2844 492 3141 548 obtinuerit
3183 504 3435 562 sumptus
3462 497 3531 547 ad

276 583 405 637 nius
435 580 556 635 fuse
592 589 787 635 tractat
813 581 1005 636 haeresi
1040 567 1229 650 van;
1258 589 1519 652 tanquam
1569 594 1600 635 a
1641 567 1854 636 Manetc

276 670 554 740 proximo,
580 676 637 724 et
676 680 801 725 ante
833 669 1181 725 Meletianum
1238 671 1479 726 schisma
1523 677 1689 742 atque
1736 670 1852 725 Arii

281 762 530 816 haeresim
557 760 702 831 apud
743 761 1031 833 Egyptios
1070 771 1231 830 noto;
1292 777 1609 832 quanquam
1644 761 1699 816 in
1741 762 1854 815 An-

232 880 241 895 ι
278 860 462 905 carata
486 851 632 905 dicat
654 866 709 905 ιι.
745 849 835 915 85,
858 866 917 907 se
943 852 1273 923 comperisse
1303 871 1323 904 ι
1360 852 1648 907 nonnullos
1681 867 1856 922 nuper

278 942 570 1006 excitatos,
608 959 626 992 ›
662 938 717 995 id
745 947 829 995 est
861 941 1005 996 circa
1042 957 1246 997 annum
1276 942 1402 1007 570,
1445 959 1463 992 ι
1498 942 1702 1012 quibus
1736 943 1852 1011 ple-

281 1032 435 1100 rique
468 1030 715 1084 omnium
753 1031 1112 1086 monasticam
1156 1032 1209 1085 in
1245 1030 1499 1101 Egyplo,
1554 1030 1851 1095 Thebaide,

282 1119 606 1189 caeterisque
657 1120 974 1189 regionibus
1024 1122 1394 1177 exercentium
1448 1120 1607 1177 facile
1647 1123 1854 1191 primas

280 1210 561 1274 deferunt,
596 1210 689 1280 qui
719 1210 775 1263 in
803 1210 993 1265 eodem
1023 1225 1148 1266 cum
1186 1210 1474 1267 Hieracitis
1503 1227 1691 1268 errore
1734 1228 1855 1268 ver-

279 1309 495 1363 santur,
534 1313 598 1353 ac
633 1299 858 1368 perinde
890 1309 949 1354 ut
974 1301 1052 1354 illi
1099 1316 1207 1357 non
1248 1302 1703 1357 resurrectionem
1732 1318 1857 1358 car-

281 1391 388 1456 nis,
431 1408 539 1445 non
573 1392 737 1462 hujus
767 1408 931 1462 quam
964 1390 1230 1448 habemus
1266 1395 1452 1460 modo,
1502 1395 1596 1449 sed
1629 1395 1856 1451 alterius

280 1481 336 1535 in
389 1482 552 1551 hujus
611 1483 792 1538 locum
847 1484 1239 1540 substituendae
1284 1488 1604 1555 praedicant.
1647 1506 1667 1539 ι
1701 1486 1856 1553 Quod

280 1574 350 1627 ad
384 1571 751 1644 Paphnutium
789 1576 1005 1641 attinet,
1037 1576 1177 1631 inter
1214 1578 1458 1633 celebres
1503 1576 1691 1633 Nitrite
1737 1594 1856 1633 nio-

283 1664 514 1727 nachos,
562 1680 703 1734 quos
748 1663 807 1719 S.
848 1664 1017 1720 Paula
1072 1665 1321 1722 Romana
1367 1668 1555 1735 adivit,
1600 1678 1856 1724 numerat

283 1752 561 1810 Palladius
588 1754 735 1811 Hist.
763 1754 1045 1812 Lausiacw
1076 1772 1126 1810 c.
1155 1757 1278 1822 117,
1316 1759 1682 1827 Paphnutium
1723 1760 1856 1815 Sce-

1961 592 2100 649 opus
2126 580 2484 635 necessarios.
2523 578 2655 635 Nam
2693 582 2870 652 primo
2901 599 3027 639 cum
3060 582 3329 642 Draconis
3352 586 3535 654 cujus-

1962 669 2086 723 dam
2137 667 2344 733 divitis,
2405 670 2500 725 sed
2562 671 2803 741 gentilis,
2857 672 2962 727 sibi
3023 673 3300 729 illudentis
3360 675 3533 728 lilium

1961 767 2225 829 aegrotum
2277 769 2564 827 sanasset;
2625 763 2819 817 morbo
2874 763 2930 817 in
2988 775 3195 834 patrem
3246 767 3532 830 translato,

1965 865 2293 921 rursumque
2341 853 2408 907 ad
2450 868 2606 907 suam
2654 854 3089 912 benedictionem
3136 859 3317 913 ablato
3367 860 3538 930 impe-

1966 951 2138 996 trasse
2200 942 2269 995 ab
2305 943 2520 1010 eodem,
2562 959 2860 1010 converso,
2893 961 3016 1001 cum
3047 946 3256 1001 familia
3282 956 3336 1002 et
3374 948 3541 1018 bapti-

1964 1041 2106 1095 zato,
2159 1030 2403 1102 quinque
2457 1033 2628 1088 millia
2692 1050 3041 1091 nummorum
3101 1054 3114 1090 :
3175 1037 3368 1092 deinde
3414 1053 3537 1092 cum

1963 1119 2317 1192 Eustorgium
2360 1121 2574 1195 Synesii
2629 1126 2884 1182 similiter
2937 1128 3154 1198 gentilis
3203 1127 3394 1194 lilium,
3450 1143 3541 1182 ro-

1964 1220 2127 1282 gante
2160 1222 2355 1279 matre,
2390 1215 2715 1272 suseitasset
2765 1231 2796 1271 a
2844 1218 3113 1286 mortuis,
3140 1217 3209 1272 ab
3244 1232 3311 1273 eo
3361 1217 3541 1272 oblata

1965 1306 2067 1360 tria
2096 1305 2268 1359 millia
2297 1323 2584 1363 nummum
2612 1310 2894 1366 remisisse
2923 1311 2990 1366 ad
3016 1310 3301 1366 fabricam.
3337 1308 3536 1366 Postea

1963 1411 2089 1451 eum
2116 1395 2341 1469 Polybio
2367 1399 2479 1470 jam
2521 1402 2838 1473 presbytero
2882 1404 3169 1459 narratur’
3197 1403 3540 1472 Epiphanius

1966 1492 2128 1548 ivisse
2155 1492 2587 1568 Hierosolymam
2639 1499 2707 1554 ad
2753 1499 2983 1555 Joannis
3019 1502 3280 1572 episc0pi,
3317 1503 3401 1557 sui
3438 1502 3541 1555 sub

1968 1582 2260 1641 Hilarionis
2291 1586 2580 1658 disciplina
2607 1591 2984 1661 condiscipuli,
3013 1594 3383 1663 castigandam
3413 1609 3540 1646 ara-

1967 1679 2170 1746 ritiam,
2202 1691 2262 1734 ut
2289 1680 2494 1735 dictum
2527 1698 2580 1735 ιι.
2618 1683 2706 1746 17,
2744 1683 2981 1753 indeque
3012 1685 3323 1754 regrediens
3367 1683 3540 1739 offen-

1965 1772 2113 1829 disse
2146 1773 2425 1828 mendicos
2466 1772 2624 1839 duos,
2679 1790 2917 1844 quorum
2965 1776 3102 1831 alter
3148 1791 3208 1832 se
3259 1784 3537 1831 mortuum

284 1847 589 1914 tioten,qui
616 1855 895 1916 utcunque
925 1848 1113 1903 reduci
1150 1857 1336 1918 posset
1364 1851 1431 1904 ad
1460 1851 1621 1921 hujus
1646 1852 1856 1907 iictzein
1892 1839 1934 1895 Β
1964 1866 2278 1933 simulabat,
2310 1867 2454 1936 quod
2487 1866 2542 1921 in
2578 1839 2756 1939 Cypro
2794 1868 2997 1924 factum
3034 1869 3245 1923 videtur
3298 1869 3541 1923 indicare

282 1937 521 2009 Egypto
546 1938 1006 2008 peregrinationis
1028 1948 1243 2009 tempus
1275 1957 1289 1992 :
1332 1943 1513 1996 caeteri
1544 1942 1664 2011 ejus
1687 1945 1861 1998 nomi-

282 2031 370 2083 nis
408 2028 652 2083 celebres
700 2028 791 2083 alii
830 2030 1081 2098 juniores
1115 2038 1276 2099 sunt;
1328 2047 1452 2086 nam
1486 2034 1554 2087 de
1600 2035 1858 2105 episcopo

234 2154 241 2161 ι
278 2118 598 2174 confessore
622 2121 725 2173 sub
761 2118 1081 2189 Maximino,
1127 2123 1219 2191 qui
1250 2123 1483 2178 concilio
1516 2122 1736 2180 Nicteno
1774 2127 1858 2181 in-

282 2209 491 2275 terfuit,
538 2226 644 2265 non
669 2213 884 2267 esthoc
912 2213 1035 2267 loco
1069 2214 1441 2283 cogitandum.

354 2302 442 2358 50.
471 2301 642 2359 Porro
660 2313 912 2360 manente
939 2306 1095 2375 juxta
1117 2305 1501 2377 Spanhydrion
1528 2308 1853 2381 Epiphanio,

282 2393 459 2450 fames
493 2396 670 2450 valida
715 2397 1029 2454 incubuisse
1054 2396 1352 2454 thniciae
1383 2399 1603 2468 dicitur,
1626 2418 1859 2472 eamque

284 2488 572 2555 impetrata
619 2488 870 2543 triduana
922 2489 1105 2558 pluvia
1142 2505 1367 2546 curasse
1403 2500 1659 2560 sanctus;
1688 2510 1859 2564 quare

283 2594 382 2647 pro
413 2594 478 2633 eo
506 2580 573 2634 ad
598 2580 972 2650 episcopatum
1020 2582 1301 2638 evehendo
1334 2585 1551 2641 collecti
1593 2588 1859 2657 episcopi,

283 2689 409 2727 cum
444 2673 511 2727 ad
536 2675 785 2728 eumdem
828 2677 1180 2745 quwrendum
1219 2678 1478 2746 juvenem
1526 2681 1856 2736 monachum

285 2763 568 2835 Polybium
607 2764 1026 2832 submisissent;
1060 2768 1175 2837 ipse
1210 2770 1476 2826 adventus
1507 2787 1675 2826 causa
1714 2772 1857 2827 divi-

283 2857 436 2911 nitus
461 2857 702 2926 cognita,
734 2873 863 2911 cum
893 2860 1083 2913 eodem
1114 2858 1342 2931 Polybio
1396 2877 1584 2917 secum
1619 2873 1855 2930 retento,

276 2955 493 3001 etcum
529 2945 739 3003 Joanne
766 2948 965 3018 fugerit
996 2950 1051 3005 in
1094 2950 1333 3021 Cyprum
1382 2953 1452 3006 ad
1505 2953 1563 3009 S.
1623 2953 1860 3011 Hilario-

282 3055 408 3092 nem
441 3058 453 3093 :
484 3054 513 3092 a
549 3055 659 3108 quo
675 3040 866 3108 jussus
897 3040 1230 3097 Salaminam
1266 3043 1568 3099 habitatum
1602 3046 1774 3115 adire,
1805 3056 1861 3104 et

283 3127 491 3182 invitus
515 3144 579 3183 ae
605 3139 924 3198 tempestate
950 3134 1266 3203 compulsus
1305 3135 1432 3191 illuc
1462 3138 1737 3208 appellens
1768 3157 1860 3196 ua-

282 3221 435 3285 vim,
497 3236 661 3291 quam
725 3225 1080 3295 navigaturus
1142 3226 1464 3284 Ascalonem
1516 3233 1856 3299 ascenderat,

277 3312 712 3381 comprehensus
768 3314 822 3368 in
869 3315 986 3370 foro
1022 3316 1187 3372 fuerit
1224 3335 1254 3373 a
1300 3318 1358 3375 S.
1408 3320 1613 3393 Pappo,
1650 3325 1717 3379 de
1751 3342 1860 3396 quo

278 3418 446 3472 supra
469 3420 526 3457 n.
559 3404 649 3467 15,
678 3421 803 3460 cum
838 3405 979 3462 forte
1011 3425 1144 3464 uvas
1179 3410 1506 3479 licitarctur,
1541 3424 1857 3486 tractusque

279 3499 348 3551 ad
386 3499 676 3553 ecclesiam
711 3500 998 3556 ordinatus
1036 3501 1199 3558 fuerit
1239 3520 1337 3574 per
1386 3506 1496 3561 vim
1531 3507 1855 3578 episcopus;

278 3606 392 3660 quo
432 3589 486 3643 in
540 3606 765 3647 munere
813 3593 1071 3650 habuerit
1123 3597 1415 3653 diaconum
1460 3599 1783 3670 Charinum,
1826 3619 1857 3657 a

275 3695 395 3749 quo
433 3682 761 3738 calumniam
802 3701 1000 3755 passus
1039 3697 1258 3758 propter
1299 3706 1498 3748 aureos
1543 3702 1761 3749 centum
1789 3696 1855 3750 ad

272 3774 687 3829 dissolvendum
714 3778 911 3847 captivi
937 3778 1311 3851 Eugnomonis
1335 3784 1578 3841 debitum
1604 3787 1673 3843 de
1696 3788 1856 3844 bonis

277 3864 539 3920 Ecclesia:
567 3880 857 3936 expenses,
896 3874 1149 3940 quamvis
1182 3875 1359 3930 eidem
1400 3878 1727 3947 restitutos;
1776 3882 1857 3936 ei-

272 3958 403 4011 dem
433 3956 693 4024 Charino,
742 3962 846 4017 sibi
891 3964 959 4017 ad
1010 3973 1094 4020 ter
1131 3968 1412 4037 repetitam
1464 3972 1677 4039 prandii
1722 3981 1857 4029 tem-

274 4059 415 4112 pore
448 4047 594 4100 cervi
632 4063 821 4104 vocem
862 4052 1135 4120 illudenti,
1191 4066 1424 4113 mortem
1473 4062 1542 4115 ab
1588 4063 1690 4119 hoc
1718 4080 1856 4134 pra:-

276 4136 585 4191 nuntiatam
616 4138 971 4210 signiﬁearit;
1016 4161 1243 4201 uxorem
1273 4160 1459 4206 autem
1493 4153 1613 4222 ejus
1645 4168 1675 4209 a
1701 4170 1858 4226 para-

276 4227 378 4295 lysi
437 4227 722 4306 liberatam
780 4233 1047 4290 ordinarit
1105 4239 1499 4310 diaconissam,
1552 4260 1662 4299 non
1733 4247 1855 4305 sine

274 4318 397 4372 utili
427 4319 495 4373 ad
536 4322 806 4391 reliquum
861 4326 1070 4383 clerum
1118 4330 1173 4385 in
1231 4333 1409 4389 oliicio
1457 4337 1848 4396 continendum

271 4410 555 4479 exemplo;
586 4413 719 4483 quin
759 4416 921 4470 etiam
957 4419 1152 4476 solitus
1182 4437 1290 4477 non
1330 4426 1590 4494 perlicere
1619 4430 1852 4486 oblatio-

1968 1957 2306 2015 Sozomenus
2339 1961 2452 2030 (lib.
2490 1977 2588 2024 vn,
2629 1977 2746 2031 cap.
2790 1960 2904 2033 27).
2936 1960 3052 2017 Huc
3076 1978 3237 2032 porro
3288 1955 3540 2017 reversus

1965 2048 2209 2105 lsaacum
2246 2048 2492 2106 Judaeum
2539 2052 2673 2122 legis
2708 2053 2941 2122 peritum
2971 2055 3074 2109 sibi
3110 2054 3440 2124 adjunxcrit,
3489 2064 3542 2108 ct

1964 2158 2146 2198 coram
2181 2143 2446 2200 Romanis
2476 2145 2707 2208 nuntiis,
2732 2149 2801 2201 ab
2833 2148 3069 2202 Arcadio
3094 2157 3149 2202 et
3174 2146 3414 2203 Honorio
3438 2148 3541 2201 im-
3572 2202 3579 2207 _

1965 2235 2308 2305 peratoribus
2343 2236 2408 2290 ad
2441 2237 2620 2305 ipsum
2659 2237 2889 2292 Romam
2921 2238 3300 2294 adducendum
3330 2240 3536 2301 missis,

1971 2328 2422 2384 calunmiatorem
2465 2345 2624 2383 suum
2662 2329 3102 2399 Faustinianum,
3145 2334 3370 2389 innoxio
3404 2336 3541 2389 alias

1974 2419 2108 2473 fabri
2157 2420 2392 2491 alicujus
2443 2421 2592 2490 lapsu
2638 2438 2996 2494 oppressum,
3050 2427 3345 2490 suscitans,
3394 2428 3543 2482 mille

1970 2527 2224 2567 nummos
2249 2516 2317 2567 ab
2360 2512 2477 2583 ejus
2507 2530 2677 2570 uxore
2710 2516 2923 2571 oblatos
2954 2517 3155 2571 dicitur
3187 2517 3409 2575 fabrica:
3440 2535 3541 2590 ap-

1965 2600 2220 2669 plicasse,
2250 2610 2414 2672 atque
2451 2602 2523 2657 ita
2575 2602 2803 2659 Romam
2828 2602 3162 2677 'navigasse,
3195 2622 3320 2663 cum
3357 2609 3542 2665 lsaaco

1966 2700 2129 2761 atque
2164 2692 2406 2763 Polybio,
2457 2694 2648 2751 relicto
2691 2697 2759 2751 ad
2809 2697 3055 2753 ecclesiae
3103 2697 3540 2775 Constantiensis

1965 2785 2223 2840 vicariam
2257 2802 2444 2841 curam
2479 2786 2727 2856 Philone,
2758 2804 2869 2844 uno
2895 2805 2959 2845 ex
3003 2790 3214 2860 legatis,
3250 2807 3410 2862 quem
3445 2808 3543 2862 pro

1965 2878 2188 2955 civitate
2249 2876 2493 2949 Carpasii
2542 2882 2857 2952 episcopum
2914 2883 3241 2938 nominarat.
3292 2884 3541 2955 Carpasii

1964 2952 2159 3024 civitas
2189 2984 2354 3039 quam
2400 2971 2580 3025 norim
2620 2972 2770 3027 nulla
2819 2980 2902 3028 est
2934 2991 2948 3027 :
2977 2973 3286 3043 Carpathus
3335 2975 3536 3041 insula,

1965 3060 2262 3132 (Iyeladum
2295 3063 2498 3118 extima
2539 3065 2679 3119 inter
2720 3064 2937 3121 Cretam
2972 3075 3026 3121 et
3067 3065 3344 3132 Rhodum,
3378 3068 3542 3139 longo

1970 3153 2137 3209 maris
2171 3163 2350 3210 tractu
2383 3155 2553 3210 distat
2589 3171 2620 3210 a
2654 3155 2857 3229 Cypro,
2900 3159 2967 3213 ad
3018 3159 3177 3228 cujus
3228 3161 3541 3230 metropoli-

1911 3231 1929 3251 ⁴
1965 3252 2076 3299 tum
2103 3262 2445 3316 nequaquam
2489 3249 2768 3318 spectabat
2793 3250 2841 3305 ei
2880 3250 3186 3319 providere.

2036 3337 2138 3391 52..
2161 3335 2267 3393 Sed
2293 3337 2407 3393 htec
2438 3338 2641 3394 leviora
2669 3348 2797 3395 sunt
2833 3360 2845 3395 :
2882 3357 3004 3411 quae
3034 3352 3340 3413 sequuntur
3374 3360 3537 3413 quam

1962 3439 2192 3499 possunt
2234 3430 2468 3501 speciem
2510 3432 2710 3487 habere
2755 3433 2837 3489 vel
2886 3435 3186 3491 tolerabilis
3232 3438 3538 3492 mendacii?

1960 3519 2227 3576 Arcadius
2257 3528 2419 3576 natus
2445 3528 2562 3576 erat
2589 3537 2735 3577 anno
2763 3523 2869 3577 574
2905 3524 3171 3580 decennio
3197 3536 3319 3595 post
3344 3524 3536 3581 Hono—

1961 3614 2097 3676 rius,
2130 3620 2427 3683 utrumque
2449 3614 2516 3669 de
2540 3614 2813 3684 baptismo
2849 3618 3090 3688 suscepit
3125 3618 3206 3673 vir
3240 3620 3291 3673 in
3321 3619 3535 3675 Palatio

1959 3706 2214 3761 sublimis
2255 3707 2479 3761 nomine
2505 3707 2794 3772 Arsenius,
2815 3699 2898 3763 'et
2942 3709 3231 3780 utriusque
3263 3711 3536 3780 juventuti

1959 3797 2320 3854 infnrmanda:
2355 3798 2598 3869 praefuit;
2639 3800 2801 3855 simul
2833 3801 2910 3854 illi
2937 3798 3125 3858 Romae
3151 3802 3372 3859 fuerunt
3400 3823 3538 3859 lttllt-

1958 3904 2143 3960 quam,
2176 3891 2270 3944 sed
2314 3905 2416 3944 nec
2451 3889 2818 3960 Epiphanius,
2861 3892 3010 3961 quod
3060 3893 3279 3964 quidem
3325 3896 3536 3951 sciatur

1957 3981 2063 4035 nisi
2098 3981 2264 4035 semel
2302 3990 2510 4035 tantum
2555 3997 2699 4037 anno
2743 3984 2868 4038 582.
2915 3985 3135 4039 Illorum
3172 4001 3333 4041 soror
3376 3990 3533 4043 unica

1957 4071 2108 4127 Galla
2139 4071 2374 4127 Placidia
2426 4073 2540 4143 (sed
2582 4089 2647 4128 ex
2694 4074 2932 4131 secundo
2961 4075 3253 4133 Theodosii
3294 4076 3533 4151 impera—-

1959 4165 2096 4221 toris
2124 4165 2403 4235 conjugio,
2423 4166 2524 4220 sub
2551 4182 2753 4222 annum
2783 4168 3048 4225 duntaxat
3069 4170 3173 4226 587
3195 4174 3529 4245 contracto),

1956 4272 2066 4326 quo
2093 4257 2312 4326 quidem
2345 4272 2491 4312 anno
2522 4259 2748 4328 praecise
2790 4260 2862 4315 sit
2898 4270 3026 4316 nata
3075 4261 3391 4333 ignoratur;
3435 4268 3531 4321 sed

1956 4347 2197 4417 quandiu
2222 4347 2490 4402 Arcadius
2516 4349 2670 4417 vixit,
2713 4348 2897 4405 Romae
2924 4366 3033 4406 non
3070 4352 3190 4408 fuit.
3229 4353 3308 4410 Eo
3347 4366 3530 4411 autem

1955 4438 2058 4492 sub
2085 4452 2287 4491 annum
2319 4437 2423 4493 408
2476 4447 2712 4507 mortuo,
2758 4440 2827 4495 ad
2868 4440 3089 4496 fratrem
3140 4442 3441 4500 Honorium
3476 4448 3528 4499 in

271 4518 423 4565 nem,
487 4505 664 4561 donec
714 4508 977 4564 visionem
1031 4513 1295 4582 vidisset;
1348 4533 1475 4573 cum
1529 4537 1590 4576 ea
1649 4533 1846 4592 praeter
1877 4540 1922 4596 ι)
1953 4524 2160 4579 Italiam
2212 4526 2489 4596 profecta,
2529 4528 2659 4582 dum
2719 4528 2903 4585 Romae
2956 4547 3150 4588 secure
3188 4536 3299 4605 agit
3347 4537 3529 4593 adhuc

272 4611 487 4650 morem
522 4597 853 4666 differretur,
897 4620 1088 4662 orasse
1115 4615 1171 4662 et
1204 4613 1547 4681 cognovisse,
1589 4615 1643 4669 in
1679 4632 1847 4674 causa

269 4701 443 4742 mora:
485 4704 608 4744 esse
655 4697 998 4760 praesentiam
1041 4697 1279 4764 diaconi,
1331 4702 1519 4758 eadem
1564 4715 1721 4764 nocte
1764 4711 1850 4765 usi

267 4780 510 4851 conjuge
536 4797 672 4849 sua;
703 4800 874 4855 quare
910 4789 1060 4846 solos
1105 4792 1324 4851 caelibes
1366 4796 1621 4869 deinceps
1648 4802 1717 4858 ad
1745 4805 1850 4859 mi-

269 4872 559 4927 nisterium
588 4875 780 4932 altaris
813 4878 1106 4938 ordinarit.

868 5013 1101 5074 CAPUT
1138 5019 1245 5074 VII.

263 5118 492 5184 Cretera,
517 5132 572 5175 ut
604 5140 637 5177 a
668 5122 888 5196 Polybio
914 5129 1168 5199 adjuncta
1201 5133 1578 5204 abtruduntur,
1605 5141 1843 5210 explosa.

338 5234 428 5323 5t.
461 5234 653 5307 Capite
680 5242 950 5310 superiori
982 5247 1152 5302 relata
1198 5251 1383 5306 omnia
1410 5253 1722 5323 scripsisse,
1757 5258 1844 5311 in-

262 5321 382 5413 scio
406 5321 693 5394 invitoque
717 5340 927 5399 sancto,
955 5334 1178 5405 ﬁngitur
1201 5338 1315 5410 jam
1355 5357 1499 5413 saepe
1526 5321 1843 5405 nominatus

256 5409 529 5511 Joannes,
552 5413 841 5511 Epiphanii
873 5426 1156 5498 presbyter
1188 5409 1245 5485 et
1288 5409 1551 5490 itinerum
1592 5440 1837 5495 omnium

262 5503 487 5569 socius;
512 5503 608 5573 qui
634 5507 934 5568 moriturus
963 5514 1229 5575 advocato
1251 5518 1320 5575 ad
1346 5537 1406 5578 se
1432 5522 1657 5598 Polybio
1706 5529 1844 5585 lam-

260 5593 402 5663 pada
434 5595 743 5653 tradiderit.
786 5599 902 5656 Hie
924 5618 1055 5675 ergo
1093 5607 1371 5668 inducitur
1390 5593 1644 5686 narrans,
1680 5638 1842 5691 'quo-

262 5685 426 5739 modo
475 5696 701 5744 sanctus
754 5691 1082 5765 episcopus,
1138 5700 1399 5762 divinitus
1449 5685 1838 5784 monitus-pro

262 5785 488 5833 attentus
535 5794 701 5846 parva
747 5798 998 5855 magnam
1058 5793 1340 5852 ecclesiam
1392 5816 1422 5852 ει
1469 5804 1838 5865 fundamentis

1955 4618 2128 4689 virgo,
2160 4635 2306 4674 anno
2343 4618 2449 4675 409
2494 4636 2524 4675 a
2562 4620 2775 4689 Gothis,
2818 4623 2884 4678 ad
2914 4612 3110 4681 Urbem
3162 4638 3290 4684 ante
3320 4645 3527 4685 annum

1952 4717 2166 4778 captam
2191 4724 2255 4763 ex
2287 4711 2585 4779 improviso
2625 4716 2910 4784 regressis,
2945 4718 3105 4773 etiam
3138 4720 3255 4789 ipsa
3287 4723 3524 4792 cap-itur,

1951 4801 2021 4854 ab
2070 4816 2259 4855 eorum
2283 4818 2409 4873 rege
2451 4803 2725 4876 Ataulpho
2751 4810 2804 4863 in
2843 4825 3067 4867 uxorem
3091 4817 3349 4878 sumitur,
3387 4825 3439 4870 et
3466 4817 3521 4869 iu

1952 4890 2265 4967 Hispaniam
2300 4898 2616 4966 abducitur;
2653 4900 2803 4956 fratri
2849 4912 3029 4959 autem
3066 4905 3274 4960 reddita
3304 4917 3357 4962 et
3386 4907 3523 4963 Con-

1950 4968 2151 5041 stantio
2178 4987 2468 5056 desponsa,
2516 4988 2956 5047 Valentinianum
2995 4993 3275 5051 Juniorem
3314 5003 3524 5069 peperit

1946 5090 2095 5132 anno
2124 5078 2249 5145 418,
2304 5095 2403 5136 nec
2450 5083 2614 5137 alium
2665 5085 2838 5139 scitur
2877 5086 3043 5141 lilium
3100 5090 3379 5156 habuisse,
3414 5095 3524 5150 nisi

1948 5168 2132 5224 forsan
2162 5186 2229 5225 ex
2261 5188 2384 5243 rege
2424 5175 2650 5230 barbaro
2689 5176 2742 5230 in
2779 5176 3038 5248 Hispania
3098 5181 3196 5238 SS.
3242 5184 3520 5242 Theodul-

1949 5259 2114 5328 phum
2156 5277 2221 5316 ac
2270 5261 2672 5321 Theodoricum
2723 5270 2960 5339 peperit,
3012 5274 3079 5329 de
3128 5278 3326 5346 quibus
3382 5282 3520 5349 apud

1940 5350 2199 5427 .Treviros
2237 5358 2468 5415 mortuis
2518 5369 2699 5415 actum
2751 5379 2782 5419 a
2832 5369 3036 5426 nobisl
3072 5373 3224 5429 Maii.
3259 5376 3522 5443 Quamvis

1947 5453 2126 5500 autem
2159 5447 2274 5502 haec
2299 5450 2482 5506 omnia
2528 5454 2836 5515 certissima
2886 5463 3015 5527 sint,
3069 5468 3290 5537 tingitur
3337 5480 3519 5531 tamen

1945 5534 2281 5607 Epiphanius
2319 5541 2388 5597 ab
2404 5543 2647 5603 Arcadio
2667 5558 2721 5604 et
2752 5550 3013 5623 Honorio,
3044 5568 3101 5613 ut
3130 5534 3262 5619 dixi.
3290 5576 3518 5625 vocatus

1946 5625 2173 5683 Romam
2205 5630 2273 5684 ad
2290 5648 2479 5688 eorum
2503 5653 2702 5709 argram
2728 5659 2969 5702 sororem
2998 5656 3295 5710 curandam
3319 5677 3331 5711 :
3355 5659 3519 5731 idque

1945 5735 2052 5774 non
2098 5730 2305 5776 tantum
2332 5729 2682 5796 praestitisse,
2719 5735 2815 5790 sed
2840 5738 3002 5794 etiam
3021 5742 3138 5811 ejus
3164 5745 3332 5801 lilium
3366 5724 3516 5807 uror-

1947 5820 2096 5868 tnum
2196 5818 2526 5888 suscitassc,
2582 5826 2672 5880 tali
2762 5829 2917 5901 lege,
3010 5847 3066 5890 ut
3151 5839 3511 5910 imperatores
