3842 6110
367 287 472 345 M7

1390 294 1451 351 S.
1495 295 1840 355 EPIPHAMI
1881 301 2061 357 ACTA
2105 300 2586 367 BOLLANDIANA

3535 313 3637 371 M3

366 419 493 461 cum
525 418 716 460 sorore
754 413 916 476 alque
949 416 1145 476 nepote
1184 408 1346 464 fidem
1400 412 1744 481 susciperent
1782 416 1946 471 Chri-
1977 423 2020 477 Α
2052 427 2202 472 retur
2219 419 2285 475 ad
2304 418 2532 475 fundum
2551 420 3638 497 eums'bivindicandum.Additimpera-

366 499 598 551 stianam
646 516 659 553 :
703 498 847 568 quod
895 508 950 553 et
1002 498 1254 565 fecerint,
1321 502 1581 573 baptizati
1634 521 1828 562 omnes
1878 511 1946 564 ab

362 587 700 658 Epiphanio,
756 591 1191 660 suscipientibus
1239 611 1258 644 ι
1322 594 1620 659 Arcadium
1683 597 1945 671 Polybio,

365 679 667 736 Honorium
721 680 932 747 Isaaco,
989 703 1007 735 ι
1062 700 1253 741 eorum
1303 707 1322 738 ι
1383 703 1629 745 sororem
1685 690 1943 748 Proclisia

360 767 617 834 Patricia,
656 780 711 826 et
750 772 923 841 filium
965 774 1131 846 hujus
1165 777 1406 847 quodam
1456 781 1731 847 eunucho,
1777 804 1796 834 ι
1835 800 1943 840 non

360 860 480 916 sine
505 863 787 933 prodigiis.
817 865 882 920 Et
905 866 1020 922 haec
1051 868 1271 937 quidem
1313 872 1495 926 omnia
1525 873 1739 930 vivente
1764 876 1946 933 adhuc

365 951 676 1013 Theodosio
712 954 942 1014 Seniore
969 959 1243 1030 Augusto,
1284 971 1449 1033 atque
1501 963 1638 1023 adeo
1682 975 1808 1031 ante
1842 984 1941 1029 an-

361 1059 495 1099 num
519 1045 644 1113 395,
678 1063 788 1118 quo
819 1048 909 1116 hic
942 1064 973 1105 e
996 1050 1108 1108 vita
1137 1053 1409 1124 migravit.

433 1134 523 1191 5'5.
556 1135 823 1220 Romam
857 1141 1093 1213 Cyprum
1127 1159 1399 1213 reversus,
1439 1156 1497 1209 ut
1542 1148 1783 1219 fingitur,
1816 1149 1942 1221 Epi-

359 1229 599 1300 phanius
644 1249 753 1289 non
806 1234 1123 1301 diuturnam
1167 1238 1240 1301 ibi
1291 1240 1531 1309 quietem
1586 1241 1799 1307 habuit,
1849 1245 1942 1300 sed

330 1316 650 1393 postquam
682 1323 815 1391 fami
857 1327 1109 1396 publicae,
1149 1330 1413 1398 coemptis
1447 1329 1788 1389 Faustiniani
1825 1332 1940 1389 fru-

357 1416 515 1486 gibus
545 1418 838 1487 prudenter
867 1422 1262 1490 consuluisset,
1294 1434 1347 1479 et
1380 1425 1607 1482 insidias
1622 1427 1747 1482 vitae
1772 1443 1887 1483 suae
1909 1443 1939 1483 a

276 1500 283 1509 “
357 1503 558 1563 Rufino
599 1509 834 1566 diacono
859 1528 982 1572 suo.
1022 1530 1089 1569 ex
1141 1517 1383 1585 ejusdem
1430 1517 1775 1581 Faustiniani
1804 1538 1940 1593 sug-

355 1596 622 1666 gestione,
655 1611 875 1670 paratas
898 1603 1083 1659 divina
1115 1607 1457 1675 praenotione
1486 1610 1788 1679 evasisset,
1817 1628 1941 1669 evo-

356 1698 511 1744 catur
554 1682 1114 1765 Constantinopolim,
1159 1698 1225 1752 ad
1267 1700 1586 1768 praedictum
1641 1703 1935 1774 imperato-

2052 510 2241 564 tricem
2277 513 2547 570 obtulisse
2585 514 2763 589 viduae
2806 515 3041 587 pretium
3093 516 3279 583 illius;
3319 518 3475 591 quod
3502 535 3638 575 sane

2050 609 2110 655 ut
2144 603 2236 673 illa
2285 614 2592 674 acceptaret
2618 616 2714 661 aut
2741 607 2984 663 oblatum
3024 608 3155 665 alibi
3185 610 3475 680 pendium,
3508 628 3636 668 con-

2049 694 2257 750 sultius
2303 695 2502 752 fuisset
2549 697 2786 754 suadere
2828 701 2994 770 laesae,
3044 716 3220 774 quam
3272 717 3372 771 pro
3413 718 3635 759 summo

2042 787 2172 856 jure
2200 797 2386 845 tantas
2418 790 2608 845 turbas
2652 806 2897 856 movere,
2941 801 3180 862 quantas
3217 795 3484 863 consequi
3531 810 3633 850 ne-

2048 895 2206 944 cesse
2236 888 2377 945 erat,
2411 882 2457 936 si
2488 896 2586 951 per
2636 884 3223 953 excommunicationis
3262 884 3500 957 rigorem
3533 901 3624 940 ex-

2046 970 2363 1027 cluderetur
2389 971 2460 1026 ab
2489 971 2725 1037 ecclesia
2763 972 3110 1041 imperatrix.
3155 971 3344 1044 Itaque
3371 973 3634 1031 existimo

2046 1076 2226 1132 neque
2257 1061 2367 1117 tale
2397 1060 2697 1132 quidquam
2728 1062 2797 1116 ab
2832 1061 2936 1119 hac
2985 1062 3253 1126 oblatum,
3305 1072 3632 1133 praetextum

2046 1161 2230 1209 autem
2257 1153 2409 1210 illius
2426 1154 2542 1224 agri
2567 1154 2877 1224 usurpandi
2904 1153 3073 1213 alium
3104 1170 3211 1211 non
3241 1153 3431 1227 fuisse,
3460 1170 3630 1224 quam

2047 1244 2196 1314 quod
2225 1254 2478 1301 mortuus
2504 1255 2651 1302 esset
2674 1246 2727 1300 in
2760 1245 2958 1305 exsilio
2984 1246 3161 1305 viduae
3181 1246 3299 1316 ejus
3314 1244 3548 1301 maritus
3581 1256 3635 1302 et

2044 1335 2189 1392 bona
2230 1338 2362 1394 olim
2416 1339 2549 1395 fisco
2617 1338 2852 1396 addicta.
2890 1337 3081 1409 Neque
3130 1352 3219 1395 me
3254 1347 3437 1393 movet
3480 1339 3631 1408 quod

2042 1430 2294 1484 eamdem
2330 1446 2444 1487 rem
2475 1431 2530 1486 in
2563 1431 2818 1493 encomio
2861 1429 3245 1502 Chrysostomi
3286 1436 3477 1489 narret
3522 1427 3636 1482 Leo

2042 1523 2382 1593 imperator;
2418 1531 2645 1594 apparet
2678 1522 2824 1579 enim
2855 1538 2981 1585 eum
3017 1521 3325 1585 inhaesisse,
3367 1519 3488 1595 sine
3518 1518 3634 1573 ullo

2040 1615 2313 1687 examine,
2349 1614 2478 1670 huic
2507 1623 2615 1669 tam
2653 1600 2986 1685 portentosae
3029 1612 3166 1671 Vita:
3206 1610 3264 1668 S.
3314 1610 3631 1682 Epipltanii.

2116 1705 2206 1761 55.
2243 1702 2380 1761 Utut
2413 1706 2504 1771 sit,
2540 1704 2765 1777 fingitur
2800 1721 2869 1761 eo
2921 1720 3097 1776 usque
3130 1705 3268 1769 irata
3302 1703 3635 1775 imperati-ix

355 1795 469 1834 rem
510 1781 910 1856 Theodosium;
945 1803 1106 1857 quem
1135 1790 1365 1860 pedibus
1398 1768 1740 1851 laborantem
1774 1812 1939 1853 sana-
1971 1768 2012 1822 Β
2043 1806 2103 1854 ιιι
2143 1800 2208 1854 de
2243 1797 2456 1855 Joanne
2481 1768 2803 1869 deponendo
2842 1768 3073 1867 coeperit
3113 1799 3323 1869 agitare
3367 1768 3630 1855 consilia.

354 1879 514 1943 verit,
548 1871 788 1945 laetitiam
828 1873 1034 1951 faciens
1058 1895 1166 1935 non
1202 1889 1411 1936 tantum
1441 1882 1567 1954 ipsi,
1604 1884 1698 1940 sed
1722 1895 1777 1940 et
1811 1886 1936 1943 filiis

353 1962 592 2018 Arcadio
642 1975 808 2037 atque
861 1965 1124 2037 Honorio,
1171 1988 1266 2043 per
1318 1974 1538 2030 eosdem
1590 1976 1707 2032 dies
1761 1976 1935 2035 Roma

353 2054 883 2129 Constantinopolim
915 2063 1169 2139 reversis.
1191 2064 1351 2122 Prius
1382 2076 1563 2124 autem
1585 2086 1749 2141 quam
1781 2072 1938 2129 abiis

351 2146 656 2204 discederet
697 2159 942 2217 sanctus,
997 2152 1387 2227 Faustinianus
1437 2159 1629 2216 eodem
1667 2161 1935 2219 adductus

352 2238 405 2292 in
442 2239 675 2298 vinculis
704 2244 843 2305 male
883 2246 1086 2302 dicitur
1115 2250 1377 2323 periisse;
1428 2251 1770 2325 rediisseque
1809 2254 1935 2326 Epi-

347 2329 590 2397 phanius
621 2332 676 2388 in
708 2334 954 2408 Cyprum
982 2355 1106 2399 cum
1135 2342 1431 2408 mandatis,
1479 2351 1537 2399 ut
1590 2360 1935 2417 quaecunque

348 2419 498 2475 illius
521 2420 741 2478 fuerant
770 2426 1032 2485 retineret
1051 2429 1142 2501 pia
1173 2446 1309 2486 uxor
1335 2448 1460 2502 quae
1489 2436 1677 2491 omnia
1706 2436 1774 2491 ad
1803 2452 1936 2494 usus

347 2508 593 2576 ecclesiae
652 2513 992 2585 consignarit
1037 2517 1293 2575 ordinata
1353 2522 1685 2581 diaconissa.
1728 2524 1936 2583 Deinde

347 2598 567 2669 Aetium
626 2602 1140 2679 Valentinianorum
1185 2610 1505 2682 episcopum
1552 2614 1935 2674 obmutescere

349 2686 566 2759 fecerit;
604 2693 699 2748 sed
746 2703 801 2752 et
833 2683 1026 2771 conire
1073 2698 1324 2770 Ophitas,
1367 2688 1730 2778 Sabellianos,
1768 2708 1931 2768 Nico-

348 2778 533 2850 laitas,
586 2782 956 2872 Simonianos,
1008 2790 1473 2863 Carpocratianos
1514 2797 1828 2866 haereticos,
1874 2803 1931 2858 in

346 2871 525 2945 Cypro
561 2871 899 2953 nidulantes,
932 2883 1261 2955 rescriptum
1295 2885 1593 2961 Theodosii
1636 2895 1927 2966 acceperit,

345 2973 408 3019 ut
440 2967 773 3036 pellerentur
805 2972 875 3045 ab
901 2973 1104 3031 insula.
1136 2976 1383 3051 Quorum
1410 2995 1576 3055 quam
1602 2999 1746 3056 aegre
1768 2988 1931 3058 quid-

2041 1889 2163 1957 Quo
2226 1893 2450 1962 cognito
2504 1890 2844 1962 Theophilus
2906 1890 3249 1962 persuaserit
3312 1890 3632 1963 Epiphanio

2039 1981 2302 2051 navigare
2361 1981 2921 2052 Constantinopolim.
2982 1980 3094 2039 Huc
3158 1984 3450 2053 appulsum
3499 2001 3628 2041 cum

2037 2072 2264 2145 Polybio
2294 2081 2350 2129 et
2381 2072 2570 2129 lsaaco
2606 2073 2779 2146 (nulla
2806 2072 2948 2130 facta
2982 2075 3263 2133 mentione
3293 2075 3629 2146 Crispionis,

2039 2167 2106 2222 de
2122 2181 2232 2237 quo
2256 2164 2405 2239 mox)
2431 2166 2810 2223 sollieitaverit
2832 2167 3175 2237 imperatrix,
3204 2174 3265 2225 ut
3290 2166 3343 2221 in
3370 2166 3628 2231 Joannis,

2039 2268 2300 2332 tanquam
2346 2259 2747 2330 perturbatoris
2794 2269 2852 2318 et
2901 2260 3167 2327 haeretici,
3219 2262 3628 2332 depositionem

2036 2351 2412 2419 consentiens,
2439 2351 2685 2422 seipsum
2715 2352 2770 2407 in
2795 2351 2917 2423 ejus
2953 2352 3136 2409 locum
3177 2362 3456 2422 pateretur
3486 2355 3627 2410 sub-

2037 2445 2221 2512 stitui;
2250 2443 2500 2500 molliora
2531 2461 2660 2503 vero
2691 2446 2948 2502 suadenti
2989 2445 3300 2517 Epiphanio
3319 2448 3529 2503 minata
3554 2450 3629 2504 sit

2035 2533 2256 2593 dicens:
2282 2556 2303 2591 ι
2329 2537 2387 2592 Si
2413 2536 2583 2595 fueris
2608 2530 2999 2610 impedimento
3037 2540 3337 2609 quominus
3374 2540 3629 2594 mittatur

2033 2625 2274 2685 Joannes
2315 2628 2372 2684 in
2419 2629 2713 2695 exsilium,
2774 2631 3016 2700 aperiam
3069 2631 3271 2700 templa
3322 2631 3625 2696 idolorum,

2034 2727 2140 2776 etc.
2179 2739 2198 2774 ι
2243 2720 2495 2792 Cumque
2523 2722 2593 2777 ad
2630 2721 2749 2778 haec
2783 2722 3153 2794 ingemiscens
3191 2721 3537 2794 Epiphanius
3565 2739 3629 2781 se

2034 2809 2105 2866 ab
2137 2810 2242 2866 hoc
2269 2811 2481 2880 judicio
2518 2813 2867 2868 innocentem
2901 2822 3325 2883 protestaretur,
3374 2830 3485 2870 non
3543 2824 3630 2869 ta-

2034 2916 2161 2957 men
2216 2901 2497 2972 effugisse,
2550 2903 2849 2973 quominus
2900 2903 3182 2961 diceretur
3236 2904 3626 2971 consensisse;

2034 2993 2221 3064 itaque
2255 2990 2521 3050 Joannem
2557 3004 2780 3065 accepta
2804 2994 2993 3051 charta
3018 2996 3070 3052 ei
3103 2996 3428 3064 scripsisse:
3468 3015 3487 3048 (
3525 2994 3632 3050 Sa-

347 3074 513 3127 quam
545 3063 861 3132 possitcum
895 3068 1125 3131 veritate
1154 3071 1478 3139 consistere,
1526 3078 1723 3149 partim
1756 3081 1927 3152 liquet
1957 3101 2003 3164 ς
2032 3063 2189 3154 piens
2210 3084 2503 3157 Epiphani,
2548 3063 2812 3143 assensus
2826 3102 2886 3143 es
2908 3102 3030 3143 meo
3059 3063 3297 3143 exsilio?
3325 3086 3383 3141 ιιι
3415 3087 3623 3141 throno

347 3166 411 3204 ex
437 3151 620 3221 dictis,
652 3156 854 3233 partim
907 3159 1089 3228 quoad
1134 3159 1476 3221 Sabellianos
1509 3167 1716 3225 revinci
1754 3151 1929 3240 potest

346 3256 410 3296 ex
436 3240 741 3314 Epiphanio
773 3249 866 3318 qui
899 3249 1093 3307 haeresi
1121 3269 1231 3307 an
1272 3270 1577 3333 agnoscens
1603 3260 1768 3331 hujus
1797 3270 1929 3320 tunc

346 3348 503 3395 novae
528 3335 708 3392 adhuc
740 3347 902 3393 sectae
935 3340 1202 3409 plurimos
1243 3351 1355 3399 tum
1411 3346 1468 3402 in
1506 3346 1923 3423 Mesopotamia,

347 3433 463 3481 tum
500 3425 690 3484 Romae
738 3433 967 3507 versari,
1005 3450 1117 3490 non
1166 3439 1524 3508 praateriisset
1570 3442 1830 3515 Cyprum,
1882 3446 1929 3503 si

345 3520 413 3576 ad
450 3537 570 3576 eam
612 3522 857 3603 ipsorum
895 3527 1207 3598 pertigisset
1248 3547 1540 3601 venenum,
1581 3535 1724 3593 sicut
1765 3539 1820 3594 id
1861 3539 1928 3595 de

346 3614 749 3676 Valentinianis
776 3620 990 3695 dixerat
1018 3625 1208 3681 haeresi
1239 3643 1394 3692 xxxi,
1420 3627 1671 3699 Ophitas,
1695 3630 1928 3690 Nicolai-

344 3719 449 3773 tas,
481 3708 852 3795 Simonianos,
876 3714 1355 3787 Carpocratianos.
1375 3722 1479 3778 sub
1504 3723 1591 3779 his
1614 3726 1927 3783 nominibus

343 3800 524 3877 adhuc
559 3805 898 3881 superfuisse
946 3810 1148 3871 saeculo
1181 3828 1253 3879 tv,
1283 3825 1515 3885 exeunte
1553 3817 1677 3888 quis
1708 3820 1930 3874 credat?

413 3892 500 3946 54.
535 3891 725 3971 Restat
761 3897 974 3975 ultima,
1025 3910 1121 3957 aut
1159 3903 1341 3960 verius
1392 3905 1580 3971 unica,
1635 3907 1927 3977 Epiphanii

341 3984 407 4049 ad
461 3986 650 4063 urbem
712 3988 1383 4067 Const-antinopolitanam
1436 3995 1725 4067 profectio,
1782 4013 1928 4053 anno

341 4074 447 4129 402
469 4077 536 4130 ad
564 4077 725 4155 ﬁnem
753 4092 1028 4152 vergente,
1054 4096 1149 4141 aut
1176 4089 1427 4158 sequenti
1444 4090 1558 4160 jam
1586 4090 1741 4144 inito.
1775 4088 1929 4145 Hane

344 4167 412 4220 ab
454 4183 560 4222 ovo
606 4173 898 4247 exordiens
938 4174 1213 4237 fabulator
1254 4189 1462 4242 noster,
1518 4180 1696 4251 primo
1739 4188 1927 4235 narrat

344 4254 629 4326 TheOphili
663 4261 952 4336 dissidium
987 4281 1111 4323 cum
1165 4266 1429 4329 fratribus
1470 4268 1695 4339 Longis,
1750 4272 1927 4327 tribus

341 4347 553 4402 scilicet
591 4348 717 4421 filiis
760 4350 1117 4429 Heracleonis
1162 4355 1487 4426 imperantis
1536 4359 1923 4428 Alexandriae,

2033 3182 2130 3233 tuo
2163 3192 2273 3234 non
2302 3177 2520 3235 sedebis
2563 3178 2838 3248 amplius;
2885 3198 2903 3230 ι
2945 3176 3312 3248 Epiphaniam
3348 3191 3480 3233 vero
3535 3191 3629 3230 re-

2032 3269 2324 3340 scripsisse
2353 3289 2365 3326 :
2400 3288 2423 3327 ι
2456 3270 2679 3327 Athleta
2713 3270 2940 3339 Christi,
2977 3272 3291 3337 verberare,
3325 3282 3380 3327 et
3412 3270 3569 3324 vince
3606 3286 3623 3322 :

2031 3360 2088 3416 in
2119 3361 2301 3417 locum
2353 3370 2559 3428 autem,
2614 3362 2683 3418 ad
2731 3378 2896 3433 quem
2951 3362 3105 3420 fuisti
3157 3363 3454 3433 relegatus,
3511 3378 3624 3419 non

2033 3453 2240 3511 venies.
2274 3474 2294 3507 ι
2326 3452 2581 3512 Potuitne
2615 3464 2893 3525 postrema
2920 3456 3036 3515 haec
3079 3470 3180 3526 pro
3209 3454 3382 3520 falsis,
3419 3465 3479 3512 ut
3521 3473 3623 3513 ne-

2032 3545 2276 3603 cessario
2315 3555 2446 3603 sunt
2478 3545 2801 3612 falsissima,
2838 3547 3039 3607 habere
3083 3546 3383 3613 Baronius;
3412 3558 3468 3603 et
3504 3565 3618 3605 non

2031 3636 2219 3697 videre
2281 3638 2625 3708 colloquium
2689 3637 2985 3711 Epiphanii
3048 3653 3175 3697 cum
3235 3638 3619 3708 imperatrice,

2032 3727 2282 3797 ejusdem
2315 3738 2376 3785 ut
2412 3731 2658 3789 auctoris
2705 3730 2786 3787 sic
2831 3739 2885 3785 et
2923 3729 3049 3801 fidei
3092 3730 3254 3789 esse?
3298 3729 3412 3785 Cur
3457 3731 3627 3801 igitur

2037 3816 2224 3887 ipsum
2249 3821 2508 3889 opposuit
2547 3821 2859 3887 auctoritati
2904 3820 3196 3887 Sozomeni
3250 3830 3518 3893 tanquam
3563 3822 3623 3876 in

2032 3906 2275 3971 favorem
2319 3907 2753 3981 Origenistarum
2804 3921 3024 3983 propter
3068 3910 3334 3969 Joannem
3380 3928 3622 3981 propen-

2032 3998 2232 4056 sioris?
2266 4000 2576 4074 Utrumque
2619 4020 2752 4063 sane
2790 4005 2952 4061 velim
3002 4004 3287 4074 aequaliter
3326 4006 3597 4075 rejectum

2030 4092 2252 4162 quando
2282 4093 2521 4164 priorem
2549 4093 2812 4153 Eudoxiee
2840 4112 2966 4155 cum
2995 4096 3394 4167 Chrysostomo
3421 4098 3598 4152 rixam

2030 4201 2156 4254 quae
2195 4184 2492 4251 Theodosii
2530 4187 2772 4256 junioris
2809 4188 3157 4247 nativitatem
3187 4204 3255 4244 ac
3285 4187 3429 4244 forte
3457 4193 3607 4245 etian

2031 4293 2121 4333 an.
2159 4277 2286 4340 591,
2335 4280 2649 4343 antecessit,
2699 4288 2920 4337 constat
2985 4279 3161 4336 fuisse
3201 4281 3617 4349 compositam:

2030 4379 2088 4427 et
2153 4371 2491 4439 posteriores
2546 4372 2801 4441 querelas
2856 4372 3095 4442 primum
3152 4387 3274 4428 esse
3325 4370 3615 4436 subortas,

342 4441 488 4511 quod
518 4441 646 4513 alibi
677 4457 786 4511 non
838 4444 1065 4513 legitur;
1117 4459 1171 4507 et
1212 4462 1404 4504 eorum
1459 4465 1626 4506 causa
1675 4463 1924 4519 exortam
1964 4451 2004 4505 D
2030 4462 2249 4532 quando
2282 4479 2299 4512 ί
2338 4462 2587 4531 digresso
2620 4462 2688 4520 ah
2719 4441 3216 4533 urbeiEpiphanio,
3269 4462 3515 4521 Joannes
3569 4465 3620 4519 in

342 4533 485 4587 inter
531 4530 892 4606 Theophilum
949 4544 1003 4590 et
1057 4537 1325 4609 Joannem
1372 4540 1743 4611 discordiam;
1809 4555 1922 4601 tum

341 4627 558 4703 longam
590 4626 658 4687 de
686 4641 818 4699 agro
843 4627 1044 4703 vidum,
1074 4645 1166 4699 per
1202 4630 1504 4691 Eudoxiam
1538 4646 1803 4707 usurpato
1829 4655 1927 4709 per

338 4718 794 4795 Chrysostomum
867 4721 1021 4777 reddi
1087 4722 1277 4792 jusso,
1349 4726 1670 4784 relationem
1747 4733 1921 4796 texit;

336 4828 503 4880 quam
531 4828 719 4881 verum.
751 4813 807 4885 in
839 4814 1149 4870 substantia
1178 4832 1300 4872 esse
1339 4817 1590 4874 dubitare
1628 4836 1739 4877 non
1793 4825 1925 4880 sinit

336 4903 555 4979 Marcus
584 4904 874 4979 diaconus,
926 4906 982 4962 in
1042 4905 1166 4961 Vita
1201 4907 1265 4963 S.
1317 4908 1611 4980 Porphyrii
1668 4914 1923 4972 Cnemis

333 4994 407 5050 26
438 4996 599 5050 Febr.
645 5014 703 5053 ιι.
739 5000 828 5069 '57,
887 5000 985 5057 sed
1034 5008 1361 5072 praetextum
1413 5002 1534 5073 ejus
1588 5007 1701 5077 agri
1758 5023 1923 5065 usur-

338 5088 504 5157 pandi
535 5105 657 5151 eum
690 5092 915 5149 adducit
940 5093 1218 5163 fabulator
1243 5100 1454 5157 noster,
1482 5095 1575 5164 qui
1606 5113 1718 5154 non
1747 5102 1924 5169 possit

336 5194 448 5233 non
479 5194 601 5235 esse
621 5182 688 5236 de
720 5182 961 5242 falsitate
987 5196 1312 5258 suspectus;
1341 5187 1490 5259 quod
1515 5189 1728 5249 scilicet
1752 5210 1771 5245 ι
1803 5208 1923 5257 mos

338 5281 424 5327 est
458 5270 884 5353 imperatoribus
907 5287 962 5334 et
987 5280 1454 5351 imperatrieibus,
1505 5282 1554 5338 si
1593 5284 1678 5340 vel
1726 5286 1918 5355 pedem

336 5366 586 5421 intulerit
616 5366 669 5421 in
700 5374 903 5425 terram
935 5371 1191 5448 alienam,
1228 5386 1283 5435 et
1315 5379 1362 5434 si
1408 5376 1651 5439 fructum
1694 5366 1922 5449 accepe-

338 5457 410 5510 rit
437 5474 502 5513 ex
521 5459 709 5528 aliquo
735 5474 928 5515 eorum
958 5478 1082 5533 quae
1107 5464 1344 5525 fructum
1385 5468 1588 5534 ferunt,
1636 5480 1697 5525 ut
1735 5472 1922 5527 nullus

336 5551 477 5606 alius
524 5553 577 5606 in
622 5569 685 5607 ea
744 5563 1072 5624 potestatem
1124 5557 1320 5615 habeat
1377 5562 1482 5617 nisi
1544 5564 1860 5634 imperator.
1897 5584 1916 5617 ι

334 5645 527 5717 Itaque
559 5646 765 5704 factum
800 5650 899 5717 ait,
931 5659 990 5703 ut
1020 5663 1147 5704 eum
1186 5666 1317 5705 casu
1375 5654 1503 5708 illuc
1543 5655 1788 5724 ingressa
1816 5657 1919 5710 im-

337 5743 574 5809 peratrix
606 5743 821 5800 hutrum
849 5743 952 5799 sibi
980 5744 1330 5809 resecuisset,
1355 5747 1456 5800 hoc
1484 5748 1604 5815 ipso
1631 5750 1748 5818 cogi
1778 5749 1922 5806 vide-

2027 4554 2262 4615 ecclesia
2292 4555 2461 4611 verba
2502 4554 2732 4621 faciens,
2779 4572 3133 4615 communem
3183 4557 3455 4614 adversus
3493 4575 3618 4613 mu-

2026 4648 2189 4707 lieres
2234 4651 2694 4721 vituperationem
2747 4649 3007 4717 instituit,
3050 4666 3219 4720 quam
3261 4654 3502 4720 populus
3544 4657 3618 4707 ita

2026 4742 2258 4811 accepit,
2306 4742 2464 4812 quasi
2507 4743 2774 4801 adversus
2818 4742 3169 4812 imperatoris
3225 4743 3520 4815 conjugem
3557 4747 3619 4801 ti-

2028 4844 2220 4905 gurate
2247 4836 2550 4905 composita
2580 4835 2795 4901 fuisset,
2835 4855 2856 4883 ι
2896 4836 2975 4891 uti
3007 4837 3204 4893 scribit
3244 4837 3616 4909 Sozomenus,

2028 4927 2084 4982 in
2119 4928 2225 4984 hoc
2244 4927 2549 4985 conformis
2569 4928 2807 4985 Socrati.
2836 4928 2977 4984 Tum
3007 4930 3223 4986 scilicet
3249 4930 3614 5002 TheOpliilus,

2026 5019 2119 5088 qui
2159 5020 2310 5077 solus
2351 5020 2531 5076 fuerat
2575 5004 2805 5076 vocatus
2839 5020 2897 5075 in
2941 5021 3156 5087 urbem,
3209 5023 3547 5091 judicandus
3584 5043 3616 5081 a

2027 5110 2238 5167 Joanne
2267 5113 2320 5167 in
2348 5127 2517 5168 causa
2563 5113 2989 5179 monachorum,
3038 5114 3329 5187 agentibus
3377 5115 3615 5174 Joannis

2024 5204 2241 5260 aemulis
2270 5213 2325 5260 et
2373 5205 2639 5261 suadente
2689 5205 3058 5276 imperatrice,
3116 5214 3283 5277 atque
3334 5209 3615 5279 synodum

2025 5294 2216 5354 contra
2244 5312 2368 5353 eam
2400 5298 2813 5359 convocandam
2848 5306 3132 5368 poscente,
3179 5300 3490 5370 permissus
3531 5311 3614 5357 est

2026 5388 2314 5460 Egyptios
2347 5391 2637 5461 episcopos
2668 5405 2854 5446 secum
2886 5392 3089 5447 ducere
3125 5408 3139 5443 :
3174 5391 3268 5462 qui
3303 5391 3359 5446 in
3404 5394 3607 5449 subur-

2024 5479 2115 5534 bio
2146 5476 2513 5537 Chalcedonis
2541 5481 2609 5537 ad
2656 5481 2932 5548 Quercum
2970 5482 3286 5552 congregati
3339 5480 3611 5538 Joannem

2023 5572 2330 5645 depositum
2376 5574 2759 5640 declararunt;
2807 5574 2915 5629 sed
2951 5572 3177 5636 frustra,
3224 5576 3430 5645 populo
3479 5592 3610 5631 eum

2028 5666 2112 5719 vel
2145 5665 2377 5719 invitum
2403 5666 2745 5720 restituente.
2781 5665 2919 5721 Cum
2961 5676 3141 5720 autem
3189 5678 3412 5737 propter
3450 5686 3470 5720 ι
3522 5685 3612 5722 ar-

2029 5762 2279 5819 genteam
2309 5764 2548 5811 statuam
2589 5774 2609 5807 ι
2646 5756 2828 5819 denuo
2855 5771 3082 5813 accensa
3121 5767 3267 5814 esset
3300 5759 3611 5831 indignatio
