3808 6168
327 321 429 376 H9

1275 289 1282 300 ⁷
1345 322 1400 375 s.
1447 320 1780 376 EPlPllANlI
1825 318 2002 372 ACTA
2047 313 2542 370 BOLLANDIANA.

3459 303 3480 355 l
3494 299 3560 356 50

325 439 723 505 imperatrieis,
782 439 836 493 in
879 440 1048 494 altera
1107 450 1295 508 postea
1351 443 1561 514 synodo
1613 444 1895 498 decretum
1929 446 1973 500 Α
2007 438 2252 500 Petavio,
2289 425 3000 506 deuasniypaeov'credere,
3039 447 3054 478 σ
3098 435 3317 496 propter
3346 437 3564 478 sexcen-

323 531 502 586 sancti
560 531 818 587 exsilium
866 539 984 596 est,
1041 547 1107 586 eo
1168 534 1344 590 solum
1400 544 1681 603 prmtextu,
1749 534 1894 603 quod

324 622 619 676 damnatus
649 620 703 674 in
726 620 955 690 synodo,
975 621 1182 691 absque
1209 624 1601 678 numerosioris
1622 639 1784 694 quam
1810 624 1896 676 illa

325 712 395 766 ad
449 709 722 778 Quercum
768 710 945 768 fuerat
976 713 1165 784 synodi
1210 715 1493 780 sententia,
1527 716 1708 773 sedem
1742 729 1897 770 suam

331 804 648 872 recepisset.

400 894 492 948 56.
527 894 609 952 Ad
639 903 944 950 extremum
972 895 1025 951 in
1060 895 1230 962 Actis,
1273 905 1426 952 tanto
1451 897 1576 968 jure
1603 896 1901 968 reproban-

329 990 439 1054 dis,
467 990 666 1046 dicitur
718 989 1056 1061 Epiphanius
1109 991 1427 1046 adhortatus
1475 989 1527 1042 in
1573 988 1694 1042 navi
1745 1002 1896 1051 suos,

332 1082 558 1138 sedasse
604 1083 858 1152 precibus
910 1091 1287 1152 tempestatem
1350 1080 1680 1146 triduanam,
1739 1087 1902 1147 atque

334 1174 670 1243 exspirasse.
701 1173 871 1243 Cuius
902 1174 1172 1230 demortui
1207 1187 1426 1243 corpus,
1447 1169 1904 1226 circumeisumne

332 1273 501 1326 esset,
530 1263 813 1331 explorare
839 1264 1028 1320 volens
1076 1264 1402 1325 navarehus,
1439 1261 1546 1314 ictu
1620 1256 1771 1330 pedis
1816 1272 1900 1310 re—

335 1362 420 1406 tro
452 1362 607 1414 actus
634 1354 1044 1423 exstinctusque
1094 1354 1161 1409 ad
1203 1353 1422 1408 eosdem
1473 1350 1638 1421 pedes
1693 1349 1904 1418 positus

337 1447 612 1506 revixerit.
659 1446 902 1514 Cumque
949 1445 1323 1500 Constantiam
1384 1443 1684 1512 appulisset
1727 1438 1901 1504 navis,

339 1536 576 1592 tenebrae
606 1535 824 1604 quidem
873 1537 968 1590 toti
1015 1535 1362 1589 incubuerint
1406 1532 1647 1598 civitati;
1680 1541 1789 1585 tres
1823 1540 1904 1582 la-

336 1640 464 1680 men
519 1624 648 1680 caeci
706 1625 918 1682 obviam
976 1624 1272 1695 progressi,
1333 1638 1460 1678 cum
1510 1621 1735 1690 reliquis
1783 1633 1905 1674 sese

2000 538 2086 585 tas
2125 528 2531 583 mendaciorum
2565 539 2756 594 nugas,
2797 522 2996 592 quibus
3023 518 3159 572 liber
3203 515 3290 569 ille
3334 513 3565 567 refertus

1999 627 2106 674 est.
2149 637 2167 670 ι
2193 617 2410 672 Petavio
2441 612 2770 669 Sirmundus
2797 621 2849 665 et
2876 609 3139 662 Labbaeus
3168 603 3564 673 subscripsere,

2001 709 2176 766 sancti
2214 708 2394 763 Patris
2444 705 2635 760 honori
2684 703 2958 767 faventes;
3009 708 3061 754 et
3101 699 3296 753 horum
3345 703 3566 750 senten-

2002 802 2133 856 tiam
2168 817 2232 854 ex
2275 801 2462 854 eodem
2509 797 2714 851 motivo
2760 793 3017 848 libentius
3059 803 3234 854 teneo,
3275 790 3398 843 licet
3431 787 3566 841 satis

2003 892 2297 962 intelligam
2334 905 2458 943 cum
2499 887 2750 951 Labbaeo,
2789 899 2910 939 esse
2948 882 3041 952 qui
3085 891 3361 942 censeant,
3403 898 3420 929 ι
3463 894 3569 931 non

2003 981 2183 1036 omnia
2242 979 2512 1034 veteribus
2563 976 2815 1030 Patribus
2873 971 3264 1036 subtrahenda,
3293 971 3346 1022 in
3375 968 3571 1038 quibus

2005 1063 2356 1124 Thalmudica
2394 1075 2701 1121 commenta
2733 1073 2786 1118 et
2827 1061 3103 1117 Hebraieae
3154 1058 3405 1129 quaadam
3439 1057 3572 1110 deu-

2006 1171 2211 1218 teroses
2238 1159 2610 1215 continentur.

2075 1253 2162 1308 58.
2196 1251 2287 1307 Sic
2317 1252 2453 1306 liber
2486 1251 2560 1305 De
2598 1249 2718 1302 Vita
2747 1259 2795 1300 et
2823 1256 2990 1301 morte
3010 1246 3300 1315 justorum,
3339 1239 3572 1298 Baronio

2007 1343 2059 1396 iu
2090 1343 2234 1397 notis
2269 1341 2333 1395 ad
2368 1339 2676 1394 Romanum
2706 1335 3150 1407 Martyrologium
3186 1333 3208 1386 l
3249 1332 3371 1385 Maii
3413 1340 3464 1384 et
3503 1331 3573 1381 23$

2012 1452 2030 1484 ς
2067 1433 2370 1504 cujuspiam
2400 1432 2623 1485 alterius
2671 1430 2854 1499 potius
2899 1442 3062 1498 quam
3110 1427 3168 1482 S.
3227 1424 3413 1481 isidori
3455 1438 3574 1475 esse

2007 1523 2239 1585 videtur,
2276 1537 2341 1576 eo
2362 1521 2504 1591 quod
2543 1520 2595 1573 in
2641 1534 2706 1574 eo
2740 1517 3021 1587 complura
3064 1515 3425 1584 reperiantur,
3477 1511 3574 1565 lsi-

2005 1617 2138 1671 doro
2173 1615 2414 1685 indigna,
2449 1620 2823 1684 coagmentata
2874 1609 3155 1664 mendacia
3187 1625 3200 1659 :
3242 1627 3259 1658 ι
3293 1608 3358 1663 de
3396 1622 3461 1660 eo
3505 1615 3570 1659 ta-

336 1732 502 1770 manu
538 1717 872 1782 tenentibus.
900 1716 1078 1772 visum
1109 1717 1448 1784 receperint;
1488 1727 1687 1782 corpus
1721 1721 1901 1763 autem
1939 1775 1974 1784 ἡ
2009 1723 2129 1762 men
2157 1721 2263 1760 non
2292 1705 2422 1762 sinit
2451 1721 2550 1759 nos
2586 1703 2833 1759 dubitare
2869 1701 2925 1755 S.
2964 1699 3185 1754 Braulio
3213 1700 3265 1752 in
3307 1707 3572 1768 praenota-

333 1807 616 1862 conditum
656 1808 812 1870 melle
846 1807 1144 1876 prostiterit
1173 1775 1490 1864 iri-ecclesia
1524 1775 1718 1859 diebus
1761 1801 1905 1854 mul-
1939 1775 1978 1828 Β
2010 1799 2155 1854 tione
2187 1798 2450 1852 librorum
2480 1797 2600 1866 ejus
2636 1814 2646 1848 :
2684 1796 2755 1848 ita
2793 1803 2852 1848 ut
2897 1793 3025 1848 huic
3063 1791 3376 1846 excusando
3427 1789 3573 1842 aliud

335 1899 430 1958 tis,
461 1914 528 1951 eo
561 1899 703 1966 quod
731 1897 1012 1969 Longinus
1042 1908 1095 1952 et
1114 1896 1404 1953 Petronius
1448 1895 1686 1960 diaconi,
1712 1891 1906 1947 limresi

339 1987 720 2042 Valentiniana
765 1987 900 2042 clam
951 1977 1156 2051 iuleeti,
1191 1984 1347 2052 nefas
1377 1999 1498 2039 esse
1545 1983 1788 2036 dicerent
1827 1985 1910 2036 in-

335 2088 420 2131 tra
447 2077 718 2130 civitatem
771 2076 822 2129 in
875 2076 1105 2131 ecclesia
1163 2074 1377 2145 sepeliri
1429 2084 1736 2132 mortuum;
1778 2072 1907 2141 quia

336 2175 519 2220 autem
555 2165 783 2236 sepelire
810 2182 934 2221 eum
973 2166 1330 2222 nihilominus
1365 2165 1672 2220 volentibus
1725 2164 1801 2217 illi
1851 2178 1910 2218 se

335 2257 706 2324 Opponebaut,
735 2257 802 2310 ad
842 2257 1135 2311 venerandi
1164 2255 1380 2310 diaconi
1415 2255 1626 2318 Sabini,
1672 2253 1908 2323 Epipha-

336 2346 490 2398 nium
527 2345 853 2410 invocantis,
879 2361 1102 2415 preces;
1145 2345 1424 2416 Longinus
1456 2344 1676 2414 quidem
1711 2344 1900 2398 conci-

335 2433 480 2486 derit
514 2433 632 2502 ipso
686 2433 808 2488 loco
859 2445 1130 2499 mortuus,
1187 2433 1474 2490 Petronius
1518 2449 1669 2496 vero,
1727 2434 1902 2490 elatus

336 2521 466 2577 inde
500 2523 828 2594 paralytieus
850 2539 914 2578 ac
939 2534 1145 2592 mutus,
1169 2533 1365 2594 quarto
1397 2524 1484 2578 die
1512 2524 1732 2578 ohierit.
1765 2523 1904 2578 Tum

333 2628 466 2667 vero
527 2614 727 2668 missos
761 2613 1305 2685 Constantinopolim
1370 2615 1578 2684 legatos
1633 2629 1750 2677 sex,
1809 2615 1903 2683 qui

331 2704 554 2759 Arcadii
598 2705 942 2774 imperatoris
999 2706 1332 2761 voluntatem
1375 2706 1763 2776 exquirerent;
1820 2705 1910 2761 hic

332 2818 466 2858 vero
509 2818 604 2858 eos
660 2803 973 2868 detinuerit,
1015 2803 1189 2858 donec
1229 2818 1414 2864 suum,
1471 2811 1529 2856 ut
1579 2800 1906 2870 appellabat,

331 2903 543 2964 patrem
580 2894 812 2948 luxisset
852 2894 1050 2950 diebus
1083 2894 1474 2964 quadraginta;
1512 2893 1687 2961 iisque
1718 2889 1906 2960 exple-

332 2984 406 3039 tis
436 2983 655 3039 eosdem
690 2983 961 3039 remiserit
991 2999 1116 3039 cum
1151 2984 1387 3052 quodam
1426 2982 1684 3047 Maximo,
1732 2984 1903 3037 mole-

331 3069 612 3125 stum‘sibi
649 3069 948 3124 daemonem
985 3068 1419 3125 circumferente.
1443 3069 1525 3124 Ab
1557 3069 1660 3123 hoc
1692 3077 1898 3133 autem,

332 3169 461 3215 ante
490 3175 707 3216 sacrum
750 3175 949 3229 corpus
999 3169 1274 3230 prostrato
1325 3175 1390 3214 ac
1428 3159 1675 3224 liberato,
1713 3159 1905 3212 lectam

334 3252 672 3321 imperialem
699 3252 1008 3321 epistolam,
1035 3267 1196 3307 versu
1231 3253 1470 3307 secundo
1497 3253 1577 3306 sic
1621 3253 1909 3308 continen-

335 3353 474 3396 tem:
507 3362 523 3392 ε
554 3341 692 3395 Eum
715 3342 808 3411 qui
837 3341 970 3396 vixit
997 3358 1160 3412 supra
1192 3352 1408 3398 nostras
1447 3343 1614 3414 leges,
1646 3345 1904 3402 nolumus

337 3433 522 3504 jacere
583 3433 968 3489 convenienter
1027 3435 1230 3489 nostris
1275 3436 1516 3504 legibus;
1565 3454 1582 3486 ›
1618 3444 1782 3504 atque
1835 3436 1906 3491 ita

336 3527 558 3580 demum
587 3526 867 3594 depositus
894 3527 1049 3581 fuerit
1079 3538 1302 3582 sanctus
1343 3527 1396 3581 in
1441 3529 1594 3582 theca
1629 3529 1696 3583 ad
1740 3527 1792 3582 id
1824 3526 1908 3581 l'a-

336 3616 572 3680 bricata,
607 3636 626 3666 ‹
660 3617 778 3686 ipso
808 3618 928 3673 loco
961 3618 1051 3671 ubi
1089 3634 1254 3688 supra
1289 3618 1706 3674 Faustinianum
1764 3621 1910 3676 ccci-

333 3705 492 3760 derat
523 3705 836 3773 fabricator,
869 3727 886 3759 ι
919 3709 1108 3778 utique
1133 3710 1413 3764 mensibus
1448 3711 1622 3766 tribus
1649 3721 1744 3765 aut
1774 3726 1911 3781 qua-

334 3806 486 3862 tuor,
521 3798 674 3868 juxta
726 3800 866 3853 hane
921 3799 1182 3866 fabulam,
1246 3811 1367 3870 post
1418 3804 1590 3857 sancti
1652 3819 1907 3860 mortem.

335 3889 463 3948 Hac
489 3899 694 3957 autem,
731 3901 790 3944 ut
819 3891 1055 3944 indicari
1084 3908 1138 3944 n.
1175 3891 1228 3954 5,
1265 3893 1486 3959 ﬁngitur
1515 3896 1754 3951 scribere
1782 3897 1908 3964 Epi—

335 3983 524 4055 phanii
561 3997 850 4037 successor
888 3981 1124 4036 Sabinus
1158 3985 1224 4036 ad
1255 3983 1534 4056 Polybium
1583 3998 1776 4041 octavo
1815 3988 1903 4043 die

333 4073 585 4130 durantis
621 4089 716 4143 pro
763 4074 1040 4142 sepultura
1074 4075 1440 4129 contentionis
1483 4077 1790 4147 digressum
1841 4083 1910 4136 ab

337 4165 540 4228 insula,
580 4173 634 4219 et
670 4173 794 4233 post
839 4165 1006 4219 unius
1050 4168 1179 4220 anni
1240 4182 1450 4220 moram
1507 4168 1560 4221 in
1610 4167 1906 4240 Thebaide,

336 4263 556 4324 raptum
623 4255 692 4308 ab
743 4252 1096 4320 Heracleone,
1155 4256 1336 4311 latius.
1374 4255 1592 4328 Egypti
1659 4262 1906 4330 praside,

335 4348 734 4402 Rhinocoruris
773 4356 906 4402 tunc
954 4348 1254 4414 habitante,
1279 4367 1281 4370 ‘
1309 4360 1370 4403 ut
1411 4360 1558 4406 esset
1590 4351 1711 4422 ejus
1758 4356 1910 4411 urbis

2009 1906 2118 1944 non
2150 1897 2422 1960 suppetat,
2472 1903 2636 1956 quam
2687 1901 2811 1940 eum
2866 1884 3098 1939 Labbzeo
3149 1883 3229 1938 vel
3282 1897 3574 1949 agnoscere

2015 2001 2033 2033 ‹
2073 1981 2141 2036 ab
2174 1983 2357 2052 aliquo
2389 1980 2780 2048 interpolatore
2805 1989 3146 2046 corruptum,
3188 1994 3206 2026 ι
3240 1975 3323 2028 vel
3348 1975 3576 2042 ingenue

2011 2073 2189 2137 fateri,
2222 2073 2367 2142 quod
2407 2091 2424 2124 ι
2467 2071 2630 2126 nimis
2667 2069 2950 2132 credulus,
2979 2083 3101 2137 qua:
3131 2066 3200 2120 ab
3231 2067 3352 2120 aliis
3379 2067 3576 2134 scripta

2013 2165 2238 2233 reperit,
2265 2163 2444 2216 minus
2474 2163 2746 2227 discussa,
2789 2175 2898 2214 non
2945 2169 3054 2212 tam
3086 2172 3183 2212 sua
3211 2171 3372 2226 quam
3405 2155 3576 2208 aliena

2009 2253 2296 2323 protulerit
2325 2251 2448 2306 (ide.
2478 2271 2496 2302 ι
2523 2249 2773 2316 Quandiu
2815 2259 2997 2303 tamen
3025 2245 3349 2300 alterutrum
3377 2243 3578 2308 dicere,

2009 2360 2107 2414 pro
2137 2345 2337 2397 tuendo
2361 2343 2453 2413 qui
2487 2343 2590 2397 sub
2619 2339 2908 2410 Epiphanii
2951 2337 3172 2392 nomine
3209 2333 3574 2388 controvertio

2010 2445 2099 2489 tur
2144 2435 2306 2497 libro,
2343 2433 2538 2488 similis
2589 2432 2844 2502 ponderis
2899 2445 3008 2484 non
3059 2429 3203 2498 cogit
3253 2426 3575 2485 auctoritas.

2013 2526 2145 2579 bene
2178 2526 2244 2580 de
2265 2524 2359 2577 illo
2388 2539 2580 2577 omnes
2617 2523 2814 2576 mereri
2859 2520 3138 2582 existimo,
3180 2519 3272 2588 qui
3325 2518 3377 2571 id
3433 2517 3576 2586 quod

2009 2619 2129 2688 ejus
2158 2617 2424 2689 gravitate
2453 2616 2734 2686 indignum
2761 2629 2883 2669 esse
2909 2612 3304 2666 rationabiliter
3332 2617 3576 2674 censent,

2011 2710 2079 2765 ab
2109 2709 2226 2780 ipso
2257 2708 2520 2778 scriptum
2548 2721 2669 2762 esse
2704 2720 2820 2759 non
2872 2705 3102 2759 libenter
3139 2702 3402 2772 credunt;
3442 2701 3577 2755 male

2010 2810 2251 2862 econtra,
2290 2801 2384 2870 qui
2422 2797 2698 2853 mordicus
2734 2796 2786 2850 id
2829 2796 3102 2850 sustinere
3129 2794 3342 2858 volunt,
3377 2801 3438 2847 ut
3463 2793 3576 2860 ejus

2011 2890 2362 2957 auctoritate,
2393 2890 2536 2944 sicut
2587 2895 2641 2942 et
2691 2884 2749 2940 S.
2803 2884 2992 2940 lsidori
3039 2883 3220 2938 fulciri
3273 2884 3576 2945 videantur,
3660 2871 3664 2875 ’

2010 2996 2134 3050 qua:
2159 2981 2232 3034 ibi
2265 2980 2333 3035 de
2358 2979 2488 3034 Eliae
2511 2978 2790 3049 propheta:
2813 2977 3086 3032 natalibus
3116 2977 3394 3046 leguntur.
3421 2973 3590 3043 Equi-

2011 3074 2132 3128 dem
2156 3072 2410 3127 existimo
2432 3069 2623 3127 Patres
2657 3071 2814 3136 istos,
2848 3069 2893 3123 si
2926 3068 3056 3122 talia
3095 3067 3197 3138 ipsi
3223 3081 3412 3122 revera
3443 3066 3584 3119 scri-

2011 3173 2258 3233 pserunt,
2313 3178 2460 3217 mere
2521 3161 2878 3231 interpretum
2925 3168 2978 3214 et
3026 3159 3377 3214 collectorum
3427 3156 3579 3224 fungi

2009 3254 2186 3310 ollicio
2230 3254 2492 3320 voluisse,
2547 3253 2757 3307 nullum
2807 3260 2989 3307 autem
3030 3251 3097 3306 iis
3144 3265 3210 3304 ex
3262 3264 3320 3303 se
3369 3247 3582 3316 pondus

2010 3343 2252 3398 addere:
2296 3359 2364 3396 an
2423 3351 2603 3396 autem
2663 3357 2852 3395 revera
2911 3355 3090 3410 operae
3137 3339 3370 3409 pretium
3422 3337 3583 3391 fuerit

2014 3435 2385 3488 Rabbinorum
2411 3435 2478 3488 de
2531 3433 2736 3488 sanctis
2780 3432 3052 3487 veteribus
3093 3433 3328 3496 somnia,
3383 3431 3582 3499 quibus

2013 3527 2089 3580 illi
2125 3541 2315 3582 omnes
2347 3540 2518 3581 sacrae
2545 3522 2843 3592 Seripturae
2879 3523 3138 3578 historias
3159 3521 3578 3592 interpolarunt,

2011 3621 2094 3675 vel
2116 3621 2229 3690 jam
2265 3619 2395 3672 olim
2445 3617 2668 3673 collecta
2701 3616 2888 3671 Graaee
2929 3614 3228 3684 Latineque
3264 3614 3577 3672 reddidisse.

2011 3713 2093 3767 vel
2128 3713 2182 3766 in
2234 3711 2453 3766 illorum
2509 3708 2664 3763 libris
2710 3707 2960 3777 pluribus
3010 3707 3254 3775 dispersa
3309 3705 3362 3758 in
3411 3721 3578 3758 unum

2013 3803 2256 3857 libellum
2301 3801 2610 3871 collegisse,
2659 3797 3070 3867 prudentiorum
3115 3804 3232 3852 esto
3279 3796 3578 3864 judicium;

2011 3891 2312 3946 curiositati
2352 3899 2499 3944 certe
2542 3899 2595 3943 et
2636 3886 2985 3942 oblectationi
3041 3885 3289 3939 nonnihil
3337 3886 3582 3940 serviunt

2011 3984 2134 4049 ista,
2174 3997 2351 4051 neque
2393 3980 2555 4034 alicui
2605 3993 2803 4032 nocere
2853 3987 3085 4046 possunt
3140 3977 3234 4046 qui
3285 3977 3365 4031 eis
3419 3976 3577 4030 tidem

2012 4089 2118 4127 non
2159 4088 2414 4144 magnam
2457 4069 2731 4132 habuerit,
2780 4069 3084 4138 intelligens
3117 4085 3242 4124 eum
3275 4069 3578 4137 Thcophilo

2012 4166 2312 4239 Raynaudo
2358 4175 2564 4228 nostro,
2601 4165 2669 4218 de
2698 4164 2858 4219 bonis
2901 4173 2955 4219 et
2991 4162 3149 4218 malis
3181 4162 3335 4217 libris
3364 4179 3417 4216 ιι.
3451 4161 3577 4223 552,

2009 4275 2200 4314 eorum
2237 4275 2255 4308 ι
2289 4259 2512 4312 multam
2548 4257 2964 4311 mendacitatem
2995 4265 3048 4310 et
3081 4254 3509 4317 fabulositatcm,
3549 4245 3572 4301 ἰ

2010 4348 2264 4419 quodque
2295 4347 2377 4418 (ut
2425 4347 2566 4402 idem
2615 4364 2668 4400 u.
2710 4346 2814 4400 548
2859 4349 3032 4416 notat)
3070 4364 3087 4396 ι
3138 4345 3401 4400 Rabbinis
3453 4361 3579 4413 pro-

334 4438 664 4508 episoopus;
721 4453 846 4492 cum
902 4437 1150 4506 petiisset
1193 4439 1260 4492 de
1316 4439 1462 4496 illius
1517 4444 1907 4498 eontrmersise
1941 4453 1984 4502 1)
2013 4442 2189 4510 prium
2217 4449 2414 4510 quarto
2444 4441 2604 4495 modo
2653 4450 2735 4495 est
2775 4438 3028 4506 fabulari,
3060 4449 3259 4509 etquae
3297 4455 3576 4507 nunquam

334 4529 486 4584 exitu
519 4529 704 4583 doceri
744 4545 777 4584 a
825 4527 1052 4595 Sabino,
1109 4529 1240 4598 quia
1287 4546 1354 4585 ex
1404 4531 1636 4602 Calippo
1676 4535 1905 4589 diacono

331 4619 572 4674 audierit
598 4620 748 4674 illum
777 4619 1111 4680 Constantia:
1143 4622 1458 4691 episcopum
1491 4624 1828 4682 ordinatum.

406 4712 495 4766 5'1.
531 4710 726 4777 Habes,
759 4711 975 4776 Lector,
1004 4713 1088 4774 his
1118 4713 1334 4770 duobus
1360 4715 1630 4784 capitibus
1654 4732 1906 4787 compre-

331 4803 562 4857 hensam
607 4802 774 4857 totius
809 4802 1034 4871 prolixa
1081 4803 1220 4860 alias
1261 4803 1457 4864 fabulae
1500 4821 1794 4873 summam,
1839 4823 1905 4862 eo

338 4895 465 4958 line,
505 4905 562 4949 ut
597 4895 642 4949 si
672 4895 802 4964 quid
835 4894 968 4950 alibi
1012 4895 1252 4964 reperias
1301 4911 1334 4948 a
1386 4896 1543 4950 nobis
1569 4897 1902 4966 praeteritum

329 4988 383 5040 in
416 4987 608 5056 primis
639 4987 881 5056 quinque
913 4986 1185 5056 capitibus
1226 4987 1368 5056 quod
1410 4987 1498 5040 hic
1549 4987 1714 5041 etiam
1735 4989 1902 5042 attin-

328 5089 492 5150 gatur
519 5095 533 5144 ;
575 5079 888 5134 discernere
916 5079 1112 5147 possis,
1139 5087 1321 5132 utrum
1351 5079 1404 5133 id
1451 5079 1580 5134 hinc
1617 5092 1899 5149 acceptum

325 5171 586 5225 aestimari
622 5187 730 5224 non
755 5171 983 5235 debeat;
1017 5185 1086 5225 an
1131 5185 1279 5237 vero,
1326 5179 1386 5226 ut
1426 5186 1491 5226 ex
1542 5172 1754 5226 meliori
1800 5188 1901 5226 au-

326 5272 481 5315 ctore
513 5262 619 5316 huc
649 5262 995 5329 translatum,
1027 5263 1187 5317 (idem
1219 5272 1498 5318 mereatur
1532 5279 1656 5318 cum
1698 5263 1901 5333 priori~

327 5354 430 5406 bus
459 5353 727 5407 obtinere.
751 5352 1014 5407 Similiter
1031 5355 1260 5409 arbitrio
1282 5363 1376 5409 tuo
1399 5355 1670 5424 relinquo,
1691 5355 1900 5412 velisné

329 5459 428 5512 pro
455 5443 693 5513 genuino
723 5443 778 5497 S.
814 5443 1100 5513 Epiphanii
1140 5445 1251 5499 fetu
1286 5447 1486 5501 habere
1526 5462 1650 5500 cum
1693 5445 1898 5501 Bellar-

330 5535 480 5587 minn
505 5533 701 5586 librum
728 5534 803 5587 De
841 5536 950 5587 vita
992 5536 1363 5604 prophetarum
1407 5554 1688 5607 eorumque
1718 5537 1897 5606 sepul-

331 5639 476 5688 tura,
505 5627 755 5692 quamvis
782 5626 1021 5694 ignutum
1052 5627 1244 5683 Photio
1273 5646 1326 5684 n.
1360 5629 1458 5682 l‘22
1514 5638 1569 5683 et
1598 5645 1748 5698 seqq.
1781 5630 1896 5698 ejus

331 5733 494 5782 opera
525 5718 860 5783 recensenti;
887 5735 952 5772 an
977 5735 1097 5774 cum
1124 5721 1418 5776 novissimo
1451 5721 1566 5790 ejus
1601 5721 1894 5792 interprete

2007 4533 2232 4588 “uerunt
2253 4542 2482 4588 eruntve
2511 4548 2776 4602 unquam,
2803 4541 3061 4602 tanquam
3087 4547 3216 4585 vera
3248 4547 3576 4601 proponere,

2007 4625 2144 4682 adeo
2183 4640 2375 4683 crasse.
2399 4641 2464 4681 ae
2498 4625 2720 4691 stolide,
2753 4634 2814 4680 ut
2841 4640 2908 4679 ne
2941 4624 3145 4694 ingenii
3179 4624 3398 4693 quidem
3436 4624 3578 4676 mica

2005 4716 2447 4785 deprehendatur
2479 4717 2532 4770 in
2564 4716 3035 4772 cmnminiseendo
3077 4715 3269 4770 dextre
3317 4724 3370 4768 et
3418 4730 3579 4783 appo-

2007 4808 2129 4871 site,
2166 4807 2524 4876 lingendoque
2558 4807 2910 4876 probabiliter
2957 4817 3010 4864 et
3055 4813 3178 4873 apte
3231 4804 3296 4858 ad
3353 4820 3578 4873 persua-

2005 4899 2264 4952 dendum.
2307 4917 2324 4949 ι
2359 4898 2626 4953 Convenit
2659 4897 2901 4968 profecto
2928 4911 3038 4950 non
3071 4905 3178 4949 tam
3224 4895 3574 4948 considerare

2004 4992 2129 5059 quis
2155 4990 2286 5059 quid
2313 4990 2614 5058 scripserit.
2661 4991 2728 5044 de
2772 4989 2841 5043 iis
2891 5002 3014 5056 quae
3059 4995 3184 5040 ante
3225 4985 3573 5054 longissimas

2002 5091 2190 5138 aetates
2220 5091 2340 5138 acta
2372 5082 2642 5146 feruntur,
2670 5082 2834 5136 certis
2865 5080 3030 5133 nullis
3056 5090 3342 5134 auctorum
3367 5094 3576 5133 eomvo-

2004 5191 2124 5230 rum
2149 5178 2518 5229 monumentis
2552 5182 2777 5240 testata;
2812 5171 2908 5226 sed
2945 5185 3089 5241 quos
3126 5169 3290 5226 fuerit
3316 5171 3486 5226 duces
3518 5171 3570 5224 iu

2003 5269 2292 5324 scribendo
2328 5276 2581 5332 secutus;
2615 5265 2669 5318 hi
2698 5272 2901 5327 autem,
2951 5263 3006 5318 in
3027 5278 3093 5318 eo
3117 5263 3262 5333 quod
3303 5263 3578 5334 tangimus

2001 5367 2346 5428 argumento,
2367 5355 2454 5409 alii
2475 5370 2635 5424 quam
2657 5353 2888 5408 Rabbini
2912 5369 3018 5409 non
3039 5353 3427 5421 fuerunt,iique
3444 5366 3573 5406 vero

2004 5451 2252 5506 similiter
2269 5447 2764 5518 liierosolymitano
2784 5447 2995 5502 excidio
3016 5448 3345 5516 posteriores
3361 5460 3573 5500 omnes.

2072 5541 2159 5594 59.
2193 5539 2482 5597 (Ἀηθναίη,
2501 5538 2626 5606 quia
2652 5538 2784 5592 liber
2804 5539 3054 5607 vulgatus
3081 5538 3183 5592 sub
3213 5537 3429 5591 nomine
3458 5535 3586 5604 Epi-

2003 5629 2207 5700 phanii,
2241 5629 2472 5697 primunt
2506 5629 2772 5697 superiori
2811 5630 3009 5684 saeculo
3039 5627 3226 5683 Latine
3254 5628 3356 5698 legi
3389 5629 3574 5697 carpit,

2005 5721 2198 5776 merito
2243 5731 2646 5789 pl'EBSlllllllllllll'
2703 5722 2994 5790 scriptores
3051 5721 3222 5776 Latini
3271 5722 3570 5790 pra'sertim
