3808 6174
276 324 370 393 lsl
1157 333 1338 394 DION.
1381 336 1655 392 rsrsvn
1696 341 2083 394 npuempu
2126 337 2194 392 IN
2235 328 2613 392 PANARlUM.

3437 313 3542 377 is!

273 442 313 509 ii
342 469 484 524 quos
513 443 757 509 Graecam
805 452 1108 510 nescivisse
1156 467 1395 524 constat,
1447 460 1578 515 dum
1640 459 1850 529 aliquid
1885 460 1932 517 Α
1964 454 2258 527 llaynaudo
2284 462 2515 512 taceam.
2551 448 2713 518 cujus
2748 443 2962 515 judicio
2992 441 3129 498 liber
3175 446 3261 495 est
3298 455 3317 489 ι
3356 434 3545 492 infan-

274 544 547 614 ejusmodi
586 545 655 599 de
682 543 816 615 legis
857 545 1098 615 antiquae
1116 549 1394 618 prophetis
1420 550 1711 606 scribendo
1739 550 1858 604 atti-

274 642 490 706 gerunt,
532 651 639 690 non
672 635 824 689 illum
871 636 977 690 sub
1018 638 1237 692 nomine
1271 637 1566 710 Epiphanii
1627 639 1855 704 librum,

275 725 368 779 sed
403 724 571 779 alium
604 725 708 780 sub
747 724 971 780 numine
1027 724 1087 780 S.
1138 725 1420 792 Dorothei,
1474 728 1667 783 Latine
1718 729 1859 783 dun-

273 818 424 871 taxat
452 826 782 883 esstantem,
818 812 931 887 pra:
962 818 1136 872 oculis
1160 817 1436 885 habuisse,
1478 829 1639 890 prout
1661 820 1714 874 in
1749 832 1860 876 tra-

273 907 521 982 clatu‘de
568 905 631 961 Β.
674 907 900 964 Albertu
946 898 1444 982 Hierosolymitano
1491 912 1556 966 ad
1592 912 1626 966 8
1659 912 1860 982 Aprilis

274 998 533 1055 indicavi.
573 993 672 1055 Hic
716 1008 897 1055 autem
934 996 1093 1064 liber,
1146 1003 1315 1057 multo
1359 1004 1513 1074 prius
1553 1014 1608 1059 et
1632 1004 1855 1071 certius,

274 1107 439 1161 quam
499 1092 636 1148 alter
674 1092 763 1149 ille
815 1092 1141 1164 Epiphanio,
1201 1096 1544 1166 adjudicatus
1587 1095 1860 1153 Dorotheo

274 1182 400 1249 fuit,
438 1184 622 1238 statim
655 1199 721 1240 ac
747 1200 845 1254 per
873 1186 1290 1256 impressionem
1327 1186 1508 1243 factus
1558 1192 1644 1244 est
1684 1188 1861 1260 magis

273 1276 481 1345 publici
524 1276 667 1348 juris
707 1297 721 1333 :
759 1275 1050 1350 Synopsim
1097 1274 1340 1352 intelligo
1371 1279 1444 1334 De
1472 1280 1581 1335 vita
1606 1290 1656 1335 et
1694 1290 1861 1335 morte

274 1368 659 1437 apostolorum,
694 1371 1074 1440 prophetarum
1102 1390 1164 1427 ac
1189 1368 1576 1443 discipulorum
1618 1372 1857 1439 Domini,

274 1476 398 1529 qua:
426 1462 530 1516 sub
560 1460 817 1516 Dorothei
844 1463 1068 1519 nomine
1095 1479 1299 1519 excusa
1329 1465 1452 1532 fuit,
1487 1475 1601 1519 tum
1626 1466 1858 1521 seorsim

210 1629 214 1632 ν
274 1560 391 1606 tum
419 1555 471 1607 iu
497 1553 848 1609 Bibliothecis
871 1565 1116 1609 veterum
1144 1548 1399 1623 Patrum;
1433 1556 1574 1612 hanc
1600 1558 1768 1623 enim,
1802 1566 1862 1612 ut

271 1643 484 1697 notavit
511 1639 805 1709 Labbaaus,
838 1663 858 1696 ι
891 1645 1005 1713 jam
1036 1646 1245 1716 pridem
1282 1654 1342 1700 ut
1372 1645 1571 1701 fabulis
1600 1646 1858 1701 refertam

276 1733 593 1802 nulliusque
623 1734 765 1803 apud
789 1732 981 1790 doctos
1019 1735 1387 1802 auctoritatis,
1431 1735 1588 1791 obelo
1618 1730 1861 1790 ﬁxerunt

1960 549 2093 612 tilis,
2121 556 2339 602 scatens
2362 541 2631 598 fabulosis
2656 536 3064 593 narrationibus
3123 551 3145 585 ν
3178 530 3391 597 Quibus
3412 543 3545 584 cum

1962 640 2171 696 similes
2197 639 2309 693 sint
2335 637 2389 691 in
2412 635 2627 691 duobus
2655 632 2769 702 jam
2802 643 2969 698 supra
3003 626 3259 681 indicatis
3305 636 3546 692 opuscu-

1960 729 2049 797 lis,
2078 729 2137 783 S.
2164 729 2405 784 Isidorus
2433 725 2655 796 quidem
2681 723 2761 778 sic
2780 729 3100 783 excusatur,
3128 726 3189 772 ut
3213 725 3395 771 tamen
3428 726 3549 767 me-

1960 821 2067 876 lius
2091 820 2257 876 fuerit
2292 818 2516 891 proprio
2554 816 2748 871 honori
2780 813 3161 873 consulturus,
3204 809 3253 864 si
3299 815 3548 875 praecau-

1964 905 2108 966 tione
2141 911 2336 967 saltem
2372 910 2557 979 aliqua
2576 922 2710 962 usus
2736 905 3033 960 indicasset
3053 918 3162 956 non
3190 913 3449 969 magnam
3480 898 3550 951 iis

1962 1019 1992 1059 a
2023 1019 2083 1059 se
2120 1002 2280 1057 Iidem
2316 999 2537 1063 haberi;
2572 995 2911 1066 Epiphanius
2939 1003 3121 1048 autem
3170 1006 3271 1045 nec
3306 1003 3549 1043 excusa-

1962 1096 2109 1151 tione
2128 1093 2348 1165 quidem
2376 1098 2519 1162 eget,
2552 1088 2800 1159 quandiu
2824 1087 2978 1142 nullo
3006 1084 3176 1140 veteri
3205 1092 3261 1138 et
3288 1080 3553 1135 inelucta-

1962 1187 2056 1241 bili
2086 1182 2398 1242 testimonio
2435 1183 2720 1253 probatur,
2762 1181 2878 1234 hac
2912 1192 3039 1232 vere
3072 1176 3221 1230 illius
3250 1188 3374 1228 esse
3404 1170 3552 1225 seri—

1962 1280 2097 1350 ptio.
2132 1277 2285 1332 Adde
2317 1276 2465 1346 quod
2509 1275 2695 1345 plures
2738 1270 3030 1343 Epiphanii
3084 1267 3291 1323 fuerint
3348 1264 3551 1319 subse-

1964 1371 2259 1443 quentibus
2289 1369 2527 1432 saeculis,
2561 1368 2726 1422 etlam
2751 1366 2805 1419 in
2825 1365 3005 1436 Cypro
3021 1363 3285 1433 episcopo
3308 1370 3549 1427 quorum

1965 1464 2148 1534 aliqua
2180 1472 2241 1517 ut
2276 1461 2395 1517 ﬁeri
2428 1461 2592 1531 vulgo
2634 1458 2794 1522 solet,
2828 1454 3205 1528 princlpaliori
3241 1451 3408 1520 hujus
3447 1465 3551 1503 no-

1962 1554 2129 1608 minis
2180 1552 2433 1622 scriptori
2476 1550 2643 1606 tribui
2690 1555 3010 1619 potuerunt.
3044 1546 3186 1601 sicut
3213 1561 3232 1593 ι
3268 1541 3555 1596 orationes

1962 1647 2067 1701 illa:
2111 1661 2255 1717 quae,
2320 1644 2609 1715 Epiphanii
2662 1641 2885 1696 nomine
2932 1638 3119 1694 fucum
3167 1636 3282 1706 jam
3334 1633 3551 1704 pridem

1964 1736 2192 1803 faciunt,
2230 1737 2454 1793 Petavio
2495 1735 2702 1807 judice,
2753 1734 2890 1790 satis
2923 1748 3046 1787 cum
3092 1729 3234 1800 stylo
3272 1730 3393 1797 ipso
3434 1735 3552 1779 tum

278 1818 550 1891 Molanus,
589 1822 882 1889 Baronius,
920 1820 1285 1882 Bellarminus
1333 1837 1388 1883 et
1433 1826 1526 1880 alii
1564 1826 1854 1892 Catholici,
1890 1818 1931 1874 Β
1964 1828 2085 1883 aliis
2121 1828 2450 1898 quibusdam
2484 1826 2722 1891 indiciis,
2763 1824 2989 1879 alterius
3021 1821 3107 1875 vel
3140 1816 3433 1889 Epiphauii
3468 1815 3554 1868 vel

273 1915 474 1986 quibus
493 1915 812 1971 heterodoxi
834 1916 1281 1988 subscripserunt
1304 1937 1317 1975 :
1345 1938 1364 1971 ι
1390 1927 1448 1973 ιιι
1467 1920 1532 1974 de
1552 1918 1856 1989 TheOplnilo

1967 1922 2207 1976 auctoris
2238 1936 2297 1975 se
2320 1935 2442 1975 esse
2467 1917 2767 1974 declarant.

282 2201 1623 2234 Μ

1310 2438 1911 2555 ’ΒΙΟΝῩΞΙΙ
1994 2458 2479 2556 PETAVll

1635 2738 1663 2782 Ε
1708 2744 2005 2786 εοοιετλτε
2046 2739 2170 2784 ,ιεδυ

757 2928 1143 2993 ΠΡΟΘΕΩΡΙΑ
1180 2935 1248 2989 1N
1288 2934 1636 2990 EPIPIIANII
1679 2933 1861 2989 OPUS
1900 2933 2093 3001 QUOD
2135 2932 2261 2987 PA!

1550 2934 1636 2989 Nll
1679 2933 1861 2989 OPUS
1900 2933 2093 3001 QUOD
2135 2932 2334 2987 I’ANA
2353 2931 2547 2987 ΙΗοΜ
2588 2925 3054 2991 INSCRIBITUB.

1868 3136 1938 3150 nﬁ—

339 3286 401 3352 Si
438 3313 559 3350 cum
596 3298 865 3368 exquisita
915 3312 1112 3357 rerum,
1158 3311 1274 3360 qua:
1315 3296 1369 3347 in
1412 3293 1507 3347 hoc
1551 3293 1718 3363 Opere
1770 3302 2094 3360 tractantur,
2154 3296 2408 3349 varietate
2457 3311 2519 3348 ac
2569 3295 2721 3363 copia
2758 3292 3042 3364 adaequare
3082 3296 3556 3351 commentationes

270 3398 482 3448 nostras
532 3393 907 3456 instituissem,
965 3411 1071 3448 non
1119 3391 1358 3447 brevibus
1415 3392 1554 3445 notis
1601 3400 1651 3443 et
1695 3390 2269 3455 animaduersionibus,
2335 3389 2426 3443 sed
2487 3390 2786 3459 ingentibus
2842 3388 2993 3443 libris
3054 3390 3435 3444 committenda
3474 3408 3557 3445 res

270 3488 467 3557 fuerat.
508 3489 775 3554 Quoniam
805 3496 981 3541 autem
1021 3505 1180 3559 neque
1218 3504 1297 3541 me
1331 3487 1839 3541 commentariorum
1874 3488 2036 3542 moles
2090 3487 2188 3541 illa
2235 3486 2488 3550 delectat,
2530 3494 2582 3538 et
2625 3483 2962 3538 eruditorum
3004 3483 3263 3538 lectorum
3321 3484 3557 3555 fastidiis

271 3581 651 3636 occurrendum
682 3583 857 3650 potius
883 3582 980 3635 hoc
1022 3582 1078 3635 in
1115 3598 1298 3652 genere
1326 3590 1406 3635 est
1438 3596 1599 3649 quam
1631 3581 1865 3635 aliorum
1901 3582 2150 3635 tarditati
2182 3579 2587 3643 consulendum,
2616 3579 2768 3631 nulla
2797 3587 2875 3632 est
2908 3577 3207 3631 obtinendte
3239 3594 3272 3630 a
3299 3594 3380 3630 me
3413 3579 3557 3630 ratio

270 3676 632 3740 pra'termissa
663 3674 955 3730 brevitatis.
983 3675 1066 3729 Ea
1094 3692 1213 3730 vero
1246 3678 1356 3730 visa
1382 3686 1461 3731 est
1502 3677 1556 3730 in
1592 3678 1781 3746 primis
1811 3677 2096 3746 ejusmodi,
2133 3687 2189 3731 ut
2219 3676 2467 3731 diversas
2499 3690 2565 3730 ea:
2599 3684 2828 3729 veterum
2855 3673 3241 3742 exemplarium
3267 3687 3558 3740 compara-

270 3768 434 3830 tione,
467 3776 560 3819 aut
598 3782 663 3820 ea:
700 3767 1007 3837 conjectura
1035 3769 1286 3823 lectiones
1321 3768 1391 3822 ad
1431 3786 1585 3824 oram
1610 3780 1890 3825 contextus
1915 3771 2234 3825 ascriberem
2255 3787 2273 3824 :
2297 3770 2433 3825 Tum
2473 3779 2532 3823 ut
2562 3770 2764 3823 leviora
2795 3784 3035 3839 quisque,
3072 3784 3136 3821 ac
3164 3768 3445 3837 faciliora,
3479 3768 3559 3821 ecl

271 3858 544 3913 commode
565 3856 630 3911 ab
661 3859 786 3912 aliis
808 3859 1102 3929 explicata,
1129 3878 1192 3914 ne
1221 3864 1538 3932 attingerem
1564 3862 1803 3928 omnino,
1838 3873 1933 3916 aut
1961 3864 2191 3932 carptim
2218 3862 2541 3932 breviterque
2561 3862 2989 3930 perstringerem.
3026 3859 3388 3925 Quamobrem
3409 3870 3560 3914 certa

271 3951 607 4013 potissimum
647 3962 963 4022 argumenta
989 3951 1301 4023 delegimus.
1336 3955 1392 4007 in
1421 3954 1611 4025 quibus
1639 3953 1984 4009 elaborandis
2011 3966 2168 4025 atque
2197 3952 2540 4008 illustrandis
2582 3952 2887 4021 plusculum
2927 3966 3102 4020 opera:
3140 3951 3557 4018 disputationis-

270 4063 366 4116 que
399 4058 766 4116 consumptum
795 4059 918 4102 est:
941 4064 1059 4118 qute
1097 4050 1349 4103 nimirum
1384 4051 1519 4104 talia
1543 4067 1657 4104 esse
1693 4050 2112 4117 consideremus,
2136 4060 2190 4104 at
2217 4049 2286 4103 ad
2310 4065 2494 4104 eorum
2528 4047 2866 4103 minuendam
2897 4048 3278 4103 obscuritatem
3309 4049 3554 4102 nonnihil

271 4158 431 4211 opera
462 4153 651 4197 nostra
683 4152 860 4213 posset
894 4144 1165 4199 accedere.
1198 4143 1406 4199 Fuerat
1432 4145 1759 4215 jamdudum
1797 4147 2030 4213 animus,
2081 4147 2316 4201 omnium
2353 4146 2619 4200 qureseon
2654 4160 2772 4214 qua:
2816 4146 2871 4197 in
2905 4145 3002 4197 hoc
3043 4160 3196 4213 opere
3235 4160 3560 4197 commemo-

246 4217 486 4303 7antur,
525 4236 597 4289 τὰ
623 4240 1024 4307 ἱστορούμενα
1055 4240 1311 4307 primum,
1341 4240 1529 4296 deinde
1558 4243 1830 4310 opiniones
1861 4259 1926 4295 ac
1957 4243 2211 4313 dogmata
2238 4244 2421 4295 omnia
2465 4250 2715 4309 separato
2749 4239 2930 4294 libello
2965 4240 3231 4311 persequi,
3268 4249 3319 4293 et
3346 4256 3469 4293 cum
3490 4240 3557 4293 iis

273 4344 391 4398 qua:
420 4328 752 4398 Epiphanius
786 4334 1117 4404 perscripsit,
1147 4352 1264 4406 qua:
1296 4335 1361 4389 ab
1394 4337 1519 4390 aliis
1549 4346 1677 4391 sunt
1719 4335 1976 4393 Patribus
2010 4340 2279 4410 exposita,
2312 4337 2554 4407 conferre
2583 4351 2604 4390 :
2631 4334 2722 4391 sed
2751 4337 2817 4389 ab
2841 4354 2901 4390 eo
2927 4336 3153 4390 consilio
3177 4337 3420 4391 revocavi
3450 4337 3559 4404 ipse

273 4438 374 4487 me,
404 4422 544 4491 quod
576 4438 696 4476 eum
737 4424 871 4478 mihi
915 4425 1155 4482 laborem
1197 4427 1517 4494 iamdudum
1562 4430 1795 4485 aliorum
1833 4431 2107 4486 industria
2150 4433 2497 4487 sublevasset.
2548 4429 2762 4484 Etenim
2791 4438 2986 4498 praeter
3018 4438 3212 4483 veteres
3253 4429 3405 4494 illos,
3445 4427 3561 4483 Ire-

275 4528 471 4579 nteum,
503 4515 881 4586 Augustinum,
934 4517 1313 4585 Philastrium,
1367 4519 1783 4588 Damascenum,
1823 4522 2235 4590 Tertullianum,
2272 4523 2597 4578 Clementem
2636 4520 3084 4587 Alexandrinum,
3135 4520 3553 4591 Hieronymum,

274 4628 337 4665 ac
367 4621 607 4677 caeteros,
647 4615 739 4682 qui
782 4624 874 4667 aut
919 4613 984 4668 de
1018 4614 1308 4671 haeresibus
1342 4619 1662 4674 nominatim
1701 4621 2051 4690 scripserunt,
2100 4632 2193 4674 aut
2231 4637 2415 4675 eorum
2456 4623 2512 4673 in
2551 4620 2701 4674 libris
2747 4621 2859 4674 suis
2889 4629 3155 4689 utcunque
3183 4624 3556 4683 meminerunt,

272 4704 587 4759 recentiores
618 4706 822 4776 aliquot
849 4706 1029 4761 eodem
1060 4709 1114 4762 in
1148 4721 1462 4779 argumento
1490 4729 1703 4766 summa
1723 4730 1844 4767 eum
1874 4713 2035 4767 laude
2067 4724 2306 4767 versatos
2339 4714 2717 4777 memineram;
2747 4713 2803 4766 in
2835 4712 3024 4782 primis
3049 4722 3229 4768 autem
3255 4712 3557 4769 Gabrietem

276 4796 602 4865 Prateolum,
634 4808 790 4869 atque
817 4799 1242 4855 illustrissimum
1266 4820 1583 4875 magnorum
1607 4808 1898 4861 Annalium
1931 4808 2276 4863 conditorem.
2310 4806 2547 4873 Quorum
2578 4807 2667 4861 ille
2687 4810 2952 4864 htereseon
2983 4810 3222 4865 omnium
3247 4810 3560 4864 luculentis-

272 4895 466 4948 simum
506 4895 813 4965 catalogum
850 4896 1090 4951 litterato
1122 4896 1308 4953 ordine
1342 4902 1656 4956 contexuit:
1682 4903 1768 4956 hic
1792 4904 1849 4957 in
1879 4902 2181 4957 Annalibus
2213 4918 2308 4957 suo
2341 4919 2605 4974 quamque
2636 4914 2866 4973 tempore
2892 4908 3265 4978 consignatum
3302 4908 3557 4978 reliquit;

272 4997 486 5059 uterque
526 5007 631 5045 uno
662 4992 717 5046 in
753 5000 1037 5061 conspectu
1069 5009 1188 5059 qua:
1221 4994 1363 5062 apud
1405 5004 1598 5050 veteres
1631 4996 1754 5051 illos
1784 4996 2033 5066 dispersa
2074 5005 2230 5051 erant
2276 5014 2339 5050 ac
2366 4996 2631 5066 dissipata
2666 5000 2961 5068 proposuit.
2996 4988 3115 5053 Hac
3154 5001 3321 5071 igitur
3350 5016 3478 5053 cura
3509 5006 3559 5053 et

271 5083 594 5151 cogitatione
621 5085 849 5151 solutus,
880 5087 1020 5140 hunc
1051 5102 1217 5139 unum
1245 5085 1314 5139 ad
1344 5104 1562 5156 scopum
1592 5088 1990 5143 commentandi
2019 5088 2253 5142 laborem
2286 5090 2448 5143 istum
2488 5089 2782 5158 conferam,
2832 5101 2889 5144 ut
2931 5093 3023 5161 qui
3056 5091 3250 5148 Latine
3284 5094 3430 5164 jam,
3463 5093 3559 5146 hoc

276 5184 353 5228 est
380 5176 576 5240 minus,
613 5187 668 5230 ut
699 5188 871 5246 spero,
902 5180 1129 5235 barbare
1150 5182 1331 5236 studio
1366 5192 1549 5238 nostro
1582 5187 1818 5256 loquitur
1851 5184 2210 5254 Epiphanius,
2247 5184 2386 5239 idem
2417 5187 2558 5240 notis
2590 5196 2642 5241 et
2675 5188 3242 5245 Animadversionibus
3267 5207 3374 5260 qua
3397 5190 3559 5244 casti-

275 5277 455 5337 gatus,
482 5285 587 5337 qua
619 5269 884 5324 illustrior
913 5273 1111 5340 factas,
1145 5275 1378 5329 dilucide
1412 5288 1568 5344 atque
1603 5275 1955 5344 intelligenter
1992 5275 2048 5327 id
2085 5275 2272 5344 faciat,
2310 5279 2456 5331 omni
2482 5280 2804 5334 obscuritate
2825 5279 3051 5333 detersa.

956 5487 1020 5523 DE
1055 5489 1427 5528 INSCRIPTIONE
1472 5493 1682 5541 UPEIUS,
1717 5494 1777 5531 AC
1824 5493 1893 5531 XX
1934 5493 2171 5534 νῐιιοῐιωι
2202 5497 2460 5536 ιιιειιεδιῐο

1379 5492 1427 5528 ili
1472 5493 1682 5541 UPEIUS,
1717 5494 1777 5531 ΜΣ
1824 5493 1893 5531 XX
1934 5493 2171 5534 PRIORL‘M
2202 5497 2498 5536 HJZRESEON
2532 5500 2883 5540 PARTITIONE.

353 5620 485 5674 Cum
519 5621 765 5678 adversus
802 5642 946 5680 Lux
982 5629 1231 5691 lnereses,
1260 5644 1376 5698 quw
1407 5630 1476 5682 ad
1513 5647 1669 5684 suam
1701 5641 1909 5687 (etatem
1934 5636 2273 5699 exstiterant,
2315 5649 2617 5706 susceptum
2648 5659 2680 5694 a
2714 5657 2770 5696 se
2798 5644 2893 5696 hoc
2923 5662 3052 5715 opus
3082 5647 3407 5716 proﬁteatur
3440 5646 3555 5717 [ipl-

277 5714 528 5782 rhanius,
573 5715 674 5771 duo
704 5720 946 5788 quadam
983 5731 1269 5776 occurrunt
1314 5725 1367 5777 in
1407 5741 1465 5777 eo
1511 5727 1717 5794 negotio
1750 5727 2162 5782 consideranda.
2195 5729 2461 5799 Alteram,
2490 5733 2705 5789 [Heresis
2731 5752 2918 5790 nomen
2952 5714 3215 5794 latissime
3247 5742 3300 5795 in
3333 5714 3555 5799 auibus-
