3808 6142
268 358 374 423 I53
1144 358 1325 417 mou.
1368 357 1644 411 psmn
1685 356 2071 411 npoesorm
2111 350 2177 410 IN
2220 346 2604 413 PANARIUM.
3290 328 3306 344 ’
3424 350 3532 415 tsi

266 485 394 537 dam
422 476 709 540 usurpari;
734 490 827 530 nec
858 473 927 527 ad
960 472 1323 542 theologorum
1354 487 1595 528 normam
1626 470 1870 525 vocabuli
1902 487 2058 524 usum
2084 471 2239 525 istius
2266 472 2428 541 exigi,
2454 488 2487 525 a
2515 474 2705 544 quibus
2736 473 2862 543 quid
2892 473 3103 542 proprie
3124 473 3193 526 sit
3216 471 3454 535 hazresis,
3478 478 3531 527 et

265 582 521 641 quantum
570 567 786 638 reliquis
836 564 901 618 ab
949 563 1104 617 sectis
1147 563 1400 631 diﬂerat,
1445 561 1693 614 subtilius
1742 570 1897 632 atque
1939 560 2271 617 enucleatius
2307 562 2572 616 declarari
2606 562 2758 617 solet.
2804 561 2948 617 Nam
2997 580 3156 641 neque
3193 564 3394 632 priores
3424 562 3533 616 iiite

264 673 443 728 sectce,
471 661 873 725 Barbarismus,
898 657 1251 728 Scythismus,
1277 656 1618 721 Judaismus,
1659 665 1920 726 quatenus
1952 654 2156 711 Christi
2179 667 2357 711 ortum
2389 658 2694 720 antecessit,
2714 660 2858 713 linter
2880 660 3105 713 hazreses
3138 660 3323 731 merito
3354 673 3534 712 recem

186 771 189 774 '
264 769 485 822 sentur;
512 774 673 829 neque
702 755 828 810 ulla:
848 755 1057 823 proprie
1089 762 1246 808 secta:
1278 751 1663 816 Barbarorum,
1701 761 1793 804 aut
1825 749 2143 822 Scytharum
2180 751 2414 821 fuerunt.
2450 753 2641 824 Atque,
2674 762 2733 806 ut
2775 754 3077 823 diligentius
3107 754 3163 806 in
3194 751 3529 814 Hellenismi,

261 849 539 905 Judaismi
589 865 652 903 ac
675 847 1043 904 Samaritismi
1074 847 1264 913 species
1296 846 1623 908 inquiratur,
1653 844 1915 915 pleneque
1942 845 2171 914 forsitan
2203 862 2232 899 e
2260 862 2477 900 numero
2510 856 2797 912 sectarum,
2822 849 2928 901 sive
2955 846 3221 900 hmreseon
3245 843 3531 899 eximendae

263 950 449 1003 erunt;
479 939 544 993 de
572 955 678 1009 qua
714 954 770 991 re
800 937 1034 1004 sparsim
1093 950 1157 987 ac
1194 934 1305 989 suis
1340 934 1471 988 locis
1507 936 1858 1003 opportunius
1891 946 2096 1004 agetur.
2143 933 2210 988 In
2260 935 2588 990 Hellenismo
2625 937 2857 1007 quidem,
2890 955 3009 991 cum
3038 950 3268 1009 quatuor
3297 932 3532 990 tantum-

264 1032 421 1087 modo
451 1042 620 1086 sectas
649 1030 977 1100 Epiphanius
1008 1036 1279 1091 numeret,
1310 1029 1537 1097 infinita:
1570 1026 1791 1098 adjungi
1819 1028 1944 1082 alia’
1973 1038 2293 1098 potuerunt;
2324 1044 2550 1100 quorum
2575 1031 2854 1101 plerasque
2885 1033 2939 1085 in
2968 1035 3112 1085 calce
3146 1029 3303 1098 hujus
3335 1030 3531 1098 operis,

263 1125 319 1177 in
349 1123 476 1193 fidei
502 1121 794 1177 Catholica:
834 1120 1156 1192 Compendio
1195 1130 1504 1188 prosecutus
1532 1132 1632 1175 est.
1687 1119 1929 1174 Alterum
1962 1122 2059 1176 hoc
2106 1123 2163 1176 in
2189 1124 2407 1192 negotio
2453 1123 2899 1178 considerandum
2945 1134 3053 1188 est;
3087 1130 3322 1195 quamris
3357 1138 3533 1176 omnes

263 1207 374 1270 ξιιω
394 1225 551 1269 secta:
586 1215 723 1268 inter
772 1216 995 1269 hcereses
1045 1213 1186 1268 haud
1229 1214 1492 1267 immerito
1530 1224 1865 1281 censeantur,
1907 1231 2240 1287 nequaquam
2274 1226 2448 1273 tamen
2480 1216 2779 1287 Epiphanio
2808 1220 3208 1289 octogenarium
3231 1219 3383 1272 illum
3410 1234 3534 1270 con-

262 1317 410 1361 stare
435 1323 730 1362 numerum.
766 1292 979 1359 Etenim
1022 1305 1079 1357 in
1126 1303 1413 1371 partitione
1439 1305 1553 1371 ipsa
1584 1312 1775 1357 contra
1816 1303 2088 1358 dividendi
2115 1312 2380 1374 prwcepta
2414 1323 2519 1361 non
2570 1307 2913 1361 mediocriter
2953 1317 3231 1377 peccatum
3260 1318 3339 1361 est
3371 1324 3533 1362 :cum

263 1400 522 1468 principio
556 1400 783 1469 quinque
818 1406 939 1451 ante
982 1395 1255 1451 Christum
1294 1406 1561 1450 sectarum
1587 1396 1811 1467 fastigia
1842 1409 2253 1468 proponuntur;
2289 1399 2692 1465 Barburismus,
2744 1399 3102 1472 Scythismus,
3149 1401 3532 1467 Ilcllenismus,

264 1490 598 1556 ludaismus,
640 1491 1053 1547 Samaritismus
1081 1506 1099 1543 :
1131 1506 1193 1544 ac
1226 1489 1416 1545 deinde
1462 1492 1759 1559 posteriora
1807 1493 1912 1546 tria
1956 1509 2148 1562 genera
2191 1509 2246 1547 in
2288 1495 2426 1548 alias
2475 1495 2672 1563 species
2722 1480 3048 1547 tribuuntur.
3085 1491 3154 1546 Et
3186 1493 3532 1548 nihilominus

262 1599 451 1654 genera
480 1600 598 1637 cum
643 1581 898 1652 subjectis
941 1582 1044 1636 sibi
1086 1585 1332 1651 partibus
1361 1583 1602 1637 eumdem
1634 1585 1688 1637 in
1727 1600 2005 1639 numerum
2044 1602 2409 1657 summamque
2456 1587 2826 1656 conferuntur.
2877 1587 3031 1654 Quod
3074 1596 3154 1640 est
3184 1587 3240 1639 in
3274 1586 3534 1640 diuisione

264 1682 686 1737 vitiosissimum.
715 1677 897 1748 Neque
921 1681 1063 1733 enim
1097 1696 1259 1750 genus
1290 1680 1440 1749 πρὸς
1463 1678 1536 1733 τὰ
1557 1679 1690 1748 εἴδη
1714 1680 1768 1734 ἀπ

2029 1681 2180 1735 εἷται.
2228 1679 2295 1735 Ut
2325 1683 2372 1736 si
2422 1683 2603 1736 anima
2631 1684 2838 1753 vitaque
2866 1683 3150 1750 praeditum
3191 1697 3378 1749 corpus
3421 1682 3533 1749 pri-

270 1794 414 1832 mum
440 1778 493 1830 in
519 1776 723 1830 animal
749 1792 812 1829 ac
836 1776 1077 1845 plantam
1107 1778 1350 1845 partiare
1379 1792 1397 1830 :
1431 1786 1541 1829 tum
1573 1777 1778 1830 animal
1817 1778 1872 1830 in
1905 1787 2171 1840 terrestre,
2198 1778 2455 1845 aquatile,
2482 1778 2727 1842 volatile;
2760 1778 3003 1847 plantam
3026 1779 3079 1830 in
3106 1776 3339 1842 herbam,
3366 1778 3532 1847 fruti-

264 1892 369 1929 cem
393 1883 443 1928 ct
468 1872 750 1935 arborem:
786 1888 848 1925 ac
878 1870 1065 1925 deinde
1120 1872 1354 1926 collectis
1386 1872 1652 1937 omnibus,
1684 1880 1800 1926 octo
1848 1874 2085 1942 corporis
2127 1875 2351 1927 animati
2390 1884 2569 1942 partes
2608 1890 2722 1930 esse
2767 1876 3101 1928 constituas:
3134 1877 3383 1929 nimirum
3416 1876 3532 1929 ani-

264 1969 396 2032 mal,
432 1966 709 2035 plantam;
747 1975 990 2019 terrestre
1022 1967 1246 2029 animal,
1279 1967 1533 2035 aquatile,
1565 1967 1823 2021 uolatile:
1855 1966 2093 2033 herbam,
2121 1968 2368 2036 fruticem
2394 1980 2443 2023 et
2492 1969 2756 2024 arborem.
2791 1964 2878 2024 Ita
2906 1972 3046 2024 enim
3075 1972 3211 2026 inter
3246 1972 3529 2025 divisionis

262 2069 441 2129 partes
473 2050 669 2129 ‘genera
701 2060 840 2127 ipsa,
874 2074 991 2128 qua:
1024 2057 1360 2123 dividuntur,
1398 2073 1674 2128 perperam
1700 2058 1923 2128 referas.
1958 2059 2113 2125 Quod
2156 2060 2211 2113 in
2253 2060 2352 2113 illa
2390 2064 2658 2115 hazreseon
2696 2061 3074 2117 distributione
3105 2064 3370 2117 commisit
3401 2063 3532 2134 Epi-

259 2153 510 2222 phanius.
544 2151 745 2219 Quippe
778 2158 883 2204 tres
909 2149 1039 2214 illae,
1067 2165 1199 2220 quas
1233 2149 1371 2214 dixi,
1403 2150 1785 2216 Hellenismus,
1817 2149 2157 2216 Judaismus,
2200 2152 2616 2208 Samaritismus
2647 2171 2769 2208 cum
2809 2156 2921 2208 suis
2955 2155 3200 2224 partibus
3233 2156 3531 2226 conjuncta:

261 2266 525 2304 summam
549 2246 860 2317 conﬁciunt.
902 2243 1051 2300 Unde
1082 2246 1355 2301 subductis
1382 2256 1520 2302 recte
1551 2228 1815 2311 omnibus,
1843 2263 1960 2301 xvu
2002 2248 2265 2301 duntaxat
2303 2257 2424 2303 ante
2464 2248 2756 2313 Christum,
2789 2250 3027 2303 universe
3052 2266 3173 2304 vero
3201 2266 3385 2304 uxvu
3421 2250 3532 2303 ha:-

263 2356 424 2404 rescs.
455 2361 559 2398 non
587 2359 730 2397 Lux
764 2350 1132 2398 numerantur.
1160 2341 1430 2397 Praeterea
1455 2358 1522 2396 xx
1547 2343 1786 2411 priorum
1829 2342 2095 2397 htereseon
2129 2342 2294 2396 alium
2328 2346 2381 2395 in
2408 2342 2651 2413 Epistola
2681 2346 2746 2395 ad
2779 2344 3037 2396 Acacium
3073 2352 3125 2397 et
3150 2343 3379 2396 Paulum
3409 2357 3531 2412 pre-

262 2441 539 2509 sbyteros,
575 2446 626 2490 et
667 2437 721 2490 in
761 2434 1231 2506 Anacephalaeosi,
1260 2452 1419 2506 quam
1463 2435 1517 2488 in
1556 2435 1671 2502 ipso
1709 2435 1935 2491 decursu
1977 2437 2149 2505 operis
2191 2434 2426 2490 ordinem
2450 2436 2704 2490 instituit.
2768 2433 3058 2501 Utrumque
3089 2453 3183 2489 nos
3214 2436 3268 2488 in
3299 2434 3532 2492 sequenti

262 2532 450 2587 tabula
476 2534 870 2604 proposuimus.
2962 2533 2981 2544 ’

1108 2685 1209 2740 XX
1251 2684 1506 2740 Priorum
1562 2684 1847 2743 haereseon
2801 2681 2898 2739 XX
2949 2684 3203 2742 Priorum
3248 2688 3531 2743 haereseon

1180 2756 1318 2811 ordo
1340 2757 1396 2809 in
1424 2754 1744 2824 Anacephal.
2690 2764 2697 2767 '
2824 2756 2961 2811 ordo
2983 2773 3047 2811 ex
3073 2772 3238 2819 onere
3256 2756 3507 2811 Panaris.

1148 2898 1171 2950 1
1218 2899 1603 2955 Barbarismus
2837 2894 2860 2946 1
2903 2894 3284 2953 Barbarismus

1146 2969 1183 3022 2
1217 2969 1567 3039 §cythismus
2490 3030 2499 3035 ,
2828 2964 2866 3039 2
2901 2964 3252 3039 §cqythismus

1149 3039 1183 3093 ὅ
1222 3033 1586 3094 Ηέιιθηὶδωυε
2490 3033 2495 3035 ’
2832 3034 2866 3088 5
2900 3033 3270 3093 Hellenismus

1152 3109 1186 3161 4
1221 3107 1542 3165 Judaismus
2836 3104 2871 3158 4
2907 3103 3223 3162 Jndaismus

1152 3178 1186 3232 Β
1225 3178 1639 3233 Samaritismus

1152 3251 1186 3300 6
1220 3247 1548 3300 Pvthanorei
2100 3278 2239 3300 ..,..,
2293 3285 2304 3297 .
2399 3287 2411 3300 .

1574 3191 1639 3233 us
2720 3192 2744 3300 ς
2833 3174 2872 3298 ἓ
2906 3174 3074 3298 ῗῖοἱρῆ

2100 3278 2239 3300 ..κηκ
2293 3285 2304 3297 .
2399 3287 2411 3300 .
2976 3254 3074 3299 ειιυλ

1152 3251 1186 3320 6
1220 3247 1548 3320 [’ylhagorei
2100 3278 2412 3320 "anmhm,
2720 3247 2744 3320 )
2839 3247 2872 3320 ρ
2913 3247 3180 3320 ξιειιυηὶρί

1152 3260 1186 3301 ti
1222 3260 1548 3320 Pythagorei

410 3355 734 3412 Hellenismi
1038 3260 1064 3516 ἓ
1154 3318 1188 3442 ἔ
1226 3317 1495 3443 ξὲὲἒὲἶὶίϐἰ

1153 3459 1188 3513 9
1228 3454 1478 3516 Epicurei

2098 3278 2416 3344 Hellenismi
2716 3260 2744 3448 ξ
2839 3260 2872 3367 ξ

2840 3385 2872 3439 8
2912 3383 3163 3454 Epicurei

2245 3450 2254 3468 '
2838 3455 2871 3508 9
2915 3454 3216 3512 Samaritae.

1153 3459 1188 3513 9
1228 3454 1483 3529 Epicurei,
2245 3450 2254 3468 ’
2912 3450 3216 3529 ξέιηιεπὶῑω.

1126 3530 1189 3582 10
1223 3525 1490 3584 Gorlheni
1820 3529 1843 3546 ⁹
2804 3526 2870 3578 10
2911 3525 3100 3581 Esseni

1126 3599 1180 3646 11
1228 3599 1440 3646 thumi
2804 3595 2863 3646 11
2913 3594 3100 3646 Selium

614 3626 776 3655 :.:.....:
1045 3594 1067 3655 1
1122 3599 1182 3652 11
1228 3599 1442 3655 Scburei
2804 3595 2863 3646 ⁸11
2913 3594 3122 3651 Sebuaai

411 3623 780 3683 Samarilismi
1041 3542 1067 3796 Ξ
1223 3542 1490 3682 ι

1124 3669 1192 3722 12
1234 3672 1426 3724 [assem

1127 3739 1195 3794 15
1235 3739 1478 3794 Βοείιιιθί

1823 3542 1840 3546 -
2804 3542 2870 3578 ιυ
2911 3542 3100 3581 assem

2804 3595 2863 3646 1|
2913 3594 3122 3651 Sebuaai

2022 3726 2026 3730 δ
2810 3665 2874 3719 12
2912 3665 3176 3721 Gorlheni

2808 3736 2874 3788 15
2911 3733 3154 3791 Dosithci

1127 3739 1195 3794 15
1235 3739 1478 3794 Dosilhei

2808 3736 2874 3788 15
2911 3733 3153 3791 Dosithci

1125 3810 1192 3863 M-
1225 3807 1433 3863 Scriba:

2734 3829 2753 3863 ι
2810 3805 2877 3858 14
2919 3805 3206 3861 Ξαιιὸυρωῖ

1130 3879 1194 3933 15
1230 3878 1489 3934 Pharisaei

2727 3874 2750 3934 ι
2810 3876 2874 3927 15
2916 3874 3124 3930 Scriba:

1127 3950 1193 4004 16
1233 3948 1520 4003 Sadducaci
2733 3944 2756 4004 1
2816 3946 2876 3999 16
2918 3944 3175 4000 Pharisa'i

414 4028 689 4085 Judaismi
1045 4008 1071 4088 ί
1127 4020 1195 4072 17
1234 4018 1743 4088 Ηθιηειηοικψιίειωτ

2101 4008 2367 4073 Judaismi
2731 4008 2755 4088 (
2812 4015 2874 4088 ῃ
2913 4014 3399 4088 ﬂemcrobaptistaa

1127 4091 1193 4145 18
1229 4090 1398 4143 0553³1
1542 4083 1558 4088 ”

2739 4083 2756 4145 ι
2813 4084 2878 4137 18
2910 4083 3151 4139 Nazarzni

1128 4160 1193 4214 19
1232 4158 1473 4213 Nazarmi
2731 4154 2753 4214 Ι
2814 4154 2879 4207 19
2919 4154 3115 4211 Osseni

1124 4230 1194 4284 20
1234 4227 1534 4285 Herodiani
1584 4286 1593 4295 κ

2733 4223 2754 4280 \
2811 4223 2881 4278 20
2919 4224 3216 4281 llerodiani

345 4387 409 4442 In
440 4387 723 4456 posteriori
756 4387 892 4441 serie
928 4382 1093 4442 Stoici
1129 4395 1251 4440 ante
1280 4393 1501 4440 steteras
1532 4380 1964 4454 philosophorum
2007 4390 2177 4434 sectas
2213 4378 2577 4443 collocantur;
2609 4379 2765 4434 aliter
2808 4390 2962 4452 atque
3010 4383 3063 4435 in
3106 4385 3275 4451 priori
3320 4384 3537 4453 fecerat,

265 4494 386 4551 qua:
427 4479 580 4550 longe
623 4492 686 4533 ac
717 4479 772 4533 in
811 4487 963 4551 parte
1009 4479 1342 4534 tolerabilior
1393 4485 1493 4532 est.
1533 4475 1673 4530 Hinc
1705 4492 1769 4529 εει

2029 4470 2307 4527 Stoicorum
2356 4480 2499 4525 secta
2547 4474 2711 4542 τρίτη
2745 4473 2865 4528 ἀπὸ
2912 4475 3313 4545 Ἑλληνισμοῦ
3356 4478 3425 4530 sit
3458 4478 3533 4530 in-

266 4572 493 4641 scripta.
532 4567 677 4624 Nam
713 4571 926 4624 tertium
956 4567 1022 4624 ab
1049 4567 1378 4624 Hellenismo
1406 4567 1581 4622 locum
1603 4564 1757 4619 habet
1786 4565 1843 4619 iu
1871 4564 2030 4629 serie,
2061 4572 2120 4615 ut
2150 4562 2419 4616 Platonici
2443 4573 2714 4633 quartum,
2750 4574 2905 4636 atque
2933 4566 3009 4619 ita
3036 4569 3278 4639 deinceps
3295 4585 3315 4634 ;
3346 4586 3447 4623 non
3478 4579 3537 4622 ut

267 4670 324 4723 in
347 4667 702 4732 inscriptione
727 4664 924 4723 Latina
956 4674 1074 4731 est;
1105 4666 1265 4722 tertia
1291 4663 1616 4721 Hellenismi
1642 4668 1795 4719 secta
1826 4679 1839 4716 :
1874 4676 1973 4732 pro
2003 4675 2109 4733 quo
2139 4658 2311 4713 scribe
2339 4673 2356 4711 :
2387 4657 2572 4715 Tertia
2602 4660 2670 4715 ab
2696 4659 3031 4719 Hellenismo
3069 4671 3239 4720 secta.
