3808 6134
303 335 404 392 155

337 537 1378 549 ————-——_———m—._—_——-_

1108 333 1334 388 ACACll
1377 332 1463 386 ET
1503 332 1711 387 PAULI
1753 329 2093 386 EPISTULA
2137 329 2227 382 AD
2260 325 2708 382 EPIPBANIUI.

713 744 727 774 '
1132 713 1742 869 ACACII
1833 715 2080 867 ET
2164 708 2663 869 PAUL

1628 975 2241 1037 PBESBYTEROBUII
2637 1004 2643 1019 ι

850 1162 1617 1294 EPISTOLA
1715 1161 1923 1285 AD
2022 1160 3057 1295 EPIPHANIUM.

302 1561 539 1629 Epistula
565 1576 704 1614 anno
732 1558 1055 1615 Diocletiani
1084 1575 1214 1622 seu,
1261 1558 1621 1613 Valentiniani
1663 1566 1711 1611 et
1753 1555 1862 1610 Va-

2040 1548 2308 1616 ’πιστολὴ
2354 1546 2648 1617 γραφεῖσα
2674 1545 2745 1598 ἐν
2788 1543 2869 1610 τῷ
2901 1541 3281 1612 ἐνενηκοστῷ
3308 1542 3570 1610 δευτέρῳ

378 1677 535 1733 lentis
562 1690 663 1740 xu,
697 1675 949 1733 Gratiani
988 1689 1112 1737 vni,
1147 1673 1216 1726 ad
1255 1670 1882 1741 EpiphaniumPalwsti-

368 1805 495 1840 num
532 1785 1113 1854 EIeutheropolitanum
1156 1783 1352 1852 scripta
1377 1822 1391 1843 ,
1438 1781 1528 1852 qui
1585 1797 1705 1834 cum
1750 1782 1878 1835 olim

304 1940 317 1947 ρ
355 1901 695 1968 monasterii,
726 1899 864 1972 quod
907 1901 963 1954 in
999 1896 1525 1967 Eleutheropolitano
1564 1912 1691 1967 agro
1719 1896 1881 1949 situm

360 2023 465 2081 est,
514 2012 677 2067 Pater
714 2012 924 2082 fuisset,
961 2011 1059 2067 hoc
1103 2024 1329 2079 tempore
1369 2008 1728 2076 Constantiw,
1766 2025 1883 2080 quc

367 2126 494 2189 urbs
513 2135 591 2181 est
610 2126 890 2198 provincia:
915 2124 1101 2196 Cypri,
1130 2126 1398 2195 episcopus
1419 2133 1499 2179 est
1529 2139 1546 2177 :
1577 2125 1643 2176 ab
1686 2123 1882 2177 Araeio

359 2250 417 2295 et
452 2239 625 2294 Paulo
650 2240 966 2312 presbyteris
988 2250 1039 2296 et
1065 2240 1524 2307 archimandritis,
1549 2239 1646 2295 hoc
1668 2247 1745 2294 est
1768 2256 1883 2294 rno-

362 2354 723 2407 nasteriorum
751 2352 1073 2423 pra'positis,
1107 2351 1161 2404 in
1186 2351 1393 2422 regione
1428 2349 1808 2415 Carehedonis,
1830 2359 1881 2405 et

368 2465 586 2529 Berann,
616 2463 781 2520 Caele:
815 2462 987 2534 Syriae
1016 2480 1034 2518 :
1069 2479 1174 2533 qua
1210 2462 1501 2532 postulunt,
1535 2471 1591 2515 ut
1628 2460 1878 2516 adversus

368 2579 591 2632 fuereses
635 2575 833 2631 scribat
869 2590 887 2628 :
919 2590 1039 2627 cum
1094 2574 1214 2643 jam
1252 2591 1284 2628 a
1333 2574 1518 2628 multis
1556 2574 1771 2642 insuper
1795 2588 1881 2627 ro-

365 2699 547 2761 gatus,
573 2699 630 2742 ut
651 2689 745 2745 hoc
768 2693 1077 2760 susciperet,
1109 2698 1285 2760 atque,
1316 2696 1373 2741 ut
1418 2688 1495 2741 ita
1521 2687 1695 2740 dicam
1716 2725 1733 2752 ,
1783 2702 1877 2739 co-

375 2818 528 2861 aetus
561 2806 772 2876 fuisset.

370 2912 602 2994 Domino
648 2952 768 2993 meo
822 2936 1277 3001 honoratissimo,
1325 2943 1489 3007 atque
1527 2936 1582 2990 in
1623 2935 1880 2990 omnibus

298 3029 715 3099 religiosissime
760 3027 910 3085 Patri
954 3025 1261 3097 Epiphanio
1302 3026 1594 3095 episeopo,
1646 3022 1881 3077 Aeacius

299 3131 354 3176 et
376 3119 578 3174 Paulus
629 3117 970 3199 presbyteri,
1019 3114 1499 3181 archimandritas,
1542 3114 1598 3168 in
1651 3111 1882 3166 Domino

303 3213 554 3268 salutem.

378 3303 601 3359 Pietatis
634 3302 853 3373 quidem
887 3310 1014 3368 tum,
1051 3298 1231 3366 Pater,
1272 3306 1526 3370 aspectus
1580 3298 1701 3369 ipse
1749 3297 1884 3353 satis

303 3411 429 3450 esse
463 3402 707 3464 poterat;
739 3393 836 3464 qui
876 3408 977 3449 nos
1027 3392 1366 3463 spiritalibus
1407 3390 1754 3447 sermonibus
1783 3388 1887 3441 im-

310 3486 512 3556 plevit;
552 3499 617 3538 ac
655 3492 764 3538 tam
807 3483 1100 3539 vehemens
1134 3483 1292 3539 nobis
1321 3483 1399 3537 tui
1430 3480 1764 3536 desiderium
1796 3478 1886 3532 in-

306 3575 485 3639 didit,
526 3583 817 3645 postquam
869 3582 964 3628 tuo
1002 3573 1171 3629 semel
1214 3574 1321 3628 frui
1373 3580 1676 3641 conspectu
1710 3570 1883 3623 licuit.

307 3663 512 3721 Verum
575 3665 835 3734 quoniam
917 3666 1115 3734 praevia
1172 3663 1427 3734 discipuli
1487 3660 1692 3716 Christi
1748 3659 1888 3713 fama

307 3758 603 3812 verborum
649 3757 801 3824 ejus,
836 3755 1219 3827 factorumque
1278 3752 1635 3824 fragrantiam
1685 3751 1889 3821 ubique

307 3848 590 3919 pnedicat,
626 3848 776 3917 angit
800 3862 935 3911 nos,
978 3854 1033 3902 et
1061 3846 1343 3910 sollicitat,
1377 3854 1436 3900 ut
1470 3845 1618 3900 illius
1648 3859 1750 3899 nos
1772 3858 1888 3898 ser-

309 3941 566 3996 monibus
595 3954 659 3995 ae
695 3940 879 3994 sensis
925 3939 1144 4009 explere
1186 3936 1527 3993 studeamus.
1563 3937 1758 4009 Coram
1788 3933 1891 4005 igi-

309 4043 400 4089 tur
422 4030 682 4089 adeuntes
712 4048 811 4103 par
841 4039 980 4098 erat,
1015 4031 1136 4100 ejus
1153 4046 1276 4101 quas
1305 4031 1359 4084 in
1384 4039 1456 4095 te,
1482 4029 1706 4100 perinde
1728 4036 1891 4098 atque

312 4128 367 4182 in
395 4125 659 4203 apostolis
697 4133 802 4188 est,
837 4125 1028 4193 gratiae
1055 4123 1442 4178 communione
1470 4121 1749 4192 perfundi.
1781 4119 1888 4174 Sed

2054 1643 2173 1697 ἔτει
2223 1641 2336 1709 τῆς
2376 1636 2802 1706 dicuntur-aii
2841 1635 3199 1701 βασιλείας,
3243 1636 3568 1688 Οὐαλεντι-

2051 1733 2285 1798 νιανοῦ,
2327 1733 2426 1788 και
2470 1729 2808 1795 Οὐάλεντος
2844 1729 3023 1794 ἔτους
3066 1724 3428 1790 δωδεκάτου,
3465 1725 3567 1781 καὶ

2050 1826 2384 1898 Γρατιανοῦ
2412 1824 2589 1891 ἔτους
2620 1822 2857 1892 ὀτδόον,
2888 1820 3038 1889 πρὸς
3063 1817 3420 1888 Ἐπιφάνιον
3449 1819 3569 1871 Πα-

2051 1916 2385 1985 λαιστηνῶν
2433 1910 3005 1981 Ἔλενθεροπολιτην
3026 1947 3043 1975 ,
3084 1908 3416 1978 γενόμενον
3446 1909 3570 1959 ﬂa-

2052 2005 2191 2073 τέρα
2215 2001 2628 2073 μοναστηριου
2650 1999 2723 2053 ἐν
2758 1996 2832 2067 τῇ
2861 1995 2973 2066 τῆς
2992 1994 3186 2063 αὐτῆς
3224 1995 3568 2061 Ἐλευθερο-

2051 2098 2282 2161 adhuc
2302 2092 2619 2163 περιοικια,
2636 2092 2977 2146 ἐπίσκοπον
3004 2089 3150 2145 ὄντα
3170 2087 3310 2142 νυνὶ
3334 2086 3570 2150 πόλεως

2050 2187 2504 2252 Κωνσταντείας
2542 2182 2838 2253 ἐπαρχίας
2872 2184 3151 2250 Κύπρου,
3196 2177 3356 2246 παρὰ
3395 2180 3573 2232 Ἀκαο

2049 2277 2183 2329 κίου
2230 2274 2330 2333 καὶ
2377 2274 2620 2329 Παύλου
2683 2269 3101 2340 πρεσϐυτέρων
3149 2267 3247 2321 και
3282 2267 3574 2335 ἄρχιμαν-

2052 2360 2288 2429 δριτῶν,
2318 2360 2595 2414 τουτέστι
2624 2359 2897 2428 πατέρων
2925 2356 3347 2428 μοναστηρίων
3368 2356 3573 2424 μερῶν

2053 2452 2438 2521 Καρχηδόνος
2466 2452 2561 2504 καὶ
2614 2450 2895 2519 Βερροίας
2926 2448 3036 2518 τῆς
3078 2450 3289 2516 κοίλης
3322 2448 3571 2515 Συρίας,

2051 2546 2183 2611 περὶ
2234 2545 2338 2597 τοῦ
2394 2543 2544 2598 κατὰ
2594 2542 2882 2611 αΙρέσεων
2920 2538 3138 2594 πασῶν
3187 2538 3444 2609 γράψαιο
3498 2540 3572 2592 οὐ

2044 2631 2172 2702 μὴν
2210 2632 2372 2686 ctua
2413 2632 2511 2693 καὶ
2547 2629 2795 2693 πολλῶν
2833 2627 3373 2698 προτρεψαμένων,
3430 2627 3569 2690 καὶ,

2046 2724 2133 2790 ὡς
2194 2722 2388 2783 τεκεῖν
2412 2763 2427 2788 ,
2479 2720 2954 2792 ἀναγκασάντων
2999 2721 3186 2775 αὐτὸν
3235 2720 3324 2785 εἰς
3390 2719 3574 2789 τοῦτο

2052 2813 2245 2882 ἥκειν.

2061 2946 2152 3017 Τῷ
2184 2946 2359 3017 κυρίῳ
2400 2961 2500 3015 μου
2539 2944 2633 2998 καὶ
2661 2942 2977 3014 τιμιωτάτῳ
3008 2941 3149 2994 κατὰ
3190 2940 3369 2993 πάντα
3413 2939 3575 2993 εὐλα-

1984 3038 2229 3108 ϐεστάτῳ
2254 3038 2426 3109 Πατρὶ
2464 3036 2767 3107 Ἐπιφανὶῳ
2808 3035 3094 3105 ὲπισκόπῳ
3136 3033 3395 3095 ’Δκάκιος
3440 3049 3574 3100 πρεο

1985 3128 2246 3198 σὸύτερος
2285 3126 2379 3181 καὶ
2432 3124 2641 3189 Παῦλος
2690 3123 3092 3196 πρεσόύτερος,
3130 3121 3573 3193 ἀρχιμανδρίται,

1980 3222 2041 3272 ὲν
2067 3218 2260 3289 Κυρίῳ
2297 3218 2530 3289 χαίρειν.

2057 3311 2255 3381 Ἤρκει
2300 3308 2396 3379 μὲν
2447 3309 2481 3379 ἡ
2526 3306 2622 3359 θέα
2665 3306 2764 3377 τῆς
2816 3304 2918 3375 σῆς
2960 3304 3309 3371 θεοσεϐείας,
3356 3304 3576 3368 Πάτερ.

1984 3401 2315 3472 ὲμπλήσασα
2347 3398 2733 3468 πνευματικῶν
2756 3396 3039 3470 ῥημάτων,
3058 3397 3154 3450 καὶ
3177 3397 3576 3466 ἑμφυτεῦσασα

1983 3492 2076 3545 τὸν
2131 3489 2384 3543 τοσοῦτον
2429 3489 2564 3559 πρὸς
2602 3489 2751 3557 ἡμᾶς
2793 3487 2991 3553 πόθον,
3036 3487 3296 3556 γεγονότα
3332 3486 3434 3555 τῆς
3475 3487 3577 3555 σῆς

1985 3581 2250 3651 αὐτοψίας
2286 3578 2687 3650 μεταλαϐοῦσιν
2709 3594 2722 3607 ·
2752 3577 2868 3639 ἀλλ’
2904 3577 3095 3649 ἐπειδὴ
3129 3576 3437 3648 πρόδρομος
3474 3577 3576 3646 φή-

1991 3693 2064 3746 μη
2111 3672 2350 3744 μαθητοῦ
2373 3670 2468 3725 τοῦ
2500 3671 2749 3741 Σωτῆρος
2778 3669 3040 3741 κηρύττει
3073 3669 3171 3740 τὴν
3200 3669 3300 3739 τῆς
3347 3668 3576 3730 εὐωδίας

1988 3765 2097 3818 τῶν
2128 3763 2389 3834 ῥημάτων
2425 3763 2520 3816 καὶ
2548 3761 2799 3832 πράξεων
2825 3761 3023 3832 ὁρμὴν,
3053 3760 3213 3830 ἄγχει
3246 3760 3340 3813 καὶ
3376 3757 3578 3822 λέξεων

1987 3855 2081 3907 καὶ
2098 3852 2191 3906 νοῦ
2216 3851 2543 3923 κορεσθῆναι
2561 3867 2575 3880 ο
2607 3849 2715 3903 ἔδει
2743 3850 2842 3921 μὲν
2864 3851 3096 3921 αὐτοψίᾳ
3123 3848 3378 3911 ἐλθόντας
3407 3865 3579 3919 μετα-

1987 3943 2171 3997 λαϐεῖν
2210 3945 2309 4014 τῆς
2356 3943 2421 3995 ὲκ
2460 3939 2596 3994 Θεοῦ
2639 3940 2889 4010 δοθείσης
2925 3956 3007 3993 σοι
3056 3941 3311 4010 χάριτος,
3353 3939 3431 4001 ὡς
3463 3940 3578 3999 τοῖς

1989 4034 2334 4097 ἀποστόλοις·
2401 4031 2515 4086 ἀλλ’
2562 4032 2688 4085 ἐπεὶ
2740 4032 2775 4102 ἡ
2821 4031 2937 4094 ὁδὸς
2987 4028 3258 4099 ἐπεσχέθη
3308 4028 3415 4080 ὑπῇ
3478 4029 3579 4098 τῆς

1990 4126 2300 4198 ἀρρωστίας
2349 4123 2451 4193 τῆς
2511 4122 2830 4193 σωματικῆς
2878 4123 2972 4176 καὶ⁵
3028 4120 3440 4192 ταλαιπωρίας,
3478 4121 3580 4173 οὐκ

313 4233 440 4271 cum
472 4218 574 4270 iter
608 4216 741 4269 illud
771 4216 928 4269 nobis
959 4215 1209 4283 corporis
1247 4214 1538 4284 aegritudo,
1568 4220 1623 4269 et
1658 4214 1888 4283 languor

2040 4218 2290 4287 :xdcrapev
2314 4258 2328 4281 ,
2382 4215 2533 4267 αὐτοὶ
2580 4214 2862 4283 γενόμενοι
2906 4213 3041 4283 πρὸς
3093 4213 3220 4276 τοὺς
3264 4213 3433 4275 πόδας
3484 4228 3579 4264 σου

315 4307 721 4372 intercluserit;
748 4306 971 4360 minime
1008 4305 1113 4370 ipsi
1142 4306 1424 4374 potuimus
1461 4306 1529 4359 ad
1574 4306 1740 4375 pedes
1768 4313 1892 4358 tuos

316 4397 586 4469 provoluti
618 4396 893 4467 spiritales
925 4406 1258 4465 sanctosque
1291 4382 1663 4450 sermonesex
1682 4411 1776 4450 ore
1796 4404 1892 4451 tuo

318 4494 602 4541 manantes
655 4486 868 4550 audire,
893 4499 957 4539 ac
990 4484 1221 4540 discere.
1261 4484 1373 4540 Hoc
1403 4487 1547 4539 enim
1569 4501 1892 4556 persuasum

320 4578 612 4643 habemus,
648 4577 693 4630 si
726 4576 945 4646 quidem
988 4591 1237 4632 essemus
1282 4575 1463 4648 digni,
1512 4577 1795 4632 venientes
1826 4577 1892 4632 ad

318 4678 392 4734 te,
424 4677 483 4723 et
513 4667 795 4723 audientes
822 4682 944 4730 nos,
976 4668 1030 4720 in
1081 4682 1148 4722 eo
1183 4668 1480 4723 sanctioris
1513 4669 1636 4723 vitae
1666 4684 1890 4739 genere,

315 4760 463 4831 quod
495 4758 851 4829 arripuimus,
886 4756 1271 4812 conﬁrmatum
1316 4758 1418 4826 iri;
1471 4758 1770 4813 dummodo
1799 4774 1891 4815 ex-

321 4862 551 4907 tremum
607 4850 757 4905 illius
811 4863 876 4904 ac
936 4864 1212 4905 summum
1277 4864 1587 4905 mereamur
1649 4850 1894 4921 assequi.

318 4939 772 5010 Quandoquidem
792 4938 958 5010 igitur
982 4937 1544 5007 adversa;valetudine
1570 4940 1892 5009 premimur,

321 5032 575 5102 pietatem
599 5038 748 5085 tuam
780 5030 1129 5085 vehementer
1148 5044 1404 5095 oramus,
1434 5037 1496 5083 ut
1518 5045 1707 5085 eorum
1738 5031 1899 5086 nobis

319 5122 758 5176 communionem
787 5137 855 5177 ne
882 5122 1148 5186 invideas,
1178 5135 1300 5190 qua:
1324 5121 1378 5174 in
1404 5129 1458 5175 te
1486 5136 1677 5176 revera
1710 5127 1841 5175 sunt
1867 5135 1901 5174 α

327 5213 610 5269 Salvatore
639 5216 858 5271 collata.
903 5215 1114 5271 Etenim
1147 5230 1257 5271 non
1288 5231 1392 5271 nos
1421 5217 1523 5286 ipsi
1550 5217 1726 5272 solum
1752 5233 1766 5282 ;
1803 5214 1901 5270 sed

324 5312 381 5359 et
406 5302 691 5368 universi,
738 5304 832 5372 qui
877 5306 1202 5372 audierunt,
1259 5321 1462 5361 novum
1497 5315 1550 5362 te
1589 5307 1900 5376 apostolum

325 5409 741 5465 preeconemque
762 5394 1090 5451 confitentur
1119 5412 1151 5451 a
1174 5396 1393 5453 Christo
1427 5397 1587 5453 nobis
1618 5398 1722 5450 hac
1743 5404 1904 5451 aetate

326 5484 672 5555 productum,
723 5485 871 5539 velut
904 5485 1134 5539 alterum
1168 5487 1458 5556 quemdam
1506 5484 1772 5540 Joannem
1794 5522 1810 5548 ,
1842 5492 1902 5538 ut

1993 4307 2529 4381 προκαλινδούμενοι,
2571 4305 2804 4359 ἀκοῦσαί
2838 4323 2897 4359 τε
2930 4308 3025 4359 καὶ
3066 4304 3260 4377 μαθεῖν
3289 4304 3359 4356 τὰ
3409 4307 3580 4356 ὲκπο-

1992 4399 2264 4471 ρευόμενα
2295 4396 2641 4468 πνευματικὰ
2673 4398 2805 4466 ἅγια
2845 4398 3067 4468 ῥήματα
3094 4398 3159 4449 ἐκ
3192 4394 3289 4449 τοῦ
3332 4395 3428 4449 σοῦ
3462 4397 3580 4448 στό-

1995 4507 2184 4565 ματος.
2220 4486 2555 4558 Πιστεύομεν
2581 4487 2710 4558 γὰρ,
2759 4489 2877 4552 ὅτι,
2922 4490 2970 4541 ει
3017 4482 3159 4558 ἦμεν
3202 4486 3378 4551 ἄξιοι,
3422 4486 3581 4540 ἀνελ-

1997 4581 2179 4644 θόντες
2216 4597 2273 4634 τε
2312 4579 2406 4633 καὶ
2450 4578 2802 4643 ἀκούσαντες,
2848 4577 3250 4650 ἐπηριζὸμεθα
3284 4577 3385 4649 τὴν
3426 4578 3579 4631 πολι-

1995 4672 2164 4732 τείαν,
2206 4672 2272 4743 ἢν
2316 4671 2757 4743 προδεδλήμεθα,
2790 4670 2844 4723 εἰ
2900 4672 3066 4739 ὲσμεν
3106 4669 3249 4735 ἄξιοι
3296 4670 3359 4724 τὸ
3401 4670 3580 4740 τέρμα

1996 4764 2198 4832 ταύτης
2243 4761 2586 4815 καταλαϐεῖν.
2619 4762 2731 4830 Τῆς
2767 4757 2859 4815 οὖν
2898 4761 3210 4833 ἀρρωστίας
3241 4760 3580 4814 καταλαϐού-

2001 4869 2099 4923 σης
2137 4851 2374 4921 θιόμεθα
2403 4853 2503 4921 τῆς
2540 4850 2811 4921 τοσαύτης
2851 4867 2944 4903 σου
2979 4850 3314 4917 θεοσεϐείας,
3348 4851 3427 4922 μὴ
3455 4850 3580 4921 φοο-

1998 4944 2168 5015 νήσῃς
2194 4943 2511 5013 μεταδοῦναι
2543 4944 2649 4996 ἀπὸ
2677 4943 2783 4995 τῶν
2822 4943 3214 5014 δεδωρημένων
3254 4960 3338 4995 σοι
3367 4943 3581 5010 ἀληθῶς

2000 5037 2105 5089 ὑπὸ
2156 5035 2249 5088 τοῦ
2318 5036 2587 5105 Σωτῆρος.
2660 5032 3061 5104 Ὀμολογοῦμεν
3129 5032 3241 5104 γὰρ
3301 5034 3365 5086 οὐ
3425 5034 3581 5102 μόνον

2001 5130 2182 5199 ἡμεῖς,
2216 5126 2352 5180 ἀλλὰ
2383 5128 2477 5179 καὶ
2519 5126 2718 5188 πάντες
2755 5127 2804 5177 οὶ
2852 5125 3165 5189 ἀκούοντες,
3198 5124 3283 5177 ὅτι
3318 5126 3377 5178 ὲν
3412 5123 3582 5193 ταύτῃ

2001 5222 2066 5289 τῇ
2090 5220 2253 5288 γενεᾷ
2281 5218 2396 5271 νέον
2421 5235 2479 5270 σε
2501 5217 2796 5270 ἀπόστολον
2824 5217 3050 5287 ἠγειρεν
3079 5217 3213 5285 ἡμῖν
3243 5216 3340 5268 καὶ⁵
3367 5217 3582 5285 κήρυκα

2001 5311 2029 5362 ὁ
2070 5309 2323 5383 Χριστὸς,
2375 5310 2631 5380 Ἰωάννην
2677 5308 2820 5372 νέον,
2856 5307 2950 5360 καὶ¹
2982 5306 3283 5377 κηρύσσειν
3323 5307 3393 5361 τὰ
3435 5309 3572 5375 ὀφει-

2002 5397 2203 5469 λόμενα
2228 5399 2596 5468 φυλάσσεσθαι
2623 5400 2727 5452 ὑπὸ
2757 5399 2865 5451 τῶν
2890 5399 2980 5452 τὸν
3002 5398 3201 5470 δρόμον
3225 5396 3421 5450 τοῦτον
3456 5412 3585 5465 προ·

2004 5488 2366 5561 ϐαλλομένων.
2395 5490 2500 5543 Τοῦ
2532 5487 2626 5544 οὖν
2660 5491 2841 5544 κοινοῦ
2869 5488 3101 5558 ἀδελφοῦ
3137 5489 3463 5561 Μαρκέλλου
3493 5487 3583 5541 ἐπὶ

323 5586 391 5626 ea
411 5572 760 5643 praeciperes,
794 5587 918 5643 quae
947 5572 1016 5627 ab
1048 5573 1117 5628 iis
1161 5575 1428 5629 servanda
1458 5582 1608 5639 sunt,
1648 5574 1749 5643 qui
1781 5587 1888 5629 sese

2040 5585 2071 5652 ᾔ
2106 5572 2339 5653 τοσοίῦτῃ
2377 5584 2534 5655 φήμῃ
2573 5583 2897 5653 ἀγχόμενον,
2933 5582 3025 5635 καὶ¹
3053 5581 3351 5651 ἑλκομένου
3384 5583 3451 5651 τῇ
3490 5594 3585 5630 πο-

326 5660 382 5716 in
420 5661 551 5715 illud
582 5664 914 5718 curriculum
940 5665 1333 5720 commiserint.
1378 5663 1743 5730 Quamobrem
1775 5679 1899 5719 cum

327 5756 616 5814 Marcellus
641 5759 948 5815 communis
979 5768 1226 5815 nostrum
1262 5760 1505 5814 onmium
1534 5760 1700 5816 frater
1736 5771 1898 5817 tantae

2011 5673 2164 5743 θήσει
2189 5677 2288 5753 τῆς
2316 5673 2414 5742 σῆς
2439 5674 2767 5737 θεοσεϐείας,
2797 5675 2948 5738 ὄντος
2972 5690 3031 5726 τε
3067 5674 3161 5726 καὶ
3188 5673 3286 5742 τῆς
3309 5672 3582 5742 ἡμετέρας

2013 5766 2268 5836 μάνδραις,
2314 5766 2473 5819 αὐτόν
2502 5784 2560 5820 τε
2589 5766 2865 5835 ὑπηρέττν
2903 5766 3201 5834 ἐσχηκότες
3249 5766 3350 5833 τῆς
3393 5760 3582 5818 τοσαύ-
