3808 6134
303 323 408 381 15⁸1
1038 317 1384 379 EPIPIIANII
1423 320 1873 380 RESCRIPTUM
1918 321 2010 376 AD
2049 322 2485 382 ACAClUiLET
2525 321 2830 379 PAULUM.
2856 346 2869 355 κ
3460 329 3561 384 158

298 459 402 513 της
424 439 568 505 ὀδοῦ,
604 437 698 492 καὶ
729 438 1127 507 νεοκατηχήτου
1160 437 1332 501 ὄντος,
1370 439 1750 510 ἐπετρέψαμεν
1775 458 1802 492 τ

2059 457 2135 495 nae
2161 442 2536 513 magnitudine
2583 441 2935 505 stimulatus,
2972 439 3037 493 ad
3089 451 3141 496 te
3192 441 3409 512 pietatis
3456 452 3563 497 tuac

299 531 570 602 τοσαύτην
620 528 776 601 ἡμῶν
830 528 1034 598 τόλμαν
1080 527 1188 581 τῶν
1228 529 1567 599 ἁμαρτωλῶν
1609 532 1745 601 πρὸς
1787 550 1803 583 ι

2062 531 2257 585 siderio
2307 530 2648 595 traheretur,
2695 531 2946 600 idemque
2994 531 3325 585 monasterio
3376 541 3566 585 nostro

306 622 556 696 μαθητήν
602 639 663 676 σε
712 620 807 691 τοῦ
842 621 1111 691 Σωτῆρος.
1145 623 1209 673 ’Ὀ
1250 621 1307 673 δὲ
1340 620 1596 691 ἀξιοῦμεν
1634 622 1741 674 τῶν
1785 624 1810 693 ῥ

2062 629 2134 675 set
2172 621 2483 690 ascriptus;
2518 619 2792 674 hominem
2830 621 3000 686 nacti,
3033 621 3566 691 qui'longinquitate

303 714 502 767 θέντων
530 730 610 766 σοι
640 712 775 784 πρός
806 727 959 774 τινας
984 711 1264 779 ἀδελφοὺς,
1298 711 1378 774 εἰς
1422 710 1668 764 παιδείαν
1707 710 1807 782 δωρ

2060 722 2136 768 ita
2166 712 2377 768 itineris
2405 721 2597 767 nostra
2618 713 2737 767 vice
2768 711 3090 787 fungeretur
3109 754 3125 779 ,
3165 714 3358 767 rudem
3387 712 3564 783 adhuc

305 804 498 858 σασθαι
527 805 664 874 ὅπερ
693 804 776 856 σοὶ
799 803 895 874 μὲν
919 803 998 874 τῷ
1026 802 1217 873 δικαίῳ
1255 802 1366 855 ἀϐα
1378 802 1494 873 ρὲς,
1518 805 1649 874 ἡμῖν
1682 803 1738 855 δὲ
1773 821 1809 856 τι

2069 803 2334 869 tironem;
2370 803 2499 857 huic
2550 803 2651 872 ipsi
2697 811 3079 872 peccatorum;
3129 803 3373 857 omnium
3415 803 3568 857 vide-

303 896 648 968 ἁμαρτωλοῖς
698 893 1092 966 μεταλαϐοῦσιν
1138 894 1508 965 εὐφρανθῆναι
1557 897 1616 949 ὲν
1670 895 1807 968 Κυρί

2064 902 2110 946 et
2146 901 2428 965 nostrum,
2472 893 2896 964 postulationem
2943 894 3010 947 ad
3058 903 3109 949 te
3146 892 3352 958 Christi
3398 892 3568 947 disci-

315 982 749 1054 Ἐμπλησθέντες
769 983 877 1054 γάρ
908 1000 1003 1045 σου
1037 983 1145 1036 τῶν
1181 984 1567 1053 πνευματικῶν
1600 985 1819 1055 ρημάτιι

2064 982 2173 1037 lum
2221 981 2639 1053 perferendam;
2689 983 2849 1057 paulo
2891 998 3011 1037 eam
3052 983 3269 1053 quidem
3308 981 3568 1036 audacio-

300 1073 769 1146 ἐπικουφιζόμεθα
803 1073 911 1126 τῶν
951 1074 1191 1149 ἀνομιῶν
1229 1073 1407 1145 ἡμῶν.
1448 1074 1793 1145 Ἦκούσαμεν

2064 1090 2123 1139 ῐι,
2154 1073 2554 1127 mandavimus.
2586 1072 2873 1129 Petitionis
2916 1088 3082 1144 porro
3126 1083 3326 1129 nostra:
3357 1089 3568 1135 summa

298 1165 662 1238 ἐπικληθέντα
707 1166 947 1237 ὀνόματα
989 1166 1096 1225 ὑπὸ
1137 1166 1236 1237 τῆς
1274 1167 1374 1238 σῆς
1418 1166 1729 1239 τιμιότητος
1762 1184 1802 1219 τι

2066 1180 2102 1220 ὀ
2138 1174 2244 1234 est,
2274 1177 2335 1235 ut
2362 1182 2484 1243 quae
2522 1168 2803 1237 nonnullis
2841 1166 3111 1222 fratribus
3155 1165 3378 1229 dixisti,
3409 1182 3473 1221 ea
3502 1166 3570 1225 ad

299 1259 596 1329 αἱρέσεσιν,
632 1251 706 1315 ὧν
740 1259 975 1329 ἑκάστης
1015 1257 1309 1329 θρησκείας
1352 1256 1611 1328 ἀξιοῦμεν
1643 1258 1741 1329 τὴν
1786 1274 1803 1308 c

2065 1266 2234 1313 stram
2269 1258 2669 1315 institutionem
2701 1258 2967 1329 impertiri
2993 1273 3098 1311 non
3129 1257 3392 1330 graveris.
3415 1256 3569 1322 Quod

300 1347 610 1404 θεοσέϐειαν
638 1348 934 1421 διαρρήδην
956 1349 1088 1417 ἡμῖν
1110 1347 1349 1418 δηλῶσαι
1375 1348 1473 1419 τὴν
1498 1348 1731 1419 αἵρεσιν.
1762 1348 1804 1398 'l

2078 1350 2175 1403 tibi
2200 1349 2407 1403 homini
2449 1348 2604 1419 justo
2646 1348 2945 1431 molestum
2978 1365 3087 1403 non
3127 1349 3267 1404 erit:
3306 1349 3377 1401 ita
3411 1347 3571 1405 nobis

297 1439 408 1511 γὰρ
424 1440 678 1494 ἁπάντων
705 1441 738 1511 η
763 1439 958 1509 δωρεά.
982 1441 1090 1493 Καὶ
1110 1440 1168 1503 σὲ
1185 1438 1444 1513 ἀξιοῦμεν
1471 1437 1633 1511 εὐχὴν
1655 1440 1801 1509 ποιής

2066 1441 2370 1494 ccatoribus
2391 1480 2405 1503 ,
2451 1440 2497 1494 si
2529 1440 2827 1511 impetrare
2879 1440 3258 1510 potuerimus,
3296 1438 3570 1507 ingentem

300 1529 447 1591 σθαι,
481 1529 540 1581 σὲ
564 1529 656 1581 τὸν
682 1528 889 1580 δίκαιον
918 1528 998 1598 τῷ
1033 1529 1241 1600 Κυρίῳ,
1274 1530 1414 1602 ὑπὲρ
1436 1528 1654 1582 πάντων
1682 1529 1790 1582 τῶν

2090 1528 2320 1600 Ι)οωὶηο
2383 1530 2625 1585 laetitiam
2688 1545 2751 1584 ac
2789 1532 3127 1600 voluptatem
3176 1530 3384 1584 afferet.
3434 1528 3570 1582 Cum

297 1618 631 1681 ποθούντων,
662 1618 754 1687 καὶ
779 1618 1146 1688 ἐκδεχομένων
1195 1619 1295 1689 τὴν
1324 1619 1477 1689 παρὰ
1519 1618 1613 1671 σοῦ
1652 1618 1801 1690 δωρε‹

2065 1621 2129 1673 im
2165 1621 2507 1690 spiritalibus
2535 1623 2643 1675 tuis
2668 1620 3014 1675 sermonibus
3042 1619 3328 1683 satiamur,
3367 1618 3569 1687 iniqui-

312 1711 400 1762 Ἐν
433 1710 659 1780 νηστείᾳ
700 1710 793 1761 καὶ
828 1710 959 1780 εὐχῇ
999 1711 1165 1778 ἐσμεν
1210 1708 1300 1762 τὸν
1326 1710 1503 1763 κοινὸν
1540 1710 1696 1781 ἡμῶν
1733 1709 1816 1762 ἅδε

2072 1726 2158 1764 um
2221 1723 2532 1766 nostrarum
2585 1727 2752 1767 onere
2800 1711 3171 1766 sublevamur.
3220 1714 3297 1765 Ac
3352 1711 3571 1765 nomina

298 1798 710 1873 φὺν,⁷δεχθέντα
739 1799 843 1852 ὑπὸ
867 1801 968 1870 τῆς
1011 1799 1108 1870 σῆς
1145 1801 1458 1870 τιμιότητος
1490 1800 1762 1870 ἀσμένως,
1788 1818 1802 1852 1

2066 1804 2203 1859 idem
2235 1805 2371 1875 ipsa,
2405 1819 2527 1874 quae
2552 1818 2582 1858 a
2611 1813 2663 1859 te
2689 1812 2817 1860 sunt
2851 1805 3153 1860 hmresibus
3176 1804 3432 1875 imposita
3458 1805 3570 1874 jam

298 1894 526 1965 κομίσαι
555 1892 653 1963 τὴν
680 1892 783 1945 ὑπὸ
805 1891 898 1947 σοῦ
921 1891 1302 1961 δεδωρημένην
1335 1890 1562 1962 δωρεὰν,
1596 1891 1690 1944 καὶ
1711 1891 1802 1943 οὖτ

2069 1852 2203 1859 ’“⁷“””
2236 1852 2371 1875 'r'“'
2409 1852 2525 1874 ‘1‘-vv
2553 1852 2582 1858 “
2613 1852 2662 1859 "
2689 1852 2815 1860 '—"'
2851 1852 2950 1860 "W'
2969 1852 3153 1860 *“””⁷’””
3176 1852 3432 1875 ’““Ἰ’“’””ἶ““
3458 1852 3571 1874 δΤ·”““

2069 1896 2314 1950 divimus.
2356 1886 2512 1950 Nunc
2548 1896 2986 1967 uniuscujusque
3025 1903 3187 1952 secta:
3226 1896 3420 1966 dogma
3453 1912 3573 1966 per-

293 1986 623 2057 ἀναπέμψαι
656 1984 755 2053 τὰς
786 1981 846 2048 ἐξ
879 1982 1034 2046 ἔθους
1071 1981 1237 2054 εὐχὰς
1268 1983 1468 2053 Πατρὶ,
1499 1982 1592 2035 καὶ
1624 1981 1757 2052 Υῐῷ,
1787 1999 1797 2035 ι

2063 1987 2177 2041 icue
2205 1985 2467 2040 declarari
2518 2002 2547 2040 a
2582 1997 2670 2040 tua
2708 1989 2906 2057 pietate
2951 1988 3226 2058 cupimus.
3277 1986 3391 2042 lloc
3421 1987 3567 2041 enim

298 2080 442 2151 ἁγίῳ
494 2077 794 2149 Πνεύματι.
840 2076 1049 2138 Πάντες
1100 2075 1409 2138 ἐλπίζουσιν
1449 2076 1499 2127 οἱ
1549 2073 1768 2143 ἀδελφοὶ

2066 2092 2276 2151 mmnne
2304 2093 2368 2131 ex
2424 2092 2582 2147 atquo
2616 2078 2819 2132 donum
2875 2089 2958 2134 est
3008 2079 3264 2133 omnibus
3302 2077 3570 2133 futurum.

298 2171 404 2225 ὑπὸ
439 2170 533 2224 σοῦ
571 2170 703 2241 εὐχῇ
739 2168 879 2240 ὑπὲρ
921 2166 1100 2221 αὐτῶν
1148 2167 1445 2238 γιγνομένῃ
1497 2165 1802 2236 στηριχθῆνι

2065 2180 2124 2218 λιιι
2156 2166 2287 2219 illud
2309 2166 2469 2220 enixe
2500 2181 2777 2236 rogamus,
2813 2177 2872 2221 ut
2899 2182 2996 2237 pro
3035 2168 3337 2231 universis,
3365 2168 3457 2236 qui
3489 2168 3569 2220 tui

297 2260 732 2332 Παρακαλοῦμεν
766 2260 841 2329 μὴ
878 2259 1107 2331 ὀκνῆσαι
1150 2256 1472 2329 μεταδοῦναι
1502 2257 1660 2328 χάριν
1691 2255 1801 2309 θεῖκ

2064 2257 2255 2310 siderio
2278 2264 2552 2320 tenentur,
2587 2258 2789 2326 quique
2828 2256 2959 2311 illud
2991 2272 3020 2311 a
3051 2266 3104 2312 te
3134 2272 3334 2312 munus
3380 2273 3568 2327 exspe-

297 2351 573 2423 ὲσχηκότα
604 2349 936 2421 ἀποστόλων.
973 2349 1180 2425 Πάντες
1207 2349 1257 2401 οἱ
1289 2347 1474 2418 μικροὶ
1504 2349 1562 2399 ὲν
1592 2348 1710 2410 ταῖς
1745 2356 1801 2417 με

2068 2354 2155 2407 λιιι,
2183 2356 2264 2413 ιιι,
2289 2347 2382 2415 qui
2408 2347 2592 2416 justus
2617 2364 2696 2413 es,
2730 2347 3019 2403 Dominum
3046 2349 3308 2419 preceris.
3346 2347 3572 2403 Interim

296 2442 453 2513 δραις
480 2441 632 2506 ὄντες
669 2440 834 2513 εὐχὴν
869 2439 948 2513 τῷ
982 2438 1252 2515 κρείττονι
1289 2438 1674 2509 ἀναπέμπουσι
1716 2454 1800 2508 μεπ

2069 2455 2088 2493 s
2118 2438 2173 2492 in
2199 2438 2408 2508 jejunio
2454 2447 2509 2494 et
2536 2439 2787 2494 oratione
2812 2439 2880 2494 ad
2904 2439 3039 2493 illud
3068 2438 3425 2494 obtinendum
3453 2455 3573 2509 pcr-

296 2534 483 2588 λαϐεῖν
505 2534 611 2587 άπὸ
641 2534 740 2604 τῆς
760 2533 860 2604 σῆς
892 2531 1202 2596 θεοσεϐείας
1241 2526 1615 2602 πνευματικὴν
1649 2530 1800 2602 δωρει

2071 2529 2270 2595 timus,
2311 2539 2369 2583 ut
2403 2529 2573 2585 frater
2604 2532 2696 2587 ille
2737 2543 2927 2587 noster
2957 2532 3193 2602 benigne
3233 2547 3262 2586 a
3295 2542 3347 2586 te
3382 2545 3575 2586 susce-

309 2624 656 2698 Ἐρῤωμένος
694 2626 753 2677 ἐν
792 2616 1005 2698 Κυρίῳ,
1034 2626 1129 2678 καί¹
1161 2622 1397 2697 εῠθυμος
1433 2624 1492 2676 ὲν
1520 2622 1742 2695 Χριστῷ
1768 2623 1813 2676 δι

2071 2636 2134 2687 Is,
2157 2629 2438 2691 acceptum
2473 2623 2604 2677 illud
2634 2639 2834 2679 munus
2859 2624 2925 2691 ad
2956 2638 3058 2679 nos
3090 2629 3329 2693 reportet
3360 2640 3375 2677 :
3411 2630 3575 2692 atque

297 2717 513 2788 τελοίης
542 2757 556 2781 ,
602 2718 696 2773 καὶ
749 2718 806 2772 ἐν
858 2716 998 2787 ἁγίῳ
1045 2714 1324 2785 Πνεύματι
1369 2714 1461 2767 τὸν
1524 2714 1747 2768 δοθέντα
1799 2744 1801 2757 ι

2092 2711 2198 2767 Deo
2258 2711 2425 2776 Patri,
2463 2713 2601 2769 Filio
2641 2731 2706 2770 ac
2735 2713 2961 2785 Spiritui
3000 2723 3195 2781 sancto
3227 2715 3418 2770 solitas
3449 2730 3574 2784 pre-

298 2808 509 2880 θρὸνον,
537 2808 628 2877 καὶ
666 2806 769 2878 τὴν
792 2806 979 2877 θεῖκὴν
1013 2806 1221 2877 δωρεάν
1251 2807 1351 2878 (1),
1385 2806 1544 2879 μέχρι
1569 2805 1663 2859 τοῦ
1705 2805 1766 2859 σὲ
1794 2807 1802 2856 i

2071 2821 2085 2858 ς
2123 2801 2437 2859 olferamus.
2488 2802 2690 2861 Omnes
2742 2806 2918 2861 nostri
2956 2805 3156 2862 fratres
3207 2807 3363 2861 valde
3404 2805 3575 2859 confi-

297 2899 588 2968 δεχομένου
623 2897 907 2966 στεφάνου.

2073 2904 2153 2961 nt,
2190 2894 2329 2950 fusis
2354 2911 2382 2949 a
2409 2904 2462 2951 te
2489 2913 2586 2967 pro
2618 2899 2751 2968 ipsis
2799 2899 3054 2968 precibus
3080 2914 3202 2955 sese
3249 2912 3576 2968 magnopere

299 2990 682 3063 conﬁrmatum
712 2990 795 3049 iri.
822 2987 1055 3049 Oramus
1086 2994 1157 3053 te,
1196 2987 1369 3058 utqui
1394 2987 1633 3043 divinam
1655 2987 2030 3057 apostolorum
2089 2991 2318 3058 gratiam
2361 3000 2694 3048 consecutus
2728 3007 2808 3057 es,
2840 2992 2987 3063 quod
3052 2993 3289 3064 petimus
3351 3006 3419 3045 ne
3475 2989 3575 3042 tri—

298 3082 470 3137 buere
507 3082 804 3139 cuucteris.
833 3079 1024 3136 Pusilli
1066 3094 1277 3143 omnes,
1303 3080 1395 3149 qui
1430 3079 1486 3134 in
1533 3079 1886 3135 monasteriis
1919 3079 2145 3151 degunt,
2174 3082 2344 3137 Deum
2375 3092 2698 3154 precantur,
2753 3092 2815 3139 ut
2880 3100 2911 3140 a
2956 3091 3008 3140 te
3058 3084 3303 3159 spiritale
3370 3083 3575 3137 donum

300 3177 436 3245 illud
459 3178 761 3231 obtineant.
804 3174 994 3230 Valere
1022 3184 1074 3229 te
1098 3174 1152 3228 in
1186 3173 1436 3240 Domino,
1464 3189 1525 3229 ac
1548 3174 1731 3229 laetum
1760 3174 1979 3230 assidue
2012 3177 2209 3247 degere
2238 3187 2495 3248 optamus
2524 3178 2820 3248 plurimum
2873 3198 2886 3232 :
2961 3186 3017 3236 et
3056 3179 3413 3235 commissum
3476 3175 3575 3229 tibi

300 3268 583 3326 thronum.
623 3268 676 3322 iu
715 3267 921 3338 Spiritu
943 3273 1157 3333 sancto,
1187 3266 1541 3337 divinumque
1578 3267 1721 3321 tueri
1756 3281 1982 3333 munus,
2048 3268 2223 3325 donec
2259 3286 2420 3337 -eam,
2474 3285 2597 3342 quae
2629 3279 2684 3327 te
2735 3279 2956 3339 manet,
3021 3287 3282 3341 coronam
3314 3272 3370 3325 in
3431 3270 3575 3325 (mlo

299 3374 686 3430 consequaris.

1029 3504 1985 3747 RESCRIPTUM—
2064 3590 2850 3704 EPIPHANll.

309 3774 386 3829 Ἥ
422 3770 852 3845 ἀττιγραφεῖσα
905 3769 1057 3845 πρὸς
1101 3768 1262 3845 τοὺς.
1295 3769 1429 3845 περὶ
1457 3770 1744 3845 ςΑξιρκιον
1784 3787 1813 3845 ες

2072 3772 2279 3842 iphanii
2328 3772 2559 3840 episcopi
2611 3769 3078 3845 ερίειοιαηᾳιιαηι
3122 3771 3192 3827 ad
3237 3774 3491 3827 Acacium
3527 3782 3576 3827 et

298 3896 305 3899 ι
374 3839 622 3931 Rufulos:
658 3839 1109 3931 εἱξρερνίδίίτέρους⁹
1149 3840 1270 3918 ιζπὸ
1298 3839 1487 3931 αὺτρῦ
1534 3841 1802 3931 Ἐπιφᾳνι

2072 3839 2300 3923 Paulum
2333 3839 2669 3931 presbyteros;
2704 3859 2774 3923 ad
2823 3839 3189 3929 ea‘rescripsit
3211 3901 3226 3925 ,
3250 3878 3368 3931 qua:
3395 3863 3477 3917 illi
3514 3863 3576 3919 de

374 3911 526 3981 πρὸς
564 3912 634 3965 τὰ
676 3909 776 3965 ὑπ’
810 3909 1008 3964 αὐτῶν
1043 3909 1204 3975 αὐτῷ
1249 3909 1553 3979 γραφέντα
1597 3911 1734 3979 περὶ
1782 3910 1889 3965 τοῦ
2064 3909 2089 3916 ”
2115 3909 2669 3965 ”’““””.⁸’”’ζτ⁷’”·
2706 3909 2769 3923 “’“
2826 3909 2883 3914 ’”
2922 3909 3189 3964 ”””’ἷ’“ῖ

378 3983 528 4008 -.,.-λ.
565 3981 850 4008 ngam-..“
878 3980 1102 4008 ..ηευηη
1141 3981 1325 4008 αρηχ..
2062 3954 2424 4008 lucubratione
2454 3954 2551 4006 illa
2587 3963 2775 4006 contra
2799 3952 3021 4008 Amr-eses
3052 3969 3188 4008 suam

376 3952 529 4036 κὲτᾶ
562 3981 850 4049 αἱρέσεων
876 3980 1104 4049 γράψαι
1138 3952 1343 4033 3mg}.
1363 3952 1401 3979 γ
1670 3952 1707 3979 Γ
1866 4028 1875 4037 ,

2062 3954 2424 4013 lucubratione
2454 3954 2551 4006 illa
2587 3963 2775 4006 contra
2799 3952 3021 4017 lam-eses
3052 3954 3499 4027 signiﬁcaverat“.

312 4143 325 4149 _
376 4093 603 4162 Κοριοις
625 4091 972 4162 τιμιωτάτοις
995 4088 1245 4158 ἀδελφοῖς
1267 4089 1360 4143 καὶ
1385 4089 1816 4163 συμπρεσδυτέρε

2064 4090 2311 4146 Dominis
2348 4089 2755 4145 venerabilibus
2803 4105 2865 4144 ac
2897 4088 3192 4154 fratribus,
3239 4100 3290 4147 et
3320 4093 3568 4164 collegis,

315 4184 562 4254 Ἀκακίῳ
622 4184 714 4235 καὶ
771 4180 971 4252 Παύλῳ
1023 4182 1340 4252 Ἐπιφάνιος
1424 4184 1482 4235 ὲν
1530 4182 1721 4253 Κυρίῳ
1769 4200 1819 4253 χε

2067 4182 2190 4236 οοίο
2247 4188 2301 4236 et
2348 4180 2538 4241 Paulo,
2572 4178 2908 4251 Epiphanius
2959 4185 3014 4236 in
3061 4182 3283 4239 Christo
3317 4187 3571 4243 salutem.

282 4258 444 4346 ’ρειν.
491 4274 805 4345 Προοίμιον,
839 4273 936 4326 εἴτ’
971 4270 1065 4327 οὖν
1101 4273 1292 4328 λαλιὰν
1323 4274 1658 4346 ἐπιγραφὴν,
1702 4273 1784 4328 ὥσ

2069 4272 2464 4329 ιειιιιιᾱιιιοιὶιιιιι
2498 4274 2707 4345 antiqui
2745 4274 3044 4345 scriptores
3083 4287 3483 4334 consueverant
3520 4280 3573 4334 in

302 4366 698 4435 διαγράφοντες
729 4365 944 4417 παλαιοὶ
966 4367 1302 4435 συγγραφεῖς
1338 4365 1421 4418 διὰ
1445 4364 1539 4417 τοῦ
1570 4364 1806 4435 αίνίγμα

2071 4365 2406 4420 relationibus
2435 4380 2501 4419 ac
2541 4366 2847 4435 proloquiis
2867 4406 2881 4430 ,
2914 4376 2968 4421 et
3010 4368 3466 4439 inscriptionibus
3495 4379 3575 4425 to-

303 4456 580 4524 ὑπόφασιν
626 4455 896 4509 ἐδείκνυον
958 4454 1138 4522 πάσης
1196 4454 1568 4525 ὑποκειμένης
1629 4471 1807 4528 πραγιε

2070 4473 2104 4512 χε
2125 4459 2307 4528 operis
2333 4459 2601 4529 propositi
2626 4459 3316 4529 speciem~adumbratione
3340 4463 3574 4534 quadam

302 4549 479 4612 τείας.
504 4547 666 4600 Ὅθεν
693 4548 786 4600 καὶ
834 4545 1009 4612 αὐτοὶ,
1042 4545 1121 4616 τῷ
1170 4545 1318 4616 αὺτῷ
1355 4544 1693 4618 κεχρημένοι
1719 4564 1806 4618 χαι

2070 4549 2344 4604 formatam
2367 4550 2684 4617 ostendere;
2715 4551 2791 4605 ita
2809 4562 2862 4607 et
2877 4569 2978 4610 nos
2995 4555 3185 4610 eodem
3204 4557 3477 4614 orationis,
3492 4558 3574 4612 usi

304 4639 496 4712 κτῆρι,
528 4640 998 4713 προοιμιαζόμεθα
1027 4641 1176 4712 ὑμῖν,
1211 4638 1509 4709 ἀγαπητοὶ,
1534 4637 1603 4691 τὰ
1622 4638 1724 4708 τῆς
1751 4655 1808 4691 κο

2072 4657 2191 4697 nere
2212 4642 2536 4713 prooemium
2567 4642 2668 4697 hoc
2693 4643 3055 4710 instituimus,
3087 4646 3301 4712 dilecti,
3335 4656 3395 4700 ut
3415 4688 3429 4710 ,
3454 4662 3576 4717 qua:

305 4732 577 4803 αἱρέσεων
602 4733 871 4802 αἰτήσεως
893 4732 1068 4802 ὑμῶν,
1098 4732 1156 4782 ὲν
1183 4729 1353 4799 ὀλίγῳ,
1375 4728 1473 4800 τὴν
1501 4728 1730 4800 δύναμιν
1765 4730 1809 4783 ἁε

2069 4736 2290 4790 stulatio
2322 4734 2502 4790 vestra
2531 4734 2654 4801 fuit,
2686 4751 2875 4792 eorum
2903 4753 3025 4808 qua:
3049 4739 3314 4794 adversus
3341 4740 3573 4795 haereses

305 4822 785 4895 γτφαλαιούμενοι.
839 4823 1060 4893 Ἐπειδὴ
1106 4822 1214 4893 γὰρ
1260 4821 1526 4893 μέλλομεν
1562 4823 1690 4894 ὑμῖν
1718 4823 1790 4877 τά

2068 4828 2329 4899 sputanda
2385 4835 2549 4894 sunt,
2608 4845 2824 4903 summa
2880 4831 3072 4901 paucis
3120 4832 3572 4902 complectamur.

307 4917 552 4988 φύματα
595 4916 701 4969 τῶν
729 4917 995 4988 αἱρέσεων
1047 4915 1264 4988 δηλοῦν,
1295 4914 1395 4979 τάς
1439 4932 1499 4967 τε
1553 4917 1683 4988 παρ’
1708 4916 1810 4970 αὐτ

2068 4925 2266 4979 leniam
2302 4925 2447 4980 enim
2486 4925 2769 4981 baereseon
2819 4925 3063 4980 omnium
3111 4925 3337 4980 nomina
3391 4925 3572 4981 decla-

305 5005 605 5076 ἀθεμίτους
664 5005 893 5078 πράξεις
940 5004 1377 5066 ἀνακαλύπτειν,
1423 5002 1610 5075 ὥσπερ
1652 5005 1762 5067 ἰοὺς
1802 5021 1809 5057 ε

2068 5019 2163 5073 nda
2190 5018 2342 5074 vobis
2372 5018 2551 5093 hocin
2586 5020 2729 5087 libro
2749 5020 3121 5089 suscepimus,
3152 5034 3388 5091 necnon
3413 5036 3572 5076 exse-

303 5098 609 5170 δηλητήρια
658 5098 812 5177 ὄντα,
844 5100 941 5159 σὺν
980 5099 1164 5165 αὐτοῖς
1207 5097 1263 5150 δὲ
1298 5097 1415 5167 ἅμα
1455 5097 1549 5150 καὶ
1587 5095 1807 5152 άντιδότσ

2065 5109 2218 5179 suda,
2266 5124 2329 5163 ac
2377 5110 2586 5165 nefaria
2624 5110 2838 5164 illarum
2895 5108 3131 5181 ﬂagitia,
3184 5112 3266 5166 sic
3309 5118 3569 5183 tanquam

305 5189 784 5268 ὲιραρμοσάμενοι,
831 5188 1161 5269 ἀλεξητήρια
1215 5187 1323 5241 τῶν
1362 5186 1743 5258 δεδηγμένων,
1794 5206 1809 5240 a

2065 5197 2420 5253 eesentissima
2441 5198 2686 5268 quaedam
2711 5211 2942 5257 venena.
2962 5198 3272 5269 patefacere
3300 5202 3569 5266 volumus,

306 5280 805 5352 προκαταληπτικὰ
830 5280 938 5345 τῶν
968 5279 1269 5349 μελλόντων
1304 5279 1383 5342 εἰς
1410 5277 1567 5332 τοῦτο
1593 5279 1810 5350 ἐμπίπτέ

2068 5304 2158 5357 1ue
2205 5288 2290 5342 bis
2320 5289 2465 5342 velut
2502 5287 2743 5343 antidota
2769 5290 3016 5366 quazdam
3055 5302 3421 5363 opponentes,
3453 5308 3572 5363 qua?

306 5375 422 5437 τοῖς
463 5372 774 5441 φιλοκάλοις
813 5372 1220 5443 διαγράφομεΨ
1258 5371 1390 5426 αὐτὸ
1433 5369 1593 5439 τοῦτο
1641 5373 1701 5425 τὸ
1730 5370 1810 5444 [πε

2065 5377 2075 5430 l
2111 5377 2200 5441 iis,
2242 5378 2335 5446 qui
2370 5391 2554 5431 morsu
2579 5378 2732 5447 petiti
2764 5386 2892 5434 sunt
2922 5381 3165 5436 remedio
3187 5397 3307 5437 esse
3338 5382 3569 5453 possint,

307 5462 509 5535 οίμιον]
558 5463 863 5534 Πανάριον,
913 5461 1011 5516 εἴτ’
1055 5458 1146 5515 οὖν
1185 5461 1439 5516 κιϐώτιον
1485 5462 1747 5533 ἰατρικὸν,
1794 5481 1811 5516 ι

2067 5469 2077 5522 l
2116 5484 2231 5531 eos,
2260 5467 2462 5538 quibus
2497 5485 2564 5524 ne
2591 5469 2833 5526 incidant
2860 5473 3164 5543 periculum
3198 5482 3301 5539 est,
3340 5489 3571 5546 praemu-

309 5553 725 5625 θηριονιηκτικον
768 5553 1182 5625 ἑρμηνεύοντες,
1233 5555 1368 5625 ὅπερ
1390 5554 1506 5606 ἐστὶ
1537 5553 1624 5608 διὰ
1651 5551 1811 5625 ’βιϐλί

2065 5568 2150 5614 ant
2195 5575 2259 5614 ac
2306 5569 2653 5627 conservent,
2692 5562 3040 5619 honestarum
3090 5580 3271 5620 rerum
3308 5566 3569 5622 studiosis

308 5646 477 5717 τριῶν
505 5647 745 5717 αἱρέσεις
777 5647 1125 5717 ὀγδοήκοντα,
1156 5648 1357 5712 αἵτινές
1388 5650 1494 5701 είσι
1533 5646 1761 5720 θηρίων,
1790 5665 1812 5701 ε

2062 5648 2346 5705 ηιιεοιῆιιιῑῑο
2378 5668 2391 5705 :
2424 5647 2739 5719 Panarium,
2766 5653 2880 5709 sive
2911 5653 3154 5709 arculam
3186 5653 3474 5719 medicam,
3499 5651 3566 5707 ad

388 5765 405 5823 ί
416 5763 465 5833 ι)
495 5762 657 5821 Deest
675 5764 899 5820 verbum
934 5764 1077 5835 quod
1107 5764 1301 5822 Latino
1332 5767 1467 5820 tueri
1497 5765 1848 5837 respondeat.
