3842 6102
268 296 371 364 tso
1017 292 1359 366 EPIPHANII
1402 310 1823 367 nescmrrun

1944 310 1983 363 ll
2026 306 2332 365 ACACIUM
2373 306 2460 362 ET
2500 297 2812 363 PAULUM.
3424 306 3529 363 1ῢο

260 437 476 489 eorum,
508 425 601 495 qui
636 440 667 479 a
695 428 1042 497 serpentibus
1077 428 1168 482 icti
1202 437 1349 494 sunt,
1389 429 1690 485 remedium
1718 429 1823 498 jurt

1940 425 2033 481 οὖν
2066 426 2313 497 ἑρπετῶν
2339 425 2636 494 αἰνίγματα
2662 421 2759 491 (1).
2799 420 2914 474 Μία
2946 418 3002 474 δὲ
3028 420 3166 491 μετά
3200 420 3300 484 τὰς
3337 421 3531 493 ὀγδοήκ-

258 529 399 583 Opus
429 514 583 579 illud,
613 531 677 570 ac
721 517 920 572 librum
964 517 1485 588 interpretabimur;
1520 519 1614 589 qui
1646 519 1700 572 in
1729 526 1823 573 tre:

1950 536 2147 584 κοντα,
2174 520 2209 589 ἡ
2246 517 2349 587 τῆς
2396 515 2652 586 ἀληθείας
2702 513 2856 584 βάσις
2890 513 3006 584 ἄμα
3047 514 3142 567 καὶ
3186 513 3527 580 διδασκαλία,

258 609 441 670 partes
462 602 694 668 divisus,
720 603 956 661 haereses
985 606 1264 677 octoginta
1288 608 1691 678 complectitur,
1718 622 1823 677 qua

1946 608 2040 662 κα)⁵
2068 607 2334 677 σωτήριος
2364 602 2740 675 πραγματεία,
2771 603 2867 655 καὶ
2902 601 3142 671 Χριστοῦ
3183 600 3368 673 νύμφη
3396 603 3531 670 ἀγία

254 701 569 762 serpentum
630 710 696 750 ac
747 696 1027 766 reptilium
1070 697 1280 754 similes
1322 698 1837 754 sunt.zSecundum

253 797 390 850 quas
419 785 664 842 veritatis
710 786 1138 853 ﬁrmamentum,
1171 797 1226 844 et
1256 790 1515 846 salutaris
1564 784 1838 853 doctrina,

254 870 489 942 fideique
529 874 763 930 formula
798 878 1048 947 subjecta
1101 888 1217 945 est,
1255 894 1320 933 ac
1360 878 1565 935 Christi
1614 893 1838 950 sponsa,

253 970 445 1017 sancta
467 965 722 1022 videlicet
773 966 1018 1024 Ecclesia
1052 970 1351 1025 declarata.
1396 969 1528 1037 Qua:
1555 984 1679 1025 cum
1723 971 1838 1041 jam

252 1059 366 1106 tum
390 1054 460 1109 ab
483 1057 618 1112 orbe
640 1058 860 1113 condito
882 1073 1005 1116 esse
1029 1062 1278 1131 coeperit,
1318 1070 1511 1132 postea
1533 1070 1714 1117 tamen
1737 1077 1837 1133 per

252 1144 456 1201 Christi
476 1146 688 1204 Domini
707 1149 1139 1208 lnearnationem
1155 1161 1459 1224 temporum
1481 1155 1836 1211 successione

251 1246 377 1293 ante
402 1250 860 1300 commemoratas
888 1260 1079 1301 omnes
1112 1245 1350 1302 haereses
1395 1248 1635 1318 vulgata,
1670 1256 1837 1317 atque

250 1329 544 1396 patefacta,
576 1334 877 1406 eademque
921 1351 951 1389 a
1001 1337 1161 1393 nobis
1214 1338 1268 1392 in
1311 1338 1737 1394 commentarios
1769 1354 1834 1394 ex

249 1420 453 1476 Christi
480 1426 867 1493 praedicatione
909 1429 1079 1484 relata
1110 1449 1123 1483 :
1156 1444 1221 1485 ac
1249 1446 1469 1487 rursum
1502 1442 1622 1501 post
1660 1432 1835 1502 expli—

248 1524 426 1569 catam
462 1532 677 1575 omnem
712 1520 941 1577 istarum
978 1520 1256 1581 haereseon
1302 1523 1741 1595 improbitatem,
1769 1536 1837 1578 ex

1957 697 2275 769 Ἐκκλησία,
2312 692 2448 751 οὖσα
2481 693 2580 767 μὲν
2612 694 2705 749 ἀπ’
2742 692 2957 757 αἰῶνος,
2990 692 3079 747 διὰ
3110 693 3168 746 δὲ
3195 694 3294 764 τῆς
3325 694 3526 764 ὲνσάρ-

1943 809 2041 846 κου
2067 783 2304 861 Χριστοῦ
2340 785 2643 858 παρουσίας
2672 784 2813 840 κατὰ
2841 784 2938 856 τὴν
2977 784 3230 861 διαδοχὴν
3269 784 3365 838 τοῦ
3396 786 3529 855 χρό-

1942 899 2035 935 νου
2068 859 2232 953 μέσον
2280 879 2387 932 τῶν
2432 878 2845 950 προειρημένων
2889 859 3340 946 ἀποκαλυφθεῖσα
3360 918 3375 943 ,
3433 879 3531 931 καὶ
3570 931 3578 939 ,

1942 974 2032 1043 ὑφ’
2078 972 2236 1044 ἡμῶν
2278 970 2336 1025 ὲν
2370 971 2675 1042 ὑπομνήσει
2722 969 2810 1023 διὰ
2859 968 2953 1022 τοῦ
2993 958 3352 1039 κηρύγματος
3396 970 3534 1038 Χριο

1946 1056 2072 1115 στοῦ
2126 1060 2423 1132 ταχθεῖσα,
2471 1060 2566 1113 καὶ
2617 1057 2780 1113 πάλιν
2833 1058 2971 1129 μετά
3025 1057 3207 1122 πάσας
3266 1058 3366 1121 τὰς
3419 1057 3533 1109 τῶν

1942 1154 2209 1226 αἱρέσεων
2252 1152 2459 1206 τούτων
2504 1150 2809 1223 μοχθηρίας
2848 1152 2930 1214 εἰς
2974 1150 3258 1222 ἀναψυχὴν
3286 1151 3395 1204 τῶν
3441 1150 3533 1203 τὸν

1942 1245 2189 1318 κάματον
2229 1244 2337 1297 τῶν
2395 1243 2664 1315 αἱρέσεων
2718 1243 2809 1296 διὰ
2850 1241 2948 1313 τῆς
2989 1241 3347 1311 ἀναγνώσεως
3391 1240 3534 1294 διελ-

1942 1337 2180 1402 θόντων,
2230 1338 2319 1405 ὑφ’
2359 1333 2518 1407 ἡμῶν
2565 1334 2685 1405 μετ’
2721 1335 2991 1404 ἐπιτομῆς
3039 1331 3134 1386 τοῦ
3162 1333 3354 1401 λόγου,
3389 1333 3533 1385 κατά

1940 1428 2040 1501 τὴν
2091 1428 2199 1482 τῶν
2245 1425 2563 1482 ἀποστόλων
2602 1424 2983 1493 διδασκαλίαν,
3020 1424 3212 1494 σαφῶς
3246 1422 3530 1492 ἀπαγγελ-

1941 1517 2115 1576 θεῖσα.

248 1608 618 1675 apostolorum
644 1612 934 1684 disciplina
963 1624 1223 1672 accurate
1249 1631 1314 1671 ac
1369 1617 1658 1687 perspicue
1679 1616 1827 1671 brevi
1866 1614 2102 1685 quodam
2134 1620 2219 1670 est
2277 1611 2605 1683 compendio
2651 1610 2931 1681 subjecta;
2962 1610 3055 1665 ~uti
3081 1625 3145 1666 ea
3191 1626 3253 1666 re
3307 1610 3529 1665 illorum

247 1712 565 1759 recreentur
595 1723 660 1762 ac
688 1709 1007 1765 reﬁciantur
1028 1712 1217 1775 animi,
1246 1711 1341 1781 qui
1370 1708 1516 1766 hunc
1542 1713 1824 1767 haereseon
1864 1708 2357 1780 percurrendarum
2384 1707 2626 1762 laborem
2663 1707 3026 1775 susceperint.

318 1797 359 1851 1.
396 1796 571 1856 Porro
599 1817 698 1857 vos
726 1817 941 1868 omnes,
989 1804 1342 1861 honestarum
1380 1822 1563 1863 rerum
1594 1806 1823 1864 studiosi

2003 1807 2082 1859 A'.
2117 1803 2517 1875 Παρακλήθητε
2559 1800 2638 1869 δὲ,
2677 1800 2879 1864 πάντες
2912 1801 2961 1853 οί
2995 1797 3303 1868 φιλοκάλως
3332 1799 3528 1866 ὲντυγυ

144 1962 157 1983 ἱ
247 1884 505 1951 lectores,
538 1898 757 1960 rogatos
786 1892 1061 1959 volumus,
1102 1902 1226 1949 utet
1242 1894 1567 1963 prooemium
1601 1897 1783 1966 ipsum
1806 1938 1821 1961 ,

246 1984 301 2029 et
324 1977 734 2048 insequentium
768 1981 1049 2038 haereseon
1083 1984 1504 2054 expositionem,
1537 1999 1602 2039 ac
1630 1986 1827 2040 verita-

246 2068 317 2123 tis
349 2070 768 2142 professionem,
800 2081 853 2130 et
884 2074 1215 2141 doctrinam,
1265 2092 1331 2132 ac
1380 2085 1584 2133 sancta:
1640 2084 1695 2133 et
1738 2093 1830 2132 ca-

241 2161 463 2217 tholicae
492 2162 751 2219 Ecclesia
778 2164 938 2221 fidem
974 2181 1005 2220 a
1040 2167 1201 2222 nobis
1254 2182 1571 2237 expressam
1598 2183 1826 2239 percur-

240 2260 449 2319 rentes,
486 2256 805 2313 condonare
841 2259 1043 2325 velitis,
1075 2267 1265 2330 utpote
1301 2260 1640 2326 hominibus,
1677 2270 1731 2317 et
1754 2263 1828 2316 ita

240 2346 592 2415 potissimum
628 2347 863 2414 affectis,
901 2360 959 2405 ut
988 2366 1113 2405 eum
1149 2353 1357 2417 labore,
1394 2368 1459 2407 ac
1491 2352 1676 2409 divino
1710 2355 1828 2410 zelo

238 2435 462 2504 pietatis
488 2446 674 2507 partes
698 2455 1045 2511 propugnare
1067 2457 1334 2498 conemur
1376 2459 1388 2495 :
1418 2444 1554 2498 illud
1586 2460 1826 2514 unquam

240 2526 564 2595 ignoscatis,
601 2530 649 2585 si
681 2531 813 2599 quid
865 2533 1028 2601 paulo
1057 2534 1295 2602 amplius
1351 2550 1416 2589 ac
1474 2535 1827 2605 praestantius

140 2618 151 2629 '
242 2616 310 2669 ad
337 2618 676 2674 sanctissimi
709 2628 763 2675 et
791 2622 940 2677 omni
995 2626 1348 2680 veneratione
1377 2624 1690 2695 dignissimi
1725 2642 1827 2696 pa-

240 2709 535 2764 trociniutn
586 2713 827 2769 nominis
876 2730 1149 2787 usurpare
1196 2716 1400 2771 divinis
1437 2717 1559 2773 freti
1616 2719 1827 2775 viribus

240 2802 361 2857 ausi
394 2802 693 2873 fuerimus,
740 2806 977 2878 idipsum
1018 2809 1357 2865 concedente
1389 2809 1534 2875 Deo,
1568 2811 1841 2883 quando:

237 2894 458 2961 quidem
482 2909 568 2959 ea,
587 2912 708 2967 quae
736 2896 1047 2956 facultatem
1072 2912 1318 2957 nostram
1348 2912 1631 2972 superant,
1653 2905 1828 2975 inqui-

238 2986 436 3041 rimus.
494 2986 630 3042 Nam
674 2997 730 3044 et
783 3006 885 3062 pro
933 2994 1159 3050 veritate
1210 2996 1388 3050 oratio
1426 2996 1565 3062 ista,
1617 3006 1672 3051 et
1724 3011 1826 3066 pro

240 3074 442 3145 pietate
471 3078 785 3135 lucubratio
832 3084 1160 3154 suscipitur.
1194 3085 1278 3140 Ad
1333 3085 1447 3141 haec
1470 3086 1826 3143 vehementer

238 3181 269 3219 a
294 3167 451 3223 vobis
482 3172 725 3239 postulo,
776 3181 836 3227 ut
866 3175 913 3229 si
940 3175 1073 3245 quid
1126 3175 1268 3233 forte
1298 3179 1587 3248 reperiatis
1626 3181 1824 3250 (quan-

1933 1898 2189 1970 χάνοντες
2218 1896 2298 1967 τῷ
2333 1912 2395 1948 τε
2426 1893 2701 1966 προοιμίῳ
2743 1893 2838 1946 καὶ
2882 1891 3000 1956 ταῖς
3043 1891 3342 1962 μετέπειτα
3369 1879 3529 1963 αἱρέο

1935 2006 2072 2052 σεσι,
2112 1988 2206 2042 καὶ
2235 1986 2301 2058 τῇ
2347 1986 2476 2058 περὶ
2508 1982 2768 2056 ἀληθείας
2823 1980 3089 2054 ἀπολογίᾳ
3119 1999 3181 2035 τε
3213 1984 3307 2035 καὶ
3339 1982 3527 2035 διδασ-

1930 2080 2094 2150 καλίᾳ
2123 2078 2223 2149 τῆς
2250 2076 2529 2148 ἀληθείας,
2562 2074 2656 2129 καὶ
2686 2075 2868 2127 πίστει
2901 2072 3001 2143 τῆς
3035 2070 3198 2141 ἁγίας
3229 2072 3529 2143 καθολικῆς

1942 2166 2292 2241 Ἐκκλησίας,
2350 2167 2658 2237 συγγνῶναι
2710 2166 2842 2237 ἡμῖν
2890 2164 3203 2237 ἀνθρώποις
3239 2160 3405 2229 οῦσι,’
3430 2166 3529 2219 καί

1931 2262 2070 2331 μετὰ
2120 2260 2285 2314 πόνου
2318 2259 2416 2311 καὶ
2447 2258 2607 2329 ζήλου
2652 2256 2837 2309 θεῖκοῦ
2874 2254 3350 2326 φιλοτιμουμένοις
3385 2255 3528 2327 ὑπὲρ

1928 2350 2240 2413 θεοσεϐείας
2275 2334 2682 2416 ἀπολογείσθαι,
2717 2346 2819 2419 [εἰς
2851 2345 2903 2419 ὃ]
2931 2348 2985 2400 εί
3011 2366 3063 2400 τι
3095 2346 3407 2417 ὑπέρογκον
3446 2349 3527 2409 είς

1927 2443 2060 2495 αὐτὸ
2093 2443 2153 2495 τὸ
2187 2442 2452 2510 πανάγιον
2509 2440 2605 2494 καὶ
2658 2439 3067 2511 πανσεὸάσμιον
3098 2439 3268 2511 ὄνομα
3301 2439 3526 2510 θελήσο-

1931 2550 2031 2603 μεν
2093 2531 2234 2586 κατά
2292 2531 2391 2603 τὴν
2444 2530 2521 2602 (2)
2573 2529 2739 2599 ἁγίαν
2795 2526 3026 2600 δύναμιν
3088 2529 3527 2601 ὑπεραπολογεί-

1930 2625 2075 2687 σθαι,
2113 2626 2209 2678 τοῦ
2244 2624 2381 2678 Θεοῦ
2418 2622 2830 2695 συγχωροῦντος
2856 2623 2926 2676 τά
2960 2620 3100 2696 ὑπὲρ
3117 2623 3350 2690 δύναμιν
3388 2624 3528 2692 ἡμῖν

1927 2716 2268 2786 ἐκζητοῦσιν,
2304 2716 2493 2785 ἐπειδὴ
2544 2716 2612 2768 δι’
2644 2714 2902 2786 ἀλήθειαν
2960 2717 3093 2786 ἡμῖν
3138 2717 3166 2768 ὁ
3206 2714 3386 2783 λόγος,
3431 2714 3528 2767 καὶ

1925 2808 1992 2861 δι’
2026 2808 2306 2862 εὐσέόειαν
2337 2810 2370 2879 ἡ
2407 2807 2778 2879 πραγματεία.
2832 2807 2943 2861 Καὶ
2973 2806 3054 2860 ἔτι
3107 2804 3524 2879 παρακλήθητε,

1927 2902 2014 2967 ἵν’,
2043 2901 2095 2954 εἴ
2122 2919 2225 2954 που
2259 2900 2492 2972 εὕροιτε,
2522 2900 2726 2973 (καίτοι
2754 2917 2818 2969 γε
2856 2900 2931 2971 μὴ
2973 2899 3033 2953 ὲν
3061 2897 3170 2951 ἔθει
3205 2898 3365 2960 ὄντας
3405 2899 3528 2972 ὲπιτ

1926 2994 2191 3064 σκήπτειν
2212 2992 2385 3056 τινὰς,
2408 2992 2441 3063 ἢ
2469 2987 3001 3063 ὲπισκωμματίζειν)
3028 3014 3038 3024 ·
3072 2990 3162 3045 διὰ
3192 2992 3250 3045 δὲ
3271 2992 3364 3045 τὸν
3387 2992 3525 3062 πρὸς

1923 3083 2021 3147 τὰς
2052 3083 2291 3156 αἱρέσεις
2345 3082 2524 3155 ζῆλον,
2562 3082 2656 3137 καὶ
2694 3082 2774 3147 εἰς
2814 3081 3133 3154 ἀποτροπὴν
3170 3081 3282 3136 τῶν
3329 3084 3524 3150 ὲντυγο

1923 3173 2215 3245 χανόντων,
2267 3174 2422 3227 εἵπου
2474 3174 2905 3246 παροξυνόμενοι
2957 3172 3268 3255 λέξομεν,ἢ
3316 3174 3527 3228 ἀπατεο

237 3272 401 3326 quam
461 3275 574 3315 non
633 3262 765 3318 illud
826 3264 963 3320 adeo
995 3267 1166 3323 moris
1206 3276 1291 3324 est
1324 3269 1505 3335 nobis,
1560 3269 1821 3325 vellicare

1936 3266 2067 3330 Lva'u;
2114 3283 2268 3329 τινας
2312 3264 2629 3330 καλοῦντες,
2655 3263 2688 3335 ἢ
2718 3264 2983 3335 ἀγύρτας,
3016 3265 3048 3335 ἢ
3078 3265 3298 3329 ἀθλίους
3323 3282 3337 3295 σ
3382 3266 3523 3336 αὑτὴ

235 3350 574 3419 quempiam,
609 3362 704 3407 aut
734 3354 787 3408 in
834 3372 959 3411 eum
994 3358 1139 3421 dicta
1159 3360 1386 3432 jacere),
1416 3378 1605 3416 verum
1639 3362 1683 3417 si
1722 3378 1820 3433 pro

239 3438 630 3497 ardentissimo
654 3452 848 3501 nostro
881 3447 1149 3505 adversus
1174 3450 1414 3506 haereses
1443 3450 1647 3511 studio.
1678 3460 1733 3506 et
1762 3460 1823 3506 ut

239 3530 473 3588 lectores
526 3534 596 3588 ab
642 3535 713 3590 iis
760 3536 1167 3607 deterreamus,
1217 3543 1551 3599 concitatius
1614 3543 1821 3614 aliquid

242 3621 548 3680 dixerimus
581 3642 595 3680 :
631 3635 825 3697 utputa
856 3632 901 3685 si
934 3631 1290 3701 impostores,
1326 3634 1689 3689 circulatores
1723 3650 1821 3705 ap-

238 3715 533 3783 pellemus,
567 3719 621 3773 id
651 3723 835 3777 velitis
884 3724 1189 3793 ignoscere.
1248 3724 1383 3779 Nam
1413 3734 1467 3782 et
1496 3728 1614 3797 ipsa
1642 3736 1823 3782 certa-

234 3805 399 3861 minis
447 3822 512 3862 ac
556 3808 949 3880 disputationis
999 3815 1309 3871 necessitas
1363 3816 1636 3886 ejusmodi
1669 3818 1823 3873 labo-

234 3914 348 3953 rem
383 3900 544 3959 nobis
595 3904 894 3975 imposuit,
930 3924 1041 3979 quo
1085 3910 1154 3963 ab
1183 3908 1294 3964 illis
1328 3910 1563 3966 lectores
1622 3924 1815 3965 avoca-

234 3998 451 4060 rentur,
486 4003 653 4067 utque
687 3998 906 4055 illorum
957 4000 1293 4066 functiones,
1319 4002 1583 4073 mysteria
1619 4016 1683 4056 ac
1718 4002 1820 4056 do-

233 4090 416 4147 gmata
447 4083 516 4137 ab
542 4086 797 4141 instituto
844 4095 1037 4143 nostro
1092 4089 1271 4143 aliena
1300 4104 1424 4144 esse
1457 4097 1622 4159 atque
1653 4089 1823 4143 inter-

233 4168 380 4223 dicta
443 4182 723 4230 constaret

1922 3360 2029 3431 γὰρ
2055 3361 2088 3429 ἡ
2109 3360 2320 3428 ἀνάγκη
2340 3362 2372 3428 ἡ
2399 3358 2535 3429 πρὸς
2561 3360 2687 3422 τοὺς
2726 3358 2918 3427 λόγους
2952 3356 3046 3411 τοῦ
3094 3358 3306 3427 ἀγῶνος
3347 3374 3523 3430 παρα.

1923 3450 2180 3515 σκευάζει
2210 3453 2340 3522 ἡμῖν
2377 3451 2469 3503 τὸν
2510 3450 2747 3506 τοιοῦτον
2795 3450 3013 3522 ἱδρῶτα,
3068 3450 3135 3503 δι’
3196 3451 3523 3521 ἀποτροπὴν

1924 3545 2032 3597 τῶν
2083 3543 2543 3614 ἐντυγχανόντων,
2599 3544 2693 3597 καὶ
2742 3544 2892 3607 ὅπως
2947 3545 3197 3616 δείξομεν
3236 3545 3531 3608 παντελῶς.

1922 3636 2377 3707 ἀπηγορευμένας
2415 3635 2508 3689 τοῦ
2550 3636 2819 3709 ἡμετέρου
2854 3639 3202 3709 φρονήματος
3228 3638 3330 3701 τάς
3359 3638 3511 3691 ὲκεί-

1922 3745 2028 3781 νων
2078 3728 2363 3799 ἐργασίας,
2398 3728 2493 3780 καὶ
2532 3731 2831 3801 μυστήρια,
2889 3730 2985 3783 καὶ
3017 3730 3371 3793 διδασκαλίας
3400 3745 3414 3757 '
3454 3731 3523 3784 ἵν’

1920 3816 2029 3872 ἀπὸ
2082 3818 2191 3872 τῶν
2244 3819 2440 3888 λόγων,
2490 3820 2585 3874 καὶ
2626 3822 2725 3891 τῆς
2753 3821 3013 3893 ὀξύτητος
3046 3823 3146 3894 τῆς
3183 3821 3520 3891 ἀντιλογίας,

1922 3908 2018 3961 καὶ
2065 3910 2126 3962 τὸ
2167 3910 2433 3981 ἡμέτερον
2465 3911 2772 3984 ἐλευθέριον
2815 3914 3214 3985 ἀποδείξωμεν,
3241 3915 3337 3968 καί
3366 3931 3523 3977 τινας

1922 3999 2030 4052 ἀπὸ
2064 3999 2174 4053 τῶν
2217 4000 2398 4054 αὐτῶν
2442 4001 2780 4074 ὲκκλίνωμεν
2816 4005 2912 4058 καὶ
2947 4004 3036 4058 διὰ
3075 4005 3186 4059 τῶν
3213 4005 3525 4060 δοκούντων

1927 4088 2242 4162 βαρυτέρων
2265 4090 2461 4160 λόγοιν.

787 4187 1005 4251 :atque
1063 4189 1122 4234 ut
1174 4197 1241 4237 ex
1295 4184 1546 4239 oratione
1592 4184 1734 4253 ipsa,
1785 4191 1841 4238 et
1890 4186 2145 4241 acumine
2195 4187 2579 4256 disputationis
2632 4188 2900 4246 libertatis
2944 4192 3194 4261 ingenuas
3234 4192 3521 4261 specimen

231 4260 521 4317 edercmus
563 4279 576 4315 :
627 4274 740 4319 tum
788 4277 849 4322 ut
895 4269 1131 4339 denique
1181 4272 1377 4342 majori
1435 4275 1528 4328 illa
1578 4274 1873 4329 verborum
1927 4279 2222 4347 asperitate
2273 4278 2486 4349 aliquos
2537 4282 2727 4336 saltem
2782 4283 2852 4338 ab
2908 4260 3128 4339 illorum
3189 4260 3522 4354 contagione

231 4367 425 4405 revoca
434 4368 490 4407 re
529 4368 833 4424 possemus.

308 4438 364 4498 .‘i.
402 4442 535 4511 Quae
558 4447 780 4517 quidem
807 4451 993 4505 omnia
1014 4451 1121 4507 hoc
1151 4454 1205 4509 in
1230 4470 1397 4526 opere
1412 4456 1815 4527 comprehensa

1992 4452 2067 4505 B’.
2091 4451 2200 4505 Kal
2219 4450 2365 4505 ἐστιν
2389 4452 2446 4506 ὲν
2467 4454 2533 4525 τῇ
2557 4453 2703 4526 πάσῃ
2724 4457 3078 4529 πραγματείᾳ
3096 4458 3306 4513 διάτῶν
3330 4479 3522 4534 προει-

230 4536 408 4594 tribus
437 4537 595 4594 libris
625 4541 994 4610 explicantur,
1030 4545 1245 4614 primo,
1297 4547 1543 4603 secundo
1592 4564 1657 4603 ac
1706 4560 1818 4605 ter-

228 4630 328 4685 tio.
365 4631 532 4688 Iidem
569 4646 740 4704 porro
783 4634 911 4692 libri
946 4645 1155 4708 septem
1208 4640 1264 4694 in
1312 4647 1494 4697 tomos
1535 4642 1816 4698 distributi

226 4730 359 4778 sunt
396 4738 411 4776 :
448 4739 689 4795 quorum
743 4724 950 4797 singuli
979 4735 1191 4783 certum
1239 4729 1522 4787 haereseon
1555 4745 1621 4786 ac
1670 4733 1819 4789 schi-

226 4822 465 4871 smatum
496 4832 793 4872 numerum
839 4819 1152 4876 continent.
1195 4818 1330 4888 Quae
1374 4822 1541 4878 simul
1586 4825 1817 4882 collecta

226 4922 367 4962 uxr
413 4909 745 4966 conficiunt-
773 4909 1021 4979 Quorum
1052 4913 1454 4985 appellationes
1487 4915 1571 4971 hae
1599 4927 1729 4972 sunt
1752 4933 1817 4974 ac

226 5000 574 5070 dogmatau,
610 5002 1027 5073 Barbarismus;
1064 5022 1123 5074 ιι,
1155 5004 1538 5079 Scythismus;
1572 5025 1657 5075 ιιι,
1688 5010 1815 5067 Hel-

228 5089 531 5157 lenismus;
568 5108 643 5157 tv,
667 5092 1016 5166 Judaismus;
1071 5114 1129 5165 ν,
1166 5097 1609 5156 Samaritismus.
1642 5102 1727 5157 Ab
1747 5102 1816 5159 iis

227 5180 492 5251 deinceps
552 5182 781 5252 reliquae
828 5197 995 5244 sectae
1052 5188 1457 5260 proﬂuxerunt,
1509 5206 1638 5246 nam
1688 5200 1818 5250 ante

227 5268 436 5326 Christi
472 5268 778 5326 Salvatoris
807 5275 1104 5333 adventum
1122 5287 1248 5351 post
1273 5278 1573 5335 Barbaram
1600 5288 1656 5337 et
1683 5278 1817 5354 Scy-

229 5363 401 5417 thiam
461 5364 907 5436 superstitionem
956 5382 989 5423 e
1044 5367 1238 5426 Graeca
1292 5370 1413 5427 istm
1462 5372 1811 5442 prodierunt.

228 5471 307 5522 γι,
362 5453 864 5527 Pythagoreorum,
900 5457 998 5528 qui
1044 5466 1099 5514 et
1158 5459 1533 5531 Peripatetici,
1589 5473 1815 5521 auctore

230 5546 524 5605 divisionis
554 5548 884 5618 Aristotele;
921 5564 1020 5616 vn,
1045 5549 1488 5620 Platonicorum;
1514 5571 1635 5622 vm,
1667 5554 1817 5613 Stoi-

306 5706 386 5770 H)
422 5705 585 5762 Forte
609 5706 885 5777 δήγματα.
935 5708 1006 5755 (vlt
1044 5706 1168 5758 For.
1208 5706 1392 5763 ξδείαν.
1434 5712 1507 5779 (3)
1534 5711 1594 5767 C.
1624 5715 1778 5787 ἕκτη.

1924 4542 2179 4617 ρημένων
2213 4543 2381 4616 τριῶν
2412 4544 2654 4615 βιϐλίων,
2690 4547 2930 4618 πρώτου,
2976 4550 3071 4602 καὶ
3104 4549 3384 4623 δευτέρου,
3420 4556 3522 4609 καὶ

1921 4638 2106 4708 τρίτου
2126 4653 2139 4665 ·
2166 4636 2323 4690 ἅτινα
2355 4638 2481 4708 τρία
2513 4636 2695 4708 βιϐλία
2720 4642 2799 4703 εἰς
2822 4639 2962 4695 ἑπτὰ
2992 4640 3193 4713 τόμους
3217 4642 3515 4716 διείλομεν.

1934 4728 2024 4781 Ἐν
2054 4727 2111 4780 δὲ
2142 4726 2359 4797 ἑκάστῳ
2408 4728 2560 4799 τόμῳ
2594 4730 2824 4801 ἀριθμός
2851 4748 2937 4795 τις
2966 4733 3235 4801 αἱρέσεων
3268 4736 3366 4788 καὶ
3397 4754 3520 4807 σχι-

1923 4817 2145 4887 σμάτων
2194 4816 2457 4885 ἔγκειται.
2518 4818 2684 4889 Ὀμοῦ
2728 4819 2786 4871 δὲ
2837 4821 2897 4873 αί
2957 4820 3129 4875 πᾶσαί
3175 4825 3315 4877 εἰσιν
3354 4825 3517 4893 ὀγδο-

1920 4908 2160 4979 ήκοντα·
2195 4905 2271 4963 ὢν
2304 4909 2362 4961 αἱ
2404 4909 2691 4980 ὀνομασίαι
2723 4912 2817 4964 καὶ
2856 4910 2913 4966 αἱ
2960 4915 3265 4984 προφάσεις
3308 4913 3514 4972 αὗται·

1920 5000 2118 5074 Πρώτη
2178 5001 2591 5073 Βαρϐαρισμός’
2658 4998 2886 5076 δευτέρα
2947 5004 3292 5078 Σκυθισμός·
3349 5012 3514 5084 τρίτη

1933 5090 2316 5165 Ἑλληνισμός
2353 5093 2592 5165 τετάρτη
2638 5094 3007 5167 ’Ῑουδαῖσμός·
3047 5099 3277 5171 πέμπτη
3322 5101 3518 5173 Σαμα.

1921 5185 2217 5257 ρειτισμός.
2296 5185 2390 5239 Ἐκ
2424 5185 2628 5240 τούτων
2663 5189 2719 5241 αἱ
2781 5187 3051 5261 καθεξῆς·
3108 5191 3216 5263 πρὸ
3267 5192 3514 5265 Χριστοῦ

1922 5276 2020 5346 μὲν
2059 5277 2197 5348 μετὰ
2243 5276 2630 5350 Βαρϐαρισμὸν
2682 5280 2775 5333 καὶ
2812 5280 2911 5352 τὴν
2946 5282 3215 5355 Σκυτικὴν
3246 5284 3514 5340 δεισιδαι-

1922 5366 2109 5437 μονίαν
2133 5371 2191 5421 αἱ
2219 5368 2436 5423 ἀπὸτοῦ
2466 5369 2818 5442 Ἑλληνισμοῦ
2837 5365 3277 5439 φύσασαιαῦται.
3296 5375 3509 5446 (3)*Εξ,

1918 5457 2306 5529 Πυθαγόρειοι,
2349 5459 2525 5513 είτουν
2588 5462 3036 5533 Περιπατητικοὶ,
3081 5464 3169 5518 διὰ
3219 5465 3329 5519 τῶν
3378 5466 3514 5538 περὶ

1933 5547 2307 5619 Ἀριστοτέλην
2326 5548 2685 5620 διαιρεθεῖσα·
2710 5550 2911 5622 ἑϐδόμη
2941 5553 3313 5609 Πλατωνικοί·
3344 5557 3509 5631 ὀγδόη
