  <div class='ocr_page' id='page_1' title='image "/cluster/home/n/w/nwhite01/storage/ocr_20150623/41/mdp.39015008169818/103.png"; bbox 0 0 3960 6134; ppageno 0'>
   <div class='ocr_carea' id='block_1_1' title="bbox 344 266 3607 331">
    <p class='ocr_par' dir='ltr' id='par_1_1' title="bbox 344 266 3607 331">
     <span class='ocr_line' id='line_1_1' title="bbox 344 266 3607 331; baseline -0.002 0"><span class='ocrx_word' id='word_1_1' title='bbox 344 277 447 331; x_wconf 74' lang='grc'>165</span> <span class='ocrx_word' id='word_1_2' title='bbox 1093 268 1433 325; x_wconf 75' lang='lat' dir='ltr'>EPIPHANII</span> <span class='ocrx_word' id='word_1_3' title='bbox 1478 266 1921 325; x_wconf 79' lang='lat' dir='ltr'>RESCRIPTUM</span> <span class='ocrx_word' id='word_1_4' title='bbox 1962 267 2051 323; x_wconf 76' lang='lat' dir='ltr'>AD</span> <span class='ocrx_word' id='word_1_5' title='bbox 2092 268 2392 326; x_wconf 75' lang='lat' dir='ltr'>ACACIUM</span> <span class='ocrx_word' id='word_1_6' title='bbox 2434 268 2519 324; x_wconf 83' lang='lat' dir='ltr'>ET</span> <span class='ocrx_word' id='word_1_7' title='bbox 2559 266 2864 325; x_wconf 70' lang='lat' dir='ltr'><strong>PAl&#39;LUM.</strong></span> <span class='ocrx_word' id='word_1_8' title='bbox 3511 268 3607 326; x_wconf 68' lang='grc' dir='ltr'>ιω</span> 
     </span>
    </p>
   </div>
   <div class='ocr_carea' id='block_1_2' title="bbox 341 403 1917 480">
    <p class='ocr_par' dir='ltr' id='par_1_2' title="bbox 341 405 1917 480">
     <span class='ocr_line' id='line_1_2' title="bbox 341 405 1917 480; baseline -0.007 -8"><span class='ocrx_word' id='word_1_9' title='bbox 341 433 458 480; x_wconf 77' lang='grc' dir='ltr'>ιιν,</span> <span class='ocrx_word' id='word_1_10' title='bbox 493 410 980 468; x_wconf 83' lang='lat' dir='ltr'><strong>Pneumatomachi</strong></span> <span class='ocrx_word' id='word_1_11' title='bbox 1012 410 1130 465; x_wconf 86' lang='lat' dir='ltr'><strong>sive</strong></span> <span class='ocrx_word' id='word_1_12' title='bbox 1178 407 1595 475; x_wconf 76' lang='lat' dir='ltr'><strong>Macedoniam;</strong></span> <span class='ocrx_word' id='word_1_13' title='bbox 1631 417 1687 465; x_wconf 90' lang='lat' dir='ltr'>et</span> <span class='ocrx_word' id='word_1_14' title='bbox 1719 405 1917 463; x_wconf 85' lang='lat' dir='ltr'><strong>Eleusii</strong></span> 
     </span>
    </p>
   </div>
   <div class='ocr_carea' id='block_1_3' title="bbox 2021 403 3607 480">
    <p class='ocr_par' dir='ltr' id='par_1_3' title="bbox 2027 403 3607 477">
     <span class='ocr_line' id='line_1_3' title="bbox 2027 403 3607 477; baseline 0 -19"><span class='ocrx_word' id='word_1_15' title='bbox 2027 407 2122 459; x_wconf 74' lang='grc' dir='ltr'>καὶ</span> <span class='ocrx_word' id='word_1_16' title='bbox 2167 407 2509 460; x_wconf 82' lang='grc' dir='ltr'>Ἀκουανῖται</span> <span class='ocrx_word' id='word_1_17' title='bbox 2534 423 2548 437; x_wconf 90' lang='grc'><strong>·</strong></span> <span class='ocrx_word' id='word_1_18' title='bbox 2579 404 2994 477; x_wconf 83' lang='grc' dir='ltr'>τεσσαρακοστὴ</span> <span class='ocrx_word' id='word_1_19' title='bbox 3029 403 3229 476; x_wconf 79' lang='grc' dir='ltr'>ἑϐδόμη</span> <span class='ocrx_word' id='word_1_20' title='bbox 3278 406 3565 475; x_wconf 75' lang='grc' dir='ltr'>Ἱερακίται</span> <span class='ocrx_word' id='word_1_21' title='bbox 3592 424 3607 437; x_wconf 88' lang='grc'><strong>·</strong></span> 
     </span>
    </p>
   </div>
   <div class='ocr_carea' id='block_1_4' title="bbox 341 496 1917 577">
    <p class='ocr_par' dir='ltr' id='par_1_4' title="bbox 341 498 1917 577">
     <span class='ocr_line' id='line_1_4' title="bbox 341 498 1917 577; baseline -0.006 -12"><span class='ocrx_word' id='word_1_22' title='bbox 341 508 592 577; x_wconf 80' lang='lat' dir='ltr'><strong>discipuli</strong></span> <span class='ocrx_word' id='word_1_23' title='bbox 616 506 707 576; x_wconf 89' lang='lat' dir='ltr'><strong>qui</strong></span> <span class='ocrx_word' id='word_1_24' title='bbox 751 505 805 559; x_wconf 89' lang='lat' dir='ltr'>in</span> <span class='ocrx_word' id='word_1_25' title='bbox 830 510 1080 558; x_wconf 88' lang='lat' dir='ltr'><strong>sanctum</strong></span> <span class='ocrx_word' id='word_1_26' title='bbox 1105 501 1197 558; x_wconf 87' lang='lat' dir='ltr'>Dei</span> <span class='ocrx_word' id='word_1_27' title='bbox 1231 502 1493 571; x_wconf 76' lang='lat' dir='ltr'>Spiritum</span> <span class='ocrx_word' id='word_1_28' title='bbox 1534 498 1917 557; x_wconf 86' lang='lat' dir='ltr'><strong>contumeliosi</strong></span> 
     </span>
    </p>
   </div>
   <div class='ocr_carea' id='block_1_5' title="bbox 2021 496 3610 577">
    <p class='ocr_par' dir='ltr' id='par_1_5' title="bbox 2023 496 3610 570">
     <span class='ocr_line' id='line_1_5' title="bbox 2023 496 3610 570; baseline 0.001 -18"><span class='ocrx_word' id='word_1_29' title='bbox 2023 499 2432 570; x_wconf 86' lang='grc' dir='ltr'>τεσσαρακοστὴ</span> <span class='ocrx_word' id='word_1_30' title='bbox 2460 498 2618 569; x_wconf 81' lang='grc' dir='ltr'><strong>ὀγδόη</strong></span> <span class='ocrx_word' id='word_1_31' title='bbox 2674 496 3027 569; x_wconf 80' lang='grc' dir='ltr'>Μελητιανοὶ,</span> <span class='ocrx_word' id='word_1_32' title='bbox 3063 498 3113 550; x_wconf 88' lang='grc' dir='ltr'>οἱ</span> <span class='ocrx_word' id='word_1_33' title='bbox 3160 499 3283 551; x_wconf 82' lang='grc' dir='ltr'>κατ’</span> <span class='ocrx_word' id='word_1_34' title='bbox 3312 498 3610 567; x_wconf 81' lang='grc' dir='ltr'>Αίγυπτιον</span> 
     </span>
    </p>
   </div>
   <div class='ocr_carea' id='block_1_6' title="bbox 339 587 1921 664">
    <p class='ocr_par' dir='ltr' id='par_1_6' title="bbox 339 587 1921 664">
     <span class='ocr_line' id='line_1_6' title="bbox 339 587 1921 664; baseline -0.008 -10"><span class='ocrx_word' id='word_1_35' title='bbox 339 607 485 663; x_wconf 81' lang='lat' dir='ltr'><strong>sunt;</strong></span> <span class='ocrx_word' id='word_1_36' title='bbox 500 613 585 657; x_wconf 84' lang='lat' dir='ltr'><strong>Lv,</strong></span> <span class='ocrx_word' id='word_1_37' title='bbox 602 592 815 648; x_wconf 80' lang='lat' dir='ltr'><strong>Aeriaui</strong></span> <span class='ocrx_word' id='word_1_38' title='bbox 834 592 910 664; x_wconf 85' lang='lat' dir='ltr'>[et</span> <span class='ocrx_word' id='word_1_39' title='bbox 928 591 1123 646; x_wconf 85' lang='lat' dir='ltr'><strong>Eleusii</strong></span> <span class='ocrx_word' id='word_1_40' title='bbox 1142 587 1435 662; x_wconf 84' lang='lat' dir='ltr'><strong>discipuli];</strong></span> <span class='ocrx_word' id='word_1_41' title='bbox 1452 604 1560 655; x_wconf 77' lang='lat' dir='ltr'>LVI,</span> <span class='ocrx_word' id='word_1_42' title='bbox 1577 588 1808 654; x_wconf 83' lang='lat' dir='ltr'><strong>Aetiani,</strong></span> <span class='ocrx_word' id='word_1_43' title='bbox 1827 587 1921 658; x_wconf 88' lang='lat' dir='ltr'>qui</span> 
     </span>
    </p>
   </div>
   <div class='ocr_carea' id='block_1_7' title="bbox 338 678 1923 756">
    <p class='ocr_par' dir='ltr' id='par_1_7' title="bbox 338 678 1923 756">
     <span class='ocr_line' id='line_1_7' title="bbox 338 678 1923 756; baseline -0.007 -11"><span class='ocrx_word' id='word_1_44' title='bbox 338 690 677 750; x_wconf 70' lang='lat' dir='ltr'><strong>etAnomoei,</strong></span> <span class='ocrx_word' id='word_1_45' title='bbox 700 685 904 756; x_wconf 88' lang='lat' dir='ltr'><strong>quibus</strong></span> <span class='ocrx_word' id='word_1_46' title='bbox 931 683 1247 752; x_wconf 84' lang='lat' dir='ltr'><strong>adjungitur</strong></span> <span class='ocrx_word' id='word_1_47' title='bbox 1274 680 1617 748; x_wconf 78' lang='lat' dir='ltr'><strong>Ennomiu‘s;</strong></span> <span class='ocrx_word' id='word_1_48' title='bbox 1659 695 1791 745; x_wconf 84' lang='lat' dir='ltr'><strong>Lvu,</strong></span> <span class='ocrx_word' id='word_1_49' title='bbox 1831 678 1923 734; x_wconf 87' lang='lat' dir='ltr'>Di-</span> 
     </span>
    </p>
   </div>
   <div class='ocr_carea' id='block_1_8' title="bbox 336 771 1921 848">
    <p class='ocr_par' dir='ltr' id='par_1_8' title="bbox 336 771 1921 848">
     <span class='ocr_line' id='line_1_8' title="bbox 336 771 1921 848; baseline -0.006 -13"><span class='ocrx_word' id='word_1_50' title='bbox 336 778 683 848; x_wconf 70' lang='lat' dir='ltr'><strong>nimritzr,qui</strong></span> <span class='ocrx_word' id='word_1_51' title='bbox 705 776 1000 847; x_wconf 81' lang='lat' dir='ltr'><strong>perfectam</strong></span> <span class='ocrx_word' id='word_1_52' title='bbox 1019 774 1223 829; x_wconf 87' lang='lat' dir='ltr'><strong>Christi</strong></span> <span class='ocrx_word' id='word_1_53' title='bbox 1243 773 1676 829; x_wconf 86' lang='lat' dir='ltr'><strong>lncarnatiouem</strong></span> <span class='ocrx_word' id='word_1_54' title='bbox 1697 771 1921 826; x_wconf 89' lang='lat' dir='ltr'><strong>minime</strong></span> 
     </span>
    </p>
   </div>
   <div class='ocr_carea' id='block_1_9' title="bbox 337 863 1917 937">
    <p class='ocr_par' dir='ltr' id='par_1_9' title="bbox 337 863 1917 937">
     <span class='ocr_line' id='line_1_9' title="bbox 337 863 1917 937; baseline -0.006 -11"><span class='ocrx_word' id='word_1_55' title='bbox 337 872 691 930; x_wconf 79' lang='lat' dir='ltr'><strong>contlteutur,</strong></span> <span class='ocrx_word' id='word_1_56' title='bbox 717 868 810 937; x_wconf 88' lang='lat' dir='ltr'>qui</span> <span class='ocrx_word' id='word_1_57' title='bbox 836 875 890 921; x_wconf 88' lang='lat' dir='ltr'>et</span> <span class='ocrx_word' id='word_1_58' title='bbox 927 864 1332 936; x_wconf 71' lang='lat' dir='ltr'><strong>Apollinaristaa</strong></span> <span class='ocrx_word' id='word_1_59' title='bbox 1373 863 1763 928; x_wconf 90' lang='lat' dir='ltr'><strong>nominantur;</strong></span> <span class='ocrx_word' id='word_1_60' title='bbox 1786 876 1917 916; x_wconf 84' lang='lat' dir='ltr'><strong>Lvnt</strong></span> 
     </span>
    </p>
   </div>
   <div class='ocr_carea' id='block_1_10' title="bbox 336 957 1915 1033">
    <p class='ocr_par' dir='ltr' id='par_1_10' title="bbox 336 957 1915 1033">
     <span class='ocr_line' id='line_1_10' title="bbox 336 957 1915 1033; baseline -0.007 -14"><span class='ocrx_word' id='word_1_61' title='bbox 336 979 550 1026; x_wconf 88' lang='lat' dir='ltr'><strong>eorum,</strong></span> <span class='ocrx_word' id='word_1_62' title='bbox 584 963 676 1033; x_wconf 91' lang='lat' dir='ltr'>qui</span> <span class='ocrx_word' id='word_1_63' title='bbox 738 960 964 1014; x_wconf 76' lang='lat' dir='ltr'><strong>ﬂariam</strong></span> <span class='ocrx_word' id='word_1_64' title='bbox 1019 970 1236 1028; x_wconf 81' lang='lat' dir='ltr'><strong>semper</strong></span> <span class='ocrx_word' id='word_1_65' title='bbox 1275 957 1564 1027; x_wconf 77' lang='lat' dir='ltr'><strong>virginem,</strong></span> <span class='ocrx_word' id='word_1_66' title='bbox 1624 962 1915 1025; x_wconf 80' lang='lat' dir='ltr'><strong>postquam</strong></span> 
     </span>
    </p>
   </div>
   <div class='ocr_carea' id='block_1_11' title="bbox 341 1044 1911 1123">
    <p class='ocr_par' dir='ltr' id='par_1_11' title="bbox 341 1044 1911 1123">
     <span class='ocr_line' id='line_1_11' title="bbox 341 1044 1911 1123; baseline -0.005 -13"><span class='ocrx_word' id='word_1_67' title='bbox 341 1053 678 1110; x_wconf 85' lang='lat' dir='ltr'><strong>Salvatorem</strong></span> <span class='ocrx_word' id='word_1_68' title='bbox 720 1054 927 1123; x_wconf 77' lang='lat' dir='ltr'><strong>genuit,</strong></span> <span class='ocrx_word' id='word_1_69' title='bbox 966 1064 1090 1105; x_wconf 88' lang='lat' dir='ltr'>cum</span> <span class='ocrx_word' id='word_1_70' title='bbox 1128 1050 1369 1119; x_wconf 85' lang='lat' dir='ltr'><strong>Josepho</strong></span> <span class='ocrx_word' id='word_1_71' title='bbox 1424 1048 1779 1104; x_wconf 85' lang='lat' dir='ltr'><strong>consuevisse</strong></span> <span class='ocrx_word' id='word_1_72' title='bbox 1833 1044 1911 1102; x_wconf 87' lang='lat' dir='ltr'><strong>di-</strong></span> 
     </span>
    </p>
   </div>
   <div class='ocr_carea' id='block_1_12' title="bbox 338 1140 1912 1215">
    <p class='ocr_par' dir='ltr' id='par_1_12' title="bbox 338 1140 1912 1215">
     <span class='ocr_line' id='line_1_12' title="bbox 338 1140 1912 1215; baseline -0.006 -12"><span class='ocrx_word' id='word_1_73' title='bbox 338 1158 491 1211; x_wconf 84' lang='lat' dir='ltr'><strong>cunt,</strong></span> <span class='ocrx_word' id='word_1_74' title='bbox 553 1162 694 1215; x_wconf 83' lang='lat' dir='ltr'><strong>quos</strong></span> <span class='ocrx_word' id='word_1_75' title='bbox 752 1142 1337 1198; x_wconf 83' lang='lat' dir='ltr'><strong>Antidicomarianitas</strong></span> <span class='ocrx_word' id='word_1_76' title='bbox 1377 1140 1757 1210; x_wconf 78' lang='lat' dir='ltr'>appellamus;</span> <span class='ocrx_word' id='word_1_77' title='bbox 1794 1153 1912 1206; x_wconf 74' lang='lat' dir='ltr'>LIX,</span> 
     </span>
    </p>
   </div>
   <div class='ocr_carea' id='block_1_13' title="bbox 336 1231 1909 1307">
    <p class='ocr_par' dir='ltr' id='par_1_13' title="bbox 336 1231 1909 1307">
     <span class='ocr_line' id='line_1_13' title="bbox 336 1231 1909 1307; baseline -0.005 -13"><span class='ocrx_word' id='word_1_78' title='bbox 336 1255 549 1301; x_wconf 89' lang='lat' dir='ltr'><strong>eorum,</strong></span> <span class='ocrx_word' id='word_1_79' title='bbox 586 1239 677 1307; x_wconf 89' lang='lat' dir='ltr'>qui</span> <span class='ocrx_word' id='word_1_80' title='bbox 709 1239 763 1290; x_wconf 88' lang='lat' dir='ltr'>in</span> <span class='ocrx_word' id='word_1_81' title='bbox 817 1251 1018 1290; x_wconf 87' lang='lat' dir='ltr'><strong>nomen</strong></span> <span class='ocrx_word' id='word_1_82' title='bbox 1052 1233 1297 1303; x_wconf 77' lang='lat' dir='ltr'><strong>ejusdem</strong></span> <span class='ocrx_word' id='word_1_83' title='bbox 1353 1233 1537 1287; x_wconf 68' lang='lat' dir='ltr'><strong>Mariae</strong></span> <span class='ocrx_word' id='word_1_84' title='bbox 1588 1231 1909 1304; x_wconf 84' lang='lat' dir='ltr'><strong>collyridem</strong></span> 
     </span>
    </p>
   </div>
   <div class='ocr_carea' id='block_1_14' title="bbox 335 1326 1908 1401">
    <p class='ocr_par' dir='ltr' id='par_1_14' title="bbox 335 1326 1908 1401">
     <span class='ocr_line' id='line_1_14' title="bbox 335 1326 1908 1401; baseline -0.006 -14"><span class='ocrx_word' id='word_1_85' title='bbox 335 1332 592 1392; x_wconf 72' lang='lat' dir='ltr'><strong>oll‘erunt.</strong></span> <span class='ocrx_word' id='word_1_86' title='bbox 628 1339 681 1384; x_wconf 85' lang='lat' dir='ltr'>ct</span> <span class='ocrx_word' id='word_1_87' title='bbox 702 1328 1060 1401; x_wconf 84' lang='lat' dir='ltr'><strong>Collyridiani</strong></span> <span class='ocrx_word' id='word_1_88' title='bbox 1091 1336 1397 1393; x_wconf 84' lang='lat' dir='ltr'><strong>vocantur;</strong></span> <span class='ocrx_word' id='word_1_89' title='bbox 1448 1343 1547 1397; x_wconf 73' lang='grc' dir='ltr'>ιιι,</span> <span class='ocrx_word' id='word_1_90' title='bbox 1569 1326 1908 1391; x_wconf 81' lang='lat' dir='ltr'><strong>Massaliani,</strong></span> 
     </span>
    </p>
   </div>
   <div class='ocr_carea' id='block_1_15' title="bbox 336 1417 1910 1490">
    <p class='ocr_par' dir='ltr' id='par_1_15' title="bbox 336 1417 1910 1490">
     <span class='ocr_line' id='line_1_15' title="bbox 336 1417 1910 1490; baseline -0.004 -15"><span class='ocrx_word' id='word_1_91' title='bbox 336 1422 401 1475; x_wconf 85' lang='lat' dir='ltr'>ad</span> <span class='ocrx_word' id='word_1_92' title='bbox 435 1437 571 1490; x_wconf 87' lang='lat' dir='ltr'><strong>quos</strong></span> <span class='ocrx_word' id='word_1_93' title='bbox 599 1420 974 1490; x_wconf 74' lang='lat' dir='ltr'><strong>adjunguutur</strong></span> <span class='ocrx_word' id='word_1_94' title='bbox 991 1417 1331 1490; x_wconf 81' lang='lat' dir='ltr'><strong>Martyriani,</strong></span> <span class='ocrx_word' id='word_1_95' title='bbox 1364 1434 1395 1474; x_wconf 87' lang='lat' dir='ltr'>e</span> <span class='ocrx_word' id='word_1_96' title='bbox 1424 1419 1708 1490; x_wconf 73' lang='lat' dir='ltr'><strong>gentilium</strong></span> <span class='ocrx_word' id='word_1_97' title='bbox 1736 1424 1910 1481; x_wconf 87' lang='lat' dir='ltr'><strong>secta,</strong></span> 
     </span>
    </p>
   </div>
   <div class='ocr_carea' id='block_1_16' title="bbox 333 1510 1167 1583">
    <p class='ocr_par' dir='ltr' id='par_1_16' title="bbox 333 1510 1167 1583">
     <span class='ocr_line' id='line_1_16' title="bbox 333 1510 1167 1583; baseline -0.005 -15"><span class='ocrx_word' id='word_1_98' title='bbox 333 1523 387 1568; x_wconf 84' lang='lat' dir='ltr'>et</span> <span class='ocrx_word' id='word_1_99' title='bbox 421 1513 776 1583; x_wconf 70' lang='lat' dir='ltr'><strong>Euplieinitze,</strong></span> <span class='ocrx_word' id='word_1_100' title='bbox 814 1526 877 1566; x_wconf 88' lang='lat' dir='ltr'>ac</span> <span class='ocrx_word' id='word_1_101' title='bbox 904 1510 1167 1565; x_wconf 89' lang='lat' dir='ltr'><strong>Satanici.</strong></span> 
     </span>
    </p>
   </div>
   <div class='ocr_carea' id='block_1_17' title="bbox 2024 588 3610 662">
    <p class='ocr_par' dir='ltr' id='par_1_17' title="bbox 2024 588 3610 662">
     <span class='ocr_line' id='line_1_17' title="bbox 2024 588 3610 662; baseline 0.003 -19"><span class='ocrx_word' id='word_1_102' title='bbox 2024 591 2229 661; x_wconf 79' lang='grc' dir='ltr'><strong>σχίσμα</strong></span> <span class='ocrx_word' id='word_1_103' title='bbox 2277 589 2458 654; x_wconf 77' lang='grc' dir='ltr'>ὄντες·</span> <span class='ocrx_word' id='word_1_104' title='bbox 2484 588 2898 661; x_wconf 86' lang='grc' dir='ltr'>τεσσαρακοστὴ</span> <span class='ocrx_word' id='word_1_105' title='bbox 2944 589 3141 661; x_wconf 84' lang='grc' dir='ltr'>ὲννάτη</span> <span class='ocrx_word' id='word_1_106' title='bbox 3198 590 3497 662; x_wconf 81' lang='grc' dir='ltr'>Ἀρειαναὶ,</span> <span class='ocrx_word' id='word_1_107' title='bbox 3556 594 3610 647; x_wconf 81' lang='grc' dir='ltr'>οἱ</span> 
     </span>
    </p>
   </div>
   <div class='ocr_carea' id='block_1_18' title="bbox 2024 680 3607 753">
    <p class='ocr_par' dir='ltr' id='par_1_18' title="bbox 2024 680 3607 753">
     <span class='ocr_line' id='line_1_18' title="bbox 2024 680 3607 753; baseline -0.001 -17"><span class='ocrx_word' id='word_1_108' title='bbox 2024 683 2119 736; x_wconf 73' lang='grc' dir='ltr'>καὶ</span> <span class='ocrx_word' id='word_1_109' title='bbox 2154 682 2211 735; x_wconf 77' lang='grc' dir='ltr'>Ἀ</span> <span class='ocrx_word' id='word_1_110' title='bbox 2222 682 2560 753; x_wconf 86' lang='grc' dir='ltr'>ρειομανῖται</span> <span class='ocrx_word' id='word_1_111' title='bbox 2579 698 2592 711; x_wconf 87' lang='grc'><strong>·</strong></span> <span class='ocrx_word' id='word_1_112' title='bbox 2622 680 2969 752; x_wconf 80' lang='grc' dir='ltr'>πεντηκοστὴ</span> <span class='ocrx_word' id='word_1_113' title='bbox 2992 680 3267 734; x_wconf 79' lang='grc' dir='ltr'>Αὑδιανῶν</span> <span class='ocrx_word' id='word_1_114' title='bbox 3287 681 3349 733; x_wconf 80' lang='grc' dir='ltr'>τὸ</span> <span class='ocrx_word' id='word_1_115' title='bbox 3371 682 3576 753; x_wconf 80' lang='grc' dir='ltr'>σχίσμα</span> <span class='ocrx_word' id='word_1_116' title='bbox 3593 702 3607 715; x_wconf 76' lang='grc' dir='ltr'><strong>ο</strong></span> 
     </span>
    </p>
   </div>
   <div class='ocr_carea' id='block_1_19' title="bbox 2023 771 3611 853">
    <p class='ocr_par' dir='ltr' id='par_1_19' title="bbox 2023 771 3611 853">
     <span class='ocr_line' id='line_1_19' title="bbox 2023 771 3611 853; baseline 0.002 -27"><span class='ocrx_word' id='word_1_117' title='bbox 2023 774 2363 853; x_wconf 69' lang='grc' dir='ltr'>πεντηκοστὴ</span> <span class='ocrx_word' id='word_1_118' title='bbox 2391 771 2582 844; x_wconf 89' lang='grc' dir='ltr'>πρώτη</span> <span class='ocrx_word' id='word_1_119' title='bbox 2602 773 2948 827; x_wconf 75' lang='grc' dir='ltr'>Φωτεινιανοί</span> <span class='ocrx_word' id='word_1_120' title='bbox 2968 790 2983 804; x_wconf 91' lang='grc'><strong>·</strong></span> <span class='ocrx_word' id='word_1_121' title='bbox 3012 772 3355 845; x_wconf 84' lang='grc' dir='ltr'>πεντηκοστὴ</span> <span class='ocrx_word' id='word_1_122' title='bbox 3378 774 3611 846; x_wconf 87' lang='grc' dir='ltr'>δευτέρα</span> 
     </span>
    </p>
   </div>
   <div class='ocr_carea' id='block_1_20' title="bbox 2023 863 3613 936">
    <p class='ocr_par' dir='ltr' id='par_1_20' title="bbox 2023 863 3613 936">
     <span class='ocr_line' id='line_1_20' title="bbox 2023 863 3613 936; baseline 0 -17"><span class='ocrx_word' id='word_1_123' title='bbox 2023 864 2424 935; x_wconf 79' lang='grc' dir='ltr'>Μαρκελλιανοί</span> <span class='ocrx_word' id='word_1_124' title='bbox 2442 882 2455 894; x_wconf 90' lang='grc'>·</span> <span class='ocrx_word' id='word_1_125' title='bbox 2504 863 2846 935; x_wconf 82' lang='grc' dir='ltr'>πεντηκοστὴ</span> <span class='ocrx_word' id='word_1_126' title='bbox 2865 864 3025 935; x_wconf 88' lang='grc' dir='ltr'>τρίτη</span> <span class='ocrx_word' id='word_1_127' title='bbox 3041 864 3350 936; x_wconf 81' lang='grc' dir='ltr'>Ἦμιάρειοι</span> <span class='ocrx_word' id='word_1_128' title='bbox 3370 882 3381 893; x_wconf 89' lang='grc'><strong>·</strong></span> <span class='ocrx_word' id='word_1_129' title='bbox 3410 883 3613 936; x_wconf 80' lang='grc' dir='ltr'>πεντη-</span> 
     </span>
    </p>
   </div>
   <div class='ocr_carea' id='block_1_21' title="bbox 2022 955 3610 1028">
    <p class='ocr_par' dir='ltr' id='par_1_21' title="bbox 2022 955 3610 1028">
     <span class='ocr_line' id='line_1_21' title="bbox 2022 955 3610 1028; baseline 0 -19"><span class='ocrx_word' id='word_1_130' title='bbox 2022 955 2190 1027; x_wconf 90' lang='grc' dir='ltr'>κοστὴ</span> <span class='ocrx_word' id='word_1_131' title='bbox 2207 955 2441 1028; x_wconf 84' lang='grc' dir='ltr'>τετάρτη</span> <span class='ocrx_word' id='word_1_132' title='bbox 2470 955 2947 1027; x_wconf 80' lang='grc' dir='ltr'>Πνευματομάχοι.</span> <span class='ocrx_word' id='word_1_133' title='bbox 2972 956 3022 1008; x_wconf 91' lang='grc' dir='ltr'>οἱ</span> <span class='ocrx_word' id='word_1_134' title='bbox 3065 955 3161 1009; x_wconf 78' lang='grc' dir='ltr'>καὶ</span> <span class='ocrx_word' id='word_1_135' title='bbox 3196 956 3610 1019; x_wconf 78' lang='grc' dir='ltr'>Μακεδονιανοὶ,</span> 
     </span>
    </p>
   </div>
   <div class='ocr_carea' id='block_1_22' title="bbox 2020 1046 3613 1119">
    <p class='ocr_par' dir='ltr' id='par_1_22' title="bbox 2020 1046 3613 1119">
     <span class='ocr_line' id='line_1_22' title="bbox 2020 1046 3613 1119; baseline -0.001 -17"><span class='ocrx_word' id='word_1_136' title='bbox 2020 1049 2115 1102; x_wconf 74' lang='grc' dir='ltr'>καὶ</span> <span class='ocrx_word' id='word_1_137' title='bbox 2160 1049 2434 1102; x_wconf 84' lang='grc' dir='ltr'>Ἐλευσίου</span> <span class='ocrx_word' id='word_1_138' title='bbox 2468 1047 2794 1119; x_wconf 74' lang='grc' dir='ltr'>μαθηταὶ,οἱ</span> <span class='ocrx_word' id='word_1_139' title='bbox 2821 1047 2882 1101; x_wconf 72' lang='grc' dir='ltr'>τὸ</span> <span class='ocrx_word' id='word_1_140' title='bbox 2903 1048 3055 1116; x_wconf 72' lang='grc' dir='ltr'>ἅγιον</span> <span class='ocrx_word' id='word_1_141' title='bbox 3083 1046 3176 1101; x_wconf 86' lang='grc' dir='ltr'>τοῦ</span> <span class='ocrx_word' id='word_1_142' title='bbox 3210 1046 3345 1100; x_wconf 88' lang='grc' dir='ltr'>Θεοῦ</span> <span class='ocrx_word' id='word_1_143' title='bbox 3383 1048 3613 1118; x_wconf 77' lang='grc' dir='ltr'>Πνεῦμα</span> 
     </span>
    </p>
   </div>
   <div class='ocr_carea' id='block_1_23' title="bbox 2019 1136 3616 1212">
    <p class='ocr_par' dir='ltr' id='par_1_23' title="bbox 2019 1136 3616 1212">
     <span class='ocr_line' id='line_1_23' title="bbox 2019 1136 3616 1212; baseline 0 -19"><span class='ocrx_word' id='word_1_144' title='bbox 2019 1136 2506 1212; x_wconf 77' lang='grc' dir='ltr'>βλασφημοῦντες’</span> <span class='ocrx_word' id='word_1_145' title='bbox 2563 1138 2905 1211; x_wconf 80' lang='grc' dir='ltr'>πεντηκοστὴ</span> <span class='ocrx_word' id='word_1_146' title='bbox 2983 1139 3249 1210; x_wconf 85' lang='grc' dir='ltr'>πέμπτη,</span> <span class='ocrx_word' id='word_1_147' title='bbox 3340 1141 3616 1212; x_wconf 76' lang='grc' dir='ltr'>Ἀεριανοὶ</span> 
     </span>
    </p>
   </div>
   <div class='ocr_carea' id='block_1_24' title="bbox 2019 1230 3612 1306">
    <p class='ocr_par' dir='ltr' id='par_1_24' title="bbox 2019 1230 3612 1306">
     <span class='ocr_line' id='line_1_24' title="bbox 2019 1230 3612 1306; baseline -0.002 -19"><span class='ocrx_word' id='word_1_148' title='bbox 2019 1231 2138 1306; x_wconf 75' lang='grc' dir='ltr'>[καὶ</span> <span class='ocrx_word' id='word_1_149' title='bbox 2164 1234 2436 1286; x_wconf 82' lang='grc' dir='ltr'>Ἐλευσίου</span> <span class='ocrx_word' id='word_1_150' title='bbox 2458 1231 2719 1304; x_wconf 80' lang='grc' dir='ltr'>μαθηταί]</span> <span class='ocrx_word' id='word_1_151' title='bbox 2740 1249 2755 1265; x_wconf 78' lang='grc' dir='ltr'><strong><em>ο</em></strong></span> <span class='ocrx_word' id='word_1_152' title='bbox 2784 1230 3129 1303; x_wconf 79' lang='grc' dir='ltr'>πεντηκοστὴ</span> <span class='ocrx_word' id='word_1_153' title='bbox 3155 1231 3289 1303; x_wconf 74' lang='grc' dir='ltr'>ἕκτη</span> <span class='ocrx_word' id='word_1_154' title='bbox 3317 1232 3612 1293; x_wconf 74' lang='grc' dir='ltr'>Ἀετιανοὶ,</span> 
     </span>
    </p>
   </div>
   <div class='ocr_carea' id='block_1_25' title="bbox 2017 1319 3613 1395">
    <p class='ocr_par' dir='ltr' id='par_1_25' title="bbox 2017 1319 3613 1395">
     <span class='ocr_line' id='line_1_25' title="bbox 2017 1319 3613 1395; baseline -0.003 -18"><span class='ocrx_word' id='word_1_155' title='bbox 2017 1325 2065 1377; x_wconf 86' lang='grc' dir='ltr'>οἱ</span> <span class='ocrx_word' id='word_1_156' title='bbox 2097 1324 2190 1377; x_wconf 72' lang='grc' dir='ltr'>καὶ</span> <span class='ocrx_word' id='word_1_157' title='bbox 2227 1325 2474 1395; x_wconf 79' lang='grc' dir='ltr'>Ἀνομοι,</span> <span class='ocrx_word' id='word_1_158' title='bbox 2497 1319 2577 1383; x_wconf 76' lang='grc' dir='ltr'>οἷς</span> <span class='ocrx_word' id='word_1_159' title='bbox 2617 1323 2948 1376; x_wconf 81' lang='grc' dir='ltr'>συνάπτεται</span> <span class='ocrx_word' id='word_1_160' title='bbox 3000 1321 3283 1393; x_wconf 82' lang='grc' dir='ltr'>Εὑνόμιος,</span> <span class='ocrx_word' id='word_1_161' title='bbox 3328 1322 3530 1392; x_wconf 76' lang='grc' dir='ltr'>μᾶλλον</span> <span class='ocrx_word' id='word_1_162' title='bbox 3554 1322 3613 1374; x_wconf 76' lang='grc' dir='ltr'>δὲ</span> 
     </span>
    </p>
   </div>
   <div class='ocr_carea' id='block_1_26' title="bbox 2017 1416 3614 1487">
    <p class='ocr_par' dir='ltr' id='par_1_26' title="bbox 2017 1416 3614 1487">
     <span class='ocr_line' id='line_1_26' title="bbox 2017 1416 3614 1487; baseline -0.003 -15"><span class='ocrx_word' id='word_1_163' title='bbox 2017 1419 2046 1472; x_wconf 86' lang='grc' dir='ltr'>ό</span> <span class='ocrx_word' id='word_1_164' title='bbox 2093 1418 2362 1486; x_wconf 77' lang='grc' dir='ltr'>’Ᾱνομος·</span> <span class='ocrx_word' id='word_1_165' title='bbox 2414 1416 2754 1487; x_wconf 74' lang='grc' dir='ltr'>πεντηκοστὴ</span> <span class='ocrx_word' id='word_1_166' title='bbox 2807 1416 3007 1487; x_wconf 79' lang='grc' dir='ltr'>ἑϐδόμη</span> <span class='ocrx_word' id='word_1_167' title='bbox 3054 1417 3386 1487; x_wconf 86' lang='grc' dir='ltr'>Διμοιρῖται.</span> <span class='ocrx_word' id='word_1_168' title='bbox 3433 1416 3484 1468; x_wconf 80' lang='grc' dir='ltr'>οἱ</span> <span class='ocrx_word' id='word_1_169' title='bbox 3535 1416 3614 1485; x_wconf 82' lang='grc' dir='ltr'>μὴ</span> 
     </span>
    </p>
   </div>
   <div class='ocr_carea' id='block_1_27' title="bbox 2018 1505 3614 1578">
    <p class='ocr_par' dir='ltr' id='par_1_27' title="bbox 2018 1505 3614 1578">
     <span class='ocr_line' id='line_1_27' title="bbox 2018 1505 3614 1578; baseline -0.003 -18"><span class='ocrx_word' id='word_1_170' title='bbox 2018 1506 2228 1560; x_wconf 89' lang='grc' dir='ltr'>τελείαν</span> <span class='ocrx_word' id='word_1_171' title='bbox 2263 1506 2497 1577; x_wconf 76' lang='grc' dir='ltr'>Χριστοῦ</span> <span class='ocrx_word' id='word_1_172' title='bbox 2530 1507 2628 1577; x_wconf 84' lang='grc' dir='ltr'>τὴν</span> <span class='ocrx_word' id='word_1_173' title='bbox 2659 1505 3077 1578; x_wconf 82' lang='grc' dir='ltr'>ὲνανορώπησιν</span> <span class='ocrx_word' id='word_1_174' title='bbox 3108 1505 3527 1574; x_wconf 77' lang='grc' dir='ltr'>ὁμολογοῦντες,</span> <span class='ocrx_word' id='word_1_175' title='bbox 3561 1507 3614 1557; x_wconf 87' lang='grc' dir='ltr'>οἱ</span> 
     </span>
    </p>
   </div>
   <div class='ocr_carea' id='block_1_28' title="bbox 333 1580 3614 1679">
    <p class='ocr_par' dir='ltr' id='par_1_28' title="bbox 333 1580 3614 1679">
     <span class='ocr_line' id='line_1_28' title="bbox 333 1580 3614 1679; baseline -0.004 -18"><span class='ocrx_word' id='word_1_176' title='bbox 333 1608 427 1661; x_wconf 78' lang='grc' dir='ltr'>καὶ</span> <span class='ocrx_word' id='word_1_177' title='bbox 487 1580 921 1679; x_wconf 58' lang='grc' dir='ltr'>’.Ᾰπολλιναρῖται</span> <span class='ocrx_word' id='word_1_178' title='bbox 947 1623 961 1638; x_wconf 88' lang='grc'><strong>·</strong></span> <span class='ocrx_word' id='word_1_179' title='bbox 1015 1605 1359 1677; x_wconf 86' lang='grc' dir='ltr'>πεντηκοστὴ</span> <span class='ocrx_word' id='word_1_180' title='bbox 1398 1605 1583 1675; x_wconf 84' lang='grc' dir='ltr'>ὀγδόη,</span> <span class='ocrx_word' id='word_1_181' title='bbox 1612 1606 1705 1658; x_wconf 74' lang='grc' dir='ltr'>καὶ</span> <span class='ocrx_word' id='word_1_182' title='bbox 1736 1605 1785 1657; x_wconf 90' lang='grc' dir='ltr'>οἱ</span> <span class='ocrx_word' id='word_1_183' title='bbox 1815 1603 1916 1672; x_wconf 90' lang='grc' dir='ltr'>τὴν</span> <span class='ocrx_word' id='word_1_184' title='bbox 1954 1602 2114 1671; x_wconf 82' lang='grc' dir='ltr'>ἁγίαν</span> <span class='ocrx_word' id='word_1_185' title='bbox 2146 1580 2364 1673; x_wconf 65' lang='grc' dir='ltr'>Μαρίαν</span> <span class='ocrx_word' id='word_1_186' title='bbox 2390 1601 2491 1671; x_wconf 84' lang='grc' dir='ltr'>τὴν</span> <span class='ocrx_word' id='word_1_187' title='bbox 2523 1601 2610 1654; x_wconf 78' lang='grc' dir='ltr'>ἀεὶ</span> <span class='ocrx_word' id='word_1_188' title='bbox 2637 1600 2905 1674; x_wconf 81' lang='grc' dir='ltr'>παρθένον</span> <span class='ocrx_word' id='word_1_189' title='bbox 2960 1599 3210 1668; x_wconf 86' lang='grc' dir='ltr'>λέγοντες</span> <span class='ocrx_word' id='word_1_190' title='bbox 3247 1598 3387 1669; x_wconf 77' lang='grc' dir='ltr'>μετὰ</span> <span class='ocrx_word' id='word_1_191' title='bbox 3416 1599 3476 1651; x_wconf 87' lang='grc' dir='ltr'>τὸ</span> <span class='ocrx_word' id='word_1_192' title='bbox 3518 1599 3614 1649; x_wconf 69' lang='grc' dir='ltr'>τὶν</span> 
     </span>
    </p>
   </div>
   <div class='ocr_carea' id='block_1_29' title="bbox 332 1696 1963 1773">
    <p class='ocr_par' dir='ltr' id='par_1_29' title="bbox 332 1696 1963 1773">
     <span class='ocr_line' id='line_1_29' title="bbox 332 1696 1963 1773; baseline -0.004 -18"><span class='ocrx_word' id='word_1_193' title='bbox 332 1704 558 1773; x_wconf 81' lang='grc' dir='ltr'>Σωτῆρα</span> <span class='ocrx_word' id='word_1_194' title='bbox 582 1702 987 1770; x_wconf 81' lang='grc' dir='ltr'>γεγεννηκέναι,</span> <span class='ocrx_word' id='word_1_195' title='bbox 1012 1700 1090 1771; x_wconf 84' lang='grc' dir='ltr'>τῷ</span> <span class='ocrx_word' id='word_1_196' title='bbox 1128 1700 1327 1770; x_wconf 76' lang='grc' dir='ltr'>Ἰωσὴφ</span> <span class='ocrx_word' id='word_1_197' title='bbox 1364 1698 1650 1770; x_wconf 79' lang='grc' dir='ltr'>συνῆφθαι,</span> <span class='ocrx_word' id='word_1_198' title='bbox 1708 1696 1963 1761; x_wconf 72' lang='grc' dir='ltr'>οὕστινας</span> 
     </span>
    </p>
   </div>
   <div class='ocr_carea' id='block_1_30' title="bbox 2024 1689 3616 1767">
    <p class='ocr_par' dir='ltr' id='par_1_30' title="bbox 2024 1689 3616 1767">
     <span class='ocr_line' id='line_1_30' title="bbox 2024 1689 3616 1767; baseline -0.004 -18"><span class='ocrx_word' id='word_1_199' title='bbox 2024 1696 2363 1767; x_wconf 73' lang='grc' dir='ltr'>ἐκαλέσαμεν</span> <span class='ocrx_word' id='word_1_200' title='bbox 2435 1692 3063 1764; x_wconf 76' lang='grc' dir='ltr'>Ἀντιδικομαριανίταςο</span> <span class='ocrx_word' id='word_1_201' title='bbox 3117 1689 3457 1761; x_wconf 84' lang='grc' dir='ltr'>πεντηκοστὴ</span> <span class='ocrx_word' id='word_1_202' title='bbox 3523 1691 3616 1742; x_wconf 79' lang='grc' dir='ltr'>ὲν-</span> 
     </span>
    </p>
   </div>
   <div class='ocr_carea' id='block_1_31' title="bbox 331 1772 3614 1865">
    <p class='ocr_par' dir='ltr' id='par_1_31' title="bbox 331 1772 3614 1865">
     <span class='ocr_line' id='line_1_31' title="bbox 331 1772 3614 1865; baseline -0.004 -18"><span class='ocrx_word' id='word_1_203' title='bbox 331 1772 607 1865; x_wconf 13' lang='grc' dir='ltr'>νάτη,ίγαὶ</span> <span class='ocrx_word' id='word_1_204' title='bbox 633 1795 681 1845; x_wconf 84' lang='grc' dir='ltr'>οἱ</span> <span class='ocrx_word' id='word_1_205' title='bbox 709 1795 788 1856; x_wconf 82' lang='grc' dir='ltr'>είς</span> <span class='ocrx_word' id='word_1_206' title='bbox 820 1790 989 1862; x_wconf 73' lang='grc' dir='ltr'>ὄνομα</span> <span class='ocrx_word' id='word_1_207' title='bbox 1027 1790 1127 1859; x_wconf 80' lang='grc' dir='ltr'>τῆς</span> <span class='ocrx_word' id='word_1_208' title='bbox 1166 1789 1336 1858; x_wconf 76' lang='grc' dir='ltr'>αὐτῆς</span> <span class='ocrx_word' id='word_1_209' title='bbox 1395 1789 1612 1859; x_wconf 77' lang='grc' dir='ltr'>Μαρίας</span> <span class='ocrx_word' id='word_1_210' title='bbox 1667 1788 1953 1852; x_wconf 78' lang='grc' dir='ltr'>κολλυρίδα</span> <span class='ocrx_word' id='word_1_211' title='bbox 1994 1787 2418 1857; x_wconf 78' lang='grc' dir='ltr'>προσφέροντες,</span> <span class='ocrx_word' id='word_1_212' title='bbox 2466 1784 2516 1837; x_wconf 81' lang='grc' dir='ltr'>οἱ</span> <span class='ocrx_word' id='word_1_213' title='bbox 2544 1782 2836 1836; x_wconf 82' lang='grc' dir='ltr'>καλοῦνται</span> <span class='ocrx_word' id='word_1_214' title='bbox 2860 1772 3303 1853; x_wconf 81' lang='grc' dir='ltr'>Κολλυριδιανοί·</span> <span class='ocrx_word' id='word_1_215' title='bbox 3340 1779 3614 1852; x_wconf 74' lang='grc' dir='ltr'>ἑξηκοστὴ</span> 
     </span>
    </p>
   </div>
   <div class='ocr_carea' id='block_1_32' title="bbox 331 1873 3252 1949">
    <p class='ocr_par' dir='ltr' id='par_1_32' title="bbox 331 1873 3252 1949">
     <span class='ocr_line' id='line_1_32' title="bbox 331 1873 3252 1949; baseline -0.003 -12"><span class='ocrx_word' id='word_1_216' title='bbox 331 1878 726 1946; x_wconf 76' lang='grc' dir='ltr'>Μασσαλιανοὶ,</span> <span class='ocrx_word' id='word_1_217' title='bbox 778 1875 860 1944; x_wconf 82' lang='grc' dir='ltr'>οἷς</span> <span class='ocrx_word' id='word_1_218' title='bbox 902 1880 1263 1934; x_wconf 68' lang='grc' dir='ltr'>συνάπτονται</span> <span class='ocrx_word' id='word_1_219' title='bbox 1297 1879 1693 1949; x_wconf 74' lang='grc' dir='ltr'>Μαρτυριανοὶ,</span> <span class='ocrx_word' id='word_1_220' title='bbox 1735 1881 1784 1931; x_wconf 91' lang='grc' dir='ltr'>οἱ</span> <span class='ocrx_word' id='word_1_221' title='bbox 1812 1877 1920 1931; x_wconf 80' lang='grc' dir='ltr'>ἀπὸ</span> <span class='ocrx_word' id='word_1_222' title='bbox 1966 1877 2254 1947; x_wconf 73' lang='grc' dir='ltr'>Ἑλλήνων,</span> <span class='ocrx_word' id='word_1_223' title='bbox 2295 1876 2389 1929; x_wconf 76' lang='grc' dir='ltr'>καὶ</span> <span class='ocrx_word' id='word_1_224' title='bbox 2416 1876 2753 1946; x_wconf 82' lang='grc' dir='ltr'>Εὑφημῖται,</span> <span class='ocrx_word' id='word_1_225' title='bbox 2791 1875 2884 1927; x_wconf 80' lang='grc' dir='ltr'>καὶ</span> <span class='ocrx_word' id='word_1_226' title='bbox 2912 1873 3252 1928; x_wconf 80' lang='grc' dir='ltr'>Σατανιανοί.</span> 
     </span>
    </p>
   </div>
   <div class='ocr_carea' id='block_1_33' title="bbox 401 1976 1982 2048">
    <p class='ocr_par' dir='ltr' id='par_1_33' title="bbox 401 1976 1982 2048">
     <span class='ocr_line' id='line_1_33' title="bbox 401 1976 1982 2048; baseline -0.002 -15"><span class='ocrx_word' id='word_1_227' title='bbox 401 1976 559 2033; x_wconf 83' lang='lat' dir='ltr'><strong>Nunc</strong></span> <span class='ocrx_word' id='word_1_228' title='bbox 594 1978 826 2048; x_wconf 84' lang='lat' dir='ltr'><strong>repetita</strong></span> <span class='ocrx_word' id='word_1_229' title='bbox 857 1978 1197 2041; x_wconf 86' lang='lat' dir='ltr'><strong>narratione.</strong></span> <span class='ocrx_word' id='word_1_230' title='bbox 1256 1986 1307 2031; x_wconf 86' lang='lat' dir='ltr'>et</span> <span class='ocrx_word' id='word_1_231' title='bbox 1340 1976 1394 2030; x_wconf 91' lang='lat' dir='ltr'>in</span> <span class='ocrx_word' id='word_1_232' title='bbox 1425 1976 1677 2046; x_wconf 77' lang='lat' dir='ltr'><strong>singulos</strong></span> <span class='ocrx_word' id='word_1_233' title='bbox 1735 1976 1908 2030; x_wconf 90' lang='lat' dir='ltr'><strong>libros</strong></span> <span class='ocrx_word' id='word_1_234' title='bbox 1941 1982 1982 2037; x_wconf 85' lang='grc' dir='ltr'>Β</span> 
     </span>
    </p>
   </div>
   <div class='ocr_carea' id='block_1_34' title="bbox 334 2067 1912 2137">
    <p class='ocr_par' dir='ltr' id='par_1_34' title="bbox 334 2067 1912 2137">
     <span class='ocr_line' id='line_1_34' title="bbox 334 2067 1912 2137; baseline -0.003 -10"><span class='ocrx_word' id='word_1_235' title='bbox 334 2071 647 2127; x_wconf 81' lang='lat' dir='ltr'><strong>distributis</strong></span> <span class='ocrx_word' id='word_1_236' title='bbox 670 2070 995 2133; x_wconf 68' lang='lat' dir='ltr'><strong>hazrcsibus,</strong></span> <span class='ocrx_word' id='word_1_237' title='bbox 1030 2069 1134 2123; x_wconf 90' lang='lat' dir='ltr'>hoc</span> <span class='ocrx_word' id='word_1_238' title='bbox 1157 2070 1214 2123; x_wconf 89' lang='lat' dir='ltr'>in</span> <span class='ocrx_word' id='word_1_239' title='bbox 1264 2068 1415 2123; x_wconf 84' lang='lat' dir='ltr'><strong>brevi</strong></span> <span class='ocrx_word' id='word_1_240' title='bbox 1456 2068 1782 2137; x_wconf 83' lang='lat' dir='ltr'><strong>compendio</strong></span> <span class='ocrx_word' id='word_1_241' title='bbox 1815 2067 1912 2122; x_wconf 89' lang='lat' dir='ltr'><strong>de-</strong></span> 
     </span>
    </p>
   </div>
   <div class='ocr_carea' id='block_1_35' title="bbox 330 2160 1909 2232">
    <p class='ocr_par' dir='ltr' id='par_1_35' title="bbox 330 2160 1909 2232">
     <span class='ocr_line' id='line_1_35' title="bbox 330 2160 1909 2232; baseline -0.003 -14"><span class='ocrx_word' id='word_1_242' title='bbox 330 2163 580 2224; x_wconf 87' lang='lat' dir='ltr'><strong>clarabo,</strong></span> <span class='ocrx_word' id='word_1_243' title='bbox 604 2170 867 2232; x_wconf 88' lang='lat' dir='ltr'><strong>quotnam</strong></span> <span class='ocrx_word' id='word_1_244' title='bbox 894 2177 959 2216; x_wconf 78' lang='lat' dir='ltr'><strong>ex</strong></span> <span class='ocrx_word' id='word_1_245' title='bbox 986 2160 1095 2215; x_wconf 91' lang='lat' dir='ltr'><strong>illis</strong></span> <span class='ocrx_word' id='word_1_246' title='bbox 1126 2161 1428 2216; x_wconf 66' lang='lat' dir='ltr'><strong>hazresibus</strong></span> <span class='ocrx_word' id='word_1_247' title='bbox 1455 2161 1510 2215; x_wconf 90' lang='lat' dir='ltr'>in</span> <span class='ocrx_word' id='word_1_248' title='bbox 1542 2160 1724 2232; x_wconf 88' lang='lat' dir='ltr'><strong>priore</strong></span> <span class='ocrx_word' id='word_1_249' title='bbox 1747 2160 1909 2221; x_wconf 88' lang='lat' dir='ltr'><strong>libro,</strong></span> 
     </span>
    </p>
   </div>
   <div class='ocr_carea' id='block_1_36' title="bbox 328 2250 1912 2324">
    <p class='ocr_par' dir='ltr' id='par_1_36' title="bbox 328 2250 1912 2324">
     <span class='ocr_line' id='line_1_36' title="bbox 328 2250 1912 2324; baseline -0.001 -19"><span class='ocrx_word' id='word_1_250' title='bbox 328 2261 461 2324; x_wconf 84' lang='lat' dir='ltr'><strong>quot</strong></span> <span class='ocrx_word' id='word_1_251' title='bbox 512 2252 565 2307; x_wconf 87' lang='lat' dir='ltr'>in</span> <span class='ocrx_word' id='word_1_252' title='bbox 596 2251 837 2308; x_wconf 85' lang='lat' dir='ltr'><strong>secundo</strong></span> <span class='ocrx_word' id='word_1_253' title='bbox 887 2267 953 2305; x_wconf 88' lang='lat' dir='ltr'>ac</span> <span class='ocrx_word' id='word_1_254' title='bbox 1000 2253 1163 2307; x_wconf 90' lang='lat' dir='ltr'><strong>tertio</strong></span> <span class='ocrx_word' id='word_1_255' title='bbox 1212 2253 1633 2318; x_wconf 79' lang='lat' dir='ltr'><strong>contineantur;</strong></span> <span class='ocrx_word' id='word_1_256' title='bbox 1694 2261 1806 2305; x_wconf 91' lang='lat' dir='ltr'>tum</span> <span class='ocrx_word' id='word_1_257' title='bbox 1855 2250 1912 2303; x_wconf 89' lang='lat' dir='ltr'>in</span> 
     </span>
    </p>
   </div>
   <div class='ocr_carea' id='block_1_37' title="bbox 329 2344 1915 2415">
    <p class='ocr_par' dir='ltr' id='par_1_37' title="bbox 329 2344 1915 2415">
     <span class='ocr_line' id='line_1_37' title="bbox 329 2344 1915 2415; baseline -0.002 -16"><span class='ocrx_word' id='word_1_258' title='bbox 329 2344 557 2415; x_wconf 81' lang='lat' dir='ltr'><strong>reliquis</strong></span> <span class='ocrx_word' id='word_1_259' title='bbox 591 2344 851 2400; x_wconf 88' lang='lat' dir='ltr'><strong>omnibus</strong></span> <span class='ocrx_word' id='word_1_260' title='bbox 881 2352 1205 2399; x_wconf 59' lang='lat' dir='ltr'><strong>caaterorum</strong></span> <span class='ocrx_word' id='word_1_261' title='bbox 1264 2344 1530 2399; x_wconf 89' lang='lat' dir='ltr'><strong>librorum</strong></span> <span class='ocrx_word' id='word_1_262' title='bbox 1564 2344 1729 2399; x_wconf 88' lang='lat' dir='ltr'><strong>tomis</strong></span> <span class='ocrx_word' id='word_1_263' title='bbox 1779 2351 1915 2412; x_wconf 90' lang='lat' dir='ltr'><strong>quot</strong></span> 
     </span>
    </p>
   </div>
   <div class='ocr_carea' id='block_1_38' title="bbox 330 2432 1913 2506">
    <p class='ocr_par' dir='ltr' id='par_1_38' title="bbox 330 2432 1913 2506">
     <span class='ocr_line' id='line_1_38' title="bbox 330 2432 1913 2506; baseline -0.001 -17"><span class='ocrx_word' id='word_1_264' title='bbox 330 2438 628 2506; x_wconf 86' lang='lat' dir='ltr'><strong>unicuique</strong></span> <span class='ocrx_word' id='word_1_265' title='bbox 662 2435 903 2491; x_wconf 57' lang='lat' dir='ltr'><strong>haereses</strong></span> <span class='ocrx_word' id='word_1_266' title='bbox 956 2436 1239 2490; x_wconf 68' lang='lat' dir='ltr'><strong>attributa:</strong></span> <span class='ocrx_word' id='word_1_267' title='bbox 1273 2445 1426 2490; x_wconf 89' lang='lat' dir='ltr'><strong>sunt.</strong></span> <span class='ocrx_word' id='word_1_268' title='bbox 1483 2432 1689 2488; x_wconf 89' lang='lat' dir='ltr'><strong>llarum</strong></span> <span class='ocrx_word' id='word_1_269' title='bbox 1726 2435 1913 2503; x_wconf 84' lang='lat' dir='ltr'><strong>itaque</strong></span> 
     </span>
    </p>
   </div>
   <div class='ocr_carea' id='block_1_39' title="bbox 326 2523 1912 2594">
    <p class='ocr_par' dir='ltr' id='par_1_39' title="bbox 326 2523 1912 2594">
     <span class='ocr_line' id='line_1_39' title="bbox 326 2523 1912 2594; baseline -0.001 -16"><span class='ocrx_word' id='word_1_270' title='bbox 326 2526 571 2579; x_wconf 87' lang='lat' dir='ltr'><strong>omnium</strong></span> <span class='ocrx_word' id='word_1_271' title='bbox 602 2526 775 2579; x_wconf 70' lang='lat' dir='ltr'><strong>series</strong></span> <span class='ocrx_word' id='word_1_272' title='bbox 805 2532 891 2578; x_wconf 87' lang='lat' dir='ltr'>est</span> <span class='ocrx_word' id='word_1_273' title='bbox 935 2523 1231 2592; x_wconf 84' lang='lat' dir='ltr'><strong>ejusmodi.</strong></span> <span class='ocrx_word' id='word_1_274' title='bbox 1282 2524 1340 2577; x_wconf 89' lang='lat' dir='ltr'>lu</span> <span class='ocrx_word' id='word_1_275' title='bbox 1371 2524 1550 2594; x_wconf 87' lang='lat' dir='ltr'><strong>primo</strong></span> <span class='ocrx_word' id='word_1_276' title='bbox 1587 2523 1727 2577; x_wconf 89' lang='lat' dir='ltr'><strong>libro</strong></span> <span class='ocrx_word' id='word_1_277' title='bbox 1780 2524 1912 2576; x_wconf 88' lang='lat' dir='ltr'><strong>tomi</strong></span> 
     </span>
    </p>
   </div>
   <div class='ocr_carea' id='block_1_40' title="bbox 218 2616 1909 2687">
    <p class='ocr_par' dir='ltr' id='par_1_40' title="bbox 218 2616 1909 2687">
     <span class='ocr_line' id='line_1_40' title="bbox 218 2616 1909 2687; baseline -0.001 -18"><span class='ocrx_word' id='word_1_278' title='bbox 218 2662 225 2669; x_wconf 86' lang='lat'>.</span> <span class='ocrx_word' id='word_1_279' title='bbox 330 2629 444 2674; x_wconf 86' lang='lat' dir='ltr'><strong>tres</strong></span> <span class='ocrx_word' id='word_1_280' title='bbox 477 2626 630 2684; x_wconf 87' lang='lat' dir='ltr'><strong>sunt,</strong></span> <span class='ocrx_word' id='word_1_281' title='bbox 671 2617 911 2673; x_wconf 70' lang='lat' dir='ltr'><strong>hmreses</strong></span> <span class='ocrx_word' id='word_1_282' title='bbox 938 2634 1085 2684; x_wconf 71' lang='lat' dir='ltr'>XLVI,</span> <span class='ocrx_word' id='word_1_283' title='bbox 1116 2616 1235 2674; x_wconf 84' lang='lat' dir='ltr'><strong>suis</strong></span> <span class='ocrx_word' id='word_1_284' title='bbox 1255 2617 1571 2673; x_wconf 88' lang='lat' dir='ltr'><strong>nominibus</strong></span> <span class='ocrx_word' id='word_1_285' title='bbox 1592 2626 1909 2687; x_wconf 70' lang='lat' dir='ltr'><strong>conceptas:</strong></span> 
     </span>
    </p>
   </div>
   <div class='ocr_carea' id='block_1_41' title="bbox 326 2705 1913 2779">
    <p class='ocr_par' dir='ltr' id='par_1_41' title="bbox 326 2705 1913 2779">
     <span class='ocr_line' id='line_1_41' title="bbox 326 2705 1913 2779; baseline -0.003 -15"><span class='ocrx_word' id='word_1_286' title='bbox 326 2710 709 2765; x_wconf 78' lang='lat' dir='ltr'><strong>Barbarismus</strong></span> <span class='ocrx_word' id='word_1_287' title='bbox 764 2708 1035 2773; x_wconf 80' lang='lat' dir='ltr'><strong>videlicet,</strong></span> <span class='ocrx_word' id='word_1_288' title='bbox 1098 2723 1164 2762; x_wconf 86' lang='lat' dir='ltr'>ac</span> <span class='ocrx_word' id='word_1_289' title='bbox 1215 2706 1606 2779; x_wconf 81' lang='lat' dir='ltr'><strong>Scytliismus;</strong></span> <span class='ocrx_word' id='word_1_290' title='bbox 1666 2705 1913 2761; x_wconf 85' lang='lat' dir='ltr'><strong>Helleni-</strong></span> 
     </span>
    </p>
   </div>
   <div class='ocr_carea' id='block_1_42' title="bbox 328 2796 1914 2867">
    <p class='ocr_par' dir='ltr' id='par_1_42' title="bbox 328 2796 1914 2867">
     <span class='ocr_line' id='line_1_42' title="bbox 328 2796 1914 2867; baseline -0.004 -11"><span class='ocrx_word' id='word_1_291' title='bbox 328 2816 505 2867; x_wconf 89' lang='lat' dir='ltr'><strong>smus,</strong></span> <span class='ocrx_word' id='word_1_292' title='bbox 535 2797 877 2866; x_wconf 80' lang='lat' dir='ltr'><strong>Judaismus,</strong></span> <span class='ocrx_word' id='word_1_293' title='bbox 932 2814 997 2853; x_wconf 90' lang='lat' dir='ltr'>ac</span> <span class='ocrx_word' id='word_1_294' title='bbox 1043 2796 1483 2855; x_wconf 87' lang='lat' dir='ltr'><strong>Samaritismus.</strong></span> <span class='ocrx_word' id='word_1_295' title='bbox 1550 2797 1609 2852; x_wconf 91' lang='lat' dir='ltr'>ln</span> <span class='ocrx_word' id='word_1_296' title='bbox 1668 2796 1914 2853; x_wconf 91' lang='lat' dir='ltr'><strong>secundo</strong></span> 
     </span>
    </p>
   </div>
   <div class='ocr_carea' id='block_1_43' title="bbox 327 2889 1913 2956">
    <p class='ocr_par' dir='ltr' id='par_1_43' title="bbox 327 2889 1913 2956">
     <span class='ocr_line' id='line_1_43' title="bbox 327 2889 1913 2956; baseline -0.001 -11"><span class='ocrx_word' id='word_1_297' title='bbox 327 2892 471 2948; x_wconf 90' lang='lat' dir='ltr'><strong>libro</strong></span> <span class='ocrx_word' id='word_1_298' title='bbox 496 2892 631 2948; x_wconf 88' lang='lat' dir='ltr'><strong>tomi</strong></span> <span class='ocrx_word' id='word_1_299' title='bbox 657 2893 767 2947; x_wconf 92' lang='lat' dir='ltr'>duo</span> <span class='ocrx_word' id='word_1_300' title='bbox 821 2898 971 2956; x_wconf 85' lang='lat' dir='ltr'><strong>sunt,</strong></span> <span class='ocrx_word' id='word_1_301' title='bbox 1010 2890 1251 2948; x_wconf 65' lang='lat' dir='ltr'><strong>hereses</strong></span> <span class='ocrx_word' id='word_1_302' title='bbox 1290 2907 1449 2947; x_wconf 76' lang='lat' dir='ltr'><strong>nui.</strong></span> <span class='ocrx_word' id='word_1_303' title='bbox 1474 2890 1543 2953; x_wconf 28' lang='grc' dir='ltr'>χιιι</span> <span class='ocrx_word' id='word_1_304' title='bbox 1573 2891 1737 2946; x_wconf 87' lang='lat' dir='ltr'><strong>tertio</strong></span> <span class='ocrx_word' id='word_1_305' title='bbox 1771 2889 1913 2944; x_wconf 92' lang='lat' dir='ltr'><strong>libro</strong></span> 
     </span>
    </p>
   </div>
   <div class='ocr_carea' id='block_1_44' title="bbox 326 2978 1914 3053">
    <p class='ocr_par' dir='ltr' id='par_1_44' title="bbox 326 2978 1914 3053">
     <span class='ocr_line' id='line_1_44' title="bbox 326 2978 1914 3053; baseline -0.001 -18"><span class='ocrx_word' id='word_1_306' title='bbox 326 2982 462 3036; x_wconf 90' lang='lat' dir='ltr'><strong>tomi</strong></span> <span class='ocrx_word' id='word_1_307' title='bbox 491 2981 622 3045; x_wconf 87' lang='lat' dir='ltr'><strong>duo,</strong></span> <span class='ocrx_word' id='word_1_308' title='bbox 670 2981 912 3038; x_wconf 66' lang='lat' dir='ltr'><strong>haereses</strong></span> <span class='ocrx_word' id='word_1_309' title='bbox 942 2998 1021 3037; x_wconf 75' lang='grc' dir='ltr'>ιι.</span> <span class='ocrx_word' id='word_1_310' title='bbox 1053 2979 1112 3036; x_wconf 91' lang='lat' dir='ltr'><strong>In</strong></span> <span class='ocrx_word' id='word_1_311' title='bbox 1161 2978 1363 3052; x_wconf 89' lang='lat' dir='ltr'><strong>prioris</strong></span> <span class='ocrx_word' id='word_1_312' title='bbox 1401 2983 1582 3053; x_wconf 90' lang='lat' dir='ltr'><strong>itaque</strong></span> <span class='ocrx_word' id='word_1_313' title='bbox 1611 2980 1736 3036; x_wconf 90' lang='lat' dir='ltr'><strong>libri</strong></span> <span class='ocrx_word' id='word_1_314' title='bbox 1764 2988 1914 3035; x_wconf 91' lang='lat' dir='ltr'><strong>tomo</strong></span> 
     </span>
    </p>
   </div>
   <div class='ocr_carea' id='block_1_45' title="bbox 325 3066 1911 3145">
    <p class='ocr_par' dir='ltr' id='par_1_45' title="bbox 325 3066 1911 3145">
     <span class='ocr_line' id='line_1_45' title="bbox 325 3066 1911 3145; baseline 0.003 -21"><span class='ocrx_word' id='word_1_315' title='bbox 325 3072 505 3142; x_wconf 74' lang='lat' dir='ltr'><strong>primo</strong></span> <span class='ocrx_word' id='word_1_316' title='bbox 526 3072 767 3128; x_wconf 66' lang='lat' dir='ltr'><strong>haereses</strong></span> <span class='ocrx_word' id='word_1_317' title='bbox 797 3088 865 3127; x_wconf 77' lang='lat' dir='ltr'><strong>xx</strong></span> <span class='ocrx_word' id='word_1_318' title='bbox 899 3078 1051 3136; x_wconf 81' lang='lat' dir='ltr'><strong>sunt,</strong></span> <span class='ocrx_word' id='word_1_319' title='bbox 1093 3066 1504 3139; x_wconf 81' lang='lat' dir='ltr'><strong>Barbarismus,</strong></span> <span class='ocrx_word' id='word_1_320' title='bbox 1539 3071 1911 3145; x_wconf 80' lang='lat' dir='ltr'><strong>Scytliismus,</strong></span> 
     </span>
    </p>
   </div>
   <div class='ocr_carea' id='block_1_46' title="bbox 326 3161 1913 3236">
    <p class='ocr_par' dir='ltr' id='par_1_46' title="bbox 326 3161 1913 3236">
     <span class='ocr_line' id='line_1_46' title="bbox 326 3161 1913 3236; baseline 0.003 -22"><span class='ocrx_word' id='word_1_321' title='bbox 326 3161 1040 3231; x_wconf 66' lang='lat' dir='ltr'><strong>t2raecismus,.ludaismus.</strong></span> <span class='ocrx_word' id='word_1_322' title='bbox 1065 3161 1376 3218; x_wconf 67' lang='lat' dir='ltr'><strong>Graecorum</strong></span> <span class='ocrx_word' id='word_1_323' title='bbox 1402 3179 1565 3236; x_wconf 89' lang='lat' dir='ltr'><strong>porro</strong></span> <span class='ocrx_word' id='word_1_324' title='bbox 1589 3163 1913 3219; x_wconf 89' lang='lat' dir='ltr'><strong>discrimina</strong></span> 
     </span>
    </p>
   </div>
   <div class='ocr_carea' id='block_1_47' title="bbox 327 3254 1911 3332">
    <p class='ocr_par' dir='ltr' id='par_1_47' title="bbox 327 3254 1911 3332">
     <span class='ocr_line' id='line_1_47' title="bbox 327 3254 1911 3332; baseline 0.001 -22"><span class='ocrx_word' id='word_1_325' title='bbox 327 3257 434 3311; x_wconf 84' lang='lat' dir='ltr'><strong>ista</strong></span> <span class='ocrx_word' id='word_1_326' title='bbox 458 3263 589 3313; x_wconf 88' lang='lat' dir='ltr'><strong>sunt</strong></span> <span class='ocrx_word' id='word_1_327' title='bbox 621 3271 637 3308; x_wconf 92' lang='lat'><strong>:</strong></span> <span class='ocrx_word' id='word_1_328' title='bbox 668 3254 1019 3329; x_wconf 74' lang='lat' dir='ltr'><strong>Pythagorei,</strong></span> <span class='ocrx_word' id='word_1_329' title='bbox 1055 3255 1171 3313; x_wconf 87' lang='lat' dir='ltr'><strong>sive</strong></span> <span class='ocrx_word' id='word_1_330' title='bbox 1200 3254 1576 3328; x_wconf 87' lang='lat' dir='ltr'><strong>Peripatetici,</strong></span> <span class='ocrx_word' id='word_1_331' title='bbox 1615 3256 1911 3332; x_wconf 89' lang='lat' dir='ltr'><strong>Platonici,</strong></span> 
     </span>
    </p>
   </div>
   <div class='ocr_carea' id='block_1_48' title="bbox 2095 1967 3617 2040">
    <p class='ocr_par' dir='ltr' id='par_1_48' title="bbox 2095 1967 3617 2040">
     <span class='ocr_line' id='line_1_48' title="bbox 2095 1967 3617 2040; baseline -0.001 -15"><span class='ocrx_word' id='word_1_332' title='bbox 2095 1971 2364 2026; x_wconf 86' lang='grc' dir='ltr'>Ἐπανιὼν</span> <span class='ocrx_word' id='word_1_333' title='bbox 2414 1972 2472 2026; x_wconf 78' lang='grc' dir='ltr'>δὲ</span> <span class='ocrx_word' id='word_1_334' title='bbox 2524 1967 2700 2036; x_wconf 80' lang='grc' dir='ltr'>αὖθις,</span> <span class='ocrx_word' id='word_1_335' title='bbox 2755 1970 2850 2024; x_wconf 75' lang='grc' dir='ltr'>καὶ</span> <span class='ocrx_word' id='word_1_336' title='bbox 2887 1969 3075 2024; x_wconf 83' lang='grc' dir='ltr'>διελὼν</span> <span class='ocrx_word' id='word_1_337' title='bbox 3120 1969 3325 2033; x_wconf 82' lang='grc' dir='ltr'>ταύτας</span> <span class='ocrx_word' id='word_1_338' title='bbox 3361 1970 3504 2023; x_wconf 84' lang='grc' dir='ltr'>κατὰ</span> <span class='ocrx_word' id='word_1_339' title='bbox 3529 1968 3617 2040; x_wconf 82' lang='grc' dir='ltr'>βί-</span> 
     </span>
    </p>
   </div>
   <div class='ocr_carea' id='block_1_49' title="bbox 2015 2061 3613 2134">
    <p class='ocr_par' dir='ltr' id='par_1_49' title="bbox 2015 2061 3613 2134">
     <span class='ocr_line' id='line_1_49' title="bbox 2015 2061 3613 2134; baseline 0.001 -18"><span class='ocrx_word' id='word_1_340' title='bbox 2015 2063 2160 2127; x_wconf 91' lang='grc' dir='ltr'>ϐλον,</span> <span class='ocrx_word' id='word_1_341' title='bbox 2217 2061 2484 2127; x_wconf 78' lang='grc' dir='ltr'>ὑποδείξω</span> <span class='ocrx_word' id='word_1_342' title='bbox 2535 2063 2593 2116; x_wconf 85' lang='grc' dir='ltr'>ὲν</span> <span class='ocrx_word' id='word_1_343' title='bbox 2647 2062 2820 2134; x_wconf 78' lang='grc' dir='ltr'>ταύτῃ</span> <span class='ocrx_word' id='word_1_344' title='bbox 2859 2080 2963 2134; x_wconf 88' lang='grc' dir='ltr'>μου</span> <span class='ocrx_word' id='word_1_345' title='bbox 2997 2065 3063 2134; x_wconf 77' lang='grc' dir='ltr'>τῇ</span> <span class='ocrx_word' id='word_1_346' title='bbox 3112 2064 3613 2133; x_wconf 79' lang='grc' dir='ltr'>ἀνακεφαλαιώσει,</span> 
     </span>
    </p>
   </div>
   <div class='ocr_carea' id='block_1_50' title="bbox 2017 2151 3616 2226">
    <p class='ocr_par' dir='ltr' id='par_1_50' title="bbox 2017 2151 3616 2226">
     <span class='ocr_line' id='line_1_50' title="bbox 2017 2151 3616 2226; baseline 0.001 -21"><span class='ocrx_word' id='word_1_347' title='bbox 2017 2153 2180 2205; x_wconf 83' lang='grc' dir='ltr'>πόσαι</span> <span class='ocrx_word' id='word_1_348' title='bbox 2204 2152 2410 2205; x_wconf 79' lang='grc' dir='ltr'>τούτων</span> <span class='ocrx_word' id='word_1_349' title='bbox 2436 2151 2543 2204; x_wconf 84' lang='grc' dir='ltr'>τῶν</span> <span class='ocrx_word' id='word_1_350' title='bbox 2564 2151 2896 2224; x_wconf 77' lang='grc' dir='ltr'>ὀγδοήκοντα</span> <span class='ocrx_word' id='word_1_351' title='bbox 2918 2152 3185 2224; x_wconf 80' lang='grc' dir='ltr'>αἱρέσεων</span> <span class='ocrx_word' id='word_1_352' title='bbox 3216 2154 3272 2206; x_wconf 81' lang='grc' dir='ltr'>ὲν</span> <span class='ocrx_word' id='word_1_353' title='bbox 3293 2154 3372 2224; x_wconf 83' lang='grc' dir='ltr'>τῷ</span> <span class='ocrx_word' id='word_1_354' title='bbox 3408 2154 3616 2226; x_wconf 80' lang='grc' dir='ltr'>πρώτῳ</span> 
     </span>
    </p>
   </div>
   <div class='ocr_carea' id='block_1_51' title="bbox 2017 2242 3608 2318">
    <p class='ocr_par' dir='ltr' id='par_1_51' title="bbox 2017 2242 3608 2318">
     <span class='ocr_line' id='line_1_51' title="bbox 2017 2242 3608 2318; baseline 0.002 -21"><span class='ocrx_word' id='word_1_355' title='bbox 2017 2244 2229 2315; x_wconf 88' lang='grc' dir='ltr'>βιϐλίῳ,</span> <span class='ocrx_word' id='word_1_356' title='bbox 2271 2244 2365 2297; x_wconf 73' lang='grc' dir='ltr'>καὶ</span> <span class='ocrx_word' id='word_1_357' title='bbox 2381 2242 2617 2315; x_wconf 80' lang='grc' dir='ltr'>καθεξῆς</span> <span class='ocrx_word' id='word_1_358' title='bbox 2650 2245 2706 2298; x_wconf 76' lang='grc' dir='ltr'>ὲν</span> <span class='ocrx_word' id='word_1_359' title='bbox 2734 2243 2813 2314; x_wconf 84' lang='grc' dir='ltr'>τῷ</span> <span class='ocrx_word' id='word_1_360' title='bbox 2835 2244 3096 2316; x_wconf 81' lang='grc' dir='ltr'>δευτέρῳ,</span> <span class='ocrx_word' id='word_1_361' title='bbox 3132 2244 3238 2310; x_wconf 81' lang='grc' dir='ltr'>ἓως</span> <span class='ocrx_word' id='word_1_362' title='bbox 3269 2245 3363 2299; x_wconf 85' lang='grc' dir='ltr'>τοῦ</span> <span class='ocrx_word' id='word_1_363' title='bbox 3397 2248 3608 2318; x_wconf 80' lang='grc' dir='ltr'>τρίτου·</span> 
     </span>
    </p>
   </div>
   <div class='ocr_carea' id='block_1_52' title="bbox 2014 2334 3613 2409">
    <p class='ocr_par' dir='ltr' id='par_1_52' title="bbox 2014 2334 3613 2409">
     <span class='ocr_line' id='line_1_52' title="bbox 2014 2334 3613 2409; baseline 0.003 -20"><span class='ocrx_word' id='word_1_364' title='bbox 2014 2336 2150 2389; x_wconf 79' lang='grc' dir='ltr'>ἀλλὰ</span> <span class='ocrx_word' id='word_1_365' title='bbox 2181 2334 2274 2389; x_wconf 77' lang='grc' dir='ltr'>καὶ</span> <span class='ocrx_word' id='word_1_366' title='bbox 2295 2335 2417 2390; x_wconf 77' lang='grc' dir='ltr'>καθ’</span> <span class='ocrx_word' id='word_1_367' title='bbox 2440 2336 2673 2391; x_wconf 71' lang='grc' dir='ltr'>ἕκαστον</span> <span class='ocrx_word' id='word_1_368' title='bbox 2706 2337 2816 2391; x_wconf 87' lang='grc' dir='ltr'>τῶν</span> <span class='ocrx_word' id='word_1_369' title='bbox 2846 2338 2987 2392; x_wconf 79' lang='grc' dir='ltr'>ἑπτὰ</span> <span class='ocrx_word' id='word_1_370' title='bbox 3021 2338 3204 2409; x_wconf 89' lang='grc' dir='ltr'>τόμων</span> <span class='ocrx_word' id='word_1_371' title='bbox 3224 2379 3239 2404; x_wconf 92' lang='grc'>,</span> <span class='ocrx_word' id='word_1_372' title='bbox 3267 2338 3377 2392; x_wconf 83' lang='grc' dir='ltr'>τῶν</span> <span class='ocrx_word' id='word_1_373' title='bbox 3413 2341 3471 2392; x_wconf 81' lang='grc' dir='ltr'>ὲν</span> <span class='ocrx_word' id='word_1_374' title='bbox 3498 2343 3613 2403; x_wconf 77' lang='grc' dir='ltr'>τοῖς</span> 
     </span>
    </p>
   </div>
   <div class='ocr_carea' id='block_1_53' title="bbox 2014 2427 3617 2502">
    <p class='ocr_par' dir='ltr' id='par_1_53' title="bbox 2014 2427 3617 2502">
     <span class='ocr_line' id='line_1_53' title="bbox 2014 2427 3617 2502; baseline 0.001 -20"><span class='ocrx_word' id='word_1_375' title='bbox 2014 2429 2159 2500; x_wconf 80' lang='grc' dir='ltr'>τρισὶ</span> <span class='ocrx_word' id='word_1_376' title='bbox 2185 2427 2411 2498; x_wconf 89' lang='grc' dir='ltr'>βιϐλίοις</span> <span class='ocrx_word' id='word_1_377' title='bbox 2435 2429 2902 2499; x_wconf 85' lang='grc' dir='ltr'>συντεταγμένων,</span> <span class='ocrx_word' id='word_1_378' title='bbox 2940 2430 3103 2487; x_wconf 88' lang='grc' dir='ltr'>πόσαι</span> <span class='ocrx_word' id='word_1_379' title='bbox 3125 2431 3262 2484; x_wconf 78' lang='grc' dir='ltr'>εἰσὶν</span> <span class='ocrx_word' id='word_1_380' title='bbox 3284 2432 3340 2483; x_wconf 90' lang='grc' dir='ltr'>αἱ</span> <span class='ocrx_word' id='word_1_381' title='bbox 3376 2433 3434 2484; x_wconf 78' lang='grc' dir='ltr'>έν</span> <span class='ocrx_word' id='word_1_382' title='bbox 3459 2431 3617 2502; x_wconf 76' lang='grc' dir='ltr'>αῦτῷ</span> 
     </span>
    </p>
   </div>
   <div class='ocr_carea' id='block_1_54' title="bbox 2016 2518 3618 2592">
    <p class='ocr_par' dir='ltr' id='par_1_54' title="bbox 2016 2518 3618 2592">
     <span class='ocr_line' id='line_1_54' title="bbox 2016 2518 3618 2592; baseline 0.002 -21"><span class='ocrx_word' id='word_1_383' title='bbox 2016 2518 2352 2590; x_wconf 86' lang='grc' dir='ltr'>χωρηθείσαι</span> <span class='ocrx_word' id='word_1_384' title='bbox 2403 2519 2666 2588; x_wconf 83' lang='grc' dir='ltr'>αἱρέσεις.</span> <span class='ocrx_word' id='word_1_385' title='bbox 2721 2521 2832 2575; x_wconf 76' lang='grc' dir='ltr'>Καὶ</span> <span class='ocrx_word' id='word_1_386' title='bbox 2895 2521 3045 2581; x_wconf 77' lang='grc' dir='ltr'>ἐστιν</span> <span class='ocrx_word' id='word_1_387' title='bbox 3093 2521 3267 2586; x_wconf 76' lang='grc' dir='ltr'>οὕτως</span> <span class='ocrx_word' id='word_1_388' title='bbox 3315 2522 3373 2574; x_wconf 78' lang='grc' dir='ltr'>ὲν</span> <span class='ocrx_word' id='word_1_389' title='bbox 3407 2522 3510 2590; x_wconf 84' lang='grc' dir='ltr'>μὲν</span> <span class='ocrx_word' id='word_1_390' title='bbox 3532 2522 3618 2592; x_wconf 81' lang='grc' dir='ltr'>τῷ</span> 
     </span>
    </p>
   </div>
   <div class='ocr_carea' id='block_1_55' title="bbox 2018 2609 3616 2684">
    <p class='ocr_par' dir='ltr' id='par_1_55' title="bbox 2018 2609 3616 2684">
     <span class='ocr_line' id='line_1_55' title="bbox 2018 2609 3616 2684; baseline 0.001 -19"><span class='ocrx_word' id='word_1_391' title='bbox 2018 2609 2220 2683; x_wconf 83' lang='grc' dir='ltr'>πρώτῳ</span> <span class='ocrx_word' id='word_1_392' title='bbox 2260 2610 2452 2683; x_wconf 83' lang='grc' dir='ltr'>βιϐλίῳ</span> <span class='ocrx_word' id='word_1_393' title='bbox 2472 2612 2629 2683; x_wconf 83' lang='grc' dir='ltr'>τόμοι</span> <span class='ocrx_word' id='word_1_394' title='bbox 2675 2615 2844 2684; x_wconf 78' lang='grc' dir='ltr'>τρεῖς,</span> <span class='ocrx_word' id='word_1_395' title='bbox 2877 2612 3118 2683; x_wconf 82' lang='grc' dir='ltr'>αἱρέσεις</span> <span class='ocrx_word' id='word_1_396' title='bbox 3147 2612 3203 2666; x_wconf 79' lang='grc' dir='ltr'>δὲ</span> <span class='ocrx_word' id='word_1_397' title='bbox 3236 2630 3616 2684; x_wconf 85' lang='grc' dir='ltr'>τεσσαρακον-</span> 
     </span>
    </p>
   </div>
   <div class='ocr_carea' id='block_1_56' title="bbox 2014 2702 3618 2778">
    <p class='ocr_par' dir='ltr' id='par_1_56' title="bbox 2014 2702 3618 2778">
     <span class='ocr_line' id='line_1_56' title="bbox 2014 2702 3618 2778; baseline 0.001 -22"><span class='ocrx_word' id='word_1_398' title='bbox 2014 2702 2146 2766; x_wconf 81' lang='grc' dir='ltr'>ταὲξ</span> <span class='ocrx_word' id='word_1_399' title='bbox 2178 2705 2274 2757; x_wconf 81' lang='grc' dir='ltr'>σὺν</span> <span class='ocrx_word' id='word_1_400' title='bbox 2307 2707 2427 2767; x_wconf 85' lang='grc' dir='ltr'>ταῖς</span> <span class='ocrx_word' id='word_1_401' title='bbox 2470 2705 2788 2775; x_wconf 66' lang='grc' dir='ltr'>ὀνομασίαις</span> <span class='ocrx_word' id='word_1_402' title='bbox 2836 2703 3070 2757; x_wconf 79' lang='grc' dir='ltr'>τούτων·</span> <span class='ocrx_word' id='word_1_403' title='bbox 3114 2706 3257 2775; x_wconf 78' lang='grc' dir='ltr'>φημὶ</span> <span class='ocrx_word' id='word_1_404' title='bbox 3303 2705 3359 2757; x_wconf 80' lang='grc' dir='ltr'>δὲ</span> <span class='ocrx_word' id='word_1_405' title='bbox 3395 2704 3618 2778; x_wconf 77' lang='grc' dir='ltr'>Βαρϐα-</span> 
     </span>
    </p>
   </div>
   <div class='ocr_carea' id='block_1_57' title="bbox 2018 2794 3617 2867">
    <p class='ocr_par' dir='ltr' id='par_1_57' title="bbox 2018 2794 3617 2867">
     <span class='ocr_line' id='line_1_57' title="bbox 2018 2794 3617 2867; baseline 0.003 -21"><span class='ocrx_word' id='word_1_406' title='bbox 2018 2794 2237 2866; x_wconf 84' lang='grc' dir='ltr'>ρισμοῦ,</span> <span class='ocrx_word' id='word_1_407' title='bbox 2297 2795 2391 2849; x_wconf 75' lang='grc' dir='ltr'>καὶ</span> <span class='ocrx_word' id='word_1_408' title='bbox 2430 2796 2763 2867; x_wconf 81' lang='grc' dir='ltr'>Σκυθισμοῦ,</span> <span class='ocrx_word' id='word_1_409' title='bbox 2804 2795 2900 2850; x_wconf 74' lang='grc' dir='ltr'>καὶ</span> <span class='ocrx_word' id='word_1_410' title='bbox 2936 2796 3314 2867; x_wconf 83' lang='grc' dir='ltr'>Ἑλληνισμοῦ,</span> <span class='ocrx_word' id='word_1_411' title='bbox 3345 2798 3442 2850; x_wconf 70' lang='grc' dir='ltr'>καὶ</span> <span class='ocrx_word' id='word_1_412' title='bbox 3479 2799 3617 2850; x_wconf 81' lang='grc' dir='ltr'>Ἰου-</span> 
     </span>
    </p>
   </div>
   <div class='ocr_carea' id='block_1_58' title="bbox 2014 2885 3618 2959">
    <p class='ocr_par' dir='ltr' id='par_1_58' title="bbox 2014 2885 3618 2959">
     <span class='ocr_line' id='line_1_58' title="bbox 2014 2885 3618 2959; baseline 0.001 -20"><span class='ocrx_word' id='word_1_413' title='bbox 2014 2885 2245 2956; x_wconf 85' lang='grc' dir='ltr'>δαῖσμοῦ</span> <span class='ocrx_word' id='word_1_414' title='bbox 2276 2887 2369 2940; x_wconf 75' lang='grc' dir='ltr'>καὶ</span> <span class='ocrx_word' id='word_1_415' title='bbox 2387 2885 2833 2958; x_wconf 86' lang='grc' dir='ltr'>Σαμαρειτισμοῦ</span> <span class='ocrx_word' id='word_1_416' title='bbox 2853 2903 2866 2916; x_wconf 88' lang='grc'><strong>·</strong></span> <span class='ocrx_word' id='word_1_417' title='bbox 2884 2888 2942 2940; x_wconf 82' lang='grc' dir='ltr'>ὲν</span> <span class='ocrx_word' id='word_1_418' title='bbox 2966 2886 3023 2940; x_wconf 80' lang='grc' dir='ltr'>δὲ</span> <span class='ocrx_word' id='word_1_419' title='bbox 3055 2886 3134 2957; x_wconf 83' lang='grc' dir='ltr'>τῷ</span> <span class='ocrx_word' id='word_1_420' title='bbox 3155 2887 3393 2959; x_wconf 86' lang='grc' dir='ltr'>δευτέρῳ</span> <span class='ocrx_word' id='word_1_421' title='bbox 3420 2886 3618 2958; x_wconf 83' lang='grc' dir='ltr'>βιϐλίῳ</span> 
     </span>
    </p>
   </div>
   <div class='ocr_carea' id='block_1_59' title="bbox 2014 2978 3618 3051">
    <p class='ocr_par' dir='ltr' id='par_1_59' title="bbox 2014 2978 3618 3051">
     <span class='ocr_line' id='line_1_59' title="bbox 2014 2978 3618 3051; baseline -0.001 -19"><span class='ocrx_word' id='word_1_422' title='bbox 2014 2978 2170 3050; x_wconf 85' lang='grc' dir='ltr'>τόμοι</span> <span class='ocrx_word' id='word_1_423' title='bbox 2190 2978 2304 3042; x_wconf 79' lang='grc' dir='ltr'>δύο,</span> <span class='ocrx_word' id='word_1_424' title='bbox 2325 2978 2568 3050; x_wconf 82' lang='grc' dir='ltr'>αἱρέσεις</span> <span class='ocrx_word' id='word_1_425' title='bbox 2584 2981 2912 3051; x_wconf 78' lang='grc' dir='ltr'>εἰκοσιτρεῖς</span> <span class='ocrx_word' id='word_1_426' title='bbox 2932 2998 2944 3012; x_wconf 78' lang='grc' dir='ltr'><strong>ο</strong></span> <span class='ocrx_word' id='word_1_427' title='bbox 2974 2982 3032 3032; x_wconf 84' lang='grc' dir='ltr'>ὲν</span> <span class='ocrx_word' id='word_1_428' title='bbox 3053 2979 3109 3033; x_wconf 73' lang='grc' dir='ltr'>δὲ</span> <span class='ocrx_word' id='word_1_429' title='bbox 3132 2980 3210 3051; x_wconf 81' lang='grc' dir='ltr'>τῷ</span> <span class='ocrx_word' id='word_1_430' title='bbox 3232 2980 3398 3050; x_wconf 85' lang='grc' dir='ltr'>τρίτῳ</span> <span class='ocrx_word' id='word_1_431' title='bbox 3420 2979 3618 3050; x_wconf 77' lang='grc' dir='ltr'>βιϐλίῳ</span> 
     </span>
    </p>
   </div>
   <div class='ocr_carea' id='block_1_60' title="bbox 2014 3067 3616 3144">
    <p class='ocr_par' dir='ltr' id='par_1_60' title="bbox 2014 3067 3616 3144">
     <span class='ocr_line' id='line_1_60' title="bbox 2014 3067 3616 3144; baseline -0.002 -19"><span class='ocrx_word' id='word_1_432' title='bbox 2014 3071 2171 3142; x_wconf 83' lang='grc' dir='ltr'>τόμοι</span> <span class='ocrx_word' id='word_1_433' title='bbox 2192 3069 2307 3135; x_wconf 79' lang='grc' dir='ltr'>δύο,</span> <span class='ocrx_word' id='word_1_434' title='bbox 2343 3070 2583 3144; x_wconf 86' lang='grc' dir='ltr'>αἱρέσεις</span> <span class='ocrx_word' id='word_1_435' title='bbox 2608 3070 2820 3125; x_wconf 75' lang='grc' dir='ltr'>ἕνδεκα.</span> <span class='ocrx_word' id='word_1_436' title='bbox 2859 3072 2947 3125; x_wconf 82' lang='grc' dir='ltr'>Ἐν</span> <span class='ocrx_word' id='word_1_437' title='bbox 2968 3070 3045 3143; x_wconf 82' lang='grc' dir='ltr'>τῷ</span> <span class='ocrx_word' id='word_1_438' title='bbox 3064 3067 3157 3125; x_wconf 86' lang='grc' dir='ltr'>οὖν</span> <span class='ocrx_word' id='word_1_439' title='bbox 3187 3070 3389 3143; x_wconf 84' lang='grc' dir='ltr'>πρώτῳ</span> <span class='ocrx_word' id='word_1_440' title='bbox 3418 3070 3616 3141; x_wconf 79' lang='grc' dir='ltr'>βιϐλίῳ</span> 
     </span>
    </p>
   </div>
   <div class='ocr_carea' id='block_1_61' title="bbox 2016 3161 3619 3243">
    <p class='ocr_par' dir='ltr' id='par_1_61' title="bbox 2016 3161 3619 3243">
     <span class='ocr_line' id='line_1_61' title="bbox 2016 3161 3619 3243; baseline 0 -27"><span class='ocrx_word' id='word_1_441' title='bbox 2016 3161 2237 3236; x_wconf 87' lang='grc' dir='ltr'>πρώτου</span> <span class='ocrx_word' id='word_1_442' title='bbox 2265 3163 2433 3243; x_wconf 71' lang='grc' dir='ltr'>τόμον</span> <span class='ocrx_word' id='word_1_443' title='bbox 2458 3162 2701 3235; x_wconf 88' lang='grc' dir='ltr'>αἱρέσεις</span> <span class='ocrx_word' id='word_1_444' title='bbox 2747 3165 2974 3226; x_wconf 80' lang='grc' dir='ltr'>εἴκοσιν,</span> <span class='ocrx_word' id='word_1_445' title='bbox 3004 3164 3066 3216; x_wconf 79' lang='grc' dir='ltr'>αἴ</span> <span class='ocrx_word' id='word_1_446' title='bbox 3099 3165 3239 3219; x_wconf 89' lang='grc' dir='ltr'>εἱσιν</span> <span class='ocrx_word' id='word_1_447' title='bbox 3273 3163 3393 3217; x_wconf 75' lang='grc' dir='ltr'>αἵδε</span> <span class='ocrx_word' id='word_1_448' title='bbox 3414 3179 3432 3195; x_wconf 90' lang='grc'><strong>·</strong></span> <span class='ocrx_word' id='word_1_449' title='bbox 3468 3163 3619 3234; x_wconf 81' lang='grc' dir='ltr'>Βαρ-</span> 
     </span>
    </p>
   </div>
   <div class='ocr_carea' id='block_1_62' title="bbox 2015 3252 3615 3326">
    <p class='ocr_par' dir='ltr' id='par_1_62' title="bbox 2015 3252 3615 3326">
     <span class='ocr_line' id='line_1_62' title="bbox 2015 3252 3615 3326; baseline 0 -19"><span class='ocrx_word' id='word_1_450' title='bbox 2015 3253 2307 3326; x_wconf 77' lang='grc' dir='ltr'>ϐαρισμὸς,</span> <span class='ocrx_word' id='word_1_451' title='bbox 2363 3252 2699 3324; x_wconf 82' lang='grc' dir='ltr'>Σκυθισμὸς,</span> <span class='ocrx_word' id='word_1_452' title='bbox 2783 3254 3169 3325; x_wconf 85' lang='grc' dir='ltr'>Ἑλληνισμὸς,</span> <span class='ocrx_word' id='word_1_453' title='bbox 3241 3254 3615 3325; x_wconf 77' lang='grc' dir='ltr'>Ἰουδαῖσμόςο</span> 
     </span>
    </p>
   </div>
   <div class='ocr_carea' id='block_1_63' title="bbox 330 3324 1917 3420">
    <p class='ocr_par' dir='ltr' id='par_1_63' title="bbox 330 3324 1911 3420">
     <span class='ocr_line' id='line_1_63' title="bbox 330 3324 1911 3420; baseline 0.001 -18"><span class='ocrx_word' id='word_1_454' title='bbox 330 3346 526 3412; x_wconf 89' lang='lat' dir='ltr'><strong>Stoici,</strong></span> <span class='ocrx_word' id='word_1_455' title='bbox 580 3324 870 3418; x_wconf 53' lang='lat' dir='ltr'><strong>Epicurei,</strong></span> <span class='ocrx_word' id='word_1_456' title='bbox 918 3344 1249 3403; x_wconf 78' lang='lat' dir='ltr'><strong>Samaritica</strong></span> <span class='ocrx_word' id='word_1_457' title='bbox 1284 3324 1534 3411; x_wconf 64' lang='lat' dir='ltr'><strong>haeresis.</strong></span> <span class='ocrx_word' id='word_1_458' title='bbox 1576 3364 1702 3420; x_wconf 70' lang='lat' dir='ltr'><strong>quae</strong></span> <span class='ocrx_word' id='word_1_459' title='bbox 1747 3330 1779 3403; x_wconf 70' lang='grc' dir='ltr'>ιι</span> <span class='ocrx_word' id='word_1_460' title='bbox 1816 3346 1911 3404; x_wconf 85' lang='lat' dir='ltr'>Ju-</span> 
     </span>
    </p>
   </div>
   <div class='ocr_carea' id='block_1_64' title="bbox 2021 3324 3616 3420">
    <p class='ocr_par' dir='ltr' id='par_1_64' title="bbox 2028 3324 3616 3418">
     <span class='ocr_line' id='line_1_64' title="bbox 2028 3324 3616 3418; baseline -0.003 -16"><span class='ocrx_word' id='word_1_461' title='bbox 2028 3324 2298 3418; x_wconf 86' lang='grc' dir='ltr'>Ἑλλήνων</span> <span class='ocrx_word' id='word_1_462' title='bbox 2332 3345 2610 3415; x_wconf 84' lang='grc' dir='ltr'>διαφοραὶ,</span> <span class='ocrx_word' id='word_1_463' title='bbox 2646 3324 3047 3416; x_wconf 75' lang='grc' dir='ltr'>Πυθαγόρειοι,</span> <span class='ocrx_word' id='word_1_464' title='bbox 3067 3346 3245 3399; x_wconf 83' lang='grc' dir='ltr'>εῖτουν</span> <span class='ocrx_word' id='word_1_465' title='bbox 3290 3324 3616 3418; x_wconf 86' lang='grc' dir='ltr'>Περιπατη-</span> 
     </span>
    </p>
   </div>
   <div class='ocr_carea' id='block_1_65' title="bbox 329 3438 1918 3512">
    <p class='ocr_par' dir='ltr' id='par_1_65' title="bbox 329 3438 1918 3512">
     <span class='ocr_line' id='line_1_65' title="bbox 329 3438 1918 3512; baseline 0 -17"><span class='ocrx_word' id='word_1_466' title='bbox 329 3439 548 3495; x_wconf 87' lang='lat' dir='ltr'><strong>daismo</strong></span> <span class='ocrx_word' id='word_1_467' title='bbox 576 3441 841 3495; x_wconf 90' lang='lat' dir='ltr'><strong>manavit.</strong></span> <span class='ocrx_word' id='word_1_468' title='bbox 882 3438 1217 3495; x_wconf 87' lang='lat' dir='ltr'><strong>Samaritani</strong></span> <span class='ocrx_word' id='word_1_469' title='bbox 1252 3449 1491 3512; x_wconf 88' lang='lat' dir='ltr'><strong>quatuor</strong></span> <span class='ocrx_word' id='word_1_470' title='bbox 1519 3440 1575 3496; x_wconf 91' lang='lat' dir='ltr'>in</span> <span class='ocrx_word' id='word_1_471' title='bbox 1602 3449 1791 3511; x_wconf 84' lang='lat' dir='ltr'><strong>partes</strong></span> <span class='ocrx_word' id='word_1_472' title='bbox 1815 3441 1918 3495; x_wconf 88' lang='lat' dir='ltr'><strong>tri-</strong></span> 
     </span>
    </p>
   </div>
   <div class='ocr_carea' id='block_1_66' title="bbox 329 3528 1909 3601">
    <p class='ocr_par' dir='ltr' id='par_1_66' title="bbox 329 3528 1909 3601">
     <span class='ocr_line' id='line_1_66' title="bbox 329 3528 1909 3601; baseline -0.001 -14"><span class='ocrx_word' id='word_1_473' title='bbox 329 3531 603 3597; x_wconf 86' lang='lat' dir='ltr'><strong>buuntur,</strong></span> <span class='ocrx_word' id='word_1_474' title='bbox 630 3528 964 3598; x_wconf 83' lang='lat' dir='ltr'><strong>Gorthenos,</strong></span> <span class='ocrx_word' id='word_1_475' title='bbox 988 3533 1269 3599; x_wconf 66' lang='lat' dir='ltr'><strong>Sebuaeos,</strong></span> <span class='ocrx_word' id='word_1_476' title='bbox 1292 3530 1573 3601; x_wconf 84' lang='lat' dir='ltr'><strong>Essenios,</strong></span> <span class='ocrx_word' id='word_1_477' title='bbox 1597 3530 1909 3590; x_wconf 78' lang='lat' dir='ltr'><strong>Dositheos.</strong></span> 
     </span>
    </p>
   </div>
   <div class='ocr_carea' id='block_1_67' title="bbox 327 3620 1913 3696">
    <p class='ocr_par' dir='ltr' id='par_1_67' title="bbox 327 3620 1913 3696">
     <span class='ocr_line' id='line_1_67' title="bbox 327 3620 1913 3696; baseline 0.001 -19"><span class='ocrx_word' id='word_1_478' title='bbox 327 3620 642 3678; x_wconf 65' lang='lat' dir='ltr'><strong>Judagorum</strong></span> <span class='ocrx_word' id='word_1_479' title='bbox 704 3623 943 3680; x_wconf 77' lang='lat' dir='ltr'><strong>haereses</strong></span> <span class='ocrx_word' id='word_1_480' title='bbox 996 3633 1205 3696; x_wconf 86' lang='lat' dir='ltr'><strong>septem</strong></span> <span class='ocrx_word' id='word_1_481' title='bbox 1250 3641 1265 3680; x_wconf 92' lang='lat'><strong>:</strong></span> <span class='ocrx_word' id='word_1_482' title='bbox 1330 3623 1558 3692; x_wconf 62' lang='lat' dir='ltr'><strong>Scribe,</strong></span> <span class='ocrx_word' id='word_1_483' title='bbox 1621 3620 1913 3689; x_wconf 62' lang='lat' dir='ltr'><strong>Pharisai,</strong></span> 
     </span>
    </p>
   </div>
   <div class='ocr_carea' id='block_1_68' title="bbox 333 3712 1917 3786">
    <p class='ocr_par' dir='ltr' id='par_1_68' title="bbox 333 3712 1917 3786">
     <span class='ocr_line' id='line_1_68' title="bbox 333 3712 1917 3786; baseline 0.002 -17"><span class='ocrx_word' id='word_1_484' title='bbox 333 3713 642 3780; x_wconf 82' lang='lat' dir='ltr'><strong>Sadducaei,</strong></span> <span class='ocrx_word' id='word_1_485' title='bbox 689 3712 1200 3786; x_wconf 73' lang='lat' dir='ltr'><strong>Hemerobaptistaa,</strong></span> <span class='ocrx_word' id='word_1_486' title='bbox 1235 3714 1433 3783; x_wconf 64' lang='lat' dir='ltr'><strong>Ossaei,</strong></span> <span class='ocrx_word' id='word_1_487' title='bbox 1476 3717 1722 3773; x_wconf 77' lang='lat' dir='ltr'><strong>Nasaraei</strong></span> <span class='ocrx_word' id='word_1_488' title='bbox 1751 3757 1767 3783; x_wconf 92' lang='lat'>,</span> <span class='ocrx_word' id='word_1_489' title='bbox 1809 3716 1917 3772; x_wconf 81' lang='lat' dir='ltr'><strong>lle-</strong></span> 
     </span>
    </p>
   </div>
   <div class='ocr_carea' id='block_1_69' title="bbox 328 3802 1912 3878">
    <p class='ocr_par' dir='ltr' id='par_1_69' title="bbox 328 3802 1912 3878">
     <span class='ocr_line' id='line_1_69' title="bbox 328 3802 1912 3878; baseline 0.003 -20"><span class='ocrx_word' id='word_1_490' title='bbox 328 3802 564 3860; x_wconf 88' lang='lat' dir='ltr'><strong>rodiani.</strong></span> <span class='ocrx_word' id='word_1_491' title='bbox 600 3804 656 3860; x_wconf 90' lang='lat' dir='ltr'><strong>In</strong></span> <span class='ocrx_word' id='word_1_492' title='bbox 683 3806 928 3861; x_wconf 89' lang='lat' dir='ltr'><strong>secundo</strong></span> <span class='ocrx_word' id='word_1_493' title='bbox 958 3813 1111 3862; x_wconf 90' lang='lat' dir='ltr'><strong>tomo</strong></span> <span class='ocrx_word' id='word_1_494' title='bbox 1161 3807 1286 3862; x_wconf 90' lang='lat' dir='ltr'><strong>libri</strong></span> <span class='ocrx_word' id='word_1_495' title='bbox 1321 3808 1484 3878; x_wconf 86' lang='lat' dir='ltr'><strong>primi</strong></span> <span class='ocrx_word' id='word_1_496' title='bbox 1517 3808 1757 3864; x_wconf 65' lang='lat' dir='ltr'><strong>hazreses</strong></span> <span class='ocrx_word' id='word_1_497' title='bbox 1812 3824 1912 3863; x_wconf 80' lang='lat' dir='ltr'>xui</span> 
     </span>
    </p>
   </div>
   <div class='ocr_carea' id='block_1_70' title="bbox 328 3894 1916 3965">
    <p class='ocr_par' dir='ltr' id='par_1_70' title="bbox 328 3894 1916 3965">
     <span class='ocr_line' id='line_1_70' title="bbox 328 3894 1916 3965; baseline 0.003 -15"><span class='ocrx_word' id='word_1_498' title='bbox 328 3901 510 3951; x_wconf 87' lang='lat' dir='ltr'><strong>sunt&#39;:</strong></span> <span class='ocrx_word' id='word_1_499' title='bbox 549 3894 879 3963; x_wconf 88' lang='lat' dir='ltr'><strong>Simoniani,</strong></span> <span class='ocrx_word' id='word_1_500' title='bbox 913 3897 1312 3964; x_wconf 81' lang='lat' dir='ltr'><strong>Menandriani,</strong></span> <span class='ocrx_word' id='word_1_501' title='bbox 1344 3897 1733 3965; x_wconf 88' lang='lat' dir='ltr'><strong>Saturniliani,</strong></span> <span class='ocrx_word' id='word_1_502' title='bbox 1762 3899 1916 3955; x_wconf 86' lang='lat' dir='ltr'><strong>Basi-</strong></span> 
     </span>
    </p>
   </div>
   <div class='ocr_carea' id='block_1_71' title="bbox 329 3986 1916 4063">
    <p class='ocr_par' dir='ltr' id='par_1_71' title="bbox 329 3986 1916 4063">
     <span class='ocr_line' id='line_1_71' title="bbox 329 3986 1916 4063; baseline 0.003 -21"><span class='ocrx_word' id='word_1_503' title='bbox 329 3986 539 4055; x_wconf 89' lang='lat' dir='ltr'><strong>lidiani,</strong></span> <span class='ocrx_word' id='word_1_504' title='bbox 571 3987 878 4057; x_wconf 69' lang='lat' dir='ltr'><strong>Nicolaitaa,</strong></span> <span class='ocrx_word' id='word_1_505' title='bbox 905 3988 1179 4058; x_wconf 88' lang='lat' dir='ltr'><strong>Gnostici,</strong></span> <span class='ocrx_word' id='word_1_506' title='bbox 1229 3992 1321 4063; x_wconf 91' lang='lat' dir='ltr'>qui</span> <span class='ocrx_word' id='word_1_507' title='bbox 1368 3999 1423 4048; x_wconf 90' lang='lat' dir='ltr'>et</span> <span class='ocrx_word' id='word_1_508' title='bbox 1467 3989 1796 4057; x_wconf 89' lang='lat' dir='ltr'><strong>Stratiotici,</strong></span> <span class='ocrx_word' id='word_1_509' title='bbox 1852 4007 1916 4046; x_wconf 91' lang='lat' dir='ltr'>ac</span> 
     </span>
    </p>
   </div>
   <div class='ocr_carea' id='block_1_72' title="bbox 328 4078 1915 4152">
    <p class='ocr_par' dir='ltr' id='par_1_72' title="bbox 328 4078 1915 4152">
     <span class='ocr_line' id='line_1_72' title="bbox 328 4078 1915 4152; baseline 0.004 -18"><span class='ocrx_word' id='word_1_510' title='bbox 328 4078 657 4138; x_wconf 76' lang='lat' dir='ltr'><strong>Phibionitze</strong></span> <span class='ocrx_word' id='word_1_511' title='bbox 681 4100 696 4149; x_wconf 95' lang='lat'>;</span> <span class='ocrx_word' id='word_1_512' title='bbox 729 4083 798 4137; x_wconf 92' lang='lat' dir='ltr'>ab</span> <span class='ocrx_word' id='word_1_513' title='bbox 823 4084 948 4139; x_wconf 85' lang='lat' dir='ltr'><strong>aliis</strong></span> <span class='ocrx_word' id='word_1_514' title='bbox 998 4100 1128 4141; x_wconf 87' lang='lat' dir='ltr'><strong>vero</strong></span> <span class='ocrx_word' id='word_1_515' title='bbox 1154 4083 1513 4152; x_wconf 88' lang='lat' dir='ltr'><strong>Secundiani,</strong></span> <span class='ocrx_word' id='word_1_516' title='bbox 1546 4086 1614 4140; x_wconf 90' lang='lat' dir='ltr'>ab</span> <span class='ocrx_word' id='word_1_517' title='bbox 1638 4084 1762 4141; x_wconf 88' lang='lat' dir='ltr'><strong>aliis</strong></span> <span class='ocrx_word' id='word_1_518' title='bbox 1785 4083 1915 4140; x_wconf 88' lang='lat' dir='ltr'><strong>Zac-</strong></span> 
     </span>
    </p>
   </div>
   <div class='ocr_carea' id='block_1_73' title="bbox 328 4162 1915 4240">
    <p class='ocr_par' dir='ltr' id='par_1_73' title="bbox 328 4162 1915 4240">
     <span class='ocr_line' id='line_1_73' title="bbox 328 4162 1915 4240; baseline 0.005 -16"><span class='ocrx_word' id='word_1_519' title='bbox 328 4162 488 4236; x_wconf 68' lang='lat' dir='ltr'><strong>chaei,</strong></span> <span class='ocrx_word' id='word_1_520' title='bbox 512 4187 615 4226; x_wconf 90' lang='lat' dir='ltr'>nec</span> <span class='ocrx_word' id='word_1_521' title='bbox 656 4187 768 4227; x_wconf 90' lang='lat' dir='ltr'>non</span> <span class='ocrx_word' id='word_1_522' title='bbox 810 4172 1100 4238; x_wconf 81' lang='lat' dir='ltr'><strong>Coddiani,</strong></span> <span class='ocrx_word' id='word_1_523' title='bbox 1141 4184 1196 4230; x_wconf 88' lang='lat' dir='ltr'>et</span> <span class='ocrx_word' id='word_1_524' title='bbox 1229 4176 1560 4240; x_wconf 62' lang='lat' dir='ltr'><strong>Borhoritaa,</strong></span> <span class='ocrx_word' id='word_1_525' title='bbox 1613 4192 1678 4231; x_wconf 90' lang='lat' dir='ltr'>ac</span> <span class='ocrx_word' id='word_1_526' title='bbox 1709 4174 1915 4232; x_wconf 86' lang='lat' dir='ltr'><strong>Barbe-</strong></span> 
     </span>
    </p>
   </div>
   <div class='ocr_carea' id='block_1_74' title="bbox 328 4261 1917 4339">
    <p class='ocr_par' dir='ltr' id='par_1_74' title="bbox 328 4261 1917 4339">
     <span class='ocr_line' id='line_1_74' title="bbox 328 4261 1917 4339; baseline 0.005 -23"><span class='ocrx_word' id='word_1_527' title='bbox 328 4261 453 4333; x_wconf 74' lang='lat' dir='ltr'><strong>lytze</strong></span> <span class='ocrx_word' id='word_1_528' title='bbox 498 4261 784 4329; x_wconf 90' lang='lat' dir='ltr'><strong>dicuntur;</strong></span> <span class='ocrx_word' id='word_1_529' title='bbox 844 4263 1274 4335; x_wconf 68' lang='lat' dir='ltr'><strong>Carpocratitze,</strong></span> <span class='ocrx_word' id='word_1_530' title='bbox 1313 4266 1682 4334; x_wconf 88' lang='lat' dir='ltr'><strong>Cerinthiani,</strong></span> <span class='ocrx_word' id='word_1_531' title='bbox 1735 4269 1917 4339; x_wconf 89' lang='lat' dir='ltr'><strong>quiet</strong></span> 
     </span>
    </p>
   </div>
   <div class='ocr_carea' id='block_1_75' title="bbox 329 4342 1918 4425">
    <p class='ocr_par' dir='ltr' id='par_1_75' title="bbox 329 4342 1918 4425">
     <span class='ocr_line' id='line_1_75' title="bbox 329 4342 1918 4425; baseline 0.004 -19"><span class='ocrx_word' id='word_1_532' title='bbox 329 4350 681 4407; x_wconf 81' lang='lat' dir='ltr'><strong>Merinthiani</strong></span> <span class='ocrx_word' id='word_1_533' title='bbox 705 4393 719 4417; x_wconf 94' lang='lat'>,</span> <span class='ocrx_word' id='word_1_534' title='bbox 746 4342 1016 4418; x_wconf 69' lang='lat' dir='ltr'><strong>Natoraei,</strong></span> <span class='ocrx_word' id='word_1_535' title='bbox 1071 4355 1339 4424; x_wconf 68' lang='lat' dir='ltr'><strong>Ebionaai,</strong></span> <span class='ocrx_word' id='word_1_536' title='bbox 1371 4356 1665 4425; x_wconf 81' lang='lat' dir='ltr'><strong>Valentini,</strong></span> <span class='ocrx_word' id='word_1_537' title='bbox 1715 4358 1918 4422; x_wconf 83' lang='lat' dir='ltr'><strong>Secun-</strong></span> 
     </span>
    </p>
   </div>
   <div class='ocr_carea' id='block_1_76' title="bbox 329 4441 1913 4520">
    <p class='ocr_par' dir='ltr' id='par_1_76' title="bbox 329 4441 1913 4520">
     <span class='ocr_line' id='line_1_76' title="bbox 329 4441 1913 4520; baseline 0.008 -25"><span class='ocrx_word' id='word_1_538' title='bbox 329 4441 543 4496; x_wconf 71' lang='lat' dir='ltr'><strong>tliniani</strong></span> <span class='ocrx_word' id='word_1_539' title='bbox 570 4460 583 4496; x_wconf 91' lang='lat'><strong>:</strong></span> <span class='ocrx_word' id='word_1_540' title='bbox 612 4442 814 4513; x_wconf 89' lang='lat' dir='ltr'><strong>quibus</strong></span> <span class='ocrx_word' id='word_1_541' title='bbox 865 4446 1137 4502; x_wconf 88' lang='lat' dir='ltr'><strong>accedunt</strong></span> <span class='ocrx_word' id='word_1_542' title='bbox 1172 4445 1487 4520; x_wconf 85' lang='lat' dir='ltr'><strong>Epiphanes</strong></span> <span class='ocrx_word' id='word_1_543' title='bbox 1537 4457 1591 4505; x_wconf 88' lang='lat' dir='ltr'>et</span> <span class='ocrx_word' id='word_1_544' title='bbox 1620 4450 1913 4518; x_wconf 87' lang='lat' dir='ltr'><strong>&#39;lsidorus,</strong></span> 
     </span>
    </p>
   </div>
   <div class='ocr_carea' id='block_1_77' title="bbox 330 4530 1919 4611">
    <p class='ocr_par' dir='ltr' id='par_1_77' title="bbox 330 4530 1919 4611">
     <span class='ocr_line' id='line_1_77' title="bbox 330 4530 1919 4611; baseline 0.009 -25"><span class='ocrx_word' id='word_1_545' title='bbox 330 4530 638 4588; x_wconf 67' lang='lat' dir='ltr'><strong>Ptolemaei.</strong></span> <span class='ocrx_word' id='word_1_546' title='bbox 670 4533 726 4588; x_wconf 94' lang='lat' dir='ltr'>ln</span> <span class='ocrx_word' id='word_1_547' title='bbox 763 4535 927 4594; x_wconf 89' lang='lat' dir='ltr'><strong>tertio</strong></span> <span class='ocrx_word' id='word_1_548' title='bbox 964 4549 1146 4596; x_wconf 86' lang='lat' dir='ltr'><strong>autem</strong></span> <span class='ocrx_word' id='word_1_549' title='bbox 1186 4549 1337 4597; x_wconf 81' lang='lat' dir='ltr'><strong>torno</strong></span> <span class='ocrx_word' id='word_1_550' title='bbox 1372 4542 1578 4611; x_wconf 85' lang='lat' dir='ltr'><strong>prioris</strong></span> <span class='ocrx_word' id='word_1_551' title='bbox 1632 4543 1760 4599; x_wconf 90' lang='lat' dir='ltr'><strong>libri</strong></span> <span class='ocrx_word' id='word_1_552' title='bbox 1806 4542 1919 4599; x_wconf 66' lang='lat' dir='ltr'><strong>hae-</strong></span> 
     </span>
    </p>
   </div>
   <div class='ocr_carea' id='block_1_78' title="bbox 2015 3434 3619 3507">
    <p class='ocr_par' dir='ltr' id='par_1_78' title="bbox 2015 3434 3619 3507">
     <span class='ocr_line' id='line_1_78' title="bbox 2015 3434 3619 3507; baseline -0.002 -14"><span class='ocrx_word' id='word_1_553' title='bbox 2015 3437 2179 3499; x_wconf 80' lang='grc' dir='ltr'>τικοὶ,</span> <span class='ocrx_word' id='word_1_554' title='bbox 2215 3436 2576 3500; x_wconf 80' lang='grc' dir='ltr'>Πλατωνικοὶ,</span> <span class='ocrx_word' id='word_1_555' title='bbox 2607 3435 2861 3501; x_wconf 79' lang='grc' dir='ltr'>Στωϊκοὶ,</span> <span class='ocrx_word' id='word_1_556' title='bbox 2893 3434 3261 3507; x_wconf 75' lang='grc' dir='ltr'>Ἐπικούρειοι</span> <span class='ocrx_word' id='word_1_557' title='bbox 3290 3452 3305 3466; x_wconf 90' lang='grc'><strong>·</strong></span> <span class='ocrx_word' id='word_1_558' title='bbox 3339 3436 3619 3507; x_wconf 83' lang='grc' dir='ltr'>Σαμαρει-</span> 
     </span>
    </p>
   </div>
   <div class='ocr_carea' id='block_1_79' title="bbox 2015 3526 3615 3603">
    <p class='ocr_par' dir='ltr' id='par_1_79' title="bbox 2015 3526 3615 3603">
     <span class='ocr_line' id='line_1_79' title="bbox 2015 3526 3615 3603; baseline -0.001 -18"><span class='ocrx_word' id='word_1_559' title='bbox 2015 3531 2162 3603; x_wconf 81' lang='grc' dir='ltr'>τικὴ,</span> <span class='ocrx_word' id='word_1_560' title='bbox 2210 3526 2348 3585; x_wconf 82' lang='grc' dir='ltr'>οὖσα</span> <span class='ocrx_word' id='word_1_561' title='bbox 2397 3532 2463 3585; x_wconf 76' lang='grc' dir='ltr'>ὲκ</span> <span class='ocrx_word' id='word_1_562' title='bbox 2518 3529 2615 3584; x_wconf 84' lang='grc' dir='ltr'>τοῦ</span> <span class='ocrx_word' id='word_1_563' title='bbox 2660 3528 3022 3601; x_wconf 78' lang='grc' dir='ltr'>ἰουδαῖσμοῦ.</span> <span class='ocrx_word' id='word_1_564' title='bbox 3076 3528 3434 3602; x_wconf 72' lang='grc' dir='ltr'>Σαμαρειτῶν</span> <span class='ocrx_word' id='word_1_565' title='bbox 3474 3528 3615 3598; x_wconf 79' lang='grc' dir='ltr'>ἔθνη</span> 
     </span>
    </p>
   </div>
   <div class='ocr_carea' id='block_1_80' title="bbox 2014 3622 3616 3695">
    <p class='ocr_par' dir='ltr' id='par_1_80' title="bbox 2014 3622 3616 3695">
     <span class='ocr_line' id='line_1_80' title="bbox 2014 3622 3616 3695; baseline -0.001 -18"><span class='ocrx_word' id='word_1_566' title='bbox 2014 3624 2278 3695; x_wconf 83' lang='grc' dir='ltr'>τέσσαρα,</span> <span class='ocrx_word' id='word_1_567' title='bbox 2332 3622 2547 3688; x_wconf 74' lang='grc' dir='ltr'>οὕτως’</span> <span class='ocrx_word' id='word_1_568' title='bbox 2593 3623 2901 3694; x_wconf 79' lang='grc' dir='ltr'>Γορθηνοὶ,</span> <span class='ocrx_word' id='word_1_569' title='bbox 2956 3622 3276 3685; x_wconf 86' lang='grc' dir='ltr'>Σεϐουαῖοι,</span> <span class='ocrx_word' id='word_1_570' title='bbox 3339 3623 3616 3693; x_wconf 82' lang='grc' dir='ltr'>Ἐσσηνοὶ,</span> 
     </span>
    </p>
   </div>
   <div class='ocr_carea' id='block_1_81' title="bbox 2017 3713 3620 3786">
    <p class='ocr_par' dir='ltr' id='par_1_81' title="bbox 2017 3713 3620 3786">
     <span class='ocr_line' id='line_1_81' title="bbox 2017 3713 3620 3786; baseline -0.002 -17"><span class='ocrx_word' id='word_1_571' title='bbox 2017 3715 2277 3769; x_wconf 88' lang='grc' dir='ltr'>Δοσίθεοι.</span> <span class='ocrx_word' id='word_1_572' title='bbox 2327 3713 2598 3768; x_wconf 85' lang='grc' dir='ltr'>Ἰουδαίων</span> <span class='ocrx_word' id='word_1_573' title='bbox 2624 3713 2866 3786; x_wconf 83' lang='grc' dir='ltr'>αἱρέσεις</span> <span class='ocrx_word' id='word_1_574' title='bbox 2904 3713 3067 3778; x_wconf 78' lang='grc' dir='ltr'>ἑπτὰ,</span> <span class='ocrx_word' id='word_1_575' title='bbox 3097 3713 3271 3777; x_wconf 73' lang='grc' dir='ltr'>οὕτως</span> <span class='ocrx_word' id='word_1_576' title='bbox 3295 3731 3309 3745; x_wconf 88' lang='grc'><strong>·</strong></span> <span class='ocrx_word' id='word_1_577' title='bbox 3347 3714 3620 3785; x_wconf 67' lang='grc' dir='ltr'>Γραμμαα</span> 
     </span>
    </p>
   </div>
   <div class='ocr_carea' id='block_1_82' title="bbox 2022 3805 3615 3877">
    <p class='ocr_par' dir='ltr' id='par_1_82' title="bbox 2022 3805 3615 3877">
     <span class='ocr_line' id='line_1_82' title="bbox 2022 3805 3615 3877; baseline 0 -17"><span class='ocrx_word' id='word_1_578' title='bbox 2022 3809 2177 3872; x_wconf 86' lang='grc' dir='ltr'>τεῖς,</span> <span class='ocrx_word' id='word_1_579' title='bbox 2230 3807 2552 3876; x_wconf 80' lang='grc' dir='ltr'>Φαρισαῖοι,</span> <span class='ocrx_word' id='word_1_580' title='bbox 2629 3805 3017 3870; x_wconf 83' lang='grc' dir='ltr'>Σαδδουκαῖοι,</span> <span class='ocrx_word' id='word_1_581' title='bbox 3072 3805 3615 3877; x_wconf 78' lang='grc' dir='ltr'>Ἦμεροϐαπτισταὶ,</span> 
     </span>
    </p>
   </div>
   <div class='ocr_carea' id='block_1_83' title="bbox 2031 3897 3617 3970">
    <p class='ocr_par' dir='ltr' id='par_1_83' title="bbox 2031 3897 3617 3970">
     <span class='ocr_line' id='line_1_83' title="bbox 2031 3897 3617 3970; baseline -0.001 -19"><span class='ocrx_word' id='word_1_582' title='bbox 2031 3898 2296 3960; x_wconf 86' lang='grc' dir='ltr'>Ὀσσαῖοι,</span> <span class='ocrx_word' id='word_1_583' title='bbox 2334 3897 2664 3970; x_wconf 86' lang='grc' dir='ltr'>Νασαραῖοι,</span> <span class='ocrx_word' id='word_1_584' title='bbox 2693 3897 3037 3969; x_wconf 86' lang='grc' dir='ltr'>Ἥρωδιανοί.</span> <span class='ocrx_word' id='word_1_585' title='bbox 3066 3898 3155 3951; x_wconf 85' lang='grc' dir='ltr'>Ἐν</span> <span class='ocrx_word' id='word_1_586' title='bbox 3176 3897 3233 3951; x_wconf 85' lang='grc' dir='ltr'>δὲ</span> <span class='ocrx_word' id='word_1_587' title='bbox 3262 3897 3340 3969; x_wconf 85' lang='grc' dir='ltr'>τῷ</span> <span class='ocrx_word' id='word_1_588' title='bbox 3371 3898 3617 3969; x_wconf 86' lang='grc' dir='ltr'>δευτέρῳ</span> 
     </span>
    </p>
   </div>
   <div class='ocr_carea' id='block_1_84' title="bbox 2016 3988 3620 4062">
    <p class='ocr_par' dir='ltr' id='par_1_84' title="bbox 2016 3988 3620 4062">
     <span class='ocr_line' id='line_1_84' title="bbox 2016 3988 3620 4062; baseline 0.001 -20"><span class='ocrx_word' id='word_1_589' title='bbox 2016 3989 2169 4061; x_wconf 88' lang='grc' dir='ltr'>τόμῳ</span> <span class='ocrx_word' id='word_1_590' title='bbox 2222 3988 2318 4044; x_wconf 83' lang='grc' dir='ltr'>τοῦ</span> <span class='ocrx_word' id='word_1_591' title='bbox 2378 3988 2595 4062; x_wconf 89' lang='grc' dir='ltr'>πρώτου</span> <span class='ocrx_word' id='word_1_592' title='bbox 2644 3988 2851 4062; x_wconf 88' lang='grc' dir='ltr'>βιϐλίου</span> <span class='ocrx_word' id='word_1_593' title='bbox 2879 3988 3143 4054; x_wconf 82' lang='grc' dir='ltr'>ὡσαύτως</span> <span class='ocrx_word' id='word_1_594' title='bbox 3183 3989 3428 4062; x_wconf 87' lang='grc' dir='ltr'>αἱρέσεις</span> <span class='ocrx_word' id='word_1_595' title='bbox 3454 3989 3620 4044; x_wconf 85' lang='grc' dir='ltr'>δεκα-</span> 
     </span>
    </p>
   </div>
   <div class='ocr_carea' id='block_1_85' title="bbox 2016 4080 3621 4155">
    <p class='ocr_par' dir='ltr' id='par_1_85' title="bbox 2016 4080 3621 4155">
     <span class='ocr_line' id='line_1_85' title="bbox 2016 4080 3621 4155; baseline 0.002 -21"><span class='ocrx_word' id='word_1_596' title='bbox 2016 4084 2186 4152; x_wconf 82' lang='grc' dir='ltr'>τρεῖς,</span> <span class='ocrx_word' id='word_1_597' title='bbox 2235 4080 2443 4144; x_wconf 81' lang='grc' dir='ltr'>οὖτως-</span> <span class='ocrx_word' id='word_1_598' title='bbox 2494 4083 2843 4153; x_wconf 77' lang='grc' dir='ltr'>Σιμωνιανοὶ,</span> <span class='ocrx_word' id='word_1_599' title='bbox 2876 4082 3292 4153; x_wconf 79' lang='grc' dir='ltr'>Μενανδριανοὶ,</span> <span class='ocrx_word' id='word_1_600' title='bbox 3359 4083 3621 4155; x_wconf 84' lang='grc' dir='ltr'>Σατορνι-</span> 
     </span>
    </p>
   </div>
   <div class='ocr_carea' id='block_1_86' title="bbox 2017 4172 3619 4240">
    <p class='ocr_par' dir='ltr' id='par_1_86' title="bbox 2017 4172 3619 4240">
     <span class='ocr_line' id='line_1_86' title="bbox 2017 4172 3619 4240; baseline 0.002 -14"><span class='ocrx_word' id='word_1_601' title='bbox 2017 4173 2210 4240; x_wconf 82' lang='grc' dir='ltr'>λιανοὶ,</span> <span class='ocrx_word' id='word_1_602' title='bbox 2241 4174 2632 4229; x_wconf 72' lang='grc' dir='ltr'>Βασιλειδιανοὶ</span> <span class='ocrx_word' id='word_1_603' title='bbox 2658 4216 2670 4233; x_wconf 87' lang='grc'>,</span> <span class='ocrx_word' id='word_1_604' title='bbox 2709 4172 3057 4238; x_wconf 75' lang='grc' dir='ltr'>Νικολαῗται,</span> <span class='ocrx_word' id='word_1_605' title='bbox 3091 4173 3411 4234; x_wconf 82' lang='grc' dir='ltr'>Γνωστικοὶ.</span> <span class='ocrx_word' id='word_1_606' title='bbox 3441 4175 3493 4227; x_wconf 91' lang='grc' dir='ltr'>οἱ</span> <span class='ocrx_word' id='word_1_607' title='bbox 3520 4175 3619 4229; x_wconf 70' lang='grc' dir='ltr'>καὶ</span> 
     </span>
    </p>
   </div>
   <div class='ocr_carea' id='block_1_87' title="bbox 2019 4265 3617 4337">
    <p class='ocr_par' dir='ltr' id='par_1_87' title="bbox 2019 4265 3617 4337">
     <span class='ocr_line' id='line_1_87' title="bbox 2019 4265 3617 4337; baseline 0.002 -20"><span class='ocrx_word' id='word_1_608' title='bbox 2019 4265 2434 4336; x_wconf 78' lang='grc' dir='ltr'>Στρατιωτικοὶ,</span> <span class='ocrx_word' id='word_1_609' title='bbox 2473 4266 2567 4318; x_wconf 73' lang='grc' dir='ltr'>καὶ</span> <span class='ocrx_word' id='word_1_610' title='bbox 2595 4265 2907 4320; x_wconf 84' lang='grc' dir='ltr'>Φιϐιωνῖται</span> <span class='ocrx_word' id='word_1_611' title='bbox 2939 4268 2987 4319; x_wconf 91' lang='grc' dir='ltr'>οἱ</span> <span class='ocrx_word' id='word_1_612' title='bbox 3004 4266 3181 4331; x_wconf 73' lang='grc' dir='ltr'>αὐτοὶ,</span> <span class='ocrx_word' id='word_1_613' title='bbox 3215 4265 3368 4337; x_wconf 74' lang='grc' dir='ltr'>παρὰ</span> <span class='ocrx_word' id='word_1_614' title='bbox 3408 4266 3465 4320; x_wconf 92' lang='grc' dir='ltr'>δέ</span> <span class='ocrx_word' id='word_1_615' title='bbox 3507 4284 3617 4320; x_wconf 86' lang='grc' dir='ltr'>τισι</span> 
     </span>
    </p>
   </div>
   <div class='ocr_carea' id='block_1_88' title="bbox 2020 4353 3618 4429">
    <p class='ocr_par' dir='ltr' id='par_1_88' title="bbox 2020 4353 3618 4429">
     <span class='ocr_line' id='line_1_88' title="bbox 2020 4353 3618 4429; baseline 0.001 -20"><span class='ocrx_word' id='word_1_616' title='bbox 2020 4353 2412 4422; x_wconf 81' lang='grc' dir='ltr'>Σεκουνόιανοὶ,</span> <span class='ocrx_word' id='word_1_617' title='bbox 2457 4359 2608 4428; x_wconf 68' lang='grc' dir='ltr'>παρὰ</span> <span class='ocrx_word' id='word_1_618' title='bbox 2649 4357 2706 4411; x_wconf 84' lang='grc' dir='ltr'>δὲ</span> <span class='ocrx_word' id='word_1_619' title='bbox 2736 4357 2915 4421; x_wconf 78' lang='grc' dir='ltr'>ἄλλοις</span> <span class='ocrx_word' id='word_1_620' title='bbox 2945 4358 3229 4428; x_wconf 87' lang='grc' dir='ltr'>Ζακχαῖοι,</span> <span class='ocrx_word' id='word_1_621' title='bbox 3263 4359 3313 4411; x_wconf 93' lang='grc' dir='ltr'>οἱ</span> <span class='ocrx_word' id='word_1_622' title='bbox 3345 4358 3618 4429; x_wconf 79' lang='grc' dir='ltr'>καλούμε-</span> 
     </span>
    </p>
   </div>
   <div class='ocr_carea' id='block_1_89' title="bbox 2021 4448 3615 4523">
    <p class='ocr_par' dir='ltr' id='par_1_89' title="bbox 2021 4448 3615 4523">
     <span class='ocr_line' id='line_1_89' title="bbox 2021 4448 3615 4523; baseline 0.003 -21"><span class='ocrx_word' id='word_1_623' title='bbox 2021 4466 2101 4502; x_wconf 92' lang='grc' dir='ltr'>νοι</span> <span class='ocrx_word' id='word_1_624' title='bbox 2129 4450 2225 4504; x_wconf 77' lang='grc' dir='ltr'>καὶ</span> <span class='ocrx_word' id='word_1_625' title='bbox 2263 4448 2566 4513; x_wconf 80' lang='grc' dir='ltr'>Κοδδιανοὶ,</span> <span class='ocrx_word' id='word_1_626' title='bbox 2615 4451 2709 4505; x_wconf 73' lang='grc' dir='ltr'>καὶ</span> <span class='ocrx_word' id='word_1_627' title='bbox 2742 4450 3090 4522; x_wconf 81' lang='grc' dir='ltr'>Βορϐορῖται,</span> <span class='ocrx_word' id='word_1_628' title='bbox 3124 4451 3219 4505; x_wconf 81' lang='grc' dir='ltr'>καὶ</span> <span class='ocrx_word' id='word_1_629' title='bbox 3254 4450 3615 4523; x_wconf 86' lang='grc' dir='ltr'>Βαρϐηλίται,</span> 
     </span>
    </p>
   </div>
   <div class='ocr_carea' id='block_1_90' title="bbox 2020 4524 3671 4616">
    <p class='ocr_par' dir='ltr' id='par_1_90' title="bbox 2020 4524 3671 4616">
     <span class='ocr_line' id='line_1_90' title="bbox 2020 4524 3671 4616; baseline 0.004 -21"><span class='ocrx_word' id='word_1_630' title='bbox 2020 4542 2498 4612; x_wconf 74' lang='grc' dir='ltr'>Καρποκρατῖται,</span> <span class='ocrx_word' id='word_1_631' title='bbox 2515 4541 2889 4611; x_wconf 83' lang='grc' dir='ltr'>Κηρινθιανοὶ,</span> <span class='ocrx_word' id='word_1_632' title='bbox 2906 4542 3075 4597; x_wconf 79' lang='grc' dir='ltr'>οἱκαὶ</span> <span class='ocrx_word' id='word_1_633' title='bbox 3101 4543 3487 4616; x_wconf 87' lang='grc' dir='ltr'>Μηρινθιανοί·</span> <span class='ocrx_word' id='word_1_634' title='bbox 3507 4547 3617 4601; x_wconf 86' lang='grc' dir='ltr'>Να-</span> <span class='ocrx_word' id='word_1_635' title='bbox 3662 4524 3671 4533; x_wconf 32' lang='grc' dir='ltr'>θ</span> 
     </span>
    </p>
   </div>
   <div class='ocr_carea' id='block_1_91' title="bbox 328 4624 1917 4718">
    <p class='ocr_par' dir='ltr' id='par_1_91' title="bbox 328 4624 1917 4701">
     <span class='ocr_line' id='line_1_91' title="bbox 328 4624 1917 4701; baseline 0.007 -22"><span class='ocrx_word' id='word_1_636' title='bbox 328 4638 481 4681; x_wconf 82' lang='lat' dir='ltr'><strong>reses</strong></span> <span class='ocrx_word' id='word_1_637' title='bbox 507 4624 694 4681; x_wconf 89' lang='lat' dir='ltr'><strong>itidem</strong></span> <span class='ocrx_word' id='word_1_638' title='bbox 721 4643 820 4682; x_wconf 66' lang='grc' dir='ltr'>χιιι</span> <span class='ocrx_word' id='word_1_639' title='bbox 856 4637 985 4685; x_wconf 88' lang='lat' dir='ltr'><strong>sunt</strong></span> <span class='ocrx_word' id='word_1_640' title='bbox 1021 4647 1036 4684; x_wconf 89' lang='lat'><strong>:</strong></span> <span class='ocrx_word' id='word_1_641' title='bbox 1074 4626 1352 4698; x_wconf 77' lang='lat' dir='ltr'><strong>Marcosii,</strong></span> <span class='ocrx_word' id='word_1_642' title='bbox 1383 4633 1711 4701; x_wconf 84' lang='lat' dir='ltr'><strong>Colorbasii,</strong></span> <span class='ocrx_word' id='word_1_643' title='bbox 1746 4624 1917 4692; x_wconf 82' lang='lat' dir='ltr'><strong>Hera-</strong></span> 
     </span>
    </p>
   </div>
   <div class='ocr_carea' id='block_1_92' title="bbox 2021 4624 3618 4718">
    <p class='ocr_par' dir='ltr' id='par_1_92' title="bbox 2021 4631 3618 4704">
     <span class='ocr_line' id='line_1_92' title="bbox 2021 4631 3618 4704; baseline 0.004 -18"><span class='ocrx_word' id='word_1_644' title='bbox 2021 4631 2269 4704; x_wconf 78' lang='grc' dir='ltr'>ξωραῖοι,</span> <span class='ocrx_word' id='word_1_645' title='bbox 2322 4632 2650 4699; x_wconf 86' lang='grc' dir='ltr'>Ἑϐιωναίοι,</span> <span class='ocrx_word' id='word_1_646' title='bbox 2693 4636 3061 4701; x_wconf 86' lang='grc' dir='ltr'>Οὐαλεντῖνοι,</span> <span class='ocrx_word' id='word_1_647' title='bbox 3093 4636 3498 4704; x_wconf 81' lang='grc' dir='ltr'>Σεκουνδιανοὶ,</span> <span class='ocrx_word' id='word_1_648' title='bbox 3536 4633 3618 4703; x_wconf 76' lang='grc' dir='ltr'>οἷς</span> 
     </span>
    </p>
   </div>
   <div class='ocr_carea' id='block_1_93' title="bbox 329 4715 1915 4797">
    <p class='ocr_par' dir='ltr' id='par_1_93' title="bbox 329 4715 1915 4797">
     <span class='ocr_line' id='line_1_93' title="bbox 329 4715 1915 4797; baseline 0.009 -29"><span class='ocrx_word' id='word_1_649' title='bbox 329 4715 614 4783; x_wconf 71' lang='lat' dir='ltr'><strong>cleonitae,</strong></span> <span class='ocrx_word' id='word_1_650' title='bbox 672 4716 906 4789; x_wconf 62' lang='lat' dir='ltr'><strong>Ophita,</strong></span> <span class='ocrx_word' id='word_1_651' title='bbox 966 4721 1178 4789; x_wconf 85' lang='lat' dir='ltr'><strong>Caiani,</strong></span> <span class='ocrx_word' id='word_1_652' title='bbox 1241 4720 1510 4792; x_wconf 88' lang='lat' dir='ltr'><strong>Sethiani,</strong></span> <span class='ocrx_word' id='word_1_653' title='bbox 1573 4724 1915 4797; x_wconf 84' lang='lat' dir='ltr'><strong>Archontici,</strong></span> 
     </span>
    </p>
   </div>
   <div class='ocr_carea' id='block_1_94' title="bbox 326 4806 1919 4893">
    <p class='ocr_par' dir='ltr' id='par_1_94' title="bbox 326 4806 1919 4893">
     <span class='ocr_line' id='line_1_94' title="bbox 326 4806 1919 4893; baseline 0.009 -30"><span class='ocrx_word' id='word_1_654' title='bbox 326 4806 696 4877; x_wconf 81' lang='lat' dir='ltr'><strong>Cerdoniani,</strong></span> <span class='ocrx_word' id='word_1_655' title='bbox 745 4811 1088 4881; x_wconf 72' lang='lat' dir='ltr'><strong>Marciones,</strong></span> <span class='ocrx_word' id='word_1_656' title='bbox 1146 4814 1512 4886; x_wconf 70' lang='lat' dir='ltr'><strong>Lucianistaa,</strong></span> <span class='ocrx_word' id='word_1_657' title='bbox 1560 4812 1919 4893; x_wconf 87' lang='lat' dir='ltr'><strong>Appelleiani,</strong></span> 
     </span>
    </p>
   </div>
   <div class='ocr_carea' id='block_1_95' title="bbox 331 4900 1918 4971">
    <p class='ocr_par' dir='ltr' id='par_1_95' title="bbox 331 4900 1918 4971">
     <span class='ocr_line' id='line_1_95' title="bbox 331 4900 1918 4971; baseline 0.009 -16"><span class='ocrx_word' id='word_1_658' title='bbox 331 4900 648 4971; x_wconf 85' lang='lat' dir='ltr'><strong>Severiani,</strong></span> <span class='ocrx_word' id='word_1_659' title='bbox 710 4902 954 4962; x_wconf 86' lang='lat' dir='ltr'><strong>Tatiani.</strong></span> <span class='ocrx_word' id='word_1_660' title='bbox 1016 4905 1145 4964; x_wconf 66' lang='lat' dir='ltr'><strong>Haec</strong></span> <span class='ocrx_word' id='word_1_661' title='bbox 1214 4918 1302 4967; x_wconf 91' lang='lat' dir='ltr'>est</span> <span class='ocrx_word' id='word_1_662' title='bbox 1369 4927 1583 4967; x_wconf 89' lang='lat' dir='ltr'><strong>summa</strong></span> <span class='ocrx_word' id='word_1_663' title='bbox 1646 4921 1918 4969; x_wconf 89' lang='lat' dir='ltr'><strong>tomorum</strong></span> 
     </span>
    </p>
   </div>
   <div class='ocr_carea' id='block_1_96' title="bbox 328 4994 1921 5066">
    <p class='ocr_par' dir='ltr' id='par_1_96' title="bbox 328 4994 1921 5066">
     <span class='ocr_line' id='line_1_96' title="bbox 328 4994 1921 5066; baseline 0.008 -19"><span class='ocrx_word' id='word_1_664' title='bbox 328 4994 494 5049; x_wconf 90' lang='lat' dir='ltr'><strong>trium</strong></span> <span class='ocrx_word' id='word_1_665' title='bbox 551 4998 710 5066; x_wconf 89' lang='lat' dir='ltr'><strong>primi</strong></span> <span class='ocrx_word' id='word_1_666' title='bbox 765 4999 914 5055; x_wconf 75' lang='lat' dir='ltr'><strong>libri.</strong></span> <span class='ocrx_word' id='word_1_667' title='bbox 977 4996 1213 5057; x_wconf 89' lang='lat' dir='ltr'><strong>Secundi</strong></span> <span class='ocrx_word' id='word_1_668' title='bbox 1268 5018 1402 5059; x_wconf 89' lang='lat' dir='ltr'><strong>vero</strong></span> <span class='ocrx_word' id='word_1_669' title='bbox 1454 5004 1577 5059; x_wconf 87' lang='lat' dir='ltr'><strong>libri</strong></span> <span class='ocrx_word' id='word_1_670' title='bbox 1633 5007 1765 5061; x_wconf 90' lang='lat' dir='ltr'><strong>tomi</strong></span> <span class='ocrx_word' id='word_1_671' title='bbox 1810 5005 1921 5060; x_wconf 92' lang='lat' dir='ltr'>duo</span> 
     </span>
    </p>
   </div>
   <div class='ocr_carea' id='block_1_97' title="bbox 331 5088 1919 5168">
    <p class='ocr_par' dir='ltr' id='par_1_97' title="bbox 331 5088 1919 5168">
     <span class='ocr_line' id='line_1_97' title="bbox 331 5088 1919 5168; baseline 0.007 -27"><span class='ocrx_word' id='word_1_672' title='bbox 331 5094 481 5150; x_wconf 85' lang='lat' dir='ltr'><strong>sunt,</strong></span> <span class='ocrx_word' id='word_1_673' title='bbox 520 5088 682 5155; x_wconf 89' lang='lat' dir='ltr'><strong>cujus</strong></span> <span class='ocrx_word' id='word_1_674' title='bbox 724 5090 778 5145; x_wconf 91' lang='lat' dir='ltr'>in</span> <span class='ocrx_word' id='word_1_675' title='bbox 824 5093 1007 5163; x_wconf 88' lang='lat' dir='ltr'><strong>priore</strong></span> <span class='ocrx_word' id='word_1_676' title='bbox 1063 5101 1235 5160; x_wconf 89' lang='lat' dir='ltr'><strong>tomo,</strong></span> <span class='ocrx_word' id='word_1_677' title='bbox 1294 5096 1385 5167; x_wconf 90' lang='lat' dir='ltr'>qui</span> <span class='ocrx_word' id='word_1_678' title='bbox 1431 5105 1661 5168; x_wconf 88' lang='lat' dir='ltr'><strong>quartus</strong></span> <span class='ocrx_word' id='word_1_679' title='bbox 1706 5109 1810 5164; x_wconf 86' lang='lat' dir='ltr'><strong>est,</strong></span> <span class='ocrx_word' id='word_1_680' title='bbox 1874 5099 1919 5153; x_wconf 91' lang='lat' dir='ltr'>si</span> 
     </span>
    </p>
   </div>
   <div class='ocr_carea' id='block_1_98' title="bbox 333 5177 1919 5255">
    <p class='ocr_par' dir='ltr' id='par_1_98' title="bbox 333 5177 1919 5255">
     <span class='ocr_line' id='line_1_98' title="bbox 333 5177 1919 5255; baseline 0.008 -25"><span class='ocrx_word' id='word_1_681' title='bbox 333 5185 511 5233; x_wconf 89' lang='lat' dir='ltr'><strong>tomos</strong></span> <span class='ocrx_word' id='word_1_682' title='bbox 540 5177 798 5252; x_wconf 88' lang='lat' dir='ltr'><strong>deinceps</strong></span> <span class='ocrx_word' id='word_1_683' title='bbox 845 5185 911 5240; x_wconf 89' lang='lat' dir='ltr'>ab</span> <span class='ocrx_word' id='word_1_684' title='bbox 952 5186 1110 5242; x_wconf 90' lang='lat' dir='ltr'><strong>initio</strong></span> <span class='ocrx_word' id='word_1_685' title='bbox 1154 5204 1445 5255; x_wconf 90' lang='lat' dir='ltr'><strong>numeres,</strong></span> <span class='ocrx_word' id='word_1_686' title='bbox 1486 5190 1720 5246; x_wconf 67' lang='lat' dir='ltr'><strong>haereses</strong></span> <span class='ocrx_word' id='word_1_687' title='bbox 1786 5206 1919 5244; x_wconf 82' lang='lat' dir='ltr'>xvm</span> 
     </span>
    </p>
   </div>
   <div class='ocr_carea' id='block_1_99' title="bbox 335 5268 1919 5351">
    <p class='ocr_par' dir='ltr' id='par_1_99' title="bbox 335 5268 1919 5351">
     <span class='ocr_line' id='line_1_99' title="bbox 335 5268 1919 5351; baseline 0.009 -30"><span class='ocrx_word' id='word_1_688' title='bbox 335 5268 692 5325; x_wconf 88' lang='lat' dir='ltr'><strong>continentur</strong></span> <span class='ocrx_word' id='word_1_689' title='bbox 747 5272 852 5329; x_wconf 90' lang='lat' dir='ltr'>hoc</span> <span class='ocrx_word' id='word_1_690' title='bbox 907 5277 1458 5345; x_wconf 68' lang='lat' dir='ltr'><strong>modozEncratitze,</strong></span> <span class='ocrx_word' id='word_1_691' title='bbox 1524 5278 1919 5351; x_wconf 82' lang='lat' dir='ltr'><strong>Cataphrygcs,</strong></span> 
     </span>
    </p>
   </div>
   <div class='ocr_carea' id='block_1_100' title="bbox 333 5357 1921 5441">
    <p class='ocr_par' dir='ltr' id='par_1_100' title="bbox 333 5357 1921 5441">
     <span class='ocr_line' id='line_1_100' title="bbox 333 5357 1921 5441; baseline 0.009 -31"><span class='ocrx_word' id='word_1_692' title='bbox 333 5357 429 5425; x_wconf 89' lang='lat' dir='ltr'>qui</span> <span class='ocrx_word' id='word_1_693' title='bbox 477 5366 533 5413; x_wconf 87' lang='lat' dir='ltr'>et</span> <span class='ocrx_word' id='word_1_694' title='bbox 575 5357 943 5424; x_wconf 71' lang='lat' dir='ltr'><strong>Montanislae.</strong></span> <span class='ocrx_word' id='word_1_695' title='bbox 1000 5381 1064 5420; x_wconf 87' lang='lat' dir='ltr'>ac</span> <span class='ocrx_word' id='word_1_696' title='bbox 1116 5358 1549 5441; x_wconf 66' lang='lat' dir='ltr'><strong>Tascodrugitm.</strong></span> <span class='ocrx_word' id='word_1_697' title='bbox 1607 5370 1921 5441; x_wconf 84' lang='lat' dir='ltr'><strong>Pepuziani,</strong></span> 
     </span>
    </p>
   </div>
   <div class='ocr_carea' id='block_1_101' title="bbox 332 5445 1919 5534">
    <p class='ocr_par' dir='ltr' id='par_1_101' title="bbox 332 5445 1919 5534">
     <span class='ocr_line' id='line_1_101' title="bbox 332 5445 1919 5534; baseline 0.013 -37"><span class='ocrx_word' id='word_1_698' title='bbox 332 5445 424 5534; x_wconf 88' lang='lat' dir='ltr'>qui</span> <span class='ocrx_word' id='word_1_699' title='bbox 457 5457 507 5502; x_wconf 87' lang='lat' dir='ltr'>et</span> <span class='ocrx_word' id='word_1_700' title='bbox 543 5447 890 5517; x_wconf 81' lang='lat' dir='ltr'><strong>Quintiliani,</strong></span> <span class='ocrx_word' id='word_1_701' title='bbox 927 5457 1129 5526; x_wconf 89' lang='lat' dir='ltr'><strong>quibus</strong></span> <span class='ocrx_word' id='word_1_702' title='bbox 1171 5459 1544 5532; x_wconf 79' lang='lat' dir='ltr'><strong>adjunguntur</strong></span> <span class='ocrx_word' id='word_1_703' title='bbox 1581 5460 1919 5534; x_wconf 70' lang='lat' dir='ltr'><strong>Artotyritm,</strong></span> 
     </span>
    </p>
   </div>
   <div class='ocr_carea' id='block_1_102' title="bbox 335 5533 1919 5617">
    <p class='ocr_par' dir='ltr' id='par_1_102' title="bbox 335 5533 1919 5617">
     <span class='ocr_line' id='line_1_102' title="bbox 335 5533 1919 5617; baseline 0.013 -29"><span class='ocrx_word' id='word_1_704' title='bbox 335 5533 949 5608; x_wconf 68' lang='lat' dir='ltr'><strong>&#39;l&#39;essarescmdecatitze,</strong></span> <span class='ocrx_word' id='word_1_705' title='bbox 995 5547 1087 5617; x_wconf 90' lang='lat' dir='ltr'>qui</span> <span class='ocrx_word' id='word_1_706' title='bbox 1138 5546 1347 5605; x_wconf 85' lang='lat' dir='ltr'><strong>Pascha</strong></span> <span class='ocrx_word' id='word_1_707' title='bbox 1394 5553 1448 5606; x_wconf 90' lang='lat' dir='ltr'>in</span> <span class='ocrx_word' id='word_1_708' title='bbox 1498 5553 1743 5609; x_wconf 86' lang='lat' dir='ltr'><strong>eamdem</strong></span> <span class='ocrx_word' id='word_1_709' title='bbox 1792 5554 1919 5608; x_wconf 89' lang='lat' dir='ltr'><strong>anni</strong></span> 
     </span>
    </p>
   </div>
   <div class='ocr_carea' id='block_1_103' title="bbox 335 5621 1920 5711">
    <p class='ocr_par' dir='ltr' id='par_1_103' title="bbox 335 5621 1920 5711">
     <span class='ocr_line' id='line_1_103' title="bbox 335 5621 1920 5711; baseline 0.013 -37"><span class='ocrx_word' id='word_1_710' title='bbox 335 5621 478 5677; x_wconf 85' lang='lat' dir='ltr'><strong>diem</strong></span> <span class='ocrx_word' id='word_1_711' title='bbox 507 5629 809 5697; x_wconf 88' lang='lat' dir='ltr'><strong>conjiciunt</strong></span> <span class='ocrx_word' id='word_1_712' title='bbox 842 5654 852 5688; x_wconf 96' lang='lat'>:</span> <span class='ocrx_word' id='word_1_713' title='bbox 883 5634 1060 5706; x_wconf 83' lang='lat' dir='ltr'><strong>Alogi,</strong></span> <span class='ocrx_word' id='word_1_714' title='bbox 1094 5636 1188 5707; x_wconf 89' lang='lat' dir='ltr'>qui</span> <span class='ocrx_word' id='word_1_715' title='bbox 1221 5646 1273 5693; x_wconf 88' lang='lat' dir='ltr'>et</span> <span class='ocrx_word' id='word_1_716' title='bbox 1304 5637 1657 5709; x_wconf 85' lang='lat' dir='ltr'><strong>Evangelium</strong></span> <span class='ocrx_word' id='word_1_717' title='bbox 1694 5650 1746 5695; x_wconf 88' lang='lat' dir='ltr'>et</span> <span class='ocrx_word' id='word_1_718' title='bbox 1778 5640 1920 5711; x_wconf 75' lang='lat' dir='ltr'><strong>Apo-</strong></span> 
     </span>
    </p>
   </div>
   <div class='ocr_carea' id='block_1_104' title="bbox 335 5717 1916 5804">
    <p class='ocr_par' dir='ltr' id='par_1_104' title="bbox 335 5717 1916 5804">
     <span class='ocr_line' id='line_1_104' title="bbox 335 5717 1916 5804; baseline 0.01 -33"><span class='ocrx_word' id='word_1_719' title='bbox 335 5717 580 5788; x_wconf 76' lang='lat' dir='ltr'><strong>calypsin</strong></span> <span class='ocrx_word' id='word_1_720' title='bbox 621 5720 848 5783; x_wconf 78' lang='lat' dir='ltr'><strong>Joannis</strong></span> <span class='ocrx_word' id='word_1_721' title='bbox 896 5730 1207 5800; x_wconf 85' lang='lat' dir='ltr'><strong>repudiant,</strong></span> <span class='ocrx_word' id='word_1_722' title='bbox 1270 5731 1579 5796; x_wconf 79' lang='lat' dir='ltr'><strong>Adaniiani,</strong></span> <span class='ocrx_word' id='word_1_723' title='bbox 1630 5731 1916 5804; x_wconf 65' lang='lat' dir='ltr'><strong>Sampsaai,</strong></span> 
     </span>
    </p>
   </div>
   <div class='ocr_carea' id='block_1_105' title="bbox 2026 4725 3616 4805">
    <p class='ocr_par' dir='ltr' id='par_1_105' title="bbox 2026 4725 3616 4805">
     <span class='ocr_line' id='line_1_105' title="bbox 2026 4725 3616 4805; baseline 0.005 -26"><span class='ocrx_word' id='word_1_724' title='bbox 2026 4725 2386 4781; x_wconf 80' lang='grc' dir='ltr'>συνάπτονται</span> <span class='ocrx_word' id='word_1_725' title='bbox 2400 4727 2704 4801; x_wconf 85' lang='grc' dir='ltr'>Ἐπιφανὴς</span> <span class='ocrx_word' id='word_1_726' title='bbox 2719 4729 2815 4782; x_wconf 81' lang='grc' dir='ltr'>καὶ</span> <span class='ocrx_word' id='word_1_727' title='bbox 2844 4729 3136 4802; x_wconf 87' lang='grc' dir='ltr'>Ἰσίδωρος,</span> <span class='ocrx_word' id='word_1_728' title='bbox 3158 4730 3510 4805; x_wconf 81' lang='grc' dir='ltr'>Πτολεμαῖοι.</span> <span class='ocrx_word' id='word_1_729' title='bbox 3529 4733 3616 4786; x_wconf 82' lang='grc' dir='ltr'>Ἑν</span> 
     </span>
    </p>
   </div>
   <div class='ocr_carea' id='block_1_106' title="bbox 2024 4817 3615 4897">
    <p class='ocr_par' dir='ltr' id='par_1_106' title="bbox 2024 4817 3615 4897">
     <span class='ocr_line' id='line_1_106' title="bbox 2024 4817 3615 4897; baseline 0.005 -26"><span class='ocrx_word' id='word_1_730' title='bbox 2024 4817 2080 4871; x_wconf 76' lang='grc' dir='ltr'>δὲ</span> <span class='ocrx_word' id='word_1_731' title='bbox 2094 4817 2170 4889; x_wconf 85' lang='grc' dir='ltr'>τῷ</span> <span class='ocrx_word' id='word_1_732' title='bbox 2202 4818 2372 4891; x_wconf 86' lang='grc' dir='ltr'>τρίτῳ</span> <span class='ocrx_word' id='word_1_733' title='bbox 2398 4819 2551 4891; x_wconf 87' lang='grc' dir='ltr'>τόμῳ</span> <span class='ocrx_word' id='word_1_734' title='bbox 2569 4819 2665 4874; x_wconf 88' lang='grc' dir='ltr'>τοῦ</span> <span class='ocrx_word' id='word_1_735' title='bbox 2697 4820 2864 4874; x_wconf 83' lang='grc' dir='ltr'>αὐτοῦ</span> <span class='ocrx_word' id='word_1_736' title='bbox 2880 4820 3101 4894; x_wconf 86' lang='grc' dir='ltr'>πρώτου</span> <span class='ocrx_word' id='word_1_737' title='bbox 3126 4821 3335 4894; x_wconf 86' lang='grc' dir='ltr'>βιϐλίου</span> <span class='ocrx_word' id='word_1_738' title='bbox 3370 4824 3615 4897; x_wconf 84' lang='grc' dir='ltr'>αἱρέσεις</span> 
     </span>
    </p>
   </div>
   <div class='ocr_carea' id='block_1_107' title="bbox 2022 4910 3616 4988">
    <p class='ocr_par' dir='ltr' id='par_1_107' title="bbox 2022 4910 3616 4988">
     <span class='ocr_line' id='line_1_107' title="bbox 2022 4910 3616 4988; baseline 0.005 -25"><span class='ocrx_word' id='word_1_739' title='bbox 2022 4910 2325 4981; x_wconf 88' lang='grc' dir='ltr'>δεκατρεῖς,</span> <span class='ocrx_word' id='word_1_740' title='bbox 2368 4911 2572 4976; x_wconf 76' lang='grc' dir='ltr'>οὕτως’</span> <span class='ocrx_word' id='word_1_741' title='bbox 2630 4912 2974 4984; x_wconf 84' lang='grc' dir='ltr'>Μαρκώσιοι,</span> <span class='ocrx_word' id='word_1_742' title='bbox 3019 4915 3405 4988; x_wconf 81' lang='grc' dir='ltr'>Κολορϐάσιοι,</span> <span class='ocrx_word' id='word_1_743' title='bbox 3452 4918 3616 4987; x_wconf 83' lang='grc' dir='ltr'>Ἦρα-</span> 
     </span>
    </p>
   </div>
   <div class='ocr_carea' id='block_1_108' title="bbox 2026 5002 3610 5082">
    <p class='ocr_par' dir='ltr' id='par_1_108' title="bbox 2026 5002 3610 5082">
     <span class='ocr_line' id='line_1_108' title="bbox 2026 5002 3610 5082; baseline 0.001 -25"><span class='ocrx_word' id='word_1_744' title='bbox 2026 5002 2334 5070; x_wconf 81' lang='grc' dir='ltr'>κλεωνῖται,</span> <span class='ocrx_word' id='word_1_745' title='bbox 2375 5005 2608 5073; x_wconf 80' lang='grc' dir='ltr'>’οφἰται,</span> <span class='ocrx_word' id='word_1_746' title='bbox 2651 5007 2903 5073; x_wconf 80' lang='grc' dir='ltr'>Καῖανοὶ,</span> <span class='ocrx_word' id='word_1_747' title='bbox 2938 5007 3212 5079; x_wconf 77' lang='grc' dir='ltr'>Σηθιανοὶ,</span> <span class='ocrx_word' id='word_1_748' title='bbox 3256 5008 3610 5082; x_wconf 76' lang='grc' dir='ltr'>Ἀρχοντικοὶ,</span> 
     </span>
    </p>
   </div>
   <div class='ocr_carea' id='block_1_109' title="bbox 2028 5098 3612 5171">
    <p class='ocr_par' dir='ltr' id='par_1_109' title="bbox 2028 5098 3612 5171">
     <span class='ocr_line' id='line_1_109' title="bbox 2028 5098 3612 5171; baseline 0.002 -22"><span class='ocrx_word' id='word_1_749' title='bbox 2028 5098 2414 5169; x_wconf 75' lang='grc' dir='ltr'>Κερδωνιανοὶ,</span> <span class='ocrx_word' id='word_1_750' title='bbox 2429 5098 2775 5171; x_wconf 90' lang='grc' dir='ltr'>Μαρκίωνες,</span> <span class='ocrx_word' id='word_1_751' title='bbox 2791 5100 3195 5167; x_wconf 81' lang='grc' dir='ltr'>Λουκιανισταὶ,</span> <span class='ocrx_word' id='word_1_752' title='bbox 3213 5098 3612 5170; x_wconf 81' lang='grc' dir='ltr'>’Δπελληῖανοὶ,</span> 
     </span>
    </p>
   </div>
   <div class='ocr_carea' id='block_1_110' title="bbox 2027 5188 3613 5264">
    <p class='ocr_par' dir='ltr' id='par_1_110' title="bbox 2027 5188 3613 5264">
     <span class='ocr_line' id='line_1_110' title="bbox 2027 5188 3613 5264; baseline 0.001 -23"><span class='ocrx_word' id='word_1_753' title='bbox 2027 5190 2365 5261; x_wconf 78' lang='grc' dir='ltr'>Σευηριανοὶ,</span> <span class='ocrx_word' id='word_1_754' title='bbox 2407 5191 2681 5245; x_wconf 90' lang='grc' dir='ltr'>Τατιανοί.</span> <span class='ocrx_word' id='word_1_755' title='bbox 2741 5190 2890 5264; x_wconf 76' lang='grc' dir='ltr'>Αὕτη</span> <span class='ocrx_word' id='word_1_756' title='bbox 2929 5194 2964 5263; x_wconf 80' lang='grc' dir='ltr'><strong>ἡ</strong></span> <span class='ocrx_word' id='word_1_757' title='bbox 3004 5191 3485 5261; x_wconf 76' lang='grc' dir='ltr'>ἀνακεφαλαίωσις</span> <span class='ocrx_word' id='word_1_758' title='bbox 3520 5188 3613 5243; x_wconf 84' lang='grc' dir='ltr'>τοῦ</span> 
     </span>
    </p>
   </div>
   <div class='ocr_carea' id='block_1_111' title="bbox 2029 5279 3613 5356">
    <p class='ocr_par' dir='ltr' id='par_1_111' title="bbox 2029 5279 3613 5356">
     <span class='ocr_line' id='line_1_111' title="bbox 2029 5279 3613 5356; baseline 0.002 -25"><span class='ocrx_word' id='word_1_759' title='bbox 2029 5279 2245 5350; x_wconf 86' lang='grc' dir='ltr'>πρώτου</span> <span class='ocrx_word' id='word_1_760' title='bbox 2281 5280 2485 5351; x_wconf 85' lang='grc' dir='ltr'>βιϐλίου</span> <span class='ocrx_word' id='word_1_761' title='bbox 2527 5282 2634 5336; x_wconf 84' lang='grc' dir='ltr'>τῶν</span> <span class='ocrx_word' id='word_1_762' title='bbox 2684 5282 2851 5356; x_wconf 82' lang='grc' dir='ltr'>τριῶν</span> <span class='ocrx_word' id='word_1_763' title='bbox 2873 5284 3074 5354; x_wconf 89' lang='grc' dir='ltr'>τόμων.</span> <span class='ocrx_word' id='word_1_764' title='bbox 3131 5282 3238 5336; x_wconf 88' lang='grc' dir='ltr'>Τοῦ</span> <span class='ocrx_word' id='word_1_765' title='bbox 3281 5282 3337 5335; x_wconf 87' lang='grc' dir='ltr'>δὲ</span> <span class='ocrx_word' id='word_1_766' title='bbox 3360 5282 3613 5354; x_wconf 85' lang='grc' dir='ltr'>δευτέρου</span> 
     </span>
    </p>
   </div>
   <div class='ocr_carea' id='block_1_112' title="bbox 2031 5370 3612 5446">
    <p class='ocr_par' dir='ltr' id='par_1_112' title="bbox 2031 5370 3612 5446">
     <span class='ocr_line' id='line_1_112' title="bbox 2031 5370 3612 5446; baseline 0 -23"><span class='ocrx_word' id='word_1_767' title='bbox 2031 5370 2235 5440; x_wconf 80' lang='grc' dir='ltr'>βιϐλίου</span> <span class='ocrx_word' id='word_1_768' title='bbox 2260 5373 2415 5442; x_wconf 87' lang='grc' dir='ltr'>τόμοι</span> <span class='ocrx_word' id='word_1_769' title='bbox 2442 5372 2555 5429; x_wconf 82' lang='grc' dir='ltr'>δύο.</span> <span class='ocrx_word' id='word_1_770' title='bbox 2603 5374 2690 5426; x_wconf 85' lang='grc' dir='ltr'>Ἐν</span> <span class='ocrx_word' id='word_1_771' title='bbox 2716 5374 2918 5446; x_wconf 88' lang='grc' dir='ltr'>πρώτῳ</span> <span class='ocrx_word' id='word_1_772' title='bbox 2948 5370 3047 5445; x_wconf 70' lang='grc' dir='ltr'>μὲν</span> <span class='ocrx_word' id='word_1_773' title='bbox 3075 5373 3227 5445; x_wconf 83' lang='grc' dir='ltr'>τόμῳ</span> <span class='ocrx_word' id='word_1_774' title='bbox 3248 5372 3341 5427; x_wconf 81' lang='grc' dir='ltr'>τοῦ</span> <span class='ocrx_word' id='word_1_775' title='bbox 3364 5373 3612 5443; x_wconf 86' lang='grc' dir='ltr'>δευτέρου</span> 
     </span>
    </p>
   </div>
   <div class='ocr_carea' id='block_1_113' title="bbox 2029 5461 3611 5538">
    <p class='ocr_par' dir='ltr' id='par_1_113' title="bbox 2029 5461 3611 5538">
     <span class='ocr_line' id='line_1_113' title="bbox 2029 5461 3611 5538; baseline 0.001 -25"><span class='ocrx_word' id='word_1_776' title='bbox 2029 5461 2256 5530; x_wconf 87' lang='grc' dir='ltr'>βιϐλίου,</span> <span class='ocrx_word' id='word_1_777' title='bbox 2302 5464 2548 5535; x_wconf 73' lang='grc' dir='ltr'>τετάρτῳ</span> <span class='ocrx_word' id='word_1_778' title='bbox 2580 5464 2636 5517; x_wconf 88' lang='grc' dir='ltr'>δὲ</span> <span class='ocrx_word' id='word_1_779' title='bbox 2667 5465 2779 5518; x_wconf 76' lang='grc' dir='ltr'>ὄντι</span> <span class='ocrx_word' id='word_1_780' title='bbox 2808 5465 2949 5520; x_wconf 78' lang='grc' dir='ltr'>κατὰ</span> <span class='ocrx_word' id='word_1_781' title='bbox 2989 5466 3088 5538; x_wconf 85' lang='grc' dir='ltr'>τὴν</span> <span class='ocrx_word' id='word_1_782' title='bbox 3134 5465 3229 5519; x_wconf 86' lang='grc' dir='ltr'>ἀπ’</span> <span class='ocrx_word' id='word_1_783' title='bbox 3260 5466 3440 5536; x_wconf 79' lang='grc' dir='ltr'>ἀρχῆς</span> <span class='ocrx_word' id='word_1_784' title='bbox 3482 5464 3611 5516; x_wconf 85' lang='grc' dir='ltr'>ἀκο-</span> 
     </span>
    </p>
   </div>
   <div class='ocr_carea' id='block_1_114' title="bbox 2029 5552 3609 5628">
    <p class='ocr_par' dir='ltr' id='par_1_114' title="bbox 2029 5552 3609 5628">
     <span class='ocr_line' id='line_1_114' title="bbox 2029 5552 3609 5628; baseline 0.002 -23"><span class='ocrx_word' id='word_1_785' title='bbox 2029 5552 2248 5609; x_wconf 84' lang='grc' dir='ltr'>λουθίαν</span> <span class='ocrx_word' id='word_1_786' title='bbox 2264 5555 2357 5609; x_wconf 78' lang='grc' dir='ltr'>τοῦ</span> <span class='ocrx_word' id='word_1_787' title='bbox 2373 5555 2627 5627; x_wconf 81' lang='grc' dir='ltr'>ἀριθμοῦ,</span> <span class='ocrx_word' id='word_1_788' title='bbox 2642 5557 2881 5628; x_wconf 85' lang='grc' dir='ltr'>αἱρέσεις</span> <span class='ocrx_word' id='word_1_789' title='bbox 2891 5556 3378 5624; x_wconf 79' lang='grc' dir='ltr'>δεκαοκτὼ,οὖτως</span> <span class='ocrx_word' id='word_1_790' title='bbox 3394 5555 3609 5623; x_wconf 82' lang='grc' dir='ltr'>Ἐγκρα·</span> 
     </span>
    </p>
   </div>
   <div class='ocr_carea' id='block_1_115' title="bbox 2027 5647 3609 5718">
    <p class='ocr_par' dir='ltr' id='par_1_115' title="bbox 2027 5647 3609 5718">
     <span class='ocr_line' id='line_1_115' title="bbox 2027 5647 3609 5718; baseline 0 -21"><span class='ocrx_word' id='word_1_791' title='bbox 2027 5648 2187 5702; x_wconf 85' lang='grc' dir='ltr'>τῖται.</span> <span class='ocrx_word' id='word_1_792' title='bbox 2206 5647 2343 5699; x_wconf 71' lang='grc' dir='ltr'>κατὰ</span> <span class='ocrx_word' id='word_1_793' title='bbox 2361 5648 2708 5718; x_wconf 74' lang='grc' dir='ltr'>Ἰνρυγαστῶν,</span> <span class='ocrx_word' id='word_1_794' title='bbox 2734 5649 3139 5715; x_wconf 85' lang='grc' dir='ltr'>Μοντανιστῶν,</span> <span class='ocrx_word' id='word_1_795' title='bbox 3164 5650 3258 5703; x_wconf 76' lang='grc' dir='ltr'>καὶ</span> <span class='ocrx_word' id='word_1_796' title='bbox 3276 5647 3609 5717; x_wconf 79' lang='grc' dir='ltr'>Τασκοδρου-</span> 
     </span>
    </p>
   </div>
   <div class='ocr_carea' id='block_1_116' title="bbox 2026 5735 3607 5811">
    <p class='ocr_par' dir='ltr' id='par_1_116' title="bbox 2026 5735 3607 5811">
     <span class='ocr_line' id='line_1_116' title="bbox 2026 5735 3607 5811; baseline -0.001 -23"><span class='ocrx_word' id='word_1_797' title='bbox 2026 5735 2193 5805; x_wconf 79' lang='grc' dir='ltr'>γιτῶν</span> <span class='ocrx_word' id='word_1_798' title='bbox 2211 5752 2222 5765; x_wconf 93' lang='grc'>·</span> <span class='ocrx_word' id='word_1_799' title='bbox 2249 5738 2295 5789; x_wconf 91' lang='grc' dir='ltr'>οἱ</span> <span class='ocrx_word' id='word_1_800' title='bbox 2318 5735 2372 5789; x_wconf 74' lang='grc' dir='ltr'>δὲ</span> <span class='ocrx_word' id='word_1_801' title='bbox 2397 5737 2438 5787; x_wconf 87' lang='grc' dir='ltr'>Τ</span> <span class='ocrx_word' id='word_1_802' title='bbox 2443 5737 2854 5808; x_wconf 78' lang='grc' dir='ltr'>ασκοδρουγῖται</span> <span class='ocrx_word' id='word_1_803' title='bbox 2876 5737 3203 5811; x_wconf 78' lang='grc' dir='ltr'>διῃρέθησαν</span> <span class='ocrx_word' id='word_1_804' title='bbox 3227 5738 3335 5791; x_wconf 78' lang='grc' dir='ltr'>ἀπὸ</span> <span class='ocrx_word' id='word_1_805' title='bbox 3355 5736 3465 5791; x_wconf 79' lang='grc' dir='ltr'>τῶν</span> <span class='ocrx_word' id='word_1_806' title='bbox 3482 5750 3607 5805; x_wconf 86' lang='grc' dir='ltr'>προ-</span> 
     </span>
    </p>
   </div>
  </div>
