3968 6128
341 220 440 285 163

1045 220 1392 281 ΕΡῘΡΠΑΜΙ
1434 219 1883 280 RESCRIPTUM

2002 224 2021 275 l
2062 222 2369 278 ACAClUll
2416 221 2501 291 ΕΤ
2546 224 2860 283 ΡΑΗΙᾸΙΜ.

3474 231 3578 289 166

318 342 630 414 ειρημένων.
671 339 1054 404 Πεπουζιανοὶ,
1084 339 1177 392 καὶ
1203 337 1629 403 Κυϊντιλλιανοὶ,
1655 331 1738 401 οἷς
1766 353 1891 391 συν-

2002 340 2085 408 qui
2115 346 2169 393 et
2196 338 2474 402 llelresaai,
2508 338 2890 402 Theodotiani,
2920 337 3424 409 Melchisedeciani,
3454 345 3583 403 Bar-

317 438 565 492 ἅπτονται
598 433 990 503 Ἀρτοτυρῖται.
1027 428 1707 501 Τεσσαρεσκαιδεκατῖται,
1746 431 1796 482 οἱ
1824 429 1884 482 τὸ

1993 429 2336 495 desianistae,
2386 426 2668 495 Noctiani,
2720 429 2946 498 Valesii,
3005 433 3254 495 Cathari,
3311 436 3579 509 Angelici,

318 526 500 597 Πάσχα
527 526 647 592 μίαν
677 523 889 595 ἡμέραν
908 520 1003 575 τοῦ
1028 520 1183 584 ἔτους
1215 519 1498 584 ποιοῦντες
1517 535 1532 551 ο
1564 519 1803 589 Ἀλογοι,
1834 520 1883 573 οἱ

2002 520 2313 592 Apostolici,
2362 523 2456 592 qui
2513 522 2676 576 etiam
2736 522 3066 592 Apotactici,
3114 527 3318 596 quibus
3379 532 3582 586 annexi

314 616 372 671 τὸ
390 616 708 683 Εὐαγγέλων
745 613 996 666 Ἰωάννου
1019 612 1117 665 καὶ
1148 611 1247 682 τὴν
1287 609 1657 681 Ἀποκάλυψιν
1698 610 1772 682 μὴ
1800 609 1876 662 δε-

316 704 549 774 χόμενον
609 701 947 772 Ἀδαμιανοὶ,
996 698 1292 770 Σαμψαῖοι,
1335 701 1383 752 οἱ
1418 699 1513 752 καὶ
1561 698 1883 762 Ἐλκεσαῖοι,

314 795 659 855 Θεοδοτιανοὶ,
694 792 1194 864 Μελχισεδεκιανοὶ,
1244 790 1723 863 Βαρδησιανισταὶ,
1750 790 1887 859 Νοη·

313 885 495 950 τιανοὶ,
511 884 819 955 Ούαλήσιοι,
836 883 1105 956 Καθαροί,
1135 882 1461 951 Ἀγγελικοὶ;
1492 879 1883 947 Ἀποστολικοὶ,

312 977 381 1029 οἱ*
398 976 489 1030 καὶ
527 975 926 1039 ’Δποτακτικοὶ,
960 967 1042 1039 οἷς
1093 974 1455 1029 συνάπτονται
1486 974 1535 1026 οἱ
1563 971 1887 1042 καλούμενοι

314 1063 672 1136 Σακκοφόρον
694 1064 1064 1123 Σαϐελλιανοὶ,
1093 1062 1444 1134 Ὧριγενιανοὶ
1461 1062 1509 1114 οἱ
1525 1057 1886 1131 αἱσχροποιοὶ,

324 1153 666 1229 Ὧριγενιανοὶ
693 1157 744 1209 οί
776 1155 868 1210 τοῦ
908 1153 1290 1227 Ἀδαμαντίου.
1337 1154 1429 1208 Ἐν
1456 1153 1512 1206 δὲ
1546 1151 1624 1223 τῷ
1648 1150 1888 1223 δευτέρῳ

310 1253 452 1321 τόμῳ
489 1248 582 1303 τοῦ
624 1248 790 1302 αὑτοῦ
838 1248 1093 1320 δευτέρου
1128 1246 1355 1319 βιϐλίου,
1390 1245 1623 1317 πέμπτῳ
1668 1260 1729 1297 τε
1772 1243 1889 1296 ὄντι

310 1342 395 1394 τὸν
415 1340 648 1412 ἀριθμὸν
673 1341 765 1395 τὸν
783 1339 1202 1412 προειρημένον,
1226 1338 1466 1411 αἱρέσεις
1488 1338 1670 1402 πέντε,
1689 1335 1882 1400 οὕτως*

312 1432 710 1494 Παυλιανισταὶ,
738 1434 1052 1502 Μανιχαῑοι,
1079 1433 1129 1485 οἱ
1156 1431 1252 1485 καὶ
1313 1431 1678 1494 Ἀκουανῖται,
1719 1428 1889 1500 Ἱερα-

311 1527 474 1590 κίται,
509 1524 861 1585 Μελετιανοὶ,
903 1523 1109 1593 σχίσμα
1155 1524 1213 1574 ὲν
1248 1519 1537 1590 Δίγύπτῳ,
1600 1518 1885 1590 ’Δρειανοί.

299 1614 450 1692 ⁸Αὕτη
476 1616 572 1668 καί⁵
609 1617 644 1686 ἡ
678 1614 773 1668 τοῦ
816 1615 1070 1684 δευτέρου
1105 1611 1312 1683 βιϐλίου
1348 1611 1455 1665 τῶν
1483 1611 1665 1681 τόμων
1692 1611 1891 1663 ἀνακεο

1993 622 2121 669 Sunt
2168 611 2522 684 Saceophori,
2575 612 2895 678 Sabelliani,
2940 615 3264 687 Origenista:
3314 618 3585 679 foeditatis

1992 713 2270 773 auctores,
2300 704 2624 778 Origenista:
2653 708 2721 763 ab
2756 706 2990 779 Origene
3027 707 3374 768 Adamantio.
3407 712 3465 767 In
3499 728 3582 770 se-
3652 735 3659 740 ·

1993 795 2172 850 eundo
2214 804 2394 852 autem
2431 805 2578 852 tomo
2621 797 2867 868 ejusdem
2913 798 3061 864 libri,
3115 802 3211 871 qui
3258 803 3443 873 priore
3493 805 3584 859 illa

1993 887 2319 943 numerandi
2374 890 2586 945 ratione
2628 890 2862 960 quintus
2898 900 3013 956 est,
3064 892 3300 949 haereses
3342 895 3584 966 quinque

1994 986 2124 1036 sunt
2156 997 2170 1035 :
2208 978 2364 1035 Pauli
2393 980 2821 1049 Samosatensis,
2852 980 3159 1049 Manicha‘i,
3192 984 3286 1055 qui
3324 994 3379 1041 et
3416 986 3587 1041 Acua-

1994 1072 2142 1135 nitae,
2178 1072 2487 1137 Hieracitaz,
2519 1072 2794 1129 Meletiani
2814 1114 2831 1140 ,
2861 1075 2957 1146 qui
2993 1075 3048 1130 in
3078 1074 3317 1148 Egypto
3346 1077 3591 1133 schisma

1995 1158 2273 1227 fecerunt;
2308 1162 2517 1217 Ariani.
2557 1163 2738 1233 Atque
2777 1164 2894 1219 hate
2929 1172 3014 1221 est
3053 1152 3325 1222 tomoru'm
3355 1168 3481 1224 libri
3509 1184 3587 1225 se-

1995 1249 2161 1305 cundi
2190 1266 2425 1307 summa.
2469 1241 2812 1309 Similiter'et
2847 1253 2902 1308 in
2940 1255 3101 1309 tertio
3138 1256 3282 1311 libro
3316 1257 3447 1312 tomi
3476 1258 3588 1312 duo

1996 1346 2140 1393 sunt.
2183 1338 2241 1394 In
2277 1340 2453 1410 primo
2509 1348 2658 1396 tomo
2697 1341 2845 1396 tertii
2889 1341 3040 1407 libri,
3078 1350 3234 1398 sexto
3275 1353 3457 1399 autem
3501 1358 3588 1408 eo,

1996 1446 2158 1499 quem
2192 1430 2432 1486 diximus
2458 1431 2687 1499 ordine,
2723 1432 2960 1489 haereses
2993 1448 3089 1498 vn,
3126 1442 3300 1490 sunt:
3334 1434 3594 1502 Audiani,

1996 1516 2333 1581 Photiniani.
2378 1521 2736 1587 Marcelliani,
2778 1521 3128 1587 Semiariani,
3172 1524 3587 1581 Pneumatoma-

1997 1613 2109 1673 chi,
2156 1614 2248 1683 qui
2298 1613 2528 1683 Spiritui
2582 1622 2775 1669 sancto
2825 1616 3219 1671 contumeliose
3271 1616 3589 1680 detrahunt,

311 1705 623 1771 φαλαίωσις.
669 1705 899 1776 Ὁμοίως
917 1707 1009 1758 καὶ
1025 1707 1083 1757 ὲν
1106 1704 1185 1775 τῷ
1204 1705 1373 1775 τρίτω
1391 1701 1578 1773 βιϐλίῳ
1604 1702 1708 1754 εἰσὶ
1734 1701 1891 1771 τόμοι

2002 1704 2234 1768 Aeriani,
2271 1704 2509 1770 Aetiani,
2535 1706 2603 1760 ab
2625 1706 2782 1761 Aetio
2812 1704 3115 1773 Anommo;
3147 1708 3349 1777 quibus
3369 1708 3587 1763 accedit

311 1796 413 1850 δύο.
479 1796 568 1849 Ἐν
615 1798 712 1867 μὲν
753 1797 832 1873 τῷ
873 1795 1072 1869 πρώτῳ
1105 1797 1257 1867 τόμῳ
1298 1794 1393 1849 τοῦ
1439 1795 1624 1866 τρίτου
1663 1793 1891 1865 βιϐλίου,

311 1888 457 1940 ἕκτου
481 1887 537 1941 δὲ
557 1889 729 1959 τόμου
765 1887 886 1941 καθ’
917 1888 976 1941 ὃν
998 1887 1231 1960 ἀριθμὸν
1255 1887 1613 1958 προείπομεν,
1652 1886 1893 1957 αἱρέσεις

312 1976 456 2041 ὲπτά,
492 1977 670 2041 οὕτως
694 1992 708 2006 ·
764 1978 1037 2042 acaum,
1078 1978 1284 2048 σχίσμα
1321 1977 1495 2040 ὄντες,
1527 1975 1889 2039 Φωτεινιανοὶ,

313 2071 727 2142 Μαρκελλιανοὶ,
799 2069 1132 2141 Ἢμιάρειοι,
1191 2069 1669 2139 Πνευματομάχοι,
1730 2068 1778 2120 οἱ
1833 2066 1894 2120 τὸ

314 2163 523 2234 Πνεῦμα
549 2162 646 2216 τοῦ
674 2161 810 2216 Θεοῦ
836 2163 897 2215 τὸ
923 2162 1077 2231 ἅγιον
1100 2160 1570 2232 βλασφημοῦντες,
1602 2158 1891 2231 Ἀεριανοὶ,

323 2254 601 2320 ’Δετιανοὶ,
646 2254 755 2308 ἀπὸ
805 2254 1013 2309 Ἀετίου
1062 2253 1160 2307 τοῦ
1201 2254 1504 2325 Ἀνομοίου,
1546 2245 1592 2320 ᾧ
1646 2250 1890 2323 συνήφθη

314 2346 589 2416 Εὐνόμιος,
627 2348 655 2399 ὁ
691 2346 788 2399 καὶ
832 2345 1133 2416 ’Ᾱνόμοιος,
1175 2345 1232 2398 ὲν
1273 2345 1330 2397 δὲ
1367 2344 1446 2416 τῷ
1466 2342 1701 2414 δευτέρῳ
1740 2342 1893 2413 τόμῳ

312 2435 397 2488 τοῦ
447 2434 619 2490 αὑτοῦ
659 2436 847 2508 τρίτου
894 2434 1141 2506 βιϐλίου,
1197 2434 1410 2506 ἑϐδόμῳ
1459 2434 1516 2486 δὲ
1560 2434 1710 2504 τόμῳ
1755 2431 1891 2498 ὄντι,

311 2524 423 2579 καθ’
466 2527 530 2597 ἢν
590 2525 822 2597 εἴπομεν
866 2525 974 2578 τῶν
1017 2525 1199 2595 τόμων
1252 2525 1344 2579 τοῦ
1399 2521 1637 2595 ἀριθμοῦ
1690 2521 1895 2594 διαίρε-

314 2632 410 2679 σιν,
454 2618 511 2679 ὅς
560 2619 684 2670 ἐστι
717 2616 881 2687 τόμος
913 2615 1162 2686 ἕϐδομος,
1191 2617 1286 2670 καὶ
1315 2615 1467 2678 τέλος
1502 2615 1603 2686 τῆς
1630 2631 1894 2686 πραγμα-

310 2706 764 2778 τείας,·αἱρέσεις
808 2705 1093 2777 τέσσαρες,
1126 2704 1304 2758 οὕτωσ
1361 2707 1690 2776 Διμοιρῖται,
1738 2706 1787 2757 οἱ

311 2798 507 2853 τελείαν
540 2800 648 2870 τὴν
675 2796 913 2869 Χριστοῦ
950 2795 1361 2869 ὲνανθρώπησιν
1407 2794 1816 2867 ὁμολογοῦντες,
1843 2796 1892 2848 οἱ

311 2890 397 2944 καὶ
420 2890 852 2962 Ἀπολιναρῖται,
880 2890 929 2943 οἱ
951 2888 1044 2943 καὶ
1064 2889 1162 2960 τὴν
1195 2889 1358 2957 ἁγίαν
1381 2886 1480 2957 τὴν
1509 2885 1893 2957 Ἀειπάρθενον

315 2982 442 3053 μετὰ
468 2983 529 3036 τὸ
542 2982 644 3036 τὸν
663 2981 897 3053 Σωτῆρα
918 2981 1275 3052 γεγενηκέναι
1299 2978 1377 3050 τῷ
1403 2978 1600 3049 Ἰωσὴφ
1623 2976 1893 3049 συνῆφθαι

1991 1804 2046 1852 et
2073 1796 2373 1852 Eunomius
2396 1797 2717 1853 Anommus.
2746 1798 2804 1852 In
2829 1798 3074 1853 secundo
3103 1814 3235 1853 vero
3263 1808 3410 1853 tonio
3440 1800 3588 1869 ejus-

1995 1888 2116 1943 dem
2161 1888 2308 1943 tertii
2351 1889 2497 1953 libri,
2544 1890 2779 1958 septimo
2822 1899 3004 1944 autem
3051 1905 3117 1944 ex
3163 1890 3435 1946 divisione
3474 1891 3595 1955 illa,

1996 1995 2160 2050 quam
2212 1979 2478 2045 diximus,
2538 1983 2742 2052 quique
2796 1981 2992 2052 Operis
3048 1982 3217 2036 totius
3276 1990 3593 2053 postremus

1995 2080 2101 2136 est,
2155 2073 2393 2128 haereses
2448 2085 2685 2145 quatuor
2736 2082 2864 2131 sunt
2907 2093 2920 2128 :
2966 2072 3279 2140 Dimoeritaa,
3340 2076 3434 2147 qui
3479 2092 3590 2131 non

1996 2163 2296 2232 perfectam
2347 2162 2552 2219 Christi
2598 2165 3033 2221 incarnationem
3083 2168 3438 2231 conﬁtentur,
3494 2167 3593 2236 qui

1996 2252 2160 2308 etiam
2193 2253 2568 2323 Apollinaritae
2607 2255 2964 2308 nominantur
2996 2272 3010 2308 :
3039 2263 3153 2308 tum
3210 2255 3301 2324 qui
3342 2263 3593 2311 sanctam

1997 2343 2220 2398 Mariam
2273 2360 2489 2414 semper
2541 2345 2837 2413 virginem,
2889 2353 3178 2415 postquam
3249 2345 3589 2400 Salvatorem

1995 2432 2206 2507 genuit,
2239 2448 2363 2487 cum
2399 2426 2637 2504 Josepho
2670 2434 3031 2490 consuevisse
3058 2435 3271 2495 dicunt.
3308 2452 3451 2506 quos
3482 2444 3591 2489 An-

1996 2523 2493 2578 tidicomarianitas
2556 2527 2906 2581 nominamus
2951 2544 2966 2582 :
3012 2534 3066 2581 et
3123 2526 3214 2597 qui
3279 2527 3334 2580 in
3391 2541 3593 2582 nomen

1994 2614 2244 2685 ejusdem
2294 2613 2477 2671 Mariae
2531 2617 2826 2687 collyridas
2876 2616 3132 2680 oﬂerunt,
3178 2620 3270 2689 qui
3324 2627 3592 2674 vocantur

1994 2705 2377 2777 Collyridiani,
2412 2705 2749 2762 Massaliani.
2781 2707 2993 2774 Quibus
3024 2708 3285 2778 adjuncta
3314 2719 3599 2779 postremo

1998 2801 2083 2849 est
2117 2794 2403 2850 catholicae
2477 2794 2602 2850 ﬁdei
2648 2811 2713 2850 ac
2762 2797 3008 2851 veritatis
3053 2798 3462 2867 compendiaria
3499 2798 3596 2853 de-

1999 2886 2194 2942 fensio.
2243 2887 2298 2941 In
2344 2903 2451 2958 qua
2498 2895 2688 2944 sancta
2745 2888 3011 2943 catholica
3053 2900 3109 2944 et
3150 2889 3451 2959 apostolica
3493 2886 3596 2943 Ee-

2005 2978 2174 3034 clesia
2209 2980 2487 3034 consistit.

311 3073 566 3142 ὶέγοντες,
604 3072 702 3138 οὒς
732 3074 1072 3145 ἐκαλέσαμεν
1111 3069 1704 3142 Ἀντιδικομαριανὶτας
1729 3083 1744 3100 ⁸
1794 3069 1888 3123 καὶ
1923 3070 1974 3122 οἱ
1996 3071 2077 3133 είς
2099 3064 2274 3139 ὄνομα
2296 3070 2396 3141 τῆς
2418 3070 2589 3142 αὐτῆς
2646 3071 2867 3143 Μαρίας
2906 3070 3191 3141 κολλυρίδα
3250 3072 3596 3144 προσφέρον-

310 3187 412 3236 τες,
452 3172 654 3231 οἵτινες
683 3146 975 3223 καλοῦνται
1012 3163 1440 3236 Κολλυριδιανοὶ,
1478 3161 1886 3216 Μασσαλιανοίο
1924 3161 2021 3215 καὶ
2053 3161 2183 3231 περὶ
2236 3162 2336 3233 τῆς
2380 3162 2547 3233 ὀρθῆς
2600 3162 2839 3228 πίστεως
2903 3165 2998 3219 καὶ¹
3030 3163 3287 3235 ἀληθείας
3329 3165 3600 3236 ἀπολογία

315 3264 421 3333 μετ’
450 3260 726 3332 ἐπιτομῆς
747 3256 843 3312 τοῦ
867 3257 1052 3327 λόγου,
1100 3257 1223 3328 ἥτις
1252 3256 1401 3310 ἐστὶν
1427 3256 1460 3327 ὴ
1484 3256 1615 3324 ἁγία
1636 3255 1899 3327 καθολικὴ
1938 3256 2034 3309 καὶ
2062 3255 2392 3327 ἀποστολικὴ
2434 3255 2751 3329 Ἐκκλησία.

373 3352 519 3424 Δῦτη
551 3355 588 3423 ἡ
640 3348 1115 3418 ἁνακεφαλαίωσις
1148 3346 1243 3401 καὶ
1280 3347 1561 3420 ἐπιγραφὴ
1589 3347 1689 3418 τῆς
1721 3346 1891 3418 πάσης

2081 3342 2365 3415 Ejusmodi
2415 3354 2500 3403 est
2550 3362 2764 3403 summa
2813 3348 3255 3418 comprehensio,
3306 3364 3371 3404 ac
3425 3351 3596 3406 totius

312 3443 445 3496 κατὰ
482 3441 759 3515 αἱρέσεων
802 3440 1131 3511 ὀγδοήκοντα
1181 3438 1589 3511 πραγματείας,
1640 3439 1738 3493 καὶ
1795 3440 1897 3511 μία

310 3535 400 3606 τῆς
420 3534 559 3606 ὑπὲρ
580 3531 842 3604 ἀληθείας
859 3530 1154 3599 ἀπολογίας
1175 3529 1277 3600 τῆς
1305 3528 1492 3602 μόνης,
1523 3530 1774 3583 τουτέστι
1797 3529 1897 3603 τῆς

312 3626 601 3698 καθολικῆς
651 3623 745 3679 κα)⁸
787 3622 1069 3697 ὀρθοδόξου
1122 3620 1472 3692 Ἐκκλησίας,
1508 3624 1566 3676 ὲν
1601 3620 1750 3693 τρισὶ
1798 3622 1896 3691 μὲν

314 3716 530 3786 βιϐλίοις
554 3717 944 3789 ὑποκειμένοις
978 3714 1406 3787 συντεταγμένη,
1450 3714 1508 3769 ὲν
1546 3713 1687 3769 ἑπτὰ
1726 3713 1783 3768 δὲ
1805 3714 1895 3769 τό·

316 3827 430 3880 μοις
448 3807 814 3882 διαιρεθεῖσα,
831 3806 901 3860 τά
929 3806 985 3861 δὲ
1013 3805 1222 3859 ἔνεστιν
1246 3804 1717 3882 ἀνακεφαλαίωσις
1748 3804 1897 3877 πρώ-

312 3917 399 3954 του
422 3901 590 3973 τόμου
627 3899 723 3954 τοῦ
754 3897 972 3971 πρώτου
1003 3894 1231 3968 βιϐλίου,
1262 3896 1353 3950 τοῦ
1387 3896 1528 3950 κατά
1554 3895 1663 3950 τῶν
1695 3896 1896 3951 εἴκοσιν

315 3994 572 4064 αἱρέσεων
594 3991 824 4063 ἐλέγχου
845 3990 987 4045 οὕτω
1003 4007 1016 4020 ·
1051 3989 1269 4060 πρῶτον
1299 3987 1396 4059 μὲν
1421 3989 1476 4040 αἱ
1505 3987 1612 4042 τῶν
1629 3987 1896 4059 αἱρέσεων

316 4087 497 4140 πασῶν
524 4084 767 4159 μητέρες
794 4101 855 4137 τε
885 4084 978 4137 καὶ
1007 4081 1353 4154 πρωτότυποι
1380 4081 1471 4134 καὶ
1497 4079 1806 4151 ὀνομασίαι,
1837 4079 1896 4147 ἐξ

314 4172 382 4231 ὧν
406 4180 648 4252 μητέρες
678 4178 837 4231 πέντε
871 4177 926 4230 αἱ
956 4175 1112 4231 ἄλλαι
1144 4174 1411 4246 ἐφύησαν,
1444 4173 1538 4228 καί
1570 4173 1708 4226 εἰσιν
1736 4164 1897 4227 αὗται

318 4273 521 4345 πρῶται
548 4273 846 4344 τέσσαρες.

380 4364 582 4436 Πρώτη
616 4362 1023 4435 Βαρϐαρισμὸς,
1052 4362 1173 4433 ῆτις
1200 4361 1321 4415 καθ’
1349 4361 1547 4431 ἑαυτήν
1575 4359 1710 4424 ἐστι,
1746 4359 1896 4430 διαρ-

319 4455 519 4509 κέσασα
538 4457 638 4525 ἀφ’
663 4453 886 4526 ἡμερῶν
904 4453 997 4506 τοῦ
1028 4452 1154 4506 Ἀδά
1161 4471 1200 4523 μ
1221 4453 1312 4505 ἐπὶ
1326 4452 1457 4505 δέκα
1474 4451 1665 4521 γενεὰς
1681 4451 1785 4516 ἕως
1802 4451 1895 4505 τοῦ

318 4544 452 4600 Νῶε.
493 4545 880 4619 Βαρϐαρισμὸς
899 4544 956 4598 δὲ
972 4543 1233 4613 κέκληται
1260 4544 1368 4598 ἀπὸ
1391 4542 1484 4597 τοῦ
1521 4544 1598 4616 μὴ
1622 4544 1749 4607 τοὺς
1774 4542 1895 4597 τότε

319 4635 638 4709 ἀνθρώπους
675 4636 919 4708 ἀρχηγόν
952 4652 1073 4690 τινα
1110 4635 1275 4706 ἔχειν,
1323 4635 1357 4706 ἢ
1390 4635 1518 4706 μίαν
1550 4635 1891 4707 συμφωνίαν,

2003 3439 2187 3509 operis
2218 3438 2482 3495 adversus
2512 3438 2792 3509 octoginta
2838 3439 3075 3495 haereses
3117 3440 3429 3511 inscriptio,
3467 3456 3595 3497 cum

2002 3530 2164 3585 unica
2211 3545 2276 3585 ac
2320 3529 2586 3603 singulari
2640 3530 2961 3587 defensione
3016 3531 3288 3598 veritatis,
3347 3533 3451 3588 hoc
3511 3544 3597 3590 est

2005 3621 2169 3678 unius
2198 3622 2481 3688 Ecclesiae,
2517 3632 2681 3693 atque
2714 3623 3021 3679 catholica.
3053 3622 3208 3689 Quod
3242 3639 3380 3695 opus
3412 3624 3597 3680 distri-

2003 3714 2194 3769 butum
2238 3715 2292 3769 in
2329 3723 2515 3786 partes
2555 3724 2688 3779 tres,
2730 3723 2910 3770 tomos
2951 3721 3159 3785 septem
3186 3717 3593 3786 complectitur.

2004 3802 2161 3860 Nunc
2204 3805 2364 3860 aliam
2404 3807 2666 3877 deinceps
2708 3804 2844 3861 tomi
2888 3804 3094 3875 prioris
3133 3805 3261 3860 libri
3295 3821 3592 3871 summam,

2004 3911 2067 3951 ac
2107 3897 2497 3970 compendium
2533 3899 2926 3963 instituemus,
2959 3912 3072 3968 quo
3105 3896 3327 3967 quidem
3362 3898 3416 3952 in
3454 3899 3598 3953 libro

2004 3984 2194 4056 viginti
2231 3986 2471 4042 haereses
2503 3986 2879 4042 continentur.
2914 3983 2973 4038 ln
3003 3986 3198 4055 primis
3231 3986 3378 4040 enim
3415 3986 3597 4043 haere-

2004 4093 2137 4132 seon
2166 4077 2412 4132 omnium
2442 4086 2668 4142 matres,
2702 4092 2768 4132 ac
2810 4075 3087 4149 primaria:
3123 4077 3539 4148 appellationes,
3563 4093 3597 4134 a

2003 4170 2203 4241 quibus
2231 4176 2442 4225 caeteras:
2476 4170 2852 4237 dimanarunt,
2868 4176 2997 4225 sunt
3019 4169 3292 4241 ejusmodi
3334 4178 3592 4240 quatuor.

2073 4351 2292 4427 Primus
2348 4360 2433 4407 est
2482 4348 2903 4414 Barbarismus,
2952 4348 3047 4420 qui
3092 4364 3190 4421 per
3238 4349 3481 4419 seipsum
3528 4350 3601 4406 ab

2003 4444 2214 4498 Adamo
2258 4443 2550 4498 ad'decem
2588 4442 2981 4513 generationes
3016 4447 3072 4497 et
3111 4438 3302 4496 Noemi
3352 4449 3598 4511 tempora

2002 4534 2394 4605 perseveravit.
2446 4532 2551 4600 Qui
2603 4534 2995 4591 Barbarismus
3043 4539 3331 4604 propterea
3371 4531 3595 4598 dicitur,

2000 4628 2148 4699 quod
2180 4626 2546 4683 vetustissimi
2582 4626 2661 4680 illi
2691 4625 3009 4681 mortalium
3033 4639 3212 4696 neque
3249 4630 3463 4679 certum
3503 4624 3601 4678 ali-

320 4729 429 4782 ἀλλ’
460 4731 541 4784 ὅτι
596 4731 707 4792 πᾶς
746 4746 831 4793 τις
870 4726 1049 4800 ἐαυτῷ
1080 4727 1337 4799 ὲστοὶχει,
1375 4727 1470 4781 καὶ⁵
1512 4727 1675 4798 νόμος
1719 4726 1891 4798 ἑαυτῷ

2002 4734 2165 4791 quem
2212 4726 2494 4774 auctorem
2531 4717 2831 4783 habebant,
2867 4731 2970 4773 nec
3009 4716 3153 4772 inter
3192 4730 3255 4771 se
3292 4716 3601 4771 consentie-

322 4820 457 4873 κατὰ
475 4820 575 4874 τίνειν
618 4821 951 4893 προτίμησιν
990 4818 1086 4874 τοῦ
1115 4820 1244 4875 ἱδίου
1274 4818 1609 4891 βουλήματος
1627 4818 1856 4889 ἐγίνετο.

391 5085 628 5156 Δευτέρα
654 5082 960 5155 Σκυθισμὸς
1003 5081 1113 5136 ἀπὸ
1146 5079 1254 5134 τῶν
1286 5081 1508 5153 ἡμέρων
1529 5079 1626 5135 τοῦ
1652 5078 1777 5134 Νῶε
1802 5080 1898 5133 καὶ

329 5178 619 5242 μετέπειτα
645 5175 885 5247 ἇχριτῆς
912 5172 1005 5226 τοῦ
1031 5172 1239 5245 πύργου
1262 5171 1575 5243 οἰκοδομῆς,
1606 5172 1701 5225 καὶ
1716 5170 1896 5226 Βαϐυ-

332 5264 507 5331 λῶνος,
550 5269 646 5321 καὶ
688 5266 826 5338 μετά
864 5266 955 5320 τὸν
984 5266 1077 5319 τοῦ
1116 5267 1326 5338 πύργου
1352 5265 1543 5336 χρόνον
1571 5264 1663 5317 ἐπὶ
1696 5263 1897 5332 ὀλίγοις

332 5356 486 5424 ιτεσι,
528 5359 773 5413 τουτέστι
805 5357 982 5410 Φαλὲκ
1023 5356 1116 5409 καὶ
1155 5354 1409 5423 Ῥαγαοῦ,
1453 5354 1667 5417 οἵτινες,
1702 5351 1797 5407 ἐπὶ
1838 5353 1900 5406 τὸ

328 5447 423 5516 τῆς
460 5447 729 5519 Εὐρώπης
769 5447 938 5517 κλίμα
979 5447 1290 5509 νενευκότες
1318 5444 1396 5514 τῷ
1417 5442 1518 5514 τῆς
1542 5442 1778 5507 Σκυθίας
1803 5444 1900 5514 μέ-

334 5557 434 5609 ρει,
461 5543 557 5593 καὶ
586 5545 697 5604 τοῖς
734 5540 911 5594 αὐτῶν
943 5539 1119 5591 ἔθνεσι
1157 5535 1617 5608 προσεκρίθησαν,
1653 5536 1760 5589 ἀπὸ
1801 5536 1902 5607 τῆς

332 5629 419 5682 τοῦ
446 5632 631 5703 Θήρας
655 5630 865 5702 ἡλικίας
894 5630 989 5684 καὶ
1012 5628 1290 5691 ἐπέκεινα,
1329 5628 1387 5692 ἐξ
1415 5623 1586 5698 οὗπερ
1609 5628 1657 5681 οἱ
1681 5625 1897 5699 Θρᾶκες

330 5735 602 5789 γεγόνασι.

2005 4811 2171 4877 bant;
2224 4810 2321 4865 sed
2371 4809 2755 4881 unusquisque
2800 4823 2901 4881 pro
2943 4822 3043 4865 sua
3090 4806 3375 4862 voluntate
3426 4804 3597 4860 vitam

2006 4902 2348 4966 instituebat,
2385 4915 2450 4956 ac
2481 4916 2581 4972 pro
2613 4900 2731 4972 lege
2759 4916 2919 4956 suum
2950 4898 3185 4970 quisque
3211 4905 3402 4953 nutum
3428 4907 3601 4969 atque

2003 4994 2291 5049 arbitrium
2321 4993 2423 5049 sibi
2448 4993 2811 5065 proponebat.

2079 5084 2387 5150 Secundus,
2438 5082 2785 5156 Scythismus
2823 5097 2853 5135 a
2892 5079 3084 5136 Noemi
3130 5081 3474 5153 temporibus
3523 5084 3592 5139 ad

2005 5193 2181 5249 usque
2236 5178 2408 5234 turris
2474 5184 2529 5232 et
2588 5173 2884 5248 Babylonis
2945 5173 3471 5240 exaediﬁcationem,
3531 5189 3597 5231 ac

2007 5277 2130 5338 post
2160 5268 2355 5322 turrim
2399 5267 2589 5336 paucis
2632 5266 2812 5321 adhuc
2857 5266 3020 5322 annis
3061 5266 3322 5333 obtinuit,
3364 5267 3467 5322 hoc
3510 5278 3594 5323 est

2007 5375 2181 5429 usque
2232 5358 2297 5413 ad
2355 5356 2558 5412 Phalac
2618 5364 2673 5412 et
2722 5341 2969 5429 Bhagau,
3043 5358 3136 5429 qui
3196 5357 3264 5412 ad
3323 5356 3595 5428 Europam

2007 5457 2355 5505 transeuntes
2383 5449 2435 5502 in
2479 5445 2792 5521 Scythiam,
2825 5465 2888 5505 ac
2919 5451 3172 5506 nationes
3196 5449 3465 5521 ejusmodi
3503 5466 3597 5520 pe-

2006 5550 2294 5596 netrarunt
2323 5540 2393 5596 ab
2418 5538 2602 5597 Thare
2627 5543 2969 5614 temporibus
2994 5549 3048 5598 et
3072 5543 3206 5610 vita,
3230 5556 3262 5598 a
3284 5556 3395 5613 quo
3426 5538 3596 5596 Tura.

2005 5646 2098 5690 ces
2124 5632 2340 5690 oriundi
2377 5641 2527 5688 sunt.
