3968 6148
332 234 436 291 I67

1068 232 1415 289 EPIPHANII
1456 226 1903 289 RESCRIPTUM
1941 234 2034 289 AD
2072 235 2385 290 ACACIUM
2427 234 2516 290 ET
2559 234 2865 293 PAULUM.

3503 238 3599 296 138

403 374 643 439 Tertius,
700 375 1066 432 Hellenismus
1117 378 1286 447 erepit
1335 395 1364 430 a
1424 376 1655 434 Seruchi
1705 390 1912 451 tempo-

2090 381 2260 453 Τρίτη
2308 380 2681 452 Ἑλληνισμὸς,
2730 380 2841 434 ἀπὸ
2883 377 2991 432 τῶν
3025 378 3233 449 χρόνων
3277 378 3372 433 τοῦ
3403 379 3606 451 Σεροῦχ

331 468 507 523 ribus.
542 466 694 523 Unde
743 468 1013 523 idolorum
1044 469 1228 524 cultus
1263 455 1476 523 initium
1519 469 1727 524 habuit.
1759 468 1919 525 Cum-

260 550 263 551 ⁷
331 575 439 629 que
476 566 608 613 tunc
643 558 905 628 temporis
945 559 1080 613 falsa
1124 560 1355 629 quisque
1394 561 1784 629 superstitione
1821 559 1919 614 du-

332 657 576 712 ceretur,
605 650 864 722 deinceps
896 650 1200 705 civiliorem
1233 652 1300 705 ad
1336 667 1516 714 usum.
1553 661 1608 709 et
1636 652 1702 705 ad
1736 661 1916 710 certas

330 742 500 811 leges.
541 742 1075 812 simulacrorumque
1124 750 1266 799 ritus
1306 742 1558 798 homines
1593 758 1716 799 sese
1744 752 1919 799 trans-

328 833 592 885 tulerunt.
633 832 877 897 Quorum
924 847 989 888 ex
1043 834 1364 904 praescripto
1431 834 1536 889 sibi
1576 835 1707 892 deos
1749 835 1918 890 tinxe-

333 929 477 974 runt.
525 920 603 973 Ac
647 921 881 989 primttm
929 902 1059 984 eos,
1093 902 1231 992 quos
1274 902 1333 974 in
1386 921 1593 978 honore
1640 924 1915 994 quondam

335 1011 684 1074 habuissent,
722 1011 835 1063 sive
869 1018 1168 1081 tyrannos,
1204 1018 1298 1063 aut
1329 1010 1784 1081 praestigiatores,
1819 1012 1914 1081 qui

332 1101 689 1153 memorabile
716 1100 975 1169 quiddam
1004 1102 1057 1155 in
1093 1103 1202 1155 vita
1240 1104 1500 1167 fecerant,
1540 1117 1605 1156 ac
1650 1102 1917 1158 fortitudi-

334 1192 440 1254 nis,
476 1185 530 1245 δι
562 1191 772 1246 roboris
810 1192 1022 1247 illustre
1061 1194 1336 1264 specimen
1379 1193 1690 1254 ediderant,
1727 1194 1915 1265 depin-

334 1296 461 1350 gere
493 1282 768 1336 coloribus
805 1291 859 1337 et
902 1284 1207 1338 assimilare
1251 1285 1519 1339 solebant.
1554 1283 1752 1341 Postea
1787 1299 1914 1340 vero

334 1373 402 1426 ab
440 1374 617 1427 Tltare
661 1374 830 1444 patris
878 1373 1133 1427 Abraami
1189 1381 1433 1442 tempore
1475 1374 1791 1428 simulacris
1850 1388 1915 1428 ac

335 1463 535 1516 statuis
594 1463 844 1516 eumdem
874 1477 1116 1516 errorem
1142 1461 1466 1516 idololatria:
1523 1471 1913 1534 propagarunt.

332 1551 544 1623 Quippe
600 1555 834 1621 majores
882 1568 1013 1607 suos
1072 1552 1384 1608 simulacris
1435 1553 1807 1620 honestantes,
1851 1568 1915 1609 ac

330 1652 596 1707 mortuos,
641 1644 872 1711 primum
915 1653 1032 1696 arte
1075 1642 1254 1712 ﬁglina
1303 1651 1516 1698 statuas
1553 1641 1911 1710 cﬂinxerunt;

2022 473 2409 544 ἐναρξάμενος.
2425 473 2513 527 διά
2525 490 2608 525 τοι
2624 473 2725 542 τῆς
2746 471 3208 544 είδωλολατρείας,
3229 473 3324 526 καὶ
3338 473 3416 537 ὡς
3435 475 3608 529 emt.

2020 579 2148 631 χουν
2174 562 2236 614 τὸ
2257 561 2557 632 τηνικαῦτα
2577 562 2808 623 ἕκαστος
2837 561 2980 615 κατά
3002 558 3128 616 τινα
3157 562 3607 635 δεισιδαιμονίαν,

2021 654 2114 705 ἐπὶ
2132 653 2194 706 τὸ
2216 652 2417 723 μᾶλλον
2434 650 2877 722 πολιτικώτερον,
2892 653 2987 707 καὶ
3007 653 3103 707 ἐπὶ
3122 652 3219 723 ἔθη
3236 654 3332 707 καὶ
3347 653 3605 725 θεσμούς.

2021 744 2271 805 Εἰδώλων
2294 745 2477 814 μέντοι
2497 761 2561 813 γε
2580 742 2927 816 ὲναρξάμενα
2957 745 3249 801 τάττεσθαι
3283 744 3354 798 τὰ
3375 746 3486 799 τῶν
3514 747 3609 800 ἁν-

2021 836 2254 910 θρώπων
2288 836 2443 907 γένη,
2472 831 2554 900 οἷς
2583 836 2703 891 τότε
2732 838 3122 912 στοιχήσαντες
3150 836 3485 904 ἐθεοποίομν,
3517 838 3609 892 διὰ

2024 928 2123 998 μὲν
2153 929 2459 999 χρωμάτων
2482 929 2876 998 διαγράφοντες
2901 928 3001 999 τὴν
3024 928 3223 1001 ἀρχὴν,
3251 930 3349 982 καὶ
3376 930 3609 983 ἁπεικοο

2020 1021 2259 1086 νίζοντες
2287 1020 2608 1084 τοὺς-πάλαι
2639 1023 2767 1093 παρ’
2794 1022 2978 1086 αὐτοῖς
3001 1022 3421 1093 τετιμημένους,
3446 1023 3481 1093 ἧ
3508 1040 3608 1076 τυ-

2023 1116 2272 1188 ράννους,
2310 1116 2343 1185 ἦ
2374 1114 2596 1185 γόητας,
2629 1114 2662 1186 ἢ
2690 1114 2843 1178 τινάς
2866 1132 2921 1167 τι
2950 1114 3258 1185 δράσαντας
3287 1116 3345 1168 ὲν
3376 1116 3455 1187 τῷ
3483 1115 3607 1187 βίῳ,

2024 1210 2244 1278 μνήμης
2279 1224 2331 1259 τι
2358 1206 2550 1261 δοκοῦν
2592 1205 2774 1271 ἄξιον,
2815 1205 2882 1259 δι’
2912 1205 3085 1276 ἀλκῆς
3123 1222 3214 1272 τε,
3263 1206 3297 1276 ἢ
3335 1208 3608 1276 σωμάτων

2021 1299 2343 1370 εὐρωστίας,
2372 1297 2565 1351 ἔπειτα
2593 1297 2649 1351 δὲ
2679 1296 2787 1349 ἀπὸ
2812 1297 2920 1349 τῶν
2950 1297 3156 1367 χρόνων
3184 1296 3279 1349 τοῦ
3295 1296 3487 1368 saepe
3508 1297 3605 1351 τοῦ

2021 1389 2227 1461 πατρὸς
2264 1389 2516 1461 Ἀϐραὰμ
2547 1388 2642 1442 καὶ
2674 1388 2743 1441 δι’
2777 1387 3109 1458 ἀγαλμάτων
3134 1387 3231 1458 τὴν
3267 1387 3478 1458 πλάνην
3502 1389 3606 1459 τῆς

2021 1479 2463 1549 εἰδωλολατρείας
2504 1478 2951 1550 εἰσηγησάμενοι,
2985 1479 3111 1540 τοὺς
3144 1478 3354 1533 ἑαυτῶν
3394 1478 3607 1549 προπά-

2019 1588 2185 1641 τορας
2229 1571 2296 1623 δι’
2331 1570 2737 1640 άπεικονισμῶν
2779 1569 3153 1640 τετιμηκότες,
3195 1570 3449 1634 καὶτοὺς
3495 1571 3606 1642 πρὸ

2021 1660 2199 1718 αὐτῶν
2228 1661 2684 1731 τετελευτηκότας
2711 1659 3127 1730 τεχνησάμενοι,
3162 1660 3228 1712 ὲκ
3260 1661 3605 1731 κεραμικῆς
3629 1704 3633 1709 .

329 1742 444 1785 tum
492 1734 556 1786 ad
600 1747 793 1786 omnes
833 1740 980 1785 artes
1032 1733 1280 1786 imitandi
1326 1733 1571 1803 pervenit
1615 1733 1909 1787 industria.

2018 1750 2327 1820 ἐπιστήμης
2349 1750 2408 1809 τὸ
2440 1748 2674 1819 πρῶτον,
2704 1747 2893 1800 ἔπειτα
2926 1748 3162 1819 ἑκάστης
3190 1746 3389 1819 τέχνης
3424 1765 3604 1818 μιμηο

326 1824 463 1877 Nam
533 1835 587 1879 et
632 1824 916 1877 architecti
965 1825 1130 1878 sectis
1179 1823 1470 1895 lapidibus,
1518 1824 1814 1894 argentarii
1860 1832 1915 1877 et

331 1916 626 1979 aurifices,
684 1931 784 1969 nec
828 1931 935 1969 non
975 1914 1115 1969 fabri
1163 1930 1261 1969 sua
1306 1916 1509 1985 quique
1555 1915 1806 1975 materia,
1851 1929 1915 1969 ac

328 2011 525 2079 reliqui
565 2010 824 2078 deinceps
850 2010 1053 2080 elligies
1087 2010 1257 2064 moliti
1290 2019 1439 2065 sunt.
1475 2007 1641 2063 Primi
1670 2007 1911 2063 omnium

328 2107 567 2179 [Egyptii
611 2122 675 2161 ac
703 2106 1021 2179 Babylonii,
1075 2123 1175 2162 nec
1208 2123 1316 2162 non
1377 2105 1620 2175 Phryges
1666 2119 1731 2158 ac
1759 2102 1912 2159 Ριιω-

327 2200 481 2255 nices
555 2201 925 2270 superstitiosi
993 2202 1196 2263 cultus,
1253 2209 1308 2254 et
1368 2200 1793 2254 simulacrorum
1846 2211 1911 2251 ac

243 2336 251 2342 .
324 2293 708 2362 mysteriorum
751 2302 1003 2346 auctores
1042 2292 1388 2350 exstiterunt.
1416 2295 1459 2345 Α
1495 2293 1696 2361 quibus
1740 2291 1911 2362 plerav

324 2400 432 2456 que
474 2392 602 2438 sunt
641 2386 708 2438 ad
746 2383 966 2439 Graecos
1012 2386 1276 2439 translata
1308 2403 1322 2439 :
1352 2384 1465 2453 jam
1501 2393 1615 2437 tum
1650 2384 1720 2437 ab
1750 2390 1909 2437 aetate

325 2477 606 2548 Cecropis,
644 2487 697 2533 et
750 2476 1025 2548 deinceps.
1073 2478 1269 2533 Postea
1315 2493 1445 2532 vero
1490 2480 1654 2547 longo
1689 2476 1907 2532 demum

326 2567 612 2621 intervallo
641 2565 960 2628 Saturnum,
992 2567 1222 2628 Rheam,
1247 2565 1456 2630 Jovem,
1484 2565 1812 2635 Apollinem,
1844 2580 1909 2619 ac

327 2658 566 2724 reliquos
606 2657 736 2710 deos
764 2656 1043 2710 celebrare
1068 2663 1351 2725 coeperunt

396 2748 570 2804 Graeci
586 2764 780 2803 nomen
802 2734 1105 2803 abHellene
1126 2749 1362 2818 quodam
1380 2748 1557 2803 s'Ol‘tili
1575 2757 1721 2809 sunt,
1735 2748 1828 2821 qui
1852 2748 1906 2803 in

326 2832 535 2899 Graecia
562 2834 822 2904 degensei
857 2833 1064 2902 regioni
1084 2834 1499 2911 appellationem
1528 2837 1743 2890 indidit.
1767 2835 1907 2890 Sunt

326 2928 418 2997 qui
448 2928 515 2982 ab
543 2927 694 2989 elzea,
724 2927 828 2981 hoc
860 2934 944 2983 est
977 2928 1138 2993 oliva,
1172 2942 1294 2996 qua:
1328 2927 1558 2985 Athenis
1580 2937 1766 2982 exorta
1797 2934 1902 2993 est,

326 3029 671 3088 nuncupatos
715 3034 837 3074 esse
879 3020 1067 3072 velint.
1101 3018 1276 3086 llujus
1307 3018 1524 3087 generis
1560 3027 1814 3074 auctores
1841 3034 1907 3072 ac

325 3110 636 3164 conditores
663 3108 820 3164 Iones
845 3109 1097 3163 fuerunt:
1119 3116 1179 3162 ut
1200 3125 1265 3164 ex
1305 3111 1646 3165 accuratiore
1682 3110 1907 3167 historia

326 3197 941 3270 constat,quiabJavan
971 3199 1206 3269 quodam
1237 3200 1489 3275 appellati
1522 3209 1674 3263 sunt,
1706 3216 1814 3255 uno
1843 3216 1911 3255 ex

326 3292 414 3354 iis,
446 3294 537 3360 qui
564 3292 757 3345 turrim
776 3300 1191 3357 exstruxerunt,
1211 3291 1431 3367 quando
1454 3292 1652 3362 lingua:
1664 3288 1908 3346 omnium

326 3382 518 3437 divisa:
548 3390 696 3437 sunt.
729 3381 900 3453 Quam
928 3383 997 3437 ob
1014 3398 1237 3437 causam
1258 3381 1504 3454 Meropes
1524 3400 1714 3439 omnes
1732 3385 1910 3438 vocati

326 3485 458 3531 sunt
481 3475 549 3528 ab
574 3474 843 3529 divisione
864 3475 1194 3545 linguarum.
1209 3473 1406 3529 Postea
1440 3491 1568 3529 vero
1592 3474 1913 3529 recentiori-

326 3567 432 3621 bus
455 3565 793 3635 temporibus
819 3564 1005 3620 Graeca
1032 3567 1348 3635 superstitio
1373 3575 1552 3621 certas
1580 3566 1634 3620 iu
1654 3567 1887 3623 haereses

328 3671 393 3709 ac
421 3664 599 3710 sectas
632 3656 806 3725 abiit;
845 3664 1034 3726 utputa
1065 3655 1551 3726 Pythagoreorum,
1576 3655 1909 3722 Stoicorum,

326 3744 775 3811 Platonicorum,
822 3745 1249 3815 Epicureorum,
1308 3754 1413 3801 etc.
1473 3745 1675 3800 Eodem
1745 3760 1912 3816 porro

329 3846 574 3905 tempore
632 3837 851 3908 propria
893 3835 1065 3891 forma
1115 3851 1179 3892 ac
1220 3845 1349 3892 nota
1404 3853 1544 3891 verae
1589 3837 1808 3907 pietatis
1857 3844 1911 3892 et

326 3928 609 3999 religionis
646 3928 877 3991 exstitit,
922 3943 1027 3982 una
1059 3944 1182 3983 cum
1239 3931 1356 4001 lege
1390 3938 1634 3989 naturae;
1678 3944 1800 3999 qua:
1842 3928 1913 3985 ab

327 4023 538 4092 origine
594 4022 779 4075 mundi
838 4036 961 4076 sese
1004 4021 1073 4075 ab
1122 4022 1232 4077 illis
1280 4023 1598 4077 nationibus
1649 4029 1912 4092 perpetuo

329 4100 651 4184 segregavit,
693 4114 759 4167 ad
796 4112 938 4167 hanc
974 4122 1148 4182 uSque
1187 4114 1355 4177 diem,
1403 4114 1544 4173 inter
1591 4113 1908 4174 Barbaratn,

330 4204 643 4274 Scythicam
688 4202 1043 4270 Crat-eamque
1106 4203 1554 4272 superstitionem
1598 4201 1908 4270 interjecta,

330 4295 505 4347 donec
558 4308 682 4346 cum
738 4293 995 4349 Abraami
1056 4293 1257 4361 pietate
1307 4292 1529 4349 coaluit.
1583 4290 1722 4344 Tum
1783 4306 1911 4349 vero

2018 1841 2283 1912 σαμένης,
2311 1841 2582 1911 οἰκοδόμοι
2615 1841 2713 1911 μὲν
2741 1840 2887 1893 λίθον
2919 1840 3195 1906 ξέσαντες,
3222 1840 3605 1910 ἀργυροκόποι

2014 1933 2091 1995 δὲ,
2126 1935 2220 1987 καὶ
2256 1933 2542 2003 χρυσοχόοι
2580 1931 2669 1984 διὰ
2717 1931 2815 2001 τῆς
2860 1930 2993 1994 ἰδίας
3034 1930 3165 2001 ῦλης
3191 1931 3600 2002 τεκτονάμενοι,

2015 2024 2157 2078 οὕτω
2174 2023 2269 2076 καὶ
2288 2024 2560 2085 τέκτονες,
2585 2021 2679 2074 καὶ
2700 2021 2749 2073 οἱ
2767 2019 3023 2090 καθεξῆς.
3057 2019 3344 2089 Αἰγύπτιοι
3363 2020 3419 2074 δὲ
3438 2020 3600 2091 ὁμοῦ,

2016 2114 2108 2167 καὶ
2153 2111 2505 2174 Βαϐυλώνιοι,
2558 2108 2651 2161 καὶ
2685 2107 2917 2178 Φρύγες,
2966 2107 3060 2159 καὶ
3082 2108 3327 2169 Φοίνικες
3364 2107 3601 2176 ταυτησὶ

2013 2206 2112 2274 τῆς
2142 2204 2441 2275 θρησκείας
2465 2200 2669 2272 πρῶτοι
2696 2197 3001 2281 εἰσηγηταὶχ
3015 2198 3321 2266 γεγόνασιν,
3348 2196 3599 2267 ἀγαλμα-

2011 2299 2257 2362 τοποιίας
2284 2313 2342 2348 τε
2392 2295 2486 2347 καὶ
2528 2291 2842 2363 μυστηρίων
2865 2306 2880 2321 °
2932 2291 3024 2359 ἀφ’
3049 2283 3124 2343 ὧν
3158 2289 3225 2342 τὰ
3256 2288 3484 2341 πλεῖστα
3517 2289 3600 2350 εἰς

2016 2386 2281 2455 ’Έλληνας
2308 2382 2613 2455 μετηνέχθη
2644 2380 2753 2436 άπὸ
2778 2380 2877 2451 τῆς
2904 2378 3189 2452 Κέκροπος
3231 2377 3471 2449 ἡλικίας,
3506 2378 3603 2434 καὶ

2014 2474 2251 2547 καθεξῆς
2273 2494 2286 2506 ·
2334 2476 2633 2546 μετέπειτα
2660 2475 2719 2527 δὲ
2750 2473 2847 2527 καὶ
2885 2471 3097 2545 ὑστέρῳ
3135 2469 3269 2524 πολὺ
3312 2470 3442 2531 τοὺς
3471 2469 3604 2538 περὶ

2011 2572 2219 2641 Κρόνον
2239 2571 2333 2622 καὶ
2375 2568 2553 2631 Ῥέαν,
2589 2568 2688 2621 Δία
2716 2584 2775 2619 τε
2807 2566 2905 2623 καὶ
2947 2563 3274 2627 Ἀπόλλωνα,
3343 2560 3439 2615 καὶ
3466 2559 3601 2613 καθ-

2011 2664 2139 2733 εξῆς
2165 2664 2319 2726 θεοὺς
2338 2661 2821 2732 ἀναγορεύσαντες.

2083 2754 2343 2825 Ἕλληνες
2373 2754 2431 2808 δὲ
2461 2752 2755 2823 κέκληνται
2799 2750 2909 2803 ἀπὸ
2935 2748 3195 2819 Ἔλληνός
3232 2763 3377 2808 τινος
3405 2744 3603 2815 ἀνδρὸς

2009 2846 2117 2902 τῶν
2139 2848 2195 2901 ὲν
2227 2847 2297 2916 τῇ
2322 2838 2532 2897 Ἐλλάδι
2557 2841 2959 2913 κατῳκηκότων
2976 2857 2991 2871 ο
3020 2839 3096 2903 ὡς
3124 2838 3180 2896 δὲ
3207 2837 3386 2908 ἕτεροί
3413 2853 3603 2905 φασιν,

2010 2938 2117 2995 ἀπὸ
2140 2936 2240 3004 τῆς
2266 2934 2453 2997 ἐλαίας
2473 2934 2572 3004 τῆς
2605 2934 2662 2985 ἐν
2696 2932 2946 3003 Ἀθήναις
2976 2929 3375 3001 βλαστησάσης.
3414 2929 3604 2992 Ἴωνες

2011 3027 2069 3085 δὲ
2111 3026 2317 3079 τούτων
2350 3025 2585 3096 ἀρχηγοὶ
2631 3023 2936 3092 γεγόνασιν,
2984 3020 3060 3083 ὼς
3104 3019 3217 3090 ἔχει
3256 3021 3289 3090 ἡ
3324 3016 3601 3089 ἀκρίϐεια,

2012 3118 2120 3171 ἀπὸ
2145 3116 2240 3171 τοῦ
2277 3117 2497 3180 Ἰουνᾶν,
2530 3116 2648 3178 ἐνὸς
2673 3113 2865 3185 ἀνδρὸς
2896 3111 3003 3169 τῶν
3032 3111 3122 3164 τὸν
3157 3110 3365 3181 πύργον
3396 3108 3604 3162 οἰκοδο-

2015 3210 2327 3280 μησάντων,
2344 3209 2433 3261 ὅτε
2453 3208 2509 3260 αἱ
2531 3205 2773 3275 γλῶσσαι
2792 3203 3211 3277 διεμερίσθησαν
3234 3200 3342 3254 τῶν
3358 3200 3600 3253 πάντων.

2012 3308 2088 3357 Δι’
2115 3304 2182 3376 ἢν
2212 3302 2391 3355 αἰτίαν
2422 3300 2518 3354 καὶ
2533 3299 2786 3365 Μέροπες
2819 3299 3019 3360 πάντες
3051 3294 3363 3364 κέκληνται,
3393 3293 3482 3347 διὰ
3502 3293 3603 3361 τὴν

2016 3393 2427 3467 μεμερισμένην
2460 3395 2664 3463 φωνήν.
2708 3391 2971 3461 ’Ὕστερον
3001 3388 3055 3443 δὲ
3079 3389 3108 3441 ὁ
3145 3386 3499 3456 Ἑλληνισμὸς
3523 3385 3602 3446 εἰς

2013 3485 2252 3555 αἱρέσεις
2284 3481 2519 3544 κατέστη
2548 3480 2845 3551 κατωτέρω
2869 3478 2946 3548 τῷ
2974 3478 3151 3549 χρόνῳ
3178 3493 3191 3505 ·
3226 3476 3373 3545 φημὶ
3396 3474 3455 3528 δὲ
3488 3474 3602 3526 ﬂu-

2014 3574 2335 3646 θαγορείων,
2365 3574 2460 3634 καὶ
2485 3571 2757 3637 Στωϊκῶν,
2784 3572 2875 3624 καὶ
2898 3567 3281 3633 Πλατωνικῶν,
3314 3566 3411 3619 καὶ
3448 3566 3603 3617 Ἑπιν

2013 3665 2297 3735 κουρείων,
2311 3663 2407 3716 καὶ¹
2416 3662 2640 3718 λοιπῶν.
2654 3660 2972 3722 Θεοσεϐείας
2984 3658 3037 3711 δὲ
3051 3657 3338 3730 χαρακτὴρ
3354 3656 3605 3726 ὑπῆρχεν

2014 3760 2133 3830 ἅμα
2161 3758 2255 3810 καὶ
2283 3757 2312 3807 ὁ
2348 3755 2485 3826 μετὰ
2508 3755 2668 3823 φύσιν
2696 3753 2880 3822 νόμος,
2904 3750 3318 3821 πολιτευόμενος
3342 3748 3452 3801 ἀπὸ
3481 3746 3602 3800 τού-

2012 3868 2121 3903 των
2151 3849 2259 3902 τῶν
2283 3847 2477 3913 ἐθνῶν,
2504 3846 2693 3899 ἑαυτὸν
2719 3842 2994 3915 ἀφορίζων
3022 3842 3131 3897 άπὸ
3150 3842 3248 3913 τῆς
3274 3840 3367 3893 τοῦ
3392 3841 3601 3910 κόσμου

2014 3938 2320 4009 καταϐολῆς
2352 3937 2449 3990 καὶ
2474 3935 2653 4008 δεῦρο,
2687 3935 2850 4007 μέσος
2881 3933 3164 4004 τυγχάνων
3194 3928 3600 4002 βαρϐαρισμοῦ,

2015 4029 2109 4087 καὶ
2140 4026 2471 4098 Σκυθισμοῦ,
2506 4026 2600 4081 καὶ
2639 4023 3016 4095 Ἑλληνισμοῦ,
3066 4023 3170 4085 ἓως
3197 4024 3321 4076 δτου
3351 4018 3603 4091 συνήφθη

2016 4126 2082 4194 τῇ
2128 4122 2381 4193 Ἀϐραὰμ
2406 4119 2706 4189 θεοσεϐείᾳ.
2753 4119 2861 4172 Καὶ
2897 4117 3192 4187 μετέπειτα
3240 4112 3602 4183 Ἰουδαῖσμδς,

2014 4212 2123 4267 ἀπὸ
2162 4211 2273 4264 τῶν
2314 4212 2522 4282 χρόνων
2568 4208 2822 4280 Ἀϐραὰμ
2860 4210 2951 4262 τὸν
2995 4207 3320 4279 χαρακτῆρα
3362 4202 3603 4274 εἰληφὼς

2017 4305 2110 4358 καὶ
2155 4306 2213 4360 ὲν
2250 4305 2457 4374 Μωῦσῇ
2494 4303 2708 4373 ἑϐδόμῳ
2747 4301 2856 4355 ἀπὸ
2888 4300 3157 4373 Ἀϐραὰμ,
3195 4298 3283 4352 διὰ
3316 4298 3411 4350 τοῦ
3451 4297 3603 4367 αὖτῷ

328 4386 647 4440 Judaismus
681 4385 750 4438 ab
786 4384 1080 4441 Abrahami
1118 4384 1457 4453 temporibus
1491 4383 1770 4452 prepriam
1809 4380 1912 4436 lor-

2018 4394 2269 4459 δοθέντοςί
2286 4395 2451 4464 νόμου
2477 4393 2589 4447 ὑπδ
2608 4393 2701 4447 τοῦ
2720 4392 2855 4447 Θεοῦ
2883 4392 3226 4454 πλατυνθείς.
3268 4391 3401 4445 Ἀπὸ
3422 4390 3481 4444 δὲ
3507 4389 3600 4443 τοῦ

333 4491 476 4529 mam
513 4473 744 4542 adeptus
766 4512 780 4537 ,
814 4488 877 4526 ac
906 4488 1002 4540 per
1031 4470 1251 4542 Moysen
1294 4472 1361 4527 ab
1393 4471 1708 4525 Abrahamo
1748 4472 1915 4542 septi-

332 4581 503 4632 mum,
533 4581 599 4620 ac
629 4565 802 4634 legem
832 4578 862 4616 a
897 4562 1006 4617 Deo
1040 4563 1297 4617 traditam
1334 4563 1734 4632 ampliﬁcatus,
1765 4571 1819 4616 et
1846 4563 1915 4616 ab

331 4655 469 4713 Juda
509 4664 706 4727 quarto
742 4654 930 4710 Jacobi
977 4652 1107 4718 tilio,
1152 4654 1247 4723 qui
1291 4661 1346 4709 et
1390 4650 1555 4708 Israel
1600 4653 1915 4707 nominatus

332 4759 439 4810 est.
468 4763 564 4821 per
594 4747 848 4804 Davidem
873 4787 889 4812 ,
916 4745 1009 4817 qui
1041 4746 1251 4815 primus
1280 4760 1311 4799 e
1340 4744 1487 4798 tribu
1511 4741 1651 4799 Juda
1687 4758 1914 4813 regnum

333 4850 621 4897 assecutus
656 4849 760 4906 est,
793 4838 1098 4913 perlectum
1124 4834 1395 4890 Judaismi
1428 4850 1625 4893 nomen
1654 4834 1914 4889 obtinuit.

337 4931 629 5003 Perspicue
670 4933 815 4987 enim
849 4929 1148 5001 Apostolus
1183 4928 1249 4982 de
1288 4936 1524 4998 quatuor
1554 4926 1663 4981 illis
1695 4926 1919 4980 haeresi-

336 5021 440 5077 bus
473 5024 783 5074 summatim
822 5022 1051 5091 loquens
1082 5018 1188 5073 ista
1218 5017 1357 5072 dixit
1390 5036 1404 5071 :
1438 5014 1505 5069 In
1533 5014 1745 5081 Christo
1775 5016 1914 5067 enim

334 5109 464 5165 Jesu
496 5127 656 5172 neque
685 5111 956 5169 Barbarus
982 5154 997 5178 ,
1026 5126 1188 5183 neque
1215 5109 1414 5180 Scytha
1434 5149 1448 5172 ,
1475 5124 1635 5179 neque
1662 5105 1877 5160 σταται
1898 5146 1913 5170 ,

338 5218 500 5273 neque
522 5200 765 5265 Judteus,
800 5204 889 5256 sed
911 5221 1042 5258 nova
1072 5212 1317 5258 creatura
1344 5204 1384 5254 ¹.
1418 5199 1729 5255 Graecorum
1753 5214 1917 5269 porro

337 5296 440 5350 ista
476 5302 602 5347 sunt
626 5293 964 5348 discrimina.

410 5384 753 5456 Pythagorei,
788 5383 909 5442 sive’
934 5382 1278 5453 Peripatetici
1323 5384 1611 5440 monadem
1650 5392 1704 5437 et
1742 5383 1919 5451 provi-

338 5473 578 5530 dentiam
626 5480 1013 5538 asseruerunt;
1048 5473 1153 5527 diis
1194 5476 1287 5542 qui
1328 5477 1489 5545 vulgo
1529 5473 1799 5528 habentur
1829 5485 1918 5526 sa-

337 5566 621 5629 criﬁcare,
672 5564 927 5620 animatis
975 5561 1158 5626 vesci,
1210 5577 1273 5618 ac
1329 5565 1454 5620 vino
1506 5567 1583 5620 uti
1635 5561 1917 5639 prohibuit

415 5686 432 5721 ³
467 5681 672 5740 Coloss.
711 5696 805 5748 ut;
840 5678 877 5737 ll
906 5678 1034 5736 (lor.
1061 5693 1113 5743 v,
1150 5674 1241 5729 i7.

2030 4486 2197 4540 ’ἰούδα
2231 4486 2490 4556 τετάρτου
2528 4484 2645 4538 υἱοῦ
2678 4484 2773 4537 τοῦ
2815 4483 3031 4548 Ἰακὼϐ,
3071 4483 3165 4541 τοῦ
3212 4481 3603 4552 ἐπικληθέντος

2029 4576 2267 4651 Ἰσραὴλ,
2297 4575 2383 4629 διὰ
2403 4575 2568 4628 Δαϐὶδ
2586 4575 2677 4633 τοῦ
2696 4573 2925 4644 πρώτου
2940 4573 3357 4651 βασιλεύσαντος
3373 4572 3486 4625 ἀπὸ
3503 4572 3603 4642 τῆς

2014 4668 2108 4720 τοῦ
2148 4666 2310 4722 αὐτοῦ
2349 4666 2516 4720 ’ἰούδα
2558 4665 2761 4737 φυλῆς,
2807 4666 2868 4719 τὸ
2894 4664 3095 4722 τέλειον
3135 4664 3228 4717 τοῦ
3268 4662 3602 4731 Ἰουδαϊσμοῦ

2016 4757 2186 4827 όνομα
2226 4756 2665 4827 κεκληρωμένος.
2718 4754 2913 4823 Σαφῶς
2961 4754 3064 4831 γάρ
3095 4755 3224 4826 περὶ
3259 4751 3468 4811 τούτων
3493 4752 3603 4804 τῶν

2016 4850 2296 4919 τεσσάρων
2325 4847 2587 4919 αἱρέσεων
2612 4849 2641 4899 ό
2666 4846 2987 4909 Ἀπόστολος
3008 4843 3283 4916 ἐπιτεμὼν
3317 4843 3424 4913 ἔφη
3443 4859 3458 4872 ·
3501 4843 3605 4896 Ἐν

2018 4941 2129 5010 γὰρ
2155 4937 2385 5008 Χριστῷ
2419 4940 2613 5005 Ἰησοῦ
2641 4941 2712 4993 οὐ
2744 4938 3067 5008 Βάρϐαρος.
3097 4939 3168 4991 οὐ
3201 4936 3462 5002 Σκύθης,
3486 4935 3602 5002 οὐχ

2021 5032 2278 5098 Ἕλλην,
2303 5032 2414 5084 οὐκ
2448 5028 2747 5096 Ἰουδαῖος,
2776 5029 2938 5084 ἀλλὰ
2965 5026 3141 5094 καινὴ
3168 5027 3386 5091 κτίσις.
3413 5024 3604 5097 Ἐλληε-

2019 5139 2124 5174 νων
2149 5121 2420 5200 διαφοραί.

2089 5375 2467 5447 Πυθαγόρειοι,
2525 5374 2700 5428 εῗτουν
2763 5375 3222 5445 Περιπατητικοί·
3275 5375 3364 5428 τὸν
3394 5373 3603 5444 μονάδα

2020 5468 2113 5521 καὶ
2138 5470 2412 5539 πρόνοιαν,
2436 5470 2529 5522 καὶ
2548 5467 2607 5519 τὸ
2627 5466 2859 5520 κωλύειν
2883 5466 3103 5520 θύεσθαι
3120 5471 3232 5532 τοῖς
3249 5467 3409 5537 δῆθεν
3430 5466 3598 5538 θεοῖς,

1977 5604 1989 5617 ,
2020 5560 2342 5637 Πυθαγόρας
2372 5558 2740 5635 ἐδογμάτισεν,
2765 5559 3020 5635 ἐμιξύχων
3041 5577 3098 5611 τε
3134 5560 3208 5637 μὴ
3238 5558 3601 5633 μεταλαμϐάν
