3960 6148
347 290 444 346 169

1108 291 1466 349 EPIPIIANII
1492 289 1940 351 usscnmun
1977 294 2070 352 AD
2093 294 2403 357 ACACIUM
2446 299 2536 356 er
2570 268 2880 357 PAULUM.

2018 54 2027 59 -.
2034 48 2197 59 τν-ιι-ιυ-ι-ιικ
2236 44 2271 57 ‘I’

3518 268 3622 357 rio

338 422 469 469 νειν,
498 399 612 460 ἀπὸ.
631 401 773 457 οἴνου
799 399 856 457 δὲ
888 401 1610 477 ὲγκρατεύεσθαι.,Διώριζε
1636 402 1695 459 δὲ
1725 403 1845 477 ἅμα
1863 403 1925 459 τὰ

2033 405 2395 484 Pythagoras.
2428 410 2575 467 Idem
2609 426 2731 482 quae
2762 411 2832 467 ab
2866 411 2995 466 luna
3031 426 3253 470 sursum
3276 419 3498 483 patent,
3530 416 3627 472 im-

338 495 445 550 ἀπὸ
478 494 729 565 σελήνης,
754 492 849 548 καὶ
872 494 941 549 τὰ
966 494 1081 551 ἀνω
1107 495 1354 551 ἀθάνατα
1381 495 1578 566 λέγων,
1608 495 1680 550 τά
1705 496 1763 550 δὲ
1799 497 1932 552 ὐπο-

336 588 489 642 κάτω
528 584 719 656 θνητὰ,
771 586 1184 657 μεταγγισμούς
1224 604 1284 640 τε
1314 586 1502 658 ψυχῶν
1527 586 1637 640 ἀπὸ
1665 588 1931 658 σωμάτων

335 682 416 743 είς
439 677 688 748 σώματα,
712 675 839 748 ἄχρι
866 675 1021 741 ζώων
1046 678 1142 732 καὶ
1163 679 1469 732 κνωδάλων.
1499 678 1714 751 Σιωπὴν
1736 678 1793 732 δὲ
1814 679 1932 749 ἃμα

335 772 526 824 ἀσκεῖν
548 768 644 822 ἐπὶ
667 768 858 840 χρόνον
881 767 1045 823 πέντε
1062 769 1200 823 ἐτῶν
1230 769 1503 827 ἐδίδασκε.
1525 769 1600 825 Τὸ
1624 771 1931 825 τελευταῖον

333 859 389 914 δὲ
415 859 610 914 ὲαυτδν
637 859 756 914 θεὸν
799 859 1072 932 ὠνόμασε.

405 951 749 1005 Πλατωνικοὶ
777 952 932 1019 Θεὸν,
959 953 1055 1008 καὶ
1079 948 1242 1017 εἶδος,
1269 953 1361 1007 καὶ
1386 950 1480 1007 τὸν
1508 951 1712 1024 κόσμον
1739 969 1930 1024 γεννη-

333 1046 426 1097 τὸν
454 1045 551 1098 καὶ
581 1043 822 1117 φθαρτὸν
855 1045 1146 1123 ὑπάρχειν,
1172 1046 1271 1117 τὴν
1306 1046 1485 1120 ψυχὴν
1522 1046 1579 1100 δὲ
1611 1045 1927 1117 ἀγέννητον,

335 1137 432 1191 καὶ
460 1136 750 1203 ἀθάνατον,
790 1138 885 1191 καὶ
925 1138 1093 1192 θείαν.
1130 1134 1283 1192 Εἶναι
1309 1139 1367 1193 δὲ
1410 1139 1582 1210 αὐτῆς
1605 1138 1733 1211 τρία
1764 1139 1927 1210 μέρη,

322 1226 583 1298 λογικὸν,
623 1227 883 1299 θυμικὸν,
929 1228 1347 1302 ἐπιθυμητικόν.
1402 1231 1516 1295 Τάς
1561 1230 1620 1284 δὲ
1664 1234 1930 1301 γυναῖκας

333 1321 520 1385 κοινάς
551 1323 665 1384 τοῖς
688 1322 822 1375 πᾶσι
858 1321 1126 1390 γίνεσθαι,
1153 1322 1248 1376 καὶ
1279 1323 1483 1394 μηδένα
1506 1323 1633 1393 μίαν
1659 1321 1804 1394 ἔχειν
1833 1340 1931 1393 γα-

331 1414 508 1485 μετὴν
552 1412 708 1480 ίδίαν,
748 1413 885 1467 ἀλλά
935 1414 1063 1479 τοὺς
1101 1414 1360 1479 θέλοντας
1404 1418 1528 1479 ταῖς
1575 1414 1929 1486 βουλομέναις

334 1508 594 1560 συνεῖναι.
644 1504 1038 1576 Μεταγγισμὺν
1082 1505 1140 1559 δὲ
1174 1505 1439 1570 ὡσαύτως
1479 1504 1668 1578 ψυχῶν
1712 1507 1792 1570 είς
1825 1505 1930 1559 σώ-
1974 1508 1980 1514 ’

335 1614 489 1669 ματα
516 1596 771 1668 διάφορα,
811 1597 939 1670 ἄχρι
971 1595 1280 1652 κνωδάλων.
1348 1596 1516 1670 Ὁμοῦ
1544 1598 1601 1652 δὲ
1643 1597 1740 1653 καὶ
1772 1597 1929 1663 θεοὺς

331 1691 398 1745 ἐκ
423 1689 517 1745 τοῦ
538 1690 658 1754 ἑνὸς
682 1689 914 1755 πολλοὺς
933 1689 1279 1761 ἐδογμάτισε.

2030 500 2318 573 mortalia;
2378 518 2500 575 quae
2550 503 2809 559 inferiora
2865 514 3013 568 sunt.
3081 505 3337 562 morta‘lia
3385 506 3620 563 dicebat.

2031 594 2258 649 Animas
2285 609 2315 650 e
2342 595 2670 666 corporibus
2711 596 2764 651 in
2796 596 2902 651 alia
2931 612 3188 670 corpora,
3221 598 3387 655 etiam
3418 599 3626 655 anima-

2031 687 2163 743 lium
2178 702 2242 742 ac
2255 687 2582 755 bestiarum,
2605 688 2938 744 transfundi.
2964 690 3044 745 Ad
3065 691 3180 746 hac
3209 692 3624 763 quinquennale

2028 773 2250 831 interim
2287 776 2563 833 silentium
2603 778 2884 834 observari
2921 781 3207 852 praecepit;
3243 797 3308 838 ac
3340 790 3622 854 postremo

2030 868 2189 924 deum
2222 868 2411 945 haberi
2445 885 2505 927 se
2534 871 2730 926 voluit.
2760 933 2778 948 ο
3335 859 3342 867 ’

2100 959 2369 1016 Platonici
2398 961 2588 1028 Deum,
2620 970 2674 1018 et
2710 964 2989 1019 materiam
3011 1005 3026 1030 ,
3061 979 3124 1019 ac
3152 963 3385 1020 formam
3420 967 3624 1023 consti-

2031 1063 2273 1111 tuerunt.
2288 1055 2550 1111 Mundum
2567 1058 2834 1128 genitum,
2850 1074 2913 1115 ac
2927 1058 3270 1130 corruptioni
3286 1039 3584 1114 obnoxium
3604 1080 3618 1115 :

2030 1148 2268 1202 animam
2318 1149 2651 1221 ingenitam,
2700 1158 2755 1207 et
2811 1151 3206 1219 immortalem,
3267 1165 3333 1206 ac
3379 1150 3621 1223 divinam

2030 1240 2282 1295 arbitrati
2320 1249 2471 1297 sunt.
2520 1239 2698 1313 Hujus
2743 1251 2856 1300 tres
2899 1258 3025 1299 esse
3069 1251 3300 1314 partes:
3336 1257 3500 1298 unam
3540 1255 3622 1298 ra-

2028 1334 2180 1389 tione
2219 1335 2536 1404 pracditam;
2585 1336 2814 1391 alteram
2856 1350 2963 1405 qua
3006 1335 3334 1405 irascimur;
3378 1337 3616 1401 tertiam,

2028 1442 2136 1498 qua
2186 1428 2654 1499 concupiscimus.
2710 1428 3046 1484 Communes
3106 1430 3364 1484 omnibus
3425 1443 3622 1484 uxores

2029 1532 2153 1574 esse
2184 1518 2391 1586 voluit;
2428 1534 2587 1575 nemo
2614 1526 2676 1574 ut
2706 1522 2975 1590 privatam
3008 1519 3303 1585 obtineret,
3338 1534 3402 1574 ac
3435 1518 3624 1590 praeci-

2028 1622 2229 1678 puam;
2264 1607 2359 1664 sed
2393 1616 2447 1663 ut
2487 1609 2720 1680 quilibet
2749 1622 2982 1679 quarum
3015 1609 3176 1665 vellet
3205 1610 3419 1680 copiam
3458 1609 3623 1665 habe-

2030 1710 2134 1757 ret.
2160 1699 2306 1757 Idem
2329 1702 2641 1758 animarum
2668 1703 2722 1757 in
2749 1703 2899 1757 varia
2931 1717 3186 1775 corpora,
3220 1704 3386 1759 etiam
3417 1703 3621 1759 bestia-

1884 1844 1889 1848 .
1961 1797 2004 1852 B
2033 1809 2176 1860 rum,
2204 1795 2470 1849 transitus
2499 1793 2820 1849 aﬂirmabat.
2863 1793 3005 1851 Deos
3042 1795 3278 1866 denique
3308 1796 3618 1866 complures

402 1978 636 2035 Στωϊκοὶ
670 1980 829 2053 σῶμα
868 1979 930 2034 τὸ
956 1980 1065 2035 πᾶν
1098 1979 1538 2052 δογματίζοντες,
1574 1978 1669 2034 καὶ
1710 1978 1801 2033 τὸν
1840 1978 1926 2034 αἰ-

331 2070 532 2143 σθητὸν
551 2066 739 2124 τοῦτον
757 2070 961 2142 κόσμον
977 2069 1111 2124 Θεὸν
1129 2068 1460 2140 νομίζοντες.
1484 2068 1641 2132 Τινὲς
1659 2067 1714 2121 δὲ
1741 2069 1806 2121 ὲκ
1826 2067 1926 2138 τῆς

325 2161 427 2217 τοῦ
459 2161 631 2234 πυρὸς
656 2161 844 2226 οὐσίας
866 2160 966 2234 τὴν
999 2161 1161 2231 φύσιν
1189 2160 1335 2232 ἔχειν
1357 2159 1522 2215 αὐτὸν
1552 2160 1922 2233 ἀπεφήναντο.

326 2253 444 2307 Καὶ
474 2252 565 2307 τὸν
592 2252 689 2327 μὲν
706 2252 837 2306 Θεὸν
858 2251 984 2308 νοῦν
1000 2252 1264 2324 ὁρίζουσι,
1294 2250 1390 2305 καὶ
1414 2250 1490 2316 ὡς
1514 2249 1693 2322 ψυχὴν
1726 2249 1927 2314 παντὸς

323 2343 427 2398 τοῦ
459 2344 613 2408 ὄντος
640 2344 858 2413 κύτους,
902 2343 1134 2417 ούρανοῦ
1162 2344 1257 2398 καὶ
1286 2342 1392 2414 γῆς
1412 2359 1426 2374 ·
1467 2342 1627 2413 σῶμα
1668 2343 1725 2397 δὲ
1758 2340 1925 2397 αὐτοῦ

324 2435 390 2491 τὸ
425 2439 559 2502 πᾶν,
601 2436 678 2500 ὡς
712 2434 876 2508 ἔφην,
935 2436 1031 2491 καὶ
1068 2436 1383 2508 ὀφθαλμοὺς
1427 2437 1556 2501 τοὺς
1608 2436 1923 2508 φωστῆρας.

325 2529 446 2600 Τὴν
460 2528 520 2582 δὲ
541 2528 721 2601 σάρκα
739 2527 957 2582 πάντων
978 2528 1334 2593 ἀπόλλυσθαι,
1359 2527 1453 2581 καὶ
1471 2527 1570 2600 τὴν
1589 2527 1766 2600 ψυχὴν
1789 2528 1926 2583 πάν·

322 2637 439 2675 των
470 2619 902 2703 μεταγγίζεσθαι
929 2621 1038 2675 ἀπὸ
1064 2619 1316 2693 σώματος
1340 2622 1422 2685 είς
1449 2618 1625 2691 σῶμα.

414 2791 780 2867 Ἐπικούρειοι
811 2797 991 2868 ἄτομα
1019 2795 1115 2850 καὶ
1140 2795 1320 2869 ἀμερῆ
1352 2793 1604 2867 σώματα,
1625 2794 1925 2868 ὁμοιομερῆ

323 2900 388 2942 τε
420 2888 516 2942 καὶ
544 2889 747 2963 ἄπειρα
779 2888 878 2961 τὴν
907 2888 1083 2961 ἀρχὴν
1121 2883 1263 2942 εῖναι
1290 2887 1399 2942 τῶν
1438 2887 1656 2945 πάντων
1684 2888 1924 2960 ὑπεστή-

327 2998 516 3045 σαντο,
558 2981 655 3036 καὶ
685 2982 837 3047 τέλος
869 2976 1011 3037 εἶναι
1049 2980 1399 3053 εὐδαιμονίας
1440 2981 1539 3052 τὴν
1575 2978 1768 3053 ἡδονὴν
1814 2981 1927 3036 ἐδο-

324 3073 627 3144 γμάτισαν,
648 3074 744 3129 καὶ
768 3075 907 3148 μήτε
923 3074 1056 3130 Θεὸν
1079 3076 1217 3147 μήτε
1241 3074 1505 3148 Πρόνοιαν
1531 3071 1603 3127 τὰ
1626 3073 1927 3146 πράγματα

323 3165 574 3220 διοικεῖν.
1476 3176 1487 3189 ’

399 3254 862 3329 Σαμαρειτισμὸς,
906 3254 1000 3312 καὶ
1041 3259 1088 3312 οί
1128 3258 1223 3313 ἀπ’
1270 3257 1435 3312 αὑτοῦ
1479 3258 1841 3329 Σαμαρεῖται,
1895 3256 1924 3309 ὅ

323 3346 481 3401 ἐστιν
512 3348 622 3402 ἀπὺ
657 3347 1018 3421 Ἱουδαῖσμοῧ,
1042 3349 1149 3421 πρὸ
1174 3348 1273 3421 μὲν
1291 3348 1387 3403 τοῦ
1408 3344 1747 3419 καταστῆναι
1773 3342 1926 3418 αἱρέ-

324 3457 445 3504 σεις
478 3442 561 3503 είς
591 3438 879 3510 Ἕλληνας,
912 3441 1005 3495 καί
1052 3440 1158 3514 πρὸ
1190 3441 1283 3495 τοῦ
1321 3441 1588 3513 συστῆναι
1630 3440 1811 3497 αὐτῶν
1856 3441 1926 3497 τά
1958 3518 1961 3519 ν

321 3530 578 3602 δόγματα
600 3547 614 3561 ⁶
654 3530 792 3603 μετά
816 3532 873 3586 δὲ
899 3530 992 3585 τοῦ
1016 3527 1156 3586 εἶναι
1186 3532 1456 3605 Ἐλλήνων
1479 3533 1580 3606 τὴν
1605 3533 1920 3606 θρησκείαν,

320 3623 423 3674 καὶ
466 3622 631 3694 μέσον
675 3622 771 3676 τοῦ
830 3623 1168 3696 Ἰουδαϊσμοῦ
1216 3624 1318 3697 τὴν
1357 3623 1631 3696 πρόφασιν
1662 3618 1920 3695 εἰληφὼς,

322 3712 436 3767 ἀπὸ
484 3711 593 3765 τῶν
621 3712 831 3784 χρόνων
866 3713 1342 3787 Ναϐουχοδονόσορ
1382 3715 1477 3769 καὶ
1516 3712 1616 3787 τῆς
1648 3713 1756 3769 τῶν
1789 3715 1921 3769 Ἰου-

321 3803 495 3858 δαίων
517 3802 913 3876 αἰχμαλωσίας.
948 3800 1209 3860 Μέτοικοι
1230 3807 1284 3861 δὲ
1306 3807 1461 3872 ὄντες
1488 3801 1596 3862 ἀπὸ
1624 3804 1921 3880 Ἀσσυρίων

323 3898 409 3961 εἰς
437 3897 538 3967 τὴν
575 3892 855 3963 Ἰουδαίαν,
886 3898 980 3952 ιιιαῖ¹
1014 3897 1273 3963 λαϐόντες
1305 3894 1403 3971 τὴν
1432 3899 1803 3970 Πεντάτευχον
1837 3899 1926 3971 μόο
1956 3884 1962 3889 ’

321 4004 426 4058 νην
470 3988 772 4056 Μωῡσέως,
809 3988 905 4044 τοῦ
948 3973 1216 4060 βασιλέως
1269 3985 1456 4054 αὐτοῖς
1503 3987 1925 4054 ἀποστείλαντος

323 4080 437 4134 ἀπὸ
477 4080 797 4147 Βαϐυλῶνος
834 4081 925 4136 διὰ
974 4082 1165 4155 ἱερέως
1201 4081 1409 4154 Ἐσδρα
1450 4081 1809 4152 καλουμένου,
1854 4081 1925 4136 τὰ

325 4170 509 4224 πάντα
529 4169 746 4242 ἔχοντές
772 4172 911 4226 εἰσιν
934 4166 1227 4237 Ἰουδαίων,
1252 4171 1393 4243 πλὴν
1411 4171 1508 4225 τοῦ
1542 4168 1923 4243 βδελύττεσθαι

321 4263 397 4318 τὰ
423 4263 575 4336 ἔθνη,
620 4265 718 4317 καὶ
768 4265 905 4336 μήτε
947 4264 1284 4337 προσψαύειν
1315 4263 1499 4329 τινῶν,
1534 4264 1629 4318 καὶ
1650 4262 1789 4335 πλὴν
1825 4260 1921 4316 τοῦ

322 4355 615 4427 ἀρνεῖσθαι
650 4354 862 4428 νεκρῶν
899 4356 1217 4423 ἀνάστασιν,
1254 4355 1354 4420 τὰς
1392 4355 1560 4419 ἄλλας
1585 4351 1923 4428 προφητείας

322 4446 426 4510 τάς
481 4446 622 4518 μετά
661 4445 921 4502 Μωῦσέα.
977 4447 1334 4519 Σαμαρειτῶν
1367 4444 1426 4499 δὲ
1477 4446 1606 4519 ἔθνη
1654 4447 1919 4518 τέσσαρα,

323 4539 366 4591 Γ
366 4538 613 4611 ορθηνοὶ,
650 4539 701 4592 oi
746 4541 805 4593 ὲν
842 4538 1023 4604 ἄλλοις
1048 4541 1263 4612 καιροῖς
1306 4538 1407 4603 τὰς
1453 4538 1649 4611 ἑορτὰς
1694 4538 1920 4609 ἄγοντες
1952 4583 1999 4641 D

322 4631 479 4702 παρά
500 4634 628 4696 τοὺς
655 4630 940 4703 Ἐϐραίους
957 4649 972 4663 ο
1010 4630 1310 4695 Σεϐουαῖοι,
1336 4632 1387 4685 oi
1419 4631 1508 4686 διά
1538 4630 1708 4702 αὐτὴν
1735 4630 1918 4685 αἰτίαν

321 4723 436 4777 τῶν
461 4721 668 4794 ἑορτῶν
690 4723 827 4795 πρὸς
857 4724 984 4789 τοὺς
1002 4723 1308 4797 Γορθηνοὺς
1341 4720 1751 4793 διαφερόμενον
1794 4721 1919 4775 Ἐσ-

325 4816 506 4887 aug-vei,
537 4815 660 4887 μηδ’
682 4817 964 4890 ὁποτέροις
985 4814 1409 4887 ἐναντιούμενοι,
1428 4817 1540 4879 τοῖς
1556 4813 1615 4867 δὲ
1635 4831 1710 4868 πα
1719 4831 1912 4886 ρατυγ-

323 4910 552 4982 χάνουσι
601 4910 1054 4983 συνεορτάζοντες
1101 4910 1438 4981 ἀδιαφόρως
1493 4908 1767 4975 Δοσίθεοι,
1806 4911 1919 4973 τοῖς

322 5002 512 5065 αὐτοῖς
548 5000 749 5068 ἔθεσιν,
790 4999 879 5056 οἷα
905 5003 970 5075 δὴ
1012 5004 1371 5075 Σαμαρεῖται,
1411 5001 1912 5075 ὲμπολιτευόμενοι,

325 5096 599 5165 περιτομῇ
629 5111 690 5147 τε
725 5094 821 5150 καὶ
846 5094 1118 5166 Σαϐϐάτῳ
1145 5096 1242 5148 καὶ
1267 5096 1381 5157 τοῖς
1409 5093 1611 5158 ἄλλοις,
1641 5092 1916 5166 χρώμενοί

321 5199 384 5236 τε
417 5185 487 5255 τῇ
524 5184 883 5257 Πεντατεύχῳ
904 5202 920 5216 ο
970 5183 1355 5256 περιττότερον
1386 5182 1443 5237 δὲ
1469 5183 1578 5237 τῶν
1609 5183 1784 5238 ἄλλων
1811 5200 1915 5254 φυ-

322 5274 610 5340 λάττοντες
639 5276 701 5330 τὸ
740 5276 1043 5349 ἀπέχεσθαι
1091 5275 1373 5348 ἐμψύχων.
1408 5275 1503 5329 καὶ
1540 5276 1597 5329 ὲν
1637 5264 1915 5343 νηστείαις

320 5373 372 5427 δὲ
410 5371 786 5443 συνεχέστατα
816 5370 964 5442 βιοῦν
984 5387 999 5401 ·
1036 5370 1218 5443 ἔχουσι
1239 5369 1297 5423 δὲ
1327 5368 1425 5423 καὶ
1445 5367 1744 5441 παρθενίαν
1772 5366 1915 5431 τινὲς

321 5464 528 5531 αὐτῶν,
552 5463 978 5535 ἐγκρατεύονται
999 5462 1058 5516 δὲ
1083 5460 1256 5529 ἄλλοι,
1281 5458 1600 5515 πιστεύουσί
1617 5475 1678 5512 τε
1705 5457 1916 5530 νεκρῶν

321 5559 642 5623 ἀνάστασιν,
673 5557 812 5627 ὅπερ
843 5554 990 5620 ξένον
1010 5554 1128 5607 ἐστὶ
1150 5553 1538 5627 Σαμαρείταις.

2034 1886 2103 1942 ab
2133 1901 2243 1941 uno
2268 1901 2393 1942 esse
2427 1886 2746 1958 productos.
3342 1940 3345 1941 ν

2108 1976 2278 2033 Stoici
2309 1992 2511 2050 corpus
2544 1972 2863 2037 univeiﬁum
2917 1996 3040 2038 esse
3074 1979 3364 2048 deﬁniunt,
3392 1988 3447 2037 et
3469 1994 3623 2052 aspe-

2033 2068 2287 2125 ctabilem
2308 2070 2458 2127 hunc
2485 2072 2750 2127 mundum
2787 2070 2956 2128 Deum
2997 2088 3121 2130 esse
3164 2079 3432 2130 statuunt.
3471 2072 3620 2128 Non-

2034 2160 2169 2216 nulli
2205 2161 2369 2217 etiam
2410 2179 2474 2217 ex
2517 2163 2641 2234 igne
2676 2173 2930 2220 naturam
2962 2166 3108 2221 illius
3143 2175 3398 2222 constare
3423 2164 3624 2221 defen-

2033 2253 2192 2309 dunt.
2225 2253 2396 2310 Deum
2427 2257 2629 2328 quippe
2655 2266 2893 2313 mentem
2927 2273 3051 2314 esse
3081 2265 3294 2329 putant,
3320 2273 3386 2314 ac
3416 2257 3620 2313 vastis—

2034 2345 2187 2403 sima:
2217 2347 2385 2403 totius
2412 2349 2594 2414 molis,
2622 2349 2747 2404 coeli
2770 2356 3041 2421 terraeque
3061 2350 3331 2415 videlicet,
3356 2349 3616 2404 animam.

2034 2432 2206 2504 Cujus
2235 2449 2436 2505 corpus
2458 2475 2474 2501 ,
2515 2442 2572 2491 ut
2616 2436 2766 2501 dixi,
2806 2444 2982 2493 totum
3024 2438 3127 2493 hoc
3160 2438 3231 2495 sit
3261 2438 3577 2494 universum
3598 2477 3618 2504 ,

2032 2527 2181 2583 oculi
2230 2542 2361 2583 vero
2410 2528 2611 2583 sidera.
2687 2529 2944 2587 Omnium
2998 2531 3225 2587 interire
3274 2546 3519 2600 carnem,
3565 2539 3621 2588 et

2032 2618 2274 2675 animam
2311 2623 2367 2676 in
2411 2621 2626 2678 diversa
2664 2623 2902 2680 transire
2946 2638 3178 2696 corpora
3237 2625 3341 2681 sibi
3392 2640 3620 2696 persua-

2033 2709 2184 2767 dent.
2318 2765 2329 2774 _

2106 2794 2359 2868 Epicurei
2401 2808 2614 2857 atomos
2650 2809 2706 2858 et
2747 2788 3027 2859 individua
3072 2818 3300 2876 corpora
3350 2805 3621 2862 similibus

2033 2888 2341 2943 constantia
2395 2892 2667 2960 partibus,
2729 2901 2782 2948 et
2836 2893 3071 2963 inﬁnita,
3126 2911 3310 2950 rerum
3371 2896 3616 2951 omnium

2031 2976 2382 3049 principium,
2436 2996 2559 3037 esse
2614 2982 2939 3039 docuerunt.
2999 2980 3284 3040 Summum
3324 2985 3529 3041 bonum
3558 2984 3615 3039 in

2033 3070 2312 3142 voluptate
2336 3081 2640 3143 posuerunt
2667 3090 2684 3132 :
2713 3073 2882 3131 Deum
2916 3091 2982 3132 ac
3008 3072 3414 3133 Providentiam
3437 3078 3508 3133 ab
3530 3093 3616 3134 re-

2033 3178 2153 3219 rum
2176 3163 2649 3221 administratione
2673 3167 3037 3224 sustulerunt.

2106 3251 2555 3324 Samaritismus,
2592 3264 2646 3313 et
2682 3254 2989 3315 Samaritae.
3030 3255 3207 3331 Hujus
3242 3260 3309 3315 ab
3334 3255 3618 3318 Judaismo

2023 3344 2179 3417 origo
2217 3345 2530 3415 deducitur,
2579 3364 2701 3419 qua
2748 3358 3023 3405 sectarum
3072 3349 3217 3420 apud
3264 3348 3484 3407 Graecos
3531 3351 3619 3406 di-

2022 3436 2239 3503 vortiis,
2265 3443 2319 3493 et
2350 3450 2539 3493 earum
2568 3437 2807 3496 decretis
2849 3454 2915 3495 ac
2946 3440 3297 3511 dogmatibus
3340 3442 3616 3513 antiquior

2022 3536 2128 3586 est.
2164 3528 2480 3586 Graecorum
2525 3545 2689 3602 porro
2732 3532 3180 3603 superstitionem
3222 3534 3527 3605 complexa,
3562 3543 3618 3591 et

2023 3635 2149 3676 cum
2187 3620 2434 3680 Judaicis
2465 3622 2807 3694 dogmatibus
2840 3624 3025 3695 aliqua
3069 3641 3137 3681 ex
3158 3632 3313 3696 parte
3352 3626 3609 3693 miscens,

2023 3707 2117 3761 illa
2148 3716 2299 3763 secta
2334 3708 2484 3764 circa
2512 3708 3046 3765 Nabuehodonozori
3085 3718 3140 3766 et
3168 3708 3411 3765 Iudaicae
3433 3711 3611 3782 capti-

2022 3797 2208 3854 vitatis
2249 3808 2495 3870 tempora
2526 3800 2759 3872 prodiit.
2797 3798 2967 3854 Primi
3003 3809 3168 3856 sectae
3195 3800 3511 3857 conditores
3546 3814 3616 3856 ex

2022 3889 2266 3962 Assyriis
2294 3891 2350 3945 in
2386 3888 2629 3946 Iudaeam
2676 3891 3036 3963 transportati
3072 3892 3318 3963 quinque
3345 3890 3615 3946 duntaxat

2024 3982 2228 4055 Moysis
2256 3982 2426 4039 libros
2451 3993 2802 4055 acceperunt,
2844 3999 2985 4055 quos
3022 3999 3119 4055 per
3156 3978 3388 4040 Esdram
3432 3998 3615 4039 sacer-

2024 4071 2204 4126 dotem
2233 4083 2326 4126 rex
2354 4071 2424 4125 ad
2468 4072 2593 4126 illos
2624 4071 2901 4144 Babylone
2930 4072 3282 4129 submiserat.
3302 4070 3490 4142 Itaque
3508 4084 3615 4126 cae-

2024 4171 2140 4219 tera
2179 4162 2385 4219 habent
2414 4178 2540 4218 cum
2567 4162 2777 4220 Judaeis
2805 4164 3117 4220 communia
3148 4180 3163 4219 :
3214 4164 3262 4222 si
3308 4163 3413 4220 hoc
3442 4180 3613 4219 unum

2023 4256 2287 4327 excipias,
2324 4254 2471 4327 quod
2487 4265 2541 4312 et
2561 4264 2752 4328 gentes
2786 4256 3195 4323 abominentur,
3229 4272 3406 4328 neque
3422 4271 3613 4327 quem-

2023 4359 2187 4416 quam
2228 4347 2546 4418 contingere
2586 4346 2758 4402 velint
2790 4364 2803 4401 :
2839 4345 3092 4417 quodque
3134 4354 3476 4402 mortuorum
3524 4359 3614 4402 re.

2025 4438 2456 4503 surrectionem,
2504 4453 2568 4494 ac
2614 4448 2843 4494 caeteras
2873 4446 2997 4509 post
3032 4437 3257 4511 Moysen
3295 4437 3613 4509 prophetias

2025 4532 2303 4602 rejiciunt.
2334 4530 2803 4588 Samaritanorum
2829 4539 2914 4588 est
2945 4531 3109 4588 factio
3135 4532 3309 4590 divisa
3339 4520 3405 4588 ἰιῖ
3427 4540 3612 4605 partes

2026 4635 2285 4697 quatuor.
2317 4624 2487 4681 Primi
2517 4634 2648 4682 sunt
2675 4623 2964 4693 Gortheni,
3000 4625 3094 4696 qui
3123 4623 3294 4681 festos
3320 4624 3438 4681 dies
3462 4624 3609 4691 aliis,

2014 4728 2189 4790 quam
2242 4717 2472 4783 Hebraei,
2505 4717 2847 4786 temporibus
2897 4716 3166 4770 indicunt.
3219 4713 3324 4768 Alii
3378 4713 3613 4777 Sebuwi,

2026 4810 2120 4879 qui
2172 4810 2242 4864 ub
2293 4809 2542 4864 eamdem
2595 4808 2861 4864 festorum
2913 4808 3127 4863 dierum
3187 4805 3535 4861 occasionem
3582 4821 3613 4857 a

2026 4901 2325 4956 Gortheuis
2388 4900 2745 4956 dissentiunt.
2807 4897 2981 4955 Tertii
3034 4906 3164 4956 sunt
3227 4896 3455 4962 Esseni,
3517 4896 3610 4965 qui

1958 4998 1961 5001 ‘
2027 4991 2206 5047 neutri
2235 4990 2379 5062 parti
2420 5000 2752 5063 repugnant,
2787 4991 2884 5048 sed
2919 5005 3044 5045 cum
3086 4990 3175 5055 iis,
3210 4989 3269 5044 in
3300 5002 3440 5059 quos
3475 4985 3615 5041 inci-

2025 5084 2229 5153 derint,
2274 5085 2394 5140 sine
2451 5085 2563 5139 ullo
2624 5084 2945 5141 discrimine
2992 5083 3129 5137 festa
3175 5085 3460 5153 peragunt.
3506 5075 3615 5132 Po-

2026 5175 2213 5231 stremi
2239 5183 2369 5230 sunt
2388 5174 2628 5231 Dosltbei
2649 5194 2662 5231 :
2683 5174 2777 5244 qui
2794 5172 3009 5239 iisdem,
3028 5171 3233 5243 quibus
3252 5161 3613 5237 Samaritani,

2025 5266 2293 5322 institutis
2318 5274 2551 5320 utuntur
2588 5283 2600 5320 :
2629 5264 3109 5321 circumcisionem
3129 5304 3146 5332 ,
3177 5264 3510 5328 Sabbatum,
3548 5277 3615 5319 ac

2022 5367 2241 5427 castera,
2298 5359 2597 5430 itidemque
2644 5356 3074 5414 Pentateucbum
3124 5356 3408 5414 adhibent.
3459 5353 3611 5409 Prm-

2022 5454 2184 5524 cipue
2218 5467 2372 5521 vero,
2411 5466 2475 5507 ac
2516 5464 2631 5523 prae
2680 5451 2911 5524 reliquis
2954 5452 3213 5510 omnibus
3240 5450 3344 5507 sibi
3384 5447 3454 5504 ab
3491 5447 3609 5501 ani-

2025 5546 2184 5599 matis
2222 5551 2549 5616 temperant,
2591 5557 2657 5600 ac
2692 5551 2958 5616 perpetuo
2997 5544 3114 5600 fere
3153 5543 3428 5615 jejunant.
3466 5535 3610 5592 Sunt

322 5649 468 5705 inter
505 5650 652 5712 illos.
698 5650 789 5719 qui
827 5648 1197 5720 virginitatem
1241 5649 1450 5714 colunt,
1502 5646 1595 5703 alii
1640 5643 2053 5703 continentiam.
2087 5639 2516 5699 Resurrecturos
2574 5655 2700 5700 esse
2751 5649 2997 5698 mortuos
3032 5641 3302 5705 credunt;
3362 5632 3511 5707 quod
3579 5646 3611 5690 a

325 5740 806 5800 Samaritanorum
835 5741 1089 5813 dogmate
1124 5741 1404 5803 abhorret.

649 5837 926 5898 ΡΑτιιοι..
960 5834 1075 5895 Gn.
1114 5834 1276 5897 XLI.

3289 5819 3328 5881 6
