3968 6104
451 269 543 320 171

447 476 582 546 legis
610 474 789 544 periti,
814 480 868 528 et
896 472 1255 528 traditionum
1275 515 1291 540 ,
1314 489 1452 544 quas
1476 488 1505 527 a
1548 470 1855 547 majoribus
1879 488 2036 528 acce-

449 570 640 634 perant
671 561 1045 634 (δευτερώσεις
1088 562 1399 634 vocabant),
1438 563 1821 619 observatores
1863 562 2035 628 fuere,

448 667 511 706 ac
539 654 678 709 ritus
707 668 901 710 omnes
944 654 1384 724 superstitiosius
1415 654 1661 719 caeteris,
1698 653 2040 726 diligentius-

446 758 553 814 que
585 753 926 800 tenuerunt:
975 760 1116 816 quos
1163 760 1272 800 non
1323 761 1355 801 e
1403 746 1517 815 lege
1557 744 1893 814 didiceram,
1945 747 2038 802 sed

447 837 828 907 sibimetipsis,
861 845 1120 908 tanquam
1147 838 1378 908 justitiae
1412 838 1550 910 legis
1581 838 1891 910 singulares
1921 842 2041 895 cul-

376 946 383 957 ‘
449 939 558 997 tus,
594 946 659 986 ac
688 933 1045 988 caeremonias
1074 931 1403 988 indixerant.

518 1023 801 1089 Pharisaei,
826 1037 966 1093 quos
993 1033 1292 1093 segregatos
1337 1022 1684 1095 interpretari
1702 1024 1916 1095 possis,
1945 1025 2042 1097 qui

449 1113 855 1171 sanctissimam
883 1115 1003 1170 vitae
1036 1116 1302 1171 rationem
1326 1114 1591 1187 ,prol‘essi,
1616 1118 2040 1188 probitate-cae-

449 1205 581 1261 teris
611 1205 936 1260 antecellere
964 1204 1313 1261 videbantur.
1358 1204 1696 1261 Mortuorum
1745 1206 1889 1277 apud
1919 1207 2042 1261 illos

449 1299 811 1363 resurrectio,
840 1306 899 1353 ut
926 1306 979 1354 et
1015 1298 1160 1369 apud
1192 1297 1445 1365 Scribas,
1485 1296 1797 1355 defenditur
1827 1319 1840 1355 :
1878 1299 2042 1355 iidem

450 1391 709 1461 angelos,
765 1406 827 1446 ac
860 1391 1123 1462 Spiritum
1175 1398 1427 1447 sanctum
1486 1406 1610 1448 esse
1662 1407 1771 1447 non
1815 1400 2039 1464 negant.

451 1481 586 1538 Vitae
608 1483 869 1539 eximium
908 1484 1218 1541 institutum
1251 1499 1364 1554 prae
1397 1499 1457 1540 se
1492 1483 1693 1539 ferunt.
1739 1483 2044 1540 Continen-

448 1575 580 1630 tiam
625 1583 836 1631 certum
885 1576 952 1631 ad
1008 1585 1260 1647 tempus,
1290 1590 1355 1630 ac
1405 1575 1773 1646 virginitatem
1824 1592 2045 1648 quoque

448 1667 778 1739 suscipiunt.
814 1667 903 1725 Bis
931 1667 1271 1724 hebdomade
1289 1680 1508 1739 quaque
1529 1667 1801 1739 jejunare,
1826 1685 2041 1736 urceos,

1184 261 1530 321 EPIPHANII
1550 260 2001 319 RESCRIPTUM
2031 261 2121 316 AD
2151 260 2454 318 ACACIUM
2496 261 2583 320 ΕΤ
2620 261 2906 320 ΡΑυιωι

519 382 829 439 .ludaeornm
846 388 1008 439 sectae
1027 396 1258 437 numero
1280 391 1510 455 septem.
1528 383 1601 436 Ac
1618 382 1795 453 primo
1815 380 2038 448 Scribat,
2074 378 2117 442 Α

3631 271 3731 326 ΠΩ

2231 381 2501 435 Ἰουδαίων
2532 381 2771 454 αἱρέσεις
2802 379 2974 436 ἑπτά·
3001 381 3376 455 Γραμματεϊς,
3415 381 3616 447 οἵτινες
3647 402 3734 438 νο-

2150 474 2301 544 μικοὶ
2344 474 2444 545 μὲν
2492 470 2657 546 ἦσαν,
2712 475 2806 528 καὶ
2853 474 3187 546 δευτερωταὶ
3234 472 3587 548 παραδόσεων
3622 475 3732 530 τῶν

2147 568 2278 636 παρ’
2307 565 2491 629 αὐτοῖς
2523 566 2934 638 πρεσϐυτέρων,
2965 569 3030 638 τῇ
3057 565 3416 638 περιττοτέρᾳ
3444 565 3735 639 ἐθελοθρη-

2150 655 2305 727 σκεία
2326 655 2424 727 ἔθη
2457 655 2841 724 φυλάττοντες,
2882 655 2918 710 ὃ.
2944 652 3006 710 ὀύ
3036 656 3128 711 διὰ
3158 656 3254 710 τοῦ
3280 656 3447 728 νόμου
3483 656 3736 729 μεμαθη-

2138 766 2327 814 κασιν,
2361 744 2477 803 ἀλλ’
2505 750 2718 814 ἑαυτοῖς
2750 749 3041 804 ὲτύπωσαν
3076 750 3400 822 σεϐάσματα
3421 748 3735 820 δικαιώμα-

2147 856 2238 904 τος
2267 840 2364 912 τῆς
2397 840 2741 911 νομοθεσίας.

2218 1027 2500 1097 Φαρισαῖοι
2518 1042 2548 1093 ,’
2587 1028 3017 1101 έρμηνευόμενοι
3077 1026 3503 1099 ἁφωρισμένοι,
3563 1027 3615 1081 οί
3672 1025 3737 1081 τὸ

2148 1117 2451 1190 ἀκρότατον
2488 1119 2750 1190 βιοῦντες,
2792 1120 2885 1174 καὶ
2910 1120 3069 1193 δῆθεν
3095 1121 3215 1193 τῶν¹
3233 1120 3408 1175 ἄλλων
3435 1117 3737 1190 δοκιμώτε-

2152 1227 2256 1281 ροιο
2287 1208 2418 1283 παρ’
2453 1207 2537 1273 οἷς
2576 1212 2670 1265 καὶ
2710 1212 2922 1283 νεκρῶν
2961 1190 3279 1275 ανάστασίις,
3325 1212 3402 1276 ὡς
3442 1212 3540 1266 κα)⁸
3582 1210 3738 1282 παρὰ

2149 1301 2260 1362 τοῖς
2289 1300 2720 1372 Γραμματεῦσι,
2760 1304 2855 1356 καὶ
2953 1303 3081 1374 περὶ
3113 1302 3380 1371 ἀγγέλων,
3426 1303 3523 1356 καὶ
3555 1301 3736 1355 Πνεύο

2152 1409 2321 1464 ματος
2368 1394 2550 1464 ἁγίου,
2598 1395 2680 1448 ὄτι
2731 1394 2868 1460 ἔστι,
2915 1394 3336 1463 συγκατάθεσις,
3382 1393 3636 1449 πολιτεία
3676 1410 3738 1447 τε

2148 1485 2426 1558 διάφορος,
2468 1486 2770 1561 ἐγκράτεια
2804 1486 2910 1551 ἓως
2944 1487 3159 1559 χρόνου,
3194 1487 3290 1544 καὶ
3319 1485 3610 1558 παρθένια·
3638 1500 3738 1557 νη-

2151 1575 2303 1631 στεία
2334 1576 2391 1630 δὲ
2427 1576 2507 1642 δὶς
2545 1576 2639 1632 τοῦ
2664 1575 2976 1655 ξαϐόάτου,
3021 1575 3224 1643 ξεστῶν
3255 1576 3612 1648 καθαρισμοὶ,
3642 1575 3740 1629 καὶ

2162 1666 2407 1721 πινάκων
2434 1668 2528 1721 καὶ
2560 1667 2857 1740 ποτηρίων,
2889 1667 2965 1732 ὡς
2986 1668 3089 1722 «καὶ
3113 1669 3163 1722 οί
3190 1669 3566 1741 Γραμματεῖς,
3601 1668 3740 1721 ἀπο-

451 1772 515 1813 ac
545 1760 757 1825 discos,
783 1766 837 1814 et
867 1759 1064 1830 pocula
1109 1760 1309 1830 saepius
1354 1760 1569 1826 eluere,
1617 1767 1675 1815 ut
1730 1766 1781 1817 et
1816 1761 2043 1830 Scribae,

2168 1756 2499 1823 ῑεκατώσεις,
2549 1760 2642 1813 καὶ
2670 1758 2938 1831 ἀπαρχαὶ,
2973 1761 3067 1815 καὶ
3104 1759 3402 1831 ὲνδελεχεῖς
3433 1759 3614 1831 εὐχαὶ,
3642 1762 3738 1813 καὶ

450 1850 618 1904 soliti.
646 1849 730 1905 Ad
752 1850 869 1906 haec
912 1850 1153 1906 decimas
1188 1860 1244 1906 et
1266 1851 1538 1923 primitias
1567 1852 1796 1909 oil‘erre:
1828 1854 2049 1911 assidue

452 1943 663 2011 precari
700 1961 712 1996 :
749 1950 930 1999 certos
968 1943 1151 2000 cultus
1181 1958 1247 2000 ac
1278 1946 1661 2016 superstitiosa
1687 1947 2044 2005 vestimento-

452 2049 576 2089 rum
603 2050 802 2105 genera
823 2035 1101 2092 curiosius
1125 2036 1379 2093 ailectare
1412 2056 1424 2092 :
1454 2037 1761 2108 cujusmodi
1780 2049 1908 2096 sunt
1928 2042 2049 2095 dal-

451 2124 687 2188 maticae,
736 2138 800 2178 ac
835 2125 1071 2190 colobia,
1104 2133 1159 2182 et
1193 2125 1385 2182 latiora
1417 2128 1663 2198 quaedam
1695 2128 2044 2201 phylacteria,

450 2214 556 2269 hoc
589 2223 672 2271 est
707 2225 1008 2288 segmenta,
1040 2217 1378 2290 ﬁmbriaeque
1409 2235 1732 2291 purpureae,
1768 2238 1832 2278 ac
1871 2223 2048 2279 malo-

450 2316 679 2378 granata
709 2309 779 2365 ad
817 2312 1050 2367 vestium
1076 2324 1206 2367 oras
1233 2326 1474 2382 appensa
1497 2351 1512 2377 ,
1544 2327 1666 2383 qua:
1705 2315 2051 2384 temporariae

452 2401 599 2459 illius
632 2403 988 2460 continentiae
1031 2403 1187 2475 signa
1219 2403 1601 2473 praeferebant.
1627 2403 1803 2459 Iidem
1838 2415 2048 2476 postre-

453 2504 541 2546 Iuo
570 2504 798 2561 geneses
835 2506 899 2546 ac
933 2490 1106 2546 fatum
1139 2491 1581 2547 introducebaut.

527 2581 850 2639 Sadducaeis
876 2582 946 2642 ab
980 2582 1332 2647 exactissima
1351 2582 1565 2653 justitia
1585 2592 1906 2640 nomenest.
1941 2583 2048 2651 Qui

453 2690 484 2727 e
517 2671 988 2728 Samaritanorum
1019 2688 1216 2744 genere
1242 2688 1273 2727 a
1304 2673 1589 2729 sacerdote
1612 2673 1850 2744 quodam
1870 2674 2052 2731 Sadoc

455 2774 634 2819 ortum
665 2765 995 2822 habuerunt.
1037 2763 1377 2820 Mortuorum
1409 2765 1866 2823 resurrectionem
1898 2767 2053 2822 dam-

456 2866 623 2923 nant,
665 2858 915 2931 angelum
967 2874 1032 2914 ac
1080 2857 1335 2929 spiritum
1384 2855 1633 2914 funditus
1684 2867 1913 2931 negant;
1946 2873 2052 2915 ca:-

458 2960 571 3005 tera
602 2950 913 3007 Iudaeorum
948 2950 1180 3006 similes.

529 3042 1017 3114 llemerobaptistae
1041 3042 1179 3097 nihil
1207 3043 1277 3100 ab
1308 3041 1515 3100 Iudaeis
1545 3050 1913 3114 praeterquam
1945 3041 2050 3097 hoc

460 3151 570 3189 uno
605 3133 1012 3205 discreparunt,
1037 3134 1185 3206 quod
1206 3136 1481 3193 neminem
1503 3143 1721 3192 aeternae
1752 3136 1875 3190 vitae
1905 3149 2054 3191 com-

460 3236 643 3299 potem
674 3242 797 3283 esse
828 3242 991 3299 posse
1018 3226 1283 3292 dicerent,
1307 3229 1413 3286 nisi
1444 3228 1689 3302 quotidie
1717 3228 1944 3284 lavaret.

531 3316 752 3383 Osseni,
803 3332 1038 3390 quorum
1077 3335 1276 3377 nomen
1325 3322 1730 3390 procacissimos
1761 3318 2052 3392 signiﬁcat.

462 3408 567 3478 Qui
598 3426 664 3466 ex
699 3415 1024 3483 praescripto
1054 3411 1187 3484 legis
1211 3413 1393 3468 omnia
1446 3411 1752 3481 faciebant;
1783 3409 1879 3467 sed
1912 3425 2053 3481 prae-

400 3570 418 3587 ~
463 3508 616 3558 terea
668 3499 984 3574 Scripturas
1025 3503 1355 3561 adhibebant
1389 3523 1401 3560 :
1438 3511 1494 3561 et
1532 3519 1597 3562 ex
1655 3498 2054 3577 posterioribus

463 3592 745 3663 prophetis
777 3590 1068 3665 plerosque
1093 3593 1436 3667 rejiciebant.

535 3684 820 3744 Nasamos
879 3687 1223 3743 exstinctam
1284 3686 1634 3759 interpretari
1687 3686 1901 3758 possis,
1958 3677 2053 3759 qui

466 3778 651 3835 carnis
690 3794 795 3834 usu
822 3793 1047 3849 prorsus
1084 3777 1441 3836 interdicunt.
1477 3779 1562 3834 Ab
1608 3779 1864 3836 animatis
1889 3779 2056 3835 absti-

410 3854 419 3859 ’
468 3879 598 3926 nent
630 3888 644 3925 :
676 3872 1021 3943 patriarchas
1063 3886 1285 3939 omnes,
1320 3871 1413 3943 qui
1466 3868 1523 3925 in
1567 3868 1946 3927 Pentateucho
1985 3870 2055 3926 ad

467 3963 670 4037 Moysis
734 3972 790 4020 et
836 3962 966 4021 Jesu
1025 3964 1123 4019 lilii
1151 3963 1298 4019 Nave
1352 3973 1598 4034 tempora
1663 3964 2053 4028 continentur,

469 4055 771 4118 asciscant,
803 4062 858 4110 et
886 4055 953 4111 iis
1004 4052 1164 4109 ﬁdem
1192 4052 1453 4109 adhibent
1486 4070 1501 4108 :
1543 4038 1853 4122 cujusmodi
1904 4059 2054 4119 sunt,

469 4142 729 4207 Abraam,
767 4142 919 4199 Isaac
949 4152 1004 4200 et
1024 4143 1228 4210 Jacob,
1260 4144 1439 4213 iisque
1484 4143 1799 4213 superiores
1837 4156 2054 4208 omnes,

473 4248 689 4289 necnon
728 4222 952 4305 Moyses
991 4236 1110 4306 ipse
1140 4251 1266 4292 cum
1301 4237 1540 4298 Aarone,
1570 4241 1734 4303 atque
1763 4230 1919 4289 Jesu.
1941 4232 2059 4289 Ca)-

472 4333 650 4379 terum
686 4324 927 4394 quinque
954 4325 1046 4379 illa
1085 4323 1362 4379 volumina
1400 4306 1610 4394 'Moysis
1648 4338 1773 4380 esse
1817 4338 1928 4378 non
1956 4339 2060 4395 pu-

2154 1850 2411 1919 σχήματα
2462 1848 2990 1924 ὲθελοθρησκευτικὰ
3031 1852 3133 1924 τῆς
3172 1851 3512 1923 ένδυμελνίας,
3558 1851 3740 1906 διάτοι

2150 1939 2249 2010 τῆς
2287 1939 2625 2011 ἀμπεχόνης,
2667 1940 2760 1995 καὶ
2801 1940 2911 1995 τῶν
2940 1939 3312 2012 δαλματικῶν,
3348 1939 3383 2012 ἢ
3424 1939 3539 1994 τῶν
3580 1941 3742 1994 κολο-

2151 2030 2305 2099 ϐίων,
2362 2032 2457 2085 καὶ
2513 2031 2835 2103 πλατυσμοῦ
2875 2032 2986 2087 τῶν
3033 2032 3442 2105 φυλακτηρίων,
3485 2033 3741 2087 τουτέστι

2152 2118 2413 2190 σημάτων
2436 2119 2536 2191 τῆς
2559 2119 2865 2194 πορφύρας,
2891 2121 2988 2175 καὶ
3010 2120 3356 2193 κρασπέδων,
3380 2121 3474 2174 καὶ
3499 2122 3743 2193 ροῒσκων

2151 2210 2246 2263 ἐπὶ
2281 2211 2350 2264 τὰ
2388 2210 2657 2283 πτερύγια
2688 2212 2788 2283 τῆς
2821 2211 3160 2283 ἀμπεχόνης,
3195 2211 3353 2266 ἅτινα
3379 2210 3554 2267 ταῦτα
3578 2211 3743 2280 ὲτύγ-

2150 2316 2282 2370 χανε
2314 2303 2515 2372 σημεῖα
2540 2302 2640 2374 τῆς
2663 2303 2796 2375 παρ’
2824 2303 3007 2367 αὐτοῖς
3029 2303 3135 2368 ἕως
3161 2302 3359 2375 καιροῦ
3383 2303 3737 2375 ἐγκρατείας,

2149 2389 2200 2444 οἳ
2230 2392 2325 2445 καὶ
2354 2393 2751 2465 παρεισέφερον
2783 2396 2996 2465 γένεσιν
3023 2396 3119 2450 καὶ
3144 2394 3509 2468 εἱμαρμένην.

2219 2577 2598 2645 Σαδδουκαῖοι,
2630 2581 2678 2632 οἱ
2703 2579 3136 2652 ἒρμηνευόμενοι
3165 2578 3549 2646 δικαιότατοι,
3582 2580 3635 2634 οἳ
3674 2583 3741 2636 ἐκ

2150 2670 2339 2740 γένους
2370 2671 2469 2742 μὲν
2489 2666 2633 2744 ἦσαν
2663 2671 3019 2744 Σαμαρειτῶν
3041 2671 3176 2744 όμοῦ
3201 2672 3293 2726 καὶ
3321 2671 3509 2743 ίερέως
3531 2671 3743 2727 Σαδοὺκ

2151 2764 2434 2835 ὀνόματος,
2470 2763 2680 2835 νεκρῶν
2713 2765 2812 2836 μὲν
2840 2763 3138 2820 ἀνάστασιν
3160 2765 3511 2838 ἀρνούμενοι,
3541 2765 3639 2819 καὶ
3663 2766 3743 2837 μὴ

2152 2855 2583 2927 παραδεχόμενοι
2625 2855 2853 2925 ἄγγελον
2901 2857 3040 2929 μήτε
3079 2856 3320 2928 πνεῦμα·
3368 2856 3440 2912 τὰ
3467 2857 3526 2911 δὲ
3559 2859 3745 2913 πάντα

2151 2946 2303 3012 ὄντες
2341 2948 2600 3003 Ἰουδαῖοι.
3102 2970 3111 2983 ε
3780 2939 3801 2952 ”

2237 3040 2759 3113 Ἦμεροϐαπτισταί.
2795 3033 2955 3098 Οὗτοι
2976 3042 3084 3116 μὲν
3113 3043 3258 3098 κατὰ
3279 3043 3459 3100 πάντα
3494 3044 3746 3102 Ἰουδαῖοι

2152 3127 2313 3203 ἦσαν·
2341 3132 2581 3203 ἔφασκον
2609 3134 2666 3188 δὲ
2697 3134 2903 3206 μηδένα
2930 3133 3073 3207 ζωῆς
3096 3136 3390 3207 τυγχάνειν
3417 3136 3665 3204 αίωνίου,
3691 3139 3745 3191 εἰ

2157 3226 2231 3298 μή
2262 3244 2315 3280 τι
2340 3225 2406 3281 ἂν
2440 3227 2564 3280 καθ’
2591 3227 2827 3299 ἑκάστην
2852 3226 3185 3299 βαπτίζοιτο.
3348 3286 3355 3293 ,

2239 3317 2508 3386 ’Oacqvol,
2547 3316 2596 3371 οἳ
2636 3316 2700 3389 δὴ
2724 3316 3070 3388 ὶταμώτατοι
3099 3317 3519 3391 ἑρμηνεύονται.
3548 3312 3741 3374 Ἦσαν

2150 3410 2209 3465 δὲ
2237 3405 2382 3465 οὗτοι
2408 3408 2476 3465 τὰ
2500 3409 2678 3464 πάντα
2703 3408 2845 3464 κατὰ
2866 3410 3030 3482 νόμον
3051 3410 3357 3476 τελοῦντες.
3385 3410 3659 3482 Ἐχρῶντο
3684 3412 3746 3466 δὲ

2154 3503 2248 3556 καὶ
2270 3503 2516 3574 Γραφαῖς
2539 3500 2756 3574 ἑτέραις
2788 3501 2929 3572 μετὰ
2944 3501 3036 3556 τὸν
3056 3501 3240 3573 νόμον.
3277 3502 3417 3567 Τοὺς
3434 3502 3496 3556 δὲ
3518 3501 3747 3566 πλείους

2149 3594 2259 3650 τῶν
2287 3594 2581 3665 μετέπειτα
2610 3590 2911 3666 προφητῶν
2935 3592 3325 3649 ἁπεϐἀλλοντο.

2222 3686 2525 3756 Νασαραῖοι
2548 3723 2563 3750 ,
2613 3682 3043 3756 έρμηνευόμενοι
3095 3683 3432 3754 ἀφανισταί
3462 3685 3501 3737 ί.
3549 3684 3749 3738 Πᾶσαν

2155 3773 2533 3845 σαρκοφαγίαν
2588 3771 3050 3845 ἀπαγορεύουσιν·
3116 3771 3379 3845 ἐμψύχων
3436 3773 3550 3828 οὐδ’
3601 3774 3748 3838 ὅλως

2158 3865 2687 3943 μεταλαμϐάνουσιν·
2735 3864 2865 3937 ἄχρι
2920 3863 2978 3918 δὲ
3031 3864 3335 3928 Μωῦσέως,
3399 3865 3494 3919 καὶ
3563 3865 3747 3937 Ἰησοῦ

2152 3954 2247 4010 τοῦ
2288 3955 2448 4028 Ναυῆ
2493 3958 2606 4020 τοῖς
2645 3956 2703 4009 ὲν
2739 3959 2808 4029 τῇ
2850 3955 3211 4028 Πεντατεύχῳ
3276 3957 3454 4026 ἁγίοις
3506 3956 3746 4028 ὀνόμασι

2157 4046 2509 4120 πατριαρχῶν
2562 4048 2895 4119 κεχρημένοι
2938 4064 3000 4101 τε
3043 4048 3139 4101 καὶ
3186 4046 3559 4111 πιστεύοντεςο
3596 4048 3748 4119 φημὶ

2155 4138 2214 4192 δὲ
2268 4138 2553 4212 Ἀϐραὰμ,
2618 4141 2712 4193 καὶ
2772 4139 2988 4205 Ἰσαὰκ,
3036 4139 3133 4195 καὶ
3194 4138 3416 4207 Ἰακὼϐ,
3476 4140 3575 4196 καὶ
3632 4140 3747 4195 τῶν

2157 4230 2437 4296 ἀνωτάτω,
2489 4232 2585 4284 καὶ
2633 4231 2797 4285 αὑτοῦ
2846 4231 3149 4298 Μωῦσέως,
3201 4231 3296 4285 καὶ
3357 4231 3594 4303 Ἀαρὼν,
3648 4232 3747 4285 καὶ

2171 4322 2366 4394 Ἰησοῦ.
2415 4321 2527 4386 Τὰς
2562 4323 2619 4377 δὲ
2662 4323 2764 4395 τῆς
2811 4323 3186 4395 Πεντατεύχου
3215 4323 3437 4395 γραφὰς
3468 4323 3572 4377 οὐκ
3600 4317 3748 4377 εἷναι

475 4423 613 4482 tant,
648 4424 702 4471 et
730 4415 835 4472 alia
869 4417 939 4471 ab
974 4416 1042 4472 iis
1082 4415 1297 4471 diversa
1326 4430 1498 4486 penes
1534 4430 1595 4468 se
1628 4429 1751 4471 esse
1778 4414 2050 4485 iactitant.

2168 4412 2439 4475 Μωῦσέως
2470 4409 2908 4482 δογματίζουσιν,
2939 4410 3102 4477 ἄλλας
3138 4410 3196 4465 δὲ
3231 4413 3365 4483 παρ’
3392 4409 3567 4477 αὐτὰς
3597 4410 3748 4483 ἔχειν

548 4598 843 4656 lierodiani
881 4611 1006 4653 cum
1043 4594 1262 4654 Iudaeos
1290 4597 1344 4652 in
1385 4597 1642 4653 omnibus
1678 4612 1799 4654 sese
1831 4604 2055 4668 praesta-

476 4700 632 4756 rent,
680 4689 950 4746 Herodem
980 4686 1263 4743 Christum
1295 4703 1418 4744 esse
1450 4687 1863 4758 proﬁtebantur,
1897 4690 2056 4761 eique

475 4782 678 4839 Christi
711 4780 1030 4853 dignitatem
1067 4791 1141 4833 ac
1156 4791 1352 4832 nomen
1378 4776 1724 4847 attingebant.

546 4877 766 4933 Primus
804 4876 906 4932 istc
936 4864 1121 4931 tomus
1143 4878 1270 4938 est,
1299 4871 1395 4941 qui
1430 4871 1663 4926 haereses
1693 4887 1760 4926 xx
1791 4872 2054 4926 continet.

478 4966 538 5023 lu
565 4969 755 5025 eodem
787 4968 856 5024 de
884 4964 1263 5022 lncarnatione
1295 4961 1523 5025 Christi.
1562 4976 1626 5016 ac
1658 4960 1905 5017 veritatis
1929 4976 2058 5032 pro-

484 5057 723 5114 fossione
743 5070 1018 5129 postremo
1060 5057 1178 5113 loco
1207 5053 1520 5111 disseritur.

2162 4497 2610 4555 διαϐεϐαιοῦνται.

2241 4590 2576 4663 Ἦρωδιανοὶ,
2612 4590 2661 4644 οἳ
2706 4592 2951 4646 Ἰουδαῖοι
3003 4592 3102 4663 μὲν
3139 4585 3282 4665 ἦσαν
3338 4588 3487 4647 κατὰ
3542 4592 3746 4659 πάντα,

2172 4678 2416 4751 Ἡρώδην
2445 4680 2503 4733 δὲ
2536 4680 2768 4750 Χριστὸν
2808 4681 3173 4753 προσεδόκων,
3214 4682 3309 4736 καὶ
3349 4681 3529 4754 τούτῳ
3560 4683 3621 4737 τὸ
3650 4685 3748 4737 τοῦ

2160 4770 2398 4841 Χριστοῦ
2428 4771 2749 4825 ἀπεδίδοσαν
2771 4772 2939 4844 γέρας
2965 4774 3060 4827 καί¹
3087 4774 3279 4844 ὄνομα.

2232 4857 2398 4926 Οὗτος
2429 4862 2456 4916 ό
2482 4862 2696 4936 πρῶτος
2717 4863 2903 4934 τόμος,
2934 4865 3206 4937 περιέχων
3239 4865 3384 4919 κατὰ
3409 4865 3606 4920 πασῶν
3639 4865 3750 4920 τῶν

2161 4953 2333 5007 εἴκοσι
2360 4953 2564 5009 τούτων
2593 4955 2877 5027 αἱρέσεων.
2917 4958 3004 5010 Ἐν
3034 4955 3183 5027 αὐτῷ
3208 4956 3267 5011 δὲ
3297 4958 3393 5011 καὶ
3421 4960 3457 5030 ἡ
3492 4959 3749 5031 περὶτῆς

2163 5045 2398 5117 Χριστοῦ
2428 5044 2684 5117 ένδημίας
2709 5044 2983 5115 ὑπόθεσις,
3018 5047 3114 5102 καὶ
3140 5048 3175 5120 ἡ
3201 5048 3303 5121 τῆς
3327 5048 3595 5121 ἀληθείας
3618 5051 3750 5122 ὁμο-

2056 5170 2073 5186 .
2163 5135 2339 5205 λογία.
2444 5138 2453 5151 ³

562 5294 579 5325 ⁸
619 5293 672 5347 Γ
670 5310 726 5364 ρ.
755 5295 1104 5364 ἁφηνιασται.
