3960 6152
302 334 404 394 I73

3437 337 3544 392 174

329 457 3547 497 WWW

1045 704 1278 794 ΤΟΥ
1325 704 1472 794 ΕΝ
1535 701 1901 794 ΑΓΙΟΙΣ
1953 665 2392 798 ΠΑΤΡόΣ
2465 710 2793 801 ΗΜΩΝ

931 915 2910 1155 ΕΠΙΦΑΝΙΟΥ

1194 1236 1598 1293 ΕΠΙΣΚΟΠΟΥ
1627 1237 2159 1295 ΚΩΝΣΤΑΝΤΕΙΑΣ
2207 1240 2344 1294 ΤΗΣ
2374 1241 2663 1297 ΚΥΠΡΟΥ

620 1401 1085 1539 ΚΑΤΑ
1155 1405 1962 1544 ΑΙΡΕΣΕΩΝ
2060 1409 3246 1554 ΟΓΔΟΗΚΟΝΤΑ

1654 1643 1744 1697 ’Το
1779 1641 2221 1700 ΕΠΙΚΛΗΘΕΝ

1204 1769 1756 1894 ΠΑΝᾹΡΙΟΣ
1803 1833 1933 1886 En“
1971 1833 2110 1887 om
2146 1808 2688 1899 ΚΙΒΩΤΙΟΣ.

939 2173 1114 2352 S.
1222 2176 1419 2350 Ρ.
1523 2178 1721 2355 Ν.
1830 2173 2952 2359 ΕΡΙΡΗΑΝΙΙ

1151 2468 1619 2529 (ΖΟΝΞΤΑΝΤΙᾹΞ
1661 2469 1826 2540 QUIE
1863 2472 1929 2528 IN
1959 2472 2186 2532 ΕΥΡΒο
2225 2473 2356 2534 EST
2397 2473 2713 2560 EPISCO‘PI

583 2607 1425 2784 ADVERSUS
1519 2653 2436 2783 OCTOGINTA
2529 2643 3288 2791 HJERESES

1449 2888 1639 2946 OPUS
1677 2889 1883 2957 QUOD
1936 2889 2424 2948 INSCRIBITUR

1150 3059 1833 3215 PANARIUM
1928 3111 2082 3171 sm
2175 3064 2722 3174 ABCULA.

1206 3270 1498 3352 Dionysio
1519 3270 1771 3332 Petavio
1795 3272 2118 3334 Societatis
2140 3274 2288 3336 Jesu
2307 3273 2666 3353 interprete.

1411 3609 1735 3698 LIBRI
1819 3611 1850 3697 Ι
1911 3610 2315 3702 TOMUS
2388 3610 2464 3697 Ι.

382 3809 463 3860 A’.
505 3802 828 3884 Ἀρχόμενος
850 3800 1030 3855 πίστιν
1057 3814 1116 3852 τε
1139 3763 1234 3854 καὶ
1261 3799 1535 3865 ἀπιστίαν,
1555 3798 1796 3865 εὐδοξίαν
1827 3817 1886 3853 τε
1915 3815 1963 3872 Α

2063 3801 2106 3868 ι
2136 3797 2176 3854 1.
2197 3799 2506 3856 Instituenti
2543 3799 2677 3856 mihi
2699 3800 2767 3858 de
2785 3800 2888 3858 ﬁde
2905 3803 3129 3874 pariter,
3152 3813 3207 3862 et
3227 3805 3562 3881 inﬁdelitate,

308 3897 407 3957 καὶ
435 3895 770 3968 ἑτεροδοξίαν
798 3892 1147 3962 ἀναγγέλλειν
1167 3909 1226 3945 τε
1252 3891 1345 3945 κα)⁸
1360 3890 1556 3960 λέγειν,
1583 3891 1887 3964 μνησθήσο-

241 4040 256 4044 _
311 4007 414 4062 μαι
447 3988 548 4058 τῆς
581 3986 753 4057 ἀρχῆς
792 3980 891 4055 τῆς
922 3983 1016 4036 τοῦ
1059 3982 1264 4054 κόσμου
1302 3981 1606 4052 καταϐολῆς
1635 3982 1730 4037 καὶ
1760 3983 1888 4035 ἀκο-

307 4078 559 4143 λουθίας,
619 4077 682 4130 οὐ
720 4074 810 4129 διὰ
884 4076 984 4145 τῆς
1050 4072 1244 4127 ἑαυτοῦ
1321 4073 1338 4107 ⁸
1395 4071 1708 4143 δυνάμεως,
1766 4073 1892 4126 οὐδὲ

310 4173 420 4227 ὑπὸ
489 4172 510 4203 ³
581 4169 724 4223 ίδίων
787 4166 1064 4238 λογισμῶν
1139 4164 1493 4238 ὁρμώμενος,
1558 4164 1675 4219 ἀλλ’
1733 4165 1808 4228 ὡς
1859 4165 1888 4216 ὁ

307 4263 447 4325 Θεὸς
495 4261 524 4312 ὁ
573 4260 790 4314 πάντων
835 4256 1099 4327 δεσπότης
1141 4256 1236 4310 καὶ
1280 4257 1525 4327 ἐλεήμων
1573 4255 1888 4325 ἁπεκάλυψε

308 4356 426 4417 τοῖς
461 4350 1014 4420 ἑαυτοῦπροφήταις,
1051 4347 1144 4401 καὶ
1174 4348 1243 4401 δι’
1275 4347 1454 4402 αὐτῶν
1488 4348 1637 4418 ἡμᾶς
1668 4349 1767 4418 τῆς
1794 4345 1888 4400 τοῦ

309 4443 516 4505 παντὸς
543 4439 794 4508 γνώσεως
825 4439 965 4494 κατὰ
988 4439 1050 4491 τὸ
1081 4437 1358 4510 ἐγχωροῦν
1383 4437 1698 4510 ἀνθρωπεία
1730 4438 1889 4508 φύσει

311 4533 642 4604 κατηξίωσε.
691 4531 803 4584 Καὶ
835 4530 1133 4602 ἀρχόμενος
1162 4529 1290 4598 περὶ
1329 4529 1533 4582 τούτων
1574 4528 1736 4593 εὐθὺς
1777 4529 1892 4583 δια-

313 4625 563 4686 σκοπεῖν,
597 4621 812 4694 πρῶτον
844 4621 939 4691 μὲν
970 4622 1068 4673 οὐκ
1100 4621 1157 4673 ἐν
1204 4617 1383 4690 μικρῷ
1428 4619 1599 4686 ἀγῶνι
1637 4618 1892 4674 καθίστα-

315 4734 438 4788 μαι,
488 4715 623 4768 ἀλλὰ
665 4714 760 4768 καὶ
809 4711 1010 4782 σφόδρα
1059 4710 1227 4776 δέδια,
1275 4709 1694 4782 ἐπιϐαλλόμενος
1746 4712 1890 4783 ἔργῳ

311 4810 375 4863 οὐ
405 4809 486 4878 τῷ
512 4807 747 4878 τυχόντι.
795 4805 906 4858 Καὶ
937 4803 1303 4874 ἐπικαλοῦμαι
1351 4804 1512 4858 αὑτὸν
1551 4802 1641 4857 τὸν
1676 4803 1832 4873 ἅγιον
1870 4804 1890 4836 ³

312 4900 412 4953 καὶ
441 4897 532 4950 τὸν
566 4895 828 4967 μονογενῆ
863 4893 1028 4950 αὑτοῦ
1062 4893 1226 4948 παῖδα
1273 4892 1476 4964 Ἰησοῦν
1514 4893 1767 4965 Χριστὸν,
1797 4894 1890 4946 καὶ

311 4988 376 5040 τὸ
416 4987 570 5054 ἅγιον
613 4985 778 5041 αὐτοῦ
812 4985 1056 5056 Πνεῦμα,
1093 4985 1242 5048 ὅπως
1286 4985 1604 5059 καταυγάσῃ
1633 4985 1732 5057 τῆς
1757 4987 1891 5056 ἠμε-

313 5079 484 5150 τέρας
517 5077 788 5142 εὐτελείας
825 5078 916 5132 τὸν
953 5077 1072 5131 νοῦν
1101 5075 1238 5150 πρὸς
1273 5077 1548 5148 φωτισμὸν
1574 5077 1670 5148 τῆς
1700 5077 1887 5132 τούτου

1987 3889 2162 3961 deque
2189 3891 2357 3948 rectis
2389 3907 2454 3946 ac
2476 3893 2751 3962 perversis
2767 3893 3124 3966 dogmatibus
3149 3914 3457 3958 sermonem
3482 3903 3564 3958 in-

1987 3981 2159 4052 gredi,
2192 3981 2437 4037 omnium
2465 3984 2644 4054 primo
2671 3983 2739 4040 de
2761 3986 2948 4040 mundi
2969 3991 3364 4060 procreatione,
3389 3993 3566 4064 deque

1987 4074 2059 4130 iis
2086 4087 2206 4144 quae
2245 4073 2504 4145 deinceps
2538 4082 2670 4132 sunt
2715 4088 3006 4134 consecuta
3027 4117 3043 4145 ,
3075 4079 3322 4137 facienda
3358 4085 3565 4141 mentio

1986 4173 2091 4222 est.
2123 4165 2294 4236 quue
2319 4180 2420 4237 ego
2447 4181 2558 4223 non
2585 4167 2727 4223 meis
2757 4168 2984 4236 viribus,
3017 4177 3110 4225 aut
3134 4172 3360 4242 privatis
3389 4175 3563 4231 ratio-

1989 4253 2358 4310 cinationibus
2388 4254 2561 4310 fretus
2589 4254 2894 4326 aggrediar;
2926 4257 3019 4312 sed
3044 4267 3315 4328 quatenus
3343 4262 3563 4332 quidem

1989 4343 2254 4400 Dominus
2281 4346 2525 4400 omnium
2546 4361 2611 4403 ac
2637 4348 2954 4406 misericors
2982 4347 3123 4407 Deus
3152 4354 3432 4424 prophetis
3450 4357 3566 4413 suis

1991 4433 2223 4504 aperuit,
2263 4449 2562 4506 eorumque
2588 4436 2746 4492 nobis
2780 4437 3046 4494 beneﬁcio
3073 4442 3455 4500 universarum
3479 4461 3564 4502 re-

1991 4541 2112 4579 rum
2145 4527 2418 4591 notitiam,
2471 4537 2733 4598 quantum
2768 4529 3048 4586 hominum
3085 4543 3282 4590 natura
3310 4537 3434 4603 l'ert,
3464 4539 3565 4593 im-

1990 4617 2194 4686 pertire
2212 4617 2470 4688 dignatus
2498 4627 2604 4674 est.
2641 4618 2724 4674 Me
2744 4635 2874 4676 vero
2894 4621 3008 4691 jam
3035 4635 3148 4679 tum
3177 4625 3295 4696 ipso
3318 4626 3564 4699 disputa-

1991 4708 2157 4763 tionis
2202 4709 2358 4763 initio
2408 4711 2558 4781 angit
2617 4710 2761 4768 haud
2800 4712 3149 4770 mediocriter
3184 4726 3347 4786 atque
3400 4727 3568 4775 terret

1992 4800 2229 4869 suscepti
2295 4800 2475 4870 operis
2536 4801 2872 4872 magnitudo.
2932 4801 3110 4869 Quare
3155 4807 3563 4863 sanctissimum

1992 4889 2144 4943 illum
2205 4891 2408 4956 Deum,
2467 4891 2519 4961 2
2569 4891 2798 4964 ejusque
2856 4892 3053 4950 Filium
3102 4896 3325 4952 unicum
3376 4895 3564 4954 Jesum

1991 4980 2297 5048 Christum,
2347 4997 2449 5037 nec
2487 4999 2597 5039 non
2626 4992 2681 5040 ct
2713 4994 2962 5041 sanctum
3001 4987 3122 5055 ejus
3161 4985 3424 5056 Spiritum
3468 5003 3567 5060 ap-

1993 5073 2136 5143 pello
2155 5113 2171 5140 ,
2223 5083 2281 5128 ut
2311 5074 2379 5128 ad
2411 5075 2642 5146 hujusce
2672 5079 2751 5133 rei
2781 5077 3163 5134 illustrandam
3193 5079 3562 5152 cognitionem

313 5166 590 5237 γνώσεως.
639 5169 702 5222 Οί
749 5169 848 5240 μὲν
900 5168 1008 5240 γὰρ
1055 5167 1166 5222 τῶν
1223 5166 1490 5238 Ἐλλήνων
1537 5169 1889 5238 συγγραφεῖς,
1920 5166 1964 5222 Β

1993 5171 2229 5221 mentem
2276 5177 2519 5221 nostram
2567 5167 2750 5222 divina
2793 5168 2915 5222 luce
2947 5168 3260 5239 perfundat.
3291 5171 3366 5227 Ut
3419 5171 3562 5228 enim

313 5259 539 5330 ποιηταί
581 5275 642 5312 τε
683 5260 781 5314 καὶ
823 5258 1170 5330 λογογράφοι,
1205 5258 1614 5330 ἐπιϐαλλόμενοι
1655 5275 1757 5312 τινι
1790 5275 1892 5329 μυ-

1991 5257 2223 5328 gentiles
2256 5257 2556 5328 scriptores
2587 5266 2697 5312 tam
2729 5264 2920 5328 poetae,
2952 5274 3116 5330 quam
3145 5259 3370 5316 alterius
3403 5276 3564 5332 gene-

313 5350 476 5405 θώδει
516 5353 926 5423 συγγράμματι,
957 5350 1179 5406 Μοῦσάν
1237 5367 1360 5406 τινα
1390 5349 1748 5406 ἐπεκαλοῦντο
1809 5350 1890 5420 (οὺ

1990 5347 2067 5403 ris
2093 5348 2303 5413 solent,
2336 5362 2459 5402 cum
2490 5347 2796 5404 fabulosum
2825 5349 3046 5420 aliquod
3081 5365 3220 5421 opus
3249 5351 3562 5414 instituunt,

314 5439 423 5510 γὰρ
455 5438 623 5492 Θεόν⁸
659 5438 1014 5512 δάιμονιὼδης
1049 5437 1157 5510 γὰρ
1187 5441 1318 5508 παρ’
1362 5439 1530 5511 αὐτῆς
1570 5439 1591 5471 ⁸
1629 5442 1663 5511 ἡ
1708 5440 1890 5509 σοφία,

1992 5437 2270 5495 Musarum
2300 5439 2593 5510 implorare
2632 5440 2947 5512 quampiam
2983 5445 3183 5515 (neque
3218 5443 3364 5498 enim
3395 5442 3562 5498 Deum

315 5532 411 5584 καὶ
443 5531 725 5603 ἐπίγειος,
755 5532 852 5587 καὶ
885 5534 996 5587 οὐκ
1036 5532 1266 5595 ἄνωθεν
1300 5532 1722 5602 κατερχομένη,
1752 5532 1893 5586 κατὰ

1991 5530 2244 5585 invocant
2269 5530 2328 5595 ii,
2349 5545 2580 5600 quorum
2603 5533 2783 5587 omnis
2810 5548 2878 5587 ex
2903 5531 3209 5592 daemonum
3230 5534 3412 5590 alllatu
3440 5549 3564 5606 pro-

313 5615 376 5668 τὺ
408 5617 849 5688 γεγραμμένον)·
896 5619 1054 5690 ἡμεῖς
1095 5619 1153 5671 δὲ
1201 5619 1604 5690 ἐπικαλούμεθα
1650 5620 1739 5673 τὸν
1786 5621 1892 5674 τῶν

1989 5635 2174 5691 gressa
2219 5623 2485 5692 sapientia
2533 5631 2639 5690 est,
2675 5625 2975 5696 eademque
3013 5635 3240 5694 terrena,
3281 5642 3373 5682 nec
3418 5643 3447 5680 ε
3473 5642 3552 5681 δα.

391 5771 405 5803 ³
443 5768 560 5826 νει.
590 5770 849 5828 ἐμαυτοῦ.
924 5769 943 5798 ¹
971 5770 1144 5827 Forte.
1176 5772 1299 5826 ἀπὸ.
1379 5773 1582 5845 {Deest
1617 5774 1756 5830 forte
1789 5774 1987 5844 Πατέρ;

1989 5796 2026 5829 ι.
2057 5809 2065 5817 -
2112 5779 2273 5834 ‘Cnr.
2309 5781 2510 5843 αὐτοῖς.
