  <div class='ocr_page' id='page_1' title='image "/cluster/home/n/w/nwhite01/storage/ocr_20150623/41/mdp.39015008169818/111.png"; bbox 0 0 3968 6130; ppageno 0'>
   <div class='ocr_carea' id='block_1_1' title="bbox 377 260 478 315">
    <p class='ocr_par' dir='ltr' id='par_1_1' title="bbox 377 260 478 315">
     <span class='ocr_line' id='line_1_1' title="bbox 377 260 478 315; baseline -0.03 1"><span class='ocrx_word' id='word_1_1' title='bbox 377 260 478 315; x_wconf 75' lang='grc'><strong>179</strong></span> 
     </span>
    </p>
   </div>
   <div class='ocr_carea' id='block_1_2' title="bbox 1765 249 2208 308">
    <p class='ocr_par' dir='ltr' id='par_1_2' title="bbox 1765 249 2208 308">
     <span class='ocr_line' id='line_1_2' title="bbox 1765 249 2208 308; baseline 0.002 0"><span class='ocrx_word' id='word_1_2' title='bbox 1765 253 1824 308; x_wconf 92' lang='lat' dir='ltr'><strong>S.</strong></span> <span class='ocrx_word' id='word_1_3' title='bbox 1865 249 2208 308; x_wconf 81' lang='lat' dir='ltr'><strong>EPIPHANII</strong></span> 
     </span>
    </p>
   </div>
   <div class='ocr_carea' id='block_1_3' title="bbox 3530 264 3630 318">
    <p class='ocr_par' dir='ltr' id='par_1_3' title="bbox 3530 264 3630 318">
     <span class='ocr_line' id='line_1_3' title="bbox 3530 264 3630 318; baseline 0.01 -1"><span class='ocrx_word' id='word_1_4' title='bbox 3530 264 3630 318; x_wconf 78' lang='grc'><strong>180</strong></span> 
     </span>
    </p>
   </div>
   <div class='ocr_carea' id='block_1_4' title="bbox 377 364 1979 448">
    <p class='ocr_par' dir='ltr' id='par_1_4' title="bbox 377 364 1955 443">
     <span class='ocr_line' id='line_1_4' title="bbox 377 364 1955 443; baseline -0.005 -17"><span class='ocrx_word' id='word_1_5' title='bbox 377 381 473 426; x_wconf 89' lang='lat' dir='ltr'><strong>aut</strong></span> <span class='ocrx_word' id='word_1_6' title='bbox 499 370 778 443; x_wconf 83' lang='lat' dir='ltr'><strong>opinione,</strong></span> <span class='ocrx_word' id='word_1_7' title='bbox 811 381 876 423; x_wconf 91' lang='lat' dir='ltr'><strong>ac</strong></span> <span class='ocrx_word' id='word_1_8' title='bbox 909 366 1204 428; x_wconf 80' lang='lat' dir='ltr'><strong>sententia,</strong></span> <span class='ocrx_word' id='word_1_9' title='bbox 1237 374 1331 420; x_wconf 93' lang='lat' dir='ltr'><strong>aut</strong></span> <span class='ocrx_word' id='word_1_10' title='bbox 1361 364 1601 436; x_wconf 80' lang='lat' dir='ltr'><strong>disparis</strong></span> <span class='ocrx_word' id='word_1_11' title='bbox 1625 367 1746 420; x_wconf 61' lang='lat' dir='ltr'><strong>vitae</strong></span> <span class='ocrx_word' id='word_1_12' title='bbox 1770 367 1955 437; x_wconf 90' lang='lat' dir='ltr'><strong>appel-</strong></span> 
     </span>
    </p>
   </div>
   <div class='ocr_carea' id='block_1_5' title="bbox 2083 364 3637 448">
    <p class='ocr_par' dir='ltr' id='par_1_5' title="bbox 2083 368 3637 448">
     <span class='ocr_line' id='line_1_5' title="bbox 2083 368 3637 448; baseline 0.008 -30"><span class='ocrx_word' id='word_1_13' title='bbox 2083 369 2118 422; x_wconf 65' lang='grc' dir='ltr'><strong>νὺ</strong></span> <span class='ocrx_word' id='word_1_14' title='bbox 2156 368 2270 440; x_wconf 78' lang='grc' dir='ltr'>βίον</span> <span class='ocrx_word' id='word_1_15' title='bbox 2305 372 2624 444; x_wconf 81' lang='grc' dir='ltr'>διακρίσεως</span> <span class='ocrx_word' id='word_1_16' title='bbox 2656 373 2942 446; x_wconf 77' lang='grc' dir='ltr'>ἐπίκλησιν</span> <span class='ocrx_word' id='word_1_17' title='bbox 2987 376 3343 448; x_wconf 67' lang='grc' dir='ltr'><strong>κεκτημένος,</strong></span> <span class='ocrx_word' id='word_1_18' title='bbox 3385 377 3418 447; x_wconf 77' lang='grc' dir='ltr'>ἢ</span> <span class='ocrx_word' id='word_1_19' title='bbox 3463 378 3637 448; x_wconf 69' lang='grc' dir='ltr'>’Δδᾶμ</span> 
     </span>
    </p>
   </div>
   <div class='ocr_carea' id='block_1_6' title="bbox 377 455 1957 534">
    <p class='ocr_par' dir='ltr' id='par_1_6' title="bbox 377 455 1957 534">
     <span class='ocr_line' id='line_1_6' title="bbox 377 455 1957 534; baseline -0.003 -18"><span class='ocrx_word' id='word_1_20' title='bbox 377 463 582 518; x_wconf 75' lang='lat' dir='ltr'><strong>latione</strong></span> <span class='ocrx_word' id='word_1_21' title='bbox 612 459 974 524; x_wconf 77' lang='lat' dir='ltr'><strong>censebatur;</strong></span> <span class='ocrx_word' id='word_1_22' title='bbox 1020 472 1122 534; x_wconf 81' lang='lat' dir='ltr'><strong>nec</strong></span> <span class='ocrx_word' id='word_1_23' title='bbox 1171 456 1320 511; x_wconf 83' lang='lat' dir='ltr'><strong>aliud</strong></span> <span class='ocrx_word' id='word_1_24' title='bbox 1364 471 1526 527; x_wconf 84' lang='lat' dir='ltr'><strong>quam</strong></span> <span class='ocrx_word' id='word_1_25' title='bbox 1572 455 1762 511; x_wconf 86' lang='lat' dir='ltr'><strong>Adami</strong></span> <span class='ocrx_word' id='word_1_26' title='bbox 1794 472 1957 512; x_wconf 82' lang='lat' dir='ltr'><strong>voca-</strong></span> 
     </span>
    </p>
   </div>
   <div class='ocr_carea' id='block_1_7' title="bbox 377 547 1959 620">
    <p class='ocr_par' dir='ltr' id='par_1_7' title="bbox 377 547 1959 620">
     <span class='ocr_line' id='line_1_7' title="bbox 377 547 1959 620; baseline -0.004 -10"><span class='ocrx_word' id='word_1_27' title='bbox 377 555 567 610; x_wconf 85' lang='lat' dir='ltr'><strong>bulum</strong></span> <span class='ocrx_word' id='word_1_28' title='bbox 599 552 646 608; x_wconf 90' lang='lat' dir='ltr'><strong>ei</strong></span> <span class='ocrx_word' id='word_1_29' title='bbox 671 550 985 620; x_wconf 88' lang='lat' dir='ltr'><strong>impositum</strong></span> <span class='ocrx_word' id='word_1_30' title='bbox 1021 556 1161 614; x_wconf 83' lang='lat' dir='ltr'><strong>erat,</strong></span> <span class='ocrx_word' id='word_1_31' title='bbox 1194 549 1339 619; x_wconf 85' lang='lat' dir='ltr'><strong>quod</strong></span> <span class='ocrx_word' id='word_1_32' title='bbox 1386 547 1648 604; x_wconf 70' lang='lat' dir='ltr'><strong>hominem</strong></span> <span class='ocrx_word' id='word_1_33' title='bbox 1692 549 1959 619; x_wconf 85' lang='lat' dir='ltr'><strong>interpre-</strong></span> 
     </span>
    </p>
   </div>
   <div class='ocr_carea' id='block_1_8' title="bbox 377 639 1957 714">
    <p class='ocr_par' dir='ltr' id='par_1_8' title="bbox 377 639 1957 714">
     <span class='ocr_line' id='line_1_8' title="bbox 377 639 1957 714; baseline -0.004 -14"><span class='ocrx_word' id='word_1_34' title='bbox 377 658 577 700; x_wconf 91' lang='lat' dir='ltr'><strong>tamur.</strong></span> <span class='ocrx_word' id='word_1_35' title='bbox 610 642 691 698; x_wconf 79' lang='lat' dir='ltr'><strong>Ex</strong></span> <span class='ocrx_word' id='word_1_36' title='bbox 725 644 961 714; x_wconf 82' lang='lat' dir='ltr'><strong>ipsemet</strong></span> <span class='ocrx_word' id='word_1_37' title='bbox 1000 656 1167 713; x_wconf 84' lang='lat' dir='ltr'><strong>porro</strong></span> <span class='ocrx_word' id='word_1_38' title='bbox 1205 641 1402 696; x_wconf 87' lang='lat' dir='ltr'><strong>similis</strong></span> <span class='ocrx_word' id='word_1_39' title='bbox 1437 639 1487 694; x_wconf 92' lang='lat' dir='ltr'><strong>ei</strong></span> <span class='ocrx_word' id='word_1_40' title='bbox 1521 641 1737 706; x_wconf 85' lang='lat' dir='ltr'><strong>mulier,</strong></span> <span class='ocrx_word' id='word_1_41' title='bbox 1768 640 1957 696; x_wconf 88' lang='lat' dir='ltr'><strong>eodem</strong></span> 
     </span>
    </p>
   </div>
   <div class='ocr_carea' id='block_1_9' title="bbox 378 731 1960 806">
    <p class='ocr_par' dir='ltr' id='par_1_9' title="bbox 378 731 1960 806">
     <span class='ocr_line' id='line_1_9' title="bbox 378 731 1960 806; baseline -0.003 -16"><span class='ocrx_word' id='word_1_42' title='bbox 378 738 605 806; x_wconf 89' lang='lat' dir='ltr'><strong>inquam</strong></span> <span class='ocrx_word' id='word_1_43' title='bbox 635 750 666 791; x_wconf 88' lang='lat' dir='ltr'><strong>e</strong></span> <span class='ocrx_word' id='word_1_44' title='bbox 709 749 978 804; x_wconf 90' lang='lat' dir='ltr'><strong>corpore,</strong></span> <span class='ocrx_word' id='word_1_45' title='bbox 1022 740 1186 805; x_wconf 90' lang='lat' dir='ltr'><strong>atque</strong></span> <span class='ocrx_word' id='word_1_46' title='bbox 1237 748 1304 788; x_wconf 84' lang='lat' dir='ltr'><strong>ex</strong></span> <span class='ocrx_word' id='word_1_47' title='bbox 1348 732 1543 787; x_wconf 89' lang='lat' dir='ltr'><strong>eodem</strong></span> <span class='ocrx_word' id='word_1_48' title='bbox 1603 731 1785 788; x_wconf 82' lang='lat' dir='ltr'><strong>aﬂlatu</strong></span> <span class='ocrx_word' id='word_1_49' title='bbox 1832 746 1960 801; x_wconf 89' lang='lat' dir='ltr'><strong>pro-</strong></span> 
     </span>
    </p>
   </div>
   <div class='ocr_carea' id='block_1_10' title="bbox 378 821 1960 897">
    <p class='ocr_par' dir='ltr' id='par_1_10' title="bbox 378 821 1960 897">
     <span class='ocr_line' id='line_1_10' title="bbox 378 821 1960 897; baseline -0.005 -12"><span class='ocrx_word' id='word_1_50' title='bbox 378 837 600 895; x_wconf 87' lang='lat' dir='ltr'><strong>creata;</strong></span> <span class='ocrx_word' id='word_1_51' title='bbox 629 827 790 884; x_wconf 82' lang='lat' dir='ltr'><strong>liberi</strong></span> <span class='ocrx_word' id='word_1_52' title='bbox 820 827 1113 897; x_wconf 86' lang='lat' dir='ltr'><strong>utriusque</strong></span> <span class='ocrx_word' id='word_1_53' title='bbox 1140 839 1306 882; x_wconf 81' lang='lat' dir='ltr'><strong>sexus</strong></span> <span class='ocrx_word' id='word_1_54' title='bbox 1331 823 1497 895; x_wconf 81' lang='lat' dir='ltr'><strong>geniti</strong></span> <span class='ocrx_word' id='word_1_55' title='bbox 1528 830 1676 879; x_wconf 91' lang='lat' dir='ltr'><strong>sunt.</strong></span> <span class='ocrx_word' id='word_1_56' title='bbox 1713 821 1960 892; x_wconf 85' lang='lat' dir='ltr'><strong>Cumque</strong></span> 
     </span>
    </p>
   </div>
   <div class='ocr_carea' id='block_1_11' title="bbox 382 909 1959 980">
    <p class='ocr_par' dir='ltr' id='par_1_11' title="bbox 382 909 1959 980">
     <span class='ocr_line' id='line_1_11' title="bbox 382 909 1959 980; baseline -0.006 -7"><span class='ocrx_word' id='word_1_57' title='bbox 382 933 557 973; x_wconf 85' lang='lat' dir='ltr'><strong>annos</strong></span> <span class='ocrx_word' id='word_1_58' title='bbox 587 917 820 973; x_wconf 77' lang='lat' dir='ltr'><strong>vixisset</strong></span> <span class='ocrx_word' id='word_1_59' title='bbox 852 915 956 972; x_wconf 78' lang='lat'><strong>930</strong></span> <span class='ocrx_word' id='word_1_60' title='bbox 978 918 1022 980; x_wconf 82' lang='lat'><strong>’,</strong></span> <span class='ocrx_word' id='word_1_61' title='bbox 1059 930 1126 971; x_wconf 83' lang='lat' dir='ltr'><strong>ex</strong></span> <span class='ocrx_word' id='word_1_62' title='bbox 1161 915 1266 970; x_wconf 86' lang='lat' dir='ltr'><strong>hac</strong></span> <span class='ocrx_word' id='word_1_63' title='bbox 1302 914 1413 968; x_wconf 90' lang='lat' dir='ltr'><strong>vita</strong></span> <span class='ocrx_word' id='word_1_64' title='bbox 1446 912 1722 968; x_wconf 79' lang='lat' dir='ltr'><strong>discessit.</strong></span> <span class='ocrx_word' id='word_1_65' title='bbox 1764 909 1959 965; x_wconf 86' lang='lat' dir='ltr'><strong>Adami</strong></span> 
     </span>
    </p>
   </div>
   <div class='ocr_carea' id='block_1_12' title="bbox 385 1000 1961 1073">
    <p class='ocr_par' dir='ltr' id='par_1_12' title="bbox 385 1000 1961 1073">
     <span class='ocr_line' id='line_1_12' title="bbox 385 1000 1961 1073; baseline -0.003 -13"><span class='ocrx_word' id='word_1_66' title='bbox 385 1006 532 1061; x_wconf 78' lang='lat' dir='ltr'><strong>illius</strong></span> <span class='ocrx_word' id='word_1_67' title='bbox 581 1003 786 1061; x_wconf 89' lang='lat' dir='ltr'><strong>Setbus</strong></span> <span class='ocrx_word' id='word_1_68' title='bbox 835 1006 1080 1069; x_wconf 78' lang='lat' dir='ltr'><strong>exstitit,</strong></span> <span class='ocrx_word' id='word_1_69' title='bbox 1137 1003 1306 1073; x_wconf 83' lang='lat' dir='ltr'><strong>hujus</strong></span> <span class='ocrx_word' id='word_1_70' title='bbox 1345 1002 1527 1069; x_wconf 88' lang='lat' dir='ltr'><strong>Enos;</strong></span> <span class='ocrx_word' id='word_1_71' title='bbox 1587 1016 1652 1056; x_wconf 90' lang='lat' dir='ltr'><strong>ac</strong></span> <span class='ocrx_word' id='word_1_72' title='bbox 1701 1000 1961 1070; x_wconf 83' lang='lat' dir='ltr'><strong>deinceps</strong></span> 
     </span>
    </p>
   </div>
   <div class='ocr_carea' id='block_1_13' title="bbox 384 1092 1960 1164">
    <p class='ocr_par' dir='ltr' id='par_1_13' title="bbox 384 1092 1960 1164">
     <span class='ocr_line' id='line_1_13' title="bbox 384 1092 1960 1164; baseline -0.005 -11"><span class='ocrx_word' id='word_1_73' title='bbox 384 1097 685 1164; x_wconf 80' lang='lat' dir='ltr'><strong>Cainanus,</strong></span> <span class='ocrx_word' id='word_1_74' title='bbox 714 1095 1029 1151; x_wconf 84' lang='lat' dir='ltr'><strong>Malaleelus</strong></span> <span class='ocrx_word' id='word_1_75' title='bbox 1067 1101 1121 1150; x_wconf 88' lang='lat' dir='ltr'><strong>et</strong></span> <span class='ocrx_word' id='word_1_76' title='bbox 1145 1093 1397 1149; x_wconf 80' lang='lat' dir='ltr'><strong>Jaredus.</strong></span> <span class='ocrx_word' id='word_1_77' title='bbox 1431 1092 1570 1147; x_wconf 83' lang='lat' dir='ltr'><strong>Hine</strong></span> <span class='ocrx_word' id='word_1_78' title='bbox 1590 1132 1605 1156; x_wconf 94' lang='lat'><strong>,</strong></span> <span class='ocrx_word' id='word_1_79' title='bbox 1640 1100 1701 1146; x_wconf 91' lang='lat' dir='ltr'><strong>ut</strong></span> <span class='ocrx_word' id='word_1_80' title='bbox 1724 1106 1756 1146; x_wconf 90' lang='lat' dir='ltr'><strong>a</strong></span> <span class='ocrx_word' id='word_1_81' title='bbox 1788 1092 1960 1161; x_wconf 88' lang='lat' dir='ltr'><strong>majo-</strong></span> 
     </span>
    </p>
   </div>
   <div class='ocr_carea' id='block_1_14' title="bbox 387 1184 1964 1256">
    <p class='ocr_par' dir='ltr' id='par_1_14' title="bbox 387 1184 1964 1256">
     <span class='ocr_line' id='line_1_14' title="bbox 387 1184 1964 1256; baseline -0.003 -16"><span class='ocrx_word' id='word_1_82' title='bbox 387 1187 541 1242; x_wconf 82' lang='lat' dir='ltr'><strong>ribus</strong></span> <span class='ocrx_word' id='word_1_83' title='bbox 574 1186 920 1256; x_wconf 87' lang='lat' dir='ltr'><strong>aecepimus,</strong></span> <span class='ocrx_word' id='word_1_84' title='bbox 970 1185 1122 1240; x_wconf 82' lang='lat' dir='ltr'><strong>fraus</strong></span> <span class='ocrx_word' id='word_1_85' title='bbox 1155 1199 1218 1240; x_wconf 92' lang='lat' dir='ltr'><strong>ac</strong></span> <span class='ocrx_word' id='word_1_86' title='bbox 1249 1185 1431 1240; x_wconf 87' lang='lat' dir='ltr'><strong>scelus</strong></span> <span class='ocrx_word' id='word_1_87' title='bbox 1472 1184 1528 1239; x_wconf 92' lang='lat' dir='ltr'><strong>in</strong></span> <span class='ocrx_word' id='word_1_88' title='bbox 1567 1184 1758 1250; x_wconf 71' lang='lat' dir='ltr'><strong>orbem</strong></span> <span class='ocrx_word' id='word_1_89' title='bbox 1790 1190 1964 1238; x_wconf 88' lang='lat' dir='ltr'><strong>terra-</strong></span> 
     </span>
    </p>
   </div>
   <div class='ocr_carea' id='block_1_15' title="bbox 389 1272 1962 1347">
    <p class='ocr_par' dir='ltr' id='par_1_15' title="bbox 389 1272 1962 1347">
     <span class='ocr_line' id='line_1_15' title="bbox 389 1272 1962 1347; baseline -0.003 -18"><span class='ocrx_word' id='word_1_90' title='bbox 389 1291 509 1330; x_wconf 87' lang='lat' dir='ltr'><strong>rum</strong></span> <span class='ocrx_word' id='word_1_91' title='bbox 548 1275 793 1347; x_wconf 89' lang='lat' dir='ltr'><strong>grassari</strong></span> <span class='ocrx_word' id='word_1_92' title='bbox 825 1276 1012 1346; x_wconf 84' lang='lat' dir='ltr'><strong>coepit,</strong></span> <span class='ocrx_word' id='word_1_93' title='bbox 1042 1275 1188 1345; x_wconf 89' lang='lat' dir='ltr'><strong>quod</strong></span> <span class='ocrx_word' id='word_1_94' title='bbox 1220 1275 1456 1344; x_wconf 90' lang='lat' dir='ltr'><strong>primum</strong></span> <span class='ocrx_word' id='word_1_95' title='bbox 1500 1273 1570 1327; x_wconf 88' lang='lat' dir='ltr'><strong>ah</strong></span> <span class='ocrx_word' id='word_1_96' title='bbox 1607 1272 1799 1326; x_wconf 81' lang='lat' dir='ltr'><strong>Adami</strong></span> <span class='ocrx_word' id='word_1_97' title='bbox 1829 1287 1962 1327; x_wconf 88' lang='lat' dir='ltr'><strong>con-</strong></span> 
     </span>
    </p>
   </div>
   <div class='ocr_carea' id='block_1_16' title="bbox 389 1363 1964 1436">
    <p class='ocr_par' dir='ltr' id='par_1_16' title="bbox 389 1363 1964 1436">
     <span class='ocr_line' id='line_1_16' title="bbox 389 1363 1964 1436; baseline -0.003 -15"><span class='ocrx_word' id='word_1_98' title='bbox 389 1367 626 1422; x_wconf 84' lang='lat' dir='ltr'><strong>tumacia</strong></span> <span class='ocrx_word' id='word_1_99' title='bbox 659 1374 864 1430; x_wconf 90' lang='lat' dir='ltr'><strong>natum,</strong></span> <span class='ocrx_word' id='word_1_100' title='bbox 886 1365 1013 1420; x_wconf 88' lang='lat' dir='ltr'><strong>inde</strong></span> <span class='ocrx_word' id='word_1_101' title='bbox 1042 1364 1199 1421; x_wconf 90' lang='lat' dir='ltr'><strong>Caini</strong></span> <span class='ocrx_word' id='word_1_102' title='bbox 1224 1364 1515 1436; x_wconf 90' lang='lat' dir='ltr'><strong>parricidio</strong></span> <span class='ocrx_word' id='word_1_103' title='bbox 1548 1363 1964 1418; x_wconf 88' lang='lat' dir='ltr'><strong>corroboratum</strong></span> 
     </span>
    </p>
   </div>
   <div class='ocr_carea' id='block_1_17' title="bbox 389 1455 1963 1527">
    <p class='ocr_par' dir='ltr' id='par_1_17' title="bbox 389 1455 1963 1527">
     <span class='ocr_line' id='line_1_17' title="bbox 389 1455 1963 1527; baseline 0 -17"><span class='ocrx_word' id='word_1_104' title='bbox 389 1456 587 1513; x_wconf 77' lang='lat' dir='ltr'><strong>fuerat.</strong></span> <span class='ocrx_word' id='word_1_105' title='bbox 618 1456 802 1512; x_wconf 75' lang='lat' dir='ltr'><strong>laredi</strong></span> <span class='ocrx_word' id='word_1_106' title='bbox 833 1471 963 1512; x_wconf 90' lang='lat' dir='ltr'><strong>vero</strong></span> <span class='ocrx_word' id='word_1_107' title='bbox 989 1463 1238 1527; x_wconf 91' lang='lat' dir='ltr'><strong>tempore</strong></span> <span class='ocrx_word' id='word_1_108' title='bbox 1271 1470 1337 1510; x_wconf 87' lang='lat' dir='ltr'><strong>ac</strong></span> <span class='ocrx_word' id='word_1_109' title='bbox 1369 1455 1630 1526; x_wconf 77' lang='lat' dir='ltr'><strong>deinceps</strong></span> <span class='ocrx_word' id='word_1_110' title='bbox 1659 1462 1848 1525; x_wconf 87' lang='lat' dir='ltr'><strong>postea</strong></span> <span class='ocrx_word' id='word_1_111' title='bbox 1871 1471 1963 1510; x_wconf 84' lang='lat' dir='ltr'><strong>ve-</strong></span> 
     </span>
    </p>
   </div>
   <div class='ocr_carea' id='block_1_18' title="bbox 392 1545 1968 1619">
    <p class='ocr_par' dir='ltr' id='par_1_18' title="bbox 392 1545 1968 1619">
     <span class='ocr_line' id='line_1_18' title="bbox 392 1545 1968 1619; baseline -0.005 -13"><span class='ocrx_word' id='word_1_112' title='bbox 392 1547 606 1613; x_wconf 80' lang='lat' dir='ltr'><strong>neﬁcia,</strong></span> <span class='ocrx_word' id='word_1_113' title='bbox 649 1549 807 1603; x_wconf 76' lang='lat' dir='ltr'><strong>malae</strong></span> <span class='ocrx_word' id='word_1_114' title='bbox 839 1555 1018 1613; x_wconf 85' lang='lat' dir='ltr'><strong>artes,</strong></span> <span class='ocrx_word' id='word_1_115' title='bbox 1061 1548 1395 1619; x_wconf 81' lang='lat' dir='ltr'><strong>petulantia,</strong></span> <span class='ocrx_word' id='word_1_116' title='bbox 1449 1545 1754 1612; x_wconf 88' lang='lat' dir='ltr'><strong>adulteria,</strong></span> <span class='ocrx_word' id='word_1_117' title='bbox 1803 1553 1968 1616; x_wconf 89' lang='lat' dir='ltr'><strong>atque</strong></span> 
     </span>
    </p>
   </div>
   <div class='ocr_carea' id='block_1_19' title="bbox 395 1640 1966 1712">
    <p class='ocr_par' dir='ltr' id='par_1_19' title="bbox 395 1640 1966 1712">
     <span class='ocr_line' id='line_1_19' title="bbox 395 1640 1966 1712; baseline -0.003 -15"><span class='ocrx_word' id='word_1_118' title='bbox 395 1641 720 1712; x_wconf 80' lang='lat' dir='ltr'><strong>improbitas</strong></span> <span class='ocrx_word' id='word_1_119' title='bbox 748 1642 930 1699; x_wconf 91' lang='lat' dir='ltr'><strong>omnis</strong></span> <span class='ocrx_word' id='word_1_120' title='bbox 958 1643 1159 1711; x_wconf 89' lang='lat' dir='ltr'><strong>erupit.</strong></span> <span class='ocrx_word' id='word_1_121' title='bbox 1204 1640 1447 1698; x_wconf 89' lang='lat' dir='ltr'><strong>Necdum</strong></span> <span class='ocrx_word' id='word_1_122' title='bbox 1517 1648 1699 1696; x_wconf 87' lang='lat' dir='ltr'><strong>tamen</strong></span> <span class='ocrx_word' id='word_1_123' title='bbox 1751 1641 1966 1697; x_wconf 87' lang='lat' dir='ltr'><strong>diversa</strong></span> 
     </span>
    </p>
   </div>
   <div class='ocr_carea' id='block_1_20' title="bbox 391 1732 1971 1806">
    <p class='ocr_par' dir='ltr' id='par_1_20' title="bbox 391 1732 1971 1806">
     <span class='ocr_line' id='line_1_20' title="bbox 391 1732 1971 1806; baseline -0.001 -17"><span class='ocrx_word' id='word_1_124' title='bbox 391 1735 502 1789; x_wconf 84' lang='lat' dir='ltr'><strong>ulla</strong></span> <span class='ocrx_word' id='word_1_125' title='bbox 533 1742 654 1791; x_wconf 86' lang='lat' dir='ltr'><strong>erat</strong></span> <span class='ocrx_word' id='word_1_126' title='bbox 681 1735 889 1806; x_wconf 75' lang='lat' dir='ltr'><strong>opinio,</strong></span> <span class='ocrx_word' id='word_1_127' title='bbox 921 1749 1104 1804; x_wconf 74' lang='lat' dir='ltr'><strong>neque</strong></span> <span class='ocrx_word' id='word_1_128' title='bbox 1131 1735 1327 1803; x_wconf 90' lang='lat' dir='ltr'><strong>dogma</strong></span> <span class='ocrx_word' id='word_1_129' title='bbox 1354 1732 1716 1798; x_wconf 90' lang='lat' dir='ltr'><strong>contrarium,</strong></span> <span class='ocrx_word' id='word_1_130' title='bbox 1751 1732 1846 1789; x_wconf 90' lang='lat' dir='ltr'><strong>sed</strong></span> <span class='ocrx_word' id='word_1_131' title='bbox 1865 1748 1971 1788; x_wconf 89' lang='lat' dir='ltr'><strong>una</strong></span> 
     </span>
    </p>
   </div>
   <div class='ocr_carea' id='block_1_21' title="bbox 390 1823 1970 1896">
    <p class='ocr_par' dir='ltr' id='par_1_21' title="bbox 390 1823 1970 1896">
     <span class='ocr_line' id='line_1_21' title="bbox 390 1823 1970 1896; baseline -0.001 -15"><span class='ocrx_word' id='word_1_132' title='bbox 390 1827 662 1881; x_wconf 77' lang='lat' dir='ltr'><strong>duntaxat</strong></span> <span class='ocrx_word' id='word_1_133' title='bbox 693 1826 916 1896; x_wconf 88' lang='lat' dir='ltr'><strong>lingua,</strong></span> <span class='ocrx_word' id='word_1_134' title='bbox 937 1827 1163 1895; x_wconf 85' lang='lat' dir='ltr'><strong>perinde</strong></span> <span class='ocrx_word' id='word_1_135' title='bbox 1200 1840 1264 1880; x_wconf 91' lang='lat' dir='ltr'><strong>ac</strong></span> <span class='ocrx_word' id='word_1_136' title='bbox 1290 1840 1462 1896; x_wconf 88' lang='lat' dir='ltr'><strong>genus</strong></span> <span class='ocrx_word' id='word_1_137' title='bbox 1492 1840 1662 1880; x_wconf 89' lang='lat' dir='ltr'><strong>unum</strong></span> <span class='ocrx_word' id='word_1_138' title='bbox 1696 1825 1802 1881; x_wconf 91' lang='lat' dir='ltr'><strong>sub</strong></span> <span class='ocrx_word' id='word_1_139' title='bbox 1829 1823 1970 1880; x_wconf 90' lang='lat' dir='ltr'><strong>idem</strong></span> 
     </span>
    </p>
   </div>
   <div class='ocr_carea' id='block_1_22' title="bbox 392 1905 1974 1987">
    <p class='ocr_par' dir='ltr' id='par_1_22' title="bbox 392 1905 1974 1987">
     <span class='ocr_line' id='line_1_22' title="bbox 392 1905 1974 1987; baseline 0 -17"><span class='ocrx_word' id='word_1_140' title='bbox 392 1923 608 1987; x_wconf 86' lang='lat' dir='ltr'><strong>tempus</strong></span> <span class='ocrx_word' id='word_1_141' title='bbox 631 1916 690 1971; x_wconf 86' lang='lat' dir='ltr'><strong>in</strong></span> <span class='ocrx_word' id='word_1_142' title='bbox 717 1924 862 1972; x_wconf 90' lang='lat' dir='ltr'><strong>terra</strong></span> <span class='ocrx_word' id='word_1_143' title='bbox 884 1916 1238 1986; x_wconf 84' lang='lat' dir='ltr'><strong>dissipatum.</strong></span> <span class='ocrx_word' id='word_1_144' title='bbox 1265 1915 1398 1972; x_wconf 89' lang='lat' dir='ltr'><strong>Post</strong></span> <span class='ocrx_word' id='word_1_145' title='bbox 1423 1917 1539 1972; x_wconf 87' lang='lat' dir='ltr'><strong>haec</strong></span> <span class='ocrx_word' id='word_1_146' title='bbox 1566 1905 1798 1973; x_wconf 84' lang='lat' dir='ltr'><strong>Jaredus</strong></span> <span class='ocrx_word' id='word_1_147' title='bbox 1831 1915 1974 1971; x_wconf 85' lang='lat' dir='ltr'><strong>Eno-</strong></span> 
     </span>
    </p>
   </div>
   <div class='ocr_carea' id='block_1_23' title="bbox 395 2007 1974 2080">
    <p class='ocr_par' dir='ltr' id='par_1_23' title="bbox 395 2007 1974 2080">
     <span class='ocr_line' id='line_1_23' title="bbox 395 2007 1974 2080; baseline 0 -17"><span class='ocrx_word' id='word_1_148' title='bbox 395 2009 560 2065; x_wconf 87' lang='lat' dir='ltr'><strong>chum</strong></span> <span class='ocrx_word' id='word_1_149' title='bbox 593 2007 763 2063; x_wconf 86' lang='lat' dir='ltr'><strong>lilium</strong></span> <span class='ocrx_word' id='word_1_150' title='bbox 791 2007 1006 2072; x_wconf 85' lang='lat' dir='ltr'><strong>habuit,</strong></span> <span class='ocrx_word' id='word_1_151' title='bbox 1039 2009 1132 2079; x_wconf 90' lang='lat' dir='ltr'><strong>qui</strong></span> <span class='ocrx_word' id='word_1_152' title='bbox 1153 2007 1275 2064; x_wconf 78' lang='lat' dir='ltr'><strong>Deo</strong></span> <span class='ocrx_word' id='word_1_153' title='bbox 1301 2016 1491 2079; x_wconf 90' lang='lat' dir='ltr'><strong>gratus</strong></span> <span class='ocrx_word' id='word_1_154' title='bbox 1515 2007 1654 2076; x_wconf 83' lang='lat' dir='ltr'><strong>fuit;</strong></span> <span class='ocrx_word' id='word_1_155' title='bbox 1685 2023 1863 2080; x_wconf 88' lang='lat' dir='ltr'><strong>neque</strong></span> <span class='ocrx_word' id='word_1_156' title='bbox 1892 2010 1974 2063; x_wconf 90' lang='lat' dir='ltr'><strong>in-</strong></span> 
     </span>
    </p>
   </div>
   <div class='ocr_carea' id='block_1_24' title="bbox 393 2096 1973 2166">
    <p class='ocr_par' dir='ltr' id='par_1_24' title="bbox 393 2096 1973 2166">
     <span class='ocr_line' id='line_1_24' title="bbox 393 2096 1973 2166; baseline 0.003 -17"><span class='ocrx_word' id='word_1_157' title='bbox 393 2105 592 2153; x_wconf 79' lang='lat' dir='ltr'><strong>ventus</strong></span> <span class='ocrx_word' id='word_1_158' title='bbox 612 2105 716 2154; x_wconf 89' lang='lat' dir='ltr'><strong>est.</strong></span> <span class='ocrx_word' id='word_1_159' title='bbox 757 2096 914 2155; x_wconf 84' lang='lat' dir='ltr'><strong>Hunc</strong></span> <span class='ocrx_word' id='word_1_160' title='bbox 936 2101 1083 2154; x_wconf 92' lang='lat' dir='ltr'><strong>enim</strong></span> <span class='ocrx_word' id='word_1_161' title='bbox 1117 2101 1398 2155; x_wconf 90' lang='lat' dir='ltr'><strong>transtulit</strong></span> <span class='ocrx_word' id='word_1_162' title='bbox 1424 2099 1590 2166; x_wconf 88' lang='lat' dir='ltr'><strong>Deus,</strong></span> <span class='ocrx_word' id='word_1_163' title='bbox 1621 2116 1722 2155; x_wconf 89' lang='lat' dir='ltr'><strong>nec</strong></span> <span class='ocrx_word' id='word_1_164' title='bbox 1745 2108 1973 2156; x_wconf 92' lang='lat' dir='ltr'><strong>mortem</strong></span> 
     </span>
    </p>
   </div>
   <div class='ocr_carea' id='block_1_25' title="bbox 394 2187 1974 2263">
    <p class='ocr_par' dir='ltr' id='par_1_25' title="bbox 394 2187 1974 2263">
     <span class='ocr_line' id='line_1_25' title="bbox 394 2187 1974 2263; baseline 0.003 -21"><span class='ocrx_word' id='word_1_165' title='bbox 394 2187 550 2246; x_wconf 86' lang='lat' dir='ltr'><strong>obiit.</strong></span> <span class='ocrx_word' id='word_1_166' title='bbox 579 2188 786 2246; x_wconf 76' lang='lat' dir='ltr'><strong>Enochi</strong></span> <span class='ocrx_word' id='word_1_167' title='bbox 823 2191 966 2247; x_wconf 81' lang='lat' dir='ltr'><strong>ﬁlius</strong></span> <span class='ocrx_word' id='word_1_168' title='bbox 991 2191 1327 2248; x_wconf 78' lang='lat' dir='ltr'><strong>Mathusalas</strong></span> <span class='ocrx_word' id='word_1_169' title='bbox 1349 2191 1452 2247; x_wconf 79' lang='lat' dir='ltr'><strong>fuit</strong></span> <span class='ocrx_word' id='word_1_170' title='bbox 1480 2211 1492 2246; x_wconf 94' lang='lat'>:</span> <span class='ocrx_word' id='word_1_171' title='bbox 1524 2193 1618 2263; x_wconf 92' lang='lat' dir='ltr'><strong>qui</strong></span> <span class='ocrx_word' id='word_1_172' title='bbox 1645 2191 1974 2248; x_wconf 86' lang='lat' dir='ltr'><strong>Lamechum</strong></span> 
     </span>
    </p>
   </div>
   <div class='ocr_carea' id='block_1_26' title="bbox 394 2281 1974 2356">
    <p class='ocr_par' dir='ltr' id='par_1_26' title="bbox 394 2281 1974 2356">
     <span class='ocr_line' id='line_1_26' title="bbox 394 2281 1974 2356; baseline 0.001 -20"><span class='ocrx_word' id='word_1_173' title='bbox 394 2282 619 2352; x_wconf 85' lang='lat' dir='ltr'><strong>genuit;</strong></span> <span class='ocrx_word' id='word_1_174' title='bbox 638 2281 944 2340; x_wconf 88' lang='lat' dir='ltr'><strong>Lamechus</strong></span> <span class='ocrx_word' id='word_1_175' title='bbox 961 2282 1248 2340; x_wconf 86' lang='lat' dir='ltr'><strong>Noemum.</strong></span> <span class='ocrx_word' id='word_1_176' title='bbox 1279 2283 1393 2340; x_wconf 90' lang='lat' dir='ltr'><strong>Sub</strong></span> <span class='ocrx_word' id='word_1_177' title='bbox 1411 2301 1522 2356; x_wconf 93' lang='lat' dir='ltr'><strong>quo</strong></span> <span class='ocrx_word' id='word_1_178' title='bbox 1543 2285 1726 2340; x_wconf 84' lang='lat' dir='ltr'><strong>divina</strong></span> <span class='ocrx_word' id='word_1_179' title='bbox 1758 2285 1974 2343; x_wconf 86' lang='lat' dir='ltr'><strong>tandem</strong></span> 
     </span>
    </p>
   </div>
   <div class='ocr_carea' id='block_1_27' title="bbox 390 2375 1974 2450">
    <p class='ocr_par' dir='ltr' id='par_1_27' title="bbox 390 2375 1974 2450">
     <span class='ocr_line' id='line_1_27' title="bbox 390 2375 1974 2450; baseline 0 -20"><span class='ocrx_word' id='word_1_180' title='bbox 390 2376 608 2444; x_wconf 75' lang='lat' dir='ltr'><strong>iustitia</strong></span> <span class='ocrx_word' id='word_1_181' title='bbox 637 2377 890 2433; x_wconf 89' lang='lat' dir='ltr'><strong>eluvione</strong></span> <span class='ocrx_word' id='word_1_182' title='bbox 913 2392 1179 2450; x_wconf 85' lang='lat' dir='ltr'><strong>aquarum</strong></span> <span class='ocrx_word' id='word_1_183' title='bbox 1213 2376 1270 2431; x_wconf 90' lang='lat' dir='ltr'><strong>in</strong></span> <span class='ocrx_word' id='word_1_184' title='bbox 1297 2375 1560 2432; x_wconf 88' lang='lat' dir='ltr'><strong>mundum</strong></span> <span class='ocrx_word' id='word_1_185' title='bbox 1587 2376 1856 2442; x_wconf 89' lang='lat' dir='ltr'><strong>immissa,</strong></span> <span class='ocrx_word' id='word_1_186' title='bbox 1880 2392 1974 2447; x_wconf 86' lang='lat' dir='ltr'><strong>ge-</strong></span> 
     </span>
    </p>
   </div>
   <div class='ocr_carea' id='block_1_28' title="bbox 395 2468 1978 2524">
    <p class='ocr_par' dir='ltr' id='par_1_28' title="bbox 395 2468 1978 2524">
     <span class='ocr_line' id='line_1_28' title="bbox 395 2468 1978 2524; baseline 0 -2"><span class='ocrx_word' id='word_1_187' title='bbox 395 2482 504 2524; x_wconf 84' lang='lat' dir='ltr'><strong>nus</strong></span> <span class='ocrx_word' id='word_1_188' title='bbox 541 2468 901 2523; x_wconf 87' lang='lat' dir='ltr'><strong>animantium</strong></span> <span class='ocrx_word' id='word_1_189' title='bbox 936 2483 1100 2524; x_wconf 90' lang='lat' dir='ltr'><strong>omne</strong></span> <span class='ocrx_word' id='word_1_190' title='bbox 1139 2469 1387 2524; x_wconf 81' lang='lat' dir='ltr'><strong>funditus</strong></span> <span class='ocrx_word' id='word_1_191' title='bbox 1411 2468 1694 2524; x_wconf 81' lang='lat' dir='ltr'><strong>exstinxit.</strong></span> <span class='ocrx_word' id='word_1_192' title='bbox 1733 2468 1882 2524; x_wconf 91' lang='lat' dir='ltr'><strong>Unus</strong></span> <span class='ocrx_word' id='word_1_193' title='bbox 1924 2471 1978 2523; x_wconf 92' lang='lat' dir='ltr'><strong>in</strong></span> 
     </span>
    </p>
   </div>
   <div class='ocr_carea' id='block_1_29' title="bbox 400 2557 1978 2628">
    <p class='ocr_par' dir='ltr' id='par_1_29' title="bbox 400 2557 1978 2628">
     <span class='ocr_line' id='line_1_29' title="bbox 400 2557 1978 2628; baseline -0.001 -14"><span class='ocrx_word' id='word_1_194' title='bbox 400 2573 526 2614; x_wconf 88' lang='lat' dir='ltr'><strong>arca</strong></span> <span class='ocrx_word' id='word_1_195' title='bbox 551 2557 793 2615; x_wconf 86' lang='lat' dir='ltr'><strong>Noemus</strong></span> <span class='ocrx_word' id='word_1_196' title='bbox 823 2558 916 2614; x_wconf 89' lang='lat' dir='ltr'><strong>Dei</strong></span> <span class='ocrx_word' id='word_1_197' title='bbox 943 2558 1102 2628; x_wconf 90' lang='lat' dir='ltr'><strong>jussu</strong></span> <span class='ocrx_word' id='word_1_198' title='bbox 1130 2570 1382 2615; x_wconf 88' lang='lat' dir='ltr'><strong>servatus</strong></span> <span class='ocrx_word' id='word_1_199' title='bbox 1422 2569 1536 2626; x_wconf 85' lang='lat' dir='ltr'><strong>est,</strong></span> <span class='ocrx_word' id='word_1_200' title='bbox 1572 2568 1760 2628; x_wconf 83' lang='lat' dir='ltr'><strong>utpote</strong></span> <span class='ocrx_word' id='word_1_201' title='bbox 1805 2561 1978 2615; x_wconf 89' lang='lat' dir='ltr'><strong>eidem</strong></span> 
     </span>
    </p>
   </div>
   <div class='ocr_carea' id='block_1_30' title="bbox 400 2649 1976 2720">
    <p class='ocr_par' dir='ltr' id='par_1_30' title="bbox 400 2649 1976 2720">
     <span class='ocr_line' id='line_1_30' title="bbox 400 2649 1976 2720; baseline 0.001 -17"><span class='ocrx_word' id='word_1_202' title='bbox 400 2655 695 2718; x_wconf 83' lang='lat' dir='ltr'><strong>acceptus,</strong></span> <span class='ocrx_word' id='word_1_203' title='bbox 737 2654 794 2703; x_wconf 88' lang='lat' dir='ltr'><strong>et</strong></span> <span class='ocrx_word' id='word_1_204' title='bbox 841 2661 966 2702; x_wconf 91' lang='lat' dir='ltr'><strong>cum</strong></span> <span class='ocrx_word' id='word_1_205' title='bbox 996 2649 1192 2718; x_wconf 89' lang='lat' dir='ltr'><strong>primis</strong></span> <span class='ocrx_word' id='word_1_206' title='bbox 1247 2649 1390 2720; x_wconf 88' lang='lat' dir='ltr'><strong>apud</strong></span> <span class='ocrx_word' id='word_1_207' title='bbox 1446 2649 1596 2704; x_wconf 83' lang='lat' dir='ltr'><strong>illum</strong></span> <span class='ocrx_word' id='word_1_208' title='bbox 1655 2650 1976 2720; x_wconf 82' lang='lat' dir='ltr'><strong>gratiosus:</strong></span> 
     </span>
    </p>
   </div>
   <div class='ocr_carea' id='block_1_31' title="bbox 403 2738 1977 2812">
    <p class='ocr_par' dir='ltr' id='par_1_31' title="bbox 403 2738 1977 2812">
     <span class='ocr_line' id='line_1_31' title="bbox 403 2738 1977 2812; baseline 0.001 -19"><span class='ocrx_word' id='word_1_209' title='bbox 403 2739 493 2796; x_wconf 86' lang='lat' dir='ltr'><strong>hic</strong></span> <span class='ocrx_word' id='word_1_210' title='bbox 539 2740 798 2812; x_wconf 86' lang='lat' dir='ltr'><strong>inquam,</strong></span> <span class='ocrx_word' id='word_1_211' title='bbox 843 2753 967 2794; x_wconf 91' lang='lat' dir='ltr'><strong>cum</strong></span> <span class='ocrx_word' id='word_1_212' title='bbox 1011 2739 1188 2796; x_wconf 83' lang='lat' dir='ltr'><strong>tribus</strong></span> <span class='ocrx_word' id='word_1_213' title='bbox 1226 2740 1449 2802; x_wconf 89' lang='lat' dir='ltr'><strong>liberis,</strong></span> <span class='ocrx_word' id='word_1_214' title='bbox 1489 2738 1682 2808; x_wconf 87' lang='lat' dir='ltr'><strong>Semo,</strong></span> <span class='ocrx_word' id='word_1_215' title='bbox 1741 2740 1977 2808; x_wconf 88' lang='lat' dir='ltr'><strong>Chamo,</strong></span> 
     </span>
    </p>
   </div>
   <div class='ocr_carea' id='block_1_32' title="bbox 401 2827 1981 2902">
    <p class='ocr_par' dir='ltr' id='par_1_32' title="bbox 401 2827 1981 2902">
     <span class='ocr_line' id='line_1_32' title="bbox 401 2827 1981 2902; baseline 0.003 -18"><span class='ocrx_word' id='word_1_216' title='bbox 401 2829 455 2901; x_wconf 81' lang='lat'><strong>5</strong></span> <span class='ocrx_word' id='word_1_217' title='bbox 479 2843 544 2885; x_wconf 91' lang='lat' dir='ltr'><strong>ac</strong></span> <span class='ocrx_word' id='word_1_218' title='bbox 571 2827 822 2901; x_wconf 77' lang='lat' dir='ltr'><strong>Japheto,</strong></span> <span class='ocrx_word' id='word_1_219' title='bbox 855 2845 1065 2886; x_wconf 86' lang='lat' dir='ltr'><strong>necnon</strong></span> <span class='ocrx_word' id='word_1_220' title='bbox 1098 2837 1153 2886; x_wconf 90' lang='lat' dir='ltr'><strong>et</strong></span> <span class='ocrx_word' id='word_1_221' title='bbox 1185 2845 1353 2886; x_wconf 83' lang='lat' dir='ltr'><strong>uxore</strong></span> <span class='ocrx_word' id='word_1_222' title='bbox 1371 2837 1484 2884; x_wconf 89' lang='lat' dir='ltr'><strong>tam</strong></span> <span class='ocrx_word' id='word_1_223' title='bbox 1511 2846 1611 2888; x_wconf 90' lang='lat' dir='ltr'><strong>sua</strong></span> <span class='ocrx_word' id='word_1_224' title='bbox 1643 2846 1807 2902; x_wconf 91' lang='lat' dir='ltr'><strong>quam</strong></span> <span class='ocrx_word' id='word_1_225' title='bbox 1841 2831 1981 2888; x_wconf 77' lang='lat' dir='ltr'><strong>illio-</strong></span> 
     </span>
    </p>
   </div>
   <div class='ocr_carea' id='block_1_33' title="bbox 403 2922 1981 2996">
    <p class='ocr_par' dir='ltr' id='par_1_33' title="bbox 403 2922 1981 2996">
     <span class='ocr_line' id='line_1_33' title="bbox 403 2922 1981 2996; baseline 0.002 -20"><span class='ocrx_word' id='word_1_226' title='bbox 403 2937 524 2977; x_wconf 83' lang='lat' dir='ltr'><strong>ru-m</strong></span> <span class='ocrx_word' id='word_1_227' title='bbox 563 2931 784 2993; x_wconf 89' lang='lat' dir='ltr'><strong>ereptus</strong></span> <span class='ocrx_word' id='word_1_228' title='bbox 821 2931 941 2988; x_wconf 91' lang='lat' dir='ltr'><strong>est;</strong></span> <span class='ocrx_word' id='word_1_229' title='bbox 992 2922 1129 2977; x_wconf 86' lang='lat' dir='ltr'><strong>adeo</strong></span> <span class='ocrx_word' id='word_1_230' title='bbox 1161 2930 1220 2976; x_wconf 93' lang='lat' dir='ltr'><strong>ut</strong></span> <span class='ocrx_word' id='word_1_231' title='bbox 1247 2930 1371 2977; x_wconf 90' lang='lat' dir='ltr'><strong>octo</strong></span> <span class='ocrx_word' id='word_1_232' title='bbox 1401 2939 1511 2977; x_wconf 91' lang='lat' dir='ltr'><strong>non</strong></span> <span class='ocrx_word' id='word_1_233' title='bbox 1546 2923 1780 2994; x_wconf 88' lang='lat' dir='ltr'><strong>amplius</strong></span> <span class='ocrx_word' id='word_1_234' title='bbox 1803 2925 1981 2996; x_wconf 85' lang='lat' dir='ltr'><strong>capita</strong></span> 
     </span>
    </p>
   </div>
   <div class='ocr_carea' id='block_1_34' title="bbox 2062 461 3638 538">
    <p class='ocr_par' dir='ltr' id='par_1_34' title="bbox 2062 461 3638 538">
     <span class='ocr_line' id='line_1_34' title="bbox 2062 461 3638 538; baseline 0.003 -24"><span class='ocrx_word' id='word_1_235' title='bbox 2062 461 2221 530; x_wconf 87' lang='grc' dir='ltr'>μόνον</span> <span class='ocrx_word' id='word_1_236' title='bbox 2249 461 2486 533; x_wconf 69' lang='grc' dir='ltr'>κληθεὶς,</span> <span class='ocrx_word' id='word_1_237' title='bbox 2531 461 2590 516; x_wconf 84' lang='grc' dir='ltr'><strong>τὸ</strong></span> <span class='ocrx_word' id='word_1_238' title='bbox 2625 464 3056 536; x_wconf 70' lang='grc' dir='ltr'><strong>ἑρμηνευόμενον</strong></span> <span class='ocrx_word' id='word_1_239' title='bbox 3083 463 3413 534; x_wconf 69' lang='grc' dir='ltr'>ἄνθρωπος.</span> <span class='ocrx_word' id='word_1_240' title='bbox 3449 466 3638 538; x_wconf 81' lang='grc' dir='ltr'><strong>Τούτῳ</strong></span> 
     </span>
    </p>
   </div>
   <div class='ocr_carea' id='block_1_35' title="bbox 2057 552 3637 627">
    <p class='ocr_par' dir='ltr' id='par_1_35' title="bbox 2057 552 3637 627">
     <span class='ocr_line' id='line_1_35' title="bbox 2057 552 3637 627; baseline 0.004 -23"><span class='ocrx_word' id='word_1_241' title='bbox 2057 552 2356 606; x_wconf 79' lang='grc' dir='ltr'><strong>πλάσσεται</strong></span> <span class='ocrx_word' id='word_1_242' title='bbox 2400 553 2462 619; x_wconf 76' lang='grc' dir='ltr'>ἐξ</span> <span class='ocrx_word' id='word_1_243' title='bbox 2487 552 2652 608; x_wconf 79' lang='grc' dir='ltr'>αὐτοῦ</span> <span class='ocrx_word' id='word_1_244' title='bbox 2680 555 2840 625; x_wconf 79' lang='grc' dir='ltr'>ὁμοία</span> <span class='ocrx_word' id='word_1_245' title='bbox 2880 554 3026 626; x_wconf 80' lang='grc' dir='ltr'>αὐτῷ</span> <span class='ocrx_word' id='word_1_246' title='bbox 3053 554 3209 627; x_wconf 82' lang='grc' dir='ltr'>γυνὴ,</span> <span class='ocrx_word' id='word_1_247' title='bbox 3238 558 3304 609; x_wconf 83' lang='grc' dir='ltr'>ὲκ</span> <span class='ocrx_word' id='word_1_248' title='bbox 3340 555 3434 609; x_wconf 79' lang='grc' dir='ltr'>τοῦ</span> <span class='ocrx_word' id='word_1_249' title='bbox 3470 556 3637 610; x_wconf 77' lang='grc' dir='ltr'>αὑτοῦ</span> 
     </span>
    </p>
   </div>
   <div class='ocr_carea' id='block_1_36' title="bbox 2061 643 3639 718">
    <p class='ocr_par' dir='ltr' id='par_1_36' title="bbox 2061 643 3639 718">
     <span class='ocr_line' id='line_1_36' title="bbox 2061 643 3639 718; baseline 0.002 -21"><span class='ocrx_word' id='word_1_250' title='bbox 2061 643 2328 715; x_wconf 83' lang='grc' dir='ltr'>σώματος,</span> <span class='ocrx_word' id='word_1_251' title='bbox 2353 645 2446 698; x_wconf 83' lang='grc' dir='ltr'><strong>καὶ</strong></span> <span class='ocrx_word' id='word_1_252' title='bbox 2471 645 2564 700; x_wconf 85' lang='grc' dir='ltr'>τοῦ</span> <span class='ocrx_word' id='word_1_253' title='bbox 2585 646 2748 700; x_wconf 79' lang='grc' dir='ltr'>αὐτοῦ</span> <span class='ocrx_word' id='word_1_254' title='bbox 2775 647 3185 718; x_wconf 74' lang='grc' dir='ltr'>ὲμφυσήματος.</span> <span class='ocrx_word' id='word_1_255' title='bbox 3217 647 3412 710; x_wconf 83' lang='grc' dir='ltr'><strong>Παῖδες</strong></span> <span class='ocrx_word' id='word_1_256' title='bbox 3435 647 3492 700; x_wconf 83' lang='grc' dir='ltr'>δὲ</span> <span class='ocrx_word' id='word_1_257' title='bbox 3517 645 3639 715; x_wconf 79' lang='grc' dir='ltr'>γεν-</span> 
     </span>
    </p>
   </div>
   <div class='ocr_carea' id='block_1_37' title="bbox 2058 736 3639 810">
    <p class='ocr_par' dir='ltr' id='par_1_37' title="bbox 2058 736 3639 810">
     <span class='ocr_line' id='line_1_37' title="bbox 2058 736 3639 810; baseline 0.001 -20"><span class='ocrx_word' id='word_1_258' title='bbox 2058 737 2254 791; x_wconf 85' lang='grc' dir='ltr'>νῶνται</span> <span class='ocrx_word' id='word_1_259' title='bbox 2297 738 2470 809; x_wconf 86' lang='grc' dir='ltr'>τούτῳ</span> <span class='ocrx_word' id='word_1_260' title='bbox 2508 739 2735 810; x_wconf 52' lang='lat' dir='ltr'><strong>amvi;</strong></span> <span class='ocrx_word' id='word_1_261' title='bbox 2785 756 2846 792; x_wconf 88' lang='grc' dir='ltr'><strong>τε</strong></span> <span class='ocrx_word' id='word_1_262' title='bbox 2876 740 2970 802; x_wconf 75' lang='grc' dir='ltr'><strong>καὶ</strong></span> <span class='ocrx_word' id='word_1_263' title='bbox 3009 738 3243 810; x_wconf 81' lang='grc' dir='ltr'><strong>θήλειαι.</strong></span> <span class='ocrx_word' id='word_1_264' title='bbox 3280 739 3391 791; x_wconf 74' lang='grc' dir='ltr'>Καὶ</span> <span class='ocrx_word' id='word_1_265' title='bbox 3434 736 3639 808; x_wconf 78' lang='grc' dir='ltr'><strong>βιώσας</strong></span> 
     </span>
    </p>
   </div>
   <div class='ocr_carea' id='block_1_38' title="bbox 2060 827 3636 902">
    <p class='ocr_par' dir='ltr' id='par_1_38' title="bbox 2060 827 3636 902">
     <span class='ocr_line' id='line_1_38' title="bbox 2060 827 3636 902; baseline -0.003 -17"><span class='ocrx_word' id='word_1_266' title='bbox 2060 829 2158 900; x_wconf 74' lang='grc' dir='ltr'>ἐτη</span> <span class='ocrx_word' id='word_1_267' title='bbox 2181 829 2467 884; x_wconf 77' lang='grc' dir='ltr'>ἐννακόσια</span> <span class='ocrx_word' id='word_1_268' title='bbox 2481 828 2796 902; x_wconf 82' lang='grc' dir='ltr'>τριάκοντα,</span> <span class='ocrx_word' id='word_1_269' title='bbox 2824 828 2886 881; x_wconf 87' lang='grc' dir='ltr'><strong>τὸ</strong></span> <span class='ocrx_word' id='word_1_270' title='bbox 2917 827 3091 899; x_wconf 85' lang='grc' dir='ltr'>χρεὼν</span> <span class='ocrx_word' id='word_1_271' title='bbox 3119 828 3392 882; x_wconf 78' lang='grc' dir='ltr'>ἀπέδωκε.</span> <span class='ocrx_word' id='word_1_272' title='bbox 3432 827 3636 882; x_wconf 84' lang='grc' dir='ltr'><strong>Τούτου</strong></span> 
     </span>
    </p>
   </div>
   <div class='ocr_carea' id='block_1_39' title="bbox 2061 918 3638 991">
    <p class='ocr_par' dir='ltr' id='par_1_39' title="bbox 2061 918 3638 991">
     <span class='ocr_line' id='line_1_39' title="bbox 2061 918 3638 991; baseline -0.003 -15"><span class='ocrx_word' id='word_1_273' title='bbox 2061 923 2190 984; x_wconf 79' lang='grc' dir='ltr'>παῖς</span> <span class='ocrx_word' id='word_1_274' title='bbox 2222 921 2351 991; x_wconf 80' lang='grc' dir='ltr'>Σήθ.</span> <span class='ocrx_word' id='word_1_275' title='bbox 2375 919 2503 984; x_wconf 79' lang='grc' dir='ltr'>Υἱὸς</span> <span class='ocrx_word' id='word_1_276' title='bbox 2543 921 2600 974; x_wconf 80' lang='grc' dir='ltr'>δὲ</span> <span class='ocrx_word' id='word_1_277' title='bbox 2645 920 2833 974; x_wconf 89' lang='grc' dir='ltr'>τούτου</span> <span class='ocrx_word' id='word_1_278' title='bbox 2868 918 3066 982; x_wconf 86' lang='grc' dir='ltr'>Ἐνώς·</span> <span class='ocrx_word' id='word_1_279' title='bbox 3102 919 3196 972; x_wconf 72' lang='grc' dir='ltr'><strong>καὶ</strong></span> <span class='ocrx_word' id='word_1_280' title='bbox 3230 919 3371 974; x_wconf 83' lang='grc' dir='ltr'>κατὰ</span> <span class='ocrx_word' id='word_1_281' title='bbox 3389 919 3638 990; x_wconf 83' lang='grc' dir='ltr'>διαδοχὴν</span> 
     </span>
    </p>
   </div>
   <div class='ocr_carea' id='block_1_40' title="bbox 2061 1011 3641 1084">
    <p class='ocr_par' dir='ltr' id='par_1_40' title="bbox 2061 1011 3641 1084">
     <span class='ocr_line' id='line_1_40' title="bbox 2061 1011 3641 1084; baseline -0.003 -17"><span class='ocrx_word' id='word_1_282' title='bbox 2061 1014 2291 1076; x_wconf 79' lang='grc' dir='ltr'>Καϊνὰν,</span> <span class='ocrx_word' id='word_1_283' title='bbox 2313 1013 2628 1082; x_wconf 82' lang='grc' dir='ltr'>Μαλαλεὴλ,</span> <span class='ocrx_word' id='word_1_284' title='bbox 2658 1012 2848 1084; x_wconf 86' lang='grc' dir='ltr'>Ἰάρεδ.</span> <span class='ocrx_word' id='word_1_285' title='bbox 2886 1012 2971 1074; x_wconf 84' lang='grc' dir='ltr'>Ὠς</span> <span class='ocrx_word' id='word_1_286' title='bbox 2993 1011 3050 1064; x_wconf 83' lang='grc' dir='ltr'>δὲ</span> <span class='ocrx_word' id='word_1_287' title='bbox 3092 1013 3125 1082; x_wconf 82' lang='grc' dir='ltr'>ἡ</span> <span class='ocrx_word' id='word_1_288' title='bbox 3170 1011 3467 1082; x_wconf 84' lang='grc' dir='ltr'>παράδοσις</span> <span class='ocrx_word' id='word_1_289' title='bbox 3491 1013 3524 1081; x_wconf 87' lang='grc' dir='ltr'><strong>ή</strong></span> <span class='ocrx_word' id='word_1_290' title='bbox 3558 1012 3641 1074; x_wconf 87' lang='grc' dir='ltr'><strong>είς</strong></span> 
     </span>
    </p>
   </div>
   <div class='ocr_carea' id='block_1_41' title="bbox 2063 1097 3643 1177">
    <p class='ocr_par' dir='ltr' id='par_1_41' title="bbox 2063 1097 3643 1177">
     <span class='ocr_line' id='line_1_41' title="bbox 2063 1097 3643 1177; baseline -0.001 -18"><span class='ocrx_word' id='word_1_291' title='bbox 2063 1108 2209 1176; x_wconf 77' lang='grc' dir='ltr'>ἡμᾶς</span> <span class='ocrx_word' id='word_1_292' title='bbox 2238 1097 2487 1173; x_wconf 78' lang='grc' dir='ltr'>ἐλθοῦσα,</span> <span class='ocrx_word' id='word_1_293' title='bbox 2515 1105 2759 1160; x_wconf 76' lang='grc' dir='ltr'>ἐντεῦθεν</span> <span class='ocrx_word' id='word_1_294' title='bbox 2777 1104 2977 1177; x_wconf 74' lang='grc' dir='ltr'>ἤρξατο</span> <span class='ocrx_word' id='word_1_295' title='bbox 2995 1107 3029 1176; x_wconf 83' lang='grc' dir='ltr'>ὴ</span> <span class='ocrx_word' id='word_1_296' title='bbox 3056 1105 3435 1176; x_wconf 85' lang='grc' dir='ltr'>κακομηχανία</span> <span class='ocrx_word' id='word_1_297' title='bbox 3469 1107 3528 1157; x_wconf 82' lang='grc' dir='ltr'>ὲν</span> <span class='ocrx_word' id='word_1_298' title='bbox 3557 1105 3643 1158; x_wconf 79' lang='grc' dir='ltr'>κό-</span> 
     </span>
    </p>
   </div>
   <div class='ocr_carea' id='block_1_42' title="bbox 2066 1193 3644 1266">
    <p class='ocr_par' dir='ltr' id='par_1_42' title="bbox 2066 1193 3644 1266">
     <span class='ocr_line' id='line_1_42' title="bbox 2066 1193 3644 1266; baseline 0 -19"><span class='ocrx_word' id='word_1_299' title='bbox 2066 1209 2188 1262; x_wconf 81' lang='grc' dir='ltr'><strong>σμῳ</strong></span> <span class='ocrx_word' id='word_1_300' title='bbox 2223 1193 2488 1261; x_wconf 87' lang='grc' dir='ltr'>γίνεσθαι,</span> <span class='ocrx_word' id='word_1_301' title='bbox 2522 1195 2614 1248; x_wconf 71' lang='grc' dir='ltr'>καὶ</span> <span class='ocrx_word' id='word_1_302' title='bbox 2644 1195 2739 1249; x_wconf 77' lang='grc' dir='ltr'><strong>ἀπ’</strong></span> <span class='ocrx_word' id='word_1_303' title='bbox 2771 1196 2946 1266; x_wconf 79' lang='grc' dir='ltr'>ἀρχῆς</span> <span class='ocrx_word' id='word_1_304' title='bbox 2977 1195 3075 1265; x_wconf 85' lang='grc' dir='ltr'><strong>μὲν</strong></span> <span class='ocrx_word' id='word_1_305' title='bbox 3106 1193 3192 1248; x_wconf 81' lang='grc' dir='ltr'>διὰ</span> <span class='ocrx_word' id='word_1_306' title='bbox 3208 1194 3308 1263; x_wconf 85' lang='grc' dir='ltr'><strong>τῆς</strong></span> <span class='ocrx_word' id='word_1_307' title='bbox 3331 1194 3425 1247; x_wconf 75' lang='grc' dir='ltr'>τοῦ</span> <span class='ocrx_word' id='word_1_308' title='bbox 3467 1195 3644 1265; x_wconf 73' lang='grc' dir='ltr'>Ἀδάμ</span> 
     </span>
    </p>
   </div>
   <div class='ocr_carea' id='block_1_43' title="bbox 2070 1279 3640 1356">
    <p class='ocr_par' dir='ltr' id='par_1_43' title="bbox 2070 1279 3640 1356">
     <span class='ocr_line' id='line_1_43' title="bbox 2070 1279 3640 1356; baseline 0.003 -23"><span class='ocrx_word' id='word_1_309' title='bbox 2070 1281 2357 1352; x_wconf 78' lang='grc' dir='ltr'>παρακοῆς</span> <span class='ocrx_word' id='word_1_310' title='bbox 2372 1322 2386 1346; x_wconf 89' lang='grc'><strong>,</strong></span> <span class='ocrx_word' id='word_1_311' title='bbox 2416 1279 2606 1337; x_wconf 55' lang='lat' dir='ltr'><strong>ucstra</strong></span> <span class='ocrx_word' id='word_1_312' title='bbox 2623 1283 2678 1336; x_wconf 85' lang='grc' dir='ltr'><strong>δὲ</strong></span> <span class='ocrx_word' id='word_1_313' title='bbox 2699 1282 2786 1336; x_wconf 80' lang='grc' dir='ltr'>διὸ.</span> <span class='ocrx_word' id='word_1_314' title='bbox 2807 1284 2904 1354; x_wconf 81' lang='grc' dir='ltr'>τῆς</span> <span class='ocrx_word' id='word_1_315' title='bbox 2928 1283 3022 1337; x_wconf 77' lang='grc' dir='ltr'>τοῦ</span> <span class='ocrx_word' id='word_1_316' title='bbox 3044 1285 3182 1337; x_wconf 79' lang='grc' dir='ltr'>Κάῖν</span> <span class='ocrx_word' id='word_1_317' title='bbox 3205 1282 3640 1356; x_wconf 61' lang='grc' dir='ltr'>ἀδελφοκτονίας.</span> 
     </span>
    </p>
   </div>
   <div class='ocr_carea' id='block_1_44' title="bbox 2051 1371 3646 1444">
    <p class='ocr_par' dir='ltr' id='par_1_44' title="bbox 2051 1371 3646 1444">
     <span class='ocr_line' id='line_1_44' title="bbox 2051 1371 3646 1444; baseline 0.001 -19"><span class='ocrx_word' id='word_1_318' title='bbox 2051 1371 2178 1425; x_wconf 80' lang='grc' dir='ltr'>-Νὖν</span> <span class='ocrx_word' id='word_1_319' title='bbox 2211 1371 2268 1424; x_wconf 88' lang='grc' dir='ltr'>δὲ</span> <span class='ocrx_word' id='word_1_320' title='bbox 2301 1374 2358 1424; x_wconf 85' lang='grc' dir='ltr'><strong>ὲν</strong></span> <span class='ocrx_word' id='word_1_321' title='bbox 2399 1373 2612 1444; x_wconf 85' lang='grc' dir='ltr'>χρόνοις</span> <span class='ocrx_word' id='word_1_322' title='bbox 2641 1372 2734 1426; x_wconf 79' lang='grc' dir='ltr'><strong>τού</strong></span> <span class='ocrx_word' id='word_1_323' title='bbox 2783 1373 2953 1443; x_wconf 78' lang='grc' dir='ltr'>Ἰάρεδ</span> <span class='ocrx_word' id='word_1_324' title='bbox 2995 1373 3088 1426; x_wconf 75' lang='grc' dir='ltr'><strong>καὶ</strong></span> <span class='ocrx_word' id='word_1_325' title='bbox 3121 1372 3380 1426; x_wconf 79' lang='grc' dir='ltr'>ἐπέκεινα</span> <span class='ocrx_word' id='word_1_326' title='bbox 3430 1390 3646 1444; x_wconf 76' lang='grc' dir='ltr'>φαρμαο</span> 
     </span>
    </p>
   </div>
   <div class='ocr_carea' id='block_1_45' title="bbox 2067 1463 3644 1535">
    <p class='ocr_par' dir='ltr' id='par_1_45' title="bbox 2067 1463 3644 1535">
     <span class='ocr_line' id='line_1_45' title="bbox 2067 1463 3644 1535; baseline -0.001 -17"><span class='ocrx_word' id='word_1_327' title='bbox 2067 1464 2188 1518; x_wconf 85' lang='grc' dir='ltr'>κεία</span> <span class='ocrx_word' id='word_1_328' title='bbox 2230 1463 2324 1518; x_wconf 75' lang='grc' dir='ltr'><strong>καὶ</strong></span> <span class='ocrx_word' id='word_1_329' title='bbox 2375 1464 2595 1535; x_wconf 89' lang='grc' dir='ltr'>μαγεία,</span> <span class='ocrx_word' id='word_1_330' title='bbox 2636 1464 2914 1534; x_wconf 81' lang='grc' dir='ltr'>ἀσέλγεια,</span> <span class='ocrx_word' id='word_1_331' title='bbox 2955 1463 3167 1534; x_wconf 85' lang='grc' dir='ltr'>μοιχεία</span> <span class='ocrx_word' id='word_1_332' title='bbox 3211 1480 3269 1517; x_wconf 88' lang='grc' dir='ltr'><strong>τε</strong></span> <span class='ocrx_word' id='word_1_333' title='bbox 3313 1463 3406 1517; x_wconf 68' lang='grc' dir='ltr'>καὶ</span> <span class='ocrx_word' id='word_1_334' title='bbox 3430 1463 3644 1522; x_wconf 64' lang='grc' dir='ltr'>ἀδικία.</span> 
     </span>
    </p>
   </div>
   <div class='ocr_carea' id='block_1_46' title="bbox 2069 1553 3654 1627">
    <p class='ocr_par' dir='ltr' id='par_1_46' title="bbox 2069 1553 3654 1627">
     <span class='ocr_line' id='line_1_46' title="bbox 2069 1553 3654 1627; baseline -0.002 -18"><span class='ocrx_word' id='word_1_335' title='bbox 2069 1557 2142 1610; x_wconf 81' lang='grc' dir='ltr'><strong>Οὐ</strong></span> <span class='ocrx_word' id='word_1_336' title='bbox 2173 1556 2365 1627; x_wconf 84' lang='grc' dir='ltr'>γνώμη</span> <span class='ocrx_word' id='word_1_337' title='bbox 2409 1573 2494 1619; x_wconf 87' lang='grc' dir='ltr'><strong>τις</strong></span> <span class='ocrx_word' id='word_1_338' title='bbox 2533 1556 2714 1626; x_wconf 77' lang='grc' dir='ltr'>ἑτέρα,</span> <span class='ocrx_word' id='word_1_339' title='bbox 2751 1557 2810 1607; x_wconf 84' lang='grc' dir='ltr'><strong>ού</strong></span> <span class='ocrx_word' id='word_1_340' title='bbox 2857 1555 2983 1619; x_wconf 80' lang='grc' dir='ltr'>δόξα</span> <span class='ocrx_word' id='word_1_341' title='bbox 3033 1553 3470 1626; x_wconf 85' lang='grc' dir='ltr'>μετηλλαγμένη,</span> <span class='ocrx_word' id='word_1_342' title='bbox 3511 1553 3654 1606; x_wconf 75' lang='grc' dir='ltr'>ἀλλὰ-</span> 
     </span>
    </p>
   </div>
   <div class='ocr_carea' id='block_1_47' title="bbox 2077 1645 3647 1720">
    <p class='ocr_par' dir='ltr' id='par_1_47' title="bbox 2077 1645 3647 1720">
     <span class='ocr_line' id='line_1_47' title="bbox 2077 1645 3647 1720; baseline -0.002 -18"><span class='ocrx_word' id='word_1_343' title='bbox 2077 1650 2172 1720; x_wconf 83' lang='grc' dir='ltr'><strong>μία</strong></span> <span class='ocrx_word' id='word_1_344' title='bbox 2203 1648 2422 1717; x_wconf 79' lang='grc' dir='ltr'>γλῶσσα</span> <span class='ocrx_word' id='word_1_345' title='bbox 2453 1650 2546 1702; x_wconf 69' lang='grc' dir='ltr'>καὶ</span> <span class='ocrx_word' id='word_1_346' title='bbox 2576 1648 2730 1718; x_wconf 80' lang='grc' dir='ltr'>γένος</span> <span class='ocrx_word' id='word_1_347' title='bbox 2759 1649 2816 1702; x_wconf 83' lang='grc' dir='ltr'>ἒν</span> <span class='ocrx_word' id='word_1_348' title='bbox 2847 1647 2939 1700; x_wconf 73' lang='grc' dir='ltr'><strong>ἐπὶ</strong></span> <span class='ocrx_word' id='word_1_349' title='bbox 2963 1649 3066 1718; x_wconf 83' lang='grc' dir='ltr'>γῆς</span> <span class='ocrx_word' id='word_1_350' title='bbox 3094 1647 3214 1702; x_wconf 82' lang='grc' dir='ltr'>κατ’</span> <span class='ocrx_word' id='word_1_351' title='bbox 3242 1647 3418 1700; x_wconf 79' lang='grc' dir='ltr'>ἐκεῖνο</span> <span class='ocrx_word' id='word_1_352' title='bbox 3451 1645 3647 1716; x_wconf 74' lang='grc' dir='ltr'>καιροῦ</span> 
     </span>
    </p>
   </div>
   <div class='ocr_carea' id='block_1_48' title="bbox 2077 1736 3650 1810">
    <p class='ocr_par' dir='ltr' id='par_1_48' title="bbox 2077 1736 3650 1810">
     <span class='ocr_line' id='line_1_48' title="bbox 2077 1736 3650 1810; baseline -0.001 -20"><span class='ocrx_word' id='word_1_353' title='bbox 2077 1737 2442 1810; x_wconf 74' lang='grc' dir='ltr'>ἐσπαρμένον.</span> <span class='ocrx_word' id='word_1_354' title='bbox 2475 1738 2661 1810; x_wconf 81' lang='grc' dir='ltr'><strong>Τούτῳ</strong></span> <span class='ocrx_word' id='word_1_355' title='bbox 2699 1737 2758 1792; x_wconf 79' lang='grc' dir='ltr'>δὲ</span> <span class='ocrx_word' id='word_1_356' title='bbox 2783 1738 2861 1808; x_wconf 85' lang='grc' dir='ltr'><strong>τῷ</strong></span> <span class='ocrx_word' id='word_1_357' title='bbox 2897 1737 3068 1810; x_wconf 85' lang='grc' dir='ltr'>Ἰάρεδ</span> <span class='ocrx_word' id='word_1_358' title='bbox 3098 1737 3306 1808; x_wconf 82' lang='grc' dir='ltr'>γίνεται</span> <span class='ocrx_word' id='word_1_359' title='bbox 3340 1740 3472 1800; x_wconf 88' lang='grc' dir='ltr'>παῖς</span> <span class='ocrx_word' id='word_1_360' title='bbox 3525 1736 3650 1789; x_wconf 78' lang='grc' dir='ltr'>τοῦ·</span> 
     </span>
    </p>
   </div>
   <div class='ocr_carea' id='block_1_49' title="bbox 2075 1828 3739 1902">
    <p class='ocr_par' dir='ltr' id='par_1_49' title="bbox 2075 1828 3739 1902">
     <span class='ocr_line' id='line_1_49' title="bbox 2075 1828 3739 1902; baseline -0.002 -20"><span class='ocrx_word' id='word_1_361' title='bbox 2075 1847 2216 1902; x_wconf 86' lang='grc' dir='ltr'>νομα</span> <span class='ocrx_word' id='word_1_362' title='bbox 2259 1828 2449 1901; x_wconf 84' lang='grc' dir='ltr'>Ἑνὼχ,</span> <span class='ocrx_word' id='word_1_363' title='bbox 2477 1829 2534 1893; x_wconf 77' lang='grc' dir='ltr'>ὃς</span> <span class='ocrx_word' id='word_1_364' title='bbox 2569 1830 2901 1902; x_wconf 81' lang='grc' dir='ltr'>εὐηρέστησε</span> <span class='ocrx_word' id='word_1_365' title='bbox 2934 1829 3011 1899; x_wconf 82' lang='grc' dir='ltr'>τῷ</span> <span class='ocrx_word' id='word_1_366' title='bbox 3055 1829 3193 1900; x_wconf 84' lang='grc' dir='ltr'>Θεῷ,</span> <span class='ocrx_word' id='word_1_367' title='bbox 3229 1829 3322 1883; x_wconf 78' lang='grc' dir='ltr'><strong>καὶ</strong></span> <span class='ocrx_word' id='word_1_368' title='bbox 3348 1829 3446 1899; x_wconf 82' lang='grc' dir='ltr'><strong>οὐχ</strong></span> <span class='ocrx_word' id='word_1_369' title='bbox 3486 1828 3651 1899; x_wconf 80' lang='grc' dir='ltr'>ηὑρί-</span> <span class='ocrx_word' id='word_1_370' title='bbox 3733 1850 3739 1854; x_wconf 78' lang='grc'><strong>-</strong></span> 
     </span>
    </p>
   </div>
   <div class='ocr_carea' id='block_1_50' title="bbox 2077 1915 3653 1994">
    <p class='ocr_par' dir='ltr' id='par_1_50' title="bbox 2077 1915 3653 1994">
     <span class='ocr_line' id='line_1_50' title="bbox 2077 1915 3653 1994; baseline -0.001 -20"><span class='ocrx_word' id='word_1_371' title='bbox 2077 1939 2254 1975; x_wconf 88' lang='grc' dir='ltr'>σκετο.</span> <span class='ocrx_word' id='word_1_372' title='bbox 2306 1922 2588 1993; x_wconf 84' lang='grc' dir='ltr'>Μετέθηκε</span> <span class='ocrx_word' id='word_1_373' title='bbox 2627 1923 2735 1994; x_wconf 86' lang='grc' dir='ltr'>γὰρ</span> <span class='ocrx_word' id='word_1_374' title='bbox 2783 1921 2944 1974; x_wconf 81' lang='grc' dir='ltr'>αὑτὸν</span> <span class='ocrx_word' id='word_1_375' title='bbox 2985 1922 3013 1974; x_wconf 86' lang='grc' dir='ltr'>ὁ</span> <span class='ocrx_word' id='word_1_376' title='bbox 3050 1921 3204 1987; x_wconf 84' lang='grc' dir='ltr'>Θεὸς,</span> <span class='ocrx_word' id='word_1_377' title='bbox 3251 1920 3345 1973; x_wconf 67' lang='grc' dir='ltr'><strong>καὶ</strong></span> <span class='ocrx_word' id='word_1_378' title='bbox 3391 1920 3491 1972; x_wconf 77' lang='grc' dir='ltr'>οὐκ</span> <span class='ocrx_word' id='word_1_379' title='bbox 3541 1915 3653 1973; x_wconf 76' lang='grc' dir='ltr'>εἶδε</span> 
     </span>
    </p>
   </div>
   <div class='ocr_carea' id='block_1_51' title="bbox 2077 2007 3655 2081">
    <p class='ocr_par' dir='ltr' id='par_1_51' title="bbox 2077 2007 3655 2081">
     <span class='ocr_line' id='line_1_51' title="bbox 2077 2007 3655 2081; baseline -0.001 -18"><span class='ocrx_word' id='word_1_380' title='bbox 2077 2009 2324 2064; x_wconf 86' lang='grc' dir='ltr'>θάνατον.</span> <span class='ocrx_word' id='word_1_381' title='bbox 2385 2010 2557 2081; x_wconf 86' lang='grc' dir='ltr'>Ἑνὼχ</span> <span class='ocrx_word' id='word_1_382' title='bbox 2597 2009 2652 2063; x_wconf 83' lang='grc' dir='ltr'>δὲ</span> <span class='ocrx_word' id='word_1_383' title='bbox 2698 2011 2862 2080; x_wconf 79' lang='grc' dir='ltr'>γεννᾷ</span> <span class='ocrx_word' id='word_1_384' title='bbox 2903 2009 2995 2062; x_wconf 82' lang='grc' dir='ltr'><strong>τὸν</strong></span> <span class='ocrx_word' id='word_1_385' title='bbox 3042 2008 3396 2072; x_wconf 86' lang='grc' dir='ltr'>Μαθουσάλα,</span> <span class='ocrx_word' id='word_1_386' title='bbox 3441 2007 3655 2061; x_wconf 71' lang='lat' dir='ltr'><strong>Malia»-</strong></span> 
     </span>
    </p>
   </div>
   <div class='ocr_carea' id='block_1_52' title="bbox 2078 2095 3655 2173">
    <p class='ocr_par' dir='ltr' id='par_1_52' title="bbox 2078 2095 3655 2173">
     <span class='ocr_line' id='line_1_52' title="bbox 2078 2095 3655 2173; baseline -0.002 -18"><span class='ocrx_word' id='word_1_387' title='bbox 2078 2102 2219 2157; x_wconf 88' lang='grc' dir='ltr'>σάλα</span> <span class='ocrx_word' id='word_1_388' title='bbox 2248 2103 2340 2156; x_wconf 84' lang='grc' dir='ltr'><strong>τὸν</strong></span> <span class='ocrx_word' id='word_1_389' title='bbox 2380 2103 2590 2173; x_wconf 85' lang='grc' dir='ltr'>Λάμεχ,</span> <span class='ocrx_word' id='word_1_390' title='bbox 2629 2102 2820 2172; x_wconf 84' lang='grc' dir='ltr'>Λάμεχ</span> <span class='ocrx_word' id='word_1_391' title='bbox 2855 2100 2946 2154; x_wconf 79' lang='grc' dir='ltr'><strong>τὸν</strong></span> <span class='ocrx_word' id='word_1_392' title='bbox 2990 2100 3134 2154; x_wconf 86' lang='grc' dir='ltr'>Νῶε.</span> <span class='ocrx_word' id='word_1_393' title='bbox 3170 2101 3281 2154; x_wconf 75' lang='grc' dir='ltr'><strong>Καὶ</strong></span> <span class='ocrx_word' id='word_1_394' title='bbox 3314 2101 3349 2170; x_wconf 78' lang='grc' dir='ltr'><strong>ἡ</strong></span> <span class='ocrx_word' id='word_1_395' title='bbox 3392 2095 3485 2152; x_wconf 83' lang='grc' dir='ltr'>τοῦ</span> <span class='ocrx_word' id='word_1_396' title='bbox 3515 2098 3655 2152; x_wconf 70' lang='grc' dir='ltr'><strong>Θεοῦ</strong></span> 
     </span>
    </p>
   </div>
   <div class='ocr_carea' id='block_1_53' title="bbox 2076 2189 3654 2265">
    <p class='ocr_par' dir='ltr' id='par_1_53' title="bbox 2076 2189 3654 2265">
     <span class='ocr_line' id='line_1_53' title="bbox 2076 2189 3654 2265; baseline -0.004 -18"><span class='ocrx_word' id='word_1_397' title='bbox 2076 2193 2438 2265; x_wconf 84' lang='grc' dir='ltr'>δικαιοκρισία</span> <span class='ocrx_word' id='word_1_398' title='bbox 2493 2191 2876 2262; x_wconf 87' lang='grc' dir='ltr'>κατακλυσμὸν</span> <span class='ocrx_word' id='word_1_399' title='bbox 2944 2190 3134 2254; x_wconf 73' lang='grc' dir='ltr'>ὓδατος</span> <span class='ocrx_word' id='word_1_400' title='bbox 3188 2189 3531 2258; x_wconf 83' lang='grc' dir='ltr'>ὲπενέγκασα</span> <span class='ocrx_word' id='word_1_401' title='bbox 3583 2192 3654 2259; x_wconf 76' lang='grc' dir='ltr'>τῇ</span> 
     </span>
    </p>
   </div>
   <div class='ocr_carea' id='block_1_54' title="bbox 2077 2269 3657 2355">
    <p class='ocr_par' dir='ltr' id='par_1_54' title="bbox 2077 2269 3657 2355">
     <span class='ocr_line' id='line_1_54' title="bbox 2077 2269 3657 2355; baseline -0.005 -17"><span class='ocrx_word' id='word_1_402' title='bbox 2077 2285 2385 2355; x_wconf 76' lang='grc' dir='ltr'>οἰκουμένῃ,</span> <span class='ocrx_word' id='word_1_403' title='bbox 2432 2269 2613 2336; x_wconf 76' lang='grc' dir='ltr'>πάσαν</span> <span class='ocrx_word' id='word_1_404' title='bbox 2648 2283 2825 2354; x_wconf 89' lang='grc' dir='ltr'>σάρκα</span> <span class='ocrx_word' id='word_1_405' title='bbox 2855 2281 3156 2352; x_wconf 82' lang='grc' dir='ltr'>ἀνθρώπων</span> <span class='ocrx_word' id='word_1_406' title='bbox 3188 2297 3247 2333; x_wconf 89' lang='grc' dir='ltr'><strong>τε</strong></span> <span class='ocrx_word' id='word_1_407' title='bbox 3284 2280 3378 2332; x_wconf 71' lang='grc' dir='ltr'><strong>καὶ</strong></span> <span class='ocrx_word' id='word_1_408' title='bbox 3417 2278 3523 2331; x_wconf 85' lang='grc' dir='ltr'><strong>τῶν</strong></span> <span class='ocrx_word' id='word_1_409' title='bbox 3559 2277 3657 2332; x_wconf 78' lang='grc' dir='ltr'>άλ-</span> 
     </span>
    </p>
   </div>
   <div class='ocr_carea' id='block_1_55' title="bbox 2078 2369 3658 2444">
    <p class='ocr_par' dir='ltr' id='par_1_55' title="bbox 2078 2369 3658 2444">
     <span class='ocr_line' id='line_1_55' title="bbox 2078 2369 3658 2444; baseline -0.004 -17"><span class='ocrx_word' id='word_1_410' title='bbox 2078 2376 2184 2429; x_wconf 85' lang='grc' dir='ltr'>λων</span> <span class='ocrx_word' id='word_1_411' title='bbox 2219 2374 2517 2444; x_wconf 70' lang='grc' dir='ltr'>ἐξήλειψεν.</span> <span class='ocrx_word' id='word_1_412' title='bbox 2567 2373 2828 2443; x_wconf 76' lang='grc' dir='ltr'>Ἐφύλαξέ</span> <span class='ocrx_word' id='word_1_413' title='bbox 2860 2390 2919 2425; x_wconf 90' lang='grc' dir='ltr'><strong>τε</strong></span> <span class='ocrx_word' id='word_1_414' title='bbox 2974 2373 3032 2424; x_wconf 84' lang='grc' dir='ltr'>ὲν</span> <span class='ocrx_word' id='word_1_415' title='bbox 3080 2371 3313 2443; x_wconf 87' lang='grc' dir='ltr'>λάρνακι</span> <span class='ocrx_word' id='word_1_416' title='bbox 3353 2369 3441 2422; x_wconf 77' lang='grc' dir='ltr'><strong>διά</strong></span> <span class='ocrx_word' id='word_1_417' title='bbox 3485 2387 3658 2441; x_wconf 64' lang='grc' dir='ltr'>προσ-</span> 
     </span>
    </p>
   </div>
   <div class='ocr_carea' id='block_1_56' title="bbox 2078 2461 3655 2538">
    <p class='ocr_par' dir='ltr' id='par_1_56' title="bbox 2078 2461 3655 2538">
     <span class='ocr_line' id='line_1_56' title="bbox 2078 2461 3655 2538; baseline -0.004 -19"><span class='ocrx_word' id='word_1_418' title='bbox 2078 2468 2356 2538; x_wconf 87' lang='grc' dir='ltr'>τάγματος</span> <span class='ocrx_word' id='word_1_419' title='bbox 2402 2467 2491 2520; x_wconf 84' lang='grc' dir='ltr'><strong>τὸν</strong></span> <span class='ocrx_word' id='word_1_420' title='bbox 2528 2465 2675 2530; x_wconf 85' lang='grc' dir='ltr'>Νῶε,</span> <span class='ocrx_word' id='word_1_421' title='bbox 2725 2465 3165 2536; x_wconf 81' lang='grc' dir='ltr'>εὐαρεστήσαντα</span> <span class='ocrx_word' id='word_1_422' title='bbox 3197 2461 3426 2516; x_wconf 77' lang='grc' dir='ltr'>ἐνώπιον</span> <span class='ocrx_word' id='word_1_423' title='bbox 3467 2461 3655 2524; x_wconf 78' lang='grc' dir='ltr'>αὐτοῦ,</span> 
     </span>
    </p>
   </div>
   <div class='ocr_carea' id='block_1_57' title="bbox 2080 2553 3657 2630">
    <p class='ocr_par' dir='ltr' id='par_1_57' title="bbox 2080 2553 3657 2630">
     <span class='ocr_line' id='line_1_57' title="bbox 2080 2553 3657 2630; baseline -0.003 -18"><span class='ocrx_word' id='word_1_424' title='bbox 2080 2560 2175 2614; x_wconf 74' lang='grc' dir='ltr'>καὶ</span> <span class='ocrx_word' id='word_1_425' title='bbox 2235 2559 2463 2629; x_wconf 83' lang='grc' dir='ltr'>εὑρόντα</span> <span class='ocrx_word' id='word_1_426' title='bbox 2519 2559 2716 2630; x_wconf 73' lang='grc' dir='ltr'>χάρινο</span> <span class='ocrx_word' id='word_1_427' title='bbox 2771 2555 2935 2610; x_wconf 77' lang='grc' dir='ltr'>αὐτὸν</span> <span class='ocrx_word' id='word_1_428' title='bbox 2987 2555 3044 2608; x_wconf 82' lang='grc' dir='ltr'>δὲ</span> <span class='ocrx_word' id='word_1_429' title='bbox 3097 2554 3188 2608; x_wconf 78' lang='grc' dir='ltr'><strong>τὸν</strong></span> <span class='ocrx_word' id='word_1_430' title='bbox 3239 2553 3657 2626; x_wconf 73' lang='grc' dir='ltr'>προδεδηλωμέ-</span> 
     </span>
    </p>
   </div>
   <div class='ocr_carea' id='block_1_58' title="bbox 2079 2643 3657 2720">
    <p class='ocr_par' dir='ltr' id='par_1_58' title="bbox 2079 2643 3657 2720">
     <span class='ocr_line' id='line_1_58' title="bbox 2079 2643 3657 2720; baseline -0.006 -16"><span class='ocrx_word' id='word_1_431' title='bbox 2079 2668 2168 2704; x_wconf 89' lang='grc' dir='ltr'><strong>νον</strong></span> <span class='ocrx_word' id='word_1_432' title='bbox 2215 2648 2356 2714; x_wconf 85' lang='grc' dir='ltr'>Νῶε,</span> <span class='ocrx_word' id='word_1_433' title='bbox 2397 2649 2494 2703; x_wconf 64' lang='grc' dir='ltr'>καὶ</span> <span class='ocrx_word' id='word_1_434' title='bbox 2533 2649 2660 2712; x_wconf 81' lang='grc' dir='ltr'>τοὺς</span> <span class='ocrx_word' id='word_1_435' title='bbox 2702 2651 2850 2720; x_wconf 79' lang='grc' dir='ltr'>τρεῖς</span> <span class='ocrx_word' id='word_1_436' title='bbox 2894 2647 3041 2710; x_wconf 80' lang='grc' dir='ltr'>υἱοὺς</span> <span class='ocrx_word' id='word_1_437' title='bbox 3093 2643 3279 2709; x_wconf 78' lang='grc' dir='ltr'>αὑτοῦ,</span> <span class='ocrx_word' id='word_1_438' title='bbox 3320 2644 3461 2715; x_wconf 86' lang='grc' dir='ltr'>Σὴμ,</span> <span class='ocrx_word' id='word_1_439' title='bbox 3503 2644 3657 2714; x_wconf 81' lang='grc' dir='ltr'>Χάμ,</span> 
     </span>
    </p>
   </div>
   <div class='ocr_carea' id='block_1_59' title="bbox 2095 2732 3661 2810">
    <p class='ocr_par' dir='ltr' id='par_1_59' title="bbox 2095 2732 3661 2810">
     <span class='ocr_line' id='line_1_59' title="bbox 2095 2732 3661 2810; baseline -0.006 -16"><span class='ocrx_word' id='word_1_440' title='bbox 2095 2741 2293 2810; x_wconf 77' lang='grc' dir='ltr'>Ἰάφεθ,</span> <span class='ocrx_word' id='word_1_441' title='bbox 2333 2740 2429 2810; x_wconf 82' lang='grc' dir='ltr'>τήν</span> <span class='ocrx_word' id='word_1_442' title='bbox 2454 2756 2513 2791; x_wconf 90' lang='grc' dir='ltr'><strong>τε</strong></span> <span class='ocrx_word' id='word_1_443' title='bbox 2545 2738 2680 2791; x_wconf 78' lang='grc' dir='ltr'>ἰδίαν</span> <span class='ocrx_word' id='word_1_444' title='bbox 2734 2737 2986 2804; x_wconf 79' lang='grc' dir='ltr'>σύζυγον,</span> <span class='ocrx_word' id='word_1_445' title='bbox 3028 2739 3122 2789; x_wconf 57' lang='grc' dir='ltr'><strong>καὶ¹</strong></span> <span class='ocrx_word' id='word_1_446' title='bbox 3161 2732 3272 2787; x_wconf 88' lang='grc' dir='ltr'><strong>τῶν</strong></span> <span class='ocrx_word' id='word_1_447' title='bbox 3316 2733 3483 2805; x_wconf 84' lang='grc' dir='ltr'>τριῶν</span> <span class='ocrx_word' id='word_1_448' title='bbox 3527 2733 3661 2786; x_wconf 85' lang='grc' dir='ltr'>υἱῶν</span> 
     </span>
    </p>
   </div>
   <div class='ocr_carea' id='block_1_60' title="bbox 2079 2817 3662 2903">
    <p class='ocr_par' dir='ltr' id='par_1_60' title="bbox 2079 2817 3662 2903">
     <span class='ocr_line' id='line_1_60' title="bbox 2079 2817 3662 2903; baseline -0.007 -17"><span class='ocrx_word' id='word_1_449' title='bbox 2079 2833 2179 2896; x_wconf 82' lang='grc' dir='ltr'><strong>τάς</strong></span> <span class='ocrx_word' id='word_1_450' title='bbox 2203 2834 2351 2903; x_wconf 86' lang='grc' dir='ltr'>τρεῖς</span> <span class='ocrx_word' id='word_1_451' title='bbox 2370 2833 2634 2900; x_wconf 85' lang='grc' dir='ltr'>γυναῖκας</span> <span class='ocrx_word' id='word_1_452' title='bbox 2661 2846 2674 2860; x_wconf 80' lang='grc'><em>’</em></span> <span class='ocrx_word' id='word_1_453' title='bbox 2705 2817 2844 2881; x_wconf 78' lang='grc' dir='ltr'>ὥστε</span> <span class='ocrx_word' id='word_1_454' title='bbox 2887 2825 3188 2897; x_wconf 83' lang='grc' dir='ltr'>ἀνθρώπων</span> <span class='ocrx_word' id='word_1_455' title='bbox 3222 2825 3399 2894; x_wconf 79' lang='grc' dir='ltr'>ψυχὰς</span> <span class='ocrx_word' id='word_1_456' title='bbox 3423 2821 3567 2876; x_wconf 80' lang='grc' dir='ltr'>ὀκτὼ</span> <span class='ocrx_word' id='word_1_457' title='bbox 3602 2826 3662 2876; x_wconf 80' lang='grc' dir='ltr'>ὲν</span> 
     </span>
    </p>
   </div>
   <div class='ocr_carea' id='block_1_61' title="bbox 2081 2915 3662 2995">
    <p class='ocr_par' dir='ltr' id='par_1_61' title="bbox 2081 2915 3662 2995">
     <span class='ocr_line' id='line_1_61' title="bbox 2081 2915 3662 2995; baseline -0.006 -18"><span class='ocrx_word' id='word_1_458' title='bbox 2081 2925 2147 2995; x_wconf 78' lang='grc' dir='ltr'>τῇ</span> <span class='ocrx_word' id='word_1_459' title='bbox 2178 2922 2301 2976; x_wconf 87' lang='grc' dir='ltr'>τότε</span> <span class='ocrx_word' id='word_1_460' title='bbox 2335 2922 2567 2993; x_wconf 85' lang='grc' dir='ltr'>λάρνακι</span> <span class='ocrx_word' id='word_1_461' title='bbox 2588 2919 2955 2974; x_wconf 82' lang='grc' dir='ltr'>διασώσασθαι</span> <span class='ocrx_word' id='word_1_462' title='bbox 2978 2917 3084 2972; x_wconf 81' lang='grc' dir='ltr'>ἀπὸ</span> <span class='ocrx_word' id='word_1_463' title='bbox 3108 2916 3201 2970; x_wconf 82' lang='grc' dir='ltr'>τοῦ</span> <span class='ocrx_word' id='word_1_464' title='bbox 3233 2915 3422 2980; x_wconf 77' lang='grc' dir='ltr'>ὕδατος</span> <span class='ocrx_word' id='word_1_465' title='bbox 3447 2915 3540 2968; x_wconf 75' lang='grc' dir='ltr'>τοῦ</span> <span class='ocrx_word' id='word_1_466' title='bbox 3563 2932 3662 2967; x_wconf 84' lang='grc' dir='ltr'>κα-</span> 
     </span>
    </p>
   </div>
   <div class='ocr_carea' id='block_1_62' title="bbox 403 3007 1979 3087">
    <p class='ocr_par' dir='ltr' id='par_1_62' title="bbox 403 3012 1972 3087">
     <span class='ocr_line' id='line_1_62' title="bbox 403 3012 1972 3087; baseline 0.001 -19"><span class='ocrx_word' id='word_1_467' title='bbox 403 3013 476 3068; x_wconf 88' lang='lat' dir='ltr'><strong>ab</strong></span> <span class='ocrx_word' id='word_1_468' title='bbox 500 3014 602 3068; x_wconf 90' lang='lat' dir='ltr'><strong>hoc</strong></span> <span class='ocrx_word' id='word_1_469' title='bbox 635 3013 844 3077; x_wconf 85' lang='lat' dir='ltr'><strong>diluvio</strong></span> <span class='ocrx_word' id='word_1_470' title='bbox 874 3014 930 3068; x_wconf 92' lang='lat' dir='ltr'><strong>in</strong></span> <span class='ocrx_word' id='word_1_471' title='bbox 965 3028 1090 3067; x_wconf 87' lang='lat' dir='ltr'><strong>area</strong></span> <span class='ocrx_word' id='word_1_472' title='bbox 1128 3021 1342 3070; x_wconf 87' lang='lat' dir='ltr'><strong>servata</strong></span> <span class='ocrx_word' id='word_1_473' title='bbox 1374 3012 1608 3081; x_wconf 79' lang='lat' dir='ltr'><strong>fuerint;</strong></span> <span class='ocrx_word' id='word_1_474' title='bbox 1643 3016 1880 3087; x_wconf 88' lang='lat' dir='ltr'><strong>itemque</strong></span> <span class='ocrx_word' id='word_1_475' title='bbox 1905 3033 1972 3072; x_wconf 81' lang='lat' dir='ltr'><strong>ex</strong></span> 
     </span>
    </p>
   </div>
   <div class='ocr_carea' id='block_1_63' title="bbox 2083 3007 3664 3087">
    <p class='ocr_par' dir='ltr' id='par_1_63' title="bbox 2083 3007 3664 3083">
     <span class='ocr_line' id='line_1_63' title="bbox 2083 3007 3664 3083; baseline -0.005 -15"><span class='ocrx_word' id='word_1_476' title='bbox 2083 3011 2412 3083; x_wconf 81' lang='grc' dir='ltr'>τακλυσμοῦ,</span> <span class='ocrx_word' id='word_1_477' title='bbox 2458 3013 2553 3066; x_wconf 74' lang='grc' dir='ltr'><strong>καὶ</strong></span> <span class='ocrx_word' id='word_1_478' title='bbox 2594 3011 2706 3065; x_wconf 79' lang='grc' dir='ltr'><strong>ἀπὸ</strong></span> <span class='ocrx_word' id='word_1_479' title='bbox 2745 3009 2943 3073; x_wconf 82' lang='grc' dir='ltr'>παντὸς</span> <span class='ocrx_word' id='word_1_480' title='bbox 2993 3008 3180 3078; x_wconf 81' lang='grc' dir='ltr'>γένους</span> <span class='ocrx_word' id='word_1_481' title='bbox 3229 3007 3414 3078; x_wconf 80' lang='grc' dir='ltr'>θηρῶν</span> <span class='ocrx_word' id='word_1_482' title='bbox 3456 3025 3517 3060; x_wconf 88' lang='grc' dir='ltr'><strong>τε</strong></span> <span class='ocrx_word' id='word_1_483' title='bbox 3565 3007 3664 3060; x_wconf 64' lang='grc' dir='ltr'><strong>καὶ⁵</strong></span> 
     </span>
    </p>
   </div>
   <div class='ocr_carea' id='block_1_64' title="bbox 402 3103 1978 3179">
    <p class='ocr_par' dir='ltr' id='par_1_64' title="bbox 402 3103 1978 3179">
     <span class='ocr_line' id='line_1_64' title="bbox 402 3103 1978 3179; baseline 0.007 -25"><span class='ocrx_word' id='word_1_484' title='bbox 402 3103 553 3158; x_wconf 77' lang='lat' dir='ltr'><strong>omni</strong></span> <span class='ocrx_word' id='word_1_485' title='bbox 598 3104 896 3159; x_wconf 86' lang='lat' dir='ltr'><strong>bestiarum</strong></span> <span class='ocrx_word' id='word_1_486' title='bbox 940 3112 995 3162; x_wconf 86' lang='lat' dir='ltr'><strong>et</strong></span> <span class='ocrx_word' id='word_1_487' title='bbox 1040 3105 1402 3159; x_wconf 89' lang='lat' dir='ltr'><strong>animantium</strong></span> <span class='ocrx_word' id='word_1_488' title='bbox 1435 3121 1656 3176; x_wconf 82' lang='lat' dir='ltr'><strong>genere,</strong></span> <span class='ocrx_word' id='word_1_489' title='bbox 1687 3109 1835 3163; x_wconf 90' lang='lat' dir='ltr'><strong>velut</strong></span> <span class='ocrx_word' id='word_1_490' title='bbox 1884 3124 1978 3179; x_wconf 86' lang='lat' dir='ltr'><strong>pe-</strong></span> 
     </span>
    </p>
   </div>
   <div class='ocr_carea' id='block_1_65' title="bbox 407 3193 1981 3270">
    <p class='ocr_par' dir='ltr' id='par_1_65' title="bbox 407 3193 1981 3270">
     <span class='ocr_line' id='line_1_65' title="bbox 407 3193 1981 3270; baseline 0.005 -24"><span class='ocrx_word' id='word_1_491' title='bbox 407 3193 628 3258; x_wconf 85' lang='lat' dir='ltr'><strong>cudum,</strong></span> <span class='ocrx_word' id='word_1_492' title='bbox 661 3201 716 3249; x_wconf 90' lang='lat' dir='ltr'><strong>et</strong></span> <span class='ocrx_word' id='word_1_493' title='bbox 759 3193 990 3248; x_wconf 88' lang='lat' dir='ltr'><strong>aliorum</strong></span> <span class='ocrx_word' id='word_1_494' title='bbox 1022 3194 1325 3263; x_wconf 81' lang='lat' dir='ltr'><strong>ejusmodi,</strong></span> <span class='ocrx_word' id='word_1_495' title='bbox 1360 3196 1429 3251; x_wconf 88' lang='lat' dir='ltr'><strong>ad</strong></span> <span class='ocrx_word' id='word_1_496' title='bbox 1467 3198 1803 3253; x_wconf 90' lang='lat' dir='ltr'><strong>restituenda</strong></span> <span class='ocrx_word' id='word_1_497' title='bbox 1830 3207 1981 3270; x_wconf 87' lang='lat' dir='ltr'><strong>post-</strong></span> 
     </span>
    </p>
   </div>
   <div class='ocr_carea' id='block_1_66' title="bbox 405 3283 1980 3357">
    <p class='ocr_par' dir='ltr' id='par_1_66' title="bbox 405 3283 1980 3357">
     <span class='ocr_line' id='line_1_66' title="bbox 405 3283 1980 3357; baseline 0.004 -17"><span class='ocrx_word' id='word_1_498' title='bbox 405 3283 628 3340; x_wconf 85' lang='lat' dir='ltr'><strong>modum</strong></span> <span class='ocrx_word' id='word_1_499' title='bbox 685 3284 741 3340; x_wconf 92' lang='lat' dir='ltr'><strong>in</strong></span> <span class='ocrx_word' id='word_1_500' title='bbox 779 3283 1052 3356; x_wconf 89' lang='lat' dir='ltr'><strong>integrum</strong></span> <span class='ocrx_word' id='word_1_501' title='bbox 1082 3286 1296 3354; x_wconf 88' lang='lat' dir='ltr'><strong>omnia,</strong></span> <span class='ocrx_word' id='word_1_502' title='bbox 1327 3301 1394 3343; x_wconf 81' lang='lat' dir='ltr'><strong>ex</strong></span> <span class='ocrx_word' id='word_1_503' title='bbox 1441 3290 1721 3345; x_wconf 91' lang='lat' dir='ltr'><strong>nonnullis</strong></span> <span class='ocrx_word' id='word_1_504' title='bbox 1753 3291 1882 3357; x_wconf 90' lang='lat' dir='ltr'><strong>duo,</strong></span> <span class='ocrx_word' id='word_1_505' title='bbox 1914 3307 1980 3347; x_wconf 85' lang='lat' dir='ltr'><strong>ex</strong></span> 
     </span>
    </p>
   </div>
   <div class='ocr_carea' id='block_1_67' title="bbox 408 3376 1978 3448">
    <p class='ocr_par' dir='ltr' id='par_1_67' title="bbox 408 3376 1978 3448">
     <span class='ocr_line' id='line_1_67' title="bbox 408 3376 1978 3448; baseline 0.006 -19"><span class='ocrx_word' id='word_1_506' title='bbox 408 3376 533 3431; x_wconf 66' lang='lat' dir='ltr'><strong>aliis</strong></span> <span class='ocrx_word' id='word_1_507' title='bbox 558 3383 779 3448; x_wconf 84' lang='lat' dir='ltr'><strong>septena</strong></span> <span class='ocrx_word' id='word_1_508' title='bbox 817 3376 1042 3433; x_wconf 86' lang='lat' dir='ltr'><strong>liberata</strong></span> <span class='ocrx_word' id='word_1_509' title='bbox 1073 3378 1202 3434; x_wconf 90' lang='lat' dir='ltr'><strong>sint.</strong></span> <span class='ocrx_word' id='word_1_510' title='bbox 1233 3377 1347 3434; x_wconf 84' lang='lat' dir='ltr'><strong>Hoc</strong></span> <span class='ocrx_word' id='word_1_511' title='bbox 1374 3380 1538 3435; x_wconf 92' lang='lat' dir='ltr'><strong>modo</strong></span> <span class='ocrx_word' id='word_1_512' title='bbox 1557 3381 1767 3436; x_wconf 90' lang='lat' dir='ltr'><strong>decima</strong></span> <span class='ocrx_word' id='word_1_513' title='bbox 1799 3390 1978 3439; x_wconf 88' lang='lat' dir='ltr'><strong>trans-</strong></span> 
     </span>
    </p>
   </div>
   <div class='ocr_carea' id='block_1_68' title="bbox 409 3469 1983 3539">
    <p class='ocr_par' dir='ltr' id='par_1_68' title="bbox 409 3469 1983 3539">
     <span class='ocr_line' id='line_1_68' title="bbox 409 3469 1983 3539; baseline 0.004 -16"><span class='ocrx_word' id='word_1_514' title='bbox 409 3474 530 3523; x_wconf 86' lang='lat' dir='ltr'><strong>acta</strong></span> <span class='ocrx_word' id='word_1_515' title='bbox 561 3469 842 3539; x_wconf 79' lang='lat' dir='ltr'><strong>generatio</strong></span> <span class='ocrx_word' id='word_1_516' title='bbox 869 3476 953 3524; x_wconf 91' lang='lat' dir='ltr'><strong>est</strong></span> <span class='ocrx_word' id='word_1_517' title='bbox 979 3483 1124 3524; x_wconf 87' lang='lat' dir='ltr'><strong>anno</strong></span> <span class='ocrx_word' id='word_1_518' title='bbox 1151 3469 1217 3524; x_wconf 92' lang='lat' dir='ltr'><strong>ab</strong></span> <span class='ocrx_word' id='word_1_519' title='bbox 1240 3470 1375 3528; x_wconf 88' lang='lat' dir='ltr'><strong>orbe</strong></span> <span class='ocrx_word' id='word_1_520' title='bbox 1401 3472 1624 3527; x_wconf 90' lang='lat' dir='ltr'><strong>condito</strong></span> <span class='ocrx_word' id='word_1_521' title='bbox 1653 3471 1817 3527; x_wconf 89' lang='lat'><strong>2262.</strong></span> <span class='ocrx_word' id='word_1_522' title='bbox 1856 3472 1983 3529; x_wconf 89' lang='lat' dir='ltr'><strong>lnde</strong></span> 
     </span>
    </p>
   </div>
   <div class='ocr_carea' id='block_1_69' title="bbox 345 3558 1982 3634">
    <p class='ocr_par' dir='ltr' id='par_1_69' title="bbox 345 3558 1982 3634">
     <span class='ocr_line' id='line_1_69' title="bbox 345 3558 1982 3634; baseline 0.004 -20"><span class='ocrx_word' id='word_1_523' title='bbox 345 3627 349 3634; x_wconf 29' lang='grc' dir='ltr'>ι</span> <span class='ocrx_word' id='word_1_524' title='bbox 409 3565 662 3614; x_wconf 84' lang='lat' dir='ltr'><strong>cessante</strong></span> <span class='ocrx_word' id='word_1_525' title='bbox 697 3558 903 3614; x_wconf 89' lang='lat' dir='ltr'><strong>diluvio</strong></span> <span class='ocrx_word' id='word_1_526' title='bbox 943 3575 1109 3630; x_wconf 85' lang='lat' dir='ltr'><strong>penes</strong></span> <span class='ocrx_word' id='word_1_527' title='bbox 1151 3559 1418 3617; x_wconf 85' lang='lat' dir='ltr'><strong>Noemum</strong></span> <span class='ocrx_word' id='word_1_528' title='bbox 1470 3577 1595 3617; x_wconf 90' lang='lat' dir='ltr'><strong>cum</strong></span> <span class='ocrx_word' id='word_1_529' title='bbox 1651 3562 1854 3619; x_wconf 83' lang='lat' dir='ltr'><strong>familia</strong></span> <span class='ocrx_word' id='word_1_530' title='bbox 1885 3582 1982 3621; x_wconf 91' lang='lat' dir='ltr'><strong>sua</strong></span> 
     </span>
    </p>
   </div>
   <div class='ocr_carea' id='block_1_70' title="bbox 410 3647 1984 3720">
    <p class='ocr_par' dir='ltr' id='par_1_70' title="bbox 410 3647 1984 3720">
     <span class='ocr_line' id='line_1_70' title="bbox 410 3647 1984 3720; baseline 0.004 -18"><span class='ocrx_word' id='word_1_531' title='bbox 410 3647 732 3704; x_wconf 74' lang='lat' dir='ltr'><strong>reSederunt</strong></span> <span class='ocrx_word' id='word_1_532' title='bbox 759 3649 973 3718; x_wconf 90' lang='lat' dir='ltr'><strong>generis</strong></span> <span class='ocrx_word' id='word_1_533' title='bbox 1019 3649 1240 3703; x_wconf 87' lang='lat' dir='ltr'><strong>humani</strong></span> <span class='ocrx_word' id='word_1_534' title='bbox 1274 3651 1516 3720; x_wconf 71' lang='lat' dir='ltr'><strong>reliquias</strong></span> <span class='ocrx_word' id='word_1_535' title='bbox 1543 3652 1586 3684; x_wconf 86' lang='grc'><strong>¹⁰</strong></span> <span class='ocrx_word' id='word_1_536' title='bbox 1625 3671 1636 3705; x_wconf 94' lang='lat'><strong>:</strong></span> <span class='ocrx_word' id='word_1_537' title='bbox 1679 3669 1803 3706; x_wconf 92' lang='lat' dir='ltr'><strong>cum</strong></span> <span class='ocrx_word' id='word_1_538' title='bbox 1836 3656 1984 3710; x_wconf 84' lang='lat' dir='ltr'><strong>nulla</strong></span> 
     </span>
    </p>
   </div>
   <div class='ocr_carea' id='block_1_71' title="bbox 411 3739 1985 3816">
    <p class='ocr_par' dir='ltr' id='par_1_71' title="bbox 411 3739 1985 3816">
     <span class='ocr_line' id='line_1_71' title="bbox 411 3739 1985 3816; baseline 0.006 -22"><span class='ocrx_word' id='word_1_539' title='bbox 411 3739 592 3796; x_wconf 89' lang='lat' dir='ltr'><strong>adhuc</strong></span> <span class='ocrx_word' id='word_1_540' title='bbox 634 3749 778 3797; x_wconf 88' lang='lat' dir='ltr'><strong>esset</strong></span> <span class='ocrx_word' id='word_1_541' title='bbox 805 3740 1116 3812; x_wconf 89' lang='lat' dir='ltr'><strong>dogmatum</strong></span> <span class='ocrx_word' id='word_1_542' title='bbox 1162 3741 1398 3797; x_wconf 87' lang='lat' dir='ltr'><strong>varietas</strong></span> <span class='ocrx_word' id='word_1_543' title='bbox 1421 3783 1434 3807; x_wconf 88' lang='lat'><strong>,</strong></span> <span class='ocrx_word' id='word_1_544' title='bbox 1474 3759 1574 3798; x_wconf 91' lang='lat' dir='ltr'><strong>nec</strong></span> <span class='ocrx_word' id='word_1_545' title='bbox 1621 3744 1727 3799; x_wconf 89' lang='lat' dir='ltr'><strong>ulla</strong></span> <span class='ocrx_word' id='word_1_546' title='bbox 1759 3761 1890 3816; x_wconf 85' lang='lat' dir='ltr'><strong>gens</strong></span> <span class='ocrx_word' id='word_1_547' title='bbox 1916 3748 1985 3802; x_wconf 92' lang='lat' dir='ltr'><strong>ab</strong></span> 
     </span>
    </p>
   </div>
   <div class='ocr_carea' id='block_1_72' title="bbox 411 3833 1985 3905">
    <p class='ocr_par' dir='ltr' id='par_1_72' title="bbox 411 3833 1985 3905">
     <span class='ocr_line' id='line_1_72' title="bbox 411 3833 1985 3905; baseline 0.003 -16"><span class='ocrx_word' id='word_1_548' title='bbox 411 3833 520 3889; x_wconf 82' lang='lat' dir='ltr'><strong>alia</strong></span> <span class='ocrx_word' id='word_1_549' title='bbox 551 3833 908 3904; x_wconf 82' lang='lat' dir='ltr'><strong>discreparet,</strong></span> <span class='ocrx_word' id='word_1_550' title='bbox 934 3834 1144 3890; x_wconf 88' lang='lat' dir='ltr'><strong>nullum</strong></span> <span class='ocrx_word' id='word_1_551' title='bbox 1173 3835 1398 3892; x_wconf 65' lang='lat' dir='ltr'><strong>haeresis</strong></span> <span class='ocrx_word' id='word_1_552' title='bbox 1427 3851 1646 3905; x_wconf 88' lang='lat' dir='ltr'><strong>nomen,</strong></span> <span class='ocrx_word' id='word_1_553' title='bbox 1676 3837 1985 3894; x_wconf 87' lang='lat' dir='ltr'><strong>idololatria</strong></span> 
     </span>
    </p>
   </div>
   <div class='ocr_carea' id='block_1_73' title="bbox 412 3922 1989 3999">
    <p class='ocr_par' dir='ltr' id='par_1_73' title="bbox 412 3922 1989 3999">
     <span class='ocr_line' id='line_1_73' title="bbox 412 3922 1989 3999; baseline 0.005 -24"><span class='ocrx_word' id='word_1_554' title='bbox 412 3922 563 3977; x_wconf 89' lang='lat' dir='ltr'><strong>nulla</strong></span> <span class='ocrx_word' id='word_1_555' title='bbox 593 3924 806 3994; x_wconf 89' lang='lat' dir='ltr'><strong>uspiam</strong></span> <span class='ocrx_word' id='word_1_556' title='bbox 837 3933 1006 3982; x_wconf 88' lang='lat' dir='ltr'><strong>esset.</strong></span> <span class='ocrx_word' id='word_1_557' title='bbox 1039 3924 1106 3980; x_wconf 87' lang='lat' dir='ltr'><strong>Et</strong></span> <span class='ocrx_word' id='word_1_558' title='bbox 1129 3926 1386 3997; x_wconf 86' lang='lat' dir='ltr'><strong>quoniam</strong></span> <span class='ocrx_word' id='word_1_559' title='bbox 1419 3941 1520 3982; x_wconf 93' lang='lat' dir='ltr'><strong>suo</strong></span> <span class='ocrx_word' id='word_1_560' title='bbox 1559 3928 1793 3999; x_wconf 89' lang='lat' dir='ltr'><strong>quisque</strong></span> <span class='ocrx_word' id='word_1_561' title='bbox 1837 3928 1989 3985; x_wconf 85' lang='lat' dir='ltr'><strong>arbi-</strong></span> 
     </span>
    </p>
   </div>
   <div class='ocr_carea' id='block_1_74' title="bbox 413 4013 1989 4090">
    <p class='ocr_par' dir='ltr' id='par_1_74' title="bbox 413 4013 1989 4090">
     <span class='ocr_line' id='line_1_74' title="bbox 413 4013 1989 4090; baseline 0.006 -25"><span class='ocrx_word' id='word_1_562' title='bbox 413 4013 520 4069; x_wconf 84' lang='lat' dir='ltr'><strong>trio</strong></span> <span class='ocrx_word' id='word_1_563' title='bbox 550 4013 716 4068; x_wconf 85' lang='lat' dir='ltr'><strong>vitam</strong></span> <span class='ocrx_word' id='word_1_564' title='bbox 747 4014 1069 4072; x_wconf 89' lang='lat' dir='ltr'><strong>instituebat</strong></span> <span class='ocrx_word' id='word_1_565' title='bbox 1123 4017 1322 4090; x_wconf 87' lang='lat' dir='ltr'><strong>(neque</strong></span> <span class='ocrx_word' id='word_1_566' title='bbox 1355 4018 1499 4073; x_wconf 90' lang='lat' dir='ltr'><strong>enim</strong></span> <span class='ocrx_word' id='word_1_567' title='bbox 1549 4033 1656 4073; x_wconf 90' lang='lat' dir='ltr'><strong>una</strong></span> <span class='ocrx_word' id='word_1_568' title='bbox 1699 4021 1784 4074; x_wconf 83' lang='lat' dir='ltr'><strong>lex</strong></span> <span class='ocrx_word' id='word_1_569' title='bbox 1813 4021 1989 4075; x_wconf 87' lang='lat' dir='ltr'><strong>omni-</strong></span> 
     </span>
    </p>
   </div>
   <div class='ocr_carea' id='block_1_75' title="bbox 414 4101 1988 4182">
    <p class='ocr_par' dir='ltr' id='par_1_75' title="bbox 414 4101 1988 4182">
     <span class='ocr_line' id='line_1_75' title="bbox 414 4101 1988 4182; baseline 0.006 -27"><span class='ocrx_word' id='word_1_570' title='bbox 414 4101 518 4157; x_wconf 90' lang='lat' dir='ltr'><strong>bus</strong></span> <span class='ocrx_word' id='word_1_571' title='bbox 537 4103 714 4158; x_wconf 87' lang='lat' dir='ltr'><strong>adhuc</strong></span> <span class='ocrx_word' id='word_1_572' title='bbox 743 4108 1057 4176; x_wconf 63' lang='lat' dir='ltr'><strong>praescripta</strong></span> <span class='ocrx_word' id='word_1_573' title='bbox 1093 4105 1296 4170; x_wconf 79' lang='lat' dir='ltr'><strong>fuerat,</strong></span> <span class='ocrx_word' id='word_1_574' title='bbox 1321 4109 1415 4164; x_wconf 88' lang='lat' dir='ltr'><strong>sed</strong></span> <span class='ocrx_word' id='word_1_575' title='bbox 1444 4110 1822 4180; x_wconf 84' lang='lat' dir='ltr'><strong>unusquisque</strong></span> <span class='ocrx_word' id='word_1_576' title='bbox 1852 4111 1988 4182; x_wconf 88' lang='lat' dir='ltr'><strong>legis</strong></span> 
     </span>
    </p>
   </div>
   <div class='ocr_carea' id='block_1_76' title="bbox 417 4192 1989 4271">
    <p class='ocr_par' dir='ltr' id='par_1_76' title="bbox 417 4192 1989 4271">
     <span class='ocr_line' id='line_1_76' title="bbox 417 4192 1989 4271; baseline 0.007 -25"><span class='ocrx_word' id='word_1_577' title='bbox 417 4192 523 4247; x_wconf 84' lang='lat' dir='ltr'><strong>sibi</strong></span> <span class='ocrx_word' id='word_1_578' title='bbox 556 4193 727 4248; x_wconf 84' lang='lat' dir='ltr'><strong>vicem</strong></span> <span class='ocrx_word' id='word_1_579' title='bbox 754 4197 1066 4263; x_wconf 71' lang='lat' dir='ltr'><strong>praestabat,</strong></span> <span class='ocrx_word' id='word_1_580' title='bbox 1099 4205 1262 4266; x_wconf 89' lang='lat' dir='ltr'><strong>atque</strong></span> <span class='ocrx_word' id='word_1_581' title='bbox 1291 4213 1356 4252; x_wconf 81' lang='lat' dir='ltr'><strong>ex</strong></span> <span class='ocrx_word' id='word_1_582' title='bbox 1387 4200 1666 4254; x_wconf 85' lang='lat' dir='ltr'><strong>voluntate</strong></span> <span class='ocrx_word' id='word_1_583' title='bbox 1697 4215 1796 4255; x_wconf 90' lang='lat' dir='ltr'><strong>sua</strong></span> <span class='ocrx_word' id='word_1_584' title='bbox 1828 4201 1989 4271; x_wconf 81' lang='lat' dir='ltr'><strong>dege-</strong></span> 
     </span>
    </p>
   </div>
   <div class='ocr_carea' id='block_1_77' title="bbox 420 4282 1986 4364">
    <p class='ocr_par' dir='ltr' id='par_1_77' title="bbox 420 4282 1986 4364">
     <span class='ocr_line' id='line_1_77' title="bbox 420 4282 1986 4364; baseline 0.009 -28"><span class='ocrx_word' id='word_1_585' title='bbox 420 4282 544 4349; x_wconf 84' lang='lat' dir='ltr'><strong>bat;</strong></span> <span class='ocrx_word' id='word_1_586' title='bbox 580 4297 679 4354; x_wconf 89' lang='lat' dir='ltr'><strong>pro</strong></span> <span class='ocrx_word' id='word_1_587' title='bbox 716 4297 783 4338; x_wconf 86' lang='lat' dir='ltr'><strong>eo</strong></span> <span class='ocrx_word' id='word_1_588' title='bbox 832 4299 896 4340; x_wconf 88' lang='lat' dir='ltr'><strong>ac</strong></span> <span class='ocrx_word' id='word_1_589' title='bbox 927 4286 1287 4352; x_wconf 87' lang='lat' dir='ltr'><strong>barbarismi,</strong></span> <span class='ocrx_word' id='word_1_590' title='bbox 1341 4289 1684 4362; x_wconf 87' lang='lat' dir='ltr'><strong>aliorumque</strong></span> <span class='ocrx_word' id='word_1_591' title='bbox 1717 4291 1986 4364; x_wconf 88' lang='lat' dir='ltr'><strong>ejusmodi</strong></span> 
     </span>
    </p>
   </div>
   <div class='ocr_carea' id='block_1_78' title="bbox 488 4481 1495 4558">
    <p class='ocr_par' dir='ltr' id='par_1_78' title="bbox 488 4481 1495 4558">
     <span class='ocr_line' id='line_1_78' title="bbox 488 4481 1495 4558; baseline 0.01 -24"><span class='ocrx_word' id='word_1_592' title='bbox 488 4481 510 4512; x_wconf 88' lang='grc'><strong>⁹</strong></span> <span class='ocrx_word' id='word_1_593' title='bbox 541 4483 675 4543; x_wconf 87' lang='lat' dir='ltr'><strong>Gen.</strong></span> <span class='ocrx_word' id='word_1_594' title='bbox 711 4495 763 4548; x_wconf 73' lang='grc' dir='ltr'><strong>ν,</strong></span> <span class='ocrx_word' id='word_1_595' title='bbox 789 4483 844 4538; x_wconf 75' lang='grc'>5.</span> <span class='ocrx_word' id='word_1_596' title='bbox 920 4484 966 4515; x_wconf 85' lang='grc'><strong>¹⁰</strong></span> <span class='ocrx_word' id='word_1_597' title='bbox 999 4482 1132 4539; x_wconf 88' lang='lat' dir='ltr'><strong>Gen.</strong></span> <span class='ocrx_word' id='word_1_598' title='bbox 1163 4501 1277 4553; x_wconf 77' lang='lat' dir='ltr'><strong>vui,</strong></span> <span class='ocrx_word' id='word_1_599' title='bbox 1319 4487 1341 4542; x_wconf 81' lang='lat' dir='ltr'><strong>l</strong></span> <span class='ocrx_word' id='word_1_600' title='bbox 1373 4502 1495 4558; x_wconf 87' lang='lat' dir='ltr'><strong>sqq.</strong></span> 
     </span>
    </p>
   </div>
   <div class='ocr_carea' id='block_1_79' title="bbox 2086 3100 3666 3175">
    <p class='ocr_par' dir='ltr' id='par_1_79' title="bbox 2086 3100 3666 3175">
     <span class='ocr_line' id='line_1_79' title="bbox 2086 3100 3666 3175; baseline -0.004 -17"><span class='ocrx_word' id='word_1_601' title='bbox 2086 3105 2261 3172; x_wconf 76' lang='grc' dir='ltr'>ζώων,</span> <span class='ocrx_word' id='word_1_602' title='bbox 2292 3105 2504 3175; x_wconf 85' lang='grc' dir='ltr'>κτηνῶν</span> <span class='ocrx_word' id='word_1_603' title='bbox 2541 3120 2601 3157; x_wconf 85' lang='grc' dir='ltr'><strong>τε</strong></span> <span class='ocrx_word' id='word_1_604' title='bbox 2627 3101 2722 3157; x_wconf 73' lang='grc' dir='ltr'>καὶ</span> <span class='ocrx_word' id='word_1_605' title='bbox 2749 3101 2856 3155; x_wconf 91' lang='grc' dir='ltr'><strong>τῶν</strong></span> <span class='ocrx_word' id='word_1_606' title='bbox 2894 3101 3066 3155; x_wconf 80' lang='grc' dir='ltr'>ἄλλων</span> <span class='ocrx_word' id='word_1_607' title='bbox 3103 3101 3212 3154; x_wconf 90' lang='grc' dir='ltr'><strong>τῶν</strong></span> <span class='ocrx_word' id='word_1_608' title='bbox 3243 3100 3337 3153; x_wconf 75' lang='grc' dir='ltr'><strong>ἐπὶ</strong></span> <span class='ocrx_word' id='word_1_609' title='bbox 3367 3101 3490 3170; x_wconf 83' lang='grc' dir='ltr'>γῆς,</span> <span class='ocrx_word' id='word_1_610' title='bbox 3526 3100 3666 3168; x_wconf 72' lang='grc' dir='ltr'>πρὸς</span> 
     </span>
    </p>
   </div>
   <div class='ocr_carea' id='block_1_80' title="bbox 2089 3191 3663 3267">
    <p class='ocr_par' dir='ltr' id='par_1_80' title="bbox 2089 3191 3663 3267">
     <span class='ocr_line' id='line_1_80' title="bbox 2089 3191 3663 3267; baseline -0.005 -16"><span class='ocrx_word' id='word_1_611' title='bbox 2089 3197 2345 3252; x_wconf 90' lang='grc' dir='ltr'>σύστασιν</span> <span class='ocrx_word' id='word_1_612' title='bbox 2377 3196 2537 3249; x_wconf 81' lang='grc' dir='ltr'>πάλιν</span> <span class='ocrx_word' id='word_1_613' title='bbox 2574 3196 2672 3267; x_wconf 82' lang='grc' dir='ltr'><strong>τῆς</strong></span> <span class='ocrx_word' id='word_1_614' title='bbox 2715 3195 2772 3246; x_wconf 83' lang='grc' dir='ltr'><strong>ὲν</strong></span> <span class='ocrx_word' id='word_1_615' title='bbox 2806 3194 2994 3264; x_wconf 80' lang='grc' dir='ltr'>κόσμῳ</span> <span class='ocrx_word' id='word_1_616' title='bbox 3035 3193 3250 3246; x_wconf 85' lang='grc' dir='ltr'>πάντων</span> <span class='ocrx_word' id='word_1_617' title='bbox 3289 3191 3663 3255; x_wconf 80' lang='grc' dir='ltr'>ὑποστάσεως,</span> 
     </span>
    </p>
   </div>
   <div class='ocr_carea' id='block_1_81' title="bbox 2088 3283 3667 3360">
    <p class='ocr_par' dir='ltr' id='par_1_81' title="bbox 2088 3283 3667 3360">
     <span class='ocr_line' id='line_1_81' title="bbox 2088 3283 3667 3360; baseline -0.007 -14"><span class='ocrx_word' id='word_1_618' title='bbox 2088 3291 2197 3346; x_wconf 87' lang='grc' dir='ltr'><strong>ἀπό</strong></span> <span class='ocrx_word' id='word_1_619' title='bbox 2221 3307 2382 3344; x_wconf 89' lang='grc' dir='ltr'>τινων</span> <span class='ocrx_word' id='word_1_620' title='bbox 2401 3288 2500 3360; x_wconf 82' lang='grc' dir='ltr'>μὲν</span> <span class='ocrx_word' id='word_1_621' title='bbox 2531 3286 2625 3341; x_wconf 90' lang='grc' dir='ltr'><strong>δύο</strong></span> <span class='ocrx_word' id='word_1_622' title='bbox 2643 3287 2757 3352; x_wconf 90' lang='grc' dir='ltr'>δύο,</span> <span class='ocrx_word' id='word_1_623' title='bbox 2776 3286 2883 3340; x_wconf 82' lang='grc' dir='ltr'><strong>ἀπὸ</strong></span> <span class='ocrx_word' id='word_1_624' title='bbox 2908 3286 2964 3339; x_wconf 83' lang='grc' dir='ltr'>δὲ</span> <span class='ocrx_word' id='word_1_625' title='bbox 2991 3285 3166 3338; x_wconf 81' lang='grc' dir='ltr'>ἄλλων</span> <span class='ocrx_word' id='word_1_626' title='bbox 3195 3284 3335 3337; x_wconf 82' lang='grc' dir='ltr'>ἑπτά</span> <span class='ocrx_word' id='word_1_627' title='bbox 3362 3283 3523 3336; x_wconf 76' lang='grc' dir='ltr'>ἑπτά.</span> <span class='ocrx_word' id='word_1_628' title='bbox 3556 3284 3667 3337; x_wconf 67' lang='grc' dir='ltr'>Καὶ</span> 
     </span>
    </p>
   </div>
   <div class='ocr_carea' id='block_1_82' title="bbox 2087 3372 3666 3452">
    <p class='ocr_par' dir='ltr' id='par_1_82' title="bbox 2087 3372 3666 3452">
     <span class='ocr_line' id='line_1_82' title="bbox 2087 3372 3666 3452; baseline -0.006 -17"><span class='ocrx_word' id='word_1_629' title='bbox 2087 3381 2229 3435; x_wconf 70' lang='grc' dir='ltr'>οὕτω</span> <span class='ocrx_word' id='word_1_630' title='bbox 2262 3379 2502 3452; x_wconf 83' lang='grc' dir='ltr'>παρῆλθε</span> <span class='ocrx_word' id='word_1_631' title='bbox 2547 3377 2745 3450; x_wconf 87' lang='grc' dir='ltr'>δεκάτη</span> <span class='ocrx_word' id='word_1_632' title='bbox 2789 3375 2954 3446; x_wconf 83' lang='grc' dir='ltr'>γενεὰ</span> <span class='ocrx_word' id='word_1_633' title='bbox 2992 3377 3058 3430; x_wconf 89' lang='grc' dir='ltr'>δι’</span> <span class='ocrx_word' id='word_1_634' title='bbox 3086 3374 3222 3428; x_wconf 75' lang='grc' dir='ltr'>ἐτῶν</span> <span class='ocrx_word' id='word_1_635' title='bbox 3279 3374 3554 3444; x_wconf 84' lang='grc' dir='ltr'>δισχιλίων</span> <span class='ocrx_word' id='word_1_636' title='bbox 3588 3372 3666 3442; x_wconf 89' lang='grc'><strong>(8)</strong></span> 
     </span>
    </p>
   </div>
   <div class='ocr_carea' id='block_1_83' title="bbox 2088 3467 3667 3546">
    <p class='ocr_par' dir='ltr' id='par_1_83' title="bbox 2088 3467 3667 3546">
     <span class='ocr_line' id='line_1_83' title="bbox 2088 3467 3667 3546; baseline -0.008 -17"><span class='ocrx_word' id='word_1_637' title='bbox 2088 3475 2374 3532; x_wconf 86' lang='grc' dir='ltr'>διακοσίων</span> <span class='ocrx_word' id='word_1_638' title='bbox 2413 3471 2790 3546; x_wconf 78' lang='grc' dir='ltr'>ἑξηκονταδύο.</span> <span class='ocrx_word' id='word_1_639' title='bbox 2823 3471 2934 3525; x_wconf 77' lang='grc' dir='ltr'><strong>Καὶ</strong></span> <span class='ocrx_word' id='word_1_640' title='bbox 2962 3470 2990 3522; x_wconf 85' lang='grc' dir='ltr'><strong>ό</strong></span> <span class='ocrx_word' id='word_1_641' title='bbox 3030 3467 3411 3538; x_wconf 82' lang='grc' dir='ltr'>κατακλυσμὸς</span> <span class='ocrx_word' id='word_1_642' title='bbox 3450 3467 3667 3519; x_wconf 83' lang='grc' dir='ltr'>πέπαυ-</span> 
     </span>
    </p>
   </div>
   <div class='ocr_carea' id='block_1_84' title="bbox 2089 3548 3671 3635">
    <p class='ocr_par' dir='ltr' id='par_1_84' title="bbox 2089 3548 3671 3635">
     <span class='ocr_line' id='line_1_84' title="bbox 2089 3548 3671 3635; baseline -0.009 -13"><span class='ocrx_word' id='word_1_643' title='bbox 2089 3586 2199 3635; x_wconf 78' lang='grc' dir='ltr'>ται,</span> <span class='ocrx_word' id='word_1_644' title='bbox 2236 3564 2329 3624; x_wconf 69' lang='lat' dir='ltr'><strong>xui</strong></span> <span class='ocrx_word' id='word_1_645' title='bbox 2357 3566 2502 3630; x_wconf 87' lang='grc' dir='ltr'>Νῶε,</span> <span class='ocrx_word' id='word_1_646' title='bbox 2538 3566 2633 3620; x_wconf 74' lang='grc' dir='ltr'><strong>καὶ</strong></span> <span class='ocrx_word' id='word_1_647' title='bbox 2664 3568 2692 3620; x_wconf 76' lang='grc' dir='ltr'>ὁ</span> <span class='ocrx_word' id='word_1_648' title='bbox 2721 3563 2885 3619; x_wconf 80' lang='grc' dir='ltr'>αὑτοῦ</span> <span class='ocrx_word' id='word_1_649' title='bbox 2913 3557 3059 3626; x_wconf 77' lang='grc' dir='ltr'>οἶκος</span> <span class='ocrx_word' id='word_1_650' title='bbox 3089 3561 3338 3630; x_wconf 73' lang='grc' dir='ltr'>λείψανον</span> <span class='ocrx_word' id='word_1_651' title='bbox 3370 3548 3450 3630; x_wconf 83' lang='grc' dir='ltr'>τῷ</span> <span class='ocrx_word' id='word_1_652' title='bbox 3477 3557 3671 3628; x_wconf 80' lang='grc' dir='ltr'>κόσμῳ</span> 
     </span>
    </p>
   </div>
   <div class='ocr_carea' id='block_1_85' title="bbox 2090 3647 3673 3729">
    <p class='ocr_par' dir='ltr' id='par_1_85' title="bbox 2090 3647 3673 3729">
     <span class='ocr_line' id='line_1_85' title="bbox 2090 3647 3673 3729; baseline -0.009 -16"><span class='ocrx_word' id='word_1_653' title='bbox 2090 3659 2400 3729; x_wconf 82' lang='grc' dir='ltr'>γεγένηται.</span> <span class='ocrx_word' id='word_1_654' title='bbox 2465 3656 2632 3710; x_wconf 74' lang='grc' dir='ltr'><strong>Οὔπω</strong></span> <span class='ocrx_word' id='word_1_655' title='bbox 2657 3655 2714 3709; x_wconf 79' lang='grc' dir='ltr'>δὲ</span> <span class='ocrx_word' id='word_1_656' title='bbox 2743 3652 3065 3724; x_wconf 80' lang='grc' dir='ltr'>ὲτεροδοξία,</span> <span class='ocrx_word' id='word_1_657' title='bbox 3104 3651 3204 3704; x_wconf 84' lang='grc' dir='ltr'><strong>οὐκ</strong></span> <span class='ocrx_word' id='word_1_658' title='bbox 3230 3649 3381 3712; x_wconf 79' lang='grc' dir='ltr'>ἔθνος</span> <span class='ocrx_word' id='word_1_659' title='bbox 3403 3665 3458 3701; x_wconf 85' lang='grc' dir='ltr'><strong>τι</strong></span> <span class='ocrx_word' id='word_1_660' title='bbox 3484 3647 3673 3715; x_wconf 66' lang='grc' dir='ltr'>διαφε-</span> 
     </span>
    </p>
   </div>
   <div class='ocr_carea' id='block_1_86' title="bbox 2094 3737 3672 3823">
    <p class='ocr_par' dir='ltr' id='par_1_86' title="bbox 2094 3737 3672 3823">
     <span class='ocr_line' id='line_1_86' title="bbox 2094 3737 3672 3823; baseline -0.007 -21"><span class='ocrx_word' id='word_1_661' title='bbox 2094 3751 2340 3823; x_wconf 85' lang='grc' dir='ltr'>ρόμενον,</span> <span class='ocrx_word' id='word_1_662' title='bbox 2366 3748 2466 3801; x_wconf 86' lang='grc' dir='ltr'><strong>οὐκ</strong></span> <span class='ocrx_word' id='word_1_663' title='bbox 2512 3747 2685 3818; x_wconf 72' lang='grc' dir='ltr'>ὃνομα</span> <span class='ocrx_word' id='word_1_664' title='bbox 2725 3744 3010 3817; x_wconf 78' lang='grc' dir='ltr'>αἱρέσεως,</span> <span class='ocrx_word' id='word_1_665' title='bbox 3049 3741 3165 3796; x_wconf 79' lang='grc' dir='ltr'>ἀλλ’</span> <span class='ocrx_word' id='word_1_666' title='bbox 3209 3739 3331 3794; x_wconf 78' lang='grc' dir='ltr'>οὐδὲ</span> <span class='ocrx_word' id='word_1_667' title='bbox 3381 3737 3672 3792; x_wconf 63' lang='grc' dir='ltr'>είδωλολαυ</span> 
     </span>
    </p>
   </div>
   <div class='ocr_carea' id='block_1_87' title="bbox 2091 3829 3673 3910">
    <p class='ocr_par' dir='ltr' id='par_1_87' title="bbox 2091 3829 3673 3910">
     <span class='ocr_line' id='line_1_87' title="bbox 2091 3829 3673 3910; baseline -0.008 -17"><span class='ocrx_word' id='word_1_668' title='bbox 2091 3840 2267 3910; x_wconf 83' lang='grc' dir='ltr'>τρεία.</span> <span class='ocrx_word' id='word_1_669' title='bbox 2333 3838 2548 3909; x_wconf 83' lang='grc' dir='ltr'>Ἐπειδὴ</span> <span class='ocrx_word' id='word_1_670' title='bbox 2586 3837 2642 3892; x_wconf 81' lang='grc' dir='ltr'>δὲ</span> <span class='ocrx_word' id='word_1_671' title='bbox 2685 3835 2913 3900; x_wconf 73' lang='grc' dir='ltr'>ἕκαστος</span> <span class='ocrx_word' id='word_1_672' title='bbox 2956 3833 3255 3905; x_wconf 82' lang='grc' dir='ltr'>ἀνθρώπων</span> <span class='ocrx_word' id='word_1_673' title='bbox 3319 3831 3424 3902; x_wconf 74' lang='grc' dir='ltr'>ἰδίᾳ</span> <span class='ocrx_word' id='word_1_674' title='bbox 3475 3829 3673 3901; x_wconf 79' lang='grc' dir='ltr'>γνώμῃ</span> 
     </span>
    </p>
   </div>
   <div class='ocr_carea' id='block_1_88' title="bbox 2094 3922 3674 4002">
    <p class='ocr_par' dir='ltr' id='par_1_88' title="bbox 2094 3922 3674 4002">
     <span class='ocr_line' id='line_1_88' title="bbox 2094 3922 3674 4002; baseline -0.008 -18"><span class='ocrx_word' id='word_1_675' title='bbox 2094 3930 2326 4001; x_wconf 81' lang='grc' dir='ltr'>ὲστοίχει</span> <span class='ocrx_word' id='word_1_676' title='bbox 2357 3929 2538 4002; x_wconf 90' lang='grc' dir='ltr'>(νόμος</span> <span class='ocrx_word' id='word_1_677' title='bbox 2563 3929 2671 3998; x_wconf 86' lang='grc' dir='ltr'><strong>γὰρ</strong></span> <span class='ocrx_word' id='word_1_678' title='bbox 2717 3923 2797 3991; x_wconf 73' lang='grc' dir='ltr'>εἷς</span> <span class='ocrx_word' id='word_1_679' title='bbox 2823 3924 3058 3996; x_wconf 82' lang='grc' dir='ltr'>οὐδαμοῦ</span> <span class='ocrx_word' id='word_1_680' title='bbox 3087 3923 3404 3993; x_wconf 73' lang='grc' dir='ltr'>ἐτύγχανεν·</span> <span class='ocrx_word' id='word_1_681' title='bbox 3434 3922 3674 3982; x_wconf 71' lang='grc' dir='ltr'>ἕκαστος</span> 
     </span>
    </p>
   </div>
   <div class='ocr_carea' id='block_1_89' title="bbox 2094 4012 3676 4093">
    <p class='ocr_par' dir='ltr' id='par_1_89' title="bbox 2094 4012 3676 4093">
     <span class='ocr_line' id='line_1_89' title="bbox 2094 4012 3676 4093; baseline -0.017 -13"><span class='ocrx_word' id='word_1_682' title='bbox 2094 4024 2201 4093; x_wconf 79' lang='grc' dir='ltr'><strong>γὰρ</strong></span> <span class='ocrx_word' id='word_1_683' title='bbox 2247 4021 2424 4092; x_wconf 82' lang='grc' dir='ltr'>ἑαυτῷ</span> <span class='ocrx_word' id='word_1_684' title='bbox 2454 4021 2618 4092; x_wconf 88' lang='grc' dir='ltr'>νόμος</span> <span class='ocrx_word' id='word_1_685' title='bbox 2649 4021 2876 4088; x_wconf 72' lang='grc' dir='ltr'>ἐγίνετο,</span> <span class='ocrx_word' id='word_1_686' title='bbox 2911 4018 3006 4071; x_wconf 72' lang='grc' dir='ltr'><strong>καὶ</strong></span> <span class='ocrx_word' id='word_1_687' title='bbox 3028 4019 3092 4087; x_wconf 82' lang='grc' dir='ltr'>τῇ</span> <span class='ocrx_word' id='word_1_688' title='bbox 3136 4015 3240 4086; x_wconf 80' lang='grc' dir='ltr'>ἰδίᾳ</span> <span class='ocrx_word' id='word_1_689' title='bbox 3269 4013 3465 4085; x_wconf 75' lang='grc' dir='ltr'>γνώμῃ</span> <span class='ocrx_word' id='word_1_690' title='bbox 3499 4012 3676 4065; x_wconf 75' lang='grc' dir='ltr'>ἐστοξ..</span> 
     </span>
    </p>
   </div>
   <div class='ocr_carea' id='block_1_90' title="bbox 2095 4105 3675 4184">
    <p class='ocr_par' dir='ltr' id='par_1_90' title="bbox 2095 4105 3675 4184">
     <span class='ocr_line' id='line_1_90' title="bbox 2095 4105 3675 4184; baseline -0.008 -17"><span class='ocrx_word' id='word_1_691' title='bbox 2095 4131 2199 4184; x_wconf 87' lang='grc' dir='ltr'>χει,</span> <span class='ocrx_word' id='word_1_692' title='bbox 2239 4112 2421 4176; x_wconf 86' lang='grc' dir='ltr'>καθὼς</span> <span class='ocrx_word' id='word_1_693' title='bbox 2453 4111 2604 4183; x_wconf 76' lang='grc' dir='ltr'>παρὰ</span> <span class='ocrx_word' id='word_1_694' title='bbox 2641 4109 2720 4182; x_wconf 81' lang='grc' dir='ltr'><strong>τῷ</strong></span> <span class='ocrx_word' id='word_1_695' title='bbox 2755 4109 3058 4178; x_wconf 84' lang='grc' dir='ltr'>Ἀποστόλῳ</span> <span class='ocrx_word' id='word_1_696' title='bbox 3089 4109 3122 4178; x_wconf 83' lang='grc' dir='ltr'>ἡ</span> <span class='ocrx_word' id='word_1_697' title='bbox 3165 4107 3360 4178; x_wconf 82' lang='grc' dir='ltr'>χρῆσις</span> <span class='ocrx_word' id='word_1_698' title='bbox 3394 4105 3456 4157; x_wconf 78' lang='grc' dir='ltr'><strong>ού</strong></span> <span class='ocrx_word' id='word_1_699' title='bbox 3513 4105 3675 4175; x_wconf 85' lang='grc' dir='ltr'>μόνον</span> 
     </span>
    </p>
   </div>
   <div class='ocr_carea' id='block_1_91' title="bbox 2098 4193 3676 4273">
    <p class='ocr_par' dir='ltr' id='par_1_91' title="bbox 2098 4193 3676 4273">
     <span class='ocr_line' id='line_1_91' title="bbox 2098 4193 3676 4273; baseline -0.008 -18"><span class='ocrx_word' id='word_1_700' title='bbox 2098 4199 2499 4273; x_wconf 78' lang='grc' dir='ltr'>βαρϐαρισμοῦ,</span> <span class='ocrx_word' id='word_1_701' title='bbox 2537 4199 2672 4252; x_wconf 83' lang='grc' dir='ltr'>ἀλλὰ</span> <span class='ocrx_word' id='word_1_702' title='bbox 2707 4198 2801 4253; x_wconf 68' lang='grc' dir='ltr'><strong>καὶ</strong></span> <span class='ocrx_word' id='word_1_703' title='bbox 2828 4197 2936 4251; x_wconf 88' lang='grc' dir='ltr'><strong>τῶν</strong></span> <span class='ocrx_word' id='word_1_704' title='bbox 2990 4196 3184 4252; x_wconf 77' lang='grc' dir='ltr'>ἄλλων.</span> <span class='ocrx_word' id='word_1_705' title='bbox 3224 4195 3361 4264; x_wconf 75' lang='grc' dir='ltr'>Φησὶ</span> <span class='ocrx_word' id='word_1_706' title='bbox 3393 4195 3538 4265; x_wconf 86' lang='grc' dir='ltr'>γάρ·</span> <span class='ocrx_word' id='word_1_707' title='bbox 3581 4193 3676 4243; x_wconf 79' lang='grc' dir='ltr'><strong>Ἐν</strong></span> 
     </span>
    </p>
   </div>
   <div class='ocr_carea' id='block_1_92' title="bbox 2097 4285 3673 4367">
    <p class='ocr_par' dir='ltr' id='par_1_92' title="bbox 2097 4285 3673 4367">
     <span class='ocr_line' id='line_1_92' title="bbox 2097 4285 3673 4367; baseline -0.006 -20"><span class='ocrx_word' id='word_1_708' title='bbox 2097 4294 2206 4367; x_wconf 74' lang='grc' dir='ltr'>γὰρ</span> <span class='ocrx_word' id='word_1_709' title='bbox 2238 4292 2468 4362; x_wconf 80' lang='grc' dir='ltr'>Χριστῷ</span> <span class='ocrx_word' id='word_1_710' title='bbox 2503 4291 2708 4362; x_wconf 87' lang='grc' dir='ltr'>Ἰησοῦ</span> <span class='ocrx_word' id='word_1_711' title='bbox 2729 4293 2799 4345; x_wconf 85' lang='grc' dir='ltr'>οὐ</span> <span class='ocrx_word' id='word_1_712' title='bbox 2817 4288 3140 4357; x_wconf 74' lang='grc' dir='ltr'>βάρϐαρος,</span> <span class='ocrx_word' id='word_1_713' title='bbox 3171 4289 3242 4342; x_wconf 82' lang='grc' dir='ltr'>οὐ</span> <span class='ocrx_word' id='word_1_714' title='bbox 3273 4286 3531 4353; x_wconf 79' lang='grc' dir='ltr'>Σκύθης,</span> <span class='ocrx_word' id='word_1_715' title='bbox 3561 4285 3673 4352; x_wconf 81' lang='grc' dir='ltr'>οὐχ</span> 
     </span>
    </p>
   </div>
   <div class='ocr_carea' id='block_1_93' title="bbox 489 4630 1979 4737">
    <p class='ocr_par' dir='ltr' id='par_1_93' title="bbox 489 4659 1979 4737">
     <span class='ocr_line' id='line_1_93' title="bbox 489 4659 1979 4737; baseline 0.004 -21"><span class='ocrx_word' id='word_1_716' title='bbox 489 4660 671 4737; x_wconf 30' lang='grc' dir='ltr'><strong>(8).Δι’</strong></span> <span class='ocrx_word' id='word_1_717' title='bbox 875 4659 1238 4737; x_wconf 33' lang='grc' dir='ltr'><strong>ῥισχξὶ-ζῳνζ</strong></span> <span class='ocrx_word' id='word_1_718' title='bbox 1260 4661 1378 4737; x_wconf 79' lang='lat' dir='ltr'><strong>Non</strong></span> <span class='ocrx_word' id='word_1_719' title='bbox 1415 4663 1581 4735; x_wconf 86' lang='lat' dir='ltr'><strong>igitur</strong></span> <span class='ocrx_word' id='word_1_720' title='bbox 1617 4668 1890 4737; x_wconf 85' lang='lat' dir='ltr'><strong>vulgatam</strong></span> <span class='ocrx_word' id='word_1_721' title='bbox 1939 4669 1979 4722; x_wconf 89' lang='lat' dir='ltr'><strong>ir</strong></span> 
     </span>
    </p>
   </div>
   <div class='ocr_carea' id='block_1_94' title="bbox 2083 4630 3675 4737">
    <p class='ocr_par' dir='ltr' id='par_1_94' title="bbox 2104 4665 3675 4737">
     <span class='ocr_line' id='line_1_94' title="bbox 2104 4665 3675 4737; baseline -0.001 -11"><span class='ocrx_word' id='word_1_722' title='bbox 2104 4670 2375 4726; x_wconf 85' lang='lat' dir='ltr'><strong>Lamecho</strong></span> <span class='ocrx_word' id='word_1_723' title='bbox 2390 4683 2522 4725; x_wconf 89' lang='lat' dir='ltr'><strong>vero</strong></span> <span class='ocrx_word' id='word_1_724' title='bbox 2541 4669 2660 4732; x_wconf 75' lang='lat'><strong>188,</strong></span> <span class='ocrx_word' id='word_1_725' title='bbox 2678 4669 2935 4737; x_wconf 80' lang='lat' dir='ltr'><strong>conllent,</strong></span> <span class='ocrx_word' id='word_1_726' title='bbox 2956 4668 3155 4731; x_wconf 87' lang='lat' dir='ltr'><strong>additis</strong></span> <span class='ocrx_word' id='word_1_727' title='bbox 3173 4665 3360 4737; x_wconf 57' lang='lat' dir='ltr'><strong>Noengi</strong></span> <span class='ocrx_word' id='word_1_728' title='bbox 3375 4668 3675 4732; x_wconf 76' lang='lat' dir='ltr'><strong>sexcentis,</strong></span> 
     </span>
    </p>
   </div>
   <div class='ocr_carea' id='block_1_95' title="bbox 419 4729 1994 4794">
    <p class='ocr_par' dir='ltr' id='par_1_95' title="bbox 419 4729 1994 4794">
     <span class='ocr_line' id='line_1_95' title="bbox 419 4729 1994 4794; baseline 0.002 -5"><span class='ocrx_word' id='word_1_729' title='bbox 419 4729 629 4789; x_wconf 39' lang='lat' dir='ltr'><strong>noSt&#39;ris</strong></span> <span class='ocrx_word' id='word_1_730' title='bbox 663 4729 1173 4788; x_wconf 26' lang='lat' dir='ltr'><strong>editionibus’LXX</strong></span> <span class='ocrx_word' id='word_1_731' title='bbox 1205 4729 1494 4789; x_wconf 69' lang='lat' dir='ltr'><strong>Senioruin</strong></span> <span class='ocrx_word' id='word_1_732' title='bbox 1527 4729 1797 4792; x_wconf 66' lang='lat' dir='ltr'><strong>rationém</strong></span> <span class='ocrx_word' id='word_1_733' title='bbox 1835 4753 1994 4794; x_wconf 85' lang='lat' dir='ltr'><strong>secu-</strong></span> 
     </span>
    </p>
   </div>
   <div class='ocr_carea' id='block_1_96' title="bbox 419 4801 1996 4877">
    <p class='ocr_par' dir='ltr' id='par_1_96' title="bbox 419 4801 1996 4877">
     <span class='ocr_line' id='line_1_96' title="bbox 419 4801 1996 4877; baseline 0.004 -21"><span class='ocrx_word' id='word_1_734' title='bbox 419 4812 509 4858; x_wconf 90' lang='lat' dir='ltr'><strong>tus</strong></span> <span class='ocrx_word' id='word_1_735' title='bbox 533 4811 637 4869; x_wconf 90' lang='lat' dir='ltr'><strong>est,</strong></span> <span class='ocrx_word' id='word_1_736' title='bbox 670 4816 939 4877; x_wconf 81' lang='lat' dir='ltr'><strong>annorum</strong></span> <span class='ocrx_word' id='word_1_737' title='bbox 976 4801 1136 4864; x_wconf 68' lang='grc'>1242.</span> <span class='ocrx_word' id='word_1_738' title='bbox 1161 4803 1256 4858; x_wconf 89' lang='lat' dir='ltr'><strong>sed</strong></span> <span class='ocrx_word' id='word_1_739' title='bbox 1290 4805 1738 4877; x_wconf 33' lang='lat' dir='ltr'><strong>castigatamtac</strong></span> <span class='ocrx_word' id='word_1_740' title='bbox 1782 4823 1996 4877; x_wconf 88' lang='lat' dir='ltr'><strong>germa-</strong></span> 
     </span>
    </p>
   </div>
   <div class='ocr_carea' id='block_1_97' title="bbox 419 4871 1995 4947">
    <p class='ocr_par' dir='ltr' id='par_1_97' title="bbox 419 4871 1995 4947">
     <span class='ocr_line' id='line_1_97' title="bbox 419 4871 1995 4947; baseline 0.002 -20"><span class='ocrx_word' id='word_1_741' title='bbox 419 4887 570 4938; x_wconf 89' lang='lat' dir='ltr'><strong>nam,</strong></span> <span class='ocrx_word' id='word_1_742' title='bbox 598 4871 805 4947; x_wconf 70' lang='lat' dir='ltr'><strong>qua3_ad</strong></span> <span class='ocrx_word' id='word_1_743' title='bbox 842 4873 1078 4943; x_wconf 92' lang='lat' dir='ltr'><strong>priorem</strong></span> <span class='ocrx_word' id='word_1_744' title='bbox 1114 4885 1290 4947; x_wconf 85' lang='lat' dir='ltr'><strong>annos</strong></span> <span class='ocrx_word' id='word_1_745' title='bbox 1323 4871 1471 4947; x_wconf 82' lang='lat' dir='ltr'><strong>addit</strong></span> <span class='ocrx_word' id='word_1_746' title='bbox 1503 4876 1595 4930; x_wconf 76' lang='lat'><strong>20.</strong></span> <span class='ocrx_word' id='word_1_747' title='bbox 1651 4871 1843 4947; x_wconf 66' lang='lat' dir='ltr'><strong>Magna</strong></span> <span class='ocrx_word' id='word_1_748' title='bbox 1884 4877 1995 4947; x_wconf 89' lang='lat' dir='ltr'><strong>jam</strong></span> 
     </span>
    </p>
   </div>
   <div class='ocr_carea' id='block_1_98' title="bbox 421 4942 1998 5012">
    <p class='ocr_par' dir='ltr' id='par_1_98' title="bbox 421 4942 1998 5012">
     <span class='ocr_line' id='line_1_98' title="bbox 421 4942 1998 5012; baseline 0.004 -18"><span class='ocrx_word' id='word_1_749' title='bbox 421 4953 536 5012; x_wconf 73' lang='lat' dir='ltr'><strong>tum</strong></span> <span class='ocrx_word' id='word_1_750' title='bbox 565 4945 693 4998; x_wconf 93' lang='lat' dir='ltr'><strong>olim</strong></span> <span class='ocrx_word' id='word_1_751' title='bbox 711 4942 1024 4998; x_wconf 83' lang='lat' dir='ltr'><strong>Graecorum</strong></span> <span class='ocrx_word' id='word_1_752' title='bbox 1051 4943 1444 5012; x_wconf 84' lang='lat' dir='ltr'><strong>exemplarium</strong></span> <span class='ocrx_word' id='word_1_753' title='bbox 1465 4959 1572 4998; x_wconf 90' lang='lat' dir='ltr'><strong>non</strong></span> <span class='ocrx_word' id='word_1_754' title='bbox 1599 4961 1724 5000; x_wconf 90' lang='lat' dir='ltr'><strong>cum</strong></span> <span class='ocrx_word' id='word_1_755' title='bbox 1744 4942 1998 5001; x_wconf 70' lang='lat' dir='ltr'><strong>Hebraeis</strong></span> 
     </span>
    </p>
   </div>
   <div class='ocr_carea' id='block_1_99' title="bbox 421 5009 1992 5082">
    <p class='ocr_par' dir='ltr' id='par_1_99' title="bbox 421 5009 1992 5082">
     <span class='ocr_line' id='line_1_99' title="bbox 421 5009 1992 5082; baseline 0.006 -21"><span class='ocrx_word' id='word_1_756' title='bbox 421 5009 742 5082; x_wconf 46' lang='lat' dir='ltr'><strong>Latinisque</strong></span> <span class='ocrx_word' id='word_1_757' title='bbox 792 5014 954 5068; x_wconf 88' lang='lat' dir='ltr'><strong>modo</strong></span> <span class='ocrx_word' id='word_1_758' title='bbox 974 5051 990 5075; x_wconf 93' lang='lat'><strong>,</strong></span> <span class='ocrx_word' id='word_1_759' title='bbox 1019 5012 1116 5067; x_wconf 88' lang='lat' dir='ltr'><strong>sed</strong></span> <span class='ocrx_word' id='word_1_760' title='bbox 1145 5009 1332 5068; x_wconf 74' lang='lat' dir='ltr'><strong>secum</strong></span> <span class='ocrx_word' id='word_1_761' title='bbox 1361 5013 1526 5082; x_wconf 78' lang='lat' dir='ltr'><strong>etiam</strong></span> <span class='ocrx_word' id='word_1_762' title='bbox 1561 5014 1837 5069; x_wconf 88' lang='lat' dir='ltr'><strong>discordia</strong></span> <span class='ocrx_word' id='word_1_763' title='bbox 1871 5016 1992 5071; x_wconf 73' lang='lat' dir='ltr'><strong>fuit.</strong></span> 
     </span>
    </p>
   </div>
   <div class='ocr_carea' id='block_1_100' title="bbox 423 5079 1996 5152">
    <p class='ocr_par' dir='ltr' id='par_1_100' title="bbox 423 5079 1996 5152">
     <span class='ocr_line' id='line_1_100' title="bbox 423 5079 1996 5152; baseline 0.006 -22"><span class='ocrx_word' id='word_1_764' title='bbox 423 5079 500 5134; x_wconf 82' lang='lat' dir='ltr'><strong>De</strong></span> <span class='ocrx_word' id='word_1_765' title='bbox 527 5079 698 5152; x_wconf 57' lang='lat' dir='ltr'><strong>priori</strong></span> <span class='ocrx_word' id='word_1_766' title='bbox 727 5083 949 5152; x_wconf 76' lang='lat' dir='ltr'><strong>disserit</strong></span> <span class='ocrx_word' id='word_1_767' title='bbox 976 5083 1337 5152; x_wconf 86' lang='lat' dir='ltr'><strong>Augustinus</strong></span> <span class='ocrx_word' id='word_1_768' title='bbox 1359 5081 1456 5152; x_wconf 85' lang='lat' dir='ltr'><strong>lib.</strong></span> <span class='ocrx_word' id='word_1_769' title='bbox 1489 5081 1566 5135; x_wconf 82' lang='lat' dir='ltr'><strong>De</strong></span> <span class='ocrx_word' id='word_1_770' title='bbox 1597 5085 1739 5138; x_wconf 85' lang='lat' dir='ltr'><strong>civit.</strong></span> <span class='ocrx_word' id='word_1_771' title='bbox 1767 5084 1866 5139; x_wconf 83' lang='lat' dir='ltr'><strong>Dei</strong></span> <span class='ocrx_word' id='word_1_772' title='bbox 1908 5101 1996 5149; x_wconf 82' lang='lat' dir='ltr'><strong>xv,</strong></span> 
     </span>
    </p>
   </div>
   <div class='ocr_carea' id='block_1_101' title="bbox 423 5149 1999 5222">
    <p class='ocr_par' dir='ltr' id='par_1_101' title="bbox 423 5149 1999 5222">
     <span class='ocr_line' id='line_1_101' title="bbox 423 5149 1999 5222; baseline 0.006 -22"><span class='ocrx_word' id='word_1_773' title='bbox 423 5149 546 5217; x_wconf 87' lang='lat' dir='ltr'><strong>cap.</strong></span> <span class='ocrx_word' id='word_1_774' title='bbox 607 5150 694 5222; x_wconf 72' lang='lat' dir='ltr'><strong>l3;</strong></span> <span class='ocrx_word' id='word_1_775' title='bbox 745 5149 966 5222; x_wconf 69' lang='lat' dir='ltr'><strong>Hieron.</strong></span> <span class='ocrx_word' id='word_1_776' title='bbox 1031 5149 1233 5218; x_wconf 46' lang='lat' dir='ltr'><strong>Q&#39;utest.</strong></span> <span class='ocrx_word' id='word_1_777' title='bbox 1292 5150 1730 5222; x_wconf 50' lang='lat' dir='ltr'><strong>Hebr.,aliique,</strong></span> <span class='ocrx_word' id='word_1_778' title='bbox 1763 5156 1999 5210; x_wconf 80' lang='lat' dir='ltr'><strong>maxime</strong></span> 
     </span>
    </p>
   </div>
   <div class='ocr_carea' id='block_1_102' title="bbox 426 5219 2002 5298">
    <p class='ocr_par' dir='ltr' id='par_1_102' title="bbox 426 5219 2002 5298">
     <span class='ocr_line' id='line_1_102' title="bbox 426 5219 2002 5298; baseline 0.006 -27"><span class='ocrx_word' id='word_1_779' title='bbox 426 5219 779 5298; x_wconf 68' lang='lat' dir='ltr'><strong>recentiores.</strong></span> <span class='ocrx_word' id='word_1_780' title='bbox 839 5219 928 5298; x_wconf 86' lang='lat' dir='ltr'><strong>De_</strong></span> <span class='ocrx_word' id='word_1_781' title='bbox 953 5223 1257 5298; x_wconf 73' lang='lat' dir='ltr'><strong>posteriori</strong></span> <span class='ocrx_word' id='word_1_782' title='bbox 1300 5221 1423 5276; x_wconf 85' lang='lat' dir='ltr'><strong>vide</strong></span> <span class='ocrx_word' id='word_1_783' title='bbox 1456 5219 1674 5279; x_wconf 86' lang='lat' dir='ltr'><strong>Eusebii</strong></span> <span class='ocrx_word' id='word_1_784' title='bbox 1717 5219 2002 5298; x_wconf 27' lang='lat' dir='ltr'><strong>’Excerpta</strong></span> 
     </span>
    </p>
   </div>
   <div class='ocr_carea' id='block_1_103' title="bbox 424 5287 1996 5364">
    <p class='ocr_par' dir='ltr' id='par_1_103' title="bbox 424 5287 1996 5364">
     <span class='ocr_line' id='line_1_103' title="bbox 424 5287 1996 5364; baseline 0.006 -24"><span class='ocrx_word' id='word_1_785' title='bbox 424 5287 834 5364; x_wconf 75' lang='lat' dir='ltr'><strong>chronologica;</strong></span> <span class='ocrx_word' id='word_1_786' title='bbox 876 5287 991 5364; x_wconf 39' lang='lat' dir='ltr'><strong>ubi:</strong></span> <span class='ocrx_word' id='word_1_787' title='bbox 1017 5293 1166 5346; x_wconf 89' lang='lat' dir='ltr'><strong>varie</strong></span> <span class='ocrx_word' id='word_1_788' title='bbox 1194 5306 1462 5364; x_wconf 80' lang='lat' dir='ltr'><strong>annorum</strong></span> <span class='ocrx_word' id='word_1_789' title='bbox 1499 5307 1714 5364; x_wconf 79' lang='lat' dir='ltr'><strong>summa</strong></span> <span class='ocrx_word' id='word_1_790' title='bbox 1752 5287 1996 5364; x_wconf 55' lang='lat' dir='ltr'><strong>concipio</strong></span> 
     </span>
    </p>
   </div>
   <div class='ocr_carea' id='block_1_104' title="bbox 427 5357 2000 5432">
    <p class='ocr_par' dir='ltr' id='par_1_104' title="bbox 427 5357 2000 5432">
     <span class='ocr_line' id='line_1_104' title="bbox 427 5357 2000 5432; baseline 0.008 -24"><span class='ocrx_word' id='word_1_791' title='bbox 427 5365 555 5432; x_wconf 32' lang='lat' dir='ltr'><strong>tur.‘</strong></span> <span class='ocrx_word' id='word_1_792' title='bbox 577 5357 656 5410; x_wconf 80' lang='lat' dir='ltr'><strong>Ac</strong></span> <span class='ocrx_word' id='word_1_793' title='bbox 683 5365 943 5432; x_wconf 87' lang='lat' dir='ltr'><strong>_propler_</strong></span> <span class='ocrx_word' id='word_1_794' title='bbox 977 5359 1269 5432; x_wconf 83' lang='lat' dir='ltr'><strong>immanem</strong></span> <span class='ocrx_word' id='word_1_795' title='bbox 1321 5361 1734 5426; x_wconf 88' lang='lat' dir='ltr'><strong>absurditatem,</strong></span> <span class='ocrx_word' id='word_1_796' title='bbox 1765 5379 1886 5432; x_wconf 73' lang='lat' dir='ltr'><strong>qua:</strong></span> <span class='ocrx_word' id='word_1_797' title='bbox 1919 5357 2000 5421; x_wconf 68' lang='grc' dir='ltr'><strong>ἐκ</strong></span> 
     </span>
    </p>
   </div>
   <div class='ocr_carea' id='block_1_105' title="bbox 429 5425 2002 5490">
    <p class='ocr_par' dir='ltr' id='par_1_105' title="bbox 429 5425 2002 5490">
     <span class='ocr_line' id='line_1_105' title="bbox 429 5425 2002 5490; baseline 0.005 -10"><span class='ocrx_word' id='word_1_798' title='bbox 429 5425 785 5482; x_wconf 76' lang='lat' dir='ltr'><strong>Mathusalém</strong></span> <span class='ocrx_word' id='word_1_799' title='bbox 818 5426 978 5481; x_wconf 89' lang='lat' dir='ltr'><strong>annis</strong></span> <span class='ocrx_word' id='word_1_800' title='bbox 1003 5431 1198 5490; x_wconf 90' lang='lat' dir='ltr'><strong>oritur,</strong></span> <span class='ocrx_word' id='word_1_801' title='bbox 1253 5432 1472 5486; x_wconf 90' lang='lat' dir='ltr'><strong>animus</strong></span> <span class='ocrx_word' id='word_1_802' title='bbox 1504 5438 1589 5486; x_wconf 84' lang='lat' dir='ltr'><strong>est</strong></span> <span class='ocrx_word' id='word_1_803' title='bbox 1641 5432 1705 5484; x_wconf 89' lang='lat' dir='ltr'><strong>ad</strong></span> <span class='ocrx_word' id='word_1_804' title='bbox 1748 5425 2002 5488; x_wconf 76' lang='lat' dir='ltr'><strong>numero-</strong></span> 
     </span>
    </p>
   </div>
   <div class='ocr_carea' id='block_1_106' title="bbox 431 5495 1999 5566">
    <p class='ocr_par' dir='ltr' id='par_1_106' title="bbox 431 5495 1999 5566">
     <span class='ocr_line' id='line_1_106' title="bbox 431 5495 1999 5566; baseline 0.005 -18"><span class='ocrx_word' id='word_1_805' title='bbox 431 5511 550 5549; x_wconf 88' lang='lat' dir='ltr'><strong>rum</strong></span> <span class='ocrx_word' id='word_1_806' title='bbox 601 5495 1038 5551; x_wconf 84' lang='lat' dir='ltr'><strong>emendationem</strong></span> <span class='ocrx_word' id='word_1_807' title='bbox 1086 5498 1352 5566; x_wconf 87' lang='lat' dir='ltr'><strong>adjectus.</strong></span> <span class='ocrx_word' id='word_1_808' title='bbox 1385 5499 1518 5554; x_wconf 82' lang='lat' dir='ltr'><strong>Nam</strong></span> <span class='ocrx_word' id='word_1_809' title='bbox 1560 5500 1607 5554; x_wconf 85' lang='lat' dir='ltr'><strong>si</strong></span> <span class='ocrx_word' id='word_1_810' title='bbox 1643 5500 1786 5556; x_wconf 78' lang='lat' dir='ltr'><strong>LXX</strong></span> <span class='ocrx_word' id='word_1_811' title='bbox 1825 5501 1999 5556; x_wconf 87' lang='lat' dir='ltr'><strong>Inter-</strong></span> 
     </span>
    </p>
   </div>
   <div class='ocr_carea' id='block_1_107' title="bbox 469 5567 1999 5640">
    <p class='ocr_par' dir='ltr' id='par_1_107' title="bbox 469 5567 1999 5640">
     <span class='ocr_line' id='line_1_107' title="bbox 469 5567 1999 5640; baseline 0.007 -23"><span class='ocrx_word' id='word_1_812' title='bbox 469 5573 644 5640; x_wconf 72' lang='lat' dir='ltr'><strong>retum</strong></span> <span class='ocrx_word' id='word_1_813' title='bbox 683 5580 1027 5640; x_wconf 81' lang='lat' dir='ltr'><strong>communem</strong></span> <span class='ocrx_word' id='word_1_814' title='bbox 1055 5567 1350 5640; x_wconf 73' lang='lat' dir='ltr'><strong>editionem</strong></span> <span class='ocrx_word' id='word_1_815' title='bbox 1389 5583 1642 5640; x_wconf 87' lang='lat' dir='ltr'><strong>sequare,</strong></span> <span class='ocrx_word' id='word_1_816' title='bbox 1665 5585 1787 5640; x_wconf 71' lang='lat' dir='ltr'><strong>qua:</strong></span> <span class='ocrx_word' id='word_1_817' title='bbox 1825 5587 1999 5627; x_wconf 88' lang='lat' dir='ltr'><strong>annos</strong></span> 
     </span>
    </p>
   </div>
   <div class='ocr_carea' id='block_1_108' title="bbox 487 5634 1994 5712">
    <p class='ocr_par' dir='ltr' id='par_1_108' title="bbox 487 5634 1994 5712">
     <span class='ocr_line' id='line_1_108' title="bbox 487 5634 1994 5712; baseline 0.004 -24"><span class='ocrx_word' id='word_1_818' title='bbox 487 5634 825 5692; x_wconf 87' lang='lat' dir='ltr'><strong>athusalemo</strong></span> <span class='ocrx_word' id='word_1_819' title='bbox 851 5645 974 5693; x_wconf 85' lang='lat' dir='ltr'><strong>ante</strong></span> <span class='ocrx_word' id='word_1_820' title='bbox 1008 5637 1247 5703; x_wconf 82' lang='lat' dir='ltr'><strong>genitum</strong></span> <span class='ocrx_word' id='word_1_821' title='bbox 1277 5634 1612 5708; x_wconf 73' lang='lat' dir='ltr'><strong>Lamachum</strong></span> <span class='ocrx_word' id='word_1_822' title='bbox 1636 5634 1850 5712; x_wconf 73' lang='lat' dir='ltr'><strong>arrogat</strong></span> <span class='ocrx_word' id='word_1_823' title='bbox 1874 5642 1994 5708; x_wconf 85' lang='grc'>167,</span> 
     </span>
    </p>
   </div>
   <div class='ocr_carea' id='block_1_109' title="bbox 2098 4735 3673 4797">
    <p class='ocr_par' dir='ltr' id='par_1_109' title="bbox 2098 4735 3673 4797">
     <span class='ocr_line' id='line_1_109' title="bbox 2098 4735 3673 4797; baseline -0.004 0"><span class='ocrx_word' id='word_1_824' title='bbox 2098 4741 2227 4797; x_wconf 87' lang='lat' dir='ltr'><strong>anni</strong></span> <span class='ocrx_word' id='word_1_825' title='bbox 2265 4749 2392 4795; x_wconf 83' lang='lat' dir='ltr'><strong>ante</strong></span> <span class='ocrx_word' id='word_1_826' title='bbox 2423 4740 2689 4794; x_wconf 84' lang='lat' dir='ltr'><strong>diluvium</strong></span> <span class='ocrx_word' id='word_1_827' title='bbox 2744 4737 2871 4794; x_wconf 77' lang='grc'><strong>955.</strong></span> <span class='ocrx_word' id='word_1_828' title='bbox 2905 4736 3050 4792; x_wconf 87' lang='lat' dir='ltr'><strong>Vixit</strong></span> <span class='ocrx_word' id='word_1_829' title='bbox 3100 4745 3281 4792; x_wconf 90' lang='lat' dir='ltr'><strong>autem</strong></span> <span class='ocrx_word' id='word_1_830' title='bbox 3311 4735 3673 4791; x_wconf 85' lang='lat' dir='ltr'><strong>Mathusalem</strong></span> 
     </span>
    </p>
   </div>
   <div class='ocr_carea' id='block_1_110' title="bbox 2100 4803 3697 4878">
    <p class='ocr_par' dir='ltr' id='par_1_110' title="bbox 2100 4803 3697 4878">
     <span class='ocr_line' id='line_1_110' title="bbox 2100 4803 3697 4878; baseline -0.004 -11"><span class='ocrx_word' id='word_1_831' title='bbox 2100 4814 2153 4868; x_wconf 87' lang='lat' dir='ltr'><strong>in</strong></span> <span class='ocrx_word' id='word_1_832' title='bbox 2185 4818 2355 4864; x_wconf 88' lang='lat' dir='ltr'><strong>totum</strong></span> <span class='ocrx_word' id='word_1_833' title='bbox 2390 4824 2565 4864; x_wconf 88' lang='lat' dir='ltr'><strong>annos</strong></span> <span class='ocrx_word' id='word_1_834' title='bbox 2590 4809 2715 4864; x_wconf 84' lang='lat'><strong>969.</strong></span> <span class='ocrx_word' id='word_1_835' title='bbox 2753 4809 2923 4878; x_wconf 86' lang='lat' dir='ltr'><strong>Igitur</strong></span> <span class='ocrx_word' id='word_1_836' title='bbox 2955 4803 3022 4861; x_wconf 69' lang='lat' dir='ltr'><strong>Li</strong></span> <span class='ocrx_word' id='word_1_837' title='bbox 3044 4807 3227 4878; x_wconf 85' lang='lat' dir='ltr'><strong>_annis</strong></span> <span class='ocrx_word' id='word_1_838' title='bbox 3247 4815 3378 4878; x_wconf 81' lang='lat' dir='ltr'><strong>post</strong></span> <span class='ocrx_word' id='word_1_839' title='bbox 3401 4807 3667 4878; x_wconf 77' lang='lat' dir='ltr'><strong>diluvium</strong></span> <span class='ocrx_word' id='word_1_840' title='bbox 3695 4831 3697 4834; x_wconf 90' lang='grc'>·</span> 
     </span>
    </p>
   </div>
   <div class='ocr_carea' id='block_1_111' title="bbox 2101 4875 3676 4949">
    <p class='ocr_par' dir='ltr' id='par_1_111' title="bbox 2101 4875 3676 4949">
     <span class='ocr_line' id='line_1_111' title="bbox 2101 4875 3676 4949; baseline -0.004 -13"><span class='ocrx_word' id='word_1_841' title='bbox 2101 4879 2404 4949; x_wconf 80' lang='lat' dir='ltr'><strong>superfuit;</strong></span> <span class='ocrx_word' id='word_1_842' title='bbox 2444 4879 2698 4949; x_wconf 84' lang='lat' dir='ltr'><strong>quodest</strong></span> <span class='ocrx_word' id='word_1_843' title='bbox 2730 4875 2998 4949; x_wconf 75' lang='lat' dir='ltr'><strong>ineptum.</strong></span> <span class='ocrx_word' id='word_1_844' title='bbox 3031 4875 3211 4942; x_wconf 82' lang='lat' dir='ltr'><strong>Quare</strong></span> <span class='ocrx_word' id='word_1_845' title='bbox 3230 4875 3676 4949; x_wconf 66' lang='lat' dir='ltr'><strong>Africanusma-</strong></span> 
     </span>
    </p>
   </div>
   <div class='ocr_carea' id='block_1_112' title="bbox 2100 4945 3678 5014">
    <p class='ocr_par' dir='ltr' id='par_1_112' title="bbox 2100 4945 3678 5014">
     <span class='ocr_line' id='line_1_112' title="bbox 2100 4945 3678 5014; baseline -0.004 -9"><span class='ocrx_word' id='word_1_846' title='bbox 2100 4945 2369 5005; x_wconf 84' lang='lat' dir='ltr'><strong>tbusalem</strong></span> <span class='ocrx_word' id='word_1_847' title='bbox 2396 4945 2570 5004; x_wconf 79' lang='lat' dir='ltr'><strong>annos</strong></span> <span class='ocrx_word' id='word_1_848' title='bbox 2593 4948 2725 5002; x_wconf 81' lang='lat' dir='ltr'><strong>ante</strong></span> <span class='ocrx_word' id='word_1_849' title='bbox 2757 4945 3084 5001; x_wconf 34' lang='lat' dir='ltr'><strong>La’mechum</strong></span> <span class='ocrx_word' id='word_1_850' title='bbox 3127 4953 3441 5014; x_wconf 86' lang='lat' dir='ltr'><strong>susceptum</strong></span> <span class='ocrx_word' id='word_1_851' title='bbox 3485 4947 3678 4999; x_wconf 84' lang='lat' dir='ltr'><strong>tribuit</strong></span> 
     </span>
    </p>
   </div>
   <div class='ocr_carea' id='block_1_113' title="bbox 2105 5014 3678 5088">
    <p class='ocr_par' dir='ltr' id='par_1_113' title="bbox 2105 5014 3678 5088">
     <span class='ocr_line' id='line_1_113' title="bbox 2105 5014 3678 5088; baseline -0.006 -14"><span class='ocrx_word' id='word_1_852' title='bbox 2105 5020 2229 5083; x_wconf 70' lang='lat'><strong>185,</strong></span> <span class='ocrx_word' id='word_1_853' title='bbox 2261 5018 2352 5088; x_wconf 85' lang='lat' dir='ltr'><strong>qui</strong></span> <span class='ocrx_word' id='word_1_854' title='bbox 2379 5018 2446 5072; x_wconf 85' lang='lat' dir='ltr'><strong>ad</strong></span> <span class='ocrx_word' id='word_1_855' title='bbox 2472 5017 2726 5088; x_wconf 85' lang='lat' dir='ltr'><strong>Lamechi</strong></span> <span class='ocrx_word' id='word_1_856' title='bbox 2757 5014 3058 5088; x_wconf 77' lang='lat' dir='ltr'><strong>Noemiqtte</strong></span> <span class='ocrx_word' id='word_1_857' title='bbox 3094 5015 3338 5076; x_wconf 87' lang='lat' dir='ltr'><strong>totidem,</strong></span> <span class='ocrx_word' id='word_1_858' title='bbox 3375 5025 3513 5088; x_wconf 70' lang='lat' dir='ltr'><strong>quot</strong></span> <span class='ocrx_word' id='word_1_859' title='bbox 3548 5031 3678 5088; x_wconf 83' lang='lat' dir='ltr'><strong>pro-</strong></span> 
     </span>
    </p>
   </div>
   <div class='ocr_carea' id='block_1_114' title="bbox 2103 5084 3683 5153">
    <p class='ocr_par' dir='ltr' id='par_1_114' title="bbox 2103 5084 3683 5153">
     <span class='ocr_line' id='line_1_114' title="bbox 2103 5084 3683 5153; baseline -0.004 -10"><span class='ocrx_word' id='word_1_860' title='bbox 2103 5092 2248 5144; x_wconf 77' lang='lat' dir='ltr'><strong>xime</strong></span> <span class='ocrx_word' id='word_1_861' title='bbox 2277 5084 2738 5151; x_wconf 50' lang='lat' dir='ltr'><strong>&#39;numeravimus,</strong></span> <span class='ocrx_word' id='word_1_862' title='bbox 2779 5085 3022 5152; x_wconf 88' lang='lat' dir='ltr'><strong>adjuncti</strong></span> <span class='ocrx_word' id='word_1_863' title='bbox 3072 5099 3340 5140; x_wconf 89' lang='lat' dir='ltr'><strong>summam</strong></span> <span class='ocrx_word' id='word_1_864' title='bbox 3378 5084 3683 5153; x_wconf 79' lang='lat' dir='ltr'><strong>coniiciunt</strong></span> 
     </span>
    </p>
   </div>
   <div class='ocr_carea' id='block_1_115' title="bbox 2100 5153 3678 5226">
    <p class='ocr_par' dir='ltr' id='par_1_115' title="bbox 2100 5153 3678 5226">
     <span class='ocr_line' id='line_1_115' title="bbox 2100 5153 3678 5226; baseline -0.004 -14"><span class='ocrx_word' id='word_1_865' title='bbox 2100 5172 2366 5212; x_wconf 89' lang='lat' dir='ltr'><strong>annorum</strong></span> <span class='ocrx_word' id='word_1_866' title='bbox 2396 5157 2522 5211; x_wconf 82' lang='lat'><strong>972.</strong></span> <span class='ocrx_word' id='word_1_867' title='bbox 2560 5156 2745 5226; x_wconf 86' lang='lat' dir='ltr'><strong>Itaque</strong></span> <span class='ocrx_word' id='word_1_868' title='bbox 2774 5155 2973 5226; x_wconf 85' lang='lat' dir='ltr'><strong>tribus,</strong></span> <span class='ocrx_word' id='word_1_869' title='bbox 3009 5163 3312 5226; x_wconf 79' lang='lat' dir='ltr'><strong>quatuorve</strong></span> <span class='ocrx_word' id='word_1_870' title='bbox 3341 5155 3504 5226; x_wconf 84' lang='lat' dir='ltr'><strong>annis</strong></span> <span class='ocrx_word' id='word_1_871' title='bbox 3534 5153 3678 5208; x_wconf 88' lang='lat' dir='ltr'><strong>dilu-</strong></span> 
     </span>
    </p>
   </div>
   <div class='ocr_carea' id='block_1_116' title="bbox 2102 5223 3682 5282">
    <p class='ocr_par' dir='ltr' id='par_1_116' title="bbox 2102 5223 3682 5282">
     <span class='ocr_line' id='line_1_116' title="bbox 2102 5223 3682 5282; baseline -0.003 -1"><span class='ocrx_word' id='word_1_872' title='bbox 2102 5229 2249 5281; x_wconf 88' lang='lat' dir='ltr'><strong>vium</strong></span> <span class='ocrx_word' id='word_1_873' title='bbox 2277 5241 2426 5282; x_wconf 91' lang='lat' dir='ltr'><strong>mors</strong></span> <span class='ocrx_word' id='word_1_874' title='bbox 2455 5223 2927 5281; x_wconf 84' lang='lat' dir='ltr'><strong>illiusantecessit.</strong></span> <span class='ocrx_word' id='word_1_875' title='bbox 2953 5223 3182 5280; x_wconf 34' lang='lat' dir='ltr'><strong>At’vero</strong></span> <span class='ocrx_word' id='word_1_876' title='bbox 3206 5223 3348 5278; x_wconf 87' lang='lat' dir='ltr'><strong>idem</strong></span> <span class='ocrx_word' id='word_1_877' title='bbox 3380 5225 3682 5276; x_wconf 78' lang='lat' dir='ltr'><strong>Africanus</strong></span> 
     </span>
    </p>
   </div>
   <div class='ocr_carea' id='block_1_117' title="bbox 2105 5293 3680 5362">
    <p class='ocr_par' dir='ltr' id='par_1_117' title="bbox 2105 5293 3680 5362">
     <span class='ocr_line' id='line_1_117' title="bbox 2105 5293 3680 5362; baseline -0.002 -13"><span class='ocrx_word' id='word_1_878' title='bbox 2105 5299 2174 5351; x_wconf 89' lang='lat' dir='ltr'><strong>ab</strong></span> <span class='ocrx_word' id='word_1_879' title='bbox 2201 5297 2333 5351; x_wconf 87' lang='lat' dir='ltr'><strong>orbe</strong></span> <span class='ocrx_word' id='word_1_880' title='bbox 2361 5295 2584 5350; x_wconf 89' lang='lat' dir='ltr'><strong>condito</strong></span> <span class='ocrx_word' id='word_1_881' title='bbox 2637 5295 2704 5348; x_wconf 87' lang='lat' dir='ltr'><strong>ad</strong></span> <span class='ocrx_word' id='word_1_882' title='bbox 2751 5293 3015 5362; x_wconf 87' lang='lat' dir='ltr'><strong>diluvium</strong></span> <span class='ocrx_word' id='word_1_883' title='bbox 3065 5308 3239 5347; x_wconf 89' lang='lat' dir='ltr'><strong>annos</strong></span> <span class='ocrx_word' id='word_1_884' title='bbox 3267 5293 3476 5362; x_wconf 90' lang='lat' dir='ltr'><strong>colligit</strong></span> <span class='ocrx_word' id='word_1_885' title='bbox 3513 5293 3680 5347; x_wconf 83' lang='grc'>2267.</span> 
     </span>
    </p>
   </div>
   <div class='ocr_carea' id='block_1_118' title="bbox 2103 5361 3683 5435">
    <p class='ocr_par' dir='ltr' id='par_1_118' title="bbox 2103 5361 3683 5435">
     <span class='ocr_line' id='line_1_118' title="bbox 2103 5361 3683 5435; baseline 0 -18"><span class='ocrx_word' id='word_1_886' title='bbox 2103 5366 2312 5435; x_wconf 82' lang='lat' dir='ltr'><strong>Quippe</strong></span> <span class='ocrx_word' id='word_1_887' title='bbox 2363 5365 2514 5435; x_wconf 81' lang='lat' dir='ltr'><strong>Enos</strong></span> <span class='ocrx_word' id='word_1_888' title='bbox 2530 5365 2648 5435; x_wconf 14' lang='lat'><strong>7195</strong></span> <span class='ocrx_word' id='word_1_889' title='bbox 2682 5361 2913 5435; x_wconf 80' lang='lat' dir='ltr'><strong>confert,</strong></span> <span class='ocrx_word' id='word_1_890' title='bbox 2941 5363 3242 5435; x_wconf 58' lang='lat' dir='ltr'><strong>cum__l_._XX</strong></span> <span class='ocrx_word' id='word_1_891' title='bbox 3272 5361 3544 5435; x_wconf 67' lang='lat' dir='ltr'><strong>duntaxat</strong></span> <span class='ocrx_word' id='word_1_892' title='bbox 3579 5363 3683 5417; x_wconf 78' lang='grc'><strong>190</strong></span> 
     </span>
    </p>
   </div>
   <div class='ocr_carea' id='block_1_119' title="bbox 2099 5432 3682 5502">
    <p class='ocr_par' dir='ltr' id='par_1_119' title="bbox 2099 5432 3682 5502">
     <span class='ocr_line' id='line_1_119' title="bbox 2099 5432 3682 5502; baseline -0.003 -13"><span class='ocrx_word' id='word_1_893' title='bbox 2099 5432 2412 5490; x_wconf 83' lang='lat' dir='ltr'><strong>numerent.</strong></span> <span class='ocrx_word' id='word_1_894' title='bbox 2448 5434 2756 5489; x_wconf 79' lang='lat' dir='ltr'><strong>Subtractis</strong></span> <span class='ocrx_word' id='word_1_895' title='bbox 2799 5433 3040 5502; x_wconf 88' lang='lat' dir='ltr'><strong>quinque</strong></span> <span class='ocrx_word' id='word_1_896' title='bbox 3070 5432 3178 5487; x_wconf 88' lang='lat' dir='ltr'><strong>illis</strong></span> <span class='ocrx_word' id='word_1_897' title='bbox 3208 5433 3521 5502; x_wconf 81' lang='lat' dir='ltr'><strong>superlluis,</strong></span> <span class='ocrx_word' id='word_1_898' title='bbox 3558 5449 3682 5486; x_wconf 80' lang='lat' dir='ltr'><strong>crc-</strong></span> 
     </span>
    </p>
   </div>
   <div class='ocr_carea' id='block_1_120' title="bbox 2100 5500 3683 5571">
    <p class='ocr_par' dir='ltr' id='par_1_120' title="bbox 2100 5500 3683 5571">
     <span class='ocr_line' id='line_1_120' title="bbox 2100 5500 3683 5571; baseline -0.003 -12"><span class='ocrx_word' id='word_1_899' title='bbox 2100 5503 2332 5559; x_wconf 86' lang='lat' dir='ltr'><strong>diderim</strong></span> <span class='ocrx_word' id='word_1_900' title='bbox 2383 5504 2438 5557; x_wconf 89' lang='lat' dir='ltr'><strong>in</strong></span> <span class='ocrx_word' id='word_1_901' title='bbox 2504 5503 2730 5571; x_wconf 89' lang='lat' dir='ltr'><strong>reliquis</strong></span> <span class='ocrx_word' id='word_1_902' title='bbox 2789 5500 3149 5571; x_wconf 75' lang='lat' dir='ltr'><strong>Epiplianium</strong></span> <span class='ocrx_word' id='word_1_903' title='bbox 3199 5500 3492 5571; x_wconf 79' lang='lat' dir='ltr'><strong>Africani,</strong></span> <span class='ocrx_word' id='word_1_904' title='bbox 3566 5503 3683 5558; x_wconf 85' lang='lat' dir='ltr'><strong>sive</strong></span> 
     </span>
    </p>
   </div>
   <div class='ocr_carea' id='block_1_121' title="bbox 2099 5570 3686 5642">
    <p class='ocr_par' dir='ltr' id='par_1_121' title="bbox 2099 5570 3686 5642">
     <span class='ocr_line' id='line_1_121' title="bbox 2099 5570 3686 5642; baseline 0 -16"><span class='ocrx_word' id='word_1_905' title='bbox 2099 5572 2261 5637; x_wconf 72' lang='lat' dir='ltr'><strong>LXX,</strong></span> <span class='ocrx_word' id='word_1_906' title='bbox 2291 5572 2430 5642; x_wconf 89' lang='lat' dir='ltr'><strong>apud</strong></span> <span class='ocrx_word' id='word_1_907' title='bbox 2478 5570 2794 5626; x_wconf 78' lang='lat' dir='ltr'><strong>Africanum</strong></span> <span class='ocrx_word' id='word_1_908' title='bbox 2822 5570 3180 5642; x_wconf 82' lang='lat' dir='ltr'><strong>Interprctum</strong></span> <span class='ocrx_word' id='word_1_909' title='bbox 3204 5570 3477 5627; x_wconf 87' lang='lat' dir='ltr'><strong>calculum</strong></span> <span class='ocrx_word' id='word_1_910' title='bbox 3523 5586 3686 5628; x_wconf 83' lang='lat' dir='ltr'><strong>secu-</strong></span> 
     </span>
    </p>
   </div>
   <div class='ocr_carea' id='block_1_122' title="bbox 2097 5641 3006 5714">
    <p class='ocr_par' dir='ltr' id='par_1_122' title="bbox 2097 5641 3006 5714">
     <span class='ocr_line' id='line_1_122' title="bbox 2097 5641 3006 5714; baseline -0.007 -15"><span class='ocrx_word' id='word_1_911' title='bbox 2097 5653 2235 5710; x_wconf 88' lang='lat' dir='ltr'><strong>tum,</strong></span> <span class='ocrx_word' id='word_1_912' title='bbox 2271 5641 2444 5698; x_wconf 86' lang='lat' dir='ltr'><strong>annos</strong></span> <span class='ocrx_word' id='word_1_913' title='bbox 2473 5649 2816 5714; x_wconf 82' lang='lat' dir='ltr'><strong>computasse</strong></span> <span class='ocrx_word' id='word_1_914' title='bbox 2845 5641 3006 5695; x_wconf 75' lang='lat'><strong>2262.</strong></span> 
     </span>
    </p>
   </div>
  </div>
