3960 6148
385 291 496 344 495

1057 292 1427 349 ADVERSUS
1467 288 1810 350 IIERESES
1869 296 1996 351 LTB.
2042 297 2078 354 I.
2125 298 2290 355 TOM.
2330 300 2372 357 Ι.
2416 331 2483 343 —-
2520 302 2798 360 IIERES.
2842 305 2979 362 HV.

3488 356 3493 361 .
3552 313 3655 369 ιθι

388 390 558 499 statim
592 401 646 456 δὲ
671 403 788 457 τότε
822 403 973 475 μόνοι
1015 406 1128 477 (51)
1163 408 1557 477 ἐϐασιλεύοντο,
1594 408 1661 486 ἦς
1691 413 1947 484 βασιλείας

2072 415 2391 476 Semiramis
2443 422 2686 495 Assyriis
2742 424 3114 496 imperabant;
3162 442 3397 499 quarunt
3427 431 3654 499 aqualis

387 492 531 564 ἀρχὴ
560 496 782 563 γέγονεν
811 493 1029 566 Εὔρωψ.

2073 506 2350 563 Abraham
2389 509 2511 579 fuit;
2544 513 2684 583 apud
2728 511 3011 586 [Egyptios
3040 532 3172 573 vero
3207 517 3419 574 decima
3459 526 3653 574 octava

387 588 643 681 dynastia
697 589 754 659 9
782 598 1036 681 praeerat.
1093 590 1316 664 Solique
1362 604 1477 651 tum
1530 614 1596 653 ex
1638 600 1897 656 omnibus
1937 604 2164 672 populis
2222 603 2467 676 Sicyonii
2522 611 2677 679 regio
2726 608 3009 665 dominatu
3048 611 3505 681 continebantur;
3550 626 3650 668 cu-

383 676 479 749 jus
504 679 720 734 initium
757 681 826 735 ab
858 679 1078 753 Europe
1106 685 1409 754 profectum
1447 696 1548 743 est.

456 774 541 828 H’.
576 775 687 828 Καὶ
735 776 765 828 ὁ
794 775 927 839 Θεὸς
954 777 1266 847 ἐπιλέγεται
1295 782 1385 836 τὸν
1426 783 1675 857 Ἀϐραὰμ
1702 785 1780 856 τῷ
1819 784 1969 856 αὐτῷ

382 864 697 938 χαρακτῆρι
751 865 851 936 τῆς
901 867 1063 935 ἁγίας
1118 870 1413 944 καθολικῆς
1463 876 1556 928 καὶ
1608 876 1968 947 ἀποπολικῆς

397 957 728 1028 Ἐκκλησίας
755 959 814 1013 ὲν
846 960 1183 1033 ἀκροϐυστίᾳ
1212 966 1434 1031 πιστὸν,
1486 967 1579 1020 καὶ
1619 968 1678 1022 ὲν
1717 968 1969 1040 εὐσεϐείᾳ

380 1046 715 1101 τελειότατον
736 1086 751 1112 ,
780 1049 837 1101 ὲν
861 1048 1059 1119 γνώσει
1087 1055 1383 1125 προφητῶν
1414 1056 1480 1122 ⁸⁸,
1504 1057 1563 1110 ὲν
1596 1056 1696 1129 βίῳ
1732 1059 1966 1128 εὐαγγε-

380 1142 541 1215 λικὴν
591 1147 927 1217 κεκτημένον
985 1149 1356 1221 ἀναστροφήν.
1400 1150 1552 1203 Οἷκοι
1599 1150 1709 1221 γὰρ
1770 1149 1961 1219 γέγονε

379 1235 596 1307 πατέρα
632 1237 829 1307 τιμῶν,
862 1238 1201 1311 καλούμενος
1226 1240 1338 1294 ὑπὸ
1377 1239 1473 1293 τοῦ
1507 1240 1664 1309 λόγον
1686 1281 1699 1305 ,
1722 1242 1822 1295 καὶ
1852 1240 1961 1294 τῶν

377 1327 595 1382 οἰκείων
622 1329 1064 1401 ἀπστασσόμενος
1091 1374 1105 1398 ,
1138 1331 1457 1402 πειθόμενος
1494 1331 1551 1386 δὲ
1583 1332 1660 1403 τῷ
1688 1331 1959 1400 καλοῦντι,

376 1417 569 1491 ῶσπερ
619 1422 667 1473 οὶ
720 1421 850 1492 περὶ
878 1422 1089 1493 Πέτρον
1134 1424 1227 1476 καὶ
1272 1423 1525 1494 Ἀνδρέαν
1564 1425 1663 1478 καὶ
1714 1423 1963 1478 Ἰάκωϐον

375 1512 476 1566 καὶ
517 1512 791 1584 Ἰωάννην.
827 1514 938 1569 Καὶ
968 1514 1055 1569 ἵνα
1089 1516 1163 1587 μὴ
1202 1516 1365 1570 πάλιν
1401 1516 1627 1587 μηκύνω
1649 1516 1741 1572 τὸν
1769 1515 1957 1584 λόγον,

379 1602 618 1658 συνελὼν
646 1604 772 1675 ἐρῶ.
810 1606 907 1669 Εἰς
928 1605 1032 1676 ’ἐτη
1066 1607 1173 1677 γὰρ
1202 1606 1407 1671 ἐλάσας
1441 1603 1594 1670 οὗτος
1628 1611 1656 1662 ὁ
1685 1609 1958 1679 πατριάρ-

375 1711 480 1765 χης
516 1695 1062 1765 ὲννενηκονταεννέα,
1105 1697 1209 1750 ὑπὸ
1242 1697 1337 1750 τοῦ
1382 1697 1517 1752 Θεοῦ
1561 1699 1957 1771 χρηματίζεται

376 1788 458 1849 είς
492 1786 812 1857 περιτομήν.
855 1785 965 1840 Καὶ
990 1786 1218 1858 ἄρχεται
1247 1786 1460 1840 ἐνθένδε
1487 1790 1515 1841 ὁ
1555 1788 1841 1860 χαρακτὴρ
1866 1788 1959 1843 τοῦ

387 1876 723 1948 Ἰουδαῖσμοῦ
765 1877 905 1948 μετὰ
938 1878 1029 1931 τὸν
1071 1878 1443 1949 Ἑλληνισμόν.
1481 1880 1592 1933 Καὶ
1625 1876 1693 1950 ἦν
1727 1882 1828 1952 τῆς
1861 1880 1956 1935 τοῦ

376 1968 585 2038 κόσμου
611 1967 914 2039 καταϐολῆς
949 1969 1060 2041 (52)
1095 1969 1317 2041 εἰκοστὴ
1348 1969 1539 2042 πρώτη
1567 1972 1750 2040 γενεὰ,
1780 1972 1876 2043 ἐτη
1901 1972 1958 2026 δὲ

375 2059 645 2132 τρισχίλια
676 2060 1000 2132 τετρακόσια
1031 2062 1383 2133 τριακονταὲν
1405 2077 1418 2092 ·
1446 2064 1541 2117 καὶ
1565 2065 1594 2117 ὁ
1630 2063 1959 2136 Ἰουδαῖσμὺς

373 2150 550 2223 ἀρχὴν
582 2150 901 2222 ἐλάμϐανεν.
931 2152 1237 2225 Σκυθισμὺς
1264 2153 1374 2225 γὰρ
1404 2155 1513 2208 ἀπὸ
1543 2153 1635 2209 σοῦ
1680 2156 1955 2209 κατακλυ-

366 2243 516 2312 λσμοῦ
541 2242 652 2313 (55)
681 2243 807 2315 ἄχρι
843 2242 937 2297 τοῦ
981 2243 1190 2315 πύργου
1228 2246 1320 2297 καὶ
1350 2245 1444 2299 τοῦ
1475 2245 1698 2318 Σερούχ.
1737 2246 1872 2301 Ἀπὸ
1897 2247 1955 2301 δὲ

440 2400 489 2431 ³ο
518 2401 624 2468 I'p.
660 2401 966 2472 προφήτην.
1042 2401 1088 2433 ²⁰
1119 2401 1255 2457 Gen.
1288 2417 1422 2470 xvn,
1455 2403 1539 2457 lO.

366 2563 639 2630 tempore,
669 2570 777 2626 quo
803 2556 1155 2630 Assyriorum
1192 2557 1510 2630 monarchia
1536 2558 1721 2628 cmpit,
1769 2556 1943 2630 [Egy—

365 2627 518 2696 ptios
544 2640 803 2696 regnasse
826 2626 1144 2690 dixerimus,
1170 2643 1294 2683 cum
1327 2629 1543 2683 illorum
1582 2626 1943 2697 primordium

370 2697 521 2749 circa
567 2711 822 2751 annuma
845 2697 1054 2751 diluvio
1082 2699 1184 2752 155
1212 2699 1489 2763 inciderit,
1524 2699 1787 2753 detractis
1819 2698 1946 2751 toti-

371 2764 496 2820 dem
530 2767 701 2839 _annis
736 2768 810 2839 ab
854 2768 1176 2831 intervallo,
1212 2768 1356 2839 quod
1385 2784 1414 2822 a
1448 2768 1652 2824 diluvio
1685 2769 1751 2823 ad
1781 2769 1946 2839 quiu—

370 2834 804 2908 tum_Cambysis
844 2840 1090 2907 elapsum
1112 2834 1247 2908 est;
1282 2840 1413 2892 anni
1453 2834 1948 2908 supererunt—itii”

369 2907 439 2958 ab
461 2903 842 2979 Egyptiol-nm
872 2903 1026 2979 initio
1058 2907 1126 2961 ad
1152 2909 1458 2979 Cambysen
1493 2903 1688 2979 usque,
1721 2917 1774 2963 et
1813 2906 1948 2961 Pcr-

370 2975 649 3049 sarum’in
680 2975 916 3049 {Egypto
964 2975 1340 3049 dominatum,
1359 2994 1455 3048 per
1495 2975 1739 3032 Africani
1774 2979 1949 3049 dyna-

2141 782 2276 839 Vlll.
2299 784 2438 841 Post
2458 785 2575 842 haec
2605 787 2793 843 eadem
2832 803 2942 858 qua
2978 789 3301 845 catholicam
3339 803 3393 848 et
3428 802 3651 865 προειθι-

2064 876 2230 931 licam
2264 876 2565 933 Ecclesiam
2595 878 2766 950 ﬁgura
2786 919 2801 944 ,
2834 887 3074 950 notaque
3100 881 3467 937 Abrabamum
3499 886 3650 955 eligit

2066 966 2271 1033 Βειιε,⁵
2304 969 2482 1025 virum
2535 970 2591 1024 in
2649 972 2916 1040 praeputio
2968 972 3211 1037 ﬁdelem,
3268 987 3334 1027 ac
3386 976 3650 1045 religione

2064 1060 2374 1131 pietateque
2413 1060 2903 1132 perfectissimum,
2943 1070 3108 1134 atque
3148 1072 3210 1119 ut
3246 1065 3474 1120 scientia
3518 1083 3648 1137 pro-

2064 1151 2243 1220 phetis
2271 1167 2458 1222 parem
2481 1194 2497 1222 ,
2534 1153 2614 1208 sic
2642 1152 2707 1206 ad
2742 1154 3112 1224 evangelicam
3145 1155 3494 1225 disciplinam
3526 1160 3649 1212 vitae

2062 1245 2316 1301 instituto
2345 1252 2694 1313 .provectum.
2725 1243 2853 1299 Erat
2877 1254 2995 1299 tum
3030 1246 3178 1301 domi
3222 1255 3433 1317 patrem
3468 1250 3651 1304 obser-

2059 1351 2218 1402 vans,
2260 1352 2393 1391 cum
2423 1336 2519 1393 Dei
2560 1322 2787 1393 oraculo
2816 1346 3044 1395 vocatus
3082 1339 3400 1396 domesticis
3440 1356 3647 1397 renun-

2061 1428 2240 1495 tiavit,
2282 1435 2337 1483 et
2379 1444 2504 1483 eum
2552 1443 2583 1483 a
2624 1446 2734 1500 quo
2779 1441 3006 1486 vocatus
3059 1439 3202 1496 erat,
3262 1439 3486 1488 secutus
3522 1440 3643 1500 est;

2067 1519 2526 1591 quemadmodum
2559 1518 2775 1585 Petrus,
2816 1522 3087 1586 Andreas,
3123 1521 3360 1578 Iacobus
3397 1517 3452 1580 et
3481 1521 3647 1578 Joan-

2060 1621 2167 1661 nes
2224 1611 2414 1676 postea
2471 1605 2742 1663 fecerunt.
2794 1607 2872 1663 Ac
2920 1624 2989 1664 ne
3032 1609 3212 1666 denuo
3256 1611 3358 1666 sim
3408 1612 3643 1683 longior,

1990 1743 2033 1798 Β
2075 1697 2269 1767 paucis
2300 1697 2485 1752 omnia
2519 1699 2873 1768 complectar.
2901 1700 3036 1756 Cum
3069 1703 3236 1772 igitur
3264 1702 3332 1755 ad
3361 1703 3647 1774 nonagesi-

2065 1806 2214 1844 mum
2248 1804 2457 1845 nonum
2499 1791 2674 1847 aetatis
2710 1807 2911 1847 annum
2959 1794 3273 1863 patriarcha
3324 1794 3415 1850 ille
3457 1811 3647 1864 perve-

2063 1882 2256 1948 nisset,
2272 1881 2343 1937 de
2354 1881 2786 1939 circumcisione
2805 1899 2836 1937 a
2860 1882 2969 1939 Deo
2993 1898 3314 1954 responsum
3336 1886 3548 1955 accepit
3571 1886 3640 1940 ὀ.

2062 1973 2193 2030 Inde
2238 1972 2507 2030 Judaismi
2554 1983 2684 2030 nota
2734 1984 2858 2046 post
2895 1976 3149 2046 gentilem
3194 1977 3643 2047 superstitionem

2059 2063 2328 2135 originem
2362 2064 2575 2120 habuit.
2604 2065 2886 2136 Agebatur
2918 2074 3032 2121 tum
3064 2082 3241 2122 annus
3274 2067 3464 2122 mundi
3501 2084 3644 2124 unus

2060 2165 2115 2224 et
2167 2156 2480 2212 tricesimus
2517 2172 2684 2227 supra
2727 2165 2812 2213 ter
2859 2159 3212 2214 millesimum
3259 2173 3325 2214 ac
3375 2160 3638 2230 quadrin-

2063 2248 2448 2319 gentesimum,
2483 2256 2644 2305 aetate
2682 2249 2752 2304 ab
2779 2249 2911 2306 orbe
2944 2248 3166 2305 condito
3207 2251 3378 2307 altera
3413 2262 3468 2307 et
3493 2251 3642 2307 vice-

2053 2554 2209 2633 eham
2259 2553 2492 2633 Europis
2529 2569 2673 2611 anno
2720 2570 2870 2620 χχιι,
2931 2557 3025 2626 qui
3064 2564 3149 2612 est
3179 2557 3248 2612 ab
3282 2558 3438 2633 initio
3482 2562 3638 2633 regni

2053 2624 2294 2702 Sicyonii
2320 2640 2487 2678 Lutv
2513 2642 2526 2679 :
2561 2640 2699 2702 nam_
2721 2624 3141 2702 centumprope
3164 2641 3230 2682 ac
3254 2631 3477 2702 triginta
3509 2624 3641 2687 anni

2055 2695 2199 2749 inter
2218 2703 2520 2765 utramque
2546 2695 2811 2765 epocham
2844 2695 3113 2765 interjccti
3140 2709 3288 2754 sunt.

2123 2764 2233 2838 (5‘2)
2275 2764 2385 2818 Καὶ
2419 2766 2487 2819 ἐκ
2514 2763 2623 2833 τῆς
2661 2765 2773 2838 τοῦ
2798 2763 3030 2838 κόσμου
3064 2768 3419 2838 καταϐολῆς.
3455 2768 3516 2826 In
3541 2789 3641 2829 su-

2054 2836 2271 2905 periore
2293 2850 2533 2911 numero
2561 2836 2808 2911 abet-bis
2854 2837 3010 2911 initio
3041 2838 3109 2890 ad
3149 2836 3401 2911 εἰκοστὴν
3448 2847 3642 2910 γενεάν

2056 2904 2387 2982 numerabat
2396 2908 2587 2982 annos
2610 2904 2751 2982 53932
2772 2921 2785 2956 :
2807 2905 2893 2959 cui
2919 2921 3146 2982 summae
3176 2911 3314 2964 duos
3336 2904 3388 2982 et
3413 2904 3639 2982 triginta

2057 2973 2248 3031 deesse
2278 2977 2344 3030 ad
2368 2973 2510 3028 LXX
2551 2975 2842 3030 Seniorutn
2870 2976 3154 3030 ratiocinia
3190 2973 3521 3037 monuimus.
3544 2981 3640 3036 Vi-

370 3046 528 3109 stias,
556 3048 609 3118 si
638 3045 807 3109 lubet,
858 3047 1245 3116 dispensandi;
1281 3045 1428 3117 quod
1463 3049 1700 3118 otiosum
1753 3045 1826 3102 ac
1847 3064 1948 3102 nu-
1982 3049 2025 3108 ε
2057 3046 2258 3118 gesima
2314 3046 2479 3113 γενεά
2504 3086 2545 3118 ,_
2572 3046 2698 3118 quia
2742 3045 2950 3118 cainan
3002 3049 3502 3118 comprehenditur,
3554 3061 3639 3109 est

370 3117 725 3196 gacissimum
763 3123 870 3196 est,
918 3118 997 3171 Ad
1029 3116 1334 3196 summanr,
1363 3118 1459 3188 qui
1504 3116 1950 3196 Egyptiacarun}

370 3187 641 3256 originum
676 3186 980 3253 historiam,
1015 3186 1411 3257 veritatemque
1439 3186 1700 3257 consequi
1731 3186 1937 3248 studet;

369 3256 741 3325 postulatitias
770 3257 894 3310 illas
923 3258 1184 3329 Scaligeri
1217 3256 1493 3328 periodos,
1517 3266 1572 3313 et
1604 3256 1819 3312 omnem
1845 3258 1944 3329 dy-

369 3329 673 3381 nastiarum
708 3342 960 3397 pompam
1009 3328 1220 3398 rejiciat
1250 3343 1474 3384 necesse
1518 3336 1624 3392 est,
1689 3343 1753 3382 ac
1782 3328 1951 3383 certis

368 3411 427 3451 se
456 3411 726 3452 annorum
758 3398 1060 3466 intervallis
1093 3399 1383 3466 astringat.

439 3467 553 3536 (51)
582 3470 646 3520 Ol
677 3466 748 3536 ἐν
785 3464 1043 3521 Σικυῶνι
1069 3466 1137 3520 δὲ
1166 3464 1361 3536 μόνοι.
1391 3466 1467 3521 Ex
1495 3467 1684 3523 eodem
1710 3465 1950 3521 Eusebio

367 3534 623 3607 strttipSit.
676 3534 784 3590 Sed
820 3536 923 3591 hoc
960 3534 1462 3607 parum—illdeliter,
1512 3537 1657 3607 quod
1713 3539 1948 3607 primum

365 3605 754 3678 Sicyoniorum
782 3605 977 3678 regem
1015 3606 1145 3662 facit
1177 3606 1480 3678 Europem,
1529 3605 1654 3661 cum
1671 3610 1764 3678 _sit
1805 3606 1949 3675 apud

332 3675 664 3747 .l‘IuSebium
716 3675 1037 3731 secundus:
1088 3693 1213 3747 nam
1259 3675 1470 3747 primus
1515 3686 1600 3733 est
1645 3675 1946 3747 Egialeus,

367 3746 461 3815 qui
490 3747 651 3800 annis
682 3761 756 3800 ιιι
806 3747 1074 3818 regnavit.
1108 3745 1821 3818 HuicEuropssuccessh,
1852 3762 1951 3800 cu-

366 3819 454 3885 jus
490 3830 635 3870 anno
672 3830 787 3871 xxu
816 3817 1063 3872 nascitur
1087 3816 1454 3872 Abrahamusl
1488 3816 1945 3886 Antiquissimum

364 3888 470 3940 hoc
493 3887 548 3940 in
587 3886 798 3956 Europa
827 3901 1059 3957 regnum
1093 3886 1213 3957 fuit.
1241 3886 1411 3953 Cujus
1445 3887 1498 3941 in
1531 3885 1692 3957 annis
1721 3885 1946 3957 minime

367 3963 622 4012 auctores
674 3954 1047 4011 consentiunt.
1095 3956 1201 4012 Sed
1244 3971 1436 4027 parum
1484 3956 1778 4010 admodum
1832 3954 1946 4027 fere

366 4027 797 4097 omnes'absunt
843 4040 874 4079 a
915 4027 1181 4097 millenis;
1232 4026 1367 4097 quot
1410 4027 1774 4096 Apollodorus
1802 4026 1944 4094 apud

367 4096 665 4151 Eusebium
706 4103 978 4167 numerat.
1010 4095 1184 4167 Hujus
1226 4095 1380 4166 regni
1428 4095 1473 4150 si
1508 4097 1723 4167 initium
1755 4097 1944 4164 explo-

366 4181 492 4220 rare
516 4166 1039 4236 volumus,_eadem,
1073 4166 1182 4236 qua
1218 4180 1407 4235 supra,
1442 4166 1720 4232 methodo,
1757 4167 1944 4219 consi-

364 4236 647 4306 derandus
671 4244 755 4306 est
787 4234 927 4290 linis.
977 4234 1304 4292 Postremus
1340 4236 1722 4306 Sicyoniorum
1757 4250 1943 4303 regum

363 4305 680 4376 Zeuxippus
731 4304 873 4372 fuit;
924 4307 1085 4375 cujus
1120 4312 1266 4376 ipost
1317 4304 1523 4376 obitum
1572 4305 1941 4375 Agamemnon

364 4374 594 4443 regnuni
626 4375 757 4429 illud
812 4377 1012 4430 invasit
1052 4392 1066 4430 :
1115 4374 1190 4429 ita
1229 4382 1286 4427 ut
1317 4374 1580 4445 deinceps
1617 4374 1772 4445 reges
1801 4376 1937 4445 nulli

363 4442 574 4516 preprii
614 4445 839 4516 [aet-int,
874 4447 985 4516 sed
1003 4446 1327 4516 sacerdotes
1354 4459 1366 4471 '
1403 4442 1618 4499 tametsi
1648 4442 1770 4513 pbst
1800 4442 1941 4516 Zeu-

362 4513 590 4586 iippnm
648 4513 950 4586 Pausanias
1001 4513 1349 4585 Hippolytum
1405 4530 1663 4586 regnasse
1725 4514 1938 4586 scribit,

364 4584 478 4654 quo
517 4586 822 4656 imperante
860 4584 1133 4656 Sicyoniis
1165 4584 1370 4654 potitus
1396 4593 1500 4656 est
1542 4584 1936 4656 Agamemnon.

365 4652 534 4710 Addit
562 4652 620 4709 ei
660 4652 1013 4710 Lacestade'm
1063 4652 1239 4723 regem
1268 4670 1282 4720 ;
1325 4654 1428 4709 sub
1455 4669 1563 4722 quo
1598 4652 1628 4708 a
1665 4652 1940 4709 Doriensi-

364 4727 469 4780 bus
501 4726 741 4794 Sicyonii
783 4725 995 4779 subacti
1025 4732 1175 4794 sunt.
1207 4726 1435 4794 Constat
1459 4724 1622 4793 igitur
1652 4738 1940 4794 propemo-

359 4796 493 4850 dum
524 4792 632 4850 sub
660 4794 956 4863 Trojanum
992 4792 1679 4864 excidiurILSicyOIiiorutii
1707 4792 1939 4848 desiisse

360 4881 619 4935 regnum.
665 4861 902 4935 Tempus
946 4863 1200 4935 ἁλώσεως
1243 4861 1505 4935 Trojanze
1538 4878 1722 4935 annus
1762 4865 1936 4935 estin

360 4931 480 5004 per.
523 4934 633 4988 Jul.
669 4931 831 4998 3551i,
883 4935 1071 4988 mundi
1114 4934 1289 4996 2800,
1324 4931 1446 5003 post
1477 4931 1935 5004 diluviumilﬂ.

361 5003 550 5072 Quare
600 5019 723 5074 cum
754 5006 1126 5074 Agamemnon
1167 5020 1233 5058 xv
1260 5018 1451 5074 annos
1485 5003 1829 5074 regnaverit,
1857 5018 1937 5074 ex

361 5076 568 5146 quibus
599 5090 629 5128 κ
665 5072 918 5146 Trojanae
944 5075 1219 5129 obsidioni
1241 5072 1567 5146 decerpcndi
1603 5081 1753 5146 sunt,
1777 5072 1940 5141 quin-

360 5143 469 5215 que
532 5144 725 5215 primis
787 5145 1074 5215 Sicyonem
1128 5143 1493 5215 expugnavit.
1525 5143 1704 5215 Coepit
1753 5150 1935 5195 autem

358 5212 761 5284 Agamemnon,
812 5212 1111 5284 ut'eodem
1161 5229 1305 5284 anno
1361 5213 1592 5284 desiisse
1630 5212 1934 5284 tingamus,

358 5281 471 5358 quo
495 5284 661 5358 Trnja
683 5290 792 5358 _est
820 5283 1025 5358 e_xc_is_a.
1058 5298 1173 5358 per.
1213 5281 1324 5358 Jul;
1359 5282 1516 5345 3516,
1548 5282 1734 5358 mundi
1772 5281 1934 5358 2786,

398 5365 486 5411 ost
528 5353 793 5421 diluvium
840 5352 1000 5407 1150.
1046 5352 1228 5419 Quare
1282 5353 1325 5408 si
1375 5367 1520 5406 anno
1565 5352 1717 5421 regni
1761 5354 1937 5420 primo

404 5419 700 5493 euxippum
733 5423 882 5493 vicit,
936 5437 1000 5476 ac
1034 5423 1191 5491 primi
1236 5421 1315 5493 illi
1363 5437 1549 5491 regum
1581 5419 1710 5493 anni
1745 5419 1936 5493 termi-

359 5497 475 5551 nati
517 5490 668 5551 sunt,
711 5490 1084 5562 allirmanduin
1114 5500 1200 5562 est
1229 5490 1612 5562 Sicyoniorum
1648 5492 1935 5562 imperium

358 5567 553 5621 iniisse
598 5578 747 5617 anno
784 5569 909 5631 post
957 5561 1221 5616 diluvium
1265 5560 1503 5631 circiter“
1530 5577 1710 5616 currv.
1774 5560 1937 5631 paulo

395 5642 483 5689 ost
516 5629 869 5703 Assyriorum
910 5631 1217 5703 exordium.
1262 5629 1342 5703 lla
1396 5631 1591 5686 falsum
1627 5633 1750 5693 erit,
1778 5629 1936 5700 quod

395 5652 483 5689 USI
516 5652 869 5703 assyrtorum
910 5652 1217 5687 CXOI'UIUIII.
1263 5652 1342 5684 lla
1396 5652 1591 5686 ιιιιδιιιυ
1627 5652 1750 5693 ειῚι,
1789 5652 1936 5700 quo"

358 5652 633 5763 Eusebius
671 5703 852 5773 Operis
884 5703 1039 5757 initio
1068 5700 1318 5772 praeﬁxit,
1349 5708 1530 5757 ortum
1553 5717 1675 5760 esse
1701 5703 1936 5773 patriar—

2058 3113 2236 3170 Thare
2282 3123 2472 3174 ortus:
2521 3113 2816 3169 Abrahami
2859 3130 3008 3176 vero,
3044 3113 3152 3170 xxi.
3196 3116 3277 3171 Ad
3326 3113 3639 3177 hanc'anni

2057 3193 2189 3260 sunt
2227 3201 2293 3240 ex
2347 3184 2494 3239 LXX
2544 3186 2684 3240 5454
2705 3225 2718 3250 ,
2750 3200 2947 3260 nempe
2974 3186 3175 3260 additis
3209 3187 3387 3244 Thare
3416 3200 3637 3260 septua-

2053 3256 2229 3329 ginta,
2258 3266 2392 3329 quot
2412 3264 2530 3315 erat
2558 3263 2744 3329 natus,
2768 3271 2892 3329 cum
2922 3257 3293 3329 Abrahatnum
3318 3256 3526 3329 genuit.
3552 3263 3638 3318 Ad

2053 3325 2351 3396 Abrahami
2396 3340 2563 3396 porro
2624 3327 3139 3396 circumcisionem,
3185 3325 3638 3387 anni'lluxerunt

2053 3395 2216 3465 5552.
2270 3395 2434 3465 Atqui
2470 3396 2807 3465 Epiphanius
2853 3395 2923 3448 ab
2950 3397 3081 3451 orbe
3111 3400 3331 3452 condito
3365 3400 3429 3453 ad
3462 3403 3637 3457 Abra-

2054 3464 2200 3539 hami
2222 3480 2314 3539 _xc,
2338 3464 2450 3536 quo
2475 3464 2920 3539 circumcisionis
2940 3476 3270 3539 praeceptum
3295 3470 3498 3523 editum
3527 3481 3633 3539 est,

2052 3541 2106 3588 et
2132 3532 2449 3591 Judaismus
2475 3536 2710 3605 occmpit
2739 3577 2753 3600 ,
2785 3532 3002 3590 nonnisi
3035 3532 3175 3591 5452
3204 3554 3379 3592 annos
3409 3532 3636 3598 enume;

2051 3612 2156 3659 rat.
2203 3607 2317 3678 Aut
2364 3606 2530 3675 igitur
2564 3607 2898 3659 πεντακόσια
2946 3620 3045 3674 pro
3093 3609 3422 3678 τετρακόσια
3462 3612 3630 3667 resti-

2051 3674 2315 3751 tuendum
2372 3674 2499 3751 est:
2531 3683 2827 3751 aut_certe
2880 3690 3148 3751 summam
3193 3674 3344 3751 illam
3401 3696 3510 3734 non
3564 3683 3634 3751 ad

2050 3740 2225 3799 lsaaci
2257 3748 2488 3800 natalem
2513 3788 2527 3809 ,
2569 3745 2654 3799 vel
2685 3746 3158 3800 circumcisionem
3183 3747 3497 3812 Abrahami,
3537 3742 3634 3807 sed

2048 3815 2224 3887 ipsius
2255 3822 2444 3887 ortum
2466 3816 2768 3887 Abrahami
2791 3815 3064 3884 perduxit,
3098 3816 3202 3887 hoc
3233 3829 3318 3872 est
3340 3820 3404 3873 ad
3436 3835 3531 3887 nt
3561 3822 3632 3876 ab

2047 3883 2256 3938 Adamo
2291 3885 2504 3952 γενεάν.
2535 3884 2649 3939 Hoc
2684 3886 2731 3939 si
2758 3883 2832 3938 ita
2868 3901 2974 3948 εει,
3005 3892 3117 3937 tum
3146 3886 3200 3939 in
3232 3888 3371 3940 viam
3406 3883 3631 3944 redierit

2050 3952 2410 4028 Epiphanius,
2430 3965 2483 4009 et
2504 3954 2903 4028 x_xxl'ere_illos
2930 3970 3111 4028 annos
3138 3958 3460 4028 restituerit,
3484 3974 3625 4028 quos

2049 4041 2079 4077 a
2125 4025 2409 4098 superiore
2461 4024 2913 4098 calculo_abesse
2951 4023 3294 4098 docuimus_:
3332 4026 3437 4098 nisi
3480 4023 3628 4098 q'uod

2046 4100 2159 4147 tres
2210 4094 2434 4148 omnino
2481 4095 2611 4148 anni
2672 4094 3086 4157 desiderantur;
3123 4095 3267 4163 quod
3302 4094 3511 4152 nullius
3543 4112 3630 4154 est

2046 4165 2329 4217 momenti.

2120 4233 2235 4306 (35)
2269 4232 2609 4306 Σκυθισμὸς
2633 4232 2889 4306 γὰρ-ἀπὸ
2918 4231 3023 4286 τοῦ
3044 4235 3503 4306 Δκατακλυσμοῦ.
3545 4238 3628 4293 Ad

2047 4300 2280 4375 Seruch,
2315 4300 2510 4371 inquit,
2538 4300 2822 4375 etturrim
2856 4319 2868 4354 :
2900 4303 3057 4375 quasi
3094 4300 3423 4375 Babylonica
3453 4310 3625 4364 turris

2048 4369 2275 4427 Seruchi
2304 4369 2548 4443 tempore
2568 4373 2640 4427 sit
2665 4369 2967 4443 exstructa.
2999 4372 3153 4438 Quod
3188 4369 3492 4430 secundum
3522 4377 3629 4431 La-

2047 4443 2191 4497 tinos
2241 4441 2460 4498 defendi
2509 4453 2719 4513 potest;
2771 4441 3083 4497 Graecorum
3132 4459 3262 4499 vero
3319 4448 3627 4503 rationibus

2045 4523 2331 4587 repugnat.
2369 4513 2584 4587 Etenim
2621 4513 2895 4587 Geneseos
2925 4529 2982 4579 κ,
3024 4513 3114 4578 25,
3176 4513 3357 4587 ﬂeber
3390 4514 3627 4587 Phalego

2046 4581 2156 4652 lilio
2194 4581 2403 4637 nomen
2447 4584 2704 4652 imposuit
2748 4585 2817 4652 ab
2863 4594 3056 4637 eventu
3096 4600 3109 4636 :
3160 4584 3314 4650 Quod
3347 4587 3399 4638 in
3442 4581 3625 4640 diebus

2042 4651 2157 4719 ejus
2191 4653 2364 4706 divisa
2416 4654 2486 4725 ait
2528 4651 2869 4725 iterra._iioc
2917 4654 3112 4722 partim
3154 4654 3395 4709 ‘Heberis
3445 4657 3621 4725 ipsius

2044 4728 2308 4791 tempore,
2358 4724 2518 4789 paulo
2550 4731 2677 4792 ante
2716 4721 2917 4792 Phaleg
2958 4733 3139 4777 ortum
3184 4721 3624 4780 accidisse—cen-

2043 4799 2200 4857 sent;
2240 4793 2436 4861 partim
2482 4792 2586 4847 sub
2616 4791 2839 4862 Phalcg,
2884 4791 2955 4863 ει
2988 4794 3041 4846 in
3074 4792 3257 4846 diebus
3286 4796 3471 4863 ipsius.
3515 4795 3621 4859 Qui

2043 4864 2401 4927 posteriorem
2434 4871 2639 4916 sectam
2670 4870 2876 4926 tenent,
2916 4862 3176 4917 Hebcrem
3207 4862 3396 4916 dicunt
3431 4863 3615 4920 alilatu

2042 4932 2362 5003 prophetico
2389 4933 2742 5001 praesensisse
2764 4933 3087 5003 divisionem
3113 4932 3280 4999 illam,
3313 4949 3475 5002 quam
3499 4946 3624 5003 post

2041 5001 2261 5071 Phalegi
2290 5010 2469 5071 ortum
2501 5003 2801 5071 quamlibet
2833 5003 3011 5071 longe,
3053 5002 3271 5068 impune
3306 5001 3453 5057 certe
3486 5001 3620 5057 sub-

2042 5070 2281 5141 movent.
2319 5070 2540 5126 Tertius
2589 5086 2617 5123 a
2667 5070 2905 5141 Phalegoﬁ
2940 5070 3157 5125 Seruch
3191 5079 3305 5137 est;
3341 5072 3433 5141 qui
3474 5087 3619 5128 anno

2043 5141 2185 5211 apud
2235 5140 2457 5196 Latinos
2500 5142 2673 5196 aetatis
2715 5140 3167 5211 xxx’Naclrorem
3211 5140 3432 5211 genuit,
3493 5158 3620 5199 cum

2041 5210 2243 5280 Phalcg
2269 5226 2376 5265 και
2428 5219 2632 5280 ageret.
2663 5211 2842 5280 Quare
2871 5211 2973 5280 sub
3001 5210 3249 5265 Serucho
3274 5215 3443 5268 turris
3481 5214 3618 5268 tedi-

2044 5281 2193 5335 ﬁcari
2219 5278 2416 5350 potuit.
2452 5278 2652 5350 Verum
2686 5286 2788 5334 hoc
2815 5278 2959 5333 LXX
2998 5280 3285 5336 Seniorum
3320 5285 3612 5339 ratiocinia

2040 5367 2150 5405 non
2191 5349 2394 5404 ferunt.
2441 5349 2582 5421 Nam
2630 5351 2698 5403 ah
2734 5359 2857 5403 ortu
2905 5350 3146 5421 Pbalieg,
3195 5353 3261 5406 ad
3313 5355 3618 5412 Seruchum

2041 5421 2168 5475 anni
2206 5429 2334 5475 sunt
2363 5418 2763 5495 apudnGrtecos
2790 5435 3005 5495 ccr.xu_._
3030 5418 3177 5475 Vixit
3207 5429 3386 5495 autem
3417 5423 3620 5495 Phaleg

2041 5506 2230 5562 annos
2248 5506 2355 5544 non
2381 5491 2616 5562 amplius
2644 5504 2899 5545 ccxxxtx.
2961 5491 3080 5547 Non
3109 5499 3285 5562 potest
3314 5493 3477 5562 igitur
3515 5491 3620 5548 sub

2043 5559 2287 5631 Set-ueho
2314 5559 2546 5631 excitata
2573 5575 2694 5631 esse
2724 5563 2913 5631 turris.
2954 5562 3000 5616 si
3028 5559 3248 5631 quidem
3284 5559 3409 5617 vivo
3440 5563 3619 5618 adhuc

2041 5628 2295 5699 Phalego,
2319 5639 2369 5682 et
2401 5631 2454 5684 in
2488 5629 2674 5684 diebus
2693 5630 2805 5696 eius
2827 5632 2998 5686 divisa
3031 5628 3099 5686 sit
3132 5641 3291 5687 terra.
3329 5632 3453 5689 Ideo
3477 5635 3614 5687 πλα-

2040 5698 2224 5764 τνκῶς
2257 5698 2595 5771 Epiphanius
2634 5700 2793 5770 dixit,
2832 5702 2960 5774 ἄχρι
2994 5701 3088 5756 τοῦ
3123 5702 3358 5772 πύργου,
3391 5706 3484 5759 καὶ
3522 5702 3616 5757 τοῦ

2827 5796 2867 5831 Ο
