3968 6160
375 271 482 328 203

1798 264 1855 322 S.
1896 258 2245 322 ΕΡΙΡΗΑΝΙῙ

3540 262 3654 329 ἴθι

375 388 539 452 ratio,
570 387 902 457 minimeque
949 383 1185 441 coltzeret
1232 383 1351 455 ipsa
1390 398 1601 448 secum,
1640 397 1763 437 eum
1810 364 1945 438 tn‘el

2069 383 2386 455 Ὀμολογεῖς
2434 381 2533 452 μὲν
2570 383 2681 453 γάρ
2723 399 2840 435 τινα
2885 376 3025 435 εἶναι
3067 371 3431 456 δημισυργδν,
3463 385 3522 440 ὃν
3558 392 3651 442 καὶ.

375 481 626 550 opificem
681 478 973 551 quemdam
1022 477 1270 533 omnium
1323 491 1506 532 rerum
1559 491 1683 532 esse
1733 475 1956 541 fateare,

374 589 534 644 quem
564 572 728 627 etiam
764 570 1198 641 omnipotentem
1244 569 1469 633 asseris,
1501 577 1554 622 et
1585 567 1640 621 in
1678 582 1744 621 eo
1777 575 1959 620 tamen

371 669 494 738 ipso
526 665 878 720 divinitatum
918 662 1156 718 divortia
1184 662 1514 717 constituas.
1537 659 1639 729 13
1655 658 1959 728 Cujusnam

370 772 500 811 vero
520 756 718 811 artifex
746 755 852 810 erit
876 754 989 821 ille,
1018 754 1065 809 si
1091 753 1319 824 aequalis
1342 762 1589 822 tempore
1618 750 1844 805 materia
1870 764 1960 819 po-

371 849 556 904 nitur?
579 847 696 902 Erit
728 849 873 903 enim
902 861 998 917 per
1027 860 1149 901 sese
1180 845 1381 901 suimet
1415 845 1535 914 ipsa
1570 842 1736 913 juris,
1767 849 1957 910 utpote

370 956 493 1012 quae
527 955 556 993 a
586 940 739 994 nullo
762 940 835 994 sit
864 938 1097 1008 originis
1124 937 1398 1009 principio
1421 934 1679 998 deducta,
1712 933 1958 1002 adeoque

371 1032 619 1100 subjecta
652 1031 877 1086 nemini.
911 1029 1066 1096 Quod
1100 1030 1147 1085 si
1175 1030 1252 1084 ab
1278 1044 1363 1095 ea,
1397 1026 1701 1099 producere
1741 1036 1804 1079 ut
1833 1039 1957 1095 pos-

371 1133 473 1187 set,
501 1122 687 1194 opifex
712 1124 804 1194 qui
840 1139 961 1179 eam
991 1131 1188 1179 nactus
1235 1130 1321 1177 est
1366 1120 1660 1190 acceperit,
1690 1117 1957 1172 nonnulla

373 1215 487 1269 hzec
519 1230 643 1271 esse
689 1215 850 1270 debet
891 1215 1040 1269 illius
1084 1212 1455 1278 imbecillitas,
1492 1225 1556 1264 ac
1595 1210 1743 1265 velut
1777 1208 1956 1278 egenti

276 1296 279 1297 ⁷
371 1304 516 1359 facta
543 1305 881 1360 contributio
911 1324 926 1360 :
963 1304 1226 1358 nimirum
1253 1303 1343 1373 qui
1373 1317 1483 1356 non
1513 1301 1743 1372 privatis
1768 1315 1835 1355 ex
1863 1316 1957 1353 co-

369 1395 497 1463 piis,
532 1394 627 1450 sed
660 1411 727 1449 ex
753 1395 931 1449 aliena
975 1395 1203 1449 materia
1247 1408 1409 1447 suum
1445 1404 1582 1461 opus
1611 1391 1952 1462 prastiterit.

367 1483 486 1539 Jam
517 1486 650 1541 illud
688 1486 755 1540 de
786 1486 1093 1540 animarum
1122 1486 1178 1539 in
1217 1485 1395 1539 aliena
1434 1496 1668 1554 corpora
1694 1482 1955 1546 tmnsitu,

366 1585 627 1647 quantam
673 1578 728 1631 in
776 1585 833 1633 te
873 1578 1148 1634 levitatem
1179 1578 1488 1648 depravata:
1518 1576 1719 1630 mentis
1753 1574 1953 1645 arguit,

365 1670 460 1739 qui
506 1677 561 1723 et
606 1669 890 1739 sapientia:
924 1670 1157 1741 gloriam
1204 1668 1450 1733 affectas,
1483 1676 1534 1722 et
1580 1682 1764 1722 rerum
1811 1666 1955 1734 apud

2064 475 2480 548 παντοκράτορα
2505 476 2612 546 φής
2631 492 2644 505 ·
2666 476 2856 529 τοῦτον
2881 475 2939 528 δὲ
2963 474 3205 548 μερίζεις
3227 479 3309 540 είς
3336 477 3647 534 πολυθεῖαν.

2063 562 2222 625 Τίνος
2252 562 2297 614 δ’
2329 562 2395 616 ἂν
2446 563 2532 634 εἴη
2571 563 2937 634 δημιουργὸς,
2983 566 2999 594 ¹
3053 565 3085 634 ἢ
3128 565 3427 638 σύγχρονος
3478 570 3562 641 εἴη
3618 573 3651 641 ἢ

2064 653 2198 724 ὓλη;
2233 655 2426 706 Ἔσται
2474 651 2585 725 γὰρ
2623 652 2745 707 καθ’
2792 654 2992 724 ἑαυτὴν
3037 656 3240 725 ἑαυτῆς
3288 656 3649 721 δεσπόζουσα,

2060 745 2092 812 ἡ
2125 743 2199 813 μὴ
2229 744 2338 795 ἀπὸ
2360 742 2533 796 αἰτίου
2568 742 2713 807 τινὸς
2743 741 2981 796 λαϐοῦσα
3007 742 3106 813 τὴν
3134 744 3314 815 ἀρχὴν
3346 784 3362 808 ,
3413 746 3511 798 καὶ
3549 748 3653 816 οὐχ

2061 835 2498 906 ὑποτασσομένη.
2545 835 2610 887 El
2665 835 2723 888 δὲ
2772 837 2801 887 ὃ
2850 834 3182 906 δημιουργὸς
3243 836 3393 906 παρὰ
3445 836 3652 908 ταύτης
3698 860 3713 889 ι

2060 926 2324 996 λαμϐάνει
2359 925 2630 997 προϐολὴν
2663 926 2868 997 ταύτην
2899 926 3222 998 εὑράμενος,
3259 927 3519 1000 ἁδράνειά
3566 945 3653 991 τις

2061 1020 2127 1073 ἂν
2175 1018 2260 1090 είη
2309 1021 2402 1073 καὶ
2432 1018 2625 1091 ἔρανος
2660 1020 2727 1073 δι’
2758 1020 2992 1091 ἀπορίαν
3035 1018 3112 1089 τῷ
3153 1021 3653 1092 προσ-πορισαμένῳ

2058 1112 2159 1163 οὐκ
2186 1111 2293 1163 ἀπὸ
2330 1110 2439 1163 τῶν
2478 1110 2643 1173 ἰδίων,
2678 1109 2794 1162 ἀλλ’
2832 1109 2890 1175 ἐξ
2923 1109 3300 1179 ὑποκειμένων
3327 1110 3649 1181 ἀλλοτρίων,

2058 1200 2206 1261 ὅπως
2246 1200 2308 1252 τὸ
2352 1199 2484 1253 ἴδιον
2516 1200 2883 1269 ὕποστήσεται
2922 1197 3336 1270 δημιούργημα.
3376 1200 3488 1252 Καὶ
3519 1202 3653 1270 περὶ

2057 1294 2150 1349 τοῦ
2185 1295 2295 1348 τῶν
2334 1293 2522 1364 ψυχῶν
2562 1292 2940 1364 μεταγγισμοῦ
2986 1294 3153 1365 πολλή
3196 1312 3281 1358 τις
3312 1297 3343 1365 ἡ
3374 1295 3653 1367 φαυλότης

2056 1386 2155 1457 τῆς
2183 1399 2537 1455 παραπεποιη
2548 1385 2719 1456 μένης
2748 1402 2843 1438 σου
2880 1385 3120 1450 διανοίας
3147 1424 3160 1449 ,
3197 1385 3516 1457 ὲθελόσοφε,
3553 1391 3651 1441 καὶ

2057 1477 2259 1546 γνῶσιν
2326 1475 2633 1557 ἀνθρώποις
2683 1477 3121 1549 ὲπαγγελλόμενε
3155 1479 3168 1530 ι
3206 1477 3268 1531 Ei
3312 1478 3420 1551 γὰρ
3479 1481 3649 1550 μέρος

2057 1569 2193 1623 Θεοῦ
2222 1569 2457 1640 ὑπάρχει
2499 1569 2594 1622 καὶ
2648 1568 2945 1633 ἀθάνατος,
2986 1570 3215 1639 σώματα
3245 1570 3303 1624 δὲ
3357 1570 3553 1643 οἰκτρά
3585 1571 3648 1623 οὗ

2065 1662 2224 1731 μόνον
2250 1659 2461 1730 εἴποιμι
2496 1658 2680 1731 θηρῶν
2709 1676 2767 1713 τε
2810 1661 2903 1713 καὶ
2932 1659 3180 1731 ἑρπετῶν
3218 1661 3315 1714 καὶ
3358 1661 3651 1716 κνωδάλων

366 1761 619 1816 homines
651 1761 937 1816 scientiam
966 1761 1273 1831 proﬁteris!
1323 1759 1458 1813 Nam
1497 1760 1541 1814 si
1568 1774 1694 1828 pars
1738 1766 1822 1813 est
1862 1759 1945 1811 illa

2055 1751 2330 1818 δυσγενῶν
2365 1753 2433 1821 τῇ
2470 1751 2665 1804 πλάσει
2710 1752 2879 1822 αὐτῆς
2916 1749 3238 1816 συνάπτεις,
3264 1755 3330 1824 τῇ
3364 1754 3474 1806 ἀπὸ
3508 1753 3649 1808 Θεοῦ

366 1847 485 1913 Dei,
517 1858 572 1902 et
600 1850 820 1920 quidem
842 1849 1204 1915 immortalis;
1239 1856 1295 1902 tu
1324 1863 1453 1903 vero
1479 1848 1545 1902 ad
1574 1846 1952 1902 infelicissima

365 1939 557 1995 nescio
589 1956 712 2010 quae
740 1920 972 2011 θοι-ρεξτε
1002 1956 1114 1996 non
1146 1939 1383 1994 ferarum
1412 1939 1596 2005 modo,
1626 1939 1718 1995 sed
1749 1947 1803 1993 et
1833 1952 1951 1992 ser-

2061 1842 2203 1896 κατά
2221 1843 2280 1894 σὲ
2297 1842 2395 1913 τὴν
2417 1842 2606 1894 οὐσίαν
2636 1859 2805 1913 κεκτη
2815 1844 2950 1914 μένῃ
2975 1858 2988 1871 ·
3019 1843 3113 1896 καὶ
3129 1844 3180 1896 τί
3200 1844 3265 1898 ἂν
3285 1844 3496 1913 γένοιτο
3524 1844 3645 1897 τού-

2060 1946 2155 1987 του
2192 1932 2622 2003 μοχθηρότερον;

366 2039 614 2101 pentum,
640 2046 703 2086 ac
737 2030 1132 2087 vilissimorum
1169 2030 1550 2093 animantium,
1620 2027 1989 2084 conditionem
2030 2024 2176 2078 illius
2224 2021 2478 2088 dimittis,
2514 2036 2636 2092 quae
2687 2026 2961 2087 naturam,
3020 2030 3072 2078 te
3114 2023 3337 2095 quidem
3393 2033 3646 2092 auctore,

364 2127 620 2181 haustam
651 2140 682 2179 a
712 2124 825 2179 Deo
858 2132 911 2179 et
948 2140 1266 2193 expressam
1294 2125 1557 2191 obtinuit;
1592 2132 1771 2195 potest
1796 2122 2093 2193 quidquam
2124 2134 2187 2173 ea
2220 2133 2278 2172 re
2311 2133 2431 2173 eSse
2462 2118 2815 2188 perversius?

434 2212 519 2277 Ill.
558 2213 630 2268 At
666 2214 830 2268 etiam
862 2212 1052 2269 Fatum
1088 2215 1248 2269 nobis
1281 2215 1496 2286 objlcis,
1542 2230 1572 2268 a
1613 2231 1723 2285 quo
1761 2214 1945 2269 omnia

361 2302 809 2374 proficiscantur,
846 2321 969 2375 qua:
998 2315 1106 2360 tam
1146 2294 1384 2374 homini,
1416 2321 1580 2377 quam
1610 2308 1826 2363 caeteris
1859 2323 1947 2363 re-

363 2397 470 2452 bus
495 2396 773 2451 accidunt.
807 2396 1009 2452 Verum
1053 2414 1185 2463 uno,
1235 2414 1409 2469 eoque
1437 2398 1769 2454 brevissimo
1800 2400 1949 2455 dicto

362 2497 517 2542 tuum
562 2488 698 2543 illud
739 2494 1109 2542 commentum
1150 2500 1457 2544 evanescet.
1507 2490 1566 2543 Si
1614 2489 1761 2543 enim
1802 2488 1945 2544 istud

363 2581 584 2647 ipsum;
641 2579 968 2649 sapientem,
1008 2594 1072 2633 ac
1130 2580 1453 2648 prudentem
1516 2580 1674 2646 fieri;
1722 2582 1948 2637 rationis

363 2670 688 2740 participem
732 2677 1126 2740 expertemque
1174 2672 1350 2736 nasci,
1410 2672 1737 2743 reliquaque
1782 2673 1948 2742 hujus

362 2761 584 2830 generis
624 2760 720 2815 fati
768 2762 1078 2817 necessitas
1124 2760 1319 2829 aliert;
1370 2763 1568 2819 sileant
1615 2764 1838 2819 decreta
1880 2766 1949 2819 le-

360 2868 490 2924 gum
521 2853 705 2908 omnia
747 2853 993 2924 :quippe
1041 2868 1166 2907 cum
1206 2854 1262 2908 in
1305 2855 1584 2913 adulteros
1623 2856 1948 2912 sceleratos-

360 2960 470 3015 que
511 2952 743 3000 caeteros
775 2942 872 2997 fati
900 2944 984 2998 vis
1036 2944 1126 2996 illa
1176 2942 1507 2999 dominetur.
1553 2944 1698 3002 Sane
1726 2947 1944 3016 quidem
1974 2979 2016 3035 Ο

357 3034 563 3103 jnstius
589 3034 658 3087 ab
691 3034 890 3097 stellis,
934 3049 1055 3104 quae
1078 3035 1465 3089 necessitatem
1496 3037 1737 3107 pariunt,
1771 3054 1947 3109 poma:

361 3131 715 3194 repetantur,
745 3138 910 3192 quam
946 3123 1015 3177 ab
1043 3139 1109 3177 eo
1145 3125 1237 3195 qui
1277 3126 1422 3196 quod
1458 3127 1569 3199 agit
1596 3129 1822 3183 omnino
1852 3144 1945 3183 co-

362 3225 521 3270 actus
540 3215 877 3285 aggreditur.
900 3215 1073 3285 Atque
1096 3225 1156 3271 ut
1178 3217 1227 3271 id
1255 3219 1360 3271 alia
1388 3221 1599 3274 ratione
1620 3221 1896 3291 disputem
1926 3242 1938 3277 :

361 3306 410 3362 si
440 3305 515 3359 ita
552 3306 630 3358 uti
663 3307 852 3360 volunt
887 3322 948 3361 se
976 3323 1065 3362 res
1096 3308 1291 3374 habet;
1321 3310 1553 3381 agedum
1583 3312 1787 3367 schola:
1810 3328 1946 3367 con-

360 3398 631 3453 ticescant
664 3417 677 3451 :
707 3398 964 3454 desinant
1012 3402 1296 3472 sophistae,
1344 3404 1614 3472 rhetores,
1670 3421 1944 3475 gramma—

360 3491 481 3557 tici,
508 3490 723 3557 medici,
762 3501 1080 3565 catterceque
1131 3494 1397 3553 doctrinae
1444 3513 1659 3563 omnes,
1712 3498 1944 3554 illibera-

359 3582 494 3636 lium
517 3582 716 3637 artium
743 3584 1031 3640 innumera
1065 3588 1380 3643 multitudo.
1417 3588 1525 3644 Nec
1559 3591 1757 3646 doceat
1787 3592 1941 3646 dein-

359 3689 490 3745 ceps
541 3676 858 3747 quispiam;
915 3677 962 3733 si
1026 3680 1249 3750 quidem
1290 3679 1410 3736 Fati
1468 3682 1770 3750 beneficio,
1828 3702 1940 3741 non

358 3764 682 3820 litterarunr
699 3766 1014 3839 disciplina,
1048 3771 1236 3841 generi
1267 3772 1510 3831 humano
1548 3775 1779 3830 scientia
1807 3793 1941 3847 sup-

357 3858 584 3927 peditat.
618 3856 755 3913 Nam
787 3859 835 3914 si
864 3860 1059 3916 doctos
1099 3872 1262 3935 atque
1294 3865 1541 3921 eruditos
1569 3865 1782 3923 efﬁcere
1818 3868 1939 3922 Fati

358 3951 666 4007 necessitas
694 3963 896 4022 peteSt,
926 3969 1088 4010 nemo
1122 3958 1443 4027 praeceptori
1479 3967 1639 4015 navet
1671 3974 1895 4030 Operam
1923 3980 1935 4014 :

358 4041 455 4095 sed
497 4042 604 4096 illae
653 4044 891 4098 stamina
933 4045 1216 4103 trahentes
1248 4046 1437 4105 Parca:
1488 4051 1707 4120 ingenia
1758 4051 1938 4104 homi-

359 4146 491 4184 num
515 4131 821 4200 disciplinis
849 4135 1122 4200 imbuant,
1152 4140 1611 4207 quemadmodum
1644 4140 1794 4194 inani
1838 4140 1941 4195 fal-

359 4233 531 4288 soque
559 4219 653 4273 illo
672 4218 924 4290 dogmate
952 4224 1247 4292 profiteris.

802 4330 907 4403 ιι
937 4330 1026 4385 ns
1062 4331 1497 4399 PLATONICIS.

503 4411 635 4479 Qua:
664 4429 740 4473 est
771 4421 987 4477 heresis
1020 4425 1296 4493 gentilium
1329 4427 1355 4480 I
1373 4426 1436 4492 γ,
1471 4432 1658 4485 ordine
1700 4428 1793 4484 ῑἸ.

429 4590 555 4648 ﬂare
605 4599 799 4648 contra
846 4592 1124 4650 Zenonem
1184 4608 1237 4654 et
1279 4598 1496 4658 Stoicos
1542 4602 1688 4662 dicta
1751 4617 1937 4664 sunto.

356 4686 514 4753 Quod
552 4684 622 4740 ad
650 4685 937 4742 Platonem
964 4688 1178 4755 attinet,
1209 4690 1265 4745 in
1312 4696 1503 4749 eodem
1535 4696 1582 4752 is
1613 4697 1728 4754 luto
1754 4716 1938 4759 versa-

328 4785 464 4845 ,tur.
499 4776 636 4831 Nam
659 4775 729 4834 de
765 4777 1076 4832 animarum
1100 4794 1165 4835 ex
1196 4781 1319 4839 aliis
1349 4784 1404 4837 in
1428 4785 1535 4841 alia
1565 4802 1796 4860 corpora
1819 4800 1934 4847 tra-

322 4862 614 4937 ‘jectione,
650 4884 717 4926 ac
757 4869 1169 4940 vicissitudine;
1201 4873 1379 4945 deque
1421 4880 1774 4939 multitudine
1806 4885 1939 4941 deo-

357 4971 501 5024 rum,
542 4976 607 5015 ac
643 4963 873 5034 reliquis
902 4962 1228 5020 idololatria:
1274 4970 1797 5044 superstitionisque
1839 4993 1933 5047 ge-

355 5051 579 5107 neribus
615 5054 806 5110 eadem
842 5063 928 5112 est
956 5056 1106 5114 illius
1144 5060 1439 5115 sententia.
1475 5061 1583 5118 Sed
1608 5064 1675 5121 de
1705 5071 1933 5126 materia

355 5143 591 5200 fortasse
616 5161 726 5201 non
752 5149 981 5206 omnino
1007 5165 1133 5207 eum
1156 5152 1378 5213 Zenone
1405 5156 1717 5228 Stoicisque
1745 5166 1930 5220 sentit.

430 5302 444 5331 '
480 5298 644 5356 Forte
681 5302 730 5355 εί
764 5299 1079 5375 σύγχρονος.

428 5455 540 5533 (l9)
585 5456 669 5533 Tj
690 5456 1235 5533 μετενσῳμᾳτὼσει.
1280 5460 1538 5519 Socrates
1568 5465 1709 5533 apud
1742 5463 1920 5524 Plato-

356 5526 481 5580 nem
516 5527 572 5580 in
603 5526 871 5582 Pltizdone
903 5526 970 5582 de
1004 5528 1108 5582 hoc
1141 5532 1391 5587 dogmate
1418 5535 1503 5587 dis

351 5667 424 5725 de
455 5666 632 5722 anima
666 5669 999 5738 redarguens
1029 5686 1043 5720 :
1078 5666 1189 5719 Νῦν
1224 5674 1316 5737 μὲν
1356 5674 1459 5736 --ὲςι
1495 5673 1659 5742 αὐτὴν
1688 5666 1787 5745 τῆς
1824 5679 1917 5731 τοῦ

1972 4338 2021 4397 D
2086 4295 2098 4311 .

2128 2211 2200 2269 I".
2234 2209 2591 2281 Εἱμαρμένην
2614 2208 2672 2262 δὲ
2702 2209 3081 2280 παρεισάγεις,
3107 2208 3182 2273 ὡς
3216 2210 3274 2276 ἐξ
3301 2212 3473 2282 αὐτῆς
3499 2215 3646 2281 γίνεο
3716 2196 3719 2201 ’

2054 2302 2176 2356 σθαι
2217 2302 2288 2355 τὰ
2320 2300 2400 2371 τῷ
2439 2300 2712 2385 ἀνθρώπῳ
2758 2299 3123 2371 συμδαίνοντα
3168 2302 3264 2355 καὶ
3309 2302 3510 2367 ἀλλοις.
3556 2307 3646 2373 Ἐξ

2052 2395 2169 2458 ἑνὸς
2201 2393 2255 2446 δὲ
2288 2391 2451 2464 ῥητοῦ
2476 2392 2542 2446 δι’
2567 2392 2834 2462 ἐπιτομῆς
2859 2391 2954 2445 τοῦ
2987 2392 3169 2461 λόγου,
3198 2395 3646 2469 ἁνατραπήσεται

2052 2489 2086 2558 η
2111 2487 2178 2557 σὴ
2214 2485 2525 2556 μυθοποιία.
2572 2484 2634 2536 El
2678 2484 2787 2555 γὰρ
2827 2484 3172 2557 εἱμαρμένης
3203 2487 3263 2539 τὸ
3301 2487 3644 2556 σοφίζεσθαι,
3724 2559 3736 2567 .

2051 2576 2111 2629 τὸ
2137 2575 2527 2642 συνετίζεσθαι,
2548 2576 2609 2629 τὸ
2632 2575 2849 2644 λογικὸν
2887 2576 3179 2644 γεννᾶσθαι
3202 2578 3294 2630 καὶ
3316 2577 3534 2647 ἄλογον,
3552 2582 3641 2633 καὶ

2050 2668 2120 2720 τὰ
2148 2666 2284 2721 ἀλλα
2317 2668 2517 2731 πάντα,
2543 2667 2947 2720 παυσάσθωσαν
2988 2668 3173 2738 νόμοι·
3218 2670 3510 2741 ἐπικρατεῖ
3536 2672 3644 2741 γὰρ

2052 2759 2084 2829 ἡ
2113 2758 2423 2829 εἱμαρμένη
2463 2758 2663 2828 μοιχῶν
2691 2774 2752 2810 τε
2792 2758 2886 2811 καὶ
2918 2758 3115 2812 ἄλλων.
3151 2759 3320 2831 Δίκην
3353 2760 3410 2813 δὲ
3440 2761 3643 2830 μᾶλλον

2049 2849 2290 2903 τίσουσιν
2335 2850 2385 2902 οἱ
2446 2848 2691 2920 ἀνάγκην
2743 2848 3076 2914 ἐπιτιθέντες
3143 2853 3372 2925 ἀστέρες
3428 2855 3573 2926 ἥπερ
3615 2857 3643 2908 ὀ

2050 2940 2493 3011 ἀναγκαζόμενος
2549 2940 2745 3012 δρᾶσαι
2794 2941 2855 2994 τὸ
2904 2943 3260 3015 ἐπιχείρημα.
3333 2945 3492 2998 Ἀλλὰ
3550 2949 3641 3000 καὶ

2054 3032 2229 3096 ἄλλως
2255 3031 2335 3085 ἔτι
2365 3033 2491 3103 περὶ
2523 3031 2727 3085 τούτων
2761 3033 2891 3107 ἐρῶ.
2943 3034 3313 3105 Ἀργείτωσαν
3340 3038 3398 3089 αἱ
3431 3037 3640 3109 διατρισ

2053 3123 2167 3186 δαὶ,
2191 3123 2588 3178 παυσάσθωσαν
2614 3127 2863 3195 σοφισταί
2883 3144 2942 3179 τε
2963 3128 3055 3179 καὶ
3089 3127 3318 3199 ῥήτορες
3340 3129 3434 3182 καὶ
3459 3147 3640 3200 γραμ-

2055 3220 2294 3291 ματικοὶ,
2338 3220 2510 3294 ἰατροί
2535 3237 2594 3272 τε
2615 3221 2709 3274 καὶ
2732 3219 2887 3275 άλλαι
2917 3221 3239 3293 ἐπιστῆμαι,
3267 3220 3555 3292 βαναύσων
3582 3241 3640 3278 τε

2051 3312 2254 3383 τεχνῶν
2280 3312 2575 3385 ἀμυθήτων
2624 3312 2849 3384 πλῆθος.
2896 3313 3008 3367 Καὶ
3048 3313 3249 3383 μηκέτι
3291 3314 3480 3385 μηδεὶς
3511 3332 3639 3366 παι-

2049 3406 2272 3469 δευέτω,
2305 3406 2465 3477 εἴπερ
2495 3405 2554 3470 ἐξ
2597 3406 2939 3477 εἱμαρμένης
2971 3406 3230 3477 τυγχάνει
3269 3406 3378 3459 τῶν
3410 3409 3641 3479 ἐπιστη-

2053 3499 2191 3570 μῶν,
2223 3498 2318 3552 καὶ
2349 3499 2424 3570 μὴ
2483 3499 2548 3552 ὲκ
2597 3498 2943 3568 γραμμάτων
2984 3498 3273 3570 μαθήσεως
3315 3500 3343 3551 ὁ
3370 3500 3641 3571 πορισμὸς

2048 3594 2116 3662 τῇ
2150 3590 2466 3662 ἀνθρωπεία
2494 3590 2675 3659 φύσει.
2714 3591 2776 3643 El
2812 3590 2920 3662 γὰρ
2966 3591 3278 3663 εἱμαρμένη
3313 3592 3406 3645 τὸν
3434 3610 3642 3645 πεπαι-

2047 3682 2308 3754 δευμένον
2349 3684 2443 3735 καὶ
2485 3683 2812 3751 λογιώτατον
2862 3683 3266 3755 παρεσκεύασε,
3309 3685 3384 3754 μὴ
3427 3684 3641 3754 μανθα-

2048 3775 2188 3828 νέτω
2210 3791 2292 3837 τις
2323 3774 2475 3845 παρὰ
2506 3774 2601 3827 τοῦ
2628 3775 2970 3840 διδάσκοντος
2989 3793 3001 3805 ’
3027 3774 3163 3829 ἀλλὰ
3191 3777 3255 3847 τῇ
3288 3762 3448 3847 φῦσει
3499 3776 3641 3846 λαμ-

2049 3864 2362 3917 ϐανέτωσαν
2403 3867 2501 3938 τὴν
2543 3867 2745 3939 εἴδησιν
2793 3869 2850 3920 αί
2904 3869 3031 3932 τοὺς
3093 3869 3280 3939 μίτους
3330 3868 3641 3923 κλώθουσαι

2047 3955 2271 4037 Μοῖραι,
2300 3955 2440 4008 κατά
2472 3955 2534 4008 τὸ
2560 3956 2906 4026 φθέγμαητῆς
2946 3956 3270 4027 κομπώδους
3315 3974 3408 4010 σου
3432 3956 3520 4010 διὰ
3549 3959 3639 4011 λό-

2044 4061 2158 4116 γων
2186 4062 2412 4118 πλανης.

2609 4354 3058 4422 ΠΛΑΤΩΝΙΚΟΙ,

2049 4442 2303 4512 Τετάρτῃ
2348 4447 2578 4514 αἵρεσις
2613 4448 2733 4525 ἀπὸ
2791 4449 3227 4525 ξεμηνισμοῦ,
3268 4452 3412 4520 ἕκτη
3446 4454 3518 4507 δὲ
3559 4454 3634 4525 τῇ

2656 4517 3002 4587 ἀκολουθίᾳ.

2130 4626 2288 4681 Ἀλλὰ
2314 4628 2491 4682 ταῦτα
2532 4629 2669 4702 πρὸς
2699 4631 2923 4703 Ζήνωνα
2954 4632 3200 4696 καὶτοὺς
3228 4632 3506 4698 Στωϊκούς
3540 4652 3632 4706 μοι

2041 4714 2293 4789 λελέχθω.
2316 4719 2540 4774 Πλάτων
2566 4720 2624 4774 δὲ
2671 4721 2789 4793 ἅμα
2826 4725 2921 4776 καὶ
2953 4724 3118 4787 αὐτὸς
3145 4725 3288 4777 κατά
3308 4724 3421 4778 τῶν
3446 4727 3634 4780 αὐτῶν

2042 4811 2442 4885 φερόμενος,τῇ
2471 4815 3092 4887 μετενσωματώσειμ9)
3128 4817 3225 4871 καὶ
3256 4820 3632 4891 μεταγγισμῷ

2038 4902 2149 4954 τῶν
2178 4903 2383 4973 ψυχῶν,
2413 4905 2509 4958 καὶ
2552 4905 2865 4971 πλυθεῖαις
2904 4909 2999 4962 καὶ
3036 4910 3157 4972 ταῖς
3193 4908 3387 4973 ἄλλαις
3411 4911 3623 4965 εἰδωλο-

2040 4988 2314 5062 λατρείαις
2348 4993 2443 5046 καὶ
2488 4994 2949 5066 δεισιδαιμονίαις,
2978 4997 3039 5051 οὐ
3060 5000 3125 5069 τῇ
3155 4997 3256 5072 ὕλῃ
3284 5000 3467 5072 πάντη
3498 5003 3629 5066 ἴσως

2042 5084 2182 5137 κατὰ
2210 5087 2433 5155 Ζήνωνα
2453 5088 2547 5140 καὶ
2574 5090 2699 5152 τοὺς
2714 5090 2983 5155 Στωϊκοὺς
3009 5092 3333 5164 ἐφρόνησεν.
3366 5090 3493 5148 Οἵδε
3520 5098 3631 5167 γὰρ

2042 5174 2204 5238 αὐτὸς
2235 5176 2389 5241 Θεὸν,
2412 5177 2480 5231 τά
2506 5179 2563 5232 δὲ
2588 5181 2857 5250 γενόμενα
2883 5184 3060 5238 πάντα
3082 5186 3145 5238 ὲκ
3170 5184 3266 5238 τοῦ
3300 5185 3457 5250 δντος
3488 5187 3629 5241 Θεοῦ

2025 5475 2159 5572 9502
2172 5496 2365 5567 ..φησιν’
2384 5482 2763 5572 οὐσίαςλεῖναι.
2794 5490 2910 5544 Νὖν
2938 5493 2993 5572 δὲ
3018 5494 3193 5560 οὕτως
3220 5499 3507 5572 ἀμέτρως,
3534 5505 3629 5557 καὶ

356 5541 481 5580 nem
516 5535 572 5580 in
603 5535 871 5582 Phaedone
903 5535 969 5582 de
1005 5535 1108 5582 hoc
1141 5535 1391 5587 doamate
1418 5535 1682 5602 disputat.
1720 5535 1823 5591 Sed
1866 5549 1919 5593 et

351 5596 779 5686 (EhryspstoumP
804 5597 1041 5653 Ilomilia
1075 5594 1180 5686 Litt
1201 5574 1361 5684 Ϊοαη.
1394 5602 1638 5686 Platonis
1665 5606 1916 5686 dogmata

2055 5535 2479 5637 ξσεῇῶςῖεπάρας
2509 5535 2629 5624 μέεγ
2660 5558 2857 5629 ἐτέρας
2890 5535 3629 5636 καθυὸρίζτεῖιυἷέῖίιΐυιῖπᾷΣ

2059 5617 2205 5686 ολης.
2238 5637 2316 5683 εις
2345 5640 2578 5686 χοίρους,
2608 5629 2699 5680 καὶ
2724 5629 2875 5686 ὅνους
2899 5635 3154 5686 εἰσάγων.
3185 5639 3277 5686 καὶ
3301 5640 3370 5686 τὰ
3395 5640 3477 5686 [τι
3504 5630 3623 5686 μηδ.

2238 5620 2317 5703 εἰς
2345 5620 2578 5703 χοίρορς,
2608 5629 2699 5680 καὶ
2724 5620 2875 5694 ὅνους
2899 5620 3155 5703 εἰσάγων,
3185 5620 3371 5694 καὶ
3390 5620 3623 5697 ἐτξ

2026 5701 2132 5738 των
2160 5692 2452 5761 ἀτιμότερα
2483 5692 2616 5757 ζῶα.
