3960 6164
386 280 491 338 ΞΟἹ

1801 270 1859 331 S.
1900 272 2247 328 EPII’IIANII

3544 276 3632 341 eos
3714 222 3719 225 ε

386 424 494 478 quc
535 393 795 475 vertigine
838 400 1033 471 raptim
1082 397 1230 453 velut
1272 396 1499 452 ﬂexuosi
1544 396 1689 450 illius
1744 397 1961 466 spiritus

2072 395 2285 464 ἄστρων
2335 393 2408 457 ὡς
2451 392 2560 446 ἀπὸ
2612 392 2705 444 τοῦ
2774 393 3211 463 δρακοντοειδοῦς
3266 396 3346 449 ἔτι
3379 398 3446 452 τά
3478 402 3631 455 πάντα

391 500 689 570 agitatione
721 494 942 562 corripi.
984 490 1109 547 Haec
1139 506 1238 545 nos
1272 490 1339 545 de
1365 493 1593 545 istorum
1615 489 1964 560 dogmatibus

386 591 564 645 obiter
590 588 855 642 duntaxat
882 584 1183 654 attigimus.

454 677 514 731 ll.
568 676 724 732 Nunc
786 684 846 731 ut
901 673 1205 730 lectoribus
1258 672 1525 728 brevitate
1577 673 1964 735 consulamus,

385 758 622 839 quatuor
659 767 824 823 simul
852 767 935 820 ba:
967 772 1129 819 sectae
1155 765 1628 819 orationevnostra
1656 761 1969 817 refellenda:

386 869 534 919 sunt.
573 859 655 915 Ab
686 858 772 915 his
809 858 952 913 enim
990 855 1328 928 primordiis,
1360 856 1444 910 vel
1475 862 1600 909 ante
1636 854 1750 908 haec
1774 854 1962 918 etiam,

389 961 447 1008 ut
467 953 620 1006 initio
634 951 1106 1019 diximus,-poeta:,
1126 945 1397 1010 historici,
1415 944 1719 1014 reliquique
1734 943 1966 1012 scripto-

387 1056 496 1104 res,
529 1037 856 1102 astronomi,
887 1036 1073 1090 caeteri
1100 1034 1340 1105 denique
1368 1033 1576 1089 erroris
1608 1032 1858 1087 ‘artitices
1900 1045 1966 1084 ac

387 1132 657 1203 magism,
695 1129 787 1200 qui
816 1129 881 1184 ad
918 1139 1176 1184 sexcenta
1216 1143 1401 1183 rerum
1443 1124 1731 1182 statuenda
1762 1123 1965 1193 princi-

387 1227 499 1295 pia,
537 1224 917 1295 pessimaSque
953 1234 1152 1275 causas
1195 1219 1460 1289 impulere
1487 1217 1800 1272 mortalium
1845 1215 1966 1268 ani-

388 1332 528 1383 nios,
560 1314 947 1370 communibus
973 1312 1191 1384 generis
1219 1311 1444 1365 humani
1475 1309 1729 1366 sensibus
1759 1308 1967 1363 densis-

388 1411 556 1465 simas
586 1409 845 1465 tenebras
886 1406 1219 1463 oifuderunt.
1263 1405 1442 1475 Atque
1478 1403 1570 1458 hic
1602 1402 1822 1457 demum
1855 1403 1967 1471 pri-

386 1521 508 1560 mus
550 1519 706 1559 error
734 1503 968 1565 exstitit,
1022 1500 1296 1556 idolorum
1344 1499 1655 1568 excogitata
1698 1499 1961 1566 supersti-

387 1598 483 1660 tio,
527 1595 823 1665 infelixque
876 1594 967 1647 illa
1004 1591 1315 1660 disciplina.
1368 1589 1538 1643 Erant
1589 1594 1703 1641 tum
1735 1587 1873 1640 duas
1913 1587 1965 1638 in

386 1687 654 1740 factiones
694 1683 953 1738 universa
995 1681 1312 1743 distributa,
1345 1679 1627 1749 gentilium
1655 1692 1719 1730 ac
1747 1675 1964 1730 Iudaeo-

2070 486 2387 540 ἐλαύνεσθαι
2433 485 2758 555 πνεύματος.
2814 486 2922 538 Καὶ
2983 486 3092 540 ἀπὸ
3140 488 3341 559 μέρους
3388 490 3487 545 ιιὲν
3524 497 3632 567 περὶ

2068 574 2273 626 τούτων
2306 574 2410 644 ἔφη
2417 591 2538 644 μεν.

2146 665 2224 717 Β’.
2258 664 2349 735 Τῷ
2367 664 2424 718 δὲ
2448 663 2598 735 αὐτῷ
2620 664 2806 738 τρόπῳ
2837 665 2938 729 τὰς
2963 667 3232 739 τέσσαρας
3268 668 3470 734 ταύτας
3500 667 3632 744 αίρέ‹

2070 774 2183 821 σεις
2206 757 2576 828 ἀνατρεπτέον
2599 757 2689 811 διὰ
2720 758 2819 829 τὴν
2844 760 3135 830 συντομίαν
3151 762 3249 832 τῆς
3269 761 3630 831 ἀναγνώσεως.

2081 849 2359 902 Ἐντεῦθεν
2412 848 2507 902 καὶ
2552 849 2811 921 ἀνωτέρω
2850 850 3059 917 λοιπὸν,
3092 853 3169 916 ὡς
3208 853 3368 925 ἔφην,
3408 858 3631 925 ποιηταὶ,

2070 940 2513 1013 ἱστοριογράφοι,
2542 941 2890 1013 λογογράφοι,
2913 943 3237 1016 ἀστρονόμοι
3284 961 3343 997 τε
3381 946 3473 999 καὶ
3497 946 3542 999 oi
3575 947 3635 1000 τὰ

2068 1033 2203 1086 ἄλλα
2228 1032 2325 1101 τῆς
2358 1031 2566 1101 πλάνης
2586 1033 3035 1105 εἰσηγησάμενοι,
3054 1036 3106 1088 oi
3132 1038 3635 1106 παρασκευάσαντες

2066 1124 2157 1176 τὸν
2217 1122 2341 1175 νοῦν
2389 1124 2482 1176 ἐπὶ
2509 1124 2711 1195 μυρίας
2764 1124 2942 1188 κακὰς
2982 1126 3165 1189 αίτίας
3197 1129 3295 1181 καὶ
3336 1128 3635 1197 άναγωγάς,

2071 1216 2386 1270 ὲσκότωσαν
2450 1216 2545 1270 καὶ
2610 1216 2883 1271 ὲθόλωσαν
2929 1219 3029 1289 τὴν
3080 1219 3178 1289 τῆς
3233 1220 3636 1292 άνθρωπότητος

2071 1306 2354 1377 ὑπόληψιν.
2399 1307 2509 1361 Καὶ
2536 1308 2760 1375 γέγονεν
2797 1306 2936 1380 αῦτη
2975 1309 3167 1382 πρώτη
3202 1311 3399 1383 πλάνη,
3440 1313 3636 1368 ἐπίνοια

2070 1395 2325 1463 εἰδώλων,
2391 1398 2484 1451 καὶ
2537 1396 2929 1470 κακοδαιμονία
2975 1399 3340 1465 διδασκαλίας.
3366 1398 3474 1456 Ἦν
3504 1403 3558 1457 δὲ
3577 1405 3636 1456 τὸ

2071 1488 2250 1541 πάντα
2318 1490 2720 1559 μεμερισμένα,
2785 1489 3138 1562 Ἑλληνισμός
3184 1509 3244 1545 τε
3291 1491 3385 1546 καὶ
3441 1493 3638 1548 Ἰουδαῗο

2072 1580 2206 1648 σμός
2228 1594 2240 1608 °
2280 1579 2609 1650 Ἰουδαῖσμὸς
2646 1580 2800 1634 οὔπω
2839 1583 3106 1654 πρότερον
3133 1584 3488 1656 καλούμενος,
3516 1586 3638 1640 ἀλλὰ

2069 1670 2155 1722 διὰ
2176 1669 2267 1722 τοῦ
2309 1670 2523 1741 Ἰσραὴλ
2545 1672 2606 1725 τὸ
2623 1673 2909 1743 ἐπώνυμον
2927 1675 3025 1746 τῆς
3050 1674 3334 1740 θεοσεϐοῦς
3356 1677 3639 1748 θρησκείας

388 1794 529 1832 rum.
566 1775 764 1830 Verum
797 1773 1025 1828 :Indaica
1055 1781 1201 1826 secta
1231 1782 1579 1839 nequaquam
1615 1768 1769 1821 initio
1803 1783 1961 1821 voca-

2070 1758 2518 1828 έπικεκλημένος,
2542 1758 2645 1828 ἕως
2663 1760 2751 1812 ὅτε
2777 1760 3015 1832 διαδοχαὶ
3042 1764 3419 1835 γεγέννηνται.
3459 1768 3515 1819 Ὀ
3542 1766 3638 1837 γὰρ

390 1869 572 1929 batur,
609 1866 703 1920 sed
747 1865 911 1920 Israel
938 1864 1137 1918 divinae
1172 1862 1299 1915 huic
1341 1860 1587 1930 religioni
1634 1870 1966 1929 cognomen-

391 1968 504 2011 tum
539 1964 690 2022 erat;
725 1955 904 2009 donec
933 1968 1192 2024 generum
1225 1959 1308 2007 est
1338 1961 1631 2021 propagata
1665 1950 1963 2005 successio.

388 2047 600 2101 Etenim
643 2043 913 2108 Naasson,
965 2045 1059 2114 qui
1092 2044 1268 2097 tribus
1298 2040 1451 2095 Iudae
1483 2041 1736 2110 princeps
1783 2041 1837 2093 in
1867 2041 1961 2095 de-

389 2147 537 2195 serto
559 2139 894 2193 constitutus
922 2143 1027 2203 est,
1060 2134 1291 2188 Salmon
1307 2133 1517 2203 genuit,
1544 2128 1770 2185 Salmon
1794 2129 1963 2198 Boos;

385 2228 528 2285 Boos
562 2227 735 2287 Obed.
769 2226 921 2282 Obed
942 2225 1104 2281 Iesse
1138 2244 1151 2280 :
1186 2239 1311 2279 cum
1362 2226 1455 2294 qui
1499 2224 1749 2294 religiose
1794 2220 1965 2277 Deum

386 2323 626 2375 colerent
673 2318 852 2373 adhuc
899 2316 1156 2372 Israelita:
1201 2316 1537 2371 dicerentur.
1576 2312 1782 2368 Deinde
1809 2310 1967 2367 Iesse

386 2413 642 2468 Davidezn
686 2411 897 2483 genuit,
943 2409 1037 2479 qui
1064 2410 1275 2479 primus
1317 2422 1347 2462 e
1378 2406 1524 2460 tribu
1551 2402 1706 2458 Iudae
1737 2417 1963 2472 regnum

387 2506 641 2559 obtinuit.
672 2502 852 2570 Cujus
870 2500 943 2553 ab
964 2500 1135 2568 stirpe
1160 2497 1421 2566 deinceps
1456 2502 1722 2565 perpetua
1751 2506 1969 2547 succes-

387 2596 546 2649 sione
580 2608 734 2663 reges
762 2590 993 2660 imperio
1031 2588 1187 2658 potiti
1225 2594 1376 2643 sunt.
1409 2584 1514 2641 Sed
1551 2592 1677 2639 ante
1706 2580 1965 2637 Davidem

388 2686 599 2756 primus
634 2683 991 2739 lsraeliticum
1014 2695 1239 2751 regnum
1269 2677 1468 2731 Saulus
1498 2683 1751 2729 tenuerat
1775 2688 1806 2728 ο
1837 2671 1967 2728 Beu-

383 2778 578 2849 jamini
608 2777 771 2841 tribu,
798 2774 962 2829 Ceiso
986 2783 1142 2844 patre
1169 2771 1384 2839 genitus
1416 2787 1427 2823 :
1451 2768 1557 2839 16
1580 2781 1681 2821 nec
1707 2765 1757 2821 ci
1784 2773 1966 2819 tamen

386 2870 531 2926 Illius
561 2868 862 2934 successit;
900 2866 997 2921 sed
1045 2865 1114 2920 ad
1156 2863 1359 2917 tribum
1383 2859 1537 2916 Iudae
1568 2874 1672 2928 per
1707 2855 1965 2912 Davidcm

388 2960 680 3031 imperium
705 2959 1033 3013 translatum
1066 2962 1169 3011 est.
1194 2952 1367 3024 Igitur
1394 2951 1635 3006 Iacobus
1666 2948 1966 3004 liberorum

389 3053 626 3123 primum
653 3049 899 3103 omnium
941 3045 1230 3101 Rubenum
1258 3042 1508 3112 suscipit;
1530 3038 1726 3096 deinde
1753 3039 1966 3095 Simeo-

391 3158 514 3197 nem
548 3160 561 3197 :
607 3142 829 3195 tertiutn
864 3136 1014 3202 Levi,
1048 3145 1324 3205 quartum,
1355 3132 1573 3197 Judam,
1594 3147 1623 3185 a
1656 3146 1765 3202 quo
1792 3129 1965 3185 Judaei

386 3231 760 3306 cognominati
786 3237 936 3296 sunt,
964 3228 1034 3284 ob
1057 3226 1209 3282 Iudae
1247 3226 1476 3291 tribuni,
1511 3223 1604 3293 qui
1644 3238 1711 3278 ex
1741 3221 1963 3292 religio-

385 3338 577 3381 sorum
604 3320 886 3376 hominum
916 3333 1113 3390 genere
1149 3316 1441 3386 prodierat,
1477 3314 1545 3368 ad
1578 3328 1696 3368 eam
1724 3312 1965 3382 appella-

386 3414 592 3468 tionem
616 3412 883 3466 traducti.
937 3408 1218 3479 Siquidem
1260 3405 1521 3462 Israelitae
1551 3402 1824 3473 principio
1870 3417 1966 3456 vo-

386 3505 496 3562 ca‘ti
524 3512 673 3570 sunt,
696 3504 788 3572 qui
818 3500 990 3556 ιιιόωὶ
1024 3500 1184 3555 modo
1219 3500 1496 3553 dicuntur.

461 3595 550 3650 Ill.
590 3595 672 3649 Ad
706 3593 811 3648 hoc
850 3608 1023 3661 usque
1060 3599 1274 3660 tempus
1314 3595 1552 3659 quatuor
1583 3586 1640 3640 in
1686 3585 1845 3640 terris
1875 3584 1965 3639 ho-

385 3689 595 3743 minum
627 3693 824 3758 genera
866 3682 1128 3755 perducta
1168 3690 1319 3747 sunt,
1350 3693 1583 3750 quorum
1619 3674 1965 3747 unumquod-

386 3795 491 3853 que
525 3797 626 3837 suo
657 3788 901 3849 tempore
924 3776 1221 3846 separatim
1251 3773 1473 3837 coaluit,
1506 3770 1573 3825 ad
1604 3786 1726 3828 eam
1746 3777 1962 3825 aetatem

382 3883 439 3928 et
484 3872 648 3936 ultra,
706 3884 870 3941 quam
913 3868 1158 3938 proxime
1204 3864 1661 3936 significavimus.
1712 3861 1846 3916 Nam
1892 3860 1962 3915 ab

384 3963 591 4018 Adanio
613 3961 681 4016 ad
707 3959 972 4015 Noemum
996 3957 1382 4012 Barbarismus
1402 3952 1658 4009 obtinuit.
1688 3953 1734 4006 A
1753 3951 1961 4008 Noemo

385 4054 451 4108 ad
484 4051 654 4108 turris
700 4051 1139 4115 aediﬁcationem,
1185 4057 1240 4102 et
1282 4046 1512 4103 Seruchi
1552 4054 1823 4116 tempora,
1863 4043 1959 4114 qui

385 4143 545 4196 ttrtia
578 4153 702 4212 post
743 4142 890 4194 illam
928 4147 1086 4193 aetate
1117 4139 1268 4203 vixit,
1321 4136 1576 4208 Scythica
1614 4135 1956 4205 superstitio.

385 4236 430 4286 A
479 4233 648 4287 turris
699 4231 1069 4287 exstructione
1104 4268 1118 4293 ,
1178 4237 1232 4283 et
1282 4226 1529 4283 Serucho
1561 4269 1573 4293 ,
1637 4243 1850 4283 ιιθοιιοιι
1906 4235 1960 4283 et

384 4327 608 4387 Aramo,
657 4321 723 4375 ad
774 4319 1412 4390 Abrahamum,gcntilis
1459 4327 1607 4373 secta
1654 4319 1845 4389 \iguit.
1878 4319 1960 4375 Ab

2070 1846 2335 1902 Ναασσὼν
2368 1851 2396 1901 6
2427 1850 2484 1902 ὲν
2508 1852 2571 1921 τῇ
2620 1852 2811 1921 ἐρήμῳ
2844 1851 3084 1921 γεγονὼς
3114 1855 3390 1927 φύλαρχος
3414 1856 3511 1927 τῆς
3549 1876 3638 1927 cpu-

2068 1941 2166 2011 λῆς
2228 1942 2401 1996 Ἰούδα
2459 1944 2623 2013 γεννᾷ
2669 1943 2763 1996 τὸν
2795 1943 3061 2014 Σαλμών’
3103 1946 3332 2018 Σαλμὼν
3362 1951 3525 2019 γεννᾷ
3558 1944 3641 2002 τὸν

2070 2034 2197 2097 Βοός
2224 2051 2235 2064 ·
2267 2033 2400 2095 Bob;
2432 2035 2596 2103 γεννᾷ
2625 2032 2713 2087 τὸν
2757 2035 2919 2105 Ὢὸήδ
2942 2052 2957 2066 ·
3002 2036 3158 2107 Ὠὁὴδ
3191 2041 3354 2108 γεννᾷ
3385 2040 3476 2092 τὸν
3520 2042 3639 2092 Ἰεσο

2071 2127 2159 2181 σαὶ
2208 2128 2302 2180 ἐπὶ
2354 2126 2459 2179 τῶν
2512 2126 2780 2181 θεοσεὸὦν
2859 2129 3208 2200 Ἰσραηλιτῶν
3261 2131 3604 2202 καλουμένων
3629 2150 3640 2164 ·

2081 2220 2279 2274 Ἰεσσαὶ⁸
2305 2222 2470 2292 γεννᾷ
2496 2221 2584 2274 τὸν
2615 2222 2778 2274 Δαόὶδ
2825 2221 2914 2274 τὸν
2938 2221 3179 2291 βασιλέα,
3205 2223 3263 2287 ὃς
3288 2225 3500 2295 πρῶτος
3525 2225 3636 2277 ἐδα-

2070 2311 2314 2365 σίλευσεν
2334 2313 2397 2365 ὲκ
2437 2312 2608 2383 φυλῆς
2655 2313 2843 2366 Ἰούδα.
2882 2312 2972 2378 Ἐξ
2998 2309 3059 2368 οὗ
3089 2314 3275 2368 λοιπὸν
3302 2316 3349 2368 οἱ
3374 2316 3512 2370 κατὰ
3536 2316 3639 2369 δια-
3692 2358 3700 2364 .

2066 2402 2227 2475 δοχὴν
2265 2404 2525 2475 βασιλεῖς,
2561 2405 2626 2457 ἐκ
2667 2404 2760 2459 τοῦ
2818 2407 3135 2479 σπέρματος
3166 2408 3355 2475 αὑτοῦ,
3387 2410 3500 2473 υίδς
3537 2410 3637 2464 διαο

2066 2495 2354 2566 δεχόμενος
2410 2497 2642 2567 πατέρα,
2700 2497 2936 2568 καθεξῆς
3001 2500 3414 2572 συνεστήκασιν.
3445 2497 3552 2555 Ἦν
3591 2501 3642 2554 δὲ

2069 2586 2174 2657 πρὸ
2189 2587 2354 2641 αὑτοῦ
2383 2588 2476 2643 τοῦ
2508 2589 2673 2643 Δαϐὶδ
2710 2593 2738 2644 6
2768 2590 2927 2659 φύσει
2971 2592 3186 2665 πρῶτος
3227 2592 3553 2662 βασιλεύσας
3590 2594 3646 2646 ἐν

2083 2678 2297 2749 Ἰσραὴλ
2312 2679 2482 2732 Σαοὺλ
2503 2680 2615 2743 υίὸς
2637 2681 2851 2744 Κεὶςὲκ
2870 2680 3042 2751 φυλῆς
3056 2681 3334 2753 Βενιαμίν·
3357 2684 3452 2737 καὶ
3466 2683 3644 2737 οὐκέτι

2069 2768 2235 2824 αὑτὸν
2265 2768 2534 2833 διεδέξατο
2565 2771 2677 2834 υἱός
2700 2788 2714 2800 ο
2756 2770 2892 2824 ἀλλὰ
2923 2773 3156 2845 μετέστη
3180 2775 3241 2827 τὸ
3268 2774 3538 2845 βασίλειον
3563 2773 3645 2828 διὰ

2067 2860 2231 2914 Δα6’;δ
2282 2860 2499 2932 πρώτου
2557 2865 2637 2926 εἰς
2685 2861 2785 2933 τὴν
2832 2862 3003 2933 φυλὴν
3051 2864 3239 2918 Ἰούδα.
3283 2864 3509 2937 Πρῶτος
3540 2862 3645 2934 γάρ

2066 2951 2215 3023 αὐτῷ
2244 2952 2321 3022 τῷ
2363 2952 2558 3006 Ἰακὼὸ
2596 2956 2724 3017 παῖς
2751 2954 2955 3023 γίνεται
2998 2954 3239 3026 Ῥουϐὶμ,
3269 2956 3519 3027 δεύτερος
3549 2956 3643 3009 Συο
3710 3012 3721 3021 _

2071 3042 2237 3114 μεὼν,
2254 3043 2435 3115 τρίτος
2467 3043 2652 3110 Λευῖς,
2682 3046 2941 3115 τέταρτος
2965 3045 3183 3111 Ἰούδας,
3201 3046 3258 3114 ἐξ
3278 3042 3337 3101 οῦ
3366 3047 3643 3101 καλοῦνται

2081 3134 2339 3199 Ἰουδαῖοι,
2356 3135 2444 3189 διὰ
2474 3136 2571 3207 τὴν
2602 3137 2774 3209 φυλὴν
2809 3136 2980 3191 Ἰούδα
3002 3138 3093 3192 τοῦ
3118 3140 3181 3192 ὲκ
3209 3137 3303 3192 τοῦ
3324 3138 3517 3209 γένους
3541 3139 3647 3195 τῶν

2067 3226 2355 3295 θεοσεϐῶν,
2412 3230 2463 3282 οἱ
2522 3230 2602 3292 εἰς
2657 3229 2718 3282 τὸ
2776 3229 2948 3301 ὄνομα
3002 3230 3160 3284 τοῦτο
3226 3231 3648 3302 μεταπεσόντες.

2079 3319 2403 3373 Ἐκαλοῦντο
2458 3318 2589 3388 γοῦν
2640 3323 2831 3391 πρώην
2892 3321 3247 3393 Ἰσραηλῖται,
3281 3322 3331 3376 οἱ
3386 3323 3479 3376 καὶ
3516 3319 3647 3376 Ἰου-

2064 3411 2223 3466 δαίοι.

2135 3590 2210 3647 Γ’.
2243 3592 2387 3657 Ἕως
2427 3592 2617 3646 τούτου
2669 3591 2763 3645 τοῦ
2805 3592 2997 3664 χρόνου
3048 3588 3396 3664 συνήφθησαν
3440 3592 3497 3646 ai
3530 3594 3653 3649 τέσ-

2068 3700 2234 3754 σαρες
2291 3682 2479 3752 γενεαὶ
2531 3683 2633 3751 τῆς
2684 3682 2788 3752 γῆς
2830 3681 2939 3735 τῶν
2985 3681 3268 3753 τεσσάρων
3321 3683 3653 3755 τμημάτων.

2064 3775 2281 3829 Τούτων
2339 3772 2720 3845 διαιρεθέντων
2782 3774 2922 3828 κατὰ
2975 3775 3101 3838 τοὺς
3157 3773 3383 3846 χρόνους
3424 3775 3532 3840 ἕως
3557 3774 3655 3829 τοῦ

2063 3864 2259 3936 καιροῦ
2315 3864 2508 3919 τούτου
2564 3863 2658 3918 τοῦ
2712 3863 2948 3919 ἐνταῦθά
2996 3882 3085 3934 μοι
3145 3862 3520 3937 δεδηλωμένού
3559 3866 3656 3919 καὶ

2063 3957 2356 4041 ἐπέκειναο
2408 3957 2687 4010 τουτέστιν
2718 3956 2827 4009 ἀπὸ
2874 3957 3044 4028 Ἀδὰμ
3073 3956 3178 4021 ἕως
3211 3957 3304 4010 τοῦ
3354 3958 3479 4011 Νῶε
3519 3960 3654 4031 βαρ-

2063 4049 2330 4121 ϐαρισμός
2354 4066 2366 4079 ·
2404 4048 2512 4102 ἀπὸ
2536 4048 2629 4101 τοῦ
2653 4047 2776 4100 Νῶε
2810 4047 2913 4112 ἕως
2937 4046 3032 4101 τοῦ
3065 4048 3275 4119 πύργου
3304 4050 3398 4102 καὶ
3420 4050 3657 4123 Σεροὺχ,

2064 4141 2202 4213 μετὰ
2223 4140 2314 4193 δύο
2340 4140 2531 4210 γενεὰς
2548 4140 2642 4193 τοῦ
2672 4139 2880 4211 πύργου
2903 4141 2935 4210 ἡ
2963 4139 3205 4211 Σκυθικὴ
3233 4141 3657 4214 δεισιδαιμονία,

2061 4234 2154 4286 καὶ
2214 4231 2507 4303 μετέπειτα
2550 4231 2659 4284 ἀπὸ
2718 4230 2812 4284 τοῦ
2866 4230 3076 4301 πύργου
3144 4232 3240 4283 καὶ
3296 4231 3506 4304 Σερούχ
3560 4234 3658 4288 καὶ

2052 4325 2249 4411 ςΑρὰμ
2282 4326 2392 4395 (55)
2423 4324 2526 4388 ἕως
2581 4324 2674 4377 τοῦ
2715 4324 2967 4395 Ἀϐραὰμ
3015 4326 3043 4378 6
3084 4324 3459 4396 Ἑλληνισμός.
3519 4328 3659 4381 Ἀπὸ

383 4412 696 4467 Abrahamo
733 4409 968 4479 denique
1013 4418 1065 4463 et
1103 4409 1223 4479 ejus
1249 4411 1480 4479 posteris
1525 4410 1738 4465 sincera
1769 4411 1957 4481 religio

2070 4417 2250 4471 τούτου
2304 4418 2397 4470 καὶ
2451 4415 2559 4469 τῶν
2591 4417 2886 4486 μετέπειτα
2928 4416 3208 4470 θεοσέὸεια
3263 4420 3657 4491 συναπτομένη

383 4500 608 4572 prodiit,
639 4513 759 4570 qua:
783 4498 852 4553 ab
877 4499 1108 4567 ipsomet
1141 4498 1454 4553 Abrahamo
1476 4510 1676 4569 coepta,
1704 4516 1802 4570 per
1834 4500 1954 4569 ejus

384 4593 611 4663 stirpem
649 4599 734 4647 est
778 4591 1140 4657 transmissa;
1189 4588 1450 4661 Judaeque
1487 4592 1811 4661 cumprimis
1859 4592 1955 4645 tri-

379 4687 533 4749 buni,
564 4682 705 4738 unde
729 4680 1046 4737 Judaismus
1075 4696 1273 4736 nomen
1299 4682 1525 4751 accepit.
1549 4681 1705 4747 Quod
1731 4683 1950 4752 quidem

381 4790 411 4830 a
443 4791 527 4831 me
565 4789 692 4831 vere
729 4790 852 4830 esse
881 4773 1086 4827 dictum
1118 4773 1284 4827 divini
1335 4773 1782 4843 sanctissimique
1828 4787 1955 4843 apo-

379 4872 506 4927 stoli
548 4868 700 4924 Pauli
753 4869 1065 4924 testimonio
1113 4874 1346 4930 constat,
1403 4882 1527 4921 cum
1582 4868 1653 4921 ita
1689 4869 1957 4938 disputat:

378 4962 446 5017 In
469 4962 679 5018 Christo
705 4960 835 5015 Jcsu
857 4976 1015 5030 neque
1045 4959 1326 5023 barbarus,
1352 4974 1514 5028 neque
1544 4958 1762 5029 Scytha,
1787 4976 1948 5030 neque

379 5050 615 5114 ercus,
668 5068 828 5120 neque
881 5050 1103 5105 Juda’ns
1153 5059 1253 5113 est,
1308 5048 1397 5103 sed
1443 5066 1576 5102 nova
1633 5051 1945 5105 creatura’.

296 5144 299 5145 ⁷
378 5139 825 5209 Quandoquidem
854 5141 1013 5195 etiam
1051 5141 1228 5202 initio,
1262 5155 1388 5192 eum
1428 5140 1663 5209 primum
1695 5148 1948 5194 creatura

376 5228 596 5287 condita
642 5238 747 5294 est,
790 5246 931 5287 nova
976 5233 1154 5288 adhuc
1200 5233 1491 5296 exsistens,
1536 5231 1748 5286 nullum
1783 5248 1948 5303 pecu-

376 5320 512 5376 liare
535 5334 599 5375 ac
629 5318 944 5374 distinctum
980 5337 1171 5376 nomen
1206 5322 1412 5377 habuit.
1446 5321 1542 5376 llis
1576 5333 1945 5377 consentanea

446 5505 464 5530 ¹
496 5497 707 5551 Coloss.
735 5510 815 5561 ιιι,
848 5495 904 5548 II
932 5512 945 5562 ;
978 5493 1152 5549 Galat.
1178 5496 1364 5560 “,15.

2056 4505 2135 4576 τῷ
2165 4506 2315 4576 αύτῷ
2343 4506 2614 4578 Ἀϐραὰμ,
2645 4504 2861 4559 ἀπὸτοῦ
2880 4504 3021 4558 κατὰ
3051 4505 3300 4577 διαδοχὴν
3329 4509 3658 4580 σπέρματος

2057 4597 2243 4662 αὐτοῦ,
2290 4596 2537 4651 τουτέστι
2564 4596 2658 4650 τοῦ
2712 4597 2903 4661 Ἰούδα,
2947 4597 3038 4665 ἀφ’
3067 4590 3238 4669 οὗπερ
3282 4598 3655 4670 Ἰουδαϊσμόςο

2055 4691 2130 4753 ὡς
2168 4689 2250 4743 ἔτι
2301 4693 2595 4761 μαρτυρεῖ·
2619 4708 2709 4761 μοι
2766 4692 2795 4743 6
2835 4691 3285 4761 πνευματοφόρος
3343 4693 3441 4746 καὶ
3493 4694 3661 4762 ἅγιος

2058 4784 2152 4838 τοῦ
2180 4784 2315 4838 Θεοῦ
2355 4784 2653 4850 ἀπόστολος
2695 4784 2938 4851 Παῦλος,
2991 4780 3094 4840 ὧδέ
3146 4803 3265 4850 πως
3312 4785 3515 4855 λέγων,
3571 4786 3658 4841 ὅτι

2074 4878 2168 4929 Ἐν
2203 4876 2436 4943 Χριστῷ
2472 4876 2664 4945 Ἰησοῦ
2709 4879 2779 4931 οὐ
2794 4876 3211 4948 βάρϐαρος,οὐ
3238 4878 3505 4947 Σκύθης,
3534 4882 3658 4949 οὐχ

2064 4969 2319 5035 ”Ελ.1ην,
2344 4969 2455 5021 οὐκ
2470 4967 2767 5034 Ἰουδαῖος,
2787 4968 2951 5023 ἀλλὰ
2975 4969 3153 5038 καινὴ
3182 4970 3404 5036 κτίσις.
3423 4972 3657 5042 Ἐπειδὴ

2059 5054 2119 5118 ἐξ
2141 5057 2392 5127 ὑπαρχῆς
2424 5057 2511 5109 ὅτε
2545 5056 2760 5110 ἔκτιστο
2787 5060 2821 5129 ἠ
2855 5057 3065 5122 κτίσις,
3098 5059 3259 5130 καινὴ
3295 5056 3455 5127 οὖσα,
3494 5062 3660 5120 οὐδέν

2057 5162 2109 5197 τι
2155 5144 2551 5217 διαφορώτερον
2608 5146 2764 5217 ἔσχεν
2817 5147 3007 5218 ὄνομα.
3057 5148 3275 5219 Συνῳδὰ
3327 5149 3385 5203 δὲ
3433 5151 3661 5214 τούτοις

2059 5235 2218 5288 πάλιν
2251 5238 2309 5289 ἐν
2338 5235 2509 5307 ἑτέρῳ
2539 5238 2688 5308 τόπῳ
2718 5236 2865 5306 λέγει
2902 5236 3074 5301 οὔτως
3100 5253 3116 5268 ο
3160 5238 3506 5309 Ὀφειλέτης
3533 5240 3661 5313 εἰμι

2060 5326 2315 5394 Ἕλλησί
2331 5345 2394 5381 τε
2412 5329 2507 5382 καὶ
2526 5329 2872 5399 βαρϐάροις,
2888 5328 3103 5399 σοφοῖς
3124 5347 3188 5384 τε
3203 5331 3305 5385 καί
3333 5332 3659 5405 ἀνοήτοις

454 5670 560 5744 (55)
611 5672 754 5729 Ἀπὸ
817 5673 921 5728 τοῦ
973 5674 1196 5745 Σεροὺχ
1241 5675 1337 5729 καὶ
1380 5675 1567 5744 Ἀράμ.
1615 5675 1716 5731 Pro
1762 5676 1942 5749 Ἀράμ

2070 5693 2124 5734 'r.
2155 5677 2324 5751 Θαρέ.
