3960 6180
330 400 414 459 209
952 403 1183 470 ADVEI!
1193 402 1323 460 SUS
1361 401 1705 459 Il.£RESES
1747 402 1868 479 LIB.

1999 402 2164 459 T031.
2205 404 2245 458 l.
2280 431 2347 443 -—
2386 401 2662 461 IIEBJSS.
2702 398 2837 458 VIII.

3452 393 3558 448 210

331 518 397 575 ινα
430 513 567 591 δείξῃ
605 522 803 588 σοφοὺς
856 522 953 592 μὲν
984 523 1112 587 τοὺς
1166 524 1477 590 Ἰουδαίους,
1524 523 1787 593 ἀνοήτους
1816 521 1872 574 δὲ

1985 528 2251 591 suntquae
2284 522 2338 577 in
2365 521 2473 576 alio
2501 520 2623 575 loco
2650 517 2840 575 eodem
2875 513 2944 571 ab
2974 512 3236 584 Apostolo
3263 511 3557 568 dicuntur:

333 609 428 672 τοὺς
448 608 673 671 Σκύθας.
707 611 816 663 Καὶ
837 613 1024 682 φησὶν,
1066 612 1383 685 Ὀφειλέτης
1411 613 1549 685 εἰμί.
1593 610 1874 665 Ἐντεῦθεν

329 701 378 756 τὸ
419 702 514 755 πᾶν
553 700 708 770 γένος
737 701 832 755 τοῦ
880 702 1095 776 Ἰσραὴλ
1134 705 1246 775 (54)
1293 706 1535 759 Ἰουδαῖοι
1584 701 1876 758 ἐκαλοῦντο

330 794 415 848 ἀπὸ
433 794 620 866 χρόνου
645 793 740 848 τοῦ
761 796 926 850 Δαϐίδ
952 814 965 827 ·
1000 798 1094 851 καὶ
1118 798 1405 871 διήρκεσεν
1438 799 1743 869 ἐπωνύμως
1773 815 1874 851 κα-

327 886 548 957 λούμενον
621 888 973 961 Ἰσραηλιτῶν
1019 908 1079 944 τε
1134 893 1229 946 καὶ⁵
1264 928 1265 931 η
1300 891 1566 945 Ἰουδαίων
1605 890 1728 962 ἔχον
1775 890 1876 960 τὴν

328 977 577 1050 ἐπίκλησιν
609 980 669 1033 τὸ
693 981 801 1034 πᾶν
822 980 979 1050 γένος
1014 983 1109 1037 τοῦ
1158 983 1376 1056 Ἰσραὴλ
1409 982 1517 1037 ἀπὸ
1539 983 1646 1037 τῶν
1671 983 1876 1055 χρόνων

327 1068 566 1123 τοῦΔαϐὶδ
590 1072 685 1125 καὶ
723 1071 819 1125 τοῦ
865 1073 983 1128 υίοῦ
1036 1075 1200 1129 αὑτοῦ
1243 1074 1606 1147 Σολομῶντος,
1642 1078 1736 1129 καὶ
1779 1074 1874 1127 τοῦ

325 1160 421 1245 υἱοῦ
450 1162 809 1234 Σολομῶντος,
831 1166 975 1237 φημὶ
1001 1167 1058 1220 δὲ
1091 1166 1187 1221 τοῦ
1220 1165 1459 1238 Ῥοϐοὰμ
1498 1166 1593 1220 τοῦ
1623 1166 1760 1237 μετὰ
1787 1164 1876 1219 τὸν

326 1251 614 1323 Σολομῶντα
639 1252 1061 1323 βασιλεύσαντος
1084 1258 1141 1311 ὲν
1179 1257 1554 1329 Ἰερουσαλήμ.
1587 1258 1701 1310 Ἵνα
1722 1257 1777 1310 δὲ
1801 1257 1876 1328 μὴ

324 1344 371 1394 ἐν
419 1343 691 1415 παρεξόδῳ
738 1347 1006 1417 γένωμαι,
1060 1350 1475 1422 παρερχόμενος
1508 1349 1577 1403 τὰ
1613 1352 1752 1404 κατά
1780 1349 1877 1422 τὴν

323 1431 413 1485 τῶν
445 1433 705 1488 Ἰουδαίων
746 1434 1062 1508 θρησκείαν,
1110 1441 1206 1494 καὶ
1255 1439 1330 1513 μὴ
1371 1441 1878 1513 ὑποσημαινόμενος

322 1522 404 1592 τῆς
423 1524 533 1576 κατ’
560 1524 755 1588 αὐτοὺς
792 1525 951 1598 δόξης
996 1527 1096 1599 τὴν
1137 1529 1414 1595 ὑπόθεσιν,
1437 1531 1592 1600 ὀλίγα
1636 1531 1743 1584 ἀπὸ
1769 1530 1877 1585 τῶν

320 1613 505 1667 πολλῶν
529 1616 935 1690 παραθήσομαι.
964 1621 1106 1674 IIth
1132 1622 1262 1693 γὰρ,
1297 1623 1375 1688 ὡς
1404 1624 1595 1690 εἰπεῖν,
1632 1624 1879 1693 φανερώ-

319 1724 437 1761 τατα
465 1708 695 1779 ὑπάρχει
733 1710 803 1763 τὰ
854 1711 997 1766 κατά
1028 1714 1156 1777 τοὺς
1190 1714 1497 1778 Ἰουδαίους.
1524 1713 1618 1768 Διὸ
1643 1715 1703 1767 οὑ
1736 1715 1876 1769 πάνυ

318 1802 541 1871 κάματον
568 1801 892 1875 ἀναδέξομαι
913 1806 1041 1877 περὶ
1060 1806 1264 1878 ταύτης
1276 1809 1376 1878 τῆς
1397 1806 1706 1871 ὑποθέσεως
1736 1807 1877 1861 κατὰ

1977 610 2201 667 Debitor
2225 628 2342 667 sum
2371 611 2571 668 ercis
2601 619 2650 665 et
2675 608 2958 673 Barbaris,
2994 604 3321 676 sapientibus
3350 613 3398 658 et
3424 601 3584 658 insin

1977 703 2240 775 pientibus
2260 707 2297 770 ι,
2323 713 2379 759 ut
2396 712 2451 760 et
2474 700 2695 775 Judaeos
2712 701 2988 773 sapientes
3003 706 3057 755 et
3085 697 3407 769 insipientes
3437 710 3561 751 esse

1979 792 2215 864 Scythas
2242 793 2577 849 ostenderet.
2607 791 2821 858 Quibus
2851 789 3129 852 omnibus,
3174 788 3271 851 ait,
3301 800 3402 857 ego
3435 786 3559 839 sum

1978 883 2213 938 debitor.
2251 884 2421 955 Igitur
2466 883 2536 937 ab
2571 882 2666 937 illo
2701 881 2961 951 deinceps
2985 886 3231 950 tempore
3264 876 3320 931 in
3351 873 3562 931 Israeli-

1976 979 2155 1026 tarum
2205 989 2378 1044 genus
2403 971 2717 1028 Iudaeorum
2757 985 2958 1026 nomen
2983 968 3097 1041 jam
3130 974 3246 1023 tum
3297 980 3327 1019 a
3356 961 3563 1018 Davide

1938 1070 1944 1076 ’
1975 1063 2319 1121 transfusum
2353 1073 2441 1121 est
2470 1084 2483 1119 :
2513 1071 2568 1119 et
2596 1073 2831 1134 utroque
2863 1066 3227 1133 cognomento
3251 1066 3361 1113 tam
3387 1054 3564 1111 Israe-

1976 1156 2197 1210 litarum
2229 1171 2394 1227 quam
2422 1148 2736 1210 Judaeorum
2785 1154 2966 1209 omnis
3010 1152 3102 1206 illa
3134 1165 3268 1223 gens
3318 1162 3384 1204 eo
3426 1146 3564 1202 insi-

1976 1245 2127 1316 gnita
2151 1252 2414 1316 perpetuo
2441 1252 2553 1313 est;
2583 1260 2613 1298 a
2642 1244 2888 1309 Davidis,
2920 1244 3167 1313 inquam,
3213 1239 3443 1309 ejusque
3466 1235 3561 1290 ﬁlii

1980 1337 2290 1394 Salomonis
2328 1339 2689 1408 temporibus,
2726 1345 2780 1392 ct
2830 1335 2996 1406 hujus
3042 1335 3271 1403 insuper
3310 1330 3404 1386 ﬁlii
3446 1328 3560 1384 Ro-

1976 1428 2180 1496 boami,
2213 1431 2305 1498 qui
2340 1437 2465 1500 post
2492 1427 2836 1484 Salomonem
2874 1425 3265 1497 Hierosolymis
3291 1422 3560 1494 regnavit.

1978 1502 2181 1574 Verum
2223 1534 2295 1589 ne
2339 1518 2566 1573 omnino
2614 1534 2738 1589 quae
2792 1517 2860 1571 ad
2892 1516 3206 1572 Judaeorum
3244 1513 3562 1583 religionem

1978 1610 2244 1665 attineant
2271 1610 2701 1680 prtetermittam.
2748 1609 3006 1677 nullaque
3049 1621 3113 1661 ex
3150 1610 3304 1674 parte
3341 1603 3562 1658 illorum

1977 1701 2264 1772 opiniones
2315 1700 2601 1771 attingam,
2653 1714 2827 1770 pauca
2868 1698 2935 1753 de
2978 1696 3167 1751 multis
3207 1694 3558 1764 complectar.

1976 1792 2164 1864 Neque
2212 1792 2356 1847 enim
2421 1792 2676 1861 cuiquam
2733 1790 2845 1845 fere
2904 1788 3215 1844 Iudaeorum
3269 1784 3563 1856 religiones

316 1890 371 1945 τὸ
408 1891 725 1947 λεπτότατον
765 1875 1155 1968 διηγήσασθαι,
1205 1875 1428 1953 ἀλλ”ὧν
1462 1900 1529 1971 ἦν
1578 1900 1876 1968 ἀναγκαῖον

1985 1885 2176 1954 ignotae
2222 1890 2371 1938 sunt.
2413 1881 2644 1952 “eoque
2684 1883 2737 1935 in
2796 1894 2863 1936 eo
2904 1887 3229 1951 argumento
3276 1875 3564 1930 tractando

316 1983 455 2054 ὀλίγα
490 1985 595 2040 ἀπὸ
622 1986 830 2041 πολλῶν
854 1989 1089 2045 ἐνταῦθα
1123 1991 1484 2069 παραθέσθαι.

354 2250 429 2301 .Δ¹.
455 2250 691 2304 Ἰουδαῖοι
706 2252 882 2305 τοίνυν
894 2253 943 2306 οἱ
960 2252 1067 2307 ἀπὸ
1085 2254 1178 2307 τοῦ
1203 2254 1451 2326 Ἀϐραὰμ
1465 2256 1606 2309 κατᾶ
1631 2255 1877 2327 διαδοχὴν

312 2339 655 2412 ὑπάρχοντες,
699 2344 791 2396 καὶ
816 2344 913 2416 τὴν
945 2345 1109 2399 αὑτοῦ
1141 2345 1451 2401 θεοσέϐειαν
1486 2347 1877 2419 διαδεξάμενοι,

313 2431 601 2502 περιτομὴν
635 2432 733 2503 μὲν
766 2433 860 2487 τοῦ
905 2434 1156 2508 Ἀϐραὰμ
1184 2437 1419 2507 ἔχουσιν,
1445 2440 1511 2509 ἢν
1538 2440 1680 2492 κατὰ
1709 2439 1880 2510 πρόσ-

309 2517 454 2584 ταξιν
480 2518 615 2572 Θεοῦ
649 2520 873 2591 εἴληφεν
903 2524 1286 2595 ὲννενηκοστὸν
1333 2523 1552 2579 ἔννατον
1600 2525 1719 2589 ἔτος
1746 2541 1880 2578 κατ-

306 2610 467 2677 άγων,
485 2609 554 2662 δι’
568 2612 748 2665 αἰτίαν
761 2613 827 2682 ἢν
845 2613 956 2667 ἄνω
972 2617 1252 2685 προεῖπον,
1275 2620 1355 2681 εἰς
1371 2618 1435 2670 τδ
1447 2617 1878 2688 τούτου-σπέρμα

309 2698 562 2771 πάροικον
592 2703 881 2773 γενόμενον
906 2706 964 2756 ὲν
988 2707 1053 2777 τῇ
1079 2706 1335 2779 ἀλλοτρίᾳ
1361 2707 1435 2778 μὴ
1458 2708 1876 2781 ἀποστραφῆναι

304 2792 364 2844 τὸ
399 2792 567 2862 ὄνομα
595 2792 690 2847 τοῦ
717 2793 875 2859 Θεοῦ,
907 2796 998 2848 ἐπὶ
1038 2796 1289 2868 σώματος
1315 2799 1371 2852 δὲ
1402 2801 1672 2871 σφραγῖδα
1695 2802 1881 2873 φέρειν

305 2883 658 2954 ὑπομνήσεως
701 2885 863 2957 χάριν
907 2888 1001 2940 καὶ
1039 2887 1283 2961 ἐλέγχου,
1324 2891 1404 2954 είς
1437 2891 1496 2944 τὸ
1526 2892 1784 2962 ἐμμένειν
1814 2895 1878 2963 τῇ

304 2970 396 3023 τοῦ
414 2971 613 3043 πατρὸς
634 2974 813 3027 αὑτῶν
834 2975 1133 3048 θεοσεϐείᾳ.
1174 2978 1231 3031 ’0
1251 2978 1306 3031 δὲ
1333 2982 1460 3043 παῖς
1478 2979 1667 3035 τούτου
1696 2982 1883 3036 Ἰσαὰκ

301 3062 646 3134 ὀκταήμερος
685 3066 1094 3137 περιτέμνεται,
1136 3069 1211 3133 ὡς
1254 3068 1314 3122 τὸ
1352 3069 1447 3123 τοῦ
1477 3070 1611 3124 Θεοῦ
1644 3068 1757 3143 εἶχε
1791 3072 1883 3126 θέ-

210 3184 221 3193 -
305 3171 538 3224 σπισμα.
574 3157 685 3209 Καὶ
721 3156 1068 3231 ὡμολόγηται
1105 3162 1224 3231 μὲν,
1260 3163 1341 3215 ὅτι
1376 3164 1441 3216 ὲκ
1463 3163 1881 3235 προστάγματος

1979 1991 2087 2037 non
2118 1975 2410 2029 admodum
2454 1973 2727 2044 exquisite
2766 1971 3131 2035 versabimur,
3177 1967 3273 2023 sed
3314 1982 3345 2022 e
3379 1967 3564 2021 multis

1978 2081 2150 2135 pauca
2204 2065 2534 2131 libabimus,
2592 2080 2713 2136 quae
2775 2060 3089 2119 necessario
3145 2057 3565 2131 perstringenda

1977 2159 2249 2214 videntur.

2053 2251 2154 2321 l7
2168 2250 2448 2321 lV.ltaque
2462 2250 2634 2306 Judaei
2654 2249 2747 2320 qui
2766 2248 2834 2303 ab
2854 2247 3169 2302 Abrahamo
3193 2253 3302 2297 tam
3319 2241 3561 2313 generis,

1979 2355 2142 2412 quam
2176 2340 2466 2411 religionis
2501 2338 2914 2397 successionem
2959 2338 3312 2404 acceperunt,
3370 2330 3438 2384 ab
3469 2343 3564 2385 eo-

1981 2438 2099 2490 dem
2128 2434 2573 2491 circumcisionis
2594 2435 2763 2488 ritum
2788 2430 2936 2486 nacti
2966 2438 3116 2493 sunt,
3143 2441 3309 2498 quam
3343 2426 3434 2480 ille
3458 2439 3563 2479 un-

1980 2528 2349 2585 decentesimo
2385 2528 2562 2583 aetatis
2594 2541 2739 2580 anno
2781 2524 3047 2579 divinitus
3078 2521 3341 2576 adhibere
3367 2519 3564 2589 jussus

1980 2631 2064 2679 est
2092 2640 2103 2675 :
2127 2625 2197 2679 ob
2222 2639 2340 2679 eam
2367 2638 2618 2684 causam,
2652 2636 2816 2692 quam
2844 2627 3005 2675 antea
3033 2615 3462 2688 proposuimus;
3493 2627 3565 2668 ne

1983 2716 2192 2779 scilicet
2223 2716 2345 2785 ejus
2376 2714 2581 2788 posteri
2620 2714 2673 2768 in
2711 2712 2889 2767 aliena
2914 2710 3136 2780 regione
3159 2711 3567 2764 Commorantes

1982 2805 2076 2861 Dei
2102 2820 2297 2860 nomen
2326 2805 2395 2859 ab
2419 2821 2541 2861 sese
2590 2804 2908 2873 rejicerent,
2964 2801 3075 2854 imo
3123 2798 3273 2853 velut
3315 2797 3563 2851 inustum

1984 2897 2255 2967 quoddam
2283 2897 2500 2967 signum
2534 2894 2769 2970 corpori
2807 2908 2907 2949 suo
2961 2888 3410 2953 circumferrem,
3452 2901 3565 2957 quo

1984 2990 2066 3043 vel
2101 2989 2508 3043 coumionetlcri
2535 2988 2619 3042 vel
2650 2985 2906 3056 redargui
2958 2991 3201 3054 possent,
3238 2981 3285 3036 si
3309 2978 3438 3050 quid
3467 2977 3568 3032 ad-

1988 3081 2287 3140 mitterent,
2340 3089 2504 3150 atque
2539 3078 2844 3133 utomnino
2897 3085 3121 3147 paterna
3163 3075 3217 3129 in
3278 3072 3564 3145 religione,

1990 3172 2351 3240 institutoque
2390 3171 2768 3242 persisterent.
2819 3167 3117 3229 Abrahami
3163 3164 3362 3221 deinde
3419 3163 3566 3219 ﬁlius

302 3245 437 3300 Θεοῦ
468 3248 500 3316 ἡ
532 3248 808 3320 περιτομὴ
828 3251 952 3304 τότε
985 3252 1219 3333 ὑπῆρχε
1244 3255 1400 3326 τύπῳ
1432 3256 1489 3309 δὲ
1512 3251 1579 3328 ἦν
1611 3255 1751 3327 αῦτη
1776 3258 1880 3311 δια-

1986 3263 2207 3317 Isaacus
2238 3271 2434 3317 octavo
2457 3278 2620 3333 quam
2665 3270 2830 3317 natus
2877 3259 3101 3316 eratdie
3150 3273 3216 3314 ex
3278 3255 3373 3312 Dei
3409 3271 3569 3310 man-

298 3338 607 3409 τεταγμένη
642 3342 786 3405 τότε,
835 3342 910 3407 ὡς
949 3344 1094 3398 κατὰ
1134 3346 1455 3399 ἀκολουθίαν
1504 3347 1884 3418 προϐαίνοντες

302 3428 531 3500 ὕστερον
550 3433 679 3503 ἰτερῖ¹
695 3432 887 3488 τούτου
914 3435 1180 3507 δείξομεν.
1211 3439 1511 3509 Διήρκεσαν
1534 3440 1711 3493 τοίνυν
1739 3458 1887 3511 περι-

296 3522 646 3594 τεμνόμενοι,
678 3526 771 3578 καὶ
799 3526 1071 3599 θεοσεϐείᾳ
1098 3530 1523 3601 προσανέχοντες
1543 3532 1591 3585 οί
1615 3532 1768 3585 αὐτοὶ
1789 3532 1882 3585 τοῦ

313 3612 576 3686 Ἀϐραὰμ
599 3615 741 3677 κατὰ
768 3617 1016 3690 διαδοχὴν
1049 3621 1258 3685 παῖδες,
1291 3623 1384 3675 ἀπ’
1412 3625 1576 3678 αὑτοῦ
1602 3641 1765 3696 φημι,
1793 3627 1885 3678 καὶ

295 3705 559 3777 καθεξῆς,
588 3706 792 3773 Ἰσαὰκ,
825 3710 1038 3774 Ἰακὼϐ,
1060 3714 1153 3766 καὶ
1168 3716 1217 3767 0i
1234 3713 1422 3768 τούτου
1446 3716 1653 3780 παῖδες,
1672 3717 1727 3769 ἓν
1744 3735 1801 3769 τε
1816 3718 1883 3787 τῇ

290 3799 720 3871 Χανανίςιδιγῇ,
758 3800 987 3874 Ἰουδαίᾳ
1006 3806 1433 3878 καὶΦιλισι-ιαίᾳ,
1458 3807 1603 3861 οὕτω
1624 3808 1884 3880 κληθείσῃ

286 3890 417 3943 τότε
446 3890 585 3961 (55),
618 3891 685 3945 τὰ
707 3892 802 3948 νῦν
831 3894 889 3947 δὲ
915 3895 1253 3969 Παλαιστίνῃ
1278 3899 1605 3972 καλουμένῃο
1639 3900 1774 3954 ἀλλὰ
1792 3902 1887 3954 καὶ

286 3987 352 4037 ὲν
383 3985 673 4057 Αἰγύπτῳ.
712 3987 907 4041 Ἰακὼϐ
941 3989 1050 4060 γὰρ
1079 3992 1106 4043 ὁ
1135 3992 1230 4043 καὶ
1266 3992 1478 4063 Ἰσραὴλ
1506 3992 1748 4047 κάτεισιν
1770 3995 1885 4064 ἃμα

279 4081 408 4141 τοῖς
437 4078 631 4132 ἕνδεκα
654 4080 820 4133 αὑτοῦ
860 4083 1047 4135 παισὶν
1067 4085 1145 4146 είς
1168 4083 1460 4153 Αἴγυπτον,
1481 4084 1599 4149 ἔτος
1633 4087 1886 4155 κατάγων

280 4171 593 4226 ἑκατοστὸν
617 4174 941 4245 τριακοστὸν
971 4175 1066 4245 τῆς
1104 4174 1267 4228 αὑτοῦ
1323 4174 1488 4246 ζωῆς.
1541 4176 1734 4249 Ἰωσὴφ
1772 4178 1828 4231 δὲ
1858 4181 1888 4232 ό

277 4263 484 4332 ἔτερος
518 4262 684 4316 αὑτοῦ
723 4264 837 4328 υίὸς
870 4265 971 4335 ἤδη
1008 4266 1068 4318 ὲν
1107 4265 1366 4337 Αἰγύπτῳ
1394 4269 1717 4341 προϋπῆρχε
1736 4269 1888 4340 βασι-

274 4352 493 4417 λεύων,
526 4355 759 4427 πραθεὶς
794 4355 900 4408 ὑπὸ
942 4356 1051 4411 τῶν
1084 4357 1327 4426 ἀδελφῶν
1348 4359 1512 4412 αὑτοῦ
1546 4359 1635 4413 διὰ
1671 4361 1882 4429 φθόνον.

284 4445 358 4499 Ἡ
375 4445 442 4498 δὲ
464 4444 561 4498 τοῦ
583 4445 716 4499 Θεοῦ
735 4449 1038 4519 οἰκονομία,
1063 4448 1129 4502 τὰ
1153 4450 1331 4518 ἀγαθὰ
1353 4451 1688 4528 συνεργοῦσα
1705 4453 1784 4524 τῷ
1806 4454 1886 4507 δι-

267 4539 460 4609 καίῳ,
483 4540 567 4602 εἰς
586 4538 897 4611 θαυμαστὸν
927 4544 1202 4614 μετήγαγε
1230 4545 1328 4615 τὴν
1354 4546 1472 4598 κατ’
1499 4544 1663 4597 αὑτοῦ
1690 4546 1886 4617 Ἰωσὴφ

263 4628 612 4700 ἐπιϐουλήν.
637 4631 862 4695 Κᾴτεισι
882 4633 1081 4698 τοίνυν,
1106 4632 1182 4697 ῶς
1203 4636 1483 4705 προεῖπον,
1503 4637 1532 4689 ὁ
1569 4636 1760 4690 Ἰακὼϐ
1789 4637 1883 4690 καὶ

1987 3357 2114 3408 dato
2148 3355 2511 3410 circumcisus
2544 3363 2648 3410 est.
2711 3352 2823 3410 Nec
2864 3353 3088 3409 dubium
3132 3358 3238 3413 est,
3271 3350 3409 3420 quin
3449 3356 3565 3403 tum

1987 3446 2174 3500 divino
2197 3453 2469 3516 praecepto
2493 3446 2563 3501 sit
2596 3445 2844 3500 instituta
2875 3443 3259 3508 circumcisio;
3281 3455 3382 3497 nec
3408 3440 3568 3495 aliter

1987 3544 2166 3591 tamen
2221 3552 2384 3607 quam
2418 3537 2484 3590 ad
2537 3537 2849 3591 futurarum
2886 3550 3070 3590 rerum
3103 3535 3397 3591 veritatem
3421 3532 3569 3587 velut

1989 3627 2224 3697 imagine
2256 3627 2490 3698 quadam
2547 3626 2980 3682 adumbrandam
3016 3644 3029 3679 :
3067 3623 3118 3678 id
3178 3622 3324 3694 quod
3378 3627 3568 3692 postea

1990 3735 2090 3773 suo
2118 3721 2238 3773 loco
2281 3721 2768 3775 demonstrabitur.
2827 3718 3200 3784 Quamobrem
3251 3712 3568 3769 circumcisi

1989 3812 2248 3881 deinceps
2283 3812 2580 3866 Ahrahami
2640 3824 2993 3867 successores
3020 3822 3213 3862 onlnes
3247 3820 3312 3860 ac
3362 3803 3569 3875 posteri

1992 3902 2235 3966 fuerunt,
2270 3918 2436 3972 penes
2470 3916 2609 3971 quos
2636 3902 2851 3955 sincera
2883 3898 3094 3967 religio,
3137 3912 3201 3950 ac
3257 3894 3350 3950 Dei
3385 3894 3569 3949 cultus

1990 3974 2235 4049 resedit:
2271 3993 2436 4063 quue
2470 4010 2593 4048 cum
2645 3994 2713 4047 ab
2768 3992 3082 4047 Abrahamo
3133 3996 3397 4058 emptum,
3452 3996 3569 4042 tum

1991 4088 2306 4156 singillatim
2341 4086 2409 4140 ab
2439 4084 2646 4151 lsaaco,
2674 4083 2898 4141 Jacoho.
2934 4081 3209 4152 hujusque
3262 4079 3470 4144 liberis,
3510 4078 3567 4133 in

1989 4176 2316 4241 Chaoaua'a,
2373 4174 2579 4238 Iudaea,
2626 4191 2690 4230 ac
2736 4172 3013 4228 Philistaea
3060 4170 3361 4241 quondam,
3422 4183 3570 4223 nunc

1988 4264 2279 4321 Palaestina
2327 4267 2471 4320 dicta
2509 4265 2734 4336 regione
2764 4270 3128 4337 propagatum
3160 4268 3266 4317 est.
3301 4259 3408 4315 Sed
3434 4260 3570 4315 etin

1989 4358 2227 4429 Aigypto
2256 4374 2363 4413 non
2391 4362 2573 4413 minus
2617 4363 3027 4427 perseveratum
3059 4361 3164 4410 est.
3192 4352 3270 4426 Eo
3296 4351 3569 4424 siquidem

1990 4448 2248 4513 Jacobus,
2277 4451 2370 4520 qui
2397 4462 2451 4505 et
2487 4450 2704 4506 lsraelis
2735 4462 3039 4519 cognomen
3065 4446 3279 4511 habuit,
3304 4461 3413 4501 una
3441 4459 3568 4499 cum

1993 4540 2246 4593 undecim
2272 4539 2399 4593 liliis
2432 4537 2713 4609 profectus
2752 4544 2835 4592 est
2866 4552 3010 4590 anno
3056 4537 3235 4591 aetatis
3267 4533 3569 4590 centesimo

1991 4633 2271 4690 tricesimo
2294 4636 2336 4687 ’.
2374 4632 2507 4686 Nam
2534 4632 2805 4703 Iosephus
2852 4647 2995 4686 unus
3029 4647 3059 4686 e
3092 4631 3384 4685 liberorum
3420 4629 3568 4683 illius

262 4723 319 4772 οἱ
362 4721 479 4773 ἀπ’
500 4721 666 4774 αὑτοῦ
698 4723 823 4783 υίοὶ.
867 4724 962 4777 καὶ
988 4727 1245 4793 γυναῖκες
1265 4724 1359 4778 καὶ⁵
1380 4725 1615 4794 ἔκγονοι,
1649 4729 1708 4780 ὲν
1734 4727 1880 4780 ἑϐδο-

1988 4738 2222 4779 numero
2267 4722 2588 4792 jamdudum
2621 4723 2674 4776 in
2710 4721 2947 4794 Egyplo
2981 4720 3267 4790 imperium
3329 4717 3568 4772 admini-

260 4814 547 4883 μήκοντα
585 4814 746 4867 πέντε
779 4814 978 4885 ψυχαῖς
1013 4816 1431 4887 ἁριθμηθέντες,
1471 4818 1552 4881 εἰς
1585 4817 1880 4886 Αἴγυπτον,

1989 4815 2221 4878 strabat,
2254 4829 2320 4869 eo
2375 4830 2403 4867 a
2458 4814 2723 4869 fratribus
2775 4829 2872 4884 per
2926 4813 3188 4868 invidiam
3239 4808 3563 4880 distractus.

248 4902 342 4967 ὡς
373 4903 640 4973 περιέχει
667 4906 699 4974 ή
735 4903 926 4976 πρώτη
965 4904 1273 4976 βίϐλος’τῆς
1304 4904 1447 4959 κατὰ
1477 4907 1716 4960 Μωῦσέα
1746 4908 1880 4961 Πεν-

1992 4908 2099 4964 Sed
2130 4908 2314 4964 divina
2347 4908 2710 4979 providentia,
2750 4923 2873 4981 quae
2902 4907 3255 4965 sanctissimo
3281 4904 3401 4960 viro
3424 4918 3565 4974 prse-

245 4992 579 5064 τατεύχου,
611 4993 796 5065 σαφῶς
829 4996 1066 5067 δηλοῦσα
1105 4997 1235 5068 περὶ
1267 4997 1471 5051 τούτων
1507 4998 1744 5055 πάντων.
1796 5001 1880 5053 Δι-

1992 5008 2078 5056 sto
2103 5000 2313 5066 aderat,
2342 5001 2573 5071 ejusque
2605 4998 2908 5057 commodis
2945 4997 3180 5063 favebat,
3218 5001 3566 5069 comparatas

351 5177 367 5206 ²
403 5175 580 5230 Rom.
617 5177 771 5241 1,”.
851 5180 871 5209 ³
895 5176 1030 5234 Gen.
1064 5196 1213 5240 xevr.
1245 5181 1277 5236 4
1310 5196 1434 5252 sqq.

330 5355 472 5425 (54)
532 5356 842 5430 Ἐντεῦθεν
868 5357 934 5430 τὸ
967 5355 1090 5413 πᾶν
1112 5358 1288 5428 γένος
1320 5358 1426 5414 τοῦ
1460 5360 1718 5430 Ἰσραήλ.
1756 5360 1875 5415 Non

230 5435 375 5501 tum
430 5433 611 5501 fetus
664 5434 746 5481 est
794 5427 1105 5501 Iudaeorum
1157 5430 1450 5501 appellatio
1489 5427 1588 5501 pro
1618 5427 1878 5487 universo

230 5496 676 5569 lsraelitarumg
702 5512 923 5569 genere,
953 5507 1015 5569 ut
1041 5496 1315 5554 Davidicis
1344 5496 1687 5569 temporibus
1714 5518 1876 5557 usur-

225 5583 401 5640 [ιρι-ς)
430 5638 439 5640 _
464 5566 727 5640 emperit.
774 5568 915 5640 Audi
949 5567 1272 5640 Joscpltutn,
1302 5570 1394 5623 lib.
1426 5566 1675 5640 xi'Apx.,
1708 5588 1757 5627 c.
1795 5572 1829 5626 5
1862 5590 1875 5625 :

239 5634 643 5713 ζεξλῇεὶηάαν
674 5636 830 5713 ,δὲτὸ
857 5634 1126 5713 ξλεμεὲε
1160 5634 1485 5713 ἦεῘήμέρας
1513 5634 1785 5713 emam
1818 5644 1883 5713 ἐκ

225 5706 773 5782 Βαϐυλιῦνοςηάπὸ
801 5706 897 5782 τοῦ
920 5707 1094 5782 Ἰούδα
1124 5706 1408 5782 φύλῆςξῆξ
1439 5706 1881 5782 πρώτηςίὲλθοὺ-

224 5796 355 5849 cm;
401 5779 499 5840 εἰς
531 5776 917 5853 ἐκείνουςτοῦς
944 5776 1311 5853 τόπουςᾼαὺτοί
1334 5776 1392 5834 τε
1426 5776 1519 5835 καὶ
1549 5784 1581 5853 ἡ
1613 5776 1767 5853 χώρα
1783 5782 1882 5849 τῆς

224 5846 668 5920 προσηγορίας
697 5847 904 5917 ταύτης
935 5847 1247 5919 μετέλαϐον.
1281 5850 1461 5918 Quare
1502 5846 1882 5924 post'Bahylo-

1986 5364 2167 5416 nicam
2202 5362 2577 5430 captivitatem
2604 5358 2916 5430 Judmorum
2946 5358 3273 5414 vocabulum
3308 5358 3566 5430 obtinuit.

2058 5432 2170 5504 (55)
2210 5426 2319 5486 Κὰὶ
2352 5428 2691 5504 (matronam
2719 5429 2873 5484 οὕτω
2901 5430 3194 5504 κληθείσῃ
3226 5431 3380 5504 τότε.
3420 5426 3569 5504 Qua-

1985 5503 2031 5558 si
2069 5499 2207 5558 duae
2257 5516 2321 5555 ac
2381 5500 2758 5569 discrepantes
2811 5500 3219 5570 appellationes,
3264 5499 3565 5570 istars‘int.

1992 5551 2752 5640 ἓηῖῖιῖἓὲτόὐηῆξηῑὲίὶιειᾱέ
2783 5551 3279 5640 νῶἶέξιζ
3296 5551 3413 5623 sed
3435 5551 3502 5622 τὸ

1991 5644 2142 5703 olim.
2179 5650 2239 5695 ut
2281 5639 2432 5711 apud
2465 5639 2693 5711 Arabes,
2728 5643 2805 5699 ita
2831 5642 2973 5711 apud
3003 5639 3261 5711 Hebraeos

1993 5730 2114 5769 cum
2144 5708 2333 5783 Raphé
2362 5710 2797 5781 pronuntiatum.
2826 5708 2998 5769 Graeci
3031 5709 3119 5765 διὰ
3155 5708 3248 5765 τοῦ

1991 5792 2203 5841 serunt.

3342 5647 3573 5709 erpetuo

3349 5723 3572 5781 expres-
