3960 6196
394 382 498 439 215

1042 376 1367 434 ADVERSU
1380 378 1416 431 S
1457 378 1799 437 IMERESES
1836 379 1963 436 LIB.

2084 377 2248 434 TOM.
2288 377 2329 433 1'.
2378 406 2441 416 —-
2491 374 2762 430 llrERES.
2804 371 2944 432 Vill.

2631 103 2671 139 ἢ

3542 370 3652 431 ειι

464 500 554 564 εἷ’.
591 497 786 566 Ἕσχον
816 495 875 548 δὲ
908 485 1052 548 οὗτοι
1084 495 1134 546 οἱ
1172 493 1413 548 Ἰουδαῖοι
1450 494 1577 568 ἄχρι
1604 496 1698 567 τῆς
1723 496 1833 550 ἀπὸ
1861 496 1966 548 Βα-

2138 492 2228 549 Vl.
2254 494 2334 549 Ae
2363 494 2511 564 quod
2534 493 2600 549 ad
2632 491 2853 549 Iudaeos
2889 492 3030 548 istos
3072 490 3294 555 attinet,
3335 486 3439 559 ιθ
3462 488 3531 542 ad
3581 489 3653 545 il-

392 586 632 651 ϐυλῶνος
661 584 1037 657 αἰχμαλωσίας
1072 583 1329 637 ἐπανόδου
1365 584 1579 655 βίϐλους
1606 604 1665 640 τε
1702 587 1795 641 καὶ
1838 603 1975 659 προ-

393 680 573 750 φήτας
601 678 851 745 τούτους,
876 676 972 730 καὶ
1003 674 1299 747 προφητῶν
1331 675 1545 746 βίϐλους
1571 678 1793 741 ταύτας·
1821 676 1975 749 πρώ-

390 783 491 837 την
524 766 624 839 μὲν
651 764 891 829 Γένεσιν,
919 763 1175 833 δευτέραν
1197 762 1254 816 δὲ
1280 762 1519 831 Ἔξοδον,
1547 767 1739 838 τρίτην
1760 767 1975 820 Λευῖτι-

395 858 516 921 κδν,
560 856 829 928 τετάρτην
872 853 1184 927 Ἀριθμοὺς,
1234 855 1490 926 πέμπτην
1536 858 1971 932 Δευτερονόμιον,

357 948 560 1029 Χἕκτην
594 947 774 1019 βίϐλον
807 946 984 1018 Ἰησοῦ
1008 945 1103 999 τοῦ
1128 946 1308 1017 Ναυῆ,
1340 946 1574 1019 ἑϐδόμην
1601 949 1707 1003 τῶν
1733 951 1973 1022 Κριτῶν,

395 1041 589 1112 ὀγδόην
634 1039 734 1110 τῆς
796 1038 974 1105 Ῥοὺθ,
1033 1038 1262 1109 ὲννάτην
1312 1037 1407 1091 τοῦ
1453 1037 1594 1103 Ἰὼϐ,
1643 1040 1874 1113 δεκάτην
1912 1044 1974 1096 τὸ

394 1128 729 1199 Ψαλτήριον,
758 1127 1051 1200 ἑνδεκάτην
1076 1128 1384 1201 Παροιμίας
1413 1127 1780 1201 Σολομῶντος,
1853 1132 1977 1187 δυο-

397 1216 727 1286 καιδεκάτην
759 1214 1211 1287 Ἐκκλησιαστὴν,
1232 1215 1686 1287 τρισκαιδεκάτην
1705 1216 1765 1270 τὸ
1784 1212 1972 1289 *ᾼσμα

396 1311 503 1364 τῶν
551 1307 833 1381 ᾀσμάτων,
879 1307 1478 1379 τεσσαρεσκαιδεκάτην
1533 1307 1756 1380 πρώτην
1810 1308 1972 1365 Βασι-

397 1397 578 1461 λειῶν,
616 1396 1108 1468 πεντεκαιδεκάτην
1136 1397 1393 1469 δευτέραν
1431 1398 1746 1465 Βασιλειῶν,
1781 1401 1972 1455 ἑκκαι-

392 1490 627 1559 δεκάτην
648 1488 839 1560 τρίτην
870 1487 1188 1553 Βασιλειῶν,
1212 1487 1680 1558 ἑπτακαιδεκάτην
1708 1489 1975 1561 τετάρτην

394 1575 715 1642 Βασιλειῶν,
765 1576 1244 1648 ὀκτωκαιδεκάτην
1288 1576 1511 1649 πρώτην
1558 1578 1973 1651 Παραλειπομέ-

395 1686 525 1734 νων,
554 1667 1041 1739 ἐννεακαιδεκάτην
1068 1668 1328 1740 δευτέραν
1356 1670 1872 1742 Παραλειπομένων,
1899 1674 1977 1725 εί-

396 1758 594 1830 κοστὴν
610 1757 669 1811 τὸ
687 1758 1480 1832 Δωδεκαποόφητον,ἐίκοστὴν
1499 1761 1725 1833 πρώτην
1751 1764 1976 1817 Ἡσαΐαν

393 1848 487 1901 τὸν
521 1849 826 1920 προφήτην,
864 1847 1113 1920 εἰκοστὴν
1139 1849 1397 1923 δευτέραν
1428 1851 1519 1906 τὸν
1548 1832 1840 1925 προφήτην
1879 1856 1974 1907 Ἰε·
2008 1832 2050 1888 Β

397 1940 618 2012 ρεμίαν,
658 1941 796 2013 μετὰ
837 1940 946 1996 τῶν
977 1940 1199 2015 Θρήνων
1229 1942 1324 1995 καὶ
1376 1942 1699 1998 Ἐπιστολῶν
1724 1943 1886 1998 αὐτοῦ
1911 1963 1972 2000 τε

396 2031 491 2086 καὶ
520 2032 616 2085 τοῦ
652 2030 886 2104 Βαρούχ·
918 2033 1172 2106 εἰκοστὴν
1198 2034 1389 2107 τρίτην
1436 2034 1696 2107 Ἰεζεκιὴλ
1728 2036 1817 2091 τὸν
1840 2054 1974 2109 προ-

396 2124 593 2194 φήτην,
634 2124 885 2195 εἰκοστὴν
923 2123 1189 2197 τετάρτην
1221 2124 1417 2196 Δανιὴλ
1445 2124 1536 2178 τὸν
1561 2127 1868 2198 προφήτην,
1898 2129 1974 2181 εί-

397 2214 599 2285 κοστὴν
639 2215 892 2288 πέμπτην
932 2216 992 2270 τὸ
1021 2215 1236 2289 πρῶτον
1275 2216 1475 2286 βιϐλίον
1509 2217 1604 2271 τοῦ
1637 2218 1863 2288 Ἔσδρα,
1891 2221 1967 2273 εί-

396 2307 597 2377 κοστὴν
626 2306 791 2379 ἕκτην
816 2308 876 2362 τὸ
910 2308 1161 2379 δεύτερον
1194 2307 1417 2377 βιϐλίον,
1453 2308 1704 2379 εἰκοστὴν
1732 2309 1968 2383 ἑϐδόμην

2077 588 2172 643 lud
2230 603 2406 658 usque
2450 594 2692 655 tempus,
2744 602 2853 657 quo
2898 601 2963 640 ex
3010 583 3345 655 Babylonica
3380 582 3651 639 servitute

2077 680 2285 734 reversi
2317 685 2472 742 sunt,
2495 678 2598 733 hos
2630 685 2685 732 et
2708 676 3026 747 prophetas,
3068 682 3125 729 et
3159 674 3551 746 prophetarum
3578 674 3651 729 li-

2077 771 2207 827 bros
2238 771 2573 826 habuerunt.
2630 768 2849 824 Primus
2904 775 2992 823 est
3043 765 3320 821 Geneseos
3374 765 3547 832 liber;
3584 781 3649 831 ιι,

2077 862 2283 929 Exodi;
2343 879 2427 926 ιιι,
2460 861 2775 924 Leviticus;
2817 877 2891 920 tv,
2921 856 3177 922 Numeri;
3211 874 3266 919 ν,
3311 855 3650 911 Deuterono-

2075 949 2283 1017 mium;
2310 966 2387 1014 v1,
2417 948 2557 1004 liber
2587 947 2717 1004 Jesu
2748 947 2844 1001 filii
2872 945 3051 1013 Nave;
3076 961 3178 1011 vu,
3212 942 3469 998 Iudicum
3490 961 3505 1009 ;
3527 959 3649 1006 νιιι,

2077 1040 2226 1095 Ruth
2255 1056 2270 1105 ;
2310 1057 2386 1096 lx.
2414 1039 2617 1105 Job;x,
2637 1037 2998 1103 Psalterium;
3019 1032 3389 1103 xr,Parabolae
3402 1032 3653 1089 Salomo-

2076 1131 2202 1200 nis;
2248 1147 2352 1195 xu,
2388 1130 2785 1196 Ecclesiastes;
2810 1146 2932 1194 xui,
2962 1128 3248 1183 Canticum
3273 1125 3650 1190 canticorum;

2076 1223 2356 1288 x1v,liher
2384 1221 2405 1275 l
2429 1220 2779 1292 Regnorum;
2805 1238 2896 1285 xv,
2933 1219 3073 1274 liber
3093 1216 3138 1270 ll
3173 1217 3484 1286 Regnorum
3506 1230 3651 1281 ;xvr,

2075 1309 2216 1364 liber
2242 1307 2309 1362 Ill
2349 1307 2690 1380 Regnorum;
2723 1307 3001 1372 xvu,liber
3034 1301 3101 1358 lV
3131 1302 3474 1373 Regnorum;
3498 1316 3652 1364 xvut,

2076 1400 2217 1456 liber
2248 1399 2267 1454 l
2296 1398 2792 1471 Paralipomenon;
2826 1415 2940 1463 xix,
3001 1398 3142 1453 liber
3199 1394 3242 1449 ll
3279 1393 3655 1464 Paralipome-

2076 1507 2218 1557 non;
2276 1508 2347 1547 ιι
2380 1533 2394 1559 ,
2460 1491 2753 1547 duodecim
2807 1490 3227 1561 prephetarum;
3282 1501 3419 1552 nt,
3484 1482 3653 1539 Isaias

2075 1583 2376 1656 pr0pheta;
2411 1600 2520 1638 χχιι
2543 1625 2559 1651 ,
2596 1582 2865 1638 Jeremias
2887 1579 3175 1652 propheta,
3211 1590 3335 1633 cum
3367 1573 3653 1628 Lamenta-

2076 1677 2342 1739 tionibus,
2406 1684 2462 1731 et
2518 1675 2767 1746 epistolis
2813 1682 2923 1728 tam
2970 1672 3115 1742 ejus,
3161 1683 3324 1740 quam
3379 1663 3652 1726 Baruchi;

2078 1785 2250 1834 xxi",
2277 1768 2564 1833 Ezechiel;
2604 1784 2752 1831 xxiv,
2792 1765 3015 1830 Daniel;
3071 1777 3201 1827 xxv,
3227 1756 3652 1820 liberlEsdm;

2078 1876 2227 1927 χχιιι,
2279 1860 2422 1915 liber
2455 1858 2495 1911 ll
2526 1857 2712 1913 Esdra:
2756 1873 2769 1919 :
2833 1871 3004 1918 xxvu,
3059 1852 3283 1907 Esther.
3334 1850 3512 1919 Atque
3539 1849 3654 1903 haec

2080 1958 2208 2005 sunt
2241 1964 2390 2005 xxvu
2445 1948 2750 2014 volumina,
2802 1959 2924 2016 quae
2966 1941 3171 1998 Judaeis
3227 1948 3357 1996 sunt
3389 1952 3654 1994 concessa

2078 2040 2379 2095 divinitus:
2415 2055 2539 2111 qua:
2565 2038 2633 2093 ad
2692 2053 2805 2093 χιιι
2839 2051 2943 2107 pro
3002 2034 3311 2088 litterarum
3347 2044 3469 2100 quae
3514 2027 3655 2098 apud

2078 2130 2340 2188 Hebraeos
2372 2140 2501 2188 sunt
2523 2144 2753 2186 numero
2773 2127 3131 2197 rediguntur:
3155 2130 3443 2193 propterea
3458 2118 3603 2190 quod
3626 2136 3654 2173 κ

2076 2236 2142 2275 ex
2173 2221 2285 2276 illis
2314 2222 2372 2276 in
2398 2221 2645 2291 quinque
2672 2219 2803 2290 juga
2827 2216 3258 2272 distribuuntur.
3284 2211 3363 2266 De
3409 2224 3521 2280 quo
3545 2208 3654 2264 alio

2075 2312 2197 2367 loco
2223 2314 2512 2382 perspicue
2542 2310 2966 2380 disputavimus.

396 2399 457 2452 τὸ
495 2396 698 2468 βιϐλίον
741 2397 963 2469 Ἐσθήρ.
1011 2399 1121 2453 Καὶ
1166 2393 1324 2453 αὗταί
1365 2400 1504 2453 εἰσιν
1545 2401 1601 2452 al
1644 2401 1959 2455 εἰκοσιεπτὰ
1998 2401 2189 2471 βίϐλοι,
2224 2405 2279 2456 αἱ
2310 2405 2375 2456 ἐκ
2420 2401 2553 2456 Θεοῦ
2581 2400 2818 2454 δοθεῖσαι
2870 2399 2983 2459 τοῖς
3021 2393 3311 2457 Ἰουδαίοις.
3381 2389 3660 2445 Είκοσιδύο

394 2487 452 2540 δὲ
482 2487 558 2551 ὡς
619 2486 688 2541 τά
717 2489 845 2559 παρ’
899 2488 1082 2551 αὐτοῖς
1146 2491 1385 2558 στοιχεῖα
1416 2487 1524 2541 τῶν
1598 2486 1902 2560 Ἑϐραϊκῶν
1940 2493 2283 2563 γραμμάτων
2325 2492 2746 2565 ἀριθμούμεναι,
2792 2488 2882 2542 διὰ
2929 2487 2985 2541 τὸ
3025 2483 3345 2539 διπλοῦσθαι
3373 2481 3486 2553 (57)
3527 2478 3654 2535 δέκα

399 2577 615 2647 βίϐλους
665 2578 744 2640 εἰς
789 2577 949 2631 πέντε
981 2576 1298 2648 λεγομένας.
1336 2579 1473 2649 Περὶ
1511 2578 1699 2632 τούτου
1736 2578 1793 2635 δὲ
1834 2580 1966 2652 άλλη
1998 2598 2102 2635 που
2138 2582 2326 2653 σαφῶς
2346 2586 2668 2655 εἰρήκαμεν.

469 2668 590 2721 Εἰσὶ
612 2668 667 2721 δὲ
691 2669 783 2722 καὶ
812 2668 967 2722 ἄλλαι
987 2667 1079 2723 δύο
1099 2668 1270 2739 βίϐλοι
1291 2672 1418 2741 παρ’
1438 2671 1619 2735 αὐτοῖς
1655 2674 1712 2725 ὲν
1742 2671 1972 2743 ἀμφιλέ-

397 2774 535 2826 κτῳ,
556 2759 590 2828 ἡ
612 2758 781 2827 Σοφία
801 2757 894 2810 τοῦ
918 2757 1216 2829 Σιρὰχ,καὶ
1240 2762 1272 2830 ἡ
1295 2758 1388 2813 τοῦ
1407 2760 1776 2830 Σαλομῶντος,
1803 2762 1972 2833 χωρὶς

396 2845 572 2899 ἄλλων
608 2844 769 2898 τινῶν
803 2845 1024 2915 βιϐλίων
1065 2846 1478 2920 ὲναποκρύφων.
1519 2850 1697 2903 Πᾶσαι
1721 2850 1777 2904 δὲ
1814 2844 1971 2905 αὗται

396 2936 543 3007 ἱεραὶ
563 2935 836 3005 βίϐλοιτὺν
853 2936 1180 3007 Ἰουδαῖσμὺν
1196 2937 1472 2991 ἐδίδασκον
1496 2940 1589 2993 καὶ
1608 2941 1675 2993 τά
1693 2941 1786 2994 τοῦ
1808 2943 1972 3013 νόμου

400 3026 729 3097 φυλάγματα
747 3027 852 3091 ἕως
872 3029 969 3098 τῆς
994 3028 1087 3082 τοῦ
1115 3029 1320 3100 Κυρίου
1341 3030 1496 3102 ήμῶν
1526 3029 1701 3102 Ἰησοῦ
1734 3030 1972 3103 Χριστοῦ

403 3118 724 3189 παρουσίας·
756 3121 849 3173 καὶ
884 3119 1065 3184 καλῶς
1086 3121 1343 3193 ἐφέροντο
1381 3122 1884 3194 παιδαγωγούμενοι
1916 3126 1973 3176 ὲν

397 3209 476 3279 τῷ
495 3208 665 3279 νόμῳ,
685 3212 733 3262 εἰ
750 3210 996 3275 ἐδέξαντο
1015 3211 1105 3265 τὸν
1118 3213 1351 3284 Χριστὸν
1370 3213 1460 3266 τὸν
1473 3212 1578 3266 ὑπὸ
1591 3212 1685 3267 τοῦ
1707 3213 1980 3283 παιδαγω-

397 3300 517 3368 γοῦ,
549 3301 691 3371 φημὶ
714 3302 769 3355 δὲ
790 3302 881 3355 τοῦ
909 3303 1095 3374 νόμου,
1123 3304 1302 3368 αὐτοῖς
1330 3304 1777 3376 προκηρυχθέντα
1795 3322 1856 3358 τε
1884 3305 1980 3357 καὶ

398 3393 868 3464 προφητευθέντα,
908 3395 1015 3460 ἴνα,
1063 3394 1346 3464 δεξάμενοι
1385 3394 1551 3449 αὑτοῦ
1586 3396 1685 3466 τὴν
1726 3394 1976 3466 θεότητα,

400 3484 495 3539 καὶ
517 3485 615 3555 τὴν
633 3484 896 3556 ἔνσαρκον
919 3485 1084 3539 αὑτοῦ
1110 3486 1413 3558 παρουσίαν
1438 3486 1702 3557 μάθωσιν,
1725 3486 1784 3539 οὐ
1812 3487 1980 3541 κατά⁴

399 3575 553 3628 λυσιν
589 3577 777 3647 νόμου,
819 3576 955 3631 ἀλλὰ
983 3578 1082 3648 τὴν
1120 3577 1213 3630 τοῦ
1253 3577 1416 3648 νόμου
1457 3577 1758 3650 πλήρωσιν·
1792 3575 1980 3648 ἐπειδὴ

398 3668 447 3719 οί
477 3668 639 3719 τύποι
662 3669 720 3720 ὲν
744 3667 821 3737 τῷ
850 3668 1000 3739 νόμῳ
1029 3664 1190 3739 ἦσαν,
1217 3670 1250 3739 ἡ
1281 3668 1339 3721 δὲ
1371 3667 1595 3740 ἀλήθεια
1624 3669 1682 3721 ὲν
1705 3667 1783 3739 τῷ
1804 3669 1982 3737 Εὐαγ-

398 3756 585 3828 γελίῳ,
617 3756 769 3810 Ἐκεῖ
797 3758 906 3831 γὰρ
942 3760 975 3830 ἡ
1016 3760 1289 3831 περιτομὴ
1319 3760 1557 3832 σαρκικὴ
1588 3761 1980 3832 ὑπηρετήσασα

400 3849 577 3921 χρόνῳ
596 3850 699 3915 ἕως
729 3851 827 3920 τῆς
865 3850 1106 3922 μεγάλης
1131 3852 1457 3924 περιτομῆς,
1484 3853 1732 3909 τουτέστι
1754 3852 1850 3908 τοῦ
1874 3855 1981 3911 Βα-

401 3942 705 4012 πτίσματος
745 3942 838 3995 τοῦ
868 3943 1287 4015 περιτέμνοντος
1315 3946 1464 4016 ἡμᾶς
1500 3944 1608 3999 άπὸ
1642 3945 1980 4017 ἁμαρτημά-

399 4050 528 4096 των,
556 4034 649 4086 καὶ
677 4033 1078 4105 σφραγίσαντος
1113 4037 1261 4108 ἡμᾶς
1291 4037 1370 4101 είς
1398 4035 1570 4106 ὄνομα
1596 4034 1753 4088 Θεοῦ.
1782 4036 1892 4089 Καὶ
1914 4031 1982 4107 ἦν

400 4126 518 4176 ἐκεῖ
550 4123 851 4190 Σάϐϐατον,
879 4125 1107 4197 κατέχον
1138 4127 1284 4204 ἡμᾶς
1313 4128 1391 4190 είς
1422 4127 1481 4180 τὸ
1515 4111 1663 4196 μέγα
1683 4126 1979 4191 Σάϐϐατον,

400 4215 681 4270 τουτέστιν
722 4218 801 4280 εἰς
848 4216 1153 4276 ἀνάπαυσιν
1208 4216 1469 4289 Χριστοῦ,
1527 4217 1615 4270 ἵνα
1661 4218 1718 4271 ὲν
1763 4217 1982 4288 Χριστῷ

401 4302 821 4375 σαϐϐατίσωμεν
850 4305 958 4358 ἀπὸ
992 4306 1430 4377 ἁμαρτημάτων.
1465 4306 1577 4359 Καὶ
1603 4301 1671 4377 ἦν
1704 4306 1822 4359 ἐκεῖ
1847 4307 1981 4379 πρό-

400 4395 564 4449 ϐατον
594 4394 788 4465 ἄλογον
814 4396 1095 4466 θυόμενον,
1128 4394 1465 4468 καθοδηγοῦν
1490 4398 1638 4468 ἡμᾶς
1660 4399 1737 4460 είς
1757 4398 1818 4450 τὸ
1841 4398 1981 4468 μέγα

2153 2675 2294 2733 Sunt
2321 2689 2373 2733 et
2412 2677 2503 2732 alii
2538 2678 2648 2732 duo
2663 2675 2815 2738 libri,
2843 2689 2985 2745 quos
3017 2672 3091 2726 illi
3118 2687 3216 2742 pro
3236 2670 3655 2737 dubiishabent,
3682 2674 3689 2678 '

2080 2767 2339 2824 nimirum
2357 2767 2574 2823 Sirachi
2588 2775 2644 2823 et
2658 2764 2970 2821 Salomonis
2987 2763 3290 2834 Sapientia,
3308 2770 3505 2833 praeter
3520 2760 3656 2815 alios

2080 2861 2345 2931 quosdam
2373 2860 2469 2931 qui
2499 2859 2817 2931 apocryphi,
2846 2858 2951 2914 hoc
2988 2863 3073 2911 est
3112 2854 3339 2910 obscuri
3376 2853 3656 2908 dicuntur.

2080 2949 2251 3005 Porro
2271 2950 2452 3005 omnia
2469 2949 2561 3003 illa
2576 2953 2934 3004 sacrosancta
2952 2944 3231 3000 volumina
3250 2940 3478 2996 Judaica
3496 2940 3644 2995 insti-

2081 3046 2219 3103 tuta,
2239 3039 2487 3110 legisque
2524 3036 2881 3093 caeremonias
2906 3032 3199 3096 docebant,
3232 3045 3409 3101 usque
3438 3028 3505 3083 ad
3528 3025 3656 3083 Jesu

2081 3128 2287 3184 Christi
2322 3126 2626 3182 Salvatoris
2659 3126 2984 3190 adventum;
3018 3122 3350 3191 omninoque
3398 3119 3657 3189 praeclare

2083 3220 2186 3276 sub
2202 3220 2306 3288 hac
2322 3220 2456 3291 lege,
2471 3220 2619 3274 velut
2630 3217 2866 3290 quodam
2883 3215 3198 3271 institutore
3212 3227 3334 3269 cum
3354 3211 3464 3267 illis
3479 3219 3657 3265 actum

2085 3308 2244 3371 foret,
2276 3309 2323 3365 si
2357 3323 2518 3380 quem
2533 3306 2721 3363 eadem
2750 3305 2843 3359 illa
2861 3305 2944 3359 lex
2971 3303 3320 3375 praedixerat,
3342 3306 3661 3355 venturum-
3762 3330 3770 3340 ι

2081 3414 2189 3469 que
2219 3406 2646 3462 monstraverat,
2678 3396 2959 3453 Christum
2985 3408 3287 3465 agnoscere
3314 3390 3616 3446 voluissent
3642 3404 3658 3454 ;

2082 3503 2142 3549 ut
2171 3491 2288 3561 ejus
2311 3491 2659 3546 divinitatem
2689 3488 2957 3553 confessi,
3005 3490 3110 3541 hoc
3140 3486 3322 3556 ipsum
3356 3483 3505 3553 quod
3536 3496 3660 3537 cor-

2084 3601 2215 3656 pore
2243 3583 2507 3654 praeditus
2540 3581 2877 3645 advenisset,
2915 3593 3025 3653 non
3054 3577 3122 3631 ad
3154 3576 3288 3645 legis
3316 3572 3660 3629 eversionem

2083 3674 2382 3745 pertinere,
2415 3672 2510 3728 sed
2547 3671 2616 3727 ad
2647 3671 2769 3741 ejus
2800 3668 3336 3726 consummationem
3391 3662 3661 3733 intellige—

2032 3794 2041 3801 ~
2082 3772 2205 3820 rent
2229 3783 2240 3817 :
2262 3762 2523 3834 quoniam
2550 3763 2758 3818 umbrae
2791 3764 3063 3817 duntaxat
3111 3770 3276 3829 atque
3306 3754 3576 3825 imagines
3604 3755 3661 3808 in

2083 3856 2221 3927 lege,
2253 3854 2309 3908 in
2338 3853 2638 3925 Evangelia
2671 3853 2879 3908 veritas
2901 3852 3020 3922 ipsa
3053 3848 3394 3905 continetur.
3427 3844 3563 3900 Nam
3595 3845 3675 3899 ιι-.

2083 3948 2155 4001 lie
2181 3945 2428 4016 corporis
2455 3945 2780 4015 praescripta
2809 3942 3160 3998 circumcisio
3182 3947 3286 4008 est,
3310 3955 3431 4009 quae
3463 3939 3519 3992 in
3554 3953 3665 3995 usu

2084 4037 2271 4093 Iandiu
2302 4035 2425 4100 fuit,
2452 4035 2632 4106 quoad
2667 4035 2863 4105 ingens
2890 4040 2978 4089 est
3010 4033 3104 4088 illa
3135 4029 3490 4093 circumcisio
3523 4027 3655 4083 sub«

2083 4134 2291 4192 secuta,
2320 4126 2633 4197 Baptismus
2688 4125 2965 4189 videlicet,
3019 4138 3130 4194 quo
3178 4136 3281 4193 nos
3341 4136 3371 4173 a
3412 4116 3673 4190 peccatis,

2084 4219 2451 4290 prazcidimur,
2476 4226 2531 4272 et
2566 4216 2621 4270 in
2650 4216 2740 4271 Dei
2772 4216 2993 4271 nomine
3035 4215 3340 4285 signamur.
3372 4210 3661 4266 Habebam

2085 4310 2164 4365 illi
2200 4317 2461 4382 prteterea
2497 4308 2822 4372 Sabbatum,
2867 4309 3013 4377 quod
3044 4322 3148 4363 nos
3197 4303 3263 4362 ad
3296 4316 3556 4373 magnum
3595 4300 3663 4354 il-

2084 4403 2176 4457 lud
2234 4401 2558 4467 Sabbatum,
2609 4400 2713 4455 hoc
2742 4408 2826 4455 est
2875 4398 3078 4454 Christi
3132 4394 3350 4450 Domini
3395 4393 3663 4464 quietem.

401 4486 695 4557 πρόϐατον,
729 4488 823 4540 καὶ
847 4487 1171 4558 ἐπουράνιον
1200 4489 1339 4561 ὑπὲρ
1375 4488 1531 4559 ἡμῶν
1564 4491 1659 4543 καὶ
1693 4493 1833 4564 ὑπὲρ
1861 4492 1977 4547 ὄλου

2088 4492 2448 4565 praeparando
2479 4492 2709 4557 detinet,
2744 4497 2802 4544 ut
2857 4506 2887 4545 a
2941 4498 3168 4561 peccato
3225 4488 3335 4557 20
3376 4490 3663 4540 cessantes

399 4575 496 4630 τοῦ
526 4578 734 4648 κόσμου
766 4574 948 4632 τυθέν.
986 4578 1095 4631 Καὶ
1127 4576 1195 4648 ἦν
1228 4580 1343 4631 ἐκεῖ
1372 4578 1778 4644 ἀποδεκάτωσις
1810 4584 1984 4651 ἀσφα-

2090 4583 2238 4638 velut
2273 4582 2572 4638 Sabbatum
2612 4580 2886 4652 quoddam
2930 4579 2984 4649 in
3040 4578 3262 4634 Christo
3294 4572 3658 4630 celebremus.

399 4668 680 4740 λιζομένη,
731 4669 815 4725 ἵνα
862 4668 937 4742 μὴ
974 4669 1114 4741 λάθῃ
1169 4672 1315 4741 ἡμᾶς
1357 4671 1419 4724 τὸ
1471 4670 1603 4726 ἰῶτα
1643 4673 1892 4745 ἡδεκὰς,
1925 4676 1977 4728 τὸ

2089 4673 2219 4728 Erat
2250 4689 2418 4744 penes
2464 4674 2587 4728 illos
2628 4680 2682 4727 et
2702 4671 2823 4725 ovis
2872 4670 3097 4725 victima
3157 4667 3391 4724 rationis
3439 4679 3659 4735 expers,

399 4759 618 4830 πρῶτον
648 4764 911 4830 στοιχεῖον
941 4760 1037 4813 τοῦ
1065 4760 1240 4830 Ἰησοῦ
1271 4762 1556 4833 ὀνόματος.

2088 4779 2210 4834 quae
2239 4779 2340 4818 nos
2371 4762 2438 4817 ad
2470 4763 2614 4817 illam
2646 4777 2900 4832 magnam
2956 4761 3347 4829 caelestemque
3391 4755 3661 4826 perduce-

400 4862 484 4908 ret
517 4870 697 4917 ovem,
728 4871 830 4926 pro
863 4864 1051 4912 nostra
1086 4856 1389 4927 mundique
1437 4858 1608 4912 totius
1638 4859 1816 4913 salute
1868 4868 2185 4915 mactatam.
2209 4858 2479 4913 Praeterea
2520 4857 2771 4912 instituta
2806 4855 2950 4926 apud
3009 4842 3132 4910 illos
3184 4849 3478 4908 decimatio
3533 4846 3656 4911 fuit,

398 4963 521 5016 quae
551 4964 652 5003 nos
673 4964 739 5003 eo
762 4950 1134 5020 praemuniret,
1164 4965 1232 5005 ne
1254 4951 1364 5004 iota
1395 4949 1652 5016 litteram.
1690 4970 1815 5025 quae
1844 4963 1971 5011 nota
2013 4955 2264 5012 decussis
2331 4962 2436 5017 est,
2476 4928 2730 5024 idemque
2779 4949 2911 5009 .Iesu
2947 4950 3190 5014 nominis
3250 4949 3488 5026 primum
3545 4945 3657 5001 ele-

400 5048 646 5095 mentum
681 5041 935 5110 ignorare
961 5057 1267 5112 possemus.

471 5133 547 5185 Z'.
588 5132 740 5185 Ἐπεὶ
773 5127 869 5185 οὖν
896 5132 974 5203 τῷ
1001 5132 1155 5203 τύπῳ
1183 5133 1448 5205 ἤχθησαν,
1478 5135 1572 5187 καὶ
1610 5135 1709 5188 οὐκ
1739 5134 1978 5204 ἔφθασαν

399 5225 481 5297 είς
502 5223 781 5279 τελείωσιν
806 5224 903 5297 τὴν
926 5224 1013 5278 διὰ
1038 5224 1204 5297 νόμου
1237 5229 1329 5281 καὶ
1355 5226 1647 5300 προφητῶν
1670 5227 1763 5280 καὶ¹
1784 5226 1977 5291 ἄλλων,

399 5317 496 5371 καὶ
528 5315 712 5387 πάσης
745 5317 929 5388 βίϐλου
979 5318 1420 5390 κεκηρυγμένην,
1460 5319 1825 5391 ἐξεϐλήθησαν
1870 5320 1979 5377 άπὸ

476 5471 593 5544 (57)
632 5473 733 5527 Διὰ
762 5473 827 5527 τὸ
843 5472 1238 5544 διπλοῦσθαι.
1279 5469 1413 5525 Nam
1460 5471 1586 5526 libri
1631 5471 1742 5529 duo
1770 5471 1976 5543 Regum

404 5542 641 5613 priores,
668 5560 808 5613 quos
833 5542 1104 5613 Samuelis
1128 5551 1348 5613 vocant,
1378 5544 1632 5613 volumen
1665 5559 1831 5597 unum
1853 5542 1981 5597 eon-

403 5611 662 5683 s_tituunt,
689 5611 937 5682 itemque
989 5611 1355 5683 Regumhduo
1406 5612 1740 5683 posteriores
1783 5627 1973 5669 unum.
2018 5658 2024 5663 .

402 5679 544 5737 Tum
597 5684 736 5738 liber
784 5678 923 5738 Ruth
959 5678 1094 5736 cum'
1112 5680 1363 5737 Judicum
1410 5682 1548 5736 libro
1573 5683 1824 5737 volumen
1855 5683 1975 5736 uni-

406 5767 537 5806 cum
569 5752 713 5807 facit.
745 5752 836 5807 Sic
866 5761 919 5808 et
941 5753 1064 5808 libri
1090 5752 1538 5821 Paralipomenon
1564 5752 1692 5817 duo,
1723 5751 1980 5808 totidem-

2159 5130 2270 5186 Vll.
2304 5129 2578 5197 Quoniam
2611 5131 2777 5200 igitur
2818 5146 2915 5201 per
2947 5127 3174 5182 umbras
3203 5142 3266 5181 ac
3310 5125 3513 5197 ﬁguras
3544 5136 3659 5184 tra-

2087 5226 2238 5279 ducti
2281 5231 2431 5288 sunt,
2458 5239 2560 5279 nec
2589 5239 2709 5278 eam
2736 5219 3146 5293 perfectionem
3175 5219 3441 5283 assecuti,
3491 5233 3658 5289 quam

2086 5319 2171 5373 lex
2207 5317 2431 5387 pariter,
2468 5330 2533 5373 ac
2556 5314 2855 5384 propheta}.
2886 5310 3183 5383 caeterique
3228 5323 3441 5375 omnes,
3496 5319 3660 5378 atque

2085 5487 2191 5542 que
2245 5471 2465 5542 Esdraa,
2496 5468 2707 5542 singula
2755 5482 2899 5542 apud
2954 5479 3211 5542 heorazos
3251 5468 3529 5522 volumina
3579 5467 3659 5542 fa-

2085 5538 2257 5597 ciunt.
2287 5540 2366 5595 Ita
2393 5557 2422 5593 v
2448 5538 2739 5609 expunctis
2772 5538 3167 5609 voluminibus,
3189 5545 3568 5609 constat__xru,
3596 5538 3659 5590 li-

2088 5613 2309 5666 brorum
2341 5604 2776 5664 numefusNide
2806 5609 3027 5678 Hieron.
3055 5609 3110 5663 in
3134 5607 3363 5678 Prologo
3390 5604 3610 5678 G_a_leato
3637 5622 3658 5671 ,-

2087 5681 2349 5808 Cyzi9llum
2399 5678 2596 5734 caleclt.
2648 5693 2747 5747 Iv,
2800 5675 3093 5736 Eusebium
3149 5677 3244 5737 lib.
3299 5675 3355 5733 vt
3424 5675 3657 5747 Hirtam,

2089 5767 2138 5805 (ν.
2237 5791 2249 5804 .

2089 5767 2138 5805 0.
2166 5767 2249 5805 ιιι.
