3968 6110
439 305 543 363 εει

1125 299 1497 360 ADVERSUS
1532 300 1875 363 l'lJERESES
1911 306 2005 363 LII

2116 351 2128 366 .
2174 309 2337 370 ΤΟΜ.
2379 315 2421 371 Ι.
2458 345 2532 360 -
2568 317 2849 380 ΗᾹΞΒΕΞ.
2891 319 3026 381 Vill.

3599 332 3711 389 232

436 420 536 475 xui.
568 417 886 482 Κουδαίους,
917 416 1394 490 Σεπφαρουραίους
1416 419 1511 473 καὶ
1534 420 2004 492 ’Δναγωγαναίους

2130 428 2564 504 Anagoganteos.
2597 436 2700 504 Qui
2724 450 2847 491 cum
2873 438 3183 497 simulacris
3213 441 3331 499 suis
3375 458 3441 499 eo
3474 446 3709 516 profecti

436 511 509 568 οι
528 527 697 575 τινες,
727 509 844 581 ἅμα
876 511 989 574 τοῖς
1013 508 1194 564 αὐτῶν
1230 510 1470 576 εἰδώλοις
1500 512 1821 578 ἀναϐάντες,
1846 514 2025 587 κατῴ-

434 621 570 662 κουν
598 601 663 657 τὸ
689 600 992 675 τηνικαῦτα
1034 601 1133 675 τὴν
1176 602 1509 675 Σαμαρείαν,
1545 606 1749 678 ταύτην
1778 606 2026 675 ἐπιλεξά..

435 713 591 767 μενοι
628 694 841 758 ἑαυτοῖς
872 691 970 764 τὴν
1002 693 1124 765 γῆν,
1148 693 1236 748 διὰ
1264 694 1324 747 τὸ
1358 689 1498 750 εἶναι
1532 694 1692 752 πίονά
1715 715 1773 751 τε
1804 698 1895 755 καὶ
1928 717 2021 769 γο-

433 785 771 857 νιμωτάτην.
806 784 999 858 Χρόνῳ
1023 784 1081 839 δὲ
1109 778 1254 839 οὗτοι
1288 785 1393 840 ὑπὸ
1422 786 1532 842 τῶν
1561 787 1767 861 θηρίων
1791 789 2024 845 διασπα-

437 878 782 949 ραττόμενοι,
812 876 1040 931 λεόντων
1066 876 1122 931 δὲ
1156 877 1251 931 καὶ
1280 876 1620 944 παρδάλεων,
1650 880 1744 933 καὶ
1780 879 2021 952 ἄρκτων,

431 972 530 1025 καὶ
559 970 667 1024 τῶν
710 969 887 1026 ἄλλων
929 969 1182 1041 πονηρῶν
1226 969 1449 1043 θηρίων,
1490 972 1909 1028 ἀποστέλλουσιν
1941 977 2021 1042 είς

436 1061 755 1127 βαϐυλῶνα,
789 1061 1253 1133 παρακαλοῦντες,
1289 1062 1384 1117 καὶ
1416 1063 1690 1137 ὑπερϐολῇ
1726 1064 2024 1137 θαυμάζον-

431 1169 526 1216 τες
591 1152 690 1222 τὴν
742 1150 852 1205 τῶν
910 1151 1355 1222 κατοικησάντων
1408 1151 1471 1206 τὸ
1543 1153 1674 1226 πρὶν
1726 1155 2021 1224 ἐγκάθετον

430 1242 733 1315 διαγωγὴν,
760 1241 877 1307 πῶς
907 1242 1169 1312 ἠδύναντο
1200 1242 1501 1316 ἀποστῆναι
1546 1244 1646 1317 τὴν
1679 1244 1786 1301 τῶν
1817 1244 2021 1318 θηρίων

436 1334 693 1406 ἁρπαγήν
719 1351 778 1388 τε
806 1335 902 1388 καὶ⁵
934 1333 1078 1406 βίαν.
1120 1334 1179 1391 '0
1207 1333 1264 1389 δὲ
1292 1333 1563 1404 βασιλεὺς,
1598 1338 2022 1410 μεταστειλάμε-

427 1444 524 1493 νος
554 1428 681 1492 τοὺς
709 1426 1136 1501 πρεσϐυτέρους,
1164 1427 1330 1501 ᾔρετο
1370 1428 1470 1500 τὴν
1515 1430 1698 1495 αὐτοῖς
1724 1431 2021 1506 γενομένην

433 1520 657 1592 ἀγωγὴν
681 1520 782 1591 τῆς
810 1523 869 1575 ὲν
893 1522 960 1592 τῇ
984 1519 1214 1593 Ἰουδαίᾳ
1243 1520 1533 1588 καθέξεως,
1564 1522 1679 1586 πῶς
1710 1540 1769 1576 τε
1811 1522 2020 1578 διελάν-

432 1612 596 1667 θανον
627 1610 726 1683 τὴν
755 1614 864 1667 τῶν
904 1612 1107 1684 θηρίων
1143 1612 1419 1687 ἁρπαγὴν,
1461 1613 1730 1685 τοσαύτης
1765 1614 2019 1687 θηριοϐον

429 1701 552 1769 λίας
590 1703 686 1758 καὶ
707 1702 885 1775 λύμης
926 1701 1069 1756 κατὰ
1109 1702 1207 1773 τὴν
1246 1702 1352 1772 γῆν
1398 1703 1611 1773 ἐκείνην
1644 1704 2013 1776 ὑπαρχούσης.

432 1796 497 1849 Οἱ
524 1795 583 1849 δὲ
612 1793 711 1866 τὴν
733 1792 827 1847 τοῦ
873 1791 1011 1846 Θεοῦ
1049 1791 1369 1863 νομοθεσίαν
1415 1790 1563 1865 αὑτῷ
1600 1792 1887 1860 ἐδείκνυον,
1926 1794 2019 1848 ml.
2049 1780 2096 1838 Β

430 1886 576 1960 μετὰ
600 1886 867 1949 συνέσεως
898 1883 1047 1955 αὐτῷ
1076 1884 1460 1941 ἀπεκάλυπτον
1487 1885 1585 1957 τῆς
1620 1886 1843 1956 εὐλόγου
1876 1887 2018 1956 γνῶ,

432 1996 543 2051 μης
598 1976 668 2032 τὰ
713 1975 948 2048 καθεξῆς
1007 1975 1025 2007 ¹
1077 1976 1373 2048 φήσασθαι.
1447 1976 1539 2048 Μὴ
1606 1976 1865 2033 δύνασθαι
1910 1979 2019 2048 γὰρ

429 2071 613 2124 ἐκεῖσε
656 2067 807 2133 ἔθνος
845 2064 1191 2131 καθέζεσθαι,
1227 2068 1275 2119 εί
1312 2068 1385 2138 μή
1425 2084 1479 2121 τι
1509 2068 1574 2122 ἂν
1605 2068 1694 2122 τὸν
1723 2069 1889 2141 νόμον
1924 2070 2017 2124 τοῦ

429 2160 569 2222 Θεοῦ
594 2159 690 2214 τοῦ
723 2159 955 2232 οὐρανοῦ
993 2160 1084 2215 τὸν
1129 2159 1217 2213 διὰ
1251 2159 1526 2226 Μωῦσέως
1565 2160 1789 2227 δοθέντα
1832 2164 2014 2216 ἐπιτε-

427 2253 667 2309 λέσαιεν.
707 2248 863 2306 Εἶναι
891 2251 1002 2324 γὰρ
1028 2252 1119 2305 τὸν
1161 2250 1296 2305 Θεὸν
1327 2251 1419 2305 τὸν
1448 2252 1886 2325 ὑπερασπίζοντα
1918 2256 2016 2327 τῆς

378 2366 385 2373 ί
428 2344 566 2414 γῆς’
617 2343 693 2415 μὴ
748 2342 1033 2413 βούλεσθαι
1088 2342 1146 2396 δὲ
1190 2341 1533 2414 παραϐάσεις
1588 2346 1646 2398 ὲν
1694 2346 1834 2417 αὐτῇ
1886 2349 2014 2419 παρ’

427 2434 602 2501 ιθνῶν
644 2433 960 2503 ἀλλοφύλων
1000 2431 1246 2500 γίνεσθαι
1294 2435 1734 2506 είδωλολατρείας
1766 2437 1859 2491 καὶ
1903 2437 2013 2493 τῶν

426 2527 626 2593 ᾇλλων.
676 2525 734 2579 '0
762 2525 820 2579 δὲ
852 2525 1263 2597 ἐπιμελόμενος,
1310 2525 1406 2581 atal.
1449 2526 1763 2598 πειθόμενος
1793 2531 1861 2601 τῇ
1905 2530 2015 2584 τῶν

424 2615 862 2681 ἀναδιὼξάντων
883 2614 1229 2691 ἀληθεστάτῃ
1258 2615 1543 2688 ἑρμηνείᾳ,
1563 2615 1892 2688 ἀντίγραφον
1919 2616 2014 2670 τοῦ

422 2706 597 2777 νόμου
625 2705 847 2777 ᾔτησεν.
873 2705 938 2757 Οἱ
982 2704 1063 2769 δὲ,
1106 2703 1357 2773 ἀφθόνως
1403 2703 1699 2769 δεδωκότες
1743 2706 1880 2777 μετὰ
1920 2708 2010 2762 καὶ

421 2798 521 2853 τοῦ
568 2799 771 2870 νόμου,
798 2797 1036 2868 Ἔσδραν
1080 2796 1204 2852 τινὰ
1246 2798 1398 2870 ἱερέα
1455 2797 1568 2870 (64)
1623 2800 2014 2854 ἀποστέλλουσι

420 2890 721 2962 παιδευτὴν
740 2887 837 2942 τοῦ
881 2889 1048 2960 νόμου
1098 2887 1207 2942 ἀπὸ
1243 2887 1582 2955 Βαϐυλῶνος,
1621 2890 1757 2962 πρὸς
1791 2891 1852 2945 τὸ
1889 2909 2016 2946 erat,

421 2979 612 3037 δεῦσαι
663 2983 792 3045 τοὺς
834 2983 893 3036 ὲν
933 2983 1000 3052 τῇ
1059 2980 1341 3052 Σαμαρείᾳ
1408 2980 1771 3046 καθεσθέντας
1822 2985 2014 3038 Ἀσσυ-

2130 522 2316 579 sedem
2349 523 2405 580 in
2442 523 2691 583 Samaria
2721 530 3085 585 constituunt.
3138 530 3292 588 lla'nc
3341 535 3509 599 enim,
3562 537 3709 607 quod

2130 618 2439 689 prmpingui
2480 619 2636 691 gleba
2701 619 2980 695 fertilique
3009 623 3171 691 foret,
3224 624 3293 680 ad
3348 625 3707 683 habitandum

2127 707 2399 780 deligunt.
2439 709 2641 767 Verum
2669 712 2950 784 aliquanto
3006 724 3197 786 postea
3237 724 3483 788 tempore
3510 733 3540 772 a
3578 719 3708 777 feris

2128 799 2338 865 laniati,
2371 803 2624 861 leonibus
2653 804 2927 872 videlicet,
2958 807 3146 879 pardis
3195 814 3250 864 et
3276 811 3443 877 ursis,
3476 810 3711 882 aliisque

2126 892 2451 951 crudelibus
2475 895 2671 953 bestiis
2702 898 3143 964 incursantibus,
3202 898 3413 969 legatos
3444 900 3499 955 in
3530 902 3709 972 Baby-

2128 981 2309 1039 lonem
2339 1000 2464 1039 cum
2514 988 2772 1060 precibus
2798 988 3058 1057 mittunt;
3100 988 3453 1046 vehementer
3483 1006 3579 1048 eos
3606 992 3707 1045 ad-

2128 1074 2334 1142 mirati,
2360 1076 2456 1148 qui
2490 1077 2619 1134 istic
2642 1086 2769 1136 ante
2799 1095 2858 1136 se
2887 1079 3229 1135 domicilium
3279 1080 3707 1147 collocaveram,
3812 1098 3825 1107 ·

2127 1168 2221 1239 qui
2255 1168 2474 1225 tandem
2535 1185 2565 1224 a
2608 1168 2849 1227 ferarum
2895 1173 2947 1228 vi
2988 1180 3042 1228 et
3090 1171 3429 1228 immanitate
3487 1188 3711 1229 servare

2128 1275 2251 1316 sese
2275 1262 2607 1332 potuissent.
2660 1263 2877 1331 Quibus
2934 1263 3139 1320 auditis
3169 1280 3263 1319 rex
3304 1265 3590 1321 accersitis
3616 1280 3707 1320 se-

2126 1353 2378 1410 nioribus
2438 1354 2761 1427 interrogat,
2796 1372 3046 1427 quasnam
3097 1356 3205 1414 illis
3240 1358 3295 1412 in
3358 1355 3545 1412 Iudaea
3581 1359 3709 1413 vita:

2127 1443 2298 1511 ratio;
2332 1453 2446 1499 tum
2474 1446 2749 1518 quomodo
2777 1447 2834 1502 in
2859 1455 3010 1501 tanta
3037 1445 3338 1503 bestiarum
3365 1448 3705 1513 incursione,

2125 1535 2404 1606 tantisque
2459 1536 2699 1608 regionis
2752 1538 3121 1594 incommodis
3168 1539 3386 1593 illarum
3440 1539 3706 1594 laniatum

2123 1638 2189 1680 ac
2223 1623 2493 1681 feritatem
2528 1626 2867 1699 effugissent.
2902 1628 2983 1682 llli
3027 1627 3360 1684 constitutas
3390 1643 3418 1682 a
3459 1628 3570 1684 Deo
3599 1630 3708 1686 sibi

2125 1715 2273 1788 leges
2304 1717 2709 1783 demonstrant,
2744 1720 3154 1791 prudenterque
3188 1720 3334 1792 quod
3368 1730 3485 1777 erat
3505 1722 3706 1778 rationi

2125 1819 2558 1866 consentaneum
2592 1812 2905 1885 signiﬁcant
2937 1829 2950 1865 :
2984 1813 3191 1867 nullam
3243 1813 3315 1868 iis
3354 1814 3412 1867 in
3445 1813 3582 1869 locis
3605 1828 3708 1868 na-

2124 1897 2328 1955 tionem
2356 1916 2521 1971 posse
2544 1902 2876 1968 cousistere,
2909 1904 3015 1959 nisi
3057 1903 3325 1959 divinitus
3362 1904 3584 1960 traditis
3611 1920 3709 1975 per

2124 1988 2346 2061 Moysen
2375 1992 2586 2063 legibus
2630 1993 3058 2063 obtemperaret,
3095 1993 3265 2049 Deum
3314 1994 3517 2065 quippe
3547 2003 3708 2050 terra!

2122 2082 2435 2153 presidem,
2464 2098 2528 2138 ac
2551 2090 2922 2155 protectorem
2947 2100 3071 2141 esse
3093 2103 3107 2151 ;
3140 2085 3479 2154 minimeque
3501 2084 3613 2155 pati
3639 2082 3707 2139 ab

2121 2171 2368 2226 externis
2396 2173 2616 2243 populis
2646 2187 2741 2242 per
2786 2171 3213 2229 simulacrorum
3265 2173 3501 2235 cultum,
3535 2172 3710 2227 alias-

2122 2279 2229 2335 que
2249 2265 2674 2335 superstitiones
2701 2264 3003 2336 quidquam
3056 2265 3173 2321 illic
3200 2273 3395 2321 contra
3449 2264 3703 2320 instituta

2122 2357 2411 2411 committi.
2447 2356 2578 2424 Quae
2602 2358 2788 2412 omnia
2814 2356 3328 2416 Nabuchodonosor
3373 2356 3702 2428 negligenda

2120 2448 2345 2503 minime
2371 2460 2548 2516 ratus,
2573 2449 2804 2505 sincerae
2844 2448 3065 2510 illorum
3115 2448 3356 2505 orationi
3390 2447 3549 2504 fidem
3608 2462 3703 2503 ac-

2120 2538 2497 2605 commodans,
2531 2540 2665 2609 legis
2685 2538 2997 2609 exemplum
3045 2539 3323 2610 poposcit.
3368 2539 3475 2609 23
3529 2538 3704 2609 Cujus

2120 2641 2244 2682 cum
2277 2626 2355 2687 illi
2386 2628 2602 2697 copiam
2643 2626 2860 2683 abunde
2907 2627 3195 2693 fecissent,
3227 2626 3459 2682 Esdram
3512 2642 3704 2697 quem.

2120 2718 2246 2773 dum
2305 2720 2650 2775 sacerdotem
2731 2718 3007 2791 Legisque
3075 2708 3361 2776 doctorem
3425 2718 3703 2791 Babylone

2120 2826 2243 2869 cum
2283 2812 2376 2865 illa
2417 2812 2533 2882 ipsa
2564 2813 2683 2883 lege
2732 2812 3033 2876 destinant,
3067 2818 3127 2865 ut
3161 2810 3422 2882 Assyrios
3472 2810 3567 2881 qui
3602 2807 3701 2864 Sa-

2119 2904 2349 2958 mariam
2384 2905 2717 2969 incolebant,
2766 2905 2871 2960 boc
2915 2912 3002 2960 est
3051 2903 3395 2969 Cbuttltaeos,
3455 2903 3701 2973 aliosque

2122 3012 2289 3068 supra
2339 3003 2798 3053 commemoratos
2847 2996 3104 3067 populos,
3156 2993 3413 3051 Mosaicis
3458 2993 3701 3049 decretis

423 3074 598 3155 ρίους.
636 3074 763 3137 τοὺς
791 3071 1300 3145 προδεδηλωμένους
1341 3071 1612 3137 Χυθαίους
1659 3074 1754 3135 καὶ
1801 3074 2005 3142 ἄλλους1

2123 3089 2454 3144 imbuerent.
2485 3088 2703 3144 Accidit
2732 3088 2836 3143 hoc
2856 3087 3140 3142 tricesimo
3166 3087 3290 3157 plus
3315 3085 3501 3141 minus
3529 3100 3699 3150 anno,

417 3165 515 3218 τὸν
569 3164 733 3235 νόμον
785 3164 876 3218 τὸν
917 3163 1216 3227 Μωῡσέως.
1266 3163 1478 3226 Γίνεται
1531 3164 1590 3219 δὲ
1641 3164 1799 3219 τοῦτο
1840 3169 1899 3220 ὲν
1935 3167 2005 3239 τῷ

2116 3195 2280 3250 quam
2336 3177 2510 3237 Judaei
2563 3177 2854 3234 exlsraele
2881 3194 2946 3233 ac
2993 3177 3392 3251 Hierosolymis
3424 3176 3697 3248 deportati

419 3254 732 3328 τριακοστῷ
761 3253 872 3309 ἔτει
905 3254 1077 3309 πλείω
1105 3254 1138 3326 ἢ
1171 3254 1383 3320 ὲλᾴσσω
1410 3255 1510 3325 τῆς
1542 3254 1635 3309 τοῦ
1673 3257 1887 3329 Ἰσραὴλ
1920 3261 2005 3317 καὶ

2116 3270 2371 3326 fuissent.
2404 3272 2574 3342 Igitur
2600 3271 2827 3337 Esdras,
2854 3280 2908 3326 et
2926 3270 3020 3341 qui
3045 3287 3170 3327 cum
3197 3287 3263 3325 eo
3286 3269 3517 3341 profecti
3543 3278 3696 3335 sunt,

431 3348 789 3421 Ἰερουσαλὴμ
816 3348 1216 3419 αἰχμαλωσίας.
1251 3348 1537 3409 Ἐπαίδευε
1565 3349 1745 3403 τοίνυν
1778 3352 2013 3425 Ἔσδρας

294 5634 311 5651 ⁸
423 5640 611 5694 ’Δουάν
659 5638 930 5694 scribant.
964 5638 1044 5707 At
1092 5634 1334 5707 Scaliger
1381 5638 1609 5706 Ἀνάγνο

418 3441 517 3509 καὶ
544 3440 596 3494 oi
631 3438 747 3509 μετ’
778 3436 944 3492 αὑτοῦ
976 3438 1036 3492 τὸ
1062 3436 1218 3506 γένος
1260 3437 1322 3491 τὸ
1372 3439 1430 3491 ὲν
1467 3440 1533 3510 τῇ
1571 3438 1874 3515 Σαμαρείᾳ,
1918 3442 2012 3503 καὶ

417 3532 729 3605 ἐκλήθησαν
756 3532 1095 3604 Σαμαρεῖται
1143 3532 1194 3584 oi
1235 3530 1327 3593 τὸν
1369 3530 1534 3601 νόμον
1561 3531 1650 3586 διὰ
1682 3532 1771 3588 τοῦ
1805 3534 2009 3608 Ἔσδρα

415 3623 514 3680 τοῦ
542 3623 651 3678 ἀπὸ
678 3621 995 3687 Βαϐυλῶνος
1034 3623 1261 3694 ἥκοντος
1289 3608 1684 3695 διαδεξάμενοι.
1723 3624 1914 3698 mima
1952 3626 2008 3683 δὲ

414 3718 612 3791 χρόνος
635 3717 774 3770 ὲτῶν
797 3716 1208 3789 τεσσαράκοντα
1237 3715 1435 3781 ἄλλων,
1464 3718 1560 3771 καὶ
1600 3718 1632 3788 ὴ
1661 3718 2008 3789 αίχμαλωσία

413 3809 631 3881 ἀνείθη.
659 3809 770 3863 Καὶ
804 3808 1035 3879 ἀνῆλθεν
1077 3808 1295 3881 Ἰσραὴλ
1323 3808 1431 3862 ἀπὸ
1461 3810 1559 3881 τῆς
1592 3809 1932 3877 Βαϐυλῶνος.

489 3902 568 3959 θ’.
617 3900 854 3973 Ἐπέστη
911 3900 973 3954 δὲ
1028 3899 1351 3971 θαυμάζειν,
1407 3900 1525 3967 πῶς
1574 3902 1889 3974 συμϐέϐηκε
1937 3905 2005 3970 τὰ

412 3993 661 4065 τέσσαρα
705 3992 831 4063 ἔθνη
889 3993 985 4057 καὶ
1023 3992 1296 4064 τέσσαρας
1345 3992 1585 4064 αἱρέσεις
1628 3995 1685 4046 ὲν
1728 3995 1878 4066 αὐτῷ
1927 3996 2005 4069 τῷ

412 4083 562 4139 ἔθνει
609 4084 897 4154 γενέσθαι·
935 4084 1079 4154 φημὶ
1131 4082 1188 4146 δὲ
1236 4082 1452 4159 πρῶτον
1492 4084 1785 4156 Ἐσσηνῶν,
1819 4086 2005 4141 δεύτε-

415 4191 513 4249 ρον
558 4174 867 4247 Γορθηνῶν,
913 4173 1096 4247 τρίτον
1147 4172 1451 4229 Σεϐουαίων
1474 4212 1489 4236 ,
1550 4173 1806 4249 τέταρτον
1857 4178 2007 4239 Δοσι-

412 4265 575 4325 θέων.
618 4266 899 4323 Ἐντεῦθεν
932 4268 1078 4339 ἀρχή
1124 4284 1214 4339 μοι
1243 4266 1448 4335 γίνεται
1484 4267 1584 4340 τῆς
1609 4268 1702 4323 τοῦ
1736 4270 2004 4341 ἐπαγγέλ-

414 4376 587 4429 ματος
619 4360 764 4414 κατέι
804 4360 1072 4431 αἱρέσεων
1124 4360 1526 4431 πραγματείας,
1558 4362 1654 4415 καὶ
1703 4362 1763 4416 τὸ
1805 4365 1995 4432 αἴτιον,

408 4451 561 4515 ὅπως
596 4452 617 4482 ι
645 4449 999 4519 διασαφήσων
1032 4451 1089 4502 ὲν
1120 4447 1313 4519 βραχεῖ
1340 4447 1471 4521 ἐρῶ.
1494 4450 1558 4502 Τί
1588 4449 1645 4503 δέ
1674 4452 1821 4506 ἐστιν
1847 4452 1994 4525 ἄλλο,

408 4546 446 4623 ἢ
481 4546 563 4603 ότι
595 4543 704 4597 ἀπὸ
731 4542 827 4613 τῆς
850 4541 959 4594 τῶν
988 4539 1249 4609 γλωσσῶν
1279 4539 1582 4613 πολυφὸρου
1610 4543 1997 4616 ἀλλοιοφωνίας

409 4637 577 4707 φυλαὶ
601 4632 892 4704 γεγόνασι;
935 4631 1093 4686 Κατὰ
1124 4631 1180 4685 δὲ
1205 4632 1439 4704 ἑκάστην
1467 4634 1639 4707 φυλήν
1666 4653 1724 4690 τε
1752 4637 1845 4691 καὶ
1885 4656 1992 4695 πα-

519 4798 535 4828 ¹
573 4794 739 4850 Forte
764 4797 1052 4866 φήσαντες.
1128 4795 1148 4825 ²
1170 4791 1333 4854 Forte
1365 4794 1701 4868 διασαφήσω.

408 4937 472 4991 de
504 4935 704 5007 Cuth_a,
731 4946 781 4990 et
819 4935 883 4988 de
920 4933 1096 4999 ﬂava,
1119 4945 1171 5007 et
1206 4933 1518 5007 dekEptafh,
1558 4948 1608 4990 et
1648 4937 1712 4992 de
1759 4938 1990 5007 Sephar-

409 5009 570 5062 raim.
605 5003 825 5077 Graece
849 5007 922 5058 ita
958 5024 972 5077 ς
1004 5007 1113 5077 καὶ
1160 5006 1225 5077 ὲκ
1253 5004 1425 5067 Χυθὰ,
1474 5008 1602 5077 καὶ,
1632 5008 1742 5062 ἀπὸ
1770 5003 1987 5077 ’Ᾱουὰῃ

406 5079 503 5132 καὶ
522 5075 633 5130 ἀπὸ
654 5075 982 5148 Αίμὰθ,-καὶ
1003 5076 1108 5148 ἀπὸ
1131 5076 1546 5148 Σε-μφαρουαίμ.
1574 5075 1731 5143 Quod
1758 5081 1821 5132 ad
1844 5075 1991 5134 Chué

408 5151 582 5202 thaeos
611 5144 828 5216 attinet,
864 5144 1156 5216 Josephus,
1198 5144 1293 5201 lib.
1328 5144 1713 5215 ἰιἉρχαιολη
1749 5164 1800 5205 c.
1835 5150 1925 5214 14,
1952 5167 1982 5204 a

410 5218 624 5273 Cbutba
676 5215 923 5271 Persidis
968 5215 1209 5286 regione,
1241 5224 1295 5269 et
1324 5219 1651 5284 cognomine
1684 5218 1850 5274 fluvio
1880 5237 1984 5274 no-

412 5291 648 5343 minatos
694 5286 946 5341 allirmat.
977 5284 1113 5340 Vide
1154 5286 1324 5339 Ellam
1360 5286 1683 5351 Thisbitem,
1720 5291 1985 5345 vocabulo

410 5367 528 5427 tm.
558 5357 644 5412 Ab
675 5357 744 5413 iis
776 5357 937 5419 nihil,
968 5358 1181 5427 opinor,
1216 5356 1531 5427 discrepant
1556 5360 1833 5423 Κουδαίοι,
1864 5360 1989 5415 licet

411 5425 750 5500 Epiphanius
773 5425 1025 5489 secernat
1043 5445 1059 5493 ;
1077 5427 1187 5500 _n_isi
1214 5425 1337 5496 quis
1360 5425 1694 5500 ᾼίμαθαίους
1717 5432 1837 5495 ejus
1867 5431 1987 5484 loco

411 5496 784 5569 reponendum
812 5496 1212 5569 censeat.Nam
1231 5512 1347 5569 pro
1375 5496 1846 5569 ’Ajgaymyavaiou:
1877 5501 1987 5553 for—

411 5566 552 5626 lasso
570 5567 927 5631 Ἀουαναίους
951 5568 1143 5622 melius
1166 5567 1400 5636 erit,pra
1427 5566 1668 5636 Havacis;
1696 5586 1818 5623 (τιιιιι
1846 5569 1985 5623 LXX

1610 5656 1673 5701 υς
1728 5642 1986 5704 Γοιναίους

406 5709 512 5781 leg.
534 5709 849 5781 rariulatur;
881 5706 1009 5781 quia
1043 5714 1320 5781 tunsum
1344 5708 1584 5777 ἄναγνοι,
1615 5709 1842 5763 obsceni.
1875 5710 1979 5763 Ve-

407 5777 538 5839 ru'm'
577 5779 867 5837 nationum
916 5777 1006 5834 hic
1038 5779 1281 5843 nomina,
1319 5794 1427 5833 non
1460 5792 1692 5849 morum,
1727 5797 1789 5836 ac
1823 5780 1980 5837 vitio-

2118 3362 2476 3420 Samaritanae
2529 3365 2774 3436 regionis
2830 3364 3044 3419 incolas
3113 3364 3409 3430 erudiunt;
3464 3362 3697 3432 indeque
3804 3414 3816 3422 .

2115 3454 2402 3517 Samaritae
2430 3455 2588 3523 dicti,
2619 3458 2713 3527 qui
2742 3458 2811 3513 ab
2846 3458 3041 3522 Esdra,
3072 3472 3235 3528 quem
3270 3472 3367 3511 rex
3419 3455 3696 3526 Babylone

2108 3549 2358 3612 miserat,
2391 3547 2564 3618 legem
2594 3558 2955 3619 acceperunt.
2980 3547 3114 3603 Post
3143 3548 3255 3602 haec
3282 3547 3407 3602 aliis
3438 3563 3506 3600 ιι.
3532 3546 3696 3602 annis

2107 3639 2315 3709 elapsis
2365 3639 2635 3699 dissoluta
2684 3641 3008 3711 captivitate
3052 3639 3313 3696 lsraelitae
3363 3641 3418 3694 in
3460 3638 3691 3709 patriam

2107 3731 2313 3789 reversi
2349 3739 2500 3788 sunt.

2177 3902 2268 3958 IX.
2304 3903 2444 3963 lllud
2479 3918 2609 3959 vero
2632 3903 3001 3959 admiratione
3031 3904 3163 3965 mihi
3193 3905 3418 3974 dignum
3449 3903 3688 3967 videtur,

2104 3992 2567 4063 quemadmodum
2620 4008 2721 4063 pro
2769 4009 2823 4048 tv
2873 3992 3091 4046 illarum
3141 3992 3383 4063 gentium
3430 4006 3686 4057 numero,

2105 4084 2331 4141 totitlem
2363 4085 2419 4140 in
2449 4100 2514 4140 eo
2536 4086 2738 4156 populo
2777 4092 2944 4141 sectae
2978 4084 3275 4140 coluerint.
3299 4084 3542 4152 Quarum
3574 4082 3689 4153 pri-

2103 4191 2195 4231 ma
2228 4184 2311 4233 est
2335 4176 2703 4243 Essenorum;
2744 4194 2810 4243 tt,
2843 4176 3282 4240 Gortbenorum;
3312 4192 3397 4239 tu,
3437 4173 3689 4231 Sebuaeo-

2104 4285 2259 4338 rum;
2278 4287 2351 4334 tv,
2368 4270 2779 4328 Dositheorum.
2797 4268 2914 4325 Hoc
2941 4268 3047 4325 erit
3069 4267 3333 4340 propositi
3348 4268 3507 4324 nobis
3527 4283 3689 4339 argu.

2105 4364 2298 4428 menti,
2315 4365 2666 4436 susceptique
2680 4365 2945 4421 adversus
2970 4363 3210 4420 haereses
3227 4364 3411 4433 operis
3427 4361 3642 4417 initium
3667 4374 3684 4413 :

2102 4469 2168 4511 ac
2201 4457 2437 4527 primum
2467 4456 2853 4528 multiplicium
2885 4457 3105 4512 illorum
3128 4472 3381 4533 errorum
3417 4456 3686 4527 originem

2103 4549 2319 4620 paucis,
2374 4550 2469 4606 sed
2526 4550 2818 4621 perspicue
2870 4550 3185 4606 declarabo.
3240 4548 3499 4616 Qumnam
3557 4562 3687 4602 vero

2106 4640 2327 4697 tandem
2352 4641 2462 4698 alia
2517 4657 2642 4698 esse
2676 4650 2881 4713 potest,
2933 4643 3040 4699 nisi
3082 4641 3227 4712 quod
3274 4641 3582 4709 linguarum
3615 4651 3690 4706 ex

2096 4956 2217 4996 rum
2235 4940 2455 5032 propria
2483 4949 3005 4994 commemorantur.

2174 5011 2284 5032 ,Ωιι
2358 5009 2593 5032 Π-β-...-
2627 5009 2756 5032 _.--l.
2794 5008 2944 5032 ε--ι..

2172 5002 2287 5080 (ϐλ)
2330 5002 2593 5079 ’Ἕσδραν
2624 5009 2757 5063 τινὰ
2787 5008 2965 5080 ἱερέα.
3012 5002 3263 5080 Mirifica_
3288 5017 3497 5080 rerum,
3536 5012 3678 5080 tem

2136 5072 2403 5152 orumque
2435 5072 3060 5152 perturbatio._Esdram
3084 5073 3294 5152 asserit
3330 5088 3358 5126 a
3386 5072 3677 5152 Nabucho-

2136 5097 2403 5152 orumque
2435 5097 2793 5150 perltll'Datto.
2839 5097 3060 5131 usuram
3093 5097 3294 5130 asserit.
3330 5097 3358 5126 υ
3386 5097 3677 5129 manumm-

2091 5097 2365 5207 gouosore
2391 5152 2641 5214 missum,
2674 5149 2766 5219 qui
2795 5145 3382 5219 Samarizejnquilinos
3411 5142 3585 5219 Mosis
3607 5146 3679 5219 le-

2095 5238 2215 5292 gem
2252 5222 2496 5292 doceret,
2534 5215 2704 5292 idque
2741 5233 2886 5292 anno
2920 5231 3034 5292 χιε
3060 5215 3403 5292 Babyloltica:
3447 5215 3677 5292 captivi-

2096 5284 2228 5346 t'atis
2258 5291 2550 5345 accidisse.
2582 5284 2700 5341 Non
2734 5288 2948 5340 videtur
2988 5284 3219 5341 alterum
3247 5284 3474 5339 Esdram
3507 5285 3576 5337 ab
3609 5300 3676 5337 eo

2093 5362 2450 5420 intellexisse,
2482 5359 2574 5429 qui
2614 5356 2847 5429 llecaliae
2873 5356 3020 5412 filius
3053 5356 3187 5427 legis
3222 5356 3401 5409 scriba
3446 5353 3671 5429 dicitur.

2097 5430 2204 5486 Sed
2234 5433 2400 5484 alium
2430 5422 2631 5492 tamen,
2653 5428 2700 5482 si
2732 5443 2920 5481 verum
2952 5429 3082 5481 illud
3104 5422 3208 5490 est,
3232 5431 3444 5494 oportet
3474 5422 3668 5478 fuisse.

2096 5501 2240 5573 Non
2264 5500 2505 5553 melioris
2538 5507 2624 5573 cst
2657 5506 2819 5563 notae,
2867 5499 3012 5568 quod
3033 5494 3555 5573 _lsraeliticam,_.ltoc
3581 5501 3670 5548 est

2096 5586 2126 5624 Χ
2156 5570 2394 5624 tribuutu
2423 5569 2814 5636 captivitatem.
2843 5564 2966 5623 cum
2999 5569 3165 5622 altera
3198 5564 3506 5636 confundit,
3545 5579 3667 5634 quae

2095 5640 2198 5695 sub
2244 5634 2636 5709 Nabucluiuou.
2670 5639 2917 5709 contigit.
2944 5638 3082 5709 Quid
3115 5636 3260 5691 cnim
3292 5634 3435 5709 aliud
3485 5634 3665 5689 facere

2090 5710 2294 5780 potuit;
2349 5710 2438 5777 qui
2484 5704 2879 5765 Nabucltodoit.
2912 5708 3158 5764 eumdem
3188 5722 3310 5762 cum
3344 5704 3658 5763 Salmanas-

2090 5796 2217 5837 saro
2245 5780 2640 5837 constituerat?
