3960 6180
921 85 1078 94 ______

400 322 510 381 235

1084 315 1453 374 ADVERSUS
1492 316 1836 372 ll/ERESES
1872 314 1984 371 UB

2133 314 2297 369 ron.
2345 316 2383 370 ι.
2427 347 2495 370 ..-
2535 278 2810 372 manus;
2852 315 2941 373 Ix.

3526 329 3536 335 '
3548 314 3657 372 526

457 439 533 492 B'.
594 435 949 508 Διαφέρονται
1006 434 1061 488 δὲ
1111 429 1254 488 οὗτοι
1303 434 1577 497 Ἰουδαίοις
1631 433 1770 487 κατὰ
1814 432 1972 486 τοῦτο

2147 429 2209 484 ll.
2246 430 2419 485 Porro
2450 446 2481 484 a
2506 430 2713 486 Judaeis
2744 444 2808 484 ea
2842 445 2900 483 re
2929 428 3165 498 primum
3202 420 3482 490 dill‘erun't,
3509 430 3657 498 quod

387 528 626 599 πρῶτον,
653 528 735 581 ὅτι
780 527 882 579 οῦκ
927 524 1082 596 ἐδόθη
1130 526 1312 586 αὐτοῖς
1361 523 1654 595 προφητῶν
1686 523 1793 576 τῶν
1837 525 1972 593 μετά

389 620 630 675 Μωῦσέα
654 617 919 690 γραφὴ,ἦ
964 617 1121 687 μόνον
1162 618 1196 687 ἡ
1235 615 1448 669 δοθεῖσα
1487 616 1856 686 Πεντάτευχος
1887 614 1974 667 διὰ

388 710 670 773 Μωῦσέως
693 709 774 780 τῷ
808 709 1083 780 σπέρματι
1128 707 1340 781 Ἰσραὴλ
1369 709 1426 761 ὲν
1450 710 1516 778 τῇ
1549 707 1711 777 ἐξόδῳ
1741 706 1840 777 τῆς
1880 707 1972 758 ἀπ’

391 802 671 873 Αἰγύπτου
699 802 952 874 πορείαςο
984 818 1055 871 φη
1067 801 1126 871 μὶ
1153 801 1208 853 δὲ
1234 801 1472 864 Γένεσις,
1498 801 1591 853 καὶ
1621 798 1858 864 Ἕξοδος,
1885 798 1975 852 καὶ

392 895 698 959 Δευῖτικδν,
729 894 823 948 καὶ
865 891 1134 964 Ἀριθμοὶ,
1171 892 1264 946 καὶ
1309 892 1744 964 Δευτερονόμιον.
1782 891 1869 944 Ἐν
1918 890 1976 944 δὲ

388 992 459 1063 τῇ
499 988 740 1061 Ἐϐραΐδι
767 987 1033 1057 διαλέκτῳ
1073 984 1217 1039 οὕτω
1251 985 1560 1049 καλοῦνται,
1596 984 1823 1057 Bupalo,
1862 983 1979 1037 Ἑλ-

390 1080 639 1151 λεσιμὸθ,
691 1080 965 1149 Δωικᾶρα,
1013 1075 1313 1149 Οὺῑδαϐὴρ,
1360 1075 1816 1148 Ἐλλεδδαεϐάριν.
1868 1075 1979 1128 Καὶ

392 1171 664 1243 ἔσπαρται
695 1169 792 1239 μὲν
816 1170 874 1221 ὲν
903 1166 1128 1230 ταύταις
1160 1168 1278 1229 ταῖς
1322 1165 1484 1219 πέντε
1519 1165 1721 1236 βίϐλοις
1747 1164 1980 1219 ἀναστά-

397 1279 535 1329 σεως
586 1259 796 1333 νεκρῶν
841 1258 902 1311 τὸ
960 1260 1212 1328 σημεῖον·
1258 1256 1318 1309 οὐ
1365 1256 1545 1327 μέντοι
1594 1271 1656 1322 γε
1693 1251 1980 1324 τηλαυγῶς

395 1355 759 1424 κεκήρυκται,
784 1347 880 1402 καὶ
909 1346 1180 1418 ἔσπαρται
1220 1347 1277 1399 έν
1309 1346 1501 1408 αὐταῖς
1535 1345 1663 1416 περὶ
1692 1344 1787 1397 τοῦ
1826 1359 1982 1413 μονο⁶

396 1442 590 1515 γενοῦς
614 1440 742 1494 Υῑοῦ
768 1438 861 1493 τοῦ
895 1438 1054 1502 Θεοῦ,
1097 1438 1190 1491 καὶ
1236 1438 1363 1508 περὶ
1393 1436 1487 1489 τοῦ
1526 1436 1688 1505 ἀγίου
1732 1435 1982 1506 Πνεῦμα-

395 1549 511 1597 τος,
542 1530 637 1585 καὶ
665 1527 806 1584 κατὰ
848 1526 1104 1581 εἰδώλων.
1136 1525 1210 1580 Τὸ
1245 1526 1303 1579 δὲ
1341 1526 1774 1596 τηλαυγέστερον
1802 1526 1860 1577 ὲν
1889 1524 1982 1576 αὐο

398 1625 520 1686 ταῖς
555 1618 852 1692 μοναρχίας
886 1617 997 1688 ἔχει
1034 1616 1135 1687 τὴν
1185 1617 1494 1688 εἰσαγωγήν
1516 1632 1531 1649 ο
1561 1617 1619 1669 ὲν
1659 1615 1718 1669 δὲ
1752 1618 1816 1687 τῇ
1852 1631 1983 1685 μον·

399 1710 569 1783 αρχία
629 1704 1012 1776 πνευματικῶς
1052 1705 1086 1774 ἡ
1130 1702 1300 1775 Τριάς
1326 1704 1443 1755 ἐστι
1478 1698 1981 1782 καταγγελλομένη.

400 1804 465 1857 Οἱ
504 1802 563 1855 δὲ
598 1798 879 1869 δεξάμενοι
928 1795 1016 1849 τὸν
1058 1796 1223 1864 νόμον
1268 1794 1348 1856 εις
1392 1793 1453 1846 τὸ
1488 1790 1853 1864 μετατεθῆναι
1886 1791 1986 1861 τῆς

394 1890 863 1962 εἰδωλολατρείας,
892 1889 987 1942 καὶ
1014 1886 1104 1940 τὸν
1136 1886 1233 1939 ἕνα
1270 1884 1403 1965 Θεὸν
1446 1884 1744 1954 ἐπιγνῶναι
1785 1884 1985 1937 ἐσπου-

397 1984 674 2054 δάσθησαν
693 2001 707 2015 ·
733 1978 815 2045 οἷς
840 1981 900 2035 οὐ
929 1980 1149 2050 γέγονεν
1182 1977 1470 2049 ἐπιμέλεια
1495 1978 1557 2031 τὸ
1595 1976 1984 2049 ἀκριϐέστερον

393 2075 724 2145 ἐπιγνῶναι.
752 2071 1057 2142 Σφαλέντες
1087 2070 1144 2124 δὲ
1180 2070 1231 2124 οἱ
1265 2069 1513 2133 τοιοῦτοι,
1550 2071 1643 2123 καὶ
1680 2069 1755 2142 μὴ
1787 2068 1986 2141 τηλαυ-

400 2168 515 2239 γῶς
545 2167 606 2220 τὸ
638 2166 744 2219 πᾶν
786 2163 950 2235 μέρος
983 2162 1082 2233 τῆς
1112 2162 1346 2225 πίστεως
1375 2178 1435 2214 τε
1465 2160 1560 2214 καὶ
1591 2161 1689 2231 τῆς
1711 2160 1985 2232 ἡμετέρας

404 2260 554 2328 ζωῆς
577 2253 640 2311 τὸ
668 2255 987 2328 ἀκρίϐασμα
1020 2252 1433 2323 κατειληφότες,
1463 2251 1738 2323 ἠγνόησαν
1774 2252 1873 2322 μὲν
1901 2268 1987 2304 νε-

403 2351 554 2424 κρῶν
591 2350 905 2411 ἀνάστασιν,
933 2346 1024 2417 καὶ
1053 2343 1341 2400 ἀπιποῦσι
1362 2360 1375 2374 ·
1405 2343 1628 2414 Πνεῦμα
1656 2342 1712 2396 δὲ
1738 2342 1890 2412 ἆγιον
1923 2344 1984 2396 οὐ

402 2441 832 2513 παραδέχονται·
867 2437 958 2491 καὶ
987 2436 1095 2511 γάρ
1126 2435 1422 2507 ¹ὴγνόησαν.
1452 2434 1562 2487 Καὶ
1604 2432 1742 2505 αῦτη
1774 2436 1807 2506 ἡ
1840 2434 1987 2503 αἵρε-

407 2553 492 2599 σις
521 2529 787 2589 ἀθετοῦσα
821 2530 917 2602 μὲν
947 2527 1155 2601 νεκρῶν
1186 2527 1500 2590 ἀνάστασιν,
1537 2526 1899 2597 ἀπωθουμένη
1930 2525 1987 2578 δὲ

406 2620 866 2691 εέδωλολατρείαν,
927 2620 986 2672 ὲν
1036 2619 1172 2689 αὐτῇ
1229 2617 1286 2671 δὲ
1348 2615 1808 2687 εἰδωλολατροῦσα
1867 2617 1987 2670 κατ’

405 2718 651 2785 ἄγνοιαν,
683 2714 770 2768 διὰ
794 2713 855 2766 τὺ
892 2709 1309 2781 ἀποκεκρύφθαι
1339 2709 1405 2762 τὰ
1432 2709 1624 2763 εἴδωλα
1661 2708 1768 2762 τῶν
1798 2707 1991 2761 τεσσά-

411 2828 522 2881 ρων
548 2807 718 2861 ἐθνῶν
752 2808 810 2859 ὲν
838 2804 916 2875 τῷ
939 2804 1054 2874 ὄρει
1087 2802 1164 2873 τῷ
1202 2801 1352 2873 παρά
1383 2804 1492 2865 τοῖς
1548 2803 1563 2832 ¹
1597 2801 1846 2872 Γαριζεὶν
1878 2798 1988 2870 (68)

412 2896 969 2968 σεσυκοφαντημένως
1010 2893 1346 2964 καλουμένῳ.
1385 2891 1474 2962 Τῷ
1529 2892 1636 2965 γὰρ
1688 2891 1991 2963 βουλομένῳ

411 2990 653 3064 ἀκριϐῶς
687 2989 815 3061 περὶ
844 2986 938 3041 τοῦ
968 2986 1127 3058 ὅρους
1150 2985 1402 3055 Γαριζεὶν
1435 2984 1761 3058 ἐρευνᾶσθαι
1794 2985 1989 3049 ἰστέον,

410 3088 491 3141 ὅτι
521 3084 655 3155 πρὸς
692 3084 758 3154 τῇ
805 3079 1013 3153 Ἰεριχῷ
1055 3082 1258 3132 κεῖνται
1298 3077 1364 3131 τά
1410 3077 1502 3131 δύο
1534 3077 1657 3149 ὅρη,
1697 3078 1756 3130 τό
1800 3093 1859 3129 τε
1897 3076 1990 3129 τοῦ

412 3178 451 3229 Γ
454 3147 686 3248 αριξεὶν,
731 3147 825 3226 καὶ
865 3147 1074 3225 ’τὸ-*τοῦ
1108 3168 1302 3234 Γεϐὰλ,
1363 3168 1534 3240 πέραν
1566 3147 1684 3221 ήτοῦ
1728 3167 1992 3239 Ἰορδάνου
2019 3147 2062 3203 C

411 3267 549 3339 πρὸς
581 3268 646 3337 τῇ
687 3263 918 3333 ἀνατολῇ
952 3262 1049 3332 τῆς
1090 3261 1319 3333 Ἱεριχῶ,
1373 3261 1447 3324 ὡς
1490 3259 1603 3330 ἔχει
1633 3258 1694 3312 τὸ
1734 3262 1993 3331 Δευτερο-

412 3359 619 3430 νόμιον,
670 3357 764 3409 καὶ
805 3353 979 3426 Ἰησοῦ
1024 3352 1115 3407 τοῦ
1160 3353 1312 3423 Ναυῆ
1363 3353 1396 3423 ή
1451 3350 1650 3422 βίϐλος,
1700 3350 1995 3404 Εἰδωλολα-

410 3448 631 3523 τροῦσιν
655 3443 748 3501 οὖν
777 3442 1120 3515 ἀγνοοῦντες,
1143 3445 1208 3496 ἐκ
1234 3443 1325 3497 τοῦ
1347 3443 1681 3513 πανταχόθεν
1708 3441 1994 3514 προσέχειν

414 3543 550 3615 πρὸς
576 3542 637 3594 τὸ
664 3540 789 3611 ὅρος
817 3539 874 3591 ὲν
903 3536 981 3608 τῷ
1009 3537 1204 3601 αὐτοὺς
1236 3535 1512 3606 εὔχεσθαι,
1536 3534 1697 3607 δῆθεν
1727 3536 1809 3589 ὅτι
1838 3536 1995 3610 ἡγία-

415 3653 557 3689 σται.
597 3632 877 3686 Ἀδύνατον
906 3629 1015 3701 γάρ
1047 3630 1144 3702 τὴν
1172 3628 1392 3702 Γραφὴν
1423 3627 1728 3698 ψεύσασθαι
1754 3628 1997 3699 φάσκου-

416 3741 543 3780 σαν·
578 3725 868 3793 Ἔμειναν
898 3719 1213 3786 ποιοῦντες
1257 3720 1364 3773 τὸν
1410 3720 1620 3790 νόμον,
1657 3721 1756 3775 καὶ
1805 3735 1995 3789 προσ-

412 3816 743 3881 κυνοῦντες
792 3814 866 3869 τὰ
913 3810 1112 3867 αὐτῶν
1151 3810 1369 3865 εἴδωλα
1420 3811 1531 3876 ἓως
1576 3810 1688 3882 τῆς
1731 3812 1997 3883 σήμερον

409 3910 660 3980 ἡμέρας,
710 3907 787 3970 ὡς
832 3905 1131 3977 ἐμφέρεται
1175 3905 1233 3958 ὲν
1283 3907 1349 3976 τῇ
1392 3905 1626 3977 τετάρτῃ
1676 3905 1783 3960 τῶν
1831 3907 1996 3961 Βασι-

412 4002 592 4057 λειῶν.

484 4094 560 4147 Γ’.
605 4091 947 4161 Ἐλέγχονται
979 4087 1036 4142 δὲ
1062 4088 1217 4141 αὐτοὶ
1251 4088 1592 4159 πανταχόθεν
1626 4088 1755 4160 περὶ
1788 4088 2000 4156 νεκρῶν

412 4184 797 4248 ἀναστάσεως,
823 4180 1041 4252 πρῶτον
1088 4179 1196 4234 ἀπὸ
1232 4178 1324 4232 τοῦ
1370 4178 1565 4243 ιἍϐελ,
1621 4179 1704 4231 ὅτι
1755 4178 1892 4249 μετά
1939 4177 1999 4231 τὸ

412 4277 707 4334 ἀποθανεῖν
736 4273 796 4327 τὸ
816 4267 955 4344 αἷμα
974 4271 1424 4343 προσδιαλέγεται
1447 4271 1523 4341 τῷ
1550 4270 1814 4343 Δεσπότῃ.
1850 4266 1998 4341 Αἷμα

410 4370 470 4424 δὲ
502 4368 565 4422 οὑ
613 4366 760 4438 ψυχὴ
800 4363 1081 4435 τυγχάνει,
1121 4363 1238 4417 ἀλλ’
1272 4366 1329 4416 ὲν
1381 4362 1574 4434 αἵματι
1603 4366 1636 4434 ἡ
1669 4362 1838 4434 ψυχή.
1888 4364 1995 4415 Καὶ

414 4464 517 4516 οὐκ
546 4456 729 4514 εἶπεν’
777 4459 839 4513 Ἡ
882 4457 1055 4528 ψυχὴ
1107 4455 1232 4524 ,Βοᾷ
1269 4459 1418 4524 πρὸς
1453 4455 1563 4526 μέ’
1619 4456 1864 4518 δεικνὺς,
1916 4456 1997 4507 ὅτι

414 4555 564 4610 ἐστὶν
604 4552 758 4615 ἐλπὶς
803 4551 1153 4614 ἀναστάσεως
1200 4550 1307 4603 τῶν
1356 4549 1643 4620 σωμάτων.
1705 4548 1867 4602 Ἀλλά
1909 4551 2000 4603 καὶ

427 4646 600 4716 Ἑνὼχ
632 4643 893 4716 μετετέθη
920 4644 1014 4697 τοῦ
1048 4644 1121 4715 μὴ
1154 4642 1280 4697 ἰδεῖν
1311 4641 1562 4706 θάνατον,
1595 4643 1689 4695 καὶ
1716 4642 1816 4712 οὐχ
1840 4641 2001 4712 ηὑρί-

418 4757 598 4795 σκετο.
648 4735 810 4790 Ἀλλά
834 4737 927 4790 καὶ
960 4737 1145 4808 Σάρρα
1195 4733 1333 4806 μετά
1366 4734 1426 4786 τὸ
1461 4732 1799 4805 νεκρωθῆναι
1832 4734 2001 4804 αὐτῆς

491 4900 507 4930 ¹
532 4897 698 4953 Forte
742 4894 971 4959 τούτοις.

419 5057 526 5112 hoc
563 5054 918 5135 Eusebiusin
949 5053 1229 5135 Chronieis
1250 5052 1506 5123 scripsit;
1550 5066 1581 5105 a
1615 5066 1724 5135 quo
1760 5057 1992 5135 mutua-

420 5136 509 5182 tus
556 5135 640 5181 est
693 5123 1065 5195 Epiphanius;
1119 5124 1165 5177 si
1204 5123 1332 5195 inec
1365 5120 1563 5195 tamen
1615 5120 1857 5195 Eusebii,
1886 5136 1999 5195 non

420 5192 756 5266 Hieronymi
773 5192 920 5267 sunt.
951 5198 1044 5267 qui
1095 5195 1149 5246 in
1202 5192 1513 5267 istiusmodi
1554 5192 1769 5267 origine
1797 5192 1999 5260 saepius

422 5268 575 5322 lusit.
606 5262 745 5338 rliuic
770 5262 1243 5338 Epiphaniusnon
1277 5263 1431 5338 bella:
1459 5263 1699 5338 nominis
1728 5262 2000 5338 interpre-

422 5337 640 5400 tationi,
675 5330 1000 5393 deteriorem
1050 5333 1251 5402 adjecit
1303 5330 1886 5402 alteram,»Samaritas
1930 5332 2000 5386 ob

422 5408 475 5462 id
510 5407 812 5476 appellatos
840 5423 964 5477 esse
1000 5400 1145 5477 quod
1174 5405 1344 5477 legem
1372 5400 1737 5477 custodirent.

497 5470 611 5548 (δ’δ’)
667 5477 762 5548 Ἐν
784 5476 864 5542 τῷ
885 5478 1005 5548 ὄρει
1020 5470 1104 5543 ’τῷ
1125 5470 1292 5548 ,τταρὰῄ
1310 5472 1431 5548 τοῖς
1447 5470 1736 5548 Γαρίζειν.
1780 5470 1853 5548 De
1874 5471 2002 5548 uo-

423 5541 545 5601 rum
580 5541 848 5601 montium
884 5541 1134 5607 istorum,
1170 5541 1415 5606 G'arizin,
1446 5552 1499 5597 et
1531 5542 1719 5601 llebul,
1751 5542 1865 5596 sive
1893 5541 2000 5596 Ge-

424 5618 534 5679 bal,
566 5618 697 5678 situ,
733 5618 875 5673 idem
923 5618 1089 5674 sentit
1120 5614 1649 5684 Epiplianins,quod
1701 5611 1996 5684 Eusebius,

425 5688 475 5742 si
512 5687 561 5742 is
594 5694 784 5741 auctor
830 5697 915 5744 est
959 5689 1083 5744 libri
1119 5681 1197 5739 De
1224 5681 1365 5739 locis
1399 5681 1559 5739 Hebr.
1596 5698 1757 5752 quem
1802 5681 1997 5736 Latine

427 5757 591 5815 vertit
626 5755 846 5813 Hieron.
885 5759 960 5814 lbi
994 5759 1137 5815 enim
1184 5757 1249 5812 ad
1295 5754 1701 5810 lliericltuntem
1737 5754 1991 5829 collocat,

2075 522 2144 578 iis
2174 522 2565 593 prOpbetarum
2590 523 2796 591 scripta
2846 521 3149 575 secundum
3182 519 3399 575 ~Mosen
3433 521 3658 577 minime

2075 622 2204 668 sunt
2235 614 2434 669 tradita
2462 631 2475 671 :
2503 613 2599 670 sed
2625 613 2870 685 quinque
2902 614 3168 668 duntaxat
3203 613 3504 676 volumina,
3534 629 3659 684 quae

2074 723 2171 777 per
2201 706 2385 762 Mosen
2420 704 2796 761 lsra‘élitarum
2826 706 3009 775 generi
3075 705 3201 760 data
3232 713 3381 769 sunt,
3414 720 3538 759 cum
3591 721 3657 759 ex

2077 797 2314 869 IEgypIo
2345 797 2735 853 decessissent.
2771 794 2912 851 Sunt
2945 795 3059 850 haec
3099 795 3352 860 Genesis,
3413 795 3656 857 Exodus,

2077 889 2380 954 Leviticus,
2407 887 2636 944 Numeri
2689 898 2745 943 et
2809 887 3319 943 Deuteronomium.
3374 886 3478 952 Qui
3533 887 3660 939 libri

2079 979 2219 1048 apud
2253 977 2511 1033 llebraaos
2544 979 2618 1031 ita
2650 984 2918 1032 vocantur
2954 992 2968 1029 :
3000 975 3247 1031 Beresitb
3306 975 3659 1039 Ellesemotlt,

2080 1069 2322 1133 Vaiicra,
2388 1068 2718 1133 Vaidabber,
2770 1066 3268 1122 Elleltaddebarim.
3303 1064 3515 1133 Quibus
3546 1065 3600 1119 in
3629 1080 3663 1125 ν

2080 1162 2236 1217 libris
2260 1162 2509 1233 quaedam
2557 1173 2901 1215 mortuorum
2961 1160 3389 1215 resurrectionis
3427 1157 3659 1227 vestigia

2081 1267 2211 1310 sunt
2240 1269 2505 1325 aspersa;
2538 1254 2615 1308 ita
2644 1262 2825 1309 tamen
2869 1261 2929 1307 ut
2966 1269 3315 1324 nequaquam
3371 1251 3663 1322 perspicue

2080 1347 2430 1416 prazdicetur.
2460 1348 2541 1402 Ad
2573 1349 2690 1403 base
2712 1348 2781 1403 de
2803 1350 2968 1403 unico
3000 1349 3093 1404 Dei
3128 1347 3265 1403 Filio
3286 1348 3486 1418 injecta
3514 1360 3664 1400 men-

2042 1454 2047 1457 '
2083 1440 2161 1494 tio
2188 1447 2296 1503 est,
2326 1440 2569 1511 itemque
2601 1439 2843 1511 Spiritus
2899 1440 3100 1507 sancti,
3153 1455 3219 1496 ac
3268 1440 3336 1495 de
3390 1439 3665 1496 idolorum

2083 1530 2461 1587 damnatione.
2487 1530 2733 1588 Tametsi
2783 1532 2992 1587 clarius
3023 1532 3078 1586 in
3113 1531 3201 1587 bis
3233 1531 3327 1587 Dei
3365 1532 3665 1602 singulari-

2084 1630 2171 1678 tas
2215 1623 2506 1683 astruitur,
2571 1624 2626 1677 in
2671 1638 2783 1694 qua
2816 1634 3002 1679 tamen
3043 1622 3409 1694 spiritualiter
3447 1637 3667 1694 quoque

2086 1709 2331 1766 Trinitas
2353 1711 2753 1781 comprehensa
2785 1711 2878 1766 sit.
2910 1711 2982 1764 At
3024 1711 3103 1764 illi
3156 1717 3381 1780 accepta
3410 1710 3530 1781 lege
3561 1709 3666 1764 hoc

2090 1816 2258 1856 unum
2291 1800 2645 1867 studuerunt,
2678 1811 2740 1857 ut
2766 1800 3038 1857 idolorum
3083 1801 3367 1872 repudiata
3398 1803 3669 1871 supersti-

2089 1892 2238 1948 tione
2266 1909 2436 1948 unum
2476 1892 2644 1950 Deum
2677 1900 3043 1965 agnoscerent
3076 1908 3089 1945 :
3123 1908 3304 1963 neque
3354 1892 3669 1948 accuratius

2089 1985 2390 2056 quidquam
2424 1984 2531 2055 25
2560 1984 2854 2056 exquirere
2907 1984 3221 2040 voluerunt.
3255 1982 3421 2038 Iidem
3456 1997 3585 2037 vero
3614 1983 3670 2037 in

2090 2090 2334 2132 errorem
2364 2076 2628 2148 prolapsi,
2654 2092 2833 2147 neque
2852 2091 3046 2131 omnes
3073 2075 3198 2131 ﬁdei
3229 2084 3430 2131 nostrae
3460 2083 3668 2145 partes,
3744 2108 3749 2113 -

2091 2174 2186 2223 aut
2220 2169 2493 2238 integram
2527 2168 2695 2224 vitam
2739 2175 2933 2225 exacte
2977 2168 3270 2238 complexi,
3326 2175 3672 2222 mortuorum

2092 2259 2554 2315 resurrectionem
2610 2261 2891 2331 ignorant,
2943 2275 3046 2315 nec
3109 2259 3422 2329 fieriposse
3453 2265 3671 2323 putant.

2093 2349 2299 2406 Deinde
2330 2349 2597 2422 Spiritum
2645 2359 2901 2407 sanctum
2931 2352 3211 2420 rejiciunt,
3258 2366 3422 2421 quem
3483 2349 3673 2419 utique

2093 2445 2367 2500 nesciunt.
2407 2443 2514 2499 Sed
2549 2444 2688 2499 illud
2732 2444 2865 2499 huic
2901 2444 3096 2500 haeresi
3122 2445 3376 2514 contigit,
3430 2450 3489 2497 ut
3540 2441 3673 2496 dmn

2094 2542 2439 2591 mortuorum
2459 2537 2922 2613 resurrectionem
2954 2536 3246 2607 improbat,
3280 2535 3674 2591 idololatrian:-

2095 2642 2204 2699 que
2227 2629 2460 2697 respuit,
2490 2628 2545 2681 in
2578 2643 2697 2682 eam
2727 2627 3045 2693 imprudens
3080 2628 3340 2684 inciderit
3367 2646 3380 2682 :
3414 2626 3561 2698 quod
3584 2640 3675 2680 na-

2097 2720 2309 2774 tionum
2336 2727 2579 2788 quatuor
2609 2719 2906 2774 simulacra
2931 2719 2987 2774 in
3012 2728 3195 2776 monte
3213 2702 3459 2791 quodam
3485 2720 3677 2775 occul-

2096 2816 2210 2864 tata
2226 2821 2378 2873 sunt,
2397 2804 2499 2879 'qui
2522 2810 2590 2863 ab
2606 2809 2716 2865 illis
2741 2808 2965 2865 Garizin
2989 2809 3372 2866 fraudulenter
3394 2812 3675 2882 cognomi-

2098 2910 2263 2958 natus
2301 2913 2405 2958 est.
2439 2901 2574 2955 Nam
2616 2902 2663 2958 si
2692 2904 2817 2974 quis
2840 2903 2907 2959 de
2939 2911 3124 2960 monte
3154 2902 3376 2958 Garizin
3403 2902 3675 2974 explorati

2099 2991 2304 3061 aliquid
2333 2992 2534 3047 habere
2564 2993 2717 3058 velit,
2755 2993 3043 3049 sciendum
3071 3002 3158 3050 est
3199 2996 3266 3050 ad
3297 2993 3676 3049 Jericltuntem

2102 3084 2242 3139 duos
2285 3098 2407 3139 esse
2447 3093 2700 3148 montes,
2737 3084 2960 3140 Garizin
2992 3100 3056 3141 ac
3088 3084 3458 3151 Gebal,'ultra
3481 3084 3677 3141 Jorda-

2094 3190 2241 3241 nem,
2273 3174 2366 3245 qui
2402 3172 2781 3231 Jerichuntem
2831 3176 2900 3231 ab
2931 3177 3145 3233 oriente
3178 3176 3504 3251 respiciunt,
3537 3187 3595 3230 ut
3624 3176 3678 3230 in

2096 3264 2521 3321 Deuteronomio
2556 3268 2575 3298 ¹
2637 3276 2692 3324 ει
2724 3268 2864 3324 libro
2894 3266 3023 3324 Jesu
3055 3267 3204 3324 Nave
3230 3268 3497 3338 scriptum
3521 3275 3606 3322 est
3627 3268 3676 3321 ³.

2096 3357 2478 3429 Imprudentes
2511 3375 2645 3431 ergo
2676 3362 2973 3417 simulacra
2995 3370 3352 3428 venerantur,
3381 3376 3507 3417 cum
3536 3360 3679 3415 inter

2094 3450 2361 3505 orandum
2415 3452 2658 3523 undique
2719 3468 2779 3509 se
2829 3453 2898 3508 ad
2927 3461 3171 3509 montem
3229 3454 3380 3510 velut
3425 3462 3679 3508 sanctum

2094 3542 2412 3595 obvertunt.
2472 3540 2612 3596 Fieri
2662 3527 2807 3598 enim
2851 3559 2961 3599 non
3017 3553 3220 3615 potest,
3269 3552 3330 3599 ut
3392 3543 3679 3613 Scriptura

2097 3633 2333 3688 mendax
2369 3634 2463 3697 sit,
2491 3649 2612 3704 qua:
2641 3634 2774 3690 dicit
2800 3651 2812 3686 :
2846 3630 3163 3691 Manse‘runt
3196 3636 3359 3707 legem
3391 3646 3679 3698 servantes,

2094 3735 2146 3780 et
2207 3725 2493 3782 adorantes
2544 3727 2837 3782 simulacra
2901 3745 3000 3782 sua
3029 3770 3043 3792 ,
3106 3745 3269 3801 usque
3329 3729 3398 3783 ad
3452 3746 3678 3800 prwseu-

2030 3865 2042 3880 ,
2098 3828 2202 3872 tem
2251 3817 2427 3884 diem,
2480 3829 2539 3874 ut
2596 3820 2652 3875 in
2697 3819 2763 3877 ιν
2820 3818 3128 3881 Regnorum
3202 3822 3345 3877 libro
3403 3822 3681 3892 proditum

2104 3918 2189 3968 est
2222 3913 2264 3966 ⁸.
2334 3979 2353 3992 ·

2170 4088 2255 4145 ill.
2287 4088 2444 4156 Quod
2476 4105 2605 4147 vero
2634 4098 2702 4146 ad
2731 4099 3073 4146 mortuorum
3098 4091 3560 4148 resurrectionem
3590 4099 3681 4145 ato

2099 4180 2259 4247 tinet,
2292 4184 2527 4251 primum
2557 4197 2748 4237 eorum
2798 4198 2959 4237 error
3007 4198 3070 4238 ex
3099 4182 3288 4239 Abelis
3334 4183 3562 4239 historia
3596 4198 3682 4240 re-

2101 4272 2337 4340 fellitur;
2370 4273 2529 4344 cujus
2560 4275 2785 4343 sanguis
2813 4274 2896 4329 vel
2949 4256 3069 4345 post
3103 4277 3313 4331 obitum
3347 4290 3470 4331 cum
3501 4274 3682 4331 Domi-

2102 4380 2172 4419 no
2203 4365 2510 4421 collocutus
2542 4375 2626 4421 est
2661 4367 2704 4418 ⁸.
2735 4365 2900 4436 Atqui
2935 4368 3160 4439 sanguis
3212 4367 3392 4423 anima
3420 4382 3529 4422 non
3575 4375 3684 4435 est,

2104 4456 2199 4514 sed
2228 4459 2371 4512 inest
2404 4472 2465 4513 ea
2502 4457 2557 4512 in
2613 4459 2898 4528 sanguine.
2933 4459 3122 4531 Neque
3153 4474 3286 4514 vero
3334 4459 3474 4515 dixit
3501 4474 3515 4511 :
3548 4460 3684 4514 Aui-

2110 4568 2198 4605 ma
2226 4550 2371 4604 illius
2409 4550 2608 4603 clamat
2654 4550 2723 4603 ad
2750 4566 2832 4604 me
2878 4567 2896 4607 :
2931 4559 2992 4606 ut
3022 4566 3174 4622 spem
3225 4566 3350 4623 esse
3392 4565 3683 4620 corporum

2109 4641 2533 4697 resurrectionis
2583 4642 2923 4698 ostenderet.
2965 4642 3122 4705 Adde
3157 4641 3309 4714 quod
3366 4640 3558 4697 Enocb
3615 4656 3684 4696 ne

2111 4741 2342 4789 mortem
2384 4733 2560 4812 obiret
2595 4734 2900 4790 translatus
2931 4741 3038 4802 est,
3082 4749 3188 4789 nec
3216 4742 3404 4805 postea
3434 4741 3685 4804 repertus

1048 4897 1068 4927 ⁸
1097 4894 1253 4949 Deut.
1295 4908 1373 4959 ιιι,
1403 4894 1492 4947 29.
1571 4893 1593 4923 ³
1620 4891 1788 4947 Josue
1810 4907 1928 4956 vm,
1954 4892 1987 4946 3

2120 4891 2140 4921 "
2166 4890 2230 4943 ιν
2256 4889 2391 4961 Reg.
2420 4906 2554 4954 xvii,
2589 4890 2679 4958 '55,
2721 4890 2811 4947 54.
2893 4892 2914 4923 ⁵
2952 4890 3089 4948 Gen.
3124 4907 3197 4959 iv,
3230 4890 3297 4946 10

2099 5057 2154 5121 et
2184 5050 2564 5107 Samaritanos
2595 5051 2866 5107 mendacii
2895 5051 3113 5121 arguit;
3142 5049 3236 5120 qui
3265 5047 3487 5121 eosdem
3519 5064 3688 5119 prope

2102 5120 2347 5185 Sicbem,
2379 5124 2494 5178 sive
2519 5121 2824 5177 Samariam
2856 5119 3289 5177 constituebant.
3318 5119 3387 5173 At
3411 5119 3687 5189 Joseplius

2102 5192 2196 5247 lib.
2230 5208 2304 5254 Iv,
2334 5207 2385 5247 c.
2414 5194 2468 5255 8,
2502 5194 2976 5247 Samaritanormn
3019 5191 3267 5260 npinioni
3300 5190 3632 5260 sum-agatur
3669 5208 3683 5245 :

2102 5278 2316 5317 necnon
2348 5272 2402 5317 et
2434 5264 2527 5318 lib.
2562 5277 2639 5329 xi,
2665 5278 2785 5332 cap.
2818 5262 2996 5332 8._ubi
3024 5261 3091 5316 de
3121 5262 3342 5332 templo,
3378 5262 3523 5332 quod
3558 5262 3683 5314 Aie-

2103 5332 2299 5386 xandri
2335 5333 2512 5403 Magni
2545 5330 2790 5401 tempore
2817 5350 2843 5385 ιι
2875 5330 3315 5388 Samaritanisin
3343 5330 3561 5385 Gn'rizin
3590 5347 3687 5385 ex-

2105 5412 2374 5457 structum
2417 5415 2519 5469 est,
2546 5403 2830 5456 historiam
2864 5403 3103 5473 explicat
3130 5418 3332 5473 {quam
3354 5410 3410 5456 tu
3438 5404 3682 5473 consule.

2110 5473 2216 5529 Sed
2263 5476 2506 5528 omnium
2561 5469 2974 5529 accuratissime
3028 5472 3095 5528 de
3124 5469 3343 5526 Garizin
3376 5480 3428 5527 et
3463 5469 3685 5526 Hebaiis

2106 5545 2215 5597 situ
2251 5545 2472 5599 disserit
2503 5543 2912 5598 eruditissimus
2950 5543 3155 5598 Masins
3195 5544 3259 5595 ad
3295 5557 3413 5612 cap.
3450 5556 3545 5596 vm
3590 5540 3685 5595 Jo-

2105 5630 2224 5678 sue,
2251 5624 2304 5670 et
2353 5615 2618 5669 adversus
2651 5612 3009 5668 Mercatorem
3058 5613 3682 5683 SamariagiprOpinquos

2104 5685 2240 5740 istos
2272 5700 2396 5741 esse
2426 5685 2592 5740 colles
2622 5684 2870 5755 pluribus
2901 5682 3236 5754 argumentis
3267 5681 3519 5737 allii-mat.
