3968 6172
324 289 433 346 227

1747 273 1806 333 S.
1846 276 2189 336 EPIPHANII

3509 276 3620 334 εει

323 413 410 459 est
454 402 493 456 '.
529 398 671 468 Quid
726 395 873 469 quod
933 402 984 450 et
1046 394 1212 448 Sarra
1260 393 1498 465 idipsum
1549 391 1909 461 demonstrat,

2022 396 2115 469 τὴν
2145 398 2379 469 μήτραν,
2408 397 2502 452 καὶ
2527 394 2624 470 τὴν
2652 394 2695 429 ¹⁰
2729 395 2832 468 γῆν
2855 397 2976 450 κατ’
3000 393 3224 467 ἐθισμὸν
3255 392 3613 467 ξηρανθῆναι,

324 495 457 549 dum
485 492 644 548 eil‘eto
687 491 803 560 jam
853 496 1033 550 utero,
1087 486 1512 557 suppressisque
1537 485 1837 540 menstruis
1868 488 1912 549 ’,

323 586 616 659 genitalem
669 583 776 636 vim
807 581 991 636 denuo
1023 579 1091 634 ad
1135 572 1628 667 proseminandum
1688 577 1913 647 accipit,

323 693 388 733 ac
422 676 578 732 senio
629 671 882 729 confecta
927 671 1101 725 ﬁlium
1160 666 1527 725 nihilominus
1561 681 1628 721 ex
1676 666 1918 738 promis-'-

322 770 480 825 sione
517 766 758 838 parturit
789 766 834 829 ³,
892 765 966 820 ob
1013 777 1166 834 spem
1200 769 1450 817 venturae
1495 758 1791 830 aliquando
1830 772 1916 812 re-

322 857 731 917 surrectionis?
754 856 896 923 Quin
932 856 1096 909 etiam
1131 851 1304 908 Jacob
1333 853 1462 906 dum
1494 851 1562 906 de
1595 851 1713 906 suis
1766 849 1903 904 ossi-

236 1002 239 1003 .
325 952 428 1006 lius
473 958 559 1005 est
610 948 885 1005 sollicitus
928 947 949 978 δ
975 987 989 1011 ,
1047 959 1157 1001 non
1192 944 1381 1013 utique
1426 941 1494 997 de
1532 940 1620 997 his
1652 949 1914 1010 tanquam

325 1042 588 1115 perituris
616 1039 877 1095 mandata
907 1039 1027 1094 suis
1060 1036 1305 1107 reliquit.
1346 1034 1502 1102 Quod
1540 1035 1721 1104 ipsum
1747 1022 1912 1088 .lose-

326 1138 470 1208 phus
516 1142 706 1206 postea
754 1132 1080 1205 praecipiens
1125 1129 1170 1196 ⁸,
1219 1127 1646 1185 resurrectionis
1677 1124 1914 1196 speciem

326 1227 698 1283 adumbravit.
739 1224 892 1279 Adde
928 1221 1256 1277 Aaronicam
1290 1219 1525 1288 virgam,
1586 1229 1707 1286 quae
1734 1213 1917 1269 arefa-

327 1331 417 1378 cta
445 1319 797 1394 germinavit,
856 1316 1180 1385 fructusque
1213 1310 1441 1382 protulit
1469 1309 1489 1340 °
1513 1346 1528 1371 ,
1580 1314 1640 1361 ut
1665 1313 1916 1361 emortua

327 1414 611 1469 hominum
642 1425 871 1481 corpora
897 1407 965 1463 ad
990 1408 1113 1461 vitae
1142 1418 1293 1475 spem
1318 1400 1611 1457 excitanda
1636 1407 1917 1454 moustrm

327 1512 447 1571 ret;
482 1503 534 1556 id
565 1504 711 1557 enim
745 1500 810 1554 ad
852 1495 1210 1554 astruendam
1244 1492 1715 1549 resurrectionem
1746 1490 1918 1560 pertié

327 1596 467 1651 nuit.
503 1593 609 1649 Sed
636 1602 689 1648 et
713 1591 882 1648 Musis
912 1591 1067 1660 virga
1092 1588 1272 1659 lignea
1330 1584 1571 1639 animata
1605 1583 1700 1638 Dei
1727 1581 1916 1652 jussu,

326 1698 379 1743 et
410 1689 462 1741 in
497 1702 729 1757 anguem
779 1696 1048 1740 conversa
1084 1683 1104 1713 "
1147 1678 1612 1736 resurrectionem
1640 1674 1920 1744 signiﬁca-

327 1780 442 1835 bat.
469 1780 578 1850 26
604 1779 747 1833 ldem
781 1788 946 1848 porro
1003 1764 1216 1844 Moyses
1247 1768 1534 1824 Rubenitis
1579 1767 1910 1823 benedicens

328 1870 406 1924 ita
464 1869 758 1939 loquitur:
818 1865 972 1919 Vivat
1028 1861 1261 1928 Ruben,
1313 1866 1366 1914 et
1404 1870 1524 1919 ,non
1583 1858 1849 1913 moriatur
1871 1857 1914 1912 ⁸.

329 1961 486 2025 Quod
525 1960 577 2014 ei
611 1967 890 2030 precatur,
946 1955 1040 2027 qui
1065 1952 1388 2025 jamdudum
1427 1968 1458 2007 e
1495 1951 1632 2005 vivis
1663 1965 1919 2005 excesse-

327 2058 417 2105 rat
440 2067 594 2125 ;‘quo
618 2050 784 2106 vitam
809 2050 971 2103 aliam
995 2062 1119 2103 esse
1152 2052 1277 2116 post
1298 2044 1509 2101 obitum
1538 2044 1786 2105 doceret,
1812 2056 1918 2098 nec

327 2158 439 2199 non
470 2152 525 2197 et
549 2141 844 2211 judicium,
897 2141 951 2195 in
988 2155 1097 2210 quo
1146 2136 1399 2192 homines
1447 2134 1691 2189 secunda
1742 2142 1917 2190 morte

326 2233 683 2288 damnantur.
719 2232 898 2302 Atque
954 2230 1079 2285 idco
1128 2227 1404 2299 duplicem
1461 2225 1539 2279 illi
1574 2224 1918 2280 benedictio-

328 2339 456 2379 nem
510 2324 774 2393 impertit.
824 2321 995 2386 Vivat,
1036 2321 1237 2392 inquit,
1275 2319 1331 2373 in
1362 2319 1774 2373 resurrectione
1805 2316 1918 2371 sci-

329 2413 490 2477 licet;
543 2427 705 2481 neque
740 2412 1023 2474 moriatur,
1087 2411 1142 2464 in
1200 2408 1430 2479 judicio.
1480 2405 1694 2473 Quibus
1728 2406 1918 2461 verbis

330 2517 441 2557 non
478 2502 626 2556 illam
653 2511 885 2556 mortem
922 2499 1274 2572 signiﬁcavit,
1302 2513 1425 2568 quae
1454 2499 1508 2551 in
1542 2497 1853 2551 animorum
1885 2510 1917 2549 a

330 2608 567 2664 corpore
588 2594 940 2663 separatione
970 2593 1241 2652 cernitur,
1273 2588 1370 2644 sed
1399 2602 1518 2643 eam
1552 2587 1759 2657 potius,
1794 2594 1917 2656 qua!

329 2686 387 2739 iu
423 2684 779 2740 damnatione
827 2683 1109 2738 consistit.
1169 2679 1354 2734 Pauca
1405 2679 1524 2733 haec
1555 2676 1623 2732 ad
1660 2687 1914 2733 everten—

328 2762 461 2833 dum
516 2777 737 2832 illorum
788 2785 1033 2831 errorem
1090 2772 1388 2830 sufﬁcient.
1429 2769 1645 2826 Habent
1692 2779 1745 2823 et
1779 2770 1919 2826 alios

328 2879 543 2926 veteres
570 2871 707 2925 ritus
752 2882 877 2923 cum
937 2875 1184 2923 extrema
1240 2864 1514 2920 dementia
1565 2861 1916 2931 coniunctos.

2017 478 2174 547 αὖθις
2217 483 2740 556 ἁναζωογονουμένη
2784 485 2866 548 εἰς
2907 483 3214 553 καταϐολὴν
3263 483 3614 554 σπέρματος,

2018 574 2111 627 καὶ
2149 576 2183 646 ἡ
2218 576 2519 647 πρεσϐῦτις
2547 577 2851 631 κυΐσκουσα
2883 577 3075 631 τέκνον
3118 575 3240 630 κατ’
3279 574 3618 645 ἐπαγγελίαν

2016 665 2105 720 διά
2139 667 2241 735 τὴν
2270 667 2463 722 ἐλπίδα
2489 668 2590 740 τῆς
2615 668 2990 733 ἀναστάσεως.
3020 669 3095 724 Οὐ
3133 666 3241 739 μὴν
3270 667 3328 721 δὲ
3353 666 3490 722 ἀλλὰ
3519 666 3620 721 καὶ

2030 757 2247 820 Ἰακὼϐ,
2278 758 2678 830 ἐπιμελόμενος
2706 759 2819 813 τῶν
2855 759 3003 813 ἰδίων
3036 759 3260 819 ὀστέων,
3295 758 3373 823 ὡς
3399 759 3463 812 οὐ
3488 759 3621 831 περὶ

2017 849 2408 922 ἀπολλυμένων
2460 850 2792 907 ἐνετέλλετο.
2844 852 2921 905 Οὐ
2970 849 3133 921 μόνον
3177 850 3235 903 δὲ
3255 890 3270 915 ,
3330 848 3469 904 ἀλλὰ
3522 851 3622 904 καὶ

2029 939 2227 1014 Ἰωσὴφ
2269 944 2336 1014 τῇ
2384 943 2520 1015 αὐτῇ
2558 943 2851 1015 ἀκολουθίᾳ
2889 941 3300 1014 ἐντελλόμενος,
3339 942 3442 1013 τῆς
3481 941 3620 996 ἀνα-

2021 1032 2262 1097 στάσεως
2290 1034 2559 1104 ὑπέιραινε
2602 1035 2666 1088 τὸ
2699 1031 2860 1100 εἶδος.
2907 1036 2984 1089 Οὐ
3026 1034 3133 1107 μὴν
3164 1035 3221 1088 δέ
3281 1033 3418 1088 ἀλλὰ
3446 1034 3545 1089 καὶ
3581 1035 3618 1107 ή

2021 1122 2218 1195 ῥάϐδος
2249 1124 2345 1177 τοῦ
2381 1123 2597 1197 Ἀαρὼν
2629 1125 2663 1197 ἡ
2705 1124 3062 1197 βλαστήσασα
3098 1124 3242 1196 ξηρὰ
3287 1120 3425 1178 οὖσα
3459 1119 3619 1188 αὖθις

2019 1214 2233 1286 καρπὸν
2256 1217 2488 1287 ἤνεγκεν
2524 1219 2605 1282 εἰς
2637 1216 2831 1271 ἐλπίδα
2863 1216 3033 1289 ζωῆς,
3067 1216 3138 1271 τὰ
3177 1215 3348 1288 νεκρά
3385 1214 3618 1287 σώματα

2018 1306 2178 1378 ἡμῶν
2222 1306 2633 1379 ἀναστήσεσθαι
2675 1306 3025 1379 σημαίνουσα
3047 1348 3062 1370 ,
3098 1309 3181 1371 είς
3225 1306 3524 1362 ἀνάστασιν
3559 1306 3618 1361 δέ

2020 1397 2279 1468 φέρουσα.
2311 1398 2423 1451 Καὶ
2465 1400 2499 1470 ἡ
2534 1398 2629 1452 τοῦ
2678 1397 2958 1462 Μωῡσέως
3006 1395 3063 1452 δὲ
3100 1397 3299 1469 ῥάϐδος
3337 1397 3541 1469 ὁμοίως
3582 1398 3617 1469 ἡ

2022 1485 2206 1560 ξυλίνη
2230 1489 2374 1555 κατά
2401 1490 2539 1544 Θεοῦ
2575 1489 2826 1563 βούλημα
2868 1489 3157 1561 ἐψυχοῦτο,
3187 1491 3282 1544 καὶ
3312 1490 3439 1560 ὄφις
3472 1507 3619 1559 γινοί-

2023 1581 2161 1654 μένη
2197 1582 2495 1637 ἀνάστασιν
2530 1583 2749 1655 ἐδήλου.
2799 1582 2960 1638 Ἀλλά
2990 1584 3086 1637 καὶ
3104 1583 3347 1655 Μωῦσῆς
3380 1583 3620 1652 εὐλογῶν

2020 1675 2146 1738 τοὺς
2180 1676 2308 1748 περὶ
2339 1674 2590 1746 Ῥουσὶμ,
2625 1675 2804 1745 λέγει*
2855 1672 3025 1742 Ζήτω
3077 1672 3347 1746 Ῥουϐὶμ,
3391 1676 3493 1730 καί
3530 1675 3618 1746 μὴ

1957 1759 1996 1813 Β
2024 1763 2394 1829 ἀποθανέτω,
2425 1764 2518 1819 τὸν
2548 1765 2657 1819 ἀπὸ
2692 1764 2862 1819 πάλαι
2896 1766 3318 1837 τελευτήσαντα,
3352 1767 3440 1820 ἵνα
3472 1764 3619 1837 ζωὴν

2022 1853 2170 1926 δείξῃ
2200 1850 2341 1909 εἷναι
2372 1855 2512 1926 μετά
2535 1854 2789 1923 θάνατον,
2817 1858 3001 1931 κρίσιν
3023 1857 3083 1911 δὲ
3106 1857 3362 1928 δευτέρου
3385 1857 3618 1911 θανάτου

2023 1947 2104 2010 είς
2134 1946 2459 2019 καταδίκην.
2499 1947 2591 2001 Διδ
2625 1948 2719 2002 δύο
2753 1949 3006 2019 εὐλογίας
3040 1948 3190 2021 αὐτῷ
3226 1949 3528 2023 ἐπιτίθησι,
3555 1949 3621 2003 τὺ

2021 2036 2209 2104 Ζήτω.
2237 2037 2434 2106 λέγων,
2468 2040 2525 2092 ἐν
2556 2041 2620 2112 τῇ
2658 2040 2980 2105 ἀναστάσει,
3016 2041 3117 2094 καὶ
3144 2039 3231 2110 μὴ
3266 2040 3620 2096 ἀποθανέτω

2021 2127 2093 2182 ἐν
2122 2128 2339 2197 inpiast,
2370 2128 2431 2181 οὐ
2477 2127 2705 2183 θάνατον
2751 2124 2846 2184 τὸν
2881 2128 2970 2183 διὰ
3008 2127 3262 2199 σώματος
3295 2127 3620 2198 ἀπαλλαγῆς

2023 2218 2218 2288 λέγων,
2248 2218 2386 2272 ἀλλά
2426 2220 2517 2273 τὸν
2559 2219 2646 2272 διὰ
2687 2220 3009 2291 καταδίκης.
3065 2220 3314 2291 Ἀρκέσει
3358 2218 3492 2288 γοῦν
3548 2220 3621 2273 τὰ

2020 2311 2179 2380 ὀλίγα
2227 2312 2366 2384 πρὸς
2401 2312 2679 2367 ἀντίθεσιν
2725 2311 2933 2371 τούτων
2983 2312 3303 2383 Ἔχουσιδέ
3357 2313 3452 2365 καὶ
3482 2311 3621 2366 ἄλλα

2020 2405 2143 2459 τινά
2176 2404 2362 2470 ἀνοίας
2391 2405 2488 2478 ἔθη
2514 2405 2752 2460 παλαιάο
2784 2404 2930 2477 οὔρῳ
2956 2404 3303 2476 κλυζόμενοι,
3337 2404 3477 2458 ἐπὰν
3511 2405 3621 2458 ἀπὸ

2024 2494 2183 2568 ξένης
2214 2496 2433 2560 ἔλθωσι,
2462 2497 2828 2568 μεμιασμένοι
2848 2483 3007 2569 δῆθεν
3025 2514 3038 2526 ο
3068 2496 3223 2551 ῦδατι
3253 2496 3350 2550 σὺν
3382 2495 3623 2567 ἱματίοις

2024 2586 2436 2658 βαπτιζόμενοι,
2475 2590 2615 2644 ἐπὰν
2645 2589 2893 2661 ἅψωνται
2925 2589 3112 2660 ἐτέρου
3144 2588 3252 2644 τῶν
3294 2586 3618 2643 ἀλλοεθνῶν.

2022 2678 2282 2750 Μιασμὸν
2309 2680 2419 2751 γὰρ
2447 2680 2704 2751 ἡγοῦνται
2733 2682 2794 2736 τὸ
2824 2681 2971 2746 τινὸς
2996 2681 3262 2751 ἅψασθαι,
3290 2681 3410 2752 ἦτοι
3443 2679 3622 2747 θίγειν

2024 2770 2185 2826 dum)
2231 2772 2377 2836 τινὸς
2415 2771 2709 2845 ἀνθρώπου
2754 2773 2850 2827 ἀπ’
2890 2773 3052 2827 ἄλλου
3107 2772 3395 2843 δόγματοςι
3443 2768 3622 2842 Πολλὴ

2027 2864 2137 2937 γὰρ
2174 2866 2208 2936 ἡ
2241 2866 2448 2922 τούτων
2475 2866 2891 2940 φρενοϐλάϐειαε

331 2958 467 3015 Nam
500 2964 554 3015 et
579 2958 714 3013 lotio
767 2956 1021 3028 perfundi
1066 2956 1255 3012 solent
1286 2991 1303 3019 ,
1353 2954 1573 3024 quoties
1612 2967 1843 3024 peregre
1909 2951 2133 3009 domum
2192 2954 2449 3022 redeunt,
2487 2965 2749 3029 tanquam
2811 2959 2992 3027 aliqua
3058 2957 3391 3028 contagione
3443 2955 3623 3026 pollue

329 3050 414 3117 ti;
446 3058 502 3104 et
537 3066 675 3121 aqua
703 3064 828 3104 sese
854 3056 1147 3117 vestesque
1176 3061 1308 3102 suas
1331 3047 1585 3112 abluunt,
1620 3062 1746 3103 cum
1798 3047 2028 3104 alterius
2084 3053 2264 3122 gentis
2305 3054 2619 3126 quempiam
2658 3054 2958 3126 tetigerint.
3003 3053 3126 3137 llac‘
3163 3054 3309 3108 enim
3368 3069 3427 3108 re
3483 3067 3622 3108 cona

331 3142 586 3198 taminari
614 3156 673 3195 se
706 3147 920 3210 putant,
970 3139 1017 3193 si
1052 3153 1383 3209 quemquam
1441 3139 1779 3206 mortalium,
1843 3148 1938 3195 aut
1965 3142 2196 3200 ulterius
2247 3154 2416 3201 sertae
2476 3145 2755 3202 hominem
2804 3147 3099 3217 attingant.
3133 3144 3310 3199 Tanta
3363 3153 3449 3200 cst
3501 3143 3622 3200 illo-

332 3248 455 3289 tum
492 3229 768 3287 vecordia.

410 3297 499 3376 IV.
532 3321 652 3376 .lam
685 3319 1145 3392 quemadmodum
1180 3320 1340 3376 facile
1370 3320 1627 3391 redargui
1662 3320 1912 3390 ipsorum

2090 3317 2163 3375 A'.
2214 3313 2342 3385 Πῶς
2378 3321 2436 3375 δὲ
2478 3320 2868 3391 εὐθυέλεγκτος
2911 3323 2945 3393 ἡ
2985 3321 3167 3376 αὐτῶν
3198 3321 3353 3376 ἄνοια
3389 3324 3619 3394 γίνεται,

330 3415 548 3473 insania
579 3412 777 3483 possit,
807 3410 1182 3468 animadverte
1210 3427 1439 3483 quaeso;
1483 3425 1585 3467 nec
1620 3411 1732 3466 ullo
1754 3425 1923 3481 nego-

333 3507 416 3561 tio
442 3501 739 3576 percipies.
774 3499 986 3576 Etenim
1018 3501 1222 3556 mortui
1245 3502 1481 3556 cadaver
1506 3501 1921 3566 abominantur,

330 3574 462 3653 cum
489 3596 604 3651 sint
635 3593 752 3650 suis
775 3574 999 3664 ipsimet
1023 3590 1187 3650 factis
1212 3593 1438 3647 mortui.
1472 3592 1639 3663 Atqui
1682 3608 1791 3647 non
1813 3606 1925 3648 uno

331 3691 597 3752 alterove,
629 3687 726 3744 sed
759 3686 991 3742 inﬁnitis
1022 3685 1363 3743 testimoniis
1396 3684 1767 3751 convincitur,
1804 3700 1919 3742 non

329 3796 456 3838 esse
484 3788 827 3835 mortuorum
852 3793 1086 3849 corpora
1114 3775 1458 3833 detestanda.
1492 3775 1627 3831 Nam
1661 3776 1807 3847 quod
1837 3776 1923 3831 lex

330 3873 668 3928 contrariqu
722 3870 942 3925 videtur
971 3883 1242 3935 asserere,
1293 3867 1442 3924 aliud
1495 3867 1757 3939 quiddam
1791 3869 1925 3923 aani-

330 3967 515 4028 gmate
563 3959 896 4014 adumbrare
930 3958 1125 4014 voluit.
1169 3955 1289 4013 Non
1352 3957 1498 4013 enim
1556 3956 1816 4022 duorum,
1864 3963 1925 4008 ut

330 4048 469 4113 dixi,
526 4051 764 4105 triumve
810 4050 862 4105 id
890 4050 1206 4105 testimonia
1241 4049 1621 4119 comprobant,
1673 4047 1770 4102 sed
1798 4062 1926 4101 sex:-

333 4148 494 4193 centa
529 4140 718 4208 viginti
748 4141 858 4194 duo
888 4140 1055 4193 millia
1095 4139 1378 4192 hominum
1416 4139 1469 4191 in
1514 4138 1755 4201 deserto,
1796 4136 1925 4190 toti-

333 4227 569 4296 demque
598 4228 727 4288 alia,
768 4236 933 4296 atque
958 4211 1024 4282 iis
1069 4228 1235 4281 etiam
1264 4227 1444 4294 plura.
1476 4226 1620 4291 Quin
1657 4233 1713 4279 et
1764 4225 1925 4294 longe

335 4317 592 4373 uberiora
622 4326 751 4371 sunt
787 4315 1087 4385 Scriptura!
1137 4317 1281 4380 loca,
1342 4332 1465 4385 quae
1494 4316 1562 4371 de
1607 4316 1814 4379 loculo,
1867 4316 1921 4369 in

330 4424 445 4481 quo
474 4405 700 4478 Josephi
730 4421 858 4462 ossa
889 4405 1113 4461 condita
1139 4412 1290 4471 sunt,
1321 4406 1656 4461 mentionem
1688 4406 1918 4460 faciunt.

2027 3413 2321 3486 ἐπίστησον
2353 3414 2445 3468 τὸν
2485 3414 2633 3479 νοῦν,
2663 3408 2709 3468 ὦ
2741 3413 3182 3487 θαυμασιώτατε,
3220 3415 3316 3469 καὶ
3347 3417 3489 3489 εἴσῃ.
3517 3419 3623 3472 Nee

2027 3506 2158 3577 κρδν
2192 3507 2290 3578 μὲν
2312 3505 2420 3577 γὰρ
2447 3506 2653 3569 εῦθέως
2681 3506 3055 3578 βδελύττονται
3084 3506 3243 3559 αὐτοὶ⁵
3260 3509 3448 3580 νεκροὶ
3469 3509 3623 3575 ὅντες

2023 3601 2135 3662 τοῖς
2161 3597 2363 3669 ἔργοις.
2401 3598 2755 3670 Μαρτυροῦσι
2787 3598 2899 3672 γὰρ
2927 3600 2989 3653 οὐ
3027 3598 3124 3670 μία
3151 3601 3452 3673 μαρτυρία,
3485 3602 3623 3657 ἀλλά

2025 3688 2240 3754 πολλαὶ,
2264 3688 2343 3760 τῷ
2380 3689 2456 3761 μὴ
2506 3683 2645 3743 εἶναι
2686 3688 2778 3743 τὸν
2818 3689 3011 3762 νεκρὸν
3047 3689 3463 3761 ἐΰδελυγμένον,
3505 3691 3623 3745 ἀλλ’

2023 3779 2107 3832 ὅτι
2134 3778 2552 3850 αἰνιγματωδῶς
2574 3781 2602 3833 ὁ
2637 3778 2800 3850 νόμος
2830 3779 3037 3847 ἔλεγεν.
3081 3780 3282 3834 Οὐκέτι
3313 3778 3425 3853 γὰρ
3459 3781 3556 3835 δύο

2023 3870 2173 3938 τρεῖς
2196 3867 2493 3940 μαρτυρίαι
2524 3870 2605 3933 είς
2626 3869 2786 3923 τοῦτο
2807 3871 2940 3941 ἡμῖν
2964 3867 3459 3941 ἐπιμαρτυροῦσιν,
3487 3868 3624 3924 ἀλλὰ

2029 3956 2287 4028 μυριάδες
2314 3948 2579 4028 ἐξήκοντα
2602 3958 2697 4012 δύο
2724 3958 2818 4012 τὸν
2842 3958 3076 4030 ἀριθμὸν
3098 3959 3156 4012 ἐν
3188 3961 3256 4030 τῇ
3282 3959 3499 4030 ἐρήμῳ,
3525 3959 3623 4013 καὶ

2024 4047 2183 4102 ἄλλαι
2212 4048 2498 4113 τοσαῦται,
2532 4052 2629 4104 καὶ
2672 4050 2954 4114 ἐπέκεινα,
2992 4051 3087 4105 καὶ
3114 4050 3195 4104 ἔτι
3236 4050 3372 4105 πολὺ
3402 4051 3625 4117 πλείους

2025 4140 2081 4192 αἱ
2112 4142 2179 4210 τῇ
2213 4139 2360 4212 σορῷ
2397 4140 2494 4194 τοῦ
2542 4140 2739 4213 Ἰωσὴφ
2775 4140 3257 4213 ἐπιμαρτυροῦσαι
3283 4144 3351 4214 τῇ
3373 4141 3463 4195 διὰ
3494 4158 3624 4196 τεσ-

2027 4230 2337 4300 σαράκοντα
2369 4228 2508 4283 ἐτῶν
2540 4230 2923 4303 βασταζομένῃ
2947 4231 3005 4284 ἐν
3031 4229 3127 4301 ὅλῃ
3160 4233 3229 4303 τῇ
3268 4230 3619 4303 παρεμϐολῇ,

2025 4323 2120 4375 καὶ
2154 4322 2228 4395 μὴ
2269 4322 2663 4397 βδελυττομένῃ
2685 4365 2698 4388 ,
2757 4323 2897 4396 μήτε
2954 4324 3283 4398 μολυνούσῃ.
3326 4327 3523 4397 Ἔλεγε
3561 4328 3624 4382 δὲ

2022 4413 2230 4484 τάληθῆ
2279 4416 2309 4467 ὁ
2349 4415 2550 4486 νόμος,
2605 4414 2721 4477 δτι,
2769 4413 2907 4469 Ἐάν
2952 4432 3046 4482 τις
3091 4414 3321 4484 ἅψηται
3364 4417 3621 4485 νεκροῦ,

332 4501 438 4567 Qui
474 4498 688 4555 loculus
720 4496 1084 4566 quadraginta
1108 4502 1255 4549 tutos
1288 4509 1465 4550 annos
1499 4494 1554 4549 in
1585 4495 1917 4565 castris,cir¢

2022 4500 2188 4571 μένει
2208 4501 2475 4571 ,ϐέϐηλος
2511 4503 2624 4569 ἕως
2650 4502 2936 4571 ἑσπέρας,
2962 4503 3063 4558 καί
3086 4505 3388 4559 λούσεται
3415 4505 3618 4570 ὕδατι,

333 4592 611 4650 cumlatus
667 4604 846 4659 neque
886 4587 1284 4644 abominationi
1337 4588 1462 4652 fuit,
1515 4600 1694 4659 neque
1725 4599 1917 4644 conta-

2024 4591 2125 4646 καῑ
2159 4594 2684 4662 καθαρισθήσεται.
2709 4589 2820 4647 Ἦν
2853 4595 2911 4647 δὲ
2936 4593 3096 4648 τοῦτο
3128 4595 3507 4667 αἰνιττόμενος
3540 4599 3624 4660 εἰς

332 4687 497 4759 gione
531 4698 631 4741 sua
658 4683 838 4738 labem
871 4679 1037 4735 ullam
1071 4680 1328 4749 aSpersit.
1352 4678 1624 4734 Caeterum
1660 4696 1791 4736 vere
1818 4681 1917 4737 hoc

2024 4682 2125 4753 τὴν
2168 4682 2263 4736 τοῦ
2308 4659 2530 4755 Κυρίου
2583 4683 2741 4756 ἡμῶν
2805 4684 2977 4756 Ἰησοῦ
3028 4686 3269 4757 Χριστοῦ
3321 4659 3617 4760 νέκρῴσιν,

333 4793 364 4831 a
399 4776 688 4847 Scriptura
721 4772 931 4828 dictum
965 4776 1051 4825 est
1083 4788 1097 4825 :
1134 4770 1195 4824 Si
1219 4771 1334 4840 quis
1366 4779 1633 4824 mortuum
1696 4773 1917 4842 tetigerit

2028 4773 2168 4827 κατὰ
2210 4773 2269 4827 τὸ
2310 4773 2573 4846 ἕνσαρκον
2609 4773 2775 4828 αὑτοῦ
2814 4774 3004 4839 πάθος.
3046 4764 3182 4831 Ἀπὸ
3208 4777 3321 4850 γὰρ
3351 4781 3389 4810 ¹¹
3420 4780 3620 4832 τούτου

334 4871 571 4940 pollutus
619 4866 689 4922 ad
736 4877 1007 4936 vesperam
1065 4876 1228 4931 usque
1281 4859 1626 4929 permanebit.
1688 4860 1821 4915 Tum
1865 4879 1917 4917 se

2027 4864 2121 4917 τοῦ
2144 4864 2346 4936 ἄρθρου
2367 4865 2477 4937 (69)
2496 4866 2595 4938 τὴν
2613 4865 2887 4937 διάκρισιν
2899 4867 2992 4921 τοῦ
3008 4868 3273 4938 ὀνόματος
3294 4869 3411 4924 ἔστι
3430 4872 3616 4941 σημᾶ-

332 4977 473 5030 aqua
506 4959 727 5020 levabit,
761 4973 824 5010 ac
855 4953 1232 5024 repurgabitur
1259 4952 1300 5005 ’.
1327 4951 1543 5017 Quibus
1576 4952 1759 5008 verbis
1812 4955 1917 5009 Do-

2023 4973 2131 5009 ναι.
2159 4955 2333 5008 Ὅπου
2364 4956 2471 5027 γὰρ
2505 4954 2709 5028 ἄρθρον
2740 4958 3063 5029 πρόσκειται
3092 4960 3188 5041 ἐπὶ
3222 4961 3308 5013 ἐνί
3342 4978 3446 5015 τινι
3480 4962 3617 5033 ὡρι-

337 5052 468 5104 mini
503 5051 676 5105 nostri
712 5049 839 5105 Jesu
876 5046 1081 5104 Christi
1138 5053 1391 5107 utortem,
1427 5058 1492 5097 ac
1518 5055 1830 5112 susceptam
1860 5045 1916 5100 in

2027 5048 2210 5118 σμένῳ
2241 5047 2336 5102 καί
2359 5047 2790 5119 διαφανεστάτῳ,
2819 5050 3039 5104 πάντων
3071 5051 3220 5106 ἔστιν
3248 5056 3282 5123 ἡ
3323 5052 3616 5124 βεὸαίωσις

332 5156 566 5212 corpore
592 5140 904 5210 passionem
939 5137 1144 5194 innuit.
1178 5134 1257 5188 Ex
1281 5147 1350 5205 eo
1383 5132 1554 5195 enim,
1601 5134 1746 5201 quod
1784 5135 1916 5190 arti-

2022 5139 2109 5193 διὰ
2159 5139 2220 5193 τὸ
2263 5138 2496 5211 ἄρθρονο
2526 5140 2654 5194 ἄνευ
2705 5140 2762 5195 δὲ
2808 5141 2906 5197 τοῦ
2947 5134 3163 5215 ἄρθρου
3206 5146 3301 5198 ἐπὶ
3352 5147 3473 5211 ἐνὸς
3520 5147 3616 5201 τοῦ

331 5234 516 5286 culum
542 5228 819 5300 apposuit,
847 5228 1205 5283 distinctione
1228 5222 1475 5279 nominis
1505 5235 1645 5292 opus
1669 5240 1790 5280 esse
1814 5227 1913 5281 de-

2022 5228 2273 5302 τυχόντος
2321 5231 2587 5304 ἀορίστως
2635 5233 2753 5286 ἐστὶ
2795 5233 3049 5304 ληπτέον.
3103 5236 3195 5300 Ὠς
3246 5231 3359 5291 οἷον
3400 5240 3613 5305 εἰπεῖν,

406 5389 421 5459 ξ
452 5383 590 5439 Gen.
624 5399 678 5443 v.
710 5381 800 5436 24.
879 5382 899 5413 ²
929 5380 1064 5459 (ξριι.
1109 5394 1274 5443 xviii,
1302 5379 1388 5433 ll.
1437 5375 1487 5459 n’
1515 5374 1651 5459 Gen.
1690 5392 1802 5458 xvi,
1836 5380 1893 5434 2.
1925 5381 1990 5459 ,ξ
2018 5383 2155 5440 Gen.
2187 5400 2363 5459 ιιωτζ
2385 5386 2479 5441 29.
2546 5387 2566 5417 ⁸
2597 5383 2733 5459 Gen.
2765 5403 2818 5449 ι..
2860 5389 2894 5444 5
2929 5405 3052 5459 sqq.
3132 5391 3153 5421 '
3183 5389 3349 5449 Num.
3392 5408 3529 5457 xvii,
3558 5394 3617 5451 8.-

331 5456 355 5490 ⁷
379 5455 547 5511 Exod.
581 5472 652 5521 iv,
684 5460 720 5507 2
752 5468 875 5523 sqq.
950 5450 972 5480 ⁸
1005 5449 1161 5504 Deut.
1194 5463 1393 5514 XXXIII,
1434 5446 1488 5500 ϐ.
1565 5446 1587 5473 ⁸
1617 5445 1790 5501 Levii.
1824 5465 1900 5516 XI,

2047 5470 2167 5526 sqq.
2251 5458 2294 5488 ¹⁰
2324 5445 2452 5513 For.
2485 5457 2692 5527 πηγήν.
2796 5445 2834 5489 ίι
2873 5445 3164 5531 Lego-v05,
3195 5461 3315 5515 τοῦ.

402 5617 516 5689 (69)
569 5616 712 5696 vel
748 5612 860 5696 γὰρ
900 5610 1116 5696 terra
1144 5603 1917 5696 €93?ﬁet?cev:.‘§tcjteléas

2022 5615 2300 5696 ppositus
2328 5623 2436 5679 est,
2469 5616 2583 5696 vim
2594 5615 2771 5696 habet
2802 5619 3030 5696 omnino
3063 5620 3272 5676 nullam
3295 5640 3321 5696 ;r
3341 5631 3403 5678 ut
3435 5640 3607 5696 neque

332 5676 646 5747 obitervaiio
674 5676 847 5740 Grieci
883 5679 1122 5743 articuli,
1148 5676 1239 5746 qui
1265 5679 1328 5729 ad
1361 5676 1556 5740 νεκροῦ
1584 5676 1902 5732 vocabulum

2022 5676 2128 5738 loca
2154 5694 2371 5755 catera,
2398 5676 2520 5758 quae
2550 5687 2859 5743 illustrandi
2892 5691 3068 5759 gratia
3099 5676 3373 5762 congerit.
