3960 6192
368 326 479 390 229

1056 326 1427 383 ADVERSUS
1467 326 1811 382 ilJiRESES
1850 327 1978 413 LlB.
2024 330 2061 386 Ι.
2101 330 2260 386 TOM.
2311 333 2349 386 l.
2392 363 2459 371 —
2500 332 2777 389 ll/‘ERES.
2819 333 2909 390 1X.

3524 343 3638 405 ὶπῦ

328 449 464 503 ’ἐὰν
511 444 793 514 εἴπωμεν,
843 442 1127 512 βασιλεὺς,
1179 443 1350 512 (Noua
1405 442 1502 512 μὲν
1549 441 1903 513 ὲσημάναμεν
1936 484 1950 505 ,

2065 454 2347 501 monstrat.
2400 446 2534 502 Nam
2586 449 2901 521 ubicunque
2954 452 3223 511 articulus
3272 456 3635 528 adjungitur,

365 539 483 594 ἀλλ’
520 537 579 590 ού
614 535 898 605 τηλαυγῶς
927 535 1017 589 τὸν
1046 534 1361 605 ὁριζόμενον
1392 531 1693 605 ἐδείξαμεν.
1721 535 1953 589 Βασιλέα

366 631 477 702 γὰρ
509 629 741 701 λέγομεν
782 627 875 681 καὶ
902 627 1149 698 Περσῶν,
1181 626 1276 680 καὶ
1319 626 1541 697 Μήδων,
1586 627 1681 680 καὶ
1727 627 1952 698 Ἑλαμια

365 722 497 777 τῶν.
540 719 668 773 Ἐὰν
704 717 761 772 δὲ
811 717 947 788 μετὰ
981 716 1300 788 προσθήκης
1325 717 1419 769 τοῦ
1460 716 1665 789 ἄρθρου
1708 717 1953 791 εἴπωμεν

367 813 399 868 6
448 812 722 885 βασιλεὺς,
771 809 1142 881 ἀναμφίὸολόν
1184 810 1300 862 ἐστι
1337 810 1397 863 τὸ
1435 811 1851 881 σημαινόμενον.
1895 815 1952 866 Ὀ

368 911 479 982 γὰρ
508 907 759 979 βασιλεὺς
777 907 806 957 6
835 904 1188 976 ζητούμενος,
1221 903 1255 974 ἢ
1287 905 1316 957 6
1340 903 1650 975 λεγόμενος,
1674 905 1707 976 ἢ
1731 907 1759 959 ὁ
1793 925 1954 974 γινω-

370 1005 656 1075 σκόμενος,
691 1003 725 1074 ἢ
756 1003 785 1055 6
823 1000 918 1055 τοῦ
957 1018 1102 1064 τινος
1148 1000 1446 1071 βασιλεύων
1483 1002 1571 1055 διὰ
1612 1002 1702 1057 τοῦ
1748 1004 1950 1077 ἄρθρου

369 1096 768 1151 ύποδείκνυται.
798 1093 903 1146 Kal.
941 1093 1036 1148 ἐὰν
1071 1093 1335 1163 εἴπωμεν.
1383 1092 1521 1157 θεὸς.
1555 1095 1682 1157 ἄνευ
1724 1095 1831 1149 τοῦ
1855 1096 1954 1167 ἆρ-

370 1189 524 1259 θρου,
550 1187 642 1240 τὸν
670 1189 903 1256 τυχόντα
944 1190 1178 1261 εἴπαμεν
1216 1190 1338 1244 θεὸν
1381 1187 1491 1242 τῶν
1531 1187 1720 1250 ἐθνῶν,
1750 1188 1783 1259 ἢ
1820 1187 1953 1240 Θεὸν

369 1274 461 1333 τὸν
496 1280 647 1334 ὄντα.
684 1280 810 1333 Ἐὰν
850 1281 907 1334 δὲ
945 1280 1212 1352 εἴπωμεν,
1249 1283 1278 1334 6
1315 1279 1468 1345 Θεὸς,
1509 1279 1685 1350 δῆλον.
1725 1275 1801 1341 ὡς
1845 1276 1953 1330 ἀπὸ

368 1370 464 1426 τοῦ
511 1375 540 1426 6
585 1372 789 1446 ἄρθρου
834 1372 927 1426 τὸν
960 1373 1088 1426 ὅντα
1136 1369 1504 1444 σημαίνομεν,
1537 1370 1715 1440 ἀληθῆ
1759 1387 1818 1423 τε
1859 1369 1954 1423 καὶ

276 1509 285 1542 ξ
370 1463 810 1534 γινωσκόμενον·
841 1463 916 1529 ὡς
959 1462 1054 1518 καὶ
1092 1463 1409 1533 ἄνθρωπος,
1455 1462 1549 1516 καὶ
1582 1463 1610 1515 6
1644 1460 1949 1532 ἄνθρωπος.

370 1553 483 1610 Καὶ
502 1557 551 1609 εἰ
586 1556 685 1627 μὲν
725 1554 910 1626 ἔλεγεν
944 1559 981 1610 ὁ
1016 1556 1208 1628 νόμος⁸
1253 1555 1397 1608 Ἐὰν
1431 1555 1673 1623 ᾶψνησθε
1712 1548 1951 1640 νεκροῦ,

371 1647 515 1700 κατὰ
561 1648 778 1703 πάντων
819 1646 1046 1721 ἐφέρετο
1085 1646 1115 1699 6
1143 1647 1322 1717 ψῆφος
1343 1686 1358 1711 ,
1389 1642 1482 1699 καὶ
1534 1644 1720 1708 ἁπλῶς
1750 1643 1954 1707 παντὸς

370 1739 569 1810 νεκροῦ
593 1735 662 1812 ἦν
684 1743 718 1811 ἡ
758 1741 1080 1812 ἐπικειμένη
1108 1740 1202 1792 τοῦ
1236 1739 1551 1812 ζητήματος
1581 1736 1725 1802 λέξις
1751 1754 1763 1767 ·
1791 1737 1951 1789 ὖπὸτε

2060 545 2210 592 certa
2238 552 2301 591 ac
2336 538 2623 609 perspicue
2644 539 2868 597 definita
2904 558 2992 600 res
3016 545 3361 619 intelligitur.
3395 548 3524 606 Sine
3554 565 3639 608 ar-

2058 630 2228 684 ticulo
2255 630 2323 685 de
2353 630 2598 701 quolibet
2631 633 2807 702 accipi
2859 634 3071 691 infinite
3098 639 3255 695 solet.
3293 638 3362 695 Ut
3399 644 3635 714 exempli

2055 738 2247 786 causa,
2268 725 2314 779 si
2339 740 2431 779 rex
2451 725 2663 790 dixero,
2696 739 2896 782 nomen
2926 731 3145 799 quidem
3176 733 3353 803 ipsum
3372 735 3593 795 declaro
3619 758 3633 795 :

2056 811 2181 879 quis
2214 813 2302 866 ille
2334 813 2426 873 sit,
2460 813 2528 868 de
2563 828 2673 883 quo
2696 814 2910 886 loquor,
2962 828 3151 890 aperte
3196 838 3309 878 non
3359 827 3632 898 signiﬁco.

2058 900 2256 972 Regem
2281 904 2426 957 enim
2476 912 2584 958 tam
2622 904 2938 976 Persarum,
2980 912 3087 981 27
3111 928 3276 982 quam
3325 916 3636 985 Medorum,

2057 1003 2221 1065 atque
2267 996 2628 1053 Elamitarum
2672 1003 3037 1072 appellamus.
3096 1006 3251 1074 Quod
3300 1011 3347 1066 si
3401 1013 3639 1070 articulo

2055 1089 2219 1142 etiam
2253 1089 2522 1157 adhibito,
2556 1092 2645 1147 hic
2677 1109 2796 1160 rex,
2835 1096 3094 1165 dicimus,
3144 1117 3308 1159 nemo
3348 1119 3511 1175 quem
3544 1123 3640 1163 ve-

2058 1179 2220 1234 limus
2245 1181 2484 1251 ignorat.
2526 1183 2625 1239 llic
2654 1188 2799 1242 enim
2833 1204 2928 1243 rex
2990 1207 3056 1247 eo
3091 1196 3330 1252 articulo
3386 1208 3635 1265 notatur,

2057 1271 2126 1327 de
2152 1290 2260 1343 quo
2297 1277 2551 1344 quaestio,
2587 1279 2672 1332 vel
2703 1289 2885 1336 sermo
2924 1284 3127 1355 aliquis
3156 1287 3451 1358 inciderit;
3480 1291 3640 1347 deni-

2056 1377 2165 1430 que
2199 1365 2293 1432 qui
2327 1365 2397 1419 sit
2432 1368 2691 1436 cognitus
2724 1384 2787 1424 ac
2824 1379 2978 1427 certo
3029 1373 3263 1446 imperio
3297 1379 3635 1443 dominetur.

2060 1452 2323 1509 Similiter
2349 1473 2495 1519 cum,
2530 1459 2687 1524 deus,
2721 1463 3043 1534 simpliciter
3062 1482 3420 1541 usurpamus,
3447 1490 3641 1545 quem-

2057 1547 2190 1601 libet
2221 1550 2385 1602 deum
2416 1551 2674 1617 dicimus,
2718 1571 2817 1610 nec
2848 1557 3033 1614 minus
3068 1574 3216 1626 cum,
3277 1566 3424 1635 quia
3457 1568 3637 1637 genti-

2057 1638 2164 1694 bus
2195 1642 2414 1707 colitur,
2444 1659 2608 1723 quam
2626 1649 2719 1717 qni
2742 1664 2868 1704 vere
2894 1649 3034 1707 Dens
3063 1661 3169 1709 est.
3201 1653 3269 1709 At
3300 1671 3422 1711 cum
3450 1660 3478 1711 6
3503 1659 3636 1723 Θεὸς

2058 1731 2316 1799 dicimus,
2355 1718 2727 1793 eum'scilicet
2752 1741 3116 1810 exprimimus
3138 1747 3231 1815 qui
3258 1764 3419 1803 verus
3451 1758 3503 1806 et
3529 1761 3635 1815 est,

370 1828 429 1882 δὲ
467 1828 648 1900 λέγει*
706 1830 850 1884 Ἐὰν
892 1829 1119 1898 [imitati
1167 1847 1255 1894 τις
1284 1828 1392 1883 τοῦ
1434 1827 1672 1896 νεκροῦ,
1711 1825 1803 1878 ἐπὶ
1856 1824 1954 1878 ἕνα

2065 1828 2115 1875 et
2147 1837 2270 1877 esse
2325 1828 2686 1895 cognoscitur
2722 1827 2887 1885 Deus.
2941 1828 3228 1900 Similiter,
3286 1852 3411 1892 cum
3448 1839 3636 1905 homo,

371 1922 495 1975 τινὰ
530 1922 689 1994 φέρει
719 1921 819 1993 τὴν
841 1921 1088 1992 ἀγωγὴν,
1115 1922 1258 1993 φημὶ
1289 1921 1346 1974 δὲ
1389 1920 1484 1974 ἐπὶ
1507 1919 1597 1982 τὴν
1626 1913 1847 1990 Κύριον,
1878 1916 1953 1979 ὡς

372 2015 487 2068 ἄνω
516 2030 608 2085 μοι
637 2014 952 2085 δεδήλωται.
981 2014 1177 2082 Ἔλεγε
1209 2012 1266 2067 δὲ
1296 2013 1451 2068 τοῦτο
1481 2011 1894 2085 αἰνιγματωδῶς
1926 2012 1956 2064 6

373 2105 539 2176 νόμος
566 2105 655 2159 διὰ
688 2107 816 2169 τοὺς
853 2105 1147 2176 μέλλοντας
1173 2109 1361 2178 χεῖρας
1398 2106 1708 2161 ἐπιϐάλλειν
1745 2105 1838 2158 ἐπὶ
1862 2105 1954 2158 τὸν

372 2198 630 2269 Χριστὸν,
670 2199 765 2253 καὶ⁵
785 2198 1004 2271 σταυρῷ
1039 2199 1419 2270 παραδιδόναι·
1463 2200 1546 2251 ὅτι
1585 2197 1775 2269 χρείαν
1809 2192 1954 2267 εἶχον

373 2284 520 2344 οὗτοι
565 2289 942 2362 καθαρισμοῦ,
972 2291 1078 2354 ἕως
1120 2288 1250 2361 δύνῃ
1292 2290 1474 2353 αὐτοῖς
1512 2291 1546 2360 ἡ
1592 2288 1809 2359 ἡμέρα,
1860 2284 1956 2341 καὶ

374 2381 632 2451 ἀνατείλη
660 2382 845 2446 αὐτοῖς
882 2382 1010 2437 ἄλλο
1040 2381 1176 2450 φῶς,
1210 2381 1298 2435 διὰ
1328 2380 1420 2434 τοῦ
1458 2380 1833 2451 βαπτίσματος
1858 2378 1952 2432 τοῦ

370 2468 568 2538 Δὓδατος
594 2472 690 2527 τοῦ
718 2473 945 2547 λουτροῦ
970 2475 1073 2544 τῆς
1103 2474 1552 2543 παλιγγενεσίας·
1586 2472 1662 2535 ὡς
1694 2471 1789 2525 καὶ
1833 2472 1953 2523 ἐπι-

377 2569 650 2639 μαρτυρεῖ
692 2584 782 2639 μοι
821 2566 1057 2622 ἐνταῦθα
1091 2567 1297 2639 Πέτρος
1338 2565 1511 2633 λέγων
1541 2568 1655 2627 τοῖς
1692 2558 1957 2634 Ἰσραηλί-

374 2666 495 2720 ταις
524 2656 583 2709 ὲν
615 2656 1027 2730 Ἱεροσολύμοις,
1058 2659 1171 2720 τοῖς
1204 2656 1452 2724 λέγουσιν
1486 2652 1655 2725 αὐτῷ,
1695 2653 1753 2707 Τί
1783 2650 1956 2718 ποιή-

375 2759 579 2814 σωμεν
596 2761 616 2808 ;
652 2744 741 2799 διὰ
775 2745 838 2798 τὸ
869 2745 1147 2817 εἰρηκέναι
1176 2744 1337 2798 αὐτὸν
1376 2744 1580 2810 αὐτοῖς,
1610 2744 1693 2796 ὅτι
1738 2741 1959 2795 Τοῦτον

376 2836 484 2890 τὸν
523 2836 797 2904 Ἰησοῦν,
832 2835 906 2890 ὃν
945 2835 1115 2906 ὑμεῖς
1151 2833 1590 2903 ἐσταυρώσατε.
1629 2833 1740 2887 Καὶ
1791 2848 1959 2885 κατα-

377 2931 585 2998 νυγεῖσι
617 2928 716 2997 τὴν
760 2927 986 3000 καρδίαν
1028 2923 1148 2980 εἷπε
1169 2945 1180 2956 ·
1218 2924 1667 2992 Μετανοήσατε,
1711 2922 1809 2977 καὶ
1840 2923 1958 2987 βα-

375 3017 680 3084 πτισθήτω
700 3017 960 3083 ἕκαστος
986 3017 1057 3071 ἐν
1088 3015 1168 3082 τῷ
1206 3018 1451 3086 ὀνόματι
1485 3013 1679 3084 Ἰησοῦ
1701 3010 1958 3082 Χριστοῦ

377 3110 483 3165 τοῦ
500 3110 724 3179 Κυρίου
753 3109 944 3179 ἡμῶν,
967 3109 1065 3163 καὶ
1095 3108 1499 3179 ἀφεθήσονται
1527 3106 1668 3177 ὑμῖν
1689 3109 1749 3159 at
1777 3106 1960 3175 ἁμαρ-

377 3203 516 3265 τίαι,
562 3200 663 3255 καὶ
694 3199 973 3268 λήψεσθε
1003 3198 1120 3267 τὴν
1160 3198 1387 3267 δωρεὰν
1425 3197 1531 3252 τοῦ
1559 3196 1731 3266 ἁγίου
1768 3195 1948 3248 Πνεύ-
1988 3218 2009 3271 (

376 3307 582 3359 ματος.
620 3282 696 3345 Ob
732 3291 861 3360 περὶ
904 3287 1100 3361 νεκροῦ
1128 3289 1309 3342 τοίνυν
1341 3288 1490 3356 λέγει
1527 3288 1557 3340 6
1593 3287 1773 3358 νόμος.
1807 3286 1869 3337 El
1900 3285 1956 3337 δὲ

377 3385 476 3438 καὶ
515 3382 645 3453 περὶ
689 3380 885 3454 νεκροῦ
930 3380 1090 3435 ἄλλου
1128 3376 1447 3451 ὁριζομένου
1495 3379 1641 3448 λέγει
1685 3379 1713 3430 ὁ
1762 3377 1956 3447 νόμος,

376 3472 553 3537 ἄλλως
579 3472 864 3526 ἐκδίδοται.
896 3470 1059 3538 Λέγει
1087 3469 1219 3539 γὰρ,
1250 3470 1354 3533 ὅτι,
1397 3468 1538 3522 Ἐὰν
1567 3464 1832 3535 παρέλθῃ
1866 3482 1961 3519 νε-

378 3564 542 3634 κρὸς,
578 3564 863 3618 κλείσατε
891 3561 998 3629 τὰς
1024 3562 1208 3629 θύρας
1240 3560 1340 3615 καὶ
1369 3559 1477 3626 τὰς
1500 3558 1747 3628 θυρίδας
1771 3557 1959 3627 ὑμῶν,

378 3656 480 3711 ἵνα
501 3655 589 3726 μὴ
636 3653 915 3725 μολυνθῇ
950 3657 983 3709 ὀ
1012 3650 1198 3720 οἶκος.
1248 3652 1392 3705 Ὠσεὶ
1439 3651 1592 3719 ἔλεγε
1623 3667 1688 3704 πε
1698 3650 1750 3721 ρ).
1792 3650 1963 3720 ἀκοῆς

288 3758 297 3769 ’
378 3750 680 3822 ἁμαρτίας,
723 3750 805 3803 ὅτι
840 3748 966 3801 Ἐὰν
1003 3746 1245 3819 ἀκούσῃς
1281 3745 1466 3818 φωνὴν
1514 3746 1615 3814 τῆς
1656 3743 1961 3816 ἁμαρτίας,

379 3841 415 3914 ἢ
451 3837 591 3906 εἶδος
645 3840 1114 3914 παραπτώματος,
1167 3838 1382 3892 κλεῖσον
1428 3834 1519 3890 τὸν
1552 3835 1831 3908 ὀφθαλμόν
1870 3853 1963 3889 σου

381 3931 494 3986 ἀπὸ
522 3931 681 3985 ἐπιθυ
690 3932 840 4002 μίας,
861 3931 957 3986 καὶ
980 3929 1042 3983 τὸ
1073 3930 1248 4001 στόμα
1276 3926 1383 3982 ἀπὸ
1407 3928 1756 3996 κακολογίας,
1784 3926 1880 3981 καὶ
1904 3927 1967 3980 τὸ

381 4021 478 4089 οὖς
513 4025 622 4079 ἀπὸ
650 4026 962 4098 ὲνηχήσεως
992 4025 1258 4095 πονηρᾶς,
1282 4023 1370 4077 ἵνα
1402 4024 1479 4095 μὴ
1503 4023 1753 4095 νεκρωθῇ
1788 4024 1906 4088 ὅλος
1938 4026 1968 4077 6

382 4110 553 4181 οἶκος,
586 4116 863 4169 τουτέστιν
893 4117 928 4186 ἡ
949 4114 1096 4186 ψυχὴ
1114 4115 1209 4168 καὶ
1234 4114 1296 4167 τὸ
1331 4112 1509 4184 σῶμα.
1537 4114 1629 4166 Διὸ
1657 4114 1752 4167 καὶ
1779 4114 1807 4166 6
1835 4130 1969 4184 προ-

386 4208 563 4278 φήτης
593 4206 777 4276 ἔλεγεν
806 4223 818 4237 ’
857 4207 1001 4263 Ἐὰν
1024 4205 1220 4275 ἀναϐῇ
1248 4206 1505 4274 θάνατος
1534 4206 1633 4261 διὰ
1664 4207 1785 4261 τῶν
1810 4208 1971 4276 θυρί-

384 4298 508 4352 δων
526 4313 542 4328 '
571 4299 666 4352 καὶ
693 4299 751 4351 οὐ
786 4298 1005 4362 πάντως
1025 4296 1286 4369 περὶτῶν
1312 4297 1543 4373 θυρίδων
1565 4299 1769 4353 τούτων
1797 4299 1966 4368 λέγει.

389 4389 464 4444 Ἦ
497 4393 608 4463 γὰρ
640 4389 951 4454 κλείσαντες
980 4391 1081 4453 τὰς
1115 4387 1358 4461 θυρίδας,
1388 4391 1642 4445 οὐδέποτε
1678 4390 1971 4446 ἀποθανεῖν

387 4484 630 4553 εἴχομεν.
657 4481 882 4555 Θυρίδες
908 4482 965 4537 δὲ
998 4484 1130 4556 ἡμῖν
1156 4486 1461 4558 ὑπάρχουσι
1491 4484 1558 4539 τὰ
1588 4483 1679 4538 τοῦ
1720 4483 1973 4556 σώματος

2060 1916 2142 1968 vel
2185 1915 2273 1971 hic
2323 1918 2488 1975 homo
2538 1920 2763 1979 dicitur.
2802 1922 2922 1978 Jam
2976 1941 3110 1980 vero
3144 1927 3189 1982 si
3216 1929 3303 1983 lex
3340 1930 3444 1987 hoc
3477 1933 3639 1989 modo

2058 2017 2326 2079 concepta
2379 2010 2518 2067 foret
2559 2028 2571 2064 :
2611 2013 2673 2068 Si
2731 2026 2999 2070 mortuum
3058 2020 3357 2090 tetigeritis,
3393 2024 3637 2081 universi

2056 2112 2119 2152 ea
2153 2103 2424 2156 sententia
2453 2107 3081 2175 comprehenderentur,
3107 2120 3161 2167 et
3185 2112 3251 2166 ad
3277 2129 3471 2169 omnes
3497 2132 3639 2173 mor-

2058 2204 2187 2250 tuos
2220 2197 2389 2253 dictio
2429 2198 2527 2252 illa
2558 2205 2852 2267 spectaret.
2876 2200 2985 2255 Sed
3004 2218 3127 2257 cum
3151 2204 3222 2258 ita
3248 2208 3513 2277 scriptum
3540 2212 3634 2275 sit,

2059 2285 2122 2340 Si
2149 2289 2265 2357 quis
2289 2287 2426 2341 hunc
2460 2298 2725 2342 mortuum
2755 2277 2999 2359 tetiéerit,
3026 2292 3091 2347 ad
3129 2311 3295 2349 unum
3321 2302 3635 2369 quempiam

2059 2378 2255 2433 referri
2291 2380 2472 2443 debet,
2511 2381 2770 2435 nimirum
2801 2379 3118 2449 Dominum,
3157 2394 3217 2440 ut
3263 2388 3420 2443 initio
3446 2390 3638 2446 decla-

2057 2477 2238 2522 ratum
2270 2476 2375 2524 cst.
2415 2468 2530 2523 lloe
2567 2484 2696 2525 vero
2730 2470 2814 2524 lex
2848 2471 3034 2539 specie
3059 2474 3297 2542 quadam
3326 2476 3639 2547 aenigmatis

2059 2567 2281 2629 propter
2338 2574 2434 2613 eos
2492 2558 2651 2625 dixit,
2705 2562 2798 2630 qui
2850 2561 3075 2617 Christo
3127 2578 3326 2620 manus
3380 2567 3642 2637 injecturi

2059 2660 2238 2707 erant.
2272 2660 2323 2706 ct
2352 2653 2407 2706 in
2428 2667 2651 2707 crucem
2688 2654 2986 2717 sublaturi,
3026 2654 3287 2710 videlicet
3328 2658 3640 2728 expiatione

2038 2756 2199 2814 ‘opus
2228 2746 2337 2799 illis
2370 2761 2514 2812 csse,
2551 2745 2729 2801 donec
2774 2747 2909 2816 ipsis
2937 2747 3055 2803 dies
3106 2749 3348 2817 occidat,
3397 2767 3463 2805 ac
3497 2767 3641 2807 nova

2061 2836 2150 2891 lux
2206 2853 2302 2906 per
2350 2837 2692 2911 baptismum
2764 2852 2827 2891 ac
2887 2838 3089 2893 lavacri
3166 2845 3641 2911 regenerationem

2062 2927 2294 2981 oriatur.
2327 2926 2500 2996 Cujus
2528 2928 2633 2983 mei
2667 2927 2802 2983 dicti
2859 2928 3019 2983 ﬁdem
3059 2928 3253 2986 eodem
3307 2932 3361 2986 in
3393 2933 3516 2989 loco
3545 2934 3647 2991 Pe-

2061 3029 2181 3074 trus
2212 3020 2436 3085 astruit,
2474 3020 2603 3075 dum
2638 3019 3035 3097 Hierosolymis
3065 3022 3350 3080 israelitas
3408 3024 3647 3096 alloqui-

2063 3120 2175 3179 tur,
2206 3116 2297 3183 qui
2337 3127 2398 3168 se
2449 3112 2964 3183 interrogaverunt,
2998 3114 3139 3180 Quid
3190 3114 3485 3184 faciemus?
3519 3132 3649 3187 pro.

2012 3218 2027 3268 ;
2066 3212 2256 3274 pterea
2284 3203 2432 3274 quod
2456 3204 2549 3259 ille
2576 3204 2826 3271 dixerat,
2880 3205 3046 3272 Quem
3082 3222 3170 3260 ros
3202 3209 3255 3260 in
3305 3224 3456 3262 cruce
3488 3210 3645 3279 sufﬁ-

2062 3295 2219 3349 a‘istis
2242 3294 2450 3361 Iesum,
2478 3304 2587 3350 etc.
2624 3294 2861 3365 Moxque
2923 3297 3015 3351 ubi
3045 3312 3111 3351 ex
3174 3298 3360 3353 animo
3392 3299 3648 3395 dolen‘es

2063 3389 2489 3443 animadvertit:
2524 3388 2921 3453 Paznitentiam,
2952 3388 3153 3459 inquit,
3195 3390 3354 3460 agile,
3397 3399 3445 3443 et
3473 3388 3649 3461 ιιαριί-

2064 3488 2214 3534 zetur
2245 3480 2601 3551 unusquisque
2636 3479 2691 3533 in
2744 3479 2954 3533 nomine
3008 3476 3135 3533 Iesu
3180 3477 3381 3534 Christi
3431 3479 3650 3536 Domini

2067 3571 2255 3632 nostri,
2283 3579 2331 3623 et
2358 3570 2694 3624 remittentur
2722 3568 2866 3623 vobis
2912 3578 3152 3638 peccata,
3191 3580 3241 3625 et
3271 3582 3382 3625 tum
3414 3571 3648 3641 Spiritus
3712 3626 3717 3633 ,

2064 3656 2237 3708 sancti
2270 3655 2467 3710 donum
2523 3657 2794 3727 accipietis
2826 3658 2868 3711 ².
2906 3660 2981 3713 De
3010 3673 3120 3727 quo
3158 3659 3379 3729 quidem
3432 3671 3653 3718 mortuo
3747 3690 3753 3695 ›
3848 3710 3853 3717 .

2064 3749 2229 3804 verba
2281 3749 2417 3821 legis
2457 3749 2778 3820 accipienda
2836 3757 2986 3806 sunt.
3049 3750 3121 3804 At
3150 3753 3374 3821 quoties
3413 3754 3480 3809 de
3535 3755 3647 3809 alio

2066 3837 2304 3908 quodam
2358 3848 2581 3895 mortuo
2631 3840 2903 3911 loquitur,
2958 3841 3121 3895 aliter
3166 3844 3501 3913 concipitur.
3557 3844 3654 3901 Sic

2066 3931 2213 3985 enim
2240 3929 2317 3984 ait
2351 3948 2363 3983 :
2402 3929 2462 3985 Si
2497 3932 2774 3985 transierit
2808 3940 3074 3996 mortuus,
3126 3933 3384 3987 occludite
3426 3934 3651 4004 januas,

2070 4040 2132 4077 ac
2165 4016 2542 4092 fenestras,'ne
2566 4022 2756 4077 domus
2787 4023 3112 4095 inquinetur.
3145 4024 3315 4092 Quasi
3345 4026 3411 4081 de
3436 4029 3651 4096 peccati

2072 4114 2358 4168 auditione
2386 4113 2599 4184 diceret
2634 4128 2647 4165 :
2677 4110 2734 4167 Si
2775 4113 2990 4183 peccati
3025 4129 3214 4168 vocem
3258 4114 3521 4178 audieris,
3557 4123 3651 4170 aut

2071 4205 2307 4276 alicujus
2337 4205 2520 4261 delicti
2556 4205 2818 4277 speciem,
2850 4206 3073 4260 oculum
3124 4214 3281 4260 tuum
3311 4206 3379 4261 ab
3399 4222 3464 4262 ea
3489 4209 3654 4278 cupi-
3760 4232 3765 4238 ’

2072 4297 2241 4353 ditate
2267 4297 2484 4362 claude,
2539 4312 2756 4353 necnon
2789 4304 2843 4352 et
2878 4312 2941 4352 os
2974 4306 3128 4351 tuum
3164 4312 3192 4350 a
3246 4298 3567 4366 maledicto,
3600 4308 3657 4355 et

2073 4403 2238 4446 aures
2263 4389 2333 4444 ab
2377 4389 2569 4445 auditu
2614 4387 2866 4445 nefandae
2901 4389 3003 4454 rei,
3071 4405 3139 4445 ne
3185 4389 3385 4445 domus
3418 4390 3657 4460 integra,

2074 4482 2179 4536 hoc
2199 4490 2284 4538 est
2313 4485 2496 4537 anima
2536 4498 2661 4538 cum
2715 4498 2953 4553 corpore
3000 4483 3289 4539 moriatur.
3349 4483 3524 4550 Quam
3586 4484 3660 4539 ob

388 4576 743 4648 αἰσθητήρια,
776 4576 1016 4649 βλέμμα,
1048 4580 1209 4652 ἀκοὴ,
1239 4556 1337 4633 και
1369 4578 1437 4632 τὰ
1476 4576 1633 4640 ἄλλα,
1666 4572 1733 4630 δι⁴
1766 4569 1840 4630 ὧν
1872 4575 1963 4629 θά-

2076 4590 2300 4630 causam
2333 4575 2596 4647 propheta
2620 4575 2761 4631 dixit
2786 4594 2798 4628 :
2827 4575 2888 4632 Si
2911 4590 3054 4630 mors
3073 4591 3166 4645 per
3188 4577 3449 4645 fenestras
3468 4593 3659 4631 ascen.

388 4685 551 4732 νατος
580 4670 662 4731 εἰς
702 4670 851 4741 ἡμᾶς
879 4671 1276 4743 εἰσπορεύεται,
1315 4671 1365 4723 εί
1395 4668 1462 4723 δι’
1496 4667 1676 4722 αὐτῶν
1718 4668 1971 4739 ἁμαρτή-

389 4776 597 4832 σωμεν.
634 4759 987 4830 Ἐνεταφίασε
1020 4759 1151 4830 γοῦν
1186 4763 1215 4815 6
1252 4758 1451 4832 Ἰωσὴφ
1480 4760 1572 4813 τὸν
1602 4757 1850 4830 ’ῐσραὴλ,
1880 4758 1974 4811 καὶ

388 4852 493 4907 οὐκ
536 4850 889 4920 ὲϐδελύξατοθ
933 4853 1029 4907 καὶ
1090 4853 1228 4924 μετὰ
1274 4851 1502 4906 θάνατον
1557 4846 1834 4905 ἐπιπεσὼν
1883 4849 1976 4903 ἐπὶ

391 4945 688 5016 πρόσωπον
717 4944 1073 5013 κατεφίλησε.
1107 4943 1219 4998 Καὶ
1255 4944 1316 4996 οὐ
1349 4944 1681 5015 γέγραπται,
1706 4943 1788 4995 ὅτι
1819 4939 1975 4995 ἐλού-

395 5052 546 5099 σατο,
576 5033 664 5088 ἵνα
694 5034 1023 5107 καθαρισθῇ.
1071 5033 1464 5103 Ἐνεταφίασαν
1505 5033 1555 5086 οἱ
1598 5032 1852 5102 ἄγγελοι,
1899 5028 1976 5095 ὡς

394 5125 430 5195 ἡ
460 5126 542 5189 εἰς
573 5124 722 5195 ἡμᾶς
763 5123 992 5178 ἐλθοῦσα
1029 5123 1334 5195 παράδοσις
1361 5122 1494 5193 ἔχει,
1535 5121 1594 5175 τὸ
1625 5120 1785 5192 σῶμα
1811 5122 1979 5175 Maii)-

397 5216 537 5280 σέως
560 5215 658 5269 τοῦ
691 5216 871 5286 ἁγίου,
906 5217 1001 5270 καὶ
1028 5216 1165 5270 οὐκί
1202 5214 1491 5268 ὲλύσαντο’
1529 5212 1644 5267 ἀλλ’
1678 5213 1802 5266 οὔτε
1836 5213 1981 5265 ἐκοιη

396 5306 650 5380 νώθησαν
675 5310 724 5376 οξ
754 5307 977 5377 ἄγγελοι
1006 5306 1116 5361 ἀπὸ
1146 5305 1242 5360 τοῦ
1270 5305 1430 5375 ἁγίου
1455 5304 1729 5375 σώματος.

2076 4668 2215 4722 derit
2248 4669 2292 4721 ³.
2316 4666 2437 4722 Non
2472 4669 2619 4723 enim
2686 4668 2922 4723 usitatas
2961 4668 3086 4723 illas
3146 4667 3421 4723 fenestras
3456 4667 3658 4721 intellio-

2077 4758 2178 4830 git.
2210 4758 2435 4829 Alioqui
2470 4758 2728 4815 fenestris
2756 4758 3003 4815 occlusis
3040 4774 3325 4829 nunquam
3361 4773 3461 4812 nos
3492 4758 3660 4813 letum

2080 4847 2436 4917 opprimeret.
2462 4845 2662 4903 Verum
2693 4846 2830 4902 nihil
2862 4848 3010 4903 aliud
3038 4846 3292 4903 fenestra:
3309 4854 3460 4910 sunt,
3495 4861 3660 4917 quam

2082 4938 2341 5008 corporis
2376 4952 2597 4993 sensus.
2653 4939 2829 5006 visus,
2853 4939 3100 5001 auditus,
3128 4952 3227 5007 per
3277 4953 3418 5008 quos
3449 4938 3560 5007 28
3616 4937 3663 4992 si

2084 5043 2401 5099 peccemus,
2433 5044 2584 5084 mors
2628 5030 2773 5084 intra
2827 5044 2931 5086 nos
2989 5028 3314 5099 ingreditur.
3369 5026 3665 5083 Enimvero

2082 5118 2284 5190 Joscph
2312 5118 2567 5177 lsraclem
2609 5120 2896 5193 sepeliit‘,
2946 5134 3047 5175 nec
3076 5120 3383 5175 detestatus
3416 5128 3523 5184 est,
3555 5119 3666 5174 imo

2087 5222 2209 5282 post
2234 5213 2356 5282 ejus
2376 5225 2606 5268 mortem
2638 5214 2692 5268 in
2745 5212 2942 5268 faciem
2977 5213 3346 5284 procumbens
3371 5213 3662 5269 exoscula-

2088 5313 2178 5360 tus
2204 5306 2352 5360 est".
2384 5304 2572 5376 Neque
2599 5314 2782 5360 tamen
2818 5306 3083 5374 scriptum
3141 5313 3227 5360 est
3285 5302 3546 5376 expiandi
3603 5316 3665 5356 se

398 5399 578 5470 gratia
602 5399 781 5470 ipsum
806 5399 1070 5455 abluisse.
1097 5394 1377 5454 Prazterea
1399 5395 1571 5452 Mosis
1616 5409 1844 5465 corpus,
1877 5395 2341 5465 quemadmodum
2378 5412 2408 5449 a
2444 5395 2748 5466 majoribus
2797 5395 3119 5466 accepimus
3186 5395 3257 5451 ab
3314 5394 3529 5466 angelis
3588 5403 3664 5448 ss!-

398 5494 609 5564 pultum
645 5504 731 5547 est
757 5493 813 5556 ';
847 5507 1047 5568 _neque
1080 5492 1160 5547 illi
1217 5502 1403 5547 tamen
1437 5491 1537 5548 loti
1580 5498 1731 5548 sunt.
1789 5504 1853 5545 ae
1912 5504 1980 5543 ne
2012 5490 2207 5560 polluti
2240 5490 2460 5563 quidem
2491 5490 2671 5545 sancti
2697 5488 2847 5544 illius
2877 5488 3130 5559 corporis
3158 5495 3389 5542 attactu.

468 5585 547 5639 E'.
588 5584 699 5637 Kal.
734 5584 879 5639 δέδια
918 5586 1080 5640 πάλιν
1117 5584 1191 5657 μὴ
1236 5586 1314 5648 εἰς
1350 5583 1504 5647 τέλος
1534 5582 1713 5637 ὲλάσω
1753 5581 1850 5654 τὴν
1884 5583 1978 5637 τοῦ
2060 5622 2063 5625 μ

470 5750 489 5785 θ
527 5742 689 5801 Forte
714 5743 1020 5798 ἐλούσαντο.
1101 5746 1121 5775 ⁸
1151 5744 1271 5799 Act.
1298 5760 1354 5811 ll,
1383 5743 1450 5799 '57
1480 5757 1600 5814 sqq.
1680 5743 1699 5775 ³
1726 5741 1926 5799 Jerem.
1961 5757 2035 5807 lx,
2066 5742 2155 5798 ⁸21.

2168 5582 2229 5636 ν.
2259 5582 2460 5638 Vereor
2489 5598 2559 5637 ne
2581 5583 2637 5635 in
2671 5582 2773 5635 hoc
2802 5581 3153 5638 dissolvenda
3205 5579 3510 5650 quaestione
3541 5578 3665 5635 nul¢

2238 5740 2411 5795 ‘Ccn.
2459 5756 2511 5810 ι,
2544 5740 2626 5793 l3.
2705 5740 2891 5795 'ribid.
2956 5746 2976 5778 ⁸
3013 5738 3168 5794 Deut.
3207 5738 3390 5809 Xxxrv,
3424 5738 3458 5793 6
3483 5750 3608 5809 sqq.
