3960 6120
362 249 468 300 249

2010 18 2267 29 v_._._u..____.

1054 243 1422 300 ADVERSUS
1458 243 1797 301 “IERESES
1840 244 1963 300 [ΛΒ.
2002 246 2042 302 1.
2084 246 2247 304 ΤΟΜ.
2290 246 2329 303 l.
2368 278 2434 288 —-
2474 245 2745 302 lleRES.
2777 245 2915 301 XVI.

2472 7 2985 31 __.:l'.L--'—'—"_'-—'.

3501 239 3611 299 250

366 360 818 433 βαθεῖφέρεσθαι,
871 358 1007 414 ἀλλὰ
1050 360 1326 431 βιάζεσθαι
1382 361 1678 433 γρήγορσιν
1719 363 1929 426 ἑαυτοῖς

2047 372 2239 419 etatem
2284 363 2666 434 transigerent.
2723 362 2830 417 Alii
2887 359 3156 415 collectos
3199 358 3442 416 calculos
3482 360 3609 418 θυι»

363 450 860 525 προσ-πορίζεσθαι·
916 450 1064 507 ἄλλοι
1112 452 1169 505 δὲ
1219 451 1312 504 καὶ
1356 451 1596 515 ἀκάνθας
1648 452 1934 523 στρωμνὴν

364 542 513 616 εἶχον
538 544 627 598 διὰ
651 544 749 615 τὴν
789 543 956 614 αὐτὴν
981 543 1257 596 ὑπόθεσιν.
1306 543 1622 612 Ἐνήστευον
1648 543 1705 595 δὲ
1744 543 1826 606 δἰς
1856 544 1931 614 (5)

363 636 459 690 τοῦ
502 633 1082 704 σαϐϐάτου,.ὁευτέραν
1109 633 1204 685 καὶ
1236 631 1511 702 πέμπτην.
1544 631 1934 685 Ἀπεδεκάτουν

364 727 424 780 δὲ
458 724 557 796 τὴν
603 724 900 778 δεκάτωσιν
952 723 1029 794 (4)
1053 740 1067 754 ’
1100 723 1200 787 τὰς
1230 722 1482 793 ἀπαρχὰς
1517 722 1738 786 ἐδίδουν,
1779 739 1934 793 τρια-

368 813 631 877 κοντάδας
647 830 706 865 τε
743 814 837 866 καὶ
858 812 1309 883 πεντηκοντὰδας,
1340 812 1437 874 τάς
1464 827 1524 864 τε
1554 810 1738 873 Θυσίας
1758 811 1931 877 ἀσφαο

367 905 604 958 λέστατα
632 904 724 957 καὶ
763 905 858 966 τὰς
894 902 1059 972 εὐχὰς
1107 902 1444 957 ἀπετίννυον.
1472 900 1563 971 Τῷ
1598 900 1653 954 δὲ
1676 917 1935 971 προειρη-

371 990 523 1066 μένῳ
548 996 786 1065 σχήματι
812 992 920 1045 τῶν
964 991 1340 1064 Γραμματέων
1387 993 1721 1063 προήρχοντο
1743 992 1832 1045 διά
1855 1007 1937 1044 τοι

368 1090 466 1160 τῆς
486 1086 821 1159 ἀμπεχόνης,
869 1084 962 1139 καὶ
1001 1083 1091 1138 διὰ
1127 1084 1235 1136 τῶν
1281 1083 1453 1137 ἄλλων
1491 1084 1805 1153 σχημάτων,
1845 1083 1938 1134 καὶ

368 1176 704 1249 γυναικικῶν
750 1176 979 1253 ἱματίων
1023 1175 1096 1242 (5)
1126 1175 1189 1228 ὲν
1220 1173 1499 1237 πλατείαις
1526 1177 1645 1236 ταῖς
1686 1177 1936 1245 κρηπῖσι,

372 1272 470 1326 καὶ
501 1269 767 1339 γλώτταις
788 1267 898 1320 τῶν
933 1266 1291 1337 ὑποδημάτων
1324 1265 1621 1339 προϊόντες.
1665 1264 1939 1333 Ἐλέγοντο

368 1364 427 1417 δὲ
453 1361 753 1431 Φαρισαῖοι,
781 1359 869 1411 διὰ
896 1358 957 1411 τὸ
978 1357 1371 1429 ἀφορισμένους
1407 1352 1545 1410 εἶναι
1593 1356 1786 1419 αὐτοὺς
1833 1355 1940 1408 ἀπὸ

367 1452 478 1505 τῶν
502 1451 675 1505 ἄλλων
694 1448 781 1504 διὰ
798 1447 896 1519 τὴν
918 1446 1591 1520 ὲθελοπερισσοθρησκείαν
1614 1447 1740 1515 παρ’
1758 1446 1939 1508 αὐτοῖς

370 1539 786 1611 νενομισμένην.
822 1539 997 1609 Φάρες
1047 1537 1156 1607 γὰρ
1203 1536 1344 1591 κατὰ
1396 1535 1495 1606 τὴν
1559 1534 1813 1607 Ἐϐραῖδα
1862 1534 1937 1606 (6)

371 1629 733 1704 ἑρμηνεύεται
754 1628 1075 1701 ἀφορισμός.

445 1894 521 1951 B'.
562 1891 884 1964 Ὠμολόγουν
932 1891 988 1944 δὲ
1046 1881 1189 1943 οὗτοι
1226 1890 1521 1944 ἀνάστασιν
1564 1886 1791 1958 νεκρῶν,
1818 1885 1939 1938 ὲπί-

376 1986 565 2043 στευόν
597 2002 656 2037 τε
702 1984 960 2053 ἀγγέλους
1016 1977 1175 2045 εἶναι,
1213 1981 1308 2035 καὶ
1353 1979 1595 2050 Πνεῦμα.
1637 1980 1938 2049 Ἥγνόησαν

371 2082 433 2136 δὲ
458 2081 584 2135 Υἱὺν
610 2080 765 2148 Θεοῦ,
786 2080 860 2143 ὡς
884 2082 933 2132 οἱ
967 2078 1133 2132 ἄλλοι.
1171 2077 1326 2131 Ἀλλὰ
1358 2077 1452 2130 καὶ
1480 2076 1808 2146 εἱμαρμένη,
1845 2073 1937 2127 καὶ

366 2172 705 2243 ’ἀστρονομία
734 2171 860 2243 παρ’
881 2172 1060 2233 αὐτοῖς
1091 2169 1293 2239 σφόδρα
1323 2166 1705 2240 ἐχρημάτιζεν.
1732 2166 1938 2227 Αὐτίκα

373 2262 505 2331 γοῦν
542 2262 611 2316 τὰ
637 2262 923 2333 Ἑλληνικὰ
950 2262 1188 2331 ὀνόματα
1214 2260 1283 2314 τὰ
1307 2261 1373 2313 ὲκ
1399 2260 1496 2329 τῆς
1521 2258 1630 2311 τῶν
1657 2258 1936 2328 πεπλανη-

378 2354 558 2424 μένων
614 2353 975 2425 ἀστρονομίας
1011 2352 1151 2406 κατὰ
1202 2350 1300 2421 τὴν
1352 2349 1603 2419 Ἐϐραῖδα
1662 2348 1936 2407 διάλεκτον

375 2444 582 2516 ἑτέροις
626 2442 849 2512 ὀνόμασι
904 2442 1035 2513 παρ’
1088 2441 1272 2501 αὐτοῖς
1331 2435 1777 2507 μετωνόμασται·
1828 2430 1938 2488 οἷον

371 2534 524 2605 ἥλιος
567 2533 972 2603 Ἠμακαίσεμες
1044 2530 1141 2602 (7),
1197 2529 1390 2599 σελήνη
1441 2524 1934 2603 ἰερεεκαιαλόανᾲ,

371 2623 497 2676 ὅθεν
532 2623 625 2677 καὶ
657 2625 817 2694 Μήνη
845 2621 1105 2676 καλεῖται·
1156 2619 1320 2690 Ἰερεὲ
1347 2617 1454 2689 γὰρ
1492 2620 1519 2670 ὁ
1556 2617 1660 2688 μὴν
1701 2617 1936 2684 λέγεται,

376 2715 534 2787 Μήνη
567 2715 622 2768 δὲ
646 2714 865 2785 σελήνη,
901 2713 975 2776 ὡς
1013 2711 1106 2765 καὶ
1124 2713 1249 2781 παρ’
1275 2710 1497 2779 Ἕλλησι
1532 2707 1617 2761 διὰ
1647 2708 1736 2760 τὸν
1773 2709 1936 2778 μῆνα·

376 2807 551 2877 Ἀρης
574 2804 765 2874 Χωχὲὸ
804 2800 1016 2873 Ὀκμώλ
1040 2817 1054 2831 ·
1095 2799 1302 2871 Ἐρμῆς
1329 2795 1519 2867 Χωχὲὸ
1555 2795 1750 2866 Ὀχμόδ
1770 2812 1782 2825 ·
1807 2795 1942 2857 Ζεὺς

371 2894 565 2966 Χωχὲϐ
600 2893 771 2948 Βάαλ·
813 2892 1099 2965 Ἀφροδίτη
1136 2890 1363 2961 Σεροῦα,
1416 2889 1533 2960 ἦτοι
1555 2886 1763 2956 Δουήδ·
1799 2885 1941 2955 Κρόσ

2034 454 2372 516 sternebant,
2418 467 2652 523 quorum
2680 451 2954 506 vellicatio
2997 449 3406 520 profundiorem
3462 465 3609 504 sem—

2032 559 2164 597 num
2189 552 2420 608 arceret,
2477 551 2537 596 ut
2568 542 2651 596 vel
2696 541 2851 619 inviti
2892 540 3182 610 pervigiles
3218 555 3340 595 esse
3377 536 3611 597 consue-

2035 642 2272 688 scerent.
2311 633 2423 689 Nec
2459 632 2681 688 defuere
2729 633 2819 702 qui
2857 631 3050 685 iisdem
3098 631 3165 686 de
3205 633 3389 687 causis
3425 633 3612 702 spinas

2036 724 2385 792 subiicerent.
2419 723 2687 778 Caeterum
2719 722 2803 777 bis
2850 721 3191 775 hebdomade
3231 737 3449 791 quaque
3478 722 3611 791 jeju-

2036 829 2168 869 nare
2191 829 2310 868 mos
2339 814 2448 868 illis
2476 814 2600 877 fuit,
2633 812 2877 869 secunda
2902 811 3156 865 videlicet
3189 827 3251 866 ac
3283 815 3475 881 quinta
3500 815 3607 866 die.

2036 904 2116 957 Ad
2151 904 2264 958 haec
2291 905 2626 959 decimarum
2655 904 2897 960 decimas
2932 901 3167 966 dabant;
3194 903 3462 972 primitias
3490 903 3611 956 oll‘e-

2036 996 2247 1056 rebant,
2304 996 2610 1050 tricesimas
2664 1002 2717 1050 et
2768 994 3283 1064 quinquagesitnas;
3339 992 3610 1047 sacrificia

2037 1095 2271 1154 votaque
2332 1100 2432 1141 sua
2484 1086 2898 1140 accuratissime
2953 1083 3355 1155 persolvebant.
3414 1082 3611 1137 Cultus

2038 1176 2180 1231 idem
2210 1176 2340 1240 illis,
2383 1176 2476 1245 qui
2511 1184 2564 1230 et
2609 1175 2834 1237 Scribis,
2881 1175 2949 1229 de
2996 1189 3104 1243 quo
3134 1172 3379 1243 proxime
3407 1171 3612 1225 dictum

2036 1274 2140 1331 est,
2187 1267 2356 1322 vestis
2402 1267 2611 1322 scilicet
2660 1280 2723 1319 ac
2769 1266 3016 1334 reliquus
3075 1263 3326 1333 corporis
3370 1262 3610 1315 habitus.

2039 1353 2144 1408 Sed
2182 1362 2236 1410 et
2267 1355 2554 1410 muliebria
2584 1355 2804 1425 palliola
2852 1353 3159 1424 gestabant,
3206 1360 3261 1406 et
3299 1366 3422 1404 cum
3458 1350 3615 1404 latio-

2038 1445 2193 1500 ribus
2224 1446 2464 1516 crepidis
2494 1459 2558 1500 ac
2605 1446 2875 1500 solearum
2927 1444 3109 1513 ligulis
3152 1441 3443 1512 procedere
3480 1440 3615 1523 sole-

2041 1536 2193 1591 bant.
2242 1536 2345 1602 Qui
2382 1537 2505 1591 idco
2557 1535 2819 1591 Pharisaei
2862 1533 2992 1589 dicti
3040 1540 3188 1596 sunt,
3226 1530 3371 1600 quod
3423 1538 3612 1591 essent

2041 1636 2259 1697 propter
2305 1628 2596 1682 ascititiam
2645 1627 2794 1679 illam
2846 1624 3393 1694 superstitiosamque
3439 1622 3607 1676 disci-

1967 1695 2012 1751 Β
2040 1695 2241 1789 plinam
2282 1733 2313 1771 a
2357 1719 2582 1788 reliquis
2617 1716 2872 1786 sejuncti.
2910 1715 3117 1770 Phares
3164 1714 3309 1768 enim
3353 1711 3616 1769 liebraice

2038 1811 2420 1877 reparationem
2446 1807 2739 1879 significat.

2106 1901 2170 1954 ll.
2214 1901 2546 1957 Morinorum
2580 1914 2746 1971 porro
2794 1897 3258 1954 resurrectionem
3299 1910 3616 1966 persuasam

2037 1990 2334 2045 habebant.
2390 1991 2664 2056 Angelos,
2715 2005 2779 2043 ac
2826 1988 3078 2058 spiritum
3119 2002 3240 2041 esse
3299 1985 3617 2055 credebant,

2040 2082 2145 2137 Sed
2168 2093 2223 2136 ut
2248 2083 2427 2136 caeteri
2460 2081 2550 2135 Dei
2573 2080 2766 2135 Filium
2786 2081 3125 2149 ignorarunt.
3154 2076 3297 2143 Quin
3321 2075 3483 2130 etiam
3508 2073 3618 2129 fato

2037 2179 2091 2226 et
2117 2171 2468 2226 astronomia:
2491 2172 2784 2241 plurimum
2818 2169 3152 2223 tribuebant.
3180 2166 3516 2236 Argumenta
3537 2171 3617 2220 est

2038 2261 2183 2332 quod
2223 2259 2408 2317 Graeca
2443 2262 2624 2319 omnia
2658 2260 2923 2313 vocabula
2962 2256 3273 2311 vanissima:
3311 2255 3458 2309 illius
3484 2253 3618 2308 artis

2038 2354 2261 2425 propria
2289 2352 2510 2407 totidem
2548 2352 2616 2405 ab
2654 2353 2722 2406 iis
2748 2350 3035 2406 Hebraicis
3078 2357 3205 2402 sunt
3234 2346 3444 2401 reddita
3471 2346 3618 2401 voci-

2037 2445 2161 2500 bus.
2214 2443 2458 2513 Exempli
2500 2458 2666 2497 causa
2719 2443 2801 2497 sol
2846 2440 3073 2493 Hamma
3103 2449 3155 2493 et
3196 2438 3385 2492 Semes
3438 2437 3509 2491 ab
3551 2435 3618 2490 iis

2040 2536 2361 2605 appellatur.
2415 2533 2591 2599 Luna,
2644 2529 2803 2588 Jeree
2862 2539 2916 2586 et
2977 2529 3269 2583 llallebana
3312 2544 3331 2583 ι
3363 2527 3507 2582 unde
3563 2534 3618 2587 et

2040 2626 2195 2681 Mene
2242 2634 2514 2681 vocatur:
2547 2640 2671 2678 nam
2703 2621 2863 2678 Jeree
2918 2620 3145 2685 mensis,
3196 2627 3251 2673 et
3295 2619 3424 2672 luna
3466 2617 3620 2672 Mene

2040 2719 2278 2787 dicitur;
2308 2734 2370 2773 ac
2400 2717 2623 2789 perinde
2651 2724 2709 2771 ut
2748 2715 2890 2786 apud
2924 2712 3143 2768 Graecos
3172 2728 3201 2766 a
3230 2726 3418 2766 mense
3443 2711 3622 2765 nomi-

2041 2812 2129 2865 nis
2179 2811 2591 2880 appellationem
2635 2808 2866 2863 derivat.
2926 2804 3183 2874 Sequitur
3235 2802 3401 2866 Mars,
3458 2817 3620 2871 quem

2042 2900 2260 2955 Cochab
2292 2899 2479 2955 Ocniol
2514 2898 2836 2962 nominant;
2865 2895 3194 2949 Mercurium
3242 2910 3370 2948 vero
3404 2892 3623 2947 Cochab

373 3005 464 3051 νος
495 2986 689 3057 Χωχὲὸ
713 2984 914 3056 Σαόήθ.
947 2982 1248 3053 Λέγεταιδὲ
1276 2981 1434 3034 πάλιν
1474 2981 1600 3051 παρ’
1635 2980 1817 3041 αὐτοῖς
1851 2977 1942 3030 καὶ

2047 2991 2306 3054 Ochmod,
2343 2990 2530 3049 Jovem
2574 2988 2794 3044 Cochab
2828 2987 2977 3040 Baal.
3011 2984 3274 3039 Venerem
3316 2982 3506 3047 Serua,
3540 2983 3621 3039 vel

374 3075 554 3139 ἄλλοις
583 3075 856 3144 ὀνόμασιν.
889 3073 1001 3125 Οὐκ
1033 3071 1301 3142 ἠδυνήθην
1337 3070 1391 3123 δὲ
1422 3066 1663 3141 ἀκριϐῶς
1690 3068 1788 3138 τὴν
1822 3064 1945 3119 τού-

372 3182 481 3220 των
512 3164 826 3236 ἐπωνυμίαν
849 3163 1103 3231 ἐκθεῖναι,
1128 3162 1261 3217 ἀλλὰ
1295 3161 1390 3221 καὶ
1417 3159 1486 3214 τὰ
1519 3158 1762 3230 ματαίως
1793 3175 1946 3230 νομι-

446 3299 524 3372 (3)
554 3298 931 3372 ςενήστευον
950 3299 1018 3352 δὲ
1041 3299 1154 3364 δίς.
1184 3296 1570 3372 Secunda_m_e_t
1598 3296 1843 3372 quintam
1869 3293 1947 3348 fe-

373 3366 516 3424 riam
553 3368 989 3440 Theophylactus
1022 3384 1174 3440 atque
1198 3376 1377 3440 atque
1414 3366 1745 3440 Epiphanius
1777 3366 1949 3440 aduo—

377 3452 479 3501 tat,
512 3449 565 3494 et
596 3435 941 3493 Hebraeorum
980 3435 1100 3492 libri
1142 3435 1304 3491 [idem
1335 3437 1567 3491 faciunt.
1597 3437 1669 3492 Ut
1699 3450 1762 3489 ea
1794 3435 1860 3489 de
1890 3450 1949 3490 re

377 3512 460 3566 vir
485 3509 680 3563 doctus
707 3509 908 3563 frustra
937 3509 1281 3562 dubitaverit.

449 3580 525 3650 (4)
569 3578 1001 3650 ΪΑπεδξκὰτουν
1038 3578 1106 3631 δὲ
1134 3576 1250 3645 τὴν
1279 3575 1625 3650 δεκάζωσιν,
1660 3573 1945 3646 Proprium

374 3646 514 3711 boe’
564 3649 663 3702 fuit
754 3647 1096 3709 Levitarum.
1175 3649 1268 3716 qui
1346 3646 1718 3709 decimarum,
1810 3661 1946 3714 quas

376 3719 610 3844 populus
661 3720 984 3789 przestabat,
1032 3717 1272 3776 decimas
1327 3717 1702 3770 sacerdotibus
1746 3716 1949 3770 exime-

416 3797 545 3844 ant:
580 3787 939 3842 Numerorum
997 3803 1149 3841 xvm.
1205 3787 1366 3844 Atqui
1416 3802 1522 3839 non
1569 3800 1759 3839 omnes
1807 3784 1948 3837 Pha-

416 3784 545 3854 ant;
580 3784 939 3842 Numerorum
997 3803 1149 3841 xvm.
1205 3787 1366 3855 Atqui
1416 3802 1522 3839 non
1569 3800 1759 3839 omnes
1807 3784 1948 3837 Pha-

376 3859 521 3917 risxei
558 3866 714 3913 erant
745 3859 960 3921 Levites,
999 3856 1142 3927 quod
1190 3866 1369 3911 tamen
1421 3855 1778 3923 Epiphanium
1823 3869 1948 3927 sen-

377 3930 539 3993 sisse,
582 3943 647 3983 ex
697 3928 799 3982 hoc
849 3930 967 3981 loco
1015 3924 1281 3996 suspicari
1316 3927 1513 3996 aliquis
1561 3931 1764 3993 posset.
1817 3924 1947 3990 Quae

375 4000 523 4054 enim
544 3998 745 4068 alioqui
774 3995 1127 4068 decuinarum
1157 4003 1286 4050 sunt
1313 3995 1574 4068 decumae,
1599 4009 1721 4068 cum
1755 4004 1948 4068 praeter

376 4063 685 4124 Leviticuni
711 4069 957 4122 ordinem
982 4067 1241 4120 decumas
1270 4066 1451 4119 nullus
1482 4063 1789 4132 acceperit?
1832 4063 1948 4116 Pri-

378 4153 527 4191 mum
556 4139 799 4191 omnium
827 4139 897 4192 ab
921 4136 1184 4190 lsraelitis
1212 4135 1463 4205 primitia:
1490 4134 1558 4187 de
1587 4133 1776 4205 spicis,
1829 4133 1946 4205 uvis

375 4215 432 4261 et
477 4209 614 4262 oleis
647 4207 1012 4261 allerebantnr
1040 4225 1053 4260 :
1086 4202 1226 4259 tum'
1247 4206 1314 4260 de
1363 4204 1607 4274 frugibus
1652 4202 1947 4274 elaboratis

375 4278 627 4333 theruma
673 4287 726 4331 et
754 4275 996 4330 decimaa.
1027 4274 1298 4330 Theruma
1333 4275 1384 4328 in
1428 4271 1542 4343 lege
1579 4271 1798 4326 definita
1837 4288 1946 4326 non

374 4346 663 4426 eratased
710 4360 740 4399 a
786 4346 1060 4426 magistris
1107 4343 1699 4426 praescriptusnmodus
1747 4351 1864 4426 est...
1885 4351 1944 4395 ut
1976 4365 2019 4419 D

377 4433 447 4471 ne
485 4418 666 4470 minus
702 4409 1037 4484 sexagésima
1076 4409 1422 4483 penderetur.
1460 4409 1640 4477 Quare
1688 4413 1779 4484 qui
1813 4414 1943 4466 libe-

378 4487 521 4540 rales
564 4495 741 4549 erant,
791 4483 1287 4554 quadragesimam,
1341 4487 1485 4552 parci
1528 4483 1941 4554 sexagesimam,

376 4556 540 4611 medii
576 4557 720 4610 inter
749 4552 1029 4623 utrosque,
1068 4556 1134 4607 ad
1170 4555 1268 4623 hos
1303 4562 1394 4606 aut
1426 4554 1547 4607 illos
1589 4552 1938 4623 accedebant.

381 4622 455 4683 De
479 4640 587 4694 qua
620 4641 678 4679 re
698 4634 877 4684 exstat
906 4624 1124 4693 λοστ-ριιὶ
1160 4622 1419 4694 Scaligeri
1445 4622 1945 4694 _opusculum_inter

375 4691 687 4819 ﬁtisthttrua.
724 4695 797 4748 De
831 4695 897 4753 iis
926 4691 1108 4762 itaque
1134 4691 1397 4747 theruiiiis
1433 4692 1641 4746 fortean
1677 4691 1946 4760 accipien-

419 4780 483 4818 us
516 4764 865 4819 Epiphanius.
902 4780 1026 4817 cum
1057 4761 1466 4819 τριακοντάδας.
1498 4770 1550 4814 cl
1579 4762 1942 4819 πεντηκοντά-

419 4780 483 4818 us
516 4764 865 4834 Epiphanius,
902 4761 1032 4817 eum,
1057 4761 1466 4832 τριακοντὰδας,
1498 4762 1942 4834 (εινπεντηκονᾼτά-

375 4836 473 4898 δας
510 4832 816 4905 persolutas
862 4849 892 4887 a
935 4834 1224 4905 Pliariszeis
1276 4848 1393 4905 esse
1442 4832 1652 4905 scribit.
1702 4832 1854 4905 Quod
1900 4834 1947 4886 si

376 4902 567 4959 verum
612 4912 716 4967 est,
764 4905 977 4971 egregia
1012 4902 1226 4955 illorum
1275 4903 1569 4955 liberalitas
1599 4903 1825 4971 exstitit,
1862 4911 1948 4956 ut-

378 4983 502 5044 pote
533 4975 624 5043 qui
656 4969 977 5044 praalinitum
1008 4988 1037 5024 a
1076 4971 1345 5044 Magistris
1370 4972 1660 5044 terminum
1691 4969 1797 5023 τῶν
1825 4989 1946 5025 τεσ-

379 5040 731 5112 σαρακοστῶν
782 5040 1180 5112 superaverint.
1230 5040 1351 5094 Tria
1399 5057 1559 5110 porro
1593 5041 1945 5095 decumarum

377 5111 523 5183 apud
571 5112 826 5167 Hebraeos
854 5111 1067 5181 genera
1114 5120 1305 5181 praeter
1335 5111 1634 5183 theru_mas,
1666 5125 1720 5165 et
1761 5112 1949 5183 primis

379 5180 484 5237 tias
523 5184 693 5239 fuere.
735 5180 916 5236 Prima
965 5182 1053 5235 illa
1104 5180 1228 5246 fuit,
1283 5196 1445 5250 quam
1481 5180 1732 5235 Leviticae
1777 5181 1942 5236 tribui

377 5255 675 5324 quotannis
711 5253 1077 5324 pensitabant,
1138 5251 1300 5305 Num.
1351 5265 1505 5324 sviti,
1555 5252 1646 5311 20,
1691 5258 1746 5306 et
1794 5251 1948 5324 dein-

377 5321 527 5392 ceps.
554 5321 759 5386 Altera,
795 5338 956 5390 quam
990 5323 1218 5390 singulis
1245 5321 1403 5376 annis
1434 5337 1598 5392 penes
1630 5337 1689 5376 se
1717 5322 1948 5391 quisque

378 5396 672 5456 retinebat,
706 5403 763 5448 ut
803 5393 897 5455 ibi,
929 5394 1019 5447 ubi
1054 5393 1424 5447 sanctuarium
1466 5400 1602 5456 erat,
1643 5393 1731 5446 illa
1761 5407 1949 5446 vesce-

380 5473 549 5529 rctur,
582 5465 840 5519 adhibitis
880 5463 946 5516 ad
994 5463 1303 5517 convivium
1357 5460 1580 5524 Levitis,
1637 5462 1795 5517 Deut.
1830 5477 1942 5515 xw.

380 5532 561 5599 Tertia
583 5535 825 5604 demum,
854 5549 1015 5604 quam
1046 5536 1205 5588 tertio
1230 5547 1447 5602 quoque
1479 5546 1623 5604 anno
1647 5532 1700 5604 i_n
1733 5532 1947 5587 Levitas

378 5613 434 5659 et
463 5605 715 5673 pupillos,
734 5602 1477 5673 viduasque,distribuebant,
1496 5603 1623 5673 eod.
1652 5602 1804 5657 Deut.
1824 5616 1945 5671 cap.

451 5671 679 5748 (Silia!
730 5671 1093 5747 γυναικικῶν
1140 5674 1404 5745 ἱματίων.
1463 5671 1786 5743 Magnoperc
1841 5674 1944 5726 uti-

2049 3086 2217 3141 Lued.
2264 3087 2534 3139 Saturnus
2571 3085 2810 3153 denique
2857 3079 3080 3136 Coeliab
3131 3076 3330 3133 Sabelli
3366 3086 3617 3133 vocatur.

2051 3175 2189 3239 Sunt
2216 3184 2269 3230 et
2301 3175 2515 3229 illorum
2545 3174 2663 3228 aliae
2714 3171 3158 3233 nomenclaturze,
3191 3183 3327 3239 quas
3368 3175 3622 3221 accurate

2048 3311 2301 3376 randum,
2334 3308 2379 3363 si
2427 3306 2590 3361 modo
2624 3321 2815 3360 verum
2852 3311 2957 3367 est,
2993 3302 3351 3357 muliebribus
3384 3299 3623 3376 palliolis

2050 3371 2179 3436 usos
2221 3371 2343 3433 esse
2392 3378 2713 3432 Pharismos.
2748 3376 2903 3441 Quod
2951 3377 3220 3441 sequitur,
3251 3376 3307 3425 ὲν
3344 3371 3622 3432 πλατείαις

2048 3454 2168 3514 ταῖς
2198 3452 2445 3521 κρηπῖσι,
2477 3449 2610 3521 latas
2643 3449 2862 3521 eosdem
2896 3445 3146 3521 crepidas
3179 3442 3435 3521 habuisse
3460 3441 3623 3508 signi-

2050 3513 2197 3583 lieat,
2236 3513 2335 3573 nec
2367 3520 2525 3571 aliter
2555 3517 2875 3571 Cornarius.
2924 3514 3153 3580 Quidam
3188 3522 3365 3566 tamen
3394 3513 3466 3564 ita
3506 3526 3624 3583 cor_-

2049 3579 2334 3659 rigendum
2373 3594 2584 3659 putant,
2614 3589 2675 3659 ,ἐν
2702 3579 2999 3659 πλατείαις,
3028 3587 3084 3636 ὲν
3112 3585 3229 3659 ταῖς
3253 3584 3501 3659 κρηπῖσι,
3534 3579 3624 3632 καὶ

2048 3653 2334 3728 γὶᾷἱιτταις,
2350 3653 2461 3728 etc.
2482 3658 2559 3710 Ac
2578 3657 2779 3728 plal_eas
2798 3655 3123 3728 intelligunt,
3140 3653 3191 3705 in
3220 3653 3418 3728 quibus
3442 3659 3624 3703 osten-

2049 3721 2235 3783 tabant
2263 3743 2321 3781 se
2350 3721 2629 3780 Pharisaéi.
2666 3724 2775 3792 Ego
2828 3724 2958 3776 nihil
2984 3721 3378 3792 innovandum
3409 3734 3623 3792 censeo.

2120 3800 2195 3867 (6)
2236 3796 2428 3877 Φάρες
2468 3788 2766 3877 γὰρ-πατὰ
2809 3792 2923 3877 τὴν
2956 3791 3262 3877 Ἐϐραΐδαε.
3295 3788 3423 3877 [ξος.
3457 3790 3623 3877 codex

2045 3858 2220 3939 Φέρες
2241 3858 2417 3937 (ιυῖὶεῖ
2446 3858 2757 3939 εἰιίλφέρις,
2787 3872 2838 3939 et
2872 3858 3157 3939 legendum
3200 3861 3268 3913 sit
3307 3858 3623 3929 ἀφωρισμέ-

2047 3931 2153 4001 vei.
2187 3931 2509 4004 Quanquam
2555 3931 2857 4004 ἀφορισμός
2892 3931 3095 4004 res-est
3141 3931 3473 4004 ipsa_,_q_nani
3519 3942 3623 3979 vo-

2048 3998 2302 4062 cabulum
2335 3998 2611 4074 significat
2636 3998 2787 4074 {non
2819 4009 2877 4074 ut
2901 4001 2961 4052 τὸ
2976 3998 3260 4074 Φάρεξίνθι
3283 3998 3450 4066 Φέρες
3483 4010 3625 4064 pra“:-

2049 4079 2163 4132 cise
2219 4076 2292 4130 sit
2335 4067 2552 4127 vei'bale
2610 4072 3012 4127 substantivqu
3062 4067 3349 4138 ’ἐνέργειαν
3398 4081 3625 4120 sonans.

2049 4147 2146 4203 Est
2173 4147 2317 4201 enim
2357 4146 2538 4215 potius
2567 4152 2867 4211 separatus,
2894 4154 3058 4209 quam
3089 4137 3380 4206 separatio.

2117 4240 2193 4311 (7)
2238 4234 2387 4311 olori
2418 4237 2591 4311 ἣλιος
2643 4235 3092 4311 Ἠμακαίσεμες.
3130 4231 3202 4311 [)e
3247 4228 3624 4311 hisAHebrmo-

2049 4298 2188 4365 ruin'
2222 4298 2672 4379 appellationibus
2706 4298 2824 4373 'agit
2854 4298 3284 4379 eruditissimus
3330 4298 3627 4379 Serranus

2048 4390 2233 4435 noster
2258 4369 2306 4432 ἸῙ
2352 4395 2367 4432 ι
2420 4378 2493 4430 De
2522 4377 2690 4430 tribus
2737 4369 2913 4438 sectis,
2948 4389 2998 4428 c.
3035 4373 3089 4437 2,
3128 4381 3181 4425 et
3225 4374 3278 4425 in
3321 4369 3624 4432 Minervali,

2046 4452 2138 4504 lib.
2191 4466 2262 4511 iv,
2315 4463 2365 4503 c.
2414 4448 2466 4502 5.
2521 4448 2596 4500 Ea
2626 4448 2706 4502 sic
2748 4444 3015 4499 Hebraice
3061 4440 3420 4512 concipienda
3477 4447 3624 4494 sunt.

2043 4550 2188 4604 nm,
2222 4540 2305 4594 vel
2330 4546 2642 4599 ’δυρρεῖ-Γῇ
2684 4537 2765 4591 vel
2800 4520 2953 4595 τιδέ).
2994 4534 3227 4589 Duorum
3282 4533 3626 4604 sequentium

2046 4601 2289 4673 nomina,
2310 4610 2454 4678 quod
2489 4624 2676 4663 eorum
2713 4609 2864 4675 origo
2885 4608 2957 4678 sit
2986 4607 3212 4678 incerta,
3235 4620 3342 4657 non
3368 4601 3517 4678 satis
3543 4601 3627 4678 se:

2045 4671 2390 4750 εϐραΐςεσσαι
2454 4686 2692 4749 queunt;
2750 4671 2943 4746 Χωχὲὸ
3003 4675 3258 4750 Ὀκμώλγ,
3325 4681 3379 4727 et
3436 4671 3626 4741 Χωχὲό

2060 4749 2279 4841 Ὀγχμόδ.
2310 4771 2552 4836 Quorum
2583 4769 2737 4839 prius
2774 4766 2991 4838 Ὀκμώλ
3011 4767 3192 4821 fortea
3215 4749 3355 4846 513p,
3383 4763 3525 4833 quod
3539 4771 3625 4819 est

2047 4859 2348 4921 succidere,
2398 4860 2627 4913 alterum
2680 4873 2709 4910 a
2736 4867 2863 4917 mn
2907 4857 3050 4926 quod
3087 4863 3170 4909 est
3210 4854 3623 4926 concupiscere,

2047 4931 2174 5000 quia
2203 4928 2501 4983 Mercurius
2540 4928 2879 5000 lucrionibus
2929 4925 2984 4980 ct
3017 4925 3447 5000 negotiatoribus
3476 4939 3625 5000 qum-

2049 4992 2164 5054 stiis
2222 5001 2552 5054 avidissimis
2613 4997 2904 5067 praesidet;
2970 4992 3107 5049 nani'
3167 4993 3308 5067 quod
3381 4992 3627 5067 Scaliger

2047 5069 2235 5124 Oc.nol
2289 5070 2355 5122 ad
2410 5063 2734 5127 Caninium,
2790 5067 2880 5133 qui
2934 5067 2988 5119 in
3037 5069 3202 5118 veteri
3263 5063 3627 5131 inscriptione

2049 5148 2248 5201 exstat,
2307 5141 2578 5208 pertinere
2625 5137 2890 5208 defendit:
2943 5150 3047 5208 non
3101 5134 3312 5208 probat.
3363 5133 3625 5208 Sequitur

2047 5220 2173 5274 SHT:
2207 5202 2351 5268 2:15.
2390 5208 2613 5263 Veneris
2647 5208 2798 5261 stella
2852 5204 3057 5274 Σερούα
3106 5202 3195 5259 vel
3238 5204 3430 5271 Λουήδ.
3466 5202 3624 5274 Prior

2048 5272 2153 5335 vox
2185 5295 2214 5332 a
2248 5291 2371 5343 νἾῒ,
2416 5287 2473 5333 ιιι
2520 5277 2767 5332 Serrario
2805 5272 2980 5328 visum
3012 5282 3115 5340 est,
3150 5276 3422 5340 deducta;
3462 5272 3622 5343 quasi

2049 5381 2213 5437 y‘m‘:
2247 5370 2602 5439 posteriorem
2637 5383 2665 5419 a
2694 5350 3025 5439 “toﬁlinialim,
3050 5382 3212 5439 qrtam
3240 5380 3278 5439 Aa
3300 5348 3447 5439 ρκ’).
3485 5361 3622 5416 Nam

2047 5435 2102 5497 et
2129 5435 2338 5510 Assj'rii
2367 5438 2681 5510 Ἀφροδίτην
2707 5436 2971 5501 Μύλιττα,
3003 5438 3209 5492 Arabes
3240 5435 3449 5487 Ἀλίττα
3482 5448 3623 5486 nun-

2050 5530 2579 5601 cuparuntaAuctor
2625 5528 2932 5583 Herodotus
2963 5528 3127 5601 Cl_io._
3209 5511 3426 5601 umbo:
3458 5527 3491 5596 ή
3530 5541 3623 5591 γε·-

2048 5596 2296 5672 νέτειρα.
2356 5600 2595 5670 Denique
2642 5610 2773 5660 mw
2825 5610 2948 5658 3313
3002 5596 3222 5653 Sabbati
3272 5598 3429 5652 stella
3472 5604 3622 5651 recte

2053 5672 2322 5728 Saturnus
2349 5672 2567 5727 dicitur.
