3960 6112
300 236 409 295 253

977 232 1347 292 ADVERSUS
1384 231 1726 291 HA‘JRESES
1762 232 1894 291 LIB.
1933 232 1975 292 1.
2008 234 2175 292 ΤΟΜ.
2216 237 2255 293 l.
2300 268 2369 279 —
2400 235 2673 293 HJERES.
2712 235 2855 294 XVI.

3467 239 3574 297 εειι

300 353 436 424 ἡμῖν
457 350 556 406 καὶ
580 350 841 424 ὀνομαστὶ
861 351 1096 425 εἴρηται.
1132 353 1368 424 Ἑσχάτη
1395 352 1452 407 δὲ
1479 353 1663 417 αὐτοῖς
1686 353 1889 426 ἀπορία

2007 352 2160 420 [ει-νε,
2199 355 2521 411 nominatim
2558 355 2648 410 illa
2679 353 3049 425 percensenda
3086 351 3367 410 duximus.
3393 352 3485 407 Est
3513 357 3577 409 il-

302 443 401 496 καὶ
431 442 711 514 ἠλιθιότης
734 445 832 517 οὐχ
861 445 1148 517 ήτυχοῦσα
1175 447 1286 508 τοῖς
1315 445 1410 500 καὶ
1428 446 1725 500 ἀνάστασιν
1756 447 1887 516 ὁμο-

300 531 548 603 λογοῦσι,
573 535 667 596 καὶ
700 536 883 608 κρίσιν
921 538 1136 604 δικαίαν
1160 536 1518 610 ὁριζομένοις,
1547 538 1887 609 εἱμαρμένην

302 625 506 694 λέγειν.
536 625 662 691 Πῶς
685 626 801 705 γὰρ
816 627 1038 687 δύναται
1054 628 1235 701 κρίσις
1257 624 1398 683 εἶναι
1424 628 1520 682 καὶ
1555 628 1887 699 εἱμαρμένῃ

305 720 463 771 Δυοῖν
485 717 594 790 γὰρ
617 719 830 791 ἀνάγκη
861 719 1085 792 θάτερον
1099 737 1112 752 ·
1138 720 1195 793 ἢ,
1227 718 1493 792 γενέσεως
1513 718 1884 791 ὑπαρχούσης,

308 809 385 881 μὴ
407 804 546 864 εἶναι
568 811 769 881 κρίσιν,
787 808 874 865 διά
902 812 963 865 τὸ
995 811 1088 866 τὸν
1122 810 1431 883 πράττοντα
1444 811 1546 865 οὐκ
1572 811 1664 881 ἀφ’
1693 808 1887 871 ἑαυτοῦ

308 901 597 973 πράττειν,
648 901 785 956 ἀλλά
845 904 967 957 κατ’
993 903 1239 973 ἀνάγκην
1278 901 1634 975 ἐπικρατείας
1659 900 1760 971 τῆς
1791 918 1889 960 πε-

309 994 638 1073 πρωμένης’
662 993 718 1066 ἢ,
748 995 830 1049 ὃτι
858 995 1091 1067 κρίσεως
1135 993 1507 1067 ὑπαρχούσης,
1541 994 1635 1048 καὶ
1674 995 1732 1048 ὲν
1760 992 1894 1063 ἀλη-

310 1087 433 1160 θείᾳ
481 1087 982 1158 ὲπαπειλουμένης,
1029 1087 1124 1142 καὶ
1177 1086 1359 1157 νόμων
1405 1084 1754 1150 δικαζόντων,
1800 1085 1895 1139 καὶ

307 1178 422 1233 τῶν
448 1177 510 1233 τδ
536 1179 770 1251 πονηρὸν
803 1176 1053 1251 δρώντων
1083 1178 1238 1249 δίκην
1272 1177 1603 1249 ύπεχόντων,
1634 1176 1800 1247 νόμου
1836 1194 1895 1235 τε

307 1270 744 1342 ὁμολογουμένου
786 1271 995 1325 δικαίου
1027 1271 1120 1325 καὶ⁸
1144 1271 1378 1343 κρίσεως
1422 1268 1558 1324 Θεοῦ
1585 1258 1887 1342 ἀληθεᾶτά-

305 1379 432 1432 της,
465 1361 638 1434 ἀργὴν
668 1355 807 1415 εἶναι
830 1362 931 1433 τὴν
952 1361 1342 1436 πεπρωμένην,
1371 1360 1467 1416 καὶ
1491 1359 1566 1432 μὴ
1583 1359 1727 1431 ἔχειν
1752 1358 1890 1425 ὅλως

310 1451 574 1506 σύστασιν
600 1451 661 1505 τὸ
698 1451 979 1523 παράπαν.

1993 447 2087 503 iud
2134 462 2267 504 vero
2296 460 2553 504 extrema:
2595 448 2880 519 cujusdam
2932 447 3236 519 imperitiae,
3279 461 3351 501 ne
3396 444 3574 500 dicam

1995 539 2266 603 amentiae,
2312 555 2437 595 cum
2470 541 2929 597 resurrectionem
2962 547 3306 595 mortuorum
3337 553 3462 594 esse
3497 537 3578 592 fa-

1996 638 2162 695 teare,
2203 645 2268 685 ac
2305 631 2673 700 iustissimum
2703 631 2771 687 de
2814 632 3080 702 cujusque
3120 631 3279 687 lactis
3306 630 3576 701 judicium

1998 720 2382 788 constitutum,
2419 720 2589 776 fatum
2635 721 2994 778 nihilominus
3033 736 3156 777 esse
3199 721 3370 776 ullum
3422 733 3576 774 asse-

1994 825 2134 867 rere.
2179 810 2283 879 Qui
2324 813 2469 869 enim
2514 812 2624 870 duo
2665 813 2775 870 ista
2815 812 3109 869 convenire
3139 820 3388 882 possunt,
3430 809 3577 880 judi-

1991 904 2161 971 cium,
2196 905 2440 977 inquam,
2481 916 2646 978 atque
2678 905 2891 962 fatum?
2923 908 3132 961 Horum
3163 904 3308 961 enim
3345 904 3575 957 alterum

1992 1012 2220 1056 necesse
2264 1000 2502 1057 estzvel
2549 1001 2599 1057 si
2639 1002 2750 1056 ulla
2801 1001 2874 1057 sit
2931 998 3185 1071 genitalis
3233 995 3574 1059 necessitas,

1994 1091 2205 1145 nullum
2234 1092 2643 1164 essejudicium
2674 1112 2686 1148 :
2721 1093 2868 1164 quod
2897 1092 2991 1164 qui
3026 1089 3318 1147 committit
3344 1084 3576 1157 aliquid,

1996 1195 2104 1236 non
2144 1182 2199 1237 id
2239 1198 2337 1238 sua
2383 1192 2576 1254 sponte
2609 1182 2761 1251 facit,
2806 1184 2901 1241 sed
2936 1182 3171 1238 latorum
3203 1180 3256 1235 vi
3297 1194 3362 1235 ac
3392 1187 3580 1251 tyran-

1997 1272 2127 1328 nide
2166 1275 2505 1345 compulsus,
2553 1277 2637 1332 vel
2683 1276 2729 1333 si
2776 1274 3047 1346 judicium
3098 1280 3183 1329 est
3231 1272 3425 1334 ullum,
3477 1283 3579 1325 nec

1996 1358 2202 1418 frustra
2251 1363 2305 1418 in
2347 1365 2869 1421 comminationibus
2907 1363 3074 1434 objici
3115 1361 3276 1426 solet,
3329 1367 3494 1430 atque
3522 1363 3580 1413 et

1994 1451 2140 1521 leges
2170 1453 2367 1525 aliqua:
2412 1464 2561 1522 sunt,
2596 1463 2652 1513 et
2699 1455 2990 1525 ﬂagitiosis
3034 1453 3351 1510 horninibus
3394 1447 3580 1507 ’scele-

310 1561 435 1607 rum
462 1560 636 1617 poenae
682 1545 1029 1611 constitutas;
1083 1545 1128 1600 si
1156 1543 1393 1615 denique
1419 1543 1570 1615 justa
1629 1557 1662 1598 a
1725 1541 1840 1600 Deo
1871 1543 1960 1599 lex
1994 1546 2220 1612 tradita,
2265 1556 2320 1603 et
2354 1548 2500 1605 illius
2538 1549 2808 1620 judicium
2850 1549 3002 1608 omni
3055 1562 3121 1603 ex
3170 1554 3324 1617 parte
3358 1543 3578 1601 veritati

309 1649 743 1699 consentaneum
791 1651 895 1705 est,
941 1655 1169 1696 necesse
1216 1648 1321 1706 est,
1347 1641 1594 1711 inquam,
1630 1653 2034 1710 supervacuum
2068 1656 2191 1698 esse
2222 1640 2393 1697 fatum
2422 1644 2578 1709 illud,
2603 1659 2704 1700 nec
2728 1644 2841 1699 ullo
2867 1643 2921 1697 in
2957 1643 3080 1697 loco
3119 1639 3443 1695 consistere.

382 1740 457 1792 A'.
510 1737 725 1800 Ὁπότε,
782 1735 872 1799 διὰ
909 1736 970 1790 τὸ
995 1735 1257 1791 δύνασθαι
1298 1734 1657 1808 ἁμαρτάνειν,
1693 1733 1788 1788 καὶ
1819 1734 1895 1806 μὴ

2068 1734 2160 1792 IV.
2202 1736 2415 1793 Etenim
2444 1753 2557 1794 non
2588 1738 2749 1797 aliam
2776 1738 2848 1793 ob
2871 1751 3118 1801 causam,
3152 1735 3258 1790 nisi
3278 1733 3424 1804 quod
3447 1746 3579 1803 pec-

312 1830 600 1901 ἀμαρτείν,
630 1829 721 1883 τὸν
759 1828 857 1900 μὲν
909 1827 1000 1881 διὰ
1038 1827 1109 1881 τὰ
1140 1828 1522 1899 ἁμαρτήματα
1551 1826 1709 1897 δίκην
1734 1827 1900 1879 ἀπαι-

311 1920 544 1984 τεῖσθαι,
585 1919 674 1973 τὸν
703 1919 762 1973 δὲ
792 1918 1012 1973 ἔπαινον
1048 1917 1464 1989 ἀπεκδέχεσθαι,
1493 1916 1583 1972 διὰ
1610 1916 1674 1971 τὸ
1708 1912 1769 1971 εὖ
1808 1932 1903 1969 πε,

314 2012 608 2083 πραχέναι,
634 2010 863 2083 ὥρισται
910 2010 1034 2064 καθ’
1083 2010 1360 2083 ἑκατέρων
1396 2009 1459 2063 τὸ
1496 2009 1784 2081 διάφορον’
1823 2008 1901 2072 ὡς

314 2104 410 2159 καὶ
454 2103 554 2175 μιᾷ
607 2105 758 2174 φωνῇ
807 2102 994 2174 δικαίᾳ.
1029 2101 1210 2172 λέγειν
1258 2102 1316 2154 ὲν
1349 2100 1602 2170 συντόμῳ
1647 2098 1898 2171 ἀληθείᾳ,

311 2196 403 2255 διὰ
445 2194 665 2249 Ἠσαίου
692 2193 786 2248 τοῦ
836 2195 1111 2267 προφήτου
1152 2194 1218 2246 ἐκ
1259 2190 1553 2265 προσώπου
1592 2189 1798 2262 Κυρίου
1824 2190 1903 2243 εί-

317 2305 384 2361 ρη
395 2286 573 2359 μένον,
599 2285 692 2340 τό·
736 2284 878 2339 Ἐὰν
914 2284 1145 2354 θέλητε,
1187 2283 1286 2337 καί
1333 2279 1735 2349 εισακούσητέ
1756 2297 1898 2349 μου.

313 2368 388 2443 τὰ
423 2376 617 2446 ἀγαθὰ
662 2372 769 2447 τῆς
820 2373 931 2446 γῆς
958 2374 1260 2445 φάγησθε·
1295 2372 1405 2427 ἐὰν
1439 2373 1509 2427 δὲ
1533 2371 1621 2443 μὴ
1664 2370 1898 2439 θέλητε,

314 2468 467 2540 μηδὲ
494 2466 895 2535 είσακούσητέ
919 2483 1058 2537 μου,
1096 2465 1363 2536 μάχαιρα
1393 2462 1550 2534 ὑμᾶς
1573 2462 1899 2517 κατέδεται.

323 2564 391 2616 Ίῖῢ
417 2563 529 2632 γὰρ
557 2564 752 2630 στόμα
769 2560 992 2628 Κυρίου
1022 2558 1292 2627 ὲλὰλησε
1318 2558 1525 2613 ταῦτα.
1544 2557 1709 2609 Ὥστε
1743 2554 1903 2610 παντί

315 2673 396 2728 τῳ
422 2656 582 2727 δῆλόν
629 2658 747 2710 ἐστι
790 2660 885 2709 καὶ
927 2653 1316 2725 ἀναμφίϐολον,
1359 2640 1445 2716 ὡς¹
1468 2653 1531 2706 τὸ
1558 2651 1903 2717 αὐτεξούσιον

319 2747 610 2819 παρείχετο
637 2746 790 2814 Θεὸς,
829 2747 895 2801 δι’
941 2746 1135 2801 ἑαυτοῦ
1173 2747 1354 2817 φήσας
1373 2744 1453 2809 τὸ,
1502 2746 1645 2799 Ἐὰν
1667 2744 1899 2812 θέλητε,

318 2841 416 2895 καὶ
461 2838 549 2908 μὴ
605 2839 848 2906 θέλητεο
891 2836 1029 2891 ὥστε
1063 2836 1191 2909 περὶ
1216 2836 1310 2890 τὸν
1348 2835 1635 2908 ἄνθρωπον
1673 2830 1813 2889 εἶναι
1843 2835 1904 2889 τὸ

318 2930 698 3002 ἀγαθοεργετν,
726 2928 761 3001 ἢ
790 2928 853 2982 τὸ
874 2927 1095 2998 φαύλων
1127 2924 1376 2996 ἐφίεσθαι
1410 2925 1770 2997 πραγμάτων.
1809 2920 1904 2990 Οἷς

318 3022 694 3095 ὲπιφωνητέον
719 3022 838 3076 ἐστὶ
875 3020 1206 3093 πυκνότερον
1247 3019 1343 3074 καὶ
1373 3017 1673 3090 πολλαχῶς.
1703 3019 1797 3073 καὶ
1841 3019 1902 3073 ού

317 3116 406 3171 διὰ
431 3083 574 3187 ’μιᾶς
607 3115 811 3186 φωνῆς,
843 3112 981 3169 ἀλλά
1016 3083 1277 3176 πολλάκις
1312 3109 1381 3165 τά
1419 3083 1576 3184 παρά
1598 3111 1691 3164 τοῦ
1719 3112 1901 3183 Σωτῆ-
1931 3083 1975 3145 C

323 3221 417 3285 ρος
450 3204 587 3277 πρὸς
630 3204 827 3269 αὐτοὺς
856 3203 1151 3276 εἰρημέναο
1178 3203 1321 3258 Οὐαὶ
1349 3201 1512 3273 ὑμῖν,
1535 3203 1907 3273 Γραμματεῖς

320 3297 421 3352 καί
452 3297 759 3367 Φαρισαῖοι
801 3296 1145 3367 ὑποκριταί·
1186 3292 1276 3349 ὅτι
1314 3294 1789 3349 καταλελοίπατε
1834 3295 1909 3349 τὰ

320 3387 513 3457 ,ϐαρέα
550 3388 656 3443 τοῦ
684 3389 893 3458 νόμου,
943 3385 1062 3456 τὴν
1087 3387 1291 3456 κρίσιν
1317 3385 1418 3441 καὶ
1450 3386 1558 3441 τὸν
1575 3385 1772 3452 ἔλεον,
1809 3386 1909 3443 και

321 3479 764 3536 ἀποδεκατοῦτε
814 3480 881 3535 τὸ
919 3478 1167 3547 ἄνηθον,
1195 3478 1295 3542 καὶ
1326 3479 1393 3534 τὸ
1431 3478 1763 3548 ἡδύοσμον,
1808 3478 1907 3534 καὶ

322 3567 393 3624 τὸ
429 3568 722 3638 πήγανον,
765 3568 866 3623 καί
909 3566 1247 3637 καθαρίζετε
1286 3568 1352 3622 τὸ
1385 3568 1558 3636 ἐκτὸς
1585 3567 1694 3622 τοῦ
1725 3581 1909 3637 ποτη-

320 3661 459 3729 ρίου
499 3659 599 3715 zeal
648 3659 757 3715 τοῦ
797 3661 1070 3727 πίνακος,
1111 3661 1179 3716 τὸ
1218 3660 1287 3715 δὲ
1312 3663 1488 3729 ἐντός
1513 3662 1646 3716 ἐστι
1681 3661 1912 3732 μεστὸν

325 3754 697 3824 ἀκαθαρσίας
728 3754 825 3808 καὶ
860 3754 1174 3822 ἀκρασίας.
1198 3754 1305 3808 Kal
1324 3752 1660 3825 δοκιμάζετε
1678 3752 1913 3809 δίκαιον

324 3842 479 3900 εἶναι
533 3846 786 3915 ὀμνύναι
841 3846 910 3899 ἐν
940 3843 1021 3911 τῷ
1052 3845 1253 3899 ἐπάνω
1291 3843 1399 3899 τοῦ
1437 3845 1869 3913 θυσιαστηρίου
1893 3859 1909 3885 ρ

323 3938 393 3993 τὸ
431 3937 499 3991 δὲ
548 3939 618 3991 ὲν
652 3936 812 4003 αὐτῷ
857 3936 937 4003 τῷ
980 3937 1384 4006 θυσιαστηρίῳ
1429 3938 1567 4006 παρ’
1624 3936 1768 4006 ὑμῖν
1831 3934 1912 4002 τῷ

327 4028 483 4098 ὅρκῳ
520 4027 798 4083 λέλεκται
832 4027 874 4091 ¹,
916 4027 1014 4080 καί
1060 4025 1127 4080 τό
1155 4027 1226 4079 ἐν
1264 4023 1345 4091 τῷ
1382 4024 1617 4100 οὐρανῷ
1658 4026 1913 4095 ὀμνύναι

329 4116 512 4171 οὐδὲν
540 4113 692 4170 εἶναι
718 4115 888 4185 φατέ.
932 4116 1075 4170 Ἐὰν
1108 4113 1176 4168 δέ
1196 4131 1286 4181 τις
1305 4115 1501 4185 ὀμόσῃ
1534 4115 1604 4168 ὲν
1632 4113 1712 4177 τῷ
1733 4116 1915 4184 ὑπερ-

328 4209 452 4263 άνω
466 4206 673 4271 αὑτοῦ,
702 4208 877 4262 τοῦτο
903 4205 1290 4267 δεδικαίωται.
1324 4206 1471 4277 Οὐχὶ
1496 4205 1562 4260 τὸ
1586 4205 1915 4273 θυσιαστή-

325 4317 461 4370 ριον
475 4296 763 4365 βαστάζει
785 4297 853 4353 τὸ
894 4297 1293 4366 ἐπικείμενον,
1327 4297 1425 4352 καὶ
1453 4299 1487 4351 ὀ
1507 4294 1765 4365 οὐρανὸς
1784 4296 1915 4365 θρό-

2000 1843 2148 1897 care,
2181 1844 2357 1885 necne
2396 1830 2469 1885 sit
2496 1832 2553 1885 in
2597 1829 2827 1885 arbitrio
2851 1828 3142 1900 [cujusque
3171 1826 3433 1897 positum.
3476 1824 3582 1879 hoc

1999 1918 2294 1976 discrimen
2341 1920 2716 1976 introductum
2761 1926 2867 1984 est,
2921 1927 2981 1973 ut
3039 1918 3175 1973 alter
3213 1916 3581 1972 admissorum

2000 2011 2268 2066 scelerum
2312 2026 2506 2081 prenas
2548 2011 2690 2075 luat,
2734 2011 2871 2065 alter
2901 2024 3001 2080 pro
3048 2017 3197 2063 recte
3240 2007 3399 2063 iactis
3445 1998 3587 2078 prae;

2000 2103 2173 2157 mium
2201 2103 2529 2174 laudemque
2562 2109 2953 2172 consequatur.
2989 2099 3144 2167 Quod
3174 2099 3393 2170 quidem
3429 2098 3582 2155 brevi

1997 2195 2425 2266 justissimaque
2475 2196 2745 2251 sententia
2788 2193 3075 2264 complecti
3105 2191 3215 2263 36
3248 2206 3580 2262 possumus,

2002 2303 2124 2359 quae
2163 2289 2232 2343 ab
2263 2287 2402 2344 lsaia
2443 2288 2710 2359 propheta
2762 2301 2828 2342 ex
2871 2298 3107 2356 persona
3155 2283 3249 2338 Dei
3296 2281 3585 2337 verissime

2001 2379 2353 2451 pronuntiata
2413 2381 2630 2452 legitur.
2688 2378 2749 2434 Si
2802 2378 3107 2443 volueritis,
3174 2384 3225 2429 et
3281 2373 3583 2431 obedieritis

2002 2470 2153 2535 milii,
2202 2470 2339 2526 bona
2390 2479 2544 2525 terrae
2593 2470 2892 2526 comedetis.
2948 2468 3009 2524 Si
3065 2477 3239 2522 autem
3283 2465 3583 2528 nolueritis,

2003 2577 2165 2631 neque
2211 2561 2510 2618 obedieritis
2568 2561 2715 2626 mihi,
2761 2559 3032 2615 devorabit
3086 2576 3173 2615 eos
3223 2559 3458 2629 gladius.
3511 2558 3585 2614 0s

2002 2656 2142 2709 enim
2182 2654 2398 2708 Domini
2428 2654 2659 2709 locutum
2699 2663 2777 2708 est
2822 2654 2989 2708 ista'.
3038 2653 3114 2709 Ex
3160 2668 3269 2723 quo
3300 2653 3588 2722 perspicue

2004 2748 2160 2815 illud,
2199 2763 2265 2803 ac
2301 2747 2438 2803 citra
2474 2747 2637 2803 ullam
2677 2746 3076 2802 dubitationem
3116 2744 3368 2809 ellicitur,
3398 2743 3590 2798 Liber-

2006 2847 2171 2894 tatem
2212 2838 2423 2894 homini
2461 2853 2493 2892 a
2536 2837 2646 2893 Deo
2673 2852 2796 2893 esse
2828 2851 3187 2902 concessam;
3229 2850 3354 2889 cum
3392 2834 3465 2886 ita
3494 2847 3591 2902 per

2006 2944 2129 2986 sese
2150 2929 2352 2985 dixerit
2377 2948 2389 2984 :
2422 2928 2483 2984 Si
2504 2928 2771 2982 volueritis
2796 2935 2849 2983 et
2870 2926 3169 2982 nolueritis.
3196 2925 3347 2979 Adeo
3370 2932 3429 2977 ιιι
3451 2923 3590 2975 bene

2007 3036 2186 3093 agere,
2233 3022 2319 3079 vel
2367 3021 2634 3076 malorum
2683 3020 3040 3091 cupiditatem
3082 3017 3393 3087 concipere,
3442 3014 3589 3071 illius

2008 3112 2236 3173 arbitrio
2269 3113 2341 3168 sit
2361 3111 2634 3167 relictum.
2663 3109 3028 3177 Quamobrem
3056 3122 3198 3177 ξιξερο
3227 3106 3382 3167 illud,
3410 3119 3473 3158 ac
3498 3118 3593 3157 va-

2006 3205 2109 3269 rie,
2153 3219 2252 3260 nec
2287 3219 2393 3258 una
2418 3217 2553 3258 voce
2587 3201 3018 3272 personandum,
3054 3214 3118 3253 ac
3147 3195 3595 3267 frequentissimo

2007 3305 2199 3353 contra
2233 3297 2563 3367 impostores
2607 3296 2746 3351 istos
2795 3292 3150 3364 repetendum
3182 3303 3265 3345 est
3300 3289 3502 3343 dictum
3538 3288 3594 3342 in

2006 3403 2103 3444 eos
2136 3388 2438 3443 Salvatoris
2476 3387 2605 3441 illud
2634 3405 2648 3441 :
2688 3385 2778 3440 Va:
2812 3384 2978 3449 robis,
3018 3381 3220 3438 Scriba:
3246 3391 3295 3437 et
3330 3379 3595 3435 Pharisazi

2008 3480 2317 3551 hypocritw,
2349 3479 2598 3550 quoniam
2631 3476 2920 3548 reliquistis
2955 3491 3072 3546 qua:
3100 3475 3344 3544 graviora
3373 3480 3495 3527 sunt
3523 3470 3597 3524 le—

2008 3572 2110 3642 gis,
2156 3570 2422 3641 judicium
2464 3579 2513 3624 ει
2555 3566 3013 3631 misericordiam;
3052 3575 3101 3620 et
3152 3563 3426 3618 decimatis
3472 3577 3596 3615 ane-

2012 3663 2181 3727 thum,
2214 3674 2262 3717 et
2306 3662 2593 3726 ment/tam,
2630 3672 2680 3715 et
2712 3671 2910 3722 rutam,
2952 3670 2999 3713 ει
3031 3656 3301 3711 mundatis
3330 3653 3468 3723 quod
3505 3653 3597 3707 de-

2010 3750 2144 3825 foris
2173 3761 2250 3807 est
2299 3752 2482 3807 calicis
2523 3760 2573 3806 et
2620 3750 2967 3822 paropsidis:
2996 3746 3135 3818 quod
3176 3747 3318 3800 intus
3359 3756 3458 3810 est,
3485 3743 3598 3812 ple.

2012 3863 2141 3907 num
2191 3854 2269 3900 est
2331 3844 2670 3899 immunditia
2727 3853 2776 3897 et
2841 3841 3098 3911 fwditate.
3151 3838 3220 3891 Et
3292 3838 3597 3906 approbatis

2002 3938 2210 4009 justum
2252 3952 2365 3991 esse
2380 3935 2570 4002 jurare
2609 3935 2663 3987 in
2697 3949 2778 3995 eo,
2808 3930 2946 4001 quod
2985 3940 3063 3983 est
3093 3944 3250 3995 super
3278 3926 3450 3979 altare
3476 3940 3491 3976 :
3508 3924 3598 3994 ju-

2012 4045 2135 4085 rare
2163 4037 2337 4082 autem
2372 4028 2425 4080 in
2465 4026 2630 4079 altari
2654 4025 2789 4094 ipso,
2811 4019 3176 4091 jurisjurandi
3223 4017 3361 4086 apud
3396 4033 3485 4071 vos
3516 4032 3598 4070 re-

2015 4122 2207 4192 ligione
2237 4118 2478 4173 solvitur.
2534 4117 2597 4169 Et
2630 4120 2684 4170 in
2715 4114 2841 4169 caelo
2866 4115 3053 4184 jurare
3082 4111 3215 4166 nihil
3254 4126 3367 4166 esse
3395 4108 3596 4163 dicitis.

2018 4212 2122 4278 Qui
2156 4222 2330 4265 autem
2362 4209 2622 4280 jurarerit
2666 4208 2721 4261 in
2762 4224 2845 4271 eo,
2886 4206 2976 4276 qui
3025 4219 3186 4273 supra
3229 4201 3361 4256 illud
3410 4210 3511 4265 est,
3543 4199 3601 4254 id

2016 4323 2135 4363 vero
2158 4305 2365 4375 justum
2408 4314 2665 4357 censetur.
2704 4300 2895 4354 Nonne
2941 4297 3114 4351 altare
3146 4304 3323 4365 portat
3354 4295 3431 4359 id,
3462 4295 3599 4366 quod

329 4408 437 4457 νος
468 4389 598 4444 ἐστι
634 4389 739 4444 τοῦ
763 4390 856 4443 ἐπ’
889 4388 1052 4455 αὺτῷ
1078 4385 1606 4457 ἐπικαθεζομένου;
1661 4388 1770 4441 Kal
1824 4386 1904 4441 ὅτι

2016 4397 2319 4466 ἱηιράδὶιιιηι
2345 4404 2445 4459 est,
2476 4404 2523 4448 et
2560 4393 2747 4448 caelum
2775 4392 2993 4446 thronus
3031 4391 3145 4460 ejus
3167 4398 3265 4451 est,
3299 4390 3387 4458 qui
3422 4389 3474 4442 in
3506 4387 3606 4442 illo

329 4481 557 4550 λέγετε,
592 4480 734 4535 Ἐάν
766 4496 857 4547 τις
901 4480 1043 4549 sirm
1076 4479 1253 4548 πατρί
1287 4479 1385 4533 καί
1413 4482 1615 4549 μητρί’
1649 4478 1908 4549 Κορϐὰν,

308 4575 366 4661 λὸ
391 4575 522 4628 ἐστι
552 4571 745 4641 δῶρον
765 4571 792 4626 ε
825 4571 903 4626 ἂν
933 4570 1003 4637 ἐξ
1041 4571 1188 4640 ἐμοῦ
1210 4570 1551 4640 ὠφεληθῇς,
1575 4571 1675 4625 καὶ
1707 4572 1910 4630 οὐκέτι

328 4665 414 4739 μὴ
474 4665 713 4735 τιμήσει
764 4663 872 4718 τόν
898 4664 1152 4732 Πατέρα,
1194 4663 1292 4717 καὶ
1322 4663 1655 4732 ήθετήοεατε
1675 4664 1790 4732 τὴν
1812 4663 1912 4716 ὲν-

332 4755 526 4826 τολὴν
556 4755 665 4810 τοῦ
718 4755 866 4810 Θεοῦ
893 4754 989 4809 διὰ
1016 4754 1128 4824 τῆς
1150 4753 1272 4808 τῶν
1302 4753 1721 4823 πρεσϐυτέρων
1748 4753 1915 4824 ὑμῶν

332 4849 746 4919 παραδόσεως.
772 4849 877 4911 Καὶ
907 4848 1234 4902 κυκλεύετε
1262 4846 1585 4905 θάλασσαν
1606 4846 1705 4905 καί
1723 4846 1917 4915 ξηρὰν

333 4943 587 5011 ποιῆσαι
638 4941 749 4996 ἕνα
804 4940 1237 5010 προσήλυτον·
1294 4939 1394 4993 καί
1441 4939 1590 5000 ὅταν
1647 4939 1912 5009 γένηται,

335 5033 555 5089 ποιεῖτε
584 5032 773 5088 αὐτὸν
794 5031 1149 5099 διπλότερον
1171 5028 1339 5100 ὑμῶν
1358 5028 1493 5085 υἱὸν
1515 5028 1788 5100 γεέννης.

409 5149 475 5203 Τί
508 5149 688 5203 τοίνυν
729 5148 1115 5219 περιττότερον
1162 5143 1270 5198 τῶν
1296 5143 1467 5213 ἁγίων
1498 5144 1709 5214 ῥήσεων
1751 5143 1921 5213 ὑπερ-

337 5241 555 5296 δάλοιτό
586 5259 671 5306 τις
700 5241 835 5314 πρὸς
855 5239 1125 5294 ἀντίθεσιν
1141 5235 1250 5291 τῶν
1270 5236 1682 5309 προειρημένων
1703 5250 1718 5302 ;
1758 5234 1922 5289 Ἀλλὰ

337 5333 436 5389 καὶ
466 5333 754 5404 ἀρκεῖσθαι
794 5332 941 5405 μάλα
974 5331 1215 5403 ἠγοῦμαι
1247 5332 1367 5393 ταῖς
1402 5328 1498 5383 τοῦ
1523 5329 1775 5401 Σωτῆρος
1808 5346 1922 5397 φω-

339 5427 459 5488 ναῖς
482 5425 576 5479 καὶ
607 5425 887 5497 ἀληθιναῖς
928 5423 1127 5489 λέξεσι,
1182 5421 1318 5493 πρὸς
1353 5421 1421 5484 ἀς
1454 5422 1551 5475 οὐκ
1578 5419 1923 5491 ἠδυνήθησαν

340 5513 682 5586 ἁντωπῆσαι,
706 5512 829 5568 οὔτε
855 5513 988 5583 πρὸς
1010 5511 1070 5566 τὸ
1095 5509 1450 5582 βραχύτατον.

2014 4487 2251 4549 insidet?
2306 4485 2373 4540 Et
2418 4490 2556 4558 quod
2598 4486 2823 4540 dicitis:
2854 4483 2911 4537 Si
2957 4485 3075 4553 quis
3121 4481 3317 4536 dixerit
3360 4480 3501 4548 patri
3552 4486 3603 4534 ct

2014 4580 2218 4633 matri:
2244 4578 2477 4642 Corbau,
2511 4580 2609 4631 hoc
2652 4586 2731 4631 est
2762 4592 2954 4629 munus
2982 4572 3120 4646 quod
3151 4589 3215 4627 ea:
3245 4589 3325 4625 me
3359 4572 3454 4625 tibi
3481 4586 3603 4638 pro-

2014 4672 2172 4737 derit,
2215 4680 2265 4726 et
2304 4668 2741 4724 non-honorabit
2784 4677 3011 4736 putrem,
3053 4674 3104 4718 et
3149 4663 3362 4717 irritum
3404 4660 3607 4729 fecistis.

2016 4763 2327 4819 mandatum
2362 4764 2454 4818 Dei
2491 4779 2584 4833 per
2617 4760 2957 4815 traditionem
2989 4757 3254 4811 seniorum
3288 4761 3601 4807 vestrorum.

2018 4857 2086 4911 Et
2124 4857 2359 4910 circuitis
2388 4871 2557 4917 mare,
2603 4864 2653 4908 et
2692 4852 2921 4914 aridam,
2959 4859 3015 4902 ut
3047 4847 3261 4919 faciatis
3290 4861 3452 4898 unum
3479 4859 3610 4913 pro-.

2018 4949 2276 5019 selytum;
2321 4956 2370 5001 et
2412 4963 2532 5001 cum
2580 4945 2756 5015 {actus
2787 4942 2968 5013 fuerit,
3009 4940 3187 5009 facitis
3237 4936 3393 4991 illum
3438 4934 3609 5005 dupla

2018 5052 2177 5107 qua-it
2218 5051 2307 5087 vos
2347 5032 2522 5103 filium
2546 5030 2793 5102 gelienna:
2815 5028 2855 5082 ³.

2091 5145 2234 5213 Quid
2280 5146 2447 5217 igitur
2500 5144 2567 5198 ad
2614 5158 2710 5199 eos
2741 5140 2993 5195 homines
3039 5137 3371 5193 refellendos
3405 5136 3609 5192 divinis

2022 5237 2133 5292 illis
2173 5236 2458 5291 sententiis
2497 5233 2665 5303 adjici
2710 5231 2933 5303 gravius
2983 5228 3199 5301 p0tesl?
3244 5226 3433 5298 Itaque
3473 5226 3613 5286 satis

2020 5346 2143 5385 esse
2170 5329 2410 5384 arbitror
2443 5325 2748 5382 Salvator-is
2780 5338 2971 5379 vocem
2998 5337 3062 5377 ac
3091 5320 3439 5377 verissimum
3474 5314 3613 5371 illud

2030 5419 2339 5482 oraculum,
2374 5418 2460 5472 cui
2502 5432 2567 5471 nc
2610 5414 2898 5469 minimum
2943 5411 3162 5484 quidem
3204 5407 3460 5466 rcluctari
3512 5418 3614 5477 po-

2036 5519 2275 5564 lliCl‘Ulll.

420 5658 438 5690 ⁸
470 5656 631 5713 Forte
650 5656 744 5711 του
771 5658 931 5728 ὅρκου
964 5654 1199 5709 λέλυται.
1276 5656 1295 5686 ²
1324 5652 1429 5709 lsa.
1457 5668 1494 5720 ι,
1532 5652 1612 5717 l9,
1642 5654 1730 5709 20.
1810 5654 1831 5683 ³
1863 5651 1904 5707 Μ

2007 5653 2050 5706 h.
2081 5668 2235 5717 mn,
2266 5652 2327 5706 l5
2365 5667 2482 5720 sqq.
