3968 6174
339 263 447 320 235
680 316 683 317 ,

571 371 937 429 ADVERSUS
977 368 1685 438 IIEMEROBAPTISTAS,

471 490 601 556 Quo:
634 498 710 542 est
739 487 952 541 ha'resis
983 486 1009 540 Ι
1029 486 1062 539 ν
1087 486 1378 553 Judaismi,
1411 485 1590 541 ordine
1611 483 1660 539 Χ
1679 483 1802 539 γυ.

417 666 671 723 Proxima
710 676 793 723 est
827 667 1421 737 llemerobaptistarum
1470 672 1655 732 secta;
1707 679 1827 735 quae
1868 671 1927 718 ut

350 760 418 814 ab
443 760 565 813 aliis
591 759 739 811 nulla
764 760 817 812 in
842 774 900 811 re
923 758 1028 827 37
1055 758 1283 812 dissidet
1309 775 1323 822 ;
1353 755 1649 824 eademque
1673 754 1926 824 dogmata

348 864 473 904 cum
532 849 741 904 Scribis
792 864 857 904 ac
902 849 1191 904 Pharisreis
1237 848 1580 919 amplectitur
1618 866 1632 902 :
1681 847 1755 900 ita
1800 859 1925 899 cum

351 939 667 995 Sadducaeis
692 956 801 995 non
826 939 990 994 modo
1020 940 1075 994 in
1108 940 1354 1009 neganda
1381 946 1725 994 mortuorum
1750 952 1929 992 resur-

352 1036 596 1093 rectione
642 1035 933 1101 convenit;
969 1049 1157 1088 verum
1208 1033 1372 1087 etiam
1415 1046 1758 1087 communem
1800 1046 1925 1085 cum

353 1128 425 1183 iis
473 1127 867 1191 inﬁdelitatem,
914 1134 1345 1194 cmterarumque
1388 1138 1570 1179 rerum
1605 1123 1925 1191 pravitatem

351 1220 571 1273 retinet.
626 1217 741 1272 Hoc
795 1232 927 1273 vero
971 1217 1301 1287 praecipuum
1343 1216 1574 1278 habent,
1622 1212 1767 1284 quod
1816 1223 1925 1266 tam

352 1326 502 1373 vere,
531 1316 919 1379 autumnoque,
948 1324 1109 1375 quam
1145 1315 1352 1370 aestate,
1385 1315 1547 1375 atque
1578 1304 1754 1359 hieme
1792 1317 1928 1372 quo-

352 1400 487 1454 tidie
526 1401 705 1454 lavant
738 1418 750 1453 :
782 1400 923 1454 unde
961 1406 1015 1453 et
1058 1397 1652 1466 Ilemerobaptistarum
1690 1394 1928 1463 appella-

354 1490 556 1542 tionem
610 1490 790 1558 adepti
842 1497 987 1543 sunt.
1037 1488 1113 1542 ita
1165 1490 1311 1545 enim
1358 1487 1711 1544 statuebant:
1746 1486 1926 1540 vivere

352 1578 515 1631 aliter
558 1578 827 1632 hominem
881 1593 990 1631 non
1040 1593 1222 1647 posse.
1277 1592 1439 1646 quam
1487 1577 1533 1631 si
1583 1574 1824 1645 quotidie
1868 1589 1927 1628 se

350 1668 513 1735 aquis
548 1667 775 1730 clueret,
807 1676 968 1735 atque
1007 1667 1074 1721 ab
1105 1666 1251 1720 omni
1284 1665 1512 1741 crimine
1541 1671 1819 1734 purgaret.

427 1754 529 1810 Sed
564 1770 595 1809 a
621 1756 779 1811 nobis
828 1772 936 1810 uno
965 1756 1132 1811 verbo
1175 1755 1421 1809 funditus
1451 1755 1618 1809 everti
1650 1762 1799 1808 secta
1835 1753 1930 1806 illa

355 1852 569 1914 potest;
593 1843 752 1912 cuius
776 1844 1031 1914 dogmata
1059 1852 1117 1898 ut
1146 1859 1175 1897 a
1218 1843 1319 1897 [ide
1353 1859 1581 1912 prorsus
1612 1844 1809 1906 aliena,
1852 1844 1930 1897 sic

354 1952 480 1987 cum
514 1935 836 1988 inﬁdelitate
865 1935 1157 2003 conjuncta
1204 1942 1351 1988 sunt.
1392 1934 1529 1991 Cum
1557 1933 1701 1988 enim
1738 1932 1931 1989 diebus

358 2027 592 2096 singm‘is
622 2028 931 2087 abluantur,
964 2028 1047 2081 vel
1093 2042 1190 2082 sua
1223 2027 1328 2095 ipsi
1375 2026 1710 2081 conscientia
1743 2025 1933 2081 redar-

357 2122 617 2180 guuntur,
671 2127 887 2165 omnem
924 2112 1067 2166 illam
1090 2152 1103 2176 ,
1140 2128 1305 2182 quam
1336 2112 1511 2182 pridie
1547 2121 1928 2181 conceperant,

358 2217 508 2271 spem
535 2216 659 2255 cum
688 2202 792 2256 ﬁde
817 2210 977 2271 atque
1006 2203 1314 2272 expiatione
1349 2203 1671 2274 perdidisse.
1714 2201 1848 2255 Nam
1885 2203 1932 2256 si

356 2308 524 2347 nutum
561 2292 828 2347 duntaxat
858 2293 1184 2363 baptismum
1224 2301 1492 2359 tenerent,
1530 2294 1583 2348 in
1630 2309 1695 2349 eo
1724 2293 1934 2349 ﬁduciae

356 2384 563 2453 aliquid
605 2391 792 2454 utpote
819 2393 1074 2455 perpetuo
1103 2393 1268 2454 atque
1297 2385 1626 2451 immortali,
1662 2385 1934 2440 collocare

355 2482 599 2545 possent.
627 2474 746 2529 Jam
780 2491 907 2530 vero
938 2476 1030 2545 qui
1077 2476 1237 2531 hodie
1268 2491 1377 2533 non
1423 2476 1656 2530 curandi
1684 2475 1933 2545 corporis

355 2567 552 2637 gratia,
590 2566 686 2621 sed
720 2566 787 2619 ad
827 2566 1095 2636 expianda
1139 2567 1343 2621 scelera
1374 2566 1467 2627 loti
1519 2575 1676 2633 sunt,
1711 2567 1933 2636 quibus-

358 2672 463 2723 quc
491 2656 611 2709 ideo
637 2663 951 2724 repurgata,
974 2665 1031 2708 ut
1058 2655 1160 2725 ipsi
1195 2663 1466 2719 statuunt,
1494 2657 1678 2710 omnia
1703 2672 1826 2713 esse
1842 2656 1935 2712 de—

358 2747 486 2799 bent
515 2763 527 2797 :
560 2746 719 2800 iidem
750 2760 874 2799 cum
920 2746 1182 2815 postridie
1221 2762 1439 2801 rursum
1488 2747 1807 2812 abluuntur,
1840 2747 1935 2801 de—

359 2834 569 2888 clarant
604 2832 845 2903 profecto
876 2834 1190 2889 hesternum
1231 2834 1382 2889 illum
1429 2836 1757 2905 baptismum
1805 2850 1933 2891 eva-

358 2926 564 2981 nuisse.
598 2924 712 2979 Nisi
761 2926 904 2980 enim
957 2926 1058 2981 iste
1094 2926 1378 2996 periisset,
1410 2927 1546 2982 nihil
1590 2937 1710 2983 erat
1740 2943 1839 2982 cur
1868 2928 1935 2982 ad

1765 257 1825 312 S.
1861 253 2151 311 EPIPIIAN
2161 253 2203 306 ll

1948 382 1995 429 A

3489 249 3617 310 256-

2301 365 2485 418 ΚΑΤΑ
2525 360 3148 418 ιιιιΕΡοΒΑιιτιΣτοΝ
3170 361 3313 430 (ιο),

2030 475 2279 545 Τετάρτῃ
2310 477 2548 545 αἵρεσις
2583 476 2699 529 ἀπὸ
2735 476 2838 545 τοῦ
2882 474 3273 545 Ἰοιιδαῒσμοῦ,
3315 476 3600 533 ἑπτακαι-

2410 543 2624 611 δεκάτη
2658 545 2726 597 δὲ
2759 544 2831 612 τῇ
2859 543 3206 601 ἀκολουθία.

2098 658 2331 721 Ταύταις
2368 659 2423 711 δὲ
2471 658 2760 711 συνέπεταί
2818 677 2903 722 τις
2951 660 3161 732 αἵρεσις
3200 659 3602 731 Ἦμεροϐαπτι-

2028 751 2187 815 στῶν,
2229 749 2371 802 οὕτω
2424 749 2750 820 καλουμένη,
2806 749 2971 820 μηδὲν
3010 753 3108 820 μὲν
3143 750 3599 821 παραλλάττουσα

2024 841 2133 894 τῶν
2153 841 2348 906 ἄλλων,
2373 838 2488 893 ἀλλ’
2512 840 2603 893 ῐσα
2632 838 2740 891 τῶν
2768 839 3145 910 Γραμματέων
3166 841 3260 892 καὶ
3284 840 3598 911 Φαρισαίων

2028 930 2302 1006 φρονοῦσα
2321 948 2335 962 ο
2368 932 2428 984 οὐ
2463 931 2569 1003 μὴν
2592 930 2909 1001 ἐξισουμὲνη
2939 932 3049 993 τοῖς
3079 929 3457 993 Σαδδουκαίοις
3483 930 3596 1001 (Η)

2028 1025 2085 1075 ὲν
2121 1024 2185 1092 τῇ
2214 1020 2321 1073 τῶν
2354 1019 2561 1091 νεκρῶν
2591 1019 2883 1073 ἀναστάσει
2912 1020 3090 1089 μόνον,
3118 1018 3253 1073 ἀλλὰ
3271 1023 3337 1090 τῇ
3370 1020 3598 1092 ἀπιστίᾳ

2028 1114 2121 1167 καὶ
2147 1116 2259 1176 τοῖς
2287 1112 2481 1176 ἄλλοις.
2539 1112 2709 1164 Τοῦτο
2736 1112 2791 1164 δὲ
2820 1111 3069 1182 περιττὸν
3112 1110 3248 1182 αὕτη
3282 1111 3594 1183 κεκτημένη

2025 1204 2061 1272 ἡ
2093 1202 2302 1271 αἵρεσις
2322 1216 2335 1231 °
2370 1199 2445 1262 ὼς
2472 1200 2529 1252 ἐν
2559 1199 2681 1270 ἔαρί
2711 1217 2769 1251 τε
2805 1201 2897 1252 καὶ
2932 1199 3247 1271 μετοπώρῳ,
3284 1199 3512 1271 χειμῶνί
3539 1217 3601 1254 τε

2028 1294 2121 1346 καὶ¹
2146 1292 2290 1363 θέρει
2309 1292 2535 1345 πάντοτε
2547 1291 2867 1362 καθημέραν
2893 1291 3245 1361 βαπτίζεσθαι
3266 1309 3281 1322 ’
3306 1293 3427 1346 ὅθεν
3453 1293 3549 1346 καὶ
3580 1293 3598 1324 ¹

2041 1381 2549 1454 Ἦμεροϐαπτιστὰν
2604 1382 2790 1451 εἴληφε
2836 1382 2933 1452 τὴν
2975 1382 3309 1452 ἐπωνυμίαν.
3354 1383 3600 1450 Ἔφασκε

2028 1474 2136 1545 γὰρ
2168 1472 2305 1543 αὕτη
2347 1472 2521 1535 ἄλλως
2568 1490 2689 1535 πως
2717 1473 2790 1543 μὴ
2811 1468 2946 1524 εἶναι.
2985 1470 3083 1542 ζῇν
3113 1472 3406 1544 ἀνθρώπῳ,
3442 1474 3488 1525 εί
3524 1473 3601 1542 μή

2028 1579 2080 1615 τι
2113 1563 2221 1633 ἄρα
2250 1560 2371 1615 καθ’
2404 1560 2640 1630 ἑκάστην
2661 1559 2874 1630 ἡμέραν
2902 1558 3212 1628 βαπτίζοιτό
3227 1575 3311 1621 τις
3340 1560 3397 1610 ὲν
3423 1556 3602 1620 ὕδατι,

2029 1651 2422 1721 ἀπολουόμενός
2445 1667 2503 1702 τε
2537 1649 2630 1702 καὶ
2661 1648 3010 1717 ἁγνιζόμενος
3044 1648 3150 1702 ἀπὸ
3179 1648 3358 1717 πάσης
3398 1646 3600 1708 αἰτίαςι

1960 1714 2001 1767 Β
2102 1714 2495 1815 Πρὸς-ταύτην
2532 1740 2588 1792 δὲ
2635 1714 2728 1794 καλ.
2776 1714 2944 1810 αὐτὴν
2983 1739 3041 1805 ἐξ
3099 1739 3218 1802 ἐνὸς
3262 1714 3420 1806 λόγου
3469 1740 3604 1808 ἡμῖν

2032 1832 2311 1903 ἀνατροπὴ
2336 1832 2625 1900 γενήσεται
2647 1848 2659 1863 ι
2695 1830 2776 1883 ὅτι
2810 1828 3063 1891 ἀπιστίας
3098 1831 3224 1901 παρ’
3255 1830 3435 1891 αὐτοῖς
3468 1829 3602 1898 μᾶλ-

2032 1923 2120 1976 λον
2146 1923 2178 1993 ἢ
2214 1921 2447 1983 πίστεως
2475 1921 2524 1972 οἱ
2560 1919 2729 1987 λόγοι.
2774 1918 3013 1989 Ἐλέγχει
3045 1919 3151 1990 γὰρ
3184 1919 3381 1982 αὐτοὺς
3412 1920 3446 1988 ἡ
3478 1935 3605 1971 συν-

2033 2014 2239 2083 είδησις
2270 2010 2448 2065 αὐτῶν
2496 2010 2618 2063 καθ’
2648 2009 2884 2081 ἑκάστην
2916 2011 3128 2080 ἡμέραν
3168 2008 3601 2078 βαπτιζομένων,

2031 2105 2106 2167 ὡς
2126 2106 2208 2158 ὅτι
2238 2106 2270 2175 ἡ
2302 2102 2456 2165 ἐλπὶς
2480 2102 2579 2172 τῆς
2606 2101 2731 2172 χθὲς
2754 2101 2968 2175 ἡμέρας
2993 2102 3121 2171 παρ’
3148 2101 3325 2162 αὐτοῖς
3347 2099 3508 2168 τέθνγ,
3524 2117 3602 2163 ιε,

2034 2196 2127 2251 καὶ
2155 2197 2188 2266 ή
2219 2194 2400 2257 πίστις
2431 2210 2491 2246 τε
2526 2195 2618 2246 καὶ
2666 2194 2694 2245 ὁ
2723 2193 3005 2264 ἁγνισμός.
3046 2194 3109 2245 Εἰ
3158 2192 3256 2261 μὲν
3287 2191 3393 2261 γὰρ
3422 2192 3478 2243 ὲν
3521 2191 3605 2244 ἑνὶ

2036 2287 2370 2357 βαπτίσματι
2392 2285 2686 2355 ἐστοίχουν,
2708 2285 2816 2355 ἄρα
2838 2284 3101 2356 ἐθάρρουν
3127 2282 3320 2353 τούτῳ,
3343 2283 3415 2345 ὡς
3440 2278 3605 2345 ζῶντι

2034 2380 2128 2433 καὶ
2155 2376 2406 2449 ἀθανάτῳ
2446 2377 2557 2431 ὄντι
2596 2378 2671 2440 είς
2701 2377 2793 2430 τὸν
2842 2376 3040 2429 αἱῶνσι⁹
3073 2374 3234 2435 ὁπότε
3269 2375 3323 2427 δὲ
3364 2376 3603 2444 σήμερον

2038 2470 2137 2539 μὲν
2184 2468 2468 2522 ἐλούσαντο
2514 2468 2611 2536 οὐχ
2649 2466 2833 2521 ’ἐνεκεν
2876 2466 3123 2530 πλύσεως
3158 2464 3428 2536 σώματος,
3466 2464 3604 2518 ἀλλὰ

2033 2561 2217 2612 ἕνεκεν
2252 2559 2683 2629 ἁμαρτημάτων,
2719 2557 2826 2628 ἄρα
2863 2560 2981 2611 κατ’
3012 2558 3208 2619 αὐτοὺς
3243 2555 3598 2626 ἐκαθαρίσθη.

2034 2646 2200 2712 Αὖθις
2246 2649 2303 2709 δὲ
2339 2651 2405 2718 τῇ
2448 2644 2572 2719 ἑξῆς
2620 2648 2781 2703 πάλιν
2809 2647 3105 2718 λουόμενοι,
3148 2649 3495 2717 ἀπεφήναντο
3544 2646 3605 2697 τὸ

2036 2741 2303 2813 παρελθὸν
2335 2741 2392 2795 ὲν
2421 2743 2486 2810 τῇ
2521 2740 2646 2810 χθὲς
2677 2740 2925 2792 τεθνάναι
2954 2740 3255 2809 βάπτισμα.
3285 2739 3347 2790 Εί
3381 2736 3456 2807 μὴ
3496 2738 3606 2804 γὰρ

2033 2835 2095 2889 τὸ
2134 2834 2240 2905 πρὸ
2270 2836 2398 2902 μιᾶς
2426 2832 2725 2902 ἐτεθνήκει,
2749 2832 2849 2885 οὐκ
2894 2830 2959 2885 ἂν
2994 2834 3073 2894 είς
3110 2831 3206 2901 τὴν
3251 2830 3374 2900 ἑξῆς
3413 2829 3600 2899 ἐτέρου

2036 2925 2318 2980 ἐπεδέοντο
2365 2925 2501 2996 πρὸς
2548 2924 2887 2994 καθαρισμὸν
2935 2921 3364 2993 ἁμαρτημάτων.
3404 2921 3515 2973 Καὶ
3554 2920 3603 2972 ei

358 3018 647 3071 criminum
694 3018 1054 3086 expiationem
1112 3018 1291 3073 denuo
1334 3019 1485 3072 illum
1535 3026 1753 3089 postera
1809 3019 1930 3074 luce

2036 3019 2173 3081 ὅλως
2201 3018 2303 3071 οὐκ
2340 3017 2632 3086 ἀπέχονται
2659 3014 2753 3068 τοῦ
2785 3015 3138 3086 ἁμαρτάνειν,
3158 3012 3490 3084 νομίζοντες,
3522 3013 3604 3066 ὅτι

358 3114 681 3177 repeterent.
726 3107 877 3173 Quod
908 3108 955 3163 si
986 3123 1211 3178 peccare
1238 3110 1460 3164 omnino
1483 3125 1593 3165 non
1634 3109 1928 3176 desinunt;

358 3198 781 3266 existimantquc
810 3212 891 3262 se,
931 3212 1052 3251 cum
1089 3206 1346 3267 perpetuo
1371 3214 1434 3253 ac
1471 3200 1662 3254 diebus
1686 3198 1933 3269 {singulis

360 3292 605 3356 peccent,
641 3286 848 3356 expiari
879 3302 1020 3357 aqua
1050 3304 1229 3357 posse,
1261 3289 1607 3345 vehementer
1652 3292 1929 3355 aberrant,

361 3392 460 3432 nec
497 3385 580 3433 est
606 3394 793 3432 eorum
824 3379 1073 3435 instituto
1102 3382 1297 3437 vanius
1327 3394 1419 3437 aut
1458 3382 1752 3439 absurdius
1775 3383 1935 3453 quid-

360 3486 544 3540 quam.
589 3471 796 3525 Etenim
840 3488 1014 3542 neque
1048 3471 1294 3532 Oceanus
1341 3475 1490 3546 ipse,
1531 3492 1709 3547 neque
1759 3476 1932 3530 maria

361 3561 578 3627 omnia;
631 3577 806 3629 neque
855 3577 1118 3631 perennes
1168 3564 1454 3620 ﬂuviorum
1489 3580 1664 3636 aquae,
1696 3567 1777 3622 vel
1810 3566 1933 3622 fon-

361 3653 530 3721 tium;
582 3669 757 3724 ncque
802 3655 1066 3726 quidquid
1112 3659 1321 3728 uspiam
1366 3659 1677 3730 pluviarum
1719 3667 1839 3725 est,
1885 3659 1932 3715 si

431 3806 449 3838 ¹
479 3806 642 3866 Forte
681 3810 813 3881 Ἦμε
825 3810 1210 3881 ροΰαπτιστῶν,

428 3966 540 4038 (10)
648 3966 1217 4038 Ἦμεροόαπτιστῶνε
1319 3967 1619 4038 Commune
1715 3964 1930 4038 ludatis

358 4036 649 4099 omnibus,
695 4046 750 4092 et
786 4036 858 4093 in
904 4040 1093 4109 primis
1156 4036 1446 4109 Phariszeis
1493 4037 1663 4092 fuisse
1714 4036 1931 4089 Marcus

359 4109 689 4177 evangelista
724 4119 951 4162 testatur
1000 4124 1116 4177 cap.
1165 4124 1263 4170 vn,
1302 4108 1335 4159 5
1368 4118 1421 4162 et
1470 4109 1523 4170 ι,
1560 4116 1617 4160 ιιι
1650 4113 1704 4177 et
1737 4117 1931 4177 manus

362 4175 673 4243 frequenter
719 4178 1021 4236 abluerent,
1050 4175 1098 4231 et
1134 4193 1161 4229 a
1204 4178 1321 4229 foro
1354 4178 1643 4231 redeuntes
1688 4175 1932 4243 baptiza-

361 4242 569 4314 rcntur.
601 4246 781 4309 Quare
813 4262 921 4300 non
952 4248 1166 4299 videtur
1195 4247 1481 4314 peculiaris
1518 4247 1631 4301 haec
1663 4251 1809 4314 secta
1840 4242 1933 4314 Ju-

363 4312 601 4366 daeornm
633 4315 942 4379 exstitisse;
979 4315 1084 4369 nisi
1120 4312 1208 4367 ita
1238 4317 1483 4369 dicamus
1514 4313 1807 4370 nonnullos
1835 4313 1928 4382 qui

2034 3111 2098 3164 τὸ
2148 3110 2293 3180 ὓδωρ
2336 3108 2619 3179 καθαρίσει
2681 3108 2806 3171 τοὺς
2857 3107 3143 3177 ἐνδελεχῶς
3198 3106 3317 3160 καθ’
3368 3106 3605 3175 ἑκάστην

2037 3202 2476 3274 ἁμαρτάνοντας,
2531 3200 2757 3270 μάταιος
2807 3199 2983 3253 αὐτῶν
3023 3202 3054 3269 ἠ
3101 3199 3362 3261 ὑπόνοια,
3400 3199 3497 3251 κα)⁸
3545 3197 3606 3251 τὸ

2036 3296 2370 3365 ἐπιτήδευμα
2414 3292 2640 3365 φροῦδον
2685 3292 2780 3344 καὶ
2803 3291 2988 3346 ἕωλον.
3021 3289 3157 3345 Οὔτε
3196 3291 3303 3361 γὰρ
3334 3290 3604 3356 Ὠκεανὸς,

2036 3387 2158 3441 οὔτε
2188 3386 2364 3440 πάντα
2392 3384 2458 3437 τὰ
2493 3383 2681 3457 ῥεῖθρα
2710 3382 2804 3437 καὶ
2850 3382 3081 3453 πελάγη,
3122 3381 3357 3452 ποταμοί
3383 3399 3442 3433 τε
3479 3382 3608 3433 ἀέν-

2038 3496 2155 3533 ναοι
2185 3479 2276 3531 καὶ
2309 3477 2510 3546 πηγαὶ,
2552 3475 2704 3528 πᾶσά
2730 3491 2787 3526 τε
2827 3476 2860 3543 ἡ
2899 3472 3230 3544 ὀμϐροτόκος
3271 3472 3431 3540 φύσις
3479 3489 3608 3525 σνν-

2039 3568 2267 3622 ελθοῦσα
2303 3567 2524 3620 δύναται
2568 3566 2939 3637 ἁμαρτήματα
2981 3563 3272 3632 ἀφανίσαι·
3312 3563 3611 3634 ἐπειδήπερ

2039 3660 2099 3714 οὺ
2125 3658 2267 3717 κατὰ
2303 3658 2480 3729 λόγον,
2518 3657 2639 3720 οὐδὲ
2668 3657 2731 3710 ὲκ
2765 3654 3182 3726 προστάγματος
3203 3653 3340 3707 Θεοῦ
3376 3657 3613 3721 γίνεται,

2031 3962 2229 4038 τῶν
2257 3965 2463 4038 νεκρῷν
2501 3965 2813 4034 ἀναστάσει,
2846 3967 2979 4038 ἀλλὰ
3003 3969 3082 4038 ,τῇ
3115 3968 3342 4038 ἀπιστία
3373 3968 3466 4020 καὶ
3496 3971 3607 4031 τοῖς

2031 4021 2229 4106 ᾇλλοις.
2271 4021 2375 4088 Sed
2407 4035 2530 4106 hanc
2563 4021 2951 4106 sententia'ab
3000 4021 3089 4101 iis,
3132 4052 3252 4105 qua:
3285 4023 3445 4106 paulo
3485 4021 3612 4094 ante

2033 4104 2321 4174 leguntur;
2358 4112 2471 4158 tum
2521 4105 2575 4157 in
2610 4105 2889 4162 Breviario
2930 4104 3202 4161 sectarum
3254 4104 3417 4175 hujus
3464 4108 3609 4172 libri,

2034 4181 2088 4245 et
2148 4175 2228 4245 _in
2278 4175 2660 4245 universarum
2750 4176 3192 4245 Anacephalmosi
3262 4177 3610 4245 reperiuntur

2031 4244 2099 4297 ab
2148 4243 2473 4313 Epiphanio,
2527 4244 2876 4317 vehementer
2929 4243 3172 4301 dissidet.
3220 4243 3610 4317 Nanrnbique

2033 4322 2348 4385 constanter
2385 4315 2666 4385 asseritur,
2701 4313 3198 4385 Hemerobaptistas
3229 4331 3258 4369 a
3289 4314 3496 4371 Iudaeis
3522 4313 3610 4372 re—

364 4396 423 4434 se
471 4384 757 4456 sanctitate
807 4368 1062 4456 praestare
1110 4383 1321 4438 caeteris
1367 4368 1580 4449 vellent,
1616 4398 1723 4446 non
1768 4368 1927 4456 modo
1964 4368 2379 4456 D'liquisrnulla
2414 4368 3036 4456 in_parte'_discreparer;
3074 4368 3608 4456 s‘iyéyutn’déidc'o

363 4451 578 4521 quoties
625 4467 655 4503 a
700 4451 817 4505 foro
857 4453 1117 4517 redirent,
1152 4468 1336 4506 verum
1373 4456 1536 4505 etiam
1575 4452 1790 4506 tametsi
1839 4468 1931 4521 pe-

363 4521 486 4573 dem
534 4519 695 4591 domo
731 4522 1226 4591 nonextulissent.
1272 4522 1339 4575 de
1383 4521 1478 4591 die,
1513 4524 1712 4591 srepius
1751 4519 1931 4591 lavare

364 4590 736 4645 consuevisse.
769 4588 1088 4658 Cujusmodi
1128 4589 1309 4644 Banus
1339 4591 1429 4645 ille
1461 4588 1703 4655 fuit,'cui
1737 4607 1795 4645 se
1838 4590 1930 4644 Jo-

364 4660 566 4727 scphus
606 4661 658 4713 in
691 4660 1031 4730 disciplinain
1060 4660 1389 4730 tradidit,-ut
1421 4661 1472 4713 in
1500 4659 1622 4714 Vita
1662 4676 1759 4715 sua
1789 4662 1926 4713 seri-

365 4739 514 4798 ptum
583 4728 845 4800 reliquitI
877 4728 1033 4801 liunc
1056 4797 1065 4801 Α
1091 4730 1233 4782 enim
1271 4729 1493 4801 refert.
1525 4730 1717 4801 ψυχρῷ
1776 4730 1926 4801 ὕδατι

362 4797 460 4881 τὴν
489 4797 722 4883 ἡμέραν,
749 4801 849 4883 καὶ
884 4800 981 4880 τῂν
1008 4797 1178 4883 νύκτα
1203 4797 1457 4883 πολλάκις
1486 4797 1933 4883 λουόμενον-πρὸς

362 4867 717 4936 ἁγνείανζὸἰο
749 4867 1107 4936 Εεεειιῖιψιιιι
1141 4867 1390 4939 eumdem
1417 4867 1709 4939 Josephum
1741 4867 1929 4934 libfn,

365 4955 483 5010 cap.
520 4940 547 4991 7
572 4957 777 5010 corpus
811 4950 937 4995 ante
980 4940 1160 5010 cibum
1207 4938 1499 5010 abluebant
1530 4938 1740 5009 frigida.
1793 4941 1931 5004 Quid

368 5009 529 5073 igitur
570 5007 1052 5079 llemerobaptistae
1081 5007 1177 5073 illi,
1198 5022 1351 5079 quos
1381 5007 1714 5079 Epiphanius
1746 5011 1930 5072 rel’ert,

369 5082 681 5143 meruerint,
713 5091 769 5133 ut
814 5078 1126 5134 distinctam
1157 5078 1224 5132 ab
1250 5079 1373 5132 aliis
1403 5086 1604 5131 sectam
1634 5078 1930 5141 ellicerent,

370 5160 475 5197 non
511 5148 645 5199 satis
673 5150 1052 5206 discernimus.

439 5218 451 5292 ς
468 5213 482 5263 Ι
503 5214 549 5282 1)
582 5219 661 5268 Οὐ
685 5219 811 5292 μὴν
832 5218 1192 5292 ἐξισοιομέ-νη
1222 5217 1341 5282 τοῖς
1358 5214 1802 5292 Σαδδουκαίοις,
1830 5216 1931 5292 Qui

372 5287 543 5349 prima
589 5287 769 5350 specie
795 5289 1080 5341 verborum
1110 5290 1336 5341 istorum
1366 5302 1560 5339 sensus
1592 5287 1852 5347 occurrit,
1889 5288 1932 5341 is

368 5358 472 5414 est,
502 5367 659 5426 quem
689 5368 795 5426 non
829 5356 988 5426 modo
1019 5372 1118 5410 nos
1153 5360 1274 5426 ipsi,
1311 5357 1404 5411 sed
1433 5357 1595 5410 etiam
1634 5355 1933 5409 Cornarius

369 5424 657 5489 expressit.
697 5422 1189 5495 llemerohaptistas
1226 5444 1332 5480 non
1392 5429 1567 5482 solum
1601 5426 1654 5478 in
1688 5426 1933 5495 neganda

374 5500 707 5563 unci-tuorum
759 5493 1176 5553 resurrectione,
1206 5512 1389 5549 verum
1438 5498 1490 5549 in
1533 5496 1737 5563 reliqua
1765 5493 1931 5548 ὀιιιιιί

372 5556 679 5626 dogmatum
716 5563 950 5616 falsitate
983 5563 1312 5618 concordare
1343 5583 1464 5618 cum
1494 5556 1824 5619 Satldumcis.
1858 5566 1931 5617 0'3

350 5629 481 5706 ’μὴν
510 5630 827 5704 ἐξισουμένη
873 5632 1051 5704 μόνον,
1083 5630 1274 5699 inquit,
1303 5639 1411 5697 τοῖς
1463 5636 1835 5698 Σαδδουκαίοις
1877 5638 1931 5688 ἐν

2033 4454 2270 4523 scripsit,
2293 4469 2322 4507 a
2348 4453 2557 4508 Scribis
2580 4462 2633 4508 et
2662 4452 2974 4511 Pharisaeis.
3007 4455 3158 4520 Quod
3182 4456 3227 4509 si
3252 4471 3602 4511 communem

2032 4537 2155 4575 cum
2198 4523 2513 4578 Sadducaais
2557 4523 2897 4592 negationem
2946 4525 3365 4581 resurrectionis
3404 4526 3608 4581 habue-

2031 4594 2164 4662 rint,
2207 4594 2421 4661 aliaque
2466 4593 2740 4662 dogmata,
2769 4596 2967 4661 quibus
3011 4595 3099 4649 isti
3142 4610 3171 4647 a
3224 4594 3517 4650 Pharisaais
3554 4605 3601 4648 et

2036 4661 2243 4716 Scribis
2273 4661 2559 4731 tantopere
2581 4663 2966 4725 abhorrebant,
3013 4672 3071 4716 ut
3116 4664 3182 4717 ad
3228 4664 3607 4721 Samaritanos

2034 4733 2374 4800 accederent.
2419 4732 2871 4800 quemadmodum
2917 4734 2970 4787 in
3020 4734 3235 4787 illorum
3277 4733 3606 4791 declaranda

2034 4799 2224 4855 lueresi
2260 4799 2487 4855 testatus
2525 4810 2639 4865 est;
2683 4804 2925 4869 proferto
2971 4805 3198 4856 multum
3250 4819 3373 4855 cum
3415 4818 3444 4856 a
3480 4807 3607 4859 reli-

2034 4872 2157 4937 quis
2199 4869 2507 4925 Judaiorum
2556 4872 2899 4934 factionibus,
2939 4882 3049 4925 tum
3102 4887 3132 4924 a
3185 4870 3496 4935 Pharismis,
3544 4890 3607 4929 ac

2038 4940 2245 4995 Scribis
2296 4940 2778 5008 llemerobaptistze
2832 4942 3066 5009 separati
3117 4951 3265 4996 sunt.
3333 4941 3465 5007 Quae
3523 4958 3610 4997 me
3666 4974 3677 4983 -

2035 5011 2175 5063 ratio
2209 5020 2531 5071 commovet,
2579 5019 2637 5062 ut
2682 5011 2836 5063 aliter
2885 5012 3170 5080 Epiphanii
3225 5014 3394 5067 verba
3440 5012 3611 5067 inter-

2034 5081 2295 5147 pretanda
2350 5081 2609 5148 judicem,
2667 5081 2908 5147 adeoque
2954 5082 3229 5136 contrario
3278 5098 3441 5136 sensu
3485 5101 3497 5136 :
3545 5097 3612 5137 ac

2037 5150 2186 5221 prior
2211 5150 2325 5221 Wille
2366 5156 2470 5221 est,
2521 5165 2679 5221 quam
2703 5150 2767 5221 in
2796 5148 2986 5210 Latina
3020 5151 3270 5206 versione
3316 5153 3494 5221 posui.
3530 5153 3607 5205 Οὐ

2038 5219 2142 5287 μὴν
2175 5219 2515 5288 ἐξισουμξνη,
2565 5219 2761 5286 inquit,
2792 5222 2901 5282 τοῖς
2932 5219 3330 5284 Σαδδουκαίοιςῖ
3364 5221 3489 5275 Νοιι
3525 5233 3609 5275 ta-

2037 5304 2176 5360 men_
2210 5306 2325 5342 cum
2361 5287 2695 5342 ’Saddnca'is
2743 5304 3052 5358 congruens,
3092 5294 3194 5344 hoc
3254 5307 3361 5345 uno
3406 5294 3608 5360 capite,

2037 5357 2179 5425 quod
2222 5366 2558 5413 mortuorum
2605 5357 3062 5413 resurrectionem
3113 5377 3240 5422 non,
3287 5370 3345 5413 ut
3380 5357 3489 5416 illis
3523 5363 3606 5414 vi-

2037 5441 2156 5499 sum
2185 5435 2288 5491 est,
2325 5429 2575 5499 abneget,
2606 5442 2912 5496 quanquam
2950 5430 3156 5499 reliqua
3190 5432 3243 5483 in
3273 5432 3523 5499 perﬁdia.
3555 5440 3608 5485 et

2038 5496 2299 5551 adversus
2344 5497 2619 5551 Christum
2666 5499 2934 5566 prmcipue
2985 5496 3347 5564 contumacia,
3395 5500 3611 5555 Saddu-

2038 5581 2294 5644 carorum,
2320 5583 2381 5620 ac
2428 5578 2739 5623 cactcrarum
2776 5568 3039 5624 Judaismi
3073 5580 3347 5625 haerescon
3391 5572 3609 5642 gemina

2038 5644 2128 5689 διι.
