3968 6112
433 255 541 323 959

1801 234 1804 236 ⁷
1855 248 1914 318 S.
1946 249 2285 321 EPIPHANII

3582 267 3692 327 260

440 380 723 453 Scriptura
754 377 1021 447 meminit,
1047 379 1193 435 unde
1227 387 1283 437 et
1314 379 1508 435 horum
1562 379 1856 452 appellatio
1875 420 1892 446 ,
1952 388 2004 437 et

2111 380 2220 452 γὰρ
2242 379 2595 452 περὶτούτων
2621 378 2696 453 μὴ
2717 379 3000 452 λεγούσης,
3024 379 3187 435 πόθεν
3217 378 3402 443 αὐτοῖς
3427 379 3458 450 ἠ
3488 380 3694 447 γνῶσις

435 472 651 542 egregia
676 470 849 525 virtus
878 469 984 525 nisi
1004 484 1071 523 ex
1102 468 1211 524 illis
1240 469 1613 525 voluminibus
1641 469 1860 540 cognita
1889 484 2015 526 esse

435 563 706 633 potuerit?
733 560 838 628 Qui
879 575 1046 632 porro
1094 561 1351 618 convenit
1405 562 1689 618 veritatem
1737 561 1793 617 in
1847 576 2014 617 unum

434 669 557 707 cum
587 653 828 709 falsitate
856 654 1233 710 concurrere?
1275 654 1636 725 eamdemque
1673 653 2013 724 Scripturam

433 745 632 814 partim
667 760 819 809 vera,
868 746 1066 816 partim
1112 745 1249 801 falsa
1278 745 1532 816 jactare?
1576 761 1702 801 cum
1759 745 2014 801 Salvator

431 836 634 889 dixrrit
662 855 674 890 :
698 835 806 888 Aut
825 835 983 905 facite
1004 835 1246 890 arborem
1269 837 1481 903 bonam,
1507 844 1557 891 et
1583 837 1789 907 fructus
1814 836 1975 892 bona:
1994 853 2013 891 :

433 934 527 978 aut
559 925 799 980 arborem
841 925 1041 979 malam
1062 968 1076 995 ,
1120 936 1171 981 et
1206 927 1411 996 fructus
1441 927 1633 984 malos.
1666 925 1848 1000 Neque
1873 929 2015 984 enim

432 1026 599 1084 potest
629 1016 788 1072 arbor
818 1017 955 1072 bona
978 1018 1147 1072 malos
1177 1018 1384 1088 fructus
1425 1018 1632 1085 facere,
1665 1034 1827 1089 neque
1856 1020 2017 1075 arbor

432 1107 577 1160 mala
604 1107 621 1137 ί
650 1107 812 1162 bonos
843 1109 1050 1177 fructus
1087 1108 1282 1176 facere.
1309 1109 1420 1181 39
1455 1109 1725 1177 Quocirca
1780 1111 2016 1167 vanissi-

432 1212 581 1250 tuum
618 1198 811 1253 horum
858 1198 1140 1253 hominum
1175 1199 1453 1270 ingenium
1496 1207 1614 1267 est;
1660 1199 2017 1271 doctrinaque

433 1288 551 1357 ipsa
585 1291 772 1345 multis
798 1305 863 1344 ex
901 1290 1175 1360 capitibus
1220 1291 1389 1346 everti
1437 1305 1501 1345 ac
1531 1290 1762 1346 refutari
1810 1298 2012 1363 potest.

429 1377 741 1435 Prmertim
776 1396 901 1436 cum
946 1381 1001 1434 in
1047 1381 1371 1436 hodiernum
1412 1397 1589 1451 usque
1644 1391 1858 1452 tempus
1904 1397 2015 1437 non

429 1464 593 1519 modo
626 1467 975 1522 celebrentur
998 1482 1085 1532 ea,
1119 1483 1241 1540 quae
1264 1470 1331 1525 iis
1364 1469 1419 1524 in
1443 1470 1600 1526 libris
1628 1480 1779 1541 gesta
1805 1485 2013 1527 memo-

428 1563 655 1623 rantur;
689 1558 785 1613 sed
816 1566 870 1613 et
923 1560 1158 1629 ipsamet
1195 1562 1318 1616 loca
1366 1570 1865 1632 repraesententur,
1918 1563 2015 1619 ubi

426 1646 748 1701 admiranda
770 1650 862 1703 illa
887 1651 1136 1720 prodigia
1155 1652 1524 1722 contigerunt.
1555 1653 1611 1707 In
1641 1653 1835 1724 primis
1855 1669 2013 1710 mons

2114 471 2216 543 τῆς
2241 471 2354 524 τῶν
2391 470 2646 544 πατέρων
2681 471 2978 543 ὀνομασίας
3007 472 3103 527 καὶ
3133 470 3413 543 ἀριστείας
3441 473 3490 524 εξ
3523 472 3600 542 μὴ
3630 471 3694 540 ἑξ

2115 561 2296 616 αὐτῶν
2327 560 2438 617 τῶν
2471 562 2708 636 Γραφῶν
2730 563 2833 635 τῆς
2859 562 3233 635 Πεντατεύχου
3254 579 3270 631 ;
3292 563 3403 617 Καὶ
3436 562 3554 627 πῶς
3579 558 3695 619 οἷόν

2113 671 2175 708 τε
2205 656 2262 709 ὲν
2291 654 2477 729 ταυτῷ
2514 651 2655 710 εἶναι
2684 655 2883 727 ἀληθὲς
2919 656 3015 711 καὶ
3042 655 3270 727 ψεῦδοςς
3296 656 3390 710 καὶ
3427 656 3487 709 ἐν
3532 654 3697 728 μέρει

2113 741 2212 814 τὴν
2247 743 2471 815 Γραφὴν
2504 743 2813 814 ἀληθεύειν,
2844 746 2906 799 ὲν
2939 743 3098 817 μέρει
3141 743 3201 798 δὲ
3240 742 3568 816 ψεύδεσθαις
3594 745 3696 800 τοῦ

2108 834 2371 907 Σωτῆρος
2393 834 2645 905 λέγοντος
2663 852 2678 867 ο
2714 836 2791 891 ’Ἡ
2822 834 3114 904 ποιήσατε
3156 834 3226 890 τὸ
3256 834 3512 905 δένδρον
3543 838 3699 909 ἀττι-

2115 925 2243 992 θὸν,
2292 927 2392 982 καὶ
2434 927 2579 995 τοὺς
2607 928 2879 997 καρποὺς
2925 927 3186 999 ἀγαθοὺς
3203 966 3220 995 ,
3251 928 3292 998 ἢ
3334 927 3405 984 τὸ
3424 928 3700 1000 ,δένδρον

2113 1019 2373 1087 σαπρὸν,
2398 1018 2499 1076 καί
2537 1018 2681 1087 τοὺς
2707 1019 2975 1088 καρποὺς
3009 1020 3303 1089 σαπρούς.
3330 1022 3414 1075 Οὐ
3445 1019 3698 1077 δύναται

2115 1111 2226 1183 γὰρ
2262 1110 2516 1181 δένδρον
2570 1112 2798 1181 ἀγαθὸν
2844 1110 3079 1181 καρπὸν
3123 1114 3361 1181 σαπρὸν
3406 1112 3656 1182 ποιῆσαι
3675 1142 3694 1179 ο

2115 1201 2260 1256 οὐδὲ
2286 1201 2539 1271 δένδρον
2566 1204 2804 1273 σαπρὸν
2829 1202 3097 1273 καρποὺς
3125 1202 3388 1275 ἀγαθοὺς
3419 1202 3692 1274 ποιῆσαι.

2116 1294 2367 1358 Μάταιος
2393 1295 2576 1349 τοίνυν
2604 1294 2784 1349 αὐτῶν
2805 1296 2839 1365 ἡ
2868 1295 3098 1361 διάνοια,
3129 1294 3223 1350 καὶ
3247 1297 3281 1367 ἡ
3314 1296 3599 1367 εἰσήγησις
3627 1298 3697 1352 ἐκ

2115 1382 2334 1437 πολλῶν
2373 1382 2571 1455 ἔχουσα
2599 1383 2698 1456 τὴν
2738 1384 3053 1457 ἀνατροπὴν
3075 1402 3089 1415 ·
3118 1385 3195 1449 ὡς
3221 1385 3350 1457 ἄχρι
3384 1385 3486 1457 τῆς
3533 1385 3695 1459 δεῦρο

2114 1473 2176 1526 οὐ
2208 1473 2368 1544 μόνον
2402 1474 2472 1528 τὰ
2505 1476 2562 1529 ὲν
2589 1476 2711 1539 ταῖς
2735 1475 2982 1548 Γραφαῖς
3011 1474 3213 1546 ᾅδεται,
3240 1475 3375 1530 ἀλλὰ
3414 1476 3508 1531 καὶ
3537 1477 3694 1532 αὐτοὶ

2114 1566 2162 1619 οί
2184 1565 2337 1619 τόποι
2360 1564 2470 1619 τῶν
2497 1565 2963 1638 παραδοξοποιιῶν
2989 1567 3510 1637 σωματοποιοῦνται.
3533 1567 3697 1640 Πρῶ-

2114 1675 2207 1713 τον
2229 1659 2363 1712 ὅπου
2388 1657 2448 1711 τὸ
2478 1654 2753 1729 πρόϐατον
2777 1660 2805 1714 ὁ
2839 1658 3090 1731 Ἀϐραὰμ
3114 1658 3421 1733 προσέφερε
3450 1659 3527 1733 τῷ
3549 1659 3692 1733 Θεῷ,

427 1737 582 1803 Sion,
618 1739 710 1793 ubi
750 1753 907 1795 ovem
949 1739 1060 1796 Deo
1110 1742 1464 1798 Abrahamus
1508 1744 1832 1810 immolavit,
1867 1745 2004 1800 idem

2113 1749 2238 1821 ὅρος
2279 1747 2417 1804 Σιὼν
2458 1749 2585 1821 ἄχρι
2617 1748 2713 1803 τοῦ
2747 1748 2907 1821 δεῦρο
2944 1748 3087 1804 οὕτω
3127 1750 3479 1822 καλούμενον.
3531 1751 3697 1807 ’Δλλα

426 1829 495 1881 ad
531 1829 634 1884 hoc
685 1837 903 1900 tempus
945 1846 1146 1886 nomen
1174 1831 1436 1887 obtinuit.
1468 1832 1609 1887 Tum
1638 1836 1733 1891 ubi
1776 1843 2010 1906 querelis

427 1919 518 1972 illa
568 1919 812 1975 Mambre
851 1919 986 1988 fuit;
1025 1937 1133 1990 quo
1168 1923 1225 1977 in
1258 1923 1377 1978 loco
1410 1925 1641 1980 vitulum
1676 1927 1883 1998 angelis
1912 1944 2010 1999 ap-

425 2012 630 2078 posuit.
674 2008 846 2075 Quem
896 2025 1021 2065 cum
1072 2012 1182 2068 illis
1231 2014 1519 2083 epularum
1559 2026 1879 2087 apparatum
1928 2019 2012 2073 in-

424 2107 681 2165 strueret,
711 2101 1008 2157 verisimile
1040 2112 1126 2158 est
1157 2119 1350 2160 eorum
1388 2112 1443 2160 et
1473 2105 1653 2176 ipsum
1687 2109 2008 2181 participem

421 2193 725 2247 exstitisse.

493 2281 579 2335 Ill.
616 2282 759 2348 Quin
785 2281 950 2337 etiam
982 2284 1129 2353 quod
1170 2282 1239 2339 ad
1270 2285 1423 2341 illum
1450 2301 1649 2358 agnum
1688 2289 1899 2356 attinet,
1953 2292 2010 2347 in

420 2372 656 2445 Egypto
676 2389 706 2427 a
731 2372 932 2431 Judaais
965 2375 1303 2431 immolatum
1327 2380 1446 2447 ejus
1473 2379 1552 2433 rei
1578 2381 1839 2434 memoria
1867 2383 2010 2453 apud

418 2464 739 2534 Egyptios,
777 2467 1035 2536 ipsosque
1065 2466 1292 2523 deorum
1331 2470 1569 2525 cultores
1619 2470 1891 2542 hodieque
1924 2489 2012 2529 re-

420 2566 622 2611 manet.
657 2555 868 2611 Etenim
898 2558 1004 2612 sub
1027 2557 1169 2613 idem
1204 2565 1441 2628 tempus,
1472 2575 1582 2630 quo
1606 2560 1718 2615 illic
1750 2562 1876 2616 olim
1908 2560 2014 2618 Pa-

421 2647 553 2699 scha
596 2645 930 2701 celebratum
967 2654 1084 2710 est.
1113 2648 1261 2719 quod
1305 2649 1359 2703 in
1394 2651 1541 2707 veris
1586 2650 1800 2706 initium
1848 2663 2013 2725 atque

419 2736 806 2806 aequinoctium
830 2737 1042 2802 incidit,
1067 2738 1307 2811 Egyptii
1327 2752 1518 2797 omnes
1540 2742 1708 2799 minio
1733 2759 1863 2802 oves
1882 2762 2011 2805 suas

418 2830 691 2896 inliciunt,
740 2846 961 2887 necnon
999 2840 1053 2887 et
1081 2833 1339 2898 arbores,
1389 2835 1466 2889 uti
1520 2833 1684 2904 ﬁcus,
1726 2845 1780 2893 et
1817 2846 2010 2895 cetera

419 2923 706 2993 ejusmodi.
743 2923 915 2995 Cujus
962 2925 1183 2996 quidem
1239 2926 1379 2981 ritus
1408 2929 1622 2984 tametsi
1655 2943 1876 2985 causam
1909 2947 2010 2987 ne-

417 3014 617 3080 sciant,
653 3013 799 3068 istud
836 3022 1019 3069 tamen
1069 3030 1181 3084 prae
1223 3030 1283 3071 se
1323 3015 1535 3084 ferunt,
1563 3033 1627 3074 ac
1670 3021 2009 3093 vulgojacti-

417 3111 537 3156 tant
577 3120 589 3155 :
624 3103 718 3157 illo
758 3102 846 3158 die
880 3104 1196 3159 universum
1228 3113 1500 3161 terrarum
1535 3109 1719 3164 orbem
1754 3084 2006 3169 incendio
2036 3084 2081 3145 ο

417 3195 816 3267 conﬂagrasse;
846 3196 1010 3266 hujus
1024 3213 1188 3268 porro
1216 3199 1542 3255 calamitatis
1567 3205 1875 3261 avertendae
1896 3207 2002 3262 vim

416 3288 707 3357 quamdam
746 3288 801 3341 in
851 3303 1049 3343 cruore
1100 3289 1192 3343 illo
1235 3299 1398 3361 atque
1453 3292 1612 3364 igneo
1661 3296 1845 3353 colore
1882 3313 2005 3354 esse

418 3379 672 3447 positam.
708 3376 919 3443 Quibus
968 3393 1097 3434 vero
1139 3377 1207 3435 de
1259 3380 1471 3447 causis,
1506 3390 1705 3455 negant
1734 3385 1838 3441 sibi
1881 3402 2004 3444 esse

415 3475 784 3538 compertum;
824 3468 920 3524 sed
964 3476 1019 3524 et
1073 3469 1357 3541 hucusque
1400 3472 1455 3526 in
1493 3472 1877 3546 Cardyteorum
1917 3492 2003 3534 re-

417 3560 577 3626 gione
614 3573 755 3613 arcae
801 3560 1113 3616 Noemitica:
1163 3563 1425 3633 reliquias
1471 3565 1783 3620 ostendunt.
1833 3568 1911 3623 Ac
1954 3569 2002 3625 si

415 3650 540 3720 quis
565 3650 878 3721 diligentius
907 3652 1205 3721 perquirat,
1238 3667 1349 3707 non
1396 3652 1619 3723 dubito,
1649 3657 1780 3726 quin
1811 3657 2002 3714 altaris

415 3756 634 3811 quoque
666 3743 925 3813 vestigia,
967 3744 1113 3813 quod
1162 3744 1340 3815 ipsum
1389 3759 1734 3815 consequens
1789 3758 1900 3816 est,
1931 3750 2001 3805 ad

414 3833 617 3888 montis
664 3833 878 3890 radices
936 3835 1182 3891 invenire
1223 3838 1396 3907 possit
1433 3856 1446 3893 :
1482 3838 1573 3894 ubi
1613 3846 1726 3894 tum
1770 3839 1881 3896 Noe
1931 3852 1999 3897 ex

414 3937 542 3978 arca
574 3925 928 3994 progrediens
967 3930 1197 3995 mansit,
1240 3935 1295 3984 et
1332 3930 1399 3985 de
1440 3931 1592 4000 puris
1647 3934 1997 4000 animalibus,

412 4024 580 4086 atque
627 4017 880 4086 adipibus
937 4018 1163 4074 Domino
1199 4019 1308 4075 Deo
1360 4023 1689 4078 sacrificium
1739 4026 1994 4081 instituit.

412 4104 534 4170 Quo
565 4108 726 4160 etiam
772 4116 1014 4178 tempore
1041 4111 1170 4165 illud
1207 4126 1237 4164 a
1272 4111 1380 4168 Deo
1416 4119 1697 4170 oraculum
1739 4119 1947 4187 accepit
1981 4136 1995 4173 :

417 4194 552 4248 Ecce
577 4196 699 4248 dedi
733 4198 826 4250 tibi
852 4203 1050 4263 omnia,
1087 4210 1335 4270 tanquam
1371 4202 1653 4259 herbarum
1682 4208 1848 4271 olera,
1882 4226 1999 4263 ma-

415 4295 523 4348 tta,
575 4296 622 4339 et
673 4288 880 4342 comede
903 4292 944 4343 ².
974 4289 1172 4344 Verum
1222 4292 1446 4348 haeresis
1470 4295 1632 4364 hujus
1670 4297 1995 4362 adulterina,

417 4375 690 4444 stultaque
722 4378 973 4444 dogmata
1021 4380 1190 4434 missa
1240 4378 1458 4436 faciam.
1495 4383 1777 4453 Siquidem
1824 4404 1994 4457 pauca

418 4467 535 4521 hazc
559 4466 693 4522 suili:
714 4468 833 4522 iunt
866 4484 896 4522 a
924 4470 1081 4526 nobis
1114 4471 1399 4542 hucusque
1422 4474 1717 4545 disputata,
1746 4488 1908 4548 atque
1931 4480 1996 4535 ad

413 4569 539 4612 eum
557 4572 795 4612 errorem
828 4559 1251 4627 propulsandum
1282 4561 1339 4615 in
1369 4564 1606 4618 medium
1634 4566 1818 4621 allata.

804 4668 1083 4724 CONTRA
1118 4669 1429 4730 osseuos
1464 4677 1608 4745 (lt),

556 4780 689 4849 ριιω
708 4793 783 4837 est
821 4782 896 4837 γι
920 4783 1133 4838 Ιιαιτεδὶε
1166 4783 1456 4855 Judaismi,
1482 4789 1664 4845 ordine
1692 4781 1850 4848 XIX.

482 4949 523 5011 i.
560 4956 816 5029 Sequitur
843 4961 1178 5018 Ossenorum
1212 4961 1434 5020 haeresis
1460 4980 1582 5020 cum
1620 4969 1996 5039 superioribus

483 5111 499 5141 ¹
546 5110 676 5167 Luc.
717 5130 790 5180 vr,
824 5118 914 5172 65.
992 5120 1012 5149 ²
1039 5117 1172 5174 Gen.
1210 5135 1282 5174 Ix.
1310 5121 1362 5175 5.
1442 5121 1462 5152 ³
1487 5119 1649 5175 Forte
1672 5124 1729 5193 ἡ,
1753 5124 1836 5180 vel
1862 5125 1979 5183 τοῦ.

488 5266 601 5350 (ιβ)
619 5269 728 5350 Καὶ
759 5271 910 5350 ὅπορ
933 5276 971 5342 ὴ
998 5277 1145 5350 δρῦς
1166 5279 1279 5348 τῆς
1297 5280 1565 5350 Μαμϐρῆ.
1593 5281 1996 5346 Celeberrimus

488 5302 503 5333 χ
522 5302 601 5329 ιυι
619 5302 728 5322 nuc.
759 5302 910 5327 ucouv
933 5302 971 5342 η
998 5302 1145 5345 ορυς
1166 5302 1279 5348 της
1297 5302 1395 5335 ma
1419 5302 1565 5350 ιορη.
1593 5302 1989 5346 υθιθοειτιιηιιε

417 5339 557 5422 apud
582 5348 839 5422 posteros
873 5342 1029 5422 locus
1065 5348 1155 5402 ille
1182 5351 1302 5414 fuit,
1326 5302 1417 5422 aii
1444 5368 1617 5422 usque
1643 5353 1989 5416 Constantini

420 5407 594 5476 Magni
621 5418 889 5494 tempore.
919 5413 1118 5494 quibus
1148 5407 1610 5479 tamaJudteis'et
1637 5407 1988 5494 Christianis;

417 5493 579 5567 quain
613 5495 642 5532 a
675 5480 968 5567 gentilibus
1010 5482 1333 5567 frequentes
1365 5494 1650 5567 religionis
1686 5512 1815 5567 ergo
1858 5480 1991 5552 con:

419 5556 634 5631 ventus,
665 5564 730 5602 ac
763 5561 1036 5631 mercatus
1074 5553 1184 5607 illic
1212 5556 1402 5631 habiti,
1427 5553 1566 5631 quos
1591 5553 1990 5625 Coiisi'antinus

418 5617 599 5689 euicto
635 5620 880 5673 sustulit.
913 5620 1250 5677 Sozomcnus
1284 5626 1319 5678 1.
1347 5617 1407 5689 ιι,
1443 5617 1492 5685 2:.
1531 5617 1582 5689 3.

492 5687 601 5749 (14)
638 5689 793 5741 κατὰ
828 5690 1161 5758 ’ωσι-τινῶν.
1193 5693 1337 5756 Qum
1366 5687 1605 5759 (isscnns
1636 5705 1721 5760 hic
1755 5710 1987 5777 appellat

2113 1843 2209 1896 καὶ
2235 1844 2368 1897 ὅπου
2404 1843 2439 1915 ὴ
2467 1843 2600 1916 δρῦς
2623 1844 2644 1876 ³
2674 1843 2773 1915 τῆς
2798 1843 3049 1917 Μαμϐρῆ
3075 1842 3185 1916 (15)
3225 1844 3354 1898 ἔνθα
3381 1847 3494 1909 τοῖς
3522 1845 3695 1914 tme-

2111 1932 2225 1996 λοις
2256 1932 2530 2006 παρετέθη
2570 1935 2599 1988 ὁ
2635 1935 2858 2006 μόσχος·
2896 1935 3029 1989 ὅπου
3068 1935 3126 1989 δὲ
3165 1934 3416 2008 ’Δϐραὰμ
3438 1935 3694 2004 ἀγγέλοις

2116 2024 2386 2096 παρέθετο
2433 2025 2611 2097 κρεῶν
2662 2027 2763 2100 τὴν
2815 2027 3153 2099 ὲτοιμασίαν,
3207 2027 3447 2081 ἀποδέων
3481 2028 3580 2081 οὐκ
3622 2023 3693 2098 ἦν

2113 2116 2275 2179 αὐτὸς
2302 2116 2401 2188 τῆς
2434 2116 2643 2171 τούτων
2672 2118 2925 2189 μετοχῆς.

2184 2291 2255 2344 Γ⁴ι
2301 2281 2461 2345 Ἀλλὰ
2489 2291 2586 2346 atati.
2630 2291 2725 2346 τοῦ
2755 2290 3031 2363 προϐάτου
3075 2291 3331 2356 τυθέντος
3373 2293 3431 2346 ὲν
3471 2296 3536 2365 τῇ
3581 2293 3692 2347 τῶν

2092 2384 2428 2451 Αἰγυπτίων
2461 2383 2614 2456 χώρᾳ
2645 2384 2724 2437 ἔτι
2767 2384 2900 2456 παρ’
2929 2385 3247 2454 Αἰγυπτίοις
3271 2385 3527 2455 τυγχάνει
3567 2388 3695 2458 ᾁδοι

2119 2476 2307 2547 μένηὴ
2340 2477 2658 2548 παράδοσις,
2683 2479 2778 2531 καλ⁴
2800 2478 2951 2549 παρὰ
2976 2481 3089 2542 τοῖς
3125 2478 3558 2550 εἰδωλολάτραις.
3600 2480 3692 2532 Ἐν

2115 2569 2225 2639 γὰρ
2254 2567 2333 2638 τῷ
2357 2567 2559 2640 καιρῷ,
2594 2570 2683 2622 ὅτε
2714 2568 2775 2623 τὸ
2789 2569 2979 2640 Πάσχα
3008 2569 3225 2638 ἐγένετο
3249 2571 3445 2628 ἐκεῖσε.
3463 2569 3605 2641 ἀρχὴ
3633 2571 3693 2623 δὲ

2114 2658 2253 2731 αὕτη
2282 2659 2493 2728 γίνεται
2527 2660 2621 2714 τοῦ
2662 2660 2841 2734 ἔαρος,
2875 2661 2963 2715 ὅτε
3004 2662 3037 2733 ἠ
3068 2661 3259 2733 πρώτη
3308 2662 3589 2733 ίσημερία,
3627 2665 3694 2715 ὲκ

2118 2749 2348 2821 μίλτεως
2387 2750 2722 2822 λαμϐάνουσι
2756 2750 2957 2817 πάντες
3000 2753 3287 2822 Αἰγύπτιοι
3330 2753 3468 2807 κατὰ
3507 2754 3691 2823 ἀγνω-

2115 2830 2255 2906 σίαν,
2292 2842 2384 2895 καὶ
2410 2842 2622 2914 χρίουσι
2654 2843 2751 2914 μὲν
2779 2843 2848 2897 τὰ
2872 2844 3138 2915 πρόϐατα,
3170 2846 3381 2917 χρίουσι
3410 2846 3466 2899 δὲ
3502 2846 3598 2900 καὶ
3620 2847 3693 2900 τὰ

2112 2932 2324 3004 δένδρα.
2348 2932 2448 2998 τὰς
2470 2936 2665 2998 συκᾶς,
2693 2937 2786 2990 καὶ
2825 2937 2889 2991 τὰ
2921 2936 3075 3002 ἄλλα,
3112 2938 3441 3009 φημίζοντες
3471 2940 3569 2994 καὶ⁸
3603 2939 3693 2993 λέέ

2113 3040 2321 3092 γοντες,
2374 3026 2457 3079 ὅτι
2488 3025 2642 3096 φησί·
2689 3027 2749 3080 τὸ
2783 3027 2892 3100 πῦρ
2920 3029 2977 3082 ὲν
3020 3029 3193 3101 ταύτῃ
3227 3033 3291 3102 τῇ
3319 3030 3503 3103 ἡμέρᾳ
3548 3049 3692 3086 κατά

2112 3115 2305 3183 έφλεξέ
2374 3133 2508 3169 ποτε
2563 3117 2662 3189 τὴν
2717 3119 3064 3192 οἰκουμένην.
3130 3121 3202 3174 Τὸ
3256 3123 3314 3175 δὲ
3360 3123 3542 3194 σχῆμα
3592 3124 3691 3177 τοῦ

2113 3207 2344 3277 αἵματος
2387 3205 2449 3262 τὸ
2476 3212 2733 3283 πυρωπὸν
2766 3202 3121 3284 ἀλεξητήριόν
3176 3217 3291 3268 ἐστι
3341 3217 3440 3287 τῆς
3491 3217 3693 3271 τοσαῦο

2109 3316 2207 3370 της
2238 3299 2453 3371 πληγῆς
2475 3302 2569 3355 καὶ
2595 3303 2871 3375 τοιαύτης.
2904 3303 3075 3358 Πόθεν
3100 3303 3157 3358 δὲ
3177 3307 3276 3360 οὐκ
3305 3296 3499 3379 ἔχομεν
3517 3308 3692 3377 δεῖξαι

2110 3390 2239 3460 περὶ
2276 3391 2376 3460 τῆς
2408 3391 2756 3459 ἀκολουθίας,
2788 3394 2862 3458 ὼς
2893 3393 2973 3447 ἔτι
3017 3397 3112 3450 καὶ
3141 3396 3300 3469 δεῦρο
3338 3396 3408 3451 τὰ
3457 3398 3690 3468 λείψανα

2107 3484 2207 3552 τῆς
2238 3482 2331 3535 τοῦ
2353 3482 2476 3536 Νῶε
2500 3484 2767 3555 λάρνακος
2789 3486 3061 3540 δείκνυται
3088 3488 3144 3540 ὲν
3170 3491 3236 3560 τῇ
3260 3487 3367 3541 τῶν
3390 3490 3691 3560 Καρδυέων

2109 3569 2284 3642 χώρᾳ.
2320 3572 2432 3625 Καὶ
2480 3574 2699 3638 πάντως
2733 3575 2790 3627 δὲ
2838 3577 2886 3628 εί
2930 3575 3281 3648 ὲπιζητήσειέ
3323 3596 3426 3645 τις,
3464 3580 3560 3635 καὶ
3592 3581 3690 3634 ἀν-

2107 3664 2422 3735 ερευνήσειε
2448 3666 2542 3719 καὶ
2561 3664 2628 3718 τὰ
2650 3665 2877 3737 λείψανα
2904 3665 2997 3721 τοῦ
3020 3667 3428 3742 θυσιαστηρίου,
3453 3673 3688 3745 ἐπείπερ

2108 3751 2399 3805 ἀκόλουθόν
2420 3754 2591 3817 ἐστιν,
2625 3754 2776 3827 εὖροι
2810 3756 2876 3810 ἂν
2902 3758 2960 3811 ὲν
2992 3760 3056 3830 τῇ
3095 3759 3341 3832 ὑπωρείᾳ
3369 3760 3465 3815 τοῦ
3492 3763 3684 3835 ὄρους·

2106 3843 2241 3895 ὅπου
2268 3841 2449 3915 ἔμεινε
2475 3841 2597 3899 Νῶε
2622 3846 2852 3912 ἐξελθὼν
2879 3847 2989 3903 ἀπὸ
3008 3852 3107 3922 τῆς
3127 3851 3379 3917 κιϐωτοῦ,
3402 3855 3497 3908 καὶ
3524 3873 3691 3927 προσ-

2106 3933 2334 4004 ενέγκας
2367 3935 2474 3989 ἀπὸ
2499 3937 2607 3992 τῶν
2631 3936 2784 4001 ζώων
2816 3939 2924 3993 τῶν
2957 3940 3234 4014 καθαρῶν,
3275 3945 3497 4000 καὶτῶν
3525 3950 3689 4003 στεά-

2102 4038 2210 4079 των
2261 4027 2453 4099 Κυρίῳ
2502 4027 2581 4100 τῷ
2630 4028 2779 4101 Θεῷ,
2828 4031 2917 4084 ὅτε
2965 4032 3224 4103 ἤκουσεν·
3271 4036 3416 4091 Ἰδοὺ
3453 4038 3689 4097 δέδωκά

2103 4132 2203 4171 σοι
2231 4118 2448 4184 πάντα,
2483 4121 2564 4187 ὡς
2585 4120 2824 4191 λάχανα
2855 4123 3076 4192 χόρτου
3097 4142 3110 4155 -
3147 4126 3360 4194 θῦσον,
3383 4132 3482 4185 καὶ
3506 4132 3680 4204 φάγε.

2104 4208 2515 4282 Παρελεύσομαι
2562 4212 2620 4265 δὲ
2652 4213 2748 4266 καὶ
2790 4214 2997 4285 ταύτης
3043 4218 3204 4272 πάλιν
3256 4221 3316 4274 τὸ
3353 4223 3685 4279 ἐπείσακτον

2102 4298 2197 4350 καὶ
2225 4297 2432 4367 ἠλίθιον
2472 4301 2571 4372 τῆς
2607 4303 2893 4375 αἱρέσεως,
2932 4306 3224 4377 ἀρκεσθεὶς
3250 4313 3368 4375 ταῖς
3413 4330 3685 4388 προειρη-

2106 4387 2296 4457 μέναις
2327 4389 2536 4461 ὀλίγαις
2574 4391 2802 4460 λέξεσιν,
2839 4397 3228 4469 ἐνσπαρείσαις
3256 4402 3363 4456 ὑπὸ
3392 4387 3494 4475 τῆς
3523 4408 3681 4478 ἡμῶν

2105 4477 2466 4551 βραχύτητος,
2497 4484 2733 4539 ἐνταῦθα
2764 4488 2902 4559 πρὸς
2928 4489 3200 4547 ἀντίθεσιν
3223 4493 3325 4565 τῆς
3347 4477 3686 4572 πλάνηςτῆς

2103 4573 2509 4647 προειρημένης
2528 4576 2811 4649 αἱρέσεως,

2526 4689 2715 4742 ΚΑΤΑ
2754 4693 3071 4750 ozannN
3102 4699 3214 4772 (tt)
3236 4740 3252 4766 ,

2102 4788 2286 4864 Ἕκτη
2329 4772 2559 4866 αἵρεσις
2590 4801 2709 4892 ego
2747 4803 3147 4892 '{oueutqu§,
3177 4812 3682 4892 ἐννεακαιδεκάτη

2612 4871 2680 4924 δὲ
2710 4873 2784 4941 τῇ
2820 4871 3169 4949 ἀκολόυθίᾁε

2169 4972 2249 5031 A'.
2281 4978 2439 5033 Μετὰ
2469 4981 2678 5055 ταύτην
2712 4986 2874 5040 πάλιν
2904 4988 3038 5060 ἄλλη
3080 5008 3166 5057 τις
3205 4995 3421 5067 αἵρεσις
3454 5001 3686 5069 ταύταις

2105 5292 2462 5381 Epiphanius,
2496 5298 2780 5381 ’0_aoaiou;
2805 5303 2998 5363 hmresi
3028 5312 3138 5381 ιιτί
3174 5319 3229 5367 et
3254 5328 3373 5377 Lm,
3407 5318 3675 5381 nominat.

2099 5372 2165 5447 ut
2175 5445 2184 5447 _
2207 5363 2458 5447 Scaliger
2512 5363 2798 5447 observat,
2849 5363 3681 5447 quemadmodumIiEeoaio-iuei

2112 5434 2492 5524 ῖρξρηνοίῖρτο
2526 5440 2717 5523 iisdem
2753 5434 3116 5524 accipiuntur.
3145 5434 3677 5524 _Ex——quo—nitiiirnm

2097 5504 2302 5594 colligit
2332 5504 2424 5594 τόν
2455 5512 2677 5594 nonnisi
2697 5516 2837 5594 κατὰ
2858 5504 3676 5594 παραγῳγίυθ

2098 5578 2553 5655 ξιθᾳυεινειιίὶυιιίο
2593 5581 2783 5655 videri,
2819 5586 2894 5638 uti
2935 5578 3034 5643 imi
3057 5578 3117 5644 in'
3147 5578 3678 5655 Essenuruvmvdea:

2097 5644 2243 5738 ιιειιυ.
2279 5645 2444 5699 Addit
2469 5644 2779 5738 ςοσσηνούς
2803 5657 3022 5738 eosdem
3050 5644 3175 5716 esse
3195 5644 3674 5738 ὲῖἦίἷλὲἁὲηζὶιξξῖ

2097 5722 2361 5786 utrosque
2393 5722 2536 5771 enim
2576 5735 2732 5775 esse:
2764 5732 2905 5787 man
2933 5730 3058 5797 quia
3093 5747 3469 5803 saepenumero
3497 5722 3674 5795 Ιίυξοξη
