3968 6114
379 256 488 326 263

1774 261 1833 331 ε.
1867 259 2211 331 sperum

3542 255 3649 327 26%

454 380 519 436 ll.
553 352 859 437 Addueit’et
888 380 1053 451 hujus
1081 382 1158 437 rei
1189 389 1383 438 testem
1413 391 1686 440 veterator
1715 384 1947 442 Phineen

2144 389 2222 442 B'.
2259 386 2530 461 Μάρτυρα
2563 388 2621 443 δέ
2642 404 2763 443 τινα
2797 383 3180 460 παρεισφέρων
3208 385 3307 439 οὑκ
3333 385 3649 457 αἰσχύνεται

380 473 667 542 qiterndam
688 472 1025 527 sacerdotem
1048 488 1077 526 e
1106 470 1351 528 Levitieo
1377 490 1595 544 genere,
1624 475 1692 530 de
1716 466 1971 541 Aaronis,

377 576 445 616 ac
479 564 677 615 veteris
710 563 856 617 illius
891 562 1122 621 Phincos
1158 565 1329 634 stirpe
1360 584 1373 618 :
1405 567 1498 635 qui
1531 573 1789 638 regnante
1811 566 1973 622 Dario

378 655 434 704 tn
465 652 782 720 captivitate
812 651 1144 724 BabyloniCa
1178 653 1338 709 Susis
1364 655 1592 710 adorata
1627 655 1796 709 Diana
1823 657 1972 726 peri-

375 741 556 793 culum
598 743 794 812 capitis
818 744 1023 812 emxgit.
1053 746 1129 798 Ita
1157 748 1277 815 ejus
1307 747 1491 801 omnia
1528 746 1664 802 falsa
1694 754 1859 812 sunt,
1909 760 1974 801 ac

375 832 661 885 ridiculum
683 844 1016 890 commenta.
1035 835 1133 890 llic
1152 837 1316 908 igitur
1333 837 1461 892 olim
1477 852 1536 892 se
1554 835 1968 892 ad.Ossenorum

375 922 621 977 haeresim
652 925 922 995 adjunxit.
959 927 1131 998 Cujus
1168 928 1330 984 hodie
1361 930 1415 983 in
1450 929 1744 984 Nabathaaa
1788 936 1841 984 et
1873 928 1968 983 Pe-

374 1028 475 1065 raea
509 1013 764 1071 Moabitis
787 1018 969 1072 vicina
1004 1019 1230 1089 regione
1272 1020 1516 1090 reliquize
1550 1028 1884 1090 supersunt,
1914 1026 1969 1075 et

374 1101 759 1171 Sempseorum
816 1109 980 1179 vulgo
1040 1111 1193 1164 natio
1232 1110 1348 1165 haec
1405 1111 1689 1165 hominum
1742 1110 1964 1169 dicitur.

368 1190 470 1263 41
505 1194 550 1247 Α
591 1198 791 1265 quibus
821 1201 984 1253 etiam
1027 1201 1362 1269 pet-absurde
1412 1200 1548 1255 illud
1571 1187 1966 1272 'excogitatum

368 1291 471 1348 est,
505 1294 563 1339 ut
592 1288 663 1341 ab
695 1290 916 1342 occulta
964 1292 1014 1344 vi
1038 1293 1482 1361 cognominatum
1522 1293 1836 1350 istiusmodi
1872 1311 1968 1351 ne-

368 1373 621 1432 bulonem
674 1379 978 1450 fingerent;
1036 1391 1320 1452 propterea
1370 1385 1517 1454 quod
1566 1384 1637 1440 lel
1703 1366 1967 1444 llcbraice

368 1470 469 1523 rim
493 1485 512 1533 ;
540 1469 639 1523 Xai
682 1472 1010 1526 abstrusium
1050 1476 1344 1545 significat.
1378 1475 1483 1531 Sed
1531 1477 1696 1547 hujus
1727 1480 1965 1535 instituti

365 1562 599 1623 Vanitas,
644 1566 1070 1636 arrogantisque
1101 1569 1354 1622 convicta
1390 1570 1609 1638 penitus
1658 1580 1743 1625 est
1770 1610 1785 1637 ,
1816 1581 1870 1626 et
1895 1573 1965 1627 ab

366 1649 434 1703 iis
467 1651 625 1707 irrisa
654 1670 1004 1724 magnopere,
1034 1659 1128 1726 qui
1165 1657 1233 1711 ad
1265 1659 1721 1713 considerandam
1750 1660 1963 1717 discer-

364 1743 707 1814 nendumque
739 1747 1026 1801 veritatem
1078 1748 1262 1817 aliquo
1294 1749 1505 1818 judicio
1546 1753 1759 1820 praediti
1797 1762 1949 1810 sunt.
1990 1735 2034 1789 Β

362 1835 543 1901 Atque
575 1848 639 1887 ex
678 1835 813 1904 ipsis
871 1837 923 1889 in
951 1839 1147 1906 primis
1199 1838 1547 1907 Constantii,
1598 1854 1763 1914 atque
1806 1845 1958 1902 inse-

363 1924 645 1991 quenlium
683 1926 1075 1995 imperatorum
1104 1931 1443 1999 temporibus
1486 1933 1553 1987 ad
1602 1935 1742 1991 hanc
1790 1937 1955 2001 diem,

359 2013 801 2069 efﬁcacissimum
835 2018 900 2071 ad
930 2018 1053 2074 illos
1077 2020 1409 2077 refellendos
1426 2036 1806 2095 argumentum
1825 2043 1957 2082 con-

362 2105 446 2156 tici
479 2114 659 2174 potest
684 2125 697 2174 ;
727 2124 851 2163 nam
872 2108 936 2163 ad
964 2127 1137 2181 usque
1161 2112 1542 2169 Constantium
1570 2118 1954 2188 imperatorem

359 2194 603 2252 Marthus
646 2200 834 2254 nescio
865 2217 987 2271 qua:
1021 2217 1084 2257 ac
1117 2203 1401 2260 Martltana
1436 2222 1659 2264 sorores
1696 2209 1764 2266 de
1802 2209 1956 2265 Elxai

357 2285 545 2354 stirpe,
583 2288 636 2340 in
676 2288 893 2343 illorum
926 2293 1149 2360 regione
1184 2295 1472 2349 numinum
1505 2296 1681 2351 instar
1724 2299 1796 2352 oh
1834 2315 1953 2355 eam

354 2381 584 2448 originis
634 2380 955 2450 dignitatem
1002 2382 1200 2438 habitae
1235 2396 1385 2439 sunt.
1444 2386 1647 2441 llarum
1709 2389 1955 2447 Marthus

356 2484 463 2521 non
499 2470 573 2521 ita
604 2470 815 2539 pridem
846 2474 1085 2527 excessit
1118 2492 1149 2528 e
1181 2475 1322 2538 vita,
1359 2475 1639 2530 Marthana
1689 2480 1744 2532 in
1810 2481 1953 2537 hanc

353 2559 498 2611 diem
541 2569 823 2629 superstes
848 2550 953 2616 est.
998 2562 1298 2634 Utriusque
1328 2582 1454 2620 vero
1487 2569 1571 2623 vel
1611 2579 1772 2639 sputa
1810 2573 1950 2642 ipsa,

354 2661 696 2720 cmterasque
728 2653 980 2721 corporis
1024 2654 1214 2710 sordes
1272 2657 1419 2713 illius
1473 2666 1684 2715 tractus
1714 2662 1951 2719 haeretici

352 2741 713 2798 circumferre
749 2745 1018 2811 solebant,
1055 2746 1120 2799 ad
1161 2749 1480 2803 morborum
1522 2754 1784 2809 remedia.
1819 2755 1951 2822 Quae

352 2839 536 2886 tamen
570 2834 726 2887 irrita
761 2842 920 2890 erant
951 2837 1159 2891 omnia.
1198 2837 1306 2893 Sed
1329 2848 1414 2895 est
1443 2841 1826 2899 haereticorum
1858 2863 1951 2920 ge-i

351 2941 454 2978 nus
491 2928 819 2995 fastuosum,
842 2937 895 2985 et
923 2931 1222 2986 obnoxium
1255 2932 1454 2988 fraudi.
1486 2936 1642 2991 Caeca
1671 2940 1815 2992 enim
1855 2958 1950 2997 ne-

2074 480 2103 531 ό
2120 478 2393 543 ἀπατεὼν,
2421 477 2596 547 λέγων
2621 478 2807 542 Φινεές
2828 495 2948 533 τινα
2986 478 3137 548 ἱερέα
3163 477 3272 531 τῶν
3308 477 3416 529 ἀπὸ
3456 476 3650 547 γένους

2073 569 2205 622 Λευΐ
2250 585 2309 621 τε
2345 569 2441 622 καὶ
2485 567 2717 639 Ἀαρὼν,
2747 569 2840 622 καὶ
2867 567 2961 621 τοῦ
2998 568 3228 640 ἀρχαίου
3268 568 3454 632 Φινεὲς
3493 570 3551 623 ἐν
3580 573 3649 642 τῇ

2072 656 2357 714 Βαϐυλῶνι
2388 661 2482 713 ἐπὶ
2515 661 2616 730 τῆς
2642 660 3019 730 αἰχμαλωσίας
3059 663 3519 732 προσκυνήσαντα
3549 660 3653 734 τὴν

2075 748 2364 822 Ἄρτεμιν,
2386 752 2444 805 έν
2468 751 2691 816 Σούσοις
2717 752 3139 822 διαπεφευγέναι
3161 751 3382 824 ὄλεθρον
3415 752 3649 808 Θανάτου

2071 841 2165 894 ἐπὶ
2214 843 2441 915 Δαρείου
2494 843 2591 898 τοῦ
2644 844 2940 915 βασιλέωςο
2983 844 3125 898 ὥστε
3178 840 3319 897 εἶναι
3371 845 3536 899 αὑτοῦ
3579 845 3652 899 τὰ

2072 931 2253 987 πάντα
2296 933 2465 1004 ψευδῆ
2514 935 2606 988 καὶ
2643 936 2869 1005 μάταια.
2906 929 3076 1000 Οὗτος
3113 936 3211 1007 μὲν
3241 931 3335 991 οὖν
3373 935 3487 990 ἄνω
3523 953 3650 989 συν-

2067 1021 2243 1093 ἧπται
2286 1027 2352 1095 τῇ
2402 1026 2777 1100 προειρημένῃ
2819 1026 3030 1097 αἱρέσει
3076 1029 3143 1098 τῇ
3200 1027 3310 1080 τῶν
3369 1026 3647 1098 Ὀσσηνῶν

2071 1113 2401 1187 καλουμένῃ,
2429 1110 2497 1186 ἧς
2528 1114 2609 1168 ἔτι
2634 1115 2860 1186 λείψανα
2895 1117 2988 1171 καὶ
3022 1117 3182 1190 δεῦρο
3208 1116 3444 1188 ὑπάρχει
3489 1119 3548 1171 ὲν
3578 1120 3647 1189 τῇ

2069 1204 2206 1275 αὑτῇ
2240 1204 2558 1259 Ναϐατίτιδι
2589 1209 2684 1279 γῇ,
2726 1210 2791 1279 τῇ
2828 1208 2922 1262 καὶ
2960 1208 3170 1282 Περαίᾳ
3202 1209 3341 1281 πρὸς
3374 1211 3439 1280 τῇ
3478 1210 3647 1262 Μωα-

2069 1292 2232 1347 ϐίτιδι
2252 1310 2265 1324 ·
2295 1294 2432 1366 ὅπερ
2458 1296 2616 1365 γένος
2648 1297 2766 1351 νυνὶ
2806 1297 3065 1370 Σεμψέων
3095 1300 3114 1331 ⁸
3145 1299 3412 1353 καλεῖται.
3437 1299 3647 1353 Φαντά-ἶ

2068 1384 2251 1448 ζονται
2279 1385 2336 1439 δὲ
2365 1386 2522 1457 δῆθεν
2558 1388 2745 1442 καλεῖν
2774 1388 2963 1443 τοῦτον
3001 1388 3230 1461 δύναμιν
3258 1389 3646 1461 ἀποκεκαλυμυ

2070 1475 2259 1547 μένην,
2288 1477 2377 1531 διὰ
2417 1478 2477 1532 τὸ
2510 1478 2616 1547 Ἰὴλ
2652 1479 2935 1534 καλεῖσθαι
2975 1481 3088 1551 (19)
3125 1480 3384 1552 δύναμιν,
3431 1480 3532 1536 Ξαῖ
3584 1483 3645 1535 δὲ

2066 1567 2545 1638 κεκαλυμμένον.
2595 1569 2860 1641 Ἦλέγχθη
2890 1570 2949 1624 δὲ
2982 1570 3044 1623 τὸ
3083 1572 3192 1624 πᾶν
3217 1569 3313 1623 τοῦ
3357 1570 3644 1641 ἐπιτηδεύ-

2069 1677 2236 1731 ματος
2266 1662 2553 1733 φρύαγμα,
2591 1664 2687 1716 καὶ
2724 1665 2805 1727 εἰς
2836 1663 3078 1736 μεγάλην
3105 1665 3366 1735 αἰσχύνην
3395 1664 3642 1717 ὑπέπεσε

2062 1751 2215 1821 παρὰ
2259 1756 2375 1816 τοῖς
2416 1754 2735 1826 δυναμένοις
2782 1755 2853 1808 τά
2895 1756 3068 1827 ἀληθῆ
3110 1758 3395 1810 κατανοεῖν
3443 1773 3506 1808 τε
3545 1756 3642 1809 καῖ

2060 1843 2344 1915 ἀκριϐοῦν.
2372 1846 2491 1899 Ἔτι
2524 1846 2634 1919 γὰρ
2659 1849 2752 1901 καὶ
2780 1846 2940 1918 δεῦρο
2962 1848 3068 1901 ἀπὸ
3093 1847 3201 1901 τῶν
3226 1848 3449 1920 ἡμερῶν
3477 1849 3631 1902 Κωνά

2061 1932 2313 1985 σταντίου
2349 1950 2408 1986 τε
2436 1934 2531 1988 καὶ
2555 1935 2662 1989 τῶν
2677 1935 2772 1990 νῦν
2803 1936 3065 2006 βασιλέων
3096 1935 3282 2006 σαφῶς
3302 1937 3638 2008 ἐλέγχονταιε

2063 2019 2209 2083 Ἕως
2258 2021 2355 2091 μὲν
2389 2021 2496 2092 γὰρ
2543 2024 2962 2089 Κωνσταντίου,
2995 2027 3060 2079 ὲκ
3099 2026 3190 2079 τοῦ
3238 2029 3428 2095 γένους
3469 2028 3636 2081 αὑτοῦ

2058 2110 2320 2183 Μαρθοῦς
2348 2131 2433 2177 τις
2466 2114 2560 2168 καὶ⁵
2589 2117 2859 2187 Μαρθάνα
2886 2117 2982 2171 δύο
3011 2117 3235 2187 ἀδελφαὶ
3268 2120 3325 2172 ἐν
3356 2122 3423 2191 τῇ
3453 2119 3637 2172 αὑτῶν

2058 2202 2214 2276 χώρᾳ
2261 2205 2381 2260 ἀντὶ
2429 2206 2566 2262 Θεῶν
2609 2209 3073 2280 προσεκυνοῦντο,
3118 2211 3199 2264 ὅτι
3240 2210 3402 2281 δῆθεν
3442 2213 3507 2264 ὲκ
3536 2212 3635 2265 τοῦ

2060 2296 2379 2368 σπέρματος
2419 2299 2513 2353 τοῦ
2566 2301 2965 2372 προειρημένου
3008 2301 3194 2366 Ἥλξαῖ
3234 2303 3494 2374 ὑπῆρχον.
3533 2303 3639 2361 Τέτ

2058 2386 2224 2459 θνηκε
2258 2390 2372 2462 δὲή
2414 2391 2675 2463 Μαρθοῦς
2718 2394 2825 2465 πρὸ
2869 2394 3051 2462 ὀλίγου
3094 2394 3187 2447 τοῦ
3222 2396 3434 2467 χρόνου.
3475 2398 3634 2468 Μαρ-

2058 2479 2195 2534 θόινα
2227 2480 2283 2534 δὲ
2316 2483 2396 2546 εἰς
2423 2483 2503 2537 ἔτι
2528 2484 2689 2554 δεῦρο
2711 2485 2955 2558 ὑπῆρχεν
2993 2482 3066 2542 ὧν
3093 2490 3188 2541 καὶ
3215 2489 3282 2543 τά
3315 2489 3633 2561 πτύσματα,

2056 2570 2150 2622 καὶ
2180 2571 2250 2624 τὰ
2288 2572 2425 2628 ἄλλα
2467 2574 2561 2628 τοῦ
2598 2575 2849 2653 σώματος
2889 2579 3032 2651 ρύπη
3074 2580 3410 2653 ἀπεφέροντο
3447 2585 3495 2635 οί
3533 2601 3630 2636 πε-

2055 2662 2390 2735 πλανημένοι
2418 2651 2682 2739 αἱρετιδῖοὶ
2711 2671 2769 2723 έν
2808 2671 2990 2742 ἐκείνη
3017 2675 3080 2742 τῇ
3113 2651 3286 2745 χώρα,
3309 2672 3469 2744 δῆθεν
3491 2674 3630 2746 πρὸς

2056 2751 2312 2824 ἀλέξησιν
2354 2757 2699 2828 νοσημάτων.
2746 2761 2821 2812 Οὑ
2867 2760 2974 2830 μὴν
3030 2762 3316 2831 ἐνήργουν.
3364 2760 3524 2813 Ἀλλὰ
3569 2762 3633 2815 τὸ

2055 2841 2468 2915 πεπλανημένον
2493 2847 2623 2900 σοόα
2632 2847 2721 2917 ρὸν
2741 2849 2846 2915 ἀεὶ,
2872 2850 2965 2915 καὶ
2988 2850 3122 2921 πρὸς
3153 2851 3368 2921 ἀπάτην
3388 2852 3496 2905 ἓτοι
3504 2869 3628 2923 μον.

2054 2935 2264 3003 Τυφλὸν
2295 2937 2405 3008 γὰρ
2440 2940 2473 3010 ἡ
2529 2941 2724 3007 κακία,
2775 2945 2868 2995 καὶ
2911 2942 3168 2996 ἀσύνετον
3202 2945 3235 3015 ἡ
3275 2944 3471 3016 πλάνη.
3517 2946 3625 2999 Καὶ

350 3019 519 3087 quitia
554 3022 755 3083 omnis,
786 3031 839 3076 et
864 3017 1152 3092 prudentia
1190 3023 1486 3080 destitutus
1522 3044 1677 3084 error
1705 3039 1807 3086 est.
1842 3032 1947 3089 Ve—

2053 3025 2158 3088 ἓως
2206 3026 2307 3080 ποῦ
2352 3031 2753 3101 κατατρίόομαι
2792 3033 2859 3087 τὰ
2896 3035 3025 3106 περὶ
3066 3036 3159 3088 τοῦ
3189 3036 3384 3106 γόητος
3430 3036 3627 3091 τούτου

324 3124 472 3162 -rnm
520 3111 651 3179 quid
688 3112 884 3167 attinet
915 3115 988 3169 in'
1013 3115 1177 3186 hujus
1206 3118 1524 3187 impostoris
1564 3123 1726 3178 rebus
1760 3141 1947 3195 perse-

350 3200 586 3269 quendis
632 3202 914 3258 immorari
944 3206 1171 3272 diutius,
1207 3216 1295 3263 aut
1341 3225 1403 3265 ea
1434 3226 1660 3268 narrare
1690 3214 1944 3286 dogmata

349 3305 470 3360 qua:
493 3299 683 3344 contra
714 3295 997 3349 veritatem
1035 3299 1310 3352 asseruit?

421 3380 503 3434 ΙΙΙ.
545 3381 786 3437 Primum
842 3387 985 3455 quod
1033 3404 1232 3459 negare
1278 3389 1448 3446 Deum
1500 3410 1765 3466 sequaces
1812 3414 1942 3457 suos

348 3470 600 3535 edocuit,
633 3482 756 3529 cu’m
787 3480 1254 3535 exsecrandorum
1292 3482 1617 3543 idololatria:
1653 3506 1939 3547 sacrorum

347 3576 446 3630 per
465 3562 870 3619 simulationem
904 3570 1199 3639 participes
1229 3587 1351 3629 esse
1380 3578 1577 3631 suasit.
1614 3578 1751 3636 Tum
1784 3583 1940 3639 lucu-

347 3642 549 3705 lentius
570 3653 762 3708 iisdem
784 3656 1076 3727 imposuit;
1109 3676 1231 3715 cum
1251 3678 1345 3718 ore
1372 3673 1530 3720 tenus
1558 3668 1759 3738 ejurari
1779 3690 1939 3743 posse

346 3740 530 3800 fidem.
566 3759 666 3797 nec
714 3747 767 3799 in
799 3763 863 3802 eo
893 3751 1100 3806 crimen
1137 3753 1306 3808 ullum
1335 3772 1457 3812 esse
1506 3760 1663 3816 dixit.
1701 3740 1851 3822 Adeo
1880 3778 1940 3823 ut

342 3832 668 3891 insanabilis
707 3838 777 3892 sit
811 3839 1030 3896 illorum
1064 3846 1322 3914 morbus,
1371 3865 1470 3905 nec
1507 3852 1676 3908 ullum
1705 3859 1932 3913 remedii

341 3940 513 3994 genus
537 3929 809 3985 admittat.
843 3932 978 3999 Cum
1007 3936 1151 3990 enim
1187 3954 1249 3992 os
1284 3940 1481 4009 ipsum,
1518 3961 1626 4015 quo
1658 3948 1935 4003 confessio

339 4021 589 4075 veritatis
643 4025 1005 4094 exprimitur,
1052 4030 1119 4082 ad
1164 4033 1510 4088 mendacium
1559 4038 1931 4107 subornetur;

339 4112 463 4177 quis
494 4114 617 4168 istis
655 4119 841 4171 credat
868 4134 976 4173 non
1011 4122 1360 4179 vehementer
1394 4127 1542 4196 ipsos
1572 4129 1773 4199 decipi,
1805 4147 1931 4185 eum

341 4201 629 4268 perspicue
658 4202 859 4259 divinis
896 4207 950 4259 in
981 4209 1178 4265 litteris
1195 4200 1258 4264 ex
1285 4217 1458 4269 sancti
1485 4218 1723 4287 Spiritus
1750 4221 1930 4276 alllatu

341 4292 720 4361 praescriptum
766 4296 837 4349 sit
868 4315 881 4350 :
913 4297 1081 4351 Corde
1105 4302 1173 4352 ad
1203 4302 1475 4370 justitiam
1506 4309 1666 4374 credi,
1699 4326 1787 4364 ore
1816 4329 1929 4366 vero

2051 3115 2451 3188 φθεγγόμενος,
2494 3122 2593 3175 ὅσα
2635 3140 2691 3175 τε
2740 3124 2880 3177 κατὰ
2919 3126 3017 3196 τῆς
3058 3126 3617 3197 ἀληθείαςκατεψεύ·

2049 3225 2210 3274 σατο;

2115 3391 2188 3444 I".
2242 3391 2463 3464 Πρῶτον
2515 3395 2612 3466 μὲν
2665 3396 2930 3450 διδάσκων
2984 3400 3433 3472 ἁπαρνησιθεῒαν,
3495 3399 3620 3456 καθ’

2047 3481 2334 3554 ὑπόκρισιν
2358 3484 2627 3558 βδελυρῶν
2659 3486 2857 3540 θυσιῶν
2888 3490 2983 3560 τῆς
3004 3491 3449 3565 εἰδωλολατρείας
3487 3511 3621 3565 μετ-

2045 3572 2191 3644 ἐχειν
2218 3575 2410 3643 λέγων’
2437 3576 2623 3630 ἔπειτα
2647 3578 2703 3631 δὲ
2730 3580 2954 3633 ἀπατῶν
2974 3580 3098 3646 τοὺς
3127 3582 3424 3647 ἀκούοντας
3446 3584 3620 3655 ἀρνεῖ-

2044 3663 2168 3718 σθαι
2197 3666 2293 3737 τὴν
2328 3666 2463 3720 ἰδίαν
2485 3669 2665 3724 πίστιν
2686 3671 2934 3742 στόματι,
2952 3674 3044 3727 καὶ
3074 3674 3148 3746 μὴ
3174 3674 3318 3745 ἔχειν
3344 3676 3620 3747 ἁμαρτίαν

2041 3756 2266 3825 φάσκων
2285 3774 2297 3787 ·
2328 3758 2402 3821 ὡς
2443 3757 2579 3813 εἶναι
2606 3761 2973 3835 ἀθεράπευτον
3010 3765 3070 3819 τὸ
3102 3767 3280 3821 αὐτῶν
3301 3768 3496 3832 πάθος,
3523 3770 3616 3822 καὶ

2044 3846 2119 3918 μὴ
2181 3848 2477 3919 δυνάμενον
2518 3852 2899 3924 διορθωθῆναι.
2956 3857 3019 3909 Εί
3074 3856 3181 3930 γὰρ
3230 3859 3292 3911 τὸ
3333 3859 3508 3930 στόμα
3556 3861 3619 3913 τὸ

2038 3937 2334 4008 ὁμολογοῦν
2375 3942 2471 4014 τὴν
2512 3943 2770 4015 ἀλήθειαν
2806 3948 3259 4018 προετοιμάζεται
3289 3953 3368 4014 είς
3396 3951 3617 4021 ψεῦδος,

2038 4024 2149 4099 ἆρά
2174 4047 2237 4099 γε
2257 4032 2340 4096 τίς
2362 4034 2547 4098 αὐτοῖς
2577 4036 2960 4106 ἐμπιστεύσειε
2984 4039 3082 4109 τὴν
3111 4041 3338 4111 καρδίαν
3366 4041 3440 4113 μὴ
3466 4042 3617 4113 ἔχειν

2034 4122 2426 4194 ὴπατημένην;
2455 4126 2613 4180 όπότε
2643 4129 2937 4201 διαρρήδην
2965 4130 3255 4199 ἑκφάσκων
3293 4132 3321 4182 ὁ
3350 4131 3492 4195 θεῖος
3521 4132 3615 4186 λό-

2035 4228 2130 4280 γος
2159 4216 2216 4268 ὲν
2248 4216 2529 4287 Πνεύματι
2573 4220 2714 4289 ἁγίῳ
2757 4220 3046 4284 διδάσκων,
3095 4223 3212 4275 ’Ότι
3253 4224 3470 4292 καρδίᾳ
3514 4241 3615 4277 πι-

2034 4308 2309 4363 στεύεται
2355 4311 2443 4373 εἰς
2477 4307 2895 4377 δικαιοσύνην,
2926 4312 3176 4381 στόματι
3204 4312 3272 4366 δὲ
3306 4316 3614 4385 ὁμολογεῖ-

338 4380 408 4434 ad
437 4382 661 4435 salutem
703 4388 1077 4456 confessionem
1113 4391 1230 4459 ﬁeri
1266 4394 1322 4446 '?
1353 4394 1618 4451 Praeterea
1650 4399 1924 4457 Christum

2053 4418 2123 4455 rm
2157 4404 2244 4468 εἷς
2273 4404 2596 4471 σωτηρίαν.
2636 4402 2798 4456 Ἀλλά
2830 4405 2920 4457 καὶ
2950 4405 3109 4458 πάλιν
3140 4405 3297 4477 δῆθεν
3473 4380 3611 4479 Χρισ

344 4475 471 4529 licet
525 4476 743 4531 nomine
789 4478 907 4546 ipso
950 4478 1201 4546 fateatur,
1234 4499 1357 4538 cum
1400 4487 1471 4538 ita
1508 4488 1777 4558 loquitur.
1818 4494 1928 4548 Ma-

335 4579 476 4634 gnus
509 4563 617 4618 Rex
651 4576 733 4618 est
760 4564 1011 4621 Christus
1039 4587 1050 4621 :
1084 4579 1263 4623 utrum
1316 4573 1367 4626 id
1402 4581 1580 4628 tamen
1613 4578 1680 4632 de
1708 4579 1927 4637 Christo

331 4653 459 4710 Jesu
494 4654 723 4711 Domino
770 4665 961 4713 nostro
992 4663 1449 4728 pronuntiaverit,
1484 4681 1547 4719 ex
1582 4667 1925 4729 fraudulento

339 4744 432 4798 illo
461 4745 882 4819 adulterinoque
914 4749 1075 4813 libro,
1109 4767 1270 4820 quem
1304 4753 1370 4806 de
1396 4757 1554 4827 nugis
1586 4760 1699 4815 suis
1731 4762 1921 4832 edidit,

331 4837 573 4889 nondum
609 4840 1045 4895 animadvertere
1075 4844 1246 4910 potui.
1282 4843 1468 4914 Neque
1495 4849 1637 4902 enim
1664 4853 1805 4907 istud
1836 4854 1923 4909 di-

331 4934 477 4982 serte
509 4930 785 4998 significat
820 4951 832 4985 :
873 4934 966 4989 sed
997 4933 1203 4988 Christi
1245 4950 1444 4989 nomen
1479 4939 1799 5009 simpliciter
1827 4959 1923 5015 ap-

331 5018 517 5087 pellat,
555 5023 709 5087 quasi
738 5024 996 5085 alterum,
1036 5034 1301 5095 quantum
1354 5028 1708 5099 intelligimus
1736 5074 1749 5098 ,
1783 5036 1925 5090 indi-

328 5114 435 5168 cet,
468 5106 575 5178 42
608 5111 688 5162 vel
730 5124 1020 5182 exspectet.
1081 5114 1216 5170 Nam
1277 5124 1329 5172 et
1360 5116 1426 5171 ad
1476 5117 1754 5177 Orientem
1790 5141 1922 5180 con-

326 5210 488 5250 verso
517 5197 669 5250 vultu
720 5205 930 5269 precari
970 5206 1247 5274 prohibet,
1291 5219 1560 5279 negazque
1591 5213 1832 5271 intentos
1864 5219 1919 5273 in

325 5304 444 5345 eam
482 5299 690 5360 partem
733 5308 834 5347 nos
880 5310 1002 5351 esse
1030 5309 1317 5369 oportere;
1350 5304 1445 5356 sed
1481 5301 1913 5375 Hierosolymam

403 5449 417 5478 ¹
454 5447 608 5505 Rem.
634 5448 811 5521 X,_10.
889 5454 909 5483 ²
940 5448 1100 5506 Forte
1130 5454 1446 5525 Σαμψαίων.

2035 4495 2157 4548 στὸν
2189 4495 2414 4565 ὀνόματι
2446 4495 2717 4565 ὁμολογεῖ,
2758 4494 2951 4564 λέγων,
2988 4497 3069 4550 ὅτι
3100 4498 3329 4567 Χριστὸς
3371 4501 3399 4551 ὁ
3432 4499 3613 4569 μέγας

2036 4586 2305 4655 βασιλεὺς,
2347 4588 2408 4640 οὑ
2443 4589 2549 4658 μὴν
2590 4588 2729 4641 πάνυ
2771 4605 2835 4656 γε
2865 4588 3168 4660 κατείληφα
3194 4591 3260 4642 ὲκ
3294 4590 3394 4660 τῆς
3438 4591 3611 4645 αὑτοῦ

2031 4678 2251 4749 δολερᾶς
2282 4680 2374 4732 καὶ
2396 4681 2925 4752 παραπεποιημένης
2960 4681 3262 4746 συντάξεως
3292 4683 3391 4754 τῆς
3419 4682 3610 4752 βίϐλου

2030 4769 2130 4839 τῆς
2158 4771 2322 4824 αὑτοῦ
2350 4772 2641 4843 ληρωδίας,
2668 4775 2716 4825 εί
2740 4774 2867 4844 περὶ
2894 4773 2988 4826 τοῦ
3020 4773 3226 4845 Κυρίου
3253 4774 3406 4845 ἡμῶν
3427 4775 3607 4847 Ἰησοῦ

2030 4860 2269 4930 Χριστοῦ
2300 4862 2639 4934 ὑφηγήσατο.
2673 4864 2809 4918 Οὑτε
2834 4864 2941 4935 γὰρ
2962 4863 3121 4917 τοῦτο
3145 4864 3338 4936 ὁρίζειο
3371 4866 3608 4935 Χριστὸν

2029 4950 2085 5003 δὲ
2121 4953 2306 5017 ἁπλῶς
2335 4954 2502 5023 λέγει,
2534 4957 2608 5018 ὡς
2634 4955 2691 5019 ἐξ
2719 4950 2793 5009 ὧν
2825 4956 3234 5028 ιατειλήφαμέν
3269 4973 3389 5009 τινα
3417 4957 3610 5029 ἕτερον

2029 5044 2308 5114 σημαίνων
2355 5048 2386 5117 ἢ
2436 5048 2769 5119 προσδοκῶν·
2821 5049 3018 5102 κωλύει
3061 5048 3170 5118 γάρ
3218 5050 3297 5110 εἰς
3339 5048 3607 5114 ἀνατολὰς

2027 5132 2305 5201 εὔξασθαι,
2338 5138 2560 5206 φάσκων
2604 5139 2676 5209 μὴ
2718 5138 2826 5192 δεῖν
2864 5141 3150 5210 προσέχειν
3182 5139 3375 5203 οὕτως’
3409 5141 3504 5194 ἐπὶ
3539 5143 3606 5195 τὰ

2037 5225 2381 5299 Ἰεροσόλυμα
2421 5231 2476 5283 δὲ
2521 5230 2665 5301 ἔχειν
2709 5232 2768 5284 τὸ
2817 5235 3106 5301 πρόσωπον
3142 5232 3206 5285 ἐκ
3241 5234 3458 5286 πάντων
3493 5234 3606 5286 τῶν

2025 5315 2229 5383 μερῶν,
2260 5318 2385 5381 τοὺς
2433 5319 2529 5388 μὲν
2573 5319 2666 5373 ἀπ’
2700 5320 2974 5375 ἀνατολῶν
3012 5323 3089 5385 εἰς
3118 5321 3273 5375 δύσιν
3307 5323 3603 5394 προσέχειν

400 5614 510 5684 (19)
544 5611 645 5667 Διὰ
674 5613 737 5666 τὸ
783 5612 908 5684 Ἶὶιλ
940 5610 1270 5670 καλεῖσθαι.
1315 5615 1575 5673 llebraice
1608 5617 1676 5671 ita
1708 5614 1947 5685 concipio

2053 5635 2063 5671 t
2096 5628 2219 5675 sunt
2251 5631 2341 5682 to:
2377 5608 2489 5689 ἥκῃ,
2533 5628 2611 5680 \‘i-l
2648 5637 2776 5692 τις),
2814 5629 2975 5683 t-irlus
3007 5631 3331 5686 abscondita.
