3960 6110
372 282 497 340 .267

1797 268 1855 323 S.
1891 266 2232 321 ΕΡΙΡΗΑΝΙΙ

3535 270 3642 326 268

394 404 495 456 hns
536 396 672 453 [εἰς
698 397 1022 465 propagata,
1067 385 1535 444 condcmnationis
1564 386 1849 454 ipsorum,
1910 393 1965 439 et

2070 384 2302 456 κρίσεως
2336 385 2535 450 αὐτῶν,
2573 386 2664 440 καὶ
2698 385 3164 456 καταπατήματος
3188 385 3386 452 αῦτῶσ,
3422 404 3517 441 και
3544 385 3645 441 πό-

392 484 827 546 conculcationis
877 481 1143 552 ipsorum,
1179 487 1233 534 et
1281 477 1486 534 laboris
1524 476 1789 547 ipsorum,
1832 491 1966 532 cou-

393 580 699 637 culcatione
742 577 797 630 in
848 570 1303 629 condemnatione
1342 584 1439 640 per
1476 576 1672 639 patres
1722 583 1873 623 meos
1901 583 1966 622 ex

396 671 700 739 abjectione
725 681 847 736 ιιι-ω
885 663 1144 735 praeteriit
1172 662 1227 715 in
1252 660 1560 731 apostolatu
1596 658 1963 729 perfectionis.

392 762 525 830 Quae
553 761 738 816 omnia
782 760 840 813 in
890 757 982 810 illo
1027 756 1145 824 ipso
1180 753 1425 824 perfecta
1481 761 1640 817 sunt;
1676 750 1835 819 cuius
1886 751 1968 805 vis

394 856 576 911 omnis
613 863 778 922 atque
815 851 964 904 fraus
1002 849 1055 902 in
1091 847 1320 901 nihilum
1348 853 1435 900 est
1460 846 1698 900 redacta.
1730 843 1885 910 Quod
1920 845 1967 900 si

396 946 522 1015 quis
548 943 888 1011 singulorum
918 938 1209 993 verborum
1236 936 1734 1005 interpretationem
1779 934 1970 989 audire

396 1037 546 1097 velit,
589 1050 655 1088 ne
684 1033 786 1086 hoc
814 1031 1031 1101 quidem
1062 1030 1243 1083 facere
1275 1027 1548 1096 pigrabor,
1582 1026 1677 1081 sed
1705 1027 1772 1081 iis
1805 1026 1968 1082 etiam

382 1124 492 1194 qui
523 1122 828 1176 minutatim
861 1120 1001 1175 scire
1050 1118 1153 1172 ista
1194 1116 1505 1170 desiderant
1551 1115 1775 1169 omnino
1809 1114 1971 1169 satis-

401 1216 617 1271 faciam.
656 1215 826 1285 Igitur
855 1195 1086 1281 singulis
1116 1209 1341 1264 vocibus
1389 1208 1662 1279 propriam
1702 1208 1970 1277 interpre-

398 1310 656 1363 tationem
721 1304 1065 1365 adscribam,
1129 1316 1249 1370 qua:
1302 1307 1388 1355 est
1454 1300 1724 1369 ejusmodi
1774 1299 1971 1354 :Abar

399 1406 671 1464 transeat;
718 1394 893 1456 Anid,
939 1391 1214 1461 abjectio;
1261 1388 1426 1456 Moib,
1470 1405 1498 1443 a
1532 1390 1777 1458 patribus
1837 1390 1971 1444 meis

397 1497 724 1558 propagata;
751 1484 993 1544 Nocbile,
1029 1482 1500 1538 condcmnationis
1532 1482 1772 1551 ipsorum
1796 1498 1810 1547 ;
1831 1478 1970 1534 Daa-

396 1580 500 1635 sim
540 1615 557 1641 ,
589 1585 643 1631 et
673 1573 1102 1630 conculcationis
1155 1573 1431 1641 ipsorum;
1488 1569 1626 1634 Ane,
1664 1577 1721 1624 et
1766 1569 1970 1623 laboris

396 1666 672 1741 ipsorum;
711 1666 949 1727 Daasim,
980 1663 1446 1733 ,proculcatione;
1486 1660 1711 1715 Nochile
1757 1659 1813 1714 in
1840 1674 1971 1715 con—

2068 494 2160 530 νου
2193 476 2394 540 αὐτῶν,
2443 479 2869 550 καταπατήματι
2918 478 2976 530 ἐν
3026 477 3349 549 κατακρίσει
3395 478 3485 532 διὰ
3530 478 3643 534 τῶν

2070 567 2322 638 πατέρων
2350 584 2474 636 μου,
2502 568 2612 621 ἀπὸ
2635 565 3014 629 ταπεινώσεως
3039 566 3416 638 παρελθούσης
3434 569 3491 640 ἐν
3509 569 3647 622 ἁπο-

2072 659 2230 729 στολῇ
2276 656 2627 721 τελειώσεως.
2663 659 2781 711 Ἐπ’
2815 657 2962 728 αὐτῷ
3002 656 3059 711 δὲ
3113 658 3290 712 πάντα
3343 658 3645 728 πληροῦται

2032 786 2037 793 ρ
2069 747 2259 802 ταῦτα.
2287 749 2603 802 Κεκένωται
2630 748 2740 820 γὰρ
2765 748 2929 802 αὐτοῦ
2951 751 2984 819 ἡ
3014 749 3242 819 δύναμις
3267 749 3361 803 καὶ
3381 753 3413 818 ὴ
3442 748 3642 820 πλάνη.

2070 842 2132 893 El
2192 841 2248 894 δὲ
2278 839 2335 893 ἓν
2374 841 2529 911 ρἧα
2571 841 2706 913 πρὸς
2742 840 2798 894 ἓν
2833 839 3047 909 θελήσει
3088 857 3172 905 τις
3216 841 3358 894 κατὰ
3388 840 3646 894 λεπτολο-

2070 935 2196 1002 γίαν
2224 932 2455 987 ἀκοῦσαι
2478 932 2934 1004 ἑρμηνευόμενον,
2970 932 3063 984 καὶ
3086 931 3243 985 τοῦτο
3270 934 3370 985 οὐκ
3396 932 3461 986 ἂν
3484 932 3648 1004 ὀκνή-

2072 1041 2267 1095 σαιμεν
2306 1026 2551 1095 ποιῆσαι,
2575 1024 2707 1100 ,ἀλλ’
2738 1026 2817 1088 εἰς
2847 1024 3085 1093 καθῆκον
3129 1023 3274 1077 κατὰ
3321 1024 3496 1077 πάντα
3534 1023 3644 1077 τῶν

2072 1115 2410 1186 βουλομένων
2436 1116 2456 1145 ³
2494 1114 2832 1183 λεπτολόγως
2874 1115 3114 1179 ἀκούειν,
3164 1113 3304 1168 αὐτὰ
3341 1115 3408 1185 δὴ
3446 1116 3514 1169 τὰ
3548 1118 3646 1189 ῥή-

2074 1226 2219 1280 ματα
2247 1207 2412 1261 αὐτοῦ
2437 1209 2530 1261 καὶ
2550 1210 2647 1271 τὰς
2671 1208 2850 1261 αὐτῶν
2874 1206 3170 1278 ἑρμηνείας
3192 1207 3450 1279 ἄντικρυς
3476 1225 3648 1279 παρα-

2073 1301 2372 1372 θησόμεθα,
2402 1302 2496 1353 καὶ
2526 1300 2674 1353 ἔστιν
2701 1300 2895 1365 οὕτως’
2931 1300 3105 1372 Ἄδαρ
3136 1300 3470 1371 παρελθέτω·
3501 1300 3646 1355 ’Δνὶδ

2070 1394 2419 1456 ταπείνωσις’
2463 1392 2621 1446 Μωῖὀ
2663 1394 2696 1464 ή
2739 1396 2803 1446 ὲκ
2842 1394 3095 1465 πατέρων
3140 1411 3261 1464 μου·
3299 1394 3512 1463 Νωχιλὲ
3546 1394 3645 1465 τῆς

2072 1485 2453 1557 κατακρίσεως
2500 1483 2699 1537 αὐτῶν*
2759 1486 2974 1555 Δαασ“ιμ
3032 1486 3125 1539 καὶ
3185 1489 3646 1557 καταπατήματος

2072 1577 2268 1632 αὐτῶν·
2320 1576 2447 1646 Ἀνὴ
2495 1576 2587 1629 καὶ
2634 1577 2798 1630 πόνου
2831 1577 3028 1632 αὐτῶν*
3075 1579 3291 1647 Δαασὶμ
3329 1580 3646 1650 καταπατή-

2075 1686 2224 1740 ματι·
2256 1669 2463 1740 Νωχιλὲ
2493 1671 2550 1722 ὲν
2580 1669 2920 1741 κατακρίσειο
2951 1669 3110 1724 Μωῖϐ
3136 1670 3226 1724 διὰ
3251 1670 3360 1724 τῶν
3391 1671 3645 1743 πατέρων

396 1734 778 1823 demnatione;
810 1756 955 1812 Moib
986 1771 1080 1825 per
1128 1763 1310 1824 patres
1344 1769 1527 1820 meos;
1572 1752 1734 1814 Anid,
1767 1767 1836 1807 ex
1874 1752 1967 1806 ab-

2075 1734 2195 1834 μω·
2233 1734 2383 1815 Ἀνὶδ
2417 1762 2525 1814 ἀπὸ
2570 1734 2974 1825 ταπεινωσεωςο
3022 1762 3199 1833 ’Ἄδαρ
3245 1734 3641 1833 παρελθούέης.

391 1856 631 1923 jectione
654 1850 853 1917 ;Abar,
886 1861 1007 1917 qua:
1027 1844 1319 1916 praeteriit;
1348 1842 1526 1898 Selam
1544 1882 1559 1907 ,
1588 1844 1643 1898 in
1668 1844 1973 1915 apostolatu

398 1942 768 2014 perfectionis.

473 2032 534 2087 V.
560 2029 951 2102 Ejusmodiest
964 2025 1298 2082 Ossenorum
1318 2031 1742 2080 commemorata
1763 2039 1794 2078 a
1815 2022 1972 2079 nobis

396 2126 642 2185 harcsis.
666 2138 786 2193 quae
812 2137 934 2176 cum
963 2118 1276 2175 Iudaeorum
1300 2120 1367 2173 ad
1391 2118 1554 2172 ritum
1579 2119 1743 2172 vitam
1768 2117 1970 2187 exigat,

384 2213 802 2276 etSabbatum,
836 2226 899 2266 ac
931 2209 1405 2264 circumcisionem
1453 2218 1713 2277 usurpet,
1758 2208 1974 2276 aliaque

391 2309 662 2380 quaeflege
687 2306 1119 2376 praescribuntur
1133 2303 1354 2368 omnia,
1390 2310 1571 2357 certos
1598 2309 1777 2355 tamen
1805 2300 1972 2353 libros

394 2402 779 2458 Nazarteorum
809 2399 1057 2467 exemplo
1102 2397 1350 2466 repudiat
1383 2414 1398 2449 :
1439 2403 1605 2462 atque
1639 2408 1669 2445 a
1712 2407 1805 2446 sex
1843 2396 1970 2445 rell-

386 2493 707 2565 quissectis
736 2491 883 2545 velut
915 2489 1209 2544 schismate
1238 2486 1560 2555 sejungitur.
1585 2483 1692 2537 Sed
1725 2484 1792 2535 ad
1826 2476 1977 2535 illani

395 2582 642 2637 funditus
678 2578 1069 2649 profligandam
1111 2593 1277 2631 unum
1310 2576 1442 2629 illud
1475 2575 1737 2636 sufficiet,
1766 2573 1911 2643 quod
1939 2587 1970 2627 a

396 2674 507 2728 Deo
537 2672 752 2742 penitus
781 2672 1090 2724 abhorreat.
1131 2668 1340 2723 Etenim
1368 2684 1490 2722 cum
1534 2668 1741 2721 diserte
1780 2664 1968 2720 Domi-

396 2781 500 2820 nus
514 2773 743 2825 asscrat,
764 2761 1078 2817 sacerdotes
1092 2760 1144 2813 in
1163 2762 1364 2830 templo
1383 2760 1588 2814 violare
1610 2760 1905 2813 Sabbatum
1926 2760 1967 2823 ¹,

392 2854 525 2927 quid
558 2863 649 2909 est
666 2844 946 2921 aliud-quo
974 2853 1180 2906 violare
1207 2852 1348 2905 diem
1380 2852 1530 2904 illum
1561 2851 1838 2914 dicuntur,
1861 2848 1968 2903 nisi

390 2946 539 3018 quod
573 2944 810 3000 Sabban
838 2958 997 2999 nemo
1034 2958 1174 3010 opus
1202 2942 1369 2995 ullum
1409 2940 1643 3003 faceret;
1688 2948 1745 2994 at
1785 2953 1971 2994 sacer-

390 3038 550 3094 dotes
584 3037 642 3090 in
670 3035 871 3105 templo
902 3033 1188 3089 sacrificiis
1212 3033 1427 3103 operati
1453 3031 1751 3086 Sabbatum
1786 3031 1965 3087 solve-
1995 3067 2038 3127 c

391 3139 535 3192 rent,
569 3134 626 3182 et
672 3128 974 3181 hostiarum
1025 3126 1357 3179 mactatione
1403 3124 1626 3179 assidua
1659 3122 1966 3178 violarent?

292 3286 301 3294 _
395 3219 504 3276 Sed
536 3234 638 3289 ego
659 3218 889 3273 haeresin
915 3218 1059 3269 illam
1091 3218 1518 3285 praetermittam.
1557 3214 1692 3269 Nam
1728 3224 1784 3270 et
1814 3214 1966 3270 Elxai

392 3324 587 3367 ειη-δυσ
619 3312 723 3363 iste
749 3323 874 3363 cum
913 3305 1205 3369 Ebionaeis,
1232 3307 1329 3378 qui
1367 3305 1571 3361 Christi
1602 3315 1846 3375 tempora
1877 3319 1965 3360 se-

393 3400 507 3455 cuti
547 3407 697 3463 snnt,
727 3398 1057 3467 conjunctus
1084 3405 1188 3463 est,
1224 3411 1324 3451 nec
1354 3412 1463 3450 non
1498 3412 1623 3451 cum
1652 3395 1965 3466 posteriori-

394 3493 498 3548 bus
525 3490 1077 3560 Nazamis;eumque
1099 3498 1263 3546 secta:
1282 3499 1518 3560 quatuor
1545 3497 1823 3543 auctorem
1858 3487 1966 3543 sibi

392 3583 705 3647 vindicant,
731 3598 853 3654 qua:
901 3583 1048 3637 illius
1079 3583 1368 3653 praestigiis
1411 3580 1719 3635 alliciuntur
1752 3598 1765 3634 :
1794 3578 1967 3639 nimi-

392 3690 515 3729 rum
550 3673 784 3730 Ebioatei
805 3715 820 3740 ,
848 3688 918 3729 ac
965 3675 1295 3744 posteriores
1330 3672 1597 3737 Naxaraei,
1648 3672 1842 3729 Osseni
1873 3675 1965 3744 qui

391 3773 503 3821 tam
540 3775 668 3821 ante
705 3766 881 3829 illum,
913 3778 1076 3836 quam
1102 3780 1227 3819 cum
1268 3765 1362 3820 illo
1407 3766 1748 3836 prodierunt,
1774 3777 1830 3821 et
1858 3764 1968 3819 Na-

392 3856 575 3920 zaraei,
600 3856 668 3912 de
702 3857 902 3926 quibus
937 3870 1096 3912 antea
1120 3857 1414 3926 disputavi.
1448 3856 1717 3931 Caeterum
1750 3872 1856 3912 una
1884 3865 1967 3909 est

391 3951 508 4005 haec
554 3948 776 4004 haeresis
827 3964 894 4003 ex
946 3950 1054 4005 illis
1102 3958 1345 4020 septem,
1400 3965 1522 4020 qua:
1572 3948 1966 4019 Hierosolymis

390 4038 741 4103 exstiterunt,
780 4046 835 4093 et
866 4039 932 4093 ad
962 4038 1167 4094 Christi
1193 4040 1484 4093 adventum
1511 4037 1622 4110 44
1643 4054 1818 4107 usque
1839 4050 1966 4104 pro-

387 4139 594 4197 pagata!
624 4138 772 4190 sunt,
813 4144 879 4182 ac
905 4130 1161 4198 deinceps
1201 4130 1271 4183 ab
1312 4131 1476 4199 hujus
1514 4130 1851 4199 temporibus
1896 4126 1965 4180 ad

390 4219 1255 4288 Hierosolymitanumexcidium,
1282 4220 1428 4289 quod
1446 4220 1568 4274 Tito
1610 4220 1749 4273 duce
1784 4217 1964 4272 conti-

388 4310 488 4380 git,
507 4308 794 4363 Domitiani
816 4310 1002 4372 fratre,
1026 4320 1081 4364 et
1102 4308 1424 4379 Vespasiani
1453 4311 1800 4380 imperatoris
1829 4311 1960 4366 filio.

2070 1854 2253 1926 Σελᾷμ
2278 1857 2336 1907 ὲν
2356 1854 2633 1926 ἀποστολῇ
2658 1851 3008 1915 τελειώσεως.

2138 2030 2217 2085 ις’.
2262 2032 2425 2103 Αῦτη⁹
2444 2031 2574 2101 γοῦν
2621 2034 2655 2104 ἠ
2705 2034 2918 2105 αἵρεσις
2966 2034 3002 2104 ἦ
3051 2031 3159 2086 τῶν
3202 2032 3483 2103 ὀσσηνῶν
3530 2033 3645 2087 ἄνω

2064 2123 2466 2195 προειρημένη,
2500 2125 2533 2194 ἢ
2561 2124 2951 2194 πολιτευομένη
2983 2124 3085 2193 μὲν
3117 2124 3216 2195 τὴν
3245 2122 3352 2177 τῶν
3373 2122 3644 2177 Ἰουδαίων

2072 2212 2367 2274 πολιτείαν,
2392 2213 2533 2267 κατὰ
2553 2213 2613 2266 τὸ
2640 2212 2988 2278 σαϐϐατίζειν
3008 2230 3066 2267 τε
3085 2214 3178 2267 καὶ
3201 2211 3641 2285 περιτέμνεσθαι,

2070 2305 2164 2357 καὶ
2189 2303 2281 2357 τοῦ
2308 2304 2474 2375 νόμου
2498 2307 2671 2359 ποιεῖν
2691 2305 2761 2359 τὰ
2785 2307 2984 2369 πάντα,
3010 2305 3168 2376 μόνον
3199 2306 3257 2359 δὲ
3283 2305 3643 2376 ἀπαγορεύειν

2070 2397 2169 2460 τὰς
2198 2398 2413 2468 βίῦλους
2445 2398 2646 2469 ὁμοίως
2682 2400 2793 2462 τοῖς
2823 2397 3175 2469 Ναζαραίοις.
3210 2396 3422 2467 Σχίσμα
3456 2396 3515 2449 δὲ
3553 2398 3645 2467 ερε-

2069 2486 2295 2557 γάζεται
2326 2488 2469 2559 αῦτη
2519 2488 2885 2559 διαφερομένῃ
2934 2488 3069 2559 πρὸς
3106 2488 3205 2550 τὰς
3245 2487 3408 2551 ἄλλας
3444 2487 3504 2554 ἒξ
3535 2487 3644 2541 τῶν

2069 2580 2333 2650 αἱρέσεων
2361 2581 2587 2633 τούτων.
2625 2580 2879 2651 Ἀρκέσει
2910 2579 3041 2648 γοῦν
3063 2582 3143 2641 είς
3170 2580 3482 2651 ἀνατροπὴν
3510 2578 3644 2632 ταύ-

2068 2685 2169 2738 της
2199 2669 2261 2722 τὸ
2286 2666 2424 2724 εἷναι
2458 2670 2628 2741 αὐτὴν
2666 2669 2953 2741 ἀλλοτρίαν
2988 2669 3147 2734 Θεοῦ,
3178 2670 3273 2724 τοῦ
3304 2669 3509 2740 Κυρίου
3541 2685 3643 2723 σα-

2069 2759 2185 2828 φῶς
2210 2759 2483 2829 λέγοντος,
2511 2763 2594 2814 ὅτι
2627 2762 2679 2814 οἱ
2710 2762 2874 2831 ἱερεῖς
2903 2761 2961 2813 ὲν
2995 2759 3073 2829 τῷ
3105 2761 3235 2831 ἱερῷ
3263 2761 3548 2833 βεῦηλοῦσι
3582 2763 3644 2816 τὸ

2071 2850 2366 2905 Σάϐϐατον.
2412 2852 2477 2904 Ἡ
2511 2851 2566 2905 δὲ
2603 2852 2902 2922 βεδή).ωσις
2930 2851 3026 2904 τοῦ
3060 2852 3342 2906 Σαϐϐἀτου
3364 2854 3447 2916 τίς
3478 2853 3642 2924 αῦτη,

2069 2942 2183 2994 ἀλλ’
2231 2943 2312 2995 ὃτι
2344 2941 2504 3013 ἔργον
2537 2943 2712 3006 οὐδεὶς
2742 2945 3025 3015 εἰργάζετο
3063 2946 3121 2997 ὲν
3149 2944 3228 3015 τῷ
3248 2944 3541 3016 Σαϐϐάτῳ,
3584 2948 3646 2999 ὲν

2069 3030 2126 3082 δὲ
2157 3030 2234 3101 τῷ
2278 3032 2407 3104 ἱερῴ
2449 3032 2639 3085 θυσίαν
2679 3034 2728 3086 οἱ
2779 3035 2944 3105 ἱερεῖς
2991 3033 3361 3097 ἐπιτελοῦντες
3395 3033 3550 3087 ἔλυον
3580 3036 3645 3088 τὸ

2071 3120 2366 3185 Σάϐϐατον,
2416 3122 2767 3194 βεδηλοῦντες
2793 3123 2884 3176 διὰ
2932 3125 3029 3195 τὴν
3060 3124 3310 3196 ἐνδελεχῆ
3340 3123 3453 3179 τῶν
3488 3125 3644 3189 ζώων

2071 3213 2291 3279 θυσῖαν;
2322 3214 2735 3286 Παρελεύσομαι
2765 3215 2860 3268 καὶ
2889 3214 3094 3285 ταύτην
3118 3214 3216 3287 τὴν
3244 3216 3476 3287 αἰρεσιν.
3510 3215 3646 3270 Συν-

2067 3306 2238 3378 ἧπται
2270 3306 2379 3377 γὰρ
2404 3301 2559 3370 οὗτος
2591 3306 2754 3361 πάλιν
2790 3309 2818 3360 ὁ
2851 3305 3044 3372 Ἠλξαῖ
3075 3310 3187 3371 τοῖς
3225 3309 3365 3379 μετὰ
3395 3308 3485 3362 τὸν
3510 3309 3647 3383 Χρι-

2069 3395 2191 3448 στὸν
2232 3395 2588 3461 Ἐὁιωναίοις,
2635 3396 2773 3451 ἀλλὰ
2814 3397 2910 3451 καὶ
2965 3401 3080 3462 τοῖς
3126 3398 3483 3470 Ναζαραίοις,
3530 3403 3663 3469 «τοῖς¹

2068 3483 2365 3554 μετέπειτα
2408 3485 2678 3555 γεγονόσι·
2726 3487 2821 3542 καὶ
2863 3488 3157 3559 κέχρηνται
3194 3487 3344 3559 αὐτῷ
3379 3489 3645 3561 τέσσαρες

2066 3577 2330 3648 αἱρέσεις,
2369 3578 2559 3650 ἐπειδὴ
2603 3577 2885 3647 θέλγονται
2928 3582 2994 3650 τῇ
3024 3579 3188 3634 αὑτοῦ
3222 3580 3418 3652 πλάνη·
3453 3581 3648 3635 Ἐϐιω-

2068 3669 2234 3722 ναίων
2274 3684 2355 3734 τε,
2396 3668 2503 3723 τῶν
2552 3670 2847 3740 μετέπειτα
2890 3671 3240 3743 Ναξαραίων,
3284 3672 3560 3744 Ὀσσηνῶν
3584 3689 3645 3726 τε

2064 3759 2175 3811 τῶν
2210 3759 2316 3831 πρὸ
2353 3759 2518 3813 αὐτοῦ
2560 3761 2656 3814 καὶ
2696 3762 2793 3816 σὺν
2828 3761 2999 3833 αὐτῷ,
3043 3764 3139 3816 καὶ
3175 3760 3502 3834 Ναξαραίων
3533 3763 3643 3816 τῶν

2058 3850 2181 3903 ἄνω
2215 3867 2303 3919 μοι
2352 3850 2864 3923 προδεδηλωμένων.
2905 3851 3056 3924 Αὕτη
3094 3853 3156 3907 δὲ
3201 3854 3233 3924 ή
3276 3854 3487 3925 αἵρεσις
3531 3848 3642 3906 τῶν

2065 3942 2208 3995 ἑπτὰ
2243 3940 2352 3994 τῶν
2392 3944 2453 3995 ὲν
2496 3943 2912 4015 Ἱεροσολύμοις,
2949 3945 3153 4008 αἵτινες
3188 3945 3473 4016 ἐνέμειναν
3511 3946 3642 4017 ἄχρι

2068 4037 2167 4105 τῆς
2195 4033 2289 4087 τοῦ
2326 4035 2561 4108 Χριστοῦ
2595 4036 2920 4107 παρουσίας,
2961 4037 3058 4090 καὶ
3102 4036 3242 4107 μετὰ
3278 4038 3379 4109 τὴν
3404 4038 3642 4109 Χριστοῦ

2067 4122 2331 4194 ἒνσαρκον
2382 4124 2684 4194 παρουσίαν
2742 4126 2870 4196 ἄχρι
2921 4126 3020 4196 τῆς
3076 4126 3184 4179 τῶν
3252 4127 3641 4199 Ἱεροσολύμων

2066 4215 2341 4280 ἁλώσεως,
2371 4217 2495 4286 ἥτις
2523 4217 2747 4285 γέγονεν
2783 4218 2888 4270 ὑπὸ
2925 4218 3086 4270 Τίτου
3117 4217 3385 4288 βασιλέως
3405 4219 3639 4288 ἀδελφοῦ

2066 4305 2417 4375 Δομετιανοῦ,
2458 4307 2574 4360 υἱοῦ
2610 4307 2668 4360 δὲ
2702 4308 3110 4363 Οὐεσπασιανοῦ
3156 4308 3440 4380 βασιλέως.
3488 4311 3643 4365 Μετὰ

385 4402 523 4456 Post
561 4414 750 4455 eversa
794 4399 1012 4454 demum
1066 4399 1438 4473 Hierosolyma
1482 4403 1634 4457 stetit
1684 4404 1775 4457 illa
1812 4404 1960 4459 brevi

2070 4396 2124 4449 δὲ
2172 4396 2269 4466 τὴν
2311 4396 2419 4451 τῶν
2475 4398 2865 4471 Ἱεροσολύμων
2911 4401 3110 4454 ἅλωσιν
3159 4401 3448 4472 ἐπέμεινεν
3500 4402 3537 4472 ἦ
3580 4418 3641 4456 τε

391 4502 632 4560 tempore
661 4506 786 4545 cum
814 4493 1025 4555 caeteris
1056 4507 1177 4561 quae
1206 4500 1316 4546 tum
1344 4493 1760 4549 celebrabantur
1776 4498 1961 4563 sectis;

387 4596 575 4650 eaque
615 4578 839 4635 fuerunt
880 4578 1304 4635 Saddueasorttm
1325 4620 1341 4646 ,
1378 4572 1696 4638 Scribarum
1720 4626 1736 4651 ,
1766 4582 1965 4640 Phari-

388 4687 646 4735 saeorum,
693 4671 1313 4742 llcmeroLaptistarum,
1357 4673 1773 4741 Nazaraeorum,
1804 4678 1966 4733 Orse-

385 4778 583 4818 norum
616 4771 670 4819 et
702 4762 1156 4826 llerodianorum,
1184 4766 1357 4821 donec
1382 4781 1479 4822 sua
1503 4782 1733 4839 quaeque
1762 4782 1965 4840 oppor-

347 4867 355 4873 '
386 4856 621 4910 tunitate
650 4869 714 4908 ac
746 4862 993 4925 tempore
1020 4855 1283 4926 dissipata
1310 4859 1490 4927 periit.

459 4943 546 5001 Vl.
589 4944 870 5000 Postremo
903 4947 1038 5001 satis
1074 4961 1197 5002 esse
1238 4948 1416 5015 debet,
1452 4949 1596 5020 quod
1634 4964 1700 5006 ex
1728 4951 1962 5021 ipsamet

385 5037 604 5094 illorum
633 5037 875 5105 vesania,
910 5037 1152 5109 ipsisque
1189 5037 1326 5095 adeo
1360 5042 1609 5106 vocibus,
1641 5044 1842 5113 quibus
1864 5045 1962 5098 do-

386 5136 569 5197 gmata
599 5142 700 5182 sua
742 5128 1075 5198 praedicant,
1107 5138 1301 5185 contra
1341 5131 1539 5187 lethale
1575 5148 1764 5189 eorum
1806 5134 1962 5188 virus

387 5217 695 5287 comparari
726 5221 1041 5292 remedium;-
1065 5229 1271 5291 potest.
1324 5222 1395 5277 ab
1430 5236 1499 5278 co
1526 5223 1623 5292 qui
1670 5224 1959 5294 prudentia

1996 4493 2039 4540 .'
2064 4486 2224 4557 αῦτη,
2254 4489 2347 4541 καὶ
2388 4491 2443 4542 αἱ
2477 4490 2632 4544 ἄλλαι
2666 4490 2830 4562 ὀλίγῳ
2855 4490 2932 4562 τῷ
2963 4492 3141 4564 χρόνῳ
3179 4493 3235 4546 αἱ
3268 4493 3642 4564 φημιζόμεναι

2065 4582 2327 4653 αἱρέσεις,
2363 4582 2739 4637 Σαδδουκαίων
2771 4586 2932 4656 φημὶ,
2960 4587 3053 4639 καὶ
3094 4585 3498 4658 Γραμματέων,
3533 4588 3641 4641 Φα-

2066 4673 2290 4742 ρισαίων
2308 4690 2388 4739 τε,
2401 4675 2498 4728 καί
2511 4674 3049 4746 Ἢμεροὸαπτιστῶν,
3068 4678 3164 4731 καὶ
3179 4678 3529 4748 Ναζαραίων,
3546 4679 3642 4733 καὶ

2063 4763 2358 4836 Ὄσσηνῶν,
2386 4765 2859 4838 καὶἮρωδιανῶν·
2882 4767 3040 4840 ἄχρις
3063 4762 3125 4822 οὗ
3156 4767 3298 4820 κατὰ
3322 4769 3517 4840 καιρὸν
3545 4769 3641 4821 καὶ¹

2065 4855 2205 4909 κατὰ
2222 4855 2412 4928 χρόνον
2437 4858 2643 4926 ἑκάστη
2674 4858 2853 4912 αὐτῶν
2883 4858 3370 4929 διασκορπισθεῐσα
3393 4860 3635 4932 διελύθη.

2136 4950 2227 5015 ς’.
2261 4948 2533 5020 Ἀρκετῶς
2569 4949 2625 5001 δὲ
2662 4950 2810 5020 ἔχειν
2842 4950 2942 5004 ἀπ’
2976 4950 3149 5019 αὐτῆς
3174 4950 3273 5021 τῆς
3300 4952 3482 5005 αὐτῶν
3510 4968 3636 5025 φρει

2062 5039 2399 5105 νοδλαδείας,
2449 5040 2544 5093 καὶ
2586 5040 2693 5093 τῶν
2736 5042 2998 5113 ῥημάτων
3025 5044 3120 5097 τοῦ
3152 5044 3510 5114 κηρύγματος
3543 5045 3637 5099 τοῦ

2058 5128 2389 5201 δηλητηρίου
2442 5130 2521 5184 ἱοῦ
2575 5130 2933 5203 ἀλεξητήριον
2977 5134 3155 5206 ἐαυτῷ
3197 5137 3372 5189 πάντα
3407 5138 3639 5210 νουνεχῆ

2062 5221 2487 5285 κατασκευάσαι,
2529 5222 2866 5291 καταγνόντα
2895 5223 2992 5293 τῆς
3039 5224 3416 5296 συρφετώδους
3461 5225 3639 5279 αὐτῶν

386 5306 569 5376 aliqua
616 5309 687 5361 sit
733 5308 1026 5377 praditus,
1080 5317 1139 5364 ιιι
1182 5307 1342 5368 facile
1392 5310 1671 5367 sordidam
1726 5313 1959 5369 istorum

2070 5312 2410 5377 διδασκαλίας
2437 5330 2496 5367 τε
2529 5316 2621 5367 καὶ
2657 5312 2869 5379 λαλιᾶς,
2907 5316 3001 5370 καὶ
3030 5314 3267 5387 μάλιστα
3300 5317 3394 5371 τοῦ
3428 5316 3635 5395 Κυρίου

385 5399 728 5465 doctrinam,
769 5406 825 5454 ct
862 5399 1246 5470 loquacitatem
1284 5403 1633 5460 condemnet.
1676 5398 1960 5477 Praecipue

2070 5402 2222 5466 εὐθὺς
2259 5401 2588 5472 λέγοποςιέν
2618 5418 2678 5456 τε
2702 5402 2783 5474 τῷ
2811 5403 2962 5476 νόμῳ
2983 5407 3078 5459 καὶ
3104 5407 3164 5461 ἐν
3185 5404 3267 5478 τῷ
3291 5407 3631 5479 Εὗαγγελίιεν

385 5504 453 5544 cx
484 5489 724 5561 ecquod
764 5497 874 5545 tam
918 5491 976 5545 in
1014 5492 1161 5559 lege,
1207 5508 1372 5564 quam
1403 5496 1458 5550 in
1501 5492 1795 5570 Evangelio
1822 5500 1894 5556 sit
1925 5515 1957 5553 a

2070 5495 2177 5548 Dim
2220 5492 2464 5547 ἔσονταί
2492 5510 2587 5547 σοι
2612 5493 2733 5550 θεοὶ
2759 5495 2943 5564 ἕτεροι
2967 5496 3133 5567 πλὴν
3157 5496 3326 5569 ἐμοῦ
3356 5499 3434 5555 οὐ
3452 5497 3631 5571 λήψῃ

459 5643 476 5674 ⁸
515 5641 699 5698 Matth.
732 5661 826 5711 xu,
867 5645 918 5700 5.
988 5648 1011 5709 γ’
1044 5646 1189 5701 Fort.
1212 5648 1287 5718 τῷ
1314 5648 1640 5729 βουλομένῳ.
