3960 6158
294 28 345 34 --
372 28 381 33 1
414 28 581 35 μυ-νιι-π-

313 286 419 346 275

1704 279 1761 335 S.
1805 278 2148 334 EPIPHANII

3450 279 3559 338 276
3632 238 3637 243 ’

316 401 637 473 deportatus
666 402 765 451 est.
793 392 929 447 Tum
962 407 1109 446 anno
1140 390 1385 458 sequenti
1416 388 1807 461 Hierosolymis
1830 404 1889 445 se

2004 389 2104 459 οὲτ,
2137 387 2360 442 ἐλθόντα
2388 388 2465 459 τῷ
2507 387 2633 460 ἐξῆς
2663 388 2893 460 ἐνιαυτῷ
2924 388 3152 460 ὀφθῆναι
3189 390 3418 446 ἐνώπιον
3445 397 3564 450 Κυ-

317 505 504 549 coram
529 487 638 542 Deo
662 483 1105 554 repraesentavit:
1140 487 1307 548 atque
1328 478 1451 534 inde
1476 478 1883 535 Bethlehemum

1990 480 2105 552 ρίου
2150 482 2231 544 εἰς
2263 478 2635 551 Ἰερουσαλὴμ,
2660 479 2949 550 γενόμενόν
2994 497 3053 533 τε
3090 482 3153 534 ἐν
3198 482 3449 555 Βηθλεέμ
3471 487 3562 542 διά

314 588 541 652 propter
592 576 808 648 generis
866 575 1329 646 propinquitatem
1378 586 1405 624 a
1454 577 1627 624 matre
1674 569 1887 625 delatus

2004 572 2083 649 τῂν
2114 572 2432 641 συγγένειαν
2459 570 2562 623 ὑπὸ
2587 570 2685 640 τῆς
2712 571 2915 642 μητρὸς
2949 571 3375 644 βασταζόμενον·
3407 574 3559 644 αὖθις

317 679 421 727 est.
461 667 565 724 Sed
611 682 832 722 rursum
879 664 1244 720 Nazarethutn
1284 662 1501 717 rediens
1540 676 1686 716 anno
1714 662 1888 715 altero

319 771 568 819 vertente
624 759 1000 829 Hierosolyma
1056 756 1581 823 Bethlehemumque
1641 760 1888 822 gestante

318 861 494 907 matre
517 849 812 921 perductus
836 853 941 903 est.
964 842 1293 899 Bethlebemi
1320 854 1483 912 porro
1513 854 1637 894 cum
1655 839 1721 893 ad
1745 837 1889 896 sech

321 944 586 1014 quasdam
632 956 758 995 cum
808 937 976 994 Matre
1030 951 1094 991 ac
1137 932 1376 1005 Josepho
1424 931 1757 993 divertisset,
1794 928 1889 1000 qui

319 1036 432 1104 jam
478 1032 670 1102 grandi
711 1038 844 1085 natu
875 1045 998 1085 cum
1032 1027 1202 1082 Maria
1244 1025 1496 1096 degebat,
1544 1021 1787 1079 secundo
1823 1021 1891 1078 ab

289 1118 295 1133 ’
326 1123 612 1178 nativitate
645 1134 789 1175 anno
819 1134 849 1172 a
876 1117 1045 1189 Magis
1072 1115 1335 1172 adorandi
1364 1127 1534 1171 causa
1562 1118 1888 1179 conventus,

323 1227 389 1268 ac
416 1211 575 1268 donis
598 1211 826 1265 ornatus
852 1217 957 1265 est.
993 1207 1189 1263 Eadem
1212 1221 1343 1261 vero
1374 1213 1555 1270 nocte,
1589 1219 1713 1258 cum
1737 1201 1892 1257 Jose-

324 1305 467 1375 phus
504 1318 599 1374 per
631 1300 902 1358 somnium
939 1299 1007 1354 ab
1050 1298 1241 1370 angelo
1280 1303 1425 1352 esset
1460 1294 1793 1358 admonitus,
1835 1294 1891 1348 in

329 1394 622 1465 Egyptum
656 1390 1005 1445 transfertur.
1039 1387 1195 1445 Unde
1226 1403 1425 1443 rursus
1460 1397 1583 1458 post
1609 1385 1890 1441 biennium

327 1490 546 1538 mortuo
571 1481 683 1552 jam
724 1478 952 1544 Herode,
983 1493 1046 1534 ac
1075 1478 1401 1536 succedente
1421 1476 1686 1533 Archeiao
1706 1489 1893 1530 rever—

322 1576 478 1631 titur.
1172 1630 1177 1634 .

394 1665 460 1721 ll.
491 1663 770 1736 Siquidem
793 1677 938 1718 anno
966 1653 1206 1717 Herodis
1246 1674 1440 1724 χχχιιι,
1494 1658 1725 1729 Augusti
1780 1671 1895 1711 sui

322 1755 655 1813 Bethlebemi
699 1754 754 1808 in
786 1752 970 1808 Judtea
1019 1750 1266 1805 Salvator
1311 1751 1575 1806 nascitur.
1608 1748 1746 1803 Tum
1793 1748 1899 1803 He-

323 1847 481 1904 rodis
537 1862 683 1900 xxxv
741 1844 799 1899 in
860 1842 1150 1914 Egyptum
1202 1840 1481 1910 profectus
1526 1846 1630 1895 cst.
1692 1837 1896 1893 Eodem

328 1937 543 1993 Herode
586 1942 824 2001 mortuo,
854 1933 921 1988 ab
970 1931 1206 2004 Egypto
1238 1932 1420 1987 rediit.
1453 1931 1634 1997 Quare
1674 1945 1897 1986 necesse

326 2037 412 2082 est
463 2041 648 2079 xxxvu
674 2021 903 2078 Herodis
927 2018 1070 2076 anno
1096 2027 1352 2092 quartum
1381 2024 1558 2076 aetatis
1600 2035 1713 2076 sua:
1763 2035 1896 2090 pue-

328 2116 512 2171 rulum
542 2115 743 2186 egisse.
777 2128 900 2169 cum
931 2111 1196 2177 Herodes,
1217 2112 1460 2183 inquam,
1485 2118 1690 2182 septem
1720 2127 1784 2166 ac
1805 2111 1899 2165 tri-

326 2209 478 2281 ginta
528 2206 793 2263 coniectis
832 2206 992 2261 annis
1042 2204 1258 2281 vivendi
1312 2204 1472 2259 linem
1516 2204 1723 2259 habuit.
1769 2202 1899 2258 Post

329 2277 474 2352 hunc
492 2296 788 2352 Archelaus
808 2309 1000 2350 novem
1025 2277 1185 2348 annis
1202 2294 1485 2363 imperavit
1506 2311 1520 2361 ;
1544 2308 1652 2364 quo
1669 2308 1894 2365 regnum

328 2391 550 2446 ineunte
579 2387 845 2457 Iosephus
869 2402 935 2442 ex
981 2384 1217 2457 Egypto
1246 2400 1369 2439 cum
1403 2383 1595 2448 Maria,
1628 2398 1691 2439 ac
1727 2400 1898 2455 puero

327 2481 633 2551 digressus,
669 2481 761 2533 ubi
791 2477 1118 2533 Archelaum
1156 2478 1426 2547 imperare
1454 2476 1669 2538 didicit,
1704 2478 1758 2531 in
1791 2477 1901 2531 Ga-

326 2570 522 2623 lilaeam
555 2568 802 2630 secessit,
851 2580 915 2619 ae
952 2572 1068 2619 tum
1117 2563 1365 2620 Nazareti
1405 2564 1651 2619 consedit
1725 2564 1898 2621 επιε-

330 2673 447 2712 rum
471 2648 771 2711 Archelaus
799 2654 1067 2709 Herodem
1089 2654 1362 2724 juniorem
1386 2655 1605 2724 genuit;
1636 2655 1728 2726 qui
1757 2670 1899 2709 nono

334 2749 508 2819 patris
536 2761 679 2801 anno
704 2747 759 2801 in
786 2746 1074 2816 imperium
1103 2747 1390 2802 successit.
1423 2745 1678 2817 Idemque
1721 2763 1899 2802 annus

334 2856 365 2897 a
401 2840 685 2897 uativitate
717 2838 924 2894 Christi
966 2848 1064 2893 xm
1114 2838 1488 2896 numerandus
1515 2847 1618 2895 est.
1693 2840 1899 2897 Octavo

331 2932 543 2988 decimo
572 2947 715 2987 anno
739 2929 972 2986 Herodis
1000 2931 1270 3003 Agrippae.
1304 2917 1465 2988 Jesus
1492 2930 1748 2991 Christus
1773 2948 1898 3004 pro-

1991 664 2150 716 πάλιν
2188 665 2268 726 εἰς
2298 660 2552 734 Ναζαρὲτ
2584 660 2972 730 ἀπενεχθέντα,
3001 663 3094 716 καί
3132 663 3272 716 κατὰ
3305 665 3564 738 δευτέραν

1990 755 2235 826 περίοδον
2278 753 2522 808 ἐνιαυτοῦ
2577 754 2655 817 εἰς
2696 753 2763 807 τά
2799 753 3144 825 Ἰεροσόλυμα
3191 758 3283 811 καὶ
3316 758 3566 831 Βηθλεέμ

1991 846 2308 918 ἐληλυθότα,
2335 844 2734 916 βασταζόμενον
2760 844 3021 911 ὡσαύτως
3047 847 3152 901 ὑπὸ
3170 849 3268 919 τῆς
3300 849 3433 914 ἰδίας
3461 868 3565 921 μηο

1991 936 2145 1008 τρός’
2175 938 2233 990 ἐν
2263 935 2508 1006 Βηθλεὲμ
2530 934 2588 987 δὲ
2610 936 2668 987 ἐν
2696 935 2843 1006 οἰκίᾳ
2869 935 3199 991 κατελθόντα
3227 939 3322 992 σὺν
3353 942 3420 1010 τῇ
3458 940 3565 1015 ἰδίᾳἶ

1995 1030 2163 1100 μητρὶ
2212 1030 2307 1082 καὶ
2336 1027 2533 1098 Ἰωσὴφ
2580 1026 2794 1099 γέροντι
2838 1025 2972 1088 ὄντι,
3002 1028 3098 1082 σὺν
3145 1032 3210 1100 τῇ
3269 1026 3461 1103 Μαρίᾳ.
3508 1033 3567 1086 δὲ

1991 1119 2103 1172 ὄντι
2124 1137 2136 1148 ·
2165 1120 2383 1173 κάκεῖσε
2412 1118 2490 1188 τῷ
2514 1117 2749 1187 δευτέρῳ
2774 1115 2881 1169 ἐτει
2911 1117 3075 1171 αὑτοῦ
3106 1122 3411 1192 γεννήσεως
3434 1140 3563 1176 κατ-

1993 1215 2321 1269 οπτευθέντα
2379 1214 2482 1267 ὑπὸ
2532 1214 2639 1267 τῶν
2691 1211 2881 1283 μάγων
2929 1212 3367 1283 προσκυνηθῆναι
3416 1213 3567 1284 δῶρα

1992 1303 2246 1366 λαϐόντα,
2279 1306 2372 1356 καὶ
2399 1304 2456 1356 ἐν
2482 1302 2615 1373 αὐτῇ
2660 1303 2725 1372 τῇ
2763 1300 2919 1352 νυκτί
2947 1302 3040 1353 ὑπ’
3074 1300 3305 1369 ἀγγέλου
3332 1302 3426 1354 τοῦ
3453 1303 3569 1355 Ἰω-

1997 1396 2104 1467 σὴφ
2124 1394 2560 1467 χρηματίσαντος
2587 1394 2664 1455 εἰς
2685 1392 2960 1462 Αἰγυπτον
2991 1389 3414 1462 παραληφθέντα
3431 1407 3445 1419 ·
3470 1391 3567 1447 ἀπ’

1996 1487 2203 1541 ἐκεῖθέν
2230 1503 2288 1539 τε
2312 1484 2474 1539 πάλιν
2511 1483 2599 1537 διά
2634 1485 2728 1537 δύο
2759 1483 2896 1537 ἐτῶν
2925 1481 3358 1552 ἐπανεληλυθότα
3386 1481 3569 1536 τελευ-

1996 1583 2256 1652 τήσαντος
2281 1577 2372 1632 τοῦ
2412 1576 2674 1649 Ἡρώδου,
2697 1576 2756 1630 ’Δ
2766 1575 2991 1648 ρχελάου
3013 1592 3072 1629 τε
3094 1573 3501 1645 διαδεξαμένου.

2067 1672 2144 1724 B'.
2184 1669 2276 1740 Τῷ
2318 1668 2427 1739 γὰρ
2466 1666 2779 1739 τριακοστῷ
2807 1666 2974 1738 τρίτῳ
3011 1666 3121 1720 ἔτει
3151 1665 3413 1735 Ἡρώδου,
3448 1680 3571 1718 τεσ-

2001 1759 2322 1833 σαρακοστῷ
2345 1759 2403 1813 δὲ
2430 1757 2669 1829 δευτέρῳ
2690 1756 3002 1825 Αὐγούστου
3028 1756 3287 1827 βασιλέως
3314 1756 3571 1825 γεννᾶται

1999 1853 2026 1906 ὁ
2053 1852 2242 1924 Σωτὴρ
2271 1852 2326 1905 ἐν
2355 1849 2601 1919 Βηθλεὲμ
2623 1848 2723 1919 τῆς
2741 1846 3021 1911 Ἰουδαίας.
3045 1849 3272 1902 Κάτεισι
3293 1846 3349 1899 δέ
3373 1848 3451 1909 εἰς
3476 1844 3572 1899 Αἷ-

1997 1960 2204 2013 γυπτον
2246 1940 2323 2012 τῷ
2366 1937 2674 2012 τριακοστῷ
2724 1936 2835 1990 ῐτει
2882 1938 2976 1991 καὶ
3013 1936 3249 2007 πέμπτῳ
3286 1933 3528 2007 Ἡρώδου
3551 1951 3567 1965 ·

1998 2036 2169 2090 ἀνεισι
2211 2034 2267 2088 δὲ
2311 2032 2418 2086 ἀπὸ
2449 2032 2548 2101 τῆς
2575 2030 2847 2100 Αἰγύπτου
2881 2027 3019 2101 μετά
3065 2027 3164 2098 τὴν
3206 2026 3446 2100 Ἡρώδου
3482 2043 3572 2079 τε·

1997 2126 2211 2197 λευτην.
2243 2123 2334 2176 Διὸ
2365 2123 2458 2176 ἐπὶ
2484 2122 2776 2193 τριάκοντα
2820 2121 2912 2175 καὶ
2940 2120 3079 2173 ἐπτά
3104 2118 3250 2173 ἔτεσι
3276 2118 3374 2189 τῆς
3404 2118 3574 2190 αὐτῆς

1995 2215 2091 2272 τοῦ
2137 2213 2377 2288 Ἡρώδου
2407 2214 2579 2287 ἀρχῆς
2624 2209 2692 2285 ἦν
2740 2215 2769 2267 ὁ
2812 2215 2940 2276 παῖς
2963 2211 3246 2283 τεσσάρων
3278 2209 3573 2263 ἐτῶν.“οτε

2008 2292 2274 2380 Ἡρώδης,
2308 2304 2745 2377 τριακονταεπτά
2773 2303 2865 2374 ἔτη
2900 2301 3213 2374 πληρώσας,
3239 2298 3572 2371 κατέστρεψε

1998 2398 2090 2451 τὸν
2115 2398 2247 2467 βίον.
2271 2396 2562 2467 Ἀρχέλαος
2596 2396 2651 2449 δὲ
2680 2394 2834 2449 ἐννέα
2868 2394 2961 2466 ἐτη
2989 2392 3282 2464 βασιλεύει,
3304 2385 3365 2446 οὗ
3391 2393 3447 2444 ἐν
3472 2391 3575 2463 ἀρ-

1999 2491 2066 2559 χῇ
2095 2488 2194 2557 τῆς
2219 2486 2493 2558 βασιλείας
2521 2483 2680 2551 ἐξιὼν
2704 2485 2905 2557 Ἰωσὴφ
2938 2485 3035 2538 ἀπ’
3059 2483 3333 2552 Αἰγύπτου
3370 2482 3484 2552 ἅμα
3507 2483 3575 2551 τῇ

2000 2580 2188 2652 Μαρίᾳ
2220 2578 2313 2633 καὶ
2356 2577 2437 2649 τῷ
2482 2577 2653 2643 παιδὶ,
2696 2576 2935 2640 ἀκούσας
2973 2577 3065 2630 τὸν
3083 2573 3374 2645 Ἀρχέλαον
3421 2573 3574 2643 βασι-

1999 2670 2200 2726 λεύειν,
2224 2668 2568 2739 ἀνεχώρησεν
2610 2668 2690 2730 εἰς
2734 2666 2801 2721 τὰ
2839 2667 2979 2739 μέρη
3014 2666 3114 2736 τῆς
3138 2663 3444 2729 Γαλιλαίας,
3479 2662 3578 2715 καὶ

2002 2761 2290 2833 κατῴκησε
2321 2760 2440 2813 τότε
2465 2760 2545 2823 εἰς
2571 2758 2845 2829 Ναζαρέτ.
2873 2757 3166 2833 Ἀρχέλαος
3208 2756 3264 2809 δὲ
3297 2756 3459 2825 γεννᾷ
3484 2753 3578 2806 τὸν

2011 2851 2257 2924 Ἡρώδην
2308 2850 2399 2904 τὸν
2446 2850 2727 2920 νεώτερον.
2760 2851 2869 2903 Καὶ
2917 2848 3188 2918 βασιλεύει
3225 2847 3467 2918 Ἡρώδης
3499 2845 3577 2917 τῷ

2001 2940 2206 3010 ἐννάτῳ
2234 2938 2343 2992 ἐτει
2370 2939 2469 3009 τῆς
2501 2937 2594 2990 τοῦ
2623 2936 2826 3009 πατρὸς
2849 2936 3144 3009 Ἀρχελάου
3179 2935 3451 3007 βασιλείας
3481 2951 3578 2989 κα-

328 3023 570 3095 mulgare
618 3022 864 3077 divinum
908 3022 1135 3077 verbum
1192 3036 1483 3092 aggressus
1538 3030 1643 3084 est,
1676 3039 1741 3078 ac
1771 3039 1895 3078 cum

2004 3032 2067 3085 τὰ
2095 3031 2367 3101 διαδοχήν.
2399 3030 2509 3083 Καὶ
2557 3030 2748 3098 γέγονε
2792 3027 2871 3098 τῷ
2904 3026 3052 3098 αὐτῷ
3079 3027 3339 3099 δεκατρία
3368 3026 3465 3097 ἐτη
3489 3026 3580 3079 λο-

325 3111 558 3169 Joantiis
605 3114 875 3183 baptismo
914 3112 1196 3179 initiatur,
1228 3120 1341 3167 tum
1374 3100 1576 3168 annum
1624 3116 1775 3170 illum
1804 3131 1897 3169 ac-

329 3213 545 3274 ceptum
589 3204 646 3257 in
682 3218 745 3258 ea
787 3204 1044 3273 praeconii
1093 3201 1373 3259 iunctione
1416 3208 1713 3269 consumit,
1746 3208 1900 3262 nullo

331 3308 510 3359 neque
537 3290 870 3357 Iudaeorum,
906 3306 1084 3361 neque
1108 3294 1410 3363 gentilium,
1444 3310 1620 3365 neque
1665 3294 1901 3365 Samari-

332 3391 623 3446 tanorum,
658 3397 836 3451 neque
873 3383 1101 3439 alterius
1146 3386 1363 3454 generis
1404 3397 1759 3457 repugnante.
1797 3387 1896 3444 Se-

329 3473 511 3528 cundo
531 3474 787 3544 praeconii
809 3474 1047 3530 cmlestis
1076 3489 1218 3530 anno
1239 3477 1668 3546 quamplurimas
1719 3478 1902 3534 obtre-

330 3570 572 3620 ctatores
604 3564 830 3632 habuit;
867 3567 1192 3637 quiquidem
1228 3567 1460 3625 Herodis
1503 3570 1747 3639 ejusdem
1783 3587 1896 3637 χιχ,

334 3653 538 3710 Christi
580 3670 732 3709 xxxn
769 3658 997 3711 exstitit.
1031 3655 1256 3712 Demum
1301 3674 1369 3712 xx
1411 3660 1699 3714 tetrarchae
1728 3661 1901 3716 Hero-

333 3743 420 3799 dis
450 3758 595 3799 anno
627 3743 879 3801 Christus
910 3745 1171 3804 Dominus
1205 3749 1277 3802 ob
1309 3749 1530 3804 humani
1562 3754 1778 3821 generis
1808 3769 1898 3808 sa-

338 3834 503 3890 lutem
538 3850 755 3906 passus,
797 3846 961 3907 atque
1002 3838 1190 3892 eodem
1243 3850 1488 3909 tempore
1527 3841 1660 3895 nihil
1707 3857 1903 3911 passus

331 3926 576 4002 “est:
608 3936 723 3983 tum
756 3943 881 3984 cum
928 3939 1159 3985 mortem
1191 3930 1487 4002 degustans
1531 3933 1707 4003 ipsum
1741 3935 1903 3988 etiam

317 4020 524 4105 ‘crucis
569 4019 897 4090 supplicium
944 4021 1143 4084 subiit,
1186 4036 1310 4077 cum
1354 4022 1569 4077 interim
1614 4024 1748 4077 nihil
1787 4023 1905 4093 ipsa

332 4109 618 4166 divinitate
673 4119 973 4181 pateretur.
1024 4109 1233 4166 Christo
1275 4113 1434 4175 enim,
1482 4113 1559 4166 ait
1599 4112 1902 4183 Scriptura,

206 4217 217 4222 '
331 4217 427 4269 pro
449 4203 598 4256 nobis
626 4204 680 4255 in
699 4219 860 4256 carne
876 4205 1091 4266 passo‘.
1123 4202 1470 4273 Rursumque
1503 4221 1517 4256 :
1540 4204 1904 4273 Morti/iratus

331 4309 512 4356 carne,
545 4293 843 4359 viviﬁcante
868 4302 1043 4346 autem
1064 4294 1254 4354 spiritu
1277 4295 1318 4360 ’,
1341 4304 1399 4348 et
1428 4310 1549 4366 qua:
1576 4304 1902 4366 sequuntur.

2000 3123 2261 3194 γιζόμενα
2293 3125 2358 3193 τῇ
2393 3121 2642 3192 ἐνσάρκῳ
2676 3119 2912 3193 Χριστοῦ
2941 3118 3234 3193 παρουσίᾳ.
3276 3119 3577 3181 Ὀκτωκατ-

1999 3206 2212 3289 δεκάτῳ
2240 3217 2296 3272 δὲ
2321 3216 2432 3270 ἔτει
2453 3214 2695 3287 Ἡρώδου
2719 3214 2813 3268 τοῦ
2846 3212 3230 3283 ἐπικληθέντος
3250 3211 3577 3283 Ἀγρίππου,

1999 3314 2120 3369 τότε
2162 3311 2364 3385 ἤρξατο
2389 3308 2647 3382 ὀίησοῦς
2688 3308 2780 3362 τοῦ
2827 3306 3201 3379 κηρύγματος,
3243 3306 3338 3359 καὶ
3373 3305 3433 3358 τὸ
3484 3303 3580 3374 βά-

2001 3422 2211 3476 πτισμα
2235 3404 2298 3458 τὸ
2328 3402 2436 3459 ἀπὸ
2465 3401 2710 3456 Ἰωάννου
2740 3399 2858 3453 τότε
2893 3397 3182 3469 λαμϐάνει,
3234 3397 3329 3450 καὶ
3375 3393 3583 3466 κηρύσο

2002 3512 2085 3549 σει
2159 3493 2405 3548 ἐνιαυτὸν
2472 3491 2656 3545 δεκτὸν
2683 3530 2697 3554 ,
2753 3492 2843 3544 ὑπ’
2875 3488 3087 3551 οὐδενὸς
3142 3486 3577 3557 ἀντιλεγόμενος,

2002 3586 2126 3640 οὔτε
2172 3587 2276 3639 ὑπὸ
2312 3584 2614 3647 Ἰουδαίων,
2660 3582 2785 3636 οὔτε
2830 3582 2934 3636 ὑπὸ
2970 3581 3257 3653 Ἑλλήνων,
3304 3579 3423 3633 οὔτε
3476 3578 3583 3632 ὑπὸ

2003 3673 2374 3747 Σαμαρειτῶν,
2406 3674 2525 3728 οὔτε
2573 3673 2678 3727 ύπό
2731 3690 2873 3738 τινος
2920 3671 3128 3744 ἐτέρου.
3158 3670 3387 3725 Ἔπειτα
3428 3671 3581 3724 ἀντι-

2002 3767 2294 3837 λεγόμενος
2334 3764 2598 3838 ἐκήρυξεν
2639 3764 2880 3818 ἐνιαυτὸν
2918 3763 3190 3835 δεύτερον,
3230 3763 3321 3816 καὶ
3361 3760 3584 3830 γέγονεν

2005 3857 2388 3911 ἐννεακαίδεκα
2437 3857 2532 3927 ἔτη
2586 3855 2664 3927 τῷ
2712 3853 2858 3926 αὐτῷ
2890 3854 3124 3928 Ἡρώδῃ.
3153 3853 3232 3926 τῷ
3266 3854 3324 3906 δὲ
3368 3853 3583 3923 Σωτῆρι

2005 3946 2324 4018 τριακοστὸν
2368 3945 2639 4017 δεύτερον.
2681 3944 2772 3999 Ἐν
2827 3945 2878 3998 δὲ
2932 3944 3006 4015 τῷ
3056 3942 3285 4014 εἰκοστῷ
3333 3941 3441 3995 ἔτει
3471 3941 3579 4018 τοῦ

2017 4015 2257 4108 Ἡρώδου
2289 4035 2382 4088 τοῦ
2409 4015 2710 4107 τετράρχου
2738 4033 3071 4105 καλουμένου
3096 4033 3303 4103 γίνεται
3327 4031 3388 4085 τὸ
3416 4015 3584 4100 σωτή-

2011 4143 2123 4197 ριον
2154 4124 2327 4189 πάθος
2357 4126 2449 4179 καὶ
2482 4129 2516 4198 ἡ
2545 4125 2804 4191 ἀπάθεια,
2833 4125 2867 4197 ἢ
2895 4124 3126 4178 θανάτου
3154 4123 3363 4193 γεῦσις,
3395 4121 3585 4191 γεῦσίς

2006 4235 2066 4272 τε
2111 4217 2364 4283 θανάτου,
2414 4220 2542 4291 ἄχρι
2592 4217 2827 4286 σταυροῦ
2881 4218 3180 4289 πάσχοντος
3225 4218 3282 4271 ἐν
3332 4214 3585 4286 ἀληθείᾳ,

2008 4310 2252 4375 ἀπαθοῦς
2280 4311 2337 4364 δέ
2365 4310 2613 4383 μένοντος
2656 4312 2714 4367 ἐν
2751 4311 2987 4382 θεότητι.
3018 4309 3275 4381 Χριστοῦ
3320 4308 3429 4381 γὰρ
3472 4324 3586 4360 sta-

334 4383 394 4439 In
424 4399 593 4440 cruce
624 4387 996 4459 suspenditur,
1021 4385 1316 4455 sepelitur;
1347 4386 1414 4441 ad
1444 4385 1649 4442 inferos
1673 4402 1798 4442 cum
1822 4387 1897 4443 di-

2008 4401 2220 4469 θόντος
2240 4402 2391 4472 ὑπὲρ
2416 4401 2583 4473 ἡμῶν
2609 4403 2807 4473 σαρκί,
2836 4398 2999 4474 φησιν
3028 4404 3061 4473 ὴ
3090 4402 3278 4472 Γραφή
3300 4423 3315 4435 ·
3353 4399 3447 4454 καὶ
3479 4399 3585 4452 πά-

332 4477 561 4533 vinitate
590 4492 712 4541 sua,
748 4479 1039 4548 animaque
1075 4478 1391 4541 descendit;
1427 4479 1697 4548 captivam
1752 4479 1904 4535 ducit

333 4567 745 4637 captivitatem;
788 4582 853 4623 ac
897 4568 1057 4623 tertio
1103 4566 1191 4623 die
1236 4583 1359 4623 cum
1401 4570 1751 4626 sanctissimo
1802 4587 1903 4627 suo

332 4674 563 4730 corpore
609 4658 676 4714 ad
714 4660 881 4715 vitam
921 4663 1211 4716 excitatur.
1244 4659 1399 4727 Quod
1449 4660 1666 4733 quidem
1699 4677 1900 4734 corpus

333 4767 511 4822 neque
550 4752 955 4810 dissolvendum
994 4753 1251 4824 amplius,
1294 4768 1396 4809 nec
1435 4768 1749 4826 passurum,
1799 4771 1902 4812 uec

333 4842 436 4899 sub
463 4843 656 4899 mortis
705 4842 1044 4898 dominatum
1075 4852 1263 4914 postea
1307 4859 1590 4901 cessurum
1635 4861 1760 4901 cum
1802 4862 1902 4903 sua

332 4934 618 4992 divinitate
659 4936 963 5006 conjunxit.
1005 4935 1061 4991 Id
1111 4936 1256 5007 quod
1296 4935 1544 5007 Apostoli
1588 4939 1901 4995 testimonio

332 5028 758 5097 comprobatur:
799 5027 969 5095 Mors,
1002 5029 1200 5102 inquit,
1241 5045 1345 5084 non
1379 5030 1611 5101 amplius
1651 5033 1701 5087 ei
1730 5031 1904 5086 domi-

333 5118 552 5173 nabitur
583 5120 625 5175 ³.

401 5208 491 5265 lll.
527 5210 643 5267 Hoc
686 5214 853 5284 igitur
888 5216 1069 5287 ipsum
1112 5229 1337 5286 corpus,
1384 5229 1603 5271 carnem
1641 5215 1814 5286 ipsam
1849 5226 1904 5272 et

333 5301 597 5368 animum,
650 5304 768 5374 ipsa
807 5307 1007 5376 quibus
1053 5307 1341 5363 constabat
1378 5308 1581 5374 omnia,
1611 5323 1721 5364 non
1754 5307 1902 5362 aliud

331 5394 628 5466 quidquam
655 5402 852 5467 praeter
878 5412 1066 5452 verum
1089 5414 1310 5469 corpus,
1336 5399 1430 5454 sed
1457 5398 1746 5470 ipsummet
1768 5400 1900 5455 illud

332 5486 384 5539 vi
414 5486 623 5544 ctelesti
655 5485 918 5557 perfudit,
942 5494 997 5541 et
1031 5487 1087 5541 in
1116 5503 1284 5542 unum
1317 5488 1589 5560 idemque,
1627 5490 1681 5544 in
1712 5505 1899 5558 ultam,

414 5645 431 5675 ⁸
464 5644 483 5698 ι
514 5643 660 5699 Petr.
696 5659 771 5711 tv,
812 5645 860 5698 i.
941 5647 961 5677 ²
989 5643 1006 5699 1
1033 5642 1178 5701 Petr.
1212 5661 1293 5710 ιιι,
1338 5648 1422 5703 18.
1501 5653 1519 5685 ³
1553 5652 1810 5715 Ποῐηένι,
1841 5651 1895 5704 9.

2010 4492 2092 4550 λιν
2108 4513 2121 4527 ·
2156 4495 2523 4561 Θανατωθείς
2550 4494 2748 4565 σαρκὶ,
2774 4493 3155 4565 ζωογονηθείς
3179 4492 3248 4546 δὲ
3271 4493 3582 4561 πνεύματι,

2010 4587 2102 4640 καὶ
2144 4586 2215 4640 τά
2265 4586 2413 4656 ἐξῆς.
2442 4584 2797 4660 Στανδροῦται,
2828 4586 3110 4652 θάπτεται,
3148 4584 3476 4655 κατέρχεται
3502 4584 3583 4646 εἰς

2007 4678 2078 4734 τὰ
2104 4679 2431 4749 καταχθόνια
2459 4681 2516 4733 ἐν
2542 4678 2755 4750 θεότητι
2780 4680 2874 4732 καί⁵
2898 4679 2956 4733 ἐν
2976 4677 3155 4750 ψυχῇ·
3185 4673 3585 4748 αἰχμαλωτεύει

2007 4770 2107 4840 τὴν
2141 4769 2535 4841 αἰχμαλωσίαν,
2557 4770 2650 4825 καὶ
2676 4768 2959 4824 ἀνίσταται
2992 4771 3057 4841 τῇ
3086 4767 3243 4840 τρίτῃ
3270 4766 3453 4839 ἡμέρᾳ
3484 4766 3582 4819 σὺν

2009 4860 2156 4932 αὐτῷ
2186 4860 2265 4933 τῷ
2291 4861 2432 4932 ἁγίῳ
2464 4861 2698 4933 σώματι,
2731 4862 3033 4924 συνενώσας
3061 4861 3121 4914 τὸ
3151 4860 3310 4932 σῶμα
3356 4863 3422 4932 τῇ
3465 4858 3585 4913 θεό-

2008 4969 2151 5025 τητι,
2187 4952 2383 5025 μηκέτι
2420 4953 2697 5025 λυόμενον,
2743 4954 2939 5024 μηκέτι
2984 4953 3210 5022 πάσχον,
3249 4951 3444 5025 μηκέτι
3477 4950 3581 5003 ὑπὸ

2011 5043 2241 5098 θανάτου
2290 5044 2698 5116 κυριευόμενον,
2726 5042 2802 5108 ὥς
2830 5060 2993 5115 φησιν
3024 5046 3053 5098 ό
3081 5042 3434 5105 ’Δπόστολος·
3468 5039 3581 5094 6d-

2008 5151 2187 5199 νατος
2214 5134 2401 5189 αὐτοῦ
2427 5133 2628 5190 οὐκέτι
2650 5137 2927 5204 κυριεύει.

2078 5227 2117 5281 Γ
2119 5233 2150 5278 ’.
2194 5226 2334 5280 Αὐτὸ
2359 5225 2520 5297 σῶμα
2549 5225 2834 5296 ἀληθινῶς,
2858 5225 3024 5297 αὐτὴν
3055 5226 3153 5298 τὴν
3181 5226 3378 5298 σάρκα,
3409 5222 3581 5292 αὐτὴν

2007 5316 2105 5389 τὴν
2140 5315 2338 5389 ψυχὴν.
2363 5317 2502 5371 αὐτά
2524 5317 2593 5371 τὰ
2621 5320 2797 5373 πάντα
2820 5362 2835 5386 ,
2868 5321 2967 5374 οὐκ
2998 5318 3124 5372 ἄλλο
3157 5335 3209 5371 τι
3238 5317 3388 5388 παρά
3422 5315 3483 5368 τὸ
3519 5315 3579 5368 ὃν

2012 5408 2203 5479 σῶμα,
2233 5408 2349 5464 ἀλλ’
2383 5409 2517 5463 αὐτὸ
2547 5411 2608 5464 τὸ
2634 5409 2693 5464 ὃν
2730 5409 3145 5481 ἐνδυναμὼσας,
3179 5410 3258 5474 εἰς
3304 5407 3433 5480 μίαν
3463 5406 3581 5461 ἐνόο

2010 5515 2178 5569 τητα.
2212 5501 2291 5562 εἰς
2332 5497 2458 5568 μίαν
2495 5498 2722 5572 θεότηςα
2744 5540 2759 5565 ,
2801 5502 2872 5554 τὺ·
2894 5498 3153 5573 σαρκίκδν
3194 5497 3489 5569 ἄφθαρτον,
3520 5494 3581 5549 τὸ
