3960 6142
374 260 481 315 977

2014 32 2439 47 ‘————-u__-—,—

1052 254 1425 310 ADVERSUS
1454 255 1804 311 ‘liAillliSliS
1840 255 1950 345 ιλιι

2095 258 2257 314 τοιι.
2300 244 2339 315 ι.
2382 293 2446 301 —
2487 260 2761 319 uanas;
2797 263 2918 322 xx.

2714 29 3206 37 m—————-—a

3526 276 3587 330 Ξῖ
3599 274 3659 331 8"

377 371 690 445 σιτιματικδν
725 369 1126 441 πνευματικὸν,
1154 370 1214 424 τὸ
1255 370 1567 442 παχυμερὲς
1603 369 1951 442 λεπτομερὲς,

2063 372 2664 443 inquam,divinitatem
2706 379 3086 443 consociavit;
3125 388 3182 436 ut
3218 390 3271 438 et
3302 399 3468 447 carae
3493 402 3631 443 con-

308 492 341 527 q
376 470 434 523 τὸ
461 467 654 539 θνητὸν
688 466 975 531 ἀθάνατον,
1013 462 1087 535 μὴ
1112 462 1354 535 ἐωρακὸς
1375 464 1510 527 ὅλως
1535 462 1852 533 διαφθορὰν,
1881 463 1955 534 μὴ

375 555 831 627 καταλειφθείσης
861 554 965 624 τῆς
999 554 1181 624 ψυχῆς
1223 556 1281 607 ὲν
1486 553 1559 624 μὴ
1607 552 1956 625 μερισθέντος

372 649 468 702 τοῦ
506 649 739 720 ὀργάνου
775 646 912 718 πρὸς
950 646 1242 717 ἁμαρτίαν.
1278 645 1351 716 μὴ
1379 644 1700 716 χρανθέντος
1737 644 1832 698 τοῦ
1863 643 1955 698 νοῦ

373 742 550 809 τροπῇ
577 778 590 800 ,
620 738 756 791 ἀλλὰ
782 738 851 791 τά
878 736 975 791 ὅλα
1009 736 1110 807 μὲν
1143 736 1431 809 ἀνθρώπου
1464 736 1641 790 λαϐὼν
1664 779 1678 803 ,
1715 737 1958 805 φυλάξας

372 831 428 883 δὲ
463 830 559 884 ὅλα
583 830 764 883 τέλεια
806 828 1195 891 ὲπιδεδωκυίας
1221 828 1319 898 τῆς
1349 828 1604 898 θεότητος
1628 831 1693 900 τῇ
1729 829 1954 900 ἀληθινῇ

375 921 787 991 ὲνανθρωπήσει
836 920 973 992 πρὸς
1013 919 1112 983 τὰς
1158 918 1410 987 εὐλόγους
1454 921 1677 992 χρείας,
1720 921 1864 990 λέγω
1889 922 1955 994 δὴ

375 1013 477 1075 τὰς
513 1014 576 1064 ἐκ
606 1009 855 1081 σώματός
891 1028 949 1063 τε
984 1011 1077 1063 καὶ
1104 1010 1311 1081 ψυχῆς,
1342 1012 1436 1063 καὶ
1463 1012 1530 1063 ὲκ
1555 1010 1646 1063 νοῦ
1680 1009 1954 1082 ἀνθρωπί-

376 1121 470 1157 νου
496 1098 929 1172 ἑπιζητουμένας
962 1101 1058 1173 τὴν
1085 1101 1479 1174 πληροφορίαν,
1516 1103 1764 1156 τουτέστι
1792 1102 1952 1176 πείνῃ

376 1198 474 1250 καὶ
507 1196 647 1267 δίψει
666 1235 680 1260 ,
714 1192 976 1265 κλαυθμῷ
1004 1209 1062 1246 τε
1090 1194 1183 1247 καὶ
1215 1193 1423 1265 ἀθυμία
1444 1234 1458 1257 ,
1484 1192 1741 1265 δακρύσει
1767 1210 1828 1246 τε
1862 1195 1956 1247 καὶ

378 1288 534 1359 ὕπνῳ
562 1287 655 1341 καὶ
684 1285 1010 1341 ἀναπαύσει.
1054 1283 1240 1339 Ταῦτα
1278 1283 1389 1356 γὰρ
1420 1285 1517 1355 οὐχ
1565 1285 1836 1356 ἁμαρτίας
1874 1280 1955 1337 εἴ·

268 1390 279 1401 ·
374 1378 496 1444 δος,
544 1379 657 1431 ἀλλ’
705 1378 1166 1449 ὲνανθρωπήσεως
1222 1375 1593 1448 ἀληθεστάτης
1644 1375 1953 1446 γνώρισμα,

378 1470 606 1542 ἀληθείᾳ
633 1470 732 1541 τῆς
764 1468 1014 1540 θεότητος
1044 1465 1312 1537 συνούσης
1342 1469 1406 1538 τῇ
1442 1466 1823 1539 ἀνθρωπότητι
1846 1503 1860 1529 ,
1890 1465 1952 1518 οὐ

376 1561 448 1616 τὰ
478 1560 793 1635 ἀνθρώπινα
827 1558 1159 1631 πασχούσης,
1194 1557 1332 1611 ἀλλά
1354 1558 1454 1628 τῆς
1482 1556 1735 1627 θεότητος
1765 1573 1955 1610 συνευ-

375 1653 641 1723 δοκούσης
677 1653 755 1716 ei;
784 1651 851 1705 τά
887 1649 1105 1719 εὔλογα,
1133 1650 1228 1704 καὶ
1255 1649 1322 1703 τά
1354 1648 1512 1712 ἐκτὸς
1545 1646 1822 1719 ἁμαρτίας
1858 1646 1953 1700 καὶ

373 1745 586 1818 τροπῆς
618 1742 1073 1816 ἁπηγορευμένης
1093 1760 1106 1772 ·
1139 1742 1336 1813 ἀνέστη
1359 1782 1374 1808 ,
1405 1742 1499 1796 καὶ
1530 1738 1710 1812 θυρῶν
1736 1740 1948 1794 κεκλει-

374 1838 589 1908 σμὲνων
617 1835 883 1907 εἰσῆλθεν,
917 1836 1005 1890 ἵνα
1028 1834 1089 1888 τὸ
1118 1833 1431 1905 παχυμερὲς
1459 1833 1793 1905 λεπτομερὲς
1816 1833 1955 1887 ἀπο-

371 1927 523 1999 δείξῃ
543 1968 558 1993 ,
587 1926 720 1981 αὐτὸ
749 1927 810 1980 τὸ
838 1925 898 1979 ὃν
931 1927 1029 1979 σὺν
1062 1925 1228 1997 σαρκὶ
1254 1925 1353 1979 καὶ⁸
1393 1924 1620 1989 ὀστέοις.
1650 1923 1808 1979 Μετὰ
1843 1923 1953 1997 γὰρ

371 2019 438 2072 τὺ
479 2017 763 2083 εἰσελθεῖν,
809 2017 978 2085 ἔδειξε
1026 2019 1218 2089 χεῖρας
1245 2016 1338 2070 καὶ
1366 2015 1534 2080 πόδας
1576 2017 1671 2070 καὶ
1710 2015 1950 2087 πλευρὰν

371 2109 728 2181 νενυγμένην,
754 2109 916 2163 ὀστέα
945 2126 1004 2161 τε
1035 2110 1127 2163 καὶ
1167 2108 1370 2179 νεῦρα,
1414 2107 1509 2161 καὶ
1537 2107 1704 2162 τᾶλλα
1723 2146 1738 2170 ,
1771 2106 1845 2170 ὡς
1876 2106 1950 2177 μὴ

371 2198 513 2256 εἶναι
536 2201 836 2272 φαντασίαν
862 2200 931 2254 τὰ
959 2200 1232 2271 δρώμενα.
1260 2197 1505 2263 Πίστεώς
1529 2215 1588 2252 τε
1613 2199 1706 2252 καλ⁸
1733 2197 1949 2261 ἐλπίδος

370 2293 472 2365 τῆς
511 2292 785 2364 ἡμετέρας
811 2290 909 2362 τὴν
936 2291 1229 2360 ὑπόσχεσιν
1266 2290 1504 2344 ἐποιεῖτο
1542 2289 1608 2343 δι’
1640 2286 1832 2342 ἑαυτοῦ
1879 2286 1949 2340 τὰ

369 2384 469 2439 δλα
502 2383 742 2444 τελείως.
786 2384 897 2436 Καὶ
926 2380 1269 2445 συναλίζεται
1297 2382 1357 2435 οὐ
1387 2381 1630 2452 δοκήσει,
1658 2379 1794 2435 ἀλλά
1817 2380 1950 2449 ἁλη-

373 2473 528 2546 θεία·
564 2471 835 2526 παιδεύων
879 2489 939 2526 τε
982 2471 1187 2536 ἐδίδαξε
1241 2470 1515 2542 βασιλείαν
1557 2469 1801 2541 οὐρανῶν
1848 2486 1950 2540 κη-

374 2566 595 2640 ρύσσειν
624 2567 681 2619 ὲν
705 2564 954 2636 ἀληθεία,
1003 2563 1063 2617 τὸ
1095 2564 1238 2635 μέγα
1268 2564 1362 2617 καὶ
1392 2561 1818 2634 κορυφαιότατον
1848 2578 1948 2632 ση-

375 2658 583 2731 μαίνων
603 2659 716 2720 τοῖς
747 2657 1036 2728 μαθηταῖς,
1075 2657 1168 2709 καὶ
1196 2655 1371 2724 λέγων
1390 2671 1404 2685 ’
1431 2654 1856 2722 Μαθητεύσατε
1878 2652 1951 2707 τὰ

369 2748 545 2816 ἔθνη·
577 2749 821 2801 τουτέστι
858 2746 1222 2818 μεταϐάλλετε
1254 2746 1321 2800 τὰ
1350 2745 1478 2816 ἔθνη
1510 2745 1619 2799 ἀπὸ
1648 2743 1845 2808 κακίας
1869 2746 1948 2809 είς

370 2840 664 2914 ἀλήθειαν,
704 2840 814 2894 ἀπὸ
855 2840 1117 2913 αἱρέσεων
1162 2840 1242 2902 είς
1276 2839 1404 2909 μίαν
1436 2840 1684 2910 ἑνότητα.
1729 2839 1949 2894 Burni-

369 2951 519 2989 σατε
547 2933 770 3000 αὐτοὺς
791 2935 880 2999 εἰς
901 2934 1089 3003 ὄνομα
1114 2931 1343 3000 Πατρὸς
1363 2930 1461 2984 καὶ
1487 2931 1623 2985 Υίοῦ
1649 2930 1749 2984 καί
1774 2931 1947 3001 ἁγίου

2062 471 2214 517 stans
2259 471 2312 516 et
2358 462 2758 534 incorruptum,
2794 474 3119 537 cerporeum
3157 470 3321 526 simul
3367 487 3431 529 ac
3461 475 3627 544 spiri-

2059 553 2226 619 tuale,
2257 562 2583 609 concretum
2630 568 2692 610 ac
2724 562 2907 621 tenue,
2956 561 3183 616 mortale
3216 562 3418 632 pariter
3464 573 3629 635 atquo

2060 643 2367 700 immortale
2396 645 2526 700 illud
2558 654 2734 701 esset:
2765 648 2908 717 quod
2939 651 3085 705 nulla
3115 654 3339 708 omnino
3366 656 3491 711 tabe
3512 656 3629 712 dis-

2060 737 2301 790 solutum
2335 735 2512 791 fuerat
2537 754 2550 803 ;
2585 754 2758 808 neque
2786 741 2907 809 ejus
2937 744 3120 797 anima
3151 747 3293 814 apud
3320 748 3528 805 inferos
3551 766 3649 805 re-~

2059 825 2208 889 licta,
2244 842 2343 885 nec
2379 827 2555 897 ipsum
2586 832 2733 883 velut
2765 830 3189 888 instrumentum
3213 837 3482 905 quoddam
3531 840 3632 892 ali-

2058 932 2173 987 qua
2197 932 2262 971 ex
2294 926 2449 988 parte
2478 920 2688 988 peccati
2719 919 2771 973 in
2800 920 3121 990 obsequium
3166 922 3495 997 impensum,
3527 938 3648 980 nem

2058 1023 2166 1077 que
2203 1023 2356 1064 mens
2392 1008 2499 1063 ulla
2530 1018 2642 1064 erat
2681 1010 2736 1065 in
2784 1011 3029 1067 deterius
3069 1014 3372 1068 mutatione
3402 1016 3625 1084 polluta.

2062 1096 2168 1153 Sed
2219 1098 2290 1152 ita
2334 1099 2438 1154 sibi
2489 1100 2673 1155 omnia
2726 1117 2847 1171 quae
2900 1102 3179 1157 hominum
3229 1105 3448 1174 propria
3502 1115 3632 1160 sunt

2057 1189 2315 1253 adscivit,
2349 1191 2537 1246 eadem
2574 1202 2634 1247 ut
2675 1193 2888 1265 integra
2916 1202 3178 1258 servaret,
3209 1212 3331 1264 quae
3359 1210 3498 1251 vera:
3528 1197 3627 1261 illi,

2057 1296 2219 1350 quam
2246 1281 2351 1336 sibi
2377 1283 2790 1351 conciliaverat,
2810 1297 3020 1340 natura:
3039 1289 3383 1342 necessarios
3400 1287 3467 1341 ad
3496 1304 3634 1345 usus

2056 1370 2315 1426 divinitas
2358 1383 2735 1439 concesserat,
2766 1391 2903 1432 usus
2936 1377 3195 1431 nimirum
3247 1378 3388 1442 illos,
3435 1379 3530 1448 qui
3569 1386 3632 1433 ut

2056 1478 2181 1519 esse
2214 1466 2431 1534 penitus
2469 1468 2681 1538 possint
2721 1473 2915 1539 partim
2943 1471 3194 1540 corporis
3217 1479 3394 1541 egent,
3427 1470 3635 1542 partim

2056 1556 2247 1619 animi.
2292 1565 2455 1628 atque
2502 1559 2752 1615 humanae
2800 1562 3001 1616 mentis
3032 1562 3408 1617 adminiculo:
3437 1562 3629 1631 ClljllSr

2055 1647 2204 1701 modi
2248 1657 2376 1703 sunt
2408 1649 2603 1715 fames,
2633 1653 2774 1716 sitis,
2808 1651 2990 1717 ﬂetus,
3032 1667 3097 1706 ac
3137 1652 3314 1718 dolor,
3351 1653 3641 1724 lacrymai,

2058 1754 2285 1797 somnus
2304 1756 2368 1796 ac
2391 1745 2630 1813 requies.
2657 1742 2782 1799 Haec
2806 1746 2955 1801 enim
2975 1746 3155 1801 omnia
3181 1748 3328 1802 nulla
3353 1746 3629 1802 infuscata

2055 1833 2264 1902 peccati
2314 1834 2533 1903 specie,
2578 1845 2846 1907 suscepta:
2890 1838 3072 1909 reipsa
3127 1846 3338 1893 naturae
3386 1837 3649 1893 hominis

2055 1933 2376 1994 argumenta
2410 1925 2718 1992 continent,
2748 1943 2855 1997 qua
2885 1944 3009 1983 cum
3040 1944 3167 1984 vere
3200 1929 3518 1984 consociata
3545 1927 3629 1983 di-

2057 2016 2257 2070 viiiitas
2282 2016 2580 2073 humanum
2616 2026 2796 2075 tamen
2827 2020 3027 2091 patitur
3054 2020 3212 2084 nihil,
3251 2020 3468 2075 tametsi
3507 2036 3631 2090 qua:

2053 2107 2250 2161 rationi
2304 2118 2674 2164 consentanea
2729 2110 2941 2177 forent,
2987 2117 3041 2166 et
3087 2114 3155 2165 ab
3200 2111 3349 2165 omni
3399 2111 3627 2174 scelere,

2053 2203 2218 2266 atque
2248 2198 2307 2251 in
2337 2199 2491 2267 pejus
2520 2201 2825 2254 mutatione
2854 2201 3047 2269 procul
3078 2208 3284 2264 essent,
3322 2200 3623 2256 admiserit.

2052 2284 2134 2340 Ad
2165 2287 2281 2342 hac
2308 2290 2576 2346 excitatus
2607 2304 2641 2343 a
2675 2298 2850 2346 morte
2878 2292 3130 2347 Christus
3161 2292 3402 2347 occlusis
3439 2292 3628 2361 januis

2053 2376 2332 2450 ingressus
2360 2391 2463 2444 est,
2506 2382 2583 2435 uti
2613 2382 2761 2451 quod
2804 2383 3069 2439 hactenus
3113 2399 3362 2440 crassum
3397 2399 3628 2440 θυμω-ο-

2051 2475 2276 2540 tumque
2315 2470 2490 2525 fuerat
2527 2487 2747 2541 corpus,
2793 2473 2983 2533 eadem
3012 2489 3137 2529 cum
3171 2489 3337 2529 carne
3376 2474 3629 2530 ossibus-

2049 2575 2157 2629 que
2204 2569 2364 2617 tenue
2397 2577 2461 2617 ac
2492 2563 2690 2619 subtile
2723 2580 2845 2619 esse
2871 2572 3223 2620 monstraret.
3257 2564 3452 2621 Statim
3481 2568 3629 2622 enim

2052 2659 2221 2722 atque
2256 2653 2627 2725 introgressus
2658 2662 2743 2711 cst
2775 2671 2971 2711 manus
3001 2671 3065 2711 ac
3102 2657 3287 2726 pedes,
3319 2667 3372 2712 et
3399 2657 3626 2711 confos-

2049 2757 2171 2798 sum
2221 2743 2368 2799 latus
2414 2760 2539 2799 cum
2589 2746 2812 2802 ossibus
2842 2761 2905 2800 ac
2944 2748 3127 2803 nervis
3178 2747 3453 2803 ostendit:
3491 2747 3628 2803 adeo

2049 2848 2170 2906 qua:
2200 2843 2313 2888 tum
2348 2836 2673 2890 videbantur
2708 2836 2883 2893 solida
2915 2847 3091 2903 crant,
3127 2854 3228 2893 nec
3250 2839 3433 2908 specie
3464 2845 3627 2895 tenus

2048 2929 2359 2984 exstabant.
2390 2930 2602 2996 Quibus
2626 2929 2789 2985 rebus
2813 2944 3001 2985 eorum
3033 2930 3299 2995 omnium,
3326 2945 3448 2999 qua:
3480 2930 3625 2995 fidei,

369 3028 717 3097 Πνεύματος
736 3044 750 3058 ο
787 3028 868 3091 είς
902 3026 1002 3098 τὴν
1028 3023 1313 3097 Κυριακὴν
1338 3024 1632 3094 ὀνομασίαν
1659 3024 1757 3094 τῆς
1782 3022 1947 3093 Τριά-

2053 3022 2275 3091 speique
2319 3029 2521 3076 nostra:
2565 3019 2672 3092 50
2715 3021 2997 3091 proposita
3042 3028 3192 3085 sunt,
3225 3023 3626 3091 promissorum

368 3112 492 3188 δος,
523 3121 622 3193 τὴν
654 3121 816 3189 ἁγίαν
860 3120 955 3175 καὶ
993 3119 1273 3191 βασιλικὴν
1317 3117 1619 3191 σφραγῖδα·
1666 3117 1752 3170 ἵνα
1791 3115 1941 3186 δείξῃ

2053 3129 2146 3184 per
2173 3129 2293 3168 sese
2333 3113 2615 3168 veritatem
2648 3114 2864 3184 penitus
2891 3115 3233 3187 approbavit.
3273 3114 3468 3171 Postea
3514 3130 3627 3170 non

368 3211 439 3266 ir.
473 3210 569 3265 τοῦ
597 3211 860 3282 ὀνόματος
900 3210 1166 3282 μηδεμίαν
1193 3209 1475 3263 ἀλλοίωσιν
1510 3203 1649 3261 εἶναι
1680 3207 1779 3278 τῆς
1814 3205 1944 3276 μιᾶς

2054 3204 2175 3258 [icta
2208 3204 2472 3259 duntaxat
2502 3204 2761 3276 imagine,
2793 3205 2885 3261 sed
2923 3207 3101 3275 reipsa
3134 3222 3257 3260 cum
3296 3207 3413 3262 suis
3441 3208 3626 3276 epula-

369 3303 640 3374 ἑνότητος.
668 3302 844 3357 Ὅπου
868 3301 982 3374 ,γὰρ
1011 3302 1061 3355 oi
1087 3300 1471 3371 βαπτιζόμενοι
1501 3297 1813 3353 κελεύονται
1850 3296 1942 3351 ὑπ’

2053 3307 2140 3352 tus
2170 3295 2389 3353 eosdem
2424 3297 2683 3361 instituit,
2724 3313 2788 3352 ac
2813 3299 3035 3354 caeleste
3074 3314 3300 3369 regnum
3331 3314 3454 3353 cum
3483 3299 3627 3353 veri-

367 3372 536 3449 αὐτού
570 3395 657 3458 είς
681 3393 870 3463 ὄνομα
906 3372 1155 3461 Πατρός,
1187 3391 1434 3462 ἀσφαλὴς
1462 3391 1497 3462 η
1522 3388 1828 3457 δοξολογία·
1854 3388 1947 3453 είς

2053 3400 2157 3446 tate
2202 3389 2458 3445 nuntiare
2501 3387 2688 3442 docuit
2726 3408 2740 3443 :
2800 3396 2915 3453 tum
2972 3404 3097 3443 cum
3152 3372 3448 3444 maximum
3494 3389 3627 3444 illud

368 3485 559 3555 ὄνομα
594 3484 752 3549 Υίοῦ,
785 3484 886 3539 οὐκ
910 3484 1224 3547 ἀποδέοντος
1246 3485 1280 3555 ἡ
1306 3482 1616 3552 ὲπίκλησις’
1647 3482 1734 3545 είς
1758 3479 1946 3549 ὄνομα

2053 3480 2318 3550 longeque
2356 3480 2692 3550 przecipuum
2743 3496 3009 3536 arcanum
3055 3481 3343 3553 discipulis
3388 3484 3638 3554 aperuit-

368 3575 541 3646 ἁγίου
565 3575 940 3644 Πνεύματος,
964 3574 1025 3628 ού
1049 3573 1374 3647 διῃρημένος
1403 3574 1433 3626 ὁ
1461 3572 1759 3644 σύνδεσμος
1776 3613 1792 3639 ,
1819 3570 1946 3625 οὗτε

2053 3569 2456 3640 Docete,inquit
2475 3571 2515 3635 ⁸,
2534 3586 2710 3626 omnes
2739 3582 2936 3643 gentes.
2964 3571 3080 3627 Hoc
3112 3582 3225 3629 est:
3258 3575 3338 3628 Ab
3364 3575 3631 3645 improbi-

369 3665 880 3739 ἁπηλλοτριωμένος
904 3667 1003 3736 τῆς
1030 3668 1159 3738 μιᾶς
1189 3665 1438 3736 θεότητος
1471 3664 1611 3735 ἔχων
1638 3664 1739 3734 τὴν
1772 3678 1944 3733 σφρα-

2053 3668 2163 3717 tate
2193 3660 2314 3717 illas
2343 3661 2410 3716 ad
2440 3661 2723 3718 veritatem
2748 3680 2764 3729 ;
2797 3663 2865 3717 ab
2895 3664 3057 3719 sectis
3086 3665 3252 3720 variis
3283 3666 3349 3719 ad
3375 3666 3623 3734 ejusdem

368 3758 512 3823 γπςα,
2049 3749 2323 3821 dogmatis
2362 3756 2803 3808 communionem
2854 3754 3143 3811 traducite.
3206 3757 3483 3825 Baptizate
3537 3775 3627 3813 eos

367 3857 425 3909 in
460 3853 669 3907 nomine
701 3850 905 3919 Patris,
962 3859 1012 3906 et
1060 3850 1213 3915 Filii,
1287 3858 1338 3905 et
1390 3848 1622 3918 Spiritus
1684 3847 1890 3911 sancti;
1948 3843 2207 3900 nimirum
2259 3844 2314 3898 in
2374 3844 2655 3901 Dominica
2700 3846 2987 3902 Trinitatis
3040 3850 3419 3919 appellatione,
3477 3852 3627 3923 quod

369 3946 549 4019 ipsum
577 3954 987 4001 sacrosanctum
1024 3953 1127 4010 est,
1179 3960 1242 4000 ac
1278 3944 1493 4016 regium
1531 3944 1787 4013 signum;
1834 3956 1943 4011 quo
1982 3941 2066 3995 vel
2119 3940 2238 4010 ipso
2287 3940 2510 3996 nomine
2548 3942 2901 4012 signiﬁcaret,
2945 3943 3082 3998 nihil
3131 3959 3253 3998 esse
3304 3934 3379 3997 ali
3418 3943 3628 3998 unitate

366 4039 669 4094 diversum.
714 4038 853 4093 Cum
886 4039 1031 4093 enim
1079 4038 1344 4109 baptizari
1389 4038 1640 4093 homines
1680 4036 1834 4105 jubet
1880 4036 1934 4089 in
1997 4035 2205 4089 nomine
2234 4031 2440 4096 Patris,
2469 4035 2623 4089 firma
2663 4052 2726 4091 ac
2759 4037 2970 4092 stabilis
3021 4043 3104 4091 est
3130 4036 3315 4107 gloriae
3360 4035 3627 4105 praedica-

365 4128 467 4185 tio.
517 4126 677 4195 Quod
721 4144 853 4184 vero
893 4129 1113 4183 additur
1171 4132 1226 4184 in
1263 4130 1473 4185 nomine
1515 4127 1671 4196 Filii,
1738 4129 1887 4184 nulla
1927 4142 1988 4182 re
2042 4126 2188 4181 hunc
2227 4141 2259 4181 a
2310 4136 2540 4197 paterna
2580 4126 2844 4197 dignitate
2883 4125 3113 4181 deiicere
3160 4126 3451 4196 appellatio
3499 4125 3622 4196 ipsa

370 4224 633 4280 declarat.
669 4222 954 4279 Postremo
985 4224 1054 4279 iis
1092 4224 1147 4278 in
1173 4226 1377 4287 verbis,
1408 4226 1468 4279 in
1509 4226 1719 4280 nomine
1764 4222 1997 4293 Spinitus
2049 4222 2256 4287 amicti,
2308 4221 2461 4275 nulla
2504 4228 2589 4276 est
2633 4220 3039 4292 conjunctionis
3093 4219 3327 4284 divisio,
3383 4218 3624 4273 varietas

370 4318 548 4384 nuila;
581 4316 675 4372 sed
719 4318 884 4372 unius
927 4316 1231 4374 divinitatis
1272 4318 1423 4373 velut
1469 4319 1687 4390 signum
1726 4320 2112 4387 repraesentat.

438 4410 512 4462 A’.
556 4408 666 4462 Kal
697 4408 973 4479 ἀνελήφθη
1027 4410 1106 4473 είς
1150 4409 1378 4482 οὐρανὸν
1419 4413 1477 4465 ἐν
1516 4410 1667 4482 αὐτῷ
1709 4410 1789 4481 τῷ
1838 4410 1944 4465 σώο

2120 4402 2210 4459 ιν.
2240 4402 2487 4476 Denique
2527 4404 2717 4460 eodem
2746 4419 2872 4459 cum
2905 4418 3137 4475 corpore
3169 4411 3224 4459 et
3253 4403 3433 4459 anima
3468 4418 3625 4461 men-

374 4518 503 4573 ματι
522 4539 537 4564 ,
573 4500 668 4553 καὶ
694 4502 758 4568 τῇ
790 4500 936 4570 ψυχῇ
958 4538 973 4561 ,
1009 4498 1103 4553 καὶ
1132 4500 1211 4571 τῷ
1243 4499 1339 4571 νῷ,
1366 4500 1676 4565 συνινώσας
1699 4503 1778 4564 εἰς
1814 4501 1943 4571 μίαν

2053 4503 2213 4566 teque
2270 4495 2335 4550 ad
2386 4510 2615 4565 superos
2658 4503 2881 4551 evectus
2927 4506 3033 4560 est,
3089 4496 3353 4550 omnibus
3409 4496 3517 4550 illis
3566 4495 3620 4549 in

372 4589 599 4660 ἑνότητα
634 4588 729 4642 καὶ⁵
773 4589 902 4659 μίαν
944 4590 1322 4661 πνευματικὴν
1357 4590 1677 4648 ὑπόστασιν.
1712 4591 1824 4645 Καὶ
1860 4590 1946 4644 ιν-

2053 4604 2219 4642 unum
2254 4587 2528 4651 conﬂatis,
2565 4595 2730 4656 atque
2763 4587 2818 4640 in
2845 4587 3089 4641 eamdem
3124 4586 3465 4657 Spiritualem
3496 4601 3643 4657 perm

364 4683 490 4736 θεον
535 4677 901 4741 ἀποτελέσας,
950 4678 1202 4732 ὲκάθισεν
1249 4680 1310 4733 ὲν
1359 4678 1508 4751 δεξιᾷ
1556 4678 1650 4733 τοῦ
1698 4681 1943 4752 Πατρὸς,

2053 4694 2242 4735 sonam
2286 4680 2781 4742 concurrentibus,
2828 4678 3140 4748 divinisque
3190 4677 3438 4733 redditis.
3492 4678 3624 4734 Inde

375 4770 591 4842 πέμψας
633 4770 882 4838 κήρυκας
914 4771 991 4833 είς
1026 4769 1154 4840 ὃλην
1188 4769 1288 4841 τὴν
1332 4770 1677 4841 οἰκουμένην,
1725 4771 1946 4842 Σίμωνα

2053 4784 2180 4823 mox
2212 4776 2272 4823 ut
2309 4769 2377 4823 ad
2420 4767 2599 4824 Patris
2652 4769 2897 4823 dextram
2942 4769 3213 4834 consedit,
3255 4784 3534 4839 praecones
3564 4772 3622 4828 in

372 4859 607 4931 Πέτρον,
646 4858 741 4911 καὶ
791 4856 1043 4928 Ἀνδρέαν
1072 4857 1164 4910 τὸν
1188 4856 1415 4927 ἀδελφὸν
1446 4857 1613 4913 αὐτοῦ
1632 4899 1647 4921 ,
1690 4858 1946 4913 Ἰάκωϐον

2053 4861 2368 4917 universum
2418 4862 2608 4917 orbem
2654 4862 2884 4925 dimisit,
2942 4858 3220 4915 Simonem
3271 4860 3513 4928 Petrum,
3566 4871 3624 4918 et
3706 4912 3716 4929 ,

361 4950 463 5007 καὶ
499 4950 754 5020 Ἰωάννην
784 4948 911 5011 τοὺς
939 4949 1087 5012 υἱοὺς
1115 4948 1420 5015 Ζεὸεδαίου,
1450 4949 1545 5014 οὓς
1572 4948 1739 5003 πάλαι
1766 4949 1945 5015 ἐξελέ-

2053 4950 2319 5006 Andream
2352 4951 2475 5022 ejus
2505 4951 2752 5018 fratrem,
2783 4949 3048 5006 Jacobum
3073 4960 3127 5005 et
3159 4949 3424 5005 Joannem
3456 4951 3623 5009 lebe-

370 5039 528 5105 ξατοο
557 5038 824 5092 Φίλιππον
868 5038 963 5091 καὶ
1010 5037 1445 5110 Βαρθολομαῖον,
1475 5039 1786 5106 Ματθαῖον,
1824 5039 1944 5093 Θω-

2053 5043 2146 5099 [iaci
2184 5043 2347 5108 ﬁlios,
2376 5059 2517 5114 quos
2560 5044 2689 5098 olim
2731 5042 3025 5109 delegerat,
3056 5040 3368 5111 Philippum
3399 5052 3453 5099 et
3482 5043 3622 5099 Bar-

371 5129 480 5198 μᾶν
511 5145 572 5182 τε
612 5129 707 5182 καὶ
749 5126 976 5193 Ἰούδαν,
1024 5128 1119 5181 καὶ
1147 5128 1436 5197 Θαδδαῖον,
1473 5128 1693 5200 Σίμωνα
1721 5128 1812 5181 τὸν
1839 5130 1947 5200 Ζη-

362 5219 565 5287 λωτήν.
604 5217 806 5282 Ἰούδας
831 5218 942 5291 γὰρ
970 5221 998 5273 ὁ
1039 5216 1426 5291 Ἰσκαριώτης,
1457 5221 1506 5273 εί
1538 5220 1633 5274 καὶ
1667 5217 1859 5289 πρώην
1888 5220 1946 5273 ὲν

363 5312 480 5374 τοῖς
508 5308 716 5365 δώδεκα
744 5308 1056 5381 ἐψηφίζετο,
1085 5312 1346 5385 προδότης
1364 5312 1670 5385 γενόμενος,
1699 5313 1943 5385 ἀπετμή·

372 5397 438 5469 θη
475 5397 570 5452 τοῦ
608 5399 762 5468 ἁγίου
800 5399 910 5454 τῶν
939 5400 1251 5455 ἀποστόλων
1281 5401 1604 5472 καταλόγου.
1636 5400 1949 5457 Ἀπέστειλε

371 5486 432 5543 δὲ
462 5489 557 5542 καὶ
578 5488 779 5553 ’ἄλλους
808 5489 1274 5561 ἑϐδομηκονταδύο
1303 5493 1614 5565 κηρύττειν,
1636 5491 1696 5559 ἐξ
1712 5486 1789 5551 ὧν
1808 5488 1954 5566 ἦσαν

451 5662 466 5693 ¹
497 5659 687 5715 Matth.
724 5675 919 5731 xxvtu,
948 5661 1033 5719 l9.

2049 5135 2421 5200 tholomaeum,
2462 5135 2796 5198 Matthaaum,
2840 5131 3127 5200 Thomam,
3177 5143 3233 5190 et
3283 5133 3503 5202 ludam,
3554 5151 3621 5192 ac

2046 5226 2399 5294 Thaddacum,
2442 5242 2507 5281 ac
2556 5225 2833 5280 Simonem
2878 5223 3135 5280 Zeloten:
3177 5242 3302 5281 nam
3332 5227 3625 5284 iscariotes

2047 5316 2219 5373 Judas
2252 5318 2354 5372 etsi
2383 5317 2645 5371 hactenus
2671 5315 2737 5370 ad
2758 5330 2833 5369 xu
2860 5315 3138 5387 ascriptus
3172 5316 3369 5382 fuerat,
3400 5328 3619 5390 postea-

2044 5423 2209 5479 quam
2242 5408 2572 5480 proditorem
2595 5422 2655 5463 se
2681 5406 2830 5473 fecit,
2849 5407 2918 5463 ab
2934 5423 3094 5464 sacro
3112 5412 3482 5480 apostolorum
3513 5427 3617 5467 nu-

2045 5518 2198 5575 mero
2216 5509 2302 5559 est
2328 5507 2652 5572 expunctus.
2676 5499 2879 5559 Praeter
2902 5502 3022 5573 hos,
3050 5518 3194 5559 Lxxn
3222 5504 3357 5559 alios
3377 5504 3452 5561 ad
3471 5520 3619 5561 eam~
