3968 6142
327 652 342 823 ἱ

331 829 353 1039 ἶ

373 232 477 294 2'79

1766 226 1827 281 S.
1869 226 2207 283 EPIPHANII

3526 229 3640 285 9.80

367 347 494 402 dem
522 343 858 400 {unctionem
888 341 1107 413 allegat,
1143 354 1174 396 e
1202 332 1404 411 quibus
1433 354 1506 393 vn
1541 338 1616 392 illi
1648 337 1820 402 fuere,
1852 338 1936 407 qui

2051 339 2097 391 οἱ
2135 337 2301 402 ἑπτὰ,
2339 339 2391 390 οἱ
2430 339 2522 390 ἐπὶ
2564 338 2672 392 τῶν
2717 339 2905 410 χηρῶν
2939 337 3295 411 τεταγμένοι·
3332 339 3636 409 ξτέςεανος,

369 436 440 493 ad
471 436 759 492 viduarum
792 433 1120 503 obsequium
1156 431 1349 487 delecti
1399 439 1562 487 sunt:
1613 428 1944 501 Stephanus,

300 582 305 586 .
367 527 675 597 Philippus,
706 524 1040 595 Prochorus,
1069 524 1326 589 Nicanor,
1365 524 1584 586 Timon,
1627 524 1942 585 Parmenas,

366 624 421 671 et
455 614 732 679 Nicotaus,
780 622 835 669 et
868 623 996 670 ante
1041 615 1142 670 hos
1183 614 1459 680 Matthias,
1506 615 1601 683 qui
1644 614 1765 668 loco
1794 612 1947 668 Iuda:

366 710 507 762 inter
536 707 817 777 apostolos
853 715 1145 777 cooptatus
1180 714 1287 762 est.
1326 706 1409 761 Ad
1440 715 1696 775 septenos
1726 706 1850 762 illos
1881 720 1946 760 ac

368 797 674 864 'tlatthiam,
726 797 968 852 Marcum
1028 798 1275 867 insuper,
1330 806 1385 852 et
1429 797 1656 863 Lucam,
1702 796 1940 864 Iustum,

367 887 694 952 Barnabam,
723 888 1024 959 Appellem,
1055 887 1299 952 Ruﬂ‘um,
1321 886 1571 958 Nigrum,
1595 903 1660 943 ac
1683 888 1941 959 reliquos,

369 976 444 1030 uti
482 978 744 1041 diximus,
779 994 926 1033 ωιτη
957 978 1174 1048 adjecit.
1212 978 1426 1045 Quibus
1457 994 1583 1033 cum
1611 979 1777 1035 etiam
1812 996 1942 1036 san-

365 1074 515 1121 ctum
538 1067 767 1121 Paulum
796 1078 988 1137 suapte
1012 1068 1080 1122 de
1109 1068 1249 1122 cmlo
1280 1083 1411 1125 voce
1433 1070 1601 1124 missa
1633 1070 1943 1140 apostolum

364 1158 608 1229 gentium
637 1173 702 1213 ac
731 1174 1060 1229 praeconem,
1087 1166 1142 1214 et
1172 1161 1484 1231 apostolica!
1512 1162 1780 1216 doctrinae
1810 1178 1943 1217 con-

364 1257 757 1305 summatorem
785 1251 1042 1308 instituit.
1068 1251 1171 1318 Qui
1194 1254 1411 1323 quidem
1444 1262 1692 1309 sanctum
1713 1254 1940 1320 Lucam,

363 1348 425 1395 ut
467 1350 806 1408 memorant,
859 1359 1027 1398 unum
1079 1360 1109 1399 e
1155 1359 1303 1399 Lxxu
1355 1343 1647 1415 discipulis
1690 1346 1791 1416 51
1849 1348 1942 1416 qui

363 1432 547 1488 varias
569 1434 627 1487 in
657 1435 909 1505 regiones
948 1436 1201 1504 dissipati
1248 1435 1488 1502 fuerant,
1517 1437 1755 1500 reduxit,
1783 1453 1942 1491 eum-

360 1538 471 1592 que
507 1524 764 1579 comitem
793 1533 848 1580 et
879 1525 1187 1596 adjutorem
1220 1526 1495 1598 Evangelii
1522 1529 1685 1583 simul
1720 1539 1773 1583 et
1811 1544 1939 1598 apo-

359 1612 561 1667 stolum
591 1614 860 1668 adhibuit.
892 1613 1007 1670 Hoc
1038 1617 1202 1670 modo
1237 1626 1409 1672 totum
1454 1616 1733 1686 Evangelii
1769 1634 1941 1689 nego-

360 1701 496 1756 tium
526 1702 595 1757 ad
633 1704 684 1758 id
718 1719 894 1775 usque
926 1709 1189 1778 temporis
1214 1708 1527 1764 confectum
1554 1716 1658 1765 est.
1728 1760 1737 1783 κ

431 1816 615 1886 Atque
644 1817 915 1875 hactenus
944 1820 1012 1875 de
1051 1837 1101 1874 st
1134 1821 1326 1888 sectis,
1357 1821 1536 1892 deque
1566 1838 1632 1878 eo
1663 1824 1811 1893 quod
1847 1840 1942 1878 or-

360 1906 492 1962 dine
532 1920 890 1964 consecutum
927 1924 1031 1976 est,
1077 1922 1131 1967 et
1178 1927 1208 1966 a
1253 1929 1339 1969 me
1382 1928 1482 1983 pro
1531 1914 1729 1968 virium
1775 1926 1941 1985 captu

360 1996 557 2065 paucis
587 2000 942 2070 explicatum,
977 2003 1291 2073 evangelica
1333 2004 1547 2059 scilicet
1588 2004 1730 2071 luce,
1760 2021 1881 2075 qua:
1910 2021 1941 2060 a

358 2086 585 2145 Christo
609 2088 861 2159 Domino,
881 2094 1193 2165 Christique
1210 2095 1497 2166 discipulis
1522 2097 1640 2173 orbi
1666 2106 1938 2153 terrarum

349 2176 511 2245 illata
544 2177 666 2232 l‘uit.
700 2178 909 2246 Quibus
932 2198 961 2234 a
985 2197 1071 2237 me
1092 2182 1256 2238 dictis
1284 2193 1651 2239 consentanea
1680 2185 1942 2254 pleraque

358 2269 617 2341 colligere
643 2271 791 2335 licet,
814 2287 879 2326 ac
906 2275 1164 2329 vaticinia
1183 2283 1236 2329 et
1260 2277 1482 2331 oracula
1509 2292 1576 2331 ex
1598 2277 1717 2347 lege
1743 2277 1939 2340 veteri,

356 2360 443 2417 vel
470 2360 704 2417 Psalmis
734 2362 967 2433 aliisque
1013 2365 1169 2422 libris
1214 2368 1562 2437 conquirere,
1599 2377 1653 2423 et
1696 2371 1939 2422 omnium

358 2452 966 2525 seriem,ordinemque
1004 2459 1373 2525 perscrutari;
1422 2474 1489 2513 ex
1530 2458 1711 2529 iisque
1755 2457 1941 2513 tuear.

357 2542 639 2597 nationem
693 2544 900 2599 Christi
962 2545 1179 2601 Domini
1239 2550 1530 2619 perspicue
1582 2551 1943 2619 comprobare

358 2648 470 2687 non
498 2622 930 2704 supposititiam,
964 2638 1059 2692 sed
1103 2653 1287 2694 veram
1338 2642 1642 2705 exstitisse,
1688 2651 1852 2713 atque
1885 2644 1939 2699 in

358 2723 477 2793 lege
506 2724 674 2779 veteri
709 2725 1040 2795 nuntiatam,
1068 2735 1127 2782 ut
1149 2729 1217 2785 de
1247 2745 1313 2785 eo
1342 2732 1526 2787 nullus
1556 2733 1627 2788 sit
1654 2733 1938 2789 dubitandi

356 2814 515 2870 locus
547 2814 794 2873 relictus.
826 2815 933 2872 Sed
967 2834 1035 2874 ne
1060 2819 1224 2891 hujus
1247 2824 1430 2891 aperis
1456 2826 1712 2880 tractatio
1744 2828 1798 2880 in
1825 2827 1942 2881 inti-

358 2906 536 2961 nitum
574 2915 879 2977 excrescat,
912 2908 999 2965 his
1034 2926 1157 2981 quae
1198 2913 1345 2968 dicta
1393 2925 1525 2970 sunt
1555 2919 1764 2974 erimus
1806 2933 1940 2973 con-

354 2997 513 3050 tenti.

427 3108 505 3163 Ac
548 3108 808 3180 deinceps
856 3102 1146 3182 opiniones
1198 3115 1344 3181 illas,
1392 3133 1515 3189 quae
1558 3119 1613 3175 in
1646 3121 1934 3177 hominum

355 3198 522 3253 vitam
550 3213 736 3270 postea
761 3205 1006 3273 pessimo
1028 3207 1213 3263 colore
1238 3224 1304 3263 ac
1328 3212 1512 3280 specie
1538 3213 1763 3282 prolata:
1788 3222 1935 3278 sunt,

354 3290 544 3346 eadem
578 3296 720 3350 serie
758 3305 1069 3367 pertexam:
1119 3310 1475 3373 posteaquam
1521 3322 1574 3359 ιι
1622 3305 1936 3361 Judaeorum

358 3380 945 3456 Samaritanorumque
1000 3399 1183 3447 sectas
1242 3408 1369 3447 cum
1424 3396 1802 3465 superioribus
1859 3415 1935 3461 Ix,

353 3487 477 3542 qua:
506 3476 702 3529 uartitu
742 3493 773 3533 e
806 3477 1030 3543 Graecis,
1064 3482 1262 3551 partim
1302 3500 1371 3539 ex
1413 3486 1663 3543 barbaris
1705 3489 1937 3559 aliisque

353 3563 603 3621 conﬂata:
647 3577 776 3624 sunt
822 3580 951 3627 ante
1001 3572 1304 3648 salvatoris
1351 3578 1666 3643 adventum,
1700 3580 1766 3635 ad
1820 3581 1936 3635 haec

355 3671 531 3727 usque
558 3666 806 3730 tempora
836 3662 1022 3719 habita
1059 3665 1347 3723 brevitatis
1380 3669 1594 3725 ratione
1620 3674 1931 3741 percensui.

673 3794 754 3849 De
779 3794 1103 3866 Nazarenis,
1137 3801 1243 3856 sive
1271 3800 1613 3859 Christianis.

420 3926 805 3986 Nazaraeorum
828 3934 944 3990 sive
967 3933 1407 3992 Christianorum
1432 3945 1516 3994 est
1544 3939 1637 4008 qui
1670 3955 1700 3992 a
1731 3940 1932 3996 Judmis

350 4016 501 4071 brevi
524 4018 813 4089 interjecto
840 4034 1081 4094 tempore
1098 4038 1326 4084 vocatus
1344 4038 1428 4084 est
1447 4028 1929 4095 Christianismus,

350 4110 407 4159 et
438 4106 507 4159 ab
536 4108 675 4176 ipsis
709 4109 846 4164 adeo
880 4116 1144 4183 apostolis
1174 4115 1228 4169 id
1257 4131 1460 4169 nomen
1497 4117 1756 4181 obtinuit,
1800 4130 1927 4169 cum

353 4195 427 4247 ita
454 4193 651 4253 Petrus
672 4199 891 4256 locutus
921 4203 1013 4266 sit,
1039 4203 1223 4258 Iesum
1248 4203 1593 4259 Nazarenam
1614 4208 1793 4259 cirum
1815 4221 1933 4274 pro-

352 4288 533 4339 batum
558 4303 590 4339 a
616 4286 725 4341 Deo
747 4290 787 4351 ί,
822 4300 931 4346 etc.
962 4290 1159 4349 Postea
1187 4310 1318 4350 vero
1339 4297 1643 4351 Antiochia:
1663 4297 1932 4353 Christia-

2054 429 2319 493 Φίλιππος
2338 468 2353 493 ,
2382 428 2686 501 Πρόχορος,
2718 429 3009 507 Νικάνωρ,
3036 430 3257 501 Τίμων,
3295 431 3635 501 Παρμηνᾶς,

2055 524 2149 575 καὶ
2177 521 2465 584 Νικόλαος.
2490 521 2604 592 Πρὸ
2630 522 2836 575 τούτων
2862 521 2920 575 δὲ
2947 521 3217 588 Ματθίας,
3243 526 3271 577 ὁ
3304 525 3425 578 ἀντὶ
3467 525 3637 581 Ἰούδα

2055 612 2462 686 συμψηφισθεὶς
2506 611 2645 683 μετά
2684 611 2795 665 τῶν
2835 613 3172 668 ἀποστόλων.
3218 615 3375 668 Μετά
3407 615 3635 681 τούτους

2052 705 2110 758 δὲ
2137 706 2263 767 τοὺς
2292 702 2433 757 ἐπτά
2465 705 2560 757 καὶ
2598 702 2850 756 Ματθίαν
2882 705 2973 757 τὸν
3010 705 3117 777 πρὸ
3146 703 3350 771 αὐτῶν,
3380 707 3675 778 Magram;

2052 796 2289 860 Λουκᾶν,
2321 792 2573 858 Ἰοῦστον,
2604 792 2915 864 Βαρνάϐαν,
2942 794 3037 847 καὶ
3071 793 3355 864 Ἀπελλῆν,
3382 795 3632 865 Ῥοῦφον.
3655 784 3669 804 ⁸

2051 888 2283 959 Νίγερα,
2313 886 2408 939 καὶ
2435 886 2559 949 τοὺς
2584 884 2803 948 λοιποὺς
2836 883 2944 938 τῶν
2978 884 3460 955 ἑϐδομηκονταδύο.
3494 888 3633 941 Μετ’

2052 979 2246 1041 αὐτοὺς
2272 977 2329 1031 δὲ
2361 975 2569 1041 πάντας
2613 976 2709 1030 καὶ
2755 976 2852 1029 σὺν
2882 975 3065 1039 αὐτοῖς
3115 976 3324 1030 Παῦλον
3358 977 3447 1031 τὸν
3476 979 3634 1046 ἅγιον

2051 1068 2348 1124 ἀπόστολον
2379 1069 2468 1123 διὰ
2504 1068 2685 1138 φωνῆς
2732 1066 2868 1130 ἰδίας
2916 1068 3010 1121 ἀπ’
3055 1067 3285 1139 ούρανοῦ
3333 1068 3633 1125 ἀπόστολον

2052 1160 2187 1232 ὁμοῦ
2223 1162 2317 1213 καὶ
2352 1161 2570 1232 κήρυκα
2595 1157 2795 1223 ἐθνῶν,
2827 1158 2922 1212 καὶ
2951 1158 3243 1230 πληρωτὴν
3268 1160 3632 1230 ἀποστολικῆς

2048 1251 2396 1313 διδασκαλίας
2438 1248 2747 1316 ἐξελέξατο.
2811 1250 2906 1312 ’ος
2961 1249 3277 1320 εὑρίσκεται
3337 1251 3429 1305 τὸν
3477 1252 3632 1319 ἅγιον

2050 1345 2264 1397 Λουκᾶν
2306 1342 2434 1396 ὄντα
2462 1343 2571 1394 τῶν
2606 1340 3069 1411 ἑϐδομηκονταδύο
3116 1342 3223 1395 τῶν
3261 1343 3634 1414 ἐσκορπισμέο

2051 1454 2189 1499 νων,
2242 1434 2614 1505 ἐπιστρέψας,
2656 1433 2749 1485 καὶ
2795 1432 3084 1487 ἀκόλουθον
3141 1433 3318 1505 ἑαυτῷ
3354 1435 3630 1506 ποιήσας,

2055 1528 2312 1600 συνεργὸν
2355 1525 2449 1578 τοῦ
2484 1526 2820 1595 Εύαγγελίου
2848 1526 2987 1597 ὁμοῦ
3025 1526 3120 1579 καὶ
3157 1525 3471 1600 ἀπόστολον.
3517 1525 3631 1578 Καὶ

2051 1598 2223 1681 οὕτως
2246 1617 2500 1688 ἐτελέσθη
2534 1620 2567 1689 ή
2602 1618 2752 1670 πᾶσα
2777 1615 3121 1688 Εὑαγγελικὴ
3151 1598 3504 1688 πραγματεία
3523 1614 3631 1678 ἕως

1977 1706 2017 1759 Β
2043 1709 2233 1763 τούτου
2263 1710 2359 1763 τοῦ
2386 1712 2598 1782 χρόνου.

2118 1821 2309 1873 Ἔσται
2350 1821 2407 1875 δέ
2455 1839 2543 1893 μοι
2585 1825 2613 1876 ὁ
2654 1822 2810 1891 λόγος
2842 1821 2949 1885 ἕως
2990 1813 3093 1874 ὦδε
3127 1820 3258 1890 περὶ
3296 1819 3405 1873 τῶν
3436 1821 3631 1875 ἕνδεκα

2044 1912 2329 1983 αἱρέσεων,
2363 1914 2580 1984 καὶτῆς
2615 1913 2757 1966 κατά
2788 1912 3014 1983 δύναμιν
3056 1911 3374 1975 ἀκολουθίας
3406 1912 3463 1963 ὲν
3498 1928 3628 1963 συν-

2043 2004 2194 2075 τόμῳ
2232 2021 2322 2074 μοι
2356 2004 2683 2076 εἰρημένης,
2723 2004 3085 2074 εὐαγγελικῆς
3127 2003 3489 2072 φωταγωγίας
3527 2002 3630 2072 τῆς

2044 2097 2101 2147 ἐν
2127 2096 2316 2166 κόσμῳ
2345 2095 2604 2175 διξαύτοῦ
2650 2096 2744 2148 καὶ
2770 2095 2881 2148 τῶν
2907 2094 3165 2175 μαθητῶν
3198 2093 3364 2146 αὐτοῦ
3391 2110 3626 2163 γεγενη-

2047 2186 2214 2258 μένης
2234 2206 2246 2217 ·
2277 2187 2370 2251 οὒς
2401 2187 2469 2241 τὰ
2497 2188 2661 2257 ὃμοια
2702 2186 2951 2253 συλλέξαι
2977 2226 2992 2249 ,
3047 2185 3140 2238 καὶ
3185 2182 3523 2255 παραθέσθαι
3556 2182 3629 2234 τὰ

2044 2279 2501 2350 προθεσπίσματά
2532 2296 2591 2332 τε
2625 2280 2720 2333 καὶ
2758 2279 2857 2341 τάς
2907 2277 3242 2348 προφητείας
3288 2275 3395 2329 ἀπὸ
3440 2272 3626 2345 Νόμου

2041 2385 2101 2420 τε
2135 2368 2228 2422 καὶ
2256 2368 2502 2439 Ψαλμῶν
2543 2368 2638 2422 καὶ
2668 2367 2776 2421 τῶν
2801 2367 2975 2423 ἄλλων
3006 2367 3106 2428 τὰς
3132 2364 3455 2427 ἀκολουθίας
3476 2404 3492 2429 ,
3533 2363 3627 2416 καὶ

2042 2458 2142 2522 τὰς
2171 2460 2395 2528 ἀγωγὰς
2439 2460 2645 2513 ἔνεστιν
2681 2462 2832 2523 ἰδεῖν,
2866 2461 2961 2512 καὶ
3003 2460 3103 2529 τὴν
3144 2457 3430 2528 ἀκρίϐειαν
3456 2473 3627 2509 κατα-

2043 2550 2303 2605 λαϐέσθαι
2328 2593 2341 2613 ,
2385 2552 2461 2615 ὡς
2518 2553 2579 2605 ού
2613 2552 2767 2617 νόθος
2792 2595 2805 2619 ,
2837 2552 2954 2606 ἀλλ’
2984 2550 3211 2621 ἀληθὴς,
3243 2549 3338 2602 καὶ
3394 2563 3627 2617 προκατ-

2043 2642 2327 2711 αγγελθεὶς
2350 2644 2369 2673 ²
2411 2643 2519 2696 ἀπὸ
2555 2645 2654 2714 τῆς
2686 2645 2928 2707 Παλαιᾶς
2956 2641 3230 2713 Διαθηκης
3260 2637 3628 2709 ἀναμφίϐολός

2044 2736 2192 2787 ἔστιν
2216 2737 2250 2805 ή
2278 2734 2540 2806 ἕνσαρκος
2569 2734 2807 2805 Χριστοῦ
2840 2734 3131 2805 παρουσία,
3164 2733 3259 2787 καὶ
3292 2728 3625 2800 εύαγγελικὴ

2041 2826 2379 2881 διδασκαλία.
2414 2828 2531 2880 Ἵνα
2576 2827 2639 2879 δὲ
2684 2827 2758 2897 μὴ
2808 2827 2888 2890 είς
2932 2826 3096 2895 ὄγκον
3147 2822 3489 2894 παρεκτείνω
3524 2822 3629 2891 τὴν

2040 2919 2141 2987 τῆς
2195 2916 2499 2983 συντάξεως
2553 2918 2956 2990 πραγματείαν,
3010 2916 3222 2980 τούτοις
3285 2913 3623 2986 ἀρκεσθήσο-

1967 3047 2009 3104 C
2048 3028 2166 3082 μαι.

2119 3122 2331 3193 Προϊὼν
2358 3123 2415 3176 δὲ
2450 3123 2648 3193 ἐφεξῆς
2679 3123 2777 3187 τὰς
2806 3123 3101 3193 μετέπειτα
3131 3120 3210 3192 τῷ
3240 3121 3340 3192 βίῳ
3379 3115 3620 3186 ὲπιφυεί-

2049 3231 2142 3277 σας
2194 3214 2285 3268 ἐπὶ
2326 3219 2470 3286 κακῇ
2514 3216 2781 3286 προφάσει
2837 3216 2996 3281 δόξας
3026 3215 3229 3286 ὁμοίως
3259 3210 3622 3282 διαγορεύσω,

2030 3304 2145 3375 ’ἤδη
2178 3304 2277 3367 τὰς
2310 3306 2500 3358 ἕνδεκα
2533 3306 2632 3369 τὰς
2660 3307 2769 3360 ἀπὸ
2808 3305 3073 3360 Ἰουδαίων
3101 3307 3196 3360 καὶ
3243 3302 3620 3387 Σαμαρειτῶν.

2045 3396 2139 3448 καὶ
2175 3395 2275 3459 τάς
2313 3397 2418 3468 πρὸ
2446 3397 2621 3451 αὐτῶν
2663 3398 2822 3451 ἐννέα
2860 3399 2917 3465 ἐξ
2956 3399 3248 3467 Ἑλλήνων,
3281 3396 3378 3450 καὶ
3415 3394 3620 3466 βαρϐά-

2046 3503 2155 3557 ρων
2170 3528 2193 3557 ,,
2218 3489 2313 3542 καὶ
2340 3488 2448 3542 τῶν
2480 3488 2657 3543 ἄλλων
2684 3490 2983 3559 γενομένας
3030 3489 3136 3560 πρὸ
3162 3490 3261 3556 τῆς
3288 3487 3383 3541 τοῦ
3415 3487 3621 3557 Κυρίου

2044 3582 2365 3651 παρουσίας,
2408 3583 2499 3636 καὶ
2540 3582 2646 3645 ἕως
2691 3582 2855 3635 αὑτοῦ
2888 3582 2984 3635 τοῦ
3015 3582 3204 3653 χρόνον
3243 3580 3476 3651 μετρίως
3514 3579 3624 3630 ἀπ-

2041 3668 2503 3741 αριθμησάμενος.

2262 3806 2399 3872 Περὶ
2432 3764 2795 3875 Ναζωραίων.
2831 3808 2961 3876 ἤτοι
2998 3804 3385 3876 Χριστιανῶν.

2111 3935 2482 4009 Ναζωραίων,
2536 3941 2565 3994 ὃ
2617 3942 2734 3994 ἐστι
2788 3939 3159 4012 Χριστιανῶν,
3211 3941 3241 3993 ὁ
3287 3937 3508 4009 κληθεὶς
3561 3944 3623 3990 έη

2039 4028 2201 4099 ὀλίγῳ
2238 4029 2415 4100 χρόνῳ
2442 4030 2548 4084 ὑπὸ
2592 4032 2861 4086 Ἰουδαίων
2892 4031 3341 4104 Χριστιανισμδς,
3395 4032 3489 4083 καὶ
3523 4030 3620 4082 ὑπ’

2038 4120 2215 4174 αὐτῶν
2248 4120 2356 4174 τῶν
2393 4123 2736 4188 ἀποστόλων,
2782 4124 3033 4193 λέγοντος
3087 4124 3294 4195 Πέτρου
3317 4139 3330 4152 ·
3380 4121 3621 4189 Ἰησοῦν

2038 4213 2145 4267 τὸν
2182 4214 2516 4283 Ναζωραῖον
2537 4256 2552 4279 ,
2601 4216 2791 4285 ἄνδρα
2833 4214 3332 4285 ἀποδεδειγμένον
3376 4215 3449 4267 ἐκ
3509 4211 3621 4267 τοῦ

2040 4305 2209 4370 Θεοῦ,
2241 4308 2333 4359 καὶ
2363 4307 2431 4361 τά
2465 4307 2594 4378 ἑξῆς
2615 4326 2629 4339 ’
2667 4308 2895 4380 ὕστερον
2932 4308 2990 4361 δὲ
3014 4307 3123 4362 ἀπὸ
3158 4305 3486 4376 Ἀντιοχείας
3515 4305 3618 4374 ἀρ-

350 4373 567 4429 nismus
609 4378 873 4446 appellari
905 4383 1093 4443 coepit.
1134 4383 1230 4440 Est
1261 4394 1318 4440 et
1349 4387 1455 4441 alia
1497 4390 1719 4458 proprie
1755 4388 1931 4447 Naza-

2051 4390 2267 4463 Ξάμενος
2290 4373 2567 4450 καλεῖσθαι
2596 4373 3038 4469 Χριστιανισμός.
3069 4398 3225 4451 Ἔστι
3249 4396 3307 4449 δὲ
3331 4373 3423 4449 καὶ
3453 4373 3618 4464 φύσει

352 4480 589 4521 morum
622 4477 793 4534 secta,
828 4470 895 4525 de
925 4473 1124 4541 qmbus
1158 4489 1261 4528 suo
1280 4476 1399 4530 loco
1426 4476 1849 4548 disputabimus.

423 4820 438 4849 ¹
462 4819 582 4874 Act.
614 4833 676 4885 tt,
708 4816 797 4873 22.
880 4821 901 4852 ³
925 4818 1073 4876 Fort.
1110 4827 1662 4895 προκαταγγελθείσα.

2032 4484 2240 4553 αἵρεσις
2275 4486 2635 4561 Ναζωραίων,
2665 4491 2795 4560 περὶ
2832 4484 2908 4546 ὧν
2959 4489 3190 4559 καθεξῆς
3222 4487 3448 4558 λέξομεν
3477 4488 3617 4540 κατὰ

2038 4573 2127 4626 τὸν
2153 4575 2344 4644 καιρὸν
2367 4578 2467 4647 τῆς
2492 4579 2830 4644 ἀκολουθίας.
