3968 6126
387 299 489 355 ast
1362 295 1731 352 auvensus
1771 284 2114 348 Hmttnscs
2147 292 2272 347 un.
2318 300 2359 348 ι.
2402 293 2564 349 ron.
2608 296 2665 349 ιΙ.
3552 290 3656 344 232

394 515 3087 546 εαξη-Μ
3092 514 3629 548 mat:

1140 669 1319 723 ΤΑΔΕ
1350 664 1622 721 ΕΝΕΣἹἸ
1648 661 1780 718 ΚΑΙ
1809 663 1907 716 ΕΝ
1955 665 1999 714 Τ

2088 663 2184 734 Ἴᾨ
2236 664 2322 734 rp
2362 665 2447 717 ΔΕ
2462 661 2691 749 nam;
2736 664 2927 736 τοιιᾳ

1648 817 1785 872 ΤΟΥ
1816 816 2092 873 ΠΡΩΤΟΥ
2129 816 2428 879 ΒΙΒΛῘΟΥ,

1427 977 1528 1032 Ἐν
1559 968 1607 1041 ᾧ
1636 976 1796 1028 εἰσιν
1828 970 2084 1039 αἱρέσεις
2121 970 2427 1039 δεκατρεῖς
2450 972 2661 1040 οὕτως.

2012 1139 2085 1149 -——

1148 1227 1569 1291 lNDlCULUS
1615 1223 1893 1286 EORUM
1937 1222 2122 1294 om;
2167 1221 2246 1281 1N
2297 1220 2493 1281 Ton.
2553 1204 2610 1281 ll
2685 1224 2834 1284 LIB.
2880 1226 2905 1286 ι

1832 1373 2233 1425 οοιιτιιτειιτυιι,

1274 1519 1399 1593 Qui
1445 1517 1726 1578 haereses
1772 1506 2220 1590 complectitur
2264 1529 2381 1572 χιιι
2422 1512 2542 1575 hoc
2584 1515 2833 1578 ordine.

1999 1684 2074 1697 -σ

469 1779 553 1836 Δ¹.
593 1774 916 1850 Σιμωνιανοὶ
938 1812 958 1841 ,
1000 1774 1050 1826 oi
1081 1771 1190 1826 ἀπὸ
1223 1771 1465 1840 Σίμωνος
1511 1767 1605 1820 τοῦ
1645 1764 1839 1835 Μάγου
1887 1761 1981 1816 τοῦ

2154 1767 2260 1840 52
2295 1767 2335 1824 l.
2378 1768 2683 1827 Simoniani
2728 1788 2759 1828 a
2807 1773 3030 1830 Simone
3061 1775 3217 1846 Mago
3268 1779 3663 1847 cognominati,

396 1874 493 1928 ἐπὶ
516 1872 726 1941 Πέτρου
750 1868 843 1922 τοῦ
868 1864 1189 1927 ἀποστόλου,
1215 1862 1409 1935 κώμης
1436 1861 1472 1914 Γ
1478 1860 1638 1915 ιτοῶν
1666 1858 1767 1930 τῆς
1794 1859 1980 1927 Σαμα-

399 1963 573 2036 ρείας.
615 1954 785 2023 Οὗτος
828 1958 936 2011 ἀπὸ
985 1953 1342 2026 Σαμαρειτῶν
1378 1952 1625 2024 ὡρμᾶτο,
1656 1947 1893 2021 Χριστοῦ
1921 1947 1979 2000 δὲ

396 2053 566 2107 ὑπέδυ
595 2051 765 2122 δνομα
798 2049 979 2121 μόνον.
1022 2044 1260 2109 Ἐδίδαξε
1286 2045 1344 2097 δὲ
1373 2042 1783 2114 αἰσχροποιίαν,
1832 2038 1975 2110 μίξιν

400 2141 683 2216 μολυσμοῦ
705 2181 720 2205 ,
758 2137 1032 2210 γυναικῶν
1066 2135 1411 2207 ἀδιαφορίαν.
1452 2134 1729 2204 Σωμάτων
1759 2132 1816 2185 δὲ
1840 2133 1978 2185 ἀπο-

398 2233 655 2289 ϐἀλλεται
699 2233 796 2303 τὴν
826 2232 1142 2293 ἀνάστασιν,
1190 2228 1283 2281 καὶ
1324 2227 1414 2279 τὸν
1461 2225 1662 2295 κόσμον
1713 2225 1787 2296 μὴ
1838 2219 1978 2276 εἶναι

397 2325 537 2380 Θεοῦ
574 2326 792 2394 φάσκει.
842 2321 1042 2376 Εἱκόνα
1069 2321 1125 2373 δὲ
1151 2318 1313 2373 αὐτοῦ
1341 2318 1416 2382 ὠς
1445 2318 1585 2383 Διὸς,
1619 2317 1711 2370 καὶ
1744 2316 1843 2386 τῆς
1880 2315 1977 2368 σὺν

398 2417 551 2489 αὐτῷ
593 2417 799 2489 πόρνης
853 2415 1077 2484 ὀνόματι
1115 2412 1355 2483 Ἑλένης,
1398 2409 1629 2480 Ἀθηνᾶς
1658 2409 1827 2461 τύπον
1866 2409 1978 2470 τοῖς

400 2509 597 2564 ἑαυτοῦ
636 2508 902 2579 μαθηταῖς
932 2505 1215 2578 παρεδίδου
1247 2506 1327 2567 εἰς
1354 2502 1745 2574 προσκύνησιν.
1786 2501 1978 2577 Ἔλεγε

396 2602 456 2655 δὲ
486 2599 680 2654 ἑαυτὸν
715 2597 1084 2669 Σαμαρείταις
1110 2597 1207 2666 μὲν
1232 2595 1324 2649 τὸν
1347 2594 1587 2663 Πατέρα,
1626 2591 1896 2654 Ἰουδαίοις
1921 2590 1978 2644 δὲ

396 2692 491 2748 τὸν
514 2689 767 2763 Χριστόν.

470 2783 549 2836 B'.
592 2779 1009 2851 Μενανδριανοὶ,
1041 2779 1089 2833 οξ
1128 2778 1236 2832 ἀπὸ
1264 2777 1457 2832 τούτου
1490 2775 1584 2829 τοῦ
1618 2777 1860 2847 Σίμωνος
1892 2774 1978 2829 διά

394 2874 711 2945 Μενάνδρου
757 2873 901 2936 τινὸς
934 2871 1290 2942 ἐναρξάμενοι
1332 2869 1712 2943 διαφερόμενοί
1744 2886 1804 2923 τε
1842 2869 1979 2941 πρὸς

395 2967 528 3030 τοὺς
574 2965 940 3036 Σιμωνιανοίις
964 2962 1127 3016 ’κατά
1172 2978 1259 3015 τυ
1300 2962 1357 3025 ὃς
1392 2961 1500 3015 ἀπὸ
1541 2961 1786 3030 ἀγγέλων
1826 2960 1978 3029 ἔλεγε

395 3059 489 3113 τον
524 3058 725 3129 κόσμον
757 3054 1106 3126 γεγενῆσθαι.

467 3233 544 3287 I".
587 3230 1019 3303 Σατορνιλιανοὶ,
1066 3230 1117 3282 oi
1166 3227 1307 3282 κατὰ
1349 3228 1448 3298 τὴν
1492 3226 1689 3300 Συρίαν
1732 3228 1828 3299 τὴν
1870 3226 1978 3283 τῶν

395 3323 751 3394 Σιμωνιανῶν
807 3322 1159 3396 κρατύνοντες
1214 3321 1592 3392 αἰσχρολογίαν
1620 3362 1635 3386 ,
1692 3321 1857 3391 ἔτερα
1922 3321 1979 3373 δὲ

396 3414 555 3486 παρά
595 3415 719 3474 τοὺς
751 3415 1120 3486 Σιμωνιανοῦς
1157 3415 1238 3477 είς
1289 3411 1546 3483 ἔκπληξιν
1588 3413 1979 3484 περισσοτέραν

396 3506 766 3578 κηρύσσοντες
795 3546 810 3571 ,
844 3507 952 3560 ἀπὸ
984 3507 1040 3560 δὲ
1069 3503 1391 3576 Σατορνίλου
1416 3504 1515 3576 τὴν
1546 3503 1718 3576 ἀρχὴν
1748 3503 1978 3574 ἐσχηκό-

394 3617 513 3664 τες,
554 3599 614 3663 ὃς
640 3600 734 3654 καὶ
779 3600 940 3665 αὐτὸς
986 3598 1131 3653 κατά
1160 3596 1472 3668 Μένανδρον
1499 3599 1588 3650 ὑπ’
1616 3597 1863 3666 ἀγγέλων
1889 3599 1978 3650 τὸν

397 3690 605 3761 κόσμον
647 3690 973 3761 γεγενῆσθαι
1012 3689 1238 3759 ἔφασκε,
1281 3687 1456 3759 μόνων
1496 3688 1552 3742 δὲ
1584 3689 1726 3743 ἑπτὰ
1755 3689 1843 3743 διὰ
1880 3689 1979 3762 τὴν

392 3782 492 3836 τοῦ
522 3781 635 3835 ἀνω
659 3782 872 3853 Πατρὸς
907 3781 1151 3854 γνώμην.

469 3877 544 3927 Δ’.
586 3873 996 3938 Βασιλειδιανοὶ,
1027 3877 1076 3927 οἱ
1114 3872 1217 3948 τῆς
1244 3876 1414 3946 αὐτῆς
1464 3874 1853 3947 αἰσχρουργίας
1891 3891 1979 3928 τεο

395 3966 606 4033 λετ-ταὶ,
647 3967 754 4021 ἀπὸ
784 3966 1092 4021 Βασιλείδου
1138 3968 1232 4021 τοῦ
1262 3968 1381 4039 ἅμα
1418 3966 1723 4037 Σατορνίλῳ
1749 3968 1861 4030 τοῖς
1890 3967 1980 4019 Σι-

397 4061 691 4126 μωνιανοῖς
737 4059 833 4112 καὶ
876 4059 1295 4131 Μενανδριανοῖς
1347 4058 1858 4130 μεμαθητευμένοι,
1911 4059 1979 4113 τὰ

393 4152 558 4221 ὃμοια
592 4149 692 4221 μὲν
717 4130 1069 4221 φρονοῦντος,
1094 4130 1242 4204 Ῠκατά
1272 4169 1323 4204 τι
1349 4151 1406 4204 δὲ
1430 4150 1846 4221 διαφερομένου.
1876 4151 1980 4204 Λέ-

394 4257 485 4309 γει.
531 4241 588 4294 δὲ
630 4242 975 4313 τριακοσίους
1021 4243 1449 4314 ἐξηκονταπέντε
1511 4243 1775 4313 οὐρανοὺς
1817 4236 1975 4306 εἶναι,

394 4333 492 4385 καὶ
515 4332 729 4396 τούτοις
762 4332 1001 4404 ὀνόματα
1029 4333 1296 4403 ἀγγελικά
1328 4332 1591 4404 ἐκτίθησι.
1625 4334 1715 4387 Διὸ
1754 4334 1849 4387 καὶ
1887 4333 1976 4387 τὸν

2007 3106 2049 3160 Β

2081 1861 2175 1931 qui
2206 1862 2440 1931 apostoli
2472 1861 2618 1918 Petri
2654 1865 2994 1935 temporibus
3027 1867 3185 1930 vixit,
3230 1882 3261 1924 c
3304 1867 3510 1926 Gittbis
3538 1874 3661 1927 vico

2081 1952 2318 2023 quodam
2338 1955 2624 2012 oriundus.
2657 1955 2765 2013 iste
2779 1972 2903 2013 cum
2921 1966 3066 2014 esset
3084 1957 3483 2028 Samaritanus,
3503 1962 3663 2018 Chri-

2081 2053 2225 2097 stum
2257 2046 2478 2102 nomine
2509 2056 2672 2103 tenus
2716 2047 3002 2117 professus
3029 2058 3145 2105 est:
3183 2059 3377 2106 auctor
3410 2054 3662 2109 nefanda)

2080 2134 2460 2201 obscenitatis,
2519 2143 2573 2191 et
2634 2137 3066 2207 inquinatissimi
3115 2143 3464 2200 concubitus.
3513 2142 3660 2198 Prae—

2079 2235 2227 2281 terea
2251 2228 2595 2296 promiscuus
2622 2244 2823 2285 uxores
2848 2245 2971 2285 esse
3000 2232 3190 2287 voluit.
3227 2233 3469 2305 Corpora
3501 2248 3661 2306 negat

2080 2332 2522 2386 resurgere,-nec
2553 2334 2583 2372 a
2617 2319 2726 2373 Deo
2758 2320 3017 2375 mundum
3046 2321 3373 2379 fabricatum
3402 2341 3525 2382 esse
3554 2336 3663 2381 sta-

2081 2409 2208 2463 tuit.
2235 2407 2532 2480 Imaginem
2567 2424 2732 2479 porro
2763 2425 2919 2466 suam
2963 2413 3243 2483 scortique
3293 2415 3401 2479 sui,
3440 2417 3659 2471 nomine

2080 2500 2320 2567 Helenae,
2353 2503 2455 2557 sub
2495 2502 2751 2557 Minerva:
2786 2503 2968 2572 Specie
2996 2503 3281 2575 discipulis
3322 2509 3659 2563 adorandam

2080 2593 2339 2649 obtrusit.
2369 2592 2526 2663 Apud
2558 2593 2862 2650 Samaritas
2891 2610 2990 2664 pro
3017 2595 3125 2651 Deo
3157 2595 3317 2654 Patre
3366 2615 3423 2654 sc
3473 2601 3662 2654 vendi-

2080 2692 2226 2750 tans,
2259 2683 2463 2740 ludatis
2490 2684 2769 2740 Christum
2795 2702 2856 2741 se
2883 2703 3005 2742 esse
3034 2688 3272 2743 dicebat.
3614 2754 3617 2759 η

2151 2774 2216 2831 ll.
2253 2774 2627 2829 Menandriani
2669 2777 2739 2831 ab
2789 2777 2983 2833 eodem
3017 2779 3111 2831 illo
3160 2779 3382 2834 Simone
3416 2796 3512 2850 per
3552 2779 3662 2835 Me-

2080 2866 2348 2920 nandrum
2383 2867 2672 2937 quemdam
2723 2867 2988 2938 originem
3017 2877 3325 2937 traxerunt,
3349 2872 3659 2927 netmullis-

2080 2972 2186 3027 que
2232 2958 2287 3011 in
2332 2958 2498 3013 rebus
2542 2975 2571 3013 a
2615 2960 2950 3014 Simonianis
2980 2959 3317 3031 discrepant.
3363 2965 3661 3020 Menander

2081 3063 2245 3118 porro
2287 3048 2551 3104 mundum
2598 3052 2664 3105 ab
2707 3052 2912 3123 angelis
2941 3051 3109 3109 fuisse
3144 3052 3472 3123 productum
3508 3070 3659 3111 asse-

2080 3142 2209 3196 ruit.

2151 3234 2239 3290 lll.
2275 3234 2635 3291 Saturniliani
2665 3239 2718 3293 in
2758 3237 2915 3310 Syria
2952 3237 3396 3294 Simonianorum
3425 3242 3657 3311 turpitu—

2081 3326 2260 3381 dinem
2288 3336 2580 3381 auxerunt.
2610 3327 2885 3382 Nonnulla
2912 3344 3132 3398 quoque
3160 3330 3224 3382 ad
3251 3329 3511 3399 majorem
3535 3347 3659 3385 cou-

2081 3417 2378 3471 ciliandum
2419 3429 2696 3487 stuporem
2730 3420 2801 3473 ad
2845 3420 3061 3473 illorum
3098 3420 3349 3489 adjecere
3381 3422 3655 3492 dogmata.

2080 3504 2285 3560 ﬂorum
2336 3508 2595 3579 princeps
2638 3507 2959 3565 Saturnilns
3004 3510 3127 3573 fuit,
3181 3513 3275 3580 qui
3324 3512 3548 3581 perinde
3594 3528 3660 3567 ac

2079 3592 2378 3651 Menander
2422 3598 2609 3651 mundi
2658 3598 2973 3654 conditores
3004 3602 3250 3669 angelos.
3284 3602 3388 3657 b‘oc
3450 3614 3533 3657 est
3573 3618 3659 3658 se-

2078 3692 2275 3755 ptenos
2300 3703 2365 3742 ex
2394 3688 2483 3752 iis,
2513 3688 2662 3753 facit,
2682 3690 2844 3760 idque
2877 3690 3027 3760 ipsos
3056 3692 3122 3745 de
3151 3694 3390 3762 supremi
3416 3695 3659 3764 parentis

2079 3776 2350 3830 sententia
2383 3779 2694 3847 suscepisse
2721 3780 2934 3834 statuit.

2148 3866 2238 3922 iV.
2268 3868 2589 3925 Basilidiani
2637 3871 2903 3926 ﬁnalitatis
2950 3872 3196 3941 ejusdem
3233 3873 3373 3927 socii
3405 3874 3473 3927 ad
3504 3872 3657 3928 Basi-

2078 3956 2224 4013 liden
2254 3959 2521 4031 originem
2556 3959 2821 4024 referunt,
2858 3961 2954 4030 qui
2987 3976 3112 4014 cum
3151 3959 3432 4015 Satur-nilo
3476 3962 3659 4017 Sime—

2079 4049 2282 4115 nianis,
2319 4065 2385 4105 ac
2414 4049 2824 4106 Menandrianis
2855 4067 3075 4121 operam
3107 4052 3301 4109 dedit:
3340 4068 3404 4107 ac
3436 4056 3656 4111 tametsi

2077 4141 2266 4197 eadem
2300 4141 2412 4196 fere
2438 4142 2658 4205 sentiat,
2699 4141 2755 4195 in
2783 4142 3112 4212 quibusdam
3152 4150 3333 4198 tamen
3359 4144 3653 4214 discrepat.

2077 4234 2213 4288 Nam
2240 4236 2495 4290 caelestes
2520 4235 2694 4303 orbes
2723 4249 2927 4290 cccnxv
2957 4236 3269 4300 constituit,
3291 4251 3431 4307 quos
3481 4253 3652 4308 ange-

2079 4326 2203 4379 licis
2227 4326 2545 4380 nominibus
2574 4325 2739 4379 allicit
2769 4344 2782 4379 :
2815 4325 3043 4396 ideoque
3077 4327 3304 4382 totidem
3338 4329 3531 4385 diebus
3557 4344 3660 4383 au—

394 4423 643 4477 ἐνιαυτὸν
691 4423 959 4478 τοσούτων
1000 4426 1218 4496 ἡμερῶν
1256 4420 1412 4490 εἶναι,
1459 4424 1554 4478 καὶ
1595 4424 1655 4476 τὸ
1702 4424 1971 4495 Ἀδρασάξ

2088 4434 2210 4472 num
2235 4425 2490 4473 constare
2512 4425 2720 4473 censet.
2745 4416 2908 4471 Addit
2931 4428 2984 4472 et
3006 4418 3344 4474 Abrasaxam
3370 4422 3654 4490 cujusdam

394 4514 566 4585 ὄνομα
595 4515 874 4586 δυνάμεως
896 4556 908 4577 ,
940 4515 968 4568 δ
996 4516 1149 4587 φέρει
1175 4515 1355 4585 ψῆφον
1386 4516 1510 4582 τξε⁸,
1541 4518 1635 4570 καὶ
1661 4512 1799 4571 εἷναί
1840 4514 1971 4589 φὴσι

393 4605 555 4660 τοῦτο
583 4606 736 4675 ἅγιον
768 4606 993 4677 Πνεῦμα
1017 4606 1207 4676 δνομα.

466 4697 542 4751 Ε’.
583 4698 924 4761 Νικολαῗται,
951 4700 1058 4753 ἀπὸ
1086 4698 1354 4752 Νικολάου
1389 4699 1483 4752 τοῦ
1509 4700 1601 4753 ἐπὶ
1626 4703 1745 4765 ταῖς
1775 4702 1972 4773 χήραις

395 4787 502 4839 ὑπὸ
523 4787 632 4841 τῶν
656 4788 969 4841 ἀποστόλων
992 4787 1301 4858 ταχθέντος,
1332 4788 1390 4851 ὃς
1416 4788 1503 4841 διὰ
1521 4789 1683 4859 ζῆλον
1708 4791 1808 4862 τῆς
1837 4792 1971 4855 ἰδίας

2085 4510 2304 4564 virtutis
2325 4525 2547 4574 nomen,
2567 4526 2687 4580 qum
2705 4524 2910 4563 ccccxv
2933 4526 3219 4565 numerum
3254 4512 3452 4568 litteris
3473 4515 3651 4583 expri-

2082 4604 2202 4666 mit,
2234 4602 2398 4673 idque
2428 4603 2691 4673 Spiritum
2721 4619 2845 4658 esse
2870 4611 3120 4659 sanctum
3155 4605 3372 4660 asserit.

2153 4692 2217 4748 V.
2254 4694 2537 4749 Nicolaita:
2568 4710 2599 4747 a
2632 4694 2855 4748 Nicolao
2896 4694 2989 4748 illo
3018 4693 3248 4749 derivati
3279 4705 3428 4759 sunt,
3464 4696 3552 4749 cui
3585 4697 3656 4750 ab

2082 4787 2348 4855 apostolis
2371 4785 2660 4840 viduarum
2690 4800 2822 4838 cura
2870 4788 3163 4840 commissa
3192 4785 3388 4840 fuerat.
3423 4785 3523 4840 Hic
3563 4803 3654 4842 ze-

394 4879 642 4948 γαμετῆς
662 4879 763 4949 τὴν
793 4879 1181 4950 αἰσχρουργίαν
1210 4880 1330 4949 ἅμα
1357 4881 1468 4944 τοῖς
1496 4880 1676 4944 ἄλλοις
1706 4882 1971 4936 ἐπιτελεῖν

2088 4876 2184 4946 loty
2196 4876 2283 4945 pia
2310 4875 2378 4930 ob
2419 4890 2645 4929 uxorem
2672 4881 2933 4941 aestuans,
2964 4890 3087 4928 cum
3113 4876 3234 4929 aliis
3262 4887 3648 4946 praeposteram

392 4968 519 5030 τοὺς
544 4967 710 5020 αὑτοῦ
739 4968 984 5038 μαθητὰς
1006 4968 1206 5034 ἐδίδαξε
1230 4983 1245 4995 “
1260 4970 1353 5022 καὶ
1377 4970 1504 5041 περὶ
1530 4972 1625 5023 τοῦ
1648 4971 1968 5043 Καύλακαχ,

392 5057 491 5109 καὶ
528 5057 847 5130 Προυνίκου,
880 5061 975 5112 καὶ
1016 5058 1190 5113 ἄλλων
1220 5059 1567 5131 βαρὸαρικῶν
1598 5063 1894 5132 ὀνομάτων,
1935 5066 1971 5119 ἃ

391 5149 471 5219 τῷ
501 5150 691 5220 κόσμῳ
733 5151 990 5222 μυσαρῶς
1021 5152 1367 5222 εἰσηγήσατο.

465 5242 557 5307 ς’.
591 5228 907 5305 Γνωστιὶοὶ,
942 5243 991 5294 οἰ
1029 5242 1127 5305 τὰς
1158 5242 1324 5306 αὑτὰς
1375 5245 1612 5316 αἱρέσεις
1654 5246 1970 5319 διαδεξάμε-

391 5352 504 5387 νοι·
539 5335 702 5389 πλέον
736 5336 793 5388 δὲ
820 5336 1000 5390 αὐτῶν
1043 5338 1262 5391 πάντων
1287 5337 1386 5408 τὴν
1425 5339 1756 5410 αἰσχρότητα
1784 5342 1968 5412 ἐμμα-

394 5426 501 5489 νῶς
531 5424 922 5498 ἐργαζόμενοι⁸
955 5429 1011 5479 ὲν
1058 5426 1318 5499 Λίγύπτῳ
1353 5427 1410 5481 δὲ
1441 5431 1825 5499 Στρατιωτικοὶ
1866 5453 1966 5489 κα-

395 5514 647 5585 λούμενοι
701 5517 796 5571 καὶ
852 5518 1192 5572 Φιϐιωνϊταιο
1245 5520 1302 5571 ἐν
1347 5519 1405 5572 δὲ
1458 5524 1577 5587 τοῖς
1621 5523 1968 5597 avni-reptnt;

399 5606 590 5678 μέρεσι
616 5608 1006 5672 Σεκουνδιανοὶ,
1037 5610 1094 5663 ὲν
1113 5609 1290 5673 ἄλλοις
1315 5609 1371 5663 δὲ
1396 5610 1585 5681 μέρεσι
1608 5613 1964 5685 Σωκρατὶται,

395 5698 549 5771 παρὰ
574 5699 631 5753 δὲ
670 5700 879 5772 ἑτέροις
913 5703 1186 5772 Ζακχαῖοι.
1222 5701 1401 5756 Ἀλλοι
1438 5703 1494 5758 δὲ
1539 5705 1833 5772 Κοδδανοὺς
1875 5712 1966 5764 αὑ·

2080 4970 2362 5025 libidinem
2394 4985 2650 5025 exercere
2680 4985 2813 5025 suos
2839 4968 3058 5022 docuit.
3094 4967 3199 5021 Sed
3234 4975 3287 5021 ct
3318 4966 3647 5031 Caulacacb,

2079 5071 2133 5117 ct
2162 5061 2482 5125 Prunicum,
2514 5069 2569 5117 et
2596 5063 2703 5116 alia
2736 5060 3018 5114 nominum
3053 5064 3302 5128 portenta
3336 5061 3567 5128 turpiter
3595 5061 3649 5114 in

2078 5156 2340 5212 mundum
2368 5155 2591 5210 invexit.

2148 5245 2253 5316 53
2291 5245 2380 5301 Vl.
2425 5243 2630 5298 Harum
2684 5238 2939 5296 Gnostici‘
2973 5255 3324 5297 successores
3383 5241 3647 5297 hairesutn

2078 5338 2239 5408 longe
2265 5350 2456 5392 omnes
2485 5329 2839 5402 turpitudinis
2868 5336 3031 5399 atque
3054 5330 3402 5385 exsecranda:
3426 5330 3647 5384 {cndita-

2076 5432 2148 5487 tis
2186 5428 2406 5485 vesania
2451 5430 2801 5495 superarunt.
2834 5421 3095 5480 Militares
3124 5438 3286 5492 porro
3321 5422 3376 5475 in
3410 5420 3647 5493 Egypto

2076 5523 2355 5588 dicuntur,
2384 5530 2439 5575 et
2459 5516 2819 5582 Pbibionitaa;
2848 5515 2904 5570 in
2932 5514 3211 5584 superiore
3236 5522 3409 5568 tractu
3437 5511 3616 5568 Secun
3636 5543 3648 5552 -

2076 5614 2257 5679 diani;
2305 5610 2434 5667 alibi
2482 5607 2798 5674 Socratitae;
2834 5606 2901 5661 ab
2934 5606 3057 5661 aliis
3085 5604 3317 5658 Zacliwi.
3366 5604 3505 5659 Sunt
3552 5605 3644 5674 qui

2075 5726 2170 5769 eos
2197 5706 2507 5766 Coddianos
2543 5703 2855 5769 nominent;
2887 5699 3107 5772 quidam
3137 5698 3491 5771 Bop6op€mg,
3512 5690 3640 5754 "site
