3968 6174
296 298 406 358 283

294 523 420 580 qua:
451 508 733 579 prmdicari
767 510 924 564 solet.

374 599 482 654 Vll.
510 597 923 671 Carpocratiani
953 617 985 656 a
1017 601 1350 672 Carpocrate
1378 604 1614 675 quodam
1642 605 1888 663 Asiatico

299 692 453 753 dicti.
490 693 582 761 qui
620 693 684 748 ad
715 710 878 748 omne
915 696 1316 764 turpitudinum
1343 713 1406 751 ac
1432 696 1760 768 ﬂagitiorum
1790 715 1884 770 ge-

299 800 406 838 nus
449 785 754 855 discipulos
804 786 1162 841 inlorrnahat.
1201 788 1355 854 Quod
1407 790 1451 844 si
1490 790 1636 858 quis,
1682 791 1882 856 aiebat,

302 894 410 932 non
444 879 624 931 nuntia
670 879 1022 947 percurrerit.
1057 894 1234 948 neque
1259 881 1589 946 daemonum,
1635 891 1689 936 et
1720 880 1885 953 ange-

304 973 480 1023 lorum
514 970 757 1023 omnium
795 972 1058 1023 voluntati
1097 971 1447 1033 satisfecerit.
1480 988 1794 1041 supremum
1828 975 1884 1028 in

305 1066 501 1117 ('(Billlll
530 1062 685 1116 evehi
719 1063 940 1117 minime
966 1072 1162 1132 potest,
1192 1080 1371 1133 neque
1400 1065 1761 1135 principatus,
1788 1082 1888 1136 po-

306 1163 645 1223 testatesque
700 1154 1113 1208 transcendere.
1157 1154 1454 1210 Asscrehat
1508 1156 1650 1211 idem
1696 1156 1883 1212 .Iesum

309 1254 489 1300 mente
528 1247 811 1315 praeditam
849 1247 1086 1300 animam
1120 1247 1443 1317 sumpsisse,
1488 1258 1545 1302 et
1573 1251 1888 1319 COgnitione

307 1337 620 1391 caelestium
652 1339 920 1393 imbutum
960 1338 1273 1395 hominibus
1304 1354 1367 1393 ea
1401 1341 1722 1396 nuntiasse:
1746 1356 1810 1396 ac
1838 1341 1888 1398 si

307 1429 436 1497 quis
482 1429 696 1491 eadem,
728 1444 851 1498 quae
893 1426 1054 1484 Jesus
1097 1430 1250 1495 olim,
1293 1438 1593 1501 perpetret,
1635 1432 1779 1487 haud
1821 1447 1928 1488 eo.

309 1519 623 1574 interiorem
660 1519 926 1576 futurum.
961 1520 1186 1577 Demum
1218 1522 1389 1593 legem
1424 1539 1530 1578 una
1577 1540 1700 1580 cum
1743 1541 1889 1581 mor-

308 1617 531 1664 tuorum
565 1617 967 1668 resurrectione
998 1614 1312 1676 damnabat,
1339 1616 1800 1684 quemadmodum
1834 1624 1889 1673 et

309 1697 640 1766 Simoniani,
691 1706 984 1774 caeterique
1024 1707 1236 1770 om'nes,
1276 1720 1414 1775 quos
1444 1706 1732 1778 hucusque
1766 1724 1891 1780 per-

1708 304 1767 362 S.
1809 304 2152 363 ENPIIANH

299 416 617 473 lutulentos.
661 416 745 473 Ab
771 418 892 473 istis
932 415 1191 503 'Barhelo,
1251 417 1366 474 sive
1387 418 1646 489 Barhero,
1687 424 1880 480 nescio
1907 434 1955 491 Α

3457 297 3568 355 εει

1984 424 2110 488 τοὺς
2138 421 2415 490 λέγουσιν*
2448 419 2598 474 ἄλλοι
2616 419 2673 473 δὲ
2712 416 3040 490 ὼρὸορίτας
3067 414 3261 478 αὐτοὺς
3291 413 3454 468 καλοῦ
3466 430 3564 468 ⁴ιἰν.

1985 506 2145 568 Οὗτοι
2172 513 2271 584 τὴν
2311 508 2568 583 Βαρϐελὼ
2592 510 2686 564 καί
2710 506 2971 581 Βαρϐερὼ
3000 505 3246 578 αῦχοῦσι.
3303 580 3315 591 .

2059 604 2133 661 Z'.
2164 602 2665 675 Καρποκρατιανοί.
2693 600 2801 654 ἀπὸ
2832 597 3261 670 Καρποκρὰτους
3292 593 3438 658 τινος
3457 594 3570 647 τῶν

1986 696 2044 749 ὲν
2076 699 2139 767 τῇ
2185 695 2361 766 Ἀσίᾳ,
2395 695 2453 758 ὃς
2479 694 2724 747 ἐδίδασκε
2764 693 2944 745 πᾶσαν
2988 688 3379 761 αἰσχρουργίαν
3414 690 3571 741 ἐκτε-

1986 789 2115 853 λεῖν,
2149 789 2243 841 καὶ
2270 788 2377 840 πᾶν
2410 784 2748 855 ἐπιτήδευμα
2794 782 3089 853 ἁμαρτίας.
3124 782 3230 835 Καὶ
3273 781 3321 832 εἰ
3360 781 3432 851 μή
3460 797 3568 843 τις,

1989 880 2142 950 φησί,
2176 877 2264 931 διὰ
2313 877 2531 931 πάντων
2566 873 2845 945 παρέλθοι,
2890 872 3069 925 καὶτὸ
3097 871 3309 941 θέλημα
3350 871 3570 924 πάντων

1985 969 2094 1024 τῶν
2149 967 2417 1038 δαιμόνων
2462 964 2557 1018 καί
2607 963 2856 1031 ἀγγέλων
2902 961 3180 1034 ἐκτελέσῃ.
3229 964 3288 1015 οὺ
3347 950 3571 1016 δύναται

1989 1059 2297 1131 ὑπερϐῆναι
2326 1059 2406 1120 εἰς
2430 1055 2521 1108 τὸν
2549 1054 2823 1108 ἀνώτατον
2854 1052 3102 1124 οὐρανὸν,
3132 1053 3250 1105 οὐδὲ
3275 1052 3371 1117 τὰς
3395 1054 3571 1125 ἀρχὰς

1989 1154 2084 1208 καί
2113 1151 2212 1214 τὰς
2254 1148 2500 1216 ἐξουσίας
2544 1144 2854 1217 παρελθεῖν.
2894 1146 3087 1214 Ἔλεγε
3133 1144 3191 1197 δὲ
3232 1144 3325 1198 τὸν
3362 1145 3571 1217 Ἰησοῦν

1986 1241 2165 1314 ψυχὴν
2211 1239 2404 1312 νοερὰν
2441 1237 2742 1309 εἰληφέναι,
2778 1220 2958 1289 εἰδότα
3000 1234 3056 1288 δὲ
3084 1234 3156 1288 τὰ
3184 1234 3296 1289 ἄνω
3338 1236 3573 1290 ἐνταῦθα

1989 1333 2408 1404 καταγγέλλεινο
2447 1330 2542 1384 καὶ
2579 1329 2654 1394 ὡς
2689 1329 2743 1382 ετ
2769 1346 2821 1383 τι
2856 1328 3113 1400 πράξειεν
3155 1329 3316 1399 ὅμοια
3346 1327 3425 1399 τῷ
3466 1330 3575 1399 Ἰη-

1992 1428 2109 1494 σοῦ,
2143 1428 2263 1483 κατ’
2297 1426 2458 1481 αὐτὸν
2486 1421 2648 1480 εἶναι.
2685 1426 2788 1478 Τόν
2814 1441 2876 1477 τε
2908 1424 3071 1494 νόμον
3099 1425 3197 1478 σὺν
3238 1425 3304 1493 τῇ
3348 1422 3462 1475 τῶν
3481 1437 3573 1473 νε-

1990 1519 2140 1592 κρῶν
2173 1517 2464 1572 ἀναστάσει
2495 1515 2860 1586 ἀπηγόρευεν,
2882 1514 2960 1577 ὼς
2981 1514 3038 1567 αἱ
3070 1512 3180 1567 ἀπὸ
3202 1512 3440 1582 Σίμωνος
3475 1510 3573 1563 καὶ

1989 1611 2150 1683 δεῦρο
2197 1609 2455 1681 αἱρέσεις.
2504 1607 2708 1660 Τούτου
2750 1605 2973 1674 γέγονεν
3015 1606 3048 1676 ἡ
3085 1607 3142 1657 ὲν
3187 1602 3389 1676 Ῥώμῃ,
3414 1602 3573 1672 Μαρ-

1992 1701 2233 1756 κελλίνα.
2287 1700 2517 1761 Εἰκόνας
2542 1697 2598 1751 δὲ
2631 1700 2860 1768 ποιήσας
2901 1698 2959 1750 ὲν
3003 1697 3186 1768 κρυφῇ
3231 1693 3435 1765 Ἰησοῦ,
3476 1693 3573 1745 καὶ

308 1790 522 1845 censui.
561 1790 639 1845 Ex
685 1791 849 1860 hujus
885 1808 1048 1864 grege
1078 1792 1393 1850 Marcellina
1423 1798 1516 1851 illa
1552 1776 1736 1853 Roma
1763 1776 1885 1854 iuit.

2012 1793 2228 1856 Ῐαύλου,
2257 1792 2351 1845 καί⁵
2397 1791 2656 1862 Ὁμήρου,
2687 1788 2781 1842 καὶ
2813 1787 3154 1860 Πυθαγόρου,
3185 1786 3405 1849 ταύταις
3447 1783 3574 1837 aeu.

307 1880 488 1952 Atque
520 1882 660 1935 idem
687 1881 838 1944 Jesu.
873 1881 1160 1954 Paulique,
1206 1900 1309 1941 nec
1342 1904 1452 1940 non
1481 1894 1536 1942 et
1571 1887 1791 1944 Homeri
1824 1904 1889 1945 ac

313 1971 635 2044 Pythagora;
677 1974 988 2029 clanculum
1035 1976 1302 2047 imagines
1345 1978 1578 2050 ﬁngens,
1616 1980 1890 2036 sumtibus

311 2081 407 2122 eas
443 2077 495 2120 et
520 2066 835 2121 adoratione
868 2080 1193 2137 prosecutus
1224 2079 1330 2126 est.

384 2157 499 2227 Vlll
560 2158 923 2221 Cerintbiani,
978 2160 1095 2217 sive
1127 2161 1498 2227 Merinthiani,
1530 2180 1559 2218 a
1586 2163 1847 2219 Cerintho
1872 2200 1888 2230 ,

312 2251 397 2304 vel
432 2249 703 2306 Merintho
725 2250 940 2308 Judaici
986 2256 1203 2323 generis
1252 2257 1604 2322 exstiterunt,
1645 2258 1737 2327 qui
1782 2257 1894 2312 cir-

311 2343 703 2399 cumcisioan
739 2360 848 2414 prae
874 2360 934 2400 se
968 2345 1235 2401 ferebant.
1282 2348 1541 2403 Mundum
1574 2349 1643 2402 ab
1685 2349 1892 2419 angelis

313 2439 666 2504 fabricatum,
706 2438 891 2495 Jesum
929 2441 993 2496 ad
1042 2440 1252 2497 Christi
1289 2441 1614 2511 dignitatem
1659 2457 1756 2511 per
1791 2443 1896 2495 \ir-

312 2538 488 2587 tutum
517 2532 849 2586 incrementa
880 2533 1195 2601 pervenisse
1221 2533 1502 2588 dixerunt.

385 2619 476 2674 IX.
519 2618 784 2675 Nazareni
826 2621 903 2673 ita
934 2619 1120 2675 Jesum
1169 2635 1292 2675 esse
1338 2621 1643 2683 Christum,
1694 2618 1898 2690 Deique

314 2708 514 2766 Filium
563 2720 937 2775 asseruerunt,
981 2719 1038 2763 ut
1075 2710 1241 2766 Hosis
1292 2712 1465 2782 legem
1498 2712 1727 2766 omnino
1772 2712 1898 2767 vita:

315 2801 386 2858 ad
413 2802 719 2857 institutum
751 2802 1104 2857 adsciverint.

389 2891 456 2947 Χ.
507 2891 922 2956 Cerinthianis,
980 2908 1045 2947 ac
1092 2890 1391 2947 Nazarenis
1450 2890 1714 2947 simillimi
1770 2899 1899 2948 sunt

317 2983 607 3047 Eliionitze.
644 2986 845 3054 quibus
882 2999 1005 3037 cum
1060 2982 1375 3053 Sampsaeis,
1416 2992 1471 3037 et
1501 2981 1757 3039 Elceszeis
1798 2985 1900 3038 ali-

1994 1882 2090 1956 μια
2119 1883 2213 1937 καὶ
2238 1881 2581 1954 προσεκύνει.

2063 2170 2145 2224 H'.
2182 2169 2557 2242 Κηρινθιανοί,
2607 2168 2657 2222 οἰ
2710 2169 2802 2221 καὶ
2843 2164 3224 2237 Μηρωθιανοί³
3273 2154 3418 2217 οὗτοι
3466 2162 3576 2218 ἀπὸ

1993 2265 2265 2338 Κηρίνθου
2297 2264 2391 2318 καί
2433 2262 2710 2334 Μηρίνθου
2754 2261 2998 2316 Ἰουδαῖοί
3044 2276 3190 2320 τινες
3227 2258 3578 2329 τὴν-περιτο-

1996 2355 2104 2429 μὴν
2157 2354 2479 2425 αὐχοῦντες·
2514 2353 2605 2407 τὸν
2648 2354 2705 2407 δὲ
2759 2353 2963 2424 κόσμον
3004 2350 3095 2404 ὑπ’
3133 2349 3379 2419 ἀγγέλων
3415 2365 3578 2419 γεγε-

1995 2445 2193 2517 νῆσθαι
2225 2444 2496 2512 λέγοντες,
2536 2441 2744 2515 Ἰησοῦν
2775 2442 2833 2497 δὲ
2866 2443 3008 2497 κατὰ
3030 2441 3313 2514 προκοπὴν
3342 2440 3576 2513 Χριστὸν

1997 2536 2313 2607 κεκλῆσθαι.
3164 2594 3169 2601 ί

2067 2627 2146 2681 Θ’.
2199 2623 2532 2696 Ναζωραῖοι,
2578 2624 2628 2678 οἶ
2668 2623 2903 2696 Χριστὸν
2960 2622 3316 2695 ὁμολογοῦσιν
3372 2620 3580 2692 Ἰησοῦν

1999 2717 2125 2771 Υἱὸν
2158 2717 2317 2782 Θεοῦ,
2351 2715 2527 2770 πάντα
2555 2715 2613 2768 δὲ
2640 2717 2782 2769 κατὰ
2811 2716 2987 2787 νόμον
3006 2714 3433 2784 πολιτευόμενοι.

2070 2892 2127 2946 1'.
2169 2891 2489 2953 Ἔὸιωναῖοι,
2517 2891 2568 2944 οἰ
2611 2891 2983 2962 παραπλήσιοι
3025 2888 3132 2943 τῶν
3165 2866 3583 2962 προειρημένών

1999 2981 2377 3055 Κηρινθιανῶν
2407 2983 2502 3036 καί
2538 2982 2879 3053 Ναζωραίων
2898 2999 2914 3017 ο
2945 2977 3027 3045 οἷς
3061 2981 3307 3053 συνήςρθη
3357 2981 3497 3035 κατά
3527 2997 3581 3035 τι

317 3091 426 3146 qua
458 3093 523 3131 ex
551 3084 703 3146 parte
730 3076 1009 3130 convenit.
1069 3075 1132 3129 lli
1172 3075 1450 3130 Christum
1482 3076 1537 3130 in
1574 3077 1715 3131 ccelo
1741 3091 1898 3131 crea-

2012 3076 2164 3147 ἡτῶν
2192 3074 2490 3145 Σαμψαίων
2516 3092 2575 3128 τε
2612 3076 2705 3128 καὶ
2744 3074 3072 3128 Ἕλκεσαίων
3100 3074 3328 3146 αἵρεσις.
3360 3075 3580 3145 ΟΐΧριο

317 3177 459 3230 ῑιιηι,
510 3169 740 3237 ejusque
788 3176 1041 3222 sanctum
1090 3166 1351 3236 Spiritum
1402 3167 1689 3222 aﬂirmant.
1742 3165 1897 3224 Illum

2012 3166 2122 3220 ςτόν
2157 3184 2321 3237 φασιν
2371 3165 2652 3220 κεκτίσθαι
2691 3167 2749 3219 ἐν
2792 3164 2872 3236 τῷ
2915 3163 3149 3237 οὐρανῷ,
3194 3167 3290 3218 καὶ
3325 3165 3387 3218 τὸ
3425 3166 3579 3235 ἅγιον

318 3258 501 3328 ipsum
535 3258 589 3310 in
622 3258 889 3311 Adamum
926 3268 1047 3312 sese
1082 3257 1347 3315 infudisse
1378 3261 1582 3329 primo,
1615 3273 1680 3312 ac
1703 3258 1899 3313 deinde

2012 3255 2164 3310 κὺτοῦ
2194 3255 2439 3328 Πνεῦμα.
2485 3255 2901 3325 Ἐνδημήσαντα
2932 3254 2990 3306 δὲ
3027 3255 3118 3307 τὸν
3154 3255 3386 3326 Χριστδν
3417 3257 3475 3309 ὲν

321 3349 547 3404 exuisse
575 3358 842 3414 narrant;
877 3356 990 3404 tum
1025 3350 1262 3406 subiiSSe
1293 3351 1509 3417 denuo;
1541 3351 1704 3422 idque
1747 3366 1899 3407 com-

2013 3349 2183 3419 Ἀδὰμ
2227 3349 2463 3419 πρῶτον,
2515 3348 2608 3401 καὶ
2642 3346 2784 3400 κατὰ
2824 3344 3013 3417 καιρὸν
3059 3344 3381 3416 ἐκδυόμενον
3419 3345 3585 3402 αὑτὸν

323 3438 545 3493 modum
580 3439 797 3501 fecisse,
829 3453 955 3492 cum
985 3438 1040 3492 in
1074 3448 1248 3495 terras
1270 3455 1500 3509 corpore
1529 3439 1899 3495 circumfusus

2012 3437 2091 3490 τὸν
2133 3437 2323 3508 Ἀδὰμ.
2352 3438 2447 3492 καὶ
2479 3437 2639 3491 πάλιν
2672 3438 3013 3507 ἐνδυόμενον,
3048 3435 3109 3489 τὸ
3144 3437 3276 3489 αὐτὸ
3308 3435 3466 3490 τοῦτό
3488 3454 3582 3506 φα-

324 3527 569 3583 advenit.
602 3529 679 3584 Ac
710 3530 837 3585 licet
862 3529 1033 3584 Judaei
1071 3530 1202 3594 sint,
1235 3529 1587 3600 Evangelium
1621 3531 1901 3585 nihilomi-

324 3633 435 3673 nus
471 3620 751 3676 adhibent.
788 3621 1046 3675 Carnium
1093 3637 1246 3676 esum
1296 3622 1658 3676 detestantur.
1691 3623 1900 3692 Aquam

325 3722 429 3777 pro
461 3705 571 3763 Deo
604 3720 954 3765 venerantur.
983 3709 1262 3765 Christum
1297 3712 1349 3765 in
1382 3726 1483 3765 suo
1515 3712 1627 3776 illo,
1664 3712 1741 3765 uti
1770 3712 1903 3767 dixi-

326 3812 474 3861 mus,
519 3798 751 3854 adventu
794 3800 1068 3854 hominem
1110 3798 1353 3856 induisse
1395 3800 1606 3855 dicunt.
1660 3799 1902 3873 Denique

326 3887 489 3957 aquis
515 3903 574 3944 se
603 3890 898 3945 identidem
934 3898 1044 3945 tam
1075 3890 1255 3946 hieme
1286 3905 1448 3961 quam
1475 3899 1665 3946 aestate
1698 3894 1900 3956 lavant,

327 3979 437 4053 55
485 3983 740 4037 nimirum
799 3986 1053 4053 puritatis
1107 3983 1466 4057 conciliandae
1523 3983 1626 4038 sibi
1684 3985 1901 4054 gratia,

327 4072 781 4141 quemadmodum
819 4072 1121 4131 Samaritae.

400 4161 490 4219 XI.
534 4162 803 4218 Valentini
844 4181 1137 4235 corporum
1183 4164 1646 4223 resurrectionem
1681 4173 1903 4237 negant.

322 4250 500 4307 'Vetus
531 4251 962 4320 Testamentum,
1018 4272 1083 4310 ac
1122 4258 1419 4326 prophetas
1456 4266 1741 4329 respuunt.
1776 4256 1909 4322 Qua:

327 4341 690 4396 nihilominus
715 4344 899 4413 legunt
937 4347 1063 4415 ipsi,
1098 4355 1152 4400 et
1179 4348 1224 4400 si
1256 4349 1387 4416 quid
1417 4349 1664 4419 estquod
1688 4349 1753 4401 ad
1786 4348 1908 4402 illo-

2004 3545 2086 3583 σιν
2112 3530 2516 3584 ὲκτετελεκέναι
2545 3528 2707 3583 αὐτὸν
2737 3530 2794 3581 ὲν
2820 3530 2886 3599 τῇ
2909 3528 3159 3599 ὲνσόιρκῳ
3182 3526 3348 3582 αὑτοῦ
3378 3545 3584 3600 παρου-

2003 3621 2114 3694 σίᾳ.
2162 3622 2403 3675 Ἰουδαῖοι
2430 3621 2487 3675 δὲ
2529 3621 2682 3684 ὄντες
2709 3619 3058 3688 Εὐαγγε).ίοις
3104 3620 3415 3691 κέχρηνται.
3444 3621 3583 3694 Σαρ-

2003 3715 2272 3784 κοφαγίαν
2308 3712 2701 3783 βδελύττονται.
2739 3712 2813 3765 Τὸ
2858 3710 3003 3784 ῦδωρ
3036 3712 3158 3764 ἀντὶ
3197 3710 3332 3764 Θεοῦ
3367 3711 3583 3782 ἔχουσι’

2002 3805 2093 3858 τὸν
2121 3806 2202 3881 δὲ-
2221 3805 2457 3873 Χριστὸν
2490 3806 2775 3874 ἄνθρωπον
2819 3805 2884 3857 ἐν
2901 3806 2967 3874 τῇ
3017 3802 3269 3873 ὲνσάρκῳ
3314 3802 3584 3875 παρουσίᾳ

1990 3893 2335 3964 ἐνδεδύσθαι,
2364 3895 2440 3960 ὡς
2468 3895 2622 3967 ἔφην.
2661 3895 2907 3966 Συνεχῶς
2933 3894 2990 3947 δὲ
3022 3892 3370 3964 βαπτίζονται
3401 3896 3590 3958 ἐντοῖς

2006 3986 2162 4040 ὕδασι
2193 3986 2384 4058 θέρους
2414 4005 2472 4041 τε
2507 3987 2601 4041 καί⁸
2644 3987 2937 4059 χειμῶνος,
2982 3984 3062 4047 εἰς
3106 3983 3369 4056 ἁγνισμὸν
3404 3983 3586 4053 δῆθεν,

2005 4075 2192 4148 ὥσπερ
2220 4077 2268 4129 οἰ
2309 4077 2661 4149 Σαμαρεῖται.
3006 4076 3036 4090 ”

2073 4168 2177 4225 IA'.
2223 4168 2594 4232 Ούαλεντῖνοι,
2656 4169 2705 4223 οἳ
2752 4169 2953 4240 σαρκδς
3006 4170 3104 4240 μὲν
3150 4165 3590 4239 ἀπαγορεύουσιν

2007 4259 2324 4326 ἀνάστασιν,
2359 4259 2604 4314 Παλαιὰν
2640 4261 2915 4332 Διαθήκην
2952 4259 3201 4315 ἁθετοῦσι
3253 4261 3345 4315 καί
3374 4257 3588 4329 προφή-

2009 4365 2126 4412 τας,
2157 4349 2625 4416 ἀναγινώσκοντες
2655 4350 2752 4420 μὲν
2786 4352 2877 4403 καὶ
2912 4351 3010 4403 ὅσα
3033 4352 3112 4414 εἰς
3145 4350 3399 4420 ὁμοίωσιν
3430 4346 3590 4401 δύνα-

330 4448 454 4487 rum
503 4433 732 4489 haeresis
776 4450 871 4505 per
920 4438 1143 4506 ligurain
1184 4454 1248 4493 ac
1278 4448 1491 4509 tropum
1511 4441 1899 4496 accommodari

2012 4454 2099 4490 ται
2122 4439 2564 4510 τροπολογεῖσθαι
2589 4440 2689 4505 τῆς
2714 4439 2893 4492 αὐτῶν
2925 4440 3208 4511 αἱρέσεως,
3240 4437 3334 4492 καὶ
3366 4436 3590 4508 δεχόμε-

330 4524 524 4593 possit.
570 4525 621 4578 id
663 4526 980 4580 admittunt.
1035 4528 1139 4582 Sed
1189 4542 1370 4586 certas
1398 4533 1662 4602 quasdam
1696 4531 1907 4587 fabulas

333 4615 686 4681 addiderunt,
717 4628 770 4673 et
800 4618 1021 4688 triginta
1043 4636 1253 4674 geonum
1291 4624 1582 4693 utriusque
1617 4640 1782 4681 sexus
1811 4638 1908 4679 vo-

332 4708 529 4763 cabula
562 4708 854 4764 Commenti
887 4716 1048 4772 sunt;
1085 4725 1222 4777 quos
1253 4711 1469 4781 quidem
1493 4728 1676 4770 zeonas
1698 4715 1765 4769 ab
1788 4714 1913 4769 uni-

335 4813 621 4856 versorum
652 4808 877 4869 parente
906 4814 970 4852 ac
1001 4800 1283 4855 conditore
1302 4804 1598 4871 productos
1632 4814 1908 4870 asserunt,

335 4905 476 4961 quos
495 4898 551 4946 et
577 4890 729 4956 deos,
758 4898 812 4944 et
828 4904 1012 4944 aaunas
1038 4888 1267 4946 faciunt.
1308 4892 1530 4947 Demum
1574 4894 1849 4951 Christum
1881 4910 1912 4950 e

335 4984 480 5038 cmlo
519 4997 720 5052 corpus
767 4983 1050 5047 extulisse,
1098 4998 1163 5036 ac
1204 4982 1561 5052 per‘Mariam
1599 4988 1911 5042 traductum

336 5088 464 5129 esse
492 5073 640 5126 velut
676 5090 774 5143 per
813 5077 1064 5133 tubulum
1091 5077 1430 5132 existimant.

409 5161 527 5219 XII.
570 5162 925 5232 Secundiani,
971 5184 1276 5239 eorumque
1302 5169 1436 5224 socii
1470 5166 1802 5239 Epiphanes,
1833 5176 1918 5223 at-

339 5270 450 5328 que
487 5254 754 5317 Isidorus,
785 5259 975 5313 eadem
1028 5262 1172 5317 inter
1209 5277 1268 5317 se
1317 5262 1468 5332 paria
1524 5268 1918 5331 componentes

342 5364 468 5407 cum
516 5344 824 5402 Valentinis
869 5353 1225 5406 consentiunt
1260 5371 1274 5407 :
1311 5353 1573 5407 nonnulla
1618 5360 1801 5408 tamen
1850 5351 1925 5426 ab_

344 5442 413 5498 iis
437 5441 653 5497 diversa
679 5449 922 5510 ponunt;
970 5448 1025 5495 et
1063 5433 1130 5498 ad
1165 5446 1362 5500 findant
1390 5446 1618 5517 insuper
1640 5434 1919 5500 libidinem

346 5545 480 5588 suos
505 5532 822 5589 instituunt.
854 5524 1021 5586 Iidem
1043 5541 1097 5588 et
1123 5532 1558 5594 incarnationem
1588 5542 1809 5609 negant.

416 5708 558 5765 Xlll.
599 5705 875 5766 Ptolemaei
917 5706 1191 5764 Valentini
1218 5708 1472 5781 discipuli
1513 5712 1754 5778 fuerunt,
1798 5707 1919 5781 qui-

2009 4545 2120 4582 νοι·
2169 4531 2361 4601 ἑτέρας
2406 4530 2464 4583 δέ
2510 4546 2662 4593 τινας
2716 4529 3037 4600 μυθολογίας
3092 4512 3631 4602 παρεισφέροντες,’

2009 4620 2301 4691 τριάκοντα
2324 4619 2531 4693 αἰώνιον
2552 4621 2847 4691 ὀνομασίας
2869 4620 3118 4685 λέγοντες
3138 4618 3588 4685 ἀὸὺενοθηλειῶν,

2011 4710 2146 4782 ὁμοῦ
2176 4727 2233 4764 τε
2261 4712 2326 4763 ὲκ
2360 4711 2453 4764 τοῦ
2488 4712 2701 4783 Πατρὺς
2734 4713 2840 4765 ιιῶν
2867 4713 3005 4765 ὅλων
3043 4728 3462 4783 γεγενημενους,
3496 4708 3591 4773 οὓς

2013 4803 2106 4856 καὶ
2136 4801 2292 4865 θεοὺς
2318 4801 2578 4872 ἡγοῦνται
2611 4804 2706 4856 καὶ
2748 4802 2972 4867 αἰῶνας.
3003 4802 3107 4856 Τὸν
3140 4802 3199 4856 δὲ
3230 4801 3465 4872 Χριστὸν
3494 4801 3591 4854 ἀπ’

2014 4891 2246 4963 ούρανοῦ
2284 4892 2444 4961 σῶμα
2491 4893 2828 4963 ἐνηνοχέναι,
2861 4895 2956 4946 καὶ
2992 4892 3068 4956 ὡς
3108 4890 3198 4945 διὰ
3236 4888 3595 4963 σωλῆνοςτὴν

2014 4981 2232 5053 Μαρίαν
2267 4979 2747 5052 διαπεπερακέναι.

2089 5158 2190 5212 ΙΒ’.
2223 5157 2613 5221 Σεκουνδιανοὶ,
2650 5154 2734 5220 «ἴς
2782 5156 3109 5212 συνάπτεται
3152 5158 3453 5229 Ἐπιφάνης
3500 5159 3625 5233 καὶ,

2031 5250 2319 5321 Ἰσίδωρος,
2352 5252 2471 5312 ταῖς
2517 5250 2656 5302 αὐτα
2680 5266 2708 5312 ς
2754 5250 3082 5321 κεχρημένοι
3117 5250 3212 5304 καὶ
3250 5243 3398 5303 οὗτοι
3429 5249 3586 5316 auiu-

2019 5342 2183 5412 γίαις,
2212 5342 2280 5395 τὰ
2311 5343 2472 5413 ὅμοια
2513 5340 2848 5412 Οὐαλεντίνῳ
2889 5342 3313 5413 πεφρονηκότες,
3346 5343 3512 5412 ἕτερα
3538 5342 3595 5396 δὲ

2020 5433 2153 5505 παρ’
2189 5432 2368 5487 αὐτῶν
2397 5431 2579 5493 ποσῶς
2609 5431 2974 5502 διηγούμενοι.
3006 5432 3366 5504 Προστιθέασι
3406 5432 3464 5485 δὲ
3497 5432 3597 5502 τὴν

2021 5526 2410 5598 αἰσχρουργίαν
2464 5524 2821 5588 διδάσκοντες.
2888 5524 3317 5597 Ἀπαγορεύουσι
3379 5526 3435 5578 δὲ
3503 5526 3595 5578 καὶ

2023 5609 2169 5671 οὗτοι
2191 5615 2290 5687 τὴν
2323 5618 2615 5687 σάρκωσιν.

2093 5709 2192 5764 ll".
2224 5706 2568 5779 Πτολεμαῖοι,
2603 5705 2841 5779 μαθηταὶ
2874 5708 2967 5763 καὶ
2992 5707 3147 5762 αὐτοὶ
3175 5707 3327 5769 ὄντες
3359 5701 3594 5759 Οῦαλεν-
3624 5754 3637 5771 ,
