3968 6142
372 308 479 367 237

1797 307 1856 364 S.
1908 304 2251 363 EPIPHANH

2836 284 2859 317 ’
3495 283 3502 293 ’
3540 306 3653 364 ess

432 421 512 480 .ΙΙ.
560 420 731 493 Igitur
760 438 825 477 ex
868 421 957 475 illa
988 422 1259 477 malorum
1294 422 1606 477 daemonum
1643 419 1856 475 insania
1891 434 1955 473 ac

2128 415 2202 472 B'.
2232 407 2402 480 Οὗτος
2454 416 2551 487 μὲν
2578 412 2691 482 οὖν,
2729 416 2869 488 ἔχων
2911 414 3009 487 τὴν
3036 416 3271 479 διάνοιαν
3307 433 3651 488 πεπονηρευ-

346 514 605 595 ¹ιιιτιείςίε
636 513 853 569 artibus
891 514 1329 569 consceleratum
1372 514 1612 568 animum
1641 526 1854 584 gerens,
1886 520 1963 565 at-

374 620 480 675 que
520 605 749 659 illorum
776 605 1072 675 praestigiis
1113 605 1361 668 delusus,
1408 619 1533 661 eum
1564 603 1700 657 nihil
1738 602 1964 657 haberet

375 696 705 766 promptius,
746 712 912 767 quam
941 705 1000 751 ut
1030 698 1292 768 nequitiae
1320 712 1435 753 suae
1463 696 1963 764 veneﬁcioruinque

375 789 672 844 barbarum
728 791 1029 861 quoddam,
1074 807 1138 847 ac
1185 791 1301 847 suis
1340 791 1449 846 illis
1495 789 1816 845 auctoribus
1854 789 1963 842 dre-

370 880 631 936 monibus
664 882 887 952 dignum
942 881 1219 952 specimen
1262 882 1567 945 exhiberet,
1604 880 1660 934 in
1712 887 1960 950 apertum

372 973 664 1044 prorupit;
716 989 779 1027 ac
830 975 935 1029 sub
972 973 1272 1030 Christiani
1312 973 1554 1029 nominis
1599 974 1802 1043 specie,
1841 980 1962 1027 tan-

375 1082 539 1135 quam
574 1078 794 1121 veratro
827 1067 931 1122 mel
974 1067 1307 1134 admiscens,
1345 1067 1425 1121 sic
1458 1066 1604 1121 illius
1643 1066 1958 1136 appellatio-

374 1155 464 1211 nis
496 1157 774 1227 splendori
812 1158 970 1213 letale
998 1173 1267 1212 venenum
1307 1155 1530 1220 infudit,
1565 1156 1730 1227 idque
1762 1158 1829 1211 iis
1864 1157 1960 1211 ob-

375 1248 501 1303 tulit
539 1264 681 1318 quos
721 1247 1102 1304 fraudulenter
1150 1256 1401 1319 captatos
1442 1256 1496 1304 et
1547 1249 1772 1317 impium
1814 1248 1962 1302 hunc

376 1341 431 1393 in
463 1354 706 1394 errorem
740 1349 1043 1408 pertractos
1074 1341 1126 1394 in
1158 1340 1387 1395 exitium
1425 1340 1676 1394 adduxit.
1714 1338 1960 1408 Cumque

376 1431 430 1484 in
476 1427 742 1484 Venerem
795 1438 991 1484 natura
1034 1431 1334 1501 proclivior
1383 1441 1551 1493 esset,
1597 1444 1788 1483 eorum
1840 1444 1961 1497 quae

373 1517 735 1587 profitebatur
772 1520 1092 1589 dogmatum
1125 1518 1459 1576 verecundia
1510 1527 1821 1574 commotus
1865 1533 1959 1593 nc-

372 1610 667 1680 quissimas
710 1611 1031 1682 Opinionum
1074 1628 1248 1682 nugas
1298 1610 1590 1682 discipulis
1636 1612 1753 1666 suis
1785 1612 1959 1680 impo-

371 1710 492 1758 stor
525 1704 820 1773 persuasit.
852 1703 1069 1758 Etenim
1102 1719 1291 1773 vagam
1324 1704 1616 1773 quamdam
1662 1702 1957 1757 muliercu-

2072 510 2239 581 μένην
2264 507 2375 561 ἀπὸ
2404 507 2505 578 τῆς
2534 510 2592 562 ὲν
2619 510 2683 579 τῇ
2725 508 2928 579 μαγείᾳ
2961 506 3073 576 (30)
3099 504 3483 577 δαιμονιὼδους
3516 507 3653 562 πλά-

2065 615 2184 669 νης,
2233 598 2328 650 καὶ⁵
2367 596 2912 667 πεφαντασιωμένην,
2960 597 3250 668 πρόχειρος
3291 595 3366 650 ὢν
3411 597 3501 650 ἀεὶ⁵
3545 598 3650 669 τῆς

2068 688 2264 743 ἑαυτοῦ
2312 689 2511 753 κακίας
2556 688 2626 743 τὰ
2673 686 2982 759 βαρϐαρικὰ
3039 687 3133 741 καὶ
3187 687 3459 758 δαιμόνων
3505 690 3644 761 πρά·

2065 792 2252 847 γματα
2300 777 2387 832 διὰ
2433 778 2535 848 τῆς
2586 775 2780 831 ἑαυτοῦ
2835 776 3182 847 μαγγανείας.
3219 778 3644 841 ἐπιδείκνυσθαι,

2065 870 2350 943 παρελθὼν
2378 873 2457 927 εἰς
2493 871 2677 941 μέσον,
2706 872 2799 925 καὶ
2835 874 3184 943 προσχήματι
3223 858 3481 940 όνόματος
3507 870 3649 940 Χρι-

2065 960 2214 1023 στοῦ,
2248 960 2323 1024 ὡς
2366 960 2648 1032 ἑλλέϐορον
2690 961 2863 1032 μέλιτι
2900 959 3287 1031 παραπλέκων,
3318 957 3648 1029 δηλητήριον

2062 1054 2175 1116 τοῖς
2203 1052 2294 1105 ὑπ’
2324 1051 2489 1106 αὑτοῦ
2519 1052 2865 1123 ἀγρευθεῖσιν
2888 1054 2968 1114 εἰς
2995 1052 3096 1123 τὴν
3124 1056 3507 1121 κακομήχανοί
3546 1049 3615 1102 αὑ
3636 1078 3651 1087 -

2061 1141 2155 1194 τοῦ
2200 1142 2409 1213 πλάνην
2461 1142 2751 1214 παρενθεὶς
2800 1143 2879 1214 τῷ
2921 1141 3016 1196 τοῦ
3069 1142 3330 1213 ὀνόματος
3378 1140 3651 1211 ἀξιώματι

2062 1232 2321 1302 Χριστοῦ,
2363 1234 2592 1288 θάνατον
2632 1235 2915 1304 ἐνεποίησε
2961 1236 3074 1296 τοῖς
3115 1233 3400 1287 πεισθεῖσι.
3436 1233 3651 1301 Λάγνος

2061 1322 2116 1376 δὲ
2154 1322 2229 1376 ὣν
2264 1325 2405 1379 κατά
2436 1325 2534 1395 τὴν
2566 1324 2745 1394 φύσιν,
2780 1325 2917 1378 αἰδοῖ
2954 1328 3019 1395 τῇ
3060 1324 3167 1376 τῶν
3195 1322 3386 1376 ἑαυτοῦ
3413 1323 3651 1394 ὑποσχέ-

2064 1430 2201 1467 σεων
2237 1415 2695 1487 ὑπονυσσὸμενος,
2731 1416 3195 1488 παρεφθαρμένην
3242 1416 3498 1469 ὑπόνοιαν
3535 1418 3650 1479 τοῖς

2063 1506 2154 1558 ὑπ’
2187 1506 2351 1560 αὑτοῦ
2387 1508 2767 1578 άπατωμένοις
2799 1508 2828 1559 ὁ
2872 1507 3119 1579 ἀγύρτης
3159 1509 3629 1578 παρενεποιὴσατο

2061 1595 2298 1650 Γυναῖκα
2332 1596 2442 1669 γάρ
2475 1614 2598 1650 τινα
2637 1596 2812 1668 ἐαυτῷ
2853 1598 3153 1669 εὑράμενος
3186 1598 3454 1670 ρεμϐάδα,
3498 1598 3652 1650 Ἑλιὲ⁴

2062 1705 2162 1760 νην
2188 1687 2427 1759 τοῦνομα
2455 1689 2590 1760 (51),
2620 1688 2727 1743 ἀπὸ
2760 1690 2860 1759 τῆς
2895 1690 3109 1760 Τυρίων
3143 1684 3493 1761 ὁρμωμένην,
3519 1688 3654 1755 ἄγει-

375 1793 505 1854 lam,
542 1791 763 1846 nomine
799 1790 1084 1855 Helenam,
1119 1801 1335 1853 nactus,
1369 1793 1544 1861 patria
1576 1791 1816 1863 Tyriam,
1851 1790 1956 1845 sibi

2064 1797 2175 1842 ται,
2231 1780 2304 1852 μὴ
2337 1780 2652 1849 ὑποφαίνων
2701 1780 2997 1850 συνάφειαν
3049 1779 3192 1851 ἔχειν
3239 1780 3374 1849 πρὸς
3421 1779 3649 1851 ταύτην.

373 1899 493 1937 eam
523 1884 764 1952 copulat,
791 1899 1028 1953 quacum
1068 1884 1245 1953 palam
1280 1885 1485 1938 nullam
1512 1883 1714 1938 habere
1742 1898 1802 1938 se
1829 1898 1961 1937 cou-

376 1972 725 2026 suetudinem
754 1972 1043 2034 simulans,
1089 1972 1252 2026 homo
1278 1972 1429 2028 vafer
1461 1973 1602 2026 clam
1629 1974 1776 2027 omni
1810 1988 1870 2029 se
1904 1973 1958 2028 in

381 2059 670 2115 libidinum
716 2077 916 2133 genere
960 2062 1276 2128 volutabat;
1325 2069 1489 2132 atque
1529 2064 1692 2117 etiam
1728 2063 1959 2119 ridicula

378 2152 447 2206 de
478 2165 541 2205 ea
573 2166 631 2207 re
663 2152 843 2206 fabula
883 2152 1189 2222 discipulos
1224 2155 1480 2224 aspersit.
1522 2153 1592 2209 Sc
1624 2156 1768 2209 enim
1812 2170 1963 2210 sum"

379 2256 522 2293 mam
560 2255 699 2302 esse.
722 2241 818 2296 Dei
861 2243 1006 2307 vim;
1043 2252 1286 2297 scortum
1333 2258 1462 2299 vero
1494 2261 1655 2299 suum
1695 2244 1958 2315 Spiritum

371 2347 500 2388 esse
541 2343 790 2387 sanctum
822 2332 1092 2389 afﬁrmare
1131 2351 1303 2391 ausus
1345 2344 1452 2403 est,
1489 2338 1648 2405 cu,’us
1694 2339 1867 2408 gratia
1894 2338 1961 2391 de

372 2426 516 2481 coelo
558 2425 934 2482 descenderat.
984 2427 1089 2482 Sed
1143 2429 1196 2481 in
1256 2445 1589 2500 unoquoque
1639 2432 1779 2483 cudo
1836 2446 1961 2499 pro-

373 2517 573 2587 priam,
621 2517 823 2580 aiebat,
856 2519 976 2586 ejus
1027 2520 1153 2573 coeli
1188 2519 1417 2573 formam
1445 2521 1620 2584 indui,
1656 2536 1765 2589 quo
1809 2536 1960 2575 meos

376 2607 602 2678 angelos
636 2608 805 2663 latere
838 2624 1079 2677 possem,
1102 2617 1155 2664 et
1181 2610 1249 2662 ad
1273 2626 1448 2663 meam
1482 2610 1629 2662 illam
1658 2610 1963 2680 intelligen-

379 2701 512 2753 tiam
546 2698 963 2763 descendcrcm,
997 2700 1102 2755 hoc
1137 2709 1222 2756 est
1251 2700 1510 2756 Helenam
1550 2702 1733 2766 istam,
1761 2717 1881 2773 qua:
1910 2711 1963 2757 et

379 2789 675 2856 Prunicus,
705 2799 760 2847 et
789 2790 1028 2862 Spiritus
1056 2803 1281 2849 sanctus
1310 2795 1648 2864 appellatur;
1680 2811 1777 2866 per
1797 2811 1960 2866 quam

373 2885 600 2955 angelos
635 2884 858 2951 crcavi;
912 2884 1091 2953 angeli
1134 2899 1298 2954 porro
1334 2884 1620 2949 mundum,
1659 2894 1821 2955 atque
1865 2887 1961 2939 ho-

372 2977 549 3032 mines
585 2976 973 3031 condiderunl.
1022 2975 1279 3031 Eamdem
1316 2991 1439 3031 esse
1471 2978 1831 3032 conﬁrmabat
1860 2967 1973 3033 lle;

374 3069 575 3131 lenam,
602 3068 764 3136 cujus
790 3077 963 3123 causa
977 3068 1176 3121 bellum
1198 3066 1418 3123 Graecos
1445 3068 1585 3121 inter
1604 3084 1667 3123 ac
1690 3067 1960 3139 Trojanos

371 3156 603 3211 exarsit.
653 3156 734 3210 Ad
786 3156 903 3213 haec
950 3157 1188 3211 fabulam
1236 3157 1527 3228 adjiciebat
1573 3178 1586 3212 :
1636 3142 1843 3228 lapsam
1892 3162 1959 3217 de

381 3244 523 3299 rwlo
546 3243 654 3296 vim
691 3242 838 3297 illam
870 3245 1222 3313 semetipsam
1249 3243 1663 3310 dissimulasse;
1694 3246 1869 3314 deque
1893 3261 1958 3299 co

376 3347 567 3406 poetas
609 3335 837 3405 figurate
876 3336 1097 3391 locutus
1142 3352 1282 3392 esse.
1323 3335 1448 3391 Haec
1484 3337 1628 3392 enim
1661 3337 1733 3391 ob
1768 3353 1958 3407 supre-

373 3440 519 3479 mam
563 3424 711 3478 illam
757 3426 865 3478 vim
910 3425 1179 3480 accidisse
1213 3427 1371 3493 bella,
1406 3443 1529 3496 quae
1577 3428 1644 3481 ab
1685 3427 1957 3481 haereticis

374 3516 498 3569 aliis
524 3515 785 3582 Bai-hero,
822 3518 937 3572 sive
967 3516 1194 3572 Barbelo
1223 3517 1426 3572 dicitur
1460 3539 1473 3573 :
1502 3537 1621 3590 quae
1653 3535 1775 3573 cum
1802 3534 1955 3573 suam

374 3607 453 3661 illi
497 3607 965 3678 pulchritudinem
1007 3609 1360 3674 ostendisset,
1416 3610 1501 3664 sui
1553 3612 1700 3678 ipsos
1753 3610 1958 3665 amoris

377 3700 618 3754 stimulis
666 3699 963 3767 incitasse;
1020 3702 1267 3770 adeoque
1311 3702 1378 3758 ad
1428 3718 1523 3758 eos
1567 3702 1958 3772 depraedandus

373 3790 480 3864 57
510 3792 805 3863 principes,
858 3794 950 3863 qui
984 3795 1250 3847 mundum
1303 3793 1682 3858 condiderant,
1729 3795 1955 3849 missam

373 3882 476 3937 hos
524 3882 670 3952 ipsos
710 3883 932 3954 angelos
969 3893 1211 3937 mutuam
1252 3882 1319 3937 ad
1363 3898 1599 3954 pugnam
1643 3884 1953 3939 excitasse:

372 3990 497 4030 cum
526 3975 744 4030 interim
780 3976 916 4029 nihil
953 3975 1044 4029 illa
1076 3976 1203 4029 mali
1233 3992 1395 4046 passa
1424 3976 1623 4044 injecta
1654 3973 1959 4030 vehementi

374 4067 459 4120 sui
498 4066 800 4135 cepiditate
843 4065 1151 4137 perfecerit,
1189 4076 1247 4120 ut
1298 4082 1356 4122 se
1400 4067 1635 4121 invicem
1683 4066 1959 4120 interfice-

376 4163 516 4209 rent.
559 4153 691 4208 Eam
737 4157 936 4226 quippe
984 4157 1429 4228 detinebant,_ne
1473 4172 1691 4211 sursum
1741 4157 1959 4210 evolare

376 4253 597 4313 posset;
642 4246 873 4314 ideoque
903 4262 1027 4299 cum
1061 4263 1125 4301 ea
1177 4248 1378 4317 singuli
1412 4248 1465 4300 in
1508 4247 1659 4301 varia
1690 4246 1959 4301 transfor-

377 4345 562 4389 mante
584 4352 643 4390 se
665 4338 954 4390 mulierum
981 4353 1044 4391 ac
1068 4337 1394 4392 feminarum
1420 4354 1652 4406 corpora
1682 4342 1958 4408 congressi

2075 1871 2164 1923 Ἑν
2208 1868 2546 1941 παραϐύστῳ
2593 1868 2651 1922 δὲ
2710 1870 3028 1942 αἰσχρότητι
3076 1869 3652 1941 συμπεριπλεκόμενος

2061 1958 2140 2031 τῷ
2183 1960 2388 2031 γυναίῳ
2419 1960 2447 2011 ό
2497 1960 2652 2030 γόης,
2692 1962 2815 2016 τινὰ
2869 1961 3089 2035 μυθώδη
3130 1962 3484 2033 ψυχαγωγίαν
3537 1966 3655 2026 τοῖς

2061 2051 2256 2106 ἑαυτοῦ
2290 2052 2558 2123 μαθηταῖς
2590 2055 2874 2124 ὑφηγεῖτο,
2906 2053 3066 2124 δῆθεν
3100 2056 3290 2109 ἑαυτὸν
3324 2051 3465 2109 εἷναι
3489 2053 3654 2111 δύνα-

2065 2161 2155 2214 μιν
2183 2143 2317 2196 Θεοῦ
2365 2144 2537 2213 λέγων
2568 2144 2664 2216 τὴν
2700 2144 2943 2216 μεγάλην
2966 2163 2977 2175 ·
3009 2145 3109 2215 τὴν
3142 2145 3197 2199 δὲ
3234 2144 3465 2214 σύζυγον
3512 2160 3651 2217 πορο

2060 2237 2192 2290 νάδα
2226 2236 2453 2307 Πνεῦμα
2499 2236 2652 2306 ἔιγιον
2689 2227 2841 2292 εἶναι’
2871 2238 3171 2309 τετόλμηκε
3203 2238 3400 2307 λέγειν,
3434 2241 3529 2295 καὶ
3558 2241 3651 2295 διά

2060 2327 2264 2397 ταύτην
2295 2325 2717 2397 κατεληλυθέναι
2754 2326 2937 2397 φησίν.
2982 2326 3072 2379 Ἐν
3109 2326 3324 2397 ἑκάστῳ
3351 2326 3408 2380 δὲ
3434 2325 3650 2399 οὐρανῷ

2066 2417 2551 2489 μετεμορφούμην,
2610 2418 2763 2489 φησι,
2817 2418 2959 2471 κατά
3007 2418 3105 2487 τὴν
3164 2418 3375 2489 μορφὴν
3416 2418 3524 2471 τῶν
3591 2419 3652 2470 ὲν

2062 2510 2278 2580 ἑκάστῳ
2322 2509 2558 2580 οὐρανῷ,
2592 2510 2678 2563 ἵνα
2717 2510 2863 2563 λάθω
2896 2509 2995 2574 τὰς
3028 2508 3325 2578 ἀγγελικάς
3358 2527 3458 2581 μου
3492 2509 3652 2563 δυνά-

2066 2599 2330 2673 μειςηκαί
2361 2599 2607 2653 κατέλθω
2636 2601 2730 2655 ἐπὶ
2761 2601 2860 2673 τὴν
2891 2600 3122 2665 ἔννοιαν,
3154 2601 3275 2672 ἥτις
3307 2602 3452 2655 ἐστὶν
3485 2600 3649 2671 αῦτη,

2063 2690 2096 2759 ἡ
2123 2689 2219 2743 καὶ
2248 2689 2548 2760 Προύνικος
2575 2690 2707 2762 ('52),
2757 2694 2851 2746 καὶ
2879 2693 3104 2766 Πνεῦμα
3131 2695 3285 2762 ἀγιον
3315 2693 3649 2764 καλουμένη,

2061 2779 2128 2833 δι’
2189 2774 2259 2852 ἧς
2306 2783 2434 2847 τοὺς
2482 2783 2748 2853 ἀγγέλους
2793 2783 3021 2839 ἕκτισα·
3076 2788 3125 2840 οἱ
3171 2786 3227 2840 δὲ
3288 2785 3509 2855 ἄγγελοι
3556 2785 3651 2839 τὸν

2062 2871 2266 2943 κόσμον
2302 2873 2546 2943 ἔκτισαν,
2572 2874 2667 2929 καὶ
2711 2877 2838 2939 τοὺς
2870 2872 3211 2949 ἀνθρώπους.
3248 2873 3402 2930 Εἶναι
3429 2876 3487 2930 δὲ
3516 2874 3655 2930 ταύ-

2062 2981 2161 3036 την
2206 2965 2304 3037 τὴν
2350 2967 2569 3038 Ἑλένην
2615 2967 2714 3039 τὴν
2772 2967 2962 3032 πάλαι,
3011 2969 3170 3040 δι’ἢν
3219 2970 3267 3022 οῖ
3316 2969 3500 3040 Τρῶες
3556 2970 3655 3023 καὶ

2044 3058 2326 3131 ,Ἕλληνες
2381 3062 2459 3125 εἰς
2511 3062 2693 3133 μάχην
2743 3059 2928 3136 ἦλθον.
2974 3064 3168 3133 Ἔλεγε
3214 3063 3273 3116 δὲ
3318 3063 3484 3134 μῦθόν
3527 3080 3655 3117 τινα

2064 3151 2141 3213 είς
2174 3149 2367 3217 ταῦτα,
2415 3149 2496 3205 ὅτί
2536 3152 2741 3207 ἄνωθεν
2782 3156 2816 3224 ἡ
2862 3154 3093 3226 δύναμις
3146 3153 3412 3208 κατιοῦσα
3450 3155 3652 3225 ἑαυτὴν

2064 3228 2435 3312 μετεμόρςρου.
2481 3244 2882 3317 Ἀλληγορικῶς
2910 3246 2967 3300 δὲ
3015 3249 3063 3300 οἱ
3105 3245 3332 3317 ποιηταὶ
3375 3246 3502 3315 περ).
3529 3246 3653 3299 τού-

2059 3349 2153 3385 του
2183 3333 2413 3403 ἔφασαν.
2447 3335 2547 3390 Διὰ
2581 3337 2689 3408 γάρ
2716 3337 2922 3391 ἄνωθεν
2948 3337 3205 3408 δύναμιν,
3250 3338 3316 3409 ἧν
3351 3337 3653 3409 Προύνικόν

2061 3444 2244 3495 φασιν,
2271 3429 2393 3499 ἥτις
2426 3429 2560 3501 παρ’
2579 3430 2767 3494 ἄλλαις
2798 3429 3046 3500 αἱρέσεσι
3075 3427 3347 3501 Βαρϐηρὼ
3376 3429 3494 3500 ἦτοι
3516 3430 3655 3498 Bap

2060 3518 2208 3588 ϐηλὼ
2240 3519 2349 3591 (55)
2399 3520 2670 3585 καλεῖται,
2715 3521 2776 3573 τὸ
2822 3521 3017 3584 κάλλος
3058 3520 3230 3590 αὑτῆς
3277 3522 3652 3592 ἐμφαίνουσαν

2058 3609 2138 3671 εἰς
2168 3594 2382 3679 οἶστρον
2414 3608 2623 3674 ἄξασαν
2648 3610 2863 3674 αὑτοὺς,
2889 3611 2982 3663 καὶ
3005 3609 3094 3661 διὰ
3121 3607 3275 3662 τοῦτο
3302 3608 3652 3679 πεμφθεῖσαν

2059 3699 2138 3760 εἰς
2173 3698 2517 3767 συλαγωγίαν
2557 3699 2613 3769 (5
2626 3699 2670 3770 ί)
2710 3698 2816 3751 τῶν
2848 3698 3123 3769 ἀρχόντων
3173 3698 3281 3752 τῶν
3321 3698 3413 3752 τὸν
3438 3697 3647 3769 κόσμον

2058 3791 2245 3843 τοῦτον
2298 3793 2618 3846 κτισάντων.
2665 3792 2775 3845 Καὶ
2824 3794 2949 3856 τοὺς
2999 3793 3197 3855 αὐτοὺς
3249 3790 3515 3860 ἀγγέλους
3567 3793 3652 3855 είς

2060 3879 2293 3950 πόλεμον
2331 3880 2397 3934 δι’
2441 3881 2611 3953 αὑτὴν
2674 3882 2861 3953 ἥκειν·
2921 3883 3093 3955 αὑτὴν
3135 3883 3193 3936 δὲ
3241 3882 3407 3954 μηδὲν
3446 3900 3650 3938 πεπον-

2060 3971 2240 4036 θέναι,
2290 3972 2703 4043 ἀλληλοκτονίας
2755 3974 2813 4027 δὲ
2862 3975 3059 4039 αὑτοὺς
3116 3976 3197 4038 είς
3253 3976 3481 4036 ἑαυτοὺς
3556 3979 3647 4046 ἐρ-

2059 4062 2329 4132 γάσασθαι
2375 4065 2811 4137 παρασκευάσαι,
2856 4065 2922 4118 δι’
2949 4065 3016 4137 ἢν
3050 4064 3305 4119 ἐνέϐαλεν
3338 4070 3419 4130 εἰς
3445 4068 3648 4131 αὑτοὺς

2061 4155 2196 4227 πρὸς
2238 4156 2437 4227 ἑαυτὴν
2480 4156 2800 4226 ἐπιθυμίαν.
2847 4157 2958 4210 Καὶ
2992 4156 3311 4229 συνέχοντες
3359 4159 3532 4232 αὑτὴν
3552 4161 3647 4214 τοῦ

2064 4246 2138 4318 μὴ
2178 4246 2289 4301 ἄνω
2319 4247 2573 4302 δύνασθαι
2615 4249 2846 4313 ἀνιέναι,
2883 4250 3192 4319 συνεγίνετο
3235 4251 3374 4322 αὐτῇ
3416 4252 3649 4317 ἕκαστος

2061 4338 2118 4392 ἐν
2148 4339 2361 4410 ἑκάστῳ
2395 4339 2609 4412 σώματι
2637 4342 2955 4409 γυναικείας
2993 4342 3086 4396 καὶ⁸
3112 4341 3354 4415 θηλυκῆς
3386 4343 3646 4415 σχέσεως,

378 4434 526 4482 sunt.
554 4426 630 4480 Ex
663 4426 770 4480 illis
796 4442 960 4496 porro
987 4427 1044 4481 in
1082 4428 1298 4482 diversa
1328 4440 1436 4483 tam
1460 4430 1765 4492 hominum,
1795 4446 1955 4498 quam

2070 4431 2535 4502 μεταγγιζομένης
2579 4434 2752 4504 αὑτῆς
2796 4434 2905 4487 ἀπὸ
2940 4436 3210 4506 σωμάτων
3260 4435 3513 4506 θηλυκῶν
3568 4440 3651 4501 εἰς

378 4517 686 4590 pecudum,
732 4518 1075 4587 aliorumque
1120 4535 1354 4588 corpora
1399 4520 1709 4587 transibat;
1758 4529 1815 4573 ut
1867 4537 1962 4591 per

291 4654 303 4664 .
378 4618 599 4667 mutuas
628 4610 750 4665 illas
786 4610 1240 4680 promiscuasque
1283 4610 1456 4667 caedes
1484 4611 1655 4666 effuso
1697 4601 1961 4681 sanguine

377 4705 702 4773 semetipsos
750 4701 1093 4767 minuerent;
1137 4700 1366 4770 ipsaque
1391 4701 1617 4757 collecta
1654 4702 1699 4755 vi
1741 4719 1959 4759 rursum

378 4795 436 4852 in
471 4795 665 4851 cwlum
697 4800 882 4865 posset
925 4791 1316 4847 conscendere.

453 5157 567 5229 (30)
617 5158 752 5212 Ἀπὸ
797 5158 908 5229 τῆς
944 5155 1409 5229 ἐν’τῇᾲματείᾳ.
1471 5154 1611 5210 Hinc
1657 5156 1958 5215 Simoniani

382 5227 575 5287 omnes
603 5231 765 5296 magi.
813 5227 1084 5283 lrenaeus:
1123 5227 1195 5280 Et
1223 5242 1546 5297 quamion
1574 5236 1697 5298 sunt
1731 5229 1839 5282 alia
1865 5247 1960 5298 pa-

290 5327 295 5333 ~
384 5314 560 5366 rerga.
606 5295 746 5361 apud
782 5314 871 5350 eos
914 5299 1150 5352 studiose
1184 5295 1516 5351 exercentur.
1564 5295 1957 5367 Corrigendum

384 5369 655 5437 perierga:
699 5373 756 5437 ut
786 5368 907 5418 Aet.
938 5381 1051 5437 xiii,
1080 5368 1167 5429 l9,
1214 5367 1318 5431 Qui
1336 5376 1487 5421 erant
1513 5367 1725 5420 curiosa
1751 5372 1956 5424 sectati.

457 5435 569 5508 (5”
603 5436 888 5508 Ἑλένην-
905 5435 1186 5508 agnum“
1244 5436 1492 5508 Selenem
1524 5438 1867 5508 vocaiit_alii,
1900 5449 1958 5494 ut

386 5503 524 5563 lre'n.
549 5503 599 5560 l.
636 5524 674 5570 ι,
708 5520 830 5577 cap.
860 5503 1229 5574 20,Cyrillus,
1256 5507 1392 5577 Aug.
1425 5515 1480 5561 et
1512 5506 1622 5574 alii.
1653 5504 1787 5562 Vide
1807 5507 1953 5565 Tert-

384 5578 422 5633 I.
462 5577 534 5631 De
555 5594 643 5631 an.
669 5593 719 5631 ρ.
750 5576 838 5630 5d.

459 5647 571 5716 (52)
616 5647 684 5702 '11
709 5646 807 5701 καὶ
835 5644 1179 5713 ligandi-meq.
1217 5643 1397 5699 Dicam
1430 5646 1494 5700 de
1519 5660 1577 5698 ea
1613 5662 1743 5702 voce
1776 5649 1839 5705 ad
1862 5649 1956 5707 Ni-

387 5716 709 5776 colaitarum
740 5716 1006 5771 hasrcsim.

2067 4519 2291 4590 σώματα
2323 4523 2554 4594 διάφορα
2598 4524 2948 4597 ἀνθρωπίνης
2982 4526 3201 4594 φύσεώς
3228 4544 3287 4580 τε
3310 4528 3405 4582 καὶ
3433 4529 3648 4595 κτηνῶν

2065 4613 2161 4664 καὶ
2188 4612 2382 4678 ἄλλων,
2414 4614 2497 4667 ἴνα
2518 4615 2584 4668 δι’
2611 4609 2686 4669 ὧν
2712 4617 2867 4675 αὑτοὶ
2905 4619 3230 4691 ἐργάζονται
3260 4619 3565 4686 κτείνοντές
3587 4640 3648 4676 τε

2065 4701 2158 4753 καί
2186 4702 2538 4773 κτεινόμενοι,
2565 4706 2790 4777 μείωσιν
2821 4708 3030 4762 ἑαυτῶν
3057 4709 3146 4763 διὰ
3165 4710 3264 4780 τῆς
3288 4710 3385 4764 τοῦ
3412 4711 3648 4783 αἵματος

2064 4793 2409 4862 προσχύσεως
2456 4797 2826 4867 ἐργάζωνται·
2862 4795 2980 4852 εἶτα
3031 4800 3236 4871 ἐκείνη,
3272 4801 3370 4872 τὴν
3415 4802 3646 4874 δύναμιν

2065 4884 2424 4960 συλλεγομένη
2463 4890 2646 4958 πάλιν,
2681 4888 2839 4955 αὖθις
2869 4895 2950 4955 εἰς
2985 4893 3215 4965 οὐρανὸν
3247 4894 3519 4966 ἀναϐῆναι
3551 4897 3641 4950 δυ-

2061 4974 2216 5046 νηθῇ.

2136 5175 2247 5245 (55)
2286 5177 2566 5244 Βαρϐηρὼ
2597 5177 2727 5246 ἤτοι
2755 5180 3060 5249 Βαρὸιμώ.
3106 5180 3334 5253 Syriaca
3375 5202 3479 5240 vox
3520 5202 3645 5243 esse

2062 5262 2273 5346 videtur
2304 5264 2529 5346 Barbelo
2555 5253 2704 5333 N537:
2719 5272 2984 5346 3;,1ilius
3002 5272 3240 5346 B_:_ibalis,
3271 5276 3322 5330 id
3354 5284 3437 5332 est
3464 5276 3640 5334 levis.

2061 5331 2132 5416 lit
2163 5336 2306 5416 enim
2333 5334 2569 5393 Verbum
2602 5331 2787 5416 aeterni
2806 5331 3007 5416 Patris
3029 5343 3202 5416 Filius
3230 5331 3245 5399 Ξ
3289 5349 3370 5400 sic
3390 5331 3641 5416 impurus

2058 5404 2162 5459 iste
2222 5404 2427 5460 ἔννοιαν
2486 5423 2662 5472 suam,
2706 5409 2809 5464 hoc
2838 5404 2923 5465 est
2952 5412 3210 5468 Helenam
3250 5416 3424 5470 videri
3464 5404 3639 5473 voluit

2059 5474 2204 5528 velut
2224 5475 2400 5548 fetum
2428 5477 2715 5548 quemdam
2747 5495 2868 5535 esse
2893 5496 3087 5548 suum;
3125 5495 3183 5537 ut
3210 5483 3465 5544 Justinus
3507 5505 3632 5542 nar-

2058 5544 2397 5626 rathhv-‘t'in’
2424 5544 2571 5626 αὐτῷ
2598 5546 2803 5626 ἔννοιαν
2832 5544 3401 5626 πρώτηνῃίγενομὲνηιῖ.

2094 5681 2105 5692 .
2128 5612 2249 5682 (διγ
2271 5616 2374 5680 Εἰς
2393 5612 2813 5693 συλίὶγῳγίαν.-
2852 5612 2928 5674 lla
2958 5612 3023 5677 ei
3058 5612 3189 5693 Heg.
3214 5612 3348 5681 Icod.‘
3380 5626 3640 5684 emenda-

2059 5688 2234 5738 vimus
2266 5698 2448 5754 proco
2474 5688 2617 5755 quod
2649 5697 2762 5743 crat
2788 5688 3166 5762 ψυχαγωγὲχνῖ
