3968 6136
347 313 449 378 30!

954 319 1325 378 ADVERSUS
1364 318 1712 376 IIA‘ZRESES
1750 318 1879 376 LIB.
1921 319 1961 374 I.
2016 317 2184 375 ΤΟΜ.
2229 317 2292 373 II.
2335 348 2401 360 --
2443 318 2718 399 II£RES.
2759 318 2952 375 XXIII.

3518 317 3626 376 50:!

349 435 492 489 τανᾶ
524 430 793 504 ὑπάρχειν
841 430 991 501 λέγει
1020 447 1035 461 ο
1085 400 1208 486 ὅθεν
1260 433 1352 486 καὶ
1402 431 1452 484 οἱ
1490 428 1709 495 πλείους
1756 429 1938 484 αὐτῶν

2053 445 2160 485 rem
2183 429 2427 503 plerique
2462 445 2525 487 ex
2574 431 2767 489 horum
2789 433 3078 504 disciplina
3096 434 3349 491 animatis
3368 438 3627 494 omnibus

349 525 614 597 ἐμιῖιύχων
656 525 979 595 ἀπέχονται.
1010 525 1160 589 ὅπως
1191 524 1280 579 διὰ
1320 526 1422 596 τῆς
1448 524 1824 595 προσποιητῆς
1850 524 1945 595 δῆ-

346 617 443 671 θεν
467 615 745 680 πολιτείας
773 614 956 669 αὐτῶν
992 633 1146 680 τινας
1171 616 1560 684 ἐπαγάγωνται
1598 615 1679 678 εἰς
1715 615 1814 686 τὴν
1843 616 1944 669 αὖ·

347 708 460 761 τῶν
487 707 729 779 ἀπάτην.
767 706 881 771 Τὰς
907 707 965 760 δὲ
990 707 1330 781 προφητείας
1357 707 1557 777 φάσκει
1588 708 1617 761 ό
1640 706 1804 770 αὐτὸς
1832 707 1943 760 πάο

348 796 433 850 λιν
479 797 647 867 γόης,
698 794 799 860 τὰς
853 796 952 867 μὲν
1000 795 1109 849 ὑπὸ
1153 795 1262 849 τῶν
1316 795 1663 867 κοσμοποιῶν
1692 797 1943 865 ἀγγέλων

349 885 858 959 πεπροερητεῦσθαι.
882 886 981 950 τὰς
994 886 1053 939 δὲ
1073 886 1180 940 ὑπὸ
1197 885 1293 940 τοῦ
1321 886 1535 941 Σατανᾶ
1548 904 1563 918 ο
1587 887 1680 941 καὶ
1700 887 1861 941 αὑτὸν
1884 887 1944 940 δὲ

347 980 443 1032 τὸν
458 980 706 1033 Σατανᾶν
715 978 945 1048 ἄγγελον
961 980 1159 1048 φάσκει
1178 979 1615 1051 ἀντιπράττοντα
1631 981 1741 1044 τοῖς
1753 996 1946 1050 κοσμο-

350 1074 528 1137 ποιοῖς
565 1071 853 1140 ἀγγέλοις,
899 1071 1131 1142 μάλιστα
1162 1071 1222 1126 δὲ
1257 1071 1486 1143 τῷ.Θεῷ
1517 1071 1626 1126 τῶν
1653 1072 1941 1128 Ἰουδαίων.

423 1168 501 1220 Γ¹.
529 1167 703 1220 Ὅταν
749 1165 807 1218 δὲ
837 1165 1008 1220 ταῦτα
1053 1165 1239 1240 φάσκῃ
1285 1167 1313 1218 ό
1365 1165 1682 1237 κτηνώδης,
1724 1166 1945 1230 πάντως

349 1274 458 1310 που
486 1258 581 1311 καὶ
614 1257 778 1321 αὐτὸς
805 1256 1148 1329 δειχθήσεται
1189 1257 1288 1312 ἕνα
1329 1257 1463 1311 Θεὸν
1489 1257 1774 1330 ὁμολογῶν
1794 1299 1809 1321 ,
1852 1258 1945 1311 καὶ

345 1351 445 1404 ἐπὶ
477 1350 608 1422 μίαν
641 1349 872 1421 ἑνότητα
904 1351 1203 1423 μοναρχίας
1241 1351 1461 1419 ἀνάγων
1487 1351 1551 1404 τὸ
1583 1350 1807 1405 nimi)!
1834 1348 1945 1419 γὰρ

342 1445 398 1496 οἱ
427 1441 650 1510 ἄγγελοι
682 1442 1050 1513 πεποιήκασιν
1074 1483 1089 1507 ,
1131 1442 1350 1511 ἄγγελοι
1404 1442 1461 1496 δὲ
1507 1442 1666 1497 πάλιν
1700 1441 1809 1495 ἀπὸ
1844 1441 1946 1511 τῆς

347 1531 559 1586 ἄνωθεν
591 1532 874 1602 δυνάμεως
902 1531 965 1585 τὸ
996 1531 1168 1586 αἴτιον
1193 1532 1463 1603 ἐσχήκασι
1494 1530 1588 1586 τοῦ
1622 1527 1797 1584 εἶναι’
1835 1531 1943 1602 ἄρα

342 1625 449 1677 οὐκ
484 1623 641 1677 αὐτοὶ
670 1624 834 1677 αἴτιοι
864 1623 957 1676 τοῦ
986 1623 1303 1695 πλάσματος
1330 1623 1427 1677 τοῦ
1460 1622 1749 1695 ἀνθρώπου
1767 1662 1781 1681 .
1823 1621 1937 1674 ἀλλ’
1971 1590 2015 1645 Β

342 1717 381 1786 ἡ
412 1715 622 1769 ἀνωθεν
649 1713 933 1786 δύναμιςή
973 1715 1101 1779 τοὺς
1134 1715 1401 1786 ἀγγέλους
1431 1716 1704 1787 ποιήσασα
1731 1755 1745 1778 ,
1775 1714 1834 1782 ἐξ
1864 1707 1941 1768 ὧν

345 1807 448 1862 καὶ
479 1808 514 1879 ή
545 1806 741 1870 πλάσις
772 1807 866 1860 τοῦ
899 1802 1191 1879 ἀνθρώπου
1223 1807 1543 1879 συνέστηκε.
1569 1807 1680 1861 Καὶ
1707 1807 1815 1879 γὰρ
1842 1807 1942 1860 οὐκ

346 1896 526 1952 αἴτιον
545 1897 609 1951 τὸ
636 1899 916 1969 ἐργαλεῖον
944 1899 1053 1952 τῶν
1079 1899 1170 1953 ὑπ’
1196 1899 1363 1953 αὑτοῦ
1396 1898 1728 1970 γενομένων,
1753 1899 1867 1952 ἀλλ’
1903 1900 1932 1952 ό

346 1988 593 2061 ἐνεργῶν
645 1989 707 2043 τὺ
736 1988 1018 2061 ἐνέργημα
1048 1989 1141 2045 διὰ
1194 1988 1289 2043 τοῦ
1319 1988 1605 2061 ἐργαλείου
1631 2028 1647 2050 ,
1692 1988 1759 2043 δι’
1793 1984 1854 2043 οὗ
1883 1988 1944 2042 τὸ

346 2082 514 2151 ἔργον
540 2080 752 2149 γίνεται
771 2120 787 2145 ,
819 2081 896 2145 ὡς
936 2081 1032 2135 καὶ
1055 2081 1367 2152 γέγραπται
1388 2098 1402 2113 ο
1435 2080 1534 2149 Μὴ
1565 2078 1945 2148 δοξασθήσεο

344 2187 444 2224 ται
503 2172 696 2240 πρίων
740 2170 887 2226 ἄνευ
936 2171 1045 2226 τοῦ
1095 2171 1384 2237 ἕλκοντος
1456 2173 1680 2234 utitor;
1733 2171 1826 2224 καὶ
1876 2170 1946 2223 τὰ

345 2262 501 2332 ἑῆς.
559 2260 719 2317 Οὕτω
764 2261 822 2316 δὲ
876 2262 1137 2335 ὁρῶμεν,
1201 2262 1284 2317 ὅτι
1329 2261 1452 2316 οὔτε
1506 2261 1751 2333 μάχαιρα
1794 2261 1944 2315 αἰτία

346 2354 550 2422 φόνου,
594 2353 710 2408 ἀλλ’
736 2355 768 2408 ό
808 2356 875 2426 τῇ
928 2353 1173 2428 μαχαίρᾳ
1205 2353 1297 2408 τὸν
1351 2354 1511 2424 φόνον
1562 2354 1941 2425 ἐπιχειρήσας.

346 2447 467 2500 Καὶ
489 2446 552 2499 οὐ
581 2446 643 2500 τὺ
671 2430 1105 2518 κηροπλαστείον
1143 2446 1367 2501 δύναται
1419 2446 1485 2499 δι’
1532 2445 1730 2500 ἑαυτοῦ
1771 2448 1946 2498 ποιεῖν

345 2538 423 2592 τὰ
461 2537 836 2610 πλασσόμενα,
863 2539 980 2593 ἀλλ’
1004 2541 1034 2593 ὁ
1055 2539 1116 2593 τὸ
1140 2538 1566 2612 κηροπλαστεὶον
1592 2538 1685 2591 καὶ
1709 2536 1772 2591 τὸ
1809 2537 1945 2590 πλά-

226 2668 240 2681 .
349 2645 472 2701 σμα
522 2630 922 2702 ἐργασάμενος.
965 2629 1178 2685 Οὐκοῦν
1223 2628 1350 2684 οὔτε
1400 2631 1450 2684 οί
1488 2629 1710 2698 ἄγγελοι
1759 2630 1943 2693 αἴτιος,

344 2718 471 2775 ἀλλ’
504 2720 535 2773 ὁ
562 2721 690 2785 τοὺς
719 2720 985 2790 ἀγγέλους
1021 2721 1257 2792 ποιήσας
1277 2758 1292 2782 ,
1323 2720 1372 2773 εί
1415 2719 1510 2773 καὶ
1539 2714 1608 2790 ἦν
1640 2718 1948 2789 παραγγεί-

348 2814 451 2878 λας
476 2814 662 2877 αὐτοῖς
697 2813 791 2867 τοῦ
822 2814 899 2884 μὴ
935 2813 1161 2885 ποιῆσαι
1201 2812 1517 2889 ἄνθρωπον.
1540 2811 1602 2864 Ei
1644 2811 1659 2841 ‘
1701 2812 1811 2882 γὰρ
1846 2828 1948 2865 κα-

348 2906 724 2978 ταψηφίζεται
779 2906 882 2976 τῆς
908 2906 1021 2960 ἀνω
1050 2903 1332 2976 δυνάμεως
1361 2902 1587 2973 ἄγνοιαν
1631 2902 1725 2956 καὶ
1771 2903 1946 2970 ἀγνω-

348 2957 625 3052 έςῐαὶἐὲέφ
657 2957 961 3069 μελλόᾷἐῷ
984 2957 1208 3050 suae:
1249 2957 1422 3069 πάρει’
1445 2994 1507 3049 τὸ
1534 2995 1705 3067 αὐτῆς
1736 2957 1949 3067 θέλημα
1974 2957 2018 3015 (³

350 3091 825 3163 ἐπιτελουμένων,
850 3092 884 3162 ή
909 3090 1132 3145 εὐδοκία
1158 3093 1178 3123 ²
1205 3092 1272 3162 τῇ
1308 3090 1508 3161 ἑαυτῆς
1533 3090 1661 3153 τοὺς
1685 3088 1952 3159 ἀγγέλους

350 3184 720 3257 πεποιηκέναι
750 3184 889 3256 πρὸς
931 3183 994 3238 τὸ
1023 3185 1294 3256 χρήσιμον
1338 3183 1439 3254 τῆς
1470 3183 1817 3254 κατασκευῆς
1855 3182 1950 3237 τοῦ

351 3275 650 3347 ἀνθρώπου
676 3316 692 3338 ,
726 3270 787 3330 οὗ
825 3274 985 3347 ήθελε
1014 3274 1448 3339 κατασκευάζειν
1475 3313 1491 3341 ,
1521 3275 1800 3344 ποιήσασα
1825 3276 1952 3338 τοὺς

352 3368 649 3438 ἀγγέλους,
689 3369 784 3423 καὶ
808 3367 883 3440 μὴ
908 3367 1260 3441 ἐντειλαμένη
1291 3367 1388 3421 τοῦ
1437 3366 1512 3439 μὴ
1548 3365 1859 3422 ἐπιτελέσαι
1889 3365 1952 3420 τὺ

350 3461 697 3534 ἐπιχείρημα
720 3503 735 3528 ,
764 3462 1013 3515 τουτέστι
1046 3460 1141 3515 τοῦ
1192 3458 1484 3533 ἀνθρώπου
1534 3459 1597 3513 τὺ
1635 3458 1946 3525 πλαστεῖον,

348 3551 432 3615 ὡς
459 3553 491 3622 ή
522 3550 702 3604 αὐτῶν
740 3550 994 3624 μυθώδης
1025 3552 1352 3624 τεχνουργία
1386 3550 1652 3626 περιέχει.

2042 517 2342 586 abstinent,
2389 531 2449 576 ιιι
2489 521 2742 578 atl‘ectato
2783 523 2876 578 illo
2924 511 3223 580 sanctioris
3269 523 3395 581 vita:
3429 541 3629 596 genere

2043 613 2341 669 nonnullos
2369 627 2533 669 suum
2564 613 2617 668 in
2643 628 2887 669 errorem
2921 614 3221 685 pelliciant.
3251 614 3367 688 65
3398 614 3474 672 De
3502 633 3633 688 prn-

2045 703 2332 773 phetarum
2378 705 2621 760 oraculis
2669 703 2743 759 ita
2788 704 3066 761 veneﬁcus
3103 706 3196 762 ille
3244 707 3508 779 disputat,
3564 723 3629 763 ea

2043 795 2244 865 partim
2269 811 2298 851 a
2331 795 2524 852 mundi
2553 795 2846 867 opiﬁcibus
2873 796 3108 868 angelis,
3141 797 3340 868 partim
3370 813 3401 852 a
3426 797 3626 854 Sataua

1999 932 2008 941 .
2044 889 2327 962 profecta:
2377 897 2433 946 et
2468 890 2615 946 hunc
2648 890 2828 960 ipsum
2872 889 3134 947 Satanam
3181 896 3340 962 putat
3375 891 3628 962 angelum

2042 997 2188 1046 esse,
2221 982 2315 1051 qui
2346 981 2537 1036 mundi
2569 979 2954 1035 conditoribus
2983 979 3218 1052 angelis,
3241 980 3627 1053 pmipueque

2044 1072 2361 1129 Iudaeorum
2394 1071 2506 1128 Deo
2537 1072 2783 1128 resistat.
3566 1092 3572 1098 -

2114 1163 2201 1220 Ill.
2222 1164 2355 1231 Quae
2374 1179 2498 1218 cum
2516 1163 2586 1217 ab
2606 1162 2697 1217 illa
2715 1162 2924 1233 pecude
2948 1164 3103 1220 hunc
3129 1165 3184 1221 in
3216 1165 3437 1221 modum
3455 1162 3631 1220 disse-

2045 1258 2359 1321 runtur,vel
2381 1258 2586 1313 invitus
2608 1258 2958 1312 convincitur
2974 1274 3142 1312 unum
3168 1259 3416 1315 conﬁteri
3435 1258 3627 1321 Deum.

2044 1359 2210 1422 atque
2246 1351 2315 1407 ad
2354 1351 2604 1414 unicum,
2639 1348 3085 1421 singularemque
3127 1349 3465 1404 dominatum
3507 1349 3630 1403 uui-

2043 1459 2201 1499 versa
2232 1442 2461 1499 referre.
2500 1442 2714 1499 Etenim
2746 1443 2794 1500 si
2833 1438 3075 1496 mundus
3110 1440 3179 1495 ab
3208 1442 3421 1512 angelis
3450 1440 3630 1495 factus

2045 1545 2152 1601 est,
2187 1551 2312 1591 cum
2348 1534 2571 1606 ipsimet
2599 1543 2727 1591 ante
2766 1549 2797 1588 a
2827 1533 3039 1590 cmlesti
3073 1533 3274 1589 virtute
3301 1531 3630 1603 principium

2044 1635 2208 1698 atque
2233 1628 2500 1698 originem
2525 1625 2843 1692 habuerint,
2869 1640 2983 1680 non
3019 1624 3096 1679 illi
3122 1623 3361 1696 {lugendi
3387 1622 3632 1679 hominis

2041 1726 2298 1775 auctores
2328 1726 2479 1784 sunt,
2509 1719 2603 1775 sed
2640 1733 2898 1790 suprema
2927 1718 3100 1775 virtus
3137 1718 3226 1773 illa
3258 1718 3464 1788 potius,
3497 1733 3622 1788 quae

2051 1809 2280 1882 angelos
2328 1810 2599 1874 condidit,
2635 1826 2663 1864 a
2693 1810 2900 1882 quibus
2940 1810 3105 1865 homo
3141 1817 3330 1880 postea
3367 1810 3631 1863 formatus

2043 1911 2160 1969 est;
2191 1916 2315 1957 nam
2358 1918 2460 1957 nec
2489 1902 2625 1955 artis
2656 1901 3087 1956 instrumentum
3111 1915 3301 1955 eorum
3332 1915 3501 1955 causa
3527 1910 3633 1960 est,

2044 2010 2167 2065 quin
2195 1995 2265 2049 ab
2292 1994 2413 2065 ipso
2452 1992 2622 2049 ﬁunt:
2661 1993 2757 2048 sed
2789 1993 2878 2048 ille
2914 1993 3122 2064 potius,
3155 1992 3247 2063 qui
3272 2007 3397 2046 cum
3431 1993 3631 2046 instru-

2043 2093 2231 2142 mento
2250 2099 2370 2139 eam
2391 2085 2663 2138 actionem
2684 2083 2963 2153 exprimit,
2988 2097 3087 2153 per
3107 2096 3271 2153 quam
3298 2098 3437 2153 opus
3456 2082 3635 2151 ipsum

2043 2174 2296 2239 ellicitur,
2322 2173 2787 2245 quemadmodum
2811 2172 3079 2242 scriptum
3115 2179 3232 2227 est:
3273 2168 3419 2225 Num
3444 2170 3638 2241 gloria-

2046 2265 2190 2319 bitur
2230 2282 2380 2319 serra
2426 2266 2540 2318 sine
2585 2263 2824 2317 trahente
2874 2261 3129 2331 ipsum“?
3183 2269 3287 2316 etc.
3320 2262 3499 2330 Atque
3532 2260 3636 2314 hoc

2045 2358 2260 2413 caeteris
2300 2357 2353 2411 in
2396 2358 2561 2412 rebus
2602 2356 2675 2410 ita
2709 2370 2833 2411 sese
2876 2354 3080 2410 habere
3107 2354 3407 2409 cernimus.
3448 2351 3660 2423 Neque.

2046 2446 2191 2501 enim
2218 2445 2432 2517 gladius
2460 2461 2628 2501 causa
2660 2445 2826 2500 ca-dis
2863 2453 2970 2509 est,
3001 2444 3097 2500 sed
3130 2444 3177 2500 is
3214 2445 3309 2515 qui
3344 2442 3528 2515 gladio
3565 2444 3635 2498 ad

2048 2539 2474 2610 perpetrandam
2496 2540 2697 2595 caedem
2715 2539 2908 2593 utitur.
2939 2537 3125 2609 Neque
3142 2553 3426 2593 cerearum
3445 2538 3637 2609 imagi-
3718 2583 3725 2590 .

2049 2647 2180 2685 num
2208 2640 2367 2703 typus
2406 2646 2529 2702 qua:
2558 2630 2842 2701 finguntur
2868 2645 2966 2700 per
2994 2644 3057 2684 se
3085 2629 3264 2685 moliri
3293 2637 3496 2699 potest,
3538 2629 3636 2685 sed

2050 2725 2097 2778 is
2126 2727 2354 2778 omnino
2386 2723 2481 2795 qui
2519 2731 2575 2778 et
2609 2732 2794 2794 typum
2825 2721 3028 2793 ipsum,
3071 2726 3127 2776 et
3153 2735 3469 2791 expressam
3501 2722 3639 2775 ima-

2051 2817 2232 2885 ginem
2268 2814 2416 2869 fecit.
2448 2814 2632 2880 Quare
2665 2828 2772 2868 non
2806 2811 2981 2883 angeli
3010 2811 3139 2882 ipsi,
3173 2810 3268 2866 sed
3292 2811 3386 2881 qui
3410 2812 3638 2881 angelos

2050 2905 2315 2978 produxit
2340 2906 2581 2962 hominis
2611 2920 2777 2961 causa
2801 2911 3079 2967 censetur,
3112 2903 3332 2959 tametsi
3368 2918 3437 2957 ne
3468 2902 3639 2957 homi-

2051 3015 2175 3054 nem
2208 2998 2513 3055 conderent
2562 2998 2673 3053 illis
2715 2996 3096 3064 interdixerit;
3140 3009 3264 3050 nam
3303 2995 3390 3050 vel
3424 2994 3636 3050 caelesti

2051 3091 2242 3146 virtuti
2277 3091 2575 3156 inscitiam,
2604 3106 2668 3147 ac
2700 3089 3013 3146 futurarum
3050 3104 3235 3145 rerum
3273 3102 3396 3158 quae
3437 3095 3639 3158 praeter

2050 3183 2389 3238 voluntatem
2448 3197 2606 3238 suam
2660 3180 3008 3253 perﬁcienda!
3058 3189 3208 3245 sunt,
3269 3178 3637 3249 ignorantiam

2054 3273 2303 3339 ascribit,
2348 3282 2440 3330 aut
2475 3290 2593 3330 eam
2645 3274 2868 3347 propria
2901 3273 3067 3329 animi
3117 3271 3435 3327 inductione
3481 3279 3640 3341 putat

2049 3367 2273 3438 angelos
2294 3382 2634 3438 procreasse,
2654 3367 2798 3439 quod
2813 3368 2917 3424 hoc
2938 3369 3112 3440 ipsum
3138 3366 3204 3421 ad
3227 3364 3639 3437 producendum

2058 3458 2339 3515 hominem
2358 3462 2499 3516 utile
2514 3459 2681 3527 teret,
2699 3476 2867 3532 quem
2884 3460 3123 3516 fortene
3147 3467 3407 3531 cuperet:
3432 3473 3559 3513 cum
3583 3463 3643 3513 et

2058 3552 2285 3623 angelos
2309 3553 2669 3617 condidisset,
2701 3569 2803 3611 nec
2822 3568 2917 3609 eos
2928 3553 3305 3624 prohibuisset
3333 3569 3471 3625 opus
3486 3552 3641 3624 ejus-

348 3640 524 3703 modi,
571 3639 834 3694 nimirum
892 3639 1133 3695 hominis
1186 3640 1526 3695 moﬁtioneu
1569 3639 1814 3711 aggredi,
1870 3638 1925 3693 id
1968 3639 2116 3709 quo-1
2154 3639 2462 3699 fabulosum
2496 3644 2716 3698 illorum
2747 3643 3047 3698 artificium
3080 3643 3347 3700 continet.

425 3740 500 3791 Δ’.
533 3736 605 3789 Ἦ
639 3736 878 3792 ὀὐκοῦν
915 3739 1080 3794 πάλιν
1124 3739 1216 3794 τὸν
1265 3737 1561 3811 μυθολόγον
1599 3738 1903 3810 ἐρωτητέω
1930 3751 1944 3765 ·

348 3828 473 3901 ᾔδει
503 3836 538 3905 ή
582 3832 695 3886 ἀνω
739 3830 999 3903 δύναμις,
1037 3832 1067 3885 ὅ
1100 3848 1152 3886 τι
1180 3830 1434 3903 μέλλουσι
1484 3830 1786 3904 πράττειν;
1816 3829 1946 3894 Ναὶ,

351 3926 547 3998 φησίν.
580 3928 726 3997 ’Δρα
758 3924 925 3994 γοῦν,
957 3924 1006 3977 εί
1038 3923 1176 3995 ⁴ᾔδει,
1210 3923 1349 3996 αὐτὴ
1380 3924 1649 3996 πεποίηκε
1672 3962 1687 3987 ,
1727 3924 1821 3977 καὶ
1848 3922 1949 3975 οὐκ

351 4020 536 4076 αὐτοί.
580 4020 646 4074 Ei
680 4019 740 4075 δὲ
766 4018 884 4091 ⁴ᾔδει
932 4018 1070 4095 μὲν,
1108 4016 1209 4070 οὐκ
1258 4016 1419 4089 ήθελε
1447 4016 1523 4082 δέ,
1568 4015 1722 4086 παρά
1762 4016 1817 4069 δὲ
1850 4015 1949 4085 τὴν

352 4112 537 4184 αὐτῆς
588 4109 817 4182 γνώμην
868 4108 1234 4182 ἐπεχείρησαν
1264 4106 1326 4160 τὸ
1369 4105 1708 4178 ἐπιχείρημα
1751 4104 1905 4159 αὐτοί
1930 4119 1944 4133 ·

2129 3735 2219 3794 ιγ.
2250 3736 2620 3804 Quamobrem
2649 3756 2867 3796 rursum
2900 3740 2968 3795 de
3006 3739 3320 3795 fabularum
3353 3741 3643 3799 inventore

2057 3829 2412 3898 quaerendum
2444 3839 2563 3887 est:
2601 3829 2811 3903 Ecquid
2850 3832 3093 3888 cmlestis
3139 3832 3228 3887 illa
3262 3833 3440 3889 virtus
3477 3850 3641 3889 nove-

2057 3926 2165 3982 rat,
2215 3920 2346 3990 quid
2402 3931 2591 3976 essent
2639 3923 2814 3993 angeli
2865 3921 3100 3978 facturi?
3135 3922 3391 3989 Noverat,
3439 3927 3639 3995 inquit.

2057 4008 2228 4078 Igitur
2262 4026 2370 4064 non
2420 4013 2595 4082 angeli
2632 4011 2759 4082 ipsi,
2793 4013 2889 4068 sed
2926 4013 3016 4066 illa
3061 4014 3252 4085 utique
3297 4014 3449 4070 fecit.
3484 4018 3643 4083 Quod

2059 4098 2107 4153 si
2136 4110 2362 4155 noverat
2391 4102 2634 4172 quidem,
2664 4103 2760 4158 sed
2790 4102 2904 4158 tleri
2928 4109 3111 4158 tamen
3134 4103 3374 4166 nolebat,
3408 4121 3472 4161 ac
3503 4121 3643 4176 prte-

284 4248 299 4258 .
351 4206 467 4260 τίνι
521 4203 601 4277 τῷ
652 4203 798 4274 λόγῳ
843 4201 906 4255 οὐ
951 4199 1295 4265 κεκώλυκεν;
1325 4199 1390 4253 Et
1417 4198 1476 4252 δὲ
1513 4197 1792 4261 ἀδυνάτως
1826 4197 1947 4266 ἔσχε

2059 4198 2141 4247 ter
2189 4192 2337 4249 illius
2369 4195 2694 4248 sententiam
2738 4196 3006 4266 attingere
3053 4211 3193 4267 opus
3220 4195 3364 4253 istud
3398 4198 3642 4269 aggressi

353 4295 457 4353 τοῦ
482 4293 753 4359 κωλῦσαι,
790 4292 985 4368 πρώτη
1018 4290 1321 4363 φαυλότης,
1345 4291 1427 4346 ὅτι
1455 4291 1576 4345 καθ’
1610 4290 1781 4362 αὐτῆς
1822 4289 1951 4353 τοὺς

358 4392 455 4446 ὑπ’
503 4389 681 4461 αὐτῆς
732 4385 1027 4458 γεγονότας
1073 4384 1342 4455 ἀγγέλους
1380 4384 1460 4448 εἰς
1495 4382 1770 4438 ἀντίθεσιν
1819 4381 1950 4435 ἐαυ-

354 4484 461 4554 τῆς
492 4482 592 4536 καὶ
627 4478 978 4551 παροξυσμὸν
1016 4476 1415 4533 κατεσκεύασεο
1444 4475 1697 4548 δεύτερον
1738 4473 1830 4541 δὲ,
1869 4474 1952 4528 ὅτι

356 4572 638 4644 δυναμένη
670 4571 733 4624 οὐ
768 4567 1104 4635 κεκώλυκεν,
1126 4568 1266 4623 ἀλλά
1294 4569 1637 4641 συνήργησεν
1663 4568 1743 4632 είς
1772 4566 1832 4620 τὸ
1854 4582 1953 4620 πο·

357 4665 528 4736 νηρὺν
558 4663 721 4734 ἔργον
749 4660 812 4714 τὸ
841 4659 948 4714 ὑπὸ
978 4659 1091 4714 τῶν
1125 4660 1373 4730 ἀγγέλων
1394 4658 1783 4731 γεγενημένον.
1812 4656 1875 4711 Et
1893 4655 1953 4711 δὲ

359 4760 423 4813 οὐ
449 4758 786 4829 συνήργησε,
818 4754 913 4809 καὶ
940 4752 1263 4826 βουληθεῖσα
1285 4753 1388 4808 οὐκ
1421 4751 1661 4824 ἠδυνήθη
1686 4751 1950 4816 κωλῦσαι,

360 4850 534 4921 πολλή
574 4864 661 4910 τις
691 4846 949 4900 ἀσθένεια
970 4847 1036 4899 ’ἐν
1063 4847 1129 4918 τῇ
1158 4843 1433 4918 θελησάσῃ
1464 4843 1559 4898 καὶ
1596 4843 1672 4914 μὴ
1704 4839 1951 4914 δυνηθεί-

362 4956 464 5017 σιγ
496 4941 593 4994 καὶ
626 4937 826 5010 μᾶλλον
856 4935 1204 5011 ἰσχυρότερον
1224 4934 1311 5006 εἴη
1327 4935 1391 4988 τὺ
1418 4934 1509 4990 ὑπ’
1536 4933 1708 5004 αὐτῆς
1730 4932 1958 5002 γενόμε-

361 5050 455 5088 νον
475 5031 588 5086 τῶν
617 5030 866 5100 ἀγγέλων
893 5028 1103 5099 στίφος,
1125 5028 1160 5099 ἢ
1185 5029 1219 5099 ή
1240 5025 1381 5098 αὐτὴ
1406 5024 1558 5080 αἰτία
1578 5021 1714 5079 οὖσα
1734 5023 1841 5078 τῶν
1865 5024 1958 5078 ὑπ’

363 5121 538 5194 αὐτῆς
581 5120 883 5191 γεγονότων
932 5118 1200 5188 ἀγγέλων.
1225 5115 1562 5183 Ἐξάπαντος
1612 5113 1794 5168 τοίνυν
1839 5112 1953 5167 ἀλί-

366 5232 557 5273 σκεται
587 5216 623 5287 ὴ
659 5214 759 5286 τῆς
800 5211 1067 5284 αἱρέσεως
1096 5208 1374 5274 ὑπόθεσις,
1406 5207 1713 5278 ἀσυστασίᾳ
1753 5207 1956 5277 μᾶλλον

364 5307 795 5380 περιπίπτουσα,
820 5305 917 5358 καὶ
943 5302 1047 5357 οὐκ
1074 5299 1324 5373 ἀληθείᾳ.
1356 5298 1422 5354 Εἰ
1446 5299 1505 5353 δὲ
1530 5299 1796 5368 ἐγίνωσκε
1834 5299 1954 5370 μὲν,

365 5402 585 5472 ἀνάγκῃ
604 5398 662 5453 δέ
690 5396 864 5451 ἐποίει
885 5394 1134 5459 τούτους,
1158 5391 1189 5447 ὃ
1217 5392 1293 5465 μὴ
1317 5390 1477 5463 θέμις
1508 5391 1625 5444 ἐστὶ
1643 5389 1757 5462 (50)
1786 5391 1959 5465 πράτ-

366 5510 479 5550 τειν
507 5492 662 5564 παρὰ
693 5490 755 5545 τὺ
783 5488 952 5561 αὐτῆς
983 5485 1255 5560 βούλημα,
1288 5481 1584 5539 ἐλαττώσει
1614 5482 1777 5553 ἑτέρᾳ
1802 5499 1957 5554 περι-

2059 4297 2206 4351 sunt,
2240 4302 2343 4342 cur
2381 4303 2489 4342 non
2530 4289 2853 4358 prohibuit?
2896 4289 2994 4345 Sin
3031 4290 3256 4347 obstare
3290 4290 3514 4348 minime
3546 4309 3645 4364 po-

2061 4379 2190 4434 tuit:
2225 4382 2462 4451 primum
2501 4381 2607 4436 hoc
2650 4382 2842 4437 vitium
2875 4390 2980 4447 cst,
3021 4384 3168 4454 quod
3211 4393 3402 4440 contra
3441 4395 3649 4442 semct-

2054 4469 2230 4541 ipsam
2270 4471 2523 4531 conditos
2551 4488 2583 4528 a
2610 4490 2671 4530 se
2704 4474 2949 4546 angelos,
2988 4476 3091 4531 sibi
3128 4483 3188 4530 ut
3229 4477 3547 4535 resisterent
3579 4495 3644 4535 ac

2058 4577 2119 4619 se
2169 4564 2454 4620 irritarent
2502 4566 2688 4621 moliri
2733 4565 3009 4632 voluerit;
3053 4566 3309 4633 alterum,
3343 4568 3487 4638 quod
3535 4568 3644 4640 65

2061 4670 2187 4711 cum
2225 4665 2436 4728 posset,
2488 4659 2716 4714 minimc
2773 4658 3139 4730 prohibuerit,
3192 4659 3303 4713 imo
3357 4659 3520 4714 etiam
3575 4664 3643 4714 ait

2059 4747 2362 4818 pessimum
2388 4748 2521 4803 illud
2552 4750 2873 4820 angelorum
2915 4750 3193 4821 opificium
3227 4751 3643 4821 exsequendum

2060 4838 2386 4909 adjutricem
2413 4855 2536 4896 sese
2553 4842 2866 4911 praebuerit.
2892 4841 3048 4908 Quod
3072 4841 3116 4896 si
3145 4855 3246 4896 nec
3267 4842 3390 4897 illos
3411 4842 3642 4911 adjuvit,

2061 4940 2118 4987 et
2171 4932 2465 5002 prohibere
2513 4947 2640 4988 cum
2684 4935 2849 4990 vellet
2890 4952 3000 4989 non
3048 4934 3258 5005 potuit:
3312 4949 3646 5005 magnopere

2063 5023 2395 5080 imbecillam
2437 5039 2557 5079 eam
2596 5034 2814 5096 oportet
2859 5041 3002 5090 esse,
3045 5040 3167 5096 quae
3205 5024 3354 5096 quod
3388 5027 3644 5092 voluerit,

2062 5114 2278 5172 eliicere
2328 5133 2438 5172 non
2475 5119 2687 5190 potuit:
2728 5118 2943 5189 eritque
2987 5116 3125 5172 adeo
3180 5119 3406 5175 condita
3449 5121 3540 5175 illa
3579 5121 3646 5175 ab

2062 5224 2125 5266 ea
2149 5209 2467 5281 angelorum
2528 5218 2747 5265 caterva
2797 5209 3014 5276 fortior,
3045 5225 3208 5282 quam
3253 5211 3486 5279 ipsamet
3527 5230 3648 5279 quia:

2064 5301 2383 5370 angelorum
2417 5314 2587 5355 causa
2616 5308 2701 5356 est
2732 5315 2796 5356 ac
2825 5300 3175 5372 principium.
3221 5300 3392 5373 Igitur
3421 5305 3648 5359 haeresis

2062 5390 2169 5446 ista
2201 5393 2428 5447 minime
2455 5390 2732 5447 cohaerere
2753 5390 2873 5462 ipsa
2908 5406 3119 5447 secum.
3158 5401 3325 5463 atque
3346 5407 3377 5445 a
3412 5393 3646 5448 veritate

2065 5483 2324 5538 recedere
2352 5481 2505 5540 omni
2543 5497 2610 5537 ex
2646 5488 2812 5555 parte
2854 5484 3222 5539 convincitur.
3266 5481 3386 5539 Jam
3428 5500 3557 5540 vero
3599 5486 3644 5541 si

437 5632 453 5664 ¹
480 5626 544 5686 F.
577 5628 634 5700 ἦ.
711 5629 733 5659 ’
760 5626 820 5682 F.
848 5623 1145 5699 ήεύδοκεᾳ.
1206 5623 1226 5655 ³
1255 5620 1318 5678 F.
1342 5637 1581 5693 expuug.
1612 5621 1666 5693 ή.
1747 5621 1768 5651 ⁸
1798 5614 1905 5674 Isa.
1932 5637 1987 5684 κ,
2030 5620 2118 5676 15.

599 5766 854 5834 Τούτους
910 5764 944 5819 δ
990 5764 1076 5837 μὴ
1112 5763 1280 5836 θέμις
1328 5763 1523 5818 ἐστίν.
1587 5763 1741 5819 DCCSI
1801 5763 2115 5827 μέλλοντας.
