3968 6132
343 259 448 317 503

1763 255 1818 308 S.
1863 247 2215 310 ΕΡῙΡΙΙᾹΝἸΙ

3514 255 3619 312 304

341 379 619 436 caelestem
662 382 924 431 vvtrttttent
981 374 1203 430 minime
1252 374 1341 428 illa
1392 373 1612 443 quidem
1658 374 1923 437 latebant,

2030 375 2278 426 πεσεῖται
2308 372 2489 437 πάλιν,
2519 373 2613 426 καὶ
2647 373 2767 428 οὐδὲ
2797 376 2855 429 ἓν
2877 373 3151 446 πλήρωμα
3186 372 3541 444 εὑρεθήσεται
3561 377 3621 428 ἐν

340 470 437 528 sed
463 485 560 525 eos
600 469 747 540 ipsos
781 476 991 530 tamen,
1022 469 1116 538 qui
1158 468 1321 536 quod,
1355 466 1508 523 nefas
1547 477 1691 523 esset
1728 471 1927 536 praeter

341 564 679 616 voluntatem
710 574 868 614 suam
898 567 1058 613 erant
1103 557 1325 620 facturi,
1368 557 1687 615 necessario
1729 554 1925 610 condi-

337 656 438 717 dit,
469 652 574 707 alia
606 667 805 709 rursus
835 651 889 705 in
920 666 979 705 re
1004 649 1262 706 deﬁciet:
1294 664 1399 705 nec
1430 650 1600 704 ullum
1630 648 1685 704 in
1717 647 1926 703 coalein

338 750 540 798 Virtute
567 742 1040 814 complementum
1064 756 1129 796 ex
1155 739 1305 797 illius
1331 740 1601 796 sententia
1634 738 1922 794 residehit.

336 834 514 905 Atque
543 841 602 889 ut
633 834 788 889 iitum
826 832 1006 888 denuo
1040 832 1486 902 interrogemus:
1530 829 1676 886 Heus
1710 830 1801 884 tul
1842 830 1927 884 in-

337 940 525 997 quam,
558 926 657 997 qui
706 940 809 996 per
848 924 1121 980 fenestras
1162 923 1310 978 intro
1351 922 1724 994 prospexeris,
1766 928 1829 977 ut
1862 936 1927 978 eo

342 1019 578 1075 ludibrio
615 1016 804 1073 deliria
827 1026 918 1072 tua
967 1033 1299 1089 prosequar,
1355 1016 1540 1088 ibique
1569 1016 1925 1088 quemadmo-

342 1109 473 1168 dum
504 1111 682 1182 angeli
717 1109 888 1165 creati
910 1110 1025 1164 sint
1059 1107 1380 1180 pervideris,
1404 1122 1708 1179 eorumque
1740 1109 1795 1162 in
1828 1106 1927 1163 ho-

347 1204 491 1259 mine
526 1202 778 1273 ﬁngendo
814 1200 1107 1256 artiﬁcium
1138 1200 1418 1270 cognoris,
1448 1215 1513 1256 ac
1541 1200 1786 1256 caelestis
1814 1198 1926 1255 vir-

342 1295 478 1351 tutis
522 1295 804 1351 solertiam
855 1300 1235 1364 perscrutatus
1269 1292 1460 1357 l'ueris,
1492 1308 1686 1356 unum,
1718 1306 1817 1347 oro
1847 1299 1922 1359 te,

339 1388 429 1440 dic
463 1386 624 1440 nobis
657 1384 677 1440 τ
706 1399 835 1438 num
872 1382 949 1436 illi
978 1381 1109 1454 quid
1155 1383 1478 1437 molirentur
1515 1389 1814 1449 noverant;
1854 1397 1924 1437 an

343 1478 671 1547 ignorabant
706 1474 932 1546 potius?
978 1473 1036 1528 Si
1074 1472 1227 1528 enim
1276 1473 1626 1543 ignorabant,
1678 1488 1803 1543 qua:
1844 1473 1924 1527 ris

261 1590 271 1627 ι
343 1571 465 1624 illos
490 1569 736 1640 cogebat,
767 1566 996 1638 utquod
1026 1566 1271 1637 ignotum
1303 1565 1407 1621 sibi
1441 1572 1588 1620 esset
1608 1564 1925 1619 edicerent?

343 1658 583 1723 Minime,
616 1659 815 1730 inquit,
852 1658 1199 1730 ignorabant,
1228 1657 1346 1711 imo
1376 1657 1507 1727 quid
1531 1655 1708 1711 acturi
1736 1661 1924 1712 essent

2028 468 2095 537 τῇ
2132 466 2244 521 ἀνω
2266 466 2493 537 δυνάμει
2523 468 2663 521 κατά
2691 467 2784 520 τὸν
2819 466 2986 521 αὐτοῦ
3011 466 3321 536 λόγον.Ἐτι
3364 467 3422 520 δὲ
3453 483 3623 538 προσ-

2030 559 2255 630 θείημεν
2283 558 2445 613 αύτὺν
2481 559 2796 631 ἐρωτῶντες
2822 578 2832 588 ·
2863 559 3004 628 Λέγε
3039 560 3191 631 ἡμῖν,
3223 553 3269 613 ὦ
3300 555 3455 623 οὗτος
3483 561 3512 613 ὁ
3532 559 3624 614 atat

2029 650 2260 723 θυρίδων
2286 651 2639 723 παρακύψας,
2669 652 2733 706 ἵν’
2750 651 2893 706 οὕτω
2910 652 3158 723 χλευάσω
3184 651 3282 723 τὴν
3314 652 3414 721 σὴν
3440 652 3620 723 ληρω-

2026 740 2165 806 δίαν,
2194 742 2290 799 καὶ
2319 744 2380 797 ὲν
2401 742 2480 815 τῷ
2512 742 2895 815 παρακύπτειν
2934 745 3217 815 σκοπήσας
3250 744 3326 807 ὡς
3368 742 3623 815 ἐκτίσθη·

2028 848 2132 886 σαν
2161 834 2209 887 οί
2240 833 2485 902 ἄγγελοι,
2513 834 2609 891 καὶ
2634 834 2735 905 τὴν
2758 836 2849 888 ὑπ’
2883 836 3066 889 αὐτῶν
3095 835 3225 906 περὶ
3245 834 3309 888 τὸ
3339 834 3622 905 ἀνθρώπι-

2027 939 2117 978 νον
2160 922 2390 994 πλάσμα
2438 925 2817 996 τεχνουργίαν,
2856 926 2979 983 τότε
3031 924 3425 989 κατώπτευσας
3441 928 3489 990 ⁸,
3526 927 3624 979 καὶ

2025 1017 2127 1088 τῆς
2150 1015 2359 1071 ἀνωθεν
2386 1017 2671 1089 δυνάμεως
2712 1018 3024 1089 ἐξιχνίασας
3058 1017 3157 1089 τὴν
3199 1016 3621 1090 μηχανοποιίαν,

2024 1109 2242 1180 ⁴ιξδεισαν
2271 1103 2417 1167 οὗτοι
2442 1109 2495 1165 τί
2523 1109 2870 1175 πλάσσουσιν,
2911 1110 2944 1181 ἢ
2981 1109 3242 1182 ήγυόουν;
3273 1108 3624 1178 ’Δγνοοῦντες

2025 1202 2104 1267 δὲ,
2131 1202 2237 1258 ὑπὸ
2270 1204 2415 1268 τίνος
2441 1203 2818 1275 ἠναγκάζοντο
2851 1203 2912 1261 τὸ
2941 1206 2999 1258 ὲν
3030 1201 3277 1274 ἀγνωσία
3309 1202 3622 1267 ἐπιτελείνς

2025 1293 2184 1366 Οὐχὶ,
2222 1295 2408 1367 φησὶν,
2455 1296 2558 1350 οὐκ
2600 1296 2865 1366 ἠγνόουν
2900 1293 3122 1365 ᾔδεισαν
3165 1292 3275 1365 γὰρ
3318 1292 3349 1346 ὁ
3395 1292 3623 1364 ἔμελλον

2026 1385 2313 1455 πράττειν.
2331 1384 2395 1438 Ἦ
2417 1383 2596 1441 τοίνυν
2612 1383 2821 1439 ἄνωθεν
2842 1382 3072 1453 δύναμις
3082 1380 3200 1453 ᾔδει
3222 1380 3446 1443 τούτους
3461 1380 3627 1436 τοῦτο

2030 1477 2323 1551 μέλλοντας
2364 1478 2684 1550 ἐπιχειρεῖν,
2713 1476 2748 1547 ἢ
2778 1473 2966 1546 ἠγνόει
2989 1490 3005 1539 ;
3032 1474 3147 1528 Οὐκ
3174 1473 3381 1544 ἠγνόει.
3401 1470 3625 1545 Ἐποίη-

2028 1587 2119 1624 σεν
2143 1565 2236 1625 οὖν
2264 1569 2485 1636 αὐτοὺς,
2507 1569 2594 1624 ἵνα
2618 1567 2777 1621 τοῦτο
2800 1566 3105 1640 πράξωσιν,
3128 1565 3173 1636 ἢ“
3191 1565 3299 1637 μή;
3328 1564 3487 1636 Οὐχὶ.
3515 1583 3625 1638 φη-

2028 1663 2133 1717 σίν.
2157 1661 2413 1733 Ἐποίησε
2445 1659 2556 1733 γὰρ
2584 1660 2783 1723 αὐτοὺς
2819 1658 3000 1730 μόνον.
3035 1650 3202 1713 Οὗτοι
3241 1657 3299 1711 δὲ
3337 1657 3494 1728 παρά
3523 1657 3626 1729 τὴν

344 1752 746 1806 intellexerant.
779 1750 889 1804 Aut
923 1750 1091 1822 igitur
1118 1748 1187 1803 ad
1216 1747 1353 1803 illud
1389 1748 1604 1803 facinus
1636 1762 1925 1819 aggressu-

2029 1749 2142 1805 ἄνω
2174 1749 2405 1821 δύναμιν
2444 1747 2814 1820 ἐπεχείρησαν
2848 1746 2986 1822 πρὸς
3015 1745 3078 1801 τὸ
3113 1746 3340 1817 ποιῆσαι
3370 1746 3620 1818 πλάσμα.

343 1862 435 1900 ros
467 1846 605 1900 istcs
634 1841 876 1898 cmlestis
906 1840 1081 1896 virtus
1110 1839 1338 1902 sciebat,
1371 1847 1466 1893 aut
1510 1838 1754 1894 nondum
1785 1838 1929 1893 scie-

342 1941 454 1992 hat.
489 1933 728 1988 Scivisse
758 1930 1066 2002 respondet.
1100 1930 1299 1998 Quaero
1320 1931 1503 2000 itaque
1545 1945 1676 1984 num
1715 1929 1837 1985 illos
1862 1945 1929 1984 eo

342 2031 576 2087 consilio
627 2041 800 2083 necne
826 2035 887 2081 ut
916 2025 1021 2080 hoc
1070 2024 1316 2080 iacerent
1363 2023 1706 2095 produxerit.
1757 2021 1929 2094 Negat

339 2134 407 2176 eo
436 2117 670 2173 consilio
694 2116 1015 2188 productos.
1051 2113 1194 2169 Nihil
1224 2115 1369 2170 enim
1412 2114 1517 2169 nisi
1557 2114 1708 2186 ipsos
1741 2114 1931 2169 condi-

341 2213 439 2267 dit.
476 2212 541 2263 At
572 2210 622 2263 hi
650 2207 967 2263 inconsulta
996 2206 1209 2262 caelesti
1239 2207 1441 2261 virtute
1468 2222 1528 2261 se
1558 2205 1627 2261 ad
1649 2206 1927 2277 upiticium

340 2304 487 2359 istud
516 2302 876 2356 aceiuxerunt
927 2298 1070 2371 Ergo
1103 2300 1248 2371 quod
1279 2299 1459 2371 angeli
1494 2300 1926 2370 cognoscebant,

340 2393 584 2449 cielestis
616 2390 795 2445 virtus
826 2390 917 2443 illa
957 2389 1277 2445 nesciebat?
1315 2388 1360 2443 0
1411 2390 1724 2443 mortalium
1770 2389 1928 2461 longe

341 2487 586 2539 oetiiium
617 2482 975 2538 stolidissime
1001 2484 1013 2535 l
1046 2479 1108 2534 Et
1139 2480 1383 2534 hominis
1411 2487 1692 2536 structura
1744 2483 1926 2537 consi-

343 2585 474 2638 stet,
508 2586 874 2645 auctoresque
905 2574 1053 2626 illius
1081 2572 1257 2643 angeli
1286 2571 1410 2641 ejus
1448 2570 1524 2626 rei
1557 2572 1805 2627 notitiam
1836 2573 1932 2627 ha-

344 2668 570 2732 bebant,
597 2676 760 2737 atque
789 2665 1007 2721 interim
1048 2664 1222 2717 virtus
1256 2662 1370 2728 illa,
1398 2676 1520 2732 quae
1551 2663 1774 2733 angelos
1813 2680 1933 2733 pro-

341 2757 519 2825 duxit,
553 2758 605 2812 in
632 2757 972 2829 ignoratione
1004 2753 1348 2810 versabitur?
1370 2753 1514 2809 Sane
1538 2770 1798 2825 perquam
1826 2757 1929 2813 hoc

341 2850 568 2905 stultum
625 2856 710 2904 est
758 2863 822 2903 ac
878 2846 1213 2912 ridiculum;
1259 2859 1384 2899 cum
1442 2852 1501 2900 et
1534 2858 1677 2915 opus
1715 2849 1925 2909 artiﬁce

2033 1842 2245 1899 Οὐκοῦν
2275 1838 2423 1897 οὗτοι
2460 1842 2559 1914 μὲν
2583 1841 2827 1913 ⁴ᾔδεισαν.
2865 1838 3046 1905 ἐκείνη
3070 1838 3129 1894 δὲ
3159 1839 3193 1910 ἡ
3223 1838 3430 1893 ἄνωθεν
3461 1838 3625 1894 δύνα-

2035 1952 2126 2006 μις
2155 1935 2339 2006 ἠγνόει
2368 1933 2511 1989 κατά
2538 1934 2630 1988 τὸν
2662 1933 2753 1989 σὺν
2783 1932 2962 2001 λόγον,
3001 1925 3048 1986 ὦ
3078 1928 3294 1985 πάντων
3321 1928 3627 2002 ἀνθρώπων

2031 2025 2318 2098 ἀϐέλτερεί
2353 2026 2463 2080 Καὶ
2510 2024 2664 2080 ἔσται
2716 2023 2818 2096 μὲν
2865 2024 2900 2096 ἡ
2953 2021 3062 2078 τῶν
3116 2021 3424 2094 ἀνθρώπων
3449 2041 3623 2079 κατα-

2035 2115 2206 2187 σκευὴ
2241 2114 2501 2179 σύστασις
2541 2114 2583 2181 ³,
2612 2114 2706 2168 καὶ
2734 2114 2789 2167 oi
2842 2112 3001 2168 αἴτιοι
3041 2113 3247 2181 ταύτης
3291 2112 3513 2184 ἄγγελοι
3563 2115 3627 2167 ἐν

2036 2207 2321 2281 γνὼσει,ἡ
2379 2209 2436 2265 δὲ
2478 2207 2607 2272 τοὺς
2656 2206 2924 2276 ἀγγέλους
2968 2207 3247 2277 ποιήσασα
3286 2205 3518 2278 δύναμις
3564 2208 3627 2260 ιν

2037 2299 2283 2372 ἀγνωσία
2310 2315 2326 2366 ;
2351 2298 2608 2371 Ληρῶδες
2656 2299 2699 2353 δ’
2728 2297 2794 2353 ἂν
2834 2298 2922 2370 εἴη
2964 2296 3125 2353 τοῦτο
3163 2297 3257 2352 καὶ
3285 2298 3511 2369 ἠλίθιον,
3538 2300 3625 2353 ὅτι

2039 2390 2241 2463 μᾶλλον
2291 2391 2668 2463 ἐντελέστερον
2717 2391 2780 2445 τὸ
2831 2390 2992 2462 ἔργον
3040 2390 3136 2445 τοῦ
3175 2391 3445 2461 τεχνίτου,
3474 2391 3571 2446 καὶ
3595 2393 3625 2446 ὁ

2035 2484 2286 2553 τεχνίτης
2307 2482 2697 2553 ἅδρανέστερος
2719 2481 2828 2537 τῶν
2868 2482 2959 2537 ὑπ’
2991 2481 3157 2539 αὐτοῦ
3192 2482 3501 2554 γενομένων
3524 2484 3623 2552 ἀγ-

2034 2574 2244 2643 γέλων,
2290 2573 2479 2627 αἰτίων
2523 2574 2696 2627 ὅντων
2739 2573 2841 2646 τῆς
2886 2573 3229 2645 ἀνθρωπείας
3287 2574 3622 2637 συστάσεως.

1995 2681 1998 2684 ’
2038 2665 2202 2718 ’Ὥστε
2247 2659 2339 2718 οὖν
2376 2664 2679 2732 ἐξάπαντος
2723 2664 2973 2737 ἀνάγκηδ
3006 2665 3401 2737 ὁμολογήσειας
3428 2665 3495 2720 ἂν
3532 2664 3629 2719 ἐπὶ

2036 2756 2128 2810 τὸν
2158 2754 2319 2810 αὐτὸν
2356 2755 2586 2828 ποιητὴν
2616 2756 2706 2810 τὸν
2734 2757 2853 2822 ἕνα,
2884 2756 2980 2812 καὶ
3010 2756 3103 2810 ἐπὶ
3132 2758 3233 2828 τὴν
3258 2756 3390 2828 μίαν
3425 2773 3622 2829 μοναρ-

2034 2849 2158 2920 χίαν
2186 2846 2246 2900 τὸ
2276 2848 2386 2900 πᾶν
2419 2849 2597 2918 ἄγειν.
3180 2876 3187 2879 -

345 2956 451 2997 suo
488 2941 802 3014 perfectius,
843 2948 895 2995 et
936 2939 1256 3010 angelorum
1292 2945 1571 2993 auctorem
1621 2941 1831 3010 angelis
1860 2943 1995 3014 ipsis
2021 2942 2114 3014 qui
2157 2940 2431 2994 hominem
2462 2938 2791 3002 eonﬁarunt,
2837 2939 3249 2996 imbecilliorem
3304 2943 3626 2997 constituat.

344 3037 706 3108 Quamobrem
739 3034 843 3089 hoc
882 3047 1049 3087 unum
1099 3030 1420 3103 necessario
1458 3042 1809 3100 superest.ut
1854 3047 1904 3092 te
1944 3037 2012 3091 ad
2064 3048 2233 3091 unum
2270 3032 2454 3088 omnia
2517 3031 2879 3104 currudeatque
2939 3032 3299 3098 conditorem,
3364 3042 3529 3106 atque
3558 3036 3630 3093 ad

342 3129 674 3199 singularem
704 3124 1065 3195 principatum
1100 3120 1312 3177 referre
1341 3120 1574 3182 fateare.

302 3208 313 3219 ’
415 3220 479 3274 V.
513 3217 726 3274 Etenim
782 3216 926 3271 Deus
983 3214 1145 3270 Pater
1191 3214 1497 3281 hominem,
1541 3229 1663 3270 cum
1712 3214 1928 3269 czeteris

2102 3211 2175 3265 E’.
2219 3212 2331 3265 Καὶ
2374 3211 2485 3285 γὰρ
2510 3215 2540 3267 ὁ
2568 3212 2702 3276 Θεὸς
2733 3214 2762 3265 ὁ
2801 3214 2993 3287 Πατὴρ
3038 3217 3261 3291 ἐποίησε
3293 3220 3387 3275 τὸν
3414 3221 3631 3294 ἀνθρω·

341 3312 624 3374 omnibus,
658 3299 857 3378 suopte
887 3314 1023 3363 nutu
1049 3321 1113 3363 ac
1142 3306 1424 3363 voluntate
1462 3308 1789 3377 procreavit,
1824 3322 1930 3360 non

341 3405 451 3477 66
481 3402 679 3471 angeli,
707 3415 886 3471 neque
915 3416 981 3456 ex
1032 3401 1349 3472 angelorum
1370 3400 1625 3457 consilio.
1650 3398 1782 3453 Nam
1807 3415 1930 3453 cum

344 3499 486 3553 Deus
518 3495 593 3549 ita
637 3495 853 3549 loeutus
880 3503 994 3549 est:
1031 3491 1322 3549 Faciamus
1352 3493 1638 3560 hominem,
1679 3492 1749 3547 ad
1798 3494 1933 3547 ima-

343 3593 511 3662 ginem
556 3600 795 3644 nostram
826 3586 987 3653 dixit,
1040 3600 1149 3641 non
1202 3584 1271 3639 ad
1306 3586 1591 3656 imaginem
1644 3588 1929 3642 duntaxat.

342 3683 554 3754 Quippe
598 3681 665 3737 ad
704 3679 869 3749 hujus
915 3675 1118 3749 opiﬁcii
1181 3678 1626 3733 communionem
1690 3677 1928 3734 Verbum

342 3792 550 3839 suum,
613 3774 975 3842 etuudemque
1043 3768 1241 3824 Filium
1303 3771 1525 3826 unicum
1589 3771 1927 3835 adhibebat,

341 3878 533 3938 estque
571 3865 878 3922 communis
915 3864 1014 3920 iste
1075 3863 1315 3918 ﬁdeliqu
1373 3863 1616 3917 omnium
1664 3879 1865 3919 sensus
1899 3878 1929 3916 a

340 3961 570 4015 veritate
621 3957 919 4029 profectus,
974 3971 1078 4027 qua
1136 3970 1261 4011 cum
1311 3956 1730 4011 accuratissime
1790 3970 1927 4009 eon-

340 4051 523 4119 venit;
568 4048 620 4104 id
657 4048 803 4119 quod
843 4048 966 4102 aliis
1026 4045 1404 4117 compluribus
1452 4046 1588 4100 locis
1637 4043 1931 4098 manil‘este

343 4157 407 4196 ac
437 4143 643 4212 prolixe
675 4155 867 4194 sumus
895 4136 1162 4209 professi,
1189 4139 1450 4191 nimirum
1478 4135 1674 4190 Filitun
1704 4152 1733 4189 a
1761 4135 1925 4188 Patre

344 4232 410 4286 ad
440 4230 804 4285 communiter
836 4229 1234 4298 procreandum
1267 4228 1544 4282 hominem
1578 4226 1784 4288 vocari,
1824 4240 1919 4295 per

344 4337 505 4392 quem
540 4317 737 4374 Filium
770 4319 974 4387 reliqua
1005 4317 1190 4371 omnia
1218 4316 1558 4386 produxerit.
1596 4313 1704 4369 Sed
1740 4330 1921 4385 neque

346 4413 544 4469 Filium
586 4411 854 4463 duntaxat
892 4407 1148 4461 advocari
1184 4406 1439 4472 dixerim,
1474 4406 1584 4462 imo
1616 4420 1745 4459 vero
1792 4420 1925 4461 san-

344 4512 492 4560 etum
529 4501 691 4555 etiam
723 4495 1013 4567 Spiritum.
1064 4494 1231 4549 Verbo
1262 4496 1408 4548 enim
1443 4493 1659 4547 Domini
1690 4495 1807 4547 cwli
1830 4496 1926 4565 ﬁr-

2033 3321 2136 3357 πον
2186 3305 2280 3357 καὶ
2312 3304 2492 3361 πάντα
2533 3304 2677 3359 κατὰ
2721 3303 2821 3376 τὴν
2851 3305 2986 3361 ἰδίαν
3017 3310 3285 3374 εὐδοκίαν.
3315 3313 3409 3367 καὶ
3451 3315 3549 3385 οὐχ
3577 3317 3631 3369 οδ

2033 3395 2277 3465 ἄγγελοι,
2310 3396 2432 3450 οὐδὲ
2458 3394 2600 3450 κατά
2633 3394 2732 3467 τὴν
2770 3395 2879 3451 τῶν
2907 3397 3153 3467 ἀγγέλων
3197 3402 3529 3470 συμϐουλίαν
3572 3404 3628 3459 τί

2032 3491 2244 3562 γέγονε.
2270 3489 2362 3543 Ἐν
2392 3489 2468 3562 τῷ
2492 3488 2602 3561 γάρ
2625 3490 2799 3542 εἰπεῖν
2827 3489 2917 3543 τὸν
2939 3491 3094 3555 Θεὸν,
3133 3495 3493 3565 Ποιήσωμεν
3519 3496 3627 3550 ἄνα

2033 3583 2289 3651 θρωπον,
2335 3582 2461 3637 κατ’
2493 3582 2699 3635 εἰκόνα
2741 3580 3036 3651 ἡμετέραν
3082 3580 3222 3647 εἷπε,
3252 3586 3348 3640 καὶ
3393 3588 3455 3640 ού
3498 3588 3631 3643 κατ’

2032 3676 2239 3727 εἰκόνα
2268 3673 2447 3744 μόνον.
2474 3672 2771 3726 Συνεκάλει
2792 3672 2900 3745 γὰρ
2926 3678 3007 3740 εἰς
3027 3675 3124 3746 τὴν
3144 3677 3336 3733 ἑαυτοῦ
3360 3679 3423 3750 δη
3432 3697 3627 3753 μιουρ-

2033 3766 2160 3833 γίαν
2187 3764 2277 3819 τὸν
2314 3764 2474 3817 αὐτὸν
2506 3765 2678 3833 Λόγον
2706 3765 2803 3820 καὶ
2830 3766 3133 3839 Μονογενῆ,
3177 3768 3254 3834 ὡς
3303 3770 3415 3841 ἔχει
3452 3774 3549 3827 καὶ
3592 3776 3630 3845 ἡ

2033 3854 2093 3922 ἐξ
2138 3854 2394 3926 ἀληθείας
2443 3857 2739 3928 ὁρμωμένη
2787 3857 2998 3911 πιστῶν
3024 3858 3225 3924 ἔννοια,
3266 3864 3361 3917 καὶ
3394 3866 3528 3918 αὐτὸ
3564 3867 3630 3921 τὸ

2032 3948 2132 4018 τῆς
2172 3946 2431 4020 ἀληθείας
2463 3948 2807 4021 άκρίϐασμα,
2846 3950 2921 4015 ὡς
2954 3952 3045 4006 καὶ
3075 3953 3133 4005 ἐν
3166 3954 3379 4027 ἑτέροις
3411 3957 3630 4014 πλείοσι

2034 4038 2223 4107 σαφῶς
2258 4041 2387 4112 περὶ
2412 4041 2603 4095 τούτου
2632 4043 2727 4099 καὶ
2755 4043 2842 4098 διὰ
2879 4033 3090 4116 μῆκους
3121 4048 3503 4123 ἐποιησάμεθα
3526 4052 3631 4123 τὴν

2031 4132 2345 4202 ὁμολογίαν,
2376 4136 2452 4199 ὡς
2477 4138 2505 4188 ὁ
2529 4138 2721 4209 Πατὴρ
2765 4140 3117 4207 συγκαλεῖται
3147 4141 3240 4195 τὸν
3270 4142 3399 4198 Υίὸν
3430 4145 3629 4217 συνδη-

2035 4229 2315 4296 μιουργεῖν
2349 4226 2441 4280 τὸν
2473 4226 2780 4301 ἄνθρωπον,
2809 4231 2876 4285 δι’
2905 4228 2965 4288 οὗ
3012 4235 3107 4289 καὶ
3152 4236 3221 4290 τὰ
3261 4237 3399 4294 ἀλλα
3448 4228 3628 4298 πάντα

2032 4314 2307 4385 ἐποίησεν.
2343 4319 2416 4371 Οὐ
2457 4319 2618 4389 μόνον
2665 4321 2722 4374 δὲ
2770 4324 3061 4392 συγκαλεῖν
3106 4327 3318 4399 εἴποιμι
3349 4329 3439 4385 τὸν
3474 4331 3627 4396 rte».

2032 4407 2167 4461 ἀλλά
2196 4409 2290 4462 καὶ
2321 4409 2383 4461 τὸ
2416 4409 2570 4480 άγιον
2596 4413 2841 4485 Πνεῦμα.
2884 4415 2968 4481 Τῷ
2996 4417 3106 4491 γάρ
3136 4422 3299 4489 λόγῳ
3326 4423 3553 4490 Κυρίου
3573 4429 3631 4479 οἱ

2032 4499 2273 4567 οὐρανοὶ
2298 4498 2769 4571 ἐστερεώθησαν,
2793 4505 2892 4559 καὶ
2927 4506 3006 4572 τῷ
3033 4510 3326 4578 πνεύματι
3356 4514 3463 4567 τοῦ
3484 4517 3630 4568 στό-

343 4598 476 4652 mali
502 4602 645 4651 sunt.
669 4600 716 4646 et
743 4590 932 4657 spiritu
964 4589 1072 4642 oris
1123 4588 1237 4659 ejus
1290 4588 1459 4641 omnis
1508 4587 1673 4640 virtus
1706 4589 1929 4651 eorum‘,

2032 4605 2222 4659 ματος
2251 4591 2439 4645 αὐτοῦ
2466 4591 2632 4648 πᾶσα
2658 4594 2697 4660 ἡ
2733 4593 2987 4665 δύναμις
3015 4597 3232 4652 αὐτῶν.
3264 4598 3387 4654 Εἴτε
3418 4600 3475 4654 δὲ
3501 4601 3630 4672 βου-

342 4692 612 4745 Caaterum
651 4685 767 4740 sive
811 4688 1029 4752 sponte,
1061 4681 1176 4734 sive
1219 4678 1411 4734 nolens
1460 4678 1563 4733 hoc
1613 4676 1929 4736 Saturnilus

344 4780 572 4837 haeresis
613 4782 806 4832 auctor
848 4771 1138 4826 admittere
1174 4779 1439 4839 cogetur:
1496 4783 1664 4821 unum
1702 4770 1931 4824 omnino

346 4870 515 4926 Deum
549 4882 613 4921 ac
643 4863 934 4919 Dominum
979 4875 1102 4916 esse
1145 4859 1487 4913 conditorem
1539 4858 1926 4914 universorum

344 4969 402 5017 ct
434 4960 722 5019 artiﬁcem,
770 4955 1017 5024 adeoque
1064 4952 1144 5006 vel
1190 4949 1429 5003 hominis
1468 4948 1662 5018 ipsius.
1699 4948 1929 5025 l’udebit

348 5053 573 5121 insuper
609 5050 758 5104 illutn
789 5047 936 5102 velut
967 5043 1422 5100 calumniatorem
1463 5057 1655 5094 eorum
1683 5057 1805 5111 quae
1831 5043 1926 5097 ad-

348 5157 541 5198 versus
572 5138 886 5209 prophetas,
925 5149 1139 5189 neenur.
1175 5130 1241 5188 ad
1296 5131 1558 5184 honestas
1586 5134 1805 5200 nuptias
1832 5147 1929 5186 ne-

347 5233 613 5307 quissime
642 5227 984 5283 damnaudas
1018 5225 1236 5280 eﬂ'uttit.
1267 5219 1483 5291 Quippe
1525 5218 1788 5276 Dominus
1827 5237 1928 5276 no-

346 5341 460 5385 Ster
481 5324 643 5380 Jesus
664 5319 916 5375 Christus
946 5319 998 5371 in
1024 5316 1319 5388 Evangelia
1339 5313 1629 5385 perspicue
1652 5315 1933 5384 propheta:

350 5426 718 5477 consentanea
748 5411 877 5466 dicit
918 5425 981 5465 ac
1024 5410 1381 5479 pronuntiat:
1421 5390 1686 5468 Quoniam
1722 5407 1810 5474 qui
1840 5424 1932 5475 per

424 5663 450 5698 ³
472 5661 619 5720 Psal.
656 5674 830 5722 uxn,
860 5656 915 5712 6.
966 5710 973 5718 ,
1032 5660 1050 5688 ³
1082 5652 1140 5708 F.
1177 5651 1569 5717 κατοπτεύσας,
1603 5660 1658 5706 et
1684 5653 2015 5728 ἐξιχνιάσας.

2034 4679 2245 4752 ληθείη,
2286 4681 2396 4736 εἴτε
2427 4684 2521 4737 καὶ
2549 4687 2625 4757 μὴ
2653 4686 2963 4759 βουληθείη,
2994 4690 3137 4760 φημὶ
3163 4689 3221 4744 δὲ
3251 4694 3279 4751 ὁ
3302 4692 3629 4765 Σατορνῦος

2035 4772 2064 4825 ὁ
2098 4773 2200 4845 τῆς
2221 4775 2485 4847 αἱρέσεως
2508 4777 2712 4850 ταύτης
2738 4781 3003 4851 ἀρχηγὸς,
3031 4784 3514 4857 ἀναγκασθήσεται
3538 4788 3630 4853 ὲξο

2036 4863 2273 4929 άπαντος
2296 4865 2388 4919 τὸν
2413 4868 2510 4921 ἕνα
2533 4869 2665 4923 Θεὸν
2689 4870 2991 4942 ὁμολογεῖν,
3019 4872 3150 4928 Θεὸν
3183 4877 3278 4929 καὶ
3302 4876 3508 4951 Κύριον
3529 4879 3627 4934 τοῦ

1986 5020 1987 5023 η
2036 4952 2352 5024 σύμπαντος
2383 4957 2513 5012 ὄντα
2543 4960 2768 5031 κτίστην
2810 4976 2869 5013 τε
2905 4963 3000 5015 καὶ
3028 4962 3383 5037 δημιουργὸν,
3421 4969 3540 5039 ἅμα
3564 4986 3624 5024 τε

1990 5092 1995 5095 .
2034 5047 2126 5103 καὶ
2165 5047 2259 5101 τοῦ
2307 5047 2619 5121 ἀνθρώπου.
2669 5053 3102 5125 Αίσχυνθήσεται
3147 5056 3205 5110 δὲ
3256 5059 3400 5113 κατὰ
3445 5061 3630 5119 πάντα

2029 5136 2231 5208 τρόπον
2262 5137 2338 5201 ὼς
2382 5142 2725 5213 συκοφάντης
2758 5145 2853 5198 καὶ
2893 5146 2975 5209 είς
3018 5145 3111 5199 τὸν
3162 5149 3291 5216 περὶ
3326 5152 3626 5224 προφητῶν

2031 5226 2207 5299 λόγον,
2240 5231 2335 5285 καὶ
2382 5234 2462 5295 είς
2511 5233 2611 5304 τὴν
2660 5235 2804 5289 κατά
2832 5235 2926 5290 τοῦ
2957 5238 3159 5309 σεμνοῦ
3190 5242 3372 5311 γάμου
3408 5243 3629 5316 φαύλην

2033 5322 2387 5393 κατηγορίαν.
2417 5323 2591 5387 Αὐτὸς
2615 5325 2725 5397 γάρ
2751 5329 2778 5380 ὁ
2805 5328 3008 5399 Κύριος
3049 5329 3205 5399 ἡμῶν
3234 5333 3446 5405 Ἰησοῦς
3491 5336 3626 5408 Χρι-

2037 5409 2160 5476 στὸς
2185 5413 2484 5488 διαρρήδην
2515 5417 2750 5484 ὲκφωνεῖ
2781 5420 2839 5471 ἐν
2860 5419 2938 5490 τῷ
2963 5419 3304 5496 Εὐαγγελίῳ,
3348 5427 3443 5481 καὶ
3471 5427 3629 5499 λέγει

2124 5665 2140 5698 ³
2170 5663 2281 5720 Vox
2318 5665 2421 5721 ista
2458 5680 2818 5736 supervacua.
2892 5671 2910 5699 "
2947 5667 3005 5725 Ε,
3047 5671 3282 5747 ἀνάγκη.
