3960 6146
334 332 435 393 3οἲ

1764 316 1824 372 8.
1864 314 2204 372 EPIPIIANII

3499 320 3604 379 508

337 447 685 513 Nathanacli,
722 460 787 501 ac
817 442 1071 513 Cleoplue
1094 441 1149 496 in
1180 440 1267 495 via
1289 438 1631 509 apparuisse,
1659 442 1822 506 atque
1849 448 1914 490 ex

2022 432 2159 504 ναὴλ
2193 433 2307 505 (52)
2341 436 2437 491 καὶ
2481 437 2571 492 τὸν
2603 438 2876 507 Κλεόπαν,
2902 441 2999 495 καὶ
3039 440 3256 505 τούτους
3288 440 3598 513 νενουθετη-

338 541 730 613 prOpbetarum
765 533 1099 591 testimoniis
1129 531 1505 595 admonuisse,
1530 529 1796 596 Quoniam
1839 526 1918 581 sic

338 636 608 705 oportebat
642 631 915 687 Christum
948 629 1081 699 pali,
1109 637 1158 682 et
1193 643 1225 680 a
1270 624 1494 679 mortuis
1522 623 1676 677 tertia
1712 620 1797 677 die
1832 637 1917 675 re-

335 726 605 798 surgere'.
641 724 926 780 Postremo
970 720 1108 775 nihil
1142 719 1197 772 iu
1228 724 1340 773 tota
1366 714 1568 771 Christi
1602 715 1713 768 vita
1741 712 1917 768 admi-

339 815 777 884 nis‘trationeque
806 809 1077 872 cernitur,
1114 806 1259 877 quod
1291 819 1321 858 a
1354 803 1746 874 prophetarum
1778 800 1916 855 vati-

335 908 497 963 ciniis
530 906 844 961 abhorreat.

410 998 522 1054 Vlla
553 998 630 1053 Ac
654 998 722 1054 de
765 995 1138 1051 Saturniliana
1184 992 1377 1047 haeresi
1428 990 1717 1051 hactenus,
1763 1001 1829 1040 ne
1861 985 1915 1038 in

338 1090 555 1146 stolidis
589 1089 711 1159 ejus
756 1085 1180 1159 quaestionibus,
1210 1084 1328 1156 68
1367 1094 1669 1149 earumque
1709 1076 1918 1133 refuta-

337 1188 488 1241 tione
506 1194 720 1253 tempus
739 1189 1043 1237 conteram.
1068 1176 1182 1233 Hac
1208 1177 1375 1248 igitur
1388 1174 1628 1237 omissa,
1659 1171 1918 1240 deinceps

338 1277 404 1331 ad
436 1275 687 1330 Basilides
714 1270 1079 1343 condiscipuli
1114 1269 1283 1334 illius,
1315 1277 1369 1322 et
1398 1264 1605 1321 erroris
1634 1262 1770 1318 socii
1800 1263 1913 1317 hae-

336 1367 487 1422 resiu
537 1367 917 1437 explicandam
978 1378 1067 1416 me
1121 1360 1415 1417 conferam.
1474 1358 1654 1413 Ambo
1711 1355 1915 1427 quippe

334 1456 651 1510 earumdem
676 1456 992 1525 dogmatum
1022 1451 1336 1523 participes,
1364 1451 1513 1506 velut
1541 1466 1571 1504 a
1593 1464 1654 1506 se
1680 1441 1929 1504 invicem'

223 1558 226 1562 '
334 1565 545 1605 venena
598 1549 833 1603 mutuati
894 1556 1065 1615 sunt;
1127 1546 1206 1601 uti
1258 1544 1606 1601 notissimum
1658 1541 1915 1598 omnibus

333 1642 685 1714 proverbium
709 1641 913 1697 habet:
946 1638 1233 1709 Tanquam
1269 1638 1420 1708 aspis
1450 1652 1479 1691 a
1510 1637 1693 1706 vipera
1723 1643 1915 1689 mutuo

330 1734 488 1790 virus
516 1733 811 1804 accipiens.
841 1731 1101 1803 Ejusdem
1130 1731 1277 1784 enim
1307 1729 1509 1785 schola;
1534 1728 1676 1781 inter
1696 1740 1755 1783 se
1784 1734 1913 1782 sunt

334 1842 398 1882 ac
433 1841 766 1890 consessus;
799 1823 1021 1880 tametsi
1048 1837 1148 1879 sua
1180 1822 1415 1894 quisque
1451 1820 1677 1875 fundata
1717 1820 1909 1874 haeresi

333 1920 628 1989 separatim
661 1917 991 1973 constiterit.
1032 1914 1214 1983 Quare
1244 1914 1542 1986 nequitiam
1580 1913 1752 1983 ipsam
1785 1928 1813 1966 a
1856 1926 1917 1967 se

332 2020 529 2066 mutuo
558 2017 937 2081 corrogarunt,
958 2009 1358 2065 dissensionem
1384 2023 1514 2063 vero
1545 2008 1686 2078 apud
1721 2022 1779 2062 se
1809 2007 1917 2077 pri-

330 2104 498 2157 vatim
530 2103 913 2159 instituerunt.
940 2100 1044 2156 Sed
1074 2101 1189 2157 sive
1210 2100 1361 2171 prior
1387 2100 1489 2155 iste
1516 2100 1715 2169 vipera:
1744 2099 1915 2153 instar

331 2194 478 2265 quod
531 2195 599 2250 ab
646 2194 1094 2251 antecessoribus
1145 2194 1410 2249 hauserat
1450 2191 1502 2246 id
1547 2192 1600 2244 in
1628 2189 1912 2246 Basiliden

327 2287 647 2353 transfudit,
681 2289 796 2343 sive
828 2288 917 2343 hic
956 2287 1010 2342 in
1055 2288 1207 2342 illum
1250 2286 1455 2357 potius,
1493 2300 1617 2340 cum
1659 2292 1713 2340 et
1758 2283 1913 2339 letale

330 2379 403 2433 sit
441 2393 731 2442 venenum,
765 2387 819 2434 et
869 2378 940 2433 ab
989 2377 1302 2434 istiusmodi
1343 2376 1690 2447 serpentibus
1730 2374 1912 2445 profe-

328 2479 504 2533 ctum,
541 2470 745 2525 Christi
782 2469 996 2524 Domini
1024 2470 1276 2526 doctrina
1301 2468 1454 2525 velut
1480 2468 1726 2523 antidoto
1754 2482 1912 2523 ener-

327 2571 516 2616 vatum
565 2577 596 2615 a
646 2562 807 2616 nobis
843 2569 900 2616 ct
947 2561 1282 2617 exstinctum
1326 2560 1724 2631 relinquemus.
1770 2557 1911 2613 Tum

330 2655 621 2723 implorato
656 2652 751 2708 Dei
800 2652 1003 2707 auxilio
1056 2652 1123 2707 ad
1173 2653 1435 2722 reliquas,
1488 2667 1521 2706 ο
1569 2649 1909 2715 charissimi,

334 2749 578 2802 haereses
614 2748 919 2801 orationem
955 2745 1424 2816 promovebimus.

715 2833 996 2892 CONTRA
1024 2831 1522 2897 BASILIDIANOS,

608 2930 738 2998 Qua:
769 2941 850 2986 est
882 2929 1102 2985 [tmesis
1136 2927 1165 2983 ι
1182 2927 1243 2995 γ,
1280 2928 1387 2983 sive
1410 2926 1626 2983 XXIV.

399 3026 441 3080 Ι.
464 3014 732 3081 Basilides
760 3024 948 3095 igitur,
972 3029 1034 3077 ut
1050 3029 1208 3077 antea
1232 3020 1493 3089 diximus,
1528 3020 1584 3075 in
1610 3019 1907 3092 Egyptum

2020 528 2175 582 κέναι
2206 528 2315 582 ἀπὸ
2338 529 2447 584 τῶν
2469 529 2908 603 προφητῶν,⁶’οτι
2939 534 3129 602 οὕτως
3158 534 3277 588 ἔδει
3319 536 3428 589 τὸν
3466 538 3602 607 Χρι-

2019 619 2175 673 στὸν
2196 621 2426 687 παθεῖν,
2457 624 2555 677 καὶ
2585 625 2654 679 ἐκ
2681 625 2912 696 νεκρῶν
2939 626 3277 695 ἀναστῆναι
3321 626 3397 696 τῇ
3438 629 3599 697 τρίτῃ

2017 712 2229 782 ἡμέρᾳ.
2260 715 2369 769 Καὶ
2393 716 2545 771 οὐδέν
2569 719 2718 772 ἐστιν
2744 718 2882 782 ὅλως
2909 718 3210 788 διαφωνοῦν
3235 720 3335 793 τῆς
3360 720 3455 774 τοῦ
3483 722 3604 776 Κυ-

2025 805 2141 876 ρίου
2193 808 2461 880 ἐνσάρκου
2506 809 2811 882 παρουσίας
2839 811 2974 883 πρὸς
3012 812 3112 874 τὰς
3151 811 3260 865 τῶν
3305 812 3600 890 προφητῶν

2019 900 2377 971 προφητείας.

2091 993 2165 1047 Z’.
2208 992 2349 1046 Ἀλλ’
2396 993 2502 1058 ἕως
2547 995 2739 1049 τούτου
2790 996 2914 1067 περὶ
2953 996 3054 1067 τῆς
3088 996 3411 1069 Σατορνίλου
3441 996 3593 1069 αἶρέ⁴

2021 1101 2159 1150 σεως
2209 1085 2468 1158 εἰρήσθω,
2497 1088 2586 1142 ἶνα
2636 1088 2710 1160 μὴ
2759 1089 3036 1142 ἀναλίσκω
3073 1090 3302 1160 χρόνους
3338 1091 3467 1161 περὶ
3500 1090 3599 1155 τὰς

2022 1176 2212 1247 μωρὰς
2267 1176 2431 1231 αὐτοῦ
2478 1177 2754 1249 ζητήσεις,
2782 1179 2877 1232 καὶ
2919 1179 3016 1243 τὰς
3062 1179 3252 1232 τούτου
3287 1177 3598 1250 ἀνατροπὰς

2018 1268 2410 1335 ἐνειλούμενος.
2431 1271 2528 1323 Ἐκ
2555 1271 2761 1343 ταύτης
2792 1270 2853 1324 δὲ
2884 1270 3190 1344 παρελθὼν.
3222 1271 3351 1343 ἑξῆς
3374 1272 3470 1344 τὴν
3492 1272 3601 1325 Βα-

2022 1360 2255 1413 σιλείδου
2287 1360 2382 1413 τοῦ
2413 1361 2776 1431 συσχολαστοῦ
2803 1362 2990 1415 τούτου
3018 1363 3113 1416 καὶ
3142 1362 3598 1433 συνηπατημένου

2016 1452 2261 1523 δηλώσω.
2292 1452 2598 1525 Μετέχουσι
2642 1456 2751 1526 γὰρ
2782 1449 2950 1520 οὗτοι,
2998 1455 3074 1519 ὡς
3118 1455 3214 1509 ἀπ’
3239 1454 3483 1527 ἀλλήλων
3507 1455 3599 1508 τὸν

2020 1545 2097 1599 ἰὸν
2143 1543 2541 1617 δανεισάμενοι,
2567 1547 2709 1601 κατὰ
2752 1546 2851 1619 τὴν
2884 1547 3090 1619 ἐναργῆ
3132 1548 3465 1619 παροιμίαν·
3507 1547 3598 1611 Ὠς

2018 1637 2185 1701 ἀσπὶς
2227 1639 2359 1710 παρ’
2387 1638 2600 1708 ἐχίδνης
2626 1638 2739 1707 (55)
2787 1635 3251 1707 ίδνδανειζομὲνη.
3277 1627 3446 1707 ὐμοῦ
3489 1634 3599 1706 γάρ

2018 1733 2123 1785 εἰσι
2165 1732 2266 1802 τῆς
2289 1732 2485 1803 σχολῆς
2511 1731 2605 1785 καὶ
2634 1732 2913 1802 συνεδρίου
2937 1731 3201 1803 ἀλλήλων.
3232 1730 3372 1784 Καθ’
3406 1728 3599 1783 ἐαυτὸν

2017 1824 2074 1878 δὲ
2114 1825 2344 1895 ἔστηκεν
2389 1825 2646 1896 ἑκάτερον
2670 1827 2692 1858 ⁸
2724 1824 2824 1896 τὴν
2864 1825 3076 1897 αἵρεσιν
3107 1823 3556 1896 προστησάμενος
3576 1836 3596 1854 ο

2017 1917 2119 1971 καῖ
2140 1916 2236 1988 τὴν
2277 1918 2375 1989 μὲν
2416 1918 2617 1973 κακίαν
2667 1918 2796 1990 παρ’
2826 1916 3072 1989 ἀλλήλων
3120 1916 3470 1990 ὴρανίσαντο,
3498 1916 3599 1987 τὴν

2014 2008 2072 2061 δὲ
2108 2007 2406 2077 διαφωνίαν
2449 2010 2507 2063 ἐν
2551 2010 2735 2073 αὐτοῖς
2759 2009 3136 2080 ἐνεστήσαντο.
3165 2009 3290 2061 Εἴτε
3312 2004 3406 2062 οὖν
3439 2002 3598 2071 οὗτος

2015 2098 2171 2169 δίκην
2221 2098 2455 2170 ἐχίδνης,
2501 2099 2653 2171 παρὰ
2694 2097 2805 2152 τῶν
2851 2097 3115 2153 ἀνωτάτω
3162 2096 3469 2169 μετασχὼν,
3517 2095 3597 2167 τῷ

2016 2189 2302 2262 Βασιλείδῃ
2336 2190 2723 2262 μεταδέδωκεν,
2757 2190 2790 2261 ἢ
2832 2191 3040 2255 ἐκεῖνος
3064 2188 3258 2259 τούτῳ,
3287 2190 3439 2258 ὅμως
3474 2187 3600 2242 ὀλέ-

2016 2283 2165 2355 θριος
2193 2282 2270 2338 ὢν
2299 2284 2327 2337 ὁ
2350 2285 2555 2339 τούτων
2587 2285 2685 2351 ίὺς,
2713 2285 2807 2339 καὶ
2831 2280 2938 2339 ἀπὸ
2955 2283 3217 2338 τοιούτων
3240 2281 3486 2354 ἑρπετῶν
3504 2284 3601 2354 δρ-

2017 2376 2287 2448 μώμενος,
2314 2376 2402 2430 διὰ
2442 2378 2544 2450 τῆς
2572 2377 2666 2432 τοῦ
2703 2377 2910 2450 Κυρίου
2938 2375 3287 2438 διδασκαλίας
3320 2373 3602 2429 ἀντιδότοο

2013 2467 2169 2538 δίκην
2195 2468 2548 2541 άμαυρωθείς
2574 2486 2635 2522 τε
2657 2469 2755 2523 καὶ
2787 2467 3107 2539 άφανισθεὶς
3129 2467 3220 2537 ὑφ’
3237 2466 3395 2537 ἡμῶν
3424 2482 3597 2520 κατα-

2014 2559 2298 2630 λελείφθω.
2315 2561 2381 2614 Ἦ
2386 2564 2506 2632 μείς
2528 2560 2586 2613 δέ
2615 2560 2747 2617 Θεὸν
2777 2557 3218 2629 ἐπικαλούμενοι,
3239 2556 3330 2610 ἐπὶ
3348 2554 3449 2619 τὰς
3469 2555 3599 2625 ἑξῆς

2019 2654 2207 2726 ἴωμεν,
2242 2649 2287 2708 ὧ
2320 2653 2617 2726 ἀγαπητοί.

2405 2843 2591 2898 ΚΑΤΑ
2619 2840 3166 2900 ΒΑΣΙΛΕΙΔΙΛΝΩΝ,

2369 2938 2611 3006 Αἵρεσις
2685 2935 2761 2998 Δ’,
2819 2937 2857 3003 τ’]
2937 2934 3034 2987 καὶ
3086 2937 3209 2987 KA'.

2086 3033 2163 3085 A'.
2207 3030 2521 3103 Βασιλείδης
2548 3028 2659 3100 (54)
2695 3028 2793 3100 μὲν
2816 3022 2929 3090 οὖν,
2956 3025 3099 3081 καθὰ
3126 3026 3237 3081 ἄνω
3258 3023 3601 3097 προδεδήλω-

328 3116 612 3187 prol‘ectus
662 3116 861 3170 ibidem
895 3122 1274 3171 commoratus
1304 3123 1407 3170 est.
1440 3114 1573 3171 Inde
1601 3114 1658 3170 in
1698 3098 1897 3171 proso-

2022 3141 2121 3188 ται,
2156 3124 2214 3191 ἐν
2244 3124 2310 3194 τῇ
2337 3120 2443 3175 τῶν
2813 3117 2969 3191 χώρα
2998 3116 3346 3188 στειλάμενος
3374 3114 3474 3188 τὴν
3500 3131 3598 3169 πο-

331 3208 581 3276 piticam,
639 3215 694 3262 et
747 3206 1140 3261 Athribiticam
1195 3205 1579 3278 praefecturam
1634 3208 1910 3274 secessit;

329 3305 497 3367 atque
528 3297 693 3351 etiam
718 3296 772 3351 in
810 3295 1037 3362 Saitica,
1064 3306 1118 3353 et
1143 3298 1491 3355 Alexandria:
1517 3306 1775 3355 versatus
1807 3305 1913 3362 est,

327 3392 383 3445 in
443 3389 920 3462 Alexandrinoque
979 3405 1131 3462 agro,
1203 3392 1318 3448 sive
1374 3408 1551 3447 nomo.
1614 3390 1708 3447 Sic
1766 3392 1914 3446 enim

330 3484 397 3540 ΛΞ
412 3486 580 3557 gyptii
611 3485 879 3555 cujusque
902 3484 1139 3540 civitatis
1171 3500 1387 3556 agrum,
1420 3501 1485 3541 ac
1513 3487 1912 3554 circumjacen-

330 3589 438 3632 tem
471 3567 768 3649 regionem
819 3578 1123 3633 nominant.
1178 3578 1357 3648 Atque
1397 3578 1522 3644 hoc,
1561 3578 1810 3649 quisquis
1855 3594 1914 3635 es

329 3669 599 3723 doctrina:
625 3668 879 3739 cupidus,
918 3668 986 3723 ad
1014 3685 1175 3724 usum
1208 3677 1361 3724 tuum
1395 3668 1645 3735 habebis,
1681 3669 1827 3740 quod
1862 3678 1917 3724 et

330 3759 397 3816 ad
414 3761 797 3827 eruditionem,
820 3769 873 3816 et
892 3760 957 3816 ad
977 3762 1340 3833 quorumdam
1358 3763 1598 3818 locorum
1618 3761 1917 3834 perspicui-

342 3865 507 3907 tatem
547 3852 713 3908 l‘aciat
742 3872 753 3908 :
783 3869 891 3924 quo
928 3854 1190 3908 nonnulla
1223 3870 1344 3924 qua:
1375 3853 1430 3908 in
1475 3854 1650 3909 sacris
1693 3852 1914 3910 Litteris

330 3944 534 4014 scripta
563 3952 711 4006 sunt.
741 3953 795 4000 et
824 3944 1157 4018 quibusdam
1190 3953 1414 4016 propter
1439 3946 1714 4002 inscitiam
1749 3945 1912 4000 duhi-

327 4039 591 4093 tationem
625 4039 912 4109 injiciunt,
941 4039 1193 4111 religiose
1231 4038 1585 4106 confirmari,
1623 4039 1916 4110 explicari-

327 4147 437 4200 que
470 4132 699 4201 possint.
729 4129 1058 4202 Ubicunque
1087 4133 1235 4189 enim
1268 4130 1417 4204 apud
1439 4133 1643 4191 Isaiam
1677 4132 1914 4203 prOphe-

329 4231 442 4276 tam
503 4223 570 4278 de
630 4223 873 4281 civitatis
923 4224 1157 4294 alicujus
1215 4225 1425 4292 nomis,
1485 4234 1615 4296 puta
1675 4223 1910 4291 Taneos,

332 4313 621 4384 Memphis,
658 4315 741 4369 vel
778 4315 1075 4371 Bubastico
1105 4318 1372 4388 scriptum
1411 4318 1620 4388 aliquid
1651 4317 1911 4388 reperies,

333 4406 572 4475 idipsum
607 4420 671 4461 ex
708 4405 1095 4478 Egyptiorum
1130 4424 1284 4464 more
1309 4410 1785 4479 circumjacentem
1818 4427 1912 4467 cu-

325 4501 639 4569 juscunque
685 4499 926 4556 civitatis
972 4515 1164 4572 agrum
1207 4502 1517 4574 signiﬁcat;
1547 4503 1694 4573 quod
1726 4504 1913 4559 erudi-

335 4591 502 4647 tionis
540 4607 706 4648 causa
744 4592 1026 4648 declarare
1067 4594 1365 4649 voluimus.
1425 4592 1709 4664 Ejusmodi
1745 4596 1915 4668 igitur

329 4684 383 4737 in
420 4684 555 4740 locis
604 4684 674 4752 is,
708 4700 871 4756 quem
929 4686 1189 4754 diximus,
1237 4685 1537 4744 circulator
1585 4688 1838 4760 degebat,
1883 4707 1915 4748 e

329 4779 533 4848 quibus
582 4787 848 4851 quantum
893 4791 1139 4854 apparet,
1181 4784 1295 4839 haec
1338 4784 1455 4856 ipsa
1498 4802 1621 4860 qua:
1669 4787 1724 4843 in
1769 4788 1913 4845 hanc

2020 3216 2193 3289 ρείαν,
2228 3215 2407 3268 ἐκεῖσε
2453 3212 2551 3275 τὰς
2598 3210 2881 3282 διατριϐὰς
2925 3211 3189 3263 ἐποιεῖτο’
3224 3203 3344 3261 εἶτα
3378 3206 3600 3278 ἔρχεται

2016 3310 2096 3371 εἰς
2122 3305 2191 3361 τὰ
2224 3307 2363 3378 μέρη
2392 3304 2486 3359 τοῦ
2513 3302 2867 3375 Προσωπίτου
2894 3303 2989 3356 καὶ
3017 3300 3349 3371 Ἀθριϐίτου,
3378 3299 3439 3355 οὺ
3488 3298 3601 3370 μὴν

2016 3398 2152 3452 ἀλλὰ.
2197 3398 2292 3451 καὶ
2337 3396 2466 3468 περὶ
2512 3394 2605 3448 τὸν
2644 3393 2845 3464 Σαΐτην
2883 3393 2980 3446 καὶ
3022 3389 3455 3462 Ἀλεξάνδρειαν,
3501 3386 3599 3441 καὶ

2028 3487 2589 3561 Ἀλεξανδριοπολίτην
2617 3486 2813 3559 χῶρον,
2839 3486 2957 3557 ἦτοι
2978 3483 3185 3552 νομόν.
3209 3481 3390 3552 Νομὺν
3410 3478 3520 3551 γάρ
3546 3479 3599 3533 oi

2015 3582 2302 3651 Αἰγύπτιοί
2338 3599 2471 3651 φασι
2495 3581 2593 3652 τὴν
2618 3580 2857 3648 ἑκάστης
2889 3576 3096 3639 πόλεως
3122 3573 3451 3647 περιοικίδα,
3477 3573 3599 3644 ἦτοι

2016 3676 2342 3748 περίχωρον.
2393 3673 2590 3745 Εὖροις
2635 3672 2678 3726 δ’
2711 3672 2799 3734 ἂν,
2834 3663 2878 3723 ὦ
2909 3668 3176 3739 φιλολὸγε,
3205 3665 3300 3720 καὶ
3336 3664 3495 3719 τοῦτο
3519 3664 3597 3726 είς

2016 3769 2209 3823 ἑαυτοῦ
2237 3766 2527 3838 ὠφέλειαν,
2560 3765 2698 3837 πρὸς
2743 3761 3099 3834 φιλομάθειαν
3136 3759 3229 3813 καὶ
3276 3757 3597 3829 σαφήνειαν,

2014 3862 2095 3922 είς
2114 3860 2134 3890 ³
2162 3858 2362 3929 εὐσεϐῆ
2393 3855 2648 3910 σύστασιν
2669 3854 2764 3909 καὶ
2786 3855 2984 3924 φράσιν
3009 3851 3117 3905 τῶν
3135 3854 3195 3904 ἐν
3218 3852 3283 3921 τῇ
3313 3848 3435 3920 Θείᾳ
3456 3848 3597 3918 Γραο

2017 3955 2092 4022 φῇ
2120 3950 2410 4022 κειμένων,
2444 3948 2553 4002 τῶν
2582 3949 2663 4012 εἰς
2688 3947 2925 4018 ἀπορίας
2948 3945 3102 4009 τινὰς
3128 3943 3503 4015 ἐμϐαλλόντων
3525 3940 3595 3993 δι’

2016 4043 2293 4115 ἀπειρίαν.
2319 4042 2493 4096 Ὅπου
2549 4040 2660 4112 γὰρ
2699 4040 2757 4092 ἐν
2800 4038 2877 4110 τῷ
2920 4038 3059 4109 ἁγίῳ
3110 4037 3365 4109 προφήτῃ
3398 4034 3599 4104 Ἡσαΐᾳ

2015 4136 2197 4208 εὕροις
2240 4133 2628 4207 γεγραμμένον
2662 4132 2791 4203 ’περὶ¹
2820 4130 3001 4201 νομῶν
3042 4128 3253 4191 πόλεως
3291 4128 3596 4196 Αἰγυπτια-

2014 4229 2146 4294 κῶν,
2174 4222 2286 4283 οἷον
2310 4226 2549 4289 Τάνεως,
2578 4224 2612 4296 ἢ
2642 4224 2940 4296 Μέμφεως,
2971 4222 3005 4292 ἢ
3034 4219 3198 4291 νομοῦ
3244 4219 3347 4291 τῆς
3389 4217 3598 4271 Βουϐά-

2016 4339 2163 4386 στου,
2194 4316 2582 4389 Αίγυπτιακῶς
2606 4315 2703 4387 τὴν
2726 4314 3032 4388 περίχωρον
3051 4314 3072 4345 ⁸
3092 4312 3193 4383 τῆς
3210 4309 3477 4382 τυχούσης
3499 4309 3596 4364 πό-

2014 4415 2150 4478 λεως
2182 4412 2459 4485 σημαίνει.
2500 4409 2611 4464 Καὶ
2652 4407 2812 4463 τοῦτο
2841 4405 3199 4479 φιλομαθείας
3222 4406 3387 4458 ἕνεκα
3422 4405 3591 4475 ἑρμη-

2021 4501 2397 4561 νευέσθωῖΗν
2426 4501 2558 4574 γοῦν
2601 4504 2660 4556 ἐν
2707 4503 2821 4566 τοῖς
2860 4500 3122 4564 τοιούτοις
3146 4497 3332 4562 τόποις
3354 4499 3383 4549 ὁ
3413 4512 3599 4569 προειο

2025 4599 2260 4674 ρημένος
2280 4596 2525 4669 ἀγύρτης
2555 4595 2654 4666 τὴν
2673 4593 2954 4649 διαϐίωσιν
2977 4590 3136 4663 ἔχων,
3163 4589 3224 4656 ἐξ
3248 4582 3324 4644 ὧν
3353 4588 3599 4659 φαίνεται

2024 4696 2059 4766 ἡ
2090 4694 2184 4748 καὶ
2231 4694 2312 4758 εἰς
2343 4691 2506 4763 δεῦρο
2544 4686 3075 4761 ἀκμάζουσα-αὑτοῦ
3120 4685 3354 4757 αἵρεσις,
3388 4686 3453 4738 ἐκ
3498 4681 3601 4753 τῆς

2022 4787 2187 4843 αὐτοῦ
2211 4784 2560 4847 διδασκαλίας
2592 4781 2835 4837 λαϐοῦσα
2860 4780 2960 4853 τὴν
2980 4779 3274 4854 πρόφασιν.
3311 4778 3420 4833 Καὶ
3443 4776 3603 4851 ἄρχε-

401 4941 415 4969 ¹
450 4939 583 4996 Luc.
621 4958 771 5007 xxw,
801 4940 892 4996 46.
969 4943 989 4973 ³
1016 4941 1075 4996 F.
1107 4942 1388 5015 ἑκάτερος.
1466 4945 1487 4977 ⁸
1529 4942 1589 4999 F.
1632 4947 1729 5000 καὶ
1754 4949 1854 5011 είς.

2022 4944 2058 5003 Γ.
2087 4946 2439 5019 περίμετρον.

397 5097 512 5164 (52)
544 5098 671 5165 Τοῖς
710 5099 845 5168 περὶ
894 5100 1003 5155 τὸν
1048 5099 1400 5168 Ναθαναήλ.
1463 5100 1539 5156 De
1591 5102 1762 5159 altero
1821 5105 1914 5160 illo

325 5169 581 5237 Cleopha:
622 5170 774 5225 socio
805 5169 1101 5245 _alii_aliter
1130 5172 1469 5245 existimant.
1512 5170 1765 5245 Plerique
1804 5176 1914 5232 Lu-

326 5253 448 5293 cam
495 5254 618 5294 esse
667 5241 931 5309 suspicati
982 5248 1133 5297 sunt.
1179 5241 1504 5298 Ambrosius
1554 5241 1909 5303 Animaonem

327 5311 473 5382 hunc
504 5317 685 5382 vocat.
733 5309 953 5365 Videtur
969 5313 1131 5373 enim,
1169 5313 1247 5367 ait
1289 5313 1359 5368 ad
1416 5313 1574 5368 Lucae
1602 5328 1652 5369 c.
1679 5331 1827 5382 xXIv,
1854 5332 1911 5371 se

326 5381 444 5434 istis
482 5396 560 5434 ιιι
599 5378 1033 5446 demonstrasse;
1069 5385 1205 5438 sicut
1243 5399 1298 5437 se
1344 5384 1626 5438 Ammaoui
1666 5396 1716 5440 et
1759 5378 1912 5443 Cleo-

326 5450 442 5515 plta:
464 5467 701 5506 seorsum
719 5450 838 5521 jam
861 5467 1064 5521 vespere
1090 5452 1558 5512 demonstraverat.
1593 5453 1697 5512 Sed
1725 5458 1917 5513 deesse

328 5522 473 5595 apud
526 5522 878 5595 Ambrosium
936 5522 1143 5595 aliquid
1206 5525 1478 5595 suspicor.
1534 5522 1671 5580 Nam
1702 5527 1920 5585 videtur

330 5592 635 5667 Amntaom',
663 5592 767 5667 loci
797 5592 1120 5667 vocabulum
1165 5592 1324 5667 esse,
1362 5596 1463 5651 levi
1503 5597 1917 5667 depravatione.

333 5676 433 5782 ρῖςῗ
464 5660 791 5782 Εηόιηθιιηιί.
829 5663 1000 5720 Porro
1028 5663 1251 5720 alterius
1275 5664 1529 5736 discipuli
1556 5660 1754 5723 nomen
1788 5670 1916 5724 sub-

333 5746 359 5782 s
389 5748 400 5782 I
432 5745 534 5782 uen
580 5746 692 5782 um.

332 5738 692 5787 stituendum.

404 5800 518 5871 (55)
566 5801 661 5867 Ὠς
720 5803 906 5869 ἀσπὶς
965 5803 1099 5873 παρ’
1138 5802 1401 5873 ἐχίδνης.
1459 5804 1514 5861 In
1558 5807 1920 5870 Collectancis

2021 5101 2284 5159 Proverb.
2318 5106 2615 5173 Στρωματ.
2643 5098 2707 5173 If.
2737 5098 2973 5173 Schotti,

2101 5175 2191 5238 Ὠς
2216 5174 2380 5245 ἀσπὶς
2391 5168 2903 5245 ’παρίέχίδνης-τδν
2945 5171 3021 5245 ίδν
3045 5168 3367 5245 δανείζεται.

2021 5236 2253 5307 Tertul,
2282 5236 2374 5298 lib.
2421 5236 2500 5297 ιη’
2522 5236 2752 5298 Contra'
2782 5238 3071 5305 Marciam,
3118 5255 3241 5309 cap.
3273 5239 3344 5293 8:
3383 5236 3601 5292 Desinat

2019 5330 2157 5368 nunc
2177 5314 2453 5369 famelicus
2481 5331 2514 5367 a
2535 5312 2748 5377 Judteo,
2792 5312 2958 5377 aspis,
2978 5310 3120 5383 quod
3141 5313 3315 5377 aiunt,
3340 5326 3375 5364 α
3404 5309 3599 5376 vipera,

2017 5387 2252 5439 mutuari
2284 5400 2553 5440 venenum.

2092 5456 2203 5525 (54)
2240 5455 2625 5521 Βασιλείδης.
2658 5453 2926 5509 Basilides
2956 5452 3022 5507 ad
3054 5452 3313 5525 Antonini
3349 5451 3427 5525 Pii
3462 5459 3601 5506 tem-

2018 5521 2152 5595 pora
2181 5521 2336 5590 vixit,
2370 5534 2428 5595 ut
2450 5526 2526 5579 ait
2552 5526 2809 5595 Clemens
2836 5521 3236 5595 Alexandrinus
3260 5540 3333 5578 vn
3370 5523 3596 5595 stram,

2021 5593 2113 5666 qui
2136 5595 2356 5666 quidem
2391 5593 2670 5666 Glauciam
2715 5593 2857 5649 Petri
2895 5594 3245 5666 interpretem
3278 5594 3598 5666 magistrum

2021 5663 2181 5720 suum
2206 5665 2466 5734 jactahat.
2494 5665 2570 5720 De
2600 5665 2703 5720 hoc
2733 5664 2967 5735 sparsim
2999 5663 3140 5735 idem
3159 5663 3596 5735 Alexandrinus:

2022 5732 2258 5790 lrenzeus
2288 5752 2418 5790 vero
2451 5735 2626 5790 fusius
2669 5732 2777 5790 lib.’
2816 5751 2853 5794 ι.
2900 5748 3021 5803 cap.
3055 5733 3146 5793 ‘23,
3195 5732 3462 5792 Eusebius
3500 5732 3596 5790 lib.
3646 5764 3649 5765 ν

2024 5824 2075 5865 ιν
2107 5805 2275 5872 Hist.,
2307 5822 2427 5878 cap.
2456 5808 2509 5877 6,
2542 5805 2812 5863 Theudor.
2850 5822 2913 5862 ac
2939 5806 3141 5862 caeteri.
