3960 6148
347 323 442 380 511

1773 341 1830 395 S.
1872 337 2213 399 EPIPHANH

3497 340 3604 404 312

347 439 782 511 omnipotentem
803 441 893 496 ille
923 440 1215 499 Dominum
1243 462 1430 502 verum
1457 465 1520 505 ac
1553 453 1732 507 solum
1760 453 1927 511 Deum

2037 461 2244 524 ἐκεῖνος
2260 460 2611 532 ἀρνούμενος,
2632 464 2724 518 ἕνα
2753 464 3002 534 βούλεται
3031 463 3192 520 αὐτὸν
3221 471 3488 541 παριστᾷν
3512 469 3623 525 τῶν

347 547 450 587 nec
479 531 648 585 alium
685 535 1086 592 contumeliose
1117 546 1386 608 appetens
1423 542 1548 610 (nos
1582 545 1730 599 enim
1773 563 1930 602 eum-

345 624 469 678 dem
486 622 702 678 Domint
735 627 911 681 nostri
929 627 1060 684 Jesu
1081 629 1282 686 Christi
1305 631 1521 689 Patrem
1552 637 1924 707 conﬁtemur);

344 717 514 782 hunc,
537 717 785 788 inquam,
817 722 1119 793 abnegans,
1146 739 1314 780 unum
1343 743 1407 782 ex
1433 730 1503 784 iis
1520 746 1662 799 quos
1691 733 1929 802 appellat

344 813 554 883 angelis
593 813 903 879 cunstituit,
936 823 995 871 ut
1035 826 1120 874 est
1163 834 1194 873 a
1235 821 1394 878 nobis
1424 832 1732 880 ostensum.
1786 825 1928 896 Ergo

342 902 564 959 Jttdaeos
585 905 786 960 sortito
812 906 887 960 illi
912 908 1211 980 contigisse
1243 910 1452 966 tradit:
1487 928 1650 984 quem
1685 921 1742 969 et
1769 915 1928 986 longe

343 996 576 1067 reliquis
627 998 841 1069 angelis
886 999 1318 1070 praefractiorem
1375 1019 1533 1069 esse,
1600 1021 1665 1060 ac
1724 1007 1924 1062 virium

345 1103 573 1144 suarum
602 1091 834 1146 audacia
866 1090 1066 1148 fretum
1097 1092 1379 1152 lsraelitas
1413 1113 1478 1152 ex
1514 1095 1759 1169 Egypto
1788 1099 1926 1155 libe-

344 1195 521 1245 rasse,
571 1181 717 1251 quod
758 1183 973 1239 caeteris
1019 1184 1085 1240 ad
1137 1184 1450 1240 audendum
1497 1189 1762 1258 paratior,
1806 1201 1928 1260 per-

343 1271 696 1346 vicaciorquc
757 1272 920 1330 foret.
983 1277 1162 1346 Atque
1233 1293 1300 1332 ex
1359 1278 1553 1334 eadem
1613 1282 1926 1352 arrogantia

345 1365 552 1420 factum
587 1374 692 1429 est,
725 1367 802 1419 uti
844 1382 944 1437 per
982 1383 1254 1423 summam
1291 1370 1344 1424 in
1384 1369 1550 1426 Deum
1591 1373 1928 1428 maledicen-

344 1458 477 1511 tiam
512 1458 883 1528 praestigiator
913 1459 1006 1514 ille
1051 1468 1264 1524 narrat,
1311 1461 1452 1517 idem
1499 1472 1557 1518 ut
1605 1463 1924 1520 Iudaeorum

341 1549 482 1605 deus
528 1549 770 1620 reliquas
814 1552 1071 1607 nationes
1105 1553 1226 1608 suis
1272 1553 1407 1624 ipsis
1458 1554 1723 1610 Israelitis
1766 1555 1927 1610 vellet

341 1642 638 1712 subjicere,
689 1659 921 1714 eamque
972 1645 1046 1700 ob
1100 1661 1324 1701 causam
1395 1647 1533 1702 bella
1601 1647 1924 1702 concitaret.

344 1733 485 1789 Sunt
511 1743 564 1790 et
592 1735 697 1788 alia
734 1735 890 1805 plura
916 1749 1039 1806 qua:
1078 1735 1262 1792 laxata
1292 1743 1487 1792 contra
1518 1737 1686 1793 Deum
1714 1738 1923 1809 lingua,

2034 552 2126 604 ὑπ’
2140 553 2305 606 αὑτοῦ
2323 554 2628 625 λεγομένων
2641 557 2909 626 ἀγγέλων,
2924 557 3067 614 καθά
3087 576 3177 630 μοι
3196 561 3618 633 προδεδήλωται.

2044 643 2393 715 Ἐληλυθέναι
2436 647 2492 700 δὲ
2540 649 2664 714 τοὺς
2715 650 3004 716 Ἰουδαίους
3046 653 3127 716 είς
3172 650 3373 723 κλῆρον
3416 654 3615 709 αὑτοῦ·

2032 736 2127 788 καὶ
2170 735 2262 790 τὸν
2308 733 2469 792 αὑτὸν
2513 740 2654 814 ὑπὲρ
2697 742 2944 812 ἀγγέλων
2979 743 3392 817 αὐθαδέστερον,
3425 746 3621 814 ἐξαγαο

2029 832 2146 897 γεῖν
2191 829 2248 884 δέ
2295 832 2421 896 τοὺς
2462 833 2612 897 υἱοὺς
2672 835 2888 906 Ἰσραὴλ
2933 836 2992 901 ἐξ
3023 837 3302 906 Αἰγύπτου
3355 837 3619 910 αὐθαδείᾳ

2033 919 2315 990 βραχίονος
2360 921 2455 975 τοῦ
2504 923 2659 987 ἰδίου,
2693 924 2781 978 διὰ
2816 923 2877 978 τδ
2907 921 3044 980 εἶναι
3088 926 3250 981 αὐτὸν
3280 927 3621 998 ἰταμώτερον

2029 1011 2138 1065 τῶν
2171 1011 2346 1066 ἀλλων
2393 1013 2487 1066 καὶ
2517 1014 2934 1087 αὐθαδέστερον.
2976 1017 3143 1072 Ὅθεν
3183 1018 3274 1071 διά
3317 1019 3414 1090 τὴν
3448 1021 3616 1075 αὐθά-

2028 1103 2175 1156 δειάν
2215 1119 2378 1175 φησιν
2408 1100 2594 1172 αὑτοῦ,
2635 1107 2712 1172 ὡς
2753 1109 3107 1181 βλασφημεῖὸ
3133 1111 3285 1182 γόης,
3320 1111 3612 1182 βεϐουλεῦ·

2033 1195 2154 1249 σθαι
2195 1197 2287 1250 τὸν
2332 1199 2492 1252 αὐτὸν
2538 1201 2719 1254 αὐτῶν
2769 1201 2893 1256 θεὸν
2935 1203 3310 1271 καθυποτάξαι
3349 1205 3427 1277 τῷ
3469 1207 3616 1275 γένει

2026 1283 2121 1337 τοῦ
2183 1286 2399 1358 Ἰσραὴλ
2447 1288 2624 1342 πάντα
2652 1290 2720 1344 τὰ
2764 1292 2899 1346 ἀλλα
2947 1292 3102 1362 ἔθνη·
3154 1294 3248 1346 καὶ
3309 1293 3396 1348 διὰ
3456 1294 3615 1348 τοῦτο

2029 1380 2501 1449 παρεσκευακέναι
2547 1381 2838 1453 πολέμους.
2870 1383 3049 1437 Πολλά
3081 1383 3136 1436 δὲ
3179 1385 3274 1437 καὶ
3312 1384 3447 1439 ἀλλα
3474 1385 3616 1439 κατά

2029 1469 2184 1535 ἁγίου
2231 1469 2367 1522 Θεοῦ
2401 1471 2642 1541 χαλάσας
2682 1474 2782 1544 τὴν
2819 1473 3090 1542 γλῶτταν,
3137 1475 3232 1528 καὶ
3284 1476 3496 1548 ἐπάρας
3542 1477 3605 1529 τὸ

2030 1561 2224 1630 στόμα,
2277 1563 2379 1614 οὐκ
2423 1564 2744 1634 ἐντρέπεται
2781 1565 2958 1619 λαλῶν
3003 1567 3030 1618 6
3079 1567 3462 1632 ἐλεεινότατος.
3513 1566 3612 1621 Διά

2027 1652 2184 1706 τοῦτο
2220 1653 2350 1726 γὰρ,
2370 1657 2521 1726 φησὶ,
2551 1658 2644 1710 καὶ
2682 1658 2750 1711 τὰ
2783 1659 2917 1712 ἄλλα
2942 1659 3068 1731 ἔθνη
3096 1661 3405 1732 ἐπολέμησε
3452 1661 3612 1714 τοῦτο

2026 1744 2086 1797 τὸ
2120 1745 2291 1810 ἔθνος,
2322 1748 2416 1802 καὶ
2447 1749 2617 1802 πολλά
2646 1751 2790 1804 κακά
2827 1751 2975 1822 αὐτῷ
3007 1751 3360 1819 ἐνεδείξαντο,
3393 1751 3482 1806 διὰ
3513 1753 3612 1825 τὴν

341 1827 598 1897 elatoque
629 1843 726 1884 ore
752 1829 1100 1884 miserrimus
1143 1829 1668 1899 homunciojactarc
1699 1845 1806 1885 non
1840 1841 1926 1886 est

2031 1835 2136 1887 τῶν
2165 1836 2338 1890 ἄλλων
2383 1839 2630 1908 ἀγγέλων
2675 1843 3084 1916 παραξήλωσιν,
3112 1844 3413 1916 ἐπειδήπερ
3446 1863 3615 1917 παρο-

342 1921 572 1974 veritus.
600 1918 778 1974 Veluti
812 1934 937 1974 cum
968 1919 1147 1975 addit:
1193 1929 1486 1991 propterea
1513 1922 1765 1978 nationes
1803 1922 1922 1976 reli-

345 2027 487 2082 quas
517 2027 642 2068 cum
678 2013 992 2069 Judaeorum
1041 2022 1202 2084 gente
1236 2014 1380 2071 bella
1403 2016 1666 2086 gessisse,
1693 2029 1924 2087 eamque

345 2104 600 2173 plurimis
640 2104 892 2160 affecisse
945 2105 1106 2160 malis
1146 2118 1161 2160 :'
1193 2105 1264 2161 ob
1315 2107 1552 2162 aliorum
1601 2105 1922 2178 angelorum

341 2197 598 2253 videlicet
629 2198 914 2263 invidiam,
938 2199 1032 2269 qui
1056 2199 1215 2270 quod.
1234 2201 1304 2254 ab
1328 2201 1422 2254 illo
1453 2201 1732 2256 contemni
1754 2215 1814 2256 se
1843 2198 1926 2253 vi-

2027 1926 2368 1998 τρυνθέντες,
2386 1931 2460 1995 ὼς
2484 1935 2984 2007 καταφρονούμενοι
3014 1937 3104 1989 ὑπ’
3123 1936 3309 2000 αὑτοῦ,
3341 1932 3618 1992 καὶάὑτοὶ

2028 2016 2097 2070 τά
2122 2012 2226 2072 ἴδια
2247 2019 2376 2091 ἐθνη
2409 2022 2505 2076 ἐπὶ
2525 2024 2588 2076 τὸ
2623 2023 2773 2089 ἔθνος
2796 2025 2890 2079 τοῦ
2954 2026 3168 2099 Ἰσραὴλ
3203 2029 3262 2080 τὸ
3313 2029 3401 2082 ὑπ’
3436 2028 3620 2083 αὐτῶν

2031 2108 2322 2166 ἐπέσεισαν
2359 2108 2493 2184 (57).
2529 2116 2732 2171 Τούτου
2767 2119 2930 2174 ἕνεκα
2979 2121 3202 2194 πόλεμοι
3240 2121 3470 2176 πάντοτε
3521 2123 3618 2174 καὶ

2033 2199 2432 2258 ἀκαταστασίαι
2459 2207 2578 2260 κατ’
2605 2207 2784 2261 αὐτῶν
2811 2209 3210 2282 ἐπανέστησαν.

341 2292 538 2348 tlerent
588 2293 882 2357 commoti,
943 2308 1102 2349 suam
1159 2295 1397 2366 quisque
1453 2304 1670 2367 gentem
1729 2301 1927 2350 contra
1967 2291 2248 2354 lsraelitas
2282 2298 2640 2370 impulerunt.
2673 2301 2915 2372 Indeque
2954 2302 3163 2358 factum
3223 2311 3330 2368 est,
3393 2310 3454 2356 ut
3491 2315 3620 2372 pera

339 2396 503 2460 petua
537 2389 591 2443 in
626 2387 725 2444 hos
759 2389 924 2455 bella,
965 2389 1346 2459 tumultusque
1375 2389 1639 2443 concitati
1687 2387 1912 2443 fuerint.

414 2480 504 2536 111.
544 2482 825 2550 Ejusmodi
854 2490 939 2537 est
967 2490 1093 2552 apta
1123 2483 1214 2537 illa
1252 2481 1320 2536 ad
1351 2482 1797 2552 persuadendum
1832 2482 1928 2534 im-

342 2574 584 2643 posteris
618 2573 814 2628 oratio.
862 2573 965 2638 Qui
1002 2573 1167 2628 etiam
1199 2574 1266 2628 de
1296 2573 1520 2628 Christo
1551 2573 1778 2645 perinde
1802 2588 1928 2629 sen-

341 2666 430 2726 tit,
459 2663 641 2733 specie
681 2671 843 2719 tenus
877 2664 1149 2719 duntaxat
1192 2666 1525 2722 mortalibus
1578 2667 1922 2737 apparuisse.

343 2755 559 2825 Quippe
589 2753 742 2825 quod
765 2755 819 2808 in
855 2769 920 2810 eo
949 2757 1304 2823 cernebatur,
1340 2757 1477 2812 nihil
1509 2766 1708 2828 prteter
1740 2758 1928 2828 imagi-

345 2864 470 2904 ncm
508 2847 714 2917 fuisse;
759 2864 936 2918 neque
974 2864 1106 2905 vero
1150 2858 1244 2903 aut
1294 2850 1571 2904 hominem
1618 2850 1924 2914 exstitisse,

343 2947 438 2995 aut
474 2953 698 2994 carnem
747 2940 1016 2997 induisse.
1066 2940 1306 3009 Subjicit
1351 2950 1405 2995 et
1455 2941 1615 2995 aliam
1666 2941 1815 2996 velut
1869 2939 1925 2994 in

344 3049 510 3088 scena
557 3032 797 3087 fabulam
842 3031 1121 3088 secundus
1168 3031 1389 3095 histrio,
1429 3047 1551 3086 cum
1600 3032 1668 3087 de
1718 3031 1926 3087 Christi

344 3141 510 3181 cruce
549 3125 814 3196 disputat.
865 3116 1037 3194 Negat
1077 3129 1222 3180 enim
1268 3122 1455 3180 Jesum
1508 3140 1631 3181 esse
1676 3139 1924 3195 passum,

344 3212 442 3268 sed
488 3213 754 3268 vicarium
809 3215 859 3269 ei
914 3213 1193 3269 Simonem
1235 3216 1555 3286 Cyrenaaum
1614 3215 1921 3272 substituit.

345 3307 468 3372 Quo
493 3308 638 3363 enim
673 3317 921 3379 tempore
961 3308 1356 3381 Hierosolymis
1401 3308 1668 3366 Dominus
1711 3311 1927 3380 eiectus

345 3410 452 3463 est,
487 3409 545 3455 ut
588 3404 642 3456 in
693 3399 992 3474 Evangelio
1041 3404 1307 3474 scriptum
1355 3413 1459 3468 est,
1502 3405 1928 3475 angariaverunt

347 3491 629 3549 Simonem
663 3496 956 3563 quemdam
993 3495 1315 3566 Cyrenaeum
1346 3499 1404 3548 ut
1440 3493 1612 3550 ferret
1636 3509 1859 3550 crucem
1885 3495 1924 3547 ί.

346 3584 425 3640 Ex
461 3600 572 3658 quo
605 3588 899 3642 cavillandi
943 3589 1427 3660 conciurtandique
1485 3589 1722 3645 fabulam
1770 3603 1927 3645 suam

345 3676 695 3732 occasionem
726 3678 982 3748 arripuit,
1008 3679 1268 3733 nimirum
1302 3680 1584 3735 Christum
1619 3679 1925 3744 Simonem,

344 3776 472 3821 ι·ι1ιιι
519 3767 565 3823 is
612 3779 832 3823 crucem
883 3776 1151 3840 portaret,
1209 3771 1261 3824 in
1327 3785 1480 3826 suam
1534 3779 1926 3835 commutasse.

344 3861 579 3931 ejusque
605 3852 708 3932 71
743 3862 988 3918 vicissim
1029 3862 1276 3918 induisse
1304 3861 1577 3931 formam;
1626 3865 1813 3935 itaque
1844 3865 1927 3919 Si-

342 3967 563 4009 monem
599 3954 666 4008 ad
698 3956 884 4011 crucis
920 3957 1250 4026 supplicium
1289 3973 1390 4014 suo
1442 3959 1572 4012 loco
1608 3957 1926 4014 tradidisse.

343 4043 446 4110 Qui
478 4043 608 4100 dum
643 4045 701 4100 in
731 4062 899 4101 cruce
937 4046 1232 4118 sulligitur,
1263 4043 1448 4103 Jesum
1481 4062 1510 4101 a
1541 4049 1762 4102 nemine
1792 4063 1929 4102 con-

343 4133 618 4207 speetum',
647 4155 854 4210 eosque
888 4141 980 4210 qui
1014 4139 1295 4196 Simonem
1327 4141 1646 4211 sumgerent
1671 4140 1929 4196 deridem-

346 4233 454 4283 tem
489 4247 558 4285 ex
590 4231 825 4286 adverso
849 4229 1190 4287 constitisse.
1221 4227 1360 4285 Tum
1394 4234 1461 4286 ad
1516 4248 1749 4301 superos
1804 4249 1930 4289 esse

343 4320 693 4387 subvectum,
729 4336 856 4375 cum
886 4337 983 4390 pro
1016 4337 1076 4376 se
1110 4321 1381 4391 ﬁgendum
1415 4320 1696 4375 Simonem
1729 4321 1929 4377 substi-

346 4415 566 4476 tuisset,
600 4413 850 4484 nihilque
899 4413 1039 4469 adeo
1076 4425 1399 4483 perpessum
1450 4414 1503 4467 in
1555 4415 1755 4469 coelum
1799 4430 1929 4470 evo-

344 4509 508 4562 lasse.
533 4499 748 4561 interea
776 4505 992 4566 Simon,
1015 4522 1123 4561 non
1153 4505 1428 4568 Christus,
1449 4506 1502 4560 in
1541 4520 1760 4562 crucem
1797 4507 1926 4562 sub-
1961 4539 2002 4592 υ

344 4599 489 4653 latus
543 4599 650 4652 est.
719 4594 882 4652 Jesus
931 4597 1098 4660 enim,
1167 4598 1265 4661 ait,
1329 4597 1382 4654 in
1447 4598 1648 4652 coelum
1703 4608 1926 4652 evectus

341 4690 577 4744 virtutes
606 4701 801 4743 omnes
829 4687 1155 4757 penetravit,
1198 4685 1374 4742 donec
1405 4686 1472 4742 ad
1509 4683 1725 4742 Patrem
1759 4703 1923 4743 suum

345 4796 598 4838 reversus
625 4789 727 4836 est.
755 4773 857 4836 ilic
879 4779 1027 4836 enim
1061 4789 1147 4835 est
1180 4777 1362 4836 Patris
1399 4781 1488 4835 ille
1519 4792 1926 4836 commemora-

343 4885 432 4931 tus
469 4883 597 4930 ante
628 4874 819 4931 Filius.
854 4873 947 4945 qui
981 4874 1046 4927 ad
1076 4889 1234 4942 opem
1273 4874 1513 4929 humano
1543 4874 1728 4945 generi
1760 4874 1934 4929 feren-

342 4967 466 5020 dam
503 4966 816 5021 submissus
856 4972 964 5029 est,
1011 4972 1239 5036 propter
1282 4979 1402 5018 eam
1448 4981 1614 5035 quam
1650 4965 1794 5021 inter
1829 4966 1927 5020 ho-

343 5058 519 5111 mines
548 5057 777 5127 perinde
823 5066 989 5128 atque
1029 5057 1253 5127 angelos
1290 5057 1763 5125 perturbationem
1812 5072 1927 5114 cu:-

342 5149 498 5204 lestis
538 5147 702 5203 Pater
759 5143 1247 5204 animadverterat.-
1292 5147 1468 5217 Atque
1507 5147 1671 5212 idem,
1722 5148 1924 5217 inquit,

340 5243 494 5299 salus
521 5248 606 5294 est
641 5250 854 5307 nostra,
894 5243 992 5312 qui
1047 5241 1102 5296 in
1155 5240 1420 5295 mundum
1471 5241 1641 5304 venit.
1683 5241 1927 5312 solisque

342 5333 505 5389 nobis
543 5331 686 5386 hanc
716 5333 793 5387 rei
828 5333 1116 5388 veritatem
1148 5331 1385 5403 aperuit.
1421 5327 1584 5384 Tales
1619 5339 1751 5386 sunt
1782 5347 1811 5384 a
1841 5349 1930 5387 nc-

339 5427 544 5484 bulone
601 5427 708 5482 isto
756 5425 1158 5480 consarcinata:
1211 5424 1430 5478 fabulae.
1483 5419 1754 5493 Deinceps
1801 5440 1929 5477 vero

416 5596 433 5631 ‘
467 5601 628 5655 Marc.
661 5615 750 5667 xv,
777 5597 866 5654 21.

2098 2478 2173 2534 Ι“⁹.
2216 2473 2366 2551 Αὕτη
2391 2482 2540 2534 ἐστὶν
2564 2481 2597 2552 ἡ
2627 2480 2720 2535 τοῦ
2767 2483 3084 2548 ἀπατεῶνος
3111 2483 3482 2552 πιθανολογία.
3510 2483 3615 2538 Καὶ

2026 2569 2188 2634 αὐτὸς
2248 2571 2305 2624 δὲ
2369 2573 2496 2643 περὶ
2546 2573 2812 2642 Χριστοῦ,
2877 2573 2953 2638 ὡς
3008 2575 3226 2646 δοκήσει
3290 2577 3618 2645 πεφηνότος-τ

2024 2662 2226 2732 ὁμοίως
2269 2663 2500 2729 δοξάζει.
2551 2659 2705 2719 Εῐναι
2735 2665 2794 2720 δέ
2840 2684 3005 2738 φησιν
3037 2664 3200 2721 αὑτὸν
3227 2668 3528 2738 φαντασίαν
3554 2671 3618 2722 ἐν

2024 2753 2104 2825 τῷ
2153 2756 2461 2825 φαίνεσθαι,
2508 2757 2581 2829 μὴ
2615 2753 2752 2811 εἶναι
2803 2759 2860 2812 δέ
2906 2759 3213 2833 ἄνθρωπον,
3254 2760 3389 2832 μηδέ
3433 2761 3612 2833 σάρκα

2029 2848 2332 2918 είληφέναι.
2362 2851 2780 2922 Δραματουργεῖ
2818 2851 2876 2904 δέ
2919 2853 3049 2923 ἡμῖν
3080 2852 3247 2922 ἀλλην
3273 2853 3614 2924 δραματουρ-ιι

2029 2941 2154 3010 γίαν
2176 2945 2205 2996 6
2234 2941 2485 3014 δεύτερος
2513 2942 2810 3014 μιμολόγος
2837 2944 2895 2997 ἐν
2919 2943 2996 3014 τῷ
3027 2944 3156 3014 περὶ
3204 2943 3439 3016 σταυροῦ
3469 2945 3619 3016 λόγῳ

2029 3033 2303 3108 Χριστοῦο
2355 3036 2476 3106 οὐχὶ
2519 3035 2728 3106 Ἰησοῦν
2784 3035 3007 3105 φάσκων
3059 3035 3422 3101 πεπονθέναι,
3477 3036 3616 3091 ἀλλὰ

2029 3125 2250 3198 Σίμωνα
2275 3129 2365 3182 τὸν
2394 3129 2725 3200 Κυρηναῖον.
2787 3127 3006 3199 Ἐπειδὴ
3033 3128 3142 3198 γάρ
3179 3129 3236 3182 ἐν
3269 3128 3347 3198 τῷ
3375 3129 3482 3182 ἀπὸ
3517 3130 3615 3182 Ἱε-

2030 3218 2344 3290 ροσολύμων
2384 3219 2474 3272 τὸν
2505 3218 2712 3290 Κύριον
2745 3217 3127 3282 ἐκϐάλλεσθαι,
3171 3218 3246 3280 ὡς
3273 3217 3386 3287 ἔχει
3413 3220 3446 3288 ή
3480 3219 3612 3270 ἀκο-

2029 3309 2216 3364 λουθία
2248 3311 2342 3364 τοῦ
2390 3311 2763 3380 Εὑαγγελίου,
2819 3310 3171 3382 ὴγγάρευσάν
3219 3327 3339 3363 τινα
3396 3309 3616 3380 Σίμωνα

2027 3405 2340 3475 Κυρηναῖον
2413 3403 2682 3474 βαστάσαι
2727 3403 2820 3456 τὸν
2871 3401 3125 3476 σταυρὸν,
3175 3401 3325 3455 ἐνθεν
3371 3401 3616 3473 εὑρίσκει

2029 3495 2128 3564 τῆς
2159 3493 2324 3548 αὑτοῦ
2353 3494 2580 3559 κυϐείας
2616 3493 2944 3565 ποιήσασθαι
2983 3491 3083 3563 τὴν
3121 3489 3462 3563 τραγῳδίαν·
3520 3491 3616 3543 καὶ

2031 3587 2218 3658 φησὶν,
2248 3588 2455 3640 ἐκεῖνον
2501 3587 2559 3638 ἐν
2603 3586 2682 3657 τῷ
2725 3584 3017 3656 βαστάζειν
3041 3583 3131 3637 τὸν
3162 3582 3394 3652 σταυρὸν
3444 3597 3614 3651 μετα-

2033 3676 2461 3748 μεμοριρωκέναι
2511 3679 2592 3741 είς
2637 3675 2699 3730 τὸ
2737 3676 2932 3730 ἐαυτοῦ
2965 3671 3123 3740 εἶδος,
3173 3674 3267 3727 καὶ
3294 3672 3488 3727 ἑαυτὸν
3534 3673 3615 3735 εἰς

2029 3773 2118 3827 τὸν
2145 3773 2384 3844 Σίμωνα,
2417 3772 2511 3826 καὶ
2543 3772 2664 3826 ἀντὶ
2687 3770 2885 3827 ἐαυτοῦ
2930 3769 3369 3842 παραδεδωκέναι
3393 3768 3616 3837 Σίμωνα

2030 3867 2109 3929 εἰς
2167 3865 2227 3918 τὸ
2279 3865 2682 3935 σταυρωθῆναι.
2758 3863 2999 3918 Ἐκείνου
3052 3863 3109 3916 δέ
3173 3859 3612 3929 σταυρουμένου,

2029 3959 2249 4030 ἑστήκει
2279 3959 2646 4029 καταντικρυς
2684 3957 2933 4028 ἀοράτως
2962 3957 2990 4008 6
3032 3953 3258 4026 Ἰησοῦς,
3296 3950 3617 4019 καταγελῶν

2027 4052 2138 4105 τῶν
2174 4053 2264 4105 τὸν
2304 4052 2525 4122 Σίμωνα
2566 4049 2962 4121 σταυρούντων.
3004 4047 3176 4109 Αὐτὸς
3216 4045 3272 4098 δέ
3303 4043 3504 4112 ἀνέστη
3534 4044 3618 4105 είς-

2029 4142 2097 4196 τὰ
2123 4143 2444 4214 ἐπουράνια,
2471 4140 2742 4214 παραδοὺς
2770 4134 2862 4194 τὸν
2893 4139 3113 4210 Σίμωνα
3147 4135 3610 4204 άνασκολοπισθῆ-
3664 4198 3670 4207 1

2029 4255 2138 4301 ναι,
2168 4237 2262 4290 καὶ¹
2305 4235 2532 4298 ἀπαθῶς
2560 4233 2908 4307 ἀνεχώρησεν
2934 4234 3014 4296 εἰς
3040 4232 3132 4284 τὸν
3157 4230 3406 4302 οὐρανόν.
3454 4229 3512 4281 '0
3553 4228 3612 4280 δὲ

2030 4327 2214 4397 Σίμων
2256 4327 2418 4390 αὐτὸς
2465 4324 2810 4397 ἐσταυρώθη,
2865 4321 2958 4378 καὶ
2997 4323 3096 4393 οὐχ
3143 4324 3172 4375 6
3213 4320 3467 4393 Χριστός.
3509 4319 3614 4388 ’ἰη-

2032 4419 2157 4483 σοῦς
2211 4419 2340 4490 γὰρ,
2395 4421 2595 4489 φησιν,
2653 4415 3049 4479 ἀναπετασθεὶς
3098 4416 3178 4478 εἰς
3230 4415 3320 4468 τὸν
3367 4412 3612 4482 οὐρανὸν,

2029 4509 2211 4580 διῆλθε
2243 4510 2424 4572 πάσας
2450 4508 2547 4573 τὰς
2576 4507 2854 4578 δυνάμεις,
2883 4506 2988 4569 ἕως
3015 4496 3076 4560 οὗ
3105 4504 3451 4574 ἀποκατέστη
3479 4504 3615 4568 πρὸς

2030 4601 2120 4654 τὸν
2170 4601 2299 4654 ἴδιον
2340 4601 2504 4654 αὐτοῦ
2549 4595 2785 4671 Πατέρα.
2833 4591 3002 4662 Οὗτος
3046 4596 3155 4668 γάρ
3185 4598 3323 4658 ἐστι,
3351 4595 3536 4666 φησὶν,
3587 4596 3617 4646 6

2033 4694 2160 4757 Υἱὸς
2185 4694 2280 4747 τοῦ
2316 4693 2529 4764 Πατρὸς
2569 4694 2596 4746 6
2635 4691 3052 4764 προειρημένος,
3095 4690 3127 4741 6
3154 4687 3482 4750 ἀποσταλεὶς
3524 4687 3618 4738 ἐπὶ

2035 4785 2256 4858 βοηθείᾳ
2284 4787 2393 4838 τῶν
2421 4787 2551 4838 υἱῶν
2594 4785 2703 4837 τῶν
2746 4782 3051 4854 ἀνθρώπων
3076 4781 3142 4834 δι’
3173 4781 3238 4849 ἢν
3279 4775 3414 4833 εἶδεν
3439 4781 3468 4832 ὁ
3502 4779 3615 4830 Πα-

2032 4875 2134 4946 τὴρ
2163 4876 2570 4929 ἁκαταστασίαν
2615 4874 2672 4926 ἐν
2698 4891 2756 4926 τε
2786 4875 2898 4936 τοῖς
2929 4868 3238 4942 ἀνθρώποις
3277 4869 3372 4922 καὶ
3414 4869 3473 4920 ἐν
3503 4869 3616 4928 τοῖς

2033 4966 2306 5036 ἀγγέλοις.
2369 4968 2477 5019 Καὶ
2513 4961 2666 5029 οὗτός
2705 4968 2843 5028 ἐστι,
2871 4960 3115 5034 enabat)
3155 4958 3396 5031 σωτηρία
3436 4957 3613 5030 ἡμῶν.

2033 5060 2061 5112 6
2095 5057 2284 5122 ἐλθὼν,
2325 5059 2420 5111 καὶ
2471 5059 2600 5128 ἡμῖν
2658 5053 2841 5126 μόνοις
2887 5052 3244 5122 ἀποκαλύψας
3279 5050 3483 5122 ταύτην
3515 5050 3616 5120 τὴν

2034 5149 2313 5220 ἀλήθειαν.
2351 5150 2604 5204 Τοιαῦται
2626 5150 2722 5220 μὲν
2754 5151 2809 5202 αἱ
2834 5146 3099 5220 ραψῳδίαι
3134 5144 3236 5214 τῆς
3264 5142 3358 5196 τοῦ
3376 5143 3617 5212 ἀγύρτου

2039 5243 2381 5313 μυθοποιίας.
2421 5243 2581 5296 Ἀλλά
2607 5243 2700 5296 καὶ
2726 5239 3060 5296 άπεντεῦθεν
3080 5237 3499 5313 προκοπτούσης
3518 5233 3615 5304 τῆς

2038 5335 2376 5407 ἀκαθαρσίας
2408 5336 2505 5407 τῆς
2522 5334 2738 5389 ἀπὸτοῦ
2757 5334 2998 5405 Σίμωνος
3015 5328 3410 5406 ἐναρξαμένης,
3439 5326 3616 5380 πᾶσαν

2041 5425 2382 5496 ἐπιτήδευσιν
2417 5423 2829 5494 κακομηχανίας
2869 5423 2963 5476 καὶ
3010 5419 3296 5489 ἀσελγείας
3333 5414 3614 5488 ἐπιτρέπει

449 5772 566 5845 (57)
634 5774 703 5828 Τὸ
745 5778 840 5830 ὑπ’
891 5768 1083 5832 αὐτῶν
1125 5775 1471 5835 ἐπέσεισαν.
1527 5779 1690 5836 Forte
1723 5780 1809 5833 ὑπ’
1857 5778 2022 5851 αὐτῷ.
