3960 6128
352 340 459 397 3ίῦ

973 344 1347 403 ADVERSUS
1384 346 1733 406 HAERESES
1775 349 1900 406 LIB.
1944 368 1946 407 ξ

2050 352 2195 412 ΓΟΜ.
2235 355 2304 411 ll.
2342 387 2414 396 —
2449 355 2727 415 llEllES.
2768 352 2959 415 XXIV.

3520 356 3627 419 3M

347 462 476 522 τοὺς
518 456 668 531 αὐτῷ
721 459 1195 534 μαθητευομένους
1229 465 1496 520 ἐπιτελεῖν
1519 506 1533 531 ,
1572 466 1773 539 ἄνδρας
1807 469 1945 539 μετά

2051 484 2407 543 progressum
2439 471 2531 527 illa
2563 472 2884 544 impuritate
2926 472 3203 545 capiente,
3232 472 3397 545 cujus
3436 476 3632 530 auctor

346 551 976 624 γυναικῶν-πολυμιξίαν
991 554 1110 609 τινὰ
1125 556 1301 627 κακῆς
1320 551 1628 622 ὑποθέσεως
1646 560 1773 624 τοὺς
1791 560 1940 633 αὐτῷ

352 643 677 711 πεισθέντας
704 647 1011 701 ἐκδιδάσκει
1031 666 1044 679 ο
1070 648 1147 712 ὡς
1164 648 1313 718 λέγει
1338 653 1365 705 ὁ
1409 652 1730 718 Ἀπὸστολος
1746 669 1762 683 '
1814 654 1940 708 Ἐπὶ

298 760 302 764 -
351 735 568 800 τούτοις
622 739 717 794 καὶ
769 741 885 803 τοῖς
930 740 1138 810 ὁμοίοις
1194 742 1377 795 αὐτῶν
1449 744 1937 800 ἀποκαλύπτεσθαι

350 829 525 901 ὀργὴν
574 829 731 897 Θεοῦ,
803 833 898 886 καὶ
946 832 1341 906 δικαιοκρισίαν
1384 838 1477 890 ἐπὶ
1504 838 1630 903 τοὶς
1671 840 1771 911 τὴν
1803 839 1941 910 ἀλή-

355 924 507 976 θειαν
559 923 620 975 ὲν
652 923 837 993 ἀδικίᾳ
886 926 1235 997 κατέχοντας.
1285 929 1385 982 Διά
1438 930 1643 1002 ταύτην
1686 932 1795 1002 γὰρ
1842 933 1942 1005 τὴν

355 1011 539 1066 αἰτίαν
576 1011 673 1083 τῆς
698 1013 1030 1084 ἡδυπαθείας
1059 1017 1242 1070 πολλοὶ
1279 1019 1359 1083 εἰς
1397 1017 1496 1090 τὴν
1535 1021 1747 1091 αἵρεσιν
1778 1024 1943 1093 ἐμπί-

356 1117 619 1166 πτουσιν,
683 1102 844 1167 ὶδεῶς
893 1105 1243 1176 εὑρίσκοντες
1281 1108 1553 1163 ἐπιτελεῖν
1600 1110 1700 1182 τὴν
1749 1111 1943 1185 ἡδονὴν

358 1193 569 1249 ἑαυτῶν
595 1196 653 1248 ἐν
685 1198 807 1260 ταῖς
844 1199 1279 1270 αἰσχρουργίαις.

432 1473 502 1525 A'.
547 1469 799 1528 Διδάσκει
820 1474 878 1528 δὲ
910 1474 1074 1530 πάλιν
1117 1475 1211 1530 καὶ
1247 1476 1549 1551 ἀνατρέπει
1588 1479 1834 1552 φάσκων,
1867 1483 1942 1558 μὴ

357 1562 469 1616 δ-ἰν
514 1568 831 1637 μαρτυρεῖν.
880 1566 940 1619 ὐ
968 1565 1078 1640 γὰρ
1122 1568 1418 1641 μαρτυρῶν
1450 1570 1681 1643 ἄμισθος
1714 1574 1942 1649 εὑρεθήε

354 1671 529 1720 σεται,
567 1657 860 1729 μαρτυρῶν
888 1658 1027 1728 ὑπὲρ
1063 1659 1158 1713 τοῦ
1204 1663 1569 1733 πεποιηκότος
1597 1664 1689 1717 τὸν
1728 1664 1942 1738 ἄνθρωε

350 1758 487 1802 πον·
524 1752 795 1821 μαρτυρεῖ
823 1750 933 1823 γὰρ
973 1752 1114 1825 ὑπὲρ
1159 1753 1256 1807 τοῦ
1290 1755 1708 1827 ὲσταυρωμένου
1760 1757 1942 1829 Σίμω-

2050 563 2240 619 Simon
2286 563 2410 630 fuit,
2462 565 2674 620 nullum
2734 582 2842 623 non
2904 565 3194 637 pravitatis
3268 565 3631 638 libidinisque

2046 671 2220 726 genus
2260 657 2575 713 obeundum
2608 659 2899 731 discipulis
2937 659 3234 729 permittit;
3271 659 3632 730 virorumque

2045 762 2110 802 ac
2162 749 2452 805 mulierum
2492 751 2838 821 promiscuos
2880 751 3236 816 concubitus,
3283 758 3338 807 et
3384 753 3630 807 scelera—

2043 848 2226 896 torum
2260 842 2582 913 dogmatum
2620 844 2934 914 congeriem
2959 843 3331 899 sectatoribus
3357 847 3474 900 suis
3503 859 3633 914 pro-

2044 934 2216 1004 ponit.
2252 934 2410 1002 Quod
2443 937 2590 991 etab
2624 936 2888 1008 Apostolo
2923 944 3173 991 notatum
3213 944 3321 1001 est,
3352 951 3475 990 cum
3514 936 3589 989 ait
3611 973 3627 999 ,

2047 1024 2102 1079 in
2133 1024 2220 1082 his
2245 1040 2300 1082 et
2325 1027 2522 1082 horum
2550 1028 2826 1083 similibus
2865 1030 3001 1083 iram
3032 1028 3129 1084 Dei
3164 1028 3416 1091 revelari,
3447 1043 3510 1082 ac
3540 1027 3630 1097 ju-

2045 1126 2189 1175 stum
2217 1118 2483 1190 judicium
2504 1120 2558 1175 in
2577 1136 2696 1184 eos,
2736 1122 2830 1193 qui
2859 1122 3215 1177 veritatemin
3243 1122 3459 1193 justitia
3496 1122 3630 1176 deti-

2045 1223 2178 1266 nent
2199 1212 2240 1267 ¹.
2281 1210 2417 1267 Nam
2449 1213 2523 1268 ob
2551 1228 2645 1269 eas
2676 1215 2988 1285 voluptates
3015 1215 3265 1285 plerique
3290 1214 3357 1268 ad
3391 1214 3629 1270 haeresin

2044 1290 2386 1370 desciscunt,
2417 1305 2508 1359 ubi
2544 1303 2871 1362 fcedissimis
2910 1306 3138 1378 ﬂagitiis
3183 1309 3403 1377 impune
3447 1306 3631 1362 libidi-

2045 1413 2169 1453 nem
2208 1412 2362 1451 suam
2389 1397 2612 1469 explere
2639 1400 2871 1468 possint.
3460 1441 3473 1454 .

2116 1484 2205 1541 ιγ.
2236 1486 2381 1555 Quin
2408 1488 2572 1543 etiam
2614 1486 2722 1542 alio
2753 1487 3087 1543 documento
3137 1498 3238 1544 suo
3288 1496 3629 1546 sectatorum

2043 1581 2262 1636 animos
2290 1581 2614 1652 corrumpit.
2649 1580 2741 1635 Ait
2776 1581 2923 1636 enim
2956 1581 3289 1652 martyrium
3329 1581 3485 1637 obire
3532 1594 3632 1635 nc-

2042 1688 2321 1744 quaquam
2369 1682 2646 1743 oportere.
2700 1671 2805 1739 Qui
2854 1673 3003 1728 enim
3045 1672 3101 1728 id
3153 1672 3321 1727 faciat
3373 1670 3630 1727 mercede

2044 1767 2371 1831 cariturum,
2399 1781 2523 1821 cum
2557 1767 2613 1820 in
2640 1765 2762 1836 ejus
2796 1765 2888 1836 qui
2914 1765 3194 1821 hominem
3227 1765 3474 1820 condidit
3499 1779 3628 1836 gra-

349 1853 461 1905 νος.
503 1840 677 1896 Πόθεν
714 1841 771 1895 δὲ
804 1842 980 1914 τούτῳ
1031 1843 1220 1914 μισθὸς
1251 1846 1359 1917 εἴη,
1409 1847 1572 1900 ὁπότε
1610 1848 1942 1919 ἀποθνήσκει

2050 1857 2178 1912 tiam
2218 1856 2366 1913 istud
2403 1858 2700 1927 suscipiat;
2744 1864 2798 1913 et
2849 1866 3034 1912 tamen
3079 1858 3147 1913 ad
3199 1857 3480 1912 Simonem
3535 1855 3630 1926 qui

296 1946 307 1955 ‘
353 1934 454 2022 μὲν
483 1934 623 2007 ὑπὲρ
654 1933 899 2006 Σίμωνος
931 1935 1026 1989 τοῦ
1051 1938 1491 2010 ὲσταυρωμὲνου,
1522 1940 1669 2012 ὑπὲρ
1701 1942 1938 2014 Χριστοῦ

2050 1964 2349 2021 suspensus
2382 1949 2440 2005 in
2479 1965 2646 2006 cruce
2695 1951 2768 2006 sit
2802 1951 3126 2022 martyrium
3166 1949 3461 2005 referatur.
3532 1947 3631 2002 Et-

344 2018 406 2114 δὲ
440 2022 597 2079 τοῦτο
624 2029 798 2080 ποιεῖν
821 2027 1096 2098 ὁμολογεῖ,
1124 2027 1154 2083 ὃ
1182 2031 1386 2099 ἀγνοεῖ,
1412 2032 1773 2105 ἀποθνήσκων
1801 2032 1942 2107 ὑπὲρ

2050 2040 2185 2095 enim
2211 2042 2486 2097 undenam
2505 2042 2554 2098 ei
2589 2043 2873 2113 praemium
2914 2043 3374 2114 exspectandum.
3406 2041 3501 2114 qui
3533 2054 3635 2111 pro

344 2102 412 2170 οὗ
437 2118 499 2171 οὐ
529 2118 826 2187 γινώσκεις
865 2121 957 2172 Δεῖ
992 2121 1173 2175 τοίνυν
1223 2122 1512 2194 ἀρκεῖσθαι
1540 2102 1813 2206 (53),_xa1
1865 2102 1943 2200 μὴ

2050 2126 2268 2187 Simone
2316 2132 2584 2188 cruciﬁxo
2646 2143 2878 2189 mortem
2939 2144 3208 2206 cppetens
3269 2135 3509 2205 idipsum
3571 2147 3634 2188 se

354 2207 663 2279 προαλόντα
689 2208 1077 2280 ἀποθνήσκειν.
1267 2252 1286 2263 .
1691 2204 1707 2219 ³

2050 2219 2249 2275 Christi
2282 2237 2450 2277 causa
2488 2222 2671 2279 facere
2705 2204 3031 2293 profitetur,
3065 2232 3120 2280 et
3156 2204 3378 2296 quidem
3418 2224 3634 2293 impru-

354 2300 521 2355 ‘lens?
546 2299 681 2354 Nam
720 2316 820 2372 pro
884 2316 950 2356 eo
983 2317 1145 2372 quem
1190 2302 1426 2374 ignorat,
1468 2304 1629 2360 morti
1696 2320 1820 2361 scse
1885 2311 2205 2367 committit.
2243 2311 2505 2369 Sullicere
2533 2328 2664 2386 ergo
2704 2315 2865 2372 nobis
2903 2316 3052 2372 istud
3083 2317 3241 2372 debet
3308 2330 3532 2386 :neque
3583 2311 3633 2368 si

347 2395 554 2450 detenti
609 2394 876 2450 fuerimus
937 2399 1135 2453 mortis
1190 2413 1348 2468 paena
1383 2392 1695 2455 suhcunda.

420 2491 498 2545 E'.
538 2492 926 2563 Φωραθήσεται
959 2494 1017 2547 δὲ
1050 2485 1204 2558 οὗτος
1226 2494 1538 2568 διαῦολικὴν
1561 2497 1791 2569 δύναμιν
1823 2499 1940 2552 εἰσ-
2000 2495 2004 2499 ⁴

349 2581 652 2652 ηγούμενος
702 2583 844 2638 κατά
883 2585 992 2638 τῶν
1027 2585 1237 2656 ψυχῶν,
1281 2589 1723 2661 ἀπαρνησιθεΐαν
1766 2590 1940 2655 αὐτὰς

353 2674 718 2730 ὲκδ;δάσκων⁶
763 2678 922 2732 ὁπότε
958 2679 1121 2744 αὐτὸς
1151 2683 1179 2734 ὁ
1212 2681 1417 2752 Κύριος
1458 2683 1625 2755 φησί’
1674 2683 1785 2738 Τὸν
1835 2684 1941 2752 ἀρ-

352 2767 653 2839 νούμενόν
678 2789 756 2839 με
782 2770 1039 2827 ἐνώπιον
1076 2772 1194 2828 τῶν
1236 2777 1583 2844 ἀνθρώπων,
1602 2779 1942 2850 ἀρνήσομαι

353 2860 517 2930 κάγὼ
553 2861 741 2916 αὐτὸν
766 2862 1025 2918 ἐνώπιον
1062 2864 1169 2919 τοῦ
1204 2870 1434 2935 Πατρός
1454 2886 1575 2937 μου
1605 2870 1709 2925 τοῦ
1743 2872 1813 2926 ὲν
1836 2874 1939 2927 οὐ·

304 2948 305 2951 “
344 2954 576 3022 ραν-οῖς.
654 2955 816 3010 Ἀλλά
862 2957 1026 3028 φησὶν
1054 2960 1083 3012 ὁ
1140 2958 1414 3030 ἀγύρτης·
1464 2962 1687 3032 Ἡμεῖς,
1745 2966 1935 3036 φησὶν,

306 3066 309 3069 λ
353 3048 523 3117 ἐσμὲν
550 3050 598 3101 oi
626 3048 933 3119 ἄνθρωποι·
968 3053 1018 3103 ot
1053 3051 1111 3105 δὶ
1137 3052 1287 3107 ἄλλοι
1330 3053 1533 3119 πάντες
1568 3053 1661 3118 ὗες
1704 3056 1799 3109 καὶ
1838 3056 1939 3110 κύ-

2116 2488 2182 2549 ν.
2218 2494 2514 2551 EnimVero
2552 2496 2887 2552 diabolicam
2935 2498 3233 2569 quamdam
3267 2500 3376 2554 vim
3408 2499 3474 2554 ad
3507 2500 3630 2555 ani-

2042 2603 2259 2645 marum
2292 2590 2446 2644 illum
2484 2588 2761 2648 invexisse
2795 2591 3097 2662 perniciem
3131 2588 3294 2648 facile
3324 2594 3634 2665 deprehen-

2041 2682 2256 2746 demus,
2319 2692 2375 2738 ut
2416 2682 2511 2753 qui
2548 2680 2719 2739 Deum
2763 2684 2983 2753 ejurare
3012 2685 3137 2740 illos
3169 2685 3418 2748 edoceat,
3454 2702 3631 2755 quan-

2043 2773 2336 2845 doquidem
2395 2773 2660 2831 Dominus
2699 2777 2819 2846 ipse
2865 2775 2999 2830 dicit
3029 2795 3042 2828 :
3072 2777 3178 2841 Qui
3225 2779 3489 2848 negaverit
3552 2788 3635 2832 me

2041 2884 2226 2921 coram
2267 2867 2588 2934 hominibus,
2638 2870 2834 2940 negabo
2880 2877 2928 2921 et
2977 2884 3069 2938 ego
3099 2885 3221 2922 cum
3253 2885 3435 2922 coram
3473 2869 3635 2923 Patre

2041 2961 2149 3031 72
2199 2977 2310 3015 meo
2345 2960 2435 3031 qui
2479 2961 2537 3015 in
2581 2961 2725 3016 caelis
2772 2970 2851 3015 est
2881 2960 2927 3014 ¹.
2965 2959 3034 3013 At
3067 2959 3215 3014 enim
3250 2968 3528 3016 veterator
3551 2960 3633 3013 lo-

2043 3055 2236 3124 quitur
2270 3052 2440 3124 :Nos,
2480 3055 2681 3125 inquit,
2729 3053 2984 3108 homines
3023 3067 3259 3108 sumus:
3290 3050 3474 3106 caeteri
3510 3067 3633 3106 om-

350 3156 463 3204 νες.
501 3141 611 3194 Καὶ
644 3140 729 3194 διὰ
757 3142 914 3196 τοῦτο
952 3136 1105 3196 aiat-2'
1140 3143 1236 3213 Μὴ
1264 3143 1504 3213 βάλητε
1537 3147 1680 3214 τοὺς
1714 3165 1942 3219 μαργα-

2050 3161 2145 3201 nes
2184 3146 2318 3199 nihil
2358 3131 2507 3200 ali'ud
2536 3162 2700 3217 quam
2736 3162 2865 3201 sues
2904 3152 2959 3200 et
2993 3160 3181 3200 canes.
3221 3145 3457 3215 Ideoque
3486 3144 3633 3200 "scri‘

343 3234 521 3302 ρίτας
544 3235 887 3304 ἔμπροσθεν
914 3234 1034 3290 τῶν
1062 3237 1303 3306 χοίρων,
1320 3239 1478 3307 μηδὲ
1503 3240 1639 3294 δότε
1674 3241 1943 3312 τΜγιον

2050 3246 2198 3307 ptum
2231 3245 2317 3291 est
2348 3255 2359 3289 :
2394 3235 2575 3291 Nolite
2593 3240 2775 3305 jacere
2806 3237 3131 3309 margaritas
3151 3245 3274 3290 ante
3294 3249 3505 3302 porcas,
3537 3252 3630 3291 ηεαδ

351 3325 477 3392 τοῖς
508 3330 674 3381 κυσί.
731 3320 979 3399 Κρύπτει
1020 3328 1130 3399 γάρ
1180 3329 1375 3384 ἑαυτοῦ
1417 3331 1516 3403 τὴν
1567 3331 1781 3387 ἀδικίαν
1834 3334 1944 3388 ἀπὸ

2050 3342 2141 3397 que
2171 3325 2301 3379 dare
2334 3336 2578 3381 sanctum
2610 3327 2832 3381 canibus
2864 3327 2907 3380 ³.
2942 3325 3225 3397 Siquidem
3258 3327 3327 3382 de
3375 3343 3473 3382 sua
3530 3328 3633 3380 im:

350 3418 460 3472 τῶν
488 3417 612 3474 νοῦν
644 3420 877 3490 ἑχόντων
897 3436 911 3452 ·
946 3420 1323 3475 ἀποκαλύπτει
1368 3421 1427 3476 δὲ
1480 3425 1545 3495 τῇ
1580 3425 1746 3478 αὐτοῦ
1778 3426 1941 3498 σχολῇ

2050 3419 2320 3490 probitate
2348 3419 2491 3474 celat
2518 3435 2616 3475 eos
2662 3421 2758 3491 qui
2795 3420 3081 3489 sapientia:
3115 3421 3367 3475 nonnihil
3397 3420 3628 3484 habent,

352 3511 585 3574 καὶτοῖς
620 3511 711 3564 ὑπ’
757 3510 924 3565 αύτοῦ
955 3512 1356 3583 ἡπατημὲνοις.
1406 3514 1620 3588 Ἐπειδὴ
1668 3516 1778 3588 γὰρ
1810 3517 1945 3589 ἁλη-

2050 3526 2110 3568 ac
2140 3527 2254 3568 suae
2287 3511 2557 3567 duntaxat
2605 3512 2814 3569 scholae
2859 3520 2914 3568 et
2954 3512 3353 3569 circumventis
3381 3528 3411 3567 a
3443 3527 3501 3567 se
3530 3512 3632 3567 ho-

355 3600 466 3665 θῶς
491 3599 559 3654 τά
592 3601 724 3673 παρ’
756 3603 944 3670 αὐτοῖς
977 3601 1248 3673 λεγόμενα
1297 3604 1393 3657 καὶ
1417 3606 1676 3676 γινόμενα
1720 3607 1943 3679 αἰσχρόν

357 3694 475 3748 ἐστι
510 3693 605 3748 καὶ
633 3693 847 3762 λέγειν⁹
877 3693 1049 3759 λέγει,
1095 3695 1178 3748 ὅτι
1217 3693 1448 3749 ἐνώπιον
1484 3696 1593 3750 τῶν
1640 3697 1942 3770 ἀνθρώπων

352 3784 435 3839 δεῖ
479 3784 761 3856 ὁμολογεῖν
804 3786 902 3856 τὴν
953 3784 1249 3856 ἀλήθειανν
1283 3787 1475 3858 Ἡμεῖς
1525 3788 1633 3858 γάρ
1678 3790 1846 3860 ἐσμεν
1892 3792 1943 3844 οἱ

354 3876 637 3949 ἄνθρωποι
657 3895 670 3908 ·
703 3878 752 3931 oi
779 3876 834 3931 δὲ
867 3877 1018 3932 ἄλλοι
1049 3878 1141 3943 ὖες
1188 3878 1283 3932 καὶ
1318 3879 1500 3945 κύνες,
1548 3878 1623 3944 ὡς
1658 3882 1940 3953 προεῖπον.

351 3973 557 4026 Φάσκει
586 3970 643 4024 δὲ
690 3970 851 4042 μόνον
900 3970 1030 4043 περὶ
1076 3970 1292 4043 Πατρὸς
1324 3971 1420 4024 καὶ
1465 3970 1560 4025 τοῦ
1604 3971 1797 4026 ἑαυτοῦ
1836 3990 1941 4044 μυδ-

357 4063 589 4135 στηρίου
641 4063 831 4136 μηδενὶ
871 4062 1301 4128 ἀποκαλύπτειν,
1353 4063 1490 4117 ἀλλά
1529 4067 1655 4134 σιγῇ
1697 4064 1841 4136 ἔχειν
1885 4067 1944 4119 ἐν

314 4156 321 4159 ”
355 4156 606 4219 ἑαυτοῖςο
644 4152 728 4209 ἑνὶ
754 4154 811 4208 δὲ
840 4155 951 4209 ἀπὸ
996 4155 1180 4226 χιλίων
1207 4154 1636 4221 ἀποκαλύπτειν,
1670 4156 1766 4211 καὶ
1792 4158 1944 4211 δυσὶν

354 4247 465 4301 ἀπὸ
513 4247 743 4319 μυρίων.
797 4248 910 4302 Καὶ
967 4248 1283 4302 ὑποτίθεται
1325 4252 1439 4313 τοῖς
1471 4247 1638 4302 αὑτοῦ
1674 4249 1945 4322 μαθηταῖς

356 4337 554 4407 λέγων,
594 4338 677 4392 ὄτι
724 4338 911 4409 Ὑμεῖς
945 4338 1125 4394 πάντα
1171 4339 1501 4408 γινώσκετε’
1546 4341 1692 4413 ὑμᾶς
1733 4341 1791 4394 δὲ
1832 4360 1942 4416 μη-

354 4428 467 4498 δεὶς
494 4432 834 4502 γινωσκέτω.
884 4430 1056 4497 Αὐτὸς
1088 4430 1146 4486 δὲ
1184 4434 1281 4487 καὶ
1309 4434 1358 4486 οἱ
1400 4432 1497 4487 ἀπ’
1525 4433 1691 4488 αὑτοῦ
1732 4433 1947 4507 ἐρωτώ-

2045 3605 2290 3661 minibus
2318 3606 2566 3676 exponit.
2607 3604 2881 3672 Quoniam
2934 3620 3124 3661 revera
3175 3620 3297 3675 quae
3329 3605 3397 3660 ab
3424 3604 3536 3660 illis
3562 3605 3635 3658 di-

2044 3706 2249 3751 cuntur
2289 3704 2343 3752 et
2392 3696 2550 3761 ﬁunt,
2610 3706 2768 3768 turpe
2815 3704 2896 3753 est
2962 3697 3124 3753 etiam
3175 3696 3356 3766 eloqui
3386 3695 3408 3727 ⁸
3463 3696 3635 3764 Igitur

2044 3802 2232 3843 coram
2281 3788 2603 3844 hominibus
2654 3786 3019 3860 proﬁtendam
3056 3803 3183 3845 esse
3222 3787 3511 3843 veritatem
3540 3787 3637 3841 do-

2046 3888 2153 3938 cet.
2195 3880 2308 3939 Nos
2364 3882 2511 3939 euim
2561 3882 2820 3938 homines
2867 3898 3093 3951 sumus;
3123 3882 3308 3937 caeteri
3342 3897 3505 3936 suum
3541 3896 3637 3935 caa-

2044 3988 2288 4044 numque
2329 3989 2583 4040 numero,
2623 3973 2701 4028 uti
2748 3974 3016 4030 diximus.
3068 3972 3134 4027 Et
3171 3972 3303 4027 illud
3348 3971 3629 4037 admonet,

2046 4073 2104 4120 ut
2139 4064 2207 4121 de
2240 4063 2403 4121 Patre
2429 4063 2698 4120 duntaxat
2743 4080 3062 4136 arcanoque
3090 4080 3193 4121 suo
3222 4063 3430 4119 nemini
3465 4062 3635 4133 signi.

2048 4154 2234 4221 licent,
2265 4153 2361 4211 sed
2388 4154 2618 4209 tacitum
2652 4153 2796 4225 apud
2822 4169 2883 4210 se
2916 4155 3216 4221 retineant,
3249 4161 3343 4208 aut
3380 4153 3475 4208 uni
3521 4152 3636 4207 sal-

2049 4255 2154 4301 tem
2188 4261 2220 4302 e
2251 4245 2517 4309 millibus,
2558 4260 2623 4300 ac
2651 4244 2868 4302 duobus
2902 4262 2965 4302 ex
3007 4245 3200 4302 decem
3234 4245 3479 4300 millibus
3511 4258 3638 4314 ape-

2045 4339 2212 4394 riant.
2236 4337 2382 4407 Quin
2419 4345 2477 4395 et
2517 4336 2636 4395 suis
2677 4337 2969 4409 discipulis
3029 4340 3106 4393 ita
3155 4337 3403 4410 praecipit
3433 4355 3445 4391 :
3476 4335 3634 4398 Date.

2047 4431 2247 4503 inquit,
2295 4447 2521 4504 Operam
2577 4439 2637 4487 ut
2681 4431 2871 4487 omnia
2906 4432 3282 4503 cognoscatis,
3317 4446 3478 4486 nemo
3502 4444 3633 4487 vcrc

360 4542 514 4595 μενοι
560 4525 847 4589 Ἰουδαίους
881 4523 980 4596 μὲν
1008 4525 1237 4590 ἑαυτοὺς
1262 4522 1458 4597 μηκέτι
1483 4522 1624 4581 εῖναι
1650 4527 1940 4597 φάσκουσι,

2050 4539 2146 4579 vos
2176 4535 2497 4595 cognoscat.
2530 4525 2804 4581 Cmterum
2839 4533 2947 4580 tam
2982 4525 3123 4597 ipse,
3159 4539 3325 4595 quam
3370 4524 3464 4594 qui
3513 4522 3639 4591 ejus

357 4619 719 4694 Χριστιανοὺς
762 4617 820 4671 δὲ
872 4618 1071 4689 μηκέτι
1114 4618 1470 4691 γεγενῆσθαι,
1497 4618 1615 4673 ἀλλ’
1663 4621 1943 4694 ἀρνεῖσθαι

359 4713 620 4766 πάντοτε·
663 4711 810 4783 ἔχειν
854 4710 912 4764 δὲ
958 4709 1135 4783 ἑαυτῷ
1164 4706 1290 4785 σιγῇ
1336 4712 1435 4786 τὴν
1466 4710 1672 4778 πίστιν,
1706 4714 1800 4768 καὶ
1836 4733 1945 4787 μη-

355 4803 471 4856 δενὶ
500 4801 902 4866 ὑποδεικνύναι,
932 4800 1033 4871 τὴν
1061 4802 1324 4875 αἰσχύνην
1357 4802 1553 4858 ἑαυτοῦ
1590 4804 1945 4878 ὑφορώμενος

354 4893 445 4947 διὰ
477 4894 538 4948 τὸ
573 4893 1022 4964 ἀπαρρησίαστον
1057 4892 1155 4964 τῆς
1189 4896 1604 4968 αἰσχρουργίας,
1644 4898 1739 4950 καὶ
1768 4899 1945 4970 κακῆς

361 4985 525 5040 αὑτοῦ
552 4985 920 5048 διδασκαλίας.

439 5255 530 5331 (τ’.
577 5254 744 5331 Ἔσχε
773 5254 830 5314 at
866 5258 899 5330 ἡ
925 5257 1267 5332 ἀρχὴαύτῆς
1302 5258 1400 5328 τῆς
1423 5258 1599 5329 κακῆς
1628 5259 1949 5332 προφάσεως
2030 5264 2035 5269 “

360 5355 462 5426 τὴν
501 5351 681 5407 αἰτίαν
710 5352 819 5407 ἀπὸ
864 5351 960 5406 τοῦ
995 5351 1181 5420 ζητεῖν
1211 5352 1306 5405 καὶ¹
1333 5350 1515 5420 λέγειν
1548 5352 1710 5407 πόθεν
1751 5353 1811 5407 τὸ
1854 5371 1954 5408 κα-

358 5447 478 5502 κόν.
511 5447 628 5509 Πᾶς
660 5445 720 5500 δὲ
748 5447 857 5500 ἀπὸ
886 5447 986 5518 τῆς
1020 5444 1215 5500 ἑαυτοῦ
1251 5436 1638 5518 πραγματείας
1668 5447 1951 5520 δειχθήσειι

359 5554 453 5593 ται
496 5537 682 5602 ὁποῖός
734 5539 904 5594 ἔστιν.
962 5539 1247 5612 Ἔμπορος
1292 5537 1426 5609 γοῦν
1475 5533 1631 5604 οὗτος
1681 5539 1868 5593 κακῶν
1925 5544 1953 5596 ὀ

434 5660 449 5692 ⁵
486 5657 645 5715 Rom.
681 5677 717 5721 ι.
756 5658 839 5715 18.
915 5661 936 5693 ³
968 5659 1160 5715 Matth.
1187 5677 1241 5723 ι,
1272 5660 1362 5716 55.

433 5772 549 5842 (58)
589 5773 688 5830 Δεῖ
741 5776 948 5830 τοίνυν
998 5774 1329 5846 ἀρκεῖσθαι.
1393 5776 1585 5834 Scribe
1640 5776 1942 5849 ἀρνεῖσθαι.

2047 4623 2252 4673 sectam
2271 4618 2505 4690 amplexi
2540 4625 2692 4683 sunt,
2707 4617 2929 4690 quoties
2959 4612 3637 4687 interroganturJudaeos

2046 4710 2277 4785 quidcng
2298 4725 2357 4767 sc
2395 4728 2521 4768 esse
2555 4720 2781 4783 negant,
2823 4710 3172 4766 Christianos
3208 4722 3338 4762 vero
3390 4705 3635 4760 nondum

2048 4804 2240 4860 fuisse.
2271 4803 2364 4861 Sic
2395 4805 2670 4875 abnegare
2702 4810 2967 4875 perpetuo
2995 4800 3176 4866 ﬁdem,
3202 4813 3435 4868 eamque
3469 4796 3639 4852 tacita

2048 4896 2191 4967 apud
2221 4911 2281 4953 se
2309 4897 2620 4960 'custodirc,
2656 4911 2759 4952 nec
2809 4895 2904 4949 ulli
2945 4890 3258 4966 patefacere
3300 4904 3431 4945 suos
3485 4887 3640 4942 instia

2051 4992 2198 5057 tuit;
2228 4992 2376 5062 quod
2414 4990 2673 5046 nimirum
2706 4997 3023 5061 suspectam
3063 4986 3263 5043 habeat
3298 4983 3417 5055 ipse
3458 4982 3637 5052 turpio

2051 5083 2292 5139 tudinem
2334 5098 2517 5146 suam,
2563 5098 2687 5137 cum
2732 5089 2841 5137 tam
2888 5078 3148 5135 immanis
3188 5076 3428 5138 fmditas,
3471 5081 3639 5144 atque

2049 5173 2265 5245 impura
2295 5173 2591 5244 disciplina
2623 5172 2887 5227 audacter
2917 5166 3159 5240 evulgari
3198 5183 3305 5222 non
3343 5165 3563 5219 audeat.

2121 5264 2211 5321 Vl.
2246 5264 2421 5338 llujus
2450 5281 2587 5322 vero
2627 5264 2882 5337 pessima:
2911 5271 3085 5319 sectze
3118 5259 3470 5316 occasionem
3534 5254 3641 5309 inie-

2051 5359 2300 5431 tiumque
2345 5358 2496 5415 dedit
2530 5359 2620 5413 illa
2673 5358 2906 5429 qumstio
2956 5371 3021 5411 ac
3070 5354 3376 5426 disputatio
3416 5369 3430 5405 :
3466 5347 3642 5403 Unde

2050 5467 2175 5507 nam
2210 5453 2411 5507 malum
2431 5451 2699 5524 originem
2726 5449 3004 5505 habuerit.
3026 5447 3230 5505 Verum
3257 5441 3643 5512 unusquisque

2049 5543 2359 5615 cujusmodi
2392 5544 2481 5611 sit,
2519 5542 3003 5601 administratione
3033 5556 3098 5597 ac
3128 5536 3499 5612 negotiatione
3533 5540 3639 5589 sua

1440 5662 1461 5693 ³
1492 5659 1679 5716 Matth.
1713 5678 1806 5727 vn,
1835 5662 1888 5716 6.
1970 5667 1989 5696 ⁵
2021 5663 2217 5736 Ephcs.
2262 5683 2312 5733 v,
2346 5667 2431 5723 12.
