3960 6148
361 321 469 378 515

1698 354 1703 357 Α
1778 312 1837 372 S.
1878 310 2223 369 EPIPHANII

3547 295 3654 359 316

363 438 690 497 declarabit.
756 436 1106 508 Proindcque
1153 436 1425 492 malorum
1477 435 1811 507 negotiator,
1845 451 1956 491 non

2079 434 2155 489 τοῦ
2190 432 2362 488 κακοῦ
2412 432 2671 504 ἐργάτης,
2716 429 2811 484 καὶ
2854 428 2976 500 οὐχὶ.
3026 423 3247 496 ἀγαθῶν
3281 424 3324 489 ³,
3368 421 3445 487 ὡς
3474 422 3581 478 καὶ·
3618 425 3654 494 ή

366 533 632 589 bonorum
672 539 762 586 est
791 530 883 585 ille
926 530 1052 583 mali
1080 527 1774 600 artifex,quemadmodum
1804 529 1961 583 Scri-

368 633 526 693 ptura
563 628 797 677 testatur
831 639 845 676 :
886 621 992 687 Qui
1024 630 1270 692 quwrunt
1320 622 1486 687 mala,
1542 622 1687 676 mala
1732 639 1822 677 eos
1864 638 1961 691 ap-

362 707 678 777 preliendent
710 710 751 765 ι.
788 708 923 763 Nam
951 723 1128 779 neque
1157 707 1359 763 malum
1396 711 1695 780 aliquando
1725 712 1958 775 exstitit,

365 812 543 867 neque
578 797 736 852 radix
772 798 882 852 ulla
914 798 1179 869 nequitia
1202 798 1326 863 fuit,
1365 815 1542 866 neque
1580 800 1808 855 omnino
1837 816 1956 855 ma.

370 889 482 942 lum
516 889 753 944 solidum
805 888 1066 959 quiddam
1108 899 1193 946 est
1244 906 1307 945 ac
1352 892 1686 947 consistens.
1748 890 1961 961 Quippe

368 979 573 1032 malum
610 978 943 1049 quandoque
968 978 1180 1034 nullum
1228 978 1362 1046 fuit;
1413 978 1509 1035 sed
1558 995 1624 1033 ex
1666 980 1961 1034 occasione

368 1067 741 1122 introductum
794 1077 846 1124 et
897 1070 1132 1123 ascitum
1184 1067 1241 1124 in
1281 1085 1613 1141 unoquoque
1662 1070 1821 1135 inest,
1867 1069 1958 1139 qui

371 1159 506 1213 i.lud
546 1161 863 1215 committit.
900 1161 1055 1227 Quod
1093 1161 1137 1217 si
1174 1161 1399 1228 minime
1439 1161 1817 1218 committatur
1848 1176 1960 1217 non

371 1251 537 1315 inest,
568 1251 623 1305 id
651 1251 800 1322 quod
831 1267 999 1323 supra
1040 1252 1566 1308 demonstravimus.
1610 1250 1824 1305 Etenim
1855 1250 1963 1306 Do-

371 1342 557 1398 minus
586 1358 710 1398 cum
752 1343 1007 1400 universa
1040 1354 1307 1411 creasset,
1338 1328 1509 1410 Ecce,
1552 1343 1752 1413 inquit,
1804 1341 1962 1398 valde

371 1434 514 1488 bona
565 1445 692 1489 sunt
735 1435 921 1490 omnia
947 1438 998 1501 ’;
1055 1451 1164 1506 quo
1204 1435 1347 1491 istud
1391 1435 1569 1505 ipsum
1601 1433 1917 1490 ostenderet
1941 1423 1964 1489 ελ

371 1541 485 1580 non
544 1541 668 1581 esse
723 1534 880 1582 vetus
937 1526 1230 1582 admodum
1283 1528 1515 1590 malum,
1573 1542 1751 1597 neque
1802 1525 1961 1581 initio

373 1618 701 1688 priusquam
734 1618 802 1673 ab
824 1619 1047 1675 homine
1076 1620 1364 1690 inciperet,
1400 1619 1703 1675 exstitisse.
1730 1617 1833 1673 Per
1859 1632 1960 1675 nos

373 1704 520 1763 enim
559 1708 616 1763 ﬁt
652 1717 744 1763 aut
771 1726 881 1765 non
906 1710 983 1764 ﬁt.
1013 1709 1088 1762 Ex
1116 1726 1183 1765 eo
1215 1726 1350 1783 ergo
1388 1711 1624 1775 scilicet,
1660 1710 1807 1781 quod
1832 1709 1959 1781 qui-

373 1799 457 1854 vis
487 1800 767 1855 hominum
800 1802 1003 1855 malum
1034 1802 1215 1858 facere
1244 1802 1439 1872 possit.
1482 1809 1575 1856 aut
1598 1801 1823 1857 minime
1863 1801 1945 1857 fac

2066 526 2257 599 Γραφὴ
2288 523 2470 578 εἶπεν·
2521 525 2603 578 ὅτι
2652 522 2999 591 Ζητοῦντας
3042 517 3199 573 κακὰ
3242 514 3655 583 καταλήψεται

2061 618 2238 674 κακά.
2278 616 2416 672 Οὔτε
2444 615 2554 686 γάρ
2597 631 2728 667 ποτε
2776 613 2942 667 κακὸν
2996 606 3085 683 ἦν,
3127 607 3251 663 οὔτε
3292 604 3419 678 ῥίζα
3461 606 3654 675 γέγονε

2062 709 2278 773 κακίας.
2322 698 2446 761 οὔτε
2479 704 2843 759 ἐνυπόστατον
2887 703 2948 756 τὸ
3003 700 3177 757 κακόν
3222 702 3390 753 ἐστιν.
3433 699 3551 754 Οὐκ
3582 693 3655 770 ἦν

2061 803 2170 874 γάρ
2196 818 2326 856 ποτε
2354 802 2420 854 τὸ
2449 800 2643 855 κακόν.
2691 797 3050 852 Ἐπείσακτον
3089 795 3149 849 δὲ
3196 792 3288 848 διὰ
3327 793 3658 864 προφάσεως

2063 893 2285 965 ἑκάστῳ
2330 893 2440 946 τῶν
2476 890 2773 945 ποιούντων
2822 888 2884 942 τὸ
2911 887 3081 942 κακὸν
3136 885 3369 941 ἔνεστιν.
3436 882 3529 938 Ἐν
3573 883 3655 956 τῷ

2068 985 2145 1057 μή
2192 988 2367 1038 ποιεῖν
2395 984 2496 1037 οὐκ
2535 982 2731 1044 ἔνεστι,
2761 980 3017 1049 καθάπερ
3059 979 3117 1031 ἐν
3161 981 3274 1040 τοῖς
3330 976 3443 1031 ἂνω
3474 976 3655 1039 λόγοις

2068 1076 2492 1149 προδεδήλωται.
2523 1073 2688 1141 Λέγει
2733 1071 2842 1144 γὰρ
2875 1072 2903 1124 ό
2951 1069 3157 1140 Κύριος
3207 1068 3346 1138 μετὰ
3377 1067 3442 1121 τὸ
3477 1067 3658 1120 πάντα

2064 1169 2444 1239 πεποιηκέναι,
2514 1167 2645 1220 Ἰδοὺ
2733 1163 2913 1217 πάντα
2990 1159 3131 1215 καλὰ
3207 1159 3364 1213 λίαν”
3419 1158 3655 1220 δεικνὺς,

2062 1265 2144 1317 ὅτι
2173 1261 2235 1314 τὸ
2262 1259 2431 1314 κακὸν
2462 1259 2562 1312 οὐκ
2607 1257 2882 1328 ἀρχαῖξει,
2916 1255 3039 1309 οὐδὲ
3069 1252 3127 1320 ἐξ
3162 1251 3415 1323 ὑπαρχῆς
3442 1249 3659 1319 ὑπῆρχε

2064 1352 2171 1426 πρὸ
2200 1351 2296 1406 τοῦ
2344 1350 2453 1405 ἀπὸ
2505 1349 2601 1404 τοῦ
2647 1347 2936 1420 ἀνθρώπου
2985 1343 3337 1417 ἐνάρξασθαι.
3374 1341 3452 1394 Δι’
3501 1338 3660 1411 ἡμῶν

2062 1445 2171 1517 γὰρ
2209 1444 2440 1512 γίνεται,
2472 1442 2566 1495 καὶ
2596 1440 2663 1494 δι’
2709 1438 2870 1511 ήμῶν
2914 1438 2974 1492 οὐ
3023 1435 3255 1505 γίνεται,
3295 1433 3422 1505 Ἆρ’
3456 1426 3550 1486 οὖν
3600 1431 3661 1484 ἐν

2066 1534 2147 1607 τῷ
2168 1536 2344 1589 πάντα
2378 1532 2661 1602 ἄνθρωπον
2680 1528 2941 1584 δύνασθαι
2964 1527 3041 1599 μὴ
3057 1528 3232 1581 ποιεῖν
3261 1524 3321 1579 τὸ
3350 1522 3542 1585 κακὸν,
3562 1519 3660 1574 καὶ

2062 1625 2322 1681 δύνασθαι
2355 1626 2530 1678 ποιεῖν
2551 1623 2612 1676 τὸ
2646 1621 2839 1685 κακὸν,
2863 1621 3001 1675 ὅταν
3037 1618 3136 1690 μέν
3172 1635 3255 1671 τοι
3280 1618 3430 1687 ποιῇ,
3463 1614 3581 1667 ἐστι
3601 1611 3665 1665 τὸ

2064 1714 2253 1780 κακὸν,
2272 1716 2400 1769 ὅταν
2420 1713 2477 1767 δὲ
2512 1712 2587 1783 μὴ
2614 1713 2767 1782 ποιῇ,
2784 1710 2883 1763 οὑκ
2912 1708 3027 1762 ἐστι
3047 1706 3108 1761 τὸ
3135 1706 3325 1761 κακόν.
3341 1703 3451 1760 Ποῦ
3482 1702 3662 1756 τοίνυν

2054 1804 2148 1858 τοῦ
2173 1803 2343 1858 κακοῦ
2374 1806 2408 1875 ή
2438 1800 2586 1874 ῥίζα,
2615 1801 2649 1871 ἡ
2685 1798 2986 1860 ὑπόστασις
3008 1796 3112 1869 τῆς
3141 1794 3406 1867 πονηρίας
3435 1810 3451 1860 ἶ

375 1909 540 1950 cere:
576 1895 621 1950 si
652 1895 838 1962 faciat,
890 1896 1095 1951 malum
1132 1898 1398 1964 exsistet,
1431 1897 1538 1953 nisi
1568 1896 1755 1964 iaciat,
1806 1898 2017 1954 nullum
2046 1903 2155 1956 erit
2199 1901 2445 1957 omuino.
2511 1897 2616 1953 Ubi
2658 1896 2819 1969 igitur
2877 1894 3031 1952 radix
3083 1893 3176 1948 illa
3231 1892 3383 1959 mali,
3423 1888 3668 1960 pravita-

373 1990 558 2060 tisque
585 1998 782 2046 natura
806 1993 1155 2049 subsistens?

447 2086 551 2156 73
579 2085 688 2143 \‘Il.
716 2088 1023 2143 Admodum
1050 2104 1177 2142 vero
1201 2088 1434 2145 stolidus
1450 2097 1554 2152 est,
1573 2103 1695 2143 cum
1720 2103 1748 2143 a
1775 2088 1970 2144 virtute

2154 2083 2229 2139 Z'.
2243 2084 2336 2147 Εἰς
2351 2081 2407 2136 δέ
2423 2078 2622 2152 πολλὴν
2637 2072 2790 2141 οὗτος
2808 2076 3039 2149 ἐλήλακε
3059 2074 3292 2148 μωρίαν,
3313 2072 3560 2142 φάσκων,
3581 2076 3668 2129 ὅτι

376 2176 693 2245 productam
740 2185 976 2232 mentem
1019 2179 1245 2243 asserit,
1286 2194 1317 2233 a
1353 2187 1534 2235 mente
1571 2179 1841 2246 verbum;
1902 2195 1970 2235 ac

376 2266 480 2320 hoc
537 2267 883 2336 prudentiam
940 2286 956 2323 :
1011 2268 1155 2324 lianc
1208 2270 1468 2326 virtutem
1532 2270 1971 2341 sapientiamque

376 2361 657 2430 peperisse
688 2379 701 2416 :
739 2376 770 2414 a
802 2361 1003 2430 quibus
1035 2362 1354 2433 potestates,
1383 2370 1440 2417 et
1469 2361 1723 2428 virtutes,
1760 2363 1970 2431 angeli-

376 2468 484 2520 que
516 2453 848 2523 prodierint:
880 2455 973 2509 sed
1005 2455 1091 2509 bis
1118 2455 1376 2508 omnibus
1404 2455 1743 2523 superiorem
1778 2468 1972 2524 quam-

378 2542 502 2595 dam
559 2543 663 2596 vitn
717 2543 933 2607 statuit,
983 2559 1049 2598 ac
1102 2542 1457 2614 principium,
1514 2543 1661 2614 quod
1722 2545 1969 2601 Abrasax

377 2632 632 2701 appellat,
663 2632 784 2687 ideo
811 2633 954 2702 quod
984 2633 1104 2703 ejus
1135 2635 1285 2690 vocis
1317 2635 1513 2690 litterae
1539 2651 1745 2690 cccuv
1779 2652 1972 2693 nume-

382 2740 503 2778 rum
538 2723 810 2791 clliciunt;
847 2731 1010 2794 atque
1036 2742 1102 2781 ex
1126 2740 1192 2781 eo
1218 2726 1509 2782 conﬁctam
1550 2728 1696 2782 illam
1728 2744 1883 2783 suam
1907 2728 1973 2782 de

379 2830 584 2871 ccccxv
617 2817 775 2873 cretis
808 2816 1046 2872 fabulam
1097 2819 1455 2890 comprobare
1488 2821 1709 2876 nititur.
1758 2820 1973 2887 Quibus

381 2908 539 2965 cretis
570 2910 795 2965 totidem
830 2926 894 2965 ex
937 2909 1347 2968 mathematicis
1387 2912 1697 2968 rationibus
1732 2915 1872 2968 situs
1907 2929 1973 2968 ac

380 3002 629 3055 locorum
678 2999 1081 3073 descriptiones
1126 3002 1544 3057 accommodare
1574 3003 1721 3057 omni
1766 3019 1869 3073 ope
1911 3018 1975 3057 ac

380 3093 565 3147 studio
630 3092 915 3147 contendit
948 3113 960 3148 :
1003 3110 1132 3149 nam
1175 3094 1395 3148 illorum
1434 3095 1732 3150 vanissima
1772 3095 1980 3151 theore-

385 3191 532 3237 mata
573 3198 697 3238 cum
740 3184 878 3267 ipse,
918 3184 1181 3256 tumqui
1229 3202 1294 3240 ex
1336 3186 1459 3256 ejus
1498 3186 1785 3256 disciplina
1825 3194 1974 3252 sunt,

2077 2180 2110 2250 ή
2136 2177 2365 2247 δύναμις
2395 2176 2487 2229 τὸν
2520 2171 2644 2227 νοῦν
2675 2170 3027 2244 προεϐάλετο,
3057 2170 3085 2223 ό
3107 2167 3165 2221 δέ
3198 2165 3321 2230 νοῦς
3348 2165 3441 2219 τὸν
3478 2165 3660 2234 λόγον,

2068 2273 2097 2325 ό
2134 2270 2191 2325 δὲ
2235 2269 2391 2337 λόγος
2429 2267 2529 2338 τὴν
2560 2265 2820 2336 φρόνησιν
2841 2301 2858 2328 ,
2891 2263 2924 2333 ή
2953 2260 3297 2332 δὲ’φρόνησις
3323 2259 3553 2329 δύναμιν
3575 2259 3670 2313 καὶ

2083 2360 2294 2431 σοφίαν,
2331 2360 2396 2412 ἐκ
2427 2357 2483 2412 δὲ
2515 2356 2800 2428 δυνάμεως
2832 2355 2928 2408 καὶ
2961 2353 3154 2422 σοφίας
3188 2350 3426 2419 ἐξουσίαι
3455 2351 3553 2404 καὶ
3576 2350 3669 2404 δυ·-

2069 2453 2262 2525 νάμεις
2300 2452 2392 2504 καὶ
2431 2448 2670 2520 ἄγγελοι.
2718 2447 2882 2515 Λέγει
2927 2445 2986 2499 δέ
3029 2443 3128 2515 τὴν
3161 2442 3426 2515 ὑπεράνω
3459 2440 3668 2494 τούτων

2072 2546 2306 2615 δύναμιν
2358 2537 2518 2604 εἶναι,
2580 2540 2677 2595 καὶ
2733 2538 2907 2610 ἀρχὴν
2966 2534 3263 2607 Ἀδρασὰξ,
3322 2533 3411 2587 διὰ
3461 2532 3522 2587 τὸ
3568 2532 3670 2604 τὴν

2078 2634 2257 2705 ψῆφον
2287 2628 2382 2684 τοῦ
2416 2627 2691 2698 Ἀὖρασὰξ
2742 2626 2851 2698 (59)
2897 2624 3041 2696 ἔχειν
3089 2623 3496 2696 τριακοσιοστδν
3544 2621 3672 2694 ἐξη-

2078 2726 2270 2781 κοστὸν
2310 2724 2559 2795 πέμπτον
2588 2720 2846 2793 ἀριθμὸν,
2891 2719 2967 2783 ὼς
3005 2719 3071 2772 ἐκ
3107 2716 3296 2771 τούτου
3325 2716 3425 2786 τὴν
3462 2731 3672 2787 μαρτυ-

2076 2821 2194 2891 ρίαν
2219 2819 2318 2888 τῆς
2356 2815 2521 2870 αὐτοῦ
2559 2813 2880 2886 μυθοποιίας
2919 2810 3027 2865 τῶν
3058 2807 3394 2881 τριακοσίων
3438 2806 3668 2878 ἐξηκόν-

2071 2911 2301 2965 ταπέντε
2333 2906 2578 2979 οὐρανῶν
2602 2946 2617 2970 ,
2656 2905 2913 2976 συνιστᾷν
2948 2899 3262 2973 πειρᾶσθαι.
3299 2895 3395 2962 Οἷς
3424 2898 3673 2970 οὐρανοῖς

2077 3007 2173 3060 καὶ
2200 3001 2525 3066 τοποθεσίας
2560 3001 2655 3054 ῖσα
2687 3001 2803 3062 τοῖς
2838 2997 3124 3070 μαθήμασι
3152 2993 3373 3066 διαιρῶν
3404 2991 3538 3064 (60),
3574 2994 3672 3046 καὶ

2075 3097 2326 3167 συνιστᾷν
2365 3092 2699 3164 ἐπιτηδεύων
2744 3092 2804 3146 οὺ
2851 3089 3147 3161 παρέργως
3205 3086 3543 3158 μηχανᾶται.
3587 3083 3673 3139 Τὰ

2079 3190 2189 3261 γὰρ
2214 3186 2438 3241 ἐκείνων
2469 3186 2677 3256 μάταια
2706 3182 3039 3255 θεωρήματα
3071 3177 3250 3232 λαϐὼν
3279 3179 3359 3241 είς
3399 3177 3528 3230 ἴδιον
3568 3193 3670 3247 χα-

387 3277 469 3330 sic
515 3276 889 3346 arripuerunt,
927 3284 987 3331 ut
1028 3277 1083 3332 in
1126 3293 1287 3333 usum
1328 3278 1669 3333 conformata
1709 3294 1868 3333 suum
1907 3278 1970 3332 ad

2079 3281 2326 3354 ρακτῆρα
2346 3319 2361 3344 ,
2390 3278 2551 3340 αὐτός
2580 3295 2638 3331 τε
2670 3276 2764 3331 καὶ
2797 3278 2846 3329 οἱ
2873 3275 2964 3328 ὑπ’
2998 3274 3160 3328 αὑτὸν
3180 3312 3195 3337 ,
3228 3273 3310 3335 εἰς
3357 3269 3536 3324 αἰτίαν
3569 3267 3671 3337 τῆς

350 3366 661 3421 'idoldrum
722 3369 1185 3439 propugnatricis,
1245 3370 1503 3441 falsaeque
1551 3382 1606 3425 et
1658 3370 1970 3443 adulterium

2083 3372 2217 3436 ἰδίας
2252 3370 2603 3426 εἰδωλοποιοῦ
2637 3369 2733 3423 καὶ
2768 3366 3194 3437 πεπλανημένης
3235 3364 3569 3417 ἐπιπλάστου
3598 3363 3672 3416 δι·

384 3464 649 3514 doctrina
673 3475 898 3515 causam
936 3470 1101 3532 atque
1128 3462 1396 3533 originem
1433 3461 1818 3518 transferrent.
1852 3461 1970 3529 Qua

2085 3465 2381 3529 δασκαλίας
2417 3466 2778 3535 μετήνεγκαν,
2815 3461 2909 3515 καὶ
2948 3458 3229 3529 βούλονται
3272 3456 3373 3529 τὴν
3418 3454 3672 3509 σύστασιν

385 3550 607 3620 quidem
635 3553 895 3608 similium
927 3555 1382 3625 supputationqu
1430 3556 1765 3626 comparatis
1803 3571 1980 3611 exem-

386 3645 488 3713 plis
520 3645 881 3701 corroborare
907 3656 1178 3702 conantur
1210 3666 1225 3703 :
1257 3662 1384 3701 nam
1430 3647 1675 3702 Abrasax
1696 3687 1713 3713 ,
1755 3655 1814 3702 ut
1852 3656 1980 3703 ante

386 3737 522 3802 dixi,
569 3752 773 3794 cccuv
828 3755 1116 3795 numerum
1170 3740 1435 3796 continet.
1493 3739 1632 3795 Hinc
1673 3740 1836 3811 igitur
1888 3740 1979 3796 isti

385 3830 610 3885 totidem
638 3831 834 3887 diebus
864 3831 1061 3888 conlici
1090 3833 1220 3887 anni
1252 3833 1542 3888 circuitum
1567 3841 1843 3889 asserunt.
1872 3832 1978 3889 Sed

385 3920 569 3979 inanis
598 3920 712 3977 haec
741 3922 921 3978 oratio
942 3937 1038 3993 per
1066 3925 1304 3992 seipsam
1332 3923 1589 3977 concidat
1618 3939 1845 3979 necesse
1872 3930 1977 3979 est.

386 4015 670 4086 Siquidem
702 4031 882 4072 anuus
912 4024 1112 4087 praeter
1140 4030 1348 4071 cccuv
1383 4016 1503 4072 dies
1539 4016 1716 4073 tribus
1754 4016 1981 4087 insuper

389 4106 541 4160 boris
584 4116 843 4162 constare
875 4106 1138 4163 cernitur.
1166 4106 1374 4161 Eadem
1425 4120 1576 4170 vero,
1624 4107 1823 4177 inquit,
1867 4106 1981 4161 haec

387 4211 552 4251 causa
588 4205 674 4254 est
702 4213 803 4252 cur
835 4198 891 4251 in
925 4197 1147 4254 homine
1190 4212 1394 4252 ccccxv
1439 4197 1684 4252 membra
1734 4198 1876 4263 sint,
1924 4206 1982 4252 ut

389 4288 644 4357 quaelibet
722 4289 938 4342 illarum
992 4289 1258 4343 virtutum
1319 4304 1480 4343 suum
1542 4289 1646 4343 sibi
1702 4289 1981 4345 vindicare

391 4379 587 4446 possit.
619 4379 676 4432 ln
709 4394 817 4446 quo
846 4380 1063 4449 quidem
1093 4379 1386 4435 conﬁctum
1417 4379 1548 4434 illud
1584 4379 1980 4436 adulterinum-

392 4484 500 4538 que
541 4469 737 4540 dogma
782 4486 890 4524 non
940 4472 1123 4527 minus
1159 4472 1391 4526 corruit.
1433 4469 1648 4541 Quippe
1685 4487 1795 4527 non
1824 4474 1980 4545 plura

389 4577 618 4617 ccccxtv
647 4565 912 4619 membris
934 4564 989 4620 in
1027 4565 1250 4620 homine
1277 4575 1659 4621 numerantur.

467 4651 598 4708 Vill.
637 4659 716 4709 Ac
755 4654 950 4711 beatus
991 4655 1080 4710 ille
1118 4656 1493 4726 apostolorum
1534 4671 1824 4713 successor
1862 4655 1978 4713 Ire-

391 4761 544 4802 naeus
583 4747 843 4805 subtilius
882 4762 946 4803 ea
989 4746 1058 4803 de
1094 4764 1154 4805 re
1192 4748 1480 4822 disputans
1516 4739 1756 4807 hominis
1793 4750 1979 4806 stulti-

2078 3553 2283 3612 τούτων
2312 3557 2419 3612 ἀπὸ
2443 3555 2552 3610 τῶν
2575 3554 2775 3626 ὁμοίων
2807 3550 3002 3623 ψήφων
3038 3548 3309 3603 ποιεῖσθαι
3328 3586 3343 3612 ,
3378 3548 3453 3611 ὡς
3488 3548 3674 3619 προεῖ-

2083 3667 2207 3714 πον,
2253 3649 2348 3703 τοῦ
2387 3645 2666 3720 Ἀδρασὰξ
2709 3645 2820 3699 τῶν
2865 3643 3194 3719 τριακοσίων
3245 3640 3674 3713 ἐξηκονταπέντε

2081 3740 2169 3795 τὸν
2202 3739 2434 3811 ἀριθμὸν
2476 3738 2689 3810 ἔχοντος
2736 3736 2916 3808 δῆθεν,
2966 3735 3269 3797 δεικνύντες
3300 3733 3366 3787 δι’
3404 3730 3570 3785 αὑτοῦ
3610 3730 3674 3784 τὸ

2080 3832 2221 3905 ἔχειν
2241 3833 2332 3886 τὸν
2361 3832 2605 3886 ἐνιαυτὸν
2627 3829 2964 3903 τριακοσίων
2991 3826 3416 3899 έξηκονταπέντε
3446 3827 3479 3896 ή
3489 3823 3672 3896 μερῶν

2080 3922 2313 3996 ἀριθμὸν
2339 3922 2481 3977 κατὰ
2515 3922 2784 3994 περίοδον.
2818 3919 3083 3974 Πέπτωκε
3107 3918 3161 3971 δὲ
3185 3915 3349 3972 αὐτοῦ
3373 3918 3402 3969 ὁ
3425 3914 3673 3988 ληρώδης

2080 4017 2255 4087 λόγος.
2310 4016 2641 4088 Εὑρίσκεται
2691 4013 2799 4083 γὰρ
2844 4012 2873 4064 ό
2913 4009 3156 4074 ἐνιαυτὸς
3201 4008 3311 4078 (61)
3345 4004 3673 4079 τριακοσίων

2081 4108 2513 4181 ἐξηκονταπέντε
2545 4105 2770 4177 ἡμερῶν
2795 4103 2892 4158 καὶ
2918 4101 3078 4174 ὡρῶν
3106 4100 3293 4172 τριῶν.
3328 4096 3462 4152 Εἶτα
3495 4097 3680 4152 ἐντεῦ-

2083 4201 2173 4256 θέν
2198 4218 2350 4272 φησι,
2394 4203 2486 4254 καὶ
2526 4202 2552 4253 ό
2587 4199 2872 4270 ἄνθρωπος
2913 4195 3026 4266 ἔχει
3060 4192 3349 4265 τριακόσια
3381 4189 3675 4261 ἐξήκοντα-

2084 4292 2245 4349 πέντε
2280 4292 2441 4363 μέλη,
2475 4291 2549 4355 ὡς
2588 4292 2794 4363 ἑκάστῃ
2835 4287 2944 4342 τῶν
2981 4284 3266 4355 δυνάμεων
3303 4281 3675 4355 ἀπονέμεσθαι

2082 4383 2138 4439 ἓν
2170 4383 2352 4455 μέλος,
2384 4383 2507 4437 ὅθεν
2531 4383 2624 4437 καὶ
2648 4382 2704 4434 ἐν
2725 4378 2898 4451 τούτῳ
2926 4377 3212 4431 πέπτωκεν
3234 4375 3397 4430 αὑτοῦ
3427 4376 3462 4449 ή
3492 4375 3676 4428 ἐπινε-

2079 4475 2316 4549 νοημένη
2355 4476 2449 4530 καὶ
2490 4474 2643 4538 νόθος
2676 4468 3014 4525 διδασκαλία.
3053 4469 3118 4523 Εί
3147 4468 3257 4541 γὰρ
3284 4468 3364 4539 τῷ
3401 4465 3675 4539 ἀνθρώπῳ

2080 4568 2199 4622 ἐστὶ
2232 4566 2345 4636 (62)
2381 4566 2487 4634 τξδ⁹
2524 4566 2680 4637 μέλη.

2152 4659 2234 4713 H'.
2288 4655 2629 4730 Θαυμαστῶς
2672 4654 2732 4710 δὲ
2780 4654 3132 4726 όφμακὰριος
3181 4654 3470 4725 Εἰρηναῖος
3502 4652 3531 4703 ό
3563 4649 3675 4703 τῶν

2082 4751 2393 4807 ἀποστόλων
2409 4750 2674 4824 διάδοχος,
2692 4766 2756 4803 πε
2766 4749 2816 4822 ρὶ
2839 4748 3026 4804 τούτου
3045 4744 3406 4815 λεπτολογῶν,
3425 4740 3673 4813 διήλεγξε

388 4838 525 4894 tiam
571 4855 696 4896 cum
741 4840 861 4913 pari
898 4840 1273 4899 imbecillitate
1312 4842 1667 4913 conjunctam
1707 4858 1840 4899 sane
1876 4842 1970 4899 ad-

2079 4842 2269 4901 τούτου
2287 4844 2387 4916 τήν
2405 4841 2607 4915 ἁδελτη
2615 4843 2736 4917 ρίαν
2758 4842 2854 4897 καὶ
2872 4841 3181 4914 άδράνειαν.
3206 4838 3674 4909 ’Δνατραπήσεται

462 4998 481 5029 ⁸
511 4995 681 5054 Eecli.
704 5013 804 5065 vn,
839 4999 892 5054 i.

490 5152 579 5224 59)
614 5154 725 5224 Τοῦ
763 5155 1078 5224 Ἀϐρασὰξ.
1100 5154 1238 5211 Vide
1258 5155 1459 5210 Baron.
1488 5158 1556 5212 ad
1588 5171 1640 5210 a.
1675 5155 1796 5210 120.

490 5223 580 5294 60)
605 5223 744 5300 _"_lo’c_t
772 5223 895 5292 τοῖς
917 5225 1231 5300 μαθήμασι
1279 5224 1540 5300 δέᾳιρῶν.
1585 5225 1737 5300 lianc
1783 5225 1974 5281 lectio-

398 5291 521 5368 nem
547 5291 579 5350 ε
605 5291 882 5350 ναιίοιιηο
901 5291 1286 5368 substituimus
1311 5291 1552 5368 Vulgata;
1591 5296 1668 5350 illi
1701 5311 1822 5368 qua:
1849 5310 1975 5368 per-

396 5367 587 5437 spicue
638 5372 898 5437 corrupta
944 5366 1179 5437 videtur,
1231 5376 1288 5423 et
1336 5366 1436 5437 est
1473 5366 1808 5433 huiusmodi,
1858 5366 1979 5429 ἴσας

394 5433 511 5508 τοῖς
567 5433 881 5508 παθητικοῖς
938 5434 1254 5508 διαιρέσεσι.
1312 5436 1643 5508 Carnarius
1676 5438 1979 5506 ποιητικοῖς

396 5507 546 5578 legit.
576 5506 786 5578 Sensus
810 5520 978 5578 porro
1003 5506 1189 5578 is‘esse
1212 5518 1413 5578 potest,
1448 5506 1738 5564 Basilidem
1768 5521 1971 5562 ccccxv

396 5576 521 5648 illos
548 5577 717 5632 ccelos
747 5593 777 5633 c
808 5576 1570 5648 mathematicisrationibus,
1595 5592 1728 5648 quat
1744 5577 1970 5631 totidem

396 5647 514 5718 dies
545 5662 729 5718 annuo
757 5647 877 5703 orbi
914 5646 1243 5718 praatiniuut,
1278 5646 1652 5703 constituisse.
1700 5646 1883 5712 Quare
1910 5662 1972 5701 ex

396 5715 590 5788 iisdem
639 5716 745 5770 illis
779 5715 1299 5788 ‘matl'iematicoruui
1347 5718 1584 5773 decretis
1639 5718 1800 5788 paulo
1855 5723 1978 5788 post

400 5786 677 5844 hominem
711 5784 929 5844 refutat.
972 5787 1183 5859 Quippe
1232 5804 1354 5846 cum
1404 5795 1599 5859 praeter
1638 5784 1807 5845 σατις
1840 5784 1977 5847 dies.

973 4999 996 5031 ²
1032 4998 1170 5056 Gen.
1207 5014 1251 5065 ι,
1284 4999 1375 5054 51.
1457 4999 1479 5033 ⁸
1517 5018 1610 5071 γρ.
1649 5000 1924 5072 Ἔμποροι
1952 4998 2085 5069 γοῦν
2111 4992 2259 5054 οὗτοι
2292 4999 2481 5055 κακῶν
2507 4999 2740 5074 ἐρασταὶ
2769 4999 2864 5054 καὶ
2891 4997 3014 5070 οὐχὶ
3039 4995 3280 5067 ἀγαθῶν.

2090 5173 2141 5211 vt
2169 5155 2396 5226 insuper
2424 5156 2571 5211 horae
2601 5154 2935 5226 tribuantur.

2157 5223 2271 5296 (6t;
2301 5218 2677 5298 Ἐὑρίσκεται
2726 5224 2852 5298 τᾲρ-
2886 5227 2921 5279 ὁ
2963 5223 3261 5298 ἐνιαυτός.
3306 5218 3481 5298 diem
3529 5219 3673 5298 apud

2086 5291 2452 5420 lEpiphaniqu
2508 5291 2920 5369 aequinoctiales
2984 5295 3123 5350 duas
3175 5291 3484 5348 continent.
3540 5291 3675 5355 Vide

2106 5382 2283 5420 iteres.
2320 5382 2395 5420 LI.

2106 5382 2283 5422 iteres.
2320 5382 2395 5420 LI.

2159 5438 2270 5504 (ϐξ)
2303 5439 2373 5492 El
2405 5436 2516 5506 γὰρ
2549 5436 2629 5503 τῷ
2666 5436 2959 5506 ἀνθρώπῳ
2994 5434 3149 5506 ἐστι.
3204 5433 3272 5488 At
3306 5431 3370 5486 R.
3420 5430 3566 5485 Elias
3617 5431 3673 5484 iu

2083 5506 2263 5561 Tltisbi
2302 5522 2319 5565 ε
2377 5504 2535 5567 Dm
2592 5517 2667 5567 xm
2726 5504 2915 5568 Diana:
2974 5504 3122 5568 n'trt
3167 5523 3180 5558 :
3220 5518 3458 5558 CCXLVIII
3502 5516 3673 5555 utern-

2082 5578 2178 5634 bra
2247 5578 2300 5631 in
2360 5577 2581 5633 homine
2650 5586 2799 5633 sunt.
2875 5579 2943 5631 At
3008 5572 3482 5647 Epiphaniusqait
3547 5585 3673 5624 esse

2083 5661 2329 5702 ccccstv.
2362 5648 2476 5702 Nisi
2514 5649 2654 5703 forte
2682 5664 2778 5718 pro
2815 5648 2864 5700 εί
2897 5645 3182 5718 legendum
3219 5645 3292 5702 sit
3326 5645 3411 5718 οξ),
3447 5650 3515 5695 ιιι
3545 5655 3672 5718 “PT

2088 5733 2182 5772 sus
2216 5719 2305 5778 sit.
2337 5734 2446 5773 non
2485 5734 2609 5774 esse
2649 5710 2754 5774 5'65
2788 5710 3052 5772 membra.
3097 5718 3236 5773 Tutu
3282 5715 3429 5771 enim
3472 5720 3523 5769 ct
3566 5710 3672 5779 τξε¹

2088 5804 2187 5861 pro
2232 5787 2331 5856 τξδ⁸
2362 5788 2800 5847 substituendqu
2835 5787 2957 5845 erit.
