3960 6152
322 350 428 410 317

964 354 1337 414 Αυνεαδυε
1374 354 1720 413 HERESES
1755 355 1886 414 LIB.
1926 356 1971 414 ι.
2013 355 2178 414 τον.
2217 356 2284 415 ιι,
2322 390 2387 400 -
2432 314 2704 415 arenas.
2750 358 2936 415 xxw.

3490 356 3597 416 318

316 473 377 529 δὲ
405 470 497 526 καὶ
527 468 624 524 νῦν
647 472 696 559 ἡ.
709 470 950 545 φλυαρία
980 474 1073 528 τοῦ
1106 474 1312 530 ἄνωθεν
1339 474 1780 546 καταϐεϐηκότος
1801 474 1906 528 Βα-

2029 476 2337 532 nirabiliter
2359 478 2621 532 convicit.
2656 474 2764 531 Nec
2792 475 2973 532 minus
3003 475 3058 530 in
3088 476 3379 545 praesentia
3412 473 3596 531 futiles

321 562 573 627 σι’λείδου,
603 564 698 617 καὶ
723 563 792 618 τά
822 563 934 618 ἀνω
967 566 1150 636 σαφῶς
1178 571 1647 631 κατοπτεύσαντος
1665 608 1680 632 ,
1713 567 1911 626 μᾶλλον

320 656 376 710 δὲ
408 655 616 727 ἀνωθεν
641 656 990 720 πεπτωκότος
1015 658 1123 712 ἀπὸ
1149 657 1243 712 τοῦ
1269 659 1371 731 τῆς
1394 658 1652 730 ἀληθείας
1682 659 1906 713 σκοποῦ·

318 749 436 807 ὃτι.
469 748 519 801 εί
547 740 704 811 οὗτος
729 749 757 801 6
783 749 1011 818 οὐρανὸς
1041 747 1146 801 ὑπὸ
1177 747 1286 802 τῶν
1323 749 1444 803 κατ’
1468 750 1629 803 αὑτὸν
1665 749 1912 819 ἀγγέλων

318 841 638 909 γεγένηται,
660 838 814 892 αὑτοὶ
826 837 884 891 δὲ
906 839 1010 891 ὑπὸ
1032 838 1141 892 τῶν
1162 840 1440 912 ἀνωτέρω,
1462 840 1555 894 καὶ
1576 843 1626 894 οἱ
1655 841 1913 913 ἀνωτέρω

323 930 427 985 ὑπὸ
450 929 561 984 τῶν
586 930 666 985 ἔτι
694 931 974 1002 ἀνωτέρω,
1006 932 1093 1001 ἄρ’
1127 928 1220 985 οὖν
1256 934 1291 1003 ἡ
1325 933 1437 988 ἀνω
1468 933 1778 1004 δύναμις,ή
1819 934 1913 987 καὶ

323 1020 599 1094 ’Δϐρασάξ
640 1020 973 1093 καλουμένη,
1013 1022 1373 1094 εὑρεθήσεται
1413 1024 1447 1094 ἡ
1489 1022 1558 1076 τά
1609 1023 1786 1078 πάντα
1824 1040 1915 1077 πε-

323 1115 609 1185 ποιηκυῖα,
643 1114 738 1166 καὶ
771 1113 805 1184 ή
840 1112 990 1166 αἰτία
1021 1113 1131 1168 τῶν
1166 1113 1335 1169 ὄντων
1367 1114 1607 1181 πάντων,
1635 1116 1730 1170 καὶ
1762 1114 1914 1171 οὐδὲν

323 1204 445 1275 δίχα
477 1204 648 1275 αὑτῆς
687 1205 743 1257 τὶ
780 1204 1109 1275 γεγενῆσθαι
1148 1205 1538 1278 εὑρεθήσεται,
1580 1208 1742 1260 ὁπότε
1776 1206 1915 1279 αὑτὴ

320 1296 386 1351 τὸ
418 1295 589 1350 αἴτιον
623 1297 720 1351 καὶ
757 1296 818 1349 τὺ
851 1296 1067 1368 πρῶτον
1096 1297 1403 1369 ἀρχέτυπον
1436 1300 1568 1371 παρ’
1604 1299 1785 1353 αὑτῶν
1817 1317 1916 1353 κα-

321 1388 702 1459 ταγγέλλεται,
747 1386 810 1441 τὸ
845 1387 1137 1458 λεγόμενον
1179 1389 1309 1461 παρ’
1347 1389 1533 1453 αὐτοῖς
1568 1390 1664 1444 τοῦ
1709 1393 1915 1463 κόσμου

322 1480 513 1533 τούτου
546 1479 830 1551 ὑστέρημα
850 1519 865 1544 ,
902 1479 1007 1531 ὑπό
1039 1496 1182 1543 τινος
1225 1479 1412 1552 ἑτέρου
1450 1480 1526 1553 μὴ
1556 1483 1916 1555 γεγενῆσθαι,

324 1572 464 1627 ἀλλά
522 1572 630 1626 ἀπὸ
663 1571 764 1642 τῆς
806 1570 1031 1642 πρώτης
1070 1571 1246 1645 ἀρχῆς
1286 1572 1381 1626 καὶ
1419 1573 1598 1637 αἰτίας
1639 1574 1749 1627 τῶν
1788 1592 1917 1647 μετ-

324 1664 519 1719 έπειτα
540 1664 858 1733 γεγονότων.
881 1663 1215 1735 Ἐρωτητέον
1240 1662 1297 1716 δὲ
1309 1662 1402 1716 τὸν
1431 1664 1613 1717 αὑτόν·
1634 1666 1752 1719 Τίνι
1775 1666 1918 1739 λόγῳ

322 1752 418 1807 ἐπὶ
445 1753 713 1825 τοσαύτην
744 1752 953 1823 πληθὺν
984 1752 1132 1823 ἡμᾶς
1170 1752 1376 1824 φέρεις,
1408 1747 1454 1807 ὦ
1479 1745 1632 1817 οὗτος
1652 1793 1668 1818 ,
1709 1756 1801 1808 καὶ
1840 1758 1917 1829 μὴ

2010 568 2257 640 ejusdem
2313 568 2563 625 Basilidze
2618 584 2773 639 nugze
2834 565 3150 623 refellentur
3212 569 3304 641 qui
3371 586 3402 623 e
3453 567 3597 622 cmlo

2009 661 2289 732 delapsus,
2336 670 2389 716 et
2430 660 2672 714 ctelestia
2717 657 3003 716 manifeste
3048 660 3446 730 contemplatus
3488 665 3595 722 est,

2011 753 2095 808 vel
2120 769 2150 809 e
2178 753 2320 808 caelo
2355 752 2556 823 potius,
2600 752 2824 806 hoc.cst
2861 765 3029 822 scopo
3065 751 3309 806 veritatis
3345 749 3546 805 excidit
3577 767 3593 803 :

2013 860 2139 900 nam
2169 845 2213 900 si
2253 845 2453 900 coelum
2484 843 2631 898 istud
2663 842 2731 897 ab
2769 843 2977 912 angelis
3007 858 3148 912 quos
3172 842 3263 897 ille
3288 839 3594 907 constituit,

2014 943 2101 990 est
2146 936 2505 1006 productum,
2543 942 2597 990 et
2630 933 2665 988 ii
2704 949 2895 988 rursus
2937 949 2966 986 a
3000 933 3407 1004 superioribus,
3436 947 3599 1002 supe-

2016 1026 2196 1082 riorcs
2232 1040 2263 1080 a
2299 1027 2576 1097 supremis
2610 1026 2876 1097 procreati
2918 1033 3067 1089 sunt,
3102 1040 3169 1080 eo
3207 1039 3298 1079 res
3338 1022 3600 1078 nimirum

2014 1121 2240 1186 recidet,
2271 1129 2330 1175 ut
2358 1137 2568 1175 summa
2601 1121 2691 1175 illa
2720 1120 2918 1185 virtus,
2945 1133 3067 1189 quae
3096 1118 3341 1173 Abrasax
3368 1114 3598 1179 dicitur,

2016 1208 2272 1268 universa
2329 1212 2671 1277 condiderit,
2729 1213 2909 1280 sitque
2964 1208 3208 1264 omnium
3259 1219 3602 1276 quaecunque

2017 1315 2147 1362 sunt
2185 1321 2371 1370 causa,
2421 1320 2521 1360 nec
2564 1304 2770 1374 absque
2808 1302 2899 1358 illa
2935 1300 3234 1373 quidquam
3275 1299 3551 1354 exstiterit
3584 1312 3599 1350 :

2017 1396 2128 1470 74
2167 1413 2291 1451 cum
2333 1396 2449 1451 haec
2489 1396 2605 1467 ipsa
2650 1393 3004 1466 principium,
3042 1407 3106 1447 ac
3145 1393 3380 1461 primum
3421 1403 3602 1443 rerum

2017 1491 2260 1545 omnium
2303 1487 2583 1558 exemplar
2626 1487 2696 1542 ab
2741 1486 2851 1541 illis
2888 1500 3012 1541 esse
3048 1482 3268 1537 dicatur
3306 1497 3320 1534 :
3360 1481 3607 1551 adeoque

2019 1581 2268 1652 sequitur
2299 1580 2490 1635 mundi
2531 1578 2695 1649 hujus
2738 1593 2900 1649 quem
2937 1582 3138 1630 vocant
3178 1573 3451 1630 defectum
3491 1588 3604 1628 non

2019 1674 2087 1729 ad
2134 1672 2282 1728 aliud
2329 1688 2452 1729 esse
2500 1687 2665 1742 quam
2710 1670 2778 1725 ad
2814 1670 3052 1740 primum
3098 1666 3231 1723 illud
3273 1666 3603 1737 principium

2022 1780 2357 1835 causamque
2386 1779 2600 1830 eorum,
2624 1777 2745 1833 quae
2774 1769 2904 1819 sunt
2934 1769 3120 1833 postea
3153 1759 3294 1813 facta
3318 1799 3331 1823 ,
3360 1755 3608 1831 referen-

328 1845 528 1918 μᾶλλον
558 1845 652 1900 ἐπὶ
683 1846 783 1916 τὴν
810 1844 1016 1916 ἀρχὴν,
1055 1847 1333 1899 τουτέστιν
1376 1847 1471 1901 ἐπὶ
1513 1847 1605 1901 τὸν
1645 1848 1741 1901 ἕνα
1779 1849 1912 1903 Θεὸν

2027 1859 2167 1912 dum.
2203 1856 2337 1912 illud
2367 1871 2497 1911 vero
2526 1857 2593 1911 de
2621 1855 2812 1910 eodem
2838 1853 3151 1925 percontari
3182 1858 3430 1922 oportet:
3465 1847 3604 1914 Quid

322 1938 417 1991 τὸν
438 1937 854 2009 παντοκράτορα
875 1953 889 2002 ;
907 1935 1071 1990 ὁπότε
1090 1935 1391 2002 ἐξάπαντος
1415 1939 1533 2011 ἦτοι
1551 1938 1693 1993 οὕτω
1714 1939 1908 2008 λέγων,

323 2030 359 2099 ἢ
393 2028 556 2093 οὑτω,
588 2029 668 2082 δεῖ
694 2030 786 2082 τὸν
810 2029 908 2083 ἕνα
940 2030 1110 2084 αἴτιον
1147 2031 1365 2085 πάντων
1408 2031 1689 2102 ὁμολογεῖν
1711 2033 1911 2086 Δεσπό-

324 2120 646 2207 τηνςΑλλά
699 2122 795 2207 καὶ
844 2122 974 2193 περὶ
1026 2121 1127 2192 τῆς
1179 2121 1274 2176 τοῦ
1320 2122 1557 2195 Χριστοῦ
1604 2124 1913 2190 ὑποθέσεως

324 2205 653 2284 ἀπόκριναι,
706 2205 753 2266 ὦ
797 2211 1140 2284 πλαστουργὲ
1196 2213 1296 2284 τῆς
1362 2214 1657 2286 μυθοποιοῦ
1708 2210 1913 2287 ταύτης

326 2304 729 2375 πραγματείας.
756 2304 819 2358 El
843 2304 1025 2376 Σίμων
1047 2305 1369 2378 ἐσταυρώθη
1395 2307 1423 2361 ὁ
1446 2307 1775 2379 Κυρηναῖος,
1805 2305 1913 2380 ἀρα

323 2396 389 2448 οὑ
432 2394 520 2448 διὰ
546 2394 724 2466 Ἰησοῦ
758 2397 793 2466 ἡ
835 2396 1080 2467 σωτηρία
1117 2396 1277 2468 ήμῶν
1313 2397 1624 2471 γεγένηται,
1660 2398 1797 2453 ἀλλά
1827 2399 1915 2453 διὰ

324 2487 593 2559 Σίμωνος,
636 2489 730 2542 καὶ
777 2490 961 2543 οὐκέτι
1003 2492 1031 2544 ὁ
1079 2490 1284 2562 κόσμος
1324 2491 1563 2546 ἐλπίσειε
1609 2493 1698 2548 διὰ
1736 2493 1912 2565 Ἰησοῦ

327 2579 567 2651 Χριστοῦ
591 2579 860 2644 σώζεσθαι
886 2581 979 2635 τοῦ
1007 2582 1082 2656 μὴ
1112 2581 1397 2648 παθόντος.
1426 2584 1563 2639 Οὔτε
1590 2584 1699 2656 γὰρ
1732 2585 1914 2657 Σίμων

326 2672 550 2726 δύναται
576 2672 789 2739 σώζειν,
819 2674 1104 2744 ἄνθρωπος
1145 2674 1223 2729 ὣν
1265 2675 1438 2747 ψιλὸς,
1469 2678 1564 2731 καὶ
1601 2678 1750 2733 οὐδὲν
1795 2678 1915 2733 ἓτε-

331 2781 447 2836 ρον.
463 2766 614 2837 Ἃμα
625 2766 680 2819 δὲ
696 2766 787 2820 καὶ
812 2767 1177 2835 συκοφαντίας
1200 2768 1567 2840 καταψηφίζει
1592 2771 1606 2801 ¹
1642 2768 1736 2825 τοῦ
1762 2788 1918 2842 μονο-

329 2857 522 2926 γενοῦς
558 2857 687 2911 Υίοῦ
718 2858 813 2912 τοῦ
843 2857 1002 2922 Θεοῦ,
1042 2861 1090 2913 εἰ
1124 2859 1310 2931 ἕτερον
1343 2862 1457 2915 ἀντ’
1485 2862 1649 2916 αὑτοῦ
1681 2863 1918 2935 παραδέο

327 2948 504 3003 δωγ.εν
536 2952 564 3002 ὁ
592 2949 794 3019 ἀγαθὸς
829 2950 1051 3023 Κύριος,
1103 2950 1431 3023 βιασάμενος
1470 2955 1550 3017 είς
1591 2955 1765 3023 φόνον,
1809 2958 1918 3010 Καὶ

331 3038 485 3092 ἔσται
511 3039 696 3094 λοιπὸν
724 3040 878 3113 ὁναρ,
909 3041 1107 3113 μᾶλλον
1134 3043 1191 3096 δὲ
1217 3043 1544 3114 κακοηθείας
1574 3048 1668 3099 καὶ
1696 3047 1919 3112 κυϐείας

332 3131 493 3203 ἔργον
528 3133 590 3185 τὸ
618 3132 856 3189 τοιοῦτον
877 3172 891 3197 ,
925 3135 1008 3187 ὅτι
1038 3135 1067 3187 ὁ
1099 3134 1334 3206 Κύριος,
1371 3136 1565 3209 κυϐείᾳ
1596 3140 1700 3191 τινὶ
1729 3138 1918 3193 ἑαυτὸν

330 3223 569 3294 κρύψας,
605 3223 762 3279 ἀλλον
797 3225 910 3279 ἀντ’
945 3223 1110 3280 αὑτοῦ
1156 3203 1662 3298 παραδέδωκε-*καὶ
1699 3229 1849 3284 ἔσται
1887 3234 1921 3306 ἡ
1952 3203 1996 3261 C

2019 1959 2074 2002 tu
2108 1949 2348 2013 tandem,
2389 1948 2461 2003 ini
2498 1947 2690 2011 homo,
2730 1961 2832 2001 nos
2870 1946 2926 1999 in
2961 1951 3165 1998 tantam
3205 1939 3608 1996 multitudinem

2020 2041 2343 2112 compellis,
2367 2055 2432 2095 ac
2454 2054 2563 2094 non
2596 2040 2779 2109 potius
2805 2037 2871 2092 ad
2905 2034 3236 2107 principium
3270 2034 3473 2103 ipsum,
3505 2029 3612 2085 hoc

2019 2140 2103 2187 est
2128 2148 2297 2186 unum
2329 2130 2497 2187 Deum
2528 2138 2581 2186 et
2607 2130 3036 2199 omnipotentem
3065 2124 3333 2181 deducis?
3356 2122 3613 2195 quando-

2020 2225 2237 2296 quidem
2288 2224 2404 2279 sive
2458 2224 2561 2278 hoc
2605 2223 2722 2277 sive
2772 2221 2879 2275 alio
2931 2218 3095 2274 modo
3148 2226 3382 2284 statuas,
3439 2229 3608 2269 unum

2020 2318 2244 2372 omnino
2296 2330 2478 2371 rerum
2529 2315 2773 2370 omnium
2826 2312 3150 2383 principium
3201 2324 3265 2364 ac
3318 2307 3608 2362 Dominum

2024 2407 2182 2461 fateri
2231 2420 2457 2461 necesse
2506 2405 2597 2460 sit.
2646 2401 2788 2470 Quin
2843 2402 2947 2457 hoc
2986 2401 3147 2455 velim
3170 2397 3322 2463 mihi,
3375 2390 3610 2451 fabulosi

2021 2499 2187 2569 hujus
2207 2497 2499 2553 commenti
2535 2495 2854 2561 architecte,
2893 2494 2961 2548 de
3001 2491 3220 2546 Christo
3254 2485 3609 2558 respondeas.

2025 2594 2082 2650 Si
2122 2594 2178 2648 in
2224 2607 2442 2648 crucem
2493 2588 2684 2644 Simon
2735 2587 2826 2643 ille
2875 2586 3170 2657 Cyrenaeus
3209 2588 3292 2637 est
3326 2580 3608 2639 sublatus.

2024 2701 2135 2741 non
2172 2683 2342 2756 igitur
2372 2697 2468 2753 per
2502 2679 2780 2735 Christum
2817 2684 2972 2746 parta
3005 2672 3163 2729 nobis
3192 2680 3278 2726 est
3305 2670 3474 2734 salus,
3517 2667 3613 2723 sed

2024 2793 2121 2849 per
2160 2775 2474 2838 Simonem;
2505 2786 2607 2827 nec
2641 2770 2752 2841 jam
2786 2783 2883 2840 per
2921 2764 3199 2820 Christum
3235 2759 3474 2816 mundus
3504 2757 3617 2812 sal-

2026 2847 2157 2925 vum
2191 2867 2308 2923 fore
2348 2882 2406 2923 se
2439 2879 2662 2934 sperare
2685 2860 2908 2923 debeat,
2940 2864 3130 2927 utpote
3158 2852 3250 2924 qui
3289 2850 3513 2904 minime
3543 2847 3615 2903 sit

2025 2974 2248 3034 passus.
2292 2954 2480 3028 Neque
2510 2953 2658 3010 enim
2697 2950 2890 3008 salutis
2927 2962 3050 3002 esse
3088 2957 3256 2999 causa
3300 2939 3490 2994 Simon
3524 2951 3614 3007 po-

2027 3031 2164 3119 test,
2198 3066 2371 3123 purus
2395 3050 2585 3121 utique
2613 3061 2678 3102 ac
2705 3032 2872 3117 putus
2899 3042 3084 3105 homo,
3117 3051 3291 3107 neque
3317 3031 3613 3123 quidquam

2028 3122 2286 3217 amplius.
2317 3142 2400 3197 Ad
2438 3143 2553 3197 haec
2586 3137 2925 3209 unigenitum
2965 3132 3059 3187 Dei
3093 3130 3291 3186 Filium
3330 3122 3617 3217 calumniae

2029 3238 2384 3308 condemnas,
2417 3233 2464 3289 si
2493 3232 2721 3287 alterum
2753 3230 2932 3285 bonus
2963 3223 3228 3279 Dominus
3253 3218 3520 3274 violenter
3547 3212 3615 3267 ad

331 3313 487 3385 παρὰ
529 3314 624 3368 σοῦ
682 3315 991 3387 μωρολογία
1047 3317 1460 3386 συκοφαντοῦσα
1510 3321 1609 3392 μὲν
1648 3322 1748 3395 τὴν
1794 3324 1920 3397 ἀλή-

2028 3343 2219 3385 necem
2251 3340 2352 3382 suo
2386 3324 2506 3378 loco
2544 3320 2846 3376 tradiderit.
2879 3313 2991 3372 Nec
3025 3313 3171 3367 aliud
3206 3319 3320 3365 tota
3351 3323 3440 3363 res
3478 3320 3613 3377 pra:-

333 3405 510 3471 θειαν,
551 3408 625 3478 μὴ
666 3407 940 3480 δυναμένη
989 3408 1067 3474 δὲ,
1106 3409 1221 3464 ἀλλ’
1255 3410 1586 3485 ἐλεγχομένη
1629 3413 1721 3468 ὑπ’
1754 3415 1920 3487 αὐτῆς

2031 3431 2113 3478 ter
2129 3418 2403 3477 somnium
2428 3416 2554 3479 erit,
2583 3416 2695 3467 imo
2720 3407 3075 3482 malignitatis
3100 3402 3614 3477 pra'stigiarumque

332 3497 433 3568 τῆς
480 3498 762 3570 ἀληθείας,
844 3501 1169 3567 ἀσυστάτως
1217 3502 1280 3557 τὸ
1326 3505 1541 3577 ποίημα
1592 3508 1752 3563 τοῦτο
1813 3512 1920 3565 εἰσ-

2027 3512 2327 3584 specimen,
2357 3522 2482 3563 cum
2517 3504 2869 3574 semetipsum
2922 3499 3186 3554 Dominus
3240 3490 3610 3549 fraudulentis

287 3680 291 3685 .
334 3590 640 3662 Woup'é‘m'
886 3676 891 3683 ,
2034 3583 2586 3660 artibussubducens
2617 3595 2701 3652 sui
2733 3593 2999 3650 vicarium
3038 3591 3271 3646 alterum
3299 3586 3617 3642 substituat.

338 3686 540 3756 Sicque
576 3695 666 3742 tua
713 3688 801 3742 illa
841 3689 1169 3745 stultissima
1213 3690 1489 3748 cavillatio
1535 3698 1753 3754 veritati
1801 3703 2020 3772 quidem
2080 3699 2415 3756 calumniam
2449 3700 2645 3759 struet,
2682 3706 2782 3747 nec
2835 3687 2982 3762 quod
3012 3687 3157 3743 volet
3214 3695 3399 3739 tamen
3459 3693 3618 3736 asse-

335 3782 430 3853 qui
466 3786 685 3853 poterit,
729 3784 825 3839 sed
871 3784 940 3841 de
987 3785 1243 3858 ﬁgmento
1298 3788 1393 3844 illo
1445 3798 1652 3848 temere
1698 3811 1762 3850 ac
1811 3797 1932 3854 sine
1963 3798 2072 3853 ulla
2105 3795 2403 3852 stabilitate
2431 3789 2713 3864 proposito
2762 3787 2847 3842 vel
2879 3785 2949 3841 ab
2975 3784 3094 3856 ipsa
3144 3781 3376 3837 veritate
3427 3775 3621 3833 redar-

336 3885 557 3945 guetur.

317 3987 329 4000 ·
407 3970 484 4025 Θν.
500 3973 683 4047 Πάντη
700 3972 810 4046 γὰρ
827 3970 1038 4043 ἐλέγχει
1053 3971 1240 4027 τοῦτον
1258 3974 1350 4028 τὸν
1371 3977 1726 4052 αίρεσιάρχην
1749 3983 1927 4055 ἡάλή-

336 4067 461 4121 θεια
504 4068 563 4119 ἐν
599 4066 817 4138 Παλαιᾷ
851 4067 944 4119 καὶ
982 4067 1158 4139 Καινῇ
1197 4068 1460 4143 Διαθήκῃ.
1499 4072 1669 4127 Παντὶ
1697 4075 1804 4144 γάρ
1843 4091 1927 4130 τοι

334 4160 516 4231 δῆλον,
540 4160 622 4212 ὅτι
649 4157 880 4230 Χριστὸς
907 4156 1048 4211 ἑκὼν
1072 4160 1164 4211 ἐπὶ
1189 4159 1250 4212 τὸ
1274 4161 1444 4226 πάθος
1468 4158 1621 4235 ἦλθε,
1648 4169 1741 4219 καὶ
1771 4167 1929 4240 θελή-

342 4268 473 4323 ματι
501 4249 613 4322 ἰδίῳ
635 4251 729 4303 καὶ
757 4247 851 4302 τοῦ
889 4248 1018 4301 ἰδίου
1046 4249 1279 4322 Πατρός,
1300 4258 1393 4305 καὶ
1413 4252 1631 4327 εὐδοκία
1650 4255 1742 4309 τοῦ
1771 4258 1927 4327 ἁγίου

338 4343 660 4414 Πνεύματος
685 4340 845 4394 ἔλαϐε
871 4340 970 4414 τὴν
1000 4341 1200 4413 σάρκα,
1232 4343 1661 4416 ὲνανθρωπήσας
1687 4349 1744 4401 ἐν
1771 4352 1927 4422 ἡμῖν,

338 4437 399 4489 ὲν
429 4433 732 4503 τελειότητι
761 4432 894 4495 Θεὸς
923 4429 1019 4497 ὢν,
1053 4433 1149 4486 ἀπ’
1177 4433 1354 4505 ἀρχῆς
1386 4437 1452 4488 ὲκ
1484 4437 1697 4510 Πατρός
1734 4457 1925 4511 γεγενο

2102 3977 2193 4033 lX.
2236 3976 2361 4033 llmc
2386 3974 2530 4036 enim
2557 3967 2976 4026 haeresiarcham
3005 3963 3172 4020 istum
3202 3968 3313 4015 tam
3343 3958 3400 4013 in
3427 3956 3616 4013 Veteri

2031 4088 2196 4144 quam
2236 4069 2388 4123 Novo
2428 4065 2784 4120 Testamento
2823 4057 2974 4114 omni
3016 4072 3081 4112 ex
3122 4060 3280 4127 parte
3318 4048 3618 4107 convincit.

2036 4143 2314 4234 Siquidem
2372 4156 2579 4213 nemini
2642 4159 2728 4208 est
2784 4150 3107 4211 obscurum,
3175 4143 3456 4200 Christum
3519 4154 3619 4196 sua

2037 4232 2234 4326 sponte
2273 4252 2338 4306 ad
2379 4245 2706 4320 supplicium
2746 4241 2984 4304 venisse,
3028 4248 3195 4310 atque
3230 4237 3396 4292 etiam
3433 4232 3623 4289 volun-

2035 4323 2144 4401 tate
2188 4360 2312 4399 cum
2363 4356 2462 4398 sua
2503 4348 2617 4393 tum
2652 4333 2831 4389 Patris
2869 4347 2933 4387 ac
2964 4329 3138 4387 sancti
3173 4325 3411 4400 Spiritus
3444 4323 3622 4379 addu-

2033 4445 2206 4502 ctum,
2232 4434 2313 4490 uti
2333 4446 2553 4488 carnem
2577 4428 2848 4490 indueret,
2879 4430 2933 4480 et
2959 4423 3104 4477 inter
3127 4435 3231 4476 nos
3258 4418 3535 4474 hominem
3563 4432 3625 4472 se

338 4512 595 4599 νημένος,
628 4526 881 4597 ἀνάρχως
915 4527 1010 4581 καὶ
1041 4526 1305 4599 ἀχρόνως·
1343 4530 1431 4582 ἐπ’
1466 4508 1709 4602 ἐσχάτων
1739 4533 1796 4587 δὲ
1814 4508 1920 4588 γτῶκ

2040 4528 2275 4592 faceret,
2321 4539 2444 4580 cum
2487 4520 2845 4578 nihilominus
2878 4515 3152 4588 perfectus
3189 4518 3335 4568 esset
3371 4508 3517 4564 Deus
3541 4547 3556 4572 ,
3587 4523 3617 4560 a

341 4620 566 4691 ἡμερῶν
607 4620 666 4672 ὲν
714 4620 900 4691 μήτρᾳ
951 4617 1221 4690 παρθένου
1264 4619 1519 4689 γενέσθαι
1564 4624 1928 4693 καταξιώσας,

341 4715 422 4778 είς
445 4711 635 4764 ἑαυτόν
656 4727 715 4763 τε
748 4709 907 4781 σῶμα
936 4709 1412 4783 ἀναπλασάμενος,
1446 4714 1540 4767 καὶ
1568 4716 1847 4787 γεννηθεὶς
1875 4720 1932 4774 ὲν

340 4806 590 4879 ἀληθείᾳ,
615 4808 708 4859 καὶ
730 4805 1155 4878 ὲνανθρωπήσας
1183 4808 1242 4861 ὲν
1271 4806 1578 4878 βεϐαιώσει,
1607 4811 1690 4864 ἵνα
1712 4812 1769 4866 ὲν
1792 4812 1928 4884 αὐτῇ

342 4897 493 4970 πάθῃ
525 4897 667 4970 ὑπὲρ
697 4896 853 4968 ἡμῶν
885 4899 952 4968 τῇ
989 4898 1175 4968 σαρκὶ,
1213 4898 1310 4952 καὶ
1336 4899 1436 4971 τὴν
1476 4897 1655 4971 ψυχὴν
1687 4899 1761 4971 δῷ
1789 4901 1932 4973 ὑπὲρ

344 4991 453 5045 τῶν
505 4990 652 5043 ἰδίων
711 4988 1019 5060 προϐάτωνυ
1080 4990 1157 5054 ὡς
1204 4990 1416 5062 ἐλέγχει
1465 4993 1688 5056 τούτους
1735 4992 1928 5062 λέγων·

343 5083 502 5139 Ἰδοὺ
545 5082 947 5152 ἀναϐαίνομεν
989 5083 1076 5149 εὶς
1133 5082 1547 5154 Ἰεροσόλυμα,
1577 5084 1676 5139 καὶ
1715 5088 1748 5140 ὁ
1798 5084 1933 5153 Υἱὸς

344 5177 452 5232 τοῦ
475 5174 793 5243 ἀνθρώπου
816 5173 1297 5244 παραδοθήσεται
1318 5217 1330 5237 ,
1355 5178 1453 5230 καί
1481 5177 1935 5245 ἁποκτανθήσε-

346 5286 461 5329 ται,
514 5267 615 5322 καὶ
661 5265 735 5336 τῇ
782 5266 949 5338 τρίτῃ
997 5266 1194 5336 ἡμέρᾳ
1233 5265 1662 5334 ἀναστήσεται.
1704 5269 1828 5333 Τοῖς
1872 5287 1932 5325 τε

345 5364 484 5427 υἱοῖς
510 5359 798 5417 Ζεϐεδαίου
828 5361 1028 5431 φήσας·
1058 5360 1331 5415 Δύνασθε
1363 5360 1524 5417 πιεῖν
1555 5360 1621 5417 τὸ
1646 5360 1936 5431 ποτήριον

347 5453 381 5509 ὃ
403 5451 611 5524 μέλλω
637 5451 854 5505 πίνειν·
884 5449 960 5515 ὡς
990 5449 1085 5504 καὶ
1112 5451 1141 5504 6
1179 5449 1475 5515 ἀπόστολος
1517 5450 1668 5520 λέγει
1707 5452 1931 5524 Πέτρος

352 5544 721 5610 Sostratum-22c
753 5541 957 5611 σαρκὶ,
987 5539 1359 5609 ζωοποιηθεὶς
1391 5541 1460 5596 δὲ
1486 5544 1796 5615 πνεύματι.
1830 5546 1935 5598 Καὶ

352 5640 530 5694 πάλιν
592 5639 697 5702 Ὃς
737 5635 961 5690 ἔπαθεν
1005 5633 1157 5703 ὑπὲρ
1205 5632 1378 5704 ἡμῶν
1418 5636 1620 5704 σαρκί·
1672 5636 1833 5690 πάλιν
1880 5637 1936 5690 δὲ

2037 4619 2198 4675 Patre
2230 4615 2501 4690 principio
2530 4614 2648 4670 sine
2674 4611 2786 4666 ullo
2812 4609 2971 4665 initio
2996 4606 3077 4662 vel
3105 4616 3350 4674 tempore
3375 4601 3616 4673 genitus.

2039 4712 2141 4780 Qui
2176 4710 2470 4782 postremis
2498 4704 2836 4777 temporibus
2861 4702 2915 4756 in
2952 4699 3179 4770 virginis
3209 4703 3366 4751 utero
3392 4692 3621 4749 formari

2032 4804 2232 4868 voluit,
2256 4801 2470 4871 sibique
2491 4812 2692 4867 corpus
2713 4792 2942 4856 eﬂinxit,
2982 4804 3047 4843 ac
3083 4801 3268 4842 revera
3298 4783 3535 4854 genitus,
3566 4790 3622 4835 et

2034 4898 2199 4952 homo
2227 4894 2347 4951 sine
2370 4891 2482 4947 ullo
2500 4887 2827 4954 fucoJ'actus
2844 4891 2949 4948 est,
2975 4882 3053 4936 uti
3076 4891 3268 4952 pinnas
3289 4876 3346 4929 in
3364 4890 3428 4929 ea
3457 4887 3621 4945 quam

2034 4994 2355 5059 susceperat
2400 4997 2568 5039 carne
2614 4994 2713 5052 pro
2771 4976 2930 5032 nobis
2978 4971 3352 5042 experiretur,
3409 4981 3474 5020 ac
3522 4978 3624 5036 pro

2033 5055 2231 5135 ovibus
2258 5076 2377 5132 suis
2400 5074 2643 5129 animam
2673 5068 2932 5125 traderet.
2963 5064 3022 5118 In
3044 5075 3153 5133 quo
3182 5057 3470 5114 haereticos
3499 5055 3623 5110 illos

2035 5172 2329 5247 perspicue
2354 5167 2557 5226 refellit
2601 5165 2731 5219 dum
2774 5162 2848 5216 ita
2884 5156 3129 5227 loquitur
3160 5171 3174 5207 :
3213 5150 3351 5206 Ecce
3389 5148 3627 5205 ascendi-

2037 5242 2151 5322 iuus
2170 5242 2186 5245 ⁷
2204 5262 2637 5332 Hierosolymam
2657 5295 2674 5322 ,
2714 5263 2765 5309 et
2795 5250 2971 5331 ilius
2998 5245 3228 5301 hominis
3281 5242 3544 5307 tradetur,
3572 5250 3625 5297 et

2036 5360 2325 5422 occidetur,
2339 5367 2387 5412 et
2404 5352 2513 5427 75
2530 5351 2690 5406 tertio
2701 5346 3035 5415 dicjresurgot
3047 5344 3091 5398 ¹.
3104 5338 3245 5396 Tum
3260 5339 3484 5409 insuper
3498 5350 3623 5390 cum

2038 5451 2286 5509 Zcbcdaei
2325 5448 2452 5505 ﬁliis
2476 5446 2553 5502 ait
2595 5463 2610 5499 :
2646 5439 2872 5498 Potestis
2903 5437 3077 5493 bibere
3105 5433 3322 5488 calicem
3351 5445 3503 5501 quem
3531 5444 3626 5498 ego

2041 5546 2302 5601 bibiturus
2332 5557 2450 5597 sum
2478 5539 2538 5594 '?
2560 5536 2682 5605 Quo
2711 5534 2800 5591 illa
2827 5528 3060 5605 apostoli
3090 5525 3237 5583 Petri
3261 5523 3425 5579 verba
3458 5521 3628 5593 perti-

2041 5642 2170 5692 nent
2198 5654 2211 5690 :
2240 5632 2600 5702 Martiﬁcatus
2628 5642 2806 5693 carne,
2828 5623 3122 5695 ririﬁcatus
3168 5625 3343 5672 autem
3367 5614 3558 5687 spiritu
3579 5617 3624 5667 δ.

385 5830 394 5836 “
426 5823 528 5881 '1".
562 5819 981 5896 καταψηφίζεις.
1060 5822 1079 5853 ²
1104 5819 1292 5878 Matth.
1326 5839 1416 5893 xx,
1461 5821 1541 5877 l8.
1622 5821 1641 5852 ³
1673 5819 1805 5877 ibid.
1833 5819 1920 5875 22.

2064 5818 2082 5875 l
2124 5814 2240 5873 Pet.
2275 5830 2354 5871 ut.
2388 5810 2479 5870 18.
