3960 6152
374 319 482 376 3'25

1806 315 1865 372 S.
1904 311 2245 369 EPlPllANll

3549 313 3664 374 5%

377 443 457 488 ter
489 448 569 486 me
583 429 725 485 Deus
746 436 843 485 est.
861 426 1018 494 Quod
1038 426 1269 484 audiens
1297 427 1526 483 Barbelo
1544 427 1841 500 lacrymata
1863 436 1968 484 est.

2077 429 2164 482 τὸν
2187 428 2345 496 λόγον
2371 425 2581 491 τοῦτον,
2618 426 2714 481 καὶ
2743 425 2994 480 κλαῦσαι.
3024 424 3243 499 Ταῦτην
3264 426 3322 481 δὲ
3359 426 3448 481 ἀεὶ¹
3477 430 3664 498 φαίνε-

377 523 634 580 Eamdem
660 536 825 594 porro
855 529 1089 578 venusta
1132 519 1317 593 specie
1355 520 1695 592 principibus
1754 536 1972 591 semper

2077 521 2198 574 σθαι
2227 522 2342 583 τοῖς
2381 519 2641 590 ἄρχουσιν
2676 520 2734 572 ὲν
2764 518 3040 591 εὐμορφίᾳ
3072 520 3200 582 τινὶ,
3243 519 3339 573 καὶ
3379 520 3660 593 ἀποσυλᾷν

375 638 640 696 apparere
667 622 881 686 dicunt,
913 621 1175 692 abiisque
1190 635 1379 677 semen
1406 635 1504 690 per
1531 618 1866 690 Voluptatem
1900 631 1966 671 ac

377 711 705 786 proﬂuvium
742 711 997 779 auferre;
1044 712 1308 767 nimirum
1357 717 1417 765 ut
1448 710 1558 765 vim
1602 724 1758 764 suam
1805 709 1861 763 in
1890 706 1971 762 di-

375 820 567 861 versos
595 805 917 861 distractam
939 804 1140 860 iterum
1156 812 1468 872 recuperet.
1499 800 1675 872 Cujus
1696 800 1969 871 dogmatis

378 896 676 950 occasione
722 894 988 950 fmditatis
1019 909 1135 950 suae
1186 893 1510 964 mysterium
1548 891 1605 946 in
1647 891 1840 947 orbem
1884 892 1971 945 in-

378 989 543 1045 vexit.
575 987 755 1058 Atque
793 1002 984 1043 eorum
1023 986 1297 1057 plerique,
1329 1000 1471 1056 quos
1512 984 1971 1040 commemorari-

377 1095 533 1146 mus,
564 1095 676 1151 quo
706 1080 925 1135 tandem
971 1086 1132 1151 pacto
1176 1076 1324 1149 quod
1357 1092 1427 1133 ne
1468 1075 1967 1151 proferre‘quidem

376 1173 507 1228 licet
538 1149 680 1227 miro
717 1149 1086 1244 improbitatis
1116 1171 1356 1227 artiﬁcio
1390 1170 1445 1225 in
1496 1149 1815 1241 promisduo
1849 1184 1968 1222 mu-

379 1264 574 1320 lierum
617 1264 951 1329 concubitu,
984 1263 1322 1334 immanique
1353 1262 1700 1333 turpitudine
1728 1248 1966 1315 solutari

377 1355 723 1411 docuerunt?
774 1354 1234 1426 quemadmodum
1305 1352 1695 1411 sanctissimus
1727 1350 1969 1429 _Paulus

298 1467 305 1474 ·
379 1446 511 1502 alibi
537 1447 782 1502 declarat
804 1448 890 1502 his
923 1446 1142 1503 verbis:
1179 1444 1309 1512 Qua:
1329 1445 1471 1502 enim
1499 1445 1709 1500 occulto
1739 1446 1877 1517 ﬁunt
1901 1445 1968 1499 ab

377 1539 510 1610 ipsis
534 1549 684 1606 turpe
712 1548 791 1596 est
818 1540 897 1595 vel
918 1539 1092 1593 dicere
1119 1540 1156 1592 ¹.

448 1631 541 1688 lll.
573 1630 775 1688 Verum
813 1632 862 1688 si
890 1632 985 1703 qui
1012 1618 1350 1687 contrariam
1396 1628 1525 1686 huic
1554 1627 1729 1685 errori
1761 1626 1971 1684 refuta-

378 1723 583 1778 tionem
610 1739 640 1778 a
674 1723 886 1795 Spiritu
936 1731 1133 1778 sancto
1188 1721 1492 1793 profectam
1532 1720 1721 1777 videre
1761 1720 1964 1791 cupiat,

2069 614 2131 668 τὸ
2166 611 2225 679 ἐξ
2262 611 2442 664 αὐτῶν
2485 611 2709 681 σπέρμα
2748 610 2816 664 δι’
2845 610 3041 681 ἡδονῆς
3088 611 3183 664 καὶ
3215 612 3513 682 ἐκχύσεως,
3570 612 3661 667 't'va

2068 703 2231 772 δῆθεν
2252 703 2354 775 τὴν
2373 703 2547 773 αὐτῆς
2566 700 2800 771 δύναμιν
2821 701 2920 773 τὴν
2944 702 3023 764 εἰς
3041 702 3334 775 διαφόρους
3356 706 3663 774 σπαρεῖσαν

2069 791 2226 860 αὖθις
2255 795 2417 849 πάλιν
2443 791 2777 868 ἀνακομίςῃ.
2807 794 2919 847 Kal.
2939 792 3112 857 οὕτως
3144 795 3211 847 ἐκ
3235 794 3492 865 τοιαύτης
3526 796 3662 849 {mo-

2070 885 2274 949 θέσεως
2318 885 2380 938 τὸ
2429 885 2530 956 τῆς
2579 882 2746 937 αὐτοῦ
2794 882 3182 954 αἰσχρολογίας
3233 885 3537 956 μυστήριον
3581 884 3663 955 τῷ

2070 977 2261 1049 κόσμῳ
2286 976 2673 1049 ὑπεισήνεγκε.
2707 975 2818 1029 Καί
2848 991 3014 1040 τινες,
3040 975 3116 1039 ὡς
3137 974 3296 1045 ἔφην,
3330 974 3440 1028 τῶν
3480 993 3665 1045 προει-

2074 1070 2327 1142 ρημένων
2356 1068 2444 1123 διὰ
2476 1068 2681 1139 πολλῆς
2721 1068 3162 1139 κακομηχανιας,
3191 1067 3227 1123 ἃ
3260 1068 3335 1139 μὴ
3372 1067 3533 1138 θέμις

2069 1178 2209 1232 γειν,
2261 1160 2379 1224 πῶς
2416 1162 2475 1215 ἐν
2513 1158 2809 1232 πολυμιξίᾳ
2850 1159 3148 1229 γυναικῶν,
3190 1160 3284 1214 καὶ
3328 1160 3659 1233 ἐνάἰσχροο

2071 1253 2276 1316 ποιίαις
2319 1253 2642 1321 ἀνηκέστοις
2672 1251 3110 1323 ἀναστρέφεσθαι
3153 1251 3421 1317 ἐδίδαξαν,
3459 1253 3536 1315 ὡς
3564 1253 3661 1305 καί

2071 1362 2174 1399 που
2200 1346 2228 1398 ό
2271 1343 2579 1413 ἀγιὼτατος
2617 1342 2944 1407 Ἀπόστολός
2984 1359 3149 1412 φησιο
3192 1343 3270 1397 Τὰ
3312 1342 3425 1411 γὰρ
3456 1342 3659 1412 κρυερῇ

2070 1438 2353 1508 γινόμενα
2378 1437 2479 1493 ὑπ’
2518 1435 2718 1491 αὐτῶν
2745 1438 3006 1505 αἰσχρόν
3042 1436 3173 1490 ἐστι
3201 1435 3302 1489 καὶ
3326 1434 3551 1505 λέγειν.

2140 1617 2215 1670 Γ’.
2248 1614 2339 1686 Τῷ
2365 1614 2424 1669 δέ
2453 1613 2762 1685 βουλομένῳ
2789 1612 2886 1684 τὴν
2914 1612 3191 1667 ἀντίθετον
3227 1612 3355 1666 ἰδεῖν
3386 1614 3450 1666 ἐκ
3484 1613 3659 1668 Πνεῦο

2076 1725 2243 1780 ματος
2269 1708 2426 1776 ἁγίου
2469 1707 2601 1778 περὶ
2638 1708 2736 1777 τῆς
2765 1705 2957 1760 τούτου
3002 1704 3269 1776 αἱρέσεως
3314 1707 3659 1778 ἀνατροπὴν,

377 1830 442 1871 ea
476 1831 543 1870 ex
576 1794 754 1871 sancti
779 1814 1010 1869 Joannis
1048 1814 1378 1886 Apocalypsi
1426 1815 1684 1886 cognosci
1741 1814 1966 1884 poterit,

2077 1799 2253 1852 ἰστέον
2279 1798 2426 1851 ἐστὶν
2472 1796 2580 1849 ἀπὸ
2610 1796 2711 1867 τῆς
2750 1794 2845 1849 τοῦ
2873 1794 3030 1863 ἁγίου
3066 1795 3314 1849 Ἰωάννου
3351 1796 3657 1850 Ἀποκαλύ-

379 1908 473 1978 qui
500 1909 564 1961 ad
595 1923 762 1962 unam
804 1906 1182 1963 Ecclesiarum
1226 1921 1293 1961 ex
1340 1906 1546 1961 Christi
1587 1904 1802 1960 Domini
1841 1920 1969 1975 per-

380 2015 516 2056 sona
549 2000 821 2064 scribens,
848 1999 965 2055 sive
982 1998 1050 2053 ad
1072 1998 1418 2070 episcopum,
1446 1998 1540 2069 qui
1563 1998 1614 2054 ei
1641 1996 1969 2069 praepositus

382 2092 582 2155 fuerat,
613 2107 738 2146 cum
770 2086 950 2162 angeli
981 2092 1157 2147 sancti
1189 2091 1395 2145 virtute
1419 2090 1514 2161 qui
1546 2090 1603 2144 in
1633 2089 1796 2144 altari
1826 2096 1966 2153 erat,

379 2181 454 2234 ita
486 2180 730 2253 loquitur
766 2198 778 2236 :
815 2179 919 2235 Sed
945 2181 1042 2235 hoc
1090 2179 1251 2235 habes
1290 2179 1447 2245 boni,
1477 2181 1602 2251 quia
1629 2178 1792 2234 odisti
1821 2178 1972 2248 facta

381 2270 806 2330 Nicolaitarum.
838 2288 956 2343 qua
977 2281 1029 2327 et
1062 2288 1157 2343 ego
1182 2271 1272 2325 odi
1295 2275 1339 2325 ².
1371 2272 1476 2326 Alii
1505 2287 1635 2327 vero
1672 2269 1968 2327 Prunicam

379 2363 671 2434 quamdam
699 2364 808 2435 78
849 2363 1041 2420 eodem
1071 2380 1182 2434 quo
1218 2363 1308 2420 isti
1345 2370 1660 2419 commento
1701 2378 1972 2419 veneran-

378 2461 466 2507 tes
490 2493 506 2518 ,
536 2462 594 2508 et
624 2468 690 2508 ex
736 2453 833 2508 illo
882 2453 1245 2523 turpitudinis
1289 2453 1546 2525 dcigmate
1577 2453 1972 2524 cupiditatibus

315 2599 327 2607 _
381 2543 500 2599 suis
533 2544 922 2614 obsequentes,
949 2543 1225 2608 Prunicze,
1257 2546 1535 2616 inquiunt,
1567 2547 1715 2602 vires
1753 2562 1820 2602 ex
1850 2561 1973 2601 cor-

307 2680 319 2691 .
380 2636 612 2707 poribus
643 2634 1038 2708 proﬂuviisque
1064 2638 1406 2707 colligimus;
1445 2654 1510 2694 ex
1555 2640 1766 2695 semine
1809 2639 1968 2694 nimi-

383 2743 533 2793 rum,
562 2741 628 2782 ac
658 2728 979 2797 menstruis,
1007 2728 1074 2784 de
1098 2730 1298 2800 quibus
1341 2729 1504 2801 paulo
1544 2738 1701 2800 post,
1747 2746 1873 2785 cum
1905 2731 1974 2787 de

383 2817 474 2873 his
504 2816 875 2887 particulatim
901 2833 1150 2889 agemus,
1180 2818 1441 2891 subtilius
1466 2818 1828 2883 disseremus,
1861 2833 1972 2873 non

384 2915 447 2963 ut
477 2908 843 2972 audientium,
864 2908 1229 2980 legentiumve
1254 2923 1452 2965 sensus
1470 2908 1854 2979 inquinemus,
1874 2908 1973 2964 sed

382 3006 446 3054 ut
476 2999 926 3070 prudentioribus
949 3000 1331 3055 vehementius
1352 3000 1617 3056 adversus
1646 3000 1771 3056 illos
1784 3000 1972 3055 odium

383 3080 876 3162 pessimorumque‘
909 3089 1220 3147 facinorum
1266 3090 1690 3147 detestationem
1748 3092 1974 3162 injicere

2067 1890 2234 1961 ψεως,
2264 1889 2343 1954 ὃς,
2376 1889 2606 1960 γράφων
2637 1889 2735 1960 μιᾷ
2756 1887 2864 1940 τῶν
2894 1887 3230 1958 Ἐκκλησιῶν
3261 1889 3327 1940 ἐκ
3360 1888 3654 1959 προσώπου

2069 1981 2300 2054 Κυρίου,
2328 1982 2576 2035 τουτέστι
2613 1980 2693 2051 τῷ
2735 1981 3021 2052 ἐπισκόπῳ
3057 1979 3137 2051 τῷ
3173 1981 3352 2035 ἐκεῖσε
3380 1998 3662 2035 καταστα-

2071 2072 2237 2139 θέντι,
2275 2075 2371 2128 σὺν
2398 2075 2465 2145 τῇ
2501 2071 2733 2143 δυνάμει
2755 2071 2848 2126 τοῦ
2871 2073 3029 2141 ἁγίου
3059 2072 3290 2141 ἀγγέλου
3328 2072 3422 2128 τοῦ
3448 2075 3540 2127 ἐπὶ
3561 2073 3660 2128 τοῦ

2071 2161 2479 2234 θυσιαστηρίου,
2522 2162 2720 2233 φησίν·
2768 2164 2969 2231 Ἔχεις
2998 2161 3067 2216 δέ
3109 2178 3165 2215 τι
3195 2166 3407 2229 καλὸν,
3448 2162 3536 2217 ὅτι
3566 2182 3664 2233 μι-

2071 2257 2203 2325 σεῖς
2244 2257 2317 2312 τὰ
2350 2258 2495 2328 ἔργα
2535 2258 2653 2311 τῶν
2677 2256 3065 2321 Νικολαϊτῶν,
3104 2257 3144 2313 d
3183 2259 3283 2315 καί
3330 2259 3444 2330 ἐγὼ
3476 2260 3658 2330 μισῶ.

2072 2349 2374 2422 Προύνικόν
2410 2350 2431 2382 ⁸
2457 2366 2518 2403 τε
2564 2349 2714 2404 ἄλλοι
2758 2348 3029 2421 τιμῶντες
3068 2350 3212 2415 τινὰ,
3246 2352 3323 2415 ὡς
3367 2352 3461 2405 καὶ
3492 2348 3662 2418 οὗτοι,

2078 2440 2338 2512 μυθωδῶς
2356 2440 2521 2494 πάλιν
2543 2441 2622 2504 είς
2643 2439 2846 2512 ταύτην
2865 2439 2966 2512 τὴν
2987 2441 3244 2495 ὑπόνοιαν
3264 2442 3362 2512 τῆς
3377 2445 3666 2516 αἰσχρουρ-

2072 2533 2199 2601 γίας
2224 2532 2294 2587 τὰ
2320 2532 2530 2587 ἐαυτῶν
2561 2532 2710 2604 πάθη
2739 2532 3116 2599 ἐπιτελοῦντές
3152 2552 3316 2603 φασιη
3347 2536 3458 2606 Τῆς
3482 2538 3664 2608 Πρου-

2072 2624 2225 2678 νίκου
2262 2625 2362 2697 τὴν
2405 2624 2637 2696 δύναμιν
2682 2626 3014 2698 συλλέγομεν
3062 2627 3172 2680 ἀπὸ
3223 2627 3333 2681 τῶν
3368 2630 3661 2700 σωμάτων,

2072 2718 2162 2773 διά
2203 2735 2264 2772 τε
2313 2717 2423 2772 τῶν
2457 2719 2730 2791 ῥευστῶν·
2766 2721 2911 2792 φημὶ
2942 2720 3003 2774 δὲ
3049 2721 3215 2793 γονῆς
3263 2722 3360 2775 καὶ
3411 2739 3669 2794 καταμη-

2072 2811 2222 2879 νίων,
2255 2812 2385 2884 περὶ
2416 2805 2492 2867 ὧν
2521 2811 2688 2884 ὀλίγῳ
2726 2812 2974 2886 ὕστερον,
3008 2816 3138 2868 ὅταν
3183 2816 3306 2885 περὶ
3350 2815 3530 2869 αὐτῶν
3562 2834 3667 2887 μο-

2072 2907 2319 2978 νομερῶς
2349 2906 2528 2976 λέγειν
2551 2906 2998 2979 ἐπιϐαλλώμεθα,
3031 2909 3175 2964 κατά
3196 2911 3506 2984 λεπτότητα
3525 2913 3667 2983 ὑφη-

2072 2999 2337 3071 γήσομαι,
2370 3000 2471 3054 οὐκ
2495 3002 2576 3065 είς
2614 3000 2675 3055 τὸ
2711 3002 2909 3072 κρᾶναι
2936 3002 3109 3065 ἀκοὰς
3141 3002 3251 3059 τῶν
3294 3005 3603 3059 ἀκουόντων
3627 3003 3662 3075 ἢ

2074 3092 2534 3163 ἐντυγχανόντων,
2562 3093 2679 3147 ἀλλ’
2704 3096 2787 3158 είς
2824 3094 2885 3147 τὸ
2924 3097 3042 3160 τοίς
3076 3100 3320 3161 συνετοῑς
3363 3097 3667 3168 ἀπέχθειαν

384 3182 688 3254 possimus.
741 3181 931 3255 Neque
966 3200 1096 3240 vero
1144 3185 1410 3242 scelestos
1458 3186 1583 3241 illos
1629 3186 1972 3242 calumniose

2081 3183 2281 3255 μᾶλλον
2304 3184 2645 3255 ἐργάσασθαι
2681 3185 2820 3257 πρὸς
2853 3186 3071 3252 αὐτοὺς,
3101 3187 3196 3241 καὶ
3226 3189 3543 3262 ἀποτροπὴν
3564 3187 3667 3260 τῆς

386 3275 753 3341 traducimus,
781 3277 878 3333 sed
906 3293 1028 3348 qua:
1059 3277 1129 3332 ab
1170 3277 1307 3347 ipsis
1354 3286 1640 3348 geruntur,
1673 3294 1736 3333 ea
1781 3278 1856 3332 uti
1911 3293 1972 3334 se

383 3380 478 3423 res
503 3366 689 3436 habet,
722 3368 903 3437 palam
951 3369 1210 3425 omnibus
1252 3371 1602 3442 exponimus.
1649 3371 1788 3425 Sunt
1813 3379 1866 3426 et
1902 3385 1970 3426 ex

385 3455 499 3515 illis
524 3460 734 3531 aliqui,
770 3461 866 3531 qui
901 3459 1226 3517 Jaldabaoth
1259 3462 1534 3531 prmcipue
1576 3462 1787 3526 colunt,
1817 3478 1972 3517 eum-

384 3565 494 3622 que
524 3549 845 3609 Barbelonis
867 3552 1108 3623 priorem
1133 3559 1267 3607 natu
1299 3552 1469 3607 tilium
1491 3567 1617 3608 esse
1631 3545 1968 3622 praedicant:

384 3643 620 3715 ideoque
651 3643 937 3701 habendus
969 3645 1021 3700 ei
1052 3644 1229 3700 honor
1258 3651 1365 3710 est,
1398 3645 1673 3715 inquiunt,
1705 3643 1851 3715 quod
1885 3659 1974 3699 re-

386 3736 608 3792 condita
637 3739 805 3793 multa
836 3737 1113 3809 patefecit.
1144 3736 1285 3793 Hinc
1309 3745 1395 3794 est
1416 3737 1562 3808 quod
1590 3745 1771 3793 certos
1798 3737 1972 3792 libros

383 3827 711 3886 Jaldabaotb
751 3830 973 3886 nomine
1004 3829 1299 3901 inscriptos
1328 3845 1393 3886 ac
1421 3828 1831 3886 commentitios
1878 3829 1976 3883 ba-

387 3920 553 3987 bent;
621 3936 834 3978 necnon
868 3922 1132 3979 barbaras
1163 3921 1497 3994 principum,
1523 3929 1586 3978 ut
1612 3928 1887 3987 asserunt,
1908 3937 1975 3976 ac

387 4021 723 4086 potestatum
755 4030 854 4086 per
885 4014 1319 4088 unumquodque
1348 4014 1552 4069 cmlum
1578 4012 1975 4085 appellationes

388 4109 733 4175 innumeras,
766 4108 859 4179 qui
899 4124 1093 4165 omnes
1128 4108 1413 4164 hominum
1451 4107 1653 4163 animis
1683 4115 1815 4164 sunt
1841 4121 1977 4160 con-

387 4198 564 4253 trarii.
622 4197 768 4255 Sane
808 4201 1004 4270 ingens
1049 4200 1291 4256 humano
1323 4199 1513 4271 generi
1569 4199 1724 4255 fraus
1774 4207 1861 4254 est
1908 4214 1974 4254 ex

390 4288 706 4344 istiusmodi
739 4289 1023 4345 hominum
1069 4305 1260 4347 errore
1301 4289 1788 4362 comparata.Alii
1831 4289 1978 4346 Cau-

394 4379 662 4433 laucaucb
685 4379 904 4434 cuidam
951 4382 1199 4436 eamdem
1239 4360 1665 4438 venerationem/
1695 4380 1973 4448 deferunt,

393 4486 505 4542 quo
534 4472 757 4526 nomine
787 4487 956 4525 unum
995 4487 1062 4527 ex
1112 4472 1458 4544 principibus
1511 4471 1810 4544 appellant.
1847 4472 1979 4540 Qui-

395 4563 504 4619 bus
535 4577 733 4618 vocum
768 4564 1049 4620 terriculis
1087 4565 1596 4637 commentitiisque
1633 4581 1699 4621 ac
1725 4566 1979 4622 barbaris

396 4655 860 4729 appellationibus
898 4656 1168 4728 imperitis
1212 4657 1531 4714 hominibus
1560 4658 1841 4728 imponere
1880 4673 1979 4712 co-

2078 3276 2186 3329 τῶν
2240 3275 2429 3331 κακῶν
2477 3277 2760 3348 ἐργασίας,
2805 3277 2866 3331 οὐ
2916 3280 3266 3347 συκοφαντῶν
3306 3281 3433 3344 τοὺς
3480 3278 3667 3352 ἀλιτη·

2081 3367 2253 3441 ρίους,
2286 3367 2423 3422 ἀλλὰ
2464 3369 2586 3423 κατ’
2630 3367 2886 3439 ἀλήθειαν
2917 3371 2987 3424 τὰ
3025 3371 3156 3443 παρ’
3187 3370 3369 3426 αὐτῶν
3402 3373 3665 3444 γινόμενα

2080 3461 2162 3524 είς
2187 3459 2497 3531 τούμφανὲς
2528 3459 2898 3532 θριαμϐεύων.
2924 3461 3140 3534 Ἐτεροι
3167 3462 3226 3516 δὲ
3253 3462 3365 3516 τῶν
3400 3480 3664 3537 προειρηε

2083 3550 2260 3623 μένων
2308 3550 2636 3606 Ἰαλδαϐαὼθ
2668 3551 2974 3618 δοξάζουσι,
3005 3554 3303 3625 φάσκοντες
3330 3556 3492 3609 αὑτὸν
3524 3552 3665 3612 εἶναι

2080 3646 2298 3718 πρῶτον
2327 3649 2463 3713 υἱὸν,
2495 3648 2572 3713 ὡς
2603 3647 2764 3720 ἔφην,
2797 3649 2895 3721 τῆς
2924 3649 3223 3722 Βαρϐηλώ·
3259 3651 3351 3704 καὶ
3378 3650 3468 3704 διὰ
3507 3650 3665 3705 τοῦτό

2081 3754 2217 3809 φησι
2248 3738 2360 3793 δεῖν
2392 3740 2544 3808 ἄγειν
2585 3740 2731 3810 αὐτῷ
2765 3739 2863 3812 τὴν
2904 3742 3092 3812 τιμὴν,
3120 3742 3202 3795 ὅτι
3251 3740 3422 3795 πολλὰ
3450 3741 3665 3796 ἀπεκά-

2079 3827 2266 3897 λυψεν.
2291 3827 2454 3882 ’Ὀθεν
2483 3829 2576 3883 καὶ
2600 3828 2782 3900 βιϐλία
2807 3829 2932 3883 τινὰ
2959 3830 3019 3897 ἐξ
3046 3829 3311 3901 ὀνόματος
3341 3830 3437 3885 τοῦ
3474 3830 3671 3888 Ἰαλδαο

2081 3917 2231 3973 ϐαὼθ
2264 3920 2645 3994 ποιητεύονται
2684 3921 3068 3986 ἐκτυποῦντες,
3108 3923 3202 3976 καὶ
3238 3922 3536 3993 ὀνομασίας
3567 3940 3655 3994 μυ·

2084 4012 2209 4085 ρίας
2248 4011 2589 4086 βαρϐαρικὰς
2623 4013 2921 4086 ἀρχόντων,
2954 4013 3108 4084 φησὶ,
3141 4013 3235 4067 καί⁵
3262 4012 3520 4078 ἐξουσιῶν
3546 4013 3667 4068 καθ’

2082 4105 2313 4159 ἕκαστον
2361 4105 2591 4178 οὐρανὸν
2636 4106 3067 4176 ἐναντιουμένων
3110 4108 3177 4177 τῇ
3217 4105 3325 4159 τῶν
3363 4104 3669 4178 ἀνθρώπων

2081 4197 2248 4269 ψυχῇ.
2286 4200 2395 4252 Καὶ
2427 4198 2594 4270 πολλὴ
2618 4197 2805 4262 ἁπλῶς
2832 4201 2865 4270 ἡ
2902 4197 2990 4252 διὰ
3012 4198 3114 4269 τῆς
3147 4198 3356 4271 πλάνης
3375 4197 3557 4254 αὐτῶν
3583 4216 3671 4268 γι-

2083 4291 2282 4362 νομένη
2312 4291 2391 4362 τῷ
2421 4291 2568 4360 γένει
2597 4292 2705 4346 τῶν
2739 4291 3041 4365 ἀνθρώπων
3072 4292 3355 4365 ἐπιϐουλή.
3396 4293 3580 4349 ’Ἄλλοι
3610 4294 3671 4348 δὲ

2081 4384 2173 4437 τὸν
2206 4384 2576 4456 Καυλαυκαὺχ
2614 4386 2877 4452 ὡσαύτως
2913 4385 3249 4453 δοξάζουσιν,
3284 4386 3522 4458 ἄρχοντά
3548 4405 3667 4442 τινα

2083 4478 2274 4532 τοῦτον
2293 4477 2436 4532 οὕτω
2455 4478 2771 4545 καλοῦντες,
2810 4479 3196 4549 φαντασιάζειν
3224 4480 3665 4552 φιλοτιμούμενοι

2086 4571 2213 4633 τοὺς
2240 4569 2502 4642 ἀπείρους
2528 4570 2618 4624 διὰ
2644 4570 2745 4642 τῆς
2773 4570 2883 4624 τῶν
2902 4571 3181 4642 ὀνομάτων
3211 4571 3549 4642 ἐκπλήξεως.
3575 4573 3668 4628 καὶ

2085 4663 2422 4717 ἐπιπλάστου
2451 4664 2551 4734 τῆς
2596 4663 2689 4717 τοῦ
2727 4663 2991 4734 ὀνόματος
3031 4662 3514 4735 βαρϐαρωνυμίας.
3545 4665 3669 4731 Τοῖς

398 4756 621 4804 nantur.
667 4747 772 4804 Sed
806 4750 1198 4821 peritioribus,
1245 4762 1300 4807 et
1353 4753 1421 4807 iis
1451 4751 1544 4822 qui
1595 4751 1972 4822 cujuscunque

2085 4755 2142 4809 δὲ
2171 4757 2456 4828 ἐμπείροις
2483 4755 2577 4809 καὶ
2606 4758 2670 4809 ἐκ
2699 4755 2833 4809 Θεοῦ
2859 4755 3084 4810 λαϐοῦσι
3124 4757 3254 4826 περὶ
3285 4755 3525 4828 ἑκάστης
3549 4757 3670 4809 όνο-

398 4844 638 4901 nominis
662 4883 679 4909 ,
734 4858 800 4898 ac
830 4843 1148 4925 propositae
1180 4846 1257 4899 rei
1311 4846 1561 4900 notitiam
1607 4860 1703 4915 per
1735 4845 1972 4899 divinam

2089 4848 2289 4918 μασξας
2331 4848 2426 4901 καὶ
2458 4847 2771 4910 ὑποθέσεως
2806 4846 2905 4916 τῆς
2943 4846 3200 4918 ἀληθινῆς
3228 4847 3321 4901 τοῦ
3356 4847 3492 4901 Θεοῦ
3529 4848 3673 4916 γνὼο

397 4937 690 5009 quamdam
741 4937 1030 4993 scientiam
1088 4937 1336 5008 ejusdem
1393 4947 1523 4993 sunt
1569 4935 1668 4992 Dei
1718 4935 1972 4992 beneﬂcio

2086 4956 2222 5005 σεως
2257 4940 2436 5012 χάριν,
2464 4939 2580 5003 πῶς
2621 4940 2721 4993 οὐκ
2751 4937 3120 5009 εὐθυέλεγκτα
3159 4939 3230 4993 τά
3266 4940 3364 5011 τῆς
3395 4940 3672 5009 μυθώδους

397 5032 704 5095 consecuti,
737 5031 872 5102 quid
910 5031 1129 5087 facilius
1155 5048 1317 5103 quam
1353 5033 1457 5088 ista
1502 5032 1881 5088 fabulosorum
1911 5031 1972 5085 ab

2083 5033 2263 5087 αὐτῶν
2297 5032 2503 5105 πλάνης
2525 5032 2831 5104 διδάγματα
2863 5032 2957 5086 καὶ
2985 5031 3259 5103 ἐχέγγυα;

400 5123 513 5178 illis
538 5138 787 5179 errorum
820 5124 1051 5180 conﬁcta
1083 5124 1337 5198 dogmata
1375 5126 1661 5181 refellere?

470 5213 559 5269 ιν.
593 5214 730 5268 Cum
764 5216 909 5271 enim
940 5217 1237 5273 Prunicum
1270 5218 1559 5273 umninant
1609 5217 1745 5272 nihil
1777 5232 1839 5271 ea
1874 5230 1972 5269 vos

2154 5217 2226 5267 A'.
2267 5213 2567 5284 Προύνικον
2601 5214 2695 5267 ἐὰν
2727 5215 2923 5268 εἴπωσι
2959 5213 3093 5287 (66),
3119 5215 3181 5269 τὸ
3206 5214 3326 5269 ὅλον
3360 5216 3509 5270 ἐστὶν
3540 5213 3671 5286 ﬁdu-

473 5372 490 5403 ¹
525 5369 724 5443 Eplies.
766 5386 820 5435 ν,
856 5372 943 5427 12.
1037 5377 1058 5406 ²
1083 5375 1253 5446 Apoc.
1296 5391 1356 5438 ll,
1410 5375 1462 5427 6.
1579 5374 1599 5403 "
1632 5391 1723 5442 γρ.
1775 5370 2120 5442 υροΰνεικον.

470 5561 583 5644 (εἶθ)
608 5561 948 5644 ῌροιξνικον
980 5560 1087 5630 γὰρ
1116 5561 1226 5615 ἐὰν
1265 5561 1498 5642 εξειῑιυσίἱ
1532 5559 1852 5644 “pedaneos.
1877 5558 1980 5613 lle-

402 5632 591 5753 sy-bio
617 5632 860 5697 baiulum
916 5647 979 5685 ac
1018 5633 1415 5714 mercenarimn
1456 5631 1761 5716 significat."
1791 5631 1857 5682 Oi
1893 5647 1979 5699 μι-

403 5718 438 5755 σ
472 5717 532 5753 ου
566 5701 880 5766 κομίζοντες
904 5700 975 5755 τὰ
1002 5699 1140 5754 ὤνια
1169 5702 1278 5756 ἀπὸ
1310 5719 1406 5766 της
1443 5704 1670 5766 ἀγορας,
1705 5717 1799 5763 ους
1838 5717 1980 5763 τινες

403 5718 532 5755 συου
566 5718 880 5771 κομιςοντες
904 5718 975 5755 τα
1002 5718 1140 5754 ama
1169 5718 1278 5756 απο
1310 5719 1406 5771 της
1443 5718 1670 5771 αγορας,
1705 5718 1799 5763 ους
1838 5718 1980 5763 τινες

403 5769 772 5842 παιδαρίωνας
809 5769 1052 5836 καλοῦσι,
1082 5770 1332 5844 δρομεῖς,
1362 5773 1602 5841 τραχεῖς,
1651 5770 1790 5836 ὀξεῖς
1832 5771 1980 5824 abiti-

2087 5576 2256 5631 νητοι,
2298 5559 2508 5630 γοργοὶ,
2539 5559 2820 5631 μισθωτοί.
2877 5562 3022 5619 Idem
3070 5564 3183 5619 fere
3242 5561 3386 5633 apud
3427 5561 3679 5618 Suidam—

2091 5629 2260 5689 Vulgo
2285 5644 2314 5683 a
2346 5631 2455 5689 πρό
2491 5641 2546 5684 et
2579 5632 2774 5688 ἐνείκω
2811 5634 3110 5689 deducunt.
3156 5641 3250 5688 aut
3277 5650 3307 5687 τι
3338 5634 3448 5689 ποό
3478 5643 3533 5689 ct
3567 5640 3669 5687 vst-

2091 5631 2260 5701 Vulgo
2285 5644 2314 5683 a
2346 5631 2455 5701 πρό
2491 5641 2546 5684 et
2579 5632 2774 5688 ἐνείκω
2811 5634 3110 5697 deducunt,
3156 5641 3250 5688 aut
3277 5631 3307 5687 ἐι
3338 5634 3448 5704 πρό
3478 5643 3533 5689 ct
3567 5640 3669 5687 vst-

2084 5717 2200 5782 κοςἶ
2237 5698 2466 5785 Νειιιηει.
2490 5701 2756 5785 ὑϐριστῂν
2799 5705 3268 5785 interpretantu‘ri
3315 5705 3498 5785 itaque
3521 5704 3672 5785 Plia-

2086 5721 2200 5782 tog:
2237 5721 2372 5754 nam
2405 5721 2466 5783 Cl.
2490 5721 2756 5785 υοριστην
2799 5721 3262 5775 interpretantur;
3315 5721 3404 5759 “at
3432 5721 3498 5760 ue
3535 5721 3672 5758 rna-

2086 5786 2331 5827 vortnus.
2365 5770 2469 5840 Qut
2502 5780 2555 5827 et
2597 5773 2746 5830 addit
2790 5776 3008 5849 πόριλος
3039 5775 3101 5828 τὸ
3129 5774 3348 5831 αἰδοῖον.
3383 5721 3539 5841 ὁιιοα
3578 5775 3677 5832 dc-
