3960 6150
362 303 469 361 5'27

1766 297 1823 353 S.
1868 297 2207 354 EPINIANII

3534 300 3641 357 528

363 418 595 478 ridicula
620 433 634 483 ;
667 432 790 488 quae
812 414 1066 486 quisquis
1098 411 1367 468 divinitus
1385 412 1733 483 prudentiam
1760 422 1957 470 nactus

2064 414 2177 485 ρὸς,
2213 416 2306 468 καὶ
2353 416 2601 487 ἡπάτησε
2651 417 2751 488 τὴν
2797 415 2962 471 Εὔαν.
3014 416 3148 470 Ἀπὸ
3179 415 3275 470 τοῦ
3317 414 3489 468 τύπου
3533 417 3644 485 γὰρ

362 514 437 570 sit
491 511 645 567 nullo
696 507 918 578 negotio
962 505 1267 577 pervideat.
1333 504 1616 576 Siquidem
1657 507 1954 577 voluptatis

364 602 539 673 gratia
599 614 725 653 cum
762 597 1013 668 seipsos,
1060 604 1176 650 tum
1219 611 1362 667 quos
1405 596 1608 652 habent
1652 606 1955 653 sectatores

367 689 743 761 perdiderunt,
786 687 1136 760 perduntque
1160 686 1426 758 quotidie.
1463 686 1526 740 Et
1546 688 1767 759 quidem
1795 702 1956 741 erro~

367 782 445 838 ris
477 782 569 837 ille
603 781 834 852 spiritus
870 779 1092 850 quidam
1116 779 1265 835 velut
1291 779 1346 833 in
1374 779 1505 834 tibia
1531 778 1693 836 ﬂatus
1720 787 1827 841 est,
1858 762 1954 849 qui

366 888 818 944 unumquemque
840 872 1215 943 insipientium
1236 870 1518 926 hominum
1559 871 1797 927 diversis
1822 886 1957 926 con-

367 976 454 1023 tra
488 967 773 1022 veritatem
818 964 1194 1037 agnitionibus
1222 971 1557 1019 commovet.
1604 964 1785 1036 Atque
1817 966 1954 1023 adeo

368 1061 505 1117 tibia
542 1059 816 1131 serpentis
854 1058 1083 1130 ﬁguram
1116 1057 1320 1112 imitari
1358 1056 1604 1123 videtur,
1648 1072 1745 1127 per
1789 1073 1953 1128 quem

369 1153 550 1208 malus
584 1151 798 1206 daemon
830 1150 1051 1205 loeutus
1071 1157 1178 1214 est,
1201 1156 1368 1218 atque
1399 1146 1564 1201 Evam
1595 1147 1833 1218 decepit.
1870 1148 1953 1203 Ad

369 1240 533 1309 cujus
560 1239 845 1309 exemplar
898 1252 1162 1309 expressa
1188 1276 1203 1301 ,
1236 1246 1290 1292 et
1337 1237 1405 1291 ad
1446 1236 1747 1291 humanum
1780 1253 1953 1308 genus

368 1329 704 1386 illudendum
727 1329 977 1386 coniecta
1006 1329 1139 1383 tibia
1164 1337 1268 1383 est.
1300 1326 1380 1383 Tu
1406 1343 1535 1383 vero
1559 1336 1614 1384 et
1643 1329 1790 1384 illam
1820 1330 1955 1385 mihi

370 1422 601 1494 efﬁgiem
636 1423 885 1488 intuere,
916 1436 1082 1491 quam
1114 1420 1207 1492 qui
1253 1420 1384 1475 tibia
1426 1419 1574 1475 canit
1621 1420 1676 1474 in
1712 1436 1834 1476 sese
1867 1436 1952 1477 re»

2059 504 2271 558 ἐκείνου
2307 504 2449 558 κατά
2496 506 2728 576 μίμησιν
2776 508 2806 560 ό
2854 505 3015 570 αὐλὸς
3061 507 3172 569 τοῖς
3219 501 3530 575 ἀνθρώποις
3563 505 3644 568 είς

2059 598 2277 669 ἀπάτην
2310 597 2745 668 κατεσκευάσθη.
2786 598 2897 651 Kal.
2918 598 3021 670 ὅρα
3050 597 3144 651 τὸν
3172 596 3364 661 τύπον,
3394 595 3454 649 δν
3480 595 3648 661 αὐτὸς

2058 692 2088 742 ό
2121 690 2301 744 αὐλῶν
2334 692 2392 745 ὲν
2426 688 2505 761 τῷ
2548 688 2697 760 αὐλῷ
2729 692 2984 744 ποιεῖται.
3013 689 3202 743 Αὐλῶν
3231 688 3342 761 γὰρ
3376 688 3489 743 ἄνω
3514 689 3647 741 ἀνα-

2059 781 2228 847 νεύει,
2284 781 2380 836 καὶ
2428 782 2582 837 κάτω
2636 782 2962 836 κατανεύει⁸
3005 780 3156 846 δεξιά
3207 798 3268 834 τε
3322 779 3496 833 κλίνει
3552 778 3648 833 καὶ

2061 873 2318 946 εὐώνυμα
2345 876 2547 947 ὁμοίως
2575 875 2788 946 ἐκείνῳ.
2825 874 3049 937 Τούτοις
3080 873 3189 945 γὰρ
3224 872 3317 929 καὶ
3348 876 3377 926 ό
3400 871 3647 935 διάϐολος

2059 970 2175 1032 τοῖς
2220 968 2464 1039 σχήμασι
2504 967 2790 1038 κέχρηται,
2841 967 2929 1021 ἵνα
2971 965 3115 1021 κατά
3163 964 3273 1019 τῶν
3305 964 3647 1035 ἐπουρανίων

2062 1054 2362 1126 ἐνδείξηται
2385 1055 2484 1127 τὴν
2512 1055 2878 1127 βλασφημίαν,
2909 1055 3002 1109 καὶ
3023 1055 3093 1109 τά
3126 1055 3219 1108 ἐπὶ
3243 1053 3342 1124 τῆς
3370 1052 3473 1123 γῆς
3504 1054 3647 1122 ἁφα-

2061 1145 2240 1217 νισμῷ
2282 1147 2545 1218 ἀφανίσῃ,
2581 1148 2675 1202 καὶ
2710 1146 2847 1218 όμοΰ
2902 1146 3286 1221 συμπεριλάδῃ
3326 1145 3425 1217 τὴν
3468 1146 3648 1199 οίκουο

2064 1238 2253 1309 μένην,
2285 1238 2436 1305 δεξιά
2474 1256 2533 1292 τε
2574 1241 2670 1293 καὶ
2700 1239 2956 1312 εὐώνυμα
2994 1237 3389 1309 λυμαινόμενος
3421 1236 3550 1299 τοὺς
3576 1237 3646 1307 τῇ

2062 1329 2240 1406 πλάνῃ
2274 1331 2628 1405 πειθομένους
2677 1349 2737 1386 τε
2780 1332 2874 1388 καὶ
2919 1330 3300 1403 θελγομένους.
3337 1327 3527 1399 ὥσπερ
3559 1326 3649 1380 διὰ

2060 1424 2325 1494 μουσικοῦ
2379 1426 2632 1498 ὀργάνου,
2686 1428 2815 1491 ταῖς
2870 1427 3073 1496 φωναῖς
3138 1426 3262 1487 ταῖς
3294 1421 3650 1493 πεπλανημέο

372 1523 682 1585 praesentat.
732 1513 832 1569 llic
881 1516 1026 1568 enim
1078 1527 1301 1568 sursum
1345 1510 1540 1566 faciem
1589 1510 1831 1578 attollit,
1878 1526 1945 1566 ac
2049 1532 2187 1581 ναις,

367 1610 628 1666 deorsum
664 1607 918 1671 demittit,
966 1614 1082 1662 tum
1117 1605 1188 1660 ad
1244 1604 1439 1659 dextra
1475 1602 1812 1673 sinistraque
1860 1604 2092 1674 perinde
2152 1615 2212 1664 ut
2273 1608 2365 1665 ille
2396 1609 2596 1680 vergit.
2659 1608 2877 1681 Quippe
2915 1607 3171 1665 diabolus
3217 1606 3354 1663 iisce
3397 1604 3647 1679 gestibus

372 1703 568 1768 utitur,
595 1708 655 1755 ut
686 1698 1077 1755 contumeliam
1111 1697 1167 1751 in
1193 1709 1423 1767 superos
1457 1702 1715 1761 ostentet,
1745 1703 1801 1751 et
1828 1712 1952 1766 quae
1980 1698 2034 1753 in
2085 1707 2233 1755 terra
2262 1708 2394 1756 sunt
2427 1701 2674 1758 funditus
2710 1709 2954 1767 evertat,
3014 1708 3304 1771 totumque
3347 1699 3485 1755 adeo
3535 1708 3648 1754 tero

371 1810 557 1850 rarum
591 1793 782 1850 orbem
833 1791 1025 1846 eodem
1067 1790 1238 1846 exitio
1291 1788 1761 1859 comprehendat,
1821 1788 1954 1844 dum
1990 1791 2183 1848 dextra
2213 1794 2420 1864 pariter
2441 1810 2506 1851 ac
2535 1795 2761 1853 sinistra
2807 1793 3106 1866 perniciem
3141 1793 3212 1850 iis
3239 1793 3394 1848 aﬁ‘ert
3448 1789 3544 1860 qui
3588 1790 3645 1847 in

369 1890 492 1960 ejus
526 1904 581 1945 se
643 1886 890 1943 fraudem
945 1884 1333 1951 committunt,
1362 1898 1428 1939 ac
1468 1884 1551 1938 sic
1594 1892 1857 1956 tauquam
1889 1887 2104 1945 musico
2156 1870 2527 1953 instrumento
2586 1891 2700 1967 θο
2750 1889 3118 1947 fraudulentis
3167 1889 3316 1947 illius
3375 1886 3647 1947 sermoni-

374 1984 477 2039 bus
509 1979 838 2035 aﬂiciuntnr.

448 2077 509 2133 ν.
540 2078 681 2131 Sunt
714 2084 768 2130 et
801 2073 896 2128 alii
930 2071 1154 2144 quidam
1201 2086 1269 2127 ex
1316 2070 1697 2127 haereticorum
1739 2071 1957 2128 illorum

2133 2074 2208 2130 E'.
2245 2074 2426 2130 Ἀλλοι
2470 2075 2527 2133 δέ
2577 2093 2720 2141 τινες
2762 2074 2823 2142 ἐξ
2854 2074 3039 2130 αὐτῶν
3070 2074 3205 2129 κενά
3249 2091 3372 2129 τινα
3404 2074 3646 2146 ὀνόματα

374 2188 558 2244 grege,
589 2170 683 2242 qui
728 2170 912 2225 inania
947 2168 1197 2244 quaedam
1227 2168 1452 2223 nomina
1479 2167 1829 2239 conﬁngunt,
1859 2169 1961 2223 ita-

371 2282 479 2337 que
499 2264 693 2319 dicunt
712 2281 724 2317 :
749 2260 909 2317 Initio
930 2260 1211 2323 tenebras,
1236 2273 1302 2313 ae
1323 2258 1663 2329 voraginem,
1688 2269 1744 2313 et
1760 2274 1960 2330 aquam

372 2358 548 2413 fuisse
574 2373 589 2411 :
620 2370 742 2426 quae
766 2368 794 2408 a
819 2368 880 2410 se
902 2354 1139 2408 invicem
1164 2351 1392 2422 spiritus
1409 2351 1727 2407 secret-erit.
1756 2350 1959 2407 Verum

375 2451 613 2506 tenebrae
655 2457 848 2504 contra
885 2445 1138 2517 spiritum
1186 2444 1474 2505 iracundia
1504 2460 1569 2499 ac
1613 2443 1802 2500 furore
1835 2460 1962 2516 per-

373 2544 498 2598 citae
545 2555 770 2597 sursum
802 2546 1165 2593 excurrentes
1207 2551 1332 2590 cum
1363 2551 1430 2591 eo
1468 2550 1779 2606 congressa)
1808 2548 1957 2594 sunt.

375 2634 506 2691 Inde
535 2631 737 2686 matrix
768 2629 958 2686 nescio
1006 2643 1131 2699 quae
1174 2618 1359 2699 genita
1394 2627 1622 2715 prodiit,
1657 2643 1780 2699 quae
1806 2628 1963 2698 ejus-

375 2724 503 2778 dem
530 2721 761 2791 spiritus
783 2718 1244 2776 consuetudinem
1263 2718 1510 2788 appetiit.
1538 2717 1616 2772 Ex
1635 2734 1811 2789 eaque
1829 2734 1962 2791 qua-

374 2822 505 2868 tuor
534 2811 744 2871 A'Iones
767 2811 1021 2883 producti
1035 2808 1284 2882 δουλων
1305 2809 1390 2865 bis
1418 2825 1510 2864 ιιν
1528 2810 1620 2864 alii
1649 2813 1948 2881 procreati.

375 2904 509 2960 Item
540 2904 772 2969 dextra,
802 2903 1157 2973 sinistraque,
1220 2916 1437 2958 necnon
1473 2902 1659 2957 lumen
1710 2918 1775 2958 ac
1814 2909 1963 2960 tene-

374 2997 507 3051 brae.
539 2994 851 3051 Secundum
868 2994 971 3051 hos
987 3009 1181 3051 omnes
1199 3001 1413 3066 turpem
1434 2993 1724 3065 quemdam
1746 3009 1957 3050 amnem

372 3087 581 3141 editum
611 3091 864 3149 narrant,
893 3099 1130 3155 eumque
1161 3099 1288 3140 cum
1317 3099 1407 3149 ea,
1438 3097 1604 3154 quam
1636 3085 1803 3154 paulo
1831 3091 1959 3140 ante

375 3177 641 3243 diximus,
670 3175 899 3231 matrice
927 3175 1125 3231 coiisse
1160 3192 1176 3229 :
1207 3184 1259 3230 et
1288 3174 1358 3230 ab
1387 3186 1621 3244 utroque
1643 3174 1778 3229 deos
1796 3182 1960 3245 atque

375 3270 624 3339 angelos,
648 3275 703 3324 et
728 3268 1030 3333 daemones,
1062 3282 1128 3324 ac
1159 3275 1369 3338 septem
1392 3266 1623 3338 spiritus
1647 3272 1830 3323 ortum
1855 3266 1957 3320 ba-

378 3362 589 3418 buisse.
623 3361 728 3418 Sed
756 3361 1084 3417 histrionica
1117 3362 1209 3415 illa
1253 3360 1511 3431 ﬁgmenta
1546 3360 1700 3417 nullo
1735 3360 1957 3431 negotio

376 3452 708 3523 detegantur
739 3471 752 3507 :
782 3467 908 3506 nam
964 3468 1088 3508 cum
1141 3468 1312 3508 unum
1346 3452 1508 3508 initio
1558 3450 1780 3507 Patrem
1834 3451 1962 3506 deﬁ-

379 3544 552 3610 niant,
580 3542 817 3599 subinde
851 3544 1038 3615 plures
1061 3544 1194 3600 deos
1215 3543 1539 3609 ostendunt,
1572 3552 1633 3598 ut
1663 3545 1962 3614 ipsummet

377 3648 622 3691 errorem
658 3650 757 3692 sua
789 3644 981 3692 contra
1026 3652 1087 3693 se
1128 3636 1536 3708 quodammodo
1574 3651 1789 3694 armare
1817 3652 1965 3693 men-

378 3727 534 3781 dacia
564 3736 1021 3794 commonstrent,
1048 3743 1111 3783 ae
1140 3728 1386 3799 seipsum
1417 3737 1699 3796 evertere;
1726 3742 1851 3783 cum
1886 3729 1967 3783 in-

377 3821 537 3876 mrim
566 3821 714 3876 omni
743 3836 810 3877 ex
839 3830 994 3892 parte
1035 3821 1327 3894 perspicua
1358 3822 1564 3878 veritas
1600 3828 1887 3893 appareat.

449 4105 539 4162 Vl.
564 4105 706 4174 Quid
741 4116 826 4164 est
852 4107 1039 4179 igitur,
1075 4108 1328 4174 Nicolae,
1355 4111 1452 4166 tibi
1475 4111 1621 4181 quod
1648 4112 1966 4182 opponam?

381 4197 642 4267 quidnam
669 4198 998 4268 disputabo?
1029 4200 1185 4256 Unde
1228 4201 1388 4258 nobis
1434 4212 1650 4273 turpem
1680 4203 1833 4258 illum
1869 4217 1966 4259 ne-

381 4286 502 4340 scio
530 4301 691 4355 quem
727 4302 957 4352 a‘onem,
987 4303 1051 4344 ac
1095 4291 1354 4360 nequitia:
1384 4292 1628 4347 radicem
1650 4334 1664 4353 .
1690 4301 1745 4348 et
1773 4292 1965 4349 fecun-

382 4375 510 4430 dam
538 4375 684 4430 ill‘am
708 4377 989 4432 matricem
1023 4394 1086 4433 ac
1112 4380 1349 4451 denique
1385 4381 1572 4451 plures
1605 4381 1737 4439 deos
1768 4399 1831 4440 ac
1855 4386 1967 4440 dae-

383 4480 576 4520 mones
605 4464 1004 4521 invebis‘lNam
1022 4468 1168 4539 quod
1194 4469 1261 4524 ad
1282 4470 1603 4541 Apostolum
1622 4473 1816 4530 attinet
1838 4491 1961 4530 cum

385 4555 453 4611 iis
478 4555 663 4611 verbis
706 4557 884 4612 utitur
920 4558 938 4590 ³
974 4579 989 4615 :
1022 4559 1088 4615 Si
1112 4571 1233 4615 sunt
1261 4562 1351 4633 qui
1381 4563 1716 4632 appellantur
1742 4566 1839 4629 dii,
1869 4584 1964 4626 eos

383 4662 656 4718 nusquam
671 4664 798 4706 esse
817 4651 1111 4722 signiﬁcat.
1137 4651 1271 4707 Cum
1294 4655 1467 4716 enim,
1490 4658 1585 4728 qui
1607 4659 1960 4728 appellantur,

2065 2167 2487 2229 ἀναπλάττουσι,
2519 2166 2789 2236 λέγοντες,
2811 2168 2894 2221 ὅτι
2910 2166 3113 2229 Σκότος
3138 2161 3208 2237 ἦν
3237 2166 3333 2221 καὶ
3360 2165 3520 2237 βυθὸς
3553 2167 3648 2221 καὶ

2065 2259 2235 2330 ὕδωρ·
2288 2258 2350 2312 τὸ
2391 2258 2446 2312 δὲ
2494 2257 2711 2329 πνεῦμα
2759 2257 2862 2312 ἀνά
2907 2258 3071 2330 μέσον
3113 2257 3321 2312 τούτων
3367 2257 3648 2329 διορισμὸν

2062 2350 2356 2421 ἐποιήσατο
2392 2349 2593 2404 αὐτῶν.
2622 2347 2696 2403 Τὸ
2715 2349 2774 2403 δὲ
2801 2348 2991 2414 σκότος
3021 2344 3091 2421 ἦν
3112 2348 3437 2421 χαλεπαίνόν
3457 2365 3517 2402 τε
3549 2349 3648 2403 καὶ

2062 2442 2321 2511 ὲγκοτοῦν
2353 2442 2431 2513 τῷ
2469 2441 2743 2514 πνεύματι
2762 2459 2778 2474 ο
2807 2443 2945 2513 ὅπερ
2976 2445 3164 2506 σκότος
3201 2442 3515 2516 ἀναδραμὸν
3549 2459 3652 2496 πε-

2066 2533 2332 2607 ριεπλάκη
2355 2533 2433 2605 τῷ
2453 2534 2745 2606 πνεύματι.
2769 2534 2880 2589 Καὶ
2907 2534 3187 2607 ἐγέννησε,
3211 2535 3365 2605 φησι,
3386 2533 3510 2588 τινὰ
3537 2535 3647 2606 μή·

2060 2643 2197 2699 τραν
2246 2626 2607 2698 καλουμένην,
2660 2627 2781 2698 ἣτις
2829 2624 3153 2698 γεννηθεῑσα
3194 2626 3544 2696 ὲνεκίσσησεν
3585 2627 3647 2680 ὲν

2062 2718 2212 2790 αὐτῷ
2242 2717 2320 2789 τῷ
2351 2717 2644 2788 πνεύματι.
2688 2718 2786 2771 Ἐκ
2813 2716 2871 2771 δὲ
2900 2717 3003 2788 τῆς
3045 2718 3259 2789 μήτρας
3299 2716 3643 2790 προεϐλήθη-

2063 2811 2163 2866 σάν
2202 2827 2348 2877 τινες
2402 2809 2668 2880 τέσσαρες
2711 2808 2950 2874 Δίῶνεςο
2986 2809 3052 2863 ὲκ
3098 2809 3157 2863 δὲ
3202 2810 3312 2863 τῶν
3365 2809 3646 2880 τεσσάρων

2060 2900 2282 2956 Δίώνων
2308 2900 2455 2955 ἄλλοι
2479 2900 2898 2972 δεκατέσσαρες,
2933 2900 3027 2954 καὶ
3058 2899 3249 2969 γέγονε
3291 2899 3443 2967 δεξιά
3463 2915 3525 2952 τε
3551 2899 3650 2961 καὶ

2061 2993 2350 3066 ἀριστερὰ,
2382 2992 2500 3062 φῶς
2528 2992 2624 3047 καλ⁵
2665 2994 2875 3058 σκότος.
2935 2992 3202 3069 Ὕστερον
3230 2993 3291 3047 δὲ
3325 2992 3464 3063 μετά
3503 2992 3646 3047 πάν-

2059 3105 2159 3153 τας
2188 3088 2411 3151 τούτους
2434 3085 2840 3159 προϐεϐλῆσθαί
2864 3104 2983 3140 τινα
3006 3086 3233 3159 αἰσχρὸν
3259 3087 3450 3149 αἰῶνα,
3478 3086 3648 3157 μεμίν

2060 3180 2188 3252 χθαι
2245 3180 2302 3234 δὲ
2330 3178 2523 3234 τοῦτον
2556 3182 2624 3251 τῇ
2667 3180 2851 3251 μήτρᾳ
2895 3181 2959 3250 τῇ
2993 3180 3106 3233 ἀνω
3150 3178 3641 3251 προδεδηλωμένῃ·

2066 3271 2162 3325 καὶ
2192 3271 2256 3327 ὲκ
2283 3268 2477 3324 τούτου
2516 3268 2612 3323 τοῦ
2657 3269 2854 3333 αίῶνος
2891 3268 2986 3323 τοῦ
3027 3268 3255 3340 αίσχροῦ
3287 3270 3384 3323 καὶ
3407 3268 3507 3337 τῆς
3539 3270 3646 3341 μή·

2061 3378 2195 3433 τρας
2223 3360 2507 3432 γεγονέναι
2549 3359 2705 3424 θεούς
2727 3376 2789 3414 τε
2816 3361 2910 3415 καὶ
2936 3361 3064 3424 τοὺς
3106 3360 3373 3430 ἀγγέλους
3397 3362 3492 3415 καὶ
3526 3360 3647 3414 δαί-

2067 3472 2254 3528 μονας,
2290 3456 2385 3510 καὶ
2415 3453 2555 3509 ἑπτὰ
2579 3454 2889 3525 πνεύματα.
2921 3455 3150 3528 Φωρατὴ
3180 3455 3238 3509 δὲ
3264 3454 3470 3509 τούτων
3490 3456 3525 3526 ἡ
3544 3453 3648 3526 τῆς

2064 3546 2275 3619 πλάνης
2310 3547 2621 3621 μιμολογία.
2666 3546 2787 3602 Ἀπ’
2825 3545 3002 3618 ἀρχῆς
3034 3546 3145 3618 γὰρ
3173 3547 3270 3602 ἕνα
3302 3547 3523 3620 Πατέρα
3561 3546 3650 3600 λέν

2063 3656 2252 3709 γοντες
2282 3642 2379 3696 καὶ
2414 3639 2741 3712 ὁριζόμενοι,
2778 3638 3004 3711 ὕστερον
3042 3639 3269 3705 πολλοὺς
3321 3639 3476 3704 θεοὺς
3510 3639 3647 3693 ὺπέ-

2065 3749 2262 3803 φηναν,
2288 3733 2369 3796 είς
2414 3732 2473 3786 τὸ
2497 3731 2667 3798 δεῖξαι
2707 3731 2879 3803 αὐτὴν
2908 3731 3007 3804 τὴν
3044 3731 3250 3803 πλάνην
3294 3731 3414 3786 καθ’
3445 3731 3648 3801 ἑαυτῆς

2063 3821 2133 3876 τὰ
2181 3823 2270 3875 ὑπ’
2300 3823 2469 3893 αὐτῆς
2516 3821 2688 3891 ψευδῆ
2735 3821 3005 3892 λεγόμενα
3045 3820 3307 3887 ὁπλίζειν,
3350 3821 3551 3891 ἑαυτὴν
3588 3820 3648 3879 δὲ

2064 3914 2232 3977 λύειν,
2262 3915 2363 3985 τῆς
2390 3914 2648 3985 ἀληθείας
2690 3916 2777 3969 ἀεὶ
2815 3918 2879 3969 ἐκ
2908 3916 3108 3979 παντὸς
3151 3916 3351 3987 μέρους
3394 3915 3648 3987 εὑρισκο-

2069 4008 2235 4079 μένης

2138 4105 2230 4170 ς’.
2263 4103 2327 4156 Τί
2356 4103 2533 4157 τοίνυν
2578 4104 2720 4157 εἴπω
2747 4107 2883 4175 πρὸς
2927 4099 3009 4167 σὲ,
3036 4101 3082 4155 ὦ
3110 4099 3380 4164 Νικόλαε;
3424 4102 3478 4153 τί
3533 4102 3648 4156 δια-

2064 4193 2430 4265 λεχθήσομαις
2475 4191 2666 4255 Πόθεν,
2697 4185 2744 4247 ὦ
2777 4188 2952 4256 οὗτος,
2983 4192 3141 4263 ἥκεις
3172 4190 3354 4262 φέρων
3383 4191 3515 4262 ημῖν
3558 4192 3646 4243 ai-

2067 4285 2230 4356 σχρὸν
2257 4283 2451 4348 αἰῶνα,
2479 4283 2573 4337 καὶ
2597 4283 2751 4355 ῥίζαν
2776 4283 3060 4356 πονηρίας,
3091 4284 3186 4338 καὶ
3222 4284 3436 4355 μήτραν
3456 4299 3649 4355 γεννην

2063 4378 2245 4449 τικὴν,
2291 4379 2388 4431 καὶ
2442 4377 2598 4442 θεοὺς
2652 4377 2897 4441 πολλοὺς,
2957 4376 3053 4431 καὶ
3101 4375 3394 4447 δαίμονας;
3437 4376 3496 4430 '0
3536 4376 3647 4447 γὰρ

2079 4469 2418 4536 Ἀπόστολος,
2473 4470 2652 4540 φήσας
2674 4484 2687 4498 ·
2726 4468 2913 4540 Εἴπερ
2953 4467 3073 4522 εἰσὶ
3127 4467 3441 4537 λεγόμενοι
3497 4465 3644 4531 θεοὶ,

2064 4561 2165 4614 οὐκ
2199 4558 2336 4615 εἶναι
2366 4559 2588 4624 τούτους
2620 4559 2928 4628 ὑποφαίνει.
2963 4560 3051 4614 Ἐν
3076 4559 3158 4631 τῷ
3185 4559 3297 4634 γὰρ
3329 4562 3526 4622 εἰπεῖν,
3547 4564 3647 4614 λε-

2065 4656 2335 4724 γόμενοι,
2367 4652 2564 4717 ἔδειξεν
2594 4652 2791 4716 αὐτοὺς
2819 4653 2876 4705 ἐν
2904 4651 2981 4724 τῷ
3013 4652 3265 4721 λέγεσθαι
3291 4652 3450 4722 μόνον
3481 4649 3643 4714 εἶναι,

379 4738 537 4805 dicit,
569 4741 687 4797 sola
724 4741 846 4798 illos
894 4744 1261 4814 appellatione
1292 4738 1586 4814 constare,
1627 4765 1750 4806 cum
1779 4754 1957 4824 reipsa

2070 4743 2145 4815 μὴ
2167 4743 2326 4808 ὄντας
2366 4747 2432 4815 τῇ
2466 4744 2779 4809 ὑποστάσει,
2808 4744 2942 4799 ἀλλά
2985 4743 3076 4798 διὰ
3114 4743 3215 4814 τῆς
3257 4744 3419 4798 τινῶν
3446 4744 3646 4815 ὑπολή-

382 4834 608 4889 minime
653 4833 994 4901 subsistant,
1038 4851 1141 4891 nec
1183 4838 1344 4895 aliter
1395 4856 1558 4912 quam
1602 4847 1966 4914 quorumdam

379 4923 640 4995 Opinione
669 4924 880 4981 docuit.
917 4924 1089 4982 Nobis
1112 4944 1233 4983 vero
1273 4929 1438 4997 Deus,
1474 4934 1674 5005 inquit,
1702 4952 1839 4991 unus
1864 4948 1966 5005 est,

382 5017 563 5082 nobis,
602 5016 846 5089 inquam,
879 5019 972 5089 qui
1002 5021 1255 5078 veritatis
1278 5038 1473 5081 sumus
1495 5028 1812 5098 cognitione
1833 5045 1966 5100 pra:-

380 5106 505 5162 dili.
559 5105 672 5162 Nec
719 5109 813 5177 qui
843 5108 1243 5179 appellaretur,
1301 5114 1397 5168 sed
1450 5116 1542 5184 qui
1582 5132 1771 5172 revera
1817 5127 1965 5175 esset

384 5192 549 5258 Deus,
575 5194 845 5264 adjunxit.
873 5195 1028 5263 Quod
1055 5199 1101 5253 si
1136 5217 1282 5258 unus
1309 5202 1467 5261 nobis
1495 5214 1581 5260 est
1617 5207 1758 5264 Deus
1778 5248 1793 5272 ,
1837 5210 1957 5279 plu-

380 5300 471 5341 res
498 5286 724 5340 omnino
751 5303 875 5343 esse
905 5306 1013 5347 non
1044 5303 1296 5361 possunt.
1325 5294 1553 5353 Accedit
1580 5306 1637 5353 et
1665 5299 1870 5356 Christi
1900 5303 1955 5357 in

380 5375 674 5446 Evangelio
698 5377 907 5432 dictum
939 5381 1072 5435 illud
1102 5399 1115 5435 :
1152 5382 1221 5438 Ut
1254 5399 1568 5457 cognoscant
1596 5398 1643 5444 te
1666 5391 1838 5445 solum
1872 5409 1957 5447 ve-

377 5482 496 5555 rum
528 5466 696 5522 Deum
726 5469 768 5523 '.
800 5467 922 5535 Quo
955 5471 1262 5530 istiusmodi
1298 5477 1578 5535 hominum
1602 5523 1617 5547 ,
1660 5484 1754 5555 qui
1802 5484 1956 5543 ﬁctas

382 5554 617 5626 fabulas,
647 5576 713 5617 ac
736 5562 1095 5634 multiplicem
1112 5565 1455 5626 divinitatem
1480 5554 1773 5631 commenti
1800 5588 1949 5645 sunt,

458 5710 477 5742 ί
510 5707 681 5767 lCor.
717 5730 834 5782 vui,
870 5716 925 5771 5.
1005 5718 1025 5748 ⁹
1052 5713 1209 5773 Joan.
1250 5736 1380 5779 xvn.
1415 5724 1463 5780 '5.

2064 4838 2232 4907 ψεως.
2275 4839 2448 4911 Ἡμῖν
2484 4837 2574 4905 δὲ,
2597 4840 2785 4910 φησὶν,
2814 4835 2903 4905 εἷς
2928 4839 3094 4903 Θεὸς.
3123 4837 3367 4907 δηλονότι
3395 4840 3508 4901 τοῖς
3546 4839 3647 4909 τὴν

2065 4929 2265 4999 γνῶσιν
2288 4930 2388 5001 τῆς
2416 4929 2674 5001 ἀληθείας
2710 4929 3115 5001 ἐπισταμένοις.
3149 4928 3258 4983 Καὶ
3281 4930 3384 4982 οὐκ
3409 4926 3528 4983 εἷπε
3561 4929 3647 4982 λε-

2063 5011 2295 5094 γόιῖενον
2323 5022 2493 5088 Θεὸν,
2512 5022 2648 5077 ἀλλὰ
2680 5022 2808 5075 ὅντα
2838 5021 2988 5077 Θεόν.
3028 5023 3090 5075 Εί
3118 5022 3175 5076 δὲ
3217 5023 3348 5094 ἡμῖν
3380 5016 3458 5087 εἷς
3489 5021 3644 5087 Θεὸς,

2063 5115 2252 5170 οὐκέτι
2279 5116 2465 5170 πολλοὶ
2503 5115 2634 5172 θεοί.
2665 5116 2775 5170 Kal.
2809 5118 2838 5172 ό
2877 5115 3082 5189 Κύριος
3128 5116 3187 5168 ὲν
3218 5113 3296 5185 τῷ
3327 5114 3647 5184 Εὐαγγελίῳ

2062 5207 2224 5280 φησίν
2245 5225 2258 5239 ο
2303 5209 2438 5263 Ἵνα
2480 5208 2818 5280 γινώσκωσι
2847 5224 2921 5263 σε
2964 5209 3073 5263 τὸν
3117 5209 3312 5278 μόνον
3350 5207 3647 5276 ἀληθινὸν

2066 5301 2233 5366 Θεὸν,
2273 5300 2359 5355 ἵνα
2389 5300 2668 5373 ἀνατρέψῃ
2696 5301 2797 5374 τὴν
2824 5301 3062 5356 διάνοιαν
3084 5301 3193 5354 τῶν
3220 5299 3290 5354 τά
3312 5298 3532 5371 μυθώδη
3566 5298 3645 5353 λε-

2063 5393 2291 5461 γόντων,
2339 5392 2433 5446 καὶ⁵
2478 5392 2805 5461 νομιζόντων
2853 5385 2989 5444 εἶναι
3045 5388 3356 5444 πολυθεταν.
3389 5384 3486 5453 Εἷς
3533 5388 3644 5458 γὰρ

2062 5483 2217 5555 ἡμῶν
2233 5484 2379 5538 ἐστιν
2398 5487 2427 5539 ό
2450 5483 2604 5550 Θεὸς,
2619 5483 2807 5555 Πατὴρ
2837 5483 2930 5537 καὶ
2945 5481 3071 5547 Υἱὸς
3094 5482 3187 5536 καὶ
3209 5482 3364 5551 ἀγιον
3391 5481 3640 5552 Πνεῦμα·

2062 5580 2210 5648 τρεῖς
2238 5576 2586 5643 ὑποστάσεις,
2624 5575 2723 5646 μία
2746 5574 3021 5645 κυριότης,
3048 5572 3144 5645 μία
3178 5571 3391 5643 θεότης,
3429 5570 3529 5644 μία
3557 5569 3647 5624 δο-
