3968 6158
342 350 448 407 5-29

985 346 1355 405 ADVERSUS
1394 347 1735 405 HAERESES
1768 349 1894 404 LIB.
1932 351 1970 406 l.
2010 348 2174 405 TOM;
2211 350 2273 407 ll.
2314 381 2384 394 —
2416 350 2690 408 HERES.
2732 347 2919 404 XXVI.

3488 360 3593 417 350

343 466 582 535 ξολογία,
623 464 716 520 καὶ
743 467 804 520 οὐ
829 464 1014 519 πολλοὶ
1045 465 1174 519 θεοί.
1209 465 1321 519 Ποῦ
1360 466 1415 520 δὲ
1449 467 1747 539 πληροῦται
1782 467 1922 521 κατὰ

2040 483 2222 523 sensus
2254 482 2318 522 ac
2349 469 2709 541 cogitationes
2754 478 3042 526 everteret.
3078 468 3235 526 Unus
3263 472 3409 527 enim
3436 473 3594 529 nobis

342 560 425 624 σὲ,
447 554 494 613 ὦ
526 559 784 623 Νικόλαε,
808 558 870 612 τὺ
907 559 1011 613 ὐπὸ
1040 558 1136 613 τοῦ
1184 559 1436 631 Σωτῆρος
1475 561 1800 632 εἰρημένον;
1841 562 1921 615 ὅτι

340 655 497 708 Εἰσὶν
531 652 800 723 εὐνοῦχοι,
842 651 1041 715 οἵτινες
1073 652 1496 724 εὐνουχίσθησαν
1546 652 1651 706 ὑπὸ
1691 652 1798 706 τῶν
1831 653 1923 706 ἀν-

341 745 609 818 θρώπωνο
643 744 737 798 καὶ
765 744 903 797 εἰσὶν
934 743 1199 816 εὐνοῦχοι,
1230 744 1279 798 οἳ
1317 745 1382 797 ὲκ
1419 746 1695 815 γεννητοῖς
1720 744 1736 775 ¹
1766 745 1921 814 ἐγεν-

339 835 614 909 νήθησαν·
673 835 768 888 καὶ
816 835 956 889 εἰσὶν
1015 834 1294 906 εὐνοῦχοι,
1355 835 1552 899 οἵτινες
1603 834 1922 905 εὐνούχισαν

341 928 573 990 ἑαυτοὺς
605 926 693 980 διὰ
739 927 842 995 τὴν
896 924 1173 997 βασιλείαν
1212 926 1320 980 τῶν
1343 926 1606 998 οὐρανῶν.
1636 927 1700 979 Ei
1745 926 1923 980 τοίνυν

339 1017 588 1088 εὐνοῦχοί
611 1020 718 1071 είσι
737 1017 825 1071 διά
848 1017 947 1088 τὴν
981 1016 1254 1088 βασιλείαν
1279 1016 1389 1070 τῶν
1417 1016 1679 1088 οὐρανῶν,
1711 1017 1827 1082 πῶς
1858 1018 1922 1072 σὺ

341 1111 573 1164 σεαυτὸν
609 1109 985 1180 πεπλάνηκας,
1026 1110 1121 1162 καὶ
1152 1109 1279 1172 τούς
1326 1126 1407 1163 σοι
1441 1108 1795 1180 πειθομένους
1837 1109 1924 1165 διὰ

336 1202 599 1272 λαγνείας
628 1201 722 1255 καὶ
746 1201 1122 1272 αἰσχροποιίας
1150 1202 1248 1272 τὴν
1293 1201 1549 1274 ἀλήθειαν
1581 1201 1672 1255 τοῦ
1704 1202 1839 1256 Θεοῦ
1866 1204 1925 1258 ὲν

339 1291 528 1362 ἀδικίᾳ
553 1290 799 1361 κατέχων
838 1290 933 1343 καὶ
961 1289 1261 1354 διδάσκων;
1289 1290 1400 1343 Ποῦ
1439 1290 1495 1343 δὲ
1525 1290 1678 1363 παρά
1713 1293 1795 1345 σοὶ
1826 1310 1924 1346 πε-

338 1385 628 1457 πλήρωται
668 1383 748 1449 τὸ,
806 1381 945 1451 Περὶ
996 1381 1117 1436 τῶν
1165 1382 1475 1452 παρθένων
1521 1383 1589 1437 δὲ
1636 1385 1927 1458 ἐπιταγὴν

338 1476 566 1545 Κυρίου
593 1476 703 1530 οὐκ
730 1474 847 1544 ἔχω
865 1488 880 1503 ·
915 1472 1161 1545 γνώμην
1189 1474 1257 1527 δὲ
1296 1474 1521 1543 δίδωμι,
1562 1476 1643 1542 ὠς
1670 1476 1926 1547 ἠλεημέο

337 1585 452 1635 νος
481 1567 550 1621 τὸ
579 1566 773 1622 καλὸν
807 1565 996 1632 οὕτως
1038 1566 1223 1620 εῖν-αι’
1256 1550 1349 1619 καὶ
1383 1565 1568 1619 πάλιν·
1610 1566 1679 1622 Ἦ
1714 1568 1928 1636 παρθέ-

337 1678 453 1726 ⁴νος
475 1657 734 1730 μεριμνᾷ
762 1662 835 1713 τὰ
861 1657 966 1712 τοῦ
1011 1657 1250 1726 Κυρίου,
1282 1656 1409 1723 πῶς
1441 1657 1643 1726 ἀρέσει
1686 1658 1767 1725 τῷ
1811 1662 1928 1733 Ku-

332 1750 470 1820 ρίῳ,
500 1751 603 1803 ἵνα
628 1744 672 1820 ᾖ
696 1749 836 1819 ἁγία
864 1749 935 1803 ἐν
978 1746 1204 1817 σώματι
1232 1748 1327 1801 καί
1357 1748 1427 1801 ἐν
1457 1751 1787 1818 πνεύματι;
1818 1751 1927 1805 Kal

2021 568 2107 613 est
2136 557 2300 621 Deus,
2332 555 2511 623 Pater,
2532 558 2724 626 Filius,
2748 570 2802 615 et
2826 558 3062 632 Spiritus
3082 569 3328 628 sanctus,
3349 579 3594 633 personze

2024 659 2157 717 tres,
2192 665 2300 706 una
2329 650 2656 718 dominatio,
2680 652 2942 708 divinitas
2966 668 3104 720 una;
3135 669 3243 707 una
3274 653 3455 711 laudis
3477 671 3591 709 om-

2024 742 2206 809 nibus,
2240 743 2535 814 gloriaeque
2572 744 2890 816 praadicatio
2922 765 2935 799 :
2977 746 3203 815 proinde
3250 762 3593 816 nequaquam

2022 835 2205 904 plures
2237 835 2313 890 dii
2345 846 2493 892 sunt.
2530 835 2649 892 Jam
2685 837 2841 904 illud,
2877 838 3023 908 quod
3059 847 3386 908 usurpatum
3432 854 3462 894 a
3491 838 3598 895 Do-

2024 928 2173 981 mino
2201 936 2305 996 est,
2328 930 2601 1002 quomodo
2622 931 2728 1002 81
2758 938 2833 997 te,
2867 928 3109 994 Nicolae,
3135 931 3351 985 tandem
3376 940 3598 985 auctore

2024 1017 2338 1086 perﬁcitur?
2372 1017 2506 1075 Esse
2535 1021 2804 1090 quosdam
2831 1019 3135 1086 eunuchos,
3166 1021 3259 1090 qui
3313 1019 3382 1076 ab
3422 1020 3597 1075 homi-

2025 1109 2191 1165 nibus
2222 1113 2446 1166 castrati
2477 1119 2642 1179 sunt;
2675 1118 2728 1166 et
2754 1112 2895 1166 alios
2923 1126 3044 1166 esse
3074 1112 3165 1181 qui
3197 1112 3335 1166 tales
3379 1126 3411 1164 a
3451 1111 3598 1166 nati-

2024 1200 2190 1257 vitate
2220 1201 2543 1271 prodierint.
2584 1203 2737 1259 Alios
2769 1203 3002 1272 denique
3036 1204 3127 1273 qui
3157 1218 3215 1258 se
3241 1202 3391 1273 regni
3431 1203 3599 1258 coele—

2026 1291 2128 1346 stis
2154 1305 2319 1346 causa
2348 1293 2712 1348 castraverint
2736 1294 2776 1347 ³.
2812 1292 2968 1359 Quod
3002 1295 3049 1348 si
3074 1294 3325 1347 nonnulli
3357 1294 3599 1349 ccelestis

2026 1382 2178 1453 regni
2211 1383 2387 1452 gratia
2438 1381 2567 1438 facti
2617 1392 2747 1439 sunt
2784 1384 3046 1449 eunuchi,
3097 1399 3196 1438 cur
3226 1383 3598 1454 temetipsum,

2026 1483 2259 1545 tuosque
2288 1474 2592 1543 discipulos
2630 1474 2857 1530 libidine
2886 1490 2950 1530 ac
2984 1473 3286 1531 foedissima
3323 1476 3603 1546 voluptate

2026 1564 2267 1635 decipis,
2326 1566 2681 1636 divinamque
2732 1566 3018 1622 veritatem
3054 1581 3150 1637 per
3205 1582 3476 1620 summam
3517 1567 3601 1620 in-

2027 1658 2296 1733 justitiam
2326 1661 2587 1724 retines‘,
2614 1673 2678 1713 ac
2712 1673 2993 1729 perperam
3019 1658 3267 1713 docendo
3294 1657 3604 1729 depravas?

2030 1751 2179 1805 Istud
2208 1766 2370 1822 porro
2399 1767 2507 1822 quo
2538 1752 2757 1805 tandem
2792 1757 2950 1821 pacto
2976 1748 3119 1819 apud
3150 1760 3201 1805 te
3241 1751 3446 1820 geritur
3474 1769 3487 1804 :
3525 1749 3604 1805 De

340 1842 492 1896 πόσα
535 1841 653 1894 ἐστὶ
687 1840 815 1909 περὶ
848 1837 1067 1908 ἁγνείας
1097 1840 1190 1892 καὶ
1220 1839 1546 1910 ἐγκρατείας
1579 1840 1674 1893 καὶ
1716 1839 1923 1913 παρθε-

2040 1841 2319 1912 virginibus
2353 1852 2671 1912 praeceptum
2706 1840 2920 1894 Domini
2952 1857 3055 1894 non
3084 1839 3282 1905 habeo;
3323 1840 3603 1894 consilium

341 1933 467 1996 νίας
492 1932 706 2002 λέγεινε
739 1931 901 2004 Παρά
930 1930 1023 1984 σοῦ
1056 1930 1164 2003 γάρ
1192 1932 1220 1983 ό
1250 1932 1356 1995 πᾶς
1382 1930 1643 2003 βόρϐορος
1668 1932 1767 2005 τῆς
1790 1934 1923 1987 ἀκα.

342 2025 578 2097 θαρσίας
600 2023 971 2094 ἀναισχύντως
1005 2020 1269 2094 ὁρίζεται.
1314 2022 1472 2075 Ἀλλὰ
1502 2022 1588 2076 διὰ
1633 2023 1741 2077 τῶν
1773 2023 1922 2098 δύοῆ

341 2115 516 2188 τριῶν
547 2116 751 2169 τούτων
796 2114 973 2187 ῥητῶν
1027 2114 1128 2183 τῆς
1180 2113 1586 2182 καταγελάστου
1639 2115 1921 2185 αἱρέσεως,

342 2209 484 2280 πρὸς
529 2205 840 2277 ἀνατροπὴν
885 2207 997 2269 τοῖς
1048 2205 1465 2275 ἐντυγχάνουσιν
1507 2206 1536 2259 ό
1590 2207 1789 2274 σκοπὸς
1840 2210 1925 2262 ὲν-

341 2299 526 2354 ταῦθά
552 2317 641 2370 μοι
671 2296 1046 2369 παρακείσθω.

2032 1945 2207 1988 autem
2240 1933 2344 2000 do,
2404 1942 2653 2005 tanquam
2707 1931 3127 1987 misericordiam
3177 1942 3486 1986 consecutus
3529 1932 3607 1987 ita

2032 2028 2224 2081 bonum
2255 2042 2367 2081 esse
2387 2026 2446 2094 ⁸;
2482 2042 2547 2080 ac
2577 2041 2798 2081 rursum
2830 2044 2844 2082 :
2882 2024 3039 2096 Virgo
3080 2025 3312 2079 sollicita
3334 2033 3413 2079 est
3436 2023 3500 2079 de
3540 2025 3605 2078 iis

2030 2132 2147 2187 qua:
2166 2123 2291 2170 sunt
2314 2113 2554 2181 Domini,
2593 2113 2852 2186 quomodo
2880 2114 3087 2183 placeat
3116 2112 3363 2181 Domino,
3397 2123 3606 2168 utsan-

2032 2220 2118 2263 cta
2145 2208 2215 2263 sit
2240 2222 2456 2277 corpore
2484 2224 2546 2261 ac
2592 2207 2784 2277 spiritu
2811 2206 2868 2259 οἳ
2892 2204 3067 2274 Quam
3108 2206 3281 2261 multa
3331 2205 3400 2262 de
3438 2206 3607 2261 casti-

2031 2306 2165 2366 tate,
2196 2298 2537 2356 continentia
2563 2313 2625 2353 ac
2659 2298 2978 2370 virginitate
3015 2297 3124 2353 dici
3175 2298 3439 2369 possunt!
3469 2295 3605 2352 Nam

344 2389 497 2462 apud
548 2399 598 2445 te
638 2387 970 2458 impuritatis
1011 2400 1173 2443 omne
1229 2400 1447 2442 coenum
1500 2387 1618 2443 sine
1665 2387 1873 2458 pudore
1919 2388 2243 2463 praelinitur.
2296 2386 2499 2443 Verum
2557 2386 2774 2443 duabus
2826 2388 2936 2444 illis
2988 2388 3238 2445 tribusve
3296 2388 3603 2454 sententiis,

343 2499 512 2559 quem
536 2483 669 2538 mihi
699 2497 925 2552 scopum
947 2480 1257 2538 evertenda:
1290 2481 1535 2537 ridiculae
1578 2481 1744 2553 hujus
1790 2495 1953 2542 secta:
1984 2486 2356 2559 praelixeram,
2407 2486 2676 2542 hactenus
2722 2484 3023 2543 lectoribus
3080 2484 3405 2556 exposuisse
3459 2480 3608 2538 suill-

344 2582 481 2636 ciat.

418 2672 495 2724 Z'.
525 2667 738 2740 Προϊὼν
775 2667 832 2722 δὲ
875 2666 1110 2738 καθεξῆς
1142 2666 1240 2739 τὴν
1278 2667 1453 2740 τούτῳ
1493 2669 1932 2743 συνεζευγμένην

343 2761 589 2833 αἵρεσιν,
610 2759 797 2832 ὥσπερ
825 2761 1311 2833 χορτομανήσασαν
1344 2759 1476 2832 ὕλην
1503 2760 1537 2832 ἢ
1572 2760 1730 2827 δάσος
1763 2763 1931 2816 ἀκαν-

345 2851 461 2906 θῶν
492 2850 828 2923 πανταχόθεν
854 2850 1243 2922 συνηνωμένην
1278 2851 1323 2918 ⁸,
1365 2850 1398 2922 ἢ
1428 2851 1929 2926 κατεξηραμμένην

347 2945 407 2996 ὲν
436 2942 597 3016 ἀγρῷ
626 2944 834 3015 πληθὺν
870 2941 1039 3009 ξύλων
1080 2960 1138 2996 τε
1174 2945 1266 2997 καὶ
1307 2943 1597 3015 φρυγάνων
1643 2947 1723 3009 εἰς
1769 2946 1934 3001 κατά-

348 3049 548 3085 καυσιν
592 3031 1022 3102 ἐτοιμαζομένην
1051 3030 1335 3100 ὑποδείξω,
1374 3032 1463 3086 διὰ
1492 3033 1551 3086 τὸ
1578 3037 1643 3105 τῇ
1684 3035 1820 3106 αὐτῇ
1851 3037 1937 3088 al-

2112 2666 2218 2723 Vll.
2256 2666 2526 2739 Deinceps
2560 2668 2745 2739 itaque
2778 2667 2989 2723 amnem
3015 2666 3145 2741 huic
3175 2664 3431 2731 haeresin,
3461 2665 3611 2720 velut

2035 2758 2403 2814 luxuriantem
2448 2760 2694 2823 herbam,
2748 2766 2845 2815 aut
2891 2759 3173 2830 spinarum
3223 2755 3610 2812 densissimam

2036 2849 2250 2919 copiam
2296 2850 2538 2921 undique
2574 2851 2881 2916 collectam,
2922 2859 3017 2904 aut
3046 2849 3317 2919 lignorum
3353 2849 3408 2902 in
3450 2863 3605 2919 agro,

2035 2941 2507 3013 virgultorumque
2534 2943 2866 2999 desiceatam
2897 2943 3227 3013 congeriem,
3254 2952 3307 2998 et
3333 2943 3399 2997 ad
3423 2943 3613 2999 incen-

2037 3033 2188 3088 dium
2222 3043 2580 3117 praeparatam
2633 3036 2688 3089 in
2738 3035 2975 3091 medium
3018 3034 3314 3106 proferam,
3359 3051 3426 3091 eo
3464 3037 3609 3105 quod

353 3123 503 3194 ρὲσει
523 3122 619 3175 τοῦ
641 3120 872 3175 ἐλεεινοῦ
905 3122 1192 3186 Νικολάου,
1228 3121 1416 3195 ὥσπερ
1445 3124 1512 3176 δι’
1540 3125 1934 3197 ὲγκεντρισμοῦ

2040 3124 2229 3179 eadem
2266 3124 2356 3178 illa
2386 3126 2585 3196 perditi
2615 3125 2824 3181 Nicolai
2855 3134 3024 3192 secta,
3056 3134 3314 3207 tanquam
3355 3128 3613 3184 insitione

347 3214 383 3286 ἢ
410 3214 607 3287 ψώρας
632 3215 851 3286 ἀγρίας,
883 3214 1138 3286 ἣλὲπρας
1169 3212 1227 3283 ἐξ
1248 3214 1450 3287 ἐτέρων
1480 3216 1746 3287 σωμάτων
1774 3217 1939 3288 ἕτερα

352 3308 589 3381 σώματα
660 3307 1150 3380 παραφθείρεσθαι.
1198 3308 1355 3363 Οὐτω
1408 3309 1517 3363 ἀπὸ
1579 3311 1779 3382 μέρους
1831 3312 1940 3365 εἰσὶ

352 3398 729 3471 συνηνωμένοι
761 3400 823 3483 ὀἱ
868 3396 1148 3469 λεγόμενοι
1194 3398 1254 3466 ἐξ
1315 3399 1481 3453 αὐτοῦ
1538 3401 1632 3453 καὶ
1673 3400 1785 3455 τῶν
1833 3401 1941 3474 πρὸ

351 3489 545 3554 αὐτοῦ,
610 3489 853 3560 Σίμωνος
895 3487 951 3540 δέ
998 3506 1159 3559 φημι,
1204 3488 1299 3541 καὶ
1334 3486 1444 3541 τῶν
1472 3488 1647 3543 ἄλλων
1686 3489 1942 3553 λαϐόντες

349 3584 453 3647 τὰς
489 3582 793 3654 προφάσεις
838 3581 1133 3635 Γνωστικοὶ
1184 3579 1526 3652 καλούμενοι,
1568 3581 1940 3650 κατάγνωστοι

349 3675 411 3729 δὲ
448 3674 512 3728 τὸ
550 3675 659 3728 πᾶν
680 3673 767 3726 διὰ
800 3673 899 3745 τὴν
929 3673 986 3725 ἐν
1013 3674 1125 3736 τοῖς
1150 3671 1440 3744 πράγμασι
1482 3675 1583 3745 τῇς
1627 3671 1941 3744 ἀκαθάρτου

354 3765 627 3838 ἐργασίας
675 3765 853 3818 αὐτῶν
893 3763 1194 3836 μοχθηρίαν
1233 3764 1329 3817 καὶ
1385 3761 1799 3834 αἰσχρουργίαν.
1852 3763 1942 3825 Ὠς

354 3856 578 3928 ἀληθῶς
614 3855 724 3926 γὰρ
759 3855 855 3909 καὶ
889 3854 1077 3908 τοῦτον
1109 3853 1246 3925 πρὸς
1276 3853 1457 3922 ὀλίγον
1489 3851 1941 3924 ὲγκρατευσάμε-

354 3968 470 4013 νον,
498 3947 619 4004 εἶτα
645 3950 957 4005 ἀποστάντα
994 3950 1093 4021 τῆς
1133 3949 1482 4020 ἐγκρατείας,
1503 3948 1660 4020 δίκην
1693 3946 1943 4019 ὕδρωπος

355 4043 456 4098 τοῦ
510 4041 745 4115 ἑρπετοῦ
801 4040 1139 4111 καλουμένου
1190 4039 1263 4107 te,
1291 4036 1499 4093 ὑδάτων
1536 4040 1615 4103 είς
1652 4039 1756 4108 γῆν
1787 4037 1944 4092 ἀνελ-

358 4135 567 4199 θόντος,
603 4135 699 4187 xal.
730 4134 811 4196 εἰς
838 4132 983 4204 ὕδωρ
1024 4127 1179 4195 αὖθις
1221 4130 1676 4204 ἀναστρέψαντος.
1710 4128 1945 4200 καλάμῳ

358 4227 439 4299 τῷ
468 4230 527 4280 ὲν
544 4225 690 4296 χειρὶ
711 4223 914 4278 δοθέντι
939 4221 1173 4295 Χριστοῦ
1200 4222 1493 4286 παίσαντες
1518 4221 1612 4276 καὶ
1637 4221 1943 4287 ὀλέσαντες»

362 4319 456 4374 ἐπὶ
483 4319 584 4383 τὰς
606 4315 734 4388 ἑξῆς
766 4316 1003 4388 αἱρέσεις
1039 4314 1363 4386 βαδίσωμεν.

454 4605 648 4661 ΚΑΤΑ
686 4605 823 4657 ΤΩΝ
863 4605 1279 4657 ΛΕΓΟΜΕΝΩΝ
1314 4604 1426 4674 (68)
1457 4605 1845 4661 ΓΝΩΣΤΙΚΩΝ

722 4696 925 4764 Ἕκτη,
957 4697 996 4765 ἡ
1019 4697 1113 4750 καί
1152 4697 1397 4764 εἰκοστὴ
1416 4695 1582 4764 ἕκτη.
1632 4731 1641 4735 -

434 4809 515 4864 Δ“.
552 4809 725 4863 Πάλιν
752 4802 895 4863 οὗτοι
919 4809 967 4861 οἱ
1004 4809 1297 4862 Γνωστικοὶ
1328 4808 1598 4880 διαφόρως
1622 4810 1728 4864 ἀπὸ
1759 4812 1949 4864 τούτου

442 4986 459 5017 ¹
488 4983 630 5055 Lege
676 4982 921 5054 γενετῆς.

440 5141 567 5213 (68)
596 5137 978 5213 Ἡγίου-ταῶν.
1005 5137 1384 5194 Gnosticorum
1426 5137 1938 5213 appellatio,_qi_iam

370 5207 730 5282 impurissimi
796 5209 1175 5282 haereticorum
1241 5214 1608 5282 usurparunt,
1678 5207 1937 5263 eximium

370 5277 662 5352 quemdam
701 5287 864 5352 atque
901 5279 1229 5352 exquisitum
1265 5277 1431 5352 animi
1464 5287 1687 5352 statum,
1724 5292 1787 5331 ac
1816 5293 1945 5352 san-

371 5346 578 5407 ctitatis
606 5346 898 5418 significat,
922 5346 1071 5418 ιιι-ἐκ
1099 5347 1463 5418 Alexandrino
1491 5346 1770 5418 Clemente
1796 5349 1945 5403 aliis-

415 5437 483 5475 ue
514 5416 773 5489 colligere
800 5419 954 5489 licet.
977 5416 1109 5471 Nam
1141 5417 1281 5489 apud
1313 5417 1462 5489 illum
1500 5433 1514 5469 I
1548 5416 1785 5489 Βαεάασ..
1820 5432 1941 5486 cap.

415 5438 483 5475 ue
514 5438 773 5489 COIIIgCI’B
801 5438 944 5472 ncet.
977 5438 1109 5471 nam
1141 5438 1281 5486 apuu
1314 5438 1462 5471 mum
1500 5438 1514 5469 ι
1548 5438 1785 5486 ιάξαασ..
1820 5438 1941 5486 cap.

372 5438 430 5552 ἓ,
457 5496 807 5559 opponuntur
827 5488 878 5540 οἱ
915 5487 1207 5559 Γνωστικοὶ
1238 5490 1348 5551 τοῖς
1373 5486 1652 5559 ψυχικοῖς,
1682 5498 1742 5559 et
1783 5503 1947 5559 meo-

379 5554 601 5625 ματὶκοί
630 5566 911 5627 vocantur.
932 5556 1059 5627 ,Οὐκ
1099 5557 1208 5627 ἄρα
1245 5559 1294 5627 οι
1331 5556 1430 5626 μὲν
1460 5554 1855 5627 ῐξνωστικοὶηοί
1890 5554 1948 5609 δὲ

374 5624 596 5699 ψυχικοὶ
622 5629 681 5680 ἐν
711 5626 859 5699 αὐτῴ
883 5626 961 5699 τῷ
988 5624 1163 5699 λόγῳλ
1192 5626 1310 5699 an:
1333 5624 1382 5679 οἱ
1428 5624 1627 5699 πάντες
1672 5624 1945 5699 ἀποθέμετ

376 5694 582 5760 νοίτάς
611 5694 879 5765 σαρκικάς
904 5694 1200 5765 ἐπιθυμίας
1223 5736 1238 5761 ,
1288 5696 1412 5757 ἶσοι,
1451 5695 1568 5765 καὶ,
1591 5694 1948 5765 πνευματικοὶ

378 5768 529 5840 παρὰ
555 5766 634 5820 τῶ
655 5763 865 5838 Κυρίῳ.
895 5764 1001 5820 Sed
1029 5763 1084 5819 in
1120 5764 1241 5819 aliis
1267 5763 1654 5833 Στρωματέων
1692 5763 1867 5826 libris,
1898 5773 1950 5819 et

709 5857 976 5918 PATROL.
1009 5854 1125 5916 (in.
1170 5853 1328 5913 XLI.

999 4983 1018 5012 ³
1055 4981 1114 5036 F.
1152 4982 1545 5052 συνηνωμένον.
1624 4983 1644 5013 ³
1675 4981 1865 5037 Matth.
1898 5000 2013 5049 nx,
2057 4984 2140 5038 l2.

2039 3214 2299 3285 quadam,
2333 3216 2413 3270 vel
2458 3217 2643 3286 potius
2673 3217 2751 3272 uti
2798 3216 2925 3273 fera:
2960 3219 3163 3273 scabiei
3198 3234 3261 3274 ac
3292 3219 3454 3290 lepra:
3481 3234 3615 3275 con-

2039 3307 2258 3376 tagione
2286 3306 2391 3360 alia
2428 3322 2492 3361 ex
2525 3307 2648 3363 aliis
2678 3322 2936 3378 corpora,
2968 3309 3049 3363 sic
3080 3308 3362 3363 hominum
3399 3316 3615 3364 tentan-

2041 3403 2132 3451 tur
2155 3411 2221 3451 ac
2251 3407 2681 3467 corrumpuntur
2706 3398 2897 3452 animi.
2930 3396 3045 3453 lloc
3085 3398 3271 3469 itaque
3303 3398 3463 3453 modo
3489 3412 3615 3452 curn

2041 3488 2324 3559 superiore
2359 3489 2553 3545 haeresi
2584 3489 2866 3545 cohrerens
2908 3506 2974 3545 ex
3015 3491 3198 3560 aliqua
3244 3499 3421 3560 parte,
3459 3488 3554 3559 qui
3585 3502 3617 3541 a

2039 3580 2269 3637 Nicolao
2313 3581 2455 3651 ipso,
2497 3582 2727 3652 ejusque
2781 3582 3248 3646 antecessoribus,
3292 3581 3515 3636 Simone
3551 3592 3618 3632 ac

2041 3672 2257 3728 caeteris
2284 3673 2640 3727 occasionem
2658 3671 2806 3727 nacti
2835 3670 3084 3727 Gnostici
3115 3674 3490 3737 nominantur,
3520 3684 3619 3724 κα-

2040 3762 2362 3832 τάγνωστοι,
2393 3762 2498 3818 hoe
2525 3770 2610 3825 est
2650 3762 2947 3817 damnandi
2987 3764 3230 3833 penitus,
3254 3750 3477 3834 propter
3510 3767 3617 3821 im-

2043 3855 2328 3924 purissimi
2365 3855 2552 3927 ﬂagitii
2584 3855 2729 3926 quod
2764 3866 3082 3926 perpetrare
3112 3856 3291 3912 solent
3324 3858 3620 3927 turpitudi-

2042 3963 2167 4004 nem
2199 3962 2263 4003 ac
2280 3948 2606 4013 nequitiam.
2633 3946 3003 4014 Quamobrem
3029 3963 3152 4003 cum
3182 3963 3286 4004 nos
3311 3949 3465 4005 illum
3494 3951 3618 4006 hac‘

2045 4048 2210 4094 tenus
2246 4036 2603 4091 continentia:
2642 4037 2709 4091 ad
2755 4036 2921 4092 breve
2961 4044 3181 4107 tempus
3220 4037 3510 4106 cultorem,
3555 4053 3623 4096 ac

2046 4126 2673 4191 subinde-desertorem,
2696 4132 2752 4180 et
2776 4125 3040 4197 hydropis
3064 4126 3298 4182 similem
3320 4127 3486 4197 (quod
3508 4143 3622 4183 ser.

2047 4220 2228 4291 pentis
2255 4232 2430 4291 genus
2458 4232 2525 4273 ex
2559 4217 2723 4289 aquis
2753 4218 2806 4271 in
2842 4225 3046 4273 terram
3075 4221 3323 4289 emergit,
3349 4226 3402 4275 et
3429 4221 3621 4276 eodem

2049 4319 2238 4382 postea
2273 4325 2333 4367 se
2369 4308 2609 4380 recipit),
2642 4308 2875 4372 calamo,
2916 4308 3013 4378 qui
3054 4307 3352 4364 Christoin
3399 4325 3623 4365 manuni

2048 4403 2286 4459 traditus
2314 4410 2440 4469 est,-
2464 4416 2786 4472 percussum
2819 4399 3243 4464 confecerimus,
3284 4402 3528 4473 reliquas
3556 4406 3622 4458 ad

1978 4470 2021 4525 Ῑ)
2049 4487 2287 4550 haereses
2320 4494 2627 4548 orationem
2658 4502 2903 4548 nostram
2933 4494 3402 4564 promovebimus.

2353 4608 2464 4678 82
2502 4606 2872 4663 ADVERSUS
2910 4606 3312 4673 GNOSTICOS,

2323 4699 2455 4765 Qua:
2501 4708 2581 4752 est
2625 4699 2841 4754 ha’resis
2885 4697 2959 4752 VI
2995 4700 3103 4753 sive
3156 4696 3369 4751 XXVI.

2128 4815 2167 4865 1.
2212 4811 2452 4867 Rursum
2487 4810 2738 4868 Gnostiei
2789 4812 2879 4867 isti
2923 4812 3076 4867 varie
3117 4812 3185 4865 ab
3221 4812 3314 4864 illo
3340 4814 3624 4882 propagati

2240 4985 2261 5015 ⁸
2289 4983 2451 5040 Rom.
2489 5001 2528 5050 ι,
2559 4985 2647 5040 18.
2733 4987 2755 5017 ⁸
2785 4984 2803 5037 l
2834 4984 2961 5042 Cor.
2996 4999 3094 5048 vn,
3125 4984 3215 5037 25.
3315 4985 3336 5015 ⁸
3370 4985 3500 5065 ibid:
3534 4987 3623 5039 Μ.

2043 5140 2097 5195 in
2117 5140 2307 5213 primis
2335 5158 2432 5204 vn,
2480 5141 2547 5197 de
2570 5140 2847 5213 Gnostieis
2875 5151 2928 5196 et
2958 5144 3233 5213 γνωστικῇ
3265 5140 3491 5213 δυνάμει
3520 5145 3630 5211 plu-

2042 5209 2197 5283 ribus
2226 5211 2503 5283 disputat:
2527 5211 2687 5283 eujus
2714 5211 2839 5283 τρία
2861 5209 2983 5283 esse
3015 5209 3149 5264 dicit
3171 5209 3591 5283 ἀποτελέσματα
3616 5235 3627 5266 :

2045 5279 2403 5352 niinirum‘ﬁ
2439 5279 2725 5352 γινώσκειν
2754 5279 3210 5352 ’τάμπράγματαο
3265 5279 3535 5352 δεύτερον,
3572 5285 3640 5337 τὰ

2046 5350 2311 5422 ἐπιτελεῖν
2334 5351 2363 5403 δ
2396 5368 2457 5422 τι,
2483 5349 2557 5422 Δἂν
2586 5348 2799 5422 ό-λὸγος
2842 5348 3188 5422 ὑπαγορεύῃ·
3223 5354 3317 5405 καὶ
3343 5348 3539 5422 ,τρίτον
3572 5362 3634 5405 τὸ

2047 5419 2401 5492 ¹ἐτειραδιδόναι
2437 5408 3051 5492 δύνασθαιδᾮέοπρεπὶῦς
3094 5408 3167 5492 τά
3214 5408 3458 5492 παρὰ
3502 5422 3634 5490 ἀλη-

2049 5487 2173 5559 θεία
2198 5488 2671 5559 ἐπικεκρυμμένα.
2708 5487 2888 5553 Quare
2928 5489 3174 5544 Ghostici
3213 5487 3349 5559 sunt
3382 5487 3637 5546 homines

2051 5557 2290 5628 perfecta
2319 5557 2674 5628 ac‘sing‘ulari
2702 5559 2936 5625 quadam
2970 5560 3193 5623 virtute,
3227 5575 3287 5613 ac
3321 5558 3633 5614 divinarum

2056 5626 2236 5699 rerum
2262 5628 2487 5682 scientia
2508 5626 2761 5699 praediti;
2785 5645 2899 5699 nec
2926 5645 2987 5684 ea
3017 5628 3240 5699 quidem
3269 5629 3503 5699 vulgari.
3539 5630 3634 5685 scil

2057 5697 2307 5768 abstrusa
2342 5712 2406 5768 ac
2439 5695 2740 5751 recondita.
2784 5696 2941 5753 Unde
2987 5695 3081 5768 qui
3122 5713 3154 5751 a
3199 5695 3440 5768 Nicolao,
3477 5698 3635 5753 nasi-

2059 5767 2163 5821 lide
2198 5767 2520 5837 exterisque
2565 5769 2845 5838 propagati
2882 5767 3112 5824 arcanas
3142 5767 3408 5838 quasdam
3437 5781 3631 5844 nugas.

3284 5860 3352 5919 11
