3960 6104
368 267 466 323 SH

1753 272 1806 325 S.
1856 270 2191 327 ΕΡΙΡΙΙΑΝῙΙ

3513 280 3618 335 57.2

376 384 434 436 iu
467 381 667 436 mundo
695 380 1048 451 pullularunt.
1075 382 1323 438 homines
1345 384 1624 439 erroribus
1651 385 1924 457 implicati.

2044 389 2300 458 φυόμενοι
2330 387 2665 457 ἠπατημένοι
2714 388 3007 453 ἄνθρωποι,
3040 388 3227 460 ὥσπερ
3257 389 3364 443 ἀπὸ
3393 394 3617 463 πικρίας

369 485 434 524 ac
458 471 604 523 velut
630 486 693 523 ex
724 471 1088 527 amaritudine
1121 475 1391 542 procreati
1423 474 1653 539 fruetus,
1681 480 1936 547 quemad-

368 560 590 613 modum
622 560 795 614 cuivis
832 563 1182 631 perspienum
1212 571 1317 628 est,
1358 573 1412 620 et
1442 566 1507 619 ad
1533 568 1779 623 veritatis
1806 584 1938 639 pro-

368 651 639 704 bationem
680 666 787 705 non
832 652 1009 707 solum
1050 670 1079 708 a
1114 656 1383 720 lidelibus,
1413 657 1506 714 sed
1530 658 1694 714 etiam
1725 660 1794 715 ab
1823 661 1940 715 infi-

366 739 582 795 delibus
629 741 964 812 deprehendi
1016 746 1169 800 nullo
1213 748 1434 817 negotio
1479 757 1677 820 potest.
1723 749 1936 805 Etenim

365 829 602 896 vulvam,
639 846 704 886 ac
752 834 1167 903 turpitudinem,
1222 828 1530 910 caeteraque
1572 840 1625 894 id
1663 855 1836 910 genus
1879 841 1935 895 in

366 939 621 981 sermone
654 926 884 995 jactare,
928 944 1110 985 nonne
1146 931 1437 987 ridiculum
1470 934 1795 991 mortalibus
1817 949 1934 988 om-

365 1015 529 1071 nibus
574 1014 779 1074 Graacis
820 1018 1045 1087 perinde
1077 1035 1142 1075 ae
1180 1022 1449 1087 harbaris,
1486 1025 1829 1093 sapientibus
1858 1025 1935 1079 in-

363 1107 801 1178 sipientilmsque
830 1109 1141 1165 videbitur?
1186 1112 1292 1169 Sed
1327 1115 1442 1170 [nec
1478 1130 1672 1187 magna
1707 1131 1931 1186 prorsus

362 1199 665 1262 calamitas,
700 1214 763 1253 ac
809 1201 1120 1270 vehemens,
1162 1214 1220 1259 ut
1264 1205 1339 1259 ita
1390 1206 1589 1273 dicam,
1638 1207 1931 1264 infelicitas

360 1298 444 1345 est
476 1308 489 1343 :
523 1289 815 1346 damnatos
860 1292 1002 1357 illos,
1044 1302 1101 1349 et
1136 1304 1324 1351 errore
1356 1296 1613 1367 deceptos
1656 1306 1928 1353 sectarum

361 1379 599 1436 artiﬁces
640 1380 856 1435 incitari
888 1392 1078 1438 contra
1114 1399 1213 1441 nos
1243 1395 1406 1457 atque
1439 1387 1747 1454 insurgere,
1783 1388 1931 1443 velut

363 1471 538 1527 fmdas
575 1472 840 1543 quasdam
874 1473 1103 1543 bestias,
1149 1493 1270 1548 quae
1313 1477 1621 1533 molestiam
1666 1478 1825 1535 nobis
1864 1493 1929 1533 ac

356 1563 584 1620 fetorem
620 1573 673 1618 et
715 1566 986 1634 pruritmn
1032 1569 1286 1624 confictis
1322 1569 1429 1624 illis
1465 1568 1583 1625 suis
1629 1570 1927 1626 mendaciis

357 1653 606 1707 allerant.
644 1653 786 1725 Ergo
814 1655 901 1711 ἱειὶ
942 1677 1065 1730 cum
1099 1661 1327 1715 Nicolao
1364 1659 1666 1731 conjuncti,
1689 1669 1744 1714 et
1770 1659 1839 1715 ab
1861 1674 1928 1714 eo

2042 481 2264 550 καρποὶ,
2289 478 2365 543 ὼς
2392 479 2551 531 παντί
2600 495 2678 550 τῳ
2706 479 2864 549 δῆλόν
2893 482 3034 545 ἐστι,
3065 481 3159 533 καὶ
3197 482 3450 553 φωρατὸν
3482 485 3616 556 πρὸς

2038 570 2266 641 δοκιμὴν
2332 570 2609 639 ἀληθείας,
2661 571 2722 624 οὐ
2768 571 2927 641 μόνον
2963 572 3170 642 εἴποιμι
3216 578 3445 639 πιστοῖς,
3480 577 3615 630 ἀλλά

2037 659 2178 729 τάχα
2212 658 2305 713 καὶ
2335 659 2604 721 ἀπίστοις,
2628 659 2778 730 ἐντῷ
2810 660 3000 732 κόσμῳ
3014 662 3374 733 ἐϐλάστησαν.
3404 665 3478 717 Τὸ
3506 667 3616 737 γὰρ

2041 749 2251 819 μήτραν
2298 748 2384 802 καὶ
2452 749 2785 818 αίσχρὸτητα
2829 748 3027 818 λέγειν,
3080 752 3173 805 καὶ
3200 753 3268 806 τὰ
3308 753 3460 817 ἄλλα,
3497 756 3614 818 πῶς

2035 837 2156 907 οὐχὶ
2188 837 2567 907 καταγέλαστα
2598 838 2789 908 φανείη
2823 841 3355 914 πάσιν.ἀνθρώποις,
3389 846 3611 915 Ἕλλησί

2034 943 2092 979 τε
2121 929 2214 980 καὶ
2232 927 2547 999 βαρϐάροις,
2588 931 2770 996 σοφοῖς
2823 946 2879 981 τε
2921 932 3016 984 καὶ
3041 932 3285 1004 ἀνοήτοις
3309 951 3324 1000 ;
3354 936 3526 1007 Πολλὴ
3553 937 3611 990 δὲ

2038 1018 2288 1090 συμφορά
2337 1019 2430 1072 καὶ
2458 1017 2711 1088 μεγίστη,
2756 1019 2831 1084 ὡς
2865 1022 3060 1085 είπεῑν,
3102 1023 3451 1095 ταλαιπωρία
3485 1028 3613 1090 τοὺς

2033 1107 2091 1159 ὲν
2115 1107 2455 1176 καταγνώσει
2506 1111 2601 1164 κα).
2645 1112 2704 1164 ὲν
2750 1111 2930 1185 πλάνῃ
2969 1114 3307 1169 ἐπισείεσθαι
3348 1118 3479 1187 ἡμῖν
3502 1119 3612 1172 τῶν

2032 1196 2296 1268 αἱρέσεων
2323 1199 2620 1270 ἀρχηγοὺς,
2676 1202 2771 1255 καὶ
2810 1203 3222 1271 ἐπανίστασθαι,
3257 1207 3446 1280 ὥσπερ
3471 1228 3605 1264 κνω-

2030 1287 2205 1341 δάλων
2244 1288 2465 1360 πλῆθος,
2516 1292 2770 1363 ὀχλήσεις
2794 1311 2854 1347 τε
2888 1296 2980 1348 καὶ
2999 1295 3311 1367 δυσοδμίας,
3344 1304 3608 1372 κνισμοῦς

2033 1397 2089 1433 τε
2120 1382 2213 1434 καὶ
2246 1382 2569 1453 ὲπεντριϐἀς
2592 1386 2725 1455 ἡμῖν
2753 1387 3115 1456 ἐμποιοῦντας
3140 1389 3230 1443 διὰ
3245 1390 3347 1460 τῆς
3383 1392 3476 1445 τοῦ
3504 1382 3609 1464 μυ-

2030 1471 2247 1526 θοποιοῦ
2275 1473 2502 1546 πλάνης.
2540 1472 2699 1530 Οὗτοι
2732 1477 2788 1530 δὲ
2811 1479 2862 1531 ot
2892 1478 3065 1550 τούτῳ
3091 1479 3169 1550 τῷ
3202 1481 3454 1553 Νικολάῳ
3484 1502 3608 1538 συν-

2030 1561 2367 1633 εζευγμένοι,
2429 1565 2591 1619 πάλιν
2651 1567 2746 1632 ἀπ’
2778 1568 2946 1621 αὐτοῦ
2988 1569 3066 1633 ὼς
3104 1570 3214 1623 ἀπὺ
3259 1572 3444 1643 οὐρίου
3499 1574 3608 1627 ὠοῦ

2028 1652 2205 1721 ὄφεως
2275 1652 2525 1722 σκορπίοι
2569 1653 2601 1723 ἢ
2652 1654 2711 1721 ἐξ
2757 1655 2999 1711 ἀσπίδων
3034 1661 3453 1731 γεγεννημένοι,
3487 1664 3611 1717 τινὰ

358 1742 506 1795 velut
532 1740 667 1794 subv
695 1758 909 1804 ~ut1||leo
946 1750 1217 1821 serpentis
1250 1764 1353 1803 ovo
1387 1750 1610 1819 scorpii,
1653 1749 1767 1804 sive
1793 1748 1924 1819 aspi-

2029 1744 2162 1813 ἡμῖν
2192 1743 2622 1814 παρεισφέρουσι
2645 1746 2976 1815 κενοφωνίας
2994 1748 3256 1819 ὀνόματα,
3282 1752 3375 1806 καὶ
3393 1752 3609 1823 βίϐλους

359 1831 523 1886 dibus
579 1839 827 1906 prognati
875 1840 1121 1910 quaedam
1174 1839 1335 1895 nobis
1387 1838 1620 1893 inaniter
1676 1838 1928 1894 sonantia

363 1920 605 1984 nomina,
641 1925 918 1996 librosque
949 1930 1243 1984 commenti
1283 1938 1448 1984 sunt:
1483 1929 1629 1984 velut
1660 1929 1803 1983 inter
1830 1944 1929 1983 cae-

365 2026 511 2070 teros
536 2032 697 2086 quem
725 2016 942 2073 Noriam
976 2019 1267 2089 appellant,
1300 2027 1464 2090 atque
1491 2035 1555 2074 ex
1591 2019 1930 2089 superstitio-

364 2108 441 2162 sis
473 2106 769 2163 Gentilium
817 2109 1167 2180 Opinionibus
1200 2110 1559 2167 conformatis
1602 2110 1669 2165 ad
1717 2110 1929 2166 institu-

294 2186 300 2191 ’
362 2207 474 2252 tum
507 2214 665 2254 suum
693 2201 853 2271 nugis
885 2202 994 2269 illis
1018 2217 1082 2256 ac
1111 2202 1307 2257 fabulis
1331 2202 1552 2257 veritati
1579 2201 1922 2258 mendacium

358 2290 682 2347 admiscent.
715 2294 927 2365 Quippe
957 2290 1179 2348 Noriam
1219 2296 1381 2349 istam
1411 2292 1601 2349 Noemi
1639 2292 1924 2365 conjugem

358 2378 585 2436 faciunt.
629 2379 802 2449 Quam
853 2383 1057 2438 idcirco
1102 2382 1323 2437 l‘loriam
1373 2392 1590 2447 vocant,
1640 2390 1700 2438 ut
1740 2398 1863 2454 quae
1894 2399 1925 2437 a

356 2470 650 2539 gentilibus
683 2473 1007 2526 concinnata
1053 2481 1182 2528 sunt
1220 2473 1469 2529 barbaris
1512 2473 1741 2529 vocibus
1773 2472 1927 2530 dissi-

357 2563 648 2625 mulantes,
676 2564 1072 2620 circumventis
1092 2579 1123 2619 a
1148 2579 1207 2618 se
1234 2563 1545 2619 hominibus
1568 2563 1781 2621 facilius
1804 2565 1924 2619 illii-

355 2650 487 2706 dant
514 2671 525 2706 :
561 2668 671 2723 quo
700 2654 917 2723 quidem
952 2662 1132 2724 pacto,
1162 2666 1219 2709 ut
1253 2653 1469 2726 Pyrrhae
1495 2656 1823 2710 vocabulum
1849 2656 1926 2710 iti-

358 2743 712 2811 terpretando
758 2743 1068 2807 redderent,
1115 2742 1293 2799 Noria:
1330 2745 1747 2815 appellationem
1790 2745 1925 2801 indi-

356 2838 569 2889 derunt.
600 2834 731 2889 Nam
763 2852 885 2891 cum
923 2853 1061 2891 nura
1096 2838 1237 2908 apud
1278 2837 1530 2894 Hebraeos
1581 2839 1771 2910 ignem,
1814 2852 1921 2892 non

354 2925 443 2979 illa
485 2926 707 2996 quidem
747 2928 1046 2983 secretiore
1078 2929 1284 2999 lingua,
1318 2929 1412 2984 sed
1454 2928 1676 3001 Syriaca
1720 2929 1925 3000 signiti-

2033 1833 2347 1897 πλάττουσι,
2409 1835 2628 1906 Νωρίαν
2658 1836 2779 1890 τινά
2824 1836 3004 1907 βίϐλον
3041 1839 3351 1905 καλοῦντες,
3398 1844 3495 1898 καὶ
3548 1845 3608 1910 ἐξ

2032 1924 2284 1989 ὑπονοίας
2324 1924 2642 1997 Ἑλληνικῆς
2701 1929 3123 2001 δεισιδαιμονίας
3188 1936 3607 2004 μεταποιοῦντες

2027 2016 2129 2088 τὴν
2154 2019 2283 2089 παρ’
2310 2018 2493 2081 αὐτοῖς
2538 2021 2650 2083 τοῖς
2684 2019 2909 2091 Ἕλλησι
2944 2020 3161 2093 μυθώδη
3212 2023 3486 2094 ῥαψῳδίαν
3513 2027 3607 2078 καὶ

2029 2109 2352 2179 φαντασίαν,
2412 2109 2554 2163 οὔτω
2599 2110 2659 2164 τὸ
2700 2109 2892 2180 ψεῦδος
2948 2114 3015 2183 τῇ
3059 2113 3285 2186 ἀληθείᾳ
3323 2115 3604 2188 παραπλέ-

2028 2215 2204 2256 κουσι.
2239 2200 2456 2269 Ταύτην
2487 2200 2596 2271 γάρ
2650 2217 2783 2270 φασι
2816 2200 2914 2271 τὴν
2945 2202 3165 2273 Νωρίαν
3201 2199 3337 2257 εἶναι
3367 2204 3457 2257 τοῦ
3482 2205 3603 2258 Νῶε

2028 2293 2277 2360 γυναῖκα.
2310 2290 2550 2345 Καλοῦσι
2593 2290 2651 2345 δὲ
2683 2291 2923 2363 Νωρίαν,
2976 2292 3122 2356 ὅπως
3165 2292 3231 2346 τά
3279 2293 3605 2364 Ἑλληνικῶς

2029 2382 2179 2454 παρά
2218 2384 2330 2446 τοῖς
2379 2381 2604 2452 Ἕλλησι
2645 2382 3034 2454 ῥαψῳδηθέντα
3065 2366 3220 2436 αὐτοὶ
3245 2383 3601 2456 βαρϐαρικοῖς

2026 2472 2252 2543 ὀνόμασι
2302 2474 2786 2544 μεταποιήσαντες,
2862 2476 2975 2538 τοῖς
3032 2476 3405 2546 ὴπατημένοις
3473 2477 3600 2547 παρ’

2026 2563 2205 2617 αὐτῶν
2239 2563 2538 2633 φαντασίαν
2570 2564 2931 2635 ἐργάσωνται,
2950 2565 3037 2619 ἵνα
3063 2565 3128 2637 δὴ
3158 2550 3279 2620 καθ’
3308 2566 3601 2637 ἑρμηνείαν
3651 2569 3659 2577 ”

2026 2656 2293 2726 ποιήσωσι
2318 2655 2378 2708 τὸ
2422 2655 2523 2725 τῆς
2555 2655 2776 2728 Πύρρας
2806 2655 2999 2728 ὄνομα,
3032 2657 3257 2727 Νωρίαν
3296 2656 3453 2712 τοῦτο
3482 2659 3597 2711 ὀνο-

2027 2746 2305 2816 μάζοντες.
2385 2745 2603 2817 Ἐπειδὴ
2652 2745 2762 2817 γάρ
2810 2745 2979 2818 νουρά
3018 2746 3128 2817 (69)
3162 2750 3220 2801 ἐν
3260 2751 3327 2820 τῇ
3361 2747 3598 2817 Ἐϐραΐδι

2024 2835 2139 2902 πῦρ
2191 2836 2250 2887 οὐ
2316 2834 2457 2888 κατὰ
2498 2838 2595 2908 τὴν
2630 2835 2850 2906 βαθεῖαν
2912 2837 3158 2907 γλῶσσαν
3218 2837 3599 2910 ἑρμηνεύεται,

2023 2926 2158 2979 ἀλλά
2216 2927 2309 2980 καὶ
2364 2927 2604 2999 Συριακῇ
2665 2927 2961 2996 διαλέκτῳ·
3013 2929 3186 3000 ήσαὺθ
3230 2930 3336 3001 γὰρ
3374 2930 3437 2984 τὸ
3482 2930 3598 2998 πῦρ

352 3024 471 3081 cct;
503 3016 709 3071 llebrzei
738 3019 1005 3087 siquidem
1050 3021 1219 3091 ignem
1269 3020 1460 3074 esauth
1505 3021 1808 3081 nominant,
1845 3020 1919 3074 illi

2027 3017 2173 3088 παρά
2212 3016 2478 3088 Ἑϐραίοις
2506 3018 2767 3082 καλεῖται,
2799 3020 2859 3073 οὐ
2900 3018 3037 3091 (69')
3069 3019 3209 3073 κατὰ
3243 3022 3341 3091 τὴν
3375 3020 3596 3091 βαθεῖαν

354 3122 464 3176 pra:
489 3109 705 3164 inscitia
725 3117 888 3180 atque
911 3112 1180 3181 imperitia
1211 3127 1275 3166 eo
1303 3112 1566 3168 vocabulo
1589 3121 1717 3168 sunt
1742 3114 1918 3168 abusi.

2027 3106 2303 3176 γλῶσσαν·
2360 3108 2550 3161 τούτου
2605 3109 2765 3180 χάριν
2840 3112 3022 3176 αὐτοῖς
3086 3112 3398 3184 συμϐέϐηκε
3460 3114 3598 3166 κατά

353 3201 519 3271 Atqui
546 3217 725 3272 neque
755 3201 959 3272 Pyrrha
1007 3204 1095 3256 illa
1136 3201 1447 3257 Graecorum
1480 3204 1753 3258 celebrata
1790 3205 1921 3259 scri-

351 3292 480 3361 ptis,
516 3307 692 3362 neque
734 3293 803 3346 ab
836 3292 947 3346 illis
977 3290 1207 3346 conﬁcta
1254 3278 1439 3353 Noria,
1486 3292 1578 3346 sed
1614 3292 1920 3348 Bartbenus

354 3382 543 3439 Noemi
579 3384 779 3453 conjux
816 3381 937 3437 fuit.
980 3382 1153 3437 Graeci
1186 3397 1312 3435 vero
1343 3380 1608 3453 Pyrrham
1642 3382 1921 3438 Deucalio-

352 3474 440 3529 nis
462 3488 687 3529 uxorem
712 3473 888 3527 fuisse
918 3480 1241 3527 memorant.
1268 3471 1407 3526 Tum
1433 3487 1655 3526 causam
1683 3472 1916 3529 ali‘erunt

351 3565 515 3620 iidem
546 3565 642 3628 illi,
676 3566 765 3634 qui
804 3562 1145 3617 Philistionis
1179 3564 1377 3618 mimos
1412 3563 1609 3617 iterum
1637 3564 1796 3620 nobis
1825 3566 1918 3619 nl:-

354 3656 599 3712 trudunt.
648 3656 785 3712 Cum
824 3656 992 3719 enim,
1039 3652 1315 3722 inquiunt,
1361 3652 1417 3707 in
1465 3667 1592 3708 arca
1634 3654 1745 3726 83
1793 3670 1916 3712 esse

425 3820 441 3850 ¹
483 3833 574 3890 γρ.
610 3816 897 3889 παρθένος.

349 3944 402 3989 et
422 3933 752 3991 exsecranda
784 3934 967 3990 nescio
991 3950 1111 3999 qua:
1151 3931 1912 4005 figmenta,ivelut_mysteria,

351 4006 646 4065 traderent,
691 4005 1027 4066 Γνωστικούς
1064 4020 1123 4061 se
1170 4003 1235 4058 ab
1285 4004 1550 4073 exquisita
1606 4003 1695 4056 illa
1734 4018 1914 4057 rerqu

349 4076 738 4131 altissimarum
796 4077 989 4129 notitia
1029 4074 1137 4129 dici
1170 4075 1477 4128 voluerunt.
1522 4073 1865 4141 Augustinus
1897 4088 1912 4127 :

352 4144 583 4198 Gnostici
611 4152 820 4210 propter
851 4144 1213 4198 excellentiam
1240 4144 1469 4197 scientia:
1496 4144 1574 4196 sic
1601 4158 1655 4195 se
1684 4141 1918 4210 appella-

350 4226 431 4267 tos
457 4228 588 4279 esse,
616 4212 692 4283 uel
725 4214 983 4281 appellari
1015 4214 1255 4283 debuisse
1285 4213 1601 4283 gloriantur.
1627 4211 1784 4283 Apud
1815 4211 1915 4283 So-

351 4291 578 4366 cratem,
614 4281 708 4361 lib.
754 4297 827 4345 tv,
867 4298 987 4366 cap.
1016 4282 1102 4363 18,
1137 4281 1804 4366 alias'gcﬂ',corrigetidus
1834 4281 1917 4366 in-

352 4362 583 4433 terpres,
614 4355 706 4431 qui
739 4351 885 4433 quod
911 4349 1171 4433 Evagrius
1209 4351 1276 4433 de
1306 4349 1767 4433 insigni-quodam
1801 4365 1917 4405 mo—
1948 4378 1992 4433 ι)

351 4420 527 4475 ηειὲιιο
548 4425 841 4490 scripserat
874 4421 942 4473 ad
970 4420 1189 4474 hlariam
1220 4421 1393 4490 laeum
1417 4421 1726 4490 habitante,
1750 4436 1919 4490 προσ-

348 4490 573 4575 οικεῖβξ
597 4487 735 4575 αὐτῇ
767 4490 1121 4575 μοναχὸς-τῆς
1163 4489 1513 4575 παρεμϐολῆς
1545 4487 1652 4542 τῶν
1691 4487 1923 4575 Γινωστι-

348 4561 461 4616 κῶν
485 4562 514 4614 ὁ
545 4559 942 4631 δοκιμώτατοςλ
980 4562 1052 4615 ita
1080 4559 1400 4631 ‘vcrtitrtn
1431 4559 1838 4631 eagmonacltus_
1856 4577 1921 4613 ex

348 4640 495 4686 secta
544 4627 912 4685 Gnosticorum
943 4631 1024 4685 vir
1059 4629 1473 4696 spectatissimus
1502 4628 1774 4683 habitavit.
1798 4627 1920 4683 Fal-

350 4702 500 4757 litur.
534 4700 717 4771 Neque
753 4701 896 4757 enim
939 4717 1001 4755 ex
1037 4710 1145 4753 tam
1186 4702 1396 4771 impura
1442 4710 1589 4771 secta
1633 4698 1920 4771 laudabilis

349 4786 416 4826 ac
460 4768 663 4841 probus
711 4772 977 4826 exsistere
1024 4768 1327 4841 monachus
1372 4770 1579 4841 potuit;
1619 4785 1805 4841 neque
1853 4768 1921 4841 de

347 4839 640 4897 virtutibus
664 4849 773 4895 tam
795 4842 1062 4909 exquisite
1082 4839 1382 4908 disputare.
1409 4840 1589 4909 Quare
1615 4839 1920 4901 Γνωστικός

348 4911 534 4968 eodem
560 4928 724 4967 sensu
746 4927 855 4981 quo
876 4907 1126 4981 Clemens
1147 4907 1279 4981 usus
1300 4918 1403 4972 est,
1429 4918 1481 4964 et
1499 4907 1761 4981 Evagrius
1781 4911 1916 4977 ipse,

351 4983 444 5051 qui
480 4982 675 5035 librum
706 4978 778 5035 eo
800 4982 1017 5035 nomine
1048 4980 1419 5051 inscripserat,
1448 4978 1795 5051 accipiendos
1813 4986 1916 5042 est,

352 5048 543 5119 nempe
560 5054 588 5103 ὁ
620 5051 972 5115 καταξιωθεὶς
988 5048 1375 5121 τῆς-γνώσεως,
1404 5049 1597 5121 eximia
1617 5050 1918 5121 divinarum

351 5118 527 5174 rerum
556 5121 771 5173 scientia
787 5118 1059 5188 prwditus'.
1084 5119 1264 5174 Redeo
1283 5119 1347 5172 ad
1367 5119 1599 5173 haeresin
1626 5118 1917 5172 Gnostico-

352 5206 495 5253 rum,
539 5204 659 5258 quae
690 5205 808 5259 Anon
850 5206 956 5244 una
1006 5190 1350 5259 simplexque
1384 5189 1506 5250 fuit,
1545 5188 1640 5259 sed
1679 5188 1917 5259 universi

350 5260 484 5324 fere,
510 5257 647 5329 quos
672 5257 964 5329 fabulones
997 5257 1337 5329 Augustinus
1365 5271 1522 5313 vocat
1552 5276 1566 5312 :
1605 5257 1827 5329 Quique,
1859 5267 1919 5310 ut

351 5330 493 5384 idem
526 5327 622 5390 ait,
655 5327 867 5399 fabulas
897 5327 1307 5399 vanam—easque
1345 5328 1529 5397 longas
1558 5337 1608 5381 et
1644 5327 1918 5395 perplexas

349 5406 726 5453 contexuerunt
752 5438 766 5462 ,
803 5396 1185 5468 Gnosticorum
1216 5396 1572 5468 appellatione
1601 5405 1913 5468 censentur.

353 5468 706 5537 Epiphanius.
738 5467 878 5521 infra
925 5468 1055 5522 hazr.
1112 5467 1391 5523 xxxi’sub
1443 5467 1688 5530 initium,
1730 5467 1917 5520 decem

350 5536 731 5591 (iniusticorum
774 5552 971 5607 genera
1007 5539 1156 5599 facit,
1208 5553 1239 5590 a
1287 5537 1508 5592 totidem
1551 5537 1765 5590 illorum
1794 5551 1920 5605 pro-

349 5612 541 5676 pagata
564 5607 813 5667 ducibus,
838 5622 976 5676 quos
1006 5608 1203 5676 partim
1239 5607 1568 5676 eodemgillo
1615 5607 1755 5668 loco,
1795 5621 1918 5676 par—

351 5673 662 5730 tiinhteresi
689 5673 947 5732 xxviiin.
994 5673 1046 5743 ἱ,
1082 5688 1384 5747 percenset.
1438 5674 1578 5730 Sunt
1623 5673 1811 5731 autent
1837 5675 1915 5744 hi,

2025 3198 2247 3266 ἄγνοιαν
2283 3199 2373 3251 καὶ
2434 3201 2690 3270 ἀπειρίαν
2713 3200 2788 3272 τῷ
2814 3202 3035 3272 ὀνόματι
3071 3203 3243 3273 τούτῳ
3275 3203 3593 3274 κεχρῆσθαι.

2026 3287 2162 3343 Οὔτε
2196 3288 2305 3359 γὰρ
2344 3289 2533 3361 Πύρρα
2578 3293 2611 3361 ή
2647 3292 2774 3363 παρ’
2816 3291 3093 3360 Ἕλλησιν,
3145 3291 3268 3352 οὔτε
3319 3292 3507 3363 Νωρία
3563 3295 3597 3362 ἡ

2028 3379 2176 3450 παρά
2203 3380 2414 3443 τούτοις
2454 3380 2814 3453 μυθευομένη,
2846 3382 2980 3437 ἀλλά
3009 3382 3290 3455 Βαρθενὼς
3323 3383 3338 3414 ί
3364 3382 3441 3453 τῷ
3472 3384 3595 3437 Νῶε

2023 3470 2212 3539 γέγονε
2232 3473 2392 3543 γυνή.
2432 3474 2539 3526 Καὶ
2577 3473 2628 3525 οἱ
2655 3474 2916 3545 Ἕλληνες
2953 3476 3069 3548 γάρ,
3092 3454 3225 3545 (pact.
3266 3475 3363 3547 τὴν
3388 3478 3591 3529 Δευκα-

2022 3564 2211 3628 λίωνος
2238 3568 2470 3634 γυναῖκα
2516 3566 2736 3638 Πύρραν
2785 3567 3085 3623 καλεῖσθαι.
3120 3564 3253 3621 Εἶτα
3296 3569 3395 3640 τὴν
3420 3568 3593 3622 αἰτίαν

2024 3656 2365 3713 ὑποτίθενται
2400 3650 2545 3712 οὗτοι
2601 3661 2649 3711 ot
2705 3658 2773 3712 τά
2812 3658 2907 3713 τοῦ
2936 3660 3281 3725 Φιλιστίωνος
3324 3661 3436 3733 (70)
3467 3663 3595 3734 ἡμῖν

2023 3929 2233 3993 Simon,
2282 3927 2594 3993 Menander,
2630 3927 2958 3995 Satnrnilus,
2998 3926 3282 3990 Basilides,
3318 3926 3594 3996 Nicolaus,

2017 4000 2397 4068 Carpocrates,
2432 3998 2771 4065 Valentinus,
2801 3999 3151 4062 Colorbasus,
3185 3998 3509 4056 Ptolemaeus
3542 4013 3597 4057 et

2020 4068 2327 4125 Secundus.
2367 4069 2619 4124 Clemens
2662 4070 3085 4130 Alexandrinus,
3130 4069 3225 4124 lib.
3260 4084 3321 4122 ιιι
3368 4070 3596 4136 Strom.,

2018 4139 2169 4211 addit
2192 4147 2245 4194 et
2271 4137 2582 4211 Prodicum.
2620 4136 3004 4211 Verum‘certa
3041 4139 3286 4209 quaedam
3337 4155 3401 4195 ac
3436 4156 3601 4211 pecu-

2016 4209 2347 4281 liarissecta
2378 4209 2496 4281 fuit,
2522 4222 2641 4281 quae
2662 4209 2780 4281 _sibi
2819 4208 3202 4281 Gnosticdruut
3247 4208 3452 4281 nomen
3483 4227 3595 4281 pra:

2017 4279 2228 4350 caeteris
2269 4278 2599 4350 vindicavit;
2645 4278 2713 4333 de
2761 4280 2959 4350 quibus
3008 4280 3110 4350 hoc
3152 4279 3208 4331 in
3255 4280 3433 4349 capite
3482 4278 3595 4350 agit

2017 4347 2351 4418 Epiphanius
2376 4387 2391 4410 ,
2422 4354 2486 4418 et
2511 4348 2603 4401 alii
2644 4350 2735 4417 qui
2776 4347 2843 4403 de
2867 4347 3177 4418 'lncresibus
3227 4347 3592 4418 scripserunt,

2021 4414 2079 4489 in
2117 4414 2416 4489 primisque
2444 4414 2863 4489 Tertulli-anum,
2895 4419 2986 4489 qui
3016 4414 3367 4489 Scorpiacunj
3404 4430 3593 4475 contra

2020 4486 2307 4560 Gnosticos
2333 4487 2742 4560 edidi_t;__qnam
2786 4486 3001 4560 quidem
3049 4489 3279 4560 haeresin
3327 4486 3593 4560 Hierony-

2020 4573 2142 4613 mus
2189 4556 2389 4611 Contra
2420 4555 2777 4627 Vigilantiam
2804 4555 3066 4613 scribens
3113 4558 3373 4625 Cajanam
3411 4555 3592 4614 vocat.

2090 4627 2202 4698 (69)
2249 4626 2644 4698 Ἐπειδὴγὰρ
2689 4626 2895 4698 νουρά.
2940 4635 3067 4698 87m
3122 4629 3366 4681 Aramaea
3410 4628 3595 4698 lingua

2018 4694 2188 4768 ignem
2222 4697 2512 4768 signiﬁcat.
2543 4694 2701 4762 Quod
2743 4694 2922 4750 autem
2968 4694 3173 4752 Jntlzeis
3206 4705 3328 4767 post
3358 4694 3592 4768 capti-vi-

2020 4766 2185 4823 tatem
2219 4766 2510 4820 familiaris
2541 4783 2605 4820 ac
2634 4768 2915 4837 popularis
2943 4768 3125 4837 lingua
3159 4766 3382 4837 Sj‘i-iaca
3412 4766 3546 4837 foret
3577 4788 3591 4823 :

2019 4851 2295 4937 1999."???
2322 4834 2648 4937 salutata
2664 4834 2866 4937 "esse.
2889 4866 3011 4937 sive
3028 4834 3092 4904 ἐι
3130 4834 3496 4937 omnia”
3512 4852 3596 4905 di-

2017 4919 2591 4991 citur,sed_co_mmuni
2614 4919 2679 4972 ac
2695 4919 2901 4990 vulgari
2922 4923 3063 4974 idem
3082 4936 3205 4991 esse
3221 4919 3383 4988 quod'
3414 4921 3592 4991 ignem

2018 4990 2253 5061 asserit.
2293 4988 2523 5061 Βαθεῖαν
2552 4997 2747 5061 autem
2796 4988 3035 5061 linguam
3078 4988 3595 5061 alludeltsad‘Eze-

2018 5060 2211 5115 chielis
2246 5060 2422 5112 locum
2453 5059 2611 5122 dixit,
2649 5060 2739 5129 qui
2771 5058 3014 5129 estcap.
3068 5076 3151 5121 ιιι.
3182 5060 3216 5114 5
3247 5077 3260 5113 :
3298 5058 3419 5113 Non
3453 5062 3594 5114 enim

2020 5130 2091 5210 ad_
2127 5130 2397 5210 popula-nt
2431 5130 2686 5210 profundi
2723 5131 2980 5210 sermonis
3010 5140 3057 5183 et
3093 5131 3507 5210 igirotce‘lingua:
3539 5141 3597 5184 tu

2020 5197 2266 5254 mitteris.
2303 5197 2568 5270 Hebraica
2604 5200 2787 5270 lingua
2816 5210 2909 5259 um
2941 5197 3434 5270 ignemjsignilica't,
3458 5201 3596 5255 Ara-

2019 5284 2153 5340 maea
2202 5268 2730 5340 κητΰισιηριιείνοιεο
2763 5268 3030 5340 ignem‘a
3080 5268 3285 5340 Noejno
3337 5280 3594 5323 vocatum

2018 5338 2254 5394 Berosus
2279 5338 2535 5409 prodidit.
2559 5339 2736 5409 Atque
2759 5337 2884 5396 inde
2902 5340 3155 5406 fortassis
3175 5337 3348 5394 Graeci
3381 5340 3596 5403 Ἑστίας

2018 5408 2295 5479 originem
2313 5408 2676 5479 deduxerunt.
2718 5477 2727 5479 μ
2882 5451 2932 5479 ί,

2088 5477 2226 5546 (69')
2266 5479 2340 5546 oo
2370 5478 2511 5533 forte
2540 5477 2848 5534 delendum.
2881 5478 3039 5534 Eon.
3070 5477 3311 5532 ΡΑτιιοι..

2088 5544 2199 5618 (70)
2220 5544 2395 5618 Οὗτοι
2418 5548 2491 5602 τὰ
2518 5547 2623 5602 τοῦ
2648 5550 3056 5614 Φιλιστίωνος.
3086 5548 3309 5602 Hieron.
3344 5546 3497 5618 Apol.
3526 5562 3587 5610 ιι,

2019 5616 2159 5688 cont.
2182 5618 2303 5688 ltuf.
2325 5616 2391 5671 Et
2406 5621 2559 5688 quasi
2576 5621 2791 5673 mimum
2808 5618 3161 5685 Philistionis,
3184 5619 3263 5672 vel
3280 5616 3510 5678 Lentuli,
3531 5633 3598 5669 ac

2018 5687 2243 5743 Marulli
2279 5687 2546 5756 stropham
2595 5690 2817 5760 eleganti
2863 5705 3099 5745 sermone
3139 5691 3438 5759 conﬁctam,
3484 5696 3595 5743 (te.
