3960 6130
400 323 505 383 553

997 320 1368 378 ADVERSUS
1399 320 1740 378 HIERESES
1777 318 1886 375 LIB
1923 320 1960 376 Ι.

2080 317 2167 374 lM.
2205 318 2270 374 ll.
2299 349 2361 361 —
2404 319 2677 376 ΗίΕΒΕδ.
2710 317 2896 375 XXVI.

3547 320 3651 376 ΞΜ

399 440 555 505 αὖθις
581 442 1030 513 προσφερόμενοι,
1063 443 1168 506 ὃτι,
1203 441 1459 506 πολλάκις
1494 441 1791 514 βουλομένῃ
1839 441 1974 511 μετὰ

2080 454 2203 494 cum
2229 440 2434 496 Noemo
2453 449 2698 511 cuperet,
2727 454 3008 511 nunquam
3035 438 3086 494 id
3110 437 3159 495 ei
3186 438 3513 509 permissum
3536 444 3653 504 est;

396 532 494 586 τοῦ
549 531 672 585 Νῶε
727 534 785 584 ἐν
817 535 883 604 τῇ
941 531 1158 604 κιϐωτῷ
1186 532 1461 601 γενέσθαι,
1484 534 1545 587 οὐ
1593 533 1970 606 συνεχωρεῖτο,

401 623 492 678 τοῦ
521 624 799 696 ἄρχοντος,
838 624 992 693 φασὶ,
1025 625 1118 678 τοῦ
1156 623 1248 679 τὸν
1282 624 1487 696 κόσμον
1527 624 1813 687 κτίσαντος
1848 622 1971 694 βου-

399 714 626 787 λομένου
665 714 834 786 αὐτὴν
864 713 1128 770 ἀπολέσαι
1180 715 1277 768 σὺν
1328 717 1439 778 τοῖς
1467 713 1646 778 ἄλλοις
1679 714 1881 768 ἅπασιν
1915 715 1974 766 ἐν

399 806 476 878 τῷ
534 805 925 877 κατακλυσμῷ.
972 807 1151 878 Αὐτὴν
1193 806 1253 861 δέ
1289 823 1451 876 φασιν
1483 805 1887 871 ἐπικαθιζάνειν
1918 808 1975 858 ἐν

399 899 464 967 τῇ
495 896 747 968 λάρνακι,
780 897 875 952 καὶ
891 899 1174 969 ὲμπιπρᾷν
1203 897 1372 968 αὐτὴν
1401 897 1498 968 οὐχ
1518 897 1686 962 ἅπαξ,
1715 896 1837 951 οὐδέ
1869 897 1972 961 δἰς,

399 986 536 1040 ἀλλὰ
574 986 854 1050 πολλάκις,
902 986 997 1040 καί¹
1030 987 1264 1057 πρῶτον,
1297 985 1391 1040 καὶ
1421 984 1691 1057 δεύτερον,
1736 984 1830 1039 καὶ
1859 984 1977 1057 τρί-

398 1097 512 1134 τον.
547 1078 711 1133 Ὅθεν
756 1078 822 1150 δὴ
871 1081 951 1143 εἰς
978 1077 1073 1148 ἔτη
1098 1077 1270 1133 πολλὰ
1307 1078 1571 1149 ἐλήλακεν
1611 1078 1645 1149 ἡ
1678 1078 1778 1148 τῆς
1799 1075 1974 1130 ἀὑτοῦ

399 1172 493 1226 τοῦ
521 1170 642 1224 Νῶε
676 1170 942 1242 λάρνακος
968 1170 1301 1240 κατασκευὴ.
1330 1170 1424 1223 διὰ
1443 1169 1503 1223 τὸ
1529 1169 1787 1232 πολλάκις
1806 1169 1976 1241 αὐτὴν

402 1264 493 1318 ὑπ’
549 1263 722 1333 αὐτῆς
772 1261 1182 1333 ἐμπεπρῆσθαι.
1215 1257 1324 1315 ’Ἦν
1373 1260 1504 1333 γὰρ,
1562 1260 1747 1330 φασὶν,
1789 1262 1818 1314 ὁ
1853 1260 1976 1314 Νῶε

400 1355 722 1426 πειθόμενος
751 1353 830 1424 τῷ
867 1352 1119 1424 ἄρχοντιο
1157 1356 1190 1425 ή
1230 1352 1285 1406 δὲ
1317 1354 1508 1424 Νωρία
1538 1351 1855 1422 ἀπεκάλυψε
1877 1352 1976 1416 τάς

398 1448 512 1502 άνω
556 1447 814 1517 δυνάμεις
852 1447 947 1500 καί.
978 1446 1075 1517 τὴν
1120 1445 1229 1498 ἀπὸ
1265 1443 1372 1498 τῶν
1399 1444 1681 1515 δυνάμεων
1712 1443 1979 1516 Βαρϐηλὼ

398 1540 498 1613 τὴν
515 1538 836 1593 ὑπεναντίαν
859 1537 936 1608 τῷ
962 1536 1201 1608 ἄρχοντι,
1219 1536 1296 1600 ὡς
1315 1536 1410 1589 καὶ
1438 1536 1493 1590 αἰ
1517 1535 1673 1588 ἄλλαι
1696 1534 1973 1605 δυνάμεις

400 1632 496 1685 καὶ
528 1631 840 1699 ὑπέφαινεν,
865 1631 947 1683 ὅτι
968 1629 1032 1700 δὴ
1062 1631 1075 1660 ¹
1099 1629 1166 1682 τὰ
1191 1626 1490 1699 συληθέντα
1516 1626 1624 1680 άπὸ
1643 1627 1744 1696 τῆς
1771 1627 1977 1682 ἄνωθεν

403 1721 607 1793 μητρὸς
636 1719 725 1774 διὰ
746 1718 839 1773 τοῦ
863 1720 1117 1791 ἄρχοντος
1141 1717 1235 1771 τοῦ
1252 1719 1342 1771 τὸν
1366 1717 1573 1789 κόσμον
1595 1717 1974 1788 πεποιηκότος,

2075 530 2222 600 quod
2252 545 2374 586 eam
2415 532 2670 602 princeps
2702 532 2891 586 mundi
2919 531 3170 586 conditor
3198 545 3305 586 una
3344 546 3470 584 cum
3499 538 3653 585 mute-

2074 622 2154 677 ris
2202 624 2461 679 omnibus
2510 623 2722 679 diluvio
2753 624 2917 679 vellet
2958 625 3328 695 exstinguere.
3367 622 3509 694 Ergo
3538 623 3652 687 lucc

2076 714 2325 771 insidens
2350 730 2494 774 arae
2535 731 2646 771 non
2690 716 2859 772 semel
2898 731 2962 772 ac
3001 716 3263 779 secundo,
3303 715 3398 771 sed
3429 715 3651 786 saepius.

2076 807 2323 877 adeoque
2353 807 2518 861 tertio
2568 807 2716 860 illam
2768 805 3032 861 incendit.
3066 804 3184 872 Quo
3221 806 3423 861 factum
3452 813 3557 870 est,
3593 814 3653 860 ut

2076 896 2143 952 ad
2173 897 2485 967 complures
2523 912 2698 952 annos
2728 912 2757 951 a
2798 896 3006 953 Noemo
3044 897 3161 951 lure
3193 912 3334 953 arca:
3374 905 3652 953 structura

2074 999 2365 1060 prorogata
2399 989 2585 1052 fuerit,
2631 1004 2758 1044 cum
2786 990 2856 1043 ab
2886 989 2977 1044 illa
3017 990 3221 1060 saepius
3257 998 3405 1045 esset
3433 996 3650 1044 exusta.

2078 1083 2358 1154 Siquidem
2394 1083 2632 1139 Noemus
2660 1083 2897 1154 principi
2928 1098 2988 1140 se
3015 1084 3408 1154 obsequentem
3436 1091 3656 1152 praesta-

2076 1160 2199 1241 bat;
2220 1174 2386 1230 Noria
2411 1190 2542 1231 vero
2565 1191 2796 1242 superas
2822 1176 3073 1242 virtutes,
3093 1185 3148 1231 et
3170 1177 3239 1231 ab
3260 1176 3328 1231 iis
3353 1164 3653 1245 profectam

2076 1266 2438 1324 Barbelonem
2490 1269 2728 1339 principi
2777 1271 3111 1323 contrariam
3154 1268 3440 1330 indicavit.
3471 1281 3658 1337 quem-

2077 1360 2372 1417 admodum
2400 1367 2455 1416 et
2490 1361 2612 1416 aliae
2650 1360 2829 1416 fecere
2857 1360 3092 1415 virtutes
3120 1379 3134 1414 :
3162 1367 3327 1429 atque
3352 1358 3486 1413 illud
3520 1372 3657 1428 pra:-

2080 1459 2227 1508 terea
2272 1453 2505 1509 docuit:
2558 1460 2813 1524 oportere
2861 1467 2984 1522 quae
3034 1465 3306 1522 supremae
3358 1449 3579 1505 Parenti
3623 1463 3656 1502 a

2079 1542 2366 1599 conditore
2399 1544 2589 1599 mundi
2619 1542 2892 1615 principe,
2926 1558 2992 1598 ac
3030 1542 3258 1612 reliquis
3285 1544 3376 1612 qui
3421 1557 3546 1596 cum
3588 1555 3655 1595 eo

2081 1640 2212 1688 sunt
2243 1633 2349 1689 diis
2382 1642 2547 1705 atque
2574 1635 2805 1706 angelis,
2835 1642 2890 1690 et
2923 1634 3264 1690 daemonibus
3293 1640 3478 1704 erepta
3503 1640 3652 1696 sunt,

2082 1742 2149 1781 ex
2184 1725 2349 1781 insita
2379 1740 2675 1796 corporum
2723 1728 2773 1781 vi
2816 1742 2921 1797 per
2963 1727 3199 1782 marium
3235 1741 3299 1783 ac
3327 1726 3652 1781 feminarum

402 1815 499 1870 καί.
530 1813 639 1867 τῶν
661 1812 836 1868 ἄλλων
881 1812 991 1866 τῶν
1027 1813 1124 1866 σὺν
1155 1810 1304 1883 αὐτῷ
1328 1810 1467 1864 θεῶν
1498 1808 1557 1864 τε
1605 1810 1700 1864 καὶ
1731 1810 1975 1879 ἀγγέλων

2083 1815 2344 1885 proﬂuvia
2369 1817 2643 1887 colligere.

403 1909 498 1963 καί.
552 1906 823 1978 δαιμόνων
888 1904 1161 1975 συλλέγειν
1216 1904 1325 1959 άπὸ
1368 1905 1468 1976 τῆς
1517 1905 1574 1957 ἐν
1645 1905 1759 1968 τοῖς
1817 1904 2030 1976 σώμασι
2064 1910 2343 1982 δυνάμεως
2382 1910 2474 1965 διὰ
2517 1911 2618 1982 τῆς
2663 1912 2962 1984 ἀπορροίας
3017 1909 3261 1983 ἀρρένων
3290 1922 3351 1961 τε
3391 1907 3487 1963 καὶ
3551 1905 3654 1977 θη-

400 1997 578 2053 λειῶν.

471 2112 547 2165 B'.
590 2110 702 2165 Καὶ
759 2109 943 2175 ἁπλῶς
975 2106 1260 2181 περικακῶ
1300 2108 1399 2179 τὴν
1429 2109 1609 2162 πᾶσαν
1636 2106 1839 2161 τούτων
1882 2106 1975 2160 τοῦ

405 2203 629 2265 σκότους
673 2201 920 2273 πήρωσιν
970 2198 1353 2253 ὑποδεικνύων.
1422 2197 1598 2252 Πολὺν
1643 2198 1753 2269 γὰρ
1789 2196 1976 2270 χρόνον

402 2290 745 2361 άναλώσαιμι
789 2290 877 2354 ἂν,
910 2291 957 2342 εἰ
991 2287 1243 2342 ἐνταῦθεν
1280 2288 1380 2357 τὴν
1410 2288 1538 2361 περί
1592 2288 1798 2341 τούτων
1827 2304 1978 2356 γενο-

407 2384 576 2455 μένην
635 2382 885 2446 σύνταξιν
944 2381 1187 2451 ἐθελήσω
1241 2379 1658 2450 λεπολογῆσαι,
1687 2380 1757 2433 τά
1800 2378 1978 2434 ἄτοπα

401 2476 580 2532 αὐτῶν
638 2476 736 2546 τῆς
784 2472 1132 2545 ψευδωνύμου
1185 2471 1439 2542 γνώσεως
1503 2470 1807 2543 διδάγματα
1854 2471 1974 2525 καθ’

402 2570 638 2640 ἑκάστην
676 2565 1067 2638 ὑφηγούμενος.
1103 2563 1286 2617 Ἀλλοι
1307 2562 1363 2618 δὲ
1392 2562 1451 2628 ἐξ
1482 2562 1682 2629 αὐτῶν,
1707 2562 1981 2634 διαφόρως

404 2660 563 2715 πάλιν
598 2656 1055 2728 ἐπεντριὸόμενοι,
1090 2655 1186 2719 τάς
1219 2672 1277 2707 τε
1305 2653 1455 2724 ὄψεις
1491 2652 1671 2708 αὐτῶν
1701 2654 1720 2684 ¹
1755 2653 1976 2725 κρούον-

400 2770 510 2817 τες,
548 2751 640 2805 καὶ
668 2747 1143 2821 περικρουόμενον,
1182 2745 1508 2816 Βαρκαὸ6ἄν
1540 2762 1662 2799 τινα
1690 2745 1974 2816 προφήτην

401 2842 844 2915 παρεισάγουσιν,
901 2839 1048 2905 ἄξιον
1101 2835 1193 2890 τοῦ
1245 2836 1425 2891 αὐτῶν
1467 2836 1745 2907 ὀνόματος.
1779 2835 1976 2889 Καὸϐἆ

399 2937 509 3008 γὰρ
545 2935 906 3007 ἑρμηνεύεται
966 2932 1078 3004 (7i)
1113 2929 1359 2999 πορνεία
1405 2928 1544 2983 κατὰ
1582 2928 1679 3001 τὴν
1704 2928 1976 3000 Συριακὴν

399 3029 699 3091 διάλεκτον,
732 3025 1092 3096 ρονοκτονία
1124 3023 1182 3078 δὲ
1222 3022 1361 3077 κατὰ
1387 3023 1487 3094 τὴν
1515 3020 1829 3093 Ἑϐραῖκήν.
1865 3022 1976 3075 Καὶ

2149 2104 2213 2160 ll.
2244 2106 2443 2177 Atque,
2477 2116 2536 2165 ut
2557 2125 2666 2165 uno
2690 2110 2862 2167 verbo
2894 2109 3095 2178 dicam,
3129 2110 3276 2181 piget
3310 2125 3397 2168 me
3425 2126 3647 2168 omnem

2076 2194 2294 2250 illorum
2364 2199 2633 2255 caecitatis
2695 2200 2984 2271 caliginem
3050 2201 3307 2257 oratione
3373 2205 3653 2273 persequi.

2080 2286 2309 2343 Multum
2339 2291 2483 2345 enim
2519 2292 2909 2348 insumendum
2932 2294 3038 2349 erit
3059 2294 3343 2365 temporis,
3373 2297 3418 2352 si
3444 2297 3655 2353 univer-

2079 2393 2196 2433 sam
2236 2381 2430 2436 horum
2470 2380 2851 2453 ﬁgmentorum
2891 2384 2961 2439 ab
3008 2385 3117 2441 illis
3156 2386 3541 2445 concinnatam
3575 2406 3654 2446 se-

2083 2470 2216 2524 riem
2239 2470 2344 2525 hoc
2367 2472 2490 2526 loco
2515 2473 2833 2545 diligentius
2854 2474 3131 2545 explicare
3157 2477 3409 2543 voluero,
3433 2487 3488 2535 et
3510 2496 3652 2536 com-

2084 2560 2347 2616 mentitiaa
2379 2561 2596 2617 illorum
2632 2564 2962 2634 cognitionis
3005 2566 3244 2622 absurda
3295 2568 3550 2640 dogmata
3588 2573 3656 2629 si-

2082 2651 2310 2720 gillatim
2368 2665 2695 2725 proponere.
2743 2654 2849 2710 Alii
2897 2670 3061 2727 porro
3107 2658 3258 2716 varie
3316 2660 3386 2715 ab
3434 2661 3544 2716 illis
3586 2664 3655 2717 ad

2081 2755 2425 2800 communem
2459 2746 2756 2816 perniciem
2786 2749 2989 2815 exorti,
3026 2756 3081 2805 et
3120 2750 3450 2808 intuentium
3479 2755 3655 2810 oculis

2083 2834 2374 2905 praestigiis
2421 2836 2736 2905 illudentes,
2777 2849 2832 2895 et
2878 2840 3099 2911 ipsimet
3145 2842 3292 2898 illusi
3335 2843 3654 2899 Barcabban

2081 2925 2268 2980 nescio
2301 2941 2462 2996 quem
2492 2929 2813 3000 prophetam
2844 2931 3131 3001 objiciunt,
3165 2949 3264 2990 sua
3297 2936 3389 2991 illa
3424 2939 3655 3008 appella-

2082 3016 2230 3073 tione
2266 3018 2514 3090 dignum.
2545 3020 2729 3077 Cabba
2757 3023 2903 3078 enim
2941 3022 3167 3095 Syriaca
3190 3026 3374 3099 lingua
3411 3039 3654 3099 stuprum

400 3119 927 3193 πάλινέρμηνεύεται
949 3116 1195 3185 τετάρτη
1207 3117 1384 3186 jtol'pa
1399 3114 1493 3168 τοῦ
1523 3114 1743 3185 μέτρου.
1765 3113 1975 3183 Χλεύης

2080 3108 2385 3178 signiﬁcat;
2430 3110 2696 3168 llebraice
2752 3114 3123 3179 parricidium.
3161 3116 3268 3174 Sed
3303 3127 3358 3175 et
3395 3137 3655 3177 mensum

399 3214 457 3267 δέ
487 3212 580 3265 καὶ
606 3211 837 3280 γέλωτος
875 3209 936 3263 τὸ
981 3206 1240 3272 τοιοῦτον,
1284 3202 1482 3278 μᾶλλον
1519 3205 1576 3259 δὲ
1620 3204 1976 3277 σχετλιασμοῦ

400 3306 548 3371 ἄξιον
575 3304 728 3375 παρὰ
771 3305 884 3366 τοῖς
932 3300 993 3355 τὺ
1029 3301 1200 3372 ὄνομα
1233 3300 1390 3353 τοῦτο
1420 3297 1803 3368 ἐπισταμένοις
1837 3296 1980 3351 κατὰ

398 3397 500 3462 τὰς
564 3397 699 3459 ἰδίας
748 3392 1019 3477 γλώσσας.
1050 3391 1279 3467 Φέρουσι
1324 3389 1380 3443 δὲ
1414 3391 1547 3461 ἡμῖν
1571 3389 1635 3441 ἐκ
1664 3386 1852 3441 τούτου
1882 3386 1976 3439 τοῦ

402 3488 853 3562 θαυμασιωτάτου
898 3486 1174 3558 προφήτου
1226 3485 1472 3555 διήγησιν
1525 3481 1788 3552 αἰσχράν,
1830 3482 1995 3543 ὅπως.

402 3581 747 3656 φθοριμαίοις
782 3577 996 3650 σώμασι
1043 3575 1342 3647 πλησιάσαι
1386 3572 1716 3643 πεισθῶμεν,
1749 3572 1842 3625 καί.
1882 3571 1979 3642 τῆς

399 3672 604 3730 ἄνωθεν
627 3671 839 3733 ἐλπίδος
864 3668 1205 3738 ἐκπέσωμεν,
1236 3666 1337 3720 οὐκ
1382 3663 1759 3734 αἰσχυνόμενοι
1796 3661 1980 3724 αὐτοῖς

400 3768 512 3828 τοῖς
542 3765 748 3836 ῥήμασι
780 3760 848 3815 τὰ
873 3762 972 3832 τῆς
1000 3759 1253 3830 πορνείας
1281 3756 1610 3830 διηγεῖσθαι,
1652 3755 1814 3810 πάλιν
1844 3757 1981 3827 ἐρω-

398 3857 527 3911 τικὰ
547 3856 648 3927 τῆς
681 3853 956 3927 Κύπριδος
981 3850 1374 3922 ποιητεύματα.
1420 3848 1605 3902 ’Λλλοι
1631 3847 1688 3901 δὲ
1711 3847 1769 3917 ἐξ
1800 3846 1980 3902 αὐτῶν

401 3949 562 4011 πάλιν
588 3946 917 4001 ἐπίπλαστον
932 3944 1240 4013 εἰσάγουσιν
1261 3941 1542 4012 άγὼγιμόν
1562 3959 1614 3995 τι
1643 3940 1854 4012 ποίημα
1868 3940 1978 4013 (72)

398 4034 445 4110 ᾧ
473 4037 833 4112 ποιητεύματι
869 4035 1125 4090 ἐπέθεντο
1162 4032 1364 4105 ὄνομα,
1396 4030 1726 4100 Εὑαγγέλιον
1762 4028 1982 4083 τελειώ-

403 4150 541 4196 σεως
578 4128 736 4186 τοῦτο
761 4130 1082 4200 φάσκοντες.
1117 4127 1228 4181 Καὶ
1258 4123 1475 4194 ἀληθῶς
1513 4123 1613 4177 οὐκ
1645 4121 1980 4191 Εὐαγγέλιον

401 4228 578 4292 τοῦτο,
615 4224 750 4281 ἀλλὰ
780 4222 1009 4286 πένθους
1033 4220 1330 4282 τελείωσις.
1365 4218 1522 4273 Πᾶσα
1550 4215 1659 4289 γάρ
1697 4217 1731 4288 ἡ
1758 4213 1853 4269 τοῦ
1887 4215 1981 4269 0a-

346 4300 349 4305 .
401 4318 562 4373 νάτου
588 4314 865 4377 τελείωσις
893 4314 950 4366 ἐν
971 4313 1036 4383 τῇ
1061 4310 1288 4382 τοιαύτῃ
1321 4307 1608 4378 ὑποσπορᾷ
1625 4303 1719 4360 τοῦ
1732 4303 1977 4359 διαϐόλου

401 4404 915 4480 ἐμφέρεται.“Λλλοι
943 4401 999 4454 δὲ
1030 4400 1131 4454 οὐκ
1151 4397 1496 4469 αἰσχύνονται
1523 4396 1773 4464 λέγοντες
1803 4394 1981 4462 Εὐαγ-

400 4498 580 4568 γέλιον
615 4496 777 4560 Εὖας.
804 4495 899 4558 Εἰς
925 4492 1095 4563 ὄνομα
1120 4489 1230 4562 γὰρ
1267 4489 1439 4560 αὐτῆς
1479 4485 1659 4559 δῆθεν,
1688 4486 1763 4551 ὡς
1788 4485 1981 4557 εὑρούο

400 4608 501 4662 σης
534 4588 594 4642 τὸ
622 4588 791 4658 δνομα
822 4586 920 4657 τῆς
952 4584 1203 4654 γνώσεως
1235 4580 1295 4646 ἐξ
1323 4578 1719 4647 ἀποκαλύψεως
1748 4577 1839 4631 τοῦ
1875 4577 1975 4630 λα-

396 4685 661 4756 λήσαντος
713 4681 851 4751 αὐτῇ
921 4677 1119 4747 ὄφεως,
1179 4674 1388 4746 σπορὰν
1431 4671 1795 4726 ὑποτίθενται.
1865 4669 1975 4724 Καὶ

396 4774 588 4847 ὥσπερ
633 4776 691 4827 ἐν
740 4772 960 4841 ἁστάτῳ
1005 4766 1198 4840 γνώμῃ
1246 4765 1535 4837 μεθύοντος
1584 4765 1679 4818 καί
1722 4763 1973 4834 παραλα-

399 4864 615 4928 λοῦντος
647 4862 747 4916 οὐκ
773 4863 864 4915 ἴσα
887 4860 972 4932 εἴη
994 4859 1067 4913 τά
1104 4859 1344 4929 ῥήματα,
1376 4855 1512 4909 ἀλλὰ
1540 4855 1608 4909 τὰ
1643 4853 1742 4924 μὲν
1776 4852 1973 4918 γέλωτι

398 4952 760 5026 πεποιημένα,
805 4951 970 5022 ἔτερα
1016 4949 1074 5003 δέ
1125 4945 1404 5016 κλαυθμοῦ
1453 4944 1702 5016 ἔμπλεα⁵
1733 4941 1971 5012 οὖτωςή

472 5139 488 5168 ¹
514 5134 642 5191 For.
673 5134 773 5188 δεῖ.
851 5135 870 5165 ³
897 5132 1021 5207 For.
1052 5128 1377 5202 ἀνθρώπων.

469 5343 825 5421 (Ἠλίιίαϐὅᾶ
877 5344 986 5421 ⁴πὰρ
1046 5341 1447 5421 ἑρμηνεύεται.
1498 5338 1637 5421 ςῐιιιη
1679 5335 1962 5421 ᾘοίιλτιιίςθ

396 5406 812 5490 (ιιιξιιιίδγνίαεο
835 5406 1255 5490 ιιῷεἰίιιαέιὶίιίηι.
1290 5419 1343 5466 et
1372 5411 1623 5490 fornicem
1648 5406 1958 5479 signiﬁcat:

398 5480 610 5545 necnon
631 5480 691 5543 'et
730 5485 1099 5554 prostibulum,
1125 5499 1189 5538 ac
1214 5480 1462 5554 lupanar.
1488 5480 1964 5554 _Numer._qupque

400 5576 527 5624 xxv,
563 5573 705 5613 com.
730 5546 807 5621 ’8,
856 5554 996 5629 LXX
1051 5546 1279 5629 μήτρα-ζ
1316 5549 1689 5629 reddiderunt.
1722 5546 1892 5629 Unde;
1909 5557 1965 5601 et

400 5620 656 5701 πορνείας
699 5620 981 5698 stuprique
1027 5620 1197 5701 notio.
1243 5620 1607 5701 Φονοκτονῑαν.
1643 5633 1795 5701 verro,
1848 5620 1964 5698 sive

439 5687 1092 5767 ari-icid'iumfnu'squam
1144 5697 1324 5765 legere
1388 5690 1633 5767 memini.
1698 5687 1964 5757 Suspicor

447 5759 909 5855 pip‘lianium'mp
944 5759 1268 5835 tanquam'a
1314 5773 1416 5830 2p:
1461 5759 1765 5816 derivatum
1807 5772 1966 5813 acce-

2080 3198 2427 3268 qnadrantcm
2463 3217 2530 3256 eo
2560 3204 2781 3260 nomine
2809 3217 3028 3263 vocant.
3054 3207 3190 3267 Risu
3216 3211 3381 3281 igitur
3413 3226 3477 3267 ac
3520 3213 3657 3268 ludi-

2080 3289 2202 3345 hrio
2229 3293 2414 3363 digna,
2447 3294 2532 3348 vel
2573 3295 2890 3352 miseranda
2928 3300 3111 3368 potius
3151 3309 3234 3357 est
3260 3302 3532 3373 ejusmodi
3563 3285 3662 3361 no;

2082 3384 2286 3436 minum
2315 3386 2750 3442 accommodatio
2782 3390 2922 3458 apud
2954 3406 3073 3457 eos,
3106 3393 3201 3462 qui
3241 3395 3296 3449 in
3335 3405 3529 3466 suapte
3560 3398 3656 3452 lin-

2082 3490 2188 3545 gua
2223 3479 2375 3533 vet-is
2403 3477 2553 3534 illius
2583 3475 2910 3548 potestatem
2935 3482 3268 3556 intelligunt.
3299 3485 3565 3542 Caeterum
3588 3504 3656 3544 ex

2081 3575 2192 3621 tam
2240 3567 2548 3624 admirabili
2602 3572 2867 3642 propheta
2928 3584 3143 3646 turpem
3190 3579 3347 3634 nobis
3395 3582 3658 3635 narratio-

2082 3675 2205 3714 nem
2246 3660 2481 3716 atl‘erunt
2501 3680 2513 3715 :
2534 3678 2641 3733 qua
2673 3671 2734 3718 ut
2762 3666 3035 3736 corruptis
3062 3680 3495 3727 consuescamus
3541 3687 3657 3727 cor-

2081 3750 2310 3820 poribus
2332 3754 2721 3823 persuadeant,
2751 3763 2916 3827 atque
2945 3758 3012 3813 ab
3040 3760 3189 3814 omni
3223 3775 3319 3831 spe
3345 3762 3652 3818 cmlestium

2081 3839 2420 3897 excidamus.
2447 3842 2557 3898 Nec
2577 3844 2700 3900 illos
2725 3847 2891 3916 pudet
2912 3847 2981 3903 de
3007 3850 3235 3919 stupris,
3263 3853 3654 3923 amatoriisqne

2081 3945 2147 3987 ac
2198 3932 2446 3989 venereis
2476 3934 2640 3991 rebus
2676 3936 2840 3992 nudis
2870 3952 2934 3993 ac
2965 3939 3309 4010 simplicibus
3338 3943 3521 3999 verbis
3550 3944 3657 3998 dis-

2080 4038 2284 4079 serere.
2336 4023 2477 4080 Sunt
2508 4036 2564 4081 et
2603 4042 2669 4082 ex
2716 4029 2784 4084 iis
2827 4031 3096 4100 nonnulli,
3143 4033 3235 4103 qui
3285 4033 3653 4091 adulterinum
3734 4082 3741 4087 .

2081 4114 2356 4185 quoddam
2404 4125 2460 4172 et
2516 4117 2854 4174 adscititium
2900 4136 3096 4192 poema
3146 4123 3451 4189 venditant,
3508 4128 3655 4194 quod

2081 4221 2221 4277 opus
2251 4205 2610 4277 perfectionis
2644 4208 2999 4281 Evangelium
3039 4212 3374 4283 inscribunt,
3422 4231 3547 4271 cum
3577 4234 3656 4273 rc-

2082 4311 2212 4352 vera
2239 4312 2348 4352 non
2376 4296 2752 4369 Evangelium,
2780 4302 2876 4357 scd
2893 4303 3111 4380 doloris
3139 4305 3211 4361 sit
3233 4320 3299 4361 ac
3323 4307 3505 4363 luctus
3531 4325 3656 4380 per-

2084 4386 2270 4443 fectio.
2322 4384 2593 4445 Universa
2651 4392 2855 4461 quippe
2893 4378 3405 4468 'consummataque
3460 4378 3656 4454 mortis

2009 4465 2056 4519 Ῑ)
2084 4480 2357 4536 acerbitas
2384 4482 2460 4536 ‘in
2502 4498 2569 4538 eo
2600 4483 2712 4556 84
2755 4485 2959 4540 diaboli
3007 4488 3117 4542 fetu
3166 4465 3500 4546 continetur.
3547 4492 3653 4546 Alii

2084 4571 2438 4643 Evangelium
2475 4574 2601 4630 Eva:
2644 4577 2765 4632 sine
2813 4579 2925 4634 ullo
2965 4580 3175 4650 pudore
3214 4581 3492 4651 jactitant.
3539 4583 3654 4638 Sub

2084 4663 2249 4734 hujus
2275 4665 2420 4719 enim
2449 4666 2690 4733 nomine;
2723 4676 2911 4740 utpote
2938 4687 3060 4740 qua:
3092 4674 3422 4744 cognitionis
3452 4691 3652 4731 nomen

2082 4771 2113 4809 a
2150 4767 2403 4825 serpente
2433 4773 2669 4827 quocum
2699 4763 2975 4817 collocuta
3005 4773 3112 4830 est,
3181 4765 3454 4832 didicerit,
3490 4770 3652 4838 perii.

2081 4848 2185 4904 dia:
2232 4865 2347 4905 sua:
2395 4866 2606 4907 semina
2658 4865 3000 4925 sparserunt.
3058 4859 3137 4912 Ac
3190 4861 3651 4929 quemadmodum

2081 4942 2241 5007 ebrii,
2271 4959 2506 5012 quorum
2549 4946 2870 5005 inconstans
2904 4950 3139 5015 animus,
3180 4960 3235 5006 et
3277 4952 3654 5009 inconsidern.

2061 5335 2233 5406 pissc,
2258 5334 2520 5406 quodest
2547 5330 2850 5406 perforare.

2131 5397 2246 5476 (72’)
2276 5397 2616 5476 ’Ἀγώγιμόν
2661 5419 2715 5454 τι
2764 5400 3010 5476 ποίῃμᾳ.
3060 5397 3648 5476 _C_ornarius_illiciens

2058 5469 2265 5543 poema.
2308 5469 2614 5543 Ἀ’γὼγιμον
2642 5479 2725 5527 est
2747 5469 2888 5540 quod
2920 5469 3230 5543 advehitur,
3256 5476 3352 5522 aut
3384 5469 3650 5543 importa-

2062 5534 2328 5601 turfNos
2380 5534 2672 5599 hscititium
2724 5534 2790 5597 ei
2834 5541 3111 5595 communi
3161 5534 3432 5609 pdtcstate
3462 5534 3649 5609 inter-

2062 5617 2265 5686 pretari
2322 5611 3038 5686 mal_t_i_imu_s.,Q_uanquam_
3083 5607 3293 5670 nﬁi'l,
3331 5624 3462 5686 pag.
3521 5607 3647 5672 100,

2061 5678 2345 5756 ἆγώγιμον
2383 5683 2554 5758 μῦθον
2583 5678 2842 5753 ἱιίρτίοτὶ
2880 5678 2973 5736 illa
3000 5678 3206 5736 Corna.
3232 5678 3458 5735 nutionc
3487 5694 3649 5734 usur-

2064 5765 2245 5828 patur.
