3968 6134
285 240 405 300 355
468 280 475 288 ι

1703 248 1760 306 S.
1801 248 2141 307 EPIPHANII

3454 251 3560 311 3'56

299 376 392 424 tus
413 375 498 425 est
526 382 730 434 sermo,
755 380 1100 438 nequaquam
1128 367 1233 423 sibi
1257 376 1627 427 consentanea
1649 371 1860 443 loquun

1979 375 2087 429 τῶν
2119 374 2452 430 ἀπατεώνων
2495 376 2685 446 γέγονε
2715 376 2857 432 κατά
2893 375 3066 430 πάντα
3110 373 3311 447 τρόπον
3338 372 3436 445 τῆς
3462 390 3562 427 κα-

293 469 427 528 ‘tur;
458 461 555 517 sed
581 462 716 516 alias
744 460 973 515 ridicula
1005 461 1193 525 verba,
1227 462 1364 517 alias
1395 463 1647 519 maeroris
1682 480 1747 518 ac
1775 464 1874 519 do-

1980 467 2106 532 κίας
2127 471 2160 538 ή
2185 469 2488 541 ὑποσπορά.

297 559 428 616 loris
458 557 615 628 plena
644 555 932 626 proferunt
975 575 988 610 :
1023 555 1217 612 eodem
1263 572 1494 624 prorsus
1541 558 1704 615 modo
1754 576 1881 616 sese
1915 562 2073 619 habet
2106 565 2174 619 ab
2214 564 2324 621 illis
2363 565 2758 636 impostoribus
2823 572 2942 620 orta
3010 579 3075 621 ac
3124 571 3422 634 propagata
3470 574 3564 616 ne-

294 652 486 721 quitia.

363 741 448 795 ιιι.
472 741 579 807 Qui
600 739 823 811 quidem
847 740 1065 798 stolidis
1092 742 1442 808 testimoniis,
1465 759 1529 799 ac
1546 744 1682 801 visis
1706 744 1762 799 in
1780 743 1882 800 illo

294 849 398 889 suo
447 831 593 904 quod
638 846 753 902 prae
798 848 863 887 se
906 832 1109 898 ferunt,
1145 832 1442 906 Evangelia
1481 836 1756 891 nituntur.
1797 836 1880 891 Ita

292 927 437 983 enim
478 925 778 994 inquiunt:
814 923 881 978 In
917 924 1085 979 arduo
1120 936 1294 981 monte
1333 930 1704 994 constiteram,
1754 946 1876 984 cunt

291 1032 407 1072 ecce
434 1017 582 1071 rideo
622 1031 898 1084 procerum
948 1017 1234 1082 hominem,
1286 1029 1339 1073 et
1385 1020 1634 1075 mutilum
1683 1022 1875 1079 alium.

294 1109 428 1164 Inde
448 1124 620 1164 vocem
644 1109 865 1162 tonitrui
894 1110 1068 1162 instar
1087 1110 1335 1166 exaudio.
1364 1110 1595 1183 Propius
1620 1115 1782 1184 igitur
1805 1116 1878 1170 ad

292 1202 614 1257 audiendum
635 1200 825 1256 accedo
847 1216 867 1266 ,'
900 1210 1010 1255 tum
1032 1217 1114 1255 me
1144 1201 1283 1256 hunc
1307 1204 1366 1256 in
1393 1204 1607 1258 modum
1631 1216 1708 1260 est
1737 1208 1875 1261 allo-

294 1303 450 1349 cutus
477 1310 496 1347 :
528 1292 641 1364 Ego
663 1294 801 1347 idem
831 1310 949 1348 sum
993 1310 1055 1348 ac
1090 1302 1171 1357 tu,
1206 1303 1257 1348 ct
1298 1304 1355 1349 tu
1392 1295 1531 1351 idem
1561 1308 1717 1369 atque
1746 1317 1875 1368 ego;

289 1396 338 1439 et
363 1386 657 1456 ubicunque
685 1395 741 1438 tu
765 1402 844 1451 ea,
880 1386 994 1440 illic
1024 1403 1117 1457 ego
1147 1404 1286 1453 sunt,
1330 1405 1395 1442 ac
1425 1404 1518 1457 per
1547 1392 1726 1446 omnia
1755 1406 1874 1447 sunt

288 1478 584 1547 dispersus.
627 1475 698 1531 Et
747 1477 1091 1549 undecunque
1138 1479 1368 1535 uolueris
1407 1497 1491 1535 me
1524 1482 1757 1552 colligis,
1793 1499 1875 1538 me

290 1585 409 1624 vero
438 1568 758 1640 colligendo,
792 1570 1126 1640 temetipsum
1159 1570 1389 1641 colligis.
1425 1572 1477 1629 0
1502 1574 1813 1628 doctrinam
1842 1589 1873 1629 a

290 1662 628 1733 nequissimo
657 1661 907 1718 daemone
942 1663 1285 1734 profectam!
1327 1664 1612 1722 Undenam
1647 1667 1872 1723 humani

289 1754 508 1824 generis
535 1752 758 1825 ingenia
783 1754 1076 1824 pervertit,
1107 1762 1163 1811 et
1189 1756 1255 1809 ad
1281 1758 1508 1823 stolida,
1538 1759 1874 1830 minimeque

288 1846 662 1902 contentanea
697 1860 728 1899 a
760 1845 933 1901 verbo
958 1847 1212 1907 veritatis
1237 1849 1514 1920 abripuit?
1540 1849 1687 1906 Nihil
1725 1851 1874 1907 enim

289 1935 687 2007 propemodum
713 1937 785 2002 ei,
810 1938 906 2008 qui
940 1945 1124 1994 mente
1154 1948 1319 2010 atque
1344 1941 1637 2011 prudentia
1672 1942 1873 2014 praedi-

288 2039 380 2084 tus
401 2036 507 2092 est,
540 2028 827 2099 Scriptura
860 2030 946 2086 vel
971 2030 1263 2101 exemplis,
1295 2042 1391 2087 aut
1416 2034 1526 2088 ulla
1558 2048 1619 2089 re
1644 2034 1773 2099 alia,
1804 2033 1870 2089 ad

286 2132 385 2174 eos
410 2116 744 2174 relellendos
781 2118 858 2173 uti
888 2132 1121 2176 necesse
1149 2126 1254 2175 est.
1292 2118 1575 2191 Siquidem
1606 2132 1755 2178 recta
1780 2138 1867 2179 ra-

287 2210 362 2263 tio
399 2209 633 2265 stolidas
665 2209 887 2265 illorum
920 2210 1137 2267 fabulas
1165 2220 1220 2267 et
1250 2212 1650 2269 adulteriorum
1679 2229 1745 2270 ac
1777 2214 1867 2269 lla-

283 2302 543 2372 gitiorum
575 2301 829 2359 libidines
863 2303 1022 2358 facile
1054 2320 1152 2376 per
1177 2320 1235 2360 se
1268 2306 1386 2376 ipsa
1416 2306 1711 2377 dignoscit.
1745 2306 1872 2364 Haec

285 2394 451 2464 igitur
477 2402 643 2464 atque
670 2394 760 2450 his
777 2394 979 2449 similia
1000 2398 1298 2469 commenti
1325 2396 1594 2464 Gnostici,
1624 2399 1716 2468 qui
1744 2414 1870 2454 cum

282 2483 493 2540 Nicolai
528 2494 679 2540 secta
706 2486 991 2555 conjuncti
1022 2495 1151 2541 sunt
1185 2502 1215 2540 a
1241 2488 1473 2544 veritate
1503 2489 1867 2558 exciderunt;

284 2594 386 2633 nec
415 2593 608 2633 eorum
635 2577 924 2641 duntaxat,
953 2580 1154 2649 quibus
1186 2596 1429 2636 errorem
1454 2591 1869 2652 persuaserunt,

164 2708 172 2715 η
282 2668 658 2741 depravarunt
710 2670 967 2741 ingenia;
1019 2670 1117 2726 sed
1171 2680 1225 2727 et
1268 2673 1485 2729 animos
1528 2687 1871 2744 corporaque

281 2763 487 2835 pariter
516 2762 799 2821 adulteriis
830 2778 895 2818 ac
931 2764 1258 2834 promiscuae
1286 2764 1499 2821 libidini
1531 2766 1785 2822 servilem
1812 2767 1867 2821 in

284 2856 503 2909 modum
552 2854 924 2925 subjecerunt.
969 2856 1186 2912 Etenim
1216 2870 1349 2913 suos
1385 2858 1534 2928 ipsos
1565 2866 1868 2916 conventus

282 2947 604 3018 multiplicis
639 2962 703 3001 ac
740 2947 1415 3017 promiscuiconcubitus
1464 2950 1707 3006 foeditate
1743 2966 1871 3006 con-

2048 744 2122 800 I".
2198 744 2504 816 Ὀρμῶνται
2554 745 2613 799 δὲ
2663 745 2771 800 ἀπὸ
2824 745 3024 818 μωρῶν
3086 744 3402 816 μαρτυριῶν
3471 747 3565 801 καὶ

1974 835 2251 890 ὁπτασιῶν
2288 830 2413 905 ὲνῷ
2448 836 2767 909 Εὐαγγελίῳ
2795 837 3245 906 ἐπαγγέλλονται.
3289 837 3563 891 Φάσκουσι

1975 929 2087 1001 γὰρ
2110 926 2307 994 οὕτως,
2338 929 2419 982 ὅτι
2455 932 2685 998 Ἕστην
2709 928 2806 982 ἐπὶ
2840 928 3012 997 ὅρους
3046 927 3314 997 ὑψηλοῦ,
3343 928 3443 982 καί
3482 924 3567 981 εἷ·

1975 1019 2086 1073 δον
2114 1020 2428 1089 ἄνθρωπον
2467 1011 2723 1091 μακρὸν,
2770 1021 2867 1074 καὶ
2900 1020 3096 1075 ἄλλον
3128 1018 3388 1075 κολοϐόν
3408 1035 3422 1050 °
3462 1018 3562 1074 καί

1982 1111 2224 1180 ἥκουσα
2260 1112 2404 1167 ὡσεί
2462 1111 2675 1184 φωνὴν
2712 1112 3002 1181 βροντῆς,
3050 1111 3150 1167 καί
3189 1111 3416 1182 ῆγγισα
3454 1110 3562 1165 τοῦ

1975 1202 2258 1269 ἀκοῦσαι,
2324 1203 2425 1258 καί
2482 1205 2754 1273 summa
2802 1205 2953 1273 πρὸς
3012 1204 3112 1274 μὲ,
3172 1205 3273 1259 καί
3340 1201 3512 1258 εἶπεν
3536 1219 3552 1235 ο

1986 1290 2138 1361 Ἐγὼ
2165 1292 2271 1357 σὺ,
2319 1294 2417 1348 καί
2460 1293 2542 1348 σὺ
2600 1294 2731 1371 ἐγώ.
2782 1296 2892 1349 Kal
2927 1294 3095 1349 ·ὅπου
3136 1295 3246 1349 ἐὰν
3309 1290 3407 1367 ᾖς,
3446 1293 3561 1365 ἐγὼ

1973 1384 2252 1454 ἐκεῒεὶμι,
2301 1386 2398 1439 καί
2439 1387 2509 1440 ἐν
2555 1387 2788 1442 ἅπασίν
2839 1389 2956 1458 ειμι
3008 1386 3406 1455 ἐσπαρμένος.
3449 1386 3561 1441 Καί

1974 1476 2115 1531 ὅθεν
2170 1476 2280 1531 ἐὰν
2342 1478 2524 1547 θέλῃς
2583 1479 2906 1550 συλλέγεις
2952 1497 3031 1550 με
3135 1481 3236 1550 ἐμὲ
3281 1478 3351 1533 δὲ
3407 1481 3561 1534 av)»

1981 1569 2196 1638 λέγων,
2259 1569 2479 1623 ἑαυτὸν
2536 1571 2879 1642 συλλέγεις.
2941 1574 3052 1627 Καὶ
3081 1571 3123 1626 ὣ
3170 1574 3270 1644 τῆς
3304 1570 3397 1626 τοῦ
3444 1571 3563 1624 δια-

1980 1656 2135 1710 ϐόλου
2183 1658 2531 1732 ᾲποσπορᾶςί
2559 1660 2730 1714 Πόθεν
2774 1662 2865 1714 τὸν
2893 1661 3019 1715 νοῦν
3043 1662 3297 1734 ἐξέτρεψε
3325 1661 3427 1731 τῆς
3466 1661 3563 1715 ἀνι

1975 1744 2343 1818 θρωπότητος,
2368 1750 2462 1802 καὶ
2484 1750 2562 1812 εἰς
2592 1748 2751 1820 μωρὰ
2764 1749 2858 1803 καὶ
2876 1750 3157 1804 ἀσύστατα
3189 1754 3561 1822 περιέσπασεν

1974 1839 2195 1892 ἀπὸτοῦ
2228 1840 2388 1908 λόγου
2449 1841 2551 1912 τῆς
2596 1841 2890 1914 ἁληθείας;
2926 1844 3041 1896 Οὐκ
3069 1843 3183 1896 ἔστι
3226 1842 3337 1915 γὰρ
3377 1843 3562 1913 σχεδὸν

1972 1930 2051 2001 τῷ
2083 1930 2206 1984 νοῦν
2229 1930 2404 2002 ἔχοντι
2421 1933 2580 2003 χρεία
2602 1933 2712 1987 ἀπὸ
2736 1934 2960 2005 Γραφῆς
2985 1934 3017 2006 ἢ
3047 1935 3155 1987 ἀπὸ
3179 1934 3560 2007 παραδειγμὰο

1971 2038 2099 2085 των,
2131 2020 2165 2093 ἢ
2197 2022 2384 2094 ἑτέρου
2407 2022 2552 2085 τινὸς
2583 2023 2908 2095 πράγματος
2938 2022 3208 2077 ποιεῖσθαι
3231 2022 3437 2076 τούτων
3459 2024 3561 2093 τὴν

1972 2116 2308 2187 ἀνατροπὴν.
2334 2114 2425 2187 Τῷ
2444 2114 2552 2189 γάρ
2580 2116 2724 2188 ὀρθῷ
2745 2116 2990 2194 λογισμῷ
3014 2115 3233 2187 εὖδηλος
3253 2116 3433 2169 αὐτῶν
3462 2115 3558 2169 καὶ

1972 2209 2200 2283 φωρατὴ
2232 2212 2265 2280 ἡ
2299 2211 2397 2282 τῆς
2428 2210 2766 2283 μωρολογίας
2816 2210 3248 2284 δραματουργία,
3295 2208 3391 2262 καὶ
3433 2225 3558 2279 μοι·

1971 2302 2082 2383 χῶν
2107 2303 2361 2373 ἐργασία.
2403 2303 2590 2358 Ταῦτά
2623 2321 2703 2357 τοι
2748 2303 2843 2357 καὶ
2879 2305 2949 2358 τὰ
2974 2303 3201 2357 τοιαῦτα
3231 2300 3558 2373 εἰσηγούμε-

1971 2411 2050 2446 νοι
2076 2394 2127 2445 οί
2157 2393 2302 2465 ἀμφὶ
2329 2394 2431 2466 τὴν
2469 2395 2672 2463 γνῶσιν
2714 2393 3133 2467 συνεζευγμένοι
3164 2399 3231 2469 τῇ
3257 2395 3351 2449 τοῦ
3396 2397 3559 2449 Νικο-

1970 2485 2101 2541 λάου
2132 2486 2363 2558 αἱρέσει,
2404 2491 2502 2560 τῆς
2534 2487 2790 2559 ἀληθείας
2827 2489 3271 2555 ὲκπεπτώκασιν,
3302 2490 3363 2543 οὐ
3399 2490 3558 2561 μόνον

1968 2580 2060 2634 τὸν
2088 2580 2211 2633 νοῦν
2239 2578 2348 2635 τῶν
2402 2581 2732 2636 πεισθέντων
2778 2584 2960 2647 αὐτοῖς
3003 2582 3386 2655 ἐκτρέψαντες,
3422 2582 3558 2637 ἀλλὰ

1970 2671 2066 2724 καὶ
2093 2671 2161 2726 τὰ
2191 2670 2417 2744 σώματα.
2448 2674 2538 2727 καί
2574 2672 2673 2739 τάς
2705 2674 2883 2746 ψυχὰς
2927 2662 3294 2737 δουλώσαντες
3331 2672 3557 2745 πορνεία

1970 2761 2066 2815 καὶ
2111 2760 2425 2832 πολυμιξίᾳ.
2484 2762 2663 2835 Αὐτὴν
2697 2762 2806 2836 γὰρ
2845 2763 2942 2835 τὴν
2998 2764 3221 2828 σύναξιν
3260 2763 3441 2817 αὐτῶν
3496 2764 3556 2815 ἐν

1968 2851 2291 2924 αίσχρότητι
2351 2851 2675 2924 πολυμιξίας
2726 2853 3006 2926 φύρουσιν,
3071 2853 3318 2918 ἔσθοντές
3361 2870 3420 2907 τε
3461 2853 3557 2907 καὶ

1969 2944 2406 3015 παραπτόμενοι,
2445 2944 2541 2999 καὶ
2608 2945 2967 3016 ἀνθρωπίνων
3018 2946 3237 3019 σαρκῶν
3289 2946 3381 3001 καί
3414 2948 3554 3000 ἀκα-

282 3038 587 3104 taminant;
637 3038 730 3092 ubi
762 3046 817 3092 et
859 3038 1118 3094 humanis
1164 3039 1448 3105 carnibus,
1505 3051 1557 3096 et
1606 3041 1860 3112 turpissi-

1971 3036 2239 3110 θαρσιῶνο
2279 3036 2355 3102 ὡς
2391 3036 2515 3091 οὔτε
2546 3038 2805 3111 τολμήσω
2848 3039 2909 3093 τὸ
2939 3041 3046 3094 πᾶν
3093 3041 3351 3106 ἐξειπεῖν.
3379 3042 3428 3093 εί
3479 3042 3554 3112 μή

283 3128 387 3183 mis
418 3128 679 3183 sordibus
725 3137 1047 3183 vescuntur.
1108 3129 1240 3195 Quae
1269 3132 1493 3185 erimina
1529 3147 1866 3189 commemo-

282 3234 403 3273 rare
452 3235 564 3274 non
617 3219 813 3288 audeo,
858 3221 966 3275 nisi
1010 3236 1095 3275 me
1139 3221 1322 3292 aliqua
1376 3222 1614 3281 fortasse
1666 3240 1865 3282 neces-

280 3310 418 3364 sitas
473 3309 814 3381 ipipulerit:
874 3311 949 3365 ita
1011 3326 1101 3366 me
1168 3313 1337 3367 animi
1396 3316 1503 3371 mei
1568 3315 1864 3373 vehemens

280 3403 503 3474 quidam
538 3403 701 3459 dolor
724 3404 797 3461 ob
818 3420 881 3460 ea
913 3419 1038 3475 quae
1074 3405 1166 3461 isti
1204 3421 1489 3478 perperam
1515 3416 1715 3479 gerunt
1742 3417 1863 3465 stu-

280 3513 411 3568 pore
458 3497 699 3553 delixum
747 3497 1003 3565 detinet,
1067 3497 1204 3555 illud
1263 3514 1597 3570 magnopere
1655 3502 1864 3556 miran-

279 3600 409 3655 tem,
444 3596 709 3660 qnantam
743 3588 799 3644 in
834 3589 1102 3643 malorum
1137 3590 1486 3659 gravitatem,
1537 3604 1603 3644 ac
1635 3590 1864 3661 profun-

277 3683 403 3738 dam
452 3680 771 3752 voraginem
816 3680 1068 3738 diabolus
1123 3681 1250 3737 illos
1282 3682 1561 3747 immittat,
1621 3683 1716 3752 qui
1753 3683 1861 3739 sibi

276 3774 484 3830 fuerint
523 3772 807 3839 obsecuti;
841 3771 977 3828 adeo
1011 3778 1071 3827 ut
1109 3787 1305 3829 eorum
1345 3778 1559 3829 mentes
1584 3781 1640 3829 et
1667 3774 1857 3842 corda,

276 3881 509 3931 manus,
561 3879 697 3933 ora,
757 3880 1104 3936 corporaque
1168 3865 1375 3937 pariter
1427 3875 1590 3937 atque
1645 3867 1859 3923 animos

270 3957 383 4030 85
409 3959 677 4029 inquinet,
695 3973 835 4030 quos
856 3958 910 4014 in
930 3959 1098 4014 tantis
1121 3959 1364 4015 tenebris
1396 3960 1643 4016 irretitos
1673 3967 1860 4016 tenere

273 4052 535 4120 potuerit.
572 4050 677 4106 Sed
706 4050 843 4105 illud
875 4067 1096 4117 vereor,
1131 4047 1197 4106 ne
1240 4052 1323 4108 sic
1357 4060 1526 4107 totam
1567 4052 1716 4107 illam
1757 4068 1856 4123 pe-

274 4145 646 4200 stilentissimi
706 4145 900 4200 veneni
955 4145 1065 4199 vim
1117 4147 1279 4216 quasi
1326 4148 1499 4218 reguli
1561 4147 1855 4217 cujusdam

274 4224 469 4305 faciem
519 4235 793 4304 aperiens,
841 4236 915 4289 ita
971 4236 1245 4306 detegam,
1288 4245 1348 4293 ut
1393 4240 1481 4293 ad
1506 4254 1699 4293 eorum
1759 4239 1855 4309 qui

274 4326 391 4379 huic
419 4332 609 4379 nostra
640 4324 819 4394 legent
844 4323 1141 4394 perniciem
1193 4326 1544 4397 potiusquam
1576 4327 1645 4381 ad
1668 4343 1855 4383 emen-

1967 3143 2020 3180 τι
2044 3127 2448 3201 ἀναγκασθείην
2483 3128 2571 3183 διὰ
2608 3128 2708 3203 τὴν
2736 3129 3042 3203 ὑπερϐολὴν
3089 3131 3190 3201 τῆς
3218 3132 3276 3185 ἂν
3298 3133 3421 3202 ἐμοὶ
3460 3132 3556 3186 ἀλ-

1966 3215 2169 3289 γούσης
2195 3217 2432 3282 διανοίας
2486 3220 2615 3290 περὶ
2654 3218 2763 3272 τῶν
2795 3220 3045 3291 ματαίως
3077 3220 3169 3273 ὑπ’
3197 3220 3379 3273 αὐτῶν
3407 3237 3554 3289 γινο-

1968 3309 2146 3380 μένων
2173 3309 2631 3382 ὲκπληττόμενος,
2660 3313 2739 3376 είς
2777 3307 2887 3366 οἷον
2918 3313 3081 3381 ὄγκον
3112 3313 3208 3366 καὶ
3238 3311 3423 3366 κακῶν
3455 3312 3557 3383 βυά

1966 3394 2056 3448 θὸν
2115 3396 2144 3447 ὀ
2184 3395 2378 3467 ἐχθρὸς
2423 3397 2532 3450 τῶν
2589 3398 2893 3470 ἀνθρώπων
2952 3400 3197 3465 διάϐολος
3258 3401 3380 3472 ἄγει
3424 3402 3553 3468 τοὺς

1963 3485 2116 3558 αὑτῷ
2143 3488 2499 3559 πειθομένους
2529 3507 2542 3521 ο
2578 3490 2720 3545 ὥστε
2770 3494 2962 3563 μιᾶναι
2993 3493 3087 3546 καί
3116 3493 3262 3560 νοῦν,
3288 3494 3382 3549 καὶ
3411 3511 3551 3567 καρ-

1961 3576 2101 3643 δίαν,
2130 3580 2222 3633 καὶ
2238 3583 2447 3652 χεῖρας,
2475 3581 2569 3635 καὶ
2584 3583 2847 3653 στόματα,
2869 3583 2964 3637 καὶ
2987 3580 3232 3655 σώματα,
3256 3585 3350 3639 καὶ
3372 3584 3553 3656 ψυχὰς

1961 3671 2166 3725 τούτων
2198 3671 2305 3726 τῶν
2341 3673 2432 3727 ὑπ’
2463 3673 2627 3727 αὑτοῦ
2676 3676 2734 3729 ὲν
2777 3677 2845 3747 τῇ
2875 3677 3113 3749 τοσαύτῃ
3148 3673 3407 3729 σκοτώσει
3447 3694 3554 3730 πα-

1960 3762 2335 3830 γιδευθέντων.
2366 3762 2526 3817 Δέδια
2553 3763 2609 3817 δὲ
2653 3766 2726 3836 μή
2772 3782 2849 3836 πη
2881 3764 2989 3838 ἄρα
3019 3766 3111 3820 τὸν
3153 3767 3330 3837 μέγαν
3360 3766 3550 3821 τοῦτον

1959 3854 2077 3907 ὅλον
2143 3855 2219 3909 ίὸν
2273 3855 2686 3928 ἀποκαλύψαιμι
2715 3898 2730 3922 ,
2787 3856 2975 3929 ὥσπερ
3033 3857 3345 3929 βασιλίσκω
3403 3860 3552 3921 τινος

1957 3942 2133 4012 ὄφεως
2156 3944 2530 4029 τὸίπρόσωπον
2551 3989 2567 4012 ,
2600 3947 2680 4011 είς
2708 3945 2886 4020 λύμην
2915 3946 3114 4019 μᾶλλον
3140 3947 3248 4001 τῶν
3279 3949 3548 4020 ἐντυγχα-

1958 4034 2155 4090 νόντων
2181 4037 2325 4109 ἥπερ
2353 4040 2432 4102 εἰς
2464 4037 2748 4110 διόρθωσιν
2772 4057 2785 4071 ⁸
2813 4041 3023 4111 χραίνει
3055 4041 3153 4112 μὲν
3189 4041 3296 4114 γὰρ
3324 4042 3393 4094 τὰ
3430 4035 3549 4096 ὦτα

1957 4127 2173 4199 ἀληθῶς
2198 4131 2232 4201 ἡ
2271 4132 2370 4201 τῆς
2423 4132 2664 4203 μεγάλης
2701 4132 2906 4205 τόλμης
2953 4132 3269 4204 βλάσφημος
3297 4150 3545 4203 συναγω-

1956 4220 2055 4294 γὴ,
2092 4225 2187 4276 καὶ
2216 4224 2316 4295 τῆς
2341 4223 2695 4295 αίσχρότητος
2722 4224 2861 4297 αὕτη
2891 4225 3121 4298 συλλογὴ
3145 4244 3204 4279 τε
3233 4227 3327 4280 καί
3354 4227 3547 4301 διήγη-

1957 4330 2040 4378 σις
2065 4357 2081 4380 ,
2106 4316 2199 4368 καὶ
2228 4317 2261 4385 ή
2287 4315 2386 4384 τῆς
2413 4316 2755 4387 ἀγυρτώδους
2787 4319 3174 4390 αἰσχρουργίας
3200 4319 3546 4399 βορϐορώδης

272 4417 550 4472 dationem
582 4415 873 4471 redundet.
909 4415 1192 4487 Siquidem
1232 4418 1316 4474 vel
1354 4432 1519 4474 aures
1552 4419 1702 4489 ipsas
1734 4419 1847 4490 polo

1966 4408 2234 4461 κακόνοια.
2265 4408 2425 4480 Παρὰ
2459 4426 2569 4463 τισι
2613 4408 2671 4462 δὲ
2716 4410 2873 4478 φύσει
2915 4411 3264 4484 Βορὸοριανοὶ
3303 4412 3413 4482 (75)
3445 4430 3546 4467 κα-

272 4512 375 4568 luit
400 4519 513 4565 tam
544 4510 772 4567 inﬁnitae
813 4510 1060 4567 audaciae
1098 4514 1152 4566 in
1185 4511 1433 4567 divinum
1464 4526 1669 4567 numen
1716 4526 1852 4566 con-

273 4604 565 4660 tumeliosa
596 4604 805 4669 series;
843 4619 908 4658 ac
943 4605 1029 4660 vel
1059 4606 1177 4661 sola
1209 4603 1457 4658 narratio
1489 4602 1851 4674 turpitudinis

271 4698 472 4770 ipsius,
496 4705 554 4754 et
576 4696 979 4755 sordidissima!
1001 4695 1265 4753 lmditatis
1292 4712 1357 4751 ac
1387 4696 1668 4752 lutulentae
1696 4694 1852 4768 ﬁngi-

266 4793 411 4848 tiosa
438 4792 600 4847 ratio.
636 4790 779 4846 Hinc
819 4799 904 4847 est
937 4790 1085 4861 quod
1118 4789 1465 4859 a‘nonnullis
1497 4789 1637 4846 scite
1667 4788 1851 4844 admo-

266 4885 397 4939 dum
432 4883 772 4951 Borhoriani,
816 4882 921 4938 hoc
962 4890 1049 4940 est
1090 4881 1286 4937 cwnosi
1319 4881 1702 4947 nominantur;
1740 4881 1834 4936 alii

264 4976 581 5030 Coddianos
616 4983 834 5031 vocant.
884 4973 980 5030 Est
1014 4974 1159 5029 enim
1200 4971 1376 5027 codda
1425 4971 1569 5026 idem
1615 4971 1845 5043 Syr-iace

263 5067 411 5136 quod
458 5066 724 5134 paropsis,
773 5074 869 5122 aut
919 5067 1130 5121 catinus
1169 5080 1188 5119 :
1230 5081 1330 5136 pro
1370 5079 1436 5120 eo
1480 5063 1626 5134 quod
1681 5079 1845 5119 nemo

263 5157 545 5213 communi
575 5172 698 5211 cum
727 5160 834 5215 illis
866 5161 942 5214 uti
985 5160 1108 5216 cibo
1141 5158 1354 5229 possit;
1397 5155 1492 5211 sed
1546 5154 1845 5226 separatim

264 5248 656 5303 contaminatis
694 5250 802 5304 illis
833 5253 1034 5321 apponi
1068 5252 1243 5307 soleat
1281 5268 1294 5304 :
1327 5264 1509 5320 neque
1543 5248 1841 5319 quisquam

263 5341 337 5397 ob
362 5358 552 5398 eorum
592 5342 907 5413 spurcitiem
941 5343 1021 5396 vel
1052 5359 1193 5407 pane
1217 5357 1343 5398 cum
1375 5342 1487 5396 illis
1512 5340 1662 5397 vesci
1686 5353 1843 5395 com-

338 5496 649 5567 (75)_Hupai
678 5510 797 5549 τισι
829 5494 898 5567 δὲ
925 5495 1106 5567 pnigea
1139 5497 1541 5567 Βορὸοριανοι.
1582 5496 1838 5551 Theodo-

266 5565 804 5630 retus'Barbeliotas,
848 5566 964 5620 sive
997 5565 1364 5630 Borborianos
1398 5579 1579 5623 certos
1616 5567 1838 5621 haareti-

262 5652 359 5693 cos
378 5639 677 5707 separatim
703 5628 991 5703 memorat,
1028 5651 1165 5707 quos
1198 5645 1253 5691 et
1276 5628 1568 5702 Naasinos,
1600 5648 1651 5691 et
1685 5639 1838 5689 Stra-

265 5704 505 5775 tioticos,
540 5716 595 5761 et
621 5704 962 5764 Phihionitas
991 5704 1247 5778 appellat,
1286 5721 1409 5777 qua:
1441 5716 1567 5764 sunt
1604 5708 1639 5755 l‘
1760 5708 1793 5747 'i

1960 4496 2176 4557 λοῦνται
2197 4514 2209 4527 ’
2241 4498 2419 4571 ἕτεροι
2453 4499 2510 4553 δὲ
2541 4501 2861 4566 Κοδδιανοὺς
2898 4503 3094 4567 αὐτοὺς
3123 4503 3538 4574 ἐπιφημίζουσι.

1959 4588 2133 4643 Κοδδὰ
2149 4589 2258 4662 γὰρ
2280 4590 2493 4661 λέγεται
2521 4591 2662 4646 κατὰ
2680 4594 2779 4665 τὴν
2797 4593 3070 4665 Συριακὴν
3094 4594 3371 4649 διάλεκτον
3398 4580 3542 4666 παρη

1956 4682 2203 4755 agi-29,1)
2261 4685 2582 4751 τρυϐλίον,
2643 4684 2751 4739 ἀπὸ
2796 4686 2888 4738 τοῦ
2948 4685 3023 4757 μὴ
3074 4685 3333 4742 δύνασθαί
3386 4705 3541 4752 τινας

1957 4776 2074 4845 μετ’
2110 4774 2287 4828 αὐτῶν
2315 4775 2543 4829 ἐσθίειν·
2574 4778 2694 4830 κατ’
2723 4777 2859 4832 ίδίαν
2885 4777 2939 4831 δὲ
2981 4782 3096 4840 τοῖς
3136 4781 3539 4851 μεμιαμμένοις

1952 4866 2278 4921 δίδοσθαιτά
2312 4866 2597 4940 βρώματα,
2625 4870 2718 4922 καὶ
2751 4870 2824 4940 μή
2860 4887 2981 4922 τινα
3015 4869 3274 4923 δύνασθαι
3311 4869 3408 4922 σὺν
3439 4870 3539 4924 αὐ-

1952 4965 2063 5025 τοῖς
2093 4962 2180 5016 διὰ
2216 4963 2307 5016 τὸν
2338 4964 2610 5035 μολυσμὸν
2646 4964 2748 5033 κᾶν
2781 4964 2943 5036 ἄρτον
2978 4964 3427 5018 συνεσθίεινμΔιά
3450 4981 3537 5018 τοι

1952 5054 2109 5109 τοῦτο
2153 5057 2569 5128 ἀφωρισμένως
2599 5057 2821 5121 τούτους
2869 5056 3163 5129 ἡγούμενοι
3204 5058 3255 5110 oi
3287 5056 3537 5128 συμμέτ-

1949 5165 2086 5201 οικοι
2133 5147 2456 5212 Κοδδιανοὺς
2504 5149 2878 5219 ἐπωνόμασαν.
2916 5149 2978 5201 Οἱ
3028 5147 3181 5201 αὐτοὶ
3215 5147 3273 5200 δὲ
3321 5150 3379 5201 ὲν
3438 5149 3537 5201 Al-

1948 5241 2140 5312 γύπτῳ
2185 5243 2573 5313 Στρατιωτικοὶ
2615 5242 2904 5296 καλοῦνται
2938 5242 3031 5295 καὶ
3069 5240 3416 5303 Φιϐιωνῖται,
3457 5242 3535 5305 ὡς

1948 5334 2059 5388 ἄνω
2078 5350 2167 5404 μοι
2190 5334 2246 5386 ἐν
2265 5333 2420 5404 μέρει
2446 5333 2712 5386 λέλεκται.
2742 5331 2897 5396 Τινὲς
2925 5331 2982 5385 δὲ
3011 5332 3209 5393 αὐτοὺς
3231 5332 3533 5402 Ζακχαίους

1946 5505 2137 5547 eorum
2179 5491 2461 5546 vocabula.
2511 5490 2667 5557 Quod
2725 5489 2791 5543 ad
2848 5505 3037 5545 vocem
3092 5489 3289 5544 attinet
3332 5488 3530 5555 κοδδξι,

1947 5568 2139 5617 notant
2178 5571 2367 5651 mvpn
2405 5577 2527 5618 esse
2568 5562 2879 5621 scutellam.
2925 5562 3006 5616 vel
3037 5569 3309 5616 craterem
3353 5568 3529 5615 testa-

1945 5671 2121 5712 ceum.
2150 5652 2287 5727 [Vox
2314 5663 2492 5711 autem
2517 5662 2601 5712 est
2628 5654 2946 5712 Chaldaica.
2974 5653 3165 5729 Eutr.)
