  <div class='ocr_page' id='page_1' title='image "/cluster/home/n/w/nwhite01/storage/ocr_20150623/41/mdp.39015008169818/190.png"; bbox 0 0 3960 6178; ppageno 0'>
   <div class='ocr_carea' id='block_1_1' title="bbox 383 428 1970 493">
    <p class='ocr_par' dir='ltr' id='par_1_1' title="bbox 383 428 1961 488">
     <span class='ocr_line' id='line_1_1' title="bbox 383 428 1961 488; baseline 0.002 -4"><span class='ocrx_word' id='word_1_1' title='bbox 383 432 485 486; x_wconf 78' lang='grc'><strong>557</strong></span> <span class='ocrx_word' id='word_1_2' title='bbox 985 428 1353 485; x_wconf 78' lang='lat' dir='ltr'><strong>ADVERSUS</strong></span> <span class='ocrx_word' id='word_1_3' title='bbox 1390 430 1731 486; x_wconf 69' lang='lat' dir='ltr'><strong>HASIiESES</strong></span> <span class='ocrx_word' id='word_1_4' title='bbox 1756 430 1885 487; x_wconf 85' lang='lat' dir='ltr'><strong>LIB.</strong></span> <span class='ocrx_word' id='word_1_5' title='bbox 1923 432 1961 488; x_wconf 94' lang='lat' dir='ltr'><strong>I.</strong></span> 
     </span>
    </p>
   </div>
   <div class='ocr_carea' id='block_1_2' title="bbox 2068 428 3653 493">
    <p class='ocr_par' dir='ltr' id='par_1_2' title="bbox 2068 428 3653 493">
     <span class='ocr_line' id='line_1_2' title="bbox 2068 428 3653 493; baseline 0.003 -6"><span class='ocrx_word' id='word_1_6' title='bbox 2068 430 2169 488; x_wconf 63' lang='grc' dir='ltr'>ω.</span> <span class='ocrx_word' id='word_1_7' title='bbox 2209 431 2275 485; x_wconf 89' lang='lat' dir='ltr'><strong>ll.</strong></span> <span class='ocrx_word' id='word_1_8' title='bbox 2318 463 2384 475; x_wconf 84' lang='lat'><strong>—-</strong></span> <span class='ocrx_word' id='word_1_9' title='bbox 2419 428 2691 488; x_wconf 62' lang='lat' dir='ltr'><strong>lleRES.</strong></span> <span class='ocrx_word' id='word_1_10' title='bbox 2734 433 2921 489; x_wconf 75' lang='lat' dir='ltr'><strong>XXVI.</strong></span> <span class='ocrx_word' id='word_1_11' title='bbox 3519 438 3653 493; x_wconf 60' lang='lat'><strong>3&#39;58”</strong></span> 
     </span>
    </p>
   </div>
   <div class='ocr_carea' id='block_1_3' title="bbox 384 541 1970 620">
    <p class='ocr_par' dir='ltr' id='par_1_3' title="bbox 384 541 1959 614">
     <span class='ocr_line' id='line_1_3' title="bbox 384 541 1959 614; baseline 0.001 -19"><span class='ocrx_word' id='word_1_12' title='bbox 384 541 657 602; x_wconf 59' lang='grc' dir='ltr'>καλοῦσιν,</span> <span class='ocrx_word' id='word_1_13' title='bbox 714 541 860 595; x_wconf 83' lang='grc' dir='ltr'>ἄλλοι</span> <span class='ocrx_word' id='word_1_14' title='bbox 907 541 963 594; x_wconf 76' lang='grc' dir='ltr'>δὲ</span> <span class='ocrx_word' id='word_1_15' title='bbox 1012 542 1371 614; x_wconf 74' lang='grc' dir='ltr'>Βαρϐηλίτας.</span> <span class='ocrx_word' id='word_1_16' title='bbox 1423 544 1613 613; x_wconf 83' lang='grc' dir='ltr'>Ὅμως</span> <span class='ocrx_word' id='word_1_17' title='bbox 1663 545 1786 597; x_wconf 78' lang='grc' dir='ltr'>ἐπεὶ</span> <span class='ocrx_word' id='word_1_18' title='bbox 1834 544 1959 599; x_wconf 79' lang='grc' dir='ltr'>οὐδὲ</span> 
     </span>
    </p>
   </div>
   <div class='ocr_carea' id='block_1_4' title="bbox 2068 541 3626 620">
    <p class='ocr_par' dir='ltr' id='par_1_4' title="bbox 2068 544 3626 618">
     <span class='ocr_line' id='line_1_4' title="bbox 2068 544 3626 618; baseline 0.002 -19"><span class='ocrx_word' id='word_1_19' title='bbox 2068 544 2303 600; x_wconf 88' lang='lat' dir='ltr'><strong>muniter</strong></span> <span class='ocrx_word' id='word_1_20' title='bbox 2332 553 2519 614; x_wconf 86' lang='lat' dir='ltr'><strong>queat.</strong></span> <span class='ocrx_word' id='word_1_21' title='bbox 2559 545 2732 612; x_wconf 85' lang='lat' dir='ltr'><strong>Quam</strong></span> <span class='ocrx_word' id='word_1_22' title='bbox 2765 547 2832 601; x_wconf 87' lang='lat' dir='ltr'><strong>oh</strong></span> <span class='ocrx_word' id='word_1_23' title='bbox 2859 563 3081 603; x_wconf 77' lang='lat' dir='ltr'><strong>causam</strong></span> <span class='ocrx_word' id='word_1_24' title='bbox 3111 548 3204 618; x_wconf 90' lang='lat' dir='ltr'><strong>qui</strong></span> <span class='ocrx_word' id='word_1_25' title='bbox 3234 564 3358 603; x_wconf 87' lang='lat' dir='ltr'><strong>cum</strong></span> <span class='ocrx_word' id='word_1_26' title='bbox 3384 548 3496 604; x_wconf 80' lang='lat' dir='ltr'><strong>illis</strong></span> <span class='ocrx_word' id='word_1_27' title='bbox 3521 548 3626 602; x_wconf 91' lang='lat' dir='ltr'><strong>ba-</strong></span> 
     </span>
    </p>
   </div>
   <div class='ocr_carea' id='block_1_5' title="bbox 382 632 1970 710">
    <p class='ocr_par' dir='ltr' id='par_1_5' title="bbox 382 632 1956 705">
     <span class='ocr_line' id='line_1_5' title="bbox 382 632 1956 705; baseline 0.001 -18"><span class='ocrx_word' id='word_1_28' title='bbox 382 632 669 698; x_wconf 79' lang='grc' dir='ltr'>παρελθεῖν</span> <span class='ocrx_word' id='word_1_29' title='bbox 723 633 1017 705; x_wconf 70' lang='grc' dir='ltr'>δυνήσομαι</span> <span class='ocrx_word' id='word_1_30' title='bbox 1072 633 1168 687; x_wconf 84' lang='grc' dir='ltr'><strong>ὅλα</strong></span> <span class='ocrx_word' id='word_1_31' title='bbox 1192 676 1207 700; x_wconf 85' lang='grc'><strong><em>,</em></strong></span> <span class='ocrx_word' id='word_1_32' title='bbox 1264 634 1651 704; x_wconf 75' lang='grc' dir='ltr'><strong>ἀναγκάζομαι</strong></span> <span class='ocrx_word' id='word_1_33' title='bbox 1701 634 1956 699; x_wconf 77' lang='grc' dir='ltr'><strong>ἐξειπεῖν.</strong></span> 
     </span>
    </p>
   </div>
   <div class='ocr_carea' id='block_1_6' title="bbox 2068 632 3626 710">
    <p class='ocr_par' dir='ltr' id='par_1_6' title="bbox 2068 636 3626 710">
     <span class='ocr_line' id='line_1_6' title="bbox 2068 636 3626 710; baseline 0.004 -20"><span class='ocrx_word' id='word_1_34' title='bbox 2068 636 2260 702; x_wconf 83' lang='lat' dir='ltr'><strong>bitant,</strong></span> <span class='ocrx_word' id='word_1_35' title='bbox 2326 636 2475 691; x_wconf 87' lang='lat' dir='ltr'><strong>velut</strong></span> <span class='ocrx_word' id='word_1_36' title='bbox 2528 651 2558 689; x_wconf 90' lang='lat' dir='ltr'><strong>a</strong></span> <span class='ocrx_word' id='word_1_37' title='bbox 2624 638 2904 691; x_wconf 82' lang='lat' dir='ltr'><strong>communi</strong></span> <span class='ocrx_word' id='word_1_38' title='bbox 2962 639 3240 694; x_wconf 85' lang='lat' dir='ltr'><strong>consortio</strong></span> <span class='ocrx_word' id='word_1_39' title='bbox 3304 647 3626 710; x_wconf 75' lang='lat' dir='ltr'><strong>segregatos</strong></span> 
     </span>
    </p>
   </div>
   <div class='ocr_carea' id='block_1_7' title="bbox 394 712 1970 802">
    <p class='ocr_par' dir='ltr' id='par_1_7' title="bbox 394 725 1957 799">
     <span class='ocr_line' id='line_1_7' title="bbox 394 725 1957 799; baseline 0.001 -18"><span class='ocrx_word' id='word_1_40' title='bbox 394 725 614 797; x_wconf 82' lang='grc' dir='ltr'>Ἐπειδὴ</span> <span class='ocrx_word' id='word_1_41' title='bbox 657 726 751 780; x_wconf 71' lang='grc' dir='ltr'><strong>καὶ</strong></span> <span class='ocrx_word' id='word_1_42' title='bbox 792 728 821 780; x_wconf 86' lang='grc' dir='ltr'>ὁ</span> <span class='ocrx_word' id='word_1_43' title='bbox 853 726 1008 795; x_wconf 75' lang='grc' dir='ltr'>ἅγιος</span> <span class='ocrx_word' id='word_1_44' title='bbox 1038 726 1280 797; x_wconf 81' lang='grc' dir='ltr'>Μωῦσῆς</span> <span class='ocrx_word' id='word_1_45' title='bbox 1313 726 1421 779; x_wconf 85' lang='grc' dir='ltr'><strong>ἀπὸ</strong></span> <span class='ocrx_word' id='word_1_46' title='bbox 1454 727 1769 799; x_wconf 84' lang='grc' dir='ltr'>Πνεύματος</span> <span class='ocrx_word' id='word_1_47' title='bbox 1800 728 1957 797; x_wconf 88' lang='grc' dir='ltr'>ἀγίου</span> 
     </span>
    </p>
   </div>
   <div class='ocr_carea' id='block_1_8' title="bbox 2068 712 3624 802">
    <p class='ocr_par' dir='ltr' id='par_1_8' title="bbox 2068 712 3624 802">
     <span class='ocr_line' id='line_1_8' title="bbox 2068 712 3624 802; baseline 0 -18"><span class='ocrx_word' id='word_1_48' title='bbox 2068 737 2334 800; x_wconf 91' lang='lat' dir='ltr'><strong>putantes,</strong></span> <span class='ocrx_word' id='word_1_49' title='bbox 2366 730 2680 787; x_wconf 79' lang='lat' dir='ltr'><strong>Coddianos</strong></span> <span class='ocrx_word' id='word_1_50' title='bbox 2719 732 3082 802; x_wconf 87' lang='lat' dir='ltr'><strong>appellarunt.</strong></span> <span class='ocrx_word' id='word_1_51' title='bbox 3130 732 3295 788; x_wconf 81' lang='lat' dir='ltr'><strong>Iidem</strong></span> <span class='ocrx_word' id='word_1_52' title='bbox 3328 712 3497 802; x_wconf 82' lang='lat' dir='ltr'><strong>porro</strong></span> <span class='ocrx_word' id='word_1_53' title='bbox 3526 731 3624 784; x_wconf 84' lang='lat' dir='ltr'><strong>Mi-</strong></span> 
     </span>
    </p>
   </div>
   <div class='ocr_carea' id='block_1_9' title="bbox 381 814 1970 894">
    <p class='ocr_par' dir='ltr' id='par_1_9' title="bbox 381 814 1958 887">
     <span class='ocr_line' id='line_1_9' title="bbox 381 814 1958 887; baseline 0.002 -19"><span class='ocrx_word' id='word_1_54' title='bbox 381 814 788 887; x_wconf 81' lang='grc' dir='ltr'>ἐμφορούμενος</span> <span class='ocrx_word' id='word_1_55' title='bbox 818 815 1017 887; x_wconf 81' lang='grc' dir='ltr'>γράφει</span> <span class='ocrx_word' id='word_1_56' title='bbox 1035 854 1050 878; x_wconf 86' lang='grc'><em>,</em></span> <span class='ocrx_word' id='word_1_57' title='bbox 1077 816 1160 868; x_wconf 82' lang='grc' dir='ltr'>ὅτι</span> <span class='ocrx_word' id='word_1_58' title='bbox 1180 856 1193 878; x_wconf 89' lang='grc'><strong><em>,</em></strong></span> <span class='ocrx_word' id='word_1_59' title='bbox 1244 816 1368 869; x_wconf 84' lang='grc' dir='ltr'>Ἐάν</span> <span class='ocrx_word' id='word_1_60' title='bbox 1394 833 1477 879; x_wconf 90' lang='grc' dir='ltr'><strong>τις</strong></span> <span class='ocrx_word' id='word_1_61' title='bbox 1517 815 1600 887; x_wconf 75' lang='grc' dir='ltr'><strong>ἴδῃ</strong></span> <span class='ocrx_word' id='word_1_62' title='bbox 1636 817 1793 885; x_wconf 84' lang='grc' dir='ltr'>φόνον</span> <span class='ocrx_word' id='word_1_63' title='bbox 1820 859 1834 883; x_wconf 88' lang='grc'><strong><em>,</em></strong></span> <span class='ocrx_word' id='word_1_64' title='bbox 1865 816 1958 871; x_wconf 74' lang='grc' dir='ltr'><strong>καὶ</strong></span> 
     </span>
    </p>
   </div>
   <div class='ocr_carea' id='block_1_10' title="bbox 2068 814 3623 894">
    <p class='ocr_par' dir='ltr' id='par_1_10' title="bbox 2068 822 3623 894">
     <span class='ocr_line' id='line_1_10' title="bbox 2068 822 3623 894; baseline 0.001 -17"><span class='ocrx_word' id='word_1_65' title='bbox 2068 823 2249 878; x_wconf 86' lang='lat' dir='ltr'><strong>litares</strong></span> <span class='ocrx_word' id='word_1_66' title='bbox 2276 823 2330 877; x_wconf 92' lang='lat' dir='ltr'><strong>in</strong></span> <span class='ocrx_word' id='word_1_67' title='bbox 2361 822 2622 894; x_wconf 66' lang='lat' dir='ltr'><strong>Egypto,</strong></span> <span class='ocrx_word' id='word_1_68' title='bbox 2642 839 2707 878; x_wconf 91' lang='lat' dir='ltr'><strong>ac</strong></span> <span class='ocrx_word' id='word_1_69' title='bbox 2729 822 3051 879; x_wconf 63' lang='lat' dir='ltr'><strong>Phibionitaa</strong></span> <span class='ocrx_word' id='word_1_70' title='bbox 3078 831 3208 880; x_wconf 86' lang='lat' dir='ltr'><strong>sunt</strong></span> <span class='ocrx_word' id='word_1_71' title='bbox 3231 824 3387 885; x_wconf 89' lang='lat' dir='ltr'><strong>dicti,</strong></span> <span class='ocrx_word' id='word_1_72' title='bbox 3418 822 3486 877; x_wconf 86' lang='lat' dir='ltr'><strong>de</strong></span> <span class='ocrx_word' id='word_1_73' title='bbox 3510 836 3623 891; x_wconf 76' lang='lat' dir='ltr'><strong>qua</strong></span> 
     </span>
    </p>
   </div>
   <div class='ocr_carea' id='block_1_11' title="bbox 377 895 1958 979">
    <p class='ocr_par' dir='ltr' id='par_1_11' title="bbox 377 895 1958 979">
     <span class='ocr_line' id='line_1_11' title="bbox 377 895 1958 979; baseline -0.001 -18"><span class='ocrx_word' id='word_1_74' title='bbox 377 895 457 977; x_wconf 74' lang='grc' dir='ltr'>μὴ</span> <span class='ocrx_word' id='word_1_75' title='bbox 498 905 793 977; x_wconf 74' lang='grc' dir='ltr'><strong>ἀναγγείλῃ</strong></span> <span class='ocrx_word' id='word_1_76' title='bbox 814 946 829 969; x_wconf 84' lang='grc'><em>,</em></span> <span class='ocrx_word' id='word_1_77' title='bbox 870 904 1271 975; x_wconf 81' lang='grc' dir='ltr'>ἐπικατάρατος</span> <span class='ocrx_word' id='word_1_78' title='bbox 1298 906 1327 957; x_wconf 86' lang='grc' dir='ltr'>ὁ</span> <span class='ocrx_word' id='word_1_79' title='bbox 1353 904 1592 969; x_wconf 87' lang='grc' dir='ltr'>τοιοῦτος</span> <span class='ocrx_word' id='word_1_80' title='bbox 1617 906 1722 978; x_wconf 70' lang='grc' dir='ltr'>εἴη.</span> <span class='ocrx_word' id='word_1_81' title='bbox 1758 906 1958 979; x_wconf 77' lang='grc' dir='ltr'><strong>Διόπερ</strong></span> 
     </span>
    </p>
   </div>
   <div class='ocr_carea' id='block_1_12' title="bbox 379 994 1957 1075">
    <p class='ocr_par' dir='ltr' id='par_1_12' title="bbox 379 994 1957 1075">
     <span class='ocr_line' id='line_1_12' title="bbox 379 994 1957 1075; baseline 0.003 -28"><span class='ocrx_word' id='word_1_82' title='bbox 379 996 440 1048; x_wconf 84' lang='grc' dir='ltr'><strong>ού</strong></span> <span class='ocrx_word' id='word_1_83' title='bbox 474 994 703 1066; x_wconf 80' lang='grc' dir='ltr'>δύναμαι</span> <span class='ocrx_word' id='word_1_84' title='bbox 745 996 934 1049; x_wconf 84' lang='grc' dir='ltr'>τοῦτον</span> <span class='ocrx_word' id='word_1_85' title='bbox 958 995 1047 1049; x_wconf 73' lang='grc' dir='ltr'><strong>τὸν</strong></span> <span class='ocrx_word' id='word_1_86' title='bbox 1072 995 1250 1067; x_wconf 82' lang='grc' dir='ltr'>μέγαν</span> <span class='ocrx_word' id='word_1_87' title='bbox 1283 996 1470 1075; x_wconf 75' lang='grc' dir='ltr'>φόνον,</span> <span class='ocrx_word' id='word_1_88' title='bbox 1520 999 1614 1051; x_wconf 68' lang='grc' dir='ltr'>καὶ.</span> <span class='ocrx_word' id='word_1_89' title='bbox 1650 998 1750 1069; x_wconf 81' lang='grc' dir='ltr'>τὴν</span> <span class='ocrx_word' id='word_1_90' title='bbox 1785 998 1957 1070; x_wconf 81' lang='grc' dir='ltr'>μεγά-</span> 
     </span>
    </p>
   </div>
   <div class='ocr_carea' id='block_1_13' title="bbox 379 1087 1955 1162">
    <p class='ocr_par' dir='ltr' id='par_1_13' title="bbox 379 1087 1955 1162">
     <span class='ocr_line' id='line_1_13' title="bbox 379 1087 1955 1162; baseline 0.004 -24"><span class='ocrx_word' id='word_1_91' title='bbox 379 1087 476 1152; x_wconf 84' lang='grc' dir='ltr'><strong>λην</strong></span> <span class='ocrx_word' id='word_1_92' title='bbox 508 1088 708 1159; x_wconf 83' lang='grc' dir='ltr'>ταύτην</span> <span class='ocrx_word' id='word_1_93' title='bbox 734 1087 940 1159; x_wconf 78' lang='grc' dir='ltr'>φονὼδη</span> <span class='ocrx_word' id='word_1_94' title='bbox 971 1089 1233 1161; x_wconf 77' lang='grc' dir='ltr'><strong>ἐργασίαν</strong></span> <span class='ocrx_word' id='word_1_95' title='bbox 1260 1088 1568 1161; x_wconf 74' lang='grc' dir='ltr'><strong>παρελθεῖν,</strong></span> <span class='ocrx_word' id='word_1_96' title='bbox 1598 1091 1694 1145; x_wconf 77' lang='grc' dir='ltr'>καὶ</span> <span class='ocrx_word' id='word_1_97' title='bbox 1717 1092 1835 1161; x_wconf 75' lang='grc' dir='ltr'>ούχὶ</span> <span class='ocrx_word' id='word_1_98' title='bbox 1852 1091 1955 1162; x_wconf 82' lang='grc' dir='ltr'>δη-</span> 
     </span>
    </p>
   </div>
   <div class='ocr_carea' id='block_1_14' title="bbox 379 1177 1955 1252">
    <p class='ocr_par' dir='ltr' id='par_1_14' title="bbox 379 1177 1955 1252">
     <span class='ocr_line' id='line_1_14' title="bbox 379 1177 1955 1252; baseline 0.004 -22"><span class='ocrx_word' id='word_1_99' title='bbox 379 1179 486 1231; x_wconf 84' lang='grc' dir='ltr'>λῶν</span> <span class='ocrx_word' id='word_1_100' title='bbox 530 1177 785 1250; x_wconf 80' lang='grc' dir='ltr'>δηλῶσαι.</span> <span class='ocrx_word' id='word_1_101' title='bbox 832 1178 1089 1249; x_wconf 82' lang='grc' dir='ltr'>Δηλώσας</span> <span class='ocrx_word' id='word_1_102' title='bbox 1133 1179 1241 1252; x_wconf 81' lang='grc' dir='ltr'><strong>γὰρ</strong></span> <span class='ocrx_word' id='word_1_103' title='bbox 1284 1181 1423 1251; x_wconf 84' lang='grc' dir='ltr'>τάχα</span> <span class='ocrx_word' id='word_1_104' title='bbox 1463 1184 1574 1245; x_wconf 88' lang='grc' dir='ltr'>τοῖς</span> <span class='ocrx_word' id='word_1_105' title='bbox 1608 1186 1849 1246; x_wconf 78' lang='grc' dir='ltr'>συνετοῖς</span> <span class='ocrx_word' id='word_1_106' title='bbox 1894 1182 1955 1237; x_wconf 84' lang='grc' dir='ltr'><strong>τὸ</strong></span> 
     </span>
    </p>
   </div>
   <div class='ocr_carea' id='block_1_15' title="bbox 382 1270 1957 1345">
    <p class='ocr_par' dir='ltr' id='par_1_15' title="bbox 382 1270 1957 1345">
     <span class='ocr_line' id='line_1_15' title="bbox 382 1270 1957 1345; baseline 0 -19"><span class='ocrx_word' id='word_1_107' title='bbox 382 1272 580 1343; x_wconf 77' lang='grc' dir='ltr'>πτῶμα</span> <span class='ocrx_word' id='word_1_108' title='bbox 616 1270 806 1339; x_wconf 82' lang='grc' dir='ltr'>τοῦτο,</span> <span class='ocrx_word' id='word_1_109' title='bbox 846 1272 1033 1345; x_wconf 84' lang='grc' dir='ltr'>ὥσπερ</span> <span class='ocrx_word' id='word_1_110' title='bbox 1074 1274 1135 1327; x_wconf 80' lang='grc' dir='ltr'><strong>τὸ</strong></span> <span class='ocrx_word' id='word_1_111' title='bbox 1181 1273 1357 1345; x_wconf 80' lang='grc' dir='ltr'>φρέαρ</span> <span class='ocrx_word' id='word_1_112' title='bbox 1395 1273 1494 1344; x_wconf 77' lang='grc' dir='ltr'>τῆς</span> <span class='ocrx_word' id='word_1_113' title='bbox 1525 1274 1831 1337; x_wconf 79' lang='grc' dir='ltr'>ἀπωλείας,</span> <span class='ocrx_word' id='word_1_114' title='bbox 1861 1274 1957 1344; x_wconf 70' lang='grc' dir='ltr'><strong>φά.</strong></span> 
     </span>
    </p>
   </div>
   <div class='ocr_carea' id='block_1_16' title="bbox 381 1364 1955 1437">
    <p class='ocr_par' dir='ltr' id='par_1_16' title="bbox 381 1364 1955 1437">
     <span class='ocr_line' id='line_1_16' title="bbox 381 1364 1955 1437; baseline 0.001 -20"><span class='ocrx_word' id='word_1_115' title='bbox 381 1365 474 1417; x_wconf 72' lang='grc' dir='ltr'><strong>δον</strong></span> <span class='ocrx_word' id='word_1_116' title='bbox 498 1365 593 1419; x_wconf 77' lang='grc' dir='ltr'><strong>καὶ</strong></span> <span class='ocrx_word' id='word_1_117' title='bbox 622 1365 802 1437; x_wconf 76' lang='grc' dir='ltr'>φρίξεν</span> <span class='ocrx_word' id='word_1_118' title='bbox 831 1365 1135 1435; x_wconf 79' lang='grc' dir='ltr'>ἐμποιήσω,</span> <span class='ocrx_word' id='word_1_119' title='bbox 1171 1367 1251 1428; x_wconf 86' lang='grc' dir='ltr'><strong>είς</strong></span> <span class='ocrx_word' id='word_1_120' title='bbox 1275 1365 1336 1419; x_wconf 85' lang='grc' dir='ltr'><strong>τὸ</strong></span> <span class='ocrx_word' id='word_1_121' title='bbox 1364 1364 1439 1435; x_wconf 77' lang='grc' dir='ltr'>μὴ</span> <span class='ocrx_word' id='word_1_122' title='bbox 1472 1366 1633 1435; x_wconf 83' lang='grc' dir='ltr'>μόνον</span> <span class='ocrx_word' id='word_1_123' title='bbox 1656 1365 1955 1435; x_wconf 77' lang='grc' dir='ltr'>ἀποδρᾶναι</span> 
     </span>
    </p>
   </div>
   <div class='ocr_carea' id='block_1_17' title="bbox 377 1455 1954 1528">
    <p class='ocr_par' dir='ltr' id='par_1_17' title="bbox 377 1455 1954 1528">
     <span class='ocr_line' id='line_1_17' title="bbox 377 1455 1954 1528; baseline 0.001 -20"><span class='ocrx_word' id='word_1_124' title='bbox 377 1458 503 1520; x_wconf 77' lang='grc' dir='ltr'>τοὺς</span> <span class='ocrx_word' id='word_1_125' title='bbox 530 1457 807 1519; x_wconf 77' lang='grc' dir='ltr'>συνετοὺς,</span> <span class='ocrx_word' id='word_1_126' title='bbox 846 1456 982 1509; x_wconf 85' lang='grc' dir='ltr'><strong>ἀλλά</strong></span> <span class='ocrx_word' id='word_1_127' title='bbox 1014 1456 1107 1509; x_wconf 84' lang='grc' dir='ltr'>καὶ</span> <span class='ocrx_word' id='word_1_128' title='bbox 1141 1455 1499 1510; x_wconf 84' lang='grc' dir='ltr'>καταλιθάσαι</span> <span class='ocrx_word' id='word_1_129' title='bbox 1528 1456 1619 1510; x_wconf 84' lang='grc' dir='ltr'><strong>τὸν</strong></span> <span class='ocrx_word' id='word_1_130' title='bbox 1649 1458 1707 1510; x_wconf 88' lang='grc' dir='ltr'>ἐν</span> <span class='ocrx_word' id='word_1_131' title='bbox 1745 1457 1821 1528; x_wconf 82' lang='grc' dir='ltr'><strong>τῷ</strong></span> <span class='ocrx_word' id='word_1_132' title='bbox 1861 1456 1954 1526; x_wconf 88' lang='grc' dir='ltr'><strong>βα-</strong></span> 
     </span>
    </p>
   </div>
   <div class='ocr_carea' id='block_1_18' title="bbox 382 1544 1956 1618">
    <p class='ocr_par' dir='ltr' id='par_1_18' title="bbox 382 1544 1956 1618">
     <span class='ocr_line' id='line_1_18' title="bbox 382 1544 1956 1618; baseline 0.001 -18"><span class='ocrx_word' id='word_1_133' title='bbox 382 1547 566 1618; x_wconf 84' lang='grc' dir='ltr'>ράθρῳ</span> <span class='ocrx_word' id='word_1_134' title='bbox 598 1544 786 1600; x_wconf 88' lang='grc' dir='ltr'>τοῦτον</span> <span class='ocrx_word' id='word_1_135' title='bbox 833 1546 1044 1600; x_wconf 83' lang='grc' dir='ltr'>σκολιὸν</span> <span class='ocrx_word' id='word_1_136' title='bbox 1090 1545 1213 1614; x_wconf 71' lang='grc' dir='ltr'><strong>ὅφιν</strong></span> <span class='ocrx_word' id='word_1_137' title='bbox 1251 1546 1345 1598; x_wconf 78' lang='grc' dir='ltr'><strong>καὶ</strong></span> <span class='ocrx_word' id='word_1_138' title='bbox 1380 1545 1724 1616; x_wconf 79' lang='grc' dir='ltr'>βασιλίσκον,</span> <span class='ocrx_word' id='word_1_139' title='bbox 1772 1548 1852 1609; x_wconf 85' lang='grc' dir='ltr'><strong>εἰς</strong></span> <span class='ocrx_word' id='word_1_140' title='bbox 1894 1546 1956 1601; x_wconf 83' lang='grc' dir='ltr'>τὸ</span> 
     </span>
    </p>
   </div>
   <div class='ocr_carea' id='block_1_19' title="bbox 381 1631 1954 1706">
    <p class='ocr_par' dir='ltr' id='par_1_19' title="bbox 381 1631 1954 1706">
     <span class='ocr_line' id='line_1_19' title="bbox 381 1631 1954 1706; baseline 0.001 -20"><span class='ocrx_word' id='word_1_141' title='bbox 381 1634 517 1705; x_wconf 81' lang='grc' dir='ltr'>μηδὲ</span> <span class='ocrx_word' id='word_1_142' title='bbox 570 1634 865 1706; x_wconf 79' lang='grc' dir='ltr'><strong>πλησιάσαι</strong></span> <span class='ocrx_word' id='word_1_143' title='bbox 902 1632 1027 1687; x_wconf 79' lang='grc' dir='ltr'>τινὰ</span> <span class='ocrx_word' id='word_1_144' title='bbox 1072 1633 1296 1705; x_wconf 85' lang='grc' dir='ltr'>τολμᾷν.</span> <span class='ocrx_word' id='word_1_145' title='bbox 1346 1632 1451 1687; x_wconf 75' lang='grc' dir='ltr'>Καὶ</span> <span class='ocrx_word' id='word_1_146' title='bbox 1494 1631 1668 1686; x_wconf 88' lang='grc' dir='ltr'>ταῦτα</span> <span class='ocrx_word' id='word_1_147' title='bbox 1714 1634 1817 1704; x_wconf 79' lang='grc' dir='ltr'>μὲν</span> <span class='ocrx_word' id='word_1_148' title='bbox 1849 1633 1954 1705; x_wconf 65' lang='grc' dir='ltr'>ἤδη</span> 
     </span>
    </p>
   </div>
   <div class='ocr_carea' id='block_1_20' title="bbox 378 1722 1955 1798">
    <p class='ocr_par' dir='ltr' id='par_1_20' title="bbox 378 1722 1955 1798">
     <span class='ocr_line' id='line_1_20' title="bbox 378 1722 1955 1798; baseline 0 -19"><span class='ocrx_word' id='word_1_149' title='bbox 378 1726 507 1798; x_wconf 71' lang='grc' dir='ltr'>περὶ</span> <span class='ocrx_word' id='word_1_150' title='bbox 535 1727 712 1780; x_wconf 78' lang='grc' dir='ltr'>αὐτῶν</span> <span class='ocrx_word' id='word_1_151' title='bbox 743 1726 1027 1798; x_wconf 77' lang='grc' dir='ltr'><strong>εἰρημένα,</strong></span> <span class='ocrx_word' id='word_1_152' title='bbox 1067 1722 1221 1794; x_wconf 83' lang='grc' dir='ltr'><strong>ὀλίγα</strong></span> <span class='ocrx_word' id='word_1_153' title='bbox 1250 1723 1373 1779; x_wconf 78' lang='grc' dir='ltr'>τινὰ</span> <span class='ocrx_word' id='word_1_154' title='bbox 1406 1725 1557 1791; x_wconf 74' lang='grc' dir='ltr'>ὄντα,</span> <span class='ocrx_word' id='word_1_155' title='bbox 1585 1726 1643 1778; x_wconf 85' lang='grc' dir='ltr'><strong>ἐν</strong></span> <span class='ocrx_word' id='word_1_156' title='bbox 1682 1724 1837 1796; x_wconf 82' lang='grc' dir='ltr'>μέρει</span> <span class='ocrx_word' id='word_1_157' title='bbox 1868 1742 1955 1779; x_wconf 79' lang='grc' dir='ltr'>τε·</span> 
     </span>
    </p>
   </div>
   <div class='ocr_carea' id='block_1_21' title="bbox 377 1817 581 1887">
    <p class='ocr_par' dir='ltr' id='par_1_21' title="bbox 377 1817 581 1887">
     <span class='ocr_line' id='line_1_21' title="bbox 377 1817 581 1887; baseline 0.005 -17"><span class='ocrx_word' id='word_1_158' title='bbox 377 1817 581 1887; x_wconf 81' lang='grc' dir='ltr'>τάχθω.</span> 
     </span>
    </p>
   </div>
   <div class='ocr_carea' id='block_1_22' title="bbox 2058 913 3621 986">
    <p class='ocr_par' dir='ltr' id='par_1_22' title="bbox 2058 913 3621 986">
     <span class='ocr_line' id='line_1_22' title="bbox 2058 913 3621 986; baseline -0.002 -16"><span class='ocrx_word' id='word_1_159' title='bbox 2058 929 2120 970; x_wconf 85' lang='lat' dir='ltr'><strong>re</strong></span> <span class='ocrx_word' id='word_1_160' title='bbox 2171 914 2421 970; x_wconf 84' lang='lat' dir='ltr'><strong>nonnihil</strong></span> <span class='ocrx_word' id='word_1_161' title='bbox 2466 922 2630 970; x_wconf 89' lang='lat' dir='ltr'><strong>antea</strong></span> <span class='ocrx_word' id='word_1_162' title='bbox 2675 914 3130 986; x_wconf 82' lang='lat' dir='ltr'><strong>signiﬁcavimus.</strong></span> <span class='ocrx_word' id='word_1_163' title='bbox 3180 913 3320 969; x_wconf 89' lang='lat' dir='ltr'><strong>Sunt</strong></span> <span class='ocrx_word' id='word_1_164' title='bbox 3362 914 3453 985; x_wconf 88' lang='lat' dir='ltr'><strong>qui</strong></span> <span class='ocrx_word' id='word_1_165' title='bbox 3489 913 3621 968; x_wconf 84' lang='lat' dir='ltr'><strong>Zac-</strong></span> 
     </span>
    </p>
   </div>
   <div class='ocr_carea' id='block_1_23' title="bbox 2052 1004 3621 1085">
    <p class='ocr_par' dir='ltr' id='par_1_23' title="bbox 2052 1004 3621 1085">
     <span class='ocr_line' id='line_1_23' title="bbox 2052 1004 3621 1085; baseline -0.003 -25"><span class='ocrx_word' id='word_1_166' title='bbox 2052 1004 2239 1061; x_wconf 63' lang='lat' dir='ltr'><strong>ehzeos</strong></span> <span class='ocrx_word' id='word_1_167' title='bbox 2264 1013 2482 1068; x_wconf 85' lang='lat' dir='ltr'><strong>vocent,</strong></span> <span class='ocrx_word' id='word_1_168' title='bbox 2514 1005 2607 1059; x_wconf 86' lang='lat' dir='ltr'><strong>alii</strong></span> <span class='ocrx_word' id='word_1_169' title='bbox 2638 1005 2966 1064; x_wconf 88' lang='lat' dir='ltr'><strong>Barbelitas.</strong></span> <span class='ocrx_word' id='word_1_170' title='bbox 2997 1004 3292 1061; x_wconf 83' lang='lat' dir='ltr'><strong>Enimvero</strong></span> <span class='ocrx_word' id='word_1_171' title='bbox 3323 1020 3449 1085; x_wconf 61' lang='lat' dir='ltr'><strong>cum</strong></span> <span class='ocrx_word' id='word_1_172' title='bbox 3498 1005 3621 1058; x_wconf 77' lang='lat' dir='ltr'><strong>Imi-</strong></span> 
     </span>
    </p>
   </div>
   <div class='ocr_carea' id='block_1_24' title="bbox 2057 1095 3622 1167">
    <p class='ocr_par' dir='ltr' id='par_1_24' title="bbox 2057 1095 3622 1167">
     <span class='ocr_line' id='line_1_24' title="bbox 2057 1095 3622 1167; baseline 0.001 -19"><span class='ocrx_word' id='word_1_173' title='bbox 2057 1109 2212 1149; x_wconf 88' lang='lat' dir='ltr'><strong>versa</strong></span> <span class='ocrx_word' id='word_1_174' title='bbox 2244 1095 2661 1160; x_wconf 74' lang='lat' dir='ltr'><strong>praetermittere</strong></span> <span class='ocrx_word' id='word_1_175' title='bbox 2705 1112 2994 1167; x_wconf 85' lang='lat' dir='ltr'><strong>nequeam,</strong></span> <span class='ocrx_word' id='word_1_176' title='bbox 3019 1096 3283 1153; x_wconf 84' lang='lat' dir='ltr'><strong>nonnulla</strong></span> <span class='ocrx_word' id='word_1_177' title='bbox 3308 1109 3622 1153; x_wconf 76' lang='lat' dir='ltr'><strong>necessario</strong></span> 
     </span>
    </p>
   </div>
   <div class='ocr_carea' id='block_1_25' title="bbox 2054 1184 3731 1257">
    <p class='ocr_par' dir='ltr' id='par_1_25' title="bbox 2054 1184 3731 1257">
     <span class='ocr_line' id='line_1_25' title="bbox 2054 1184 3731 1257; baseline 0.001 -17"><span class='ocrx_word' id='word_1_178' title='bbox 2054 1184 2130 1242; x_wconf 86' lang='lat' dir='ltr'><strong>de</strong></span> <span class='ocrx_word' id='word_1_179' title='bbox 2157 1185 2267 1241; x_wconf 87' lang='lat' dir='ltr'><strong>illis</strong></span> <span class='ocrx_word' id='word_1_180' title='bbox 2294 1186 2611 1257; x_wconf 85' lang='lat' dir='ltr'><strong>attingenda</strong></span> <span class='ocrx_word' id='word_1_181' title='bbox 2657 1195 2807 1243; x_wconf 88' lang='lat' dir='ltr'><strong>sunt.</strong></span> <span class='ocrx_word' id='word_1_182' title='bbox 2845 1186 2983 1242; x_wconf 87' lang='lat' dir='ltr'><strong>Nam</strong></span> <span class='ocrx_word' id='word_1_183' title='bbox 3033 1196 3086 1242; x_wconf 90' lang='lat' dir='ltr'><strong>et</strong></span> <span class='ocrx_word' id='word_1_184' title='bbox 3134 1194 3361 1243; x_wconf 78' lang='lat' dir='ltr'><strong>sanctus</strong></span> <span class='ocrx_word' id='word_1_185' title='bbox 3407 1184 3621 1255; x_wconf 72' lang='lat' dir='ltr'><strong>Moyses</strong></span> <span class='ocrx_word' id='word_1_186' title='bbox 3728 1206 3731 1207; x_wconf 57' lang='lat'><strong><em>&#39;</em></strong></span> 
     </span>
    </p>
   </div>
   <div class='ocr_carea' id='block_1_26' title="bbox 2050 1276 3620 1349">
    <p class='ocr_par' dir='ltr' id='par_1_26' title="bbox 2050 1276 3620 1349">
     <span class='ocr_line' id='line_1_26' title="bbox 2050 1276 3620 1349; baseline 0.001 -19"><span class='ocrx_word' id='word_1_187' title='bbox 2050 1276 2231 1349; x_wconf 80' lang='lat' dir='ltr'><strong>divini</strong></span> <span class='ocrx_word' id='word_1_188' title='bbox 2255 1276 2493 1348; x_wconf 76' lang='lat' dir='ltr'><strong>Spiritus</strong></span> <span class='ocrx_word' id='word_1_189' title='bbox 2525 1279 2996 1349; x_wconf 50' lang='lat' dir='ltr'><strong>afﬂatuoscripsit:</strong></span> <span class='ocrx_word' id='word_1_190' title='bbox 3020 1278 3081 1334; x_wconf 84' lang='lat' dir='ltr'><strong>Si</strong></span> <span class='ocrx_word' id='word_1_191' title='bbox 3108 1279 3237 1349; x_wconf 84' lang='lat' dir='ltr'><strong>quis</strong></span> <span class='ocrx_word' id='word_1_192' title='bbox 3266 1276 3620 1349; x_wconf 74' lang='lat' dir='ltr'><strong>parricidium</strong></span> 
     </span>
    </p>
   </div>
   <div class='ocr_carea' id='block_1_27' title="bbox 2050 1365 3622 1435">
    <p class='ocr_par' dir='ltr' id='par_1_27' title="bbox 2050 1365 3622 1435">
     <span class='ocr_line' id='line_1_27' title="bbox 2050 1365 3622 1435; baseline 0.003 -15"><span class='ocrx_word' id='word_1_193' title='bbox 2050 1365 2276 1433; x_wconf 85' lang='lat' dir='ltr'><strong>viderit,</strong></span> <span class='ocrx_word' id='word_1_194' title='bbox 2306 1382 2408 1424; x_wconf 89' lang='lat' dir='ltr'><strong>nec</strong></span> <span class='ocrx_word' id='word_1_195' title='bbox 2434 1367 2866 1435; x_wconf 78' lang='lat' dir='ltr'><strong>denuntiaverit,</strong></span> <span class='ocrx_word' id='word_1_196' title='bbox 2885 1369 3245 1425; x_wconf 75' lang='lat' dir='ltr'><strong>exsecrabilis</strong></span> <span class='ocrx_word' id='word_1_197' title='bbox 3273 1375 3412 1423; x_wconf 85' lang='lat' dir='ltr'><strong>esto.</strong></span> <span class='ocrx_word' id='word_1_198' title='bbox 3438 1366 3622 1434; x_wconf 70' lang='lat' dir='ltr'><strong>Quare</strong></span> 
     </span>
    </p>
   </div>
   <div class='ocr_carea' id='block_1_28' title="bbox 2051 1457 3619 1530">
    <p class='ocr_par' dir='ltr' id='par_1_28' title="bbox 2051 1457 3619 1530">
     <span class='ocr_line' id='line_1_28' title="bbox 2051 1457 3619 1530; baseline -0.003 -14"><span class='ocrx_word' id='word_1_199' title='bbox 2051 1472 2163 1511; x_wconf 79' lang='lat' dir='ltr'><strong>non</strong></span> <span class='ocrx_word' id='word_1_200' title='bbox 2207 1473 2434 1528; x_wconf 82' lang='lat' dir='ltr'><strong>possum</strong></span> <span class='ocrx_word' id='word_1_201' title='bbox 2490 1459 2768 1530; x_wconf 72' lang='lat' dir='ltr'><strong>ingentem</strong></span> <span class='ocrx_word' id='word_1_202' title='bbox 2826 1460 2975 1514; x_wconf 87' lang='lat' dir='ltr'><strong>illam</strong></span> <span class='ocrx_word' id='word_1_203' title='bbox 3021 1459 3224 1514; x_wconf 64' lang='lat' dir='ltr'><strong>caedem</strong></span> <span class='ocrx_word' id='word_1_204' title='bbox 3274 1474 3342 1513; x_wconf 85' lang='lat' dir='ltr'><strong>ac</strong></span> <span class='ocrx_word' id='word_1_205' title='bbox 3386 1457 3619 1528; x_wconf 82' lang='lat' dir='ltr'><strong>parrici-</strong></span> 
     </span>
    </p>
   </div>
   <div class='ocr_carea' id='block_1_29' title="bbox 2049 1544 3618 1620">
    <p class='ocr_par' dir='ltr' id='par_1_29' title="bbox 2049 1544 3618 1620">
     <span class='ocr_line' id='line_1_29' title="bbox 2049 1544 3618 1620; baseline 0.001 -20"><span class='ocrx_word' id='word_1_206' title='bbox 2049 1544 2199 1602; x_wconf 85' lang='lat' dir='ltr'><strong>diale</strong></span> <span class='ocrx_word' id='word_1_207' title='bbox 2230 1546 2447 1604; x_wconf 82' lang='lat' dir='ltr'><strong>facinus</strong></span> <span class='ocrx_word' id='word_1_208' title='bbox 2475 1548 2922 1620; x_wconf 59' lang='lat' dir='ltr'><strong>praetermittere:</strong></span> <span class='ocrx_word' id='word_1_209' title='bbox 2953 1563 3064 1603; x_wconf 83' lang='lat' dir='ltr'><strong>non</strong></span> <span class='ocrx_word' id='word_1_210' title='bbox 3095 1563 3344 1618; x_wconf 87' lang='lat' dir='ltr'><strong>possum,</strong></span> <span class='ocrx_word' id='word_1_211' title='bbox 3373 1548 3618 1617; x_wconf 82' lang='lat' dir='ltr'><strong>inquam,</strong></span> 
     </span>
    </p>
   </div>
   <div class='ocr_carea' id='block_1_30' title="bbox 2057 1634 3621 1708">
    <p class='ocr_par' dir='ltr' id='par_1_30' title="bbox 2057 1634 3621 1708">
     <span class='ocr_line' id='line_1_30' title="bbox 2057 1634 3621 1708; baseline 0.001 -20"><span class='ocrx_word' id='word_1_212' title='bbox 2057 1634 2189 1689; x_wconf 89' lang='lat' dir='ltr'><strong>illud</strong></span> <span class='ocrx_word' id='word_1_213' title='bbox 2212 1651 2320 1691; x_wconf 88' lang='lat' dir='ltr'><strong>non</strong></span> <span class='ocrx_word' id='word_1_214' title='bbox 2341 1636 2568 1690; x_wconf 84' lang='lat' dir='ltr'><strong>omnino</strong></span> <span class='ocrx_word' id='word_1_215' title='bbox 2599 1636 2871 1708; x_wconf 75' lang='lat' dir='ltr'><strong>detegere.</strong></span> <span class='ocrx_word' id='word_1_216' title='bbox 2909 1635 3189 1693; x_wconf 83' lang='lat' dir='ltr'><strong>Fortassis</strong></span> <span class='ocrx_word' id='word_1_217' title='bbox 3217 1638 3360 1691; x_wconf 90' lang='lat' dir='ltr'><strong>enim</strong></span> <span class='ocrx_word' id='word_1_218' title='bbox 3397 1638 3443 1693; x_wconf 87' lang='lat' dir='ltr'><strong>si</strong></span> <span class='ocrx_word' id='word_1_219' title='bbox 3481 1650 3621 1705; x_wconf 76' lang='lat' dir='ltr'><strong>prae-</strong></span> 
     </span>
    </p>
   </div>
   <div class='ocr_carea' id='block_1_31' title="bbox 2055 1708 3620 1797">
    <p class='ocr_par' dir='ltr' id='par_1_31' title="bbox 2055 1708 3620 1797">
     <span class='ocr_line' id='line_1_31' title="bbox 2055 1708 3620 1797; baseline -0.001 -17"><span class='ocrx_word' id='word_1_220' title='bbox 2055 1725 2277 1797; x_wconf 85' lang='lat' dir='ltr'><strong>cipitem</strong></span> <span class='ocrx_word' id='word_1_221' title='bbox 2320 1724 2463 1781; x_wconf 87' lang='lat' dir='ltr'><strong>hanc</strong></span> <span class='ocrx_word' id='word_1_222' title='bbox 2507 1727 2744 1789; x_wconf 85' lang='lat' dir='ltr'><strong>ruinam,</strong></span> <span class='ocrx_word' id='word_1_223' title='bbox 2800 1708 2953 1781; x_wconf 66' lang='lat' dir='ltr'><strong>velut</strong></span> <span class='ocrx_word' id='word_1_224' title='bbox 2994 1727 3150 1781; x_wconf 76' lang='lat' dir='ltr'><strong>exitii</strong></span> <span class='ocrx_word' id='word_1_225' title='bbox 3204 1734 3449 1797; x_wconf 70' lang='lat' dir='ltr'><strong>puteum,</strong></span> <span class='ocrx_word' id='word_1_226' title='bbox 3490 1741 3620 1796; x_wconf 81' lang='lat' dir='ltr'><strong>pru-</strong></span> 
     </span>
    </p>
   </div>
   <div class='ocr_carea' id='block_1_32' title="bbox 2051 1815 3621 1881">
    <p class='ocr_par' dir='ltr' id='par_1_32' title="bbox 2051 1815 3621 1881">
     <span class='ocr_line' id='line_1_32' title="bbox 2051 1815 3621 1881; baseline -0.001 -10"><span class='ocrx_word' id='word_1_227' title='bbox 2051 1815 2312 1872; x_wconf 75' lang='lat' dir='ltr'><strong>dentibus</strong></span> <span class='ocrx_word' id='word_1_228' title='bbox 2345 1816 2658 1881; x_wconf 85' lang='lat' dir='ltr'><strong>ostendero,</strong></span> <span class='ocrx_word' id='word_1_229' title='bbox 2688 1825 2891 1872; x_wconf 89' lang='lat' dir='ltr'><strong>metum</strong></span> <span class='ocrx_word' id='word_1_230' title='bbox 2938 1817 3007 1873; x_wconf 90' lang='lat' dir='ltr'><strong>iis</strong></span> <span class='ocrx_word' id='word_1_231' title='bbox 3052 1830 3131 1872; x_wconf 67' lang='lat' dir='ltr'><strong>ac&#39;</strong></span> <span class='ocrx_word' id='word_1_232' title='bbox 3157 1824 3420 1872; x_wconf 87' lang='lat' dir='ltr'><strong>terrorem</strong></span> <span class='ocrx_word' id='word_1_233' title='bbox 3468 1817 3621 1870; x_wconf 84' lang='lat' dir='ltr'><strong>incu-</strong></span> 
     </span>
    </p>
   </div>
   <div class='ocr_carea' id='block_1_33' title="bbox 376 1902 3625 1979">
    <p class='ocr_par' dir='ltr' id='par_1_33' title="bbox 376 1902 3625 1979">
     <span class='ocr_line' id='line_1_33' title="bbox 376 1902 3625 1979; baseline -0 -18"><span class='ocrx_word' id='word_1_234' title='bbox 376 1909 533 1974; x_wconf 85' lang='lat' dir='ltr'><strong>tiam,</strong></span> <span class='ocrx_word' id='word_1_235' title='bbox 568 1917 627 1963; x_wconf 90' lang='lat' dir='ltr'><strong>ut</strong></span> <span class='ocrx_word' id='word_1_236' title='bbox 653 1924 763 1965; x_wconf 87' lang='lat' dir='ltr'><strong>non</strong></span> <span class='ocrx_word' id='word_1_237' title='bbox 797 1907 957 1963; x_wconf 89' lang='lat' dir='ltr'><strong>modo</strong></span> <span class='ocrx_word' id='word_1_238' title='bbox 1019 1905 1227 1976; x_wconf 79' lang='lat' dir='ltr'><strong>fugiant</strong></span> <span class='ocrx_word' id='word_1_239' title='bbox 1261 1905 1385 1976; x_wconf 89' lang='lat' dir='ltr'><strong>ipsi,</strong></span> <span class='ocrx_word' id='word_1_240' title='bbox 1424 1902 1519 1961; x_wconf 90' lang='lat' dir='ltr'><strong>sed</strong></span> <span class='ocrx_word' id='word_1_241' title='bbox 1553 1916 1607 1961; x_wconf 89' lang='lat' dir='ltr'><strong>et</strong></span> <span class='ocrx_word' id='word_1_242' title='bbox 1646 1913 1958 1962; x_wconf 87' lang='lat' dir='ltr'><strong>tortuosum</strong></span> <span class='ocrx_word' id='word_1_243' title='bbox 1998 1906 2152 1961; x_wconf 90' lang='lat' dir='ltr'><strong>illum</strong></span> <span class='ocrx_word' id='word_1_244' title='bbox 2187 1908 2243 1962; x_wconf 88' lang='lat' dir='ltr'><strong>in</strong></span> <span class='ocrx_word' id='word_1_245' title='bbox 2281 1923 2344 1964; x_wconf 85' lang='lat' dir='ltr'><strong>ea</strong></span> <span class='ocrx_word' id='word_1_246' title='bbox 2379 1909 2638 1978; x_wconf 81' lang='lat' dir='ltr'><strong>voragine</strong></span> <span class='ocrx_word' id='word_1_247' title='bbox 2658 1917 2973 1979; x_wconf 86' lang='lat' dir='ltr'><strong>serpentem</strong></span> <span class='ocrx_word' id='word_1_248' title='bbox 3035 1923 3102 1963; x_wconf 90' lang='lat' dir='ltr'><strong>ac</strong></span> <span class='ocrx_word' id='word_1_249' title='bbox 3141 1908 3457 1964; x_wconf 84' lang='lat' dir='ltr'><strong>basiliscum</strong></span> <span class='ocrx_word' id='word_1_250' title='bbox 3497 1906 3625 1976; x_wconf 80' lang='lat' dir='ltr'><strong>lapi-</strong></span> 
     </span>
    </p>
   </div>
   <div class='ocr_carea' id='block_1_34' title="bbox 378 1994 3624 2077">
    <p class='ocr_par' dir='ltr' id='par_1_34' title="bbox 378 1994 3624 2077">
     <span class='ocr_line' id='line_1_34' title="bbox 378 1994 3624 2077; baseline -0.001 -22"><span class='ocrx_word' id='word_1_251' title='bbox 378 1998 539 2055; x_wconf 76' lang='lat' dir='ltr'><strong>dibus</strong></span> <span class='ocrx_word' id='word_1_252' title='bbox 572 2001 827 2065; x_wconf 86' lang='lat' dir='ltr'><strong>obruant,</strong></span> <span class='ocrx_word' id='word_1_253' title='bbox 881 2008 941 2054; x_wconf 91' lang='lat' dir='ltr'><strong>ut</strong></span> <span class='ocrx_word' id='word_1_254' title='bbox 986 2001 1170 2055; x_wconf 90' lang='lat' dir='ltr'><strong>nullus</strong></span> <span class='ocrx_word' id='word_1_255' title='bbox 1209 2000 1482 2069; x_wconf 83' lang='lat' dir='ltr'><strong>deinceps</strong></span> <span class='ocrx_word' id='word_1_256' title='bbox 1517 1994 1715 2053; x_wconf 88' lang='lat' dir='ltr'><strong>audeat</strong></span> <span class='ocrx_word' id='word_1_257' title='bbox 1760 1998 2040 2077; x_wconf 73' lang='lat' dir='ltr'><strong>accedere.</strong></span> <span class='ocrx_word' id='word_1_258' title='bbox 2087 2001 2267 2071; x_wconf 83' lang='lat' dir='ltr'><strong>Atque</strong></span> <span class='ocrx_word' id='word_1_259' title='bbox 2314 2000 2430 2056; x_wconf 74' lang='lat' dir='ltr'><strong>haec</strong></span> <span class='ocrx_word' id='word_1_260' title='bbox 2461 2000 2529 2056; x_wconf 91' lang='lat' dir='ltr'><strong>de</strong></span> <span class='ocrx_word' id='word_1_261' title='bbox 2578 1998 2689 2056; x_wconf 85' lang='lat' dir='ltr'><strong>illis</strong></span> <span class='ocrx_word' id='word_1_262' title='bbox 2748 2002 3016 2056; x_wconf 81' lang='lat' dir='ltr'><strong>hactenus</strong></span> <span class='ocrx_word' id='word_1_263' title='bbox 3067 1998 3213 2054; x_wconf 87' lang='lat' dir='ltr'><strong>dicta</strong></span> <span class='ocrx_word' id='word_1_264' title='bbox 3257 2009 3440 2063; x_wconf 85' lang='lat' dir='ltr'><strong>sunto,</strong></span> <span class='ocrx_word' id='word_1_265' title='bbox 3486 2013 3624 2069; x_wconf 86' lang='lat' dir='ltr'><strong>pau-</strong></span> 
     </span>
    </p>
   </div>
   <div class='ocr_carea' id='block_1_35' title="bbox 378 2084 1959 2160">
    <p class='ocr_par' dir='ltr' id='par_1_35' title="bbox 378 2084 1959 2160">
     <span class='ocr_line' id='line_1_35' title="bbox 378 2084 1959 2160; baseline -0.004 -14"><span class='ocrx_word' id='word_1_266' title='bbox 378 2108 439 2146; x_wconf 71' lang='lat' dir='ltr'><strong>ca</strong></span> <span class='ocrx_word' id='word_1_267' title='bbox 473 2091 541 2146; x_wconf 83' lang='lat' dir='ltr'><strong>de</strong></span> <span class='ocrx_word' id='word_1_268' title='bbox 580 2091 790 2156; x_wconf 82' lang='lat' dir='ltr'><strong>multis,</strong></span> <span class='ocrx_word' id='word_1_269' title='bbox 823 2084 1080 2160; x_wconf 80' lang='lat' dir='ltr'><strong>atque‘ex</strong></span> <span class='ocrx_word' id='word_1_270' title='bbox 1130 2096 1282 2159; x_wconf 79' lang='lat' dir='ltr'><strong>parte</strong></span> <span class='ocrx_word' id='word_1_271' title='bbox 1326 2087 1670 2144; x_wconf 86' lang='lat' dir='ltr'><strong>solummodo</strong></span> <span class='ocrx_word' id='word_1_272' title='bbox 1699 2086 1959 2141; x_wconf 87' lang='lat' dir='ltr'><strong>delibata.</strong></span> 
     </span>
    </p>
   </div>
   <div class='ocr_carea' id='block_1_36' title="bbox 450 2172 1970 2263">
    <p class='ocr_par' dir='ltr' id='par_1_36' title="bbox 450 2172 1948 2251">
     <span class='ocr_line' id='line_1_36' title="bbox 450 2172 1948 2251; baseline -0.005 -16"><span class='ocrx_word' id='word_1_273' title='bbox 450 2186 521 2236; x_wconf 80' lang='lat' dir='ltr'><strong>A&#39;.</strong></span> <span class='ocrx_word' id='word_1_274' title='bbox 563 2178 972 2251; x_wconf 85' lang='grc' dir='ltr'>Παρελεύσομαι</span> <span class='ocrx_word' id='word_1_275' title='bbox 1005 2176 1062 2232; x_wconf 79' lang='grc' dir='ltr'>δὲ</span> <span class='ocrx_word' id='word_1_276' title='bbox 1091 2179 1171 2241; x_wconf 78' lang='grc' dir='ltr'><strong>εἰς</strong></span> <span class='ocrx_word' id='word_1_277' title='bbox 1207 2175 1300 2230; x_wconf 77' lang='grc' dir='ltr'>τὸν</span> <span class='ocrx_word' id='word_1_278' title='bbox 1340 2172 1489 2230; x_wconf 72' lang='grc' dir='ltr'>οἷκον</span> <span class='ocrx_word' id='word_1_279' title='bbox 1518 2175 1613 2229; x_wconf 87' lang='grc' dir='ltr'><strong>τοῦ</strong></span> <span class='ocrx_word' id='word_1_280' title='bbox 1650 2174 1812 2246; x_wconf 85' lang='grc' dir='ltr'>βυθοῦ</span> <span class='ocrx_word' id='word_1_281' title='bbox 1849 2175 1948 2246; x_wconf 83' lang='grc' dir='ltr'>τῆς</span> 
     </span>
    </p>
   </div>
   <div class='ocr_carea' id='block_1_37' title="bbox 2068 2172 3618 2263">
    <p class='ocr_par' dir='ltr' id='par_1_37' title="bbox 2116 2188 3618 2263">
     <span class='ocr_line' id='line_1_37' title="bbox 2116 2188 3618 2263; baseline 0.002 -20"><span class='ocrx_word' id='word_1_282' title='bbox 2116 2188 2208 2246; x_wconf 81' lang='lat' dir='ltr'><strong>iV.</strong></span> <span class='ocrx_word' id='word_1_283' title='bbox 2249 2189 2403 2248; x_wconf 77' lang='lat' dir='ltr'><strong>Nunc</strong></span> <span class='ocrx_word' id='word_1_284' title='bbox 2451 2191 2520 2247; x_wconf 87' lang='lat' dir='ltr'><strong>ad</strong></span> <span class='ocrx_word' id='word_1_285' title='bbox 2562 2192 2835 2263; x_wconf 64' lang='lat' dir='ltr'><strong>pestiferze</strong></span> <span class='ocrx_word' id='word_1_286' title='bbox 2880 2193 3099 2250; x_wconf 90' lang='lat' dir='ltr'><strong>illorum</strong></span> <span class='ocrx_word' id='word_1_287' title='bbox 3145 2193 3416 2249; x_wconf 67' lang='lat' dir='ltr'><strong>doctrinm</strong></span> <span class='ocrx_word' id='word_1_288' title='bbox 3468 2193 3618 2248; x_wconf 77' lang='lat' dir='ltr'><strong>velut</strong></span> 
     </span>
    </p>
   </div>
   <div class='ocr_carea' id='block_1_38' title="bbox 380 2265 1970 2352">
    <p class='ocr_par' dir='ltr' id='par_1_38' title="bbox 380 2265 1952 2341">
     <span class='ocr_line' id='line_1_38' title="bbox 380 2265 1952 2341; baseline -0.004 -14"><span class='ocrx_word' id='word_1_289' title='bbox 380 2272 718 2335; x_wconf 79' lang='grc' dir='ltr'><strong>θανατώδους</strong></span> <span class='ocrx_word' id='word_1_290' title='bbox 765 2270 945 2324; x_wconf 83' lang='grc' dir='ltr'>αὐτῶν</span> <span class='ocrx_word' id='word_1_291' title='bbox 988 2268 1310 2341; x_wconf 74' lang='grc' dir='ltr'><strong>διηγήσεως.</strong></span> <span class='ocrx_word' id='word_1_292' title='bbox 1362 2267 1626 2340; x_wconf 83' lang='grc' dir='ltr'>Διάφορος</span> <span class='ocrx_word' id='word_1_293' title='bbox 1673 2265 1781 2337; x_wconf 83' lang='grc' dir='ltr'><strong>γὰρ</strong></span> <span class='ocrx_word' id='word_1_294' title='bbox 1822 2268 1952 2338; x_wconf 80' lang='grc' dir='ltr'>παρ’</span> 
     </span>
    </p>
   </div>
   <div class='ocr_carea' id='block_1_39' title="bbox 2068 2265 3622 2352">
    <p class='ocr_par' dir='ltr' id='par_1_39' title="bbox 2068 2279 3622 2352">
     <span class='ocr_line' id='line_1_39' title="bbox 2068 2279 3622 2352; baseline 0.002 -16"><span class='ocrx_word' id='word_1_295' title='bbox 2068 2279 2241 2336; x_wconf 71' lang='lat' dir='ltr'><strong>sedem</strong></span> <span class='ocrx_word' id='word_1_296' title='bbox 2280 2296 2344 2336; x_wconf 88' lang='lat' dir='ltr'><strong>ac</strong></span> <span class='ocrx_word' id='word_1_297' title='bbox 2397 2282 2709 2352; x_wconf 78' lang='lat' dir='ltr'><strong>voraginem</strong></span> <span class='ocrx_word' id='word_1_298' title='bbox 2763 2298 2851 2338; x_wconf 91' lang='lat' dir='ltr'><strong>me</strong></span> <span class='ocrx_word' id='word_1_299' title='bbox 2897 2283 3200 2339; x_wconf 82' lang='lat' dir='ltr'><strong>conferam.</strong></span> <span class='ocrx_word' id='word_1_300' title='bbox 3263 2283 3424 2339; x_wconf 84' lang='lat' dir='ltr'><strong>Varia</strong></span> <span class='ocrx_word' id='word_1_301' title='bbox 3471 2286 3622 2340; x_wconf 84' lang='lat' dir='ltr'><strong>enim</strong></span> 
     </span>
    </p>
   </div>
   <div class='ocr_carea' id='block_1_40' title="bbox 381 2356 1970 2455">
    <p class='ocr_par' dir='ltr' id='par_1_40' title="bbox 381 2356 1953 2432">
     <span class='ocr_line' id='line_1_40' title="bbox 381 2356 1953 2432; baseline -0.004 -16"><span class='ocrx_word' id='word_1_302' title='bbox 381 2365 562 2426; x_wconf 80' lang='grc' dir='ltr'>αὐτοῖς</span> <span class='ocrx_word' id='word_1_303' title='bbox 618 2363 651 2432; x_wconf 76' lang='grc' dir='ltr'>ἡ</span> <span class='ocrx_word' id='word_1_304' title='bbox 700 2360 798 2431; x_wconf 80' lang='grc' dir='ltr'>τῆς</span> <span class='ocrx_word' id='word_1_305' title='bbox 846 2359 1036 2431; x_wconf 80' lang='grc' dir='ltr'><strong>ἡδονῆς</strong></span> <span class='ocrx_word' id='word_1_306' title='bbox 1084 2357 1265 2413; x_wconf 69' lang='grc' dir='ltr'>αὐτῶν</span> <span class='ocrx_word' id='word_1_307' title='bbox 1312 2356 1789 2413; x_wconf 87' lang='grc' dir='ltr'>κακοδιδασκαλία.</span> <span class='ocrx_word' id='word_1_308' title='bbox 1833 2358 1953 2410; x_wconf 75' lang='grc' dir='ltr'>Ὀτι</span> 
     </span>
    </p>
   </div>
   <div class='ocr_carea' id='block_1_41' title="bbox 2068 2356 3621 2455">
    <p class='ocr_par' dir='ltr' id='par_1_41' title="bbox 2068 2370 3621 2446">
     <span class='ocr_line' id='line_1_41' title="bbox 2068 2370 3621 2446; baseline 0.005 -21"><span class='ocrx_word' id='word_1_309' title='bbox 2068 2371 2200 2442; x_wconf 74' lang='lat' dir='ltr'><strong>apud</strong></span> <span class='ocrx_word' id='word_1_310' title='bbox 2253 2373 2374 2428; x_wconf 88' lang='lat' dir='ltr'><strong>illos</strong></span> <span class='ocrx_word' id='word_1_311' title='bbox 2414 2370 2641 2429; x_wconf 73' lang='lat' dir='ltr'><strong>nefariae</strong></span> <span class='ocrx_word' id='word_1_312' title='bbox 2675 2374 2967 2446; x_wconf 88' lang='lat' dir='ltr'><strong>disciplina</strong></span> <span class='ocrx_word' id='word_1_313' title='bbox 3007 2376 3303 2445; x_wconf 82' lang='lat' dir='ltr'><strong>voluptatis</strong></span> <span class='ocrx_word' id='word_1_314' title='bbox 3350 2385 3455 2439; x_wconf 83' lang='lat' dir='ltr'><strong>est.</strong></span> <span class='ocrx_word' id='word_1_315' title='bbox 3498 2375 3621 2432; x_wconf 83' lang='lat' dir='ltr'><strong>Pri-</strong></span> 
     </span>
    </p>
   </div>
   <div class='ocr_carea' id='block_1_42' title="bbox 381 2448 1970 2534">
    <p class='ocr_par' dir='ltr' id='par_1_42' title="bbox 381 2448 1957 2526">
     <span class='ocr_line' id='line_1_42' title="bbox 381 2448 1957 2526; baseline -0.003 -19"><span class='ocrx_word' id='word_1_316' title='bbox 381 2455 596 2526; x_wconf 84' lang='grc' dir='ltr'>πρῶτον</span> <span class='ocrx_word' id='word_1_317' title='bbox 629 2454 726 2524; x_wconf 83' lang='grc' dir='ltr'><strong>μὲν</strong></span> <span class='ocrx_word' id='word_1_318' title='bbox 752 2455 937 2518; x_wconf 65' lang='grc' dir='ltr'>κοινάς</span> <span class='ocrx_word' id='word_1_319' title='bbox 967 2452 1066 2517; x_wconf 79' lang='grc' dir='ltr'><strong>τὰς</strong></span> <span class='ocrx_word' id='word_1_320' title='bbox 1100 2450 1306 2505; x_wconf 79' lang='grc' dir='ltr'><strong>ἑαυτῶν</strong></span> <span class='ocrx_word' id='word_1_321' title='bbox 1332 2453 1594 2520; x_wconf 84' lang='grc' dir='ltr'>γυναῖκας</span> <span class='ocrx_word' id='word_1_322' title='bbox 1620 2448 1824 2521; x_wconf 74' lang='grc' dir='ltr'>ἔχουσι.</span> <span class='ocrx_word' id='word_1_323' title='bbox 1847 2448 1957 2502; x_wconf 76' lang='grc' dir='ltr'>Καὶ</span> 
     </span>
    </p>
   </div>
   <div class='ocr_carea' id='block_1_43' title="bbox 2068 2448 3623 2534">
    <p class='ocr_par' dir='ltr' id='par_1_43' title="bbox 2068 2464 3623 2534">
     <span class='ocr_line' id='line_1_43' title="bbox 2068 2464 3623 2534; baseline 0.005 -16"><span class='ocrx_word' id='word_1_324' title='bbox 2068 2479 2208 2518; x_wconf 79' lang='lat' dir='ltr'><strong>mum</strong></span> <span class='ocrx_word' id='word_1_325' title='bbox 2241 2464 2388 2534; x_wconf 84' lang='lat' dir='ltr'><strong>quod</strong></span> <span class='ocrx_word' id='word_1_326' title='bbox 2440 2479 2761 2520; x_wconf 82' lang='lat' dir='ltr'><strong>communes</strong></span> <span class='ocrx_word' id='word_1_327' title='bbox 2818 2465 2959 2521; x_wconf 84' lang='lat' dir='ltr'><strong>inter</strong></span> <span class='ocrx_word' id='word_1_328' title='bbox 3013 2481 3072 2522; x_wconf 89' lang='lat' dir='ltr'><strong>se</strong></span> <span class='ocrx_word' id='word_1_329' title='bbox 3123 2464 3357 2523; x_wconf 81' lang='lat' dir='ltr'><strong>feminas</strong></span> <span class='ocrx_word' id='word_1_330' title='bbox 3386 2467 3623 2526; x_wconf 81' lang='lat' dir='ltr'><strong>habent.</strong></span> 
     </span>
    </p>
   </div>
   <div class='ocr_carea' id='block_1_44' title="bbox 381 2538 1958 2613">
    <p class='ocr_par' dir='ltr' id='par_1_44' title="bbox 381 2538 1958 2613">
     <span class='ocr_line' id='line_1_44' title="bbox 381 2538 1958 2613; baseline -0.004 -16"><span class='ocrx_word' id='word_1_331' title='bbox 381 2543 438 2597; x_wconf 84' lang='grc' dir='ltr'><strong>εἴ</strong></span> <span class='ocrx_word' id='word_1_332' title='bbox 483 2560 568 2606; x_wconf 81' lang='grc' dir='ltr'><strong>τις</strong></span> <span class='ocrx_word' id='word_1_333' title='bbox 602 2541 749 2606; x_wconf 86' lang='grc' dir='ltr'>ξένος</span> <span class='ocrx_word' id='word_1_334' title='bbox 780 2543 1138 2613; x_wconf 84' lang='grc' dir='ltr'>παραγένοιτο</span> <span class='ocrx_word' id='word_1_335' title='bbox 1165 2538 1258 2593; x_wconf 89' lang='grc' dir='ltr'><strong>τοῦ</strong></span> <span class='ocrx_word' id='word_1_336' title='bbox 1302 2539 1480 2593; x_wconf 82' lang='grc' dir='ltr'>αὐτῶν</span> <span class='ocrx_word' id='word_1_337' title='bbox 1523 2539 1822 2609; x_wconf 83' lang='grc' dir='ltr'>δόγματος,</span> <span class='ocrx_word' id='word_1_338' title='bbox 1859 2555 1958 2609; x_wconf 90' lang='grc' dir='ltr'>ση-</span> 
     </span>
    </p>
   </div>
   <div class='ocr_carea' id='block_1_45' title="bbox 388 2628 1957 2705">
    <p class='ocr_par' dir='ltr' id='par_1_45' title="bbox 388 2628 1957 2705">
     <span class='ocr_line' id='line_1_45' title="bbox 388 2628 1957 2705; baseline -0.002 -19"><span class='ocrx_word' id='word_1_339' title='bbox 388 2633 535 2705; x_wconf 85' lang='grc' dir='ltr'>μεῖόν</span> <span class='ocrx_word' id='word_1_340' title='bbox 562 2634 678 2685; x_wconf 85' lang='grc' dir='ltr'>ἐστι</span> <span class='ocrx_word' id='word_1_341' title='bbox 728 2634 855 2704; x_wconf 82' lang='grc' dir='ltr'>παρ’</span> <span class='ocrx_word' id='word_1_342' title='bbox 881 2633 1065 2697; x_wconf 83' lang='grc' dir='ltr'>αὐτοῖς</span> <span class='ocrx_word' id='word_1_343' title='bbox 1115 2631 1322 2703; x_wconf 81' lang='grc' dir='ltr'>ἀνδρῶν</span> <span class='ocrx_word' id='word_1_344' title='bbox 1365 2628 1503 2701; x_wconf 68' lang='grc' dir='ltr'>πρὸς</span> <span class='ocrx_word' id='word_1_345' title='bbox 1542 2632 1834 2698; x_wconf 72' lang='grc' dir='ltr'>γυναῖκας,</span> <span class='ocrx_word' id='word_1_346' title='bbox 1864 2629 1957 2683; x_wconf 74' lang='grc' dir='ltr'><strong>καὶ</strong></span> 
     </span>
    </p>
   </div>
   <div class='ocr_carea' id='block_1_46' title="bbox 384 2719 1991 2794">
    <p class='ocr_par' dir='ltr' id='par_1_46' title="bbox 384 2719 1991 2794">
     <span class='ocr_line' id='line_1_46' title="bbox 384 2719 1991 2794; baseline -0.002 -19"><span class='ocrx_word' id='word_1_347' title='bbox 384 2721 655 2792; x_wconf 79' lang='grc' dir='ltr'>γυναικῶν</span> <span class='ocrx_word' id='word_1_348' title='bbox 689 2722 821 2794; x_wconf 58' lang='grc' dir='ltr'>προς</span> <span class='ocrx_word' id='word_1_349' title='bbox 853 2722 1078 2792; x_wconf 85' lang='grc' dir='ltr'>ἄνδρας·</span> <span class='ocrx_word' id='word_1_350' title='bbox 1123 2724 1181 2774; x_wconf 85' lang='grc' dir='ltr'>ἐν</span> <span class='ocrx_word' id='word_1_351' title='bbox 1235 2719 1312 2791; x_wconf 80' lang='grc' dir='ltr'>τῷ</span> <span class='ocrx_word' id='word_1_352' title='bbox 1358 2719 1619 2774; x_wconf 79' lang='grc' dir='ltr'>ἐκτείνειν</span> <span class='ocrx_word' id='word_1_353' title='bbox 1659 2719 1757 2791; x_wconf 79' lang='grc' dir='ltr'>τὴν</span> <span class='ocrx_word' id='word_1_354' title='bbox 1803 2720 1991 2790; x_wconf 81' lang='grc' dir='ltr'>χεῖρα-</span> 
     </span>
    </p>
   </div>
   <div class='ocr_carea' id='block_1_47' title="bbox 385 2811 1960 2885">
    <p class='ocr_par' dir='ltr' id='par_1_47' title="bbox 385 2811 1960 2885">
     <span class='ocr_line' id='line_1_47' title="bbox 385 2811 1960 2885; baseline 0 -18"><span class='ocrx_word' id='word_1_355' title='bbox 385 2814 546 2885; x_wconf 82' lang='grc' dir='ltr'>δῆθεν</span> <span class='ocrx_word' id='word_1_356' title='bbox 586 2815 665 2878; x_wconf 85' lang='grc' dir='ltr'><strong>είς</strong></span> <span class='ocrx_word' id='word_1_357' title='bbox 694 2814 978 2885; x_wconf 83' lang='grc' dir='ltr'>ἀσπασμὸν</span> <span class='ocrx_word' id='word_1_358' title='bbox 1012 2811 1361 2867; x_wconf 75' lang='grc' dir='ltr'>ὑποκάτωθεν</span> <span class='ocrx_word' id='word_1_359' title='bbox 1392 2813 1491 2883; x_wconf 81' lang='grc' dir='ltr'>τῆς</span> <span class='ocrx_word' id='word_1_360' title='bbox 1536 2811 1819 2882; x_wconf 84' lang='grc' dir='ltr'>παλάμης,</span> <span class='ocrx_word' id='word_1_361' title='bbox 1852 2814 1960 2882; x_wconf 77' lang='grc' dir='ltr'><strong>ψη-</strong></span> 
     </span>
    </p>
   </div>
   <div class='ocr_carea' id='block_1_48' title="bbox 386 2900 1962 2976">
    <p class='ocr_par' dir='ltr' id='par_1_48' title="bbox 386 2900 1962 2976">
     <span class='ocr_line' id='line_1_48' title="bbox 386 2900 1962 2976; baseline -0.001 -19"><span class='ocrx_word' id='word_1_362' title='bbox 386 2905 617 2976; x_wconf 78' lang='grc' dir='ltr'>λάφησίν</span> <span class='ocrx_word' id='word_1_363' title='bbox 645 2921 764 2958; x_wconf 90' lang='grc' dir='ltr'>τινα</span> <span class='ocrx_word' id='word_1_364' title='bbox 795 2903 1171 2973; x_wconf 73' lang='grc' dir='ltr'>γαργαλισμοῦ</span> <span class='ocrx_word' id='word_1_365' title='bbox 1206 2905 1470 2972; x_wconf 80' lang='grc' dir='ltr'>ἐμποιεῖν,</span> <span class='ocrx_word' id='word_1_366' title='bbox 1498 2902 1587 2956; x_wconf 81' lang='grc' dir='ltr'>διὰ</span> <span class='ocrx_word' id='word_1_367' title='bbox 1616 2900 1806 2955; x_wconf 83' lang='grc' dir='ltr'>τούτου</span> <span class='ocrx_word' id='word_1_368' title='bbox 1839 2903 1962 2955; x_wconf 86' lang='grc' dir='ltr'>ὑπο-</span> 
     </span>
    </p>
   </div>
   <div class='ocr_carea' id='block_1_49' title="bbox 388 2993 1963 3067">
    <p class='ocr_par' dir='ltr' id='par_1_49' title="bbox 388 2993 1963 3067">
     <span class='ocr_line' id='line_1_49' title="bbox 388 2993 1963 3067; baseline -0.001 -17"><span class='ocrx_word' id='word_1_369' title='bbox 388 2997 684 3066; x_wconf 76' lang='grc' dir='ltr'>φαίνοντες,</span> <span class='ocrx_word' id='word_1_370' title='bbox 722 2997 797 3061; x_wconf 88' lang='grc' dir='ltr'>ὡς</span> <span class='ocrx_word' id='word_1_371' title='bbox 817 2996 915 3067; x_wconf 80' lang='grc' dir='ltr'>τῆς</span> <span class='ocrx_word' id='word_1_372' title='bbox 942 2995 1119 3049; x_wconf 80' lang='grc' dir='ltr'>αὐτῶν</span> <span class='ocrx_word' id='word_1_373' title='bbox 1149 2993 1442 3067; x_wconf 70' lang='grc' dir='ltr'>θρησκείας</span> <span class='ocrx_word' id='word_1_374' title='bbox 1472 2996 1619 3049; x_wconf 71' lang='grc' dir='ltr'>ἐστὶν</span> <span class='ocrx_word' id='word_1_375' title='bbox 1656 2997 1684 3050; x_wconf 86' lang='grc' dir='ltr'><strong><em>ὁ</em></strong></span> <span class='ocrx_word' id='word_1_376' title='bbox 1717 3011 1963 3066; x_wconf 85' lang='grc' dir='ltr'>παραγε-</span> 
     </span>
    </p>
   </div>
   <div class='ocr_carea' id='block_1_50' title="bbox 388 3085 1965 3160">
    <p class='ocr_par' dir='ltr' id='par_1_50' title="bbox 388 3085 1965 3160">
     <span class='ocr_line' id='line_1_50' title="bbox 388 3085 1965 3160; baseline -0.001 -17"><span class='ocrx_word' id='word_1_377' title='bbox 388 3089 627 3160; x_wconf 84' lang='grc' dir='ltr'>νόμενος.</span> <span class='ocrx_word' id='word_1_378' title='bbox 670 3088 947 3142; x_wconf 77' lang='grc' dir='ltr'>Ἐντεῦθεν</span> <span class='ocrx_word' id='word_1_379' title='bbox 976 3087 1160 3141; x_wconf 77' lang='grc' dir='ltr'>λοιπὸν</span> <span class='ocrx_word' id='word_1_380' title='bbox 1191 3086 1501 3156; x_wconf 76' lang='grc' dir='ltr'>ἐπιγνόντες</span> <span class='ocrx_word' id='word_1_381' title='bbox 1531 3087 1791 3159; x_wconf 82' lang='grc' dir='ltr'><strong>ἀλλήλους</strong></span> <span class='ocrx_word' id='word_1_382' title='bbox 1841 3085 1965 3159; x_wconf 80' lang='grc' dir='ltr'>τρέ-</span> 
     </span>
    </p>
   </div>
   <div class='ocr_carea' id='block_1_51' title="bbox 391 3173 1967 3247">
    <p class='ocr_par' dir='ltr' id='par_1_51' title="bbox 391 3173 1967 3247">
     <span class='ocr_line' id='line_1_51' title="bbox 391 3173 1967 3247; baseline -0.001 -16"><span class='ocrx_word' id='word_1_383' title='bbox 391 3196 579 3231; x_wconf 86' lang='grc' dir='ltr'>πονται</span> <span class='ocrx_word' id='word_1_384' title='bbox 630 3177 793 3241; x_wconf 77' lang='grc' dir='ltr'>εὐθὺς</span> <span class='ocrx_word' id='word_1_385' title='bbox 837 3177 916 3239; x_wconf 85' lang='grc' dir='ltr'><strong>είς</strong></span> <span class='ocrx_word' id='word_1_386' title='bbox 950 3175 1211 3230; x_wconf 75' lang='grc' dir='ltr'>ἐπίασιν.</span> <span class='ocrx_word' id='word_1_387' title='bbox 1262 3174 1468 3246; x_wconf 76' lang='grc' dir='ltr'>Δαψιλῆ</span> <span class='ocrx_word' id='word_1_388' title='bbox 1499 3174 1556 3228; x_wconf 80' lang='grc' dir='ltr'><strong>δὲ</strong></span> <span class='ocrx_word' id='word_1_389' title='bbox 1591 3173 1660 3229; x_wconf 79' lang='grc' dir='ltr'>τὰ</span> <span class='ocrx_word' id='word_1_390' title='bbox 1695 3176 1967 3247; x_wconf 81' lang='grc' dir='ltr'>ἐδέσματα</span> 
     </span>
    </p>
   </div>
   <div class='ocr_carea' id='block_1_52' title="bbox 390 3265 1968 3339">
    <p class='ocr_par' dir='ltr' id='par_1_52' title="bbox 390 3265 1968 3339">
     <span class='ocr_line' id='line_1_52' title="bbox 390 3265 1968 3339; baseline -0.002 -17"><span class='ocrx_word' id='word_1_391' title='bbox 390 3269 739 3339; x_wconf 71' lang='grc' dir='ltr'>κρεωφαγίας</span> <span class='ocrx_word' id='word_1_392' title='bbox 775 3267 869 3322; x_wconf 73' lang='grc' dir='ltr'>καὶ</span> <span class='ocrx_word' id='word_1_393' title='bbox 899 3266 1207 3330; x_wconf 78' lang='grc' dir='ltr'>οίνοποσίας</span> <span class='ocrx_word' id='word_1_394' title='bbox 1238 3265 1630 3338; x_wconf 78' lang='grc' dir='ltr'>παρατιθέασι,</span> <span class='ocrx_word' id='word_1_395' title='bbox 1664 3266 1769 3321; x_wconf 73' lang='grc' dir='ltr'><strong>κᾶν</strong></span> <span class='ocrx_word' id='word_1_396' title='bbox 1802 3266 1968 3337; x_wconf 81' lang='grc' dir='ltr'>πένη-</span> 
     </span>
    </p>
   </div>
   <div class='ocr_carea' id='block_1_53' title="bbox 390 3356 2031 3429">
    <p class='ocr_par' dir='ltr' id='par_1_53' title="bbox 390 3356 2031 3429">
     <span class='ocr_line' id='line_1_53' title="bbox 390 3356 2031 3429; baseline -0.002 -14"><span class='ocrx_word' id='word_1_397' title='bbox 390 3379 482 3425; x_wconf 87' lang='grc' dir='ltr'><strong>τες</strong></span> <span class='ocrx_word' id='word_1_398' title='bbox 527 3357 655 3415; x_wconf 77' lang='grc' dir='ltr'>ε’ίεν.</span> <span class='ocrx_word' id='word_1_399' title='bbox 719 3360 815 3413; x_wconf 88' lang='grc' dir='ltr'>Ἐκ</span> <span class='ocrx_word' id='word_1_400' title='bbox 851 3357 1040 3412; x_wconf 84' lang='grc' dir='ltr'>τούτου</span> <span class='ocrx_word' id='word_1_401' title='bbox 1096 3358 1153 3411; x_wconf 83' lang='grc' dir='ltr'><strong>δὲ</strong></span> <span class='ocrx_word' id='word_1_402' title='bbox 1198 3356 1709 3429; x_wconf 83' lang='grc' dir='ltr'>συμποσιάσαντες,</span> <span class='ocrx_word' id='word_1_403' title='bbox 1750 3358 1845 3411; x_wconf 60' lang='grc' dir='ltr'><strong>καὶ⁸</strong></span> <span class='ocrx_word' id='word_1_404' title='bbox 1893 3357 1968 3422; x_wconf 79' lang='grc' dir='ltr'>ὡς</span> <span class='ocrx_word' id='word_1_405' title='bbox 2028 3378 2031 3379; x_wconf 53' lang='grc'><strong><em>⁷</em></strong></span> 
     </span>
    </p>
   </div>
   <div class='ocr_carea' id='block_1_54' title="bbox 394 3448 1968 3521">
    <p class='ocr_par' dir='ltr' id='par_1_54' title="bbox 394 3448 1968 3521">
     <span class='ocr_line' id='line_1_54' title="bbox 394 3448 1968 3521; baseline -0.003 -15"><span class='ocrx_word' id='word_1_406' title='bbox 394 3454 521 3518; x_wconf 80' lang='grc' dir='ltr'>ἔπος</span> <span class='ocrx_word' id='word_1_407' title='bbox 550 3454 746 3514; x_wconf 84' lang='grc' dir='ltr'>εἰπεῖν,</span> <span class='ocrx_word' id='word_1_408' title='bbox 771 3453 871 3516; x_wconf 82' lang='grc' dir='ltr'>τὰς</span> <span class='ocrx_word' id='word_1_409' title='bbox 901 3450 1100 3520; x_wconf 70' lang='grc' dir='ltr'>φλέϐας</span> <span class='ocrx_word' id='word_1_410' title='bbox 1126 3448 1220 3504; x_wconf 87' lang='grc' dir='ltr'><strong>τοῦ</strong></span> <span class='ocrx_word' id='word_1_411' title='bbox 1250 3449 1411 3521; x_wconf 85' lang='grc' dir='ltr'>κόρου</span> <span class='ocrx_word' id='word_1_412' title='bbox 1439 3449 1815 3521; x_wconf 82' lang='grc' dir='ltr'>ἐμπλήσαντες</span> <span class='ocrx_word' id='word_1_413' title='bbox 1840 3450 1968 3504; x_wconf 80' lang='grc' dir='ltr'>ἐαυ-</span> 
     </span>
    </p>
   </div>
   <div class='ocr_carea' id='block_1_55' title="bbox 392 3538 1840 3615">
    <p class='ocr_par' dir='ltr' id='par_1_55' title="bbox 392 3538 1840 3615">
     <span class='ocr_line' id='line_1_55' title="bbox 392 3538 1840 3615; baseline -0.002 -18"><span class='ocrx_word' id='word_1_414' title='bbox 392 3544 500 3597; x_wconf 83' lang='grc' dir='ltr'>τῶν</span> <span class='ocrx_word' id='word_1_415' title='bbox 525 3582 540 3607; x_wconf 88' lang='grc'><em>,</em></span> <span class='ocrx_word' id='word_1_416' title='bbox 585 3546 666 3607; x_wconf 84' lang='grc' dir='ltr'><strong>είς</strong></span> <span class='ocrx_word' id='word_1_417' title='bbox 696 3538 910 3615; x_wconf 71' lang='grc' dir='ltr'>οἶστρον</span> <span class='ocrx_word' id='word_1_418' title='bbox 951 3540 1261 3613; x_wconf 83' lang='grc' dir='ltr'>τρέπονται.</span> <span class='ocrx_word' id='word_1_419' title='bbox 1317 3539 1425 3593; x_wconf 72' lang='grc' dir='ltr'><strong>Καὶ</strong></span> <span class='ocrx_word' id='word_1_420' title='bbox 1461 3542 1489 3593; x_wconf 87' lang='grc' dir='ltr'><strong>ὁ</strong></span> <span class='ocrx_word' id='word_1_421' title='bbox 1538 3539 1637 3612; x_wconf 83' lang='grc' dir='ltr'><strong>μὲν</strong></span> <span class='ocrx_word' id='word_1_422' title='bbox 1673 3539 1840 3610; x_wconf 77' lang='grc' dir='ltr'>ἀνὴρ,</span> 
     </span>
    </p>
   </div>
   <div class='ocr_carea' id='block_1_56' title="bbox 395 3629 1967 3709">
    <p class='ocr_par' dir='ltr' id='par_1_56' title="bbox 395 3629 1967 3709">
     <span class='ocr_line' id='line_1_56' title="bbox 395 3629 1967 3709; baseline -0.004 -20"><span class='ocrx_word' id='word_1_423' title='bbox 395 3635 650 3705; x_wconf 69' lang='grc' dir='ltr'>γυναικὸς</span> <span class='ocrx_word' id='word_1_424' title='bbox 679 3633 1070 3709; x_wconf 77' lang='grc' dir='ltr'>ὑποχωρήσας,</span> <span class='ocrx_word' id='word_1_425' title='bbox 1098 3632 1295 3700; x_wconf 79' lang='grc' dir='ltr'>φάσκει</span> <span class='ocrx_word' id='word_1_426' title='bbox 1328 3629 1502 3699; x_wconf 88' lang='grc' dir='ltr'>λέγων</span> <span class='ocrx_word' id='word_1_427' title='bbox 1531 3633 1594 3702; x_wconf 78' lang='grc' dir='ltr'><strong>τῇ</strong></span> <span class='ocrx_word' id='word_1_428' title='bbox 1642 3629 1832 3683; x_wconf 67' lang='grc' dir='ltr'>ἑαυτοῦ</span> <span class='ocrx_word' id='word_1_429' title='bbox 1871 3646 1967 3698; x_wconf 87' lang='grc' dir='ltr'><strong>γυ·</strong></span> 
     </span>
    </p>
   </div>
   <div class='ocr_carea' id='block_1_57' title="bbox 395 3721 1969 3794">
    <p class='ocr_par' dir='ltr' id='par_1_57' title="bbox 395 3721 1969 3794">
     <span class='ocr_line' id='line_1_57' title="bbox 395 3721 1969 3794; baseline -0.005 -13"><span class='ocrx_word' id='word_1_430' title='bbox 395 3728 562 3791; x_wconf 74' lang='grc' dir='ltr'>ναικὶ,</span> <span class='ocrx_word' id='word_1_431' title='bbox 594 3724 943 3787; x_wconf 78' lang='grc' dir='ltr'>ὅτιἈνάστα,</span> <span class='ocrx_word' id='word_1_432' title='bbox 967 3724 1160 3792; x_wconf 85' lang='grc' dir='ltr'>λέγων,</span> <span class='ocrx_word' id='word_1_433' title='bbox 1193 3722 1415 3794; x_wconf 83' lang='grc' dir='ltr'>ποίησον</span> <span class='ocrx_word' id='word_1_434' title='bbox 1450 3722 1549 3794; x_wconf 85' lang='grc' dir='ltr'><strong>τὴν</strong></span> <span class='ocrx_word' id='word_1_435' title='bbox 1578 3722 1797 3792; x_wconf 82' lang='grc' dir='ltr'><strong>ἀγάπην</strong></span> <span class='ocrx_word' id='word_1_436' title='bbox 1830 3721 1969 3792; x_wconf 86' lang='grc' dir='ltr'><strong>μετά</strong></span> 
     </span>
    </p>
   </div>
   <div class='ocr_carea' id='block_1_58' title="bbox 396 3813 1971 3886">
    <p class='ocr_par' dir='ltr' id='par_1_58' title="bbox 396 3813 1971 3886">
     <span class='ocr_line' id='line_1_58' title="bbox 396 3813 1971 3886; baseline -0.003 -15"><span class='ocrx_word' id='word_1_437' title='bbox 396 3819 490 3873; x_wconf 85' lang='grc' dir='ltr'><strong>τοῦ</strong></span> <span class='ocrx_word' id='word_1_438' title='bbox 534 3817 761 3886; x_wconf 80' lang='grc' dir='ltr'>ἀδελφοῦ</span> <span class='ocrx_word' id='word_1_439' title='bbox 785 3834 796 3848; x_wconf 92' lang='grc'>·</span> <span class='ocrx_word' id='word_1_440' title='bbox 826 3816 876 3870; x_wconf 73' lang='lat' dir='ltr'><strong>oi</strong></span> <span class='ocrx_word' id='word_1_441' title='bbox 912 3815 967 3869; x_wconf 83' lang='grc' dir='ltr'>δὲ</span> <span class='ocrx_word' id='word_1_442' title='bbox 1006 3815 1237 3878; x_wconf 83' lang='grc' dir='ltr'>τάλανες</span> <span class='ocrx_word' id='word_1_443' title='bbox 1266 3815 1517 3886; x_wconf 79' lang='grc' dir='ltr'>μιγέντες</span> <span class='ocrx_word' id='word_1_444' title='bbox 1548 3814 1828 3886; x_wconf 80' lang='grc' dir='ltr'>ἀλλήλους.</span> <span class='ocrx_word' id='word_1_445' title='bbox 1860 3813 1971 3867; x_wconf 76' lang='grc' dir='ltr'><strong>Καὶ</strong></span> 
     </span>
    </p>
   </div>
   <div class='ocr_carea' id='block_1_59' title="bbox 395 3906 1973 3981">
    <p class='ocr_par' dir='ltr' id='par_1_59' title="bbox 395 3906 1973 3981">
     <span class='ocr_line' id='line_1_59' title="bbox 395 3906 1973 3981; baseline -0.004 -17"><span class='ocrx_word' id='word_1_446' title='bbox 395 3912 472 3975; x_wconf 82' lang='grc' dir='ltr'><strong>ὡς</strong></span> <span class='ocrx_word' id='word_1_447' title='bbox 496 3911 589 3964; x_wconf 78' lang='grc' dir='ltr'>ἐπὶ</span> <span class='ocrx_word' id='word_1_448' title='bbox 617 3907 874 3981; x_wconf 82' lang='grc' dir='ltr'>ἀληθείας</span> <span class='ocrx_word' id='word_1_449' title='bbox 905 3906 1227 3978; x_wconf 78' lang='grc' dir='ltr'>αἰσχύνομαι</span> <span class='ocrx_word' id='word_1_450' title='bbox 1252 3909 1426 3960; x_wconf 73' lang='grc' dir='ltr'>εἰπεῖν</span> <span class='ocrx_word' id='word_1_451' title='bbox 1451 3907 1519 3960; x_wconf 77' lang='grc' dir='ltr'>τὰ</span> <span class='ocrx_word' id='word_1_452' title='bbox 1549 3906 1703 3977; x_wconf 80' lang='grc' dir='ltr'>παρὰ</span> <span class='ocrx_word' id='word_1_453' title='bbox 1733 3909 1844 3970; x_wconf 84' lang='grc' dir='ltr'>τοῖς</span> <span class='ocrx_word' id='word_1_454' title='bbox 1877 3906 1973 3959; x_wconf 70' lang='lat' dir='ltr'><strong>a6-</strong></span> 
     </span>
    </p>
   </div>
   <div class='ocr_carea' id='block_1_60' title="bbox 397 3996 1972 4072">
    <p class='ocr_par' dir='ltr' id='par_1_60' title="bbox 397 3996 1972 4072">
     <span class='ocr_line' id='line_1_60' title="bbox 397 3996 1972 4072; baseline -0.003 -17"><span class='ocrx_word' id='word_1_455' title='bbox 397 4005 509 4066; x_wconf 86' lang='grc' dir='ltr'>τοῖς</span> <span class='ocrx_word' id='word_1_456' title='bbox 528 4000 728 4072; x_wconf 72' lang='grc' dir='ltr'>αἰσχρὰ</span> <span class='ocrx_word' id='word_1_457' title='bbox 754 3998 1101 4072; x_wconf 80' lang='grc' dir='ltr'>πραττόμενα</span> <span class='ocrx_word' id='word_1_458' title='bbox 1135 3997 1278 4052; x_wconf 85' lang='grc' dir='ltr'><strong>κατά</strong></span> <span class='ocrx_word' id='word_1_459' title='bbox 1309 3997 1401 4050; x_wconf 73' lang='grc' dir='ltr'><strong>τὸν</strong></span> <span class='ocrx_word' id='word_1_460' title='bbox 1438 3996 1592 4066; x_wconf 72' lang='grc' dir='ltr'>ἅγιον</span> <span class='ocrx_word' id='word_1_461' title='bbox 1633 3998 1972 4062; x_wconf 75' lang='grc' dir='ltr'>Ἀπόστολον,</span> 
     </span>
    </p>
   </div>
   <div class='ocr_carea' id='block_1_61' title="bbox 400 4087 1975 4162">
    <p class='ocr_par' dir='ltr' id='par_1_61' title="bbox 400 4087 1975 4162">
     <span class='ocr_line' id='line_1_61' title="bbox 400 4087 1975 4162; baseline -0.004 -14"><span class='ocrx_word' id='word_1_462' title='bbox 400 4094 530 4147; x_wconf 81' lang='grc' dir='ltr'>’Ότι</span> <span class='ocrx_word' id='word_1_463' title='bbox 585 4092 657 4147; x_wconf 82' lang='grc' dir='ltr'>τὰ</span> <span class='ocrx_word' id='word_1_464' title='bbox 688 4093 825 4159; x_wconf 77' lang='grc' dir='ltr'>παρ’</span> <span class='ocrx_word' id='word_1_465' title='bbox 869 4089 1075 4162; x_wconf 75' lang='grc' dir='ltr'>αὐτοῖς</span> <span class='ocrx_word' id='word_1_466' title='bbox 1122 4092 1403 4160; x_wconf 73' lang='grc' dir='ltr'>γινόμενα</span> <span class='ocrx_word' id='word_1_467' title='bbox 1428 4090 1687 4158; x_wconf 71' lang='grc' dir='ltr'><strong>αἰσχρόν</strong></span> <span class='ocrx_word' id='word_1_468' title='bbox 1714 4089 1847 4141; x_wconf 84' lang='grc' dir='ltr'>ἐστι</span> <span class='ocrx_word' id='word_1_469' title='bbox 1877 4087 1975 4141; x_wconf 80' lang='grc' dir='ltr'>καὶ</span> 
     </span>
    </p>
   </div>
   <div class='ocr_carea' id='block_1_62' title="bbox 399 4177 1976 4254">
    <p class='ocr_par' dir='ltr' id='par_1_62' title="bbox 399 4177 1976 4254">
     <span class='ocr_line' id='line_1_62' title="bbox 399 4177 1976 4254; baseline -0.004 -15"><span class='ocrx_word' id='word_1_470' title='bbox 399 4183 619 4254; x_wconf 70' lang='grc' dir='ltr'>λέγειν.</span> <span class='ocrx_word' id='word_1_471' title='bbox 657 4182 846 4253; x_wconf 84' lang='grc' dir='ltr'>Ὅμως</span> <span class='ocrx_word' id='word_1_472' title='bbox 876 4181 978 4235; x_wconf 86' lang='grc' dir='ltr'><strong>ούκ</strong></span> <span class='ocrx_word' id='word_1_473' title='bbox 1016 4179 1287 4251; x_wconf 79' lang='grc' dir='ltr'>αἰσχυνθῶ</span> <span class='ocrx_word' id='word_1_474' title='bbox 1320 4178 1518 4247; x_wconf 86' lang='grc' dir='ltr'>λέγειν,</span> <span class='ocrx_word' id='word_1_475' title='bbox 1560 4178 1596 4231; x_wconf 82' lang='grc' dir='ltr'><strong>ἀ</strong></span> <span class='ocrx_word' id='word_1_476' title='bbox 1624 4177 1776 4231; x_wconf 71' lang='grc' dir='ltr'>αὐτοὶ</span> <span class='ocrx_word' id='word_1_477' title='bbox 1804 4179 1976 4232; x_wconf 77' lang='grc' dir='ltr'>ποιεῖν</span> 
     </span>
    </p>
   </div>
   <div class='ocr_carea' id='block_1_63' title="bbox 399 4264 1976 4344">
    <p class='ocr_par' dir='ltr' id='par_1_63' title="bbox 399 4264 1976 4344">
     <span class='ocr_line' id='line_1_63' title="bbox 399 4264 1976 4344; baseline -0.008 -15"><span class='ocrx_word' id='word_1_478' title='bbox 399 4275 501 4329; x_wconf 81' lang='grc' dir='ltr'><strong>οὐκ</strong></span> <span class='ocrx_word' id='word_1_479' title='bbox 525 4272 868 4344; x_wconf 76' lang='grc' dir='ltr'>αἰσχύνονται</span> <span class='ocrx_word' id='word_1_480' title='bbox 894 4310 908 4336; x_wconf 88' lang='grc'><em>,</em></span> <span class='ocrx_word' id='word_1_481' title='bbox 938 4272 1025 4324; x_wconf 79' lang='grc' dir='ltr'><strong>ἵνα</strong></span> <span class='ocrx_word' id='word_1_482' title='bbox 1064 4269 1203 4324; x_wconf 88' lang='grc' dir='ltr'><strong>κατά</strong></span> <span class='ocrx_word' id='word_1_483' title='bbox 1243 4267 1420 4322; x_wconf 85' lang='grc' dir='ltr'>πάντα</span> <span class='ocrx_word' id='word_1_484' title='bbox 1448 4267 1646 4338; x_wconf 77' lang='grc' dir='ltr'>τρόπον</span> <span class='ocrx_word' id='word_1_485' title='bbox 1675 4264 1855 4337; x_wconf 83' lang='grc' dir='ltr'>φρίξιν</span> <span class='ocrx_word' id='word_1_486' title='bbox 1883 4267 1976 4339; x_wconf 84' lang='grc' dir='ltr'><strong>ἐρ-</strong></span> 
     </span>
    </p>
   </div>
   <div class='ocr_carea' id='block_1_64' title="bbox 401 4355 1978 4435">
    <p class='ocr_par' dir='ltr' id='par_1_64' title="bbox 401 4355 1978 4435">
     <span class='ocr_line' id='line_1_64' title="bbox 401 4355 1978 4435; baseline -0.007 -16"><span class='ocrx_word' id='word_1_487' title='bbox 401 4365 659 4435; x_wconf 87' lang='grc' dir='ltr'>γάσωμαι</span> <span class='ocrx_word' id='word_1_488' title='bbox 709 4365 820 4427; x_wconf 82' lang='grc' dir='ltr'>τοῖς</span> <span class='ocrx_word' id='word_1_489' title='bbox 877 4358 1132 4416; x_wconf 77' lang='grc' dir='ltr'>ἀκούουσι</span> <span class='ocrx_word' id='word_1_490' title='bbox 1187 4358 1258 4413; x_wconf 77' lang='grc' dir='ltr'>τὰ</span> <span class='ocrx_word' id='word_1_491' title='bbox 1309 4360 1437 4430; x_wconf 85' lang='grc' dir='ltr'>παρ’</span> <span class='ocrx_word' id='word_1_492' title='bbox 1500 4356 1679 4411; x_wconf 74' lang='grc' dir='ltr'>αὐτῶν</span> <span class='ocrx_word' id='word_1_493' title='bbox 1712 4355 1978 4428; x_wconf 78' lang='grc' dir='ltr'>γενόμενα</span> 
     </span>
    </p>
   </div>
   <div class='ocr_carea' id='block_1_65' title="bbox 402 4448 1980 4527">
    <p class='ocr_par' dir='ltr' id='par_1_65' title="bbox 402 4448 1980 4527">
     <span class='ocr_line' id='line_1_65' title="bbox 402 4448 1980 4527; baseline -0.006 -18"><span class='ocrx_word' id='word_1_494' title='bbox 402 4455 911 4527; x_wconf 80' lang='grc' dir='ltr'>αἱσχρουργήματα.</span> <span class='ocrx_word' id='word_1_495' title='bbox 948 4451 1102 4507; x_wconf 87' lang='grc' dir='ltr'>Μετά</span> <span class='ocrx_word' id='word_1_496' title='bbox 1145 4452 1254 4524; x_wconf 82' lang='grc' dir='ltr'><strong>γὰρ</strong></span> <span class='ocrx_word' id='word_1_497' title='bbox 1298 4451 1357 4505; x_wconf 87' lang='grc' dir='ltr'><strong>τὸ</strong></span> <span class='ocrx_word' id='word_1_498' title='bbox 1388 4450 1616 4522; x_wconf 78' lang='grc' dir='ltr'>μιγῆναι</span> <span class='ocrx_word' id='word_1_499' title='bbox 1648 4448 1810 4503; x_wconf 82' lang='grc' dir='ltr'>πάθει</span> <span class='ocrx_word' id='word_1_500' title='bbox 1847 4464 1980 4519; x_wconf 88' lang='grc' dir='ltr'>πορ-</span> 
     </span>
    </p>
   </div>
   <div class='ocr_carea' id='block_1_66' title="bbox 401 4538 1978 4618">
    <p class='ocr_par' dir='ltr' id='par_1_66' title="bbox 401 4538 1978 4618">
     <span class='ocr_line' id='line_1_66' title="bbox 401 4538 1978 4618; baseline -0.005 -17"><span class='ocrx_word' id='word_1_501' title='bbox 401 4548 549 4612; x_wconf 89' lang='grc' dir='ltr'>νείας</span> <span class='ocrx_word' id='word_1_502' title='bbox 580 4589 596 4614; x_wconf 90' lang='grc'><em>,</em></span> <span class='ocrx_word' id='word_1_503' title='bbox 656 4545 1103 4618; x_wconf 85' lang='grc' dir='ltr'>προσεπιτούτοις</span> <span class='ocrx_word' id='word_1_504' title='bbox 1179 4544 1548 4606; x_wconf 84' lang='grc' dir='ltr'>ἀνατείνοντες</span> <span class='ocrx_word' id='word_1_505' title='bbox 1606 4542 1700 4614; x_wconf 67' lang='grc' dir='ltr'><strong>τὴν</strong></span> <span class='ocrx_word' id='word_1_506' title='bbox 1771 4538 1978 4594; x_wconf 79' lang='grc' dir='ltr'>ἑαυτῶν</span> 
     </span>
    </p>
   </div>
   <div class='ocr_carea' id='block_1_67' title="bbox 407 4633 1977 4711">
    <p class='ocr_par' dir='ltr' id='par_1_67' title="bbox 407 4633 1977 4711">
     <span class='ocr_line' id='line_1_67' title="bbox 407 4633 1977 4711; baseline -0.004 -18"><span class='ocrx_word' id='word_1_507' title='bbox 407 4639 751 4711; x_wconf 79' lang='grc' dir='ltr'>βλασφημίαν</span> <span class='ocrx_word' id='word_1_508' title='bbox 785 4640 865 4702; x_wconf 85' lang='grc' dir='ltr'><strong>είς</strong></span> <span class='ocrx_word' id='word_1_509' title='bbox 895 4638 1141 4710; x_wconf 71' lang='grc' dir='ltr'>οὐρανὸν,</span> <span class='ocrx_word' id='word_1_510' title='bbox 1176 4636 1391 4708; x_wconf 84' lang='grc' dir='ltr'>δέχεται</span> <span class='ocrx_word' id='word_1_511' title='bbox 1424 4635 1521 4706; x_wconf 84' lang='grc' dir='ltr'>μὲν</span> <span class='ocrx_word' id='word_1_512' title='bbox 1547 4633 1607 4688; x_wconf 80' lang='grc' dir='ltr'><strong>τὸ</strong></span> <span class='ocrx_word' id='word_1_513' title='bbox 1636 4633 1853 4702; x_wconf 87' lang='grc' dir='ltr'>γύναιον</span> <span class='ocrx_word' id='word_1_514' title='bbox 1884 4633 1977 4687; x_wconf 81' lang='grc' dir='ltr'><strong>καὶ</strong></span> 
     </span>
    </p>
   </div>
   <div class='ocr_carea' id='block_1_68' title="bbox 404 4725 1981 4803">
    <p class='ocr_par' dir='ltr' id='par_1_68' title="bbox 404 4725 1981 4803">
     <span class='ocr_line' id='line_1_68' title="bbox 404 4725 1981 4803; baseline -0.005 -18"><span class='ocrx_word' id='word_1_515' title='bbox 404 4734 432 4784; x_wconf 90' lang='grc' dir='ltr'>ὁ</span> <span class='ocrx_word' id='word_1_516' title='bbox 456 4732 595 4802; x_wconf 78' lang='grc' dir='ltr'>ἀνὴρ</span> <span class='ocrx_word' id='word_1_517' title='bbox 623 4730 719 4803; x_wconf 81' lang='grc' dir='ltr'>τὴν</span> <span class='ocrx_word' id='word_1_518' title='bbox 749 4730 905 4802; x_wconf 77' lang='grc' dir='ltr'>ῥύσιν</span> <span class='ocrx_word' id='word_1_519' title='bbox 929 4732 1027 4802; x_wconf 72' lang='grc' dir='ltr'>τὴν</span> <span class='ocrx_word' id='word_1_520' title='bbox 1060 4729 1168 4784; x_wconf 79' lang='grc' dir='ltr'>ἀπὸ</span> <span class='ocrx_word' id='word_1_521' title='bbox 1195 4728 1290 4782; x_wconf 82' lang='grc' dir='ltr'><strong>τοῦ</strong></span> <span class='ocrx_word' id='word_1_522' title='bbox 1322 4728 1548 4799; x_wconf 76' lang='grc' dir='ltr'>ἄρρενος</span> <span class='ocrx_word' id='word_1_523' title='bbox 1591 4727 1671 4789; x_wconf 84' lang='grc' dir='ltr'>εἰς</span> <span class='ocrx_word' id='word_1_524' title='bbox 1702 4725 1836 4790; x_wconf 84' lang='grc' dir='ltr'>ἰδίας</span> <span class='ocrx_word' id='word_1_525' title='bbox 1883 4725 1981 4780; x_wconf 89' lang='grc' dir='ltr'>αύ-</span> 
     </span>
    </p>
   </div>
   <div class='ocr_carea' id='block_1_69' title="bbox 403 4816 1977 4895">
    <p class='ocr_par' dir='ltr' id='par_1_69' title="bbox 403 4816 1977 4895">
     <span class='ocr_line' id='line_1_69' title="bbox 403 4816 1977 4895; baseline -0.006 -18"><span class='ocrx_word' id='word_1_526' title='bbox 403 4824 513 4877; x_wconf 83' lang='grc' dir='ltr'>τῶν</span> <span class='ocrx_word' id='word_1_527' title='bbox 551 4826 738 4895; x_wconf 84' lang='grc' dir='ltr'>χεῖρας</span> <span class='ocrx_word' id='word_1_528' title='bbox 758 4865 773 4889; x_wconf 87' lang='grc'><strong><em>,</em></strong></span> <span class='ocrx_word' id='word_1_529' title='bbox 810 4823 904 4876; x_wconf 67' lang='grc' dir='ltr'>καὶ</span> <span class='ocrx_word' id='word_1_530' title='bbox 931 4822 1170 4875; x_wconf 77' lang='grc' dir='ltr'>ἵστανται</span> <span class='ocrx_word' id='word_1_531' title='bbox 1198 4821 1276 4884; x_wconf 87' lang='grc' dir='ltr'><strong>είς</strong></span> <span class='ocrx_word' id='word_1_532' title='bbox 1309 4817 1539 4891; x_wconf 78' lang='grc' dir='ltr'>οὐρανὸν</span> <span class='ocrx_word' id='word_1_533' title='bbox 1563 4816 1977 4879; x_wconf 84' lang='grc' dir='ltr'>ἀνανεύσαντες,</span> 
     </span>
    </p>
   </div>
   <div class='ocr_carea' id='block_1_70' title="bbox 405 4905 1981 4987">
    <p class='ocr_par' dir='ltr' id='par_1_70' title="bbox 405 4905 1981 4987">
     <span class='ocr_line' id='line_1_70' title="bbox 405 4905 1981 4987; baseline -0.006 -19"><span class='ocrx_word' id='word_1_534' title='bbox 405 4914 499 4968; x_wconf 70' lang='grc' dir='ltr'><strong>ἐπὶ</strong></span> <span class='ocrx_word' id='word_1_535' title='bbox 528 4917 717 4987; x_wconf 77' lang='grc' dir='ltr'>χεῖρας</span> <span class='ocrx_word' id='word_1_536' title='bbox 749 4913 805 4967; x_wconf 80' lang='grc' dir='ltr'>δὲ</span> <span class='ocrx_word' id='word_1_537' title='bbox 831 4913 1045 4983; x_wconf 77' lang='grc' dir='ltr'>ἔχοντες</span> <span class='ocrx_word' id='word_1_538' title='bbox 1072 4911 1169 4982; x_wconf 84' lang='grc' dir='ltr'>τὴν</span> <span class='ocrx_word' id='word_1_539' title='bbox 1201 4908 1541 4987; x_wconf 82' lang='grc' dir='ltr'>ἀκαθαρσίαν</span> <span class='ocrx_word' id='word_1_540' title='bbox 1564 4924 1577 4939; x_wconf 78' lang='grc'><strong>⁸</strong></span> <span class='ocrx_word' id='word_1_541' title='bbox 1608 4907 1702 4961; x_wconf 70' lang='grc' dir='ltr'><strong>καὶ</strong></span> <span class='ocrx_word' id='word_1_542' title='bbox 1736 4905 1981 4977; x_wconf 72' lang='grc' dir='ltr'>εὔχονται</span> 
     </span>
    </p>
   </div>
   <div class='ocr_carea' id='block_1_71' title="bbox 322 4982 1983 5077">
    <p class='ocr_par' dir='ltr' id='par_1_71' title="bbox 322 4982 1983 5077">
     <span class='ocr_line' id='line_1_71' title="bbox 322 4982 1983 5077; baseline -0.007 -18"><span class='ocrx_word' id='word_1_543' title='bbox 322 4996 333 5005; x_wconf 59' lang='grc'>’</span> <span class='ocrx_word' id='word_1_544' title='bbox 405 4982 565 5077; x_wconf 77' lang='grc' dir='ltr'>δῆθεν</span> <span class='ocrx_word' id='word_1_545' title='bbox 604 4982 654 5058; x_wconf 80' lang='grc' dir='ltr'>οἱ</span> <span class='ocrx_word' id='word_1_546' title='bbox 691 5005 788 5076; x_wconf 71' lang='grc' dir='ltr'>μὲν</span> <span class='ocrx_word' id='word_1_547' title='bbox 841 4982 1228 5076; x_wconf 78' lang='grc' dir='ltr'>Στρατιωτικοὶ</span> <span class='ocrx_word' id='word_1_548' title='bbox 1267 4982 1587 5069; x_wconf 82' lang='grc' dir='ltr'>καλούμενοι</span> <span class='ocrx_word' id='word_1_549' title='bbox 1626 4998 1719 5052; x_wconf 72' lang='grc' dir='ltr'><strong>καὶ</strong></span> <span class='ocrx_word' id='word_1_550' title='bbox 1750 4997 1983 5049; x_wconf 83' lang='grc' dir='ltr'>Γνωστι-</span> 
     </span>
    </p>
   </div>
   <div class='ocr_carea' id='block_1_72' title="bbox 408 5087 1983 5169">
    <p class='ocr_par' dir='ltr' id='par_1_72' title="bbox 408 5087 1983 5169">
     <span class='ocr_line' id='line_1_72' title="bbox 408 5087 1983 5169; baseline -0.006 -18"><span class='ocrx_word' id='word_1_551' title='bbox 408 5098 494 5151; x_wconf 66' lang='lat' dir='ltr'><strong>xei</strong></span> <span class='ocrx_word' id='word_1_552' title='bbox 516 5096 595 5168; x_wconf 81' lang='grc' dir='ltr'>τῷ</span> <span class='ocrx_word' id='word_1_553' title='bbox 620 5098 804 5169; x_wconf 70' lang='grc' dir='ltr'>πατρὶ,</span> <span class='ocrx_word' id='word_1_554' title='bbox 835 5097 988 5166; x_wconf 65' lang='grc' dir='ltr'>φασὶ,</span> <span class='ocrx_word' id='word_1_555' title='bbox 1022 5094 1129 5148; x_wconf 84' lang='grc' dir='ltr'>τῶν</span> <span class='ocrx_word' id='word_1_556' title='bbox 1149 5095 1306 5157; x_wconf 82' lang='grc' dir='ltr'>ὅλων,</span> <span class='ocrx_word' id='word_1_557' title='bbox 1333 5090 1733 5165; x_wconf 78' lang='grc' dir='ltr'>προσφέροντες</span> <span class='ocrx_word' id='word_1_558' title='bbox 1761 5089 1892 5144; x_wconf 81' lang='grc' dir='ltr'>αὐτὸ</span> <span class='ocrx_word' id='word_1_559' title='bbox 1922 5087 1983 5141; x_wconf 82' lang='grc' dir='ltr'><strong>τὸ</strong></span> 
     </span>
    </p>
   </div>
   <div class='ocr_carea' id='block_1_73' title="bbox 408 5190 923 5262">
    <p class='ocr_par' dir='ltr' id='par_1_73' title="bbox 408 5190 923 5262">
     <span class='ocr_line' id='line_1_73' title="bbox 408 5190 923 5262; baseline -0.006 -18"><span class='ocrx_word' id='word_1_560' title='bbox 408 5192 500 5244; x_wconf 75' lang='grc' dir='ltr'>ἐπὶ</span> <span class='ocrx_word' id='word_1_561' title='bbox 558 5192 676 5253; x_wconf 88' lang='grc' dir='ltr'>ταῖς</span> <span class='ocrx_word' id='word_1_562' title='bbox 726 5190 923 5262; x_wconf 73' lang='grc' dir='ltr'>χερσὶ,</span> 
     </span>
    </p>
   </div>
   <div class='ocr_carea' id='block_1_74' title="bbox 965 5181 1984 5254">
    <p class='ocr_par' dir='ltr' id='par_1_74' title="bbox 965 5181 1984 5254">
     <span class='ocr_line' id='line_1_74' title="bbox 965 5181 1984 5254; baseline -0.011 -12"><span class='ocrx_word' id='word_1_563' title='bbox 965 5187 1058 5242; x_wconf 76' lang='grc' dir='ltr'><strong>καὶ</strong></span> <span class='ocrx_word' id='word_1_564' title='bbox 1115 5185 1365 5254; x_wconf 85' lang='grc' dir='ltr'>λέγουσιν</span> <span class='ocrx_word' id='word_1_565' title='bbox 1405 5200 1419 5214; x_wconf 92' lang='grc'><strong>·</strong></span> <span class='ocrx_word' id='word_1_566' title='bbox 1473 5181 1843 5252; x_wconf 82' lang='grc' dir='ltr'>Ἀναφέρομέν</span> <span class='ocrx_word' id='word_1_567' title='bbox 1902 5196 1984 5232; x_wconf 89' lang='grc' dir='ltr'><strong>σοι</strong></span> 
     </span>
    </p>
   </div>
   <div class='ocr_carea' id='block_1_75' title="bbox 2054 2552 3623 2627">
    <p class='ocr_par' dir='ltr' id='par_1_75' title="bbox 2054 2552 3623 2627">
     <span class='ocr_line' id='line_1_75' title="bbox 2054 2552 3623 2627; baseline 0.002 -20"><span class='ocrx_word' id='word_1_568' title='bbox 2054 2552 2137 2609; x_wconf 75' lang='lat' dir='ltr'><strong>Ac</strong></span> <span class='ocrx_word' id='word_1_569' title='bbox 2168 2555 2213 2610; x_wconf 90' lang='lat' dir='ltr'><strong>si</strong></span> <span class='ocrx_word' id='word_1_570' title='bbox 2250 2556 2382 2624; x_wconf 86' lang='lat' dir='ltr'><strong>quis</strong></span> <span class='ocrx_word' id='word_1_571' title='bbox 2431 2554 2677 2626; x_wconf 86' lang='lat' dir='ltr'><strong>ejusdem</strong></span> <span class='ocrx_word' id='word_1_572' title='bbox 2733 2567 2900 2612; x_wconf 64' lang='lat' dir='ltr'><strong>sectae</strong></span> <span class='ocrx_word' id='word_1_573' title='bbox 2947 2557 3273 2627; x_wconf 86' lang='lat' dir='ltr'><strong>peregrinus</strong></span> <span class='ocrx_word' id='word_1_574' title='bbox 3317 2559 3623 2623; x_wconf 59' lang='lat' dir='ltr'><strong>adnuerit.</strong></span> 
     </span>
    </p>
   </div>
   <div class='ocr_carea' id='block_1_76' title="bbox 2054 2646 3627 2716">
    <p class='ocr_par' dir='ltr' id='par_1_76' title="bbox 2054 2646 3627 2716">
     <span class='ocr_line' id='line_1_76' title="bbox 2054 2646 3627 2716; baseline 0.004 -19"><span class='ocrx_word' id='word_1_575' title='bbox 2054 2646 2275 2716; x_wconf 81' lang='lat' dir='ltr'><strong>signum</strong></span> <span class='ocrx_word' id='word_1_576' title='bbox 2310 2646 2587 2716; x_wconf 83' lang='lat' dir='ltr'><strong>quoddam</strong></span> <span class='ocrx_word' id='word_1_577' title='bbox 2632 2646 2735 2701; x_wconf 90' lang='lat' dir='ltr'><strong>viri</strong></span> <span class='ocrx_word' id='word_1_578' title='bbox 2779 2663 2813 2701; x_wconf 87' lang='lat' dir='ltr'><strong>a</strong></span> <span class='ocrx_word' id='word_1_579' title='bbox 2865 2648 3106 2712; x_wconf 79' lang='lat' dir='ltr'><strong>feminis,</strong></span> <span class='ocrx_word' id='word_1_580' title='bbox 3165 2648 3381 2704; x_wconf 77' lang='lat' dir='ltr'><strong>feminae</strong></span> <span class='ocrx_word' id='word_1_581' title='bbox 3425 2649 3627 2704; x_wconf 84' lang='lat' dir='ltr'><strong>a&#39;viris</strong></span> 
     </span>
    </p>
   </div>
   <div class='ocr_carea' id='block_1_77' title="bbox 2062 2734 3627 2807">
    <p class='ocr_par' dir='ltr' id='par_1_77' title="bbox 2062 2734 3627 2807">
     <span class='ocr_line' id='line_1_77' title="bbox 2062 2734 3627 2807; baseline 0.001 -17"><span class='ocrx_word' id='word_1_582' title='bbox 2062 2734 2358 2806; x_wconf 84' lang='lat' dir='ltr'><strong>accipiunt.</strong></span> <span class='ocrx_word' id='word_1_583' title='bbox 2405 2736 2523 2807; x_wconf 72' lang='lat'><strong>86</strong></span> <span class='ocrx_word' id='word_1_584' title='bbox 2574 2734 2701 2792; x_wconf 65' lang='lat' dir='ltr'><strong>Haec</strong></span> <span class='ocrx_word' id='word_1_585' title='bbox 2758 2744 2942 2792; x_wconf 82' lang='lat' dir='ltr'><strong>autem</strong></span> <span class='ocrx_word' id='word_1_586' title='bbox 2988 2736 3261 2806; x_wconf 76' lang='lat' dir='ltr'><strong>ejusmodi</strong></span> <span class='ocrx_word' id='word_1_587' title='bbox 3313 2746 3400 2794; x_wconf 90' lang='lat' dir='ltr'><strong>est</strong></span> <span class='ocrx_word' id='word_1_588' title='bbox 3444 2738 3627 2794; x_wconf 90' lang='lat' dir='ltr'><strong>:Cum</strong></span> 
     </span>
    </p>
   </div>
   <div class='ocr_carea' id='block_1_78' title="bbox 2058 2829 3630 2901">
    <p class='ocr_par' dir='ltr' id='par_1_78' title="bbox 2058 2829 3630 2901">
     <span class='ocr_line' id='line_1_78' title="bbox 2058 2829 3630 2901; baseline -0.001 -15"><span class='ocrx_word' id='word_1_589' title='bbox 2058 2829 2337 2886; x_wconf 82' lang='lat' dir='ltr'><strong>salutandi</strong></span> <span class='ocrx_word' id='word_1_590' title='bbox 2391 2843 2455 2885; x_wconf 85' lang='lat' dir='ltr'><strong>ac</strong></span> <span class='ocrx_word' id='word_1_591' title='bbox 2503 2829 2905 2900; x_wconf 84' lang='lat' dir='ltr'><strong>complectendi</strong></span> <span class='ocrx_word' id='word_1_592' title='bbox 2952 2845 3122 2886; x_wconf 78' lang='lat' dir='ltr'><strong>causa</strong></span> <span class='ocrx_word' id='word_1_593' title='bbox 3173 2846 3395 2885; x_wconf 86' lang='lat' dir='ltr'><strong>manum</strong></span> <span class='ocrx_word' id='word_1_594' title='bbox 3446 2832 3630 2901; x_wconf 79' lang='lat' dir='ltr'><strong>porri-</strong></span> 
     </span>
    </p>
   </div>
   <div class='ocr_carea' id='block_1_79' title="bbox 2058 2921 3631 2993">
    <p class='ocr_par' dir='ltr' id='par_1_79' title="bbox 2058 2921 3631 2993">
     <span class='ocr_line' id='line_1_79' title="bbox 2058 2921 3631 2993; baseline 0 -18"><span class='ocrx_word' id='word_1_595' title='bbox 2058 2927 2220 2992; x_wconf 82' lang='lat' dir='ltr'><strong>gunt,</strong></span> <span class='ocrx_word' id='word_1_596' title='bbox 2255 2936 2377 2976; x_wconf 87' lang='lat' dir='ltr'><strong>eam</strong></span> <span class='ocrx_word' id='word_1_597' title='bbox 2425 2921 2568 2976; x_wconf 83' lang='lat' dir='ltr'><strong>infra</strong></span> <span class='ocrx_word' id='word_1_598' title='bbox 2625 2922 2862 2993; x_wconf 80' lang='lat' dir='ltr'><strong>palmam</strong></span> <span class='ocrx_word' id='word_1_599' title='bbox 2915 2921 3313 2977; x_wconf 84' lang='lat' dir='ltr'><strong>contrectando</strong></span> <span class='ocrx_word' id='word_1_600' title='bbox 3356 2937 3421 2977; x_wconf 88' lang='lat' dir='ltr'><strong>ac</strong></span> <span class='ocrx_word' id='word_1_601' title='bbox 3459 2922 3631 2976; x_wconf 82' lang='lat' dir='ltr'><strong>defri-</strong></span> 
     </span>
    </p>
   </div>
   <div class='ocr_carea' id='block_1_80' title="bbox 2063 3025 3631 3097">
    <p class='ocr_par' dir='ltr' id='par_1_80' title="bbox 2063 3025 3631 3097">
     <span class='ocr_line' id='line_1_80' title="bbox 2063 3025 3631 3097; baseline 0.001 -18"><span class='ocrx_word' id='word_1_602' title='bbox 2063 3026 2240 3081; x_wconf 77' lang='lat' dir='ltr'><strong>cando</strong></span> <span class='ocrx_word' id='word_1_603' title='bbox 2266 3025 2464 3082; x_wconf 85' lang='lat' dir='ltr'><strong>leniter</strong></span> <span class='ocrx_word' id='word_1_604' title='bbox 2502 3025 2753 3090; x_wconf 88' lang='lat' dir='ltr'><strong>titillant,</strong></span> <span class='ocrx_word' id='word_1_605' title='bbox 2788 3041 2969 3097; x_wconf 82' lang='lat' dir='ltr'><strong>eoque</strong></span> <span class='ocrx_word' id='word_1_606' title='bbox 3009 3027 3167 3097; x_wconf 81' lang='lat' dir='ltr'><strong>signo</strong></span> <span class='ocrx_word' id='word_1_607' title='bbox 3200 3025 3459 3096; x_wconf 74' lang='lat' dir='ltr'><strong>eiusdem</strong></span> <span class='ocrx_word' id='word_1_608' title='bbox 3506 3027 3631 3082; x_wconf 79' lang='lat' dir='ltr'><strong>reli-</strong></span> 
     </span>
    </p>
   </div>
   <div class='ocr_carea' id='block_1_81' title="bbox 2062 3115 3629 3189">
    <p class='ocr_par' dir='ltr' id='par_1_81' title="bbox 2062 3115 3629 3189">
     <span class='ocr_line' id='line_1_81' title="bbox 2062 3115 3629 3189; baseline -0.001 -16"><span class='ocrx_word' id='word_1_609' title='bbox 2062 3118 2242 3188; x_wconf 85' lang='lat' dir='ltr'><strong>gionis</strong></span> <span class='ocrx_word' id='word_1_610' title='bbox 2264 3118 2529 3189; x_wconf 76' lang='lat' dir='ltr'><strong>hospitem</strong></span> <span class='ocrx_word' id='word_1_611' title='bbox 2549 3132 2673 3173; x_wconf 84' lang='lat' dir='ltr'><strong>esse</strong></span> <span class='ocrx_word' id='word_1_612' title='bbox 2704 3118 3100 3174; x_wconf 78' lang='lat' dir='ltr'><strong>demonstrant.</strong></span> <span class='ocrx_word' id='word_1_613' title='bbox 3119 3115 3249 3173; x_wconf 88' lang='lat' dir='ltr'><strong>Inde</strong></span> <span class='ocrx_word' id='word_1_614' title='bbox 3274 3128 3629 3189; x_wconf 78' lang='lat' dir='ltr'><strong>posteaquam</strong></span> 
     </span>
    </p>
   </div>
   <div class='ocr_carea' id='block_1_82' title="bbox 2065 3209 3629 3281">
    <p class='ocr_par' dir='ltr' id='par_1_82' title="bbox 2065 3209 3629 3281">
     <span class='ocr_line' id='line_1_82' title="bbox 2065 3209 3629 3281; baseline -0.001 -17"><span class='ocrx_word' id='word_1_615' title='bbox 2065 3216 2256 3264; x_wconf 82' lang='lat' dir='ltr'><strong>mutuo</strong></span> <span class='ocrx_word' id='word_1_616' title='bbox 2289 3225 2350 3266; x_wconf 85' lang='lat' dir='ltr'><strong>se</strong></span> <span class='ocrx_word' id='word_1_617' title='bbox 2395 3211 2719 3281; x_wconf 82' lang='lat' dir='ltr'><strong>agnoverint</strong></span> <span class='ocrx_word' id='word_1_618' title='bbox 2762 3209 2832 3263; x_wconf 89' lang='lat' dir='ltr'><strong>ad</strong></span> <span class='ocrx_word' id='word_1_619' title='bbox 2882 3210 3198 3265; x_wconf 77' lang='lat' dir='ltr'><strong>convivium</strong></span> <span class='ocrx_word' id='word_1_620' title='bbox 3246 3209 3629 3281; x_wconf 77' lang='lat' dir='ltr'><strong>accinguntur.</strong></span> 
     </span>
    </p>
   </div>
   <div class='ocr_carea' id='block_1_83' title="bbox 2066 3301 3632 3374">
    <p class='ocr_par' dir='ltr' id='par_1_83' title="bbox 2066 3301 3632 3374">
     <span class='ocr_line' id='line_1_83' title="bbox 2066 3301 3632 3374; baseline -0.001 -17"><span class='ocrx_word' id='word_1_621' title='bbox 2066 3301 2221 3369; x_wconf 84' lang='lat' dir='ltr'><strong>Quod</strong></span> <span class='ocrx_word' id='word_1_622' title='bbox 2250 3302 2452 3373; x_wconf 79' lang='lat' dir='ltr'><strong>ipsum,</strong></span> <span class='ocrx_word' id='word_1_623' title='bbox 2491 3303 2707 3358; x_wconf 82' lang='lat' dir='ltr'><strong>tametsi</strong></span> <span class='ocrx_word' id='word_1_624' title='bbox 2737 3317 3005 3374; x_wconf 75' lang='lat' dir='ltr'><strong>pauperes</strong></span> <span class='ocrx_word' id='word_1_625' title='bbox 3035 3302 3165 3365; x_wconf 89' lang='lat' dir='ltr'><strong>sint,</strong></span> <span class='ocrx_word' id='word_1_626' title='bbox 3195 3303 3397 3373; x_wconf 77' lang='lat' dir='ltr'><strong>ingenti</strong></span> <span class='ocrx_word' id='word_1_627' title='bbox 3441 3302 3632 3372; x_wconf 81' lang='lat' dir='ltr'><strong>epula-</strong></span> 
     </span>
    </p>
   </div>
   <div class='ocr_carea' id='block_1_84' title="bbox 2068 3392 3633 3464">
    <p class='ocr_par' dir='ltr' id='par_1_84' title="bbox 2068 3392 3633 3464">
     <span class='ocr_line' id='line_1_84' title="bbox 2068 3392 3633 3464; baseline -0.001 -17"><span class='ocrx_word' id='word_1_628' title='bbox 2068 3408 2189 3447; x_wconf 84' lang='lat' dir='ltr'><strong>rum</strong></span> <span class='ocrx_word' id='word_1_629' title='bbox 2234 3401 2523 3464; x_wconf 82' lang='lat' dir='ltr'><strong>apparatu,</strong></span> <span class='ocrx_word' id='word_1_630' title='bbox 2571 3394 2809 3463; x_wconf 84' lang='lat' dir='ltr'><strong>vinoque</strong></span> <span class='ocrx_word' id='word_1_631' title='bbox 2858 3400 2915 3449; x_wconf 82' lang='lat' dir='ltr'><strong>et</strong></span> <span class='ocrx_word' id='word_1_632' title='bbox 2963 3392 3225 3449; x_wconf 88' lang='lat' dir='ltr'><strong>carnibus</strong></span> <span class='ocrx_word' id='word_1_633' title='bbox 3263 3393 3633 3449; x_wconf 85' lang='lat' dir='ltr'><strong>instructissi-</strong></span> 
     </span>
    </p>
   </div>
   <div class='ocr_carea' id='block_1_85' title="bbox 2073 3484 3637 3555">
    <p class='ocr_par' dir='ltr' id='par_1_85' title="bbox 2073 3484 3637 3555">
     <span class='ocr_line' id='line_1_85' title="bbox 2073 3484 3637 3555; baseline -0.001 -17"><span class='ocrx_word' id='word_1_634' title='bbox 2073 3498 2220 3538; x_wconf 89' lang='lat' dir='ltr'><strong>mum</strong></span> <span class='ocrx_word' id='word_1_635' title='bbox 2255 3485 2518 3555; x_wconf 61' lang='lat' dir='ltr'><strong>praabent.</strong></span> <span class='ocrx_word' id='word_1_636' title='bbox 2540 3484 2722 3540; x_wconf 87' lang='lat' dir='ltr'><strong>Finito</strong></span> <span class='ocrx_word' id='word_1_637' title='bbox 2750 3484 3006 3540; x_wconf 84' lang='lat' dir='ltr'><strong>convivio</strong></span> <span class='ocrx_word' id='word_1_638' title='bbox 3032 3500 3161 3539; x_wconf 84' lang='lat' dir='ltr'><strong>cum</strong></span> <span class='ocrx_word' id='word_1_639' title='bbox 3183 3484 3442 3539; x_wconf 83' lang='lat' dir='ltr'><strong>satietate</strong></span> <span class='ocrx_word' id='word_1_640' title='bbox 3467 3498 3637 3538; x_wconf 84' lang='lat' dir='ltr'><strong>venas</strong></span> 
     </span>
    </p>
   </div>
   <div class='ocr_carea' id='block_1_86' title="bbox 1871 3546 3637 3645">
    <p class='ocr_par' dir='ltr' id='par_1_86' title="bbox 1871 3546 3637 3645">
     <span class='ocr_line' id='line_1_86' title="bbox 1871 3546 3637 3645; baseline -0.001 -18"><span class='ocrx_word' id='word_1_641' title='bbox 1871 3546 1971 3608; x_wconf 64' lang='grc' dir='ltr'><strong>τῆς</strong></span> <span class='ocrx_word' id='word_1_642' title='bbox 1997 3546 2040 3605; x_wconf 75' lang='lat' dir='ltr'><strong>C</strong></span> <span class='ocrx_word' id='word_1_643' title='bbox 2074 3546 2457 3644; x_wconf 76' lang='lat' dir='ltr'><strong>distenderint,</strong></span> <span class='ocrx_word' id='word_1_644' title='bbox 2487 3576 2555 3632; x_wconf 90' lang='lat' dir='ltr'><strong>ad</strong></span> <span class='ocrx_word' id='word_1_645' title='bbox 2588 3575 2868 3632; x_wconf 87' lang='lat' dir='ltr'><strong>libidinem</strong></span> <span class='ocrx_word' id='word_1_646' title='bbox 2896 3575 3254 3645; x_wconf 88' lang='lat' dir='ltr'><strong>proritantur.</strong></span> <span class='ocrx_word' id='word_1_647' title='bbox 3285 3572 3423 3627; x_wconf 84' lang='lat' dir='ltr'><strong>Tum</strong></span> <span class='ocrx_word' id='word_1_648' title='bbox 3456 3573 3540 3626; x_wconf 90' lang='lat' dir='ltr'><strong>vir</strong></span> <span class='ocrx_word' id='word_1_649' title='bbox 3569 3556 3637 3626; x_wconf 81' lang='lat' dir='ltr'><strong>ab</strong></span> 
     </span>
    </p>
   </div>
   <div class='ocr_carea' id='block_1_87' title="bbox 2076 3666 3641 3736">
    <p class='ocr_par' dir='ltr' id='par_1_87' title="bbox 2076 3666 3641 3736">
     <span class='ocr_line' id='line_1_87' title="bbox 2076 3666 3641 3736; baseline -0.003 -14"><span class='ocrx_word' id='word_1_650' title='bbox 2076 3682 2249 3723; x_wconf 76' lang='lat' dir='ltr'><strong>uxore</strong></span> <span class='ocrx_word' id='word_1_651' title='bbox 2306 3667 2595 3724; x_wconf 84' lang='lat' dir='ltr'><strong>discedens</strong></span> <span class='ocrx_word' id='word_1_652' title='bbox 2642 3669 2723 3723; x_wconf 87' lang='lat' dir='ltr'><strong>sic</strong></span> <span class='ocrx_word' id='word_1_653' title='bbox 2774 3683 2896 3724; x_wconf 86' lang='lat' dir='ltr'><strong>eam</strong></span> <span class='ocrx_word' id='word_1_654' title='bbox 2962 3666 3301 3736; x_wconf 86' lang='lat' dir='ltr'><strong>alloquitur:</strong></span> <span class='ocrx_word' id='word_1_655' title='bbox 3334 3666 3531 3736; x_wconf 82' lang='lat' dir='ltr'><strong>Surge.</strong></span> <span class='ocrx_word' id='word_1_656' title='bbox 3586 3671 3641 3720; x_wconf 88' lang='lat' dir='ltr'><strong>et</strong></span> 
     </span>
    </p>
   </div>
   <div class='ocr_carea' id='block_1_88' title="bbox 2078 3755 3639 3815">
    <p class='ocr_par' dir='ltr' id='par_1_88' title="bbox 2078 3755 3639 3815">
     <span class='ocr_line' id='line_1_88' title="bbox 2078 3755 3639 3815; baseline -0.001 -5"><span class='ocrx_word' id='word_1_657' title='bbox 2078 3756 2230 3813; x_wconf 83' lang='lat' dir='ltr'><strong>fratri</strong></span> <span class='ocrx_word' id='word_1_658' title='bbox 2258 3758 2582 3814; x_wconf 84' lang='lat' dir='ltr'><strong>charitatem</strong></span> <span class='ocrx_word' id='word_1_659' title='bbox 2630 3759 2847 3815; x_wconf 79' lang='lat' dir='ltr'><strong>exhibe.</strong></span> <span class='ocrx_word' id='word_1_660' title='bbox 2881 3756 2960 3812; x_wconf 89' lang='lat' dir='ltr'><strong>lta</strong></span> <span class='ocrx_word' id='word_1_661' title='bbox 2990 3757 3060 3811; x_wconf 83' lang='lat' dir='ltr'><strong>ad</strong></span> <span class='ocrx_word' id='word_1_662' title='bbox 3096 3755 3452 3812; x_wconf 87' lang='lat' dir='ltr'><strong>concubitum</strong></span> <span class='ocrx_word' id='word_1_663' title='bbox 3485 3755 3639 3811; x_wconf 88' lang='lat' dir='ltr'><strong>veni-</strong></span> 
     </span>
    </p>
   </div>
   <div class='ocr_carea' id='block_1_89' title="bbox 2075 3861 3640 3934">
    <p class='ocr_par' dir='ltr' id='par_1_89' title="bbox 2075 3861 3640 3934">
     <span class='ocr_line' id='line_1_89' title="bbox 2075 3861 3640 3934; baseline 0.002 -20"><span class='ocrx_word' id='word_1_664' title='bbox 2075 3869 2184 3917; x_wconf 88' lang='lat' dir='ltr'><strong>tur.</strong></span> <span class='ocrx_word' id='word_1_665' title='bbox 2212 3861 2387 3918; x_wconf 79' lang='lat' dir='ltr'><strong>Pudet</strong></span> <span class='ocrx_word' id='word_1_666' title='bbox 2410 3879 2497 3919; x_wconf 87' lang='lat' dir='ltr'><strong>me</strong></span> <span class='ocrx_word' id='word_1_667' title='bbox 2522 3864 2661 3918; x_wconf 84' lang='lat' dir='ltr'><strong>bona</strong></span> <span class='ocrx_word' id='word_1_668' title='bbox 2693 3863 2799 3919; x_wconf 79' lang='lat' dir='ltr'><strong>fide</strong></span> <span class='ocrx_word' id='word_1_669' title='bbox 2823 3880 2945 3934; x_wconf 75' lang='lat' dir='ltr'><strong>qua:</strong></span> <span class='ocrx_word' id='word_1_670' title='bbox 2977 3861 3119 3933; x_wconf 82' lang='lat' dir='ltr'><strong>apud</strong></span> <span class='ocrx_word' id='word_1_671' title='bbox 3150 3862 3277 3917; x_wconf 87' lang='lat' dir='ltr'><strong>illos</strong></span> <span class='ocrx_word' id='word_1_672' title='bbox 3317 3862 3640 3931; x_wconf 82' lang='lat' dir='ltr'><strong>turpissime</strong></span> 
     </span>
    </p>
   </div>
   <div class='ocr_carea' id='block_1_90' title="bbox 2077 3948 3643 4025">
    <p class='ocr_par' dir='ltr' id='par_1_90' title="bbox 2077 3948 3643 4025">
     <span class='ocr_line' id='line_1_90' title="bbox 2077 3948 3643 4025; baseline 0 -20"><span class='ocrx_word' id='word_1_673' title='bbox 2077 3962 2479 4025; x_wconf 85' lang='lat' dir='ltr'><strong>perpetrantur,</strong></span> <span class='ocrx_word' id='word_1_674' title='bbox 2516 3970 2824 4025; x_wconf 78' lang='lat' dir='ltr'><strong>exponere;</strong></span> <span class='ocrx_word' id='word_1_675' title='bbox 2868 3950 3329 4024; x_wconf 77' lang='lat' dir='ltr'><strong>quemadmodum</strong></span> <span class='ocrx_word' id='word_1_676' title='bbox 3379 3951 3457 4003; x_wconf 86' lang='lat' dir='ltr'><strong>ait</strong></span> <span class='ocrx_word' id='word_1_677' title='bbox 3492 3948 3643 4020; x_wconf 79' lang='lat' dir='ltr'><strong>Apo-</strong></span> 
     </span>
    </p>
   </div>
   <div class='ocr_carea' id='block_1_91' title="bbox 2078 4039 3640 4116">
    <p class='ocr_par' dir='ltr' id='par_1_91' title="bbox 2078 4039 3640 4116">
     <span class='ocr_line' id='line_1_91' title="bbox 2078 4039 3640 4116; baseline -0.006 -15"><span class='ocrx_word' id='word_1_678' title='bbox 2078 4046 2253 4101; x_wconf 84' lang='lat' dir='ltr'><strong>stolus</strong></span> <span class='ocrx_word' id='word_1_679' title='bbox 2286 4063 2300 4099; x_wconf 90' lang='lat'>:</span> <span class='ocrx_word' id='word_1_680' title='bbox 2334 4045 2466 4112; x_wconf 73' lang='lat' dir='ltr'><strong>Qua:</strong></span> <span class='ocrx_word' id='word_1_681' title='bbox 2498 4045 2640 4115; x_wconf 74' lang='lat' dir='ltr'><strong>apud</strong></span> <span class='ocrx_word' id='word_1_682' title='bbox 2671 4046 2813 4116; x_wconf 79' lang='lat' dir='ltr'><strong>ipsos</strong></span> <span class='ocrx_word' id='word_1_683' title='bbox 2844 4045 3000 4114; x_wconf 73' lang='lat' dir='ltr'><strong>ﬁunt,</strong></span> <span class='ocrx_word' id='word_1_684' title='bbox 3038 4052 3186 4111; x_wconf 71' lang='lat' dir='ltr'><strong>turpe</strong></span> <span class='ocrx_word' id='word_1_685' title='bbox 3215 4049 3293 4095; x_wconf 78' lang='lat' dir='ltr'><strong>est</strong></span> <span class='ocrx_word' id='word_1_686' title='bbox 3317 4050 3366 4094; x_wconf 83' lang='lat' dir='ltr'><strong>et</strong></span> <span class='ocrx_word' id='word_1_687' title='bbox 3391 4039 3564 4093; x_wconf 80' lang='lat' dir='ltr'><strong>dicere</strong></span> <span class='ocrx_word' id='word_1_688' title='bbox 3600 4041 3640 4091; x_wconf 82' lang='lat'><strong>&#39;.</strong></span> 
     </span>
    </p>
   </div>
   <div class='ocr_carea' id='block_1_92' title="bbox 2079 4131 3646 4207">
    <p class='ocr_par' dir='ltr' id='par_1_92' title="bbox 2079 4131 3646 4207">
     <span class='ocr_line' id='line_1_92' title="bbox 2079 4131 3646 4207; baseline -0.003 -17"><span class='ocrx_word' id='word_1_689' title='bbox 2079 4135 2280 4191; x_wconf 79' lang='lat' dir='ltr'><strong>Verum</strong></span> <span class='ocrx_word' id='word_1_690' title='bbox 2319 4152 2440 4207; x_wconf 77' lang='lat' dir='ltr'><strong>quae</strong></span> <span class='ocrx_word' id='word_1_691' title='bbox 2497 4137 2619 4192; x_wconf 88' lang='lat' dir='ltr'><strong>illos</strong></span> <span class='ocrx_word' id='word_1_692' title='bbox 2663 4136 2848 4191; x_wconf 75' lang='lat' dir='ltr'><strong>facere</strong></span> <span class='ocrx_word' id='word_1_693' title='bbox 2902 4133 3039 4189; x_wconf 85' lang='lat' dir='ltr'><strong>nihil</strong></span> <span class='ocrx_word' id='word_1_694' title='bbox 3091 4131 3284 4203; x_wconf 82' lang='lat' dir='ltr'><strong>pudet,</strong></span> <span class='ocrx_word' id='word_1_695' title='bbox 3332 4145 3511 4201; x_wconf 73' lang='lat' dir='ltr'><strong>neque</strong></span> <span class='ocrx_word' id='word_1_696' title='bbox 3558 4145 3646 4185; x_wconf 84' lang='lat' dir='ltr'><strong>me</strong></span> 
     </span>
    </p>
   </div>
   <div class='ocr_carea' id='block_1_93' title="bbox 2078 4221 3647 4301">
    <p class='ocr_par' dir='ltr' id='par_1_93' title="bbox 2078 4221 3647 4301">
     <span class='ocr_line' id='line_1_93' title="bbox 2078 4221 3647 4301; baseline -0.006 -16"><span class='ocrx_word' id='word_1_697' title='bbox 2078 4228 2299 4301; x_wconf 85' lang='lat' dir='ltr'><strong>pudebit</strong></span> <span class='ocrx_word' id='word_1_698' title='bbox 2331 4229 2534 4300; x_wconf 76' lang='lat' dir='ltr'><strong>eloqui,</strong></span> <span class='ocrx_word' id='word_1_699' title='bbox 2579 4237 2640 4284; x_wconf 91' lang='lat' dir='ltr'><strong>ut</strong></span> <span class='ocrx_word' id='word_1_700' title='bbox 2678 4229 2771 4300; x_wconf 85' lang='lat' dir='ltr'><strong>qui</strong></span> <span class='ocrx_word' id='word_1_701' title='bbox 2823 4227 3125 4283; x_wconf 66' lang='lat' dir='ltr'><strong>faedissima</strong></span> <span class='ocrx_word' id='word_1_702' title='bbox 3170 4225 3388 4280; x_wconf 88' lang='lat' dir='ltr'><strong>illorum</strong></span> <span class='ocrx_word' id='word_1_703' title='bbox 3440 4221 3647 4294; x_wconf 72' lang='lat' dir='ltr'><strong>ﬂagitia</strong></span> 
     </span>
    </p>
   </div>
   <div class='ocr_carea' id='block_1_94' title="bbox 2079 4316 3649 4391">
    <p class='ocr_par' dir='ltr' id='par_1_94' title="bbox 2079 4316 3649 4391">
     <span class='ocr_line' id='line_1_94' title="bbox 2079 4316 3649 4391; baseline -0.006 -15"><span class='ocrx_word' id='word_1_704' title='bbox 2079 4322 2374 4389; x_wconf 85' lang='lat' dir='ltr'><strong>audierint,</strong></span> <span class='ocrx_word' id='word_1_705' title='bbox 2404 4321 2632 4377; x_wconf 84' lang='lat' dir='ltr'><strong>horrore</strong></span> <span class='ocrx_word' id='word_1_706' title='bbox 2656 4320 2894 4391; x_wconf 89' lang='lat' dir='ltr'><strong>quodam</strong></span> <span class='ocrx_word' id='word_1_707' title='bbox 2932 4318 3257 4373; x_wconf 73' lang='lat' dir='ltr'><strong>afﬁciantur.</strong></span> <span class='ocrx_word' id='word_1_708' title='bbox 3285 4316 3499 4372; x_wconf 83' lang='lat' dir='ltr'><strong>Etenim</strong></span> <span class='ocrx_word' id='word_1_709' title='bbox 3526 4331 3649 4385; x_wconf 80' lang='lat' dir='ltr'><strong>per-</strong></span> 
     </span>
    </p>
   </div>
   <div class='ocr_carea' id='block_1_95' title="bbox 2078 4407 3648 4485">
    <p class='ocr_par' dir='ltr' id='par_1_95' title="bbox 2078 4407 3648 4485">
     <span class='ocr_line' id='line_1_95' title="bbox 2078 4407 3648 4485; baseline -0.005 -16"><span class='ocrx_word' id='word_1_710' title='bbox 2078 4422 2203 4469; x_wconf 81' lang='lat' dir='ltr'><strong>acto</strong></span> <span class='ocrx_word' id='word_1_711' title='bbox 2244 4421 2436 4485; x_wconf 85' lang='lat' dir='ltr'><strong>stupro</strong></span> <span class='ocrx_word' id='word_1_712' title='bbox 2481 4413 2714 4469; x_wconf 82' lang='lat' dir='ltr'><strong>subinde</strong></span> <span class='ocrx_word' id='word_1_713' title='bbox 2738 4411 3153 4468; x_wconf 82' lang='lat' dir='ltr'><strong>contumeliosis</strong></span> <span class='ocrx_word' id='word_1_714' title='bbox 3185 4410 3387 4465; x_wconf 75' lang='lat' dir='ltr'><strong>cmlum</strong></span> <span class='ocrx_word' id='word_1_715' title='bbox 3420 4407 3648 4462; x_wconf 78' lang='lat' dir='ltr'><strong>vocibus</strong></span> 
     </span>
    </p>
   </div>
   <div class='ocr_carea' id='block_1_96' title="bbox 2081 4508 3648 4587">
    <p class='ocr_par' dir='ltr' id='par_1_96' title="bbox 2081 4508 3648 4587">
     <span class='ocr_line' id='line_1_96' title="bbox 2081 4508 3648 4587; baseline -0.008 -16"><span class='ocrx_word' id='word_1_716' title='bbox 2081 4522 2421 4587; x_wconf 77' lang='lat' dir='ltr'><strong>appetentes,</strong></span> <span class='ocrx_word' id='word_1_717' title='bbox 2453 4515 2670 4586; x_wconf 86' lang='lat' dir='ltr'><strong>utrique</strong></span> <span class='ocrx_word' id='word_1_718' title='bbox 2697 4515 2866 4569; x_wconf 86' lang='lat' dir='ltr'><strong>maris</strong></span> <span class='ocrx_word' id='word_1_719' title='bbox 2914 4510 3241 4583; x_wconf 83' lang='lat' dir='ltr'><strong>proﬂuvium</strong></span> <span class='ocrx_word' id='word_1_720' title='bbox 3274 4509 3428 4565; x_wconf 81' lang='lat' dir='ltr'><strong>cavis</strong></span> <span class='ocrx_word' id='word_1_721' title='bbox 3472 4508 3648 4562; x_wconf 87' lang='lat' dir='ltr'><strong>mani-</strong></span> 
     </span>
    </p>
   </div>
   <div class='ocr_carea' id='block_1_97' title="bbox 2082 4601 3649 4680">
    <p class='ocr_par' dir='ltr' id='par_1_97' title="bbox 2082 4601 3649 4680">
     <span class='ocr_line' id='line_1_97' title="bbox 2082 4601 3649 4680; baseline -0.007 -16"><span class='ocrx_word' id='word_1_722' title='bbox 2082 4608 2186 4664; x_wconf 82' lang='lat' dir='ltr'><strong>bus</strong></span> <span class='ocrx_word' id='word_1_723' title='bbox 2232 4608 2532 4680; x_wconf 80' lang='lat' dir='ltr'><strong>excipiunt,</strong></span> <span class='ocrx_word' id='word_1_724' title='bbox 2575 4623 2638 4661; x_wconf 86' lang='lat' dir='ltr'><strong>ac</strong></span> <span class='ocrx_word' id='word_1_725' title='bbox 2683 4606 2916 4662; x_wconf 83' lang='lat' dir='ltr'><strong>sublatis</strong></span> <span class='ocrx_word' id='word_1_726' title='bbox 2964 4620 3184 4660; x_wconf 90' lang='lat' dir='ltr'><strong>rursum</strong></span> <span class='ocrx_word' id='word_1_727' title='bbox 3230 4601 3412 4657; x_wconf 88' lang='lat' dir='ltr'><strong>oculis</strong></span> <span class='ocrx_word' id='word_1_728' title='bbox 3444 4601 3649 4655; x_wconf 73' lang='lat' dir='ltr'><strong>fmdum</strong></span> 
     </span>
    </p>
   </div>
   <div class='ocr_carea' id='block_1_98' title="bbox 2052 4692 3650 4766">
    <p class='ocr_par' dir='ltr' id='par_1_98' title="bbox 2052 4692 3650 4766">
     <span class='ocr_line' id='line_1_98' title="bbox 2052 4692 3650 4766; baseline -0.008 -10"><span class='ocrx_word' id='word_1_729' title='bbox 2052 4701 2215 4756; x_wconf 83' lang='lat' dir='ltr'><strong>&#39;illud</strong></span> <span class='ocrx_word' id='word_1_730' title='bbox 2260 4708 2314 4755; x_wconf 85' lang='lat' dir='ltr'><strong>et</strong></span> <span class='ocrx_word' id='word_1_731' title='bbox 2366 4699 2732 4755; x_wconf 89' lang='lat' dir='ltr'><strong>abominabile</strong></span> <span class='ocrx_word' id='word_1_732' title='bbox 2774 4698 3029 4753; x_wconf 87' lang='lat' dir='ltr'><strong>manibus</strong></span> <span class='ocrx_word' id='word_1_733' title='bbox 3072 4694 3425 4766; x_wconf 60' lang='lat' dir='ltr'><strong>praeferentes</strong></span> <span class='ocrx_word' id='word_1_734' title='bbox 3465 4692 3650 4746; x_wconf 83' lang='lat' dir='ltr'><strong>consi—</strong></span> 
     </span>
    </p>
   </div>
   <div class='ocr_carea' id='block_1_99' title="bbox 2087 4784 3651 4863">
    <p class='ocr_par' dir='ltr' id='par_1_99' title="bbox 2087 4784 3651 4863">
     <span class='ocr_line' id='line_1_99' title="bbox 2087 4784 3651 4863; baseline -0.008 -14"><span class='ocrx_word' id='word_1_735' title='bbox 2087 4801 2274 4861; x_wconf 89' lang='lat' dir='ltr'><strong>stunt;</strong></span> <span class='ocrx_word' id='word_1_736' title='bbox 2342 4809 2406 4848; x_wconf 90' lang='lat' dir='ltr'><strong>ac</strong></span> <span class='ocrx_word' id='word_1_737' title='bbox 2446 4808 2636 4863; x_wconf 89' lang='lat' dir='ltr'><strong>preces</strong></span> <span class='ocrx_word' id='word_1_738' title='bbox 2675 4790 2994 4861; x_wconf 87' lang='lat' dir='ltr'><strong>concipiunt</strong></span> <span class='ocrx_word' id='word_1_739' title='bbox 3052 4788 3313 4842; x_wconf 85' lang='lat' dir='ltr'><strong>Militares</strong></span> <span class='ocrx_word' id='word_1_740' title='bbox 3344 4784 3566 4854; x_wconf 88' lang='lat' dir='ltr'><strong>quidem</strong></span> <span class='ocrx_word' id='word_1_741' title='bbox 3594 4792 3651 4838; x_wconf 87' lang='lat' dir='ltr'><strong>et</strong></span> 
     </span>
    </p>
   </div>
   <div class='ocr_carea' id='block_1_100' title="bbox 2012 4877 3648 4950">
    <p class='ocr_par' dir='ltr' id='par_1_100' title="bbox 2012 4877 3648 4950">
     <span class='ocr_line' id='line_1_100' title="bbox 2012 4877 3648 4950; baseline -0.006 -11"><span class='ocrx_word' id='word_1_742' title='bbox 2012 4884 2056 4939; x_wconf 89' lang='lat' dir='ltr'><strong>D</strong></span> <span class='ocrx_word' id='word_1_743' title='bbox 2085 4885 2333 4941; x_wconf 88' lang='lat' dir='ltr'><strong>Gnostici</strong></span> <span class='ocrx_word' id='word_1_744' title='bbox 2365 4885 2431 4940; x_wconf 86' lang='lat' dir='ltr'><strong>ad</strong></span> <span class='ocrx_word' id='word_1_745' title='bbox 2467 4885 2877 4950; x_wconf 86' lang='lat' dir='ltr'><strong>universorum,</strong></span> <span class='ocrx_word' id='word_1_746' title='bbox 2907 4891 2967 4937; x_wconf 93' lang='lat' dir='ltr'><strong>ut</strong></span> <span class='ocrx_word' id='word_1_747' title='bbox 2999 4882 3174 4944; x_wconf 89' lang='lat' dir='ltr'><strong>aiunt,</strong></span> <span class='ocrx_word' id='word_1_748' title='bbox 3225 4886 3525 4948; x_wconf 79' lang='lat' dir='ltr'><strong>parentem,</strong></span> <span class='ocrx_word' id='word_1_749' title='bbox 3559 4877 3648 4929; x_wconf 91' lang='lat' dir='ltr'><strong>cui</strong></span> 
     </span>
    </p>
   </div>
   <div class='ocr_carea' id='block_1_101' title="bbox 2082 4969 3652 5048">
    <p class='ocr_par' dir='ltr' id='par_1_101' title="bbox 2082 4969 3652 5048">
     <span class='ocr_line' id='line_1_101' title="bbox 2082 4969 3652 5048; baseline -0.008 -15"><span class='ocrx_word' id='word_1_750' title='bbox 2082 4985 2135 5033; x_wconf 90' lang='lat' dir='ltr'><strong>et</strong></span> <span class='ocrx_word' id='word_1_751' title='bbox 2168 4976 2317 5048; x_wconf 88' lang='lat' dir='ltr'><strong>quod</strong></span> <span class='ocrx_word' id='word_1_752' title='bbox 2346 4977 2601 5033; x_wconf 87' lang='lat' dir='ltr'><strong>manibus</strong></span> <span class='ocrx_word' id='word_1_753' title='bbox 2651 4983 2867 5048; x_wconf 84' lang='lat' dir='ltr'><strong>gestant</strong></span> <span class='ocrx_word' id='word_1_754' title='bbox 2916 4973 3176 5036; x_wconf 77' lang='lat' dir='ltr'><strong>offerunt,</strong></span> <span class='ocrx_word' id='word_1_755' title='bbox 3229 4984 3358 5024; x_wconf 86' lang='lat' dir='ltr'><strong>cum</strong></span> <span class='ocrx_word' id='word_1_756' title='bbox 3406 4969 3511 5022; x_wconf 91' lang='lat' dir='ltr'><strong>hoc</strong></span> <span class='ocrx_word' id='word_1_757' title='bbox 3557 4981 3652 5022; x_wconf 88' lang='lat' dir='ltr'><strong>so-</strong></span> 
     </span>
    </p>
   </div>
   <div class='ocr_carea' id='block_1_102' title="bbox 2090 5060 3651 5131">
    <p class='ocr_par' dir='ltr' id='par_1_102' title="bbox 2090 5060 3651 5131">
     <span class='ocr_line' id='line_1_102' title="bbox 2090 5060 3651 5131; baseline -0.007 -6"><span class='ocrx_word' id='word_1_758' title='bbox 2090 5071 2253 5126; x_wconf 88' lang='lat' dir='ltr'><strong>lemni</strong></span> <span class='ocrx_word' id='word_1_759' title='bbox 2281 5070 2522 5126; x_wconf 83' lang='lat' dir='ltr'><strong>carmine</strong></span> <span class='ocrx_word' id='word_1_760' title='bbox 2556 5089 2568 5124; x_wconf 92' lang='lat'><strong>:</strong></span> <span class='ocrx_word' id='word_1_761' title='bbox 2606 5067 2722 5124; x_wconf 78' lang='lat' dir='ltr'><strong>Hoc</strong></span> <span class='ocrx_word' id='word_1_762' title='bbox 2759 5069 2855 5123; x_wconf 91' lang='lat' dir='ltr'><strong>tibi</strong></span> <span class='ocrx_word' id='word_1_763' title='bbox 2904 5080 3125 5131; x_wconf 89' lang='lat' dir='ltr'><strong>munus,</strong></span> <span class='ocrx_word' id='word_1_764' title='bbox 3165 5063 3425 5118; x_wconf 87' lang='lat' dir='ltr'><strong>nimirum</strong></span> <span class='ocrx_word' id='word_1_765' title='bbox 3444 5060 3651 5116; x_wconf 87' lang='lat' dir='ltr'><strong>Christi</strong></span> 
     </span>
    </p>
   </div>
   <div class='ocr_carea' id='block_1_103' title="bbox 2083 5155 3656 5230">
    <p class='ocr_par' dir='ltr' id='par_1_103' title="bbox 2083 5155 3656 5230">
     <span class='ocr_line' id='line_1_103' title="bbox 2083 5155 3656 5230; baseline -0.007 -15"><span class='ocrx_word' id='word_1_766' title='bbox 2083 5176 2303 5230; x_wconf 73' lang='lat' dir='ltr'><strong>corpus,</strong></span> <span class='ocrx_word' id='word_1_767' title='bbox 2337 5158 2617 5214; x_wconf 65' lang='lat' dir='ltr'><strong>oderimus</strong></span> <span class='ocrx_word' id='word_1_768' title='bbox 2658 5180 2672 5214; x_wconf 85' lang='lat'><strong>;</strong></span> <span class='ocrx_word' id='word_1_769' title='bbox 2707 5167 2869 5227; x_wconf 87' lang='lat' dir='ltr'><strong>atque</strong></span> <span class='ocrx_word' id='word_1_770' title='bbox 2904 5155 2977 5210; x_wconf 92' lang='lat' dir='ltr'><strong>ita</strong></span> <span class='ocrx_word' id='word_1_771' title='bbox 3015 5161 3127 5207; x_wconf 91' lang='lat' dir='ltr'><strong>tum</strong></span> <span class='ocrx_word' id='word_1_772' title='bbox 3154 5168 3219 5208; x_wconf 91' lang='lat' dir='ltr'><strong>eo</strong></span> <span class='ocrx_word' id='word_1_773' title='bbox 3246 5159 3568 5215; x_wconf 83' lang='lat' dir='ltr'><strong>vescuntur,</strong></span> <span class='ocrx_word' id='word_1_774' title='bbox 3601 5161 3656 5206; x_wconf 90' lang='lat' dir='ltr'><strong>et</strong></span> 
     </span>
    </p>
   </div>
   <div class='ocr_carea' id='block_1_104' title="bbox 408 5244 1970 5353">
    <p class='ocr_par' dir='ltr' id='par_1_104' title="bbox 408 5270 1970 5353">
     <span class='ocr_line' id='line_1_104' title="bbox 408 5270 1970 5353; baseline -0.008 -19"><span class='ocrx_word' id='word_1_775' title='bbox 408 5280 568 5334; x_wconf 84' lang='grc' dir='ltr'>τοῦτο</span> <span class='ocrx_word' id='word_1_776' title='bbox 599 5280 768 5353; x_wconf 80' lang='grc' dir='ltr'>δῶρον</span> <span class='ocrx_word' id='word_1_777' title='bbox 802 5281 862 5332; x_wconf 81' lang='grc' dir='ltr'><strong>τὸ</strong></span> <span class='ocrx_word' id='word_1_778' title='bbox 893 5279 1050 5350; x_wconf 86' lang='grc' dir='ltr'>σῶμα</span> <span class='ocrx_word' id='word_1_779' title='bbox 1088 5274 1180 5330; x_wconf 89' lang='grc' dir='ltr'><strong>τοῦ</strong></span> <span class='ocrx_word' id='word_1_780' title='bbox 1206 5272 1471 5347; x_wconf 76' lang='grc' dir='ltr'>Χριστοῦ·</span> <span class='ocrx_word' id='word_1_781' title='bbox 1517 5274 1610 5353; x_wconf 71' lang='grc' dir='ltr'><strong>καὶ</strong></span> <span class='ocrx_word' id='word_1_782' title='bbox 1650 5272 1823 5336; x_wconf 75' lang='grc' dir='ltr'>οὕτως</span> <span class='ocrx_word' id='word_1_783' title='bbox 1854 5270 1970 5324; x_wconf 65' lang='lat' dir='ltr'><strong>aia-tl</strong></span> 
     </span>
    </p>
   </div>
   <div class='ocr_carea' id='block_1_105' title="bbox 2068 5244 3647 5353">
    <p class='ocr_par' dir='ltr' id='par_1_105' title="bbox 2093 5244 3647 5324">
     <span class='ocr_line' id='line_1_105' title="bbox 2093 5244 3647 5324; baseline -0.008 -16"><span class='ocrx_word' id='word_1_784' title='bbox 2093 5253 2495 5324; x_wconf 88' lang='lat' dir='ltr'><strong>impurissimas</strong></span> <span class='ocrx_word' id='word_1_785' title='bbox 2517 5266 2648 5306; x_wconf 85' lang='lat' dir='ltr'><strong>suas</strong></span> <span class='ocrx_word' id='word_1_786' title='bbox 2669 5249 2859 5306; x_wconf 88' lang='lat' dir='ltr'><strong>sordes</strong></span> <span class='ocrx_word' id='word_1_787' title='bbox 2870 5247 3185 5318; x_wconf 87' lang='lat' dir='ltr'><strong>degustant,</strong></span> <span class='ocrx_word' id='word_1_788' title='bbox 3207 5244 3393 5314; x_wconf 83' lang='lat' dir='ltr'><strong>itaque</strong></span> <span class='ocrx_word' id='word_1_789' title='bbox 3416 5244 3605 5298; x_wconf 80' lang='lat' dir='ltr'><strong>dicunt</strong></span> <span class='ocrx_word' id='word_1_790' title='bbox 3635 5259 3647 5295; x_wconf 91' lang='lat'>:</span> 
     </span>
    </p>
   </div>
   <div class='ocr_carea' id='block_1_106' title="bbox 409 5352 1974 5443">
    <p class='ocr_par' dir='ltr' id='par_1_106' title="bbox 409 5352 1974 5443">
     <span class='ocr_line' id='line_1_106' title="bbox 409 5352 1974 5443; baseline -0.007 -17"><span class='ocrx_word' id='word_1_791' title='bbox 409 5352 685 5437; x_wconf 71' lang='lat' dir='ltr'><strong>éafliouat,</strong></span> <span class='ocrx_word' id='word_1_792' title='bbox 708 5368 1209 5443; x_wconf 77' lang='grc' dir='ltr'>μεταλαμϐάνοντες</span> <span class='ocrx_word' id='word_1_793' title='bbox 1231 5367 1330 5438; x_wconf 85' lang='grc' dir='ltr'>τὴν</span> <span class='ocrx_word' id='word_1_794' title='bbox 1373 5352 1578 5419; x_wconf 76' lang='grc' dir='ltr'>ἑαυτῶν</span> <span class='ocrx_word' id='word_1_795' title='bbox 1611 5361 1974 5434; x_wconf 86' lang='grc' dir='ltr'>ἀκαθαρσίαν·</span> 
     </span>
    </p>
   </div>
   <div class='ocr_carea' id='block_1_107' title="bbox 412 5451 1982 5531">
    <p class='ocr_par' dir='ltr' id='par_1_107' title="bbox 412 5451 1982 5531">
     <span class='ocr_line' id='line_1_107' title="bbox 412 5451 1982 5531; baseline -0.008 -14"><span class='ocrx_word' id='word_1_796' title='bbox 412 5462 505 5517; x_wconf 89' lang='grc' dir='ltr'><strong>καί</strong></span> <span class='ocrx_word' id='word_1_797' title='bbox 547 5479 705 5531; x_wconf 76' lang='grc' dir='ltr'>φασιο</span> <span class='ocrx_word' id='word_1_798' title='bbox 740 5460 911 5514; x_wconf 82' lang='grc' dir='ltr'>Τοῦτό</span> <span class='ocrx_word' id='word_1_799' title='bbox 960 5460 1075 5513; x_wconf 87' lang='grc' dir='ltr'>ἐστι</span> <span class='ocrx_word' id='word_1_800' title='bbox 1120 5457 1183 5511; x_wconf 77' lang='grc' dir='ltr'>τὸ</span> <span class='ocrx_word' id='word_1_801' title='bbox 1226 5456 1384 5527; x_wconf 84' lang='grc' dir='ltr'>σῶμα</span> <span class='ocrx_word' id='word_1_802' title='bbox 1429 5453 1523 5508; x_wconf 88' lang='grc' dir='ltr'><strong>τοῦ</strong></span> <span class='ocrx_word' id='word_1_803' title='bbox 1573 5453 1838 5526; x_wconf 77' lang='grc' dir='ltr'>Χριστοῦ·</span> <span class='ocrx_word' id='word_1_804' title='bbox 1886 5451 1982 5506; x_wconf 74' lang='grc' dir='ltr'>καὶ</span> 
     </span>
    </p>
   </div>
   <div class='ocr_carea' id='block_1_108' title="bbox 410 5543 1983 5621">
    <p class='ocr_par' dir='ltr' id='par_1_108' title="bbox 410 5543 1983 5621">
     <span class='ocr_line' id='line_1_108' title="bbox 410 5543 1983 5621; baseline -0.008 -14"><span class='ocrx_word' id='word_1_805' title='bbox 410 5553 571 5607; x_wconf 84' lang='grc' dir='ltr'>τοῦτό</span> <span class='ocrx_word' id='word_1_806' title='bbox 603 5554 720 5605; x_wconf 79' lang='grc' dir='ltr'>ἐστι</span> <span class='ocrx_word' id='word_1_807' title='bbox 771 5551 832 5605; x_wconf 81' lang='grc' dir='ltr'><strong>τὸ</strong></span> <span class='ocrx_word' id='word_1_808' title='bbox 876 5551 1086 5621; x_wconf 86' lang='grc' dir='ltr'>Πάσχα.</span> <span class='ocrx_word' id='word_1_809' title='bbox 1124 5549 1215 5602; x_wconf 69' lang='grc' dir='ltr'><strong>Διὸ</strong></span> <span class='ocrx_word' id='word_1_810' title='bbox 1252 5548 1449 5619; x_wconf 78' lang='grc' dir='ltr'>πάσχει</span> <span class='ocrx_word' id='word_1_811' title='bbox 1486 5545 1554 5599; x_wconf 79' lang='grc' dir='ltr'>τὰ</span> <span class='ocrx_word' id='word_1_812' title='bbox 1594 5545 1836 5617; x_wconf 79' lang='grc' dir='ltr'>ἡμέτερα</span> <span class='ocrx_word' id='word_1_813' title='bbox 1878 5543 1983 5596; x_wconf 73' lang='grc' dir='ltr'><strong>σώο</strong></span> 
     </span>
    </p>
   </div>
   <div class='ocr_carea' id='block_1_109' title="bbox 417 5636 1985 5722">
    <p class='ocr_par' dir='ltr' id='par_1_109' title="bbox 417 5636 1985 5722">
     <span class='ocr_line' id='line_1_109' title="bbox 417 5636 1985 5722; baseline -0.007 -22"><span class='ocrx_word' id='word_1_814' title='bbox 417 5663 583 5722; x_wconf 80' lang='grc' dir='ltr'>ματα,</span> <span class='ocrx_word' id='word_1_815' title='bbox 613 5647 705 5699; x_wconf 71' lang='grc' dir='ltr'><strong>καὶ</strong></span> <span class='ocrx_word' id='word_1_816' title='bbox 734 5643 1098 5714; x_wconf 78' lang='grc' dir='ltr'>ἀναγκάζεται</span> <span class='ocrx_word' id='word_1_817' title='bbox 1130 5643 1405 5714; x_wconf 80' lang='grc' dir='ltr'>ὁμολογεῖν</span> <span class='ocrx_word' id='word_1_818' title='bbox 1442 5639 1501 5694; x_wconf 79' lang='grc' dir='ltr'><strong>τὸ</strong></span> <span class='ocrx_word' id='word_1_819' title='bbox 1533 5637 1701 5702; x_wconf 85' lang='grc' dir='ltr'>πάθος</span> <span class='ocrx_word' id='word_1_820' title='bbox 1732 5638 1823 5692; x_wconf 82' lang='grc' dir='ltr'><strong>τοῦ</strong></span> <span class='ocrx_word' id='word_1_821' title='bbox 1852 5636 1985 5707; x_wconf 85' lang='grc' dir='ltr'>Χρι-</span> 
     </span>
    </p>
   </div>
   <div class='ocr_carea' id='block_1_110' title="bbox 490 5845 959 5916">
    <p class='ocr_par' dir='ltr' id='par_1_110' title="bbox 490 5845 959 5916">
     <span class='ocr_line' id='line_1_110' title="bbox 490 5845 959 5916; baseline 0 -16"><span class='ocrx_word' id='word_1_822' title='bbox 490 5846 507 5879; x_wconf 81' lang='grc'>¹</span> <span class='ocrx_word' id='word_1_823' title='bbox 548 5845 748 5916; x_wconf 78' lang='lat' dir='ltr'><strong>Ephes.</strong></span> <span class='ocrx_word' id='word_1_824' title='bbox 786 5863 836 5910; x_wconf 83' lang='lat'><strong>\&#39;,</strong></span> <span class='ocrx_word' id='word_1_825' title='bbox 878 5846 959 5901; x_wconf 70' lang='lat' dir='ltr'><strong>l2.</strong></span> 
     </span>
    </p>
   </div>
   <div class='ocr_carea' id='block_1_111' title="bbox 2105 5334 3656 5415">
    <p class='ocr_par' dir='ltr' id='par_1_111' title="bbox 2105 5334 3656 5415">
     <span class='ocr_line' id='line_1_111' title="bbox 2105 5334 3656 5415; baseline -0.008 -18"><span class='ocrx_word' id='word_1_826' title='bbox 2105 5344 2218 5400; x_wconf 87' lang='lat' dir='ltr'><strong>Iloc</strong></span> <span class='ocrx_word' id='word_1_827' title='bbox 2250 5355 2333 5400; x_wconf 84' lang='lat' dir='ltr'><strong>est</strong></span> <span class='ocrx_word' id='word_1_828' title='bbox 2363 5361 2566 5415; x_wconf 82' lang='lat' dir='ltr'><strong>corpus</strong></span> <span class='ocrx_word' id='word_1_829' title='bbox 2587 5342 2825 5407; x_wconf 87' lang='lat' dir='ltr'><strong>Christi;</strong></span> <span class='ocrx_word' id='word_1_830' title='bbox 2859 5348 2913 5395; x_wconf 87' lang='lat' dir='ltr'><strong>et</strong></span> <span class='ocrx_word' id='word_1_831' title='bbox 2946 5339 3050 5393; x_wconf 87' lang='lat' dir='ltr'><strong>hoc</strong></span> <span class='ocrx_word' id='word_1_832' title='bbox 3072 5345 3157 5393; x_wconf 89' lang='lat' dir='ltr'><strong>est</strong></span> <span class='ocrx_word' id='word_1_833' title='bbox 3182 5334 3416 5391; x_wconf 79' lang='lat' dir='ltr'><strong>Pascha.</strong></span> <span class='ocrx_word' id='word_1_834' title='bbox 3450 5334 3656 5387; x_wconf 79' lang='lat' dir='ltr'><strong>idcirco</strong></span> 
     </span>
    </p>
   </div>
   <div class='ocr_carea' id='block_1_112' title="bbox 2104 5426 3658 5506">
    <p class='ocr_par' dir='ltr' id='par_1_112' title="bbox 2104 5426 3658 5506">
     <span class='ocr_line' id='line_1_112' title="bbox 2104 5426 3658 5506; baseline -0.01 -15"><span class='ocrx_word' id='word_1_835' title='bbox 2104 5451 2335 5506; x_wconf 81' lang='lat' dir='ltr'><strong>corpora</strong></span> <span class='ocrx_word' id='word_1_836' title='bbox 2367 5445 2554 5491; x_wconf 86' lang='lat' dir='ltr'><strong>nostra</strong></span> <span class='ocrx_word' id='word_1_837' title='bbox 2576 5434 2880 5505; x_wconf 88' lang='lat' dir='ltr'><strong>patiuntur,</strong></span> <span class='ocrx_word' id='word_1_838' title='bbox 2912 5438 2965 5487; x_wconf 90' lang='lat' dir='ltr'><strong>et</strong></span> <span class='ocrx_word' id='word_1_839' title='bbox 2993 5428 3200 5486; x_wconf 88' lang='lat' dir='ltr'><strong>Christi</strong></span> <span class='ocrx_word' id='word_1_840' title='bbox 3229 5426 3495 5497; x_wconf 85' lang='lat' dir='ltr'><strong>supplicia</strong></span> <span class='ocrx_word' id='word_1_841' title='bbox 3526 5438 3658 5476; x_wconf 84' lang='lat' dir='ltr'><strong>con-</strong></span> 
     </span>
    </p>
   </div>
   <div class='ocr_carea' id='block_1_113' title="bbox 2100 5528 3660 5610">
    <p class='ocr_par' dir='ltr' id='par_1_113' title="bbox 2100 5528 3660 5610">
     <span class='ocr_line' id='line_1_113' title="bbox 2100 5528 3660 5610; baseline -0.009 -17"><span class='ocrx_word' id='word_1_842' title='bbox 2100 5538 2240 5594; x_wconf 88' lang='lat' dir='ltr'><strong>fiteri</strong></span> <span class='ocrx_word' id='word_1_843' title='bbox 2269 5547 2557 5610; x_wconf 84' lang='lat' dir='ltr'><strong>coguntur.</strong></span> <span class='ocrx_word' id='word_1_844' title='bbox 2600 5535 2801 5592; x_wconf 87' lang='lat' dir='ltr'><strong>Eodem</strong></span> <span class='ocrx_word' id='word_1_845' title='bbox 2846 5536 3006 5591; x_wconf 91' lang='lat' dir='ltr'><strong>modo</strong></span> <span class='ocrx_word' id='word_1_846' title='bbox 3049 5535 3261 5605; x_wconf 89' lang='lat' dir='ltr'><strong>quoties</strong></span> <span class='ocrx_word' id='word_1_847' title='bbox 3295 5528 3488 5584; x_wconf 83' lang='lat' dir='ltr'><strong>mulier</strong></span> <span class='ocrx_word' id='word_1_848' title='bbox 3517 5542 3660 5581; x_wconf 86' lang='lat' dir='ltr'><strong>men-</strong></span> 
     </span>
    </p>
   </div>
   <div class='ocr_carea' id='block_1_114' title="bbox 2096 5616 3660 5702">
    <p class='ocr_par' dir='ltr' id='par_1_114' title="bbox 2096 5616 3660 5702">
     <span class='ocr_line' id='line_1_114' title="bbox 2096 5616 3660 5702; baseline -0.01 -14"><span class='ocrx_word' id='word_1_849' title='bbox 2096 5640 2280 5688; x_wconf 83' lang='lat' dir='ltr'><strong>struus</strong></span> <span class='ocrx_word' id='word_1_850' title='bbox 2331 5630 2511 5687; x_wconf 80' lang='lat' dir='ltr'><strong>fluxus</strong></span> <span class='ocrx_word' id='word_1_851' title='bbox 2560 5629 2784 5702; x_wconf 86' lang='lat' dir='ltr'><strong>patitur,</strong></span> <span class='ocrx_word' id='word_1_852' title='bbox 2832 5627 3193 5684; x_wconf 71' lang='lat' dir='ltr'><strong>foedissimum</strong></span> <span class='ocrx_word' id='word_1_853' title='bbox 3242 5622 3392 5678; x_wconf 90' lang='lat' dir='ltr'><strong>illum</strong></span> <span class='ocrx_word' id='word_1_854' title='bbox 3440 5616 3660 5689; x_wconf 86' lang='lat' dir='ltr'><strong>sangui-</strong></span> 
     </span>
    </p>
   </div>
  </div>
