3968 6138
307 379 407 434 559

1650 377 1707 434 8.
1751 374 2093 433 EPIPiiANIl

3458 367 3565 425 3-10

308 514 429 554 nem
475 498 763 554 collectum
811 513 919 554 una
956 513 1150 557 omnes
1196 500 1517 559 absorbent.
1564 502 1743 573 Atque
1789 501 1878 557 hic

1999 501 2136 557 ῖτοῦ.
2190 500 2462 565 Ὡσαύτως
2488 500 2546 555 δὲ
2592 492 2685 554 καὶ
2732 499 2793 554 τὸ
2832 497 2941 553 άπὸ
2966 496 3068 569 τῇς
3115 491 3404 565 γυναικὸς,
3438 493 3569 546 ὅταν

307 595 412 652 est,
445 587 723 659 inquiunt,
755 589 981 660 sanguis
1013 589 1239 648 Christi.

1988 592 2209 665 γένηται
2264 590 2434 664 αὐτὴν
2489 589 2740 660 γενέσθαι
2783 590 2841 644 ἐν
2881 587 3033 661 ῥύσει
3081 586 3176 640 τοῦ
3206 584 3474 656 αἵματος,
3506 580 3570 633 τὸ

307 681 638 772 καταμῌήνιρν
678 682 939 772 συναχθὲν
989 685 1124 759 αὐτῇ
1171 686 1311 762 αἷμα
1364 690 1464 762 τῆς
1518 685 1876 759 ἀκαθαρσίας,
1914 683 2175 748 ὡσαύτως
2202 682 2455 747 λαϐόντες
2480 685 2633 753 κοινῇ
2670 676 2927 772 ἐσθίουσι.
2965 679 3077 734 Καὶ
3136 677 3316 740 τοῦτο,
3383 672 3568 743 φασιν,

305 771 422 823 ἐστι
450 770 511 823 τὸ
539 765 678 842 αἷμα
706 771 800 825 τοῦ
821 774 1079 846 Χριστοῦ.

380 855 444 911 ν.
486 857 782 930 Propterea
816 863 872 917 in
909 867 1238 938 apocryphis
1286 850 1511 940 legunti
1556 866 1677 923 Vidi
1723 866 1881 920 arbo-

308 962 418 1001 rem
446 948 722 1004 duodecim
767 951 974 1022 [ructus
1008 958 1292 1027 quotannis
1326 959 1600 1031 ferentem,
1640 965 1691 1012 et
1743 955 1883 1010 dixit

308 1041 484 1095 mihi:
508 1044 621 1096 Hoc
653 1051 732 1097 est
766 1044 967 1115 lignum
1008 1048 1148 1103 vim.
1187 1048 1430 1120 ldipsum
1477 1051 1546 1104 de
1584 1045 1883 1103 menstruis

309 1132 598 1202 mulierum
635 1134 922 1204 profluviis
960 1138 1412 1211 interpretantur.
1449 1139 1720 1195 Cmterum
1754 1151 1881 1192 cum

311 1221 456 1277 inter
488 1237 610 1280 sese
642 1222 911 1280 Venerem
945 1235 1255 1294 exerceant,
1291 1228 1402 1299 87
1454 1227 1660 1282 liberos
1699 1233 1881 1279 tamen

310 1308 592 1384 suscipere
622 1316 931 1386 prohibent.
977 1317 1096 1373 Non
1143 1319 1290 1373 enim
1335 1318 1504 1389 prolis
1546 1316 1754 1380 studio,
1788 1313 1882 1370 sed

311 1413 371 1459 ut
402 1405 614 1461 libidini
638 1422 752 1463 sum
782 1408 1045 1474 serviant,
1083 1408 1133 1463 ei
1183 1407 1514 1479 corruptela:
1556 1411 1776 1462 vacant.
1803 1401 1885 1456 ita

312 1498 529 1554 miseris
581 1498 895 1557 hominibus
941 1499 1194 1556 diabolus
1250 1499 1455 1566 illudit,
1510 1507 1565 1553 ct
1607 1513 1747 1568 opus
1792 1493 1887 1551 Dei

311 1589 599 1647 fraudibus
625 1592 743 1647 suis
782 1592 1120 1663 implicatum
1154 1608 1252 1665 per
1290 1592 1587 1647 ludibrium
1620 1590 1883 1646 traducit.

310 1680 550 1737 Proinde
582 1682 665 1738 sic
696 1682 915 1737 libidini
962 1681 1315 1740 satisfaciunt
1357 1697 1491 1747 suae,
1539 1688 1597 1735 ut
1628 1680 1889 1751 impuris-

2058 859 2132 911 E'.
2166 838 2257 910 Δίὸ
2306 856 2402 911 καὶ
2446 857 2505 909 ἐν
2561 854 2902 926 άποκρύφοις
2940 852 3443 923 ἀναγινώσκοντες,
3488 852 3573 906 ὅτι

1985 946 2168 1006 Εἶδον
2194 948 2448 1019 δένδρον
2468 947 2652 1018 φέρον
2674 945 2907 1000 δώδεκα
2934 944 3201 1016 καρποὺς
3226 943 3332 998 τοῦ
3371 945 3573 998 ἐνιαυ-

1984 1043 2092 1098 τοῦ
2112 1060 2126 1073 ·
2157 1041 2255 1097 καὶ
2282 1040 2415 1096 εἶ’πέ
2433 1056 2564 1111 μοι’
2597 1039 2778 1095 Τοῦτό
2799 1039 2932 1093 ἐστι
2958 1038 3026 1092 τὸ
3051 1037 3244 1102 ξύλον
3266 1035 3378 1105 τῆς
3403 1033 3570 1103 ζωῆς,

1984 1133 2013 1188 δ
2043 1135 2197 1189 αὐτοὶ
2242 1130 2633 1205 άλληγοροῦσιν
2678 1132 2759 1195 είς
2787 1130 2886 1202 τὴν
2926 1129 3070 1185 κατὰ
3104 1129 3247 1200 μῆνα
3280 1127 3575 1199 γινομένην

1987 1226 2307 1297 γυναικείαν
2369 1225 2544 1297 ῥύσιν.
2619 1224 2957 1294 Μισγόμενοι
3020 1220 3077 1274 δὲ
3149 1221 3268 1291 μετ’
3329 1218 3576 1291 ἀλλήλων

1988 1317 2329 1372 τεκνοποιίαν
2356 1315 2805 1389 ἀπαγορεύουσιν.
2832 1313 2908 1367 Ού
2933 1310 3043 1383 γὰρ
3066 1313 3146 1375 είς
3175 1310 3234 1364 τὺ
3260 1309 3577 1382 τεκνοποιή-

1997 1428 2087 1466 σαι
2115 1410 2245 1482 παρ’
2278 1412 2463 1473 αὐτοῖς
2490 1412 2524 1482 ή
2557 1407 2735 1481 φθορὰ
2794 1407 3190 1472 ἐσπούδασται,
3238 1404 3354 1458 ἀλλ’
3383 1406 3577 1476 ἡδονῆς

1993 1504 2154 1576 χάριν
2174 1545 2189 1570 ,
2217 1502 2312 1557 τοῦ
2340 1501 2585 1557 διαϐόλου
2618 1501 2978 1573 ἐμπαίζοντος
3021 1501 3133 1563 τοῖς
3159 1498 3452 1563 τοιούτοις,
3482 1498 3577 1551 καὶ

1994 1594 2483 1667 καταχλευάζοντπ
2514 1595 2574 1649 τὸ
2614 1596 2678 1647 ἐκ
2709 1592 2845 1647 Θεοῦ
2879 1579 3105 1664 πλάσμα
3136 1590 3573 1662 πεπλανημένον.

2007 1689 2166 1744 Ἀλλὰ
2197 1689 2295 1761 τὴν
2331 1689 2430 1761 μὲν
2468 1686 2660 1760 ἡδονὴν
2709 1685 3050 1740 ἐπιτελοῦσιν
3073 1726 3087 1751 ,
3132 1686 3211 1748 είς
3245 1685 3474 1747 ἑαυτοὺς
3520 1682 3577 1736 δὲ

312 1772 513 1827 simum
552 1787 742 1829 semen
786 1774 839 1828 in
872 1775 1086 1845 seipsos
1114 1773 1405 1844 recipiant,
1445 1788 1622 1844 neque
1653 1772 1787 1826 illud
1819 1771 1887 1825 ad

1999 1780 2440 1853 ἀπολαμϐάνουσι
2459 1779 2527 1834 τὰ
2556 1779 2657 1851 τῆς
2684 1777 3022 1850 ἀκαθαρσίας
3048 1776 3229 1830 αὐτῶν
3261 1774 3572 1847 σπέρματα,

308 1863 720 1933 propagaudam
753 1864 997 1920 sobolem
1028 1865 1308 1929 emittant,
1339 1864 1434 1920 sed
1476 1880 1576 1921 sua
1628 1864 1732 1936 ipsi
1765 1870 1887 1917 tur-

311 1952 561 2023 pitudine
590 1963 911 2025 pascantur.
945 1956 1101 2023 Quod
1126 1957 1172 2012 si
1204 1955 1345 2012 forte
1374 1957 1646 2028 quispiam
1683 1954 1887 2011 excreti

313 2042 541 2099 seminis
584 2043 985 2101 immissioncm
1028 2046 1403 2110 anteverterit,
1440 2056 1493 2101 et
1539 2060 1605 2100 ex
1656 2059 1721 2099 eo
1766 2058 1891 2114 gra-

311 2133 435 2189 vida
477 2132 621 2190 facta
655 2137 728 2191 sit
770 2136 989 2215 mulier,
1037 2137 1166 2191 audi
1203 2137 1332 2207 quid
1384 2140 1604 2192 demum
1655 2133 1892 2206 ﬂagitio-

311 2229 429 2284 sius
452 2228 1030 2299 aggrediauturkNam
1069 2230 1361 2285 informem
1401 2230 1582 2284 adhuc
1626 2228 1794 2295 fetum
1823 2244 1890 2284 ex

311 2326 470 2373 utero
498 2319 828 2384 detractum,
854 2335 1188 2391 quocunque
1214 2321 1282 2377 iis
1305 2328 1553 2392 tempore
1573 2321 1752 2376 visunt
1781 2326 1886 2383 est,

310 2405 596 2473 infantem,-
630 2408 875 2480 inquam,
910 2411 1197 2466 abortione
1240 2411 1542 2479 projectum
1589 2409 1645 2462 in
1696 2416 1892 2463 morta-

310 2499 395 2555 rio
426 2498 635 2569 pistillo
665 2503 924 2555 tundunt.
950 2501 1048 2557 Cui
1075 2501 1142 2555 ad
1174 2499 1454 2555 vitandam
1486 2513 1749 2554 nauseam
1781 2499 1890 2553 mel

311 2607 377 2647 ac
420 2594 577 2664 piper
614 2607 738 2647 cum
788 2593 912 2649 aliis
957 2592 1299 2648 aromatibus
1349 2599 1404 2646 et
1452 2591 1746 2663 unguentis
1793 2588 1892 2644 ad-

312 2685 567 2741 miscent.
597 2684 736 2740 Tum
787 2685 844 2739 in
887 2700 1058 2740 unum
1097 2685 1333 2739 collecto
1366 2698 1661 2755 porcorum
1698 2697 1760 2737 ac
1795 2696 1891 2736 ca-

313 2792 443 2833 num
475 2778 753 2845 sodalitio,
783 2779 1167 2848 unusquisque
1204 2791 1236 2832 e
1264 2764 1605 2832 comminuto
1638 2774 1891 2830 infantuli

310 2871 641 2941 corpusculo
673 2870 847 2942 digito
884 2869 1111 2927 delibat.
1169 2867 1263 2923 Sic
1310 2868 1570 2924 humanis
1625 2868 1891 2924 carnibus

313 2963 455 3034 pasti
501 2962 570 3019 ad
616 2963 887 3019 orandum
931 2962 1101 3018 Deum
1139 2976 1263 3017 sese
1311 2968 1660 3016 convertunt.
1697 2962 1764 3016 Et
1797 2976 1894 3016 cu-

312 3043 585 3130 piditatis,
643 3058 938 3128 inquiunt,
1000 3059 1259 3129 princeps
1325 3071 1673 3128 nequaquam
1731 3056 1890 3113 nobis

1995 1874 2069 1945 μὴ
2118 1875 2197 1937 είς
2228 1871 2575 1942 τεκνογονίαν
2628 1868 3094 1940 καταϐαλλόμενοι
3119 1908 3135 1933 ,
3172 1865 3308 1921 ἀλλά
3338 1866 3490 1920 αὐτοὶ⁵
3524 1866 3577 1920 τὸ

1988 1964 2088 2034 τῆς
2137 1963 2493 2034 αίσχρότητος
2538 1960 2829 2024 ἐσθίοντες.
2879 1958 3005 2012 Ἐὰν
3054 1957 3110 2011 δέ
3149 1956 3241 2010 καὶ
3291 1955 3575 2028 προληφθῇ

1989 2073 2074 2119 τις
2120 2054 2298 2109 αὐτῶν
2357 2053 2794 2123 ἐγκατασπεῖραι
2831 2049 2932 2122 τὴν
2969 2046 3273 2119 καταϐολὴν
3304 2047 3403 2118 τῆς
3437 2046 3579 2100 κατὰ

1992 2147 2153 2219 φύσιν
2207 2145 2386 2201 αὐτῶν
2437 2145 2770 2217 ἀπορροίας,
2807 2142 2902 2198 καὶ
2936 2141 3289 2214 ἐγκυμονήσῃ
3328 2141 3362 2211 ἡ
3417 2136 3576 2210 γυνὴ,

1989 2232 2041 2287 τί
2064 2233 2362 2304 δεινότερον
2393 2231 2663 2302 τολμῶσιν
2687 2232 2735 2284 οἱ
2760 2229 3029 2294 τοιοῦτοι,
3065 2229 3250 2282 ἄκουε.
3282 2227 3579 2283 Κατασπά-

1992 2341 2205 2404 σαντες.
2230 2323 2339 2394 γὰρ
2384 2322 2445 2376 τὸ
2491 2321 2727 2395 ἔμϐρυον
2776 2321 2953 2394 καιρῷ
2993 2321 3094 2393 οἵῳ
3125 2321 3170 2374 δ’
3202 2319 3267 2374 ἂν
3300 2320 3579 2399 ἐπιχειρή-

1994 2435 2130 2471 σωσι
2155 2456 2170 2483 ,
2223 2415 2591 2487 λαμϐάνουσιν
2639 2414 2912 2488 ἐκτρωθὲν
2954 2413 3113 2469 τοῦτο
3142 2413 3204 2467 τὸ
3247 2413 3444 2485 βρέφος
3469 2454 3485 2478 ,
3520 2414 3579 2465 ἐν

1990 2506 2141 2579 ὅλμῳ
2199 2506 2309 2560 τινὶ
2363 2504 2654 2560 κόπτουσιν
2693 2504 2908 2576 ὑπέρῳ,
2962 2503 3059 2557 καὶ⁹
3107 2498 3580 2572 ἐγκαταμίξαντες

1995 2599 2116 2671 μέλι
2152 2600 2247 2653 καὶ
2271 2598 2489 2671 πέπερι,
2526 2598 2621 2651 καὶ
2654 2596 2789 2650 ἄλλα
2818 2595 2941 2649 τινὰ
2965 2593 3255 2667 ἀρώματα,
3285 2593 3379 2645 καὶ
3408 2589 3578 2663 μύρα,

1991 2691 2130 2764 πρὸς
2155 2692 2215 2746 τὸ
2242 2692 2315 2763 μὴ
2339 2692 2560 2763 ναυτιᾷν
2594 2690 2790 2752 αὐτοὺς
2814 2728 2830 2751 ,
2864 2687 3037 2752 οὕτως
3064 2684 3421 2756 συναχθέντες
3452 2682 3581 2736 πάν-

1991 2803 2082 2850 τες
2132 2786 2181 2838 οἱ
2221 2782 2364 2856 [τῆς]
2398 2781 2502 2836 τῶν
2537 2780 2737 2853 χοίρων
2772 2778 2977 2833 τούτων
3036 2778 3129 2831 καὶ
3160 2775 3338 2829 κυνῶν
3378 2773 3581 2828 θιασῶ-

1990 2894 2101 2943 ται,
2147 2874 2654 2949 μεταλαμϐάνουσιν
2691 2873 2924 2935 ἕκαστος
2957 2869 3036 2941 τῷ
3074 2868 3320 2939 δακτύλῳ
3344 2867 3450 2922 ἀπὸ
3481 2864 3578 2920 τοῦ

1991 2967 2391 3032 κατακοπέντος
2418 2966 2654 3020 παιδίου.
2682 2965 2793 3020 Καὶ
2816 2963 2987 3028 οὕτως
3010 2963 3108 3034 τὴν
3133 2960 3229 3016 ἀνθ
3240 2959 3579 3034 ρωποϐορίαν

1991 3061 2438 3133 ἀπεργασάμενοι
2463 3100 2478 3124 ,
2531 3056 2781 3129 εὔχονται
2813 3055 2998 3110 λοιπὸν
3029 3054 3107 3126 τῷ
3159 3052 3278 3125 Θεῷ
3299 3094 3313 3119 ,
3348 3054 3431 3106 ὅτι
3465 3052 3581 3104 υύκ

313 3153 485 3209 illusit
509 3171 524 3220 ;
548 3151 644 3209 sed
669 3152 816 3223 quod
840 3153 1121 3208 exciderat
1145 3152 1300 3206 fratri
1325 3144 1516 3208 nostro
1546 3151 1887 3222 collegimus.

1999 3153 2394 3225 ἐνεπαίχθημεν
2422 3192 2438 3219 ,
2473 3151 2658 3223 φασὶν,
2694 3150 2802 3205 άπὸ
2831 3150 2926 3204 τοῦ
2959 3149 3216 3221 ἄρχοντος
3246 3148 3345 3219 τῆς
3391 3146 3581 3200 ἐπιθυ-

312 3246 490 3314 Atque
515 3243 568 3298 id
596 3243 899 3315 perfectum
923 3259 1046 3299 esse
1066 3242 1280 3300 Pascha
1305 3243 1522 3299 demum
1547 3242 1885 3299 existimant.

315 3334 519 3391 Practer
554 3334 670 3391 haec
726 3336 835 3391 alia
888 3336 1116 3406 insuper
1163 3335 1282 3389 dira
1336 3343 1501 3405 atque
1548 3333 1890 3390 exsecranda

312 3427 685 3481 committunt.
721 3424 858 3480 Cum
909 3426 1054 3481 enim
1096 3440 1293 3481 rursus
1343 3425 1398 3479 in
1434 3439 1513 3479 se-
1539 3430 1730 3479 mutuo
1759 3423 1891 3477 bac-

314 3517 468 3573 chari
506 3532 569 3571 ac
631 3515 814 3572 furere
866 3516 1158 3589 cmperint,
1213 3514 1488 3586 respersis
1545 3514 1889 3585 spurcissimi

319 3608 569 3664 humoris
596 3608 919 3680 profusione
950 3609 1204 3663 manibus
1231 3613 1596 3677 consurgunt,
1621 3613 1785 3675 atque
1816 3608 1890 3660 ita

316 3700 550 3757 fmdatas
581 3709 832 3772 gerentes
861 3709 976 3755 toto
1008 3716 1239 3771 corpore
1278 3699 1408 3754 nudi
1440 3705 1887 3768 comprecantur,

316 3803 460 3850 utea
487 3810 544 3849 re
572 3794 836 3863 majorem
876 3792 981 3849 sibi
1031 3792 1176 3864 apud
1211 3792 1379 3847 Deum
1419 3789 1673 3845 fiduciam
1707 3789 1894 3859 acqui-

313 3894 461 3942 rant.
494 3884 762 3942 Caeterum
796 3886 852 3941 in
887 3884 1134 3940 curando
1164 3898 1396 3955 corpore
1430 3883 1549 3938 dies
1593 3890 1894 3952 noctesque

314 3981 524 4052 pariter
553 3980 895 4036 mulierculae
921 3988 977 4035 et
1006 3977 1407 4034 homunciones
1435 3986 1801 4047 occupantur,
1828 3988 1893 4027 ac

312 4088 375 4129 se
402 4081 458 4128 et
491 4079 771 4143 unguento
795 4071 1156 4142 perfundunt.
1183 4078 1239 4126 et
1283 4070 1489 4136 lavant,
1539 4078 1594 4124 et
1640 4065 1894 4123 convivia

248 4230 251 4235 ι
316 4162 624 4226 celebrant,
660 4170 715 4217 et
736 4162 986 4217 ebrietati
1021 4178 1085 4217 ac
1120 4160 1319 4217 Veneri
1351 4161 1659 4230 indulgent,
1690 4173 1895 4227 eosque

315 4253 412 4324 qui
449 4251 703 4322 jejunant
734 4259 1119 4308 exsecrantur.
1164 4250 1378 4323 Negant
1409 4252 1556 4306 enim
1587 4264 1709 4305 esse
1754 4249 1896 4320 jejue

319 4344 584 4406 nandum,
615 4343 763 4413 quod
793 4345 859 4397 ad
894 4343 1059 4411 lmjus
1090 4343 1275 4398 saeculi
1311 4342 1654 4398 conditorem
1688 4340 1898 4411 princi-

319 4451 441 4508 pem
466 4433 739 4506 jejunium
772 4433 1076 4505 pertineat;
1105 4434 1216 4488 imo
1249 4431 1731 4502 alimento.potius
1756 4447 1896 4502 opus

2000 3249 2155 3320 μίας,
2190 3246 2324 3301 ἀλλὰ
2352 3245 2710 3316 συνελέξαμεν
2738 3244 2800 3297 τὸ
2825 3242 3179 3313 παράπτωμα
3200 3240 3293 3294 τοῦ
3325 3237 3579 3308 ἀδελφοῦ.

1998 3340 2107 3395 Kal.
2129 3339 2287 3412 δῆθεν
2320 3338 2475 3393 τοῦτο
2495 3338 2556 3391 τὸ
2576 3337 2780 3391 τέλειον
2808 3336 3000 3407 Πάσχα
3030 3332 3289 3405 ἡγοῦνται
3314 3349 3327 3361 ·
3355 3331 3491 3387 ἄλλα
3521 3331 3580 3385 δὲ

1997 3433 2095 3485 ὅσα
2117 3430 2265 3484 δεινὰ
2292 3431 2474 3494 αὐτοῖς
2500 3429 2846 3501 τετόλμηται.
2879 3428 3048 3482 Ὅταν
3070 3425 3179 3497 γὰρ
3215 3423 3373 3479 πάλιν
3392 3426 3581 3495 ἐμμα-

1999 3525 2108 3587 νεῖς
2135 3524 2193 3576 ἐν
2228 3523 2442 3586 ἑαυτοῖς
2474 3521 2760 3592 γένωνται,
2798 3519 3068 3592 φύραντες
3101 3516 3311 3572 ἑαυτῶν
3338 3516 3439 3578 τὰς
3470 3517 3583 3586 χεῖ-

2003 3632 2102 3686 ρας
2139 3616 2237 3686 τῆς
2269 3613 2480 3668 ἑαυτῶν
2508 3613 2866 3685 αίσχρότητος
2901 3614 2968 3684 τῇ
3003 3609 3301 3682 ὰπορροίᾳ,
3337 3608 3584 3679 ἐγείρον-

1999 3725 2127 3771 ται,
2165 3706 2262 3769 καὶ,
2303 3705 2400 3769 τὰς
2440 3703 2648 3758 ἑαυτῶν
2678 3702 3094 3775 μεμολυσμένας
3122 3704 3310 3772 χεῖρας
3339 3700 3580 3770 ἔχοντες,

2000 3798 2246 3871 εὔχονται
2274 3797 2472 3869 γυμνοὶ
2508 3797 2614 3868 ὅλῳ
2636 3794 2715 3867 τῷ
2747 3794 2980 3866 σώματι,
3026 3793 3102 3856 ὡς
3134 3791 3223 3847 διὰ
3268 3792 3369 3863 τῆς
3398 3789 3587 3845 τοιαύ-

1999 3910 2096 3964 της
2129 3891 2388 3965 ἐργασίας
2426 3888 2701 3962 εὑρίσκειν
2752 3887 2888 3959 πρὸς
2924 3886 3056 3940 Θεὸν
3092 3884 3189 3956 τὴν
3245 3882 3580 3956 παρρησίαν.

2000 3984 2081 4038 Τὰ
2131 3983 2359 4055 σώματα
2398 3982 2457 4037 δὲ
2505 3980 2685 4036 αὐτῶν
2713 3979 2928 4052 νύκτωρ
2966 3996 3027 4033 τε
3070 3978 3164 4031 καὶ
3215 3976 3334 4048 μεθ’
3365 3975 3586 4047 ἡμέραν

1998 4074 2292 4147 τημελοῦσι
2313 4073 2643 4145 γυναικάρια
2670 4072 2765 4127 καὶ
2795 4070 3173 4142 ἀνθρωπάρια,
3202 4067 3581 4140 μυριζόμενοι,

2000 4165 2278 4238 λουόμενοι
2297 4204 2311 4228 ,
2340 4162 2711 4233 θοιναζόμενοι
2733 4201 2747 4224 ,
2784 4160 2991 4223 κοίταις
3018 4176 3077 4213 τε
3106 4157 3200 4212 καὶ
3232 4155 3426 4229 μέθαις
3456 4172 3586 4225 σχο-

2000 4257 2273 4322 λάζοντες.
2305 4256 2413 4308 Kal.
2443 4252 2787 4325 καταρῶνται
2809 4252 2901 4306 τὸν
2927 4250 3273 4323 νηστεύοντα,
3307 4247 3581 4317 λέγοντες

2003 4350 2079 4402 Οὐ
2133 4347 2215 4401 δεῖ
2256 4344 2554 4416 νηστεύειν.
2613 4344 2719 4399 Τοῦ
2767 4344 2877 4416 γὰρ
2930 4344 3187 4416 ἄρχοντος
3240 4339 3428 4395 τούτου
3486 4338 3583 4392 τοῦ

2005 4441 2327 4511 ποιήσαντος
2362 4439 2455 4493 τὸν
2498 4437 2671 4493 αἰῶνα
2705 4437 2851 4491 ἐστιν
2879 4437 2913 4509 ἡ
2944 4435 3185 4508 νηστεία.
3237 4435 3328 4486 Δεῖ
3362 4431 3418 4485 δὲ
3455 4431 3584 4503 τρέ-

317 4543 445 4584 esse
486 4525 763 4591 dictitant,
821 4541 931 4594 quo
991 4524 1302 4580 robustiora
1361 4523 1472 4580 sint
1525 4538 1781 4593 corpora,
1836 4530 1891 4577 ut

2001 4530 2196 4600 φεσθαι
2221 4530 2300 4593 εἰς
2324 4528 2383 4582 τὸ
2412 4528 2481 4583 τὰ
2522 4527 2751 4599 σώματα
2782 4522 2919 4581 εἶναι
2957 4524 3183 4598 ἰσχυρὰ,
3224 4525 3303 4588 εἰς
3341 4522 3586 4576 τὸδύνα-

320 4621 520 4677 idoneo
573 4608 819 4689 tempore
867 4618 1081 4688 possint
1135 4618 1336 4674 fructui
1400 4617 1679 4673 reddendo
1737 4617 1897 4674 sulli-°

320 4727 468 4767 cere.
844 4771 857 4785 .

398 4806 486 4862 Vl.
531 4803 701 4861 Porro
727 4811 837 4858 tam
862 4801 1043 4858 Veteri
1080 4818 1243 4871 quam
1267 4800 1421 4858 Novo
1456 4810 1683 4858 utuntur
1705 4801 1900 4859 Testa-

319 4906 528 4963 mento,
560 4898 685 4954 licet
713 4911 838 4952 eum
867 4894 962 4967 qui
1006 4894 1059 4949 in
1089 4892 1288 4950 Vetere
1320 4894 1541 4950 locutus
1589 4904 1676 4951 est
1737 4896 1897 4950 abdi—

320 4995 466 5044 cent.
500 4985 567 5041 Et
594 4986 816 5057 quidem
850 4985 1067 5055 quoties
1096 4998 1289 5038 vocem
1319 4984 1560 5053 aliquam
1590 4986 1896 5055 reperiunt,

320 5088 443 5142 qua:
471 5071 712 5144 dogmati
758 5088 862 5131 suo
916 5072 1252 5128 contrariam
1312 5071 1514 5128 habere
1570 5074 1898 5129 sententiam

322 5162 564 5224 videtur.
596 5162 667 5217 ab
700 5163 863 5233 hujus
896 5162 1085 5217 mundi
1126 5162 1376 5233 principe
1409 5161 1710 5233 profectam
1749 5164 1897 5217 illam

320 5268 446 5309 esse
476 5250 793 5322 pncdicant.
823 5253 938 5323 88
969 5254 1064 5308 Sin
1100 5254 1301 5325 aliquis
1334 5252 1402 5308 ad
1449 5254 1668 5309 illorum
1712 5253 1897 5309 libidi-

324 5361 447 5401 nem
489 5343 895 5399 accommodari
940 5345 1117 5412 locus,
1152 5354 1207 5401 et
1242 5354 1522 5417 utcunque
1562 5346 1897 5419 conligurari

326 5435 501 5506 possit
531 5450 641 5491 non
672 5435 789 5505 ipsa
834 5434 1055 5505 quidem
1113 5445 1384 5507 potestate
1440 5436 1755 5503 verborum,
1804 5438 1897 5493 sed

327 5542 423 5597 pro
452 5526 733 5597 depravati
775 5527 994 5581 illorum
1038 5526 1240 5597 ingenii
1267 5537 1457 5599 captu,
1482 5543 1549 5583 co
1578 5543 1708 5583 vero
1738 5527 1806 5583 ad
1847 5529 1899 5584 id

325 5617 473 5686 quod
500 5617 731 5687 cupiunt
764 5618 1020 5672 traducto
1047 5617 1112 5671 ab
1143 5619 1389 5673 veritalis
1419 5619 1615 5687 Spit-im
1650 5636 1897 5679 pronun-

336 5714 527 5764 liatum
560 5725 685 5765 cssc
714 5709 987 5763 dictitant.
1026 5709 1203 5777 Atque
1252 5709 1395 5762 istnl
1438 5714 1463 5741 ’ν
1726 5724 1731 5729 ·
1815 5714 1898 5766 in-

326 5800 550 5870 quiunt.
592 5799 733 5870 quod
766 5797 831 5854 «lc
867 5796 1073 5852 Joanne
1113 5798 1145 5829 "
1252 5799 1257 5803 ’
1311 5816 1335 5847 u
1886 5806 1897 5839 ί

2006 4618 2128 4672 σθαι
2160 4617 2221 4670 τὸ
2253 4616 2464 4690 καρπὸν
2497 4617 2809 4673 ἀποδιδόναι
2833 4615 2974 4670 κατὰ
2996 4615 3185 4688 καιρὸν
3210 4612 3398 4669 αὐτοῦ.

2075 4792 2165 4864 (τ’.
2196 4793 2448 4867 Χρῶνται
2489 4795 2546 4849 δέ
2577 4795 2671 4847 καὶ
2718 4793 2930 4865 Παλαιᾷ
2960 4793 3054 4847 καὶ
3091 4791 3265 4863 Καινῇ
3313 4791 3580 4865 Διαθήκῃ.

2015 4886 2443 4958 Ἀπαγορεύουσι
2475 4886 2533 4940 δὲ
2559 4886 2651 4939 τὸν
2684 4885 2989 4956 λαλήσαντα
3023 4886 3078 4938 ἐν
3116 4887 3183 4956 τῇ
3215 4883 3429 4954 Παλαιᾷ
3457 4888 3585 4938 Δια-

2004 4978 2166 5051 θήκῃ.
2228 4978 2338 5032 Kal.
2388 4980 2517 5032 ὅταν
2568 4980 2665 5050 μὲν
2724 4978 2876 5050 ῥῆμα
2924 4976 3127 5048 εὕρωσι
3155 4995 3207 5031 τι
3248 4979 3369 5030 κατ’
3402 4976 3582 5031 αὐτῶν

2001 5071 2297 5143 δυνάμενον
2329 5070 2472 5142 ἔχειν
2521 5070 2612 5124 τὸν
2653 5068 2798 5135 νοῦν,
2831 5069 2995 5138 φασιν
3032 5071 3113 5123 ὃτι
3162 5068 3321 5122 τοῦτο
3348 5068 3458 5122 ἀπὸ
3484 5068 3581 5123 τοῦ

2003 5165 2311 5235 πνεύματος
2343 5161 2436 5217 τοῦ
2481 5161 2746 5233 κοσμικοῦ
2782 5161 3088 5232 λελάληται·
3137 5159 3232 5214 ἐὰν
3268 5160 3327 5213 δέ
3371 5177 3457 5224 τις
3502 5162 3583 5223 εἰς

2002 5256 2262 5327 ὁμοίωσιν
2296 5255 2403 5326 τῆς
2421 5254 2601 5309 αὐτῶν
2643 5252 2934 5324 ἐπιθυμίας
2969 5251 3220 5323 δυνηθείη
3250 5250 3581 5322 σχηματίζει

2004 5348 2128 5402 σθαι
2146 5348 2333 5418 λόγος,
2363 5347 2463 5417 οὐχ
2496 5345 2573 5409 ὡς
2604 5344 2717 5398 ἐστι
2737 5345 2800 5398 τὸ
2835 5345 3006 5416 ῥῆμα,
3034 5343 3148 5397 ἀλλ’
3175 5343 3250 5405 ὼς
3287 5343 3401 5413 ἔχει
3431 5343 3459 5394 ό
3485 5341 3582 5394 αύ-

2003 5438 2110 5493 τῶν
2141 5439 2266 5502 νοῦς
2296 5439 2324 5490 ὁ
2349 5439 2531 5509 ὴπατη
2541 5436 2701 5507 μένος
2719 5476 2734 5500 ,
2765 5434 2951 5489 τοῦτον
2979 5434 3475 5505 μετασκευάζοντες
3503 5432 3582 5493 εἰς

2003 5531 2101 5601 τὴν
2127 5529 2335 5584 ἑαυτῶν
2368 5527 2682 5598 ἐπιθυμίαν,
2726 5526 3024 5596 φάσκουσιν
3056 5525 3121 5576 ὲκ
3144 5522 3238 5576 τοῦ
3270 5521 3581 5592 πνεύματος

2003 5622 2102 5693 τῆς
2127 5622 2383 5693 ἀληθείας
2407 5619 2752 5690 λελαλῆσθαι.
2790 5618 2903 5674 Καὶ
2933 5616 3089 5671 τοῦτό
3122 5618 3238 5669 ἐστι
3263 5654 3279 5678 ,
3320 5616 3518 5683 φασιν,
3551 5612 3579 5664 ὅ

2004 5708 2154 5767 εἶπεν
2178 5713 2207 5765 ὁ
2229 5710 2431 5781 Κύριος
2464 5710 2590 5781 περὶ
2627 5709 2872 5762 Ἰωάννου
2892 5725 2904 5737 ·
2949 5707 3009 5760 Τί
3043 5705 3328 5774 ἐξήλθετε
3348 5705 3434 5767 εἰς
3467 5700 3580 5768 τὴν

2007 5805 2225 5875 ἔγημεν
2248 5803 2575 5860 θεάσασθαι
2595 5819 2611 5867 ;
2631 5801 2907 5870 Κάλαμον
2938 5796 3051 5853 ὑ.τὸ
3072 5797 3293 5866 ἀνέμου
3320 5796 3577 5851 σαλευό-
