3960 6142
393 406 491 465 5-51

376 536 611 590 ﬂerat”;
668 519 787 574 Ὅτι
837 520 937 572 οὐκ
986 516 1092 591 ἦν,
1143 523 1356 591 Δφασὶ,Δ

410 614 719 667 Ἐνεπνέετο
749 612 857 684 γὰρ
888 610 990 665 ὑπὸ
1021 613 1227 666 πολλῶν
1267 615 1591 685 πνευμάτων
1628 615 1768 669 κατὰ
1800 615 1966 668 κάλα-

305 771 309 775 ν
398 723 494 775 μον
520 706 612 760 τὸν
641 705 735 757 ἐπὶ
764 705 976 775 ἑκάστῳ
1017 705 1202 776 ἀνέμῳ
1228 706 1565 776 κινούμενον.
1605 709 1714 760 Καὶ
1747 708 1834 760 ὅτε
1867 707 1965 776 μὲν

394 798 590 867 ἤρχετο
641 795 700 848 τὸ
734 795 951 865 πνεῦμα
997 796 1092 849 τοῦ
1126 798 1413 868 ἄρχοντος,
1475 800 1800 870 Ἰουδαϊσμὺν
1832 802 1963 873 ἐκή-

396 903 616 955 ρυττεν-
650 887 738 939 ὅτε
776 886 833 939 δέ
870 887 930 939 τὸ
975 887 1200 957 Πνεῦμα
1228 889 1288 941 τὸ
1336 890 1488 957 ἅγιον
1513 929 1527 954 ,
1569 893 1697 962 περὶ
1726 891 1963 963 Χριστοῦ

392 976 588 1030 ἐλάλει.
625 979 735 1031 Καὶ
753 975 909 1031 τοῦτό
933 979 1069 1040 ἐστι,
1099 979 1282 1047 φασὶν,
1317 981 1399 1033 ὅτι
1441 982 1492 1033 ’0
1519 985 1867 1051 μικρότερος
1894 983 1965 1037 ἐν

394 1068 465 1135 τῇ
489 1068 777 1136 ,βασιλείᾳ
801 1071 918 1125 τῶν
938 1073 1211 1142 οὐρανῶν
1240 1075 1372 1145 (74).
1394 1076 1529 1146 Περὶ
1555 1076 1714 1146 ἡμῶν
1729 1116 1743 1139 ,
1776 1077 1959 1145 φασὶν,

391 1155 585 1223 εἶπεν,
646 1162 728 1216 ὅτι
777 1164 807 1216 ὁ
857 1165 915 1217 ἐν
981 1166 1112 1234 ἡμῖν
1164 1167 1485 1238 μικρότερος
1543 1168 1741 1237 μείζων
1797 1166 1960 1221 αὑτοῦ

392 1266 647 1321 υπαρχει.

461 1519 534 1570 Ζ¹.
568 1517 677 1570 Καὶ
700 1517 861 1582 εὐθὺς
886 1520 1327 1591 ἐπιστομίζονται
1353 1523 1401 1575 oi
1422 1522 1647 1576 τοιοῦτοι
1673 1524 1766 1577 ἀπ’
1789 1513 1959 1594 αὑτῆς

388 1609 487 1678 τῆς
520 1608 794 1681 ἀληθείας.
846 1611 941 1665 Ἐκ
986 1613 1095 1685 γάρ
1141 1615 1247 1669 τῶν
1279 1614 1726 1685 συνεζευγμένων
1753 1619 1959 1688 ἑκάστῃ

390 1699 530 1763 λέξει
562 1701 864 1767 ἀναφανδὸν
895 1704 929 1773 ἡ
960 1704 1184 1773 ἀλήθεια
1209 1706 1574 1777 δειχθήσεται,
1607 1709 1699 1762 καὶ
1726 1713 1787 1761 τὸ
1810 1710 1959 1779 ἐχέγ-

388 1806 522 1855 γυον
548 1790 649 1860 τῆς
678 1791 931 1863 φράσεως
943 1788 1355 1865 ἀποδοθήσεται.
1384 1799 1446 1850 Εἰ
1474 1799 1573 1868 μὲν
1601 1798 1709 1870 γὰρ
1730 1801 1759 1853 ό
1777 1801 1957 1853 Ἰωάν-

388 1897 487 1951 νης
516 1880 734 1950 μαλακὰ
769 1883 1056 1952 ἠμφίεστο,
1088 1887 1179 1938 καὶ
1204 1887 1262 1938 ἐν
1295 1887 1461 1951 οἴκοις
1490 1888 1752 1956 βασιλέοιν
1780 1891 1961 1961 ὑπῆρ-

390 1988 517 2041 χεν,
549 1972 681 2043 ὀρθὴ
725 1973 791 2026 ἂν
834 1975 968 2046 πρὸς
1012 1976 1174 2029 αὑτὸν
1206 1980 1237 2048 ἡ
1269 1978 1444 2043 λέξις,
1475 1981 1569 2033 καὶ
1602 1981 1786 2035 εὑθεῖα
1823 1983 1960 2053 πρὸς

388 2061 607 2131 ἔλεγχον
643 2061 734 2116 τοῦ
776 2062 939 2117 αὑτοῦ
994 2065 1255 2137 ὑπῆρχεν.
1288 2069 1349 2122 Εἰ
1405 2069 1461 2123 δὲ
1485 2111 1500 2134 ,
1566 2072 1626 2124 Τί
1669 2071 1959 2137 ’ἐξήλθετε

391 2155 578 2217 Mair;
606 2155 918 2224 ἄνθρωπον
941 2159 1013 2211 ἐν
1030 2160 1328 2228 μαλακοῖς
1354 2163 1607 2230 ἱματίοις
1633 2164 1957 2235 ἠμφιεσμέ-

386 2265 533 2313 rer;
562 2248 654 2301 καὶ
697 2249 792 2318 οὑχ
831 2248 1006 2314 οὕτως
1050 2248 1196 2322 εἶχεν
1221 2294 1235 2317 ,
1272 2254 1454 2307 οὐκέτι
1500 2254 1560 2307 τὸ
1588 2254 1836 2326 ἔγκλημα
1866 2259 1957 2311 ἐπὶ

387 2339 478 2392 τὸν
509 2340 569 2392 οὑ
605 2340 821 2411 μαλακά
863 2342 1131 2414 φοροῦντα
1190 2345 1440 2417 Ἰωάννην
1487 2347 1578 2401 τοῦ
1653 2348 1810 2418 λόγου
1858 2352 1956 2404 ἐπ-

386 2429 654 2492 ενεκτέον,
678 2430 816 2484 ἀλλὰ
846 2432 938 2485 ἐπὶ
962 2434 1088 2496 τοὺς
1105 2432 1276 2497 οὕτως
1300 2436 1551 2508 εὑρήσειν
1580 2439 1672 2492 τὸν
1710 2441 1956 2513 Ἰωάννην

385 2521 746 2591 νομίσαντας,
779 2522 874 2574 καὶ
912 2522 1017 2576 ὑπὸ
1047 2523 1155 2577 τῶν
1198 2525 1344 2579 ἔνδον
1386 2529 1444 2581 ἐν
1494 2530 1662 2592 οἴκοις
1695 2529 1956 2599 βασιλέων

387 2612 646 2675 πολλάκις
678 2613 817 2667 κατὰ
843 2615 1131 2686 ὑπόκρισιν
1156 2617 1637 2689 κολακευομένους.
1680 2622 1956 2692 Ἐνόμιζον

384 2701 495 2772 γὰρ
523 2694 690 2767 οὗτοι,
725 2702 1067 2773 ἐξερχόμενοι
1106 2707 1199 2760 καὶ
1232 2708 1386 2780 παρὰ
1426 2712 1669 2764 Ἰωάννου
1704 2713 1956 2778 ἐπαίνους

388 2796 683 2867 εὑρίσκειν,
715 2797 810 2850 καὶ
842 2802 1224 2870 μακαρισμοίκ
1251 2803 1345 2855 ἐπὶ
1375 2805 1487 2866 τοῖς
1510 2804 1602 2858 ὑπ’
1627 2805 1805 2860 αὑτῶν
1833 2805 1955 2859 καθ’

387 2885 624 2956 ἑκάστην
672 2887 883 2958 ἡμέραν
924 2890 1230 2959 γινομένοις
1276 2893 1733 2965 παραπτώμασιν.
1784 2897 1872 2958 Ὠς
1898 2897 1952 2950 δὲ

384 2985 483 3057 οὑχ
522 2980 721 3059 ηὗρον,
769 2989 1180 3061 άνατρεπτικῶς
1211 2989 1363 3062 παρὰ
1405 2989 1500 3044 τοῦ
1534 2989 1786 3061 Σωτῆρος
1819 2988 1954 3060 πρὸς

384 3078 578 3143 αὑτοὺς
603 3082 845 3152 εἴρηται,
872 3082 953 3135 ὅτι
992 3083 1056 3135 Τί
1082 3082 1361 3154 ἐνομίζετε
1402 3083 1710 3153 εὑρίσκειν;
1735 3082 1953 3152 Συμπε-

1062 405 1432 497 ADVERSUS
1465 407 1805 461 IIA'IIHSSES
1845 404 1952 460 LIB

2091 404 2256 460 TOM.
2290 404 2353 459 li.
2394 433 2460 446 --
2493 404 2765 459 lleiiES.
2813 405 2998 461 XXVI.

1393 523 1595 587 τέλειος
1626 525 1654 575 ό
1689 521 1953 593 Ἰωάννης.

2073 521 2257 575 existis
2298 522 2350 574 in
2381 520 2644 575 desertum
2679 520 2887 575 videre?
2928 521 3250 575 Arundinrm
3297 527 3637 594 renluagita-

3531 410 3635 465 5/;‘3

2069 622 2191 665 tam
2215 613 2231 643 ¹
2253 614 2276 666 ?
2301 612 2478 680 Quod,
2503 623 2563 668 ut
2596 621 2872 677 asserunt,
2902 614 3142 668 nondum
3189 624 3335 668 esset
3364 615 3635 685 perfectus
3686 642 3697 645 -

2071 700 2335 758 Joannes.
2359 702 2494 757 Nam
2528 718 2556 756 a
2590 704 2842 775 pluribus
2872 705 3048 759 ventis
3074 705 3435 775 perﬂabatur;
3470 724 3637 762 arun-

2067 794 2215 849 dinis
2248 811 2418 860 more,
2453 810 2574 865 qua:
2608 795 3156 866 ad-unumquemque
3191 807 3409 852 vmlum
3463 800 3636 869 agita-

2069 896 2179 944 tur.
2220 887 2408 957 Itaque
2436 903 2559 942 cum
2595 889 2647 942 in
2683 904 2807 943 eum
2848 888 3117 959 principis
3158 888 3383 958 spiritus
3425 889 3634 943 incum-

2065 981 2243 1045 beret,
2309 978 2596 1034 Judaicum
2648 980 2856 1034 cultum
2913 980 3282 1050 praedicabat;
3328 996 3449 1035 cum
3508 995 3635 1035 vero

2068 1071 2320 1141 Spiritus
2353 1079 2580 1126 sanctus
2606 1071 2908 1136 adveniret,
2958 1072 3028 1127 de
3072 1070 3294 1128 Christo
3327 1086 3633 1126 sermonem

2070 1161 2416 1217 instituebat.
2450 1163 2570 1229 Quo
2593 1163 2810 1232 quidem
2856 1162 2971 1219 haec
3018 1164 3184 1217 verba
3225 1163 3497 1233 pertinere
3537 1177 3635 1230 pu-

2066 1261 2229 1308 tant:
2272 1255 2377 1321 Qui
2424 1256 2595 1309 minor
2618 1265 2695 1310 est
2733 1257 2787 1308 in
2839 1272 2996 1326 regno
3034 1256 3282 1309 ewlorum
3330 1256 3502 1325 nmjcr
3556 1264 3636 1309 est

2062 1345 2157 1399 illo
2181 1348 2220 1399 ¹.
2256 1345 2468 1417 Quippe
2500 1347 2567 1401 ad
2597 1363 2698 1403 nos
2731 1348 2833 1402 ista
2861 1347 3190 1412 referuntur,
3239 1349 3411 1407 aiunt,
3447 1358 3502 1400 ut
3540 1347 3633 1416 qui

2064 1436 2206 1489 inter
2226 1450 2326 1491 nos
2376 1437 2555 1492 minor
2587 1445 2690 1503 est,
2716 1437 2763 1492 is
2806 1436 3015 1492 Joanne
3046 1437 3117 1492 sit
3142 1437 3504 1506 praestantior.

2134 1524 2249 1582 Vll.
2289 1524 2494 1581 Verum
2532 1541 2595 1582 os
2628 1528 2736 1583 illis
2768 1527 3002 1582 subinde
3040 1542 3070 1581 a
3104 1527 3329 1582 veritate
3355 1529 3468 1596 ipsa
3498 1541 3626 1596 pra:-

2060 1615 2322 1669 cluditur.
2359 1614 2502 1669 Nam
2532 1632 2597 1670 ex
2629 1616 2699 1671 iis
2726 1631 2848 1686 qua:
2871 1631 2996 1670 eum
3033 1631 3363 1686 unaquaque
3392 1617 3632 1672 dictione

2063 1717 2313 1759 connexa
2343 1711 2492 1766 Sunt,
2525 1704 2823 1775 perspicue
2845 1704 3052 1760 veritas
3074 1707 3376 1775 apparebit,
3409 1721 3473 1760 ac
3499 1704 3632 1775 quid

2067 1796 2326 1866 loquendi
2376 1797 2572 1850 rationi
2612 1803 3046 1851 consentaneum
3086 1796 3159 1852 sit
3189 1798 3496 1853 certissima
3527 1797 3633 1855 fide

2067 1889 2489 1945 monstrabitur.
2521 1886 2732 1942 Etenim
2761 1888 2805 1944 si
2827 1887 3067 1944 Joannes
3102 1889 3444 1943 mollioribus
3464 1892 3631 1945 vesti-
3710 1924 3715 1929 ι

2060 1981 2165 2035 bus
2198 1986 2466 2045 uteretur,
2501 1989 2662 2049 atque
2702 1980 2755 2033 in
2796 1979 3106 2050 principum
3141 1979 3358 2049 palatiis
3385 1980 3629 2050 degeret,

2060 2079 2212 2126 recta
2243 2071 2424 2139 ipsum
2457 2086 2564 2125 vox
2598 2071 2689 2124 illa
2717 2079 2946 2141 peteret,
2977 2078 3033 2127 et
3074 2071 3129 2125 in
3177 2071 3298 2141 ejus
3347 2072 3631 2141 reprehen-

2064 2164 2275 2218 sionem
2308 2170 2457 2218 esset
2504 2163 2623 2219 sine
2656 2164 2765 2217 ulla
2803 2164 3027 2234 ambage
3071 2163 3288 2218 collata.
3331 2162 3467 2217 Cum
3502 2178 3631 2219 vero

2061 2256 2138 2309 ita
2171 2256 2384 2310 locutus
2430 2254 2594 2310 fuerit
2629 2273 2643 2310 :
2695 2254 2836 2321 Quid
2879 2256 3064 2311 existis
3098 2256 3312 2310 videre?
3366 2255 3628 2310 hominem
3709 2249 3713 2252 ’

2059 2345 2309 2400 mollibus
2360 2347 2683 2401 vestimentis
2730 2346 2973 2400 indutum
3022 2347 3080 2399 ’ἲ
3134 2347 3280 2403 istud
3340 2362 3501 2417 porro
3558 2349 3627 2403 ab

2059 2436 2270 2492 Joanne
2318 2439 2510 2508 procul
2559 2438 2818 2503 abfuerit,
2862 2438 2999 2492 nihil
3044 2447 3129 2495 est
3162 2454 3262 2494 cur
3311 2439 3473 2510 hujus
3522 2440 3624 2494 loci

2061 2527 2500 2582 criminationem
2531 2526 2722 2582 referri
2753 2528 2819 2582 ad
2845 2526 3111 2583 Joannem
3142 2529 3496 2593 arbitremur,
3530 2529 3624 2599 qui

2060 2617 2352 2673 delicatum
2365 2617 2515 2670 illum
2530 2618 2735 2671 cultum
2750 2616 2973 2673 minime
2984 2618 3227 2672 omnium
3241 2618 3511 2684 adhibuit;
3530 2618 3626 2673 sed

2058 2710 2126 2764 atl
2158 2725 2254 2766 eos
2277 2711 2484 2780 potius,
2519 2709 2614 2778 qui
2643 2708 2911 2779 ejusmodi
2936 2724 2995 2764 se
3016 2706 3281 2764 Joannem
3312 2717 3628 2780 reperturos

2060 2801 2344 2871 putabant,
2380 2801 2694 2871 quibusque
2742 2801 2942 2870 saepius
2973 2801 3182 2856 adulari
3230 2802 3408 2857 solent
3446 2801 3485 2855 ii
3531 2801 3627 2872 qui

2060 2891 2366 2962 principttm
2399 2892 2555 2947 aulas
2588 2906 2651 2945 ac
2687 2892 2888 2962 palatia
2939 2890 3312 2962 frequentant.
3347 2891 3623 2948 Exeuntes

2055 2983 2197 3037 enim
2227 2982 2306 3037 illi
2346 2982 2737 3038 collaudaudos
2780 2997 2840 3038 se
2866 2982 2934 3037 ab
2972 2981 3202 3047 Joanne,
3235 2993 3289 3038 et
3314 2984 3385 3038 ob
3413 2999 3476 3039 ca
3504 3000 3625 3053 qtae

2057 3073 2112 3128 in
2140 3073 2258 3130 dies
2292 3075 2586 3144 patrabant
2609 3075 2817 3130 scelera
2868 3074 3059 3131 felices
3103 3076 3479 3145 praedicaudos
3516 3077 3624 3132 exi-

388 3169 740 3240 ριφερόμενον
776 3172 888 3235 τοῖς
919 3171 1071 3242 ὑμῶν
1114 3171 1341 3226 πάθεσιν
1368 3171 1669 3241 ἄνθρωπον,
1706 3170 1780 3234 ὡς
1812 3170 1951 3223 κατὰ

2061 3166 2373 3221 stimabant.
2415 3167 2533 3233 Qua
2567 3182 2664 3237 spe
2697 3182 2819 3222 cum
2862 3178 3049 3223 essent
3100 3168 3370 3233 frustrati,
3407 3168 3474 3222 ad
3526 3183 3623 3225 eos

382 3264 510 3327 τοὺς
540 3263 756 3335 μαλακὰ
783 3264 1116 3336 φοροῦντας;
1160 3266 1272 3338 υὺχ
1307 3266 1498 3329 οὑτως.
1542 3267 1616 3320 Οὑ
1652 3266 1761 3337 γάρ
1803 3267 1949 3319 ἐστιν

396 3354 648 3425 Ἰωάννης
677 3354 923 3427 κάλαμος
966 3356 1321 3428 σαλευόμενος
1352 3356 1597 3428 γνώμαις
1630 3356 1947 3428 ἀνθρώπων,

383 3444 459 3508 ὡς
479 3444 795 3517 δονοὺμενος
825 3446 1067 3517 κάλαμος
1093 3447 1197 3500 ὑπὸ
1234 3448 1468 3518 ἑκάστης
1493 3446 1793 3520 ἀνθρώπων
1821 3450 1952 3502 ὑποο

383 3537 616 3605 κρίσεως
642 3537 734 3591 καὶ
771 3537 1006 3609 ἀπάτης.
1048 3539 1263 3611 Ἐπειδὴ
1291 3539 1350 3593 δὲ
1379 3536 1531 3594 εἶπεν
1554 3582 1568 3607 ,
1608 3541 1706 3594 Ἐν
1736 3556 1948 3610 γεννη-

382 3626 499 3694 τοῖς
520 3627 819 3697 γυναικῶν
843 3630 955 3683 οὐκ
974 3629 1105 3684 ἔστι
1115 3630 1327 3700 μείζων
1343 3630 1638 3696 Ἰωάννου,
1658 3632 1744 3685 ἵνα
1777 3632 1850 3702 μή
1872 3648 1953 3683 τι-

382 3735 472 3782 νες
499 3717 761 3789 νομίσωσι
781 3719 872 3773 καὶ
900 3720 1064 3774 αὑτοῦ
1083 3721 1178 3775 τοῦ
1191 3721 1345 3793 Σωτῆ
1354 3740 1442 3793 ρος
1463 3722 1684 3792 μείζονα
1704 3717 1840 3776 εἶναι
1861 3723 1951 3775 τὸν

396 3809 670 3882 Ἰωάννην,
702 3811 783 3864 ὅτι
805 3810 901 3865 καὶ
929 3812 1089 3878 αὑτὸς
1112 3815 1141 3868 ὁ
1169 3814 1357 3886 Σωτὴρ
1385 3815 1493 3869 ὑπὸ
1526 3814 1778 3885 γυναικὸς
1803 3817 1953 3883 ἐγεν-

381 3899 516 3973 νήθη
548 3939 564 3966 ,
618 3903 719 3975 τῆς
766 3905 1126 3976 ἀειπαρθένου
1177 3906 1393 3978 Μαρίας
1422 3947 1438 3972 ,
1500 3906 1590 3961 διὰ
1642 3906 1953 3978 Πνεὺματος

384 3991 559 4059 ἁγίου,
586 3991 1017 4065 ἀσφαλιζόμενος
1049 3995 1197 4066 ἡμᾶς
1217 3993 1323 4066 ἔφη
1342 4034 1358 4061 ,
1397 3997 1480 4051 ὃτι
1529 3997 1584 4051 Ὀ
1606 3998 1954 4066 μικρότερος

294 4126 309 4143 .,
380 4083 587 4147 αὑτοῦ,
614 4084 862 4138 τουτέστι
888 4084 964 4156 τῷ
996 4088 1174 4159 χρόνῳ
1206 4086 1337 4158 (74⁵)
1372 4085 1474 4158 τῆς
1503 4089 1765 4159 ἐνσάρκου
1788 4087 1953 4143 αὑτοῦ

381 4176 701 4246 παρουσίας,
727 4175 941 4245 μείζων
975 4176 1161 4232 αὐτοῦ
1177 4178 1347 4233 ἐστιν
1365 4179 1434 4233 ἐν
1452 4176 1530 4247 τῇ
1538 4179 1825 4248 ,βασιλείᾳ
1838 4180 1955 4236 τῶν

378 4265 669 4335 οὐρανῶν.
721 4266 936 4340 Ἐπειδὴ
985 4269 1096 4341 γὰρ
1146 4269 1284 4340 μετὰ
1316 4268 1583 4343 ἑξάμηνον
1604 4298 1612 4306 ~
1632 4273 1893 4346 ἐγεννήθη
1925 4277 1953 4329 ὀ

379 4357 570 4428 Σωτὴρ
619 4357 721 4429 τῆς
772 4358 1018 4413 Ἰωάννου
1067 4362 1368 4432 γεννήσεως
1398 4400 1413 4426 ,
1463 4361 1703 4433 δηλονότι
1752 4365 1953 4435 μείζων

376 4448 543 4501 αὑτοῦ
581 4447 674 4505 ὥν.
710 4446 819 4504 Ἦν
844 4450 954 4522 γὰρ
989 4451 1076 4505 ἀεὶ
1096 4491 1110 4517 ,
1151 4452 1244 4506 καὶ
1271 4452 1407 4507 ἐστι.
1457 4453 1576 4507 Τίνι
1616 4455 1673 4508 δὲ
1707 4454 1863 4509 τοῦτο
1889 4458 1950 4510 οὑ

2055 3258 2385 3314 refellendos
2420 3259 2499 3312 ita
2531 3258 2782 3313 Salvator
2812 3259 3031 3314 locutus
3059 3269 3182 3315 est:
3219 3258 3361 3325 Quid
3403 3276 3500 3314 ros
3529 3277 3624 3315 ua—

2054 3358 2244 3405 cturos
2272 3364 2396 3406 esse
2423 3349 2776 3405 credebatis?
2811 3348 3168 3406 Hominemne
3196 3351 3289 3421 qui
3335 3366 3395 3406 se
3440 3351 3625 3420 pravis

2058 3442 2226 3497 animi
2257 3441 2428 3499 vestri
2465 3442 2849 3498 affectionibus
2895 3444 3358 3507 accommodaret,
3398 3442 3543 3513 quod
3589 3444 3624 3497 ii

2060 3534 2269 3605 faciunt
2308 3535 2402 3605 qui
2452 3534 2799 3589 mollioribus
2838 3534 3086 3590 vestibus
3134 3535 3478 3589 induuntur?
3526 3534 3625 3588 Mi-

2056 3629 2204 3684 nime
2234 3643 2385 3683 vero.
2417 3626 2535 3682 Non
2568 3628 2715 3683 enim
2745 3624 2989 3683 Joannes
3023 3625 3236 3681 arundo
3266 3627 3512 3697 qumdam
3542 3634 3627 3682 est

2059 3720 2342 3775 hominum
2367 3720 2720 3791 opinionibus
2766 3718 2989 3790 agitata,
3020 3720 3105 3774 vel
3139 3720 3385 3789 qualibet
3433 3734 3623 3774 eorum

2059 3811 2251 3867 fraude
2311 3826 2376 3866 ac
2440 3812 2793 3867 simulatione
2845 3826 3140 3866 concussa.
3192 3809 3299 3866 Sed
3363 3811 3621 3882 quoniam

2057 3905 2192 3961 illud
2229 3905 2505 3975 adjecerat
2537 3921 2551 3958 :
2584 3903 2733 3958 Inter
2772 3912 2923 3957 natos
2949 3904 3228 3957 mulierum
3250 3919 3353 3957 non
3392 3908 3624 3958 surrexit

2056 3996 2233 4067 major
2261 3994 2468 4050 Joanne
2496 3995 2741 4064 Baptista
2762 3993 2803 4058 ‘,
2831 4008 2899 4073 ne
2923 3995 3046 4063 quis
3073 3990 3337 4048 Joannem
3370 3993 3474 4049 sibi
3501 4008 3625 4063 pcr-

2057 4088 2337 4152 suaderet,
2365 4087 2527 4142 etiam
2562 4086 2681 4157 ipso
2722 4084 3008 4140 Salvatore
3034 4099 3158 4140 esse
3195 4084 3481 4155 majorem,
3511 4084 3626 4156 39

2056 4193 2166 4250 quo
2194 4178 2242 4233 is
2272 4193 2303 4232 a
2348 4175 2596 4243 muliere,
2630 4175 2891 4231 nimirum
2941 4174 3099 4230 hcata
3138 4188 3464 4245 semperque
3501 4174 3625 4230 Vir-

2056 4255 2183 4344 gine
2220 4271 2390 4325 Maria
2433 4285 2532 4341 per
2579 4268 2842 4340 Spiritum
2893 4275 3148 4323 sanctum
3192 4274 3336 4324 esset
3385 4268 3621 4338 genitus,

2057 4370 2118 4418 ut
2153 4377 2254 4418 nos
2282 4368 2474 4417 contra
2519 4360 2666 4416 hunc
2702 4375 2948 4416 errorem
2978 4359 3294 4426 instrueret,
3340 4361 3574 4430 subjecit
3606 4378 3619 4413 :

2034 4454 2169 4522 τρυε
2199 4455 2369 4510 minor
2402 4462 2479 4509 est
2514 4453 2569 4508 in
2617 4469 2775 4522 regno
2827 4452 3101 4515 caelorum,
3159 4452 3335 4523 major
3377 4463 3456 4507 est
3506 4453 3620 4507 illo.

375 4539 533 4611 δῆλόν
562 4543 737 4607 ἐστιν;
770 4542 912 4613 ’Ἄρα
942 4542 1075 4611 γοῦν
1103 4543 1347 4614 ματαίως
1381 4542 1449 4597 τά
1480 4545 1657 4599 πάντα
1695 4551 1822 4618 παρ’
1852 4549 1948 4602 αὑ-

2061 4546 2219 4616 Quod
2252 4546 2504 4603 videlicet
2543 4546 2758 4600 ratione
2811 4546 3072 4616 temporis
3088 4552 3170 4600 est
3203 4545 3269 4600 ab
3312 4560 3376 4600 eo
3419 4544 3623 4599 dictum

374 4634 488 4698 τοῖς
530 4635 953 4706 πεποιήτευται,
1002 4635 1109 4689 ἀπὸ
1158 4636 1377 4705 ἀγαθῶν
1422 4638 1504 4703 είς
1550 4640 1727 4710 φαῦλα
1778 4660 1944 4715 μετα⁹

374 4723 541 4795 ὃεὸλη
550 4723 705 4795 μένα.

2058 4655 2171 4713 quo
2197 4641 2249 4695 in
2305 4643 2453 4694 hunc
2482 4637 2750 4692 mundum
2784 4636 3023 4692 humana
3063 4652 3229 4692 carne
3254 4637 3512 4707 praeditus
3535 4637 3625 4693 ad-

2062 4734 2230 4798 venit,
2259 4733 2522 4804 quoniam
2556 4746 2713 4786 serto
2759 4745 2788 4784 a
2829 4731 3058 4788 Joannis
3105 4731 3391 4787 nativitate
3438 4745 3625 4785 mense

372 4817 631 4874 Christus
661 4826 746 4875 est
802 4820 857 4874 in
909 4820 1085 4875 lucem
1116 4820 1318 4876 editus.
1361 4820 1465 4889 Qui
1498 4823 1640 4879 haud
1695 4825 1859 4884 duhie
1913 4832 2092 4902 major
2126 4833 2247 4883 erat
2288 4825 2405 4887 illo,
2448 4838 2569 4880 cum
2610 4830 2662 4878 et
2701 4824 2773 4878 sit
2796 4838 3011 4893 semper
3039 4829 3094 4877 ct
3132 4821 3313 4877 fuerit.
3347 4821 3482 4887 Quis
3522 4821 3621 4875 hoe

372 4926 505 4968 vero
530 4920 708 4981 potest
738 4911 1035 4982 ignorare?
1067 4911 1293 4968 Frustra
1328 4913 1489 4986 igitur
1521 4917 1589 4972 ab
1633 4917 1741 4973 illis
1772 4924 2080 4993 excogitata
2109 4927 2237 4975 sunt
2266 4916 2474 4981 omnia,
2512 4923 2565 4979 ct
2590 4931 2656 4971 ex
2687 4904 2846 4969 bonis
2873 4913 2927 4967 in
2957 4913 3096 4967 mala
3127 4928 3409 4968 conversa.

441 5003 524 5056 η’.
565 5002 676 5055 Καὶ
718 5002 787 5056 τὰ
815 5002 913 5074 μὲν
947 5001 1126 5073 βιϐλία
1153 5002 1330 5057 αὐτῶν
1360 5004 1562 5059 πολλόν
1604 5007 1948 5078 Ἐρωτήσεις

371 5094 481 5164 γάρ
500 5111 654 5157 τινας
684 5095 904 5167 Μαρίας
930 5095 1234 5150 ἐκτίθενται
1254 5113 1267 5126 °
1304 5096 1453 5152 ἄλλοι
1480 5098 1536 5152 δὲ
1570 5100 1650 5163 είς
1691 5101 1782 5154 τὸν
1812 5118 1947 5172 προ-

370 5184 661 5256 ειρημένον
711 5185 1061 5252 Ἰαλδαϐαὼθ,
1104 5188 1184 5250 είς
1211 5188 1386 5259 ὄνομα
1413 5188 1471 5242 δὲ
1500 5189 1592 5244 τοῦ
1635 5190 1742 5261 Σὴο
1776 5192 1946 5247 πολλὰ

372 5275 554 5345 βιϐλία
577 5277 944 5332 ὑποτίθενται.
984 5277 1375 5348 Ἀποκαλύψεις
1395 5279 1451 5333 δὲ
1474 5279 1568 5340 τοῦ
1599 5281 1767 5352 Ἀδάμ
1782 5282 1947 5347 ἄλλας

371 5363 654 5434 λέγουσιν·
697 5366 989 5436 εὐαγγέλια
1032 5367 1089 5422 δέ
1113 5368 1276 5440 ἕτερα
1316 5371 1396 5433 είς
1424 5370 1592 5441 ὄνομα
1634 5371 1742 5425 τῶν
1774 5372 1943 5444 μαθηο

350 5530 357 5537 ’
410 5521 466 5554 λ¹
491 5520 683 5578 Matth.
719 5538 794 5591 ιι,
823 5525 877 5581 7.
954 5526 974 5557 ’
1007 5527 1136 5583 ibid.
1169 5528 1253 5582 ii.

467 5678 558 5752 μ)
578 5677 736 5734 Forte
749 5681 1055 5752 addendum
1077 5683 1275 5752 μείζων
1294 5682 1457 5738 αὑτοῦ
1472 5686 1634 5740 ἐστιν,
1657 5682 1936 5738 Εο.1Ἀτκ.

444 5746 583 5822 (ιη’)
625 5750 901 5806 Τουτέστι
954 5752 1031 5817 τῷ
1077 5746 1287 5822 χρόνῳ.
1320 5754 1521 5821 Locum
1568 5771 1631 5807 ex
1683 5756 1941 5807 Vaticano

372 5819 567 5876 codice
602 5835 715 5877 sua:
754 5822 1052 5892 integritati
1077 5819 1442 5881 restituintus.
1490 5825 1641 5891 Quod
1682 5825 1747 5879 ωε
1774 5841 1941 5882 crau-

1333 5528 1352 5560 ³
1381 5528 1512 5584 ibid.
1545 5529 1597 5584 8.
1674 5529 1695 5561 ‘
1723 5528 1852 5584 ibid.
1888 5531 1973 5585 Η.

2120 5006 2260 5063 νιιι.
2316 5005 2584 5061 Caeterum
2646 5004 2767 5058 libri
2823 5017 2989 5073 penes
3054 5002 3180 5057 illos
3232 5003 3620 5074 quamplurimi

2044 5107 2194 5157 sunt.
2241 5097 2375 5153 Nam
2423 5095 2875 5168 lnterrogatianes
2921 5092 3184 5163 quasdam
3217 5092 3398 5148 Mariae
3438 5095 3621 5149 vendi-

2044 5200 2181 5248 tant.
2209 5192 2315 5246 Alii
2348 5191 2415 5247 de
2444 5206 2509 5247 eo
2534 5206 2691 5261 quem
2714 5188 2952 5243 diximus
2987 5186 3308 5243 Jaldabaoth
3334 5188 3438 5245 sub
3468 5187 3621 5244 Scthi

2043 5285 2264 5340 nomine
2298 5284 2606 5353 complures
2651 5281 2819 5336 libros
2877 5282 3252 5353 supposititios
3299 5281 3615 5337 obtrudunt.

2046 5372 2153 5429 Sed
2184 5382 2238 5429 et
2269 5372 2459 5428 Adami
2503 5372 2860 5429 revelationes
2892 5373 3050 5439 alias,
3080 5380 3136 5427 ct
3172 5373 3276 5427 alia
3300 5372 3427 5427 item
3458 5386 3621 5427 cvan-

2048 5682 2204 5750 gelici
2276 5680 2419 5734 illius
2446 5749 2468 5750 η
2500 5679 2599 5734 loci
2664 5695 2883 5736 sensum
2946 5677 3158 5736 attinet,
3219 5676 3409 5750 eodem
3457 5675 3619 5750 modo

2047 5747 2328 5832 (lln'ysost.
2352 5758 2404 5807 ct
2429 5749 2869 5822 Theuphyluctus
2899 5757 3196 5818 exponunt,
3233 5762 3343 5817 quo
3360 5747 3613 5829 Epipha-

2047 5838 2191 5878 llllIS.
