3968 6120
324 342 430 399 545

1741 340 1797 395 S.
1841 341 2179 399 EPIPIIANII

3483 341 3589 398 ait
3608 306 3613 317 ’

329 460 472 529 gelia
501 458 638 515 falsa
672 456 1065 527 discipulorum
1113 456 1338 511 nomine
1384 457 1732 512 conscribere
1780 466 1908 513 sunt

2027 460 2118 515 τῶν
2162 461 2579 531 συγγράψασθαι
2608 460 3042 532 τετολμήκασινο
3082 459 3245 514 αὐτόν
3269 476 3330 512 τε
3354 458 3445 514 τὸν
3477 462 3590 515 Σω-

329 551 470 606 ausi.
506 551 615 607 Nec
642 566 739 605 eos
772 551 958 605 dicere
997 550 1163 620 pudet
1195 549 1533 605 Salvatorem
1563 557 1811 606 nostrum
1843 566 1908 606 ac

333 638 620 694 Dominum
652 637 840 694 Jcsum
885 638 1164 692 Christum
1209 638 1479 707 ejusmodi
1510 652 1606 708 per
1651 654 1774 695 sese
1801 646 1911 694 tur-

329 730 630 798 pitudinem
652 740 1010 786 monstrasse.
1054 729 1268 785 Etenim
1299 729 1353 784 in
1385 728 1566 784 Mariae
1603 728 1911 801 Interroga-

333 821 568 875 tionibus
606 837 744 891 quas
777 822 1014 891 majores
1046 831 1244 876 vocant
1274 820 1425 894 (sunt
1462 822 1608 877 enim
1653 822 1771 877 alia:
1815 823 1912 877 mi-

331 926 495 967 nores
547 911 774 982 perinde
822 912 1251 983 commentitiac),
1302 912 1449 967 hunc
1478 913 1556 966 illi
1587 912 1913 982 patefecisse

334 1003 567 1074 ﬁngunt,
599 1020 723 1060 cum
775 1021 894 1061 eam
937 1006 996 1062 in
1038 1013 1278 1061 montem
1311 1005 1613 1072 eduxisset,
1656 1015 1913 1077 essetque

334 1103 615 1161 precatus,
656 1112 722 1151 ac
766 1095 1032 1165 producta
1073 1095 1140 1151 de
1169 1096 1340 1151 latere
1375 1110 1476 1152 suo
1512 1096 1742 1152 muliere
1784 1111 1911 1150 cum

330 1198 396 1238 ea
428 1199 542 1239 rem
587 1185 789 1240 habere
833 1185 1126 1256 coepisset;
1163 1193 1278 1240 tum
1321 1186 1548 1241 seminis
1599 1186 1684 1241 sui
1724 1185 1910 1256 profu-

333 1275 489 1330 sione
515 1274 805 1345 degustata
846 1284 1231 1345 monstrasset,
1267 1276 1366 1344 ita,
1416 1285 1477 1332 ut
1508 1277 1693 1333 vivere
1740 1279 1916 1348 possi-

336 1380 480 1427 mus,
510 1380 632 1421 esse
662 1365 997 1421 faciendum.
1022 1364 1247 1421 Addunt
1273 1374 1326 1422 et
1343 1367 1715 1438 perturbatam
1748 1367 1916 1423 fuisse

335 1452 580 1520 Mariam,
624 1462 787 1523 atque
832 1454 982 1508 humi
1020 1454 1308 1519 cecidisse,
1353 1470 1583 1526 eamque
1621 1470 1653 1510 a
1694 1456 1916 1511 Christo

334 1561 457 1600 cum
507 1544 594 1599 his
638 1545 820 1601 verbis
860 1553 1139 1602 erectam:
1190 1547 1368 1614 Quare
1394 1547 1650 1601 dubitasti
1696 1547 1917 1603 modica:

335 1635 506 1705 ﬁdei?
535 1635 714 1706 Atque
741 1636 844 1691 hoc
874 1636 1051 1706 ipsum
1082 1651 1207 1695 esse
1233 1637 1443 1702 volunt,
1476 1636 1623 1706 quod
1656 1636 1713 1690 in
1740 1636 1918 1692 Evan-

333 1729 478 1799 gelio
507 1727 711 1783 dicitur
743 1747 756 1782 :
789 1725 850 1784 Si
883 1738 1091 1782 terrena
1120 1727 1231 1782 dixi
1259 1727 1423 1796 vobis,
1460 1739 1512 1782 et
1551 1744 1653 1782 non
1686 1728 1917 1784 credidi-

2009 553 2151 624 τῆρα
2178 552 2337 623 ἡμῶν
2365 554 2459 606 καὶ
2505 552 2708 625 Κύριον
2756 552 2963 623 Ἰησοῦν
2991 551 3229 623 Χριστὸν
3271 552 3371 604 οὐκ
3395 553 3589 623 αἰσχύ-

2009 661 2190 697 νονται
2229 644 2430 712 λέγειν,
2466 645 2548 697 ὃτι
2592 643 2754 707 αὐτὸς
2799 641 3119 712 ἀπεκάλυψε
3163 642 3265 712 τὴν
3306 643 3592 714 αἰσχρουρ-

2011 734 2135 804 γίαν
2167 734 2388 805 ταύτην.
2436 736 2523 788 Ἐν
2563 734 2673 804 γὰρ
2691 736 2810 798 ταῖς
2848 732 3209 802 Ἐρωτήσεσι
3234 732 3456 805 Μαρίας
3498 752 3592 789 κα·

2011 829 2301 901 λουμέναις
2355 829 2616 900 μεγάλαις
2666 828 2795 898 (εἰσὶ
2843 828 2951 899 γὰρ
3007 826 3103 880 καὶ
3158 826 3353 897 μικραὶ
3408 826 3591 891 αὐτοῖς

2012 922 2425 993 πεπλασμέναι)
2502 918 2848 975 ὑποτίθενται
2897 918 3059 972 αὐτὸν
3121 918 3259 988 αὐτῇ
3311 917 3589 971 ἀποκαλὺ-

2016 1028 2192 1076 πτειν,
2221 1011 2608 1083 παραλαϐόντα
2644 1010 2812 1080 αὐτὴν
2846 1011 2926 1072 εἰς
2963 1007 3024 1062 τὸ
3052 1008 3201 1078 ὅρος,
3233 1006 3331 1062 καὶ
3364 1007 3594 1078 εὐξάμε-

2012 1120 2123 1166 νον,
2152 1103 2247 1157 καὶ
2281 1102 2578 1157 ἐκϐαλόντα
2617 1102 2681 1155 ὲκ
2705 1100 2805 1170 τῆς
2852 1099 3094 1170 πλευρᾶς
3130 1098 3297 1152 αὐτοῦ
3331 1102 3590 1167 γυναῖκα,

2013 1193 2110 1246 καὶ⁵
2151 1191 2459 1264 ἀρξάμενον
2503 1190 2637 1261 αὐτῇ
2683 1187 3224 1259 ὲγκαταμίγνυσθαι’
3281 1189 3378 1241 καὶ
3423 1186 3594 1250 οὕτως

2013 1282 2171 1354 δῆθεν
2200 1283 2298 1354 τὴν
2340 1281 2640 1353 ἀπόρροιαν
2684 1278 2850 1332 αὑτοῦ
2885 1277 3259 1350 μεταλαϐόντα
3293 1277 3484 1342 δεῖξαι,
3512 1278 3595 1330 ὅτι

2014 1374 2096 1427 δεῖ
2120 1373 2291 1436 οὕτως
2322 1375 2511 1438 ποιεῖν,
2546 1372 2632 1424 ἵνα
2663 1368 2917 1440 ζήσωμεν
2941 1385 2954 1397 ο
3010 1370 3105 1422 καὶ
3129 1369 3207 1432 ὡς
3242 1368 3343 1438 τῆς
3382 1367 3597 1441 Μαρίας

2013 1463 2400 1537 ταραχθείσης,
2450 1464 2546 1517 καὶ
2575 1464 2849 1535 πεσούσης
2892 1463 3089 1533 χαμαὶ,
3118 1461 3277 1516 αὐτὸν
3313 1461 3475 1514 πάλιν
3503 1460 3600 1513 αὐ-

2014 1551 2112 1622 τὴν
2157 1550 2446 1622 ἐγείραντα
2502 1552 2675 1605 εἰπεῖν
2710 1551 2849 1622 αὐτῇ
2874 1568 2887 1579 ’
2939 1553 3073 1606 Ἵνα
3136 1550 3195 1603 τι
3246 1549 3596 1616 ἐδίστασας,

2017 1640 2398 1710 ὀλιγόπιστε;
2445 1639 2553 1692 Καί
2603 1655 2792 1710 φασιν,
2823 1639 2906 1693 ὅτι
2938 1638 3035 1692 καὶ
3070 1637 3230 1691 τοῦτό
3258 1640 3375 1691 εστι
3418 1638 3479 1692 τὸ
3518 1638 3598 1691 ει-

2021 1729 2255 1801 ρημένον
2281 1730 2338 1783 ἐν
2366 1728 2445 1800 τῷ
2489 1729 2828 1800 Εὐαγγελίῳ,
2870 1730 2951 1783 ὅτι
2972 1730 3041 1782 El
3065 1727 3138 1783 τὰ
3163 1729 3395 1799 ἐπίγεια
3427 1724 3603 1783 εἷπον

336 1819 457 1883 stis,
486 1819 717 1873 caelestia
750 1818 1013 1889 quomodo
1058 1818 1279 1875 credetis
1306 1819 1358 1873 ‘?
1408 1818 1541 1876 Item
1574 1820 1710 1891 illud
1742 1839 1755 1875 :
1785 1820 1920 1877 Cu‘m

2027 1820 2183 1891 ὑμῖν,
2220 1820 2320 1875 καὶ
2362 1823 2476 1875 οὐκ
2525 1821 2948 1883 ἐπιστεύσατε,
3000 1821 3074 1875 τὰ
3116 1819 3443 1889 ἐπουράνια
3476 1818 3603 1886 πῶς

339 1908 578 1962 uideritis
628 1888 825 1962 Filium
884 1908 1106 1966 hominis
1154 1927 1215 1965 eo
1248 1888 1757 1967 ascendentem'ubi
1805 1925 1919 1970 erat

334 1999 558 2067 prius';
595 1997 697 2053 hoc
738 2006 846 2067 est,
885 1999 1160 2071 inquiunt,
1202 2000 1477 2071 proﬂuens
1507 2016 1695 2057 semen
1732 2017 1916 2057 exsor-

338 2098 513 2161 ptum,
562 2098 624 2145 ut
668 2105 735 2145 co
783 2090 928 2146 unde
976 2092 1184 2148 exierat
1220 2101 1546 2149 revertatur.
1598 2092 1738 2148 Tum
1775 2094 1922 2164 quod

338 2182 468 2238 alibi
535 2183 802 2253 scriptum
860 2190 946 2240 est
978 2202 992 2238 :
1029 2182 1155 2238 Nisi
1213 2184 1657 2241 manducaveritis
1709 2203 1923 2242 carnem

338 2288 532 2336 meam,
565 2282 614 2328 et
650 2274 885 2329 biberitis
921 2290 1092 2328 meum
1119 2278 1456 2347 sanguinem‘
1477 2318 1489 2329 .
1522 2278 1605 2333 Ad
1639 2294 1762 2349 qua:
1798 2295 1925 2350 per-

340 2365 577 2419 turbatis
610 2366 921 2437 discipulis,
968 2381 1034 2421 ac
1078 2366 1390 2426 dicentibus
1419 2388 1432 2424 :
1464 2368 1597 2435 Quis
1627 2370 1723 2425 hoc
1753 2380 1921 2440 potest

339 2460 601 2515 audire‘?
628 2459 697 2516 de
726 2461 1067 2531 turpitudine
1105 2478 1416 2519 sermonem
1453 2479 1579 2519 eum
1610 2465 1921 2520 institutum

343 2551 560 2616 ferunt,
619 2551 854 2622 ideoque
896 2551 1145 2608 turbatos
1196 2562 1343 2609 retro
1400 2554 1591 2623 pedem
1647 2555 1920 2611 retulisse.

341 2642 595 2698 Nondum
634 2643 779 2699 enim
814 2642 1056 2713 perfecte
1081 2644 1423 2700 corroborati
1463 2653 1621 2700 erant
1661 2661 1727 2701 ac
1756 2646 1924 2703 stabi-

343 2733 444 2789 liti.
482 2733 600 2801 Quo
627 2733 792 2790 etiam
823 2732 1047 2789 Davidis
1079 2733 1213 2788 illud
1243 2732 1449 2788 dictum
1477 2734 1726 2790 referunt
1754 2752 1767 2790 :
1804 2735 1925 2790 Erit

344 2836 597 2896 tanquam
632 2827 828 2898 lignum
858 2824 997 2897 quod
1030 2826 1335 2896 plantatum
1369 2835 1449 2880 est
1488 2842 1636 2881 secus
1671 2826 1924 2883 decursus

340 2933 620 2987 aquarum,
652 2916 790 2989 quod
822 2916 1056 2987 fructum
1086 2932 1240 2971 suum
1261 2914 1410 2969 dabit
1434 2917 1487 2970 in
1510 2926 1739 2986 tempore
1766 2934 1861 2973 suo
1878 2920 1920 2972 ³.

340 3007 452 3078 90
477 3007 655 3078 Atque
698 3009 754 3062 in
786 3022 852 3062 eo
907 3006 1053 3078 quod
1090 3008 1354 3078 scriptum
1392 3016 1477 3065 est
1500 3027 1513 3063 :
1536 3007 1708 3083 ,εοεαε
1741 3011 1926 3065 decur-

2023 1913 2414 1978 πιστεύσετε;
2453 1912 2547 1966 καὶ
2591 1912 2673 1976 τὸ,
2710 1913 2897 1966 Ὅταν
2934 1911 3097 1979 ἴδητε
3146 1910 3255 1965 τὸν
3312 1911 3448 1965 Υἱὸν
3493 1910 3602 1964 τοῦ

2020 2004 2336 2071 ἀνθρώπου
2384 2005 2788 2074 ἀνερχόμενον
2839 2003 2990 2057 ὅπου
3039 1999 3119 2074 ἦν
3161 2002 3229 2056 τὸ
3281 2003 3599 2071 πρότερον·

2022 2093 2268 2146 τουτέστι
2293 2093 2391 2164 τὴν
2420 2094 2720 2165 ἀπόρροιαν
2753 2092 3331 2164 μεταλαμϐανομένην,
3359 2090 3482 2145 ὅθεν
3509 2090 3605 2143 καὶ

2022 2184 2249 2255 ἐξῆλθε·
2293 2184 2387 2238 καὶ
2416 2184 2478 2237 τὸ
2519 2186 2726 2237 εἰπεῖν·
2769 2184 2911 2239 Ἐὰν
2940 2183 3026 2254 μὴ
3075 2181 3303 2253 φάγητε
3344 2198 3460 2251 μου
3488 2179 3608 2248 τὴν

2023 2277 2241 2346 σάρκα,
2274 2277 2373 2331 καὶ
2400 2275 2576 2345 πίητέ
2600 2294 2719 2346 μου
2748 2274 2815 2329 τὸ
2852 2272 3013 2347 αἷμα.
3050 2276 3161 2329 Καὶ
3201 2275 3309 2328 τῶν
3347 2272 3606 2345 μαθητῶν

2023 2366 2467 2439 ταρασσομένων,
2520 2364 2615 2418 κα)⁸
2646 2364 2935 2433 λεγόντων,
2987 2365 3082 2430 Τίς
3127 2362 3379 2417 δύναται
3426 2360 3606 2417 τοῦτο

2024 2458 2319 2522 dimicat;
2354 2457 2546 2526 φασιν,
2573 2456 2649 2520 ὡς
2682 2456 2812 2527 περὶ
2850 2457 2949 2527 τῆς
2973 2455 3331 2527 αἰσχρότητος
3357 2449 3426 2524 ἦν
3452 2455 3483 2507 ὁ
3520 2451 3609 2505 λό-

2025 2568 2155 2621 γος’
2205 2550 2286 2604 διὸ
2344 2551 2441 2603 καὶ
2498 2548 2915 2620 ἐταράχθησαν,
2969 2548 3065 2602 καὶ
3113 2546 3354 2618 ἀπῆλθον
3408 2546 3489 2608 είς
3537 2544 3609 2599 τὰ

2026 2646 2218 2699 ὀπίσω.
2255 2642 2421 2697 Οὔπω
2455 2643 2565 2715 γὰρ
2589 2638 2749 2714 ἦσαν,
2792 2641 2980 2710 φασὶν,
3012 2642 3069 2693 ὲν
3108 2637 3433 2711 πληρώματι
3457 2638 3610 2690 ἐστε-

2029 2736 2311 2809 ρεωμένοι.
2351 2734 2463 2787 Καὶ
2505 2733 2568 2787 τὸ
2608 2734 2786 2787 εἰπεῖν
2823 2732 2913 2786 τὸν
2942 2730 3133 2785 Δαϐίδ·
3180 2732 3392 2785 Ἔσται
3428 2730 3510 2795 ὡς
3541 2728 3609 2782 τὸ

2027 2830 2219 2895 ξύλον
2252 2827 2319 2882 τὸ
2351 2823 2807 2895 πεφυτευμένον
2834 2822 2994 2891 παρὰ
3022 2821 3130 2887 τὰς
3156 2819 3464 2885 διεξόδους
3489 2816 3612 2871 τῶν

2029 2918 2281 2978 ὑδάτων,
2306 2917 2338 2971 ὃ
2371 2914 2480 2970 τὸν
2505 2914 2739 2984 καρπὸν
2770 2912 2957 2967 αὑτοῦ
2985 2911 3163 2965 δώσει
3191 2910 3261 2964 ὲν
3284 2907 3465 2978 καιρῷ
3497 2910 3608 2963 αὑ·

2025 3012 2130 3065 τοῦ
2150 3030 2162 3043 ο
2194 3010 2325 3081 περὶ
2359 3010 2460 3081 τῆς
2486 3008 2841 3080 αἰσχρότητος
2870 3004 2965 3059 τοῦ
3000 3004 3213 3075 ἀνδρὸς,
3244 3003 3397 3073 φασὶ,
3432 3001 3603 3071 λέγει,

342 3116 436 3154 sus
462 3116 740 3171 aquarum,
772 3100 1000 3155 indicari
1024 3099 1129 3154 viri
1157 3099 1459 3156 fmditatem
1488 3102 1755 3169 asseruit;
1776 3103 1922 3159 istud

2040 3102 2164 3155 Ἐπὶ
2202 3106 2318 3171 τὴν
2350 3100 2567 3166 ἔξοδον
2597 3099 2714 3153 τῶν
2746 3097 3000 3153 ὑδάτων.
3040 3095 3172 3157 Καὶ,
3196 3097 3292 3197 ,Ὃ
3332 3093 3437 3148 τὸν
3473 3110 3609 3199 καρ-

344 3206 506 3246 vero:
536 3189 690 3257 Quod
713 3191 947 3261 fructum
981 3208 1138 3246 suum
1167 3192 1315 3246 dabit
1342 3193 1397 3247 in
1432 3202 1659 3262 tempore
1689 3211 1807 3256 suo,
1830 3210 1924 3249 vo-

345 3280 574 3352 luptatis
615 3281 994 3336 demoustrare
1035 3282 1374 3351 proluviem;
1427 3296 1553 3336 nam
1594 3282 1739 3352 quod
1771 3282 1928 3337 addi-

345 3378 463 3425 tum
506 3379 609 3437 est,
639 3368 707 3423 Et
732 3370 925 3440 folium
949 3372 1065 3441 ejus
1089 3389 1194 3426 non
1231 3371 1424 3442 deﬂuet
1445 3372 1489 3438 ⁸,
1532 3380 1646 3426 tum
1680 3387 1713 3427 a
1743 3371 1925 3437 nobis,

348 3464 626 3535 inquiunt,
671 3462 970 3535 perficitur,
1020 3479 1147 3520 cum
1197 3466 1250 3521 in
1285 3477 1484 3522 terram
1531 3465 1783 3522 decidere
1818 3481 1928 3521 non

348 3554 610 3622 patimur,
646 3554 743 3609 sed
779 3554 999 3625 ipsimet
1023 3555 1157 3610 illud
1185 3557 1548 3613 absumimus.

417 3642 512 3700 IX.
551 3646 630 3701 Ac
663 3660 731 3701 ne
773 3647 1002 3716 prolatis
1046 3647 1263 3703 illorum
1297 3649 1629 3706 testimoniis
1668 3651 1791 3721 plus
1834 3650 1932 3707 dc—

347 3737 594 3793 trimenti
618 3754 783 3810 quam
830 3740 1084 3796 utilitatis
1128 3740 1377 3803 aﬂ‘eram.
1427 3739 1634 3797 idcirco
1671 3744 1930 3814 pleraque

350 3830 570 3887 silentio
609 3832 1042 3902 praetermittam.
1071 3832 1331 3905 Alioquin
1351 3834 1557 3898 omnia,
1599 3850 1722 3906 quae
1754 3835 1825 3893 ab
1863 3835 1932 3889 il-

349 3924 420 3980 lis
448 3923 728 3989 dicuntur,
767 3924 872 3979 hoc
904 3925 1027 3980 loco
1050 3924 1381 3996 explicando
1413 3941 1927 3983 commemorarem.

350 4014 486 4069 Nam
523 4014 676 4086 quod
742 4015 797 4069 in
840 4014 1125 4086 Scriptura
1166 4017 1399 4088 legimus
1447 4015 1603 4073 Raab
1644 4018 1931 4074 coccinum

352 4109 406 4163 in
430 4104 671 4163 fenestra
692 4108 949 4177 posuisse
970 4109 1016 4174 ",
1044 4125 1156 4163 non
1179 4110 1466 4164 coccinum
1484 4118 1623 4174 erat,
1654 4110 1930 4180 inquiunt,

352 4198 450 4254 sed
492 4200 760 4254 muliebre
804 4200 1164 4271 pudendum:
1199 4203 1255 4256 in
1302 4217 1413 4272 quo
1455 4202 1747 4257 coccineus
1782 4203 1935 4257 color

355 4296 699 4342 menstruum
744 4289 1069 4359 sanguinem
1108 4289 1399 4359 significat.
1448 4289 1595 4356 Quin
1634 4291 1798 4345 etiam
1841 4306 1935 4347 eo-

353 4378 477 4434 dem
508 4377 644 4433 illud
685 4388 896 4448 spectat
928 4397 942 4435 :
974 4380 1103 4436 Bibe
1136 4397 1330 4450 aquam
1360 4381 1424 4435 de
1458 4382 1564 4436 tuis
1600 4383 1741 4437 uasis
1760 4383 1801 4436 ⁸.
1846 4381 1935 4439 Si-

2027 3195 2146 3247 πὸν
2169 3191 2354 3247 αὑτοῦ
2381 3190 2579 3255 δώσει,
2613 3188 2712 3260 τὴν
2747 3188 2846 3258 τῆς
2887 3186 3080 3258 ἡδονῆς
3116 3183 3421 3256 ὲπίρῤοιαν,
3455 3183 3608 3249 φασὶ,

2027 3282 2172 3350 λέγει
2193 3299 2207 3313 ·
2242 3281 2352 3335 Καὶ
2391 3279 2459 3333 τὸ
2494 3279 2734 3348 φύλλον
2770 3276 2954 3331 αὑτοῦ
2985 3277 3096 3329 οὐκ
3137 3271 3609 3341 ἁπορρυἠσεται,

2027 3376 2108 3429 ὅτι
2138 3374 2238 3427 οὐκ
2269 3372 2447 3443 ἐῶμεν
2480 3369 2610 3423 αὐτὸ
2641 3367 2817 3440 χαμαὶ
2847 3369 3054 3429 πεσεῖν,
3083 3363 3222 3418 ἀλλὰ
3269 3363 3422 3418 αὐτοὶ
3476 3362 3609 3416 αὐτὸ

2031 3466 2123 3521 ὲσθ
2132 3466 2174 3517 ίο
2181 3482 2299 3537 μεν.

2099 3648 2175 3702 Θ’.
2216 3645 2329 3701 Καὶ
2353 3644 2441 3699 ἵνα
2494 3644 2570 3715 μὴ
2619 3641 2719 3706 τὰς
2774 3637 3081 3711 μαρτυρίας
3126 3633 3305 3690 αὐτῶν
3355 3634 3415 3686 έν
3462 3630 3615 3702 μέσῳ

2032 3741 2181 3810 ἄγων
2218 3736 2408 3809 eadem
2460 3734 2659 3807 μᾶλλον
2709 3733 2853 3805 ἤπερ
2886 3729 3175 3798 ὠφελήσω,
3213 3725 3404 3779 τούτου
3452 3724 3616 3796 χάριν

2030 3830 2101 3884 τὰ
2132 3829 2303 3883 πολλὰ
2344 3826 2748 3898 ὑπερϐήσομαι.
2798 3822 2951 3875 Ἐπεὶ
2984 3822 3004 3853 ⁸
3048 3822 3112 3874 ἂν
3144 3817 3213 3872 τὰ
3252 3817 3429 3870 πάντα
3480 3815 3616 3886 παρ’

2031 3923 2213 3986 αὐτοῖς
2243 3921 2429 3984 κακῶς
2461 3916 2730 3989 λεγόμενα
2766 3913 3002 3968 ἐνταῦθα
3070 3908 3505 3983 παρατιθέμενος
3539 3907 3619 3960 δι-

2031 4014 2316 4088 ηγόρευον.
2351 4012 2426 4066 Τὸ
2450 4010 2765 4082 γὰρείπεῖν,
2786 4006 2940 4077 φασὶ,
2971 4004 3273 4059 τεθεικέναι
3302 4001 3401 4072 τὴν
3446 3999 3618 4054 Ῥαὰϐ

2033 4108 2285 4163 κόκκινον
2323 4107 2382 4161 ὲν
2416 4107 2481 4176 τῇ
2518 4100 2716 4175 θυρίδι,
2743 4100 2844 4153 οὐκ
2871 4094 2963 4171 ἦν,
2988 4097 3144 4167 φασὶ,
3172 4095 3448 4159 κόκκινον,
3479 4092 3618 4147 ἀλλὰ

2032 4198 2104 4252 τὰ
2149 4199 2319 4270 μόρια
2344 4197 2442 4267 τῆς
2480 4192 2801 4264 γυναικείας
2835 4191 3085 4260 φύσεως*
3122 4190 3219 4244 καὶ
3254 4188 3317 4240 τὸ
3363 4187 3619 4242 κόκκινον

2033 4282 2174 4361 αἷμα
2220 4289 2330 4344 τῶν
2378 4287 2731 4358 καταμηνίων
2781 4284 2953 4353 λέγει.
2994 4281 3100 4337 Καὶ
3137 4281 3198 4334 τὸ
3241 4282 3436 4346 εἰπεῖν,
3472 4280 3619 4334 Πίνε

2032 4380 2226 4433 ὕδατα
2256 4378 2372 4433 ἀπὸ
2410 4376 2538 4431 σῶν
2577 4377 2847 4446 ἀγγείων,
2870 4375 3000 4445 περὶ
3033 4371 3223 4426 τούτου
3269 4370 3434 4439 λέγει.
3478 4369 3620 4423 Φασὶ

354 4469 576 4541 quidem
603 4470 831 4527 interire
857 4486 1106 4538 carnem,
1140 4487 1242 4528 nec
1273 4473 1503 4528 excitari
1533 4473 1714 4529 denuo
1738 4476 1924 4544 praedi-

2036 4473 2092 4528 δὲ
2121 4468 2260 4526 εἶναι
2295 4471 2394 4540 τὴν
2427 4470 2606 4540 σάρκα
2636 4465 3037 4537 ἀπολλυμένην,
3074 4463 3169 4516 καὶ
3217 4461 3291 4533 μὴ
3322 4460 3621 4532 ἐγειρομέ-

354 4568 507 4628 cant,
558 4575 790 4632 eamque
831 4563 899 4617 ad
928 4562 1230 4633 principem
1260 4565 1557 4634 pertinere.
1590 4564 1713 4620 Vim
1752 4576 1937 4623 autem

357 4655 529 4718 illam,
563 4668 685 4724 quae
734 4653 789 4707 in
831 4654 1132 4710 menstruis
1186 4663 1272 4711 est
1313 4670 1378 4712 ac
1430 4656 1659 4722 semine,
1699 4657 1936 4712 animam

356 4760 501 4811 esse,
536 4760 701 4817 quam
734 4745 1023 4802 collectam
1059 4746 1416 4804 comedimus.
1462 4746 1615 4804 Unde
1652 4763 1777 4804 cum
1816 4763 1943 4803 car-

359 4837 520 4894 nibus
576 4843 671 4891 aut
719 4836 986 4900 oleribus,
1039 4843 1133 4891 aut
1192 4850 1352 4907 pane,
1395 4845 1489 4892 aut
1532 4838 1641 4893 alio
1681 4838 1937 4909 qu0piam

356 4930 650 4994 vescimur,
681 4928 818 4984 bene
844 4927 913 4984 de
948 4928 1148 4984 creatis
1178 4928 1342 4983 rebus
1377 4916 1670 4993 meremur,
1703 4929 1832 4984 dum
1867 4944 1933 4985 ex

358 5017 445 5072 his
470 5018 729 5073 omnibus
758 5019 998 5073 animam
1033 5030 1412 5087 corrogamus,
1444 5030 1510 5070 ac
1548 5016 1839 5072 nobiscum
1878 5016 1933 5071 in

357 5107 559 5163 coelum
606 5109 909 5166 evehimus.
968 5108 1202 5180 Ideoque
1242 5122 1442 5178 genere
1492 5107 1640 5162 omni
1687 5108 1934 5163 carnium

361 5205 612 5264 utuntur,
641 5210 702 5255 ut
731 5202 967 5272 generis,
998 5202 1172 5265 aiunt,
1206 5200 1381 5256 nostri
1414 5199 1793 5255 misereamur.
1823 5197 1939 5253 Ca2-

360 5299 538 5347 terum
564 5291 811 5348 eamdem
842 5293 1024 5348 inesse
1044 5303 1238 5364 putant
1265 5292 1614 5357 animalibus,
1641 5298 1694 5347 et
1720 5292 1936 5357 bestiis,

2039 4582 2137 4634 νην
2159 4580 2172 4595 ·
2206 4558 2345 4616 εῖναι
2377 4561 2434 4613 δὲ
2478 4559 2682 4630 ταύτην
2706 4558 2811 4635 τοῦ,
2833 4556 3112 4635 ἅρχρντος.
3157 4555 3267 4625 Τὴν
3301 4553 3357 4606 δὲ
3388 4550 3621 4622 δύναμιν

2039 4657 2139 4728 την
2188 4656 2247 4707 ὲν
2281 4655 2393 4717 τοῖς
2425 4650 2783 4723 καταμηνίοις
2825 4649 2920 4703 καὶ
2965 4649 3023 4701 ὲν
3073 4648 3191 4710 ταῖς
3225 4646 3411 4714 γοναῖς
3438 4641 3622 4713 ψυχὴν

2039 4742 2180 4799 εἷναί
2231 4761 2416 4814 φασιν,
2467 4742 2533 4812 ἣν
2588 4740 2941 4808 συλλέγοντες
2992 4736 3265 4806 ἐσθίομεν.
3318 4733 3428 4786 Καὶ
3473 4731 3620 4803 ἅπερ

2041 4839 2201 4909 ἡμεῖς
2234 4835 2483 4906 ἐσθίομεν
2517 4833 2626 4904 (75)
2672 4833 2828 4903 κρέα,
2858 4832 2892 4903 ἧ
2942 4830 3173 4900 λάχανα,
3210 4827 3242 4899 ἢ
3287 4827 3472 4898 ἄρτον,
3498 4825 3542 4895 ’ἡ
3568 4841 3622 4877 τι

2041 4928 2249 4998 ἕτερον,
2304 4925 2463 4997 χάριν
2510 4922 2770 4993 ποιοῦμεν
2816 4923 2938 4984 ταῖς
2981 4919 3214 4980 κτίσεσι,
3266 4914 3622 4982 συλλέγοντες

2041 5018 2148 5073 ἀπὸ
2179 5017 2396 5071 πάντων
2431 5014 2528 5085 τὴν
2559 5013 2757 5084 ψυχὴν,
2789 5012 2885 5066 καὶ¹
2923 5008 3319 5082 μεταφέροντες
3351 5005 3470 5076 μεθ’
3497 5005 3622 5057 ἐαυ-

2040 5107 2149 5161 τῶν
2197 5108 2276 5170 είς
2326 5105 2395 5158 τὰ
2438 5102 2756 5173 ἐπουράνια.
2813 5101 3012 5170 Διόπερ
3060 5098 3155 5152 καὶ
3200 5096 3419 5149 πάντων
3456 5110 3623 5165 μετα-

2041 5196 2377 5270 λαμϐάνουσι
2407 5194 2584 5267 κρεῶν
2611 5194 2883 5259 λέγοντες,
2917 5192 3007 5244 ἵνα
3038 5189 3353 5261 ἐλεήσωμεν
3378 5185 3439 5239 τὸ
3465 5186 3627 5255 γένος

2045 5290 2223 5363 ἡμῶν.
2247 5289 2520 5343 Φάσκουσι
2546 5287 2601 5341 δὲ
2628 5287 2727 5359 τὴν
2750 5285 2922 5356 αὐτὴν
2946 5282 3123 5355 ψυχὴν
3151 5276 3291 5335 εἶναι
3324 5278 3382 5334 ἐν
3418 5296 3479 5331 τε
3508 5280 3628 5342 τοῖς

438 5446 454 5475 ¹
480 5444 639 5500 Joan.
667 5460 747 5505 ιιι.
786 5444 874 5500 12.
952 5446 971 5475 ³
1002 5444 1159 5502 Joan.
1198 5464 1274 5514 vi,
1307 5446 1396 5502 66.
1476 5447 1497 5478 ³
1527 5446 1661 5502 ibid.
1689 5446 1777 5500 54.
1851 5446 1874 5478 δ
1908 5446 1923 5499 i

2027 5487 2035 5496 .
2070 5444 2158 5498 6|.
2227 5445 2250 5477 ⁸
2273 5444 2417 5499 Psal.
2445 5461 2484 5509 ι,
2510 5445 2561 5498 5.
2644 5441 2665 5472 ⁶
2699 5440 2829 5495 ibid.
2897 5440 2917 5470 "
2950 5436 3116 5495 Josue
3150 5453 3210 5502 ll,
3241 5435 3333 5490 2i.
3401 5433 3422 5465 '
3456 5431 3623 5489 Prov.

362 5529 415 5577 ν,
460 5514 541 5568 l5.
627 5514 648 5547 ’
677 5514 737 5571 Ρ.
770 5515 886 5578 πῶς
910 5515 993 5568 ἄν.

434 5651 546 5719 (75)
580 5654 689 5708 Καὶ
724 5655 873 5726 ἅπερ
908 5654 1073 5726 ἡμεῖς
1107 5655 1403 5724 ἐσθίομεν.
1438 5655 1577 5709 Idem
1624 5650 1907 5706 Munichth

2027 5652 2196 5709 ,titarc
2227 5651 2492 5720 solebant,
2522 5660 2580 5708 ut
2607 5669 2675 5709 cx
2707 5651 2843 5723 Aug.
2878 5650 2971 5706 lib.
3030 5649 3292 5704 .ldt't‘rstts
3356 5644 3615 5701 Faustum

369 5732 612 5795 apparet.
