3960 6144
340 376 373 432 5
386 378 445 434 533

982 381 1353 441 ADVEllSUS
1392 384 1733 444 IIERESES
1772 386 1902 445 LIB.

2035 389 2178 447 l‘OM.
2222 392 2284 449 ll.
2324 426 2393 437 --
2426 393 2701 454 IIJERES.
2736 399 2924 457 XXVI.

3507 406 3611 464 διε

343 498 505 564 ζώοις
538 497 634 551 καὶ
663 497 721 551 ὲν
769 500 1081 566 κνωδάλοις,
1116 501 1213 555 καὶ
1264 502 1464 574 ἰχθύσι,
1499 506 1594 559 καὶ
1621 505 1798 576 δφεσι,
1829 508 1924 562 καὶ

2035 518 2083 565 et
2117 511 2365 583 piscibus
2403 528 2468 569 ac
2510 516 2859 586 serpentibus
2905 517 3164 587 animam,
3213 535 3333 591 qua:
3370 522 3609 579 homini-

342 588 655 662 ἀνθρώποις
695 592 1164 666 ὲγκατεσπάρθαι,
1200 595 1296 648 καὶ
1329 598 1387 650 ὲν
1424 596 1699 666 λαχάνοις,
1746 599 1841 652 καὶ
1872 600 1929 654 ὲν

343 679 611 751 δένδρεσι,
650 681 743 735 καί
782 682 840 735 ὲν
869 684 1194 754 γεννήμασι.
1230 687 1341 739 Καὶ
1390 688 1441 740 oi
1482 689 1583 758 μὲν
1629 688 1811 743 αὐτῶν
1842 688 1935 739 Φι-

344 772 593 825 6ιωνῖται
629 773 954 845 καλούμενοι
992 777 1327 849 ἀναφέρουσι
1360 779 1458 843 τὰς
1487 781 1719 852 αἰσχρὰς
1754 787 1931 840 αὐτῶν

346 862 538 927 θυσίας
579 865 678 935 τῆς
717 868 997 938 πορνείας,
1023 868 1121 933 τὰς
1149 870 1242 939 ὑφ’
1275 870 1432 941 ἡμῶν
1461 871 1696 927 ἐνταῦθα
1743 893 1931 949 προει-

348 957 594 1028 ρημένας
659 960 889 1031 ὀνόμασι
948 963 1285 1034 τριακοσίοις
1334 964 1801 1036 ὲξηκονταπέντε,
1852 967 1934 1035 οἷς

344 1051 502 1105 αὐτοὶ
540 1051 784 1106 ἔπλασαν
830 1056 1110 1126 ἀρχόντων
1158 1056 1354 1127 δῆθεν,
1412 1058 1777 1130 ἐμπαίζοντες
1821 1065 1932 1125 τοῖς

346 1142 746 1212 γυναικαρίοις,
783 1145 880 1197 καὶ
917 1144 1207 1213 λέγοντες
1257 1146 1464 1218 Μίγηθι
1507 1151 1623 1219 μετ’
1655 1150 1813 1221 ἐμοῦ,
1847 1152 1934 1204 ἵνα

344 1247 410 1284 σε
457 1232 735 1302 ἁνενέγκω
781 1235 918 1306 πρὸς
965 1236 1058 1291 τὸν
1111 1240 1370 1311 ἄρχοντα.
1419 1239 1553 1294 Καθ’
1603 1244 1842 1314 ἑκάστην
1876 1244 1933 1297 δὲ

303 1389 306 1392 ,
350 1322 499 1395 μίξιν
550 1325 909 1396 ὀνομάζουσιν
951 1330 1068 1394 ἑνὸς
1099 1330 1272 1402 ὄνομά
1316 1350 1459 1396 τινος
1507 1333 1780 1407 βάρδαρον
1823 1337 1931 1390 τῶν

348 1416 482 1486 παρ’
510 1418 695 1481 αὐτοῖς
744 1420 1202 1493 πεπλανημένων,
1252 1425 1347 1477 καὶ
1375 1424 1537 1495 δῆθεν
1565 1424 1816 1496 εὔχονται
1845 1428 1933 1481 λέν

346 1523 539 1577 γοντες
559 1524 571 1538 ’
606 1509 998 1583 Προσφέρομέν
1041 1530 1122 1568 σοι
1150 1515 1228 1586 τῷ
1252 1515 1406 1581 δεῖνι,
1436 1516 1522 1569 ἵνα
1555 1519 1932 1593 προσενέγκῃς

345 1601 426 1672 τῷ
450 1603 602 1656 δεῖνι.
645 1604 687 1656 Τ
691 1606 723 1675 ᾖ
755 1604 812 1658 δὲ
844 1605 978 1680 ἄλλῃ
1012 1608 1175 1662 πάλιν
1208 1609 1352 1679 μίξει
1391 1609 1537 1680 ἄλλῳ
1585 1612 1929 1667 ὑποτίθενται

345 1693 611 1758 ὡσαύτως
638 1697 989 1768 προσφέρειν,
1032 1699 1120 1753 ἵνα
1160 1700 1254 1753 καὶ
1278 1702 1444 1766 αὐτὸς
1484 1701 1565 1773 τῷ
1606 1702 1770 1776 ἄλλῳ.
1820 1706 1930 1760 Καὶ

345 1785 453 1850 ἕως
482 1787 546 1840 ἂν
579 1787 727 1860 ἔλθῃ,
763 1789 965 1858 μᾶλλον
997 1791 1053 1844 δὲ
1082 1792 1320 1865 κατέλθῃ
1359 1796 1682 1866 τριακοσίας
1706 1794 1921 1868 ἑξηκονο

345 1879 579 1933 ταπέντε
628 1879 866 1944 πτώσεις
888 1881 990 1951 τῆς
1015 1860 1445 1951 λαγνείας,“καθ’
1475 1887 1712 1957 ἑκάστην
1757 1860 1929 1959 δνομά
1960 1860 2000 1920 Β

344 1986 399 2023 τι
438 1970 774 2024 ἐπικαλεῖται
800 1972 863 2025 τὸ
900 1972 1110 2026 τοιοῦτο
1137 1976 1526 2047 ἐργαζόμενος.
1564 1978 1674 2030 Καὶ
1701 1978 1929 2049 ἄρχεται

344 2061 514 2116 πάλιν
569 2063 818 2116 κατιέναι
862 2064 951 2118 διὰ
1000 2065 1108 2119 τῶν
1159 2066 1369 2133 αὐτῶν,
1415 2067 1487 2122 τὰ
1536 2068 1676 2123 αὐτά
1726 2070 1929 2142 αἰσχρά

344 2154 618 2209 επιτελῶν
665 2155 760 2208 καὶ
804 2156 1092 2226 ὲμπαίζων
1135 2161 1255 2221 ταῖς
1304 2160 1713 2230 ἡπατημέναις.
1760 2161 1928 2217 Ὅταν

348 2242 445 2301 οὖν
476 2250 558 2311 είς
591 2248 848 2302 τοσοῦτον
888 2247 1126 2320 ἀριθμοῦ
1173 2249 1336 2319 δγκον
1384 2251 1551 2323 ἐλάσῃ
1584 2252 1929 2308 ἑπτακοσίων

346 2340 643 2411 τριάκοντα
688 2339 967 2404 πτώσεων,
1001 2340 1143 2407 λέγω
1183 2341 1247 2412 δὴ
1296 2341 1498 2412 μίξεων
1540 2343 1801 2415 αἰσχρῶν,
1831 2343 1929 2399 καὶ

342 2432 628 2502 ὀνομάτων
676 2432 784 2486 τῶν
822 2432 951 2503 παρ’
984 2430 1169 2494 αὐτοῖς
1212 2432 1633 2504 πεπλασμένων,
1667 2435 1789 2487 τότε
1816 2435 1928 2488 λοι-

346 2524 453 2579 πὸν
490 2524 664 2595 τολμᾷ
693 2525 724 2577 6
756 2526 1017 2591 τοιοῦτος,
1052 2526 1149 2579 καὶ
1177 2524 1358 2594 λέγει·
1416 2527 1556 2597 Ἐγώ
1596 2531 1711 2600 είμι
1737 2529 1766 2582 6
1794 2529 1931 2599 Χρι-

347 2616 497 2679 στός*
558 2615 747 2687 ἐπειδὴ
784 2616 990 2671 ἀνωθεν
1013 2617 1364 2689 καταϐέϐηκα
1393 2619 1480 2672 διά
1503 2618 1612 2674 τῶν
1639 2620 1920 2691 ὀνομάτων

347 2707 458 2762 τῶν
487 2708 593 2774 τξε¹
622 2708 920 2780 ἀρχόντων.
1348 2700 1359 2707 “

420 2799 479 2856 1'.
519 2801 598 2854 Τά
620 2801 675 2854 δὲ
697 2802 805 2854 τῶν
839 2800 1101 2872 μειζόνων
1137 2801 1258 2855 κατ’
1284 2801 1482 2865 αὐτοὺς
1506 2803 1783 2874 ἀρχόντων
1815 2805 1931 2860 ὀνό-

352 2909 500 2965 ματα
544 2892 717 2967 ταῦτα
761 2888 903 2946 εἶναι
947 2891 1188 2961 λέγουσι,
1237 2893 1467 2957 πολλοὺς
1510 2894 1779 2964 λέγοντες.
1840 2897 1930 2953 Ἐν

353 2986 455 3056 μὲν
479 2985 559 3056 τῷ
587 2984 790 3057 πρώτῳ
826 2985 1041 3058 οὐρανῷ
1070 2981 1208 3039 εἷναι
1236 2986 1327 3039 τὸν
1379 2986 1501 3039 Ἰαὼ
1530 2987 1789 3058 ἄρχοντα,
1819 2989 1915 3043 xal.

346 3078 409 3129 ὲν
442 3076 520 3147 τῷ
553 3077 791 3148 δευτέρῳ
819 3077 983 3145 φασὶν
1009 3071 1147 3131 εἶναι
1171 3080 1262 3133 τὸν
1292 3079 1504 3133 Σακλᾶν
1542 3081 1779 3152 ἄρχοντα
1827 3083 1929 3152 τῆς

2036 603 2140 660 bus
2206 605 2358 666 insit,
2398 621 2612 661 necnon
2652 616 2706 663 et
2755 610 3018 676 oleribus,
3066 618 3123 666 et
3192 612 3501 678 arboribus,
3543 630 3608 671 ac

2034 696 2373 765 germiuibus
2408 698 2667 757 infusam.
2702 698 2819 755 Jam
2848 717 2979 757 vero
3003 702 3096 771 qui
3119 717 3184 758 ex
3225 704 3294 760 iis
3325 704 3609 760 Pliiliioni-

2033 797 2104 841 tm
2126 795 2396 844 vocantur
2431 791 2768 845 exsecranda
2798 793 2891 847 illa
2921 794 3163 850 libidinis
3209 810 3388 859 sacra,
3420 813 3541 868 quae
3576 813 3606 851 a

2032 878 2192 934 nobis
2220 880 2488 948 explicata
2526 889 2674 946 sunt,
2714 897 2914 938 cccnxv
2952 886 3268 942 nominibus
3300 889 3604 951 ascribunt,

2030 985 2153 1039 quae
2208 972 2515 1042 principum
2561 989 2683 1029 esse
2736 977 2955 1046 propria
2993 979 3284 1034 commenti
3335 986 3480 1034 sunt.
3529 978 3606 1035 Ita

2031 1062 2375 1118 mulierculis
2441 1063 2732 1121 illudentcs
2772 1066 3164 1139 :Congrcdere
3214 1086 3464 1135 mecum,
3524 1073 3608 1125 in-

2030 1154 2249 1222 quiunt,
2281 1162 2339 1207 ut
2366 1162 2419 1209 te
2451 1156 2517 1209 ad
2551 1157 2853 1229 principem
2883 1160 3200 1230 perducam.
3233 1160 3370 1215 Tum
3403 1161 3470 1216 ad
3493 1162 3607 1217 sin-

2033 1246 2191 1315 gulus
2236 1247 2415 1301 coitus
2449 1238 2759 1303 barbarum
2793 1252 3015 1321 aliquod
3050 1254 3214 1310 unius
3242 1270 3308 1309 ex
3356 1254 3465 1310 illis
3507 1270 3608 1309 no-

2031 1351 2155 1391 men
2206 1345 2410 1394 temere
2463 1340 2531 1394 ab
2591 1340 2658 1395 iis
2707 1342 3072 1412 excogitatum
3126 1347 3502 1413 pronuntiant,
3542 1361 3607 1400 ac

2030 1428 2288 1481 nimirum
2314 1430 2414 1483 hac
2443 1431 2677 1485 formula
2709 1441 3042 1501 precantur:
3073 1434 3194 1489 Tibi
3222 1434 3605 1502 N.o!'fcrimus,

2029 1529 2091 1574 ut
2126 1517 2192 1573 N.
2237 1521 2481 1577 vicissim
2526 1521 2758 1588 oil‘eras;
2806 1524 2932 1580 inde
2975 1526 3083 1581 alio
3128 1540 3320 1583 rursus
3362 1528 3413 1580 in
3471 1543 3606 1582 con-

2030 1624 2221 1683 gressu
2269 1613 2423 1667 alteri
2470 1628 2530 1669 se
2579 1614 2775 1670 oll'erre
2816 1616 3134 1686 praedicant,
3179 1626 3325 1673 utet
3368 1621 3427 1691 is
3450 1619 3609 1676 alteri

2030 1712 2403 1774 repraesentet.
2426 1703 2502 1759 ita
2526 1707 2697 1761 donec
2724 1722 2819 1777 per
2843 1722 3045 1763 ccctxv
3065 1708 3311 1765 libidinis
3346 1725 3411 1767 ac
3439 1712 3605 1769 lasci-

2029 1797 2129 1851 via:
2182 1796 2387 1867 gradus
2432 1797 2803 1864 asconderint,
2836 1801 2923 1855 vel
2970 1801 3357 1856 descenderint
3396 1802 3605 1872 potius,

2028 1890 2248 1959 quoties
2290 1886 2554 1946 Venerem
2606 1881 2878 1960 re'petunt,
2926 1890 3192 1962 ejusmodi
3241 1893 3462 1964 aliquod
3504 1910 3610 1949 no-

2030 1998 2155 2038 men
2201 1983 2498 2053 appellant.
2558 1981 2688 2039 inde
2725 1997 2823 2055 per
2867 1983 3057 2040 eadem
3117 1986 3211 2040 illa
3253 1986 3610 2056 turpitudinis

2030 2076 2259 2146 vestigia
2292 2075 2633 2141 relabuntur,
2674 2090 2737 2130 ac
2777 2076 3171 2131 circumventis
3219 2088 3250 2130 a
3297 2090 3359 2131 se
3394 2078 3614 2134 mulier-

2030 2162 2177 2222 culis
2210 2165 2468 2222 illudunt.
2498 2166 2603 2237 91
2631 2165 2929 2237 Postquam
2978 2174 3157 2222 autem
3208 2167 3456 2222 iterando
3506 2180 3604 2220 sa:-

2029 2259 2153 2329 pius
2183 2256 2505 2322 concubitu,
2536 2273 2600 2311 ac
2628 2257 2768 2314 lictis
2801 2257 2913 2314 illis
2937 2257 3253 2313 nominibus
3294 2259 3610 2327 repetendis

2027 2362 2232 2405 nccxxx
2266 2364 2554 2417 numerum
2598 2346 2916 2417 implerunt,
2961 2346 3224 2417 deinceps
3260 2348 3355 2418 qui
3399 2345 3452 2401 id
3486 2363 3612 2417 cge-

2029 2439 2123 2502 rit,
2161 2435 2442 2509 palamAle
2486 2452 2545 2493 se
2580 2435 2880 2508 praedicare
2915 2450 3025 2492 non
3056 2433 3270 2491 dubitat
3303 2435 3457 2506 :‘Ego
3484 2452 3604 2492 sum

2026 2529 2303 2585 Christus.
2344 2526 2479 2583 Nam
2523 2542 2622 2600 per
2661 2542 2868 2585 cccuv
2916 2527 3141 2584 nomina
3184 2525 3490 2599 principum
3527 2538 3598 2601 ex

2028 2619 2141 2674 alto
2162 2615 2445 2675 descendi.

2097 2798 2166 2853 Χ.
2206 2797 2470 2871 Maiorum
2504 2813 2667 2871 porro
2702 2796 3012 2870 principum
3061 2800 3286 2856 nomina
3328 2798 3448 2856 inme
3489 2813 3616 2858 esse

2028 2901 2356 2947 memorant.
2395 2893 2451 2947 In
2477 2907 2754 2962 supremo,
2780 2893 3059 2962 inquiunt,
3085 2893 3217 2948 orbe
3253 2893 3455 2949 residet
3481 2890 3614 2962 Jao;

2030 2983 2086 3037 in
2134 2982 2379 3038 secundo
2419 2979 2642 3045 Saclan,
2695 2982 2741 3037 is
2788 2982 2883 3050 qui
2922 2982 3133 3052 stupris
3180 2995 3246 3037 ac
3292 2981 3614 3037 libidinibus

2030 3082 2255 3146 praest;
2294 3073 2351 3129 in
2395 3073 2561 3128 tertio
2626 3071 2863 3139 Sethus;
2926 3074 2980 3127 iu
3028 3080 3225 3143 quarto
3267 3071 3453 3127 Daden
3502 3081 3616 3128 sta-

348 3167 626 3238 rcopvsiag-
676 3169 737 3221 ὲν
768 3166 826 3220 δὲ
870 3167 950 3239 τῷ
975 3169 1143 3241 τρίτῳ
1179 3170 1268 3222 τὸν
1300 3170 1407 3241 Σὴο
1453 3170 1689 3243 ἄρχοντα
1710 3188 1725 3201 ·
1777 3174 1834 3225 ὲν
1865 3171 1925 3225 δὲ

2035 3173 2195 3220 tuunt
2229 3185 2243 3219 :
2286 3166 2488 3236 quippe
2529 3173 2788 3237 quartum
2837 3179 2961 3221 esse
2999 3165 3199 3221 caelum
3256 3172 3614 3229 asseverant,

349 3257 428 3331 τῷ
457 3259 703 3330 τετάρτῳ
753 3255 895 3312 εἷναί
944 3274 1077 3328 φασι
1115 3260 1206 3313 τὸν
1256 3261 1427 3331 Λάδην
1451 3276 1464 3290 ·
1516 3263 1775 3334 τέταρτον
1823 3264 1932 3334 γὰρ

351 3350 698 3405 ὑποτίθενται
737 3352 987 3420 οὐρανὸν.
1021 3353 1116 3405 καὶ
1151 3353 1332 3425 τρίτον
1354 3369 1368 3383 ο
1403 3352 1652 3424 πέμπτον
1691 3353 1746 3406 δὲ
1776 3353 1934 3407 ἄλλον

350 3443 600 3514 οὐρανὸν.
648 3444 708 3497 ὲν
746 3436 791 3511 ᾧ
828 3458 988 3512 φασιν
1041 3437 1180 3496 εῖναι
1234 3444 1325 3497 τὸν
1393 3443 1648 3498 Ἐλωαίον
1693 3445 1785 3498 τὸν
1840 3445 1936 3498 καὶ

363 3532 669 3587 Ἀδωναίον.
728 3534 817 3587 Ἐν
849 3533 904 3586 δὲ
936 3533 1015 3604 τῷ
1062 3533 1206 3603 ἕκτῳ
1236 3535 1402 3603 φασὶν
1443 3530 1585 3588 εἶναι
1625 3535 1674 3587 oi
1710 3534 1809 3605 μὲν
1845 3532 1936 3587 τὸν

364 3625 713 3690 Ἰαλδαόαὼθ,
753 3627 804 3679 οἱ
835 3626 892 3679 δὲ
930 3625 1021 3679 τὸν
1071 3624 1362 3680 Ἦλιλαῑον.
1397 3627 1591 3681 Ἀλλον
1621 3628 1679 3680 δὲ
1710 3626 1937 3696 ἓδδομαν

351 3717 581 3786 οὐρανὸν
625 3718 993 3783 ὑποτίθενται,
1028 3720 1088 3771 ὲν
1126 3712 1173 3786 ᾧ
1215 3719 1463 3788 λέγουσιν
1513 3715 1654 3773 εἶναι
1698 3718 1790 3771 τὸν
1830 3718 1937 3771 Σαι-

272 3802 279 3807 ’
355 3806 526 3861 σαώθ.
566 3808 749 3862 ’Ἄλλοι
796 3808 854 3862 δὲ
897 3809 1145 3877 λέγουσιν
1190 3811 1330 3881 οὐχὶ,
1381 3810 1496 3863 ἀλλ’
1529 3812 1557 3863 6
1613 3807 1935 3863 Ἰαλδαδαώθ

354 3900 502 3951 ἐστιν
550 3900 610 3951 ἐν
657 3899 737 3969 τῷ
766 3899 1015 3971 ἑϐδόμῳ·
1070 3903 1129 3954 ὲν
1174 3901 1232 3954 δὲ
1273 3901 1355 3971 τῷ
1387 3901 1556 3972 ὀγδόῳ
1586 3899 1802 3970 οὐρανῷ
1839 3899 1938 3970 τὴν

352 3988 625 4060 Βαρδηλὼ
672 3990 1039 4061 καλουμένην,
1075 3991 1170 4044 καὶ
1216 3992 1308 4044 τὸν
1354 3990 1574 4064 Πατέρα
1623 3992 1733 4045 τῶν
1777 3988 1933 4056 ὅλων,

355 4080 452 4135 καὶ
478 4079 689 4152 Κύριον
716 4083 808 4136 τὸν
837 4083 1000 4136 αὐτὸν
1038 4082 1407 4154 αὐτοπάτορα,
1443 4084 1539 4137 καὶ
1567 4082 1802 4154 Χριστὸν
1843 4081 1939 4136 άλ-

354 4175 448 4229 λον
491 4176 875 4246 αὺτολόχευτον
897 4193 911 4207 ·
958 4177 1055 4230 καὶ
1091 4175 1326 4248 Χριστὸν
1375 4174 1563 4229 τοῦτον
1607 4175 1699 4228 τὸν
1750 4173 1941 4230 κατελ-

2035 3264 2099 3312 et
2134 3257 2398 3323 tertium;
2456 3270 2522 3312 ac
2572 3270 2765 3312 rursus
2800 3257 3077 3327 quintum,
3122 3257 3178 3312 in
3217 3272 3328 3328 quo
3372 3256 3615 3312 Eloaeum

2034 3351 2328 3415 collocant,
2355 3348 2449 3419 qui
2480 3349 2622 3404 idem
2650 3358 2708 3405 et
2741 3349 3013 3405 {idoneus
3040 3349 3264 3404 dicitur.
3290 3348 3361 3403 At
3401 3357 3615 3404 sextum

2036 3456 2308 3513 occupare
2334 3443 2527 3497 volunt
2554 3442 2650 3496 alii
2689 3440 3044 3505 Jaldabaoth,
3070 3440 3315 3495 Elila-um
3354 3441 3466 3494 alii.
3509 3438 3617 3495 Sed

2034 3544 2089 3591 et
2121 3534 2415 3605 septimum
2458 3548 2582 3589 esse
2621 3533 2875 3588 nonnulli
2905 3531 3193 3596 deﬁniunt,
3240 3534 3330 3588 cui
3376 3532 3618 3587 Sabaoth

2037 3627 2295 3682 insideat.
2324 3626 2481 3691 Quod
2510 3626 2579 3681 ab
2606 3626 2729 3682 aliis
2772 3622 3026 3696 negatur,
3060 3626 3150 3697 qui
3173 3625 3499 3682 Jaldabaoth
3532 3642 3620 3682 se-

2036 3719 2261 3789 ptimam
2294 3718 2444 3772 illam
2467 3719 2755 3774 stationem
2789 3717 3120 3773 attribuunt.
3153 3718 3213 3773 in
3246 3726 3440 3773 octavo
3486 3718 3621 3772 Bar-

2036 3809 2217 3864 beloni
2250 3808 2586 3863 domicilium
2614 3822 2738 3864 esse
2763 3807 3007 3877 lingunt,
3044 3821 3257 3863 necnon
3290 3817 3347 3863 et
3396 3809 3618 3863 univer-

2039 3912 2234 3973 sorum
2265 3898 2483 3957 Parenti
2524 3899 2624 3961 illi,
2672 3897 2767 3968 qui
2811 3898 2952 3954 idem
2988 3898 3250 3954 Dominus
3290 3900 3381 3965 sit,
3419 3906 3474 3954 et
3504 3900 3621 3953 sui-

2039 3990 2328 4061 metipsius
2369 3997 2545 4060 pater,
2590 3989 3052 4059 quemadmodum
3100 3997 3157 4044 et
3199 3989 3356 4043 alteri
3401 3988 3620 4042 cuidam

2036 4083 2279 4146 Christo,
2304 4085 2396 4153 qui
2429 4097 2524 4152 per
2552 4097 2674 4138 sese
2692 4082 2766 4138 sit
2790 4081 2845 4134 in
2877 4081 3056 4135 lucem
3090 4079 3296 4135 editus.
3325 4079 3465 4134 Tum
3490 4091 3622 4133 vero

2040 4174 2342 4239 Christum,
2391 4172 2596 4229 ibidem
2644 4173 2823 4244 ipsum
2873 4173 3169 4236 collocant,
3225 4171 3319 4242 qui
3365 4171 3433 4226 de
3479 4168 3622 4225 ctelo

354 4267 540 4331 θόντα,
568 4268 663 4320 καὶ
695 4267 945 4333 δείξαντα
972 4271 1084 4330 τοῖς
1110 4267 1417 4340 ἀνθρώποις
1441 4266 1645 4340 ταύτην
1675 4269 1775 4340 τὴν
1807 4264 1933 4337 γνῶ-

2040 4266 2347 4331 descendit,
2374 4272 2430 4320 et
2457 4264 2730 4335 ejusmodi
2761 4264 3132 4334 cognitionem
3161 4262 3403 4317 humano
3434 4260 3622 4332 generi

358 4375 464 4423 σιν,
498 4358 557 4413 6v
591 4359 687 4412 καὶ
743 4357 951 4431 Ἰησοῦν
994 4375 1161 4429 φασιο
1215 4361 1291 4430 μὴ
1340 4351 1480 4413 εἶναι
1522 4358 1581 4412 δὲ
1628 4359 1790 4412 αὐτὸν
1831 4359 1942 4413 ἀπὸ

356 4450 578 4521 Μαρίας
611 4448 1030 4520 γεγεννημένον,
1056 4449 1194 4503 ἀλλά
1217 4446 1306 4503 διὰ
1332 4449 1548 4521 Μαρίας
1572 4448 1936 4520 δεδειγμένονο

2041 4361 2297 4426 contulit,
2325 4375 2488 4432 quem
2509 4359 2677 4415 etiam
2701 4358 3034 4429 appellatum
3067 4355 3240 4412 fuisse
3266 4354 3454 4411 Iesum
3481 4369 3623 4424 pra--

2042 4452 2247 4509 dicant.
2297 4450 2494 4507 Verum
2543 4450 2794 4507 eumdem
2839 4448 3154 4520 negant'de
3196 4446 3366 4501 Maria
3411 4455 3622 4512 natum,

360 4545 541 4615 σάρκα
570 4543 627 4596 δὲ
659 4542 824 4597 αὐτὸν
865 4543 938 4614 μὴ
975 4543 1270 4614 εἰληφέναι,
1306 4542 1420 4596 ἀλλ’
1453 4542 1486 4613 ἢ
1536 4542 1694 4613 μόνον
1718 4542 1933 4614 δόκησιν

2045 4543 2144 4599 sed
2185 4557 2281 4614 per
2313 4541 2538 4597 Mariam
2592 4550 2877 4597 ostensum
2930 4547 3218 4606 asserunt;
3270 4553 3447 4608 neque
3498 4552 3625 4591 car-

359 4632 520 4688 εἷναι.
555 4635 694 4688 Φασὶ
721 4634 777 4688 δὲ
802 4635 893 4689 τὸν
920 4634 1146 4689 Σαϐαὼθ
1179 4636 1229 4687 oi
1255 4634 1352 4706 μὲν
1383 4634 1505 4687 δνου
1540 4635 1752 4706 μορφὴν
1778 4634 1944 4705 ἔχειν,

358 4732 408 4782 oi
447 4729 506 4782 δὲ
538 4727 746 4798 χοίρου.
800 4728 1001 4799 Διόπερ
1049 4727 1385 4791 ἐνετείλατο,
1433 4727 1589 4796 φασὶ,
1640 4729 1753 4790 τοῖς
1816 4728 1947 4781 Ἰου-

2046 4651 2170 4690 nem
2208 4635 2370 4690 aliter
2397 4649 2561 4705 quam
2594 4633 2777 4703 specie
2810 4633 2932 4702 ipsa
2984 4631 3318 4701 suscepisse.
3368 4628 3523 4695 Quod
3554 4630 3623 4682 ad

2026 4728 2289 4783 ’Sabaoth
2341 4727 2598 4796 pertinet,
2660 4725 2805 4780 hunc
2848 4724 2988 4779 asini
3038 4724 3281 4793 quidam,
3325 4722 3416 4774 alii
3470 4721 3623 4790 porci

356 4820 529 4882 δαίοις
576 4822 758 4889 χοῖρον
804 4820 878 4890 μὴ
928 4818 1153 4873 ἐσθίειν.
1205 4814 1356 4872 Εἶναι
1400 4818 1458 4870 δὲ
1504 4817 1668 4870 αὑτὸν
1714 4818 1933 4890 ποιητὴν

2045 4820 2218 4891 ﬁgura
2268 4825 2527 4872 constare
2563 4825 2811 4872 censent.
2849 4814 2932 4871 Ob
2983 4815 3148 4886 idque
3177 4812 3401 4875 Iuda-is,
3449 4815 3623 4875 aiunt,

361 4913 595 4986 οὖρανοῦ
640 4912 733 4967 καὶ
763 4914 887 4983 γῆς,
934 4913 1030 4966 καὶ
1066 4911 1176 4964 τῶν
1225 4910 1342 4981 μετ’
1371 4909 1533 4963 αὐτὸν
1575 4908 1820 4980 οὐρανῶν
1849 4910 1933 4962 xal

2043 4912 2222 4969 suillis
2255 4909 2520 4965 carnibus
2565 4908 2949 4964 interdixerat.
2984 4906 3141 4960 Hunc
3185 4919 3309 4958 esse
3356 4903 3480 4957 cmli
3515 4910 3627 4957 ter-

362 5006 611 5075 ἀγγέλων
648 5004 757 5058 τῶν
796 5004 1011 5057 ἑαυτοῦ.
1052 5003 1164 5074 Τὴν
1193 5003 1250 5055 δὲ
1295 5001 1496 5073 ψυχὴν,
1533 5003 1590 5055 ὲν
1621 5002 1700 5071 τῷ
1726 5001 1943 5072 ἐξέρχε-

366 5100 489 5153 σθαι
523 5097 797 5157 ἐντεῦθεν,
822 5095 1117 5149 διαϐαίνειν
1146 5094 1236 5149 διὰ
1262 5094 1372 5148 τῶν
1400 5094 1675 5165 ἀρχόντων
1706 5092 1939 5147 τούτων’

368 5191 443 5262 μὴ
471 5188 730 5243 δύνασθαι
766 5188 823 5241 δὲ
851 5186 1201 5256 διαπερᾶσαι,
1256 5186 1307 5238 εί
1364 5187 1439 5256 μή
1473 5201 1527 5237 τι
1559 5183 1626 5237 ἂν
1660 5187 1760 5256 τῆς
1804 5183 1943 5253 γνὼ-

364 5298 506 5344 σεως
554 5282 571 5312 ¹
622 5283 679 5333 ἐν
732 5278 1055 5350 πληρώματι
1112 5277 1357 5349 γένηται,
1403 5277 1604 5348 μᾶλλον
1642 5276 1699 5329 δὲ
1740 5274 1944 5345 ταύτης

364 5373 465 5444 τῆς
497 5372 917 5441 καταγνώσεως,
952 5370 1048 5424 καὶ
1093 5368 1466 5440 ὲμφορηθεῖσα
1497 5369 1802 5440 διαδράσειε
1834 5365 1944 5421 τῶν

2039 5018 2222 5073 ratque
2260 4999 2625 5062 conditorem,
2682 5007 2793 5052 tum
2847 5012 3033 5052 eorum
3077 4994 3169 5064 qui
3208 4996 3627 5062 consequuntur

2040 5095 2345 5151 ctelestium
2394 5091 2632 5156 orbium,
2691 5090 3119 5160 angelorumque
3158 5099 3407 5141 suorum.
3450 5082 3626 5137 Porro

2041 5185 2438 5257 digredientem
2485 5183 2612 5237 hinc
2657 5182 2894 5236 animam
2935 5195 3030 5249 per
3056 5179 3179 5234 illos
3212 5177 3452 5232 transire
3481 5175 3627 5246 prin-

2043 5279 2228 5348 cipes;
2283 5292 2459 5345 neque
2500 5283 2681 5328 tamen
2720 5279 3011 5343 penetrare
3056 5284 3247 5341 posm,
3298 5269 3404 5323 nisi
3444 5265 3628 5336 cogni-

2041 5368 2191 5422 tione
2220 5367 2313 5420 illa
2346 5364 2663 5436 plenissime
2698 5360 2919 5432 perfusa
2959 5360 3144 5425 fuerit,
3172 5359 3257 5415 vel
3291 5356 3626 5413 condemna-

367 5464 647 5534 ἀρχόντων
685 5462 779 5515 καὶ
823 5462 933 5515 τῶν
985 5460 1236 5526 ἐξουσιῶν
1292 5461 1392 5524 τὰς
1432 5464 1640 5532 χεῖρας.
1687 5455 1842 5512 Εἶναι
1887 5459 1933 5511 δὲ

2044 5459 2193 5514 tione
2242 5457 2463 5529 potius;
2527 5471 2633 5525 qua
2686 5454 2910 5525 quidem
2979 5453 3258 5509 cumulata
3310 5448 3622 5520 principum

365 5555 746 5628 δρακοντοειδῆ
785 5555 871 5608 τὸν
903 5556 1138 5626 ἄρχοντα
1166 5553 1259 5617 τὸν
1291 5553 1590 5624 κατέχοντα
1617 5551 1708 5604 τὸν
1742 5549 1933 5620 κόσμοι

2044 5551 2274 5607 istorum
2317 5564 2382 5603 ac
2421 5554 2753 5621 potestatum
2797 5561 2996 5601 manus
3026 5543 3269 5614 eﬂugiat.
3312 5538 3530 5595 Addunt
3568 5544 3625 5593 et

369 5646 580 5712 τοῦτον,
612 5645 707 5700 καὶ
747 5646 1110 5701 καταπίνοντα
1145 5648 1245 5718 μὲν
1283 5642 1602 5717 τὰς’ψυχάς
1640 5643 1739 5706 τὰς
1781 5643 1855 5715 μὴ
1891 5644 1933 5699 ἐκ

2048 5644 2207 5715 hujus
2259 5642 2447 5698 mundi
2497 5641 2784 5713 praesidem
2834 5639 3092 5696 draconis
3129 5636 3357 5708 efﬁgiem
3401 5634 3627 5691 habere.

450 5829 467 5861 ⁸
500 5844 592 5898 γρ.
627 5826 910 5894 γενέσεως.
