3968 6116
363 313 467 369 3όῖ

1781 328 1846 383 5.
1878 328 2219 385 ΕΡιΡιιΑΝιι

3526 326 3664 419 τε,

366 431 437 485 ab
465 446 642 501 eoque
668 431 884 488 animas
915 434 1204 495 absorberi
1242 442 1561 513 cognitione
1595 440 1687 496 illa
1721 442 1950 499 destitu-

2056 443 2251 512 γνώσει
2284 442 2656 514 ὑπαρχούσας,
2690 441 2783 495 xa't
2818 440 2908 494 διὰ
2940 440 3038 510 τῆς
3081 440 3277 508 κέρκου
3316 439 3475 491 πάλιν
3512 439 3634 491 ἐπι»

368 530 476 586 tas,
514 539 844 595 rursumque
875 542 974 597 per
1008 530 1241 586 caudam
1291 533 1346 588 in
1381 534 1528 589 hunc
1566 534 1831 589 mundum
1872 549 1953 590 re-

370 613 547 669 fundi.
598 613 675 669 Ex
718 632 829 688 quo
860 618 1124 694 deinceps
1171 623 1226 677 in
1269 640 1564 694 porcorum
1598 626 1952 696 ’aliorumque

364 705 725 761 animantium
770 724 1004 782 corpora
1048 715 1349 771 transfusa:
1397 733 1495 788 per
1537 717 1732 773 eadem
1769 718 1951 772 denuo

365 797 592 867 vestigia
632 815 850 856 sursum
900 803 1223 870 ell‘erantur.
1274 808 1433 875 Quod
1482 810 1528 864 si
1569 809 1717 880 quis,
1771 808 1948 871 aiunt.

364 900 429 939 ea
460 887 621 943 fuerit
644 893 958 961 cognitione
982 896 1266 965 praeditus,
1290 914 1521 969 seseque
1548 915 1649 970 per
1669 907 1951 955 menstrua

366 975 462 1029 illa
491 992 555 1031 ac
583 979 830 1037 libidinis
865 982 1246 1052 profusionem
1280 1002 1346 1041 ex
1392 988 1498 1044 hoc
1543 989 1749 1043 mundo
1780 988 1949 1043 colle-

365 1069 526 1138 gerit,
559 1085 683 1125 eum
708 1071 817 1142 93
847 1074 983 1130 nihil
1028 1076 1118 1132 hic
1148 1078 1383 1133 detineri
1420 1080 1675 1151 amplius,
1717 1080 1813 1136 sed
1850 1096 1949 1136 eos

365 1175 507 1228 quos
550 1162 792 1222 diximus
844 1168 1197 1238 prattergredi
1254 1171 1565 1240 principes;
1615 1178 1671 1226 et
1719 1171 1789 1227 ad
1842 1169 1949 1226 Sa-

365 1249 532 1305 baoth
589 1269 762 1323 usque
824 1260 1137 1326 pervenire,
1196 1268 1364 1330 atque
1429 1260 1579 1317 illius
1627 1262 1949 1331 proculcare

366 1353 533 1412 caput
574 1346 671 1410 (ita
713 1348 861 1402 enim
912 1346 1177 1421 sacrilege
1216 1360 1381 1420 atque
1426 1352 1772 1423 impudenter
1812 1352 1950 1409 cffu-

366 1433 551 1505 tiunt),
586 1434 821 1508 indeque
848 1440 916 1495 ad
940 1457 1255 1511 supremum
1279 1442 1414 1498 illud
1447 1443 1784 1499 domicilium
1821 1459 1950 1499 eva-

365 1525 514 1590 dere,
546 1528 635 1582 ubi
661 1530 960 1586 viventium
997 1542 1173 1588 mater
1212 1542 1300 1590 est
1328 1534 1592 1603 Barbero,
1631 1552 1755 1607 quae
1797 1544 1854 1592 et
1880 1536 1949 1591 ab

365 1617 474 1672 illis
520 1618 754 1676 Barbelo
792 1621 1017 1677 dicitur.
1082 1623 1235 1680 lianc
1278 1642 1403 1683 esse
1449 1629 1645 1683 animat
1678 1628 1948 1683 rationem

365 1711 734 1782 adipiscendae
773 1717 990 1771 salutis.
1034 1717 1171 1773 Illud
1222 1736 1353 1775 vero
1396 1728 1661 1789 praeterea
1702 1720 1948 1776 infelices

365 1800 446 1855 illi
473 1803 540 1858 ad
563 1803 804 1859 fabulam
832 1806 1231 1877 adiunxerunt,
1252 1810 1432 1865 eidem
1457 1810 1698 1867 Sabaoth
1720 1812 1951 1883 capillos

365 1908 493 1949 esse
532 1895 850 1962 muliebres,
881 1898 1030 1969 quod
1068 1900 1280 1955 scilicet
1305 1916 1493 1958 vocem
1525 1903 1673 1957 illam
1712 1900 1953 1959 Sabaoth

369 1983 637 2054 principis
674 1987 909 2058 alicujus
954 2004 1079 2045 esse
1109 2006 1307 2046 nomen
1351 1993 1725 2061 arbitrentur;
1772 2010 1950 2064 neque

367 2075 500 2130 illud
533 2076 862 2150 intelligant,
906 2081 1220 2152 ubicunque
1270 2084 1344 2139 ita
1382 2083 1620 2140 dicitur:
1654 2084 1785 2140 Πιεσ
1820 2086 1951 2140 dicit

368 2164 627 2222 Dominus
651 2168 911 2237 Sabaoth,
945 2188 1055 2227 non
1083 2174 1393 2245 cujuspiam
1426 2175 1480 2229 id
1512 2191 1636 2232 esse
1666 2178 1947 2247 proprium

368 2275 591 2327 nomen,
626 2263 721 2317 sed
754 2264 1101 2333 praedicando
1135 2267 1318 2337 potius
1346 2268 1559 2322 numini
1596 2267 1747 2324 velut
1772 2269 1950 2338 quod-

366 2354 493 2408 dam
518 2355 853 2413 laudationis
876 2359 1203 2415 vocabulum
1230 2360 1501 2416 adhiberi.
1532 2360 1743 2431 Quippe
1767 2362 1949 2416 Domi-

368 2463 474 2502 nus
506 2445 743 2503 Sabaoth
780 2449 923 2505 idem
947 2447 1213 2505 Hebraice
1250 2450 1397 2521 quod
1425 2451 1714 2504 exercitum
1777 2450 1951 2521 signi-

372 2537 515 2590 tlcat.
543 2536 608 2589 Et
636 2536 858 2607 quidem
892 2538 1208 2609 ubicunque
1236 2555 1338 2593 vos
1366 2539 1458 2592 illa
1492 2538 1732 2593 Sabaoth
1765 2538 1820 2592 in
1852 2537 1953 2594 Ve—

372 2636 486 2681 tere
530 2618 885 2682 Testamento
925 2628 1155 2699 legitur,
1203 2630 1493 2684 exercitum
1542 2638 1721 2701 sonat.
1763 2630 1950 2700 Itaque

371 2731 470 2785 pro
491 2732 557 2772 eo
570 2720 718 2789 quod
739 2720 1008 2779 Hebraice
1026 2726 1293 2795 scriptum
1316 2733 1435 2780 est:
1459 2724 1671 2779 Adouai
1688 2723 1948 2788 Sabaoth,

2056 534 2359 611 στρέφοντα
2405 534 2486 596 εἰς
2524 533 2617 586 τὸν
2661 534 2884 604 κόσμον,
2924 531 3215 585 κάντεῦθεν
3244 530 3264 563 ³
3297 532 3377 592 είς
3416 530 3631 601 χοίρους

2055 623 2152 675 καὶ
2178 623 2257 685 είς
2287 621 2420 675 ἄλλα
2453 622 2589 686 ζῶα,
2620 623 2714 676 καὶ
2745 622 2906 676 πάλιν
2935 620 3024 673 διὰ
3056 619 3165 672 τῶν
3207 619 3389 672 αὑτῶν
3429 621 3631 684 ἁναφε-
3728 672 3734 677 ,

2056 713 2311 782 ρομένας.
2365 710 2430 765 Εἰ
2475 712 2535 765 δέ
2580 730 2683 777 τις,
2719 713 2903 781 φασὶν,
2953 712 3013 763 ὲν
3062 713 3128 781 τῇ
3160 709 3360 778 γνώσει
3402 710 3630 781 γένηται

2052 804 2247 876 ταύτῃ,
2283 805 2378 858 καὶ
2421 804 2662 871 συλλέξει
2699 804 2889 858 ἑαυτὸν
2930 805 2996 856 ὲκ
3026 802 3123 856 τοῦ
3155 802 3363 872 κόσμου
3402 801 3490 855 διὰ
3520 801 3632 854 τῶν

2050 896 2339 967 ὲμμηνίων
2382 898 2481 950 καὶ
2515 896 2604 950 διὰ
2653 895 2760 950 τῶν
2809 895 3017 968 ρὑεων
3049 894 3255 947 τούτων
3291 894 3393 964 τῆς
3434 893 3625 946 ἐπιθυ-

2053 988 2204 1059 μίας,
2243 975 2439 1059 μηκέτι
2469 987 2701 1042 ἐνταῦθα
2725 987 3050 1058 κατέχεσθαι
3082 987 3267 1051 αὑτὸν,
3292 985 3428 1038 ἀλλὰ
3456 985 3629 1057 ὑπερ-

2050 1081 2256 1136 ϐαίνειν
2288 1083 2415 1146 τοὺς
2444 1081 2875 1152 προειρημένους
2901 1081 3191 1151 ἄρχοντας.
3227 1078 3523 1149 Ἐρχεσθαι
3546 1078 3628 1143 δὲ,

2051 1173 2204 1239 φασὶ,
2247 1171 2400 1245 παρὰ
2443 1171 2536 1225 τὸν
2585 1169 2835 1231 Σαϐαὼθ,
2883 1170 2978 1223 καὶ
3023 1170 3217 1222 πατεῖν
3272 1168 3367 1221 ἐπὶ
3399 1167 3500 1236 τὴν
3536 1184 3629 1219 κε-

2051 1264 2226 1336 φαλὴν
2292 1262 2491 1328 αὑτοῦ,
2554 1262 2979 1334 ἅθυρογλώττως
3010 1260 3454 1331 βλασφημοῦντες
3474 1301 3491 1326 ,
3534 1261 3632 1312 καὶ

2048 1354 2222 1419 οὑτως
2254 1354 2602 1424 ὑπερϐαίνειν
2628 1357 2709 1419 εἰς
2737 1354 2798 1407 τὸ
2828 1354 2941 1408 ἅνω
2974 1353 3163 1424 μέρος,
3197 1352 3333 1404 ὃπου
3372 1353 3407 1421 ή
3443 1352 3631 1422 μήτηρ

2048 1446 2159 1501 τῶν
2200 1445 2417 1512 ζώντων
2454 1448 2488 1518 ἡ
2532 1444 2824 1517 Βαρϐηρὼ,
2864 1446 2985 1515 ἦτοι
3009 1442 3296 1515 Βαρϐηλώ.
3339 1444 3451 1496 Kal.
3487 1441 3633 1496 οὑτω

2048 1536 2149 1608 τὴν
2179 1537 2357 1608 ψυχὴν
2393 1537 2683 1602 σώζεσθαι.
2726 1538 2909 1607 Ἔχειν
2956 1535 3016 1589 δὲ
3045 1535 3139 1588 καὶ
3175 1534 3370 1605 τρίχας
3410 1534 3489 1596 ὡς
3530 1549 3630 1601 γυο

2050 1628 2238 1690 ναικὸς
2270 1628 2363 1681 τὸν
2418 1628 2580 1682 αὑτὸν
2631 1627 2881 1696 λέγουσιν
2931 1627 2983 1679 οί
3023 1626 3280 1688 τάλανες,
3319 1625 3635 1695 νομίζοντες

2052 1720 2114 1773 τὸ
2148 1720 2321 1790 ὄνομα
2359 1719 2419 1772 τὸ
2452 1718 2678 1773 Σαϐαὼθ
2723 1719 2961 1792 ἄρχοντά
2984 1734 3108 1772 τινα
3134 1712 3306 1772 εἶναι·
3351 1716 3467 1769 οὑκ
3497 1715 3636 1769 εἰδό-

1980 1793 2025 1849 Β
2053 1824 2166 1871 τες,
2200 1809 2283 1861 ὅτι
2326 1809 2460 1861 ὅπου
2488 1808 2653 1877 λέγει,
2697 1808 2841 1862 Τάδε
2876 1809 3039 1878 λέγει
3088 1808 3304 1875 Κύριος
3355 1805 3633 1871 Σαϐαὼθ,

2058 1899 2159 1952 οὑκ
2189 1898 2361 1971 omne
2404 1917 2548 1963 τινος
2603 1896 2777 1964 εἶπεν,
2809 1899 2923 1954 ἀλλ’
2973 1901 3147 1970 ὄνομα
3184 1897 3491 1966 δοξολογίας
3534 1900 3637 1968 τῆς

2056 1989 2327 2061 θεότητος.
2358 1989 2584 2043 Σαϐαὼθ
2618 1992 2725 2061 γὰρ
2756 1990 3119 2063 ἑρμηνεύεται
3147 1990 3256 2043 ἀπὸ
3287 1990 3384 2060 τῆς
3422 1990 3637 2059 Ἐϐραῖ-

2055 2079 2157 2151 κῆς
2195 2080 2476 2135 διαλέκτου
2508 2079 2730 2149 Κύριος
2770 2079 2887 2134 τῶν
2930 2079 3265 2149 δυνάμεων.
3311 2080 3486 2132 Ὅπου
3524 2080 3637 2150 γὰρ

2053 2172 2112 2224 ὲν
2151 2174 2219 2244 τῇ
2267 2173 2757 2244 ΠαλαιᾷΔιαθήκη
2790 2172 2853 2225 τὸ
2900 2170 3130 2226 Σαϐαὼθ
3170 2171 3345 2242 δνομά
3377 2173 3493 2225 ὲστι
3537 2189 3634 2240 γε-

2052 2265 2391 2335 γραμμένον,
2430 2265 2695 2334 δύναμιν
2740 2266 3050 2333 ὑποφαίνει.
3103 2265 3269 2319 Ὅθεν
3316 2266 3347 2317 δ
3404 2264 3637 2328 ’Λκὺλας

2055 2357 2333 2427 πανταχοῦ
2387 2357 2449 2411 τὸ
2507 2357 2754 2413 Ἀδωναῒ
2804 2357 3048 2412 Σαϐαὼθ
3091 2356 3385 2430 ἑρμηνεὺει
3426 2357 3636 2425 λέγων,

2052 2449 2269 2517 Κύριος
2318 2449 2632 2518 στρατιῶν.
2681 2446 2838 2506 Οὗτοι
2875 2451 2963 2515 δὲ,
3015 2451 3160 2505 κατὰ
3202 2452 3383 2506 πάντα
3431 2451 3638 2521 τρόπον

2054 2542 2414 2613 ὲμμανέντες,
2447 2543 2590 2597 κατὰ
2629 2544 2725 2598 τοῦ
2755 2546 2936 2598 αὐτῶν
2972 2544 3233 2599 δεσπότου
3272 2544 3363 2597 τὸν
3407 2543 3481 2614 μὴ
3506 2543 3639 2597 ὂντα

2057 2634 2300 2705 ζητοῦσι,
2332 2636 2544 2690 καὶτὸν
2569 2636 2700 2691 ὄντα
2734 2637 3134 2705 ἀπολωλέκασι,
3184 2636 3386 2707 μᾶλλον
3410 2636 3470 2689 δὲ
3506 2636 3638 2689 ἑαυ-

2055 2727 2181 2789 τοὺς
2212 2724 2523 2781 ἀπώλεσαν.

370 2814 568 2884 Aquila
601 2825 866 2888 perpetuo
916 2818 1172 2875 Dominus
1222 2821 1550 2874 exercituum
1596 2820 1796 2877 reddit.
1842 2820 1951 2876 Sed
1989 2820 2079 2876 isti
2116 2820 2302 2876 furore
2335 2830 2502 2892 atque
2533 2823 2773 2877 amentia
2805 2823 2998 2892 perciti
3018 2822 3088 2878 ad
3120 2821 3337 2877 Domini
3400 2821 3489 2877 sui
3530 2819 3639 2896 .in-

365 2907 571 2977 juriam
610 2924 736 2964 eum
777 2909 875 2981 qui
906 2925 1178 2980 nusquam
1236 2918 1323 2965 est
1380 2909 1691 2979 inquirunt,
1723 2920 1779 2964 et
1815 2925 1942 2965 eum
1980 2911 2073 2981 qui
2104 2921 2188 2965 est
2223 2912 2426 2980 reipsa,
2460 2911 2543 2966 vel
2590 2911 2919 2982 semetipsos
2959 2914 3142 2983 potius
3181 2913 3561 2985 perdiderunt.

444 3004 535 3060 XI.
568 3006 709 3060 Sunt
732 3013 788 3062 et
814 3007 935 3060 alite
952 3005 1270 3061 eorumdem
1306 3006 1737 3062 innumerabiles
1767 3020 1945 3077 nugte,

2118 3003 2217 3059 IA'.
2265 3006 2440 3060 ’Δλλα
2468 3007 2526 3059 δὲ
2556 3008 2658 3060 ὅσα
2694 3006 3047 3078 φλυαροῦσιν,
3092 3010 3152 3062 ὲν
3190 3003 3272 3071 οἷς
3318 3010 3638 3080 περικακεῐν

373 3112 476 3151 nec
502 3096 623 3153 sine
650 3097 811 3153 taedio
843 3106 1023 3168 potest
1055 3097 1239 3154 omnis
1282 3098 1512 3153 istorum
1545 3097 1761 3152 insania
1794 3112 1950 3152 eom-

2056 3096 2170 3148 ἐστι
2199 3095 2268 3148 τὰ.
2314 3098 2411 3167 τῆς
2456 3096 2636 3150 αὐτῶν
2685 3097 2885 3167 μανίας
2911 3097 3113 3165 λέγειν.
3148 3097 3309 3161 Τινὲς
3354 3098 3414 3150 δὲ
3445 3098 3504 3163 ἐξ
3535 3099 3637 3151 αὑ-

375 3191 693 3245 memorari.
728 3188 838 3246 Sed
861 3190 996 3246 illud
1025 3191 1370 3262 praetermitti
1399 3206 1509 3246 non
1538 3199 1754 3261 potest:
1779 3205 1951 3260 quos-

371 3282 501 3337 dam
528 3297 597 3337 εκ
628 3282 824 3337 horum
848 3297 974 3340 esse
996 3297 1246 3346 numero,
1268 3282 1363 3353 qui
1398 3282 1476 3337 ita
1506 3283 1797 3337 mulierum
1819 3297 1954 3336 con-

375 3374 669 3430 suetudine
701 3374 1002 3439 abstinent,
1032 3383 1091 3429 ut
1133 3375 1351 3444 seipsos
1381 3372 1636 3428 manibus
1666 3373 1784 3428 suis
1817 3388 1954 3427 con-

377 3474 661 3536 spurcent,
697 3466 876 3536 iisque
925 3466 1290 3522 foedissimum
1337 3464 1582 3521 libidinis
1622 3466 1774 3519 virus
1808 3465 1956 3519 exci-

2053 3185 2183 3251 τῶν,
2238 3188 2454 3255 γυναιξὶ
2504 3188 2579 3259 μὴ
2638 3186 3052 3259 πλησιάζοντες,
3100 3190 3221 3252 ταῖς
3270 3188 3428 3252 ἰδίαις
3480 3191 3642 3260 χερσὶ

2054 3278 2232 3332 αὐτῶν
2277 3280 2505 3342 ἑαυτοὺς
2563 3278 2880 3351 φθείρουσι,
2934 3282 3035 3353 τὴν
3087 3280 3147 3335 δὲ
3198 3281 3379 3335 αὑτῶν
3428 3282 3640 3354 φθορὰν

2054 3369 2421 3441 λαμϐάνουσιν
2465 3374 2547 3436 είς
2598 3372 2700 3435 τὰς
2750 3375 2962 3443 χεῖρας,
3016 3374 3111 3427 καὶ
3160 3373 3335 3438 οὑτως
3374 3375 3638 3436 ἐσθίουσι,

2055 3461 2327 3533 χρώμενοι
2368 3465 2887 3535 σεσυκοφαντημένῃ
2923 3466 3223 3536 μαρτυρίᾳ,
3254 3465 3316 3519 τὸ
3348 3467 3390 3529 ⁸,
3420 3469 3490 3519 Al
3518 3465 3640 3534 χεῖ-

378 3552 550 3620 piant,
598 3560 762 3622 atque
808 3568 877 3609 eo
909 3561 1226 3609 vescantur.
1276 3553 1359 3608 Ad
1393 3554 1538 3621 quod
1578 3553 1952 3609 testimonium

2056 3570 2158 3621 ρες
2187 3548 2365 3609 αὗται
2395 3553 2745 3623 ἐπήρκεσαν
2771 3557 2845 3610 οὐ
2888 3556 3083 3626 μόνον
3126 3556 3277 3626 ἐμοὶ,
3326 3557 3490 3611 ἀλλὰ
3537 3557 3639 3610 καὶ

378 3643 511 3699 illud
550 3659 645 3713 per
686 3659 956 3699 summam
989 3643 1321 3698 calumniam
1353 3642 1718 3712 detorquent:
1761 3642 1954 3698 Manus

377 3736 495 3789 ista:
514 3734 921 3803 suppeditarunt
947 3752 1051 3789 non
1074 3734 1202 3787 mihi
1228 3736 1422 3799 solum,
1451 3733 1543 3789 sed
1564 3744 1615 3788 et
1646 3735 1711 3789 iis
1731 3734 1822 3805 qui
1850 3751 1957 3789 mc-

375 3843 495 3880 cum
535 3835 657 3881 sunt
683 3827 725 3880 ¹.
773 3829 908 3882 item
961 3826 1109 3882 istud
1155 3824 1495 3896 :Opcrautcs
1546 3825 1789 3903 manibus
1833 3842 1958 3895 pro-

371 3920 527 3985 priis,
569 3928 627 3972 ut
667 3918 883 3987 possitis
906 3918 975 3973 iis
996 3920 1089 3989 qui
1140 3936 1247 3975 non
1280 3917 1471 3972 habent
1499 3917 1890 3972 communicare
1910 3919 1952 3972 '.

376 4011 452 4068 De
478 4014 680 4084 quibus
712 4015 851 4069 adeo
880 4013 1013 4067 mihi
1046 4021 1356 4069 commotus
1385 4012 1601 4067 videtur
1625 4011 1680 4066 in
1707 4009 1957 4080 apostolo

370 4105 402 4161 J
410 4106 514 4160 uda
531 4106 767 4175 Spiritus
788 4115 1038 4169 sanctus,
1069 4105 1172 4160 hoc
1185 4114 1272 4161 est
1289 4105 1343 4159 in
1364 4105 1636 4159 catholica
1665 4103 1814 4157 illius
1831 4101 1959 4170 Epi-

375 4195 516 4250 stola
543 4194 735 4264 (ludas
770 4197 859 4249 ille
893 4210 1058 4264 porro
1083 4202 1191 4260 est,
1225 4194 1320 4264 qui
1346 4193 1561 4260 Jacobi,
1593 4201 1758 4262 atque
1788 4192 1957 4247 etiam

377 4280 593 4335 Domini
636 4281 803 4336 frater
826 4284 1131 4351 appellatus
1178 4283 1307 4354 est).
1346 4284 1402 4337 in
1439 4300 1546 4353 qua
1597 4298 1692 4352 per
1725 4284 1955 4353 apostoli

378 4384 564 4423 vovent
611 4368 872 4440 Spiritus,
932 4371 1179 4439 inquam,
1214 4379 1464 4435 sanctus,
1516 4381 1807 4441 corruptos
1834 4374 1955 4429 illos

2054 3645 2181 3713 τοῖς
2210 3646 2334 3701 σὺν
2358 3648 2491 3716 ἐμοί
2511 3664 2526 3678 ο
2562 3649 2657 3701 καὶ
2691 3648 2755 3701 τὸ
2792 3648 2980 3703 πάλιν·
3029 3649 3436 3719 Ἐργαζόμενοι
3460 3651 3482 3681 ⁵
3510 3648 3635 3715 ταῖς

2057 3736 2235 3804 ὶδίαις
2276 3740 2508 3807 χερσίν,
2550 3742 2652 3795 ἵνα
2684 3740 2952 3808 δύνησθε
2995 3742 3093 3795 καὶ
3145 3741 3269 3806 τοῖς
3308 3740 3396 3809 μὴ
3424 3741 3641 3808 ἔχουσι
3686 3734 3707 3747 ’

2051 3830 2453 3899 μεταδοῦναι·
2493 3832 2570 3896 ὡς
2603 3834 2699 3887 καὶ
2747 3834 2878 3903 περὶ
2910 3827 3360 3901 τοὺτων,,οἷμαι,
3413 3830 3639 3899 ἐκινήθη

2056 3921 2118 3975 τὸ
2149 3922 2303 3992 ἄτιον
2336 3923 2562 3995 Πνεῦμα
2599 3925 2659 3977 ὲν
2704 3923 2785 3995 τῷ
2830 3916 3115 3994 ἀποστόλῳ
3160 3922 3354 3993 Ἰούδᾳ,
3381 3922 3529 3990 λέγω
3575 3921 3642 3990 δὴ

2056 4015 2116 4067 ὲν
2145 4018 2213 4086 τῇ
2245 4016 2335 4068 ὑπ’
2362 4015 2525 4069 αὑτοῦ
2548 4016 2821 4088 γραφείσῃ
2870 4015 3130 4086 καθολικῇ
3161 4014 3448 4084 Ἐπιστολῇ
3484 4012 3643 4083 (Ίοὺο

2056 4104 2150 4168 δας
2192 4104 2250 4157 δέ
2280 4108 2429 4160 ἐστιν
2458 4101 2634 4170 οὗτος,
2664 4108 2695 4159 δ
2722 4105 2951 4175 ἀδελφὸς
2994 4104 3254 4158 Ἰακώϐου
3289 4106 3384 4158 καὶ
3430 4102 3641 4171 Κυρίου

2058 4196 2387 4267 λεγόμενος).
2434 4197 2711 4264 Ὑπέδειξε
2749 4197 2858 4269 γὰρ
2891 4198 3090 4261 αὐτοὺς
3122 4197 3184 4251 τὸ
3210 4199 3363 4266 ἅγιον
3415 4196 3644 4267 Πνεῦμα

2057 4284 2146 4339 διὰ
2176 4286 2274 4356 τῆς
2308 4287 2491 4357 φωνῆς
2521 4287 2617 4340 τοῦ
2660 4289 2830 4343 Ἰοὑδα
2856 4288 2999 4343 κατὰ
3026 4289 3096 4343 τὰ
3127 4291 3300 4360 κτήνη
3348 4288 3642 4358 φθειρομέ-

2060 4393 2183 4440 νους
2216 4378 2311 4430 καὶ
2337 4378 2680 4449 φθείροντας,
2725 4380 2803 4442 ὡς
2840 4379 3010 4449 λέγει,
3054 4381 3137 4434 ὃτι
3171 4382 3331 4434 Ὅσα
3366 4379 3486 4449 μὲν
3529 4382 3642 4434 οὐκ

286 4506 297 4511 -
376 4468 727 4528 corruptores
776 4476 900 4516 esse
937 4460 1294 4523 demonstrat,
1332 4469 1391 4513 ut
1432 4462 1631 4515 ibidem
1658 4463 1897 4533 loquitur
1935 4482 1948 4519 :

2057 4468 2316 4534 οἴδασιν,
2352 4470 2713 4538 ἀγνοοῦντες
2738 4472 3093 4527 ἁλίσκονται
3113 4490 3125 4502 ·
3145 4473 3261 4527 ὅσα
3287 4472 3357 4526 δὲ
3375 4473 3640 4533 οἴδασιν,

378 4555 510 4619 Qum
521 4553 658 4607 enim
682 4554 943 4617 nesciunt,
961 4553 1267 4622 ignorantes
1291 4553 1346 4606 in
1363 4553 1471 4607 illis
1494 4554 1796 4622 capiuntur.
1823 4554 1956 4621 Qua:

378 4663 495 4700 νει-ο
513 4655 728 4709 narunt,
767 4649 820 4699 ."u
847 4646 913 4698 iis
946 4655 1198 4714 tanquam
1227 4655 1373 4699 mula
1408 4644 1672 4699 animalia
1714 4663 1956 4701 corrum-

371 4748 589 4807 puntur.
625 4736 906 4808 Siquidem
949 4751 1147 4789 canum
1195 4736 1369 4792 instar
1408 4752 1473 4790 ac
1513 4752 1805 4806 porcorum
1854 4754 1954 4793 sua

375 4847 438 4886 se
493 4830 805 4901 corruptela
869 4829 1226 4897 turpitudinis
1278 4828 1592 4898 inquinant.
1646 4829 1763 4885 Hoc
1806 4834 1952 4886 enim

376 4924 542 4978 modo
563 4930 672 4977 tam
701 4938 868 4979 canes
902 4938 968 4976 ac
999 4922 1172 4992 porci,
1197 4936 1363 4991 quam
1390 4930 1584 4976 tut-tera
1618 4939 1678 4978 se
1700 4924 1949 4977 animan-

375 5015 454 5069 tia
484 5023 869 5087 corrumpunt,
915 5024 973 5072 et
1002 5014 1361 5086 proﬂuentem
1389 5031 1421 5069 e
1460 5016 1788 5085 corporibus
1836 5016 1955 5071 suis

375 5107 623 5162 libidinis
651 5110 932 5165 humorem
960 5110 1269 5179 delingunt.
1314 5107 1493 5177 Atque
1515 5108 1623 5178 93
1653 5106 1727 5161 illi
1764 5124 1953 5163 revera

372 5214 596 5256 carnem
641 5217 793 5256 suam
831 5211 1153 5272 erumpente
1201 5200 1347 5256 velut
1400 5216 1496 5270 per
1538 5200 1809 5255 smnuium
1857 5200 1957 5254 llu-

376 5294 540 5348 xioue
581 5295 982 5347 commaculant
1038 5314 1052 5348 :
1106 5294 1530 5349 Dominatiouem
1591 5303 1767 5347 autem
1809 5311 1955 5363 sper-

374 5394 537 5447 ttttut,
589 5383 918 5453 majestatem
957 5395 1133 5438 autem
1177 5386 1561 5455 blasphemaut.
1609 5386 1679 5439 Αι
1728 5384 1955 5439 Michael

2054 4559 2136 4626 ὡς
2173 4562 2245 4613 τὰ
2282 4560 2473 4628 ἄλοκα
2508 4560 2621 4621 ζῶα
2666 4564 3031 4632 φθείρονται.
3086 4565 3280 4619 Κυνῶν
3325 4564 3436 4635 γὰρ
3483 4564 3643 4635 δίκην

2057 4652 2154 4710 καὶ
2186 4652 2384 4724 χοίρων
2420 4653 2518 4723 τὴν
2556 4654 2650 4706 ἀπ’
2696 4657 2877 4709 αὑτῶν
2920 4657 3129 4729 φθορὰν
3168 4656 3530 4710 ἐπιτελοῦσιν,
3578 4658 3643 4711 υἱ

2058 4744 2217 4805 κύνες
2273 4742 2381 4812 γὰρ
2426 4742 2520 4795 καὶ
2575 4745 2625 4795 oi.
2680 4747 2875 4815 χοῖροι,
2922 4747 2984 4799 οὑ
3040 4747 3147 4817 μὴν
3181 4745 3317 4800 ἀλλὰ
3361 4747 3454 4809 καὶ
3505 4745 3645 4800 ἄλλα

2058 4833 2173 4898 ζῶα
2227 4832 2402 4898 οὕτως
2459 4835 2807 4907 φθείρονται,
2872 4838 2968 4891 καὶ
3028 4838 3126 4909 τὴν
3190 4838 3495 4909 ἀπόρρυσιν
3542 4838 3644 4908 τὴν

2057 4926 2166 4979 ἀπὸ
2197 4927 2304 4979 τῶν
2353 4929 2619 4996 σωμάτων
2647 4928 2826 4981 αὑτῶν
2873 4929 3133 4983 ἐσθίουσι.
3187 4931 3298 4984 Καὶ
3351 4931 3461 5000 γὰρ
3510 4931 3644 4999 ἁλη-

2060 5019 2168 5083 θῶς
2202 5019 2647 5090 ἐνυπνιαζόμενοι
2677 5021 2857 5093 σάρκα
2893 5018 3196 5093 μιοιίνοιισι,⁴
3216 5026 3549 5090 Κυριέτητα
3574 5024 3646 5076 δὲ

2058 5112 2361 5173 ἁθετοῦσι,
2400 5110 2586 5177 δόξας
2610 5112 2679 5166 δὲ
2713 5115 3178 5192 βλασφημοῦσι.
3221 5117 3465 5184 Μιχαὴλ
3507 5114 3578 5167 δὲ
3612 5118 3645 5167 ὁ

2057 5206 2453 5277 ἀρχάγγελος,
2483 5206 2907 5277 διαλεγόμενος
2944 5208 3026 5274 τῷ
3063 5207 3325 5271 διαϐόλῳ
3367 5208 3499 5273 περὶ
3536 5206 3646 5261 τοῦ

2060 5298 2357 5363 Μωῢσέως
2382 5298 2677 5367 σώματος,
2705 5302 2817 5353 οὐκ
2861 5298 3080 5369 ἤνεγκε
3128 5302 3311 5369 λόγον
3347 5299 3647 5367 ,Βλασφη-

2058 5388 2197 5455 μίας
2212 5388 2348 5456 (761,
2367 5388 2531 5443 ἀλλὰ
2542 5385 2732 5453 εἶπεν,
2758 5409 2776 5440 ι
2801 5389 3178 5460 Ἐπιτιμήσαι
3199 5407 3299 5445 σοι
3313 5395 3345 5445 o’
3359 5390 3595 5457 Κύριος.
3620 5408 3640 5441 t

445 5541 463 5570 ¹
502 5540 626 5597 Act.
654 5558 746 5606 xx,
776 5541 865 5596 54.
946 5541 967 5571 ¹
1002 5539 1201 5611 Epltes.
1227 5559 1299 5609 tv,
1325 5543 1416 5598 23.
1497 5545 1518 5576 ³
1544 5562 1632 5614 rp.
1662 5542 1915 5598 ἐνταῦθα.

2056 5544 2172 5598 For.
2203 5546 2301 5616 τῷ,
2380 5548 2401 5578 ⁵
2433 5566 2523 5616 rp.
2555 5548 2939 5620 ἐργαζόμενος,
2966 5560 3019 5604 et
3045 5548 3289 5619 δύνηται.

450 5698 560 5763 (7B)
598 5699 717 5749 οὐκ
748 5697 962 5764 ἤνεγκε
988 5698 1173 5767 λόγον·
1193 5699 1609 5767 βλαΓξιμίηίιν.
1645 5700 1811 5752 Aliter
1841 5699 1953 5752 iure

378 5775 431 5826 in
472 5770 749 5825 Canonica
781 5767 932 5822 .Iudn:
983 5770 1255 5836 leguntur,
1297 5786 1343 5819 γ,
1394 5778 1421 5807 οι
1689 5770 1956 5840 “qut-Ad

2062 5701 2400 5771 ἀρχάγγελος
2430 5703 2517 5755 ὅτε
2554 5703 2632 5771 τῷ
2669 5702 2898 5773 διαϐόλῳ
2936 5704 3346 5773 διακρινόμενος
3369 5705 3645 5771 διελέγετο

2067 5775 2192 5844 περὶ
2242 5775 2336 5826 τοῦ
2386 5773 2660 5837 Μωυσέως
2702 5774 2967 5845 σώματος,
3012 5776 3110 5829 οὑκ
3152 5777 3411 5847 ἐτόλμησε
3461 5779 3644 5846 κρίσιν
