3968 6120
351 351 461 409 349

961 357 1337 418 ADVERSUS
1378 361 1719 420 IleRESES
1758 364 1884 422 LIB.
1917 366 1957 422 I.
2003 365 2165 423 TOM.
2204 365 2268 422 II.
2318 396 2381 409 --
2426 366 2702 425 IIrEBES.
2738 367 2928 425 XXVI.

3513 370 3618 427 350

354 467 533 526 οὗτοι
556 470 627 524 δὲ
654 471 773 526 ὅσα
816 474 926 528 οὐκ
963 475 1184 541 οῑδασι,
1223 479 1494 546 φυσικῶς
1524 482 1923 554 ,βλασφημοῦ-

2034 485 2381 556 archangelus
2424 501 2542 538 cum
2588 485 2802 539 diabolo
2851 485 3130 555 disputans
3175 485 3241 540 de
3284 483 3458 555 Moysi
3501 498 3618 537 cor-

351 577 486 615 σιν’
510 564 592 616 ὅτι
609 564 681 617 τὰ
698 565 865 634 Ἅγια
888 567 998 621 τῶν
1028 569 1197 637 ἀγίων
1219 570 1288 623 τὰ
1326 573 1464 642 μετά
1493 575 1768 646 ἁγιασμοῦ
1801 580 1933 648 ἡμῖν

352 654 731 725 παραδοθέντα
771 656 1224 731 βλασφημοῦσιν,
1267 664 1349 726 είς
1394 666 1730 737 αἰσχρότητα
1777 669 1931 721 αὐτοὶ

355 748 841 820 μεταϐαλλόμενοι.
889 753 999 805 Καὶ
1040 754 1215 808 ταῦτά
1255 756 1404 809 ἐστιν
1451 757 1611 812 ἅτινα
1644 760 1786 813 κατὰ
1823 760 1933 813 τῶν

350 838 669 892 ἀποστόλων
724 842 1032 914 ἐτόλμησαν
1066 844 1276 914 λέγειν,
1324 846 1401 910 ὡς
1446 849 1542 902 καὶ
1591 851 1620 902 ὁ
1665 850 1933 921 μακάριος

355 930 565 994 Παῦλός
596 932 709 1004 (77)
737 950 900 1006 φησιν
921 953 935 966 ⁸
974 937 1157 992 Ὥστε
1193 938 1361 1007 τινὰς
1386 939 1616 1011 τολμᾷν
1641 941 1799 1011 ἡμᾶς
1833 940 1932 996 λέ-

349 1038 500 1089 γειν,
530 1023 884 1094 Ποιήσωμεν
910 1028 982 1083 τὰ
1028 1030 1203 1094 κακὰ,
1234 1032 1334 1086 ἵνα
1359 1032 1506 1101 ἔλθῃ
1549 1033 1642 1102 ἐφ’
1669 1032 1828 1103 ἡμᾶς
1857 1035 1933 1088 τὰ

292 1146 299 1151 -
347 1112 566 1179 ἀγαθὰ,
594 1108 682 1168 ὧν
712 1116 780 1169 τὸ
807 1117 986 1188 κρῖμα
1012 1120 1254 1175 ἔνδικόν
1279 1123 1432 1176 ἐστι.
1474 1124 1653 1187 Πόσάς
1681 1124 1737 1177 δὲ
1764 1124 1929 1190 ἄλλας

347 1198 618 1276 ἀγάγοιμι
662 1210 971 1279 μαρτυρίας
1010 1213 1152 1266 κατά
1197 1214 1307 1268 τῶν
1356 1214 1723 1285 βλασφήμωνε
1770 1209 1929 1271 Οὗτοι

346 1295 461 1366 γὰρ
497 1298 547 1349 οἱ
583 1302 706 1363 ταῖς
742 1301 902 1366 ἰδίαις
931 1304 1088 1374 χερσὶ
1137 1304 1504 1375 φθειρόμενοι,
1547 1308 1609 1360 οὐ
1655 1308 1815 1378 μόνον
1845 1307 1926 1371 δὲ,

345 1380 488 1434 ἀλλά
518 1384 612 1461 καὶ
638 1386 689 1437 oi
709 1389 833 1450 ταῖς
850 1389 1067 1457 γυναιξὶ
1100 1390 1510 1462 πλησιάζοντες,
1545 1394 1734 1449 λοιπὸν
1767 1397 1928 1469 κόρον

349 1471 427 1542 μὴ
457 1473 714 1542 λαϐόντες
744 1479 844 1550 τῆς
874 1481 1013 1551 μετὰ
1041 1482 1151 1536 τῶν
1178 1486 1454 1552 γυναικῶν
1481 1486 1823 1559 πολυμιξίας,
1846 1491 1927 1553 είς

346 1562 614 1636 ἀλλήλους
655 1570 991 1637 ὲκκαίονται,
1028 1573 1245 1643 ἄνδρες
1274 1577 1344 1629 ἐν
1367 1578 1624 1647 ἀνδράσι
1666 1581 1842 1647 (κατὰ
1867 1582 1928 1635 τὸ

351 1656 776 1730 γεγραμμένον)
823 1659 942 1730 τὴν
986 1663 1371 1733 ἀντιμισθίαν
1415 1668 1521 1737 τῆς
1573 1669 1814 1739 πλάνης
1857 1672 1928 1724 ἐν

342 1743 585 1812 ἑαυτοῖς
626 1748 1173 1821 ἀπολαμϐάνοντες.
1229 1755 1478 1824 Ἐξώλεις
1517 1759 1626 1832 γὰρ
1665 1763 1712 1814 oi
1770 1762 1927 1816 αὐτοὶ

342 1835 632 1906 γενόμενοι
672 1842 1066 1913 μακαρίζουσιν
1090 1845 1374 1919 ἀλλήλους,
1410 1850 1486 1915 ὡς
1516 1851 1576 1904 τὸ
1604 1853 1926 1925 προκριτέον
1957 1847 1999 1903 Β

344 1931 585 2000 πρᾶγμα
618 1932 1029 2007 ἀναδεξάμενοι.
1059 1941 1220 1997 Ἀλλὰ
1261 1943 1356 1996 καὶ
1392 1944 1709 2008 ἀπατῶντες
1734 1946 1796 1999 τὸ
1829 1947 1928 1999 αὐ-

343 2023 460 2084 τοῖς
483 2021 806 2094 πειθόμενον
833 2034 1142 2096 γυναικεῖον
1167 2032 1345 2102 γένος,
1384 2036 1445 2088 τὸ
1464 2038 1927 2108 Σεσωρευμένον

342 2113 758 2185 ἁμαρτήμασι,
796 2121 897 2174 καί
929 2122 1195 2192 ἠγμένον
1227 2129 1532 2192 ποικίλαις
1564 2128 1921 2200 ἐπιθυμίαις,

343 2203 618 2263 φάσκουσι
647 2208 768 2270 ταῖς
792 2209 1179 2280 ἡπατημέναις
1204 2213 1296 2266 ὑπ’
1326 2213 1525 2277 αὐτῶν,
1552 2215 1636 2267 ὅτι
1671 2216 1736 2267 Ἡ
1775 2216 1923 2270 δεῖνα

341 2294 674 2368 παρθένοςή
700 2297 941 2353 τοσαῦτα
967 2300 1063 2373 ἔτη
1099 2302 1437 2376 ὲφθαρμένη,
1465 2306 1561 2359 καὶ
1589 2305 1919 2379 φθειρομένη

339 2386 468 2440 καθ’
500 2389 740 2461 ἑκάστην
773 2392 1011 2463 ἡμέραν.
1046 2395 1224 2467 Κόρον
1250 2397 1358 2468 γὰρ
1384 2398 1483 2450 οὐκ
1508 2397 1622 2469 ἔχει
1658 2400 1789 2471 παρ’
1824 2400 1923 2453 αὐ-

338 2479 459 2540 τοῖς
483 2479 517 2549 ἠ
546 2478 792 2553 λαγνείαι,
821 2481 937 2535 ἀλλ’
965 2482 1094 2561 ’ὅσον
1126 2502 1212 2549 τις
1245 2487 1375 2557 παρ’
1410 2488 1595 2551 αὐτοῖς
1625 2489 1921 2559 αἰσχρουρ-

340 2567 440 2636 γὺς
502 2569 826 2643 ἄνθρωπος,
877 2575 1135 2631 τοσοῦτον
1191 2580 1322 2650 παρ’
1376 2581 1560 2643 αὐτοῖς
1614 2582 1917 2645 ὲπαινετός.

352 2661 602 2728 Ἐκείνας
629 2665 688 2720 δέ
719 2685 884 2736 φασιν
911 2665 1050 2723 εἶναι
1077 2670 1402 2742 παρθένους,
1432 2671 1532 2736 τὰς
1568 2673 1833 2744 μηδέποτε
1862 2675 1921 2728 ὲν

338 2757 582 2825 κοσμικῇ
639 2756 785 2827 μίξει
842 2759 1024 2831 γάμου
1070 2762 1214 2817 κατά
1270 2761 1432 2833 φύσιν
1485 2763 1585 2834 τῆς
1633 2764 1920 2834 συνηθείας

336 2847 639 2917 γενομένας
683 2849 789 2916 ἕως
827 2854 1134 2926 καταϐολῆς
1165 2856 1482 2928 σπέρματος
1505 2898 1519 2921 ,
1554 2857 1689 2912 ἀλλά
1723 2874 1918 2930 μιγνυ-

340 2937 512 3004 μένας
547 2940 646 3009 μὲν
678 2943 788 3006 ἀεὶ,
824 2946 920 2997 καὶ
961 2947 1351 3018 πρνευοὺσας,
1383 2949 1489 3018 πρὸ
1516 2948 1571 3001 δὲ
1611 2949 1706 3003 τοῦ
1742 2951 1921 3022 ἀπαρ-

335 3029 590 3101 τισθῆναι
614 3033 714 3104 τὴν
745 3035 939 3107 ἡδονὴν
977 3037 1293 3107 ἀφιστὼσας
1318 3040 1408 3092 τὸν
1434 3041 1792 3111 πονηροποιὺν
1821 3042 1920 3095 αὐ-

331 3116 448 3171 τῶν
495 3120 597 3191 τῆς
648 3126 934 3188 κοινωνίας
980 3126 1218 3199 φθορέα,
1260 3130 1355 3181 καὶ
1403 3129 1785 3200 λαμϐανούσας
1817 3132 1918 3202 τὴν

331 3215 750 3286 προειρημένην
793 3219 1128 3290 αἰσχρότητα
1163 3222 1243 3285 είς
1278 3221 1507 3293 ἐδωδὴν,
1550 3222 1626 3286 ὡς
1658 3222 1801 3276 κατά
1855 3223 1918 3277 τὸ
1943 3210 1986 3269 c

214 3306 227 3317 ’
333 3303 525 3373 ὅμοιον
554 3306 651 3359 τοῦ
696 3307 899 3380 Σηλὼμ
946 3312 1084 3383 πρὸς
1124 3312 1224 3384 τὴν
1270 3313 1469 3386 Θάμαρ
1522 3316 1913 3386 κακοτροπίαν,

332 3394 610 3449 manu
658 3400 958 3470 παρθενίας
989 3403 1087 3474 τὴν
1133 3405 1328 3476 τέχνην
1374 3405 1579 3478 ταύτην
1620 3409 1916 3480 ὲπανειρη-

338 3486 529 3554 μένας,
566 3488 661 3541 τοῦ
707 3490 1025 3563 φθείρεσθαι
1060 3495 1180 3566 μὲν,
1216 3497 1290 3567 μὴ
1329 3497 1683 3568 ὑποδέχεσθαι
1722 3498 1778 3553 δὲ
1820 3499 1919 3570 τῆς

332 3578 547 3650 φθορᾶς
577 3581 677 3653 τὴν
710 3583 857 3654 μίξιν
900 3586 994 3638 καὶ
1033 3587 1134 3658 τὴν
1172 3588 1491 3661 ἀπόρροιαν.
1533 3590 1918 3663 Βλασφημοῦσι

333 3668 393 3721 δὲ
421 3670 484 3722 οὐ
528 3672 691 3741 μόνον
725 3674 819 3727 τὸν
869 3675 1121 3748 Ἀϐραὰμ
1148 3677 1242 3731 καὶ
1273 3679 1364 3731 τὸν
1401 3681 1663 3745 Μωῦσέα,
1702 3683 1796 3735 καὶ
1826 3682 1917 3736 τὸν

250 3754 265 3765 ’
349 3760 558 3826 Ἠλίαν,
592 3765 690 3818 καὶ
742 3766 922 3821 πάντα
947 3767 1040 3821 τὸν
1079 3770 1240 3840 χορὸν
1283 3768 1391 3823 τῶν
1430 3770 1744 3843 προφητῶν,
1783 3772 1918 3828 ἀλλὰ

336 3854 432 3908 καὶ
456 3855 547 3908 τὸν
576 3856 708 3910 Θεὸν
732 3857 824 3911 τὸν
852 3859 1213 3931 ἐκλεξάμενον
1237 3861 1453 3925 αὐτούς.

2032 594 2176 647 pore,
2223 575 2558 645 blasphemia:
2605 594 2895 632 sermonem
2942 594 3045 632 non
3091 579 3236 638 tulit,
3290 577 3379 631 sed
3427 576 3615 629 dixit:

2038 690 2057 722 ι
2097 670 2335 740 Inerepet
2363 680 2411 724 te
2439 669 2719 723 Dominus.
2760 689 2778 722 ι
2816 668 2887 722 lli
2921 679 3094 723 autent
3120 684 3437 738 qua’cunque
3463 667 3616 736 ὄψιο-

2031 772 2153 815 rant
2178 762 2498 816 naturaliter
2520 761 2884 831 blasphemant
2902 778 2921 825 ;
2950 760 3078 814 dum
3112 760 3477 816 sacrosanctis
3507 760 3615 815 illis

2031 854 2329 925 mysteriis,
2366 869 2486 924 quae
2539 869 2662 908 cum
2712 854 3079 908 sanctissimis
3125 852 3478 922 religionibus
3511 867 3611 905 no-

2032 944 2242 1000 biseum
2292 947 2786 1008 communicantur,
2831 944 3225 1000 contumeliose
3256 941 3508 1005 illutlunt,
3561 948 3616 995 et

2032 1034 2099 1089 ad
2171 1035 2584 1106 spurcissimam
2662 1034 3252 1105 llagitiosissimamque
3335 1030 3614 1085 libidinem

2030 1134 2372 1181 convertunt.
2406 1125 2693 1183 Htac'sunt
2724 1143 2844 1197 qua:
2875 1127 3136 1181 adversus
3172 1124 3450 1194 apostolos
3478 1122 3616 1175 etl‘u-

2031 1217 2134 1270 tire
2192 1225 2318 1273 sunt
2360 1218 2479 1272 ausi
2521 1238 2532 1271 :
2577 1217 3033 1287 quemadmodum
3082 1216 3273 1271 beatus
3322 1210 3617 1284 Apostolus

2030 1310 2267 1364 scribit:
2305 1309 2450 1364 Adeo
2499 1319 2555 1364 ut
2604 1310 2822 1381 quidam
2866 1310 2978 1364 haec
3014 1325 3048 1361 a
3089 1308 3237 1361 nobis
3267 1306 3376 1359 dici
3404 1305 3618 1375 jactare

2030 1401 2302 1457 audeant:
2331 1401 2626 1457 Faciamus
2668 1403 2833 1466 mala,
2883 1412 2942 1455 ut
2978 1402 3219 1456 eveniant
3258 1400 3395 1454 bona
3425 1414 3444 1451 :
3481 1414 3612 1469 quo-

2029 1510 2145 1547 rum
2164 1493 2370 1563 justum
2402 1504 2478 1548 est
2495 1494 2755 1563 judicium
2789 1494 2828 1547 ³.
2859 1493 3030 1560 Quam
3077 1506 3206 1547 vero
3249 1492 3420 1545 multa
3459 1489 3615 1544 testi-

2029 1585 2209 1638 monia
2253 1591 2569 1655 suppetunt,
2617 1601 2738 1655 quae
2779 1592 2971 1638 contra
3010 1582 3357 1653 blasphemos
3399 1581 3526 1635 illos
3557 1580 3611 1633 in

2029 1676 2264 1732 medium
2309 1676 2502 1732 aﬁ‘erre
2561 1677 2860 1747 possimus!
2908 1674 3016 1730 Sed
3065 1675 3141 1729 illi
3194 1674 3288 1745 qui
3340 1674 3456 1728 suis
3507 1672 3612 1743 ipsi

2030 1768 2283 1823 manibus
2312 1768 2729 1823 abominandam
2756 1767 3033 1821 libidinem
3065 1772 3337 1829 exercent,
3364 1764 3455 1833 qui
3486 1778 3611 1817 cum

2028 1860 2351 1914 mulieribus
2403 1875 2463 1913 se
2516 1858 2909 1921 commiscent,
2962 1858 3186 1913 assiduo
3238 1856 3451 1910 illarum
3506 1869 3612 1909 usu

2026 1966 2367 2021 nequaquam
2408 1951 2694 2015 exsatiati,
2737 1952 2792 2005 in
2834 1951 3157 2020 semetipsos
3197 1946 3609 2004 exardeseunt:

2039 2043 2172 2108 Viri,
2210 2046 2455 2114 inquam,
2484 2044 2538 2097 in
2575 2043 2738 2106 viros,
2781 2042 2925 2099 sicut
2965 2044 3228 2112 scriptum
3264 2048 3369 2104 est,
3420 2055 3615 2093 merce—

2023 2133 2142 2189 dem
2172 2134 2372 2188 erroris
2410 2133 2495 2186 sui
2536 2134 2591 2187 in
2630 2132 2918 2199 semetipsis
2966 2132 3270 2199 recipientes
3310 2132 3356 2184 ¹.
3401 2129 3611 2184 Etenim

2023 2225 2221 2296 perditi
2276 2224 2652 2296 proﬁigatique
2702 2225 2950 2279 homines
3010 2224 3197 2278 beatos
3254 2238 3312 2277 se
3377 2222 3609 2275 invicem

2022 2298 2340 2384 praedicant,
2366 2320 2624 2384 tauquam
2658 2314 2991 2385 praecipuum
3021 2308 3280 2383 quiddam
3312 2312 3526 2368 facinus
3547 2325 3612 2365 ac

2023 2406 2300 2477 singulare
2338 2406 2702 2475 susceperint.
2745 2404 3054 2471 Quinetiam
3099 2402 3434 2458 mulierculis
3471 2413 3609 2472 quas

2022 2497 2126 2552 sibi
2166 2497 2465 2568 morigeras
2502 2497 2725 2561 habent,
2773 2497 3099 2551 illudentes:
3140 2495 3495 2556 Mulierculis,
3528 2493 3614 2546 ln-

2021 2604 2209 2661 quam.
2237 2591 2443 2644 onustis
2485 2592 2732 2659 peccatis,
2772 2606 2834 2644 ac
2881 2588 3262 2659 multiplicibus
3301 2588 3611 2657 cupiditati—

2020 2680 2121 2736 bus
2150 2681 2393 2737 abductis
2420 2683 2462 2747 ³,
2491 2681 2782 2737 identidem
2830 2690 3055 2735 narrant
3080 2679 3286 2745 :IIanc,
3325 2693 3488 2749 quam
3526 2677 3611 2729 vi-

2021 2773 2220 2828 delicet
2246 2774 2551 2839 nominant,
2580 2789 2704 2828 esse
2731 2774 3026 2845 virginem;
3074 2787 3197 2827 eum
3244 2780 3369 2826 ante
3409 2771 3612 2826 multos

2016 2863 2128 2936 jam
2160 2879 2335 2921 annos
2373 2865 2561 2921 vitiata
2606 2864 2787 2930 fuerit,
2825 2881 2889 2922 ae
2921 2864 3165 2935 quotidie
3196 2869 3607 2933 constupratur.

2018 2954 2177 3024 Apud
2227 2957 2351 3013 illos
2395 2956 2595 3027 quippe
2637 2958 2861 3013 satietas
2911 2955 3154 3012 libidinis
3199 2955 3367 3019 nulla,
3409 2960 3464 3007 et
3498 2965 3611 3023 quo

2020 3046 2251 3102 foediora
2280 3049 2513 3119 quisque
2541 3047 2954 3118 perpetraverit,
3000 3063 3067 3101 eo
3117 3044 3310 3114 majori
3359 3042 3604 3097 omnium

2020 3140 2180 3195 laude
2222 3154 2287 3196 ac
2327 3140 2711 3210 praedicatione
2762 3140 3087 3194 celebratur.
3134 3136 3388 3207 Virgines
3443 3148 3610 3204 porro

2019 3232 2138 3287 illas
2175 3233 2467 3302 appellant,
2508 3248 2631 3303 qua:
2667 3246 2943 3301 nunquam
2999 3230 3240 3301 legitimo
3288 3226 3607 3297 nuptiarum

2018 3339 2155 3387 usu,
2203 3337 2267 3377 ac
2307 3324 2542 3378 naturali
2590 3324 2682 3379 illa
2739 3322 3140 3380 consuetudine
3179 3322 3253 3376 ita
3307 3318 3611 3390 perfuncta:
3659 3313 3674 3325 “

2021 3424 2170 3480 sunt,
2212 3425 2273 3470 ut
2318 3415 2560 3471 infusum
2606 3431 2793 3471 semen
2827 3415 3163 3485 exciperent,
3197 3411 3293 3469 sed
3323 3426 3443 3483 quae
3484 3410 3610 3463 licet

2019 3506 2244 3561 assidue
2280 3522 2340 3562 se
2387 3504 2594 3577 stupris
2634 3507 2962 3577 ﬂagitiisque
2988 3504 3384 3567 contaminent,
3422 3510 3605 3554 tamen

2021 3607 2313 3668 antequam
2360 3598 2530 3653 libido
2587 3598 2767 3653 omnis
2825 3596 3116 3667 impleatur
3174 3592 3608 3665 perditissimunt

2022 3704 2181 3743 suum
2229 3688 2379 3742 illum
2432 3689 2816 3744 admissarium
2863 3688 3166 3747 excutiunt,
3198 3686 3429 3755 illasque
3473 3698 3610 3753 quas

2021 3781 2261 3836 diximus
2315 3782 2665 3850 turpissimas
2718 3780 2909 3836 sordes
2956 3779 3020 3834 ad
3076 3776 3404 3833 vescendum
3459 3774 3610 3827 exei-

2021 3870 2197 3939 piunt.
2237 3867 2296 3923 In
2330 3884 2439 3939 quo
2478 3871 2713 3924 immane
2748 3869 2877 3923 illud
2911 3867 3354 3936 horrendumque
3384 3861 3607 3918 Sellomi

332 3959 465 4000 eum
500 3947 771 4004 Tltamare
800 3948 1011 4007 facinus
1048 3952 1334 4009 imitantur
1367 3954 1409 4019 δ,
1471 3963 1660 4028 utpote
1730 3973 1852 4029 qua:
1884 3962 2164 4016 servanda:
2213 3949 2545 4032 virginitatis
2597 3961 2887 4014 artiﬁcium
2943 3959 3076 4014 illud
3116 3958 3477 4027 susceperint,
3547 3963 3607 4008 ιιι

333 4054 463 4095 eum
513 4040 738 4096 assidue
790 4051 1235 4114 corrumpantur,
1301 4046 1507 4102 nullam
1567 4058 1746 4104 tamen
1787 4067 1855 4107 ex
1897 4067 1960 4107 ea
1999 4054 2312 4124 corruptela
2377 4052 2706 4107 inl'usionem
2765 4051 2992 4107 seminis
3057 4048 3365 4103 admittant.
3421 4045 3609 4115 Neque

335 4145 467 4186 vero
496 4139 593 4185 aut
620 4132 989 4189 Abrahamum
1041 4136 1326 4204 duntaxat,
1360 4148 1455 4193 aut
1498 4140 1717 4212 Moysen
1748 4153 1912 4213 atque
1950 4143 2146 4208 Eliam,
2177 4144 2425 4216 adeoque
2457 4144 2750 4215 prophetas
2774 4156 2988 4207 omnes,
3029 4140 3142 4213 96.
3193 4140 3290 4196 sed
3340 4151 3395 4194 et.
3432 4128 3607 4191 Deum

334 4219 517 4292 ipsum
553 4235 584 4274 a
613 4237 722 4292 quo
747 4231 875 4278 sunt
898 4226 1053 4280 electi
1082 4229 1477 4287 contumeliose
1503 4231 1815 4288 traducunt.

405 4312 539 4365 KB’.
590 4311 759 4367 Ἀλλα
808 4315 866 4368 δὲ
904 4316 1085 4388 ,μυρία
1137 4321 1267 4391 παρ’
1318 4323 1502 4386 αὐτοῖς
1555 4324 1914 4396 πεπλασμένα

2095 4322 2208 4377 XII.
2246 4322 2466 4378 Inﬁnita
2505 4337 2669 4393 porro
2704 4336 2870 4392 penes
2916 4320 3041 4374 illos
3090 4324 3219 4374 sunt
3261 4317 3610 4387 supposititia

333 4406 581 4475 γραφεῖα
610 4406 958 4479 τετόλμηται.
1011 4411 1052 4462 Γ
1055 4410 1211 4464 ἐνναν
1254 4411 1353 4483 μὲν
1390 4413 1499 4485 γὰρ
1547 4415 1781 4482 Μαρίας
1813 4414 1916 4480 βι-

2025 4424 2189 4486 atque
2229 4415 2575 4487 impudenter
2606 4414 2850 4469 conﬁcta
2898 4412 3253 4466 monimenta.
3288 4409 3609 4478 Cujusmodi

336 4498 513 4551 ϐλιον
555 4497 612 4549 τί
658 4515 821 4566 φασιν
870 4498 1038 4563 εἶναι,
1081 4504 1140 4556 ὲν
1168 4497 1213 4572 ᾧ
1260 4504 1410 4559 δεινά
1455 4523 1516 4558 τε
1558 4506 1655 4560 καὶ
1699 4505 1919 4579 ὀλέθρια

2025 4519 2108 4561 est
2131 4509 2223 4576 qui
2257 4486 2334 4561 De
2365 4506 2610 4576 progenie
2648 4503 2841 4558 Mariae
2874 4502 3011 4558 liber
3033 4501 3376 4563 inscribitur,
3414 4500 3468 4553 in
3499 4514 3611 4568 quo

336 4588 734 4654 ὑποϐάλλοντες
770 4608 890 4645 τινα
919 4594 1097 4648 ἐκεῖσε
1122 4595 1391 4666 λέγουσιν.
1428 4599 1522 4651 Ἐκ
1560 4599 1750 4653 τούτου
1782 4602 1912 4672 γὰρ,

2025 4600 2315 4655 horribilia
2372 4598 2619 4669 quaedam
2674 4612 2738 4652 ac
2796 4594 3119 4651 detestanda
3186 4593 3402 4647 illorum
3463 4590 3608 4644 dicta

334 4683 491 4749 φασὶ.
519 4682 613 4737 τὸν
654 4686 928 4756 Ζαχαρίαν
952 4688 1291 4742 ἀπεκτάνθαι
1326 4691 1384 4744 ὲν
1430 4690 1508 4760 τῷ
1534 4691 1670 4762 ναῷ,
1708 4693 1918 4765 ἐπειδὴ,

2025 4693 2398 4748 continentur.
2432 4690 2766 4746 Velut‘inter
2794 4688 2900 4743 alia
2931 4707 2945 4743 :
2986 4703 3108 4742 eam
3151 4684 3428 4739 Zachariae
3458 4681 3609 4737 necis

336 4773 494 4839 φασὶ,
530 4773 800 4826 ὀπτασίαν
843 4774 1093 4846 ἑώρακε,
1129 4778 1223 4830 καὶ
1259 4778 1367 4831 ἀπὸ
1398 4778 1492 4832 τοῦ
1536 4781 1706 4849 φόϐου
1751 4781 1921 4837 θέλων

2025 4782 2080 4836 in
2111 4781 2315 4850 templo
2343 4794 2565 4834 causam
2593 4778 2894 4842 exstitisse,
2918 4777 3059 4846 quod
3087 4791 3209 4828 eum
3240 4773 3414 4827 visum
3441 4773 3608 4841 quod-

337 4866 516 4917 εξπεῖν
538 4864 638 4935 τὴν
668 4867 955 4930 ὀπτασίαν,
982 4869 1278 4940 ἀπεφράγη
1305 4871 1368 4924 τὸ
1411 4871 1602 4943 στόμα.
1636 4868 1756 4926 Εἷδε
1787 4874 1920 4946 γὰρ,

338 4957 527 5024 φασὶν,
561 4958 621 5009 ὲν
645 4960 713 5029 τῇ
747 4958 866 5032 ὥρᾳ
898 4960 994 5013 τοῦ
1037 4961 1382 5032 θυμιάματός
1413 4980 1552 5030 τινα,
1581 4964 1657 5028 ὡς
1691 4966 1911 5034 ὲθυμία,

337 5049 628 5121 ἄνθρωπον
658 5053 867 5106 ἑστῶτα
892 5052 1015 5106 ὄνου
1054 5054 1266 5126 μορφὴν
1300 5054 1519 5126 ἔχοντα·
1552 5057 1645 5110 καὶ
1674 5056 1918 5122 ἐξελθόν-

337 5157 451 5207 τος,
476 5144 631 5211 φασὶ,
654 5143 747 5196 καὶ
781 5143 1025 5209 θέλοντος
1052 5148 1244 5207 εἰπεῖν,
1271 5148 1407 5201 Οὐαὶ
1432 5148 1581 5218 ὑμῖν,
1615 5148 1721 5203 τίνι
1750 5166 1920 5220 προσ-

2025 4873 2149 4928 dam
2185 4873 2263 4926 illi
2305 4881 2451 4927 esset
2490 4871 2752 4933 oblatum,
2789 4870 2951 4938 idque
2973 4883 3084 4938 pra:
3126 4874 3272 4920 metu
3297 4865 3607 4936 signiﬁcare

2022 4964 2203 5028 vellet,
2236 4977 2300 5018 os
2348 4962 2398 5018 ei
2436 4962 2614 5032 primo
2646 4961 2970 5032 prteclusutu
3011 4958 3101 5012 sit.
3134 4955 3353 5010 Viderat
3397 4962 3602 5020 autem,

2025 5055 2301 5125 inquiunt,
2355 5069 2478 5108 cum
2527 5052 2736 5107 incensi
2784 5052 2918 5105 hora
2971 5046 3195 5110 sulliret,
3247 5045 3388 5100 asini
3434 5045 3605 5115 ﬁgura

2029 5153 2266 5204 stantem
2291 5145 2589 5207 hominem,
2612 5159 2676 5199 ac
2699 5157 2823 5198 cum
2854 5139 3037 5212 egredi
3056 5138 3236 5206 vellet,
3266 5137 3450 5208 itaque
3477 5152 3604 5207 pro-

412 5276 427 5305 ¹
460 5273 622 5331 Rom.
650 5292 732 5342 Ill,
758 5276 813 5332 8.
885 5280 905 5310 ²
934 5275 1094 5333 Rom.
1128 5294 1166 5346 ι,
1212 5278 1304 5333 27.
1381 5280 1402 5311 ³
1432 5278 1474 5333 ll
1503 5277 1644 5334 Tim.
1690 5294 1770 5338 ιιι,
1802 5279 1857 5334 6.

2028 5298 2116 5336 en.
2147 5295 2376 5346 xxmn,
2416 5278 2484 5335 18
2516 5293 2639 5347 sqq.

343 5439 671 5513 ἐπενεγκεῖν
697 5440 1068 5513 βλασφημίας.
1105 5442 1156 5496 Ν
1163 5461 1229 5497 οη
1254 5460 1416 5498 ausus
1452 5452 1527 5496 est
1552 5442 1818 5512 judicium
1844 5444 1929 5496 in-

340 5511 504 5584 [ει-νε,
529 5523 577 5564 et
615 5511 871 5584 aceusare
905 5511 1263 5583 blasphemia.
1296 5516 1361 5569 At
1394 5511 1730 5584 Epiphanius
1761 5515 1926 5566 aliam

341 5579 585 5698 {quasso
627 5583 913 5638 lectionem
954 5579 1214 5653 secutus;
1252 5603 1354 5639 non
1386 5579 1526 5648 tuiii,
1564 5584 1759 5653 inquit,
1783 5584 1928 5638 blas-

341 5667 624 5704 uiciniam.

707 5723 803 5777 καὶ
829 5728 863 5778 ό
877 5725 1169 5793 μακάριος
1192 5723 1453 5788 Παῦλος.
1485 5723 1742 5778 Clemens
1770 5725 1922 5778 Alex.

339 5789 435 5847 lib.
473 5807 531 5846 tu
574 5792 773 5848 Strom.
810 5789 1057 5850 eumdem
1106 5795 1355 5867 Apostoli
1407 5795 1586 5850 locum
1631 5795 1806 5867 citatis
1854 5795 1920 5849 ad

2026 5441 2296 5509 ejusmodi
2329 5454 2501 5509 genus
2539 5437 2918 5509 haereticorum
2964 5435 3250 5509 pertinere
3273 5440 3448 5509 putat.
3471 5429 3602 5509 .I'Sa't

2029 5500 2102 5583 μή
2137 5530 2188 5564 τι
2239 5500 2377 5583 πρός
2409 5509 2636 5583 τούτους
2672 5509 2701 5560 ὁ
2753 5500 3072 5583 Ἁπόστὸλος
3104 5506 3255 5583 ὲνπῇ
3278 5500 3604 5583 ’πρρςιῬωο

2031 5569 2223 5652 μαίους
2277 5569 2563 5652 Ἐπιστολῇ
2614 5569 3033 5652 ἀποτεινόμενος
3081 5569 3305 5652 γράφει·
3356 5569 3466 5652 [fat
3514 5569 3601 5638 μὴ

2024 5642 2219 5717 ὶιαθὼς
2258 5642 2801 5719 βλασφημούμεθα,
2850 5642 2949 5699 καὶ
2985 5642 3206 5719 aadd);
3242 5642 3401 5719 ξιισέ
3422 5658 3605 5719 Δτινες

2026 5712 2546 5791 ἡμᾶςλῖἐγεινξόίι
2572 5712 2916 5788 naniam/ter
2939 5715 3008 5772 τὰ
3040 5715 3210 5781 κακὰ,
3241 5715 3340 5768 ἵνα
3368 5712 3514 5779 ἔλθῃ
3534 5714 3603 5764 τὰ

2023 5792 2232 5862 ἀγαθά.
