3968 6114
380 318 476 374 531

1781 321 1838 378 8.
1881 321 2219 377 ΕΡίΡΗΑΝΙΙ

380 435 525 504 loqui
553 455 565 489 :
600 432 692 489 Va:
726 432 904 499 vobis,
934 450 1099 504 quem
1138 436 1282 507 enim
1332 438 1547 493 tandem
1582 438 1855 496 adoratis?
1888 441 1957 496 ab

2062 444 2308 505 κυνεῖτε;
2355 438 2668 510 ἀπέφραξεν
2701 438 2865 493 αὑτοῦ
2899 438 2959 493 τὸ
2995 437 3167 509 στόμα
3192 440 3221 492 ὁ
3257 438 3441 508 ὀφθεὶς
3484 439 3634 509 αύτῷ

375 539 446 580 eo
475 524 565 595 qui
597 525 651 578 in
684 525 885 595 templo
916 525 1064 582 intus
1098 530 1351 598 apparuit
1377 530 1491 585 oris
1514 530 1612 595 illi,
1652 546 1721 586 ne
1764 531 1957 589 eﬂ'erre

378 620 583 689 posset,
626 628 760 668 usus
796 614 1128 681 interclusus
1163 624 1268 672 est.
1316 616 1447 674 Post
1471 630 1672 683 ,autcm
1721 621 1812 675 ubi
1853 636 1958 677 vox

375 704 550 758 eidem
582 714 668 760 est
696 692 974 774 restituta,
996 716 1159 779 atque
1201 708 1305 764 hoc
1341 710 1396 764 in
1440 709 1657 766 Judwos
1694 727 1956 767 arcanum

377 794 679 864 evolgavit,
718 797 787 851 ab
835 797 945 853 illis
978 798 1293 857 interfectus
1335 809 1439 856 est.
1488 801 1634 868 Haec,
1682 804 1956 873 inquiunt,

378 878 661 941 Zachariae
696 889 890 944 mortis
927 892 1145 948 occasio
1175 891 1298 947 fuit.
1348 892 1568 948 Addunt
1602 894 1848 949 eamdem
1888 895 1957 949 il—
1988 909 2013 931 λ

380 975 487 1030 iam
516 978 586 1032 ob
614 993 837 1036 causam
864 982 1076 1052 iussum
1100 998 1132 1037 a
1161 984 1470 1056 legislature
1503 985 1809 1056 pontiﬁcem
1846 987 1956 1041 tin-

380 1070 663 1126 tinnabula
693 1082 959 1145 gestasse,
992 1086 1051 1131 ιιι
1092 1078 1306 1147 quoties
1343 1080 1412 1134 ad
1445 1080 1775 1137 iunctionem
1800 1097 1957 1137 suam

380 1163 685 1219 obeundum
732 1166 1125 1237 ingrederetur,
1155 1172 1609 1241 crepitaculorum
1658 1175 1885 1244 strepitu
1912 1174 1958 1231 is

378 1256 473 1324 qui
507 1257 835 1314 adorabatur
866 1261 1177 1318 admonitus
1215 1278 1337 1320 sese
1378 1280 1408 1319 e
1455 1264 1634 1320 medio
1669 1266 1958 1322 subtrahe-

378 1356 481 1410 ret,
514 1365 582 1403 ne
608 1365 734 1403 eum
761 1350 909 1407 larva
939 1353 1028 1407 illa
1063 1368 1129 1410 ac
1155 1355 1296 1424 turpi
1324 1354 1495 1426 cﬂigie
1525 1356 1960 1426 deprehendere-

379 1447 487 1493 tur.
522 1439 811 1515 Enimvero
835 1443 1089 1499 stolidum
1126 1445 1256 1500 illud
1297 1446 1744 1503 stultissimorum
1779 1449 1957 1503 homi-

380 1545 509 1585 num
546 1543 914 1591 commentttm
945 1551 1069 1591 cum
1114 1538 1179 1592 ad
1224 1539 1656 1594 convincendum
1703 1539 1960 1609 perfacile

374 1628 620 1686 est,t.um
655 1626 770 1682 risu
801 1643 865 1682 ac
910 1628 1149 1682 ludibrio
1196 1629 1442 1699 dignum.
1489 1629 1701 1685 Etenim
1750 1631 1864 1686 sive
1913 1631 1959 1687 is

376 1722 497 1767 erat
536 1717 783 1781 omnino,
820 1719 908 1774 cui
947 1720 1059 1775 lites
1108 1734 1265 1775 sacra
1311 1720 1603 1785 faciebant,
1652 1722 1958 1791 aspectabi—

2057 534 2206 588 ἔνδον
2243 536 2300 587 ὲν
2333 532 2411 604 τῷ
2442 532 2574 604 ναῷ,
2619 534 2705 587 ἵνα
2744 533 2819 605 μὴ
2863 534 3086 604 δύνηται
3132 533 3381 604 λαλῆσαι.
3423 534 3551 586 Ὅτε
3576 533 3636 586 δὲ

2057 626 2250 696 ἠνοίγη
2273 626 2332 678 τὸ
2354 625 2530 695 στόμα
2552 623 2741 691 αὑτοῦ,
2770 624 2854 693 ἵνα
2884 624 3115 697 λαλήσῃ,
3131 625 3254 678 τότε
3284 623 3637 693 ἀπεκάλυψεν

2057 720 2264 784 αὐτοῖς,
2307 719 2401 772 καὶ
2451 718 2780 771 ἀπέκτειναν
2813 717 2998 771 αὐτόν.
3044 715 3154 769 Kal.
3181 713 3384 779 οὕτως,
3434 717 3634 784 φασὶν,
3674 791 3679 795 ι

2056 808 2297 862 ἀπέθανε
2327 809 2619 879 Ζαχαρίας.
2647 808 2746 861 Διὰ
2773 807 2932 862 τοῦτο
2952 808 3060 880 γὰρ
3086 808 3116 860 ὁ
3141 808 3320 879 ἱερεὺς
3350 807 3439 861 ὑπ’
3468 807 3635 862 αὑτοῦ

2057 899 2152 953 τοῦ
2182 888 2648 969 νομοθετήσαντος
2682 897 3018 970 προσετάγη,
3052 899 3236 968 φασὶν,
3278 897 3421 967 ἔχειν
3454 897 3639 951 κώδω-

2058 1006 2176 1055 νας,
2215 990 2303 1054 ἵν’,
2356 991 2486 1044 ὅταν
2540 991 2857 1061 εἰσέρχηται
2908 989 3253 1062 ίερατεῦσαι,
3302 989 3393 1042 τὸν
3429 989 3639 1041 κτύπον

2057 1081 2273 1135 ἀκούων
2306 1082 2416 1135 τῶν
2441 1081 2730 1144 κωδώνων,
2755 1081 3065 1153 κρύπτηται
3085 1083 3114 1135 ό
3145 1078 3637 1153 προσκυνούμενος,

2062 1173 2150 1226 ἵνα
2182 1173 2257 1243 μὴ
2290 1172 2518 1245 φωραθῇ
2541 1173 2603 1227 τὸ
2637 1172 3014 1245 ἰνδαλματικὺν
3043 1174 3064 1205 ³
3087 1174 3187 1244 τῆς
3216 1172 3434 1243 μορφῆς
3468 1169 3638 1226 αὐτοῦ

2061 1265 2372 1335 πρόσωπον.
2406 1266 2562 1318 Ἔστι
2594 1265 2653 1319 δὲ
2675 1265 2735 1318 τὸ
2768 1267 2876 1319 πᾶν
2902 1266 3002 1336 τῆς
3024 1264 3279 1336 εὐηθείας
3311 1262 3488 1317 αὐτῶν
3512 1265 3639 1316 ὲπι-

2058 1355 2302 1427 τήδευμα
2339 1356 2730 1426 εύθυέλεγκτον
2775 1358 2871 1411 καὶ
2908 1355 3106 1428 χλεύης
3146 1355 3403 1427 ἔμπλεον.
3434 1355 3497 1408 Εἰ
3529 1353 3640 1425 γὰρ

2058 1441 2126 1518 ἦν
2169 1446 2306 1511 ὅλως
2341 1446 2539 1519 ὁρατὸς
2593 1450 2624 1501 ό
2680 1447 3160 1519 ἱερουργούμενος,
3202 1448 3324 1500 οὐδὲ
3370 1445 3639 1519 κρυϐῆναι

2059 1538 2324 1608 ἠδύνατο·
2382 1540 2431 1591 εί
2480 1539 2537 1592 δὲ
2580 1538 2715 1602 ὅλως
2749 1538 3014 1610 κρυῦῆναι
3046 1536 3311 1607 ἠδύνατο,
3354 1534 3538 1589 οὐκέτι
3570 1530 3640 1606 ἦν

2056 1629 2272 1700 ὁρατός.
2302 1629 2411 1684 Καὶ
2441 1630 2644 1701 ἑτέρως
2679 1629 2842 1683 πάλιν
2871 1628 3008 1700 πρὸς
3052 1628 3251 1691 αὐτοὺς
3281 1627 3497 1698 ῥητέον,
3530 1627 3638 1687 ὅτι,

2060 1722 2109 1773 εί
2136 1720 2332 1792 ὁρατὸς
2372 1716 2461 1791 ἦν,
2501 1720 2661 1791 σῶμα
2691 1720 2800 1792 ἄρα
2828 1716 2919 1792 ἦν,
2960 1720 3054 1773 καί
3088 1720 3191 1772 οὐκ
3215 1713 3283 1790 ἦν
3309 1717 3555 1787 πνεῦμα·
3589 1720 3640 1771 εί

380 1805 484 1872 lis;
515 1808 780 1865 occultari
818 1811 1045 1867 minime
1094 1821 1339 1883 poterat;
1393 1815 1509 1869 sive
1559 1814 1824 1868 occultari
1864 1829 1959 1884 pe-

2062 1811 2117 1864 δὲ
2146 1810 2363 1883 πνεῦμα
2384 1809 2472 1884 ἦν,
2497 1812 2685 1866 οὐκέτι
2706 1814 2765 1866 ἐν
2791 1814 3006 1884 ὁρατοῖς
3032 1810 3367 1879 ἐξετάζεται.
3392 1810 3517 1875 Πῶς
3544 1806 3640 1863 οὖν

378 1896 529 1950 uitus
573 1907 816 1966 poterat,
877 1916 987 1956 non
1039 1902 1151 1972 jam
1198 1914 1318 1959 erat
1381 1904 1750 1973 aspectabilis.
1801 1903 1957 1971 Quod

381 1985 507 2040 item
573 1989 681 2044 alio
747 1991 908 2048 modo
970 2004 1162 2049 contra
1231 1996 1450 2052 eosdem
1512 2001 1691 2067 urgeri
1756 2005 1956 2068 potest.

383 2076 440 2132 Si
486 2080 631 2135 enim
682 2081 854 2139 videri
897 2094 1130 2157 poterat,
1173 2102 1377 2158 corpus
1426 2088 1614 2158 utique
1654 2096 1803 2154 erat,
1848 2105 1958 2144 non

377 2169 644 2238 spiritus;
683 2172 768 2228 sin
801 2173 973 2234 fuisse
1005 2177 1259 2248 spiritum
1298 2178 1557 2245 dixerint,
1589 2193 1697 2233 non
1730 2179 1873 2233 inter
1894 2194 1959 2235 ea

376 2263 687 2320 censendus
716 2267 840 2331 erit.
871 2284 994 2339 qum
1025 2268 1265 2327 discerni
1306 2270 1487 2326 oculis
1534 2280 1784 2341 possunt.
1814 2270 1960 2337 Quid

328 2408 331 2411 .
380 2352 543 2423 igitur
570 2357 831 2413 attinebat
859 2376 984 2415 eum
1007 2362 1098 2432 qui
1130 2364 1416 2419 oculorum
1447 2380 1610 2443 sensu
1637 2366 1840 2436 percipi
1871 2381 1962 2422 ne-

375 2445 558 2512 quiret
588 2447 682 2502 illo
709 2452 1199 2508 tintinnabulorum
1239 2455 1422 2511 sonitu
1476 2456 1614 2527 iuga:
1655 2471 1789 2518 sua,
1822 2457 1961 2512 late-

377 2533 597 2604 braaque
623 2540 934 2595 consulere.
965 2541 1102 2596 Cum
1135 2545 1278 2599 enim
1312 2545 1364 2600 id
1388 2554 1586 2600 natura
1611 2547 1835 2602 insitum
1858 2548 1960 2603 ha-

379 2625 562 2690 beret;
600 2634 660 2680 ut
706 2630 874 2684 videri
917 2647 1025 2686 non
1073 2642 1277 2704 posset,
1307 2636 1552 2705 profecto
1597 2639 1705 2694 nisi
1743 2640 1899 2696 vellet
1927 2653 1961 2694 a

381 2716 596 2772 nemine
624 2719 918 2775 videretur.
952 2721 1106 2789 Quod
1152 2741 1283 2781 vero
1324 2737 1469 2783 esset
1505 2729 1574 2784 ab
1610 2731 1795 2801 aliquo
1823 2747 1960 2788 con-

381 2816 623 2875 spectus,
674 2824 782 2865 non
832 2812 964 2867 illud
1012 2817 1338 2873 necessitate
1379 2818 1749 2891 contingeret,
1799 2825 1960 2894 quasi

378 2914 503 2952 cum
554 2899 609 2954 in
655 2901 828 2958 lucem
872 2912 926 2960 et
956 2914 1204 2976 apertum
1237 2916 1430 2964 natura
1462 2911 1831 2980 produxisset,
1864 2917 1960 2973 sed

383 2989 717 3061 indulgentia
761 2995 993 3064 quadam
1042 2997 1262 3067 potius;
1316 3015 1493 3072 neque
1543 3003 1618 3059 ita
1674 3013 1733 3060 ut
1779 3006 1962 3064 subito

383 3092 549 3145 metu,
600 3092 762 3154 atque
806 3101 874 3142 ex
921 3088 1219 3158 improviso
1256 3103 1561 3166 pra'terque
1595 3100 1960 3168 exspectatio-

2056 1905 2122 1959 τὸ
2151 1906 2252 1959 οὐκ
2276 1907 2335 1959 ὲν
2365 1908 2579 1978 ὁρατοῖς
2612 1904 3001 1975 ἐξεταζόμενον
3026 1902 3138 1959 ἀπὺ
3166 1900 3260 1956 τοῦ
3297 1901 3505 1957 κτύπου
3532 1900 3640 1953 τῶν

2059 1995 2325 2051 κωδώνων
2344 1998 2442 2068 τῆς
2467 1995 2664 2051 ἑαυτοῦ
2691 1996 2952 2067 συστολῆς
2977 1996 3314 2067 πρωνοείτο;
3343 1995 3504 2064 Ἔχον
3530 1991 3641 2064 γὰρ

2059 2086 2120 2143 τὸ
2156 2089 2388 2159 ἀόρατον
2428 2088 2571 2142 κατὰ
2615 2087 2809 2157 φύσιν,
2850 2089 2951 2141 οὐκ
2991 2086 3059 2141 ἂν
3107 2086 3427 2151 ὠπτάνετο,
3467 2087 3516 2139 εί
3562 2084 3643 2155 μὴ

2058 2177 2270 2249 ἢθελεν.
2317 2179 2380 2233 Ei
2420 2179 2479 2233 δὲ
2514 2180 2609 2234 καὶ
2660 2178 2817 2251 ὤφθη
2852 2179 2932 2242 δὲ,
2980 2177 3168 2232 οὐκέτι
3212 2175 3358 2230 κατὰ
3393 2176 3642 2245 ἀνάγκην

2060 2268 2331 2337 ἐφαίνετο,
2361 2270 2459 2340 τῆς
2501 2269 2720 2338 φύσεως
2766 2268 2931 2323 αὑτὸν
2972 2268 3215 2337 ἀγούσης
3242 2268 3324 2332 είς
3360 2267 3422 2321 τὸ
3452 2265 3642 2337 φαίνε-

2062 2359 2207 2425 σθαι,
2238 2360 2373 2416 ἀλλὰ
2415 2362 2557 2415 κατὰ
2590 2361 2773 2432 χάριν,
2798 2360 2864 2413 οὐ
2898 2359 3049 2431 φόϐῳ
3078 2360 3175 2413 καὶ
3196 2358 3465 2431 προλήψει
3489 2357 3644 2429 παρὰ

2060 2451 2388 2523 προσδοκίαν
2421 2454 2551 2507 ἄνευ
2593 2452 2824 2517 κτύπου,
2860 2453 2941 2515 είς
2970 2450 3033 2505 τὸ
3076 2450 3235 2522 δῆλον
3277 2450 3642 2513 καθιστῶντος

2059 2542 2160 2613 τὴν
2185 2543 2355 2597 αὐτοῦ
2380 2544 2670 2601 ὀπτασίαν.
2712 2545 2825 2599 Καὶ
2854 2543 3031 2607 οὕτως
3059 2542 3206 2597 κατὰ
3236 2541 3416 2596 πάντα
3439 2542 3644 2612 τρόπον

2057 2633 2311 2687 διέπεσεν
2344 2636 2374 2687 ό
2408 2634 2586 2688 αὐτῶν
2629 2633 2834 2704 ψευδὴς
2867 2634 2960 2688 καὶ
2994 2631 3515 2703 παραπεποιημένος
3556 2629 3647 2682 λό-

2059 2742 2176 2795 γος.
2222 2728 2332 2781 Καὶ
2361 2726 2533 2781 πολλά
2559 2730 2706 2783 ἐστιν
2740 2727 2895 2794 ἄλλα,
2925 2726 2962 2781 ἃ
2988 2725 3206 2795 λέγουσι
3229 2723 3453 2796 ληρώδη
3472 2740 3486 2754 ·
3522 2722 3648 2776 καί-
3727 2724 3737 2733 ’

2060 2835 2210 2889 τοίγε
2247 2819 2342 2874 τοῦ
2388 2820 2658 2892 Ζαχαρίου
2695 2820 2771 2891 μὴ
2819 2817 3254 2880 ἀποκτανθέντος
3289 2815 3473 2881 εὐθὺς,
3508 2814 3677 2903 ἀλλὰ,

2062 2914 2155 2967 καὶ
2202 2913 2581 2985 ὲπιμείναντος
2627 2913 2840 2984 ἡμέρας
2894 2912 3038 2982 μετά
3083 2909 3180 2977 τὴν
3242 2907 3339 2962 τοῦ
3392 2908 3642 2962 Ἰωάννου

2062 3005 2348 3077 γέννησιν,
2395 3005 2489 3060 καὶ
2533 3005 3014 3078 προφητεύσαντος
3046 3004 3177 3074 περὶ
3222 3002 3319 3057 τοῦ
3372 3002 3645 3068 Ἰωάννου,

2064 3098 2159 3151 καὶ
2198 3098 2328 3169 περὶ
2355 3098 2455 3168 τῆς
2486 3098 2790 3169 παρουσίας
2824 3096 3055 3168 Κυρίου,
3081 3097 3177 3150 καὶ
3208 3095 3479 3167 ἑνσάρκου
3517 3112 3645 3164 γεν-

380 3189 527 3239 nem,
572 3191 868 3246 suppresso
919 3179 1011 3234 illo
1063 3182 1267 3249 sonitu,
1324 3186 1497 3255 palam
1556 3204 1616 3244 se
1665 3190 1956 3248 videndum

2064 3192 2275 3262 νήσεως
2295 3190 2408 3244 ἀπὸ
2439 3191 2540 3260 τῆς
2565 3191 2727 3259 ἁγίας
2768 3189 3051 3262 Παρθένου
3085 3190 3301 3261 Μαρίας
3341 3188 3431 3243 διὰ
3471 3186 3646 3243 Πνεύ-

381 3267 663 3334 ρι’ωῢθτει.
718 3270 797 3322 ita
841 3272 990 3326 omni
1041 3289 1107 3329 ex
1148 3286 1301 3345 parte
1354 3277 1489 3335 falsa
1537 3282 1751 3337 illorqu
1798 3292 1961 3355 atque

377 3358 638 3413 ementita
682 3362 825 3415 ratio
871 3365 1128 3422 concidit.
1174 3366 1279 3425 Sed
1310 3372 1416 3426 alia
1447 3373 1693 3443 quaedam
1726 3376 1959 3445 plurima

381 3458 542 3511 sunt,
578 3465 699 3520 qua:
741 3457 1025 3525 nugatorie
1062 3467 1223 3530 atque
1251 3461 1482 3517 inaniter
1508 3465 1719 3529 jactare
1763 3468 1959 3523 solent.

384 3534 544 3604 Atqui
570 3553 744 3609 neque
775 3540 919 3598 illico
946 3552 1027 3600 est
1058 3546 1376 3606 interiectus
1407 3551 1736 3622 Zacharias;
1765 3566 1819 3611 et
1839 3567 1963 3628 post

380 3636 560 3683 ortum
590 3628 816 3695 Joannis
850 3633 959 3706 95
988 3638 1164 3693 adhuc
1216 3641 1371 3706 vixit,
1410 3643 1585 3715 deque
1636 3662 1724 3711 eo,
1782 3663 1846 3705 ac
1890 3650 1961 3707 de

380 3719 587 3776 Christi
620 3724 876 3792 adventu,
905 3736 960 3784 et
993 3730 1241 3800 ejusdem
1271 3738 1569 3793 secundum
1600 3756 1824 3797 carnem
1862 3758 1961 3814 per

2061 3299 2236 3353 ματος
2265 3283 2446 3352 ἁγίου,
2468 3283 2543 3347 ὡς
2567 3284 2716 3352 λέγει
2739 3300 2752 3314 ⁸
2780 3283 2889 3337 Καὶ
2921 3282 3025 3343 σὺ.
3052 3281 3311 3347 παιδίον,
3334 3280 3649 3351 προφήτης

2073 3376 2360 3445 Ὑψίστου
2400 3375 2706 3445 κληθήσῃ.
2744 3375 3140 3442 Προπορεύσῃ
3173 3373 3284 3443 γὰρ
3318 3366 3432 3443 πρὸ
3460 3389 3649 3442 προσ-

2060 3468 2227 3522 ώπου
2255 3468 2477 3536 Κυρίου
2497 3467 2807 3537 ἑτοιμάσαι
2834 3466 3015 3534 ὀδοὺς
3047 3467 3258 3531 αὐτοῦ,
3289 3464 3649 3534 ἐπιστρέψαι

2062 3560 2315 3628 καρδίας
2342 3560 2613 3627 πατέρων
2632 3559 2731 3612 ἐπὶ
2762 3558 2967 3623 τέκνα,
2994 3558 3093 3614 καί
3122 3556 3389 3623 ἀπειθεῖς
3407 3557 3478 3611 ἐν
3501 3573 3648 3626 εφο-

2067 3652 2267 3720 νήσει,
2305 3651 2400 3704 καὶ⁸
2422 3650 2490 3704 τὰ
2516 3649 2662 3722 ἑξῆς.
2703 3650 2852 3705 Πόσα
2870 3650 2943 3704 ’δὲ
2972 3650 3111 3705 ἀλλὰ
3144 3649 3295 3703 ἔστιν
3314 3650 3493 3702 είπείν
3515 3649 3649 3720 περὶ

2064 3745 2167 3814 τῆς
2188 3744 2370 3798 αὐτῶν
2394 3743 2764 3815 ψευδηγορίας
2788 3745 2882 3798 καὶ
2909 3743 3002 3797 τοῦ
3024 3742 3205 3796 αὐτῶν
3230 3740 3502 3814 μιασμοῦί

384 3816 648 3886 Spiritum
694 3832 944 3880 sanctum
986 3842 1018 3883 e
1064 3830 1219 3885 beata
1260 3830 1481 3904 Virgine
1524 3835 1689 3891 Maria
1752 3841 2101 3909 generatione
2164 3840 2496 3896 vaticinatus
2534 3846 2622 3894 est
2652 3839 2737 3894 bis
2799 3840 2981 3896 verbis
3030 3858 3043 3893 :
3081 3837 3150 3891 Et
3193 3847 3269 3904 tu,
3307 3851 3458 3904 puer,
3524 3851 3652 3903 pro-

379 3908 535 3977 pheta
561 3912 828 3970 Altissimi
859 3918 1167 3975 vocaberis:
1231 3926 1445 3990 pmibis
1474 3930 1613 3982 enim
1651 3908 1774 3984 ante
1806 3932 1997 3998 [aciem
2039 3931 2261 3987 Domini
2306 3944 2499 4002 parare
2549 3933 2662 3987 vias
2707 3931 2822 3996 eius
2871 3932 2924 3995 ‘;
2962 3931 3035 3985 ad
3072 3926 3423 3983 convertenda
3482 3926 3649 3981 corda

380 4013 592 4070 patrum
621 4008 675 4062 in
703 4010 847 4079 ﬁlios
875 4022 924 4066 et
954 4014 1348 4087 inobsequentes
1372 4023 1443 4074 ad
1470 4023 1808 4091 prudentiam
1834 4027 1876 4090 ',
1899 4034 2010 4080 etc.
2048 4026 2265 4093 Quanta
2292 4042 2420 4084 vero
2449 4026 2518 4082 ad
2547 4040 2738 4082 eorum
2763 4025 3047 4080 mendacia
3078 4021 3478 4087 convincenda,
3507 4036 3648 4076 con-

381 4102 574 4186 traque
606 4097 1027 4156 abominandam
1052 4102 1199 4159 illam
1228 4106 1506 4163 libidinem
1536 4124 1566 4163 a
1595 4112 1756 4167 nobis
1778 4112 1966 4168 alierri
2004 4125 2235 4186 possunt
2263 4118 2277 4171 i

452 4184 588 4240 XIII.
618 4188 794 4258 Atque
835 4200 893 4246 ut
939 4193 1007 4248 de
1044 4195 1262 4251 illorum
1304 4198 1527 4261 Levitis,
1570 4206 1652 4256 sic
1682 4202 1828 4256 enim
1873 4219 1972 4275 ap-

382 4275 606 4345 pellant,
623 4282 873 4336 nonnihil
900 4284 1149 4343 dicamus
1171 4309 1185 4354 ;
1207 4290 1296 4344 isti
1322 4305 1431 4345 non
1466 4307 1592 4346 cum
1619 4295 1966 4363 mulieribus,

380 4368 478 4424 sed
510 4385 696 4424 secum
731 4373 960 4430 invicem
987 4378 1321 4444 miscentur;
1354 4397 1418 4438 ac
1456 4376 1666 4439 scilicet
1694 4389 1966 4459 praecipua

2138 4207 2239 4263 ﬂ".
2274 4210 2342 4262 Ol
2364 4209 2421 4262 δὲ
2450 4205 2679 4262 Λευῖται
2714 4207 2844 4280 παρ’
2870 4206 3054 4280 αὐτοῖς
3079 4205 3427 4277 καλούμενοι,
3454 4204 3519 4258 ού
3557 4205 3649 4275 μία

2067 4315 2288 4366 σγονται
2309 4297 2579 4368 γυναιξὶν,
2603 4297 2739 4352 ἀλλὰ
2762 4296 3014 4383 ἀλλήλοις
3034 4295 3344 4367 μίσγονται.
3366 4295 3480 4349 Καὶ
3497 4289 3649 4348 οὗτοί

2061 4390 2202 4444 εἰσιν
2226 4391 2278 4444 οἱ
2311 4391 2630 4464 προκριτέοι
2659 4391 2790 4462 παρ’
2815 4389 3000 4451 αὐτοῖς
3025 4387 3186 4459 δῆθεν
3214 4386 3311 4441 καὶ
3346 4384 3645 4439 ὲπαινετοί.

381 4460 524 4516 inter
552 4462 676 4519 illos
710 4464 973 4534 dignitate
1013 4483 1077 4522 ac
1123 4470 1282 4527 laude
1316 4474 1789 4533 commendantur.
1819 4480 1957 4535 Tum

2065 4460 2426 4550 Καταγελῶσι
2448 4460 2506 4537 δὲ
2537 4482 2727 4536 λοιπὸν
2744 4460 2859 4534 τῶν
2885 4481 2985 4552 τὴν
3009 4478 3286 4533 πολιτείαν
3308 4477 3646 4539 ἀσκούντων,

378 4568 511 4607 vero
558 4569 654 4609 eos
699 4571 893 4611 omnes
945 4558 1223 4626 derident,
1265 4564 1360 4633 qui
1409 4568 1776 4625 monasticum
1832 4571 1959 4627 vitae

376 4658 550 4714 genus
577 4646 810 4717 amplexi
838 4658 987 4714 sunt,
1024 4659 1122 4706 aut
1145 4654 1453 4712 castitatem
1480 4656 1958 4731 virginitatemque

379 4734 723 4802 proﬁtentur,
755 4738 899 4807 quod
936 4738 1137 4795 frustra
1167 4742 1222 4796 id
1254 4743 1359 4801 sibi
1406 4748 1670 4803 molestiae
1706 4765 1772 4805 ac
1805 4750 1967 4807 labo—‘

366 4826 458 4880 ‘ris
494 4826 797 4896 imponant.
846 4828 1113 4886 Praeterea
1156 4835 1492 4903 evangeliqu
1536 4838 1810 4907 quoddam
1850 4842 1958 4897 sub

379 4917 612 4989 l’itiiippi
654 4921 989 4977 sanctissimi
1030 4922 1234 4979 Christi
1276 4925 1530 4996 discipuli
1576 4931 1797 4985 nomine
1841 4930 1957 4985 οἰνέ-

376 5004 711 5068 cumrerum,
743 5008 797 5061 in
818 5022 928 5078 quo
957 5007 1062 5062 ista
1088 5017 1411 5064 narrantur:
1440 5010 1599 5075 Mihi,
1634 5014 1829 5084 inquit,
1854 5014 1958 5069 Do-

379 5095 554 5149 minus
607 5100 852 5165 aperuit,
909 5102 1098 5172 quibus
1146 5104 1331 5156 anima
1376 5104 1541 5158 verbis
1596 5106 1674 5158 uti
1731 5124 1851 5161 cum
1904 5110 1957 5163 in

377 5184 568 5236 sarium
597 5187 853 5251 ascendit,
890 5206 952 5242 ac
998 5190 1440 5260 quemadmodum
1490 5194 1769 5265 unicuique
1799 5196 1956 5251 cccle-

379 5276 539 5328 stium
591 5277 845 5330 virtutum
889 5283 1200 5349 respondere
1252 5284 1456 5338 debeat.
1493 5283 1765 5339 Nimirum
1789 5303 1807 5340 :
1842 5286 1955 5358 Ego

380 5371 629 5438 meipsam
682 5373 901 5439 agnovi,
947 5386 1102 5445 atque
1159 5377 1499 5449 undequath
1543 5379 1762 5450 collegi;
1796 5398 1958 5451 neque

377 5463 603 5530 principi
641 5462 785 5532 ﬁlios
816 5465 992 5533 genui,
1046 5469 1139 5520 sed
1171 5469 1286 5537 ejus
1327 5471 1531 5524 radices
1558 5473 1863 5540 exstirpari,
1895 5491 1958 5526 ac

377 5550 643 5618 dissipata
678 5554 908 5609 membra
942 5557 994 5609 in
1024 5574 1183 5611 unum
1213 5562 1392 5632 coegi;
1433 5572 1579 5632 teque
1610 5564 1740 5617 adeo
1766 5565 1855 5631 qui
1885 5568 1956 5620 sis

460 5731 823 5797 'Luc.t.7o.
900 5736 1076 5791 ’ibid.
1114 5735 1192 5790 l7.
1273 5739 1290 5765 ε
1328 5756 1391 5807 ηπ
1453 5742 1525 5789 -:~,:.

2060 4573 2155 4626 καὶ
2198 4574 2442 4642 ἁγνείαν,
2478 4574 2575 4629 καὶ
2618 4572 2939 4644 παρθενίαν,
2968 4570 3047 4635 ὡς
3087 4571 3171 4634 εἰς
3209 4570 3386 4641 μάτην
3413 4569 3505 4621 τὸν
3545 4567 3650 4622 κά-

2064 4680 2232 4734 ματον
2281 4665 2741 4737 ἀναδεδεγμένων.
2799 4663 3181 4737 Προσφερουσι
3225 4661 3284 4715 δὲ
3336 4663 3418 4725 εἰς
3470 4658 3646 4731 ὄνομα

2058 4753 2326 4808 Φιλίππου
2370 4744 2465 4809 τού
2503 4757 2660 4825 ἁγίου
2700 4754 2946 4827 μαθητοῦ
2972 4754 3290 4823 εὐαγγέλιον
3318 4751 3646 4821 πεπλασμέ-

2060 4862 2172 4912 νον,
2201 4847 2284 4900 ὄτι
2318 4847 2514 4918 φησιν’
2564 4846 2939 4916 Ἅπεκάλυψέ
2960 4864 3064 4917 μοι
3103 4849 3138 4901 ό
3169 4846 3410 4914 Κύριος,
3440 4845 3501 4897 τί
3530 4843 3648 4912 τὴν

2060 4937 2275 5006 ψυχὴν
2297 4938 2392 4993 δεῖ
2412 4938 2617 5010 λέγειν
2643 4941 2714 4994 ἐν
2732 4940 2813 5006 τῷ
2841 4941 3076 4995 ἀνιέναι
3110 4941 3200 5004 είς
3231 4937 3342 4991 τὸν
3356 4937 3643 5007 οὐρανὸν,

2063 5028 2162 5081 καὶ
2202 5027 2328 5095 πῶς
2365 5030 2592 5098 ἑκάστῃ
2633 5029 2753 5084 τῶν
2801 5030 2924 5085 ἄνω
2964 5029 3280 5099 δυνάμεων
3322 5029 3646 5098 ἀποκρίνε-

2059 5120 2219 5173 σθαι.
2255 5120 2374 5173 Ὅτι
2398 5119 2667 5189 ἐπέγνων
2689 5119 2978 5191 ἐμαυτὴν,
3009 5121 3166 5191 φησὶ,
3193 5119 3294 5173 καὶ
3330 5118 3642 5183 συνέλεξα

2061 5206 2327 5276 ἐμαυτὴν
2355 5212 2753 5279 πανταχόθεν,
2776 5210 2873 5263 καὶ
2912 5212 3022 5264 οὐκ
3048 5210 3301 5276 ἔσπειρα
3328 5208 3534 5272 τέκνα,
3564 5206 3647 5272 τῷ

2064 5296 2327 5367 ἄρχοντι,
2370 5301 2533 5355 ἀλλὰ
2569 5299 2921 5370 ἐξερῤίζωσα
2952 5299 3059 5367 τὰς
3090 5298 3260 5368 ρἰὶις
3296 5296 3508 5359 αὐτοῦ,
3543 5296 3641 5350 καὶ

2065 5389 2373 5456 συνέλεξα
2417 5392 2487 5447 τὰ
2511 5393 2668 5463 μέλη
2710 5394 2783 5448 τὰ
2820 5390 3351 5461 διεσκορπισμένα,
3382 5390 3481 5443 καὶ
3512 5384 3646 5443 οἶδά

2064 5495 2140 5534 σε
2169 5483 2259 5548 τίς
2287 5480 2362 5538 εἷ.
2406 5485 2554 5554 Ἐγὼ
2586 5486 2717 5555 γὰρ,
2756 5486 2909 5556 φησὶ,
2959 5484 3077 5538 τῶν
3106 5484 3337 5537 ἄνωθέν
3360 5484 3497 5549 ειμι.
3532 5480 3642 5531 Καὶ

2071 5569 2263 5637 οὕτως,
2297 5576 2481 5644 φησὶν,
2534 5576 2847 5631 ἀπολύεται.
2894 5576 3019 5631 Ἐὰν
3057 5576 3141 5639 δὲ,
3195 5572 3394 5644 φησὶν,
3441 5568 3639 5641 εὑρεθῇ

3529 325 3636 381 552
3746 328 3751 333 ’
