3960 6140
301 326 407 381 355

977 326 1343 383 Αυνιειιευε.
1384 327 1723 383 IUERESES
1762 328 1889 384 LIB.
1915 328 1955 383 1.
1979 328 2140 386 ΤΟΜ.
2184 330 2247 386 il.
2289 331 2656 390 —llefiES.
2698 333 2885 390 XXVI.

3450 338 3556 395 556

298 442 609 513 γεννήσασα
658 442 803 507 υἱον,
853 445 1144 514 κατέχεται
1183 445 1361 508 κάτω,
1409 445 1513 507 ἕως
1543 444 1611 499 ἂν
1653 444 1722 499 τὰ
1765 445 1874 500 ἴδια

1980 448 2095 503 novi
2130 465 2148 503 :
2189 465 2309 504 sunt
2349 450 2488 503 enim
2531 466 2558 504 e
2605 452 2893 506 caelestium
2947 467 3201 506 numero;
3233 451 3411 523 Atque
3453 454 3559 511 hoc

300 531 470 586 τέκνα
500 531 700 603 δυνηθῇ
742 533 1053 597 ἀναλαϐεῖν,
1083 533 1177 587 καὶ
1216 532 1509 587 ἀνελκύσαι
1538 535 1618 598 είς
1654 535 1875 605 ἑαυτήν.

302 624 418 681 Καὶ
452 623 626 679 ταῦτὰ
666 628 780 681 ἐστι
815 628 886 681 τὰ
923 626 1139 700 ληρώδη
1163 628 1341 683 αὐτῶν
1385 628 1480 684 καὶ
1521 627 1738 700 μυθώδη
1759 645 1770 657 ·
1803 630 1879 694 ὡς

302 718 399 772 καὶ
430 716 559 788 περὶ
598 717 694 772 τοῦ
737 719 895 787 ἁγίου
945 720 1100 774 Ἠλία
1127 720 1367 791 τολμῶσι
1411 720 1746 792 βλασφημεῖν
1785 721 1880 776 καὶ

303 806 507 874 λέγειν,
538 808 621 861 ὅτι
649 809 847 879 φησίν
883 809 1013 883 Ὅτε
1056 809 1353 881 ἀνελήφθη,
1383 811 1691 881 κατεϐλήθη
1720 810 1881 865 πάλιν

304 900 387 960 είς
413 896 507 950 τὸν
539 897 766 970 κόσμον.
793 896 965 954 Ἦλθε
1009 903 1143 973 γὰρ,
1181 903 1348 975 φησὶ,
1388 903 1486 973 μία
1516 902 1746 973 δαίμων,
1785 904 1879 956 καὶ

306 990 603 1062 ἐκράτησε,
638 993 733 1046 καὶ
774 988 926 1047 εἶπεν
968 994 1139 1066 αὐτῷ,
1169 996 1251 1048 ὅτι
1296 995 1405 1049 Ποῦ
1444 995 1685 1067 «operiri;
1732 996 1880 1066 Ἐχω

306 1081 419 1153 γὰρ
450 1082 616 1137 τέκνα
643 1084 751 1138 ἀπὸ
801 1084 895 1138 σοῦ
916 1127 930 1151 ,
966 1086 1061 1141 καὶ
1113 1087 1176 1141 ού
1218 1086 1444 1142 δύνασαι
1480 1088 1756 1150 ἀνελθεῖν,
1786 1087 1879 1142 καὶ

310 1167 411 1226 ὧδε
445 1176 662 1244 ἀφεῖναι
690 1176 760 1230 τὰ
788 1176 956 1232 τέκνα
993 1193 1109 1231 σου.
1141 1179 1270 1243 Καὶ,
1303 1179 1460 1250 φησὶ,
1497 1180 1673 1249 λέγει’
1708 1179 1879 1235 Πόθεν

308 1266 457 1336 ἔχεις
508 1267 674 1320 τέκνα
732 1269 827 1323 ἀπ’
857 1268 1016 1341 ἑμοῦ,
1064 1270 1157 1324 καὶ
1198 1271 1308 1339 ἐγὼ
1351 1272 1498 1343 ἢμην
1544 1274 1601 1325 ὲν
1646 1272 1876 1343 ἁγνείας

306 1356 515 1422 Λέγει,
571 1356 735 1426 φησί’
794 1358 940 1415 Ναὶ.
985 1359 1075 1413 ὅτε
1124 1361 1391 1424 ἐνυπνίοις
1426 1360 1880 1433 ὲνυπνιαξόμενος

308 1447 572 1512 πολλάκις
619 1450 678 1502 ὲν
720 1451 786 1521 τῇ
820 1451 1089 1523 ἀποῤῥοίᾳ
1120 1452 1229 1507 τῶν
1274 1455 1539 1525 σωμάτων
1584 1453 1878 1528 ὲκενώθης,

308 1539 421 1609 ἐγὼ
444 1541 593 1612 ήμην
620 1543 652 1612 ἡ
685 1542 1064 1611 μεταλαδοῦσα
1087 1545 1193 1597 ἀπὸ
1214 1544 1307 1599 σοῦ
1345 1545 1414 1600 τὰ
1447 1546 1757 1618 σπέρματα,
1786 1546 1881 1599 καὶ

305 1632 555 1699 γεννῶσά
584 1650 665 1687 σοι
699 1633 868 1698 υἱούς.
905 1634 1083 1706 Πολλὴ
1107 1636 1164 1688 δὲ
1201 1637 1381 1710 μωρία
1410 1636 1518 1690 τῶν
1551 1637 1622 1692 τὰ
1659 1635 1880 1690 τοιαῦτα

306 1723 596 1793 λεγόντων.
621 1725 745 1789 Πῶς
771 1725 879 1795 γὰρ
911 1725 1134 1781 δύναται
1156 1727 1385 1799 δαίμων,
1417 1727 1634 1799 πνεῦμα
1663 1728 1724 1782 ὃν
1751 1728 1882 1782 axe.

1979 540 2164 602 modo,
2200 540 2476 610 inquiunt,
2512 541 2600 596 illa
2628 541 3073 599 diinittitur.-Sin
3103 550 3281 598 autem
3314 545 3555 600 sobolem

1979 646 2310 702 propagasse
2335 633 2625 702 reperitur,
2667 633 2855 687 tandiu
2891 632 3032 688 infra
3065 631 3356 700 detinetur.
3382 636 3559 691 donec

1981 722 2122 778 lilios
2156 737 2288 776 suos
2328 721 2569 792 recipere
2607 722 2863 793 potuerit,
2895 731 2949 776 et
2985 722 3053 777 ad
3093 725 3439 793 semetipsam
3477 732 3560 780 at-
3632 743 3640 751 ’

1981 813 2216 868 trahere.
2253 811 2348 868 Hae
2395 821 2523 868 sunt
2576 829 2733 884 nugae
2778 813 2997 869 illorum
3036 829 3099 869 ac
3128 818 3359 871 somnia.
3400 813 3559 870 Velut

1978 904 2139 960 etiam
2168 905 2259 958 illa
2286 912 2435 971 sunt,
2464 919 2584 976 quae
2630 905 2683 959 in
2721 910 2970 961 sanetum
3003 888 3173 959 Eliam
3212 907 3559 961 exsecranda:

1980 996 2266 1065 cujusdam
2319 996 2477 1066 plena
2523 997 2867 1052 contumelia:
2904 996 3200 1067 praedicare
3236 1012 3559 1052 nouveren-

1981 1094 2070 1141 tur
2102 1104 2116 1142 :
2152 1102 2298 1151 eum,
2334 1102 2458 1140 cum
2496 1087 2551 1142 in
2599 1087 2796 1143 caelum
2828 1098 3047 1143 evectus
3078 1094 3244 1152 esset,
3273 1103 3468 1143 rursus
3502 1086 3558 1142 in

1980 1178 2128 1235 hunc
2179 1179 2441 1235 mundum
2499 1179 2669 1235 fuisse
2715 1179 3004 1249 deiectum.
3061 1174 3217 1234 Venit
3261 1179 3431 1243 enim,
3477 1180 3559 1232 inv

1980 1266 2196 1335 quiunt,
2224 1282 2256 1323 e
2293 1282 2521 1322 numero
2556 1266 2880 1323 feminarum
2931 1268 3239 1323 daemonum
3276 1283 3404 1333 una,
3441 1283 3561 1340 quae

1982 1357 2130 1412 illum
2161 1360 2459 1429 superavit.
2496 1358 2564 1413 Et
2588 1376 2698 1430 quo
2720 1368 2775 1413 tu
2806 1360 3026 1416 tandem
3046 1361 3242 1427 ?dixit,
3272 1361 3384 1434 Ego
3413 1364 3558 1419 enim

1980 1463 2010 1502 a
2053 1456 2108 1505 te
2146 1449 2348 1507 liberos
2383 1450 2576 1514 habeo,
2624 1466 2802 1520 neque
2852 1466 3070 1506 sursum
3119 1453 3338 1508 evolare
3382 1461 3558 1523 potes,

1981 1550 2145 1612 atque
2197 1544 2287 1599 hic
2332 1532 2456 1599 tuos
2515 1529 2843 1614 relinquere.
2894 1544 2975 1598 Ad
3038 1545 3154 1600 haec
3196 1547 3563 1616 respondente

1980 1635 2095 1690 Elia
2130 1655 2142 1689 :
2185 1635 2252 1690 Et
2288 1636 2558 1691 undenam
2589 1637 2656 1691 de
2685 1652 2770 1691 me
2799 1636 2939 1693 filios
2982 1636 3105 1694 illos
3138 1637 3400 1704 habuisti,
3433 1654 3560 1693 cum

1981 1744 2082 1800 ego
2114 1729 2494 1784 castimoniam
2518 1736 2780 1799 perpetuo
2799 1729 3168 1785 servaverim?
3198 1728 3360 1793 Sane,
3385 1731 3563 1800 inquit

308 1814 507 1887 θαρτον
539 1816 633 1869 καὶ
675 1793 988 1887 ἀσώματον,
1020 1793 1287 1888 σωμάτιον
1317 1793 1787 1890 μεταλαμϐάνειν;
1815 1820 1877 1872 Ei

1983 1818 2092 1872 illa.
2122 1819 2257 1873 Cum
2292 1818 2436 1872 enim
2482 1817 2539 1871 in
2588 1817 2797 1873 somnis
2847 1816 3114 1872 eﬂusione
3156 1819 3382 1887 seminis
3421 1834 3564 1888 saepe

305 1905 364 1958 δὲ
412 1907 507 1960 καί
556 1906 664 1960 ἀπὸ
715 1906 987 1978 σωμάτων
1042 1906 1448 1979 μεταλαμϐάνει
1493 1910 1588 1963 καὶ
1630 1910 1878 1972 κυΐσκειε,

304 1999 491 2052 οὐκέτι
527 2000 646 2052 ἐστὶ
685 2000 921 2070 πνεῦμα,
971 1999 1106 2053 ἀλλὰ
1136 1999 1315 2071 σῶμα.
1344 2000 1512 2071 Σῶμα
1547 2000 1601 2054 δὲ
1641 2000 1724 2062 ὃν,
1764 2000 1882 2064 πῶς

304 2094 459 2145 ἐστιν
491 2093 721 2165 ἀόρατον
763 2093 857 2147 καὶ
904 2092 1150 2163 πνεῦμα;
1193 2092 1303 2146 Kal.
1335 2092 1505 2165 πολλὴ
1544 2093 1743 2147 ἀτοπία
1780 2093 1880 2161 τῆς

304 2182 486 2235 αὐτῶν
531 2182 886 2253 μωρολογίας.
934 2182 1221 2236 Βούλονται
1263 2182 1371 2255 γὰρ
1409 2184 1507 2253 τὴν
1550 2185 1667 2237 κατ’
1702 2182 1882 2236 αὐτῶν

307 2272 611 2343 μαρτυρίαν
632 2272 731 2344 τὴν
756 2273 863 2325 ἀπὸ
884 2273 984 2343 τῆς
1024 2272 1342 2343 Ἐπιστολῆς
1361 2272 1454 2326 τοῦ
1481 2272 1649 2326 Ἰούδα
1682 2273 1881 2343 μᾶλλον

302 2367 385 2428 εἰς
425 2366 651 2429 ἑαυτοὺς
678 2365 837 2435 δῆθεν
870 2365 1193 2433 ἐπάγεσθαι,
1233 2366 1290 2419 ὲν
1320 2365 1401 2436 τῷ
1427 2364 1637 2433 λέγειν·
1675 2366 1784 2420 Καὶ
1827 2368 1882 2420 οὶ

298 2456 417 2526 μὲν
452 2456 942 2525 ἐνυπνιαζόμενοι
985 2457 1095 2527 (78)
1133 2456 1331 2526 σάρκα
1380 2455 1498 2525 μὲν
1548 2457 1879 2526 μιαίνουσι,

302 2548 621 2616 κυριότητα
643 2547 711 2601 δὲ
731 2548 1013 2602 ἀθετοῦσι
1040 2563 1053 2577 ’
1085 2547 1268 2613 δόξας
1295 2546 1363 2600 δὲ
1380 2529 1877 2617 βλασφημοῦσιν.

302 2639 419 2692 Οὐκ
448 2634 569 2692 εἷπε
599 2638 656 2692 δὲ
683 2640 712 2692 ὑ
748 2639 1011 2710 μακάριος
1048 2638 1249 2703 Ἰούδας
1287 2639 1515 2708 ἁδελφὸς
1542 2638 1636 2713 τοῦ
1676 2640 1881 2711 Κυρίου

304 2727 434 2798 περὶ
485 2726 957 2799 ὲνυπνιαζομένων
985 2729 1043 2781 ὲν
1083 2728 1349 2799 σώμασιν.
1404 2729 1580 2793 Εὐθὺς
1611 2730 1719 2801 γὰρ
1763 2731 1882 2782 ἐπι-

302 2818 461 2891 φέρει
491 2819 587 2873 καὶ
634 2819 906 2884 δεικνύει,
941 2820 1023 2873 ὄτι
1073 2819 1202 2890 περὶ
1259 2819 1366 2872 τῶν
1412 2819 1882 2890 ἐνυπνιαζομένων

301 2908 485 2979 λέγει,
522 2910 632 2963 τῶν
675 2909 982 2964 λαλούντων
1018 2910 1094 2975 ὡς
1137 2910 1203 2963 δι’
1241 2910 1538 2981 ὀνειράτων
1582 2911 1650 2964 τὰ
1701 2910 1882 2964 αὐτῶν

304 3001 551 3071 ῥήματα,
577 3002 672 3054 καὶ
712 3001 812 3054 οὐκ
852 3002 1117 3072 ἀνανήψει
1156 3003 1543 3074 γρηγορήσεως
1584 3001 1878 3074 λογισμῶν.

302 3092 417 3146 Kal.
461 3092 569 3165 γὰρ
615 3093 710 3147 καὶ¹
745 3093 874 3165 περὶ
917 3091 1023 3146 τῶν
1060 3097 1117 3147 ὲν
1158 3094 1511 3165 Ἰερουσαλὴμ
1544 3094 1878 3150 διδασκάλων
1905 3132 1947 3188 c

301 3182 452 3251 λέγει
492 3184 715 3247 Ἡσαΐας
736 3201 749 3214 ’
789 3183 1018 3250 Πάντες
1049 3186 1230 3252 κύνες
1266 3185 1422 3239 ἐνεοί
1455 3189 1528 3239 οὐ
1559 3185 1880 3256 δυνάμενοι

299 3275 621 3340 ὑλακτεῖν,
661 3276 1148 3346 ἐνυπνιαζόμενοι
1199 3280 1442 3346 κοίτην,
1477 3280 1572 3333 καὶ
1618 3280 1688 3333 τὰ
1733 3279 1878 3351 ἑξῆς.

301 3370 415 3423 Καὶ
441 3363 541 3422 ὧδε
570 3370 623 3424 δὲ
655 3372 749 3425 καὶ
785 3376 841 3425 ὲν
871 3375 935 3443 τῇ
963 3370 1055 3425 τοῦ
1105 3372 1275 3426 Ἰούδα
1320 3373 1604 3445 Ἐπιστολῇ
1642 3374 1882 3429 δείκνυσι

196 3472 211 3487 ⁸
299 3459 494 3529 λέγων·
526 3462 1044 3533 Ὲνυπνιαζῖίμενοι
1074 3465 1304 3531 κοίτην,
1339 3464 1377 3517 ἁ
1399 3466 1510 3519 οὐκ
1545 3464 1746 3519 οἴδασι
1779 3466 1881 3520 λέ-

302 3569 531 3623 γοντες.
565 3556 674 3608 Καὶ
720 3555 940 3623 ἔδειξεν,
985 3558 1066 3611 ὅτι
1113 3558 1175 3610 οὐ
1213 3557 1342 3628 περὶ
1372 3556 1472 3626 τῆς
1516 3558 1882 3623 ὲνυπνιάσεως

1980 1924 2183 1980 corpus
2213 1910 2557 1973 exhaurires,
2585 1925 2685 1979 ego
2716 1910 2814 1966 abs
2854 1918 2907 1965 te
2947 1911 3079 1965 illud
3118 1912 3330 1983 excepi,
3353 1911 3564 1982 tibique

1982 2002 2122 2057 filios
2153 2002 2359 2071 peperi.
2395 2000 2568 2067 Quam
2602 2016 2732 2057 vero
2773 2001 2842 2056 ab
2878 2002 2983 2058 illis
3015 2002 3197 2072 inepte
3230 2003 3335 2058 ista
3364 2003 3560 2058 dicun-
3634 2072 3641 2077 _

1982 2092 2099 2143 tur!
2136 2090 2421 2156 Quomodo
2484 2092 2629 2145 enim
2679 2090 2925 2157 daemon,
2978 2091 3227 2160 impurus
3259 2106 3564 2162 expersque

1981 2181 2230 2250 corporis
2268 2180 2516 2250 spiritus,
2559 2181 2627 2235 de
2664 2182 2990 2249 corporibus
3028 2164 3359 2251 participare
3401 2181 3562 2253 quid-

1980 2273 2123 2341 piam
2157 2272 2368 2341 potest?
2397 2269 2531 2325 Nam
2563 2272 2609 2327 si
2636 2287 2667 2325 a
2698 2272 3025 2342 corporibus
3052 2272 3101 2327 ei
3124 2275 3564 2327 communicatur

1982 2363 2182 2432 aliquid
2219 2369 2278 2417 ut
2318 2362 2524 2431 pariat,
2564 2376 2764 2431 corpus
2806 2366 2911 2417 erit
2944 2377 3052 2418 non
3087 2362 3333 2434 spiritus.
3360 2363 3472 2435 96
3504 2361 3563 2421 Si

1980 2471 2182 2526 corpus
2210 2465 2314 2519 est,
2346 2455 2620 2525 quomodo
2661 2456 2846 2526 fugere
2883 2456 3169 2510 oculorum
3205 2465 3561 2543 conspectum

1982 2554 2074 2601 aut
2110 2546 2337 2616 spiritus
2387 2561 2510 2601 esse
2549 2546 2782 2615 poterit?
2828 2543 2935 2600 Sed
2973 2552 3026 2600 et
3065 2544 3279 2598 illorum
3323 2546 3563 2601 absurda

1981 2653 2103 2692 cum
2141 2637 2333 2707 primis
2390 2637 2663 2692 sloliditas
2715 2622 2823 2698 est,
2871 2652 2995 2692 cum
3027 2635 3159 2691 illud
3205 2652 3272 2693 ex
3320 2635 3565 2705 Epistola

1979 2728 2132 2784 ludas
2176 2730 2572 2794 testimonium,
2608 2744 2720 2798 quo
2761 2744 2950 2784 eorum
2998 2743 3155 2783 error
3192 2728 3561 2793 convincitur,

1982 2823 2049 2877 ad
2078 2822 2240 2892 hujus
2262 2822 2432 2892 ipsius
2457 2821 2822 2892 patrocinium
2847 2821 3302 2876 accommodant:
3331 2820 3398 2874 In
3422 2838 3564 2876 som-

1981 2915 2084 2976 nis,
2122 2915 2317 2983 inquit.
2348 2930 2557 2969 carnem
2590 2914 2881 2977 maculant,
2926 2913 3340 2967 dominationem
3382 2923 3558 2965 autem

1982 3016 2272 3077 spernunt,
2324 3006 2654 3076 majestatem
2707 3015 2879 3060 autent
2935 3007 3315 3076 blasphemant.
3358 3003 3562 3060 Verum

1981 3099 2176 3153 beatus
2200 3097 2370 3154 Judas
2401 3099 2611 3153 Domini
2639 3099 2809 3153 frater
2836 3113 2943 3152 non
2984 3097 3053 3152 de
3089 3097 3158 3152 iis
3183 3097 3440 3166 loquitur,
3465 3096 3562 3165 qui

1982 3205 2079 3260 per
2129 3190 2460 3245 insomnium
2514 3189 2754 3245 fluxione
2802 3203 3033 3244 venerea
3090 3187 3558 3243 contaminamur.

1980 3279 2175 3337 Statim
2212 3283 2412 3353 quippe
2455 3282 2757 3353 subjungit,
2800 3280 3148 3351 ostenditque
3183 3280 3251 3336 de
3290 3277 3563 3349 ejusmodi

1979 3362 2040 3430 se
2071 3374 2467 3430 somniantibus
2508 3375 2678 3444 loqui,
2703 3374 2797 3445 qui
2831 3389 3113 3430 sermones
3151 3387 3282 3429 suos
3319 3371 3466 3425 velut
3504 3370 3562 3424 in

1980 3465 2219 3531 somnis,
2271 3480 2381 3519 non
2435 3463 2738 3534 experrecti
2786 3478 2850 3518 ac
2904 3463 3196 3534 vigilantes
3243 3459 3556 3517 instituunt.

1980 3556 2259 3628 Siquidem
2296 3563 2350 3611 et
2382 3558 2448 3611 de
2477 3555 2986 3627 llierosolymitanis
3028 3553 3348 3609 doctoribus
3388 3550 3561 3606 Isaias

300 3643 453 3715 λέγει
501 3645 596 3699 τοῦ
641 3647 832 3713 ὕπνου,
869 3648 1007 3702 ἀλλὰ
1044 3649 1174 3720 περὶ
1223 3649 1324 3717 τῆς
1380 3647 1654 3718 μυθώδους
1700 3649 1877 3704 αὐτῶν

1980 3648 2052 3702 ita
2094 3648 2379 3718 loquitur:
2415 3647 2606 3702 Omnes
2650 3662 2805 3701 canes
2851 3647 2984 3700 muti
3040 3661 3146 3699 non
3191 3644 3422 3698 valentes
3474 3640 3558 3693 la-

301 3738 610 3809 τραγῳδίας
641 3732 735 3792 καῖ
756 3739 1100 3810 ληρολογίας,
1129 3739 1205 3802 ὡς
1225 3738 1314 3792 διὰ
1348 3738 1514 3793 ὕπνου
1557 3739 1877 3813 λεγομένης,

302 3830 396 3882 καὶ
426 3831 526 3882 οὐκ
551 3831 657 3884 ἀπὸ
681 3831 999 3902 ἐρρωμένης
1025 3830 1282 3892 διανοίας.

1977 3751 2138 3806 (rare,
2163 3743 2484 3809 somniantes
2526 3743 2580 3795 in
2619 3743 2780 3797 cubili
2813 3743 2852 3808 ¹,
2880 3751 2937 3798 et
2978 3749 3196 3797 caetera.
3230 3737 3387 3807 Quod
3415 3737 3557 3792 idem

1974 3833 2027 3887 in
2060 3833 2161 3888 hac
2194 3833 2348 3889 Iuda:
2385 3833 2628 3903 Epistula
2664 3834 2972 3889 declaratur
3015 3834 3100 3887 his
3148 3832 3349 3897 verbis,
3399 3828 3556 3883 Som-

301 3922 510 3977 niantes
542 3923 731 3987 cubile,
779 3941 893 3995 qua:
961 3925 1199 3980 nesciunt
1239 3923 1494 3980 dicentes.
1528 3922 1629 3979 Ulli
1674 3923 1742 3980 de
1779 3925 2166 3983 dormientium
2231 3928 2519 3984 insomniis
2566 3928 2788 3981 minime
2826 3942 2885 3981 se
2938 3924 3087 3995 loqui
3122 3924 3261 3978 velle
3333 3924 3561 3976 demou-

301 4021 464 4076 strat,
490 4013 585 4068 sed
617 4013 683 4069 de
708 4013 859 4068 falsis
888 4014 1100 4069 illorum
1132 4014 1416 4085 tragmdiis
1440 4028 1503 4068 ac
1533 4017 1713 4085 nugis,
1735 4030 1872 4085 quas
1912 4018 1993 4072 sic
2020 4026 2276 4090 tanquam
2303 4020 2355 4073 in
2377 4019 2605 4086 somnis,
2633 4034 2732 4072 nec
2757 4016 2911 4071 ﬁrmo
2949 4023 3005 4070 et
3061 4012 3333 4069 constanti
3375 4010 3563 4064 animo

301 4104 680 4173 prontintiant.

372 4192 471 4249 IA'.
506 4192 800 4264 Περικακῶ
832 4193 889 4246 δὲ
917 4192 994 4257 ὼς
1040 4193 1259 4265 ἀληθῶς
1288 4196 1358 4248 τὰ
1399 4195 1577 4250 πάντα
1617 4196 1873 4261 ἐξειπεῖν.

301 4280 439 4335 Θεοῦ
474 4284 585 4353 γὰρ
620 4281 736 4336 ἔστι
769 4283 932 4354 μόνου
962 4284 1282 4338 ἀποκλεῖσαι
1314 4286 1403 4339 τὸν
1430 4286 1588 4355 βυθὸν
1626 4289 1717 4359 τῆς
1747 4289 1876 4343 δυσ-

300 4373 489 4443 οδμίας
538 4373 765 4446 ταύτης.
815 4375 926 4427 Καὶ
972 4376 1377 4448 παρελεύσομαι
1423 4380 1488 4431 ὲκ
1533 4379 1625 4433 τοῦ
1686 4380 1875 4445 τόπου,

2049 4194 2190 4250 XIV.
2225 4194 2516 4248 Enimvero
2556 4193 2722 4264 pudet
2767 4207 2853 4246 me
2891 4191 3073 4247 omnia
3113 4190 3328 4244 illorum
3359 4206 3562 4247 arcana

1982 4288 2256 4360 detegere.
2300 4287 2482 4342 Solius
2509 4286 2654 4341 enim
2681 4293 2765 4341 est
2795 4284 2882 4339 Dei
2905 4283 3386 4354 profundissimam
3421 4285 3562 4339 hanc

1981 4380 2119 4433 tanti
2152 4378 2342 4433 fetoris
2371 4378 2679 4448 voraginem
2726 4378 3033 4433 obstruere.
3089 4375 3453 4441 Quamobrem
3494 4378 3566 4432 ab

300 4464 595 4536 εὐξάμενος
628 4465 707 4537 τῷ
746 4465 1084 4534 παμϐασιλεῖ
1111 4467 1229 4539 Θεῷ
1273 4469 1477 4540 μηδένα
1518 4473 1598 4534 είς
1633 4472 1723 4525 τὸν
1754 4472 1877 4544 βόρ-

1982 4484 2048 4524 eo
2073 4470 2191 4524 loco
2228 4470 2523 4540 digrediar,
2558 4470 2660 4524 hoc
2695 4485 2864 4524 unum
2911 4468 2980 4523 ah
3024 4468 3280 4525 omnibus
3311 4469 3564 4524 modera-

301 4554 462 4626 δορον
490 4557 967 4628 ὲγκαταπαγῆναι,
998 4559 1130 4628 μηδὲ
1163 4561 1400 4630 ἐμαυτοῦ
1430 4562 1527 4632 τὴν
1549 4561 1757 4616 ἔννοιαν
1786 4580 1877 4634 με-

1984 4546 2108 4614 tore‘
2126 4558 2235 4615 Deo
2267 4561 2567 4629 postulans,
2601 4575 2671 4614 ne
2699 4560 2824 4629 quis
2850 4559 2905 4612 in
2937 4558 3069 4613 illud
3101 4573 3318 4613 cmnum
3349 4559 3564 4614 demer-

302 4644 555 4698 ταλαϐεῖν
583 4645 684 4715 τῆς
705 4646 976 4705 δυσώδους
1004 4650 1365 4721 ἀκαθαρσίας.
1388 4650 1612 4721 Πρῶτον
1644 4650 1742 4721 μὲν
1768 4652 1876 4723 γὰρ

1981 4659 2171 4720 gatur;
2204 4664 2339 4705 neve
2371 4653 2611 4706 animum
2642 4666 2823 4707 meum
2857 4651 3155 4708 fmdissima
3186 4651 3299 4706 haec
3329 4651 3561 4720 impuri-
3631 4642 3636 4646 ’

300 4736 329 4787 ὁ
354 4737 651 4803 ἀπόστολος
679 4738 889 4804 Παῦλος
914 4741 1169 4795 ἐκκόπτει
1189 4742 1368 4797 αὐτῶν
1394 4743 1570 4795 πᾶσαν
1596 4744 1752 4815 ῥίζαν
1776 4743 1877 4814 τῆς

1982 4742 2111 4798 tatis
2145 4743 2295 4798 labes
2320 4742 2543 4799 inficiat.
2583 4742 2820 4796 Primum
2855 4743 3000 4797 enim
3047 4743 3327 4812 apostolus
3358 4741 3562 4797 Paulus

298 4830 520 4894 κακίας,
554 4832 682 4904 περὶ
701 4831 887 4902 χηρῶν
907 4833 1186 4904 νεωτέρων
1207 4834 1601 4905 παραγγέλλων
1618 4852 1631 4865 ·
1653 4835 1872 4904 Χήρας,

1981 4850 2174 4890 omnes
2201 4834 2511 4889 istiusmodi
2543 4835 2798 4903 nequitiae
2841 4835 3054 4887 radices
3088 4833 3310 4897 excidit,
3336 4847 3458 4886 cum
3491 4832 3561 4887 de

298 4923 461 4992 (meriti
484 4962 500 4987 ,
544 4924 836 4992 νεωτέρας
882 4925 1194 4993 παραιτοῦ.
1237 4928 1397 4981 Μετὰ
1433 4927 1542 4996 γὰρ
1579 4927 1645 4982 τὸ
1692 4943 1873 4983 κατα-

1980 4926 2287 4997 juniorihus
2336 4927 2515 4983 viduis
2551 4928 2655 4983 ista
2694 4927 3001 4997 praascribit
3038 4945 3050 4980 :
3092 4925 3309 4989 Viduas,
3354 4924 3556 4993 inquit,

296 5011 656 5081 στρηνιᾶσαι
688 5014 795 5069 τοῦ
824 5015 1102 5085 Χριστοῦ,
1133 5017 1342 5086 γαμεῖν
1369 5017 1674 5088 θέλουσιν,
1694 5019 1873 5090 ἔχου-

1980 5020 2415 5075 adolescantiores
2456 5019 2662 5081 devita;
2695 5035 2813 5072 rum
2852 5018 2989 5072 enim
3032 5016 3317 5070 luxuriata:
3360 5014 3558 5085 fuerint

367 5172 381 5201 ’
418 5169 522 5226 isa.
556 5187 663 5237 LVI,
692 5172 788 5228 10⁸

1983 5327 2228 5400 Ὁμοίως
2250 5328 2459 5398 μέντοι
2509 5328 2606 5400 καὶ
2635 5322 2801 5400 οὗτοι
2827 5327 3334 5400 ἐνυπνιαζόμενοι*
3359 5331 3430 5385 οὐ
3451 5328 3560 5400 γὰρ

1969 5400 2124 5468 ὑπὲρ
2153 5398 2227 5468 τῇ
2251 5400 2505 5468 ἀληθείᾳ
2529 5399 2985 5454 ἐπιϐάλλουσιν.
3014 5398 3274 5470 Sequitur
3301 5398 3558 5455 Isaiae'lo-

1970 5486 2068 5525 cus
2097 5487 2148 5524 c.
2180 5486 2264 5524 LVI
2296 5486 2440 5523 com.
2484 5472 2571 5533 10,
2613 5470 2705 5524 ubi
2751 5472 2894 5539 quod
2932 5471 2986 5524 in
3030 5470 3257 5525 Hebraeo
3307 5479 3389 5525 cst
3423 5477 3556 5529 ειηπ

1969 5549 2201 5602 πωπω,
2233 5540 2345 5594 visa
2371 5547 2715 5604 contuentes,
2744 5542 3018 5609 iacentes;
3057 5540 3191 5594 LXX
3214 5547 3431 5596 vertunt
3469 5542 3556 5592 ὲν·

1971 5612 2357 5681 υπνιαςόμενοι
2381 5612 2598 5681 κοίτην,
2625 5613 2947 5667 somniantes
2976 5611 3164 5666 cubile.
3205 5610 3338 5676 Quin
3369 5619 3551 5664 tamen

1966 5682 2022 5735 in
2055 5678 2331 5753 Canoniea
2368 5678 2541 5753 Judzg'
2565 5697 2672 5735 non
2723 5683 3094 5751 reperiuntur,
3140 5691 3333 5737 contra
3384 5695 3548 5753 quam

1966 5765 2212 5807 asserere
2240 5750 2458 5808 videtur
2486 5749 2843 5822 Epiphanius.

366 5327 478 5399 (78)
510 5328 620 5383 Καὶ
651 5331 707 5383 οἱ
734 5329 853 5399 μὲν
890 5328 1398 5398 ἐνυπνιαζόμενοι.
1468 5324 1586 5385 Vox
1617 5329 1755 5394 haec,
1788 5330 1876 5383 ὲν-

293 5396 700 5470 υπνιαζόμενυι,
718 5396 771 5454 iii
792 5396 1478 5470 Vulgatainterpretatione
1505 5400 1678 5468 deest,
1706 5416 1870 5470 quam

290 5466 357 5521 ad
393 5466 550 5538 turpe
582 5469 819 5541 libidinis
853 5466 1190 5541 profluvium
1207 5470 1370 5525 refert
1401 5466 1875 5539 0Ecum.,aliique

293 5541 562 5611 nonnulli.
610 5540 719 5611 Alii
766 5542 832 5595 ad
880 5554 1128 5611 errorum
1200 5555 1580 5611 nugarumque
1632 5543 1869 5595 somnia.

290 5608 546 5680 Clemens
592 5610 746 5663 Alex.
794 5626 854 5665 ut
913 5610 1114 5680 Stron}.
1164 5608 1428 5666 adversus
1479 5608 1868 5680 Carpocrateul

290 5676 613 5747 disputans:
645 5680 770 5752 Ἐπὶ.
797 5680 1002 5752 ratith
1033 5678 1208 5752 οἶμαι,
1242 5681 1337 5733 καὶ
1363 5680 1472 5735 τῶν
1496 5676 1698 5751 ὁμοίων
1719 5680 1866 5751 αἱρέ-

290 5761 431 5802 σεων
460 5764 533 5818 πρ
546 5749 811 5814 πφητικῶς
838 5749 1039 5803 Ἰούδαν
1069 5749 1125 5803 ἓν
1146 5754 1211 5823 τῇ
1242 5749 1540 5823 Ἐπιστολῇ
1563 5749 1866 5823 εἰρηκέναι·
