3960 6108
369 304 475 358 3353

1798 288 1854 344 S.
1899 284 2239 345 EPIPHANII

3518 274 3624 332 356

370 420 422 472 in
475 415 703 477 Christo,
753 413 941 466 nubere
992 410 1192 474 volunt,
1241 408 1486 462 habentes
1532 408 1982 472 danmationemh

2083 422 2155 457 ναι
2197 402 2406 472 κρῖμα,
2457 399 2545 453 ὅτι
2593 400 2705 467 τὴν
2752 397 2993 467 πρώτην
3041 398 3248 450 πίστιν
3298 392 3625 463 ἠθέτησαν.

371 510 497 579 quia
536 507 761 576 primam
798 502 956 572 ﬁdem
996 503 1206 555 irritam
1246 501 1497 570 fecerunt.
1544 501 1759 555 Nubant
1791 503 1952 572 igitur

374 611 423 652 et
498 596 641 666 ﬁlios
687 603 990 665 procreent,
1074 594 1508 662 matresfamilias
1563 603 1719 647 sunto
1755 594 1794 647 ⁸.
1817 595 1951 646 Cum

373 704 502 757 ergo
533 702 821 758 procreare
855 687 1088 749 liberos,
1130 700 1194 739 ac
1240 684 1458 738 familia:
1500 699 1734 754 praeesse
1766 684 1955 753 jubeat

374 781 693 850 Apostolus,
741 779 830 834 isti
875 793 1007 833 vero
1041 793 1070 831 a
1114 778 1466 848 susceptione
1510 778 1805 831 liberorum
1858 776 1952 829 ab-

377 873 655 935 horreant,
684 871 843 940 plane
876 870 978 924 hoc
1018 884 1049 923 a
1082 880 1344 924 venenato
1386 876 1657 939 serpente,
1689 868 1958 938 pessima-

379 981 487 1035 que
514 965 800 1035 disciplina
844 962 1057 1017 facinus
1087 960 1388 1031 profectum
1421 969 1524 1015 est.
1558 959 1688 1013 Dum
1721 958 1865 1014 enim
1892 958 1961 1012 li-

384 1059 629 1115 bidinum
670 1072 892 1111 suarum
926 1055 1186 1123 voluptati
1223 1054 1612 1116 succumbunt,
1642 1060 1822 1107 certas
1856 1051 1960 1106 sibi

385 1124 867 1222 perpetrandorum
911 1147 1236 1218 flagitiorum
1280 1146 1598 1200 occasiones
1650 1153 1957 1207 arcessunt,

384 1258 495 1312 quo
528 1240 802 1296 elIrenatre
853 1252 964 1293 sua:
1010 1234 1297 1306 cupiditati
1353 1250 1416 1288 ac
1463 1234 1692 1287 luxuriae
1738 1232 1961 1288 satisfa-

386 1335 547 1388 ciant.
607 1333 749 1386 Sane
794 1330 884 1384 illa
927 1328 1110 1383 omnia
1172 1342 1238 1382 ne
1280 1325 1694 1381 commemorari
1745 1325 1965 1395 quidem

387 1424 691 1494 oportebat,
732 1436 907 1490 neque
961 1420 1122 1474 ullam
1167 1432 1368 1491 eorum
1399 1417 1454 1471 in
1494 1415 1717 1486 scriptis
1750 1422 1966 1470 exstare

388 1516 727 1579 memoriam,
757 1515 852 1568 sed
895 1520 1150 1582 tauquam
1199 1510 1401 1564 mortui
1436 1508 1668 1564 cadaver
1697 1507 1870 1570 fetidi,
1903 1522 1967 1563 ac

389 1604 632 1676 pestiferi
663 1602 949 1672 cujusdam
983 1599 1195 1655 afﬂatus
1241 1600 1295 1653 in
1339 1598 1650 1667 sepulcrum
1686 1596 1871 1666 abjici,
1901 1611 1968 1650 ne

388 1696 472 1751 vel
522 1697 707 1749 auditu
740 1694 858 1763 ipso
902 1694 1212 1747 mortalium
1244 1691 1539 1761 perniciem
1588 1688 1827 1744 allen-ret.
1859 1689 1967 1760 97

2065 496 2239 551 Ἀλλὰ
2264 483 2658 563 γαμείτωσαν,
2688 490 3247 551 τεκνοποιείτωσαν,
3279 485 3628 540 οἰκοδεσπο-

2053 589 2363 642 τείτωσατκ
2398 587 2460 638 El
2499 585 2556 638 δὲ
2599 586 2627 637 ό
2679 582 3002 645 Ἀπόστολος
3045 580 3226 648 λέγει,
3269 577 3627 644 τεκνογονεῖν,

2055 678 2475 741 οἰκοδεσποτεῖν,
2514 670 2661 730 οῦτοι
2704 674 2761 727 δὲ
2810 670 3205 744 παραιτοῦνται
3242 669 3343 741 τὴν
3382 682 3632 733 τεκνογο-

2057 770 2194 830 νίαν,
2225 768 2401 837 δφεώς
2438 765 2690 819 ὲστι”κα“ι
2726 764 2904 835 κακῆς
2937 760 3283 824 διδασκαλίας
3319 758 3381 812 τὸ
3421 756 3632 828 ἐπιχεί-

2059 879 2229 934 ρημα.
2259 857 2589 929 Ἠττώμενοι
2622 856 2729 927 γάρ
2759 857 2826 926 τῇ
2867 854 3027 925 ἡδονῇ
3071 854 3169 925 τῆς
3200 842 3476 923 πορνείας,
3511 850 3634 903 ἐπι-

2059 954 2270 1005 νοοῦσιν
2296 951 2508 1012 ἑαυτοῖς
2536 945 2878 1020 ἀκαθαρσίας
2908 945 3232 1016 προφάσεις,
3262 943 3412 1005 δπως
3442 938 3636 1004 δόξωσι

2061 1042 2425 1114 πληροφορεῖν
2475 1042 2574 1111 τὴν
2600 1039 2826 1093 ,ἑαυτῶν
2867 1037 3193 1106 ἀσέλγειαν·
3241 1035 3335 1089 καὶ
3386 1033 3493 1087 ἔδει
3539 1032 3638 1103 μὲν

2062 1133 2278 1204 ἀληθῶς
2308 1132 2482 1185 ταῦτα
2528 1133 2663 1202 μήτε
2694 1129 2971 1199 λέγεσθαι,
3018 1130 3154 1200 μήτε
3199 1128 3256 1181 ὲν
3295 1124 3638 1195 συντάγμασι

2063 1223 2450 1288 καταξιοῦσθαι
2473 1221 2779 1295 γράφεσθαι
2799 1240 2812 1253 ο
2842 1221 3142 1275 θάπτεσθαι
3165 1220 3222 1274 δὲ
3243 1219 3430 1291 ὥσπερ
3449 1216 3639 1288 νεκρόν

2063 1333 2185 1370 τινα
2228 1315 2493 1391 ὀδωδότα,
2525 1316 2620 1369 καὶ
2648 1314 2885 1387 λοιμώδη
2935 1311 3219 1385 ἀποφορὰν
3261 1311 3508 1372 πνέοντα,
3552 1309 3643 1362 ἵνα

2069 1407 2144 1479 μὴ
2179 1406 2273 1460 καὶ
2292 1406 2357 1460 δι’
2388 1407 2559 1476 ἀκοῆς
2581 1405 3040 1483 λυμήνηταιοτοὺς
3066 1402 3410 1474 ἀνθρώπους.
3449 1400 3560 1454 Καὶ
3593 1401 3642 1451 εί

2071 1501 2168 1571 μὲν
2203 1498 2571 1570 παρεληλύθει
2607 1502 2640 1570 ἠ
2686 1499 2911 1570 τοιαύτη
2951 1497 3182 1569 αἵρεσις,
3226 1497 3319 1549 καὶ
3357 1494 3541 1548 οὐκέτι
3573 1487 3643 1564 ἧν

2070 1595 2127 1646 ὲν
2159 1592 2235 1662 τῷ
2271 1591 2388 1662 βίῳ,
2422 1592 2626 1659 ἀγαθὸν
2652 1588 2720 1662 ἦν
2753 1591 2958 1663 ταύτην
2987 1591 3176 1660 θάψαι,
3208 1589 3301 1643 καὶ
3338 1588 3474 1659 μήτε
3507 1586 3644 1648 ὅλως

2072 1683 2202 1753 περὶ
2231 1682 2402 1752 αὐτῆς
2430 1683 2603 1734 εἰπεῖν
2623 1697 2636 1712 ο
2665 1680 2931 1751 ἐπειδὴδὲ
2959 1681 3052 1733 καὶ
3074 1678 3191 1732 ἔστι
3213 1679 3306 1731 καὶ
3326 1678 3645 1749 πράττεται,

391 1787 457 1841 Ει
491 1787 707 1857 quidem
738 1787 783 1840 si
814 1801 876 1840 ea
909 1785 1127 1854 penitus
1161 1786 1493 1854 praeterisset
1527 1783 1768 1845 haeresis,
1793 1798 1968 1853 neque

2083 1774 2502 1846 προετράπημεν
2554 1773 2613 1826 δὲ
2664 1772 2769 1825 ὑπὸ
2806 1772 2907 1842 τῆς
2950 1771 3105 1843 ὑμῶν
3152 1769 3464 1840 τιμιότητος
3518 1766 3647 1838 περὶ

392 1881 449 1933 in
497 1876 701 1931 mundo
751 1883 1061 1946 superesset
1099 1875 1351 1944 amplius,
1389 1873 1605 1943 sepeliri
1647 1888 1824 1943 Operm
1849 1888 1969 1942 pre-

328 2020 361 2045 ,
397 1973 534 2026 tium
567 1981 705 2037 erat,
738 1983 913 2038 neque
949 1968 1112 2021 ullam
1144 1966 1624 2035 ejusmentionem
1658 1963 1790 2018 fieri.
1814 1962 1969 2017 Nunc

396 2080 518 2118 cum
548 2072 602 2116 et
632 2077 817 2117 revera
849 2060 1010 2115 hodie
1044 2060 1133 2120 sit,
1168 2065 1221 2112 et
1254 2056 1412 2113 factis
1446 2056 1580 2127 ipsis
1611 2055 1966 2125 exprimatur,

397 2169 591 2224 meque
620 2168 717 2207 vos
744 2159 802 2206 ut
827 2152 894 2205 de
926 2152 1180 2205 omnibus
1207 2148 1441 2203 dicerem
1490 2146 1691 2200 hortati
1738 2145 1970 2205 fueritis,

398 2246 578 2315 aliqua
621 2244 763 2297 illam
821 2259 885 2298 ex
935 2250 1088 2312 parte
1130 2248 1354 2296 coactus
1399 2254 1428 2292 a
1478 2239 1633 2293 vobis
1669 2239 1865 2308 attigi,
1912 2252 1980 2291 ne

400 2346 712 2407 Susceptum
748 2336 994 2389 veritatis
1034 2332 1276 2388 studium
1306 2331 1719 2402 praetermittam
1748 2345 1763 2393 ;
1801 2327 1894 2383 sed
1927 2327 1981 2382 id

402 2444 563 2483 omne
620 2429 812 2498 partim
868 2427 933 2480 ad
994 2440 1089 2480 eos
1136 2425 1228 2495 qui
1274 2423 1549 2478 audierint
1601 2420 1979 2484 deterrendos,

2075 1870 2292 1923 πάντων
2311 1869 2509 1930 εἰπεῖν,
2538 1866 2678 1939 μέρη
2701 1866 2867 1937 αὐτῆς
2892 1866 3242 1938 διηγησάμην
3263 1861 3646 1933 ἀναγκασθεὶς,

2076 1963 2163 2016 ῖνα
2202 1961 2262 2015 τὺ
2291 1959 2584 2029 φιλάληθες
2627 1959 2700 2029 μὴ
2734 1958 3174 2030 παρασιωπήσω,
3212 1955 3347 2009 ἀλλὰ
3374 1954 3675 2024 ὑφηγήσο-“

2080 2073 2196 2125 μαι,
2226 2055 2305 2118 εἰς
2332 2053 2651 2124 ἀποτροπὴν
2684 2051 2782 2119 μὲν
2808 2051 2915 2105 τῶν
2938 2049 3263 2112 ἀκουόντων,
3286 2049 3365 2111 είς
3389 2046 3650 2117 αἰσχύνην

2077 2147 2134 2200 δὲ
2171 2147 2279 2200 τῶν
2328 2145 2694 2217 πραττόντων.
2737 2144 2908 2198 Πόθεν
2954 2142 3063 2215 γὰρ
3100 2143 3200 2196 οὐκ
3244 2140 3440 2212 ἔχομεν
3483 2137 3659 2203 δεῖξαι·

2074 2237 2203 2300 τοὺς
2252 2238 2379 2307 παρ’
2411 2238 2595 2300 αὐτοῖς
2636 2235 2862 2305 φόνους,
2916 2236 3010 2290 καὶ
3050 2233 3327 2307 τερατώδη
3362 2231 3518 2302 ἔργα,
3556 2229 3655 2283 καὶ

2076 2329 2300 2393 τελετὰς
2343 2329 2589 2382 διαϐόλου
2635 2328 2695 2393 ἐξ
2737 2328 2980 2391 ἐπινοίας
3018 2328 3115 2382 τοῦ
3188 2325 3353 2382 αὑτοῦ
3397 2323 3645 2378 διαϐόλου

2080 2423 2193 2485 τοῖς
2219 2420 2391 2492 ὲμὸεὸ
2401 2438 2559 2492 ροντη
2570 2420 2753 2490 μένοις
2781 2419 3024 2484 δοθείσας
3043 2436 3058 2486 ;

402 2523 599 2592 partim
636 2523 700 2574 ad
734 2536 828 2574 eos
872 2520 961 2589 qui
1011 2520 1115 2572 ista
1155 2524 1469 2587 perpetrant
1538 2515 1743 2586 pudore
1812 2512 2124 2568 alliciendos
2188 2530 2476 2584 exponam.
2532 2513 2663 2579 Quae
2712 2516 2855 2568 enim
2902 2511 3168 2584 probandi
3219 2511 3358 2565 ratio
3398 2518 3501 2574 est,
3549 2522 3656 2578 qua

403 2626 522 2667 non.
556 2610 612 2664 id
656 2608 867 2664 efﬁcere
906 2607 1178 2677 possimus
1224 2605 1518 2676 parricidia
1564 2605 1656 2658 illa
1696 2604 2064 2672 immaniaque
2096 2619 2216 2672 qua:
2247 2604 2314 2657 ab
2354 2604 2421 2658 iis
2446 2604 2879 2657 ‘committuntur
2918 2602 3145 2668 scelera,
3183 2602 3417 2673 malique
3454 2603 3659 2657 daemo-

405 2703 493 2760 nis
528 2702 664 2756 ritus
698 2715 761 2753 ac
794 2698 1166 2763 cwremonias,
1198 2695 1443 2765 ejusdem
1475 2694 1737 2749 instinctu
1776 2692 2038 2749 daemonis
2078 2692 2302 2748 furiosis
2333 2692 2440 2746 illis
2477 2706 2541 2747 ac
2576 2692 2901 2747 vecordihus
2938 2692 3236 2747 constituta
3266 2691 3466 2747 fuisse?

402 2816 407 2823 ·
475 2793 590 2847 XV.
626 2791 787 2861 Atqui
826 2792 1058 2861 primum
1111 2787 1242 2842 illud
1297 2788 1480 2842 statim
1532 2785 1675 2856 quod
1718 2785 1822 2839 sibi
1871 2782 1976 2838 lin-

406 2895 561 2956 gunt,
597 2894 759 2954 atque
788 2899 817 2937 e
843 2882 1027 2952 priore
1057 2882 1267 2950 psalmo
1302 2879 1370 2933 de
1415 2879 1608 2932 arbore
1641 2890 1977 2931 commemo-

407 2985 585 3030 ratum
640 2973 944 3044 proferunt.
1003 2971 1157 3025 nullo
1207 2971 1426 3038 negotio
1479 2968 1744 3023 refellitur
1781 2985 1793 3020 ε
1828 2964 1980 3031 Quod

407 3071 638 3139 fructum
668 3082 821 3120 suum
869 3062 1013 3117 dabit
1045 3064 1100 3116 in
1143 3071 1371 3128 tempore
1421 3077 1538 3126 suo,
1563 3069 1612 3113 et
1646 3060 1832 3129 folium
1871 3060 1983 3126 ejus

411 3178 513 3215 non
551 3160 739 3228 deﬂuat
765 3159 817 3214 ².’
842 3156 1012 3209 Paulo
1037 3155 1184 3208 enim
1222 3153 1644 3227 ante‘scriptum
1672 3161 1758 3205 est
1783 3170 1795 3205 :
1839 3150 1903 3203 Et
1933 3152 1984 3203 iu

412 3254 522 3322 lege
556 3253 667 3322 ejus
716 3249 1054 3307 meditabitur
1082 3247 1166 3300 die
1221 3262 1284 3299 ac
1327 3256 1475 3300 nocte
1507 3245 1547 3299 ⁸.
1586 3246 1652 3298 At
1695 3244 1784 3299 isti
1818 3244 1985 3314 legem

414 3348 619 3417 pariter
657 3359 721 3398 ac
765 3343 1057 3412 prophetas
1097 3340 1404 3410 repudium.
1448 3337 1621 3404 Quam
1658 3336 1874 3407 quidem
1914 3337 1990 3391 le-

412 3454 532 3510 gem
564 3438 608 3492 si
641 3444 924 3506 respuunt,
957 3449 1080 3486 eum
1109 3434 1208 3486 hac
1238 3432 1385 3485 illum
1412 3444 1628 3500 quoque
1661 3428 1991 3481 calumnian-

415 3539 523 3593 tur,
565 3526 656 3596 qui
690 3527 743 3579 in
779 3527 892 3595 lege
926 3525 1138 3578 loeutus
1159 3531 1261 3578 est.
1297 3520 1493 3575 Verum
1521 3529 1574 3575 et
1606 3519 1705 3574 hac
1731 3518 1990 3589 opinione

415 3635 515 3673 sua
549 3617 833 3679 falluntur,
868 3624 920 3669 et
962 3630 990 3668 a
1027 3617 1256 3669 veritate
1314 3613 1530 3683 longius
1575 3612 1852 3666 aberrant.
1884 3608 1990 3663 Ne-

416 3725 523 3779 que
557 3709 726 3763 ulluiu
758 3721 888 3762 vero
930 3706 1197 3776 judicium
1248 3704 1383 3769 fore,
1431 3718 1609 3773 neque
1644 3708 1890 3756 mortuos
1923 3700 1989 3754 ad

415 3804 582 3856 vitam
619 3799 935 3855 excitandos
980 3812 1101 3853 esse
1150 3796 1531 3868 pronuntiant.
1574 3793 1704 3861 Qua:
1735 3808 1897 3863 porro
1936 3792 1992 3846 in

414 3891 748 3959 voluptatem
789 3902 853 3942 ac
894 3887 1164 3942 luxurient
1209 3886 1364 3941 ellusi
1414 3894 1625 3942 suamet
1658 3885 1712 3938 in
1763 3896 1993 3952 corpora

414 3982 784 4043 committunt,
834 3995 1024 4035 eorum
1082 3978 1319 4033 fructum
1386 3978 1720 4048 percipiunt,
1782 3976 1911 4030 dum
1963 3989 1992 4026 a

415 4074 659 4128 daemone
692 4071 982 4125 libidinum
1012 4069 1287 4124 illecebris
1316 4084 1379 4123 ac
1408 4067 1769 4137 cupiditatum
1802 4066 1995 4120 stimu-

418 4162 487 4217 lis
514 4162 819 4232 agitantur;
848 4160 1307 4228 quemadmodum
1332 4158 1449 4228 ipsa
1475 4156 1718 4212 veritatis
1744 4156 1994 4210 oratione

419 4260 682 4321 perpetuo
712 4259 874 4319 atque
908 4250 1109 4317 ubique
1147 4249 1569 4318 redarguuntur.
1605 4247 1697 4301 Sic
1730 4247 1875 4301 enim
1909 4247 1994 4300 in-

421 4348 506 4393 ter
545 4341 683 4392 alios
714 4338 955 4391 Joannes
989 4337 1230 4406 loquitur
1258 4357 1270 4391 :
1312 4335 1370 4390 Si
1403 4339 1519 4407 quis
1545 4338 1680 4390 venit
1709 4335 1777 4389 ad
1810 4352 1920 4397 vos,
1948 4345 1995 4390 et

2135 2785 2232 2838 lE'.
2249 2784 2359 2838 Καὶ
2379 2784 2539 2847 εὐθὺς
2558 2784 2657 2854 μὲν
2672 2779 2763 2837 οῦν
2782 2784 3094 2854 ἐλέγχονται
3110 2786 3188 2848 εἰς
3203 2784 3229 2837 ὃ
3248 2785 3663 2853 φαντασιοῦνται

2084 2875 2179 2927 καὶ
2215 2875 2639 2946 προφασίζονται
2668 2875 2796 2947 περὶ
2821 2875 2914 2929 τοῦ
2952 2876 3108 2942 ξύλου
3145 2876 3240 2929 τοῦ
3275 2879 3331 2930 ἐν
3354 2877 3431 2949 τῷ
3463 2879 3666 2950 πρώτῳ

2085 2965 2285 3037 ψαλμῷ
2318 2966 2631 3038 εἰρημένου,
2679 2967 2801 3021 Ὅτι
2844 2967 3021 3022 δώσει
3069 2971 3174 3023 τὸν
3214 2970 3448 3038 καρπόν
3477 2968 3665 3025 αὐτοῦ

2089 3058 2160 3111 ἐν
2183 3057 2365 3127 καιρῷ
2392 3059 2599 3123 αὐτοῦ,
2625 3059 2723 3112 καὶ
2753 3059 2816 3113 τὸ
2852 3061 3094 3129 φύλλον
3126 3063 3311 3117 αὐτοῦ
3336 3066 3447 3118 οὐκ
3481 3064 3669 3133 duop-

2088 3151 2395 3220 ρυἠσεται.
2443 3153 2723 3224 Ἀνωτέρω
2766 3153 2875 3225 γὰρ
2904 3158 3101 3221 κεῖται,
3137 3159 3219 3211 ὅτι
3262 3160 3357 3212 Ἐν
3382 3159 3460 3226 τῷ
3507 3161 3669 3230 νόμῳ

2087 3243 2274 3297 αὑτοῦ
2312 3243 2634 3313 μελετήσει
2668 3246 2889 3316 ἡμέρας
2941 3248 3040 3301 καὶ
3086 3252 3325 3317 νυκτός,
3380 3253 3563 3324 Νόμον
3609 3255 3668 3307 δὲ

2088 3331 2234 3391 οὗτοι
2277 3338 2370 3390 καὶ
2404 3339 2684 3408 προφήτας
2708 3339 3017 3411 ἀρνοῦνται.
3072 3342 3134 3395 Εἰ
3173 3341 3227 3395 δὲ
3261 3343 3423 3415 νόμον
3455 3346 3665 3417 Κυρίου

2089 3427 2400 3499 ἀρνοῦνται,
2445 3430 2541 3482 σὺν
2578 3428 2656 3499 τῷ
2701 3429 2850 3501 νόμῳ
2889 3431 2982 3484 καὶ
3026 3431 3116 3486 τὸν
3148 3432 3457 3506 λαλήσαντα
3503 3438 3563 3491 ἐν
3591 3437 3670 3508 τῷ

2090 3519 2239 3589 νόμῳ
2272 3519 2686 3588 συκοφαντοῦσι.
2709 3520 3022 3575 Πλανῶνται
3045 3523 3101 3577 δὲ
3124 3525 3247 3578 καθ’
3273 3527 3551 3594 ὑπόνοιαν,
3574 3529 3671 3582 καὶ

2090 3612 2476 3665 ὲκπεπτὼκασι
2503 3612 2605 3682 τῆς
2635 3612 2912 3684 ἀληθείας,
2956 3615 3134 3685 κρίσιν
3159 3634 3217 3670 τε
3248 3618 3346 3689 οὐχ
3388 3619 3668 3690 ἡγοῦνται,

2091 3702 2213 3755 οῦτε
2232 3702 2525 3755 ἀνάστασιν
2541 3701 2909 3771 ὁμολογοῦσιν.
2927 3703 3068 3758 Ὅσα
3090 3704 3147 3759 δὲ
3169 3706 3496 3776 πράττουσιν
3517 3711 3573 3763 ὲν
3592 3710 3670 3781 τῷ

2095 3792 2303 3863 σώματι
2325 3793 2516 3864 ἡδονῆς
2538 3793 2763 3864 ἔμπλεοι
2786 3796 3077 3866 γινόμενοι,
3104 3796 3272 3850 ταῦτα
3292 3799 3672 3871 ἀποκαρποῦν-

2092 3901 2207 3946 ται,
2236 3884 2695 3955 ἐκϐακχευόμενοι
2717 3887 2837 3947 ταῖς
2864 3884 2955 3938 τοῦ
2981 3885 3227 3940 διαόόλου
3251 3890 3467 3960 ἡδοναῖς
3492 3908 3552 3944 τε
3577 3893 3674 3946 καὶ

2094 3974 2433 4044 ἐπιθυμίαις,
2463 3974 2539 4037 ὡς
2571 3975 2748 4045 πάντη
2781 3977 2875 4029 καὶ
2912 3978 3187 4051 πανταχοῦ
3221 3978 3531 4051 ἐλέγχονται
3564 3982 3673 4037 ἀπὸ

2094 4065 2187 4120 τοῦ
2223 4068 2321 4138 τῆς
2350 4067 2609 4137 ἀληθείας
2637 4068 2816 4137 λόγου.
2861 4070 3114 4143 Ἰωάννης
3142 4072 3250 4145 γὰρ
3283 4072 3464 4142 λέγει’
3483 4075 3559 4128 Εἴ
3583 4092 3674 4142 τις

2093 4158 2346 4227 ἔρχεται,
2368 4159 2519 4228 φησὶ,
2538 4159 2686 4227 πρὸς
2701 4160 2991 4231 ὑμᾶς,’καὶ
3017 4165 3087 4216 οὐ
3105 4164 3265 4232 φέρει
3282 4164 3395 4241 τὴς·
3417 4164 3676 4236 διδαχὴν

2095 4249 2342 4316 ταύτην·
2379 4248 2472 4301 καὶ
2494 4249 2674 4313 ποίαν,
2702 4251 2865 4319 φησίν
2885 4268 2898 4315 ;
2933 4252 2966 4322 ἢ
2988 4252 3085 4322 οὐχ
3109 4253 3243 4325 (78')
3266 4254 3517 4325 ὁμολογεῖ
3538 4256 3674 4327 Χρι-

2099 4340 2224 4393 στὸν
2246 4340 2305 4393 ὲν
2331 4341 2495 4412 σαρκὶ
2517 4341 2833 4412 ἐληλυθότα,
2854 4345 3007 4398 Ἀντί
3008 4348 3255 4415 χριστός
3271 4346 3412 4401 ἐστι.
3431 4347 3540 4401 Καὶ
3558 4347 3678 4402 νῦν

422 4450 525 4486 non
548 4432 700 4502 aﬂ'ert
729 4431 864 4484 lianc
888 4428 1184 4482 doctrinam
1202 4428 1242 4483 ⁸.
1270 4427 1596 4494 Quamnam.
1630 4428 1842 4496 inquit?
1866 4427 1982 4493 Qua

2111 4431 2495 4501 Ἀντίχριστοι
2515 4434 2731 4487 πολλοὶ
2766 4436 3106 4503 γεγόνασιν
3141 4436 3216 4501 ὡς
3247 4436 3321 4507 μὴ
3350 4437 3458 4491 τῶν
3489 4439 3678 4509 ὁμολο-

423 4525 632 4579 scilicet
679 4521 955 4577 Christum
1009 4538 1135 4576 cum
1186 4535 1353 4579 carne
1384 4519 1626 4574 »\'cnisse
1688 4519 1993 4573 confitetur.

424 4617 784 4672 Antichristus
827 4625 925 4670 est.
960 4616 1028 4669 Et
1065 4632 1200 4669 nunc
1240 4614 1556 4668 Antichristi
1600 4614 1757 4667 multi
1786 4615 1996 4681 prodie-
2047 4622 2053 4628 ’

424 4722 545 4765 runt
572 4712 615 4764 ⁸.
646 4710 813 4776 Quasi
844 4710 935 4779 qui
968 4707 1248 4764 Christum
1295 4722 1416 4762 cum
1452 4722 1618 4762 carne
1657 4706 1870 4761 Venisse
1906 4723 2003 4761 ne-

425 4810 572 4873 gent,
609 4802 720 4855 sint
754 4799 1100 4854 Antichristi.
1132 4798 1272 4865 Quin
1308 4801 1468 4851 etiam
1497 4797 1601 4851 hoc
1631 4798 1700 4851 ab
1732 4797 1847 4866 ipso
1879 4793 1998 4849 Sal-

423 4904 608 4950 vatore
634 4893 837 4948 dictqu
866 4900 975 4947 est:
1001 4891 1105 4958 Qui
1142 4894 1193 4945 in
1224 4907 1447 4962 regnum
1479 4890 1740 4943 cmlorun
1772 4887 1999 4942 admissi

424 4994 572 5049 Sunt,
606 4999 779 5054 neque
810 4982 1018 5037 ducunt
1048 4997 1247 5036 uxores
1277 4997 1454 5051 neque
1499 4980 1733 5042 nubunt,
1767 4979 1859 5033 sed
1903 4992 2002 5030 an-

424 5078 559 5147 gelis
593 5076 828 5145 aequales
872 5082 997 5128 sunt
1029 5075 1071 5128 ‘.
1110 5072 1294 5142 Neque
1346 5071 1478 5125 illud
1523 5078 1774 5134 tantum;
1815 5068 1909 5123 sed
1941 5075 2001 5121 ut

425 5169 651 5238 insuper
684 5168 1026 5223 manifestam
1078 5166 1493 5233 absolutamque
1521 5161 1897 5217 castimoniam
1937 5168 2002 5213 ac

426 5257 874 5320 sanctitudinem,
925 5273 1031 5327 qua
1062 5266 1115 5311 et
1161 5265 1390 5310 caeteros
1441 5261 1663 5308 sanctos
1711 5250 1998 5321 efﬁciebat,

2091 4523 2333 4592 γούντων
2356 4524 2445 4577 τὸν
2458 4526 2500 4577 Χ
2509 4525 2689 4594 ριστὸν
2706 4527 2762 4578 ἐν
2785 4526 2948 4597 σαρκὶ
2963 4527 3274 4599 ἐληλυθότα,
3295 4530 3677 4601 Ἀντιχρίστων

2095 4614 2468 4685 ὑπαρχόντων.
2504 4614 2662 4667 Ἀλλὰ
2690 4616 2784 4669 καὶ
2804 4617 2965 4681 αὐτὸς
2992 4620 3020 4671 ό
3046 4619 3236 4691 Σωτὴρ
3263 4617 3430 4688 λέγει⁹
3463 4621 3526 4672 0i
3548 4637 3678 4672 κατ-

2095 4706 2420 4771 αξιωθέντες
2477 4706 2575 4776 τῆς
2607 4706 2885 4777 βασιλείας
2910 4708 3019 4761 τῶν
3046 4709 3292 4781 οὐρανῶν
3317 4709 3439 4762 οὔτε
3474 4711 3681 4782 γαμοῦ-

2101 4814 2205 4863 σιν,
2236 4796 2359 4850 οὕτε
2388 4798 2734 4869 γαμίζονται,
2768 4799 2882 4853 ἀλλ’
2914 4800 3189 4869 ἱσάγγελοί
3218 4803 3372 4855 εἰσιν.
3410 4803 3484 4855 Οὐ
3520 4803 3680 4872 μόνον

2099 4887 2176 4952 δὲ,
2205 4887 2339 4941 ἀλλὰ
2362 4889 2456 4941 καὶ
2486 4889 2569 4942 ἵνα
2601 4888 2748 4962 δείξῃ
2779 4891 2878 4961 τὴν
2906 4891 3051 4961 σαφῆ
3080 4892 3316 4959 ἁγνείαν,
3352 4893 3438 4946 καὶ
3471 4893 3571 4963 τὴν
3595 4892 3682 4945 διὰ

2100 4979 2193 5031 τοῦ
2221 4980 2470 5047 ἀγιάζειν
2498 4981 2835 5049 ἀγιαστείαν,
2871 4983 3070 5051 φάσκει
3100 4986 3165 5054 τῇ
3196 4984 3411 5055 Μαρία⁵
3448 4983 3543 5051 Μή
3560 5003 3683 5054 μου

2100 5069 2293 5124 ἅπτου
2309 5070 2451 5139 (79)·
2506 5073 2671 5126 οὔπω
2708 5073 2819 5143 γὰρ
2857 5074 3194 5143 ἀναϐέϐηκα
3238 5076 3388 5144 πρὸς
3419 5076 3528 5130 τὸν
3561 5080 3681 5130 Πα-

2100 5161 2239 5231 τέρα
2263 5179 2277 5193 °
2300 5163 2388 5218 ἵνα
2416 5163 2565 5239 δείξῃ
2590 5165 2687 5236 τὴν
2714 5165 2936 5233 ἀγνείαν
2970 5166 3234 5237 ἀμέτοχον
3270 5168 3559 5238 σωμάτων,
3588 5167 3684 5220 καὶ

2100 5253 2300 5325 ἀμιγῆ.
2356 5254 2516 5309 Ἀλλά
2544 5257 2638 5310 καὶ
2667 5259 2724 5310 ὲν
2766 5256 2912 5328 ἄλλῳ
2937 5258 3088 5329 τόπῳ
3119 5258 3265 5328 λέγει
3301 5258 3687 5330 προθεσπίζων

498 5355 1059 5438 ‘l'l‘im.v,ilsqq.
1135 5366 1328 5420 ’Psal.
1366 5379 1405 5428 ι,
1433 5364 1487 5418 s.
1564 5342 1833 5418 quae.
1909 5362 2315 5435 ‘llJoan.lO.
2391 5369 2656 5427 'lJoan.
2690 5371 2868 5437 11,18.
2948 5369 3475 5438 ‘Illattli.x.\'lt,30.

505 5484 640 5553 (78‘)
688 5481 962 5553 interpres
1009 5495 1117 5535 non
1165 5481 1293 5550 legit
1328 5480 1449 5549 ούχ.
1507 5477 1669 5532 Forte
1714 5477 1999 5533 delendum

428 5564 530 5610 ost.
571 5554 666 5605 Eo.
698 5552 868 5605 l’s'rn.

502 5623 608 5690 (79)
635 5623 729 5689 Μή
756 5639 874 5691 μου
901 5621 1113 5691 ἅπτου.
1140 5615 1696 5691 ChrysostLiuJoan.
1719 5630 1843 5691 eum
1868 5631 1995 5671 sen-

430 5685 553 5747 sum
585 5685 789 5746 aﬂ‘ert':
822 5691 966 5759 quod
1024 5689 1187 5743 Maria
1240 5685 1359 5742 cum
1396 5686 1617 5744 Christo
1660 5685 1848 5741 eadem
1887 5701 1996 5755 qua

2111 5492 2271 5540 antea
2312 5484 2683 5540 familiaritate
2717 5501 2839 5541 sese
2866 5495 3099 5556 gereret,
3147 5502 3247 5542 nec
3288 5486 3357 5541 de
3392 5502 3459 5543 eo
3500 5486 3682 5553 majus

2106 5556 2363 5623 quiddam
2389 5570 2444 5610 et
2472 5557 2759 5626 angustius
2785 5566 2906 5626 post
2936 5557 3392 5613 resurrectionem
3419 5557 3681 5625 sentiret;

2108 5627 2176 5679 ab
2208 5626 2300 5680 illo
2334 5626 2468 5681 iisce
2497 5627 2680 5683 verbis
2709 5626 3043 5683 admonitam
3075 5627 3265 5685 fuisse.

3332 6100 3382 6104 ἡ
3478 6100 3524 6106 κη
3614 6101 3648 6106 -
3734 6102 3752 6106 -
3831 6092 3960 6108 ..ὴ-ἠ
