3960 6166
321 316 448 408 ’δεῖ
1023 336 1390 394 Anvensus
1427 333 1768 391 mensas
1806 334 1932 390 LIB.

2060 335 2221 391 ΤΟΜ.
2250 335 2400 390 ⁸11.--
2440 337 2711 399 ΙΙίΕΙὶΕΞ.
2754 340 2940 397 XXVI.
3478 346 3582 402 358

354 472 405 522 τὸ
442 467 593 534 ἅγιον
618 462 839 531 Πνεῦμα
866 461 958 513 καὶ
983 458 1071 512 διὰ
1091 458 1217 522 τοὺς
1239 457 1429 528 πρώην
1460 456 1556 509 καὶ
1591 452 1882 527 μετέπειτα
1898 472 1911 485 ·

2043 454 2350 518 »διεηιῐενυι,
2394 457 2473 513 sic
2509 457 2732 512 Mariam
2781 460 3121 529 alloquitur:
3176 458 3307 514 Noli
3348 477 3425 514 me
3466 472 3584 515 tan-

350 556 620 625 Μακαρία
649 552 855 620 στείρα
897 552 936 619 δή
966 551 1271 620 ἀμίαντος,
1305 547 1437 615 ἥτις
1466 542 1578 601 οὐκ
1616 547 1769 617 ἔγνω
1795 546 1922 600 κοί-

2043 562 2171 601 νενεε
2211 548 2440 603 nondum
2477 552 2617 604 enim
2659 553 2871 605 ascendi
2898 551 2966 605 ad
2998 552 3209 606 Patrem
3240 568 3408 607 meum
3437 554 3490 621 ¹;
3528 564 3586 608 ιιι

348 654 462 716 την
481 648 551 701 ἐν
570 642 993 713 παραπτώματι
1010 658 1024 670 ·
1055 640 1149 694 καὶ
1173 638 1486 709 εὐνοῦχος,
1509 637 1576 704 ὃς
1596 640 1706 692 οὐκ
1728 636 1921 708 clm-d—

2043 648 2291 708 rxperlem
2348 656 2638 712 corporum
2702 644 3033 707 castitatem,
3092 645 3350 714 nullaque
3397 645 3587 700 conta-

347 754 500 795 σατο
548 735 761 806 χερσὶν
792 734 1095 803 άνόμημα·
1142 731 1229 784 ἵνα
1260 729 1554 800 παρακύψῃ
1596 728 1692 781 καὶ
1732 728 1807 781 τὰο
1835 727 1922 782 διὰ

2043 729 2176 794 :ione
2203 733 2460 802 pollutam
2479 734 2827 804 exprimeret.
2852 734 2930 788 Ad
2956 736 3067 790 haec
3101 736 3207 790 alio
3235 736 3287 791 in
3322 737 3442 791 loco
3473 737 3591 807 Spi-

347 831 443 886 τοῦ
473 829 641 902 μύθου
673 826 853 881 αὐτῶν
884 828 941 878 ὲν
969 823 1153 895 χερσὶν
1186 822 1692 893 αἰσχρουργήματα.
1842 836 1847 839 '

2043 823 2161 876 'itus
2177 830 2406 877 sanctus
2426 834 2535 877 tam
2565 825 2635 879 ob
2667 825 3040 894 prioresillos,
3065 839 3225 894 quam
3259 826 3589 896 posteriores

353 927 457 980 hoc
487 922 648 977 modo
669 920 995 973 vaticinatus
1023 924 1105 971 est
1132 934 1145 969 :
1176 916 1288 986 98
1313 914 1479 968 Beata
1514 912 1734 978 sterilis,
1777 912 2195 981 incoinquinata,
2225 932 2343 986 qua:
2372 918 2586 971 nescivit
2626 926 2798 971 torum
2831 918 2885 971 in
2935 917 3147 983 delicto,
3178 927 3229 971 et
3272 919 3458 986 spado,
3500 919 3590 987 qui

350 1037 452 1076 non
497 1026 742 1088 operatus
783 1023 860 1069 est
912 1012 1158 1066 manibus
1203 1011 1313 1063 suis
1367 1009 1700 1079 iniquitatem
1730 1010 1787 1073 ';
1844 1018 1904 1062 ut
1953 1009 2039 1063 vel
2082 1024 2145 1063 ea
2198 1025 2332 1066 voce
2364 1011 2510 1066 illam
2552 1027 2711 1083 quam
2780 1010 2981 1069 fabulis
3040 1013 3156 1069 suis
3207 1012 3592 1069 commendare

351 1129 417 1168 ac
469 1111 725 1165 manibus
780 1120 1034 1161 exercere
1091 1104 1268 1159 solent
1327 1102 1663 1163 foeditatem,

423 1202 538 1269 ις’.
571 1202 718 1254 Πόσα
745 1199 802 1252 δὲ
828 1197 963 1252 ἄλλα
990 1196 1135 1248 ἔστιν
1161 1196 1333 1248 εἰπεῖν
1350 1194 1362 1247 l
1381 1193 1457 1256 ὡς
1482 1192 1575 1245 τοῦ
1603 1190 1921 1245 Ἀποστόλου

352 1295 619 1363 λεγοντος⁸
651 1293 713 1348 Ἠ
725 1290 841 1361 μὲν
856 1290 1081 1360 ἄγαμος
1096 1288 1192 1342 καὶ
1210 1290 1247 1357 ἠ
1271 1285 1560 1355 παρθένος
1574 1283 1829 1355 μεριμνᾷ
1850 1284 1923 1338 τὰ

353 1385 460 1439 τοῦ
486 1368 725 1453 Κυρίου,
758 1381 883 1447 πῶς
913 1380 1117 1449 ἀρέσει
1145 1377 1225 1444 τῷ
1252 1378 1465 1447 Κυρίῳ.
1505 1376 1674 1429 Τοῦτο
1702 1375 1757 1429 δέ
1790 1392 1922 1447 φησι

352 1476 521 1541 δεῖξαι
554 1476 654 1547 τὴν
687 1475 907 1542 ἁγνείαν
940 1476 998 1526 ἐν
1029 1471 1253 1543 ἀληθείᾳ
1285 1473 1349 1525 ἐκ
1373 1468 1465 1523 τοῦ
1500 1469 1656 1539 ἁγίου
1682 1467 1932 1538 Πνεύμα-

352 1585 446 1631 τος
468 1566 895 1637 ὲπιτρεπόμενος
918 1565 977 1617 οὐ
1000 1564 1309 1635 παρέργως.
1340 1564 1569 1616 Ἔπειτα
1591 1562 1648 1616 δὲ
1675 1564 1801 1633 περὶ
1823 1563 1930 1616 τῶν

351 1658 445 1710 τὸν
469 1656 644 1727 γάμον
666 1655 894 1725 ἐχόντων
912 1655 1005 1707 τὸν
1027 1653 1222 1721 σεμνὸν
1244 1652 1425 1720 λέγει’
1454 1651 1648 1720 τίμιος
1671 1654 1702 1704 ό
1724 1650 1929 1721 γάμος,

354 1747 454 1803 καὶ
494 1749 534 1815 ἡ
576 1748 743 1812 κοίτη
786 1745 1092 1813 ἀμίαντος,
1137 1743 1398 1811 πόρνους
1445 1740 1513 1794 δὲ
1552 1741 1651 1794 καὶ
1676 1741 1930 1810 μοιχοὺς

357 1809 551 1904 κρινεῖ
574 1836 607 1890 ὁ
631 1809 794 1900 Bede.
821 1809 999 1887 "Am
1026 1834 1118 1886 xui
1143 1809 1263 1885 κατ’
1290 1831 1466 1884 αὐτῶν
1491 1809 1686 1902 ἐκϐοᾷ,
1703 1830 1928 1903 γράφων
1962 1809 2002 1863 Β

369 1928 657 1999 Ῥωμαίοις
669 1926 737 1980 τὰ
756 1927 956 1996 αἰσχρά
974 1921 1370 1977 ἀποκαλύπτων
1389 1920 1496 1973 τῶν
1516 1920 1608 1985 τὰς,
1660 1934 1931 1991 κακοπρα-

356 2020 482 2089 γίας
534 2016 932 2089 ἐργαζομένων,
960 2014 1133 2082 λέγων
1157 2029 1171 2043 ·
1223 2013 1296 2066 Αἵ
1331 2028 1398 2064 τε
1433 2011 1543 2081 γὰρ
1569 2013 1801 2078 θήλειαι
1826 2013 1933 2064 αὺ-

356 2108 476 2162 τῶν
514 2105 905 2178 μετήλλαξαν
947 2104 1062 2171 τὴν
1104 2100 1378 2172 φυσικὴν
1414 2099 1640 2170 χρῆσιν
1689 2104 1776 2166 είς
1816 2098 1932 2167 τὴν

352 2197 519 2266 παρὰ
548 2197 755 2266 φύσιν.
815 2194 923 2248 Καὶ
956 2192 1084 2263 περὶ
1114 2191 1222 2243 τῶν
1252 2191 1518 2262 ἀρρένων,
1547 2191 1627 2244 ὅτι
1661 2192 1931 2259 Ἀῤῥενες

357 2287 431 2339 ἐν
486 2286 695 2355 ἇρῤεσι
746 2283 859 2352 τὴν
899 2280 1368 2351 αίσχημοσύνην
1424 2277 1928 2349 κατεργαζόμενοι.

372 2363 533 2431 Ἃλλὰ
556 2379 649 2430 καὶ
676 2379 733 2430 ἐν
747 2379 812 2447 τῇ
836 2375 969 2446 πρὸς
991 2371 1249 2444 Τιμόθεον
1279 2371 1563 2442 Ἐπιστολῇ
1589 2371 1715 2442 περὶ
1731 2371 1933 2423 τούτων

358 2470 508 2539 λέγει
528 2485 542 2499 ·
568 2470 686 2521 Ὅτι
706 2468 776 2521 ἐν
801 2465 1084 2534 ἐσχάταις
1120 2464 1364 2533 ἡμέραις
1384 2462 1783 2530 ἐνστήσονται
1812 2477 1936 2513 και·-

354 2562 454 2631 pol
496 2560 769 2630 χαλεποί.
831 2559 1109 2612 Ἔσονται
1138 2557 1250 2625 γὰρ
1282 2557 1334 2608 οἱ
1369 2552 1661 2622 ἅνθρωποι
1686 2551 1929 2622 φιλήδο-

363 2672 481 2717 rat,
524 2651 765 2723 μᾶλλον
794 2651 832 2719 ἢ
869 2651 1133 2720 φιλόθεοι
1152 2686 1165 2702 .
1216 2647 1327 2702 Καὶ
1359 2646 1538 2715 πάλιν,
1570 2646 1937 2699 Κωλυόντων

362 2745 594 2818 ταμεῖν,
624 2744 949 2812 ἀπέχεσθαι
977 2739 1307 2810 ,βρωμάτων
1338 2738 1937 2808 κεκαυτηριασμένων

362 2839 479 2909 τὴν
508 2835 898 2905 συνείδησιν·
936 2836 1017 2889 ὅτι
1045 2834 1105 2887 τὸ
1136 2833 1233 2904 μὲν
1265 2833 1457 2901 γαμεῖν
1484 2829 1619 2901 μετὰ
1655 2828 1936 2900 σωφροσύ-

363 2949 482 3004 νης,
519 2931 613 2985 καὶ
645 2928 979 2997 τεκνογονεῖν
1010 2923 1295 2989 κωλύουσι,
1347 2921 1622 2993 καιόμενοι
1649 2920 1707 2976 δέ
1737 2922 1843 2976 εἱσι
1874 2926 1936 2995 τῇ
1986 2916 1991 2921 ’

364 3024 689 3094 συνειδήσει,
709 3020 1061 3090 λαγνεύοντες
1087 3019 1185 3089 μὲν
1202 3016 1296 3071 καὶ
1320 3013 1685 3086 φθειρόμενοι,
1707 3014 1942 3068 κωλύον-

1734 1101 2070 1170 ριίυοὶάριθι.

2100 1192 2233 1246 XVI.
2269 1192 2443 1260 Quam
2484 1194 2650 1248 multa
2680 1196 2909 1266 proponi
2943 1197 3048 1250 alia
3082 1197 3342 1265 possunt!
3374 1202 3433 1249 ιιι
3465 1210 3590 1250 cum

2027 1284 2322 1353 Apostolus
2376 1286 2449 1339 ita
2501 1286 2781 1355 loquitur:
2834 1287 3025 1341 Mulier
3064 1288 3305 1355 innupta,
3360 1294 3408 1339 et
3447 1288 3594 1357 virgo

2027 1375 2259 1429 sollicita
2289 1371 2365 1430 est
2391 1376 2453 1429 de
2488 1377 2575 1440 iis,
2608 1393 2722 1447 quw
2752 1386 2875 1430 sunt
2910 1376 3137 1441 Domini,
3177 1377 3437 1447 quomodo
3476 1375 3595 1445 pla-

2025 1475 2137 1518 ceat
2168 1465 2396 1520 Domino
2428 1465 2468 1521 ³.
2510 1466 2623 1522 lloc
2657 1474 2836 1522 autem
2881 1466 3086 1522 idcirco
3119 1468 3271 1531 dicit,
3306 1469 3451 1538 quod
3485 1485 3594 1524 non

2027 1553 2398 1623 perfunctorie
2425 1555 2867 1610 commendandae
2890 1556 3158 1611 castitatis
3183 1562 3425 1626 pote‘slas
3447 1564 3595 1613 esset

2029 1660 2057 1697 a
2099 1643 2307 1714 Spiritu
2341 1657 2530 1701 sancto
2582 1648 2894 1704 commissa.
2944 1647 3081 1702 Tum
3129 1664 3258 1703 vero
3295 1648 3361 1703 de
3404 1649 3471 1704 iis
3502 1650 3596 1720 qui

2029 1735 2275 1793 honestis
2300 1739 2490 1809 illigati
2525 1748 2653 1795 sunt
2682 1740 2755 1793 ita
2786 1740 3030 1810 disputat
3057 1763 3069 1796 :
3108 1740 3429 1795 Ilonorabile
3471 1758 3596 1795 con-

2032 1830 2267 1894 nubinm,
2299 1840 2347 1885 et
2374 1841 2524 1886 torus
2560 1831 2973 1896 immaculatus;
3019 1832 3364 1901 fornicatores
3397 1842 3595 1899 autem,

2030 1930 2078 1975 et
2108 1923 2375 1976 adttltrros
2426 1922 2689 1994 judicabit
2742 1924 2990 1978 Dominus
3017 1923 3058 1978 ’⁸.
3099 1922 3365 1979 Ριτειειοεει
3408 1931 3600 1978 contra

2030 2013 2250 2067 eosdem
2274 2013 2544 2066 exclamat
2575 2015 2641 2068 ad
2682 2011 2983 2080 Romanos,
3014 2014 3285 2079 scribens,
3328 2023 3382 2070 et
3410 2029 3598 2070 eorum

2031 2102 2124 2171 qui
2174 2102 2225 2155 in
2274 2102 2539 2171 ejusmodi
2578 2100 2801 2172 flagitiis
2850 2104 3165 2158 volutantur
3209 2104 3599 2174 turpitudinem

2032 2193 2343 2263 detegit'his
2372 2193 2583 2247 verbis:
2614 2191 2756 2246 Nam
2783 2202 2830 2246 et
2852 2193 3061 2262 femina:
3086 2211 3264 2248 eorum
3294 2197 3602 2249 immutare-

2033 2294 2154 2337 runt
2186 2285 2481 2362 naturalem
2514 2300 2669 2338 usum
2712 2285 2766 2338 in
2811 2300 2928 2338 eum
2969 2301 3145 2348 usum,
3178 2285 3268 2354 qui
3295 2293 3373 2339 est
3416 2296 3602 2338 contra

2033 2383 2280 2428 naturam
2310 2376 2351 2427 ⁵.
2380 2374 2519 2428 Τιιιιι
2570 2374 2638 2430 de
2675 2376 2917 2430 maribus
2964 2375 3228 2445 subjicit:
3273 2374 3504 2429 Masculi
3548 2376 3601 2429 in

2034 2467 2297 2518 masculos
2327 2463 2703 2532 turpitudinem
2730 2476 3000 2534 operantes
3031 2465 3071 2521 ‘.
3099 2465 3367 2521 Praeterea
3391 2468 3445 2520 in
3474 2466 3602 2537 Epi-

2036 2557 2172 2611 smla
2208 2557 2274 2610 ad
2314 2555 2659 2611 Timotheum
2713 2558 2780 2613 de
2808 2559 2997 2614 iisdem
3029 2558 3100 2612 ita
3140 2559 3379 2629 loquitur
3410 2578 3423 2615 :
3451 2560 3604 2625 Quod

2036 2649 2090 2701 in
2134 2648 2430 2703 norissimis
2480 2648 2660 2703 diebus
2706 2649 2974 2703 instabunt
3017 2659 3249 2719 tempora
3287 2652 3602 2720 periculosa.

2038 2737 2106 2791 Et
2138 2748 2289 2793 erunt
2313 2740 2547 2795 homines
2576 2739 2900 2810 voluptatum
2944 2734 3112 2813 magis
3156 2752 3418 2797 amatores
3447 2759 3608 2814 quam

2037 2829 2136 2887 Dei
2165 2833 2209 2885 ".
2246 2834 2310 2887 Et
2348 2848 2565 2888 rursum
2602 2850 2616 2887 :
2662 2832 3058 2887 Pro/libentium
3092 2833 3300 2899 nubere,
3348 2835 3612 2891 abstinere

2039 2940 2070 2977 a
2096 2925 2226 2979 cibis
2251 2942 2268 2977 :
2293 2925 2643 2978 cauleriatam
2671 2924 2970 2978 habentium
2998 2941 3148 2979 suam
3171 2922 3606 2981 consonantiam“.

2043 3014 2117 3070 Et
2153 3032 2218 3071 eo
2251 3016 2502 3071 videlicet
2556 3017 2700 3087 quod
2729 3024 2878 3072 caste
2922 3017 3268 3071 matrimonio
3318 3016 3606 3088 conjungi,

360 3131 453 3178 τες
481 3115 537 3168 δὲ
568 3114 924 3181 τεκνογονεῖν.
977 3110 1087 3164 Καὶ
1118 3108 1227 3179 γὰρ
1252 3109 1345 3161 καὶ
1374 3106 1512 3177 αὐτὴ
1540 3107 1572 3176 ή
1604 3107 1731 3176 παρ’
1761 3105 1941 3168 αὐτοῖς

2043 3124 2105 3163 ac
2123 3110 2327 3178 prolem
2354 3110 2633 3179 suscipere
2663 3110 2972 3180 prohibent,
3001 3109 3226 3165 ardente
3254 3109 3471 3165 interim
3495 3110 3611 3164 illo-

362 3205 631 3277 λεγομένη
666 3204 848 3267 θυσία,
891 3199 1228 3273 βορϐορώδης
1259 3216 1342 3263 τις
1367 3194 1502 3253 οὖσα
1544 3198 1666 3269 ἥδη.
1714 3196 1809 3250 καὶ
1834 3196 1941 3249 ἀπὸ

361 3297 473 3353 τῶν
513 3296 772 3352 ἀνέκαθεν
804 3287 891 3349 διὰ
919 3293 1011 3348 τοῦ
1048 3292 1324 3364 προφήτου
1357 3291 1733 3345 ὑποδείκνυται
1769 3289 1943 3359 ὄφεως

364 3376 501 3447 οὖσα
526 3388 683 3460 σὰρξ,
712 3390 807 3442 καὶ
831 3387 950 3456 οὐχὶ
974 3386 1069 3439 τοῦ
1097 3386 1323 3456 Κυρίου,
1348 3383 1421 3455 μὴ
1441 3385 1650 3453 γένοιτο
1667 3383 1680 3435 ι
1698 3382 1943 3450 λέγοντος

363 3483 537 3545 οὕτως
557 3499 570 3512 ’
604 3482 686 3535 ὅτι
722 3479 806 3533 Σὺ
844 3476 1210 3546 συνέτριψας
1236 3475 1343 3542 τὰς
1371 3476 1636 3545 κεφαλὰς
1667 3473 1775 3528 τοῦ
1802 3470 1942 3540 δρά-

366 3588 602 3636 κοντος,
644 3568 743 3623 καὶ
776 3567 1003 3632 ἔδωκας
1031 3566 1220 3620 αὐτὸν
1252 3565 1463 3635 ,ϐρῶμα
1501 3564 1673 3630 λαοῖς
1696 3564 1822 3630 τοῖς
1843 3566 1942 3618 Ai—

367 3664 555 3729 θίοψι.
607 3659 813 3730 Βρῶμα
847 3656 956 3730 γὰρ
990 3657 1066 3721 ὡς
1094 3655 1308 3726 ἀληθῶς
1343 3655 1517 3725 ὄφεως
1550 3657 1583 3726 ή
1611 3655 1813 3707 τούτων
1849 3671 1943 3724 μυ-

370 3751 513 3825 σαρὰ
527 3749 791 3823 θρησκεία
805 3765 818 3778 ο
840 3747 933 3801 καὶ
954 3746 1201 3810 Αἰθίοπες
1233 3746 1672 3816 μεμελανωμένοι
1689 3748 1753 3816 τῇ
1767 3746 1947 3816 ἁμαρ-

367 3841 461 3912 τίᾳ
487 3840 537 3893 οἱ
566 3837 768 3907 ταύτην
796 3838 895 3907 τὴν
924 3836 1146 3907 τελετὴν
1169 3835 1263 3888 τοῦ
1294 3834 1387 3890 νῦν
1416 3836 1512 3906 μὲν
1528 3835 1777 3906 δαίμονος
1800 3833 1941 3899 Διὸς,

374 3933 544 3987 πάλαι
573 3929 630 3984 δὲ
649 3930 863 4000 γόητος,
897 3926 992 3980 τοῦ
1024 3927 1176 3999 παρά
1212 3944 1320 3981 τισι
1350 3926 1483 3980 Θεοῦ
1508 3928 1685 3999 μάτην
1741 3944 1949 3998 νενομι-

374 4024 578 4095 σμένου
605 4019 899 4081 τελοῦντες.
935 4020 1029 4071 Ἐκ
1053 4018 1161 4091 γὰρ
1189 4018 1513 4089 Ἑλληνικῶν
1547 4018 1730 4089 μύθων
1777 4019 1946 4071 πᾶσαι

372 4119 432 4171 αἱ
457 4117 696 4188 αἱρέσεις
729 4112 1022 4176 συνάξασαι
1043 4114 1260 4176 ἑαυταῖς
1284 4113 1382 4183 τὴν
1399 4111 1604 4181 πλάνην
1629 4109 1945 4175 κατέϐαλον,

377 4211 642 4280 μεταποιή
651 4227 809 4264 σασαι
829 4211 908 4273 είς
928 4208 1092 4275 ἄλλην
1112 4207 1344 4260 διάνοιαν
1366 4203 1601 4273 χείρονα.
1638 4201 1947 4272 Παρεισφὲ-

376 4315 531 4370 ρουσι
556 4297 729 4372 οἱ
757 4301 978 4371 ποιηταὶ
1000 4299 1111 4366 (80)
1134 4296 1223 4350 τὸν
1239 4297 1336 4348 Δία
1360 4295 1457 4366 τὴν
1479 4293 1656 4363 Μῆτιν
1675 4292 1948 4364 θυγατέρα

374 4388 568 4444 ἑαυτοῦ
596 4392 952 4446 καταπιόντα.
999 4389 1206 4461 Βρέφος
1241 4386 1299 4439 δὲ
1327 4386 1426 4439 οὐκ
1458 4384 1523 4438 ἂν
1566 4384 1842 4448 καταπίοι,
1872 4383 1947 4448 ὡς
1976 4399 1984 4412 '

2043 3216 2162 3255 rum
2197 3201 2559 3267 conscientia;
2597 3201 2725 3256 dum
2768 3201 3006 3258 assiduis
3046 3202 3102 3255 in
3158 3201 3610 3269 sc'ortationibus,

2042 3291 2476 3360 corrupzelisque
2522 3300 2837 3356 versantur,
2881 3306 2944 3347 ac
2977 3293 3353 3362 procreatione
3408 3293 3611 3347 sobolis

2042 3382 2394 3437 interdicunt.
2447 3381 2581 3437 Nam
2640 3385 2783 3454 quod
2821 3385 2887 3439 ad
2927 3384 3058 3439 illud
3110 3386 3299 3439 attinet
3328 3402 3465 3457 quos
3523 3385 3611 3439 isti

2044 3474 2372 3529 sacriﬁcium
2422 3485 2638 3543 vocant,
2674 3476 2996 3532 lutulentum
3045 3477 3302 3547 quiddam
3335 3486 3388 3533 et
3434 3478 3612 3548 impu-

2045 3583 2187 3631 rum,
2218 3568 2330 3637 jam
2368 3579 2481 3623 tum
2512 3570 2639 3623 olim
2685 3584 2714 3622 a
2744 3568 3015 3639 Propheta
3048 3570 3478 3625 demonstratum
3509 3580 3613 3634 est,

2045 3660 2315 3729 serpentis
2373 3675 2495 3716 esse
2532 3676 2772 3725 carnem,
2828 3677 2936 3714 non
2993 3660 3227 3715 Dommi.
3277 3663 3474 3717 Absit!
3523 3662 3614 3717 Sic

2043 3751 2187 3806 enim
2236 3752 2519 3822 loquitur:
2559 3751 2878 3815 .Contrivisti
2916 3754 3093 3823 capita
3120 3756 3389 3819 draconis,
3433 3766 3480 3809 et
3524 3755 3617 3809 de-

2045 3840 2172 3895 disti
2196 3858 2311 3894 eum
2335 3853 2505 3895 escam
2524 3845 2733 3912 populis
2762 3844 3071 3913 /Etltiopum
3093 3846 3133 3898 ’.
3156 3843 3299 3899 Sane
3327 3846 3470 3898 enim
3501 3861 3615 3899 scr-

2046 3933 2281 4003 penlinae
2314 3933 2599 4002 cujusdam
2644 3951 2785 3990 escae
2834 3951 3004 4006 genus
3032 3944 3115 3990 est
3160 3937 3373 3991 illorum
3404 3936 3614 3991 abomi-

2046 4024 2225 4077 nanda
2281 4025 2647 4094 superstitio:
2711 4026 2983 4097 iidemque
3028 4027 3307 4097 AithiOpes
3365 4027 3437 4083 illi
3485 4036 3616 4082 sunt

2047 4115 2315 4169 scelerum
2364 4131 2588 4170 suorum
2622 4118 2844 4188 nigrore
2871 4118 3179 4182 deformati,
3229 4120 3320 4189 qui
3349 4119 3616 4190 ejusmodi

2046 4205 2187 4259 ritus
2214 4222 2359 4261 nunc
2388 4206 2650 4264 daunonis
2677 4208 2850 4275 lovis,
2877 4210 3006 4265 olim
3058 4211 3490 4283 praestigiatoris,
3521 4212 3615 4282 qui

2047 4309 2102 4354 et
2127 4299 2330 4356 frustra
2361 4316 2389 4355 a
2420 4304 2699 4359 nonnullis
2736 4304 2966 4359 habetur
2994 4304 3158 4369 Deus,
3191 4305 3444 4375 religioso
3467 4305 3616 4358 cultu

2055 4389 2348 4444 celebrant.
2376 4390 2652 4462 Siquidem
2671 4393 2902 4449 haereses
2928 4394 3195 4463 universae
3211 4394 3277 4450 de
3306 4393 3617 4449 Graecorum

374 4482 470 4535 καὶ
488 4483 517 4536 ὁ
539 4482 692 4551 ἆγιος
711 4482 937 4553 Κλήμης
960 4470 1277 4547 καταγελῶν
1299 4478 1396 4549 τῆς
1418 4476 1527 4529 τῶν
1548 4475 1685 4545 θεῶν
1701 4475 1809 4528 τῶν
1836 4474 1941 4528 Ἐλ-

2058 4476 2259 4534 fabulis
2295 4497 2358 4536 ea
2393 4483 2749 4553 collegerunt,
2784 4500 2848 4538 ex
2882 4484 3082 4555 quibus
3112 4500 3305 4538 noram
3334 4484 3437 4538 sibi
3467 4498 3619 4538 erro-

373 4572 551 4643 λήνων
572 4572 959 4645 αἰσχρουργίας
975 4569 1126 4625 εἶπεν
1140 4588 1155 4602 ο
1189 4571 1330 4633 Ὅτι,
1341 4569 1439 4640 τὴν
1454 4567 1628 4638 Μῆτιν
1644 4564 1945 4631 καταπιὼν,

372 4665 498 4735 οὐχὶ
524 4663 719 4737 βρέφος
756 4665 987 4735 ἠδύνατο
1009 4664 1312 4727 καταπιεῖν,
1345 4659 1480 4713 ἀλλὰ
1519 4658 1618 4729 τὴν
1660 4657 1821 4729 γονὴν
1851 4656 1949 4728 τὴν

377 4752 531 4806 ἰδίαν.

2056 4566 2134 4621 ris
2150 4578 2354 4623 sectam
2375 4571 2757 4636 condiderunt,
2778 4588 2901 4627 cum
2922 4588 2985 4628 ea
3010 4575 3331 4629 deteriorem
3358 4574 3524 4627 alium
3553 4573 3618 4626 ad

2057 4671 2277 4711 sensum
2308 4654 2733 4717 transtulissent.
2760 4662 2893 4717 Nam
2916 4672 2969 4718 et
2997 4679 3025 4718 a
3050 4665 3222 4735 poetis
3244 4663 3404 4718 Metin
3436 4664 3619 4734 (quam

2059 4749 2401 4818 prudentiam
2429 4755 2700 4823 appellare
2724 4756 2925 4828 possis)
2947 4757 3108 4810 filiam
3133 4771 3286 4812 suam
3322 4755 3621 4809 absorbens

372 4844 722 4902 introducuts
770 4853 855 4917 cst
903 4841 1130 4913 Jupiter.
1179 4840 1347 4895 Nemo
1396 4853 1561 4911 porro
1600 4837 1858 4893 infantem
1908 4839 2697 4912 absorbeat;quemadmodum
2725 4859 2948 4904 sanctus
2972 4848 3223 4905 Clemens
3244 4849 3339 4912 ait,
3363 4845 3474 4917 99
3497 4861 3619 4898 eum

788 4908 813 4941 \

373 4934 604 4990 deorum
671 4935 762 5004 qui
800 4930 859 4987 ‘a
894 4933 1097 5007 Grtecis
1132 4933 1386 4987 coluntur
1427 4930 1820 5001 turpitudinem
1870 4931 2127 4988 deridet:
2172 4935 2312 5002 Quin
2369 4939 2513 5014 enim
2566 4940 2858 4997 devorasse
2918 4940 3084 4996 Metin
3128 4941 3348 5004 dicitur,
3408 4953 3518 4992 non
3555 4936 3624 4991 de

377 5026 589 5083 infante
614 5027 748 5092 ullo,
776 5026 871 5082 sed
904 5026 970 5081 de
991 5026 1212 5097 pr0prio
1238 5025 1445 5081 semine
1472 5040 1570 5097 par
1593 5032 1677 5081 est
1701 5025 1953 5098 intelligi.

452 5142 468 5172 ¹
496 5139 652 5194 Joan.
674 5154 765 5201 xx,
792 5140 875 5194 l7.
957 5141 977 5170 ²
1005 5136 1132 5208 Sap.
1162 5153 1247 5204 Ill,
1279 5137 1365 5208 ῌ.
1414 5136 1465 5208 ᾲ³
1486 5134 1505 5189 ι
1529 5136 1655 5192 Cor.
1684 5152 1776 5208 ru,
1804 5138 1892 5208 54.

2043 5136 2184 5197 lebr.
2213 5155 2332 5205 xut,
2361 5142 2414 5195 4.
2487 5141 2509 5173 ⁸
2538 5139 2698 5197 Rom.
2733 5156 2773 5208 ι,
2803 5141 2891 5197 26.
2971 5142 3145 5198 ‘ibid.
3172 5142 3262 5197 27.

377 5225 460 5267 ιιι.
489 5210 599 5264 1-4.
676 5210 698 5240 ⁸
727 5208 903 5265 l'l‘un.
939 5205 1096 5272 tv,'5,
1130 5209 1181 5262 2.
1260 5208 1280 5238 ’
1304 5205 1448 5261 Psal.
1484 5222 1677 5271 Lxxut,
1709 5207 1796 5272 15,
1829 5207 1913 5261 14.

452 5321 565 5392 (80)
598 5320 1072 5392 Παρεισξξέρουσι
1094 5316 1555 5392 γὰρ-οίποιηταί.
1586 5314 1955 5392 ῐξιιιίᾱὶεξίιιιξθ

380 5385 580 5445 fabulae
607 5385 802 5444 auctor
821 5385 1173 5445 l‘lésiodttsin
1199 5387 1392 5456 Theog.
1423 5386 1525 5440 Ubi
1546 5387 1777 5456 primatu
1802 5385 1954 5443 Jovis

377 5475 605 5514 morem
634 5459 794 5515 Metin
819 5463 887 5513 ab
913 5475 979 5514 eo
1002 5459 1316 5513 devoratam
1344 5455 1580 5521 cecinit;
1605 5455 1955 5521 intlidetnque

379 5538 733 5600 propagatatn
774 5530 1068 5600 Palladem.
1096 5527 1633 5600 Apollodorusvero
1668 5526 1765 5580 lib.
1806 5544 1821 5579 ι
1860 5526 1956 5580 Bi-

380 5595 579 5654 lilium:
599 5599 765 5653 Metin
799 5600 874 5654 ait
904 5598 1106 5653 Oceani
1131 5595 1293 5652 titiam
1315 5595 1434 5651 lori
1460 5596 1775 5650 a'uxiliatam
1800 5611 1952 5664 esse;

376 5669 736 5739 eamdemque
795 5668 1034 5723 Saturno
1089 5669 1364 5739 potionem
1419 5664 1711 5739 quamdam
1772 5668 1956 5736 pretii--

381 5753 567 5803 nasse,
595 5737 703 5809 qua
732 5740 777 5795 is
810 5740 1095 5803 exhausta,
1129 5737 1289 5802 filios,
1325 5752 1464 5807 quos
1497 5737 1809 5799 devorarat,
1837 5753 1954 5791 om-

3358 5140 3378 5175 "
3409 5144 3449 5198 ll
3479 5143 3623 5202 Tim.

2064 5331 2163 5390 nes
2184 5316 2452 5390 evomuit.
2493 5315 2870 5390 Athenagoras
2908 5319 2961 5390 in
2994 5317 3177 5390 Legat.
3223 5335 3318 5390 pro
3368 5318 3629 5376 Christia-

2058 5388 2141 5440 nis
2176 5385 2373 5454 Orphei
2407 5402 2606 5441 versus
2642 5385 2808 5449 citat,
2836 5389 3035 5456 quibus
3063 5385 3129 5444 ne
3158 5385 3398 5444 Plianete
3424 5395 3628 5448 mentio

2056 5464 2164 5529 est,
2189 5470 2358 5529 quem
2374 5456 2578 5529 indicat
2595 5457 2793 5529 deinde
2814 5473 2842 5510 a
2859 5460 2989 5514 Jove
3010 5459 3263 5516 similiter
3277 5461 3592 5529 absorptum
3612 5481 3625 5517 :

2057 5525 2090 5593 ἧ
2121 5524 2517 5602 καταποθῆναιΔ
2532 5527 2637 5602 ὑπο
2669 5528 2764 5602 τοῦ
2799 5531 2939 5593 Διὸς,
2973 5529 3122 5602 ὅπως
3165 5534 3194 5584 ὁ
3236 5530 3370 5592 Ζεὺς
3400 5524 3629 5602 tit-xiiii»;-

2055 5612 2146 5659 τος
2190 5597 2425 5671 γένοιτοἰ
2481 5596 2642 5671 Quod
2691 5599 2983 5671 Gesnerus
3026 5600 3295 5671 interpres
3348 5599 3414 5654 ad
3448 5596 3630 5657 'Meti'n

2057 5666 2356 5721 transtuiit.
2384 5665 2583 5740 Verum
2611 5668 2679 5740 de
2711 5669 2946 5727 Phanote
2977 5670 3122 5740 loqui
3155 5665 3370 5727 ridetur
3393 5671 3631 5727 Athena-

2057 5752 2239 5807 goras,
2273 5752 2381 5792 non
2420 5738 2486 5793 de
2520 5737 2668 5795 Meti.
