3968 6128
384 291 488 346 559
1808 291 1868 349 S.
1912 290 2254 347 ΕΡΙΡΙΙΑΝΠ
3562 289 3668 345 360

454 405 617 461 XVll.
648 402 788 473 Quid
816 404 926 475 jam
959 404 1107 460 aliud
1143 404 1401 475 deinceps
1422 403 1687 475 eloquar?
1712 414 1974 478 aut'quo-

2147 404 2249 458 ιζ’.
2288 402 2352 456 Τί
2381 402 2436 456 δὲ
2465 402 2654 473 ἕτερον
2686 400 2927 473 simitu;
2965 402 3000 473 ἢ
3037 400 3155 466 πῶς
3192 400 3550 475 ἀποσείσομαι
3579 403 3670 456 τὸν

382 500 547 555 modo
572 513 854 553 caenosam
890 497 1034 553 hanc
1063 497 1497 569 disputationem
1526 497 1784 568 abjiciam
1809 539 1824 564 ,
1849 512 1972 553 cum

2079 496 2301 569 πηλώδη
2349 495 2540 550 τοῦτον
2578 497 2739 549 πόνον
2765 537 2780 561 ,
2838 495 3161 567 βουλόμενος
3207 496 3305 567 μὲν
3347 497 3544 551 εἰπεῖν.
3577 497 3670 550 καὶ

379 598 435 646 et
466 590 651 652 velim,
682 597 736 644 et
765 587 937 643 nolim
987 605 1097 644 una
1138 589 1343 655 dicere,
1376 605 1442 645 ac
1479 590 1716 660 quadam
1754 588 1974 646 dicendi

2079 586 2155 658 μὴ
2201 584 2542 657 βουλόμενος,
2585 585 3030 656 ἀναγκαζόμενος
3074 585 3151 649 δὲ,
3199 586 3290 640 ἵνα
3334 586 3409 657 μὴ
3444 585 3582 648 δόξω
3616 603 3669 640 τι

379 683 713 738 necessitate
738 682 1113 753 constringar,
1147 698 1217 739 ne
1250 683 1382 753 quid
1411 698 1604 738 eorum
1638 698 1759 754 quae
1786 684 1977 744 insunt

378 789 570 828 revera
600 775 986 830 dissimulasse
1021 772 1212 829 videar
1232 796 1247 842 ,
1283 782 1339 828 et
1370 774 1501 828 illud
1541 789 1737 829 verear
1767 780 1971 839 tamen,

380 880 451 918 ne
492 865 711 919 illorum
763 864 1108 920 detestandis
1160 848 1380 934 ﬂagitiis
1427 862 1738 934 patefactis,
1785 879 1978 933 quem-

380 976 544 1031 quam
579 967 675 1014 aut
701 959 965 1024 inilciam,
987 967 1081 1014 aut
1111 959 1484 1018 exstimulem.
1506 966 1559 1013 et
1583 956 1650 1011 ad
1680 958 1772 1010 illa
1803 957 1978 1012 curio-

381 1053 501 1109 sius
535 1051 843 1123 indaganda
881 1051 1027 1108 l'aces
1065 1051 1134 1107 iis
1167 1051 1480 1118 subjiciam,
1514 1050 1606 1120 qui
1634 1050 1975 1119 voluptatum

382 1158 447 1197 ac
476 1142 834 1213 cupiditatum
872 1141 1147 1197 illecebris
1199 1141 1595 1196 abducuntur?
1635 1138 1741 1196 Sed
1774 1140 1977 1194 nihilo—

381 1236 568 1290 minus
616 1235 686 1289 ab
714 1232 988 1303 ejusmodi
1039 1234 1304 1290 daemonis
1351 1242 1472 1291 satu
1523 1241 1577 1287 et
1626 1232 1979 1303 improbitate

381 1334 493 1381 tam
528 1342 648 1397 ego,
684 1342 847 1397 quam
895 1333 1105 1381 sanet-re
1154 1334 1322 1396 atque
1381 1325 1666 1381 catholicae
1714 1323 1981 1380 Ecclesia:

382 1434 510 1489 spes
533 1419 736 1483 onmis,
775 1433 842 1474 ac
873 1418 1129 1489 quisquis
1161 1418 1214 1472 in
1255 1418 1357 1473 hoc
1383 1426 1633 1473 nostrum
1664 1433 1804 1488 opus
1841 1416 1980 1471 inci-

381 1510 544 1574 derit,
580 1512 815 1583 integer,
849 1511 1256 1582 inviolatusque
1291 1519 1562 1567 servetur.
1593 1508 1750 1576 Quod
1783 1509 1828 1563 si
1868 1523 1978 1563 caa—

381 1610 517 1668 tera,
549 1619 673 1674 quae
713 1604 782 1658 ab
833 1605 943 1659 illis
978 1604 1242 1659 dicuntur
1273 1610 1367 1657 aut
1413 1603 1550 1657 liuut
1593 1610 1796 1672 quanta
1826 1607 1975 1667 sunt,

382 1701 547 1764 atque
570 1695 863 1765 ejusmodi,
891 1695 1074 1766 qualia
1119 1695 1234 1765 jam
1267 1693 1842 1756 commemoravimus,
1886 1699 1981 1745 aut

2075 674 2184 727 τῶν
2229 672 2399 726 ὄντων
2439 674 2858 745 παρακρύπτειν
2885 688 2898 705 ’
2948 675 3044 729 καὶ
3082 674 3437 747 φοϐούμενος,
3475 677 3562 729 ἵνα
3595 676 3669 747 μὴ

2078 765 2480 821 ἀποκαλύπτων
2502 765 2570 820 τὰ
2593 766 2741 821 δεινά
2773 767 2952 821 αὐτῶν
2985 768 3018 839 ἢ
3043 769 3249 839 χράνω,
3280 768 3313 839 ἢ
3341 768 3554 840 πλήξω,
3590 771 3670 833 εἰς

2076 860 2139 914 τὸ
2181 858 2652 933 περιεργάσασθαι
2699 862 2827 932 περὶ
2875 860 3064 915 τούτου
3115 860 3242 924 τοὺς
3287 860 3669 930 ἀπαγομένους

2075 954 2293 1026 ἡδοναῖς
2328 954 2423 1007 καὶ
2463 953 2781 1026 ἐπιθυμίαις
2825 952 3144 1026 ἐποτρύνω;
3174 954 3365 1024 Ὅμως
3411 950 3523 1021 ἐγὼ
3569 952 3667 1023 μὲν

2078 1048 2254 1113 ἀοῶος
2283 1049 2421 1119 εἵην,
2443 1049 2537 1103 καὶ
2558 1050 2709 1102 πᾶσα
2737 1050 2768 1119 ή
2796 1047 2896 1119 τῆς
2913 1047 3074 1116 ἁγίας
3103 1045 3401 1118 καθολικῆς
3441 1045 3669 1117 Ἐκκλη-

2081 1141 2204 1206 σίας
2256 1142 2432 1206 ἐλπὶς,
2488 1141 2583 1195 καὶ
2623 1141 2822 1204 πάντες
2860 1141 2910 1193 οἱ
2937 1140 3115 1210 τούτῳ
3150 1138 3230 1209 τῷ
3262 1139 3553 1211 γράμματι
3581 1141 3669 1193 ἐν·

2078 1235 2440 1307 τυγχάνοντες
2460 1235 2568 1290 ἀπὸ
2589 1235 2689 1305 τῆς
2702 1233 2958 1304 τοιαύτης
2976 1232 3070 1287 τοῦ
3085 1233 3334 1287 διαϐόλου
3351 1233 3670 1304 ὐποσπορᾶς

2080 1329 2175 1384 καὶ
2202 1328 2647 1401 κακομηχανίας·
2698 1326 2794 1382 ἐὰν
2826 1326 2937 1399 γάρ
2971 1327 3191 1398 θελήσει
3225 1326 3406 1395 λέγειν
3435 1325 3503 1380 τὰ
3535 1325 3669 1380 ἀλλα

2079 1420 2149 1475 τὰ
2180 1423 2312 1493 παρ’
2356 1421 2538 1485 αὐτοῖς
2567 1420 2837 1491 λεγόμενα
2862 1421 2957 1474 καὶ
2994 1418 3255 1490 γινόμενα
3287 1419 3390 1473 ὅσα
3416 1418 3534 1472 ἐστὶ
3555 1434 3668 1471 τοι-

2080 1512 2220 1567 αῦτα
2247 1514 2341 1568 καὶ
2361 1514 2620 1578 τοσαῦτα,
2643 1512 2957 1567 καὶτούτων
2984 1512 3063 1567 ἔτι
3088 1511 3309 1584 μείζονα
3329 1512 3424 1566 καὶ
3440 1512 3667 1573 ἐλάττω,

2082 1600 2296 1672 θελήσω
2319 1601 2376 1655 δέ
2400 1602 2495 1656 καὶ
2514 1600 2591 1666 ὼς
2613 1601 2908 1674 φάρμακον
2929 1602 3124 1665 ίάσεως
3144 1601 3499 1675 ἀλεξητήριον
3521 1602 3671 1655 ἀντι-

2081 1692 2248 1748 δότων
2280 1693 2438 1766 δίκην
2460 1694 2597 1765 πρὸς
2617 1694 2856 1766 ἑκάστην
2876 1694 3021 1761 λέξιν
3045 1693 3361 1758 ἀντιθεῖναι,
3393 1696 3474 1759 είς
3501 1693 3671 1748 πολὺν

382 1788 454 1844 iis
483 1790 648 1845 etiam
682 1790 913 1857 majora,
935 1788 1021 1843 vel
1056 1789 1293 1851 minora,
1324 1785 1615 1859 complecti
1643 1785 1889 1850 voluero,
1921 1793 1976 1840 et

2079 1786 2242 1855 δγκον
2263 1786 2443 1840 ἐλάσω
2464 1786 2565 1857 τῆς
2599 1785 2904 1851 συντάξεως
2930 1785 3031 1857 τὴν
3057 1786 3459 1856 πραγματείαν.
3484 1784 3671 1858 Ταύτῃ

383 1880 450 1935 ad
477 1881 723 1951 singulas
753 1896 917 1936 voces
941 1880 1163 1936 salubre
1184 1880 1459 1950 quoddam
1488 1877 1973 1942 medicamentum,

382 1974 533 2028 velut
565 1973 871 2043 depellendi
905 1973 1030 2026 mali
1057 1986 1228 2028 causa
1258 1978 1639 2043 comparatum
1672 1967 1976 2025 remedium

382 2062 709 2128 adhibuero,
746 2065 801 2117 in
839 2062 1162 2117 immensam
1218 2061 1417 2116 molem
1466 2068 1784 2130 susceptum
1835 2073 1978 2128 opus

380 2246 741 2308 incurrimus,
769 2253 825 2300 et
856 2262 921 2301 ex
964 2245 1197 2316 ipsomct
1224 2260 1435 2310 eorum,
1467 2244 1561 2315 qui
1591 2244 1734 2298 hanc
1758 2245 1979 2314 proprie

378 2347 433 2396 et
486 2356 553 2395 ex
591 2340 848 2395 instituto
881 2344 1141 2401 tractant,
1174 2352 1271 2392 ore
1308 2352 1372 2392 ac
1419 2336 1737 2408 magisterio
1778 2335 1981 2390 didici-

380 2447 527 2487 mus.
574 2431 657 2485 Ad
687 2430 740 2485 id
794 2445 928 2485 vero
970 2437 1302 2499 comparatae
1330 2429 1679 2498 deceptaque
1721 2428 1981 2483 mulieres

382 2538 493 2578 non
543 2523 723 2577 solum
761 2522 1076 2577 istiusmodi
1126 2521 1285 2575 nobis
1322 2534 1609 2575 sermones
1647 2519 1978 2589 injecerunt,

384 2614 479 2668 sed
512 2614 737 2682 insuper
766 2612 1034 2685 Egyptian
1072 2612 1221 2666 illius
1251 2612 1483 2682 perdita:
1513 2626 1577 2667 ac
1626 2611 1982 2682 nequissima

2054 1877 2185 1949 ,γὰρ
2242 1880 2310 1949 τῇ
2359 1878 2605 1950 αἱρέσει,
2652 1878 3007 1950 ἐπιπόθητοι,
3053 1880 3150 1933 καὶ
3200 1879 3364 1942 αὐτὸς
3417 1878 3671 1949 περιέτυ-

2075 1988 2191 2042 χον.
2274 1973 2370 2026 Ἐκ
2435 1972 2704 2043 στόματος
2750 1973 2808 2026 δὲ
2859 1972 2970 2025 τῶν
3019 1972 3194 2045 ταύτῃ
3247 1971 3671 2045 ἐπιχειρούντων

2078 2063 2237 2133 φύσει
2290 2063 2430 2118 αὐτὰ
2473 2063 2915 2135 αὐτοπροσὼπως
2959 2063 3253 2135 ὲνηχήθην.
3323 2063 3590 2127 Γυναῖκες
3617 2063 3674 2116 δὲ

2076 2152 2221 2208 οὕτω
2249 2155 2600 2227 ὴπατημέναι
2639 2156 2699 2209 οὐ
2733 2156 2893 2227 μόνον
2929 2155 3028 2227 τὴν
3073 2155 3264 2209 λαλιὰν
3293 2155 3503 2226 ταύτην
3536 2157 3674 2226 ήμῖν

2079 2245 2419 2315 προέτειναν,
2483 2246 2579 2299 καὶ
2614 2245 2686 2299 τὰ
2716 2246 2945 2301 τοιαῦτα
2969 2249 3102 2318 ἡμῖν
3130 2245 3510 2315 ἀπεκάλυψαν,
3534 2244 3673 2298 ἀλλά

2080 2337 2173 2389 καὶ
2212 2334 2348 2406 μετά
2379 2336 2481 2407 τὴν
2501 2336 2804 2405 Αἰγυπτίαν
2839 2336 3057 2408 ἐκείνην
3079 2336 3179 2407 τήν
3215 2335 3311 2389 τοῦ
3340 2336 3676 2407 ἀρχιμαγεί-

2083 2444 2177 2499 ρου
2221 2426 2321 2499 τὴν
2359 2428 2640 2499 όλετήριον
2669 2429 2764 2483 καὶ¹
2806 2428 3106 2501 μοχθηρὰν,
3139 2430 3234 2484 καὶ
3274 2422 3434 2484 αὗται
3473 2428 3676 2497 ἀθυρο-

2080 2516 2306 2589 γλώττῳ
2329 2519 2503 2591 τόλμῃ
2520 2519 2872 2575 κατασπάσαι
2899 2522 3050 2593 ἡμᾶς
3077 2522 3135 2575 ἐν
3158 2524 3225 2594 τῇ
3258 2521 3358 2592 νέᾳ
3385 2519 3542 2592 ήμῶν
3556 2518 3677 2590 ήλι-

2081 2610 2175 2683 κίᾳ
2200 2611 2515 2684 ὀρεχθεῖσαι
2546 2613 2886 2685 ἐπεχείρουν.

385 2704 634 2759 niulieris
657 2708 850 2768 instar,
872 2719 994 2773 quae
1017 2718 1320 2774 coquorum
1341 2702 1610 2773 principis
1626 2716 1767 2756 uxor
1792 2701 1980 2768 erat‘,
2022 2702 2295 2774 petulanti
2356 2716 2460 2758 nos
2529 2711 2733 2758 conatu
2773 2688 3062 2758 detrahere
3103 2710 3240 2768 tum,
3287 2718 3411 2760 cum
3461 2698 3675 2756 ﬂorenti

385 2795 565 2851 adhuc
593 2804 750 2851 aetate
775 2810 1047 2859 essemus,
1083 2809 1356 2866 aggressa:
1386 2801 1535 2849 sunt.

458 2887 660 2945 Verum
690 2889 737 2944 is
759 2888 851 2958 qui
871 2888 1226 2944 sanctissimo
1241 2886 1481 2957 Joseplio
1507 2894 1620 2940 tum
1646 2886 1848 2951 asritit,
1873 2900 1970 2941 no-

384 2984 473 3038 bis
508 2998 730 3052 quoque
765 2981 962 3047 adfuit,
998 2988 1053 3036 et
1081 2981 1226 3035 hunc
1250 2980 1454 3050 ipsum,
1488 2978 1580 3049 qui
1606 2978 1758 3033 illum
1790 2993 1857 3047 eo
1887 2991 1977 3048 pe-

2165 2875 2326 2931 Ἀλλὰ
2345 2877 2373 2930 δ
2393 2876 2515 2930 τότε
2538 2893 2602 2930 συ
2611 2876 2942 2948 μπαραστὰς
2958 2877 3037 2949 τῷ
3055 2879 3194 2951 ἀγίῳ
3211 2879 3406 2953 Ἰωσήφ
3424 2885 3518 2939 καὶ
3542 2882 3676 2952 ἡμῖν

2081 2971 2328 3044 παρέστη
2345 2984 2358 2999 ·
2377 2968 2570 3024 καὶτὸν
2582 2973 2790 3024 ἐκεῖνον
2803 2973 2920 3025 ἐκεῖ
2931 2971 3238 3045 ῥυσάμενον
3249 2974 3513 3049 ἐπικεκλη
3524 2995 3676 3048 μενοι

385 3076 564 3131 riculo
594 3074 850 3129 liberavit
880 3074 1264 3145 implorantes,
1313 3073 1440 3127 licet
1477 3070 1685 3142 indigni
1726 3085 1791 3125 ac
1820 3077 1975 3125 tanto

2079 3062 2127 3116 οἱ
2153 3059 2475 3126 ἀνάξιοιδιαὶ
2489 3059 2757 3126 ἀνίκανοι,
2780 3060 3094 3132 ἐλεηθέντες
3111 3062 3204 3117 καὶ
3221 3064 3558 3136 ἀποδράντες
3576 3068 3676 3132 τὰς

384 3167 653 3223 beneficio
686 3167 924 3237 impares
962 3181 1232 3229 essemus,
1266 3164 1515 3235 ejusdem
1545 3162 1883 3233 benignitate
1911 3176 1977 3217 ac

2080 3156 2237 3228 ὁλετη
2247 3156 2392 3228 ρίους
2409 3154 2589 3208 αὐτῶν
2603 3156 2813 3227 χεῖρας,
2830 3153 2949 3225 Θεῷ
2964 3154 3042 3225 τῷ
3058 3173 3236 3225 παναγ
3248 3156 3310 3226 ίῳ
3327 3155 3356 3209 ὖ
3366 3174 3495 3228 μνον
3512 3158 3677 3230 ᾄσαν-

384 3259 765 3314 iuisericordia
797 3240 1143 3330 perniciosas
1181 3258 1401 3313 illarum
1437 3271 1635 3312 manus
1661 3245 1976 3326 eflugimus,

387 3365 453 3405 ac
500 3350 855 3406 sanctissimo
882 3348 996 3405 Deo
1043 3347 1462 3420 gratulatorium
1498 3360 1721 3401 carmen
1773 3342 1980 3399 cecini-

385 3458 531 3507 mus,
566 3450 622 3496 ut
668 3442 722 3497 id
754 3455 1023 3512 usurpare
1059 3440 1256 3496 merito
1298 3453 1589 3510 possemus
1618 3455 1633 3492 :
1688 3434 1977 3490 Cantemus

385 3533 642 3600 Domino,
675 3533 906 3605 gloriose
949 3533 1086 3587 enim
1134 3531 1530 3602 magniﬁcatus‘
1556 3538 1655 3594 est,
1694 3542 1881 3597 equum
1927 3535 1978 3581 et

386 3643 719 3681 ascensorem
752 3626 937 3697 dejecit
974 3625 1027 3678 in
1067 3640 1215 3678 mare
1246 3624 1288 3677 ².
1326 3620 1512 3693 Neque
1544 3620 1690 3675 enim
1725 3619 1981 3675 similiter

388 3727 447 3775 ut
494 3720 586 3774 ille
632 3717 971 3790 patriarcha,
1002 3717 1054 3771 vi
1104 3715 1340 3786 quadam
1378 3714 1600 3768 virtutis
1636 3727 1702 3767 ac
1744 3710 1978 3783 justitia:

382 3822 609 3880 nostra),
647 3812 740 3867 sed
779 3810 903 3866 fuso
941 3811 1006 3865 ad
1050 3807 1219 3864 Deum
1254 3808 1458 3878 gemitu
1498 3795 1616 3876 ejus
1646 3819 1841 3859 sumus
1873 3804 1978 3857 mi-

382 3903 661 3959 seratione
702 3901 929 3958 servati.
976 3900 1112 3954 Cum
1157 3898 1322 3955 etiam
1354 3897 1484 3951 mihi
1526 3903 1711 3967 pestes
1745 3894 1852 3949 illa:
1882 3908 1978 3964 per

382 3988 679 4044 ludibrium
705 3989 1121 4059 exprobrarent,
1157 4002 1221 4041 ac
1259 4001 1444 4041 secum
1479 3986 1715 4041 invicem
1740 3983 1980 4038 illuden-

383 4087 467 4135 tes
497 4082 572 4134 ita
621 4082 1025 4151 loquerentur:
1063 4080 1224 4149 100
1274 4078 1707 4147 Huucjuvcnem
1752 4088 1979 4151 servare

384 4186 495 4226 non
529 4172 835 4240 potuimus,
866 4169 964 4226 sed
995 4170 1051 4224 in
1096 4169 1352 4225 manibus
1397 4169 1663 4239 principis
1695 4168 1877 4239 perire
1904 4166 1979 4221 si-

384 4263 586 4317 vimus.
622 4261 758 4315 Nam
796 4277 917 4332 quia:
965 4261 1139 4315 forma
1170 4261 1313 4316 inter
1351 4261 1475 4316 illas
1525 4260 1840 4315 liberaliore
1869 4267 1974 4327 est,

385 4356 737 4426 semetipsam
768 4356 916 4409 velut
954 4368 1139 4409 escam
1179 4360 1345 4423 atque
1395 4353 1713 4408 illecebram
1760 4353 1974 4422 objicit,

2079 3265 2173 3312 τες
2186 3247 2538 3319 ἠδυνήθημεν
2559 3248 2654 3301 καὶ
2674 3247 2829 3301 αὐτοὶ
2858 3246 3039 3316 λέγειν
3060 3249 3142 3314 τὸ,
3163 3251 3430 3320 ’ᾼσωμεν
3446 3249 3533 3316 ’τῷ
3553 3250 3605 3305 Κ
3607 3270 3675 3307 υ-

2071 3342 2187 3409 ρίῳ
2199 3356 2214 3371 ο
2229 3339 2491 3406 ἐνδόξως
2503 3339 2613 3409 γὰρ
2629 3337 2992 3404 δεδόξασται
3006 3356 3019 3370 ο
3043 3340 3233 3395 ἵππον
3251 3343 3351 3396 καί
3367 3343 3679 3412 ἀναϐάτην

2079 3432 2329 3502 ἕρῤιψεν
2347 3434 2435 3499 είς
2462 3432 2808 3487 θάλασσαν.
2859 3432 2933 3486 Οὺ
2978 3430 3089 3505 γὰρ
3118 3433 3284 3506 ὁμοίᾳ
3319 3434 3547 3506 δυνάμει
3574 3435 3678 3507 τῆς

2079 3524 2291 3579 ἐκείνου
2335 3523 2719 3595 δικαιοσύνης,
2778 3522 2919 3577 ἀλλά
2955 3523 3249 3596 στεναγμῷ
3290 3526 3369 3597 τῷ
3414 3526 3555 3598 πρὸς
3596 3525 3678 3597 τῷ

2078 3616 2239 3688 Θεῷ³
2266 3617 2579 3690 ἐλεηθέντες
2600 3616 2907 3689 ἐσώθημεν.
2981 3616 3406 3689 Ὀνειδιζόμενος
3435 3620 3548 3692 γὰρ
3581 3620 3677 3673 ὑπ’

2079 3709 2259 3765 αὐτῶν
2299 3710 2410 3764 τῶν
2439 3710 2737 3783 ὀλετηρίων
2778 3707 3073 3779 γυναικῶν,
3115 3711 3508 3783 κατεγελώμην
3541 3711 3676 3781 ἐγὼ,

2079 3799 2156 3864 ὡς
2183 3799 2479 3870 ὑπέφαινον
2501 3801 2558 3853 αἱ
2586 3799 2833 3853 τοιαῦται
2851 3799 3104 3871 ἀλλήλαις
3124 3799 3567 3856 ὲπισκώπτουσαι
3592 3802 3682 3875 δῆ-
3788 3865 3795 3873 ι

2081 3892 2174 3947 θεν
2202 3909 2218 3928 ο
2252 3894 2334 3947 ὅτι
2358 3893 2472 3948 Οὐκ
2503 3893 2853 3965 ἠδυνήθημεν
2881 3892 3052 3948 σῶσαι
3076 3895 3170 3949 τὸν
3191 3894 3492 3960 νεανίσκον,
3541 3894 3679 3951 ἀλλά

2080 3970 2378 4054 ἀφήκαμεν
2416 3982 2579 4035 αὑτὸν
2605 3983 2662 4036 ἐν
2691 3983 2849 4055 χερσὶ
2879 3982 2977 4036 τοῦ
3025 3984 3284 4056 ἄρχοντος
3316 3984 3676 4040 ἀπόλλυσθαι.

2092 4075 2424 4147 Ἐπειδήπερ
2438 4076 2561 4145 ἥτις
2572 4074 2752 4129 αὐτῶν
2766 4075 2825 4127 εὐ
2835 4060 3144 4148 μορφοτέρα
3158 4078 3263 4147 εἴη,
3276 4076 3471 4148 δέλεαρ
3486 4074 3681 4150 ὥσπερ

2080 4168 2280 4238 ἑαυτὴν
2307 4160 2650 4239 προτίθησιν,
2669 4166 2811 4221 ὥστε
2830 4169 2900 4222 δι’
2921 4167 3093 4238 αὐτῆς
3117 4169 3244 4232 τοὺς
3265 4169 3446 4240 ήπατη
3457 4169 3679 4239 μένους,

2080 4259 2204 4313 ἀντὶ
2226 4258 2321 4312 τοῦ
2349 4259 2659 4325 ἀπολλύειν,
2697 4259 2890 4324 σώζειν
2915 4259 3293 4331 ἐπιφημίζειν.
3332 4261 3444 4314 Καὶ
3472 4261 3682 4325 ὄνειδος

2079 4350 2267 4405 λοιπὸν
2286 4351 2395 4406 τῶν
2417 4352 2680 4424 ἀμόρφων
2696 4353 2904 4421 γίνεται
2930 4352 3081 4424 παρά
3104 4352 3213 4407 τῶν
3232 4353 3677 4425 εὑμορφοτέρωψ

387 4456 447 4501 ut
478 4461 619 4519 quos
658 4447 714 4500 in
753 4446 999 4500 fraudem
1033 4446 1152 4516 ipsa
1186 4444 1490 4516 petlexcrit,
1533 4459 1640 4499 non
1672 4459 1767 4501 eos
1794 4445 1977 4515 proﬂi-

2082 4444 2163 4497 ὃτι
2197 4443 2359 4513 Ἐγὼ,
2386 4446 2540 4516 φησὶ,
2564 4444 2760 4509 σκεῦός
2787 4447 2903 4517 είμι
2925 4445 3158 4515 ἐκλογῆς
3184 4446 3453 4518 δυναμένη
3481 4444 3681 4511 σώζειν

384 4553 515 4610 gare
543 4554 610 4593 ac
653 4537 907 4609 perdere,
938 4537 1037 4592 sed
1081 4537 1295 4607 eripere
1334 4535 1572 4592 dicatur.
1613 4534 1771 4592 Unde
1799 4545 1854 4593 et
1880 4538 1979 4593 de-

385 4630 656 4686 formibus
682 4628 1050 4698 elegantiores
1077 4628 1372 4684 identidem
1400 4628 1733 4699 exprobrare
1764 4630 1976 4685 solent:

384 4721 495 4793 Ego
538 4736 681 4789 sum,
714 4720 1000 4791 inquiunt,
1040 4735 1138 4776 vas
1171 4720 1405 4775 electum
1429 4761 1444 4786 ,
1488 4736 1614 4791 quae
1640 4736 1830 4778 errore
1873 4721 1982 4776 cir-

381 4824 707 4871 cumventos
736 4812 1030 4872 extrahere
1066 4829 1290 4884 possum
1325 4831 1338 4867 :
1379 4813 1528 4882 quod
1559 4820 1616 4868 tu
1665 4812 1851 4870 facere
1884 4828 1981 4869 ne-

380 4904 629 4974 quivisti.
664 4902 735 4958 Et
752 4914 912 4960 erant
937 4904 1072 4960 sane
1100 4919 1222 4975 quae
1251 4911 1365 4957 tum
1398 4903 1485 4958 his
1506 4904 1797 4960 verborum
1823 4904 1981 4959 blan-

380 4997 645 5051 (timentis
678 5011 742 5051 ac
796 4997 1088 5053 lenociniis
1139 4996 1437 5051 utebantur
1479 4997 1732 5066 corporis
1768 5010 1879 5066 quo
1910 4997 1977 5052 ad

383 5087 723 5156 peccandum
747 5088 1115 5146 abutebantur
1141 5096 1374 5144 venusta
1391 5103 1515 5143 cum
1535 5089 1729 5158 primis
1754 5088 1975 5160 specie;

382 5177 479 5233 sed
512 5180 698 5234 animo
728 5196 888 5251 quem
925 5180 1366 5244 consceleratum
1394 5181 1660 5253 gerebant
1697 5183 1847 5237 omni
1870 5182 1979 5238 dee-

381 5271 565 5325 monis
601 5272 945 5342 turpitudine
979 5275 1318 5331 deformata.
1356 5273 1461 5330 Sed
1495 5273 1810 5331 misericors
1834 5274 1979 5332 Deus

381 5363 451 5418 ab
486 5365 703 5418 illarum
744 5363 1091 5435 improbitate
1128 5383 1229 5423 nos
1275 5367 1502 5438 eripuit,
1544 5365 1681 5423 adeo
1715 5374 1774 5422 ut
1821 5377 1975 5438 post-

381 5472 546 5529 quam
599 5458 829 5513 istorum
882 5457 1054 5514 libros
1092 5460 1459 5530 perlegimus,
1509 5468 1564 5515 et
1613 5460 1679 5515 ad
1727 5450 1975 5515 veritatis

382 5553 747 5625 cognitionem
803 5552 1047 5605 animum
1087 5550 1410 5621 adjecimus,
1459 5566 1560 5607 nec
1608 5549 1854 5614 abducti,
1891 5552 1974 5605 vel

462 5706 479 5737 ¹
510 5706 646 5762 Gen.
684 5721 872 5773 xxxu,
923 5708 948 5760 7
984 5721 1105 5776 sqq.
1187 5708 1207 5738 '
1249 5706 1413 5761 I‘xod.
1446 5724 1469 5760 ς

2076 4536 2205 4600 τοὺς
2233 4536 2647 4608 ἀπατωμένους,
2679 4536 2743 4590 σὺ
2771 4537 2829 4591 δὲ
2858 4538 2958 4590 οὐκ
2983 4536 3229 4609 ἴσχυσας.
3247 4533 3429 4590 Ἦσαν
3455 4537 3556 4609 μὲν
3584 4535 3681 4593 οὖν

2080 4627 2137 4679 αί
2153 4626 2245 4680 τδν
2262 4626 2547 4699 ἀγώγιμον
2572 4628 2742 4700 μῦθον
2762 4627 2951 4683 τοῦτον
2974 4629 3357 4700 ὑφηγούμεναι
3388 4632 3455 4701 τῇ
3490 4633 3677 4702 μορφῇ

2077 4719 2177 4789 τῆς
2210 4719 2393 4774 αὐτῶν
2424 4720 2689 4784 πτώσεως
2726 4721 3249 4793 εὐπροσωπόταται·
3281 4719 3360 4792 τῷ
3379 4720 3435 4774 δὲ
3472 4721 3550 4792 νῷ
3576 4723 3680 4793 τῆς

2079 4812 2258 4865 αὐτῶν
2295 4812 2596 4885 μοχθηρίας
2633 4813 2732 4885 τὴν
2774 4816 2954 4867 πᾶσαν
2987 4813 3082 4868 τοῦ
3113 4814 3363 4869 διαϐόλου
3395 4814 3679 4885 ἀμορφίαν

2079 4904 2436 4973 κεκτημέναι.
2501 4905 2662 4958 Ἀλλὰ
2704 4908 2732 4959 ό
2773 4904 3022 4976 ἐλεήμων
3057 4905 3190 4970 Θεὸς
3232 4907 3331 4977 τῆς
3369 4906 3681 4978 μοχθηρίας

2079 4995 2259 5050 αὐτῶν
2281 4998 2431 5067 ἡμᾶς
2455 4978 2746 5069 ἐρρύσατο,
2766 4998 2907 5052 ὥστε
2941 4999 3080 5068 μετά
3103 4999 3166 5052 τὸ
3190 4998 3502 5067 ἀναγνῶναι
3525 5000 3680 5070 ἡμᾶς

2078 5087 2258 5141 αὐτῶν
2289 5089 2389 5152 τὰς
2428 5087 2680 5159 βίϐλους,,
2700 5091 2797 5144 καὶ
2843 5091 3135 5162 ἐπιστῆσαι
3165 5091 3257 5143 τὸν
3287 5088 3414 5143 νοῦν
3437 5092 3504 5161 τῇ
3537 5089 3680 5161 ἀλη-

2078 5181 2218 5254 θείᾳ,
2258 5182 2355 5234 καὶ
2405 5181 2478 5252 μὴ
2524 5183 2960 5254 ωναπαχθῆναι,
3002 5184 3306 5255 ἀποδρᾶσαί
3342 5202 3405 5238 τε
3457 5185 3554 5239 καὶ
3597 5185 3676 5256 μὴ

2075 5272 2449 5344 δελεασθῆναι,
2474 5272 2536 5325 τὺ
2553 5274 2854 5344 τηνικαῦτα
2869 5275 3286 5346 ἐσπουδάσαμεν
3304 5276 3399 5330 καὶ
3418 5278 3531 5339 τοῖς
3551 5277 3679 5328 ὲπι-

2076 5366 2301 5430 σκόποις
2323 5368 2435 5430 τοῖς
2457 5367 2515 5419 ἐν
2538 5366 2617 5437 τῷ
2639 5368 2790 5440 τόπῳ
2808 5368 3003 5439 ἐκείνῳ
3022 5369 3222 5432 αὐτοὺς
3247 5367 3548 5435 ὑποδεῖξαι,
3577 5369 3678 5422 καὶ

2073 5458 2141 5514 τὰ
2156 5459 2398 5529 ὀνόματα
2414 5461 2470 5513 ἐν
2486 5462 2552 5531 τῇ
2583 5459 2883 5532 Ἐκκλησία¹
2903 5461 3263 5533 κεκρυμμένα
3282 5462 3558 5533 φωρᾶσαι,
3577 5460 3681 5515 καὶ

2071 5551 2200 5615 τοὺς
2244 5551 2443 5614 αὐτοὺς
2488 5544 2829 5625 ἀπελαθῆναι
2855 5553 2957 5625 τῆς
2998 5554 3227 5623 πόλεως,
3266 5553 3507 5625 ὀνόματα
3542 5551 3679 5625 περί

1702 5708 1719 5735 ³
1753 5703 1812 5757 F.
1845 5705 1935 5759 τόν
1961 5707 2116 5762 936v-
