3968 6110
391 310 500 368 365

1802 300 1859 358 S.
1905 298 2247 355 EPIPHANII

3548 303 3654 358 564

394 442 520 484 nem
552 429 859 498 patrantes,
912 436 1099 479 semen
1149 420 1437 478 infundere
1484 420 1800 492 prohibent,
1848 420 1962 476 insi!

2083 417 2484 490 ἀπαγορεύουσι
2520 419 2619 490 τὴν
2650 416 2761 471 τῶν
2791 415 3120 491 σπερμάτων
3150 416 3473 488 καταϐολὴν,
3508 418 3653 487 ἀφα-

391 527 619 588 tamque
671 514 870 570 creatis
902 513 1067 570 rebus
1103 529 1133 568 a
1179 513 1289 569 Deo
1334 512 1807 584 propagandorum
1860 514 1973 567 vim

394 609 602 663 fetuum
619 606 992 677 exstinguunt.
1023 604 1179 660 Unde
1203 613 1257 660 et
1284 605 1576 675 Apostolus
1599 606 1669 659 ita
1708 604 1929 676 scripsit
1955 624 1968 659 :

393 697 687 754 Mercedem
720 714 877 768 quam
918 697 1148 764 oportuit
1179 695 1376 750 erroris
1414 696 1500 749 sui
1536 697 1592 748 in
1628 695 1811 763 seipsis
1850 694 1974 748 reci-

392 792 591 859 pientes
621 788 664 855 ³,
709 796 816 844 etc.
856 785 947 841 Sic
990 785 1133 841 enim
1189 782 1418 838 ferunt:
1460 791 1649 853 partus
1694 787 1970 853 expertem

395 882 546 937 illam
576 880 817 950 viperam
862 877 1120 933 titillante
1164 876 1408 931 libidinis
1450 875 1725 945 voluptate
1767 888 1971 928 marem

396 973 561 1029 simul
614 986 678 1026 ac
711 968 967 1025 feminam
1003 969 1144 1023 inter
1172 984 1231 1024 se
1270 957 1632 1033 commisceri,
1677 981 1741 1020 ac
1774 981 1870 1036 per
1909 980 1971 1021 os

393 1061 676 1134 congredi.
724 1060 921 1116 Biante
973 1058 1241 1130 siquidem
1285 1056 1504 1125 femina,
1551 1072 1758 1111 marem
1807 1061 1972 1126 caput

394 1152 659 1208 inserere.
704 1150 863 1220 102
906 1146 1055 1203 Illam
1092 1164 1202 1219 pm
1241 1148 1479 1202 libidinis
1507 1147 1773 1203 suavitate
1809 1156 1973 1223 caput

394 1243 560 1314 hujus
589 1242 938 1306 abscindere;
971 1240 1346 1309 exhaustoquc
1372 1240 1516 1309 quod
1550 1255 1615 1293 ex
1646 1253 1743 1294 ore
1783 1237 1970 1293 destil-

392 1336 471 1392 lat
511 1349 747 1396 veneno,
784 1331 950 1387 fetum
997 1331 1164 1385 maris
1205 1346 1268 1386 ac
1311 1330 1524 1386 feminae
1565 1346 1665 1401 par
1715 1330 1772 1384 in
1815 1338 1971 1384 utero

393 1440 603 1498 gerere.
645 1423 701 1477 ld
735 1422 826 1478 ubi
860 1423 1113 1485 creverit,
1146 1436 1271 1476 cum
1317 1422 1530 1476 nullum
1561 1438 1671 1492 quo
1711 1421 1765 1475 in
1794 1421 1969 1476 lucem

392 1523 644 1585 erumpat
690 1515 894 1569 exitum
931 1513 1150 1584 reperit,
1202 1522 1507 1566 maternum
1553 1513 1696 1566 latus
1750 1520 1971 1581 pertun-

390 1608 542 1671 dere,
577 1607 762 1675 itaque
782 1621 907 1659 cum
933 1607 1224 1675 utriusque
1254 1604 1496 1674 parentis
1529 1603 1752 1659 interitu
1778 1601 1965 1657 'nasci.

343 1699 526 1753 ‘Jnde
565 1707 753 1768 partus
786 1704 1060 1767 expertem
1114 1694 1508 1766 cognominari.
1557 1692 1655 1750 Est
1688 1708 1817 1749 vero
1861 1709 1970 1764 pra:

2075 513 2313 577 νίζοντες
2342 513 2440 584 τὴν
2463 514 2527 566 ἐκ
2551 511 2686 567 Θεοῦ
2709 515 2821 576 τοῖς
2853 512 3115 583 κτίσμασι
3139 511 3437 582 γενομένην
3471 529 3655 565 τεκνοο

2072 605 2258 673 γονίαν
2278 622 2290 635 ·
2332 604 2407 669 ὡς
2437 605 2532 660 καὶ
2576 606 2606 658 ὁ
2652 603 2970 667 Ἀπόστολός
3000 620 3134 674 φησι
3154 620 3168 634 ο
3209 601 3328 670 Τὴν
3351 603 3461 672 γὰρ
3485 604 3650 657 ἀντι-

2066 695 2319 765 μισθίαν
2346 695 2428 764 ἢν
2453 696 2575 749 ἔδει
2607 696 2715 765 τῆς
2743 695 2981 762 πλάνης
3009 696 3079 748 ἐν
3115 694 3350 760 ἑαυτοῖς
3374 695 3649 762 ἀπολαμ-

2073 784 2374 851 ϐάνοντες,
2411 785 2503 839 καὶ
2535 785 2606 838 τὰ
2639 786 2786 855 ἑξῆς.
2814 786 2970 841 Οὕτω
3015 785 3124 857 γάρ
3168 803 3300 853 φασι
3320 824 3335 849 ,
3362 785 3460 856 τὴν
3492 787 3651 839 ἀπει-

2075 876 2292 949 ρώδινον
2326 877 2436 947 (8|)
2484 877 2696 948 ἔχιδναν
2730 877 3044 948 θελχθεῖσαν
3078 876 3156 949 τῷ
3199 877 3359 931 πάθει
3395 876 3493 946 τῆς
3526 879 3649 930 ἐπι-

2073 969 2308 1039 θυμίας,
2356 969 2456 1041 τήν
2503 985 2564 1021 τε
2598 967 2818 1038 θήλειαν
2858 966 2992 1038 πρὸς
3037 967 3125 1021 τὸν
3160 967 3365 1040 ἄρρενα
3387 1008 3399 1028 .
3433 968 3528 1021 καὶ
3557 967 3648 1019 τὸν

2071 1061 2274 1133 ἄρρενα
2304 1061 2439 1132 πρὸς
2464 1060 2564 1132 τὴν
2598 1060 2816 1131 θήλειαν
2836 1099 2849 1124 ,
2881 1059 3310 1130 περιπλακείσας
3354 1059 3452 1129 μὲν
3488 1058 3645 1128 ὁμοῦ,

2069 1151 2158 1204 διὰ
2182 1138 2275 1203 τοῦ
2306 1151 2573 1220 στόματος
2604 1150 2897 1223 χαινούσης
2923 1150 3026 1221 τῆς
3068 1150 3289 1222 θηλείας
3319 1149 3409 1203 τὸν
3442 1149 3646 1221 ἄρρενα

2074 1244 2172 1314 τὴν
2197 1243 2436 1314 κεφαλὴν
2463 1242 2797 1297 εἰσϐάλλειψ
2832 1242 3045 1314 ἐκείνης
3081 1242 3137 1295 δὲ
3178 1240 3339 1295 πάθει
3373 1237 3650 1309 συσχεθεὶ-

2072 1352 2171 1405 σης
2207 1334 2534 1403 ἀποτέμνειν
2572 1332 2670 1405 τὴν
2704 1333 2893 1386 τούτου
2934 1333 3177 1403 κεφαλήν
3196 1351 3210 1365 ο
3235 1333 3331 1387 καὶ
3357 1332 3529 1394 οὕτως
3555 1330 3649 1383 τὸν

2069 1424 2176 1478 ἀπὸ
2219 1425 2312 1478 τοῦ
2362 1424 2629 1495 στόματος
2678 1424 3014 1490 παλὰξαντα
3068 1425 3145 1479 ἰὸν
3182 1422 3549 1477 καταπιοῦσαν
3588 1422 3648 1473 ὲν

2069 1516 2266 1585 ἑαυτῇ,
2294 1516 2615 1584 ἐγκυμονεῐν
2666 1513 2763 1584 μὲν
2796 1513 3005 1567 τοιοῦτο
3049 1512 3238 1581 ζεῦγος
3289 1508 3645 1581 ἀρῤενόθηλυ.

2072 1605 2246 1676 Ὅπερ
2275 1603 2497 1673 ζεῦγος,
2532 1604 2821 1678 ἀνδρυνθέν
2852 1607 2910 1658 ἐν
2939 1607 3006 1676 τῇ
3048 1603 3251 1675 κοιλίᾳ,
3282 1603 3375 1656 καὶ
3407 1602 3483 1672 μὴ
3525 1600 3647 1670 ἔχον

2070 1693 2230 1747 πόθεν
2267 1692 2625 1764 γεννηθῆναι,
2657 1694 2754 1765 τὴν
2800 1695 3038 1766 πλευρὰν
3068 1695 3168 1764 τῆς
3202 1692 3406 1765 μητρὸς
3449 1690 3644 1763 τιτρώ-

372 1789 610 1845 ~caeteris
638 1788 756 1842 dira
788 1787 1134 1856 serpentibus
1164 1802 1229 1841 ac
1262 1785 1644 1848 formidabilis,
1676 1801 1796 1856 qua:
1825 1785 1962 1839 intra

2071 1803 2240 1847 σκειν.
2284 1786 2378 1839 καὶ
2402 1786 2576 1850 οὕτως
2607 1787 2918 1855 γεννᾶσθαι,
2960 1786 3102 1840 ὥστε
3132 1786 3429 1840 ἀπολέσθαι
3457 1784 3549 1837 τόν
3586 1800 3646 1836 τε

392 1895 519 1935 sese
558 1892 763 1933 marem
793 1883 1003 1939 enecat,
1040 1883 1201 1945 atque
1225 1889 1320 1929 ore
1357 1875 1474 1944 ipso
1506 1873 1781 1929 feditatem
1817 1873 1967 1927 exci-

377 1969 493 2039 pit.
527 1967 664 2022 lluic
696 1982 860 2037 porro
890 1964 1105 2037 gemina
1139 1965 1332 2019 insana
1362 1965 1453 2018 illa
1486 1964 1710 2020 heresis
1740 1972 1843 2030 est,
1875 1979 1967 2018 cu-

370 2061 482 2131 ,jus
518 2075 620 2116 nos
649 2059 849 2129 capite,
883 2073 947 2112 ac
974 2072 1223 2128 corpore,
1265 2055 1492 2128 ejusque
1526 2055 1640 2110 fetu
1671 2055 1818 2111 omni
1843 2055 1965 2110 vitae

372 2152 589 2207 ‘baculo
628 2149 904 2214 contritis,
952 2147 1018 2202 ad
1064 2148 1201 2203 alias
1251 2154 1617 2212 transeamus,
1676 2146 1966 2216 implorata

378 2243 636 2298 numinis
668 2256 791 2312 ope,
826 2239 917 2295 cui
943 2239 1126 2294 honor
1155 2245 1209 2293 et
1240 2239 1528 2310 imperium
1554 2238 1606 2292 in
1634 2237 1831 2294 saecula
1860 2252 1965 2294 sa:-

388 2336 662 2392 culorum.
695 2337 889 2388 Amen.

2068 1876 2270 1931 τούτων
2299 1877 2509 1948 πατέρα
2536 1877 2630 1930 καὶ
2647 1878 2746 1949 τὴν
2772 1878 3001 1950 μητέρα.
3022 1879 3221 1949 Διόπερ
3253 1875 3649 1944 ἁπειρώδινον

2069 1969 2205 2040 αὐτῇ
2239 1969 2493 2022 ἐπέθεντο
2521 1969 2713 2041 ὄνομα,
2742 1971 2825 2024 ὅτι
2859 1970 3061 2023 ὠδίνων
3085 1970 3143 2023 ού
3177 1970 3456 2040 πειρᾶται.
3488 1965 3649 2037 Δεινὴ

2068 2058 2126 2112 δὲ
2163 2059 2255 2112 καὶ
2280 2058 2487 2132 φοϐερὰ
2516 2059 2679 2132 ,παρά
2722 2060 2900 2114 πάντα
2924 2061 2989 2116 τὰ
3020 2059 3225 2132 ἑρπετὰ
3258 2058 3549 2129 τυγχάνει,
3587 2059 3648 2110 ἐν

2070 2147 2236 2221 ἑαυτῇ
2261 2148 2353 2202 τὸν
2375 2151 2395 2180 ⁸
2424 2150 2728 2221 ἀφανισμὸν
2754 2149 3177 2222 ἐξεργαζομένη,
3207 2150 3301 2203 καὶ
3325 2149 3410 2202 διὰ
3445 2148 3648 2218 στόμα-

2067 2254 2159 2301 τος
2194 2238 2293 2308 τὴν
2315 2237 2649 2310 αἰσχρότητα
2682 2238 3164 2310 ἀπολαμϐάνουσα.
3191 2234 3268 2310 τῌ
3301 2238 3477 2308 ἔοικεν
3506 2237 3647 2305 αὓτη

2067 2327 2102 2399 ἦ
2157 2327 2528 2400 φρενοϐλαϐὴς
2579 2330 2790 2401 αἵρεσις
2811 2371 2827 2395 ,
2886 2326 2956 2402 ἦς
3004 2329 3104 2401 τὴν
3153 2329 3397 2401 κεφαλὴν
3442 2329 3536 2382 καὶ
3585 2326 3650 2380 τὸ

388 2427 572 2500 σῶμα,
616 2429 711 2483 καὶ
746 2427 815 2481 τὰ
860 2426 920 2492 ἐξ
962 2424 1132 2496 αὐτῆς
1177 2426 1549 2496 γεγεννημένα
1580 2424 1814 2479 ἐνταῦθα
1847 2421 2238 2495 συντρίψαντες
2270 2422 2348 2495 τῷ
2378 2423 2518 2496 ξύλῳ
2541 2424 2642 2496 τῆς
2699 2423 2866 2497 ζωῆς,
2926 2426 3026 2490 τὰς
3075 2426 3267 2497 ἐτέρας
3330 2425 3650 2480 διασκοπεῖν

387 2521 739 2596 προσθῶμεν,
769 2520 902 2574 Θεὸν
932 2520 1146 2592 ἀρωγὸν
1171 2518 1609 2590 ἐπικαλούμενοι,
1636 2512 1681 2589 ᾧ
1705 2518 1842 2591 τιμὴ
1865 2517 1961 2573 καὶ
2000 2519 2201 2592 κράτος
2226 2521 2308 2584 εἰς
2332 2520 2539 2583 αἰῶνας
2571 2519 2806 2576 αἰώνων.
2850 2522 3043 2595 ’Δμήν.

739 2629 1019 2687 CONTRA
1063 2628 1610 2695 CARPOCRASIOS,

656 2737 792 2806 Qua:
826 2746 905 2794 est
930 2738 1144 2795 luet-esis
1186 2737 1316 2806 VII,
1344 2740 1423 2795 vel
1446 2738 1554 2795 XX
1567 2738 1698 2797 VH.

456 2851 501 2908 1.
530 2852 846 2909 Secundum
880 2851 979 2908 hos
998 2851 1139 2907 alius
1164 2849 1702 2922 quidamﬂarpocras
1730 2850 1962 2918 exstitit,

389 2944 483 3017 qui
516 2960 582 3000 ex
611 2942 856 2999 mendaci
882 2941 1098 3012 ingenio
1137 2957 1237 2997 suo
1269 2943 1543 3012 propriam
1579 2943 1867 3013 quamdam
1898 2958 1964 3002 ac

2454 2634 2646 2689 ΚΑΤΑ
2684 2635 3226 2691 ΚΔΡΠΟΚΡᾹΣΙΩΝ
3236 2675 3255 2703 ,

2341 2744 2591 2816 Ἑϐδόμη
2613 2785 2630 2811 ,
2657 2747 2697 2816 ἠ
2734 2747 2834 2801 καὶ
2864 2746 3111 2818 εἰκοστὴ
3143 2748 3384 2819 ἑϐδόμη.

2132 2859 2215 2914 A'.
2279 2857 2616 2930 Καρποκρᾶς
2670 2874 2755 2923 τις
2809 2857 2996 2929 ἕτερος
3063 2858 3305 2928 γίνεται,
3372 2858 3648 2930 συστήσας

2065 2948 2245 3020 ἐαυτῷ
2283 2948 2541 3019 ἀθέμιτον
2587 2948 2932 3003 διδασκαλίαν
2958 2949 3058 3021 τῆς
3085 2949 3437 3021 ψευδωνύμου
3476 2950 3647 3004 αὐτοῦ

387 3036 654 3092 nefariam
709 3042 913 3090 sectam
953 3032 1298 3103 excogitavit,
1342 3040 1397 3088 et
1446 3034 1698 3090 omnibus
1746 3048 1960 3090 morum

2068 3035 2315 3107 γνώμης,
2340 3036 2589 3108 χείρονας
2615 3037 2831 3090 πάντων
2859 3028 3015 3100 οὗτος
3038 3035 3165 3099 τοὺς
3188 3036 3422 3109 τρόπους
3451 3052 3649 3105 κεκτη-

390 3129 495 3184 fuit
534 3127 800 3198 pravitate
836 3125 1096 3180 deterior.
1138 3123 1263 3179 Haec
1300 3126 1445 3180 enim
1478 3125 1703 3181 haeresis
1748 3141 1814 3181 ex
1846 3141 1962 3180 om-

388 3221 541 3276 nium
576 3219 854 3274 erroribus
883 3216 1117 3272 eilloruit
1146 3235 1158 3271 :
1199 3215 1456 3281 Simonis,
1489 3217 1734 3287 inquam,
1770 3224 1825 3272 et
1851 3216 1964 3273 Me-

391 3308 611 3373 nandri,
648 3307 933 3371 Saturnili,
965 3322 1029 3361 ac
1064 3306 1336 3370 Basilidae,
1369 3314 1423 3363 et
1456 3305 1684 3375 Nicolai,
1711 3306 1963 3378 adeoque

388 3400 739 3471 Carpocratis
768 3400 963 3470 ipsius,
998 3408 1111 3454 tum
1136 3396 1435 3464 Valentini,
1467 3414 1497 3452 a
1527 3415 1636 3469 quo
1669 3407 1962 3471 propagata

391 3490 484 3544 illa
511 3503 794 3559 perperam
829 3487 974 3543 dicta
1004 3488 1261 3557 cognitio,
1295 3503 1417 3558 quae
1452 3485 1833 3543 Gnosticorum
1862 3501 1961 3543 no-

387 3596 512 3636 men
558 3579 673 3634 suis
716 3577 970 3632 omnibus
1019 3576 1264 3632 aflinxit:
1320 3576 1669 3646 indidemque
1715 3575 1961 3634 Gnostici

386 3669 487 3737 illi,
520 3668 588 3725 de
614 3669 815 3738 quibus
855 3666 1099 3737 proxime
1134 3666 1559 3735 disputavimus,
1586 3665 1960 3738 Catagnostici

387 3760 594 3835 potius,
625 3760 727 3815 hoc
753 3767 838 3815 est
869 3758 1158 3813 Damnates
1184 3758 1512 3837 appellandi:

463 3852 527 3908 ll.
566 3851 673 3908 Sed
703 3860 761 3906 ut
790 3851 855 3906 ad
882 3849 1263 3919 Carpocratem
1295 3849 1534 3913 redeam,
1570 3849 1616 3905 is
1644 3865 1959 3921 supremum

389 3947 608 4019 quidem
649 3943 977 4015 principium
1013 3957 1178 3997 unum
1212 3943 1430 4007 asserit,
1465 3942 1825 4013 eumdemque
1866 3941 1963 3996 Pa-

386 4046 597 4094 rentem
645 4037 912 4099 omnium,
952 4042 1007 4089 et
1043 4034 1403 4105 incognitum,
1438 4048 1540 4089 nec
1580 4034 1690 4088 ullo
1738 4033 1960 4088 nomine

330 4187 336 4193 ,
387 4129 777 4200 significatum,
824 4125 1050 4197 perinde
1098 4133 1156 4179 ut
1188 4127 1403 4187 caeteri,
1456 4126 1639 4180 studet
1692 4139 1957 4180 asserere.
2016 4182 2023 4187 ,

386 4215 648 4270 Mundam
674 4229 806 4269 vero
834 4222 888 4269 et
920 4230 1039 4283 quae
1070 4215 1273 4268 mundo
1301 4215 1653 4269 continentur
1685 4214 1754 4266 ab
1794 4227 1960 4283 ange-

386 4304 456 4358 lis
484 4318 607 4358 esse
640 4301 803 4366 facta,
845 4303 938 4368 qui
970 4303 1247 4372 incognito
1280 4303 1376 4355 illo
1423 4310 1647 4371 parente
1681 4302 1839 4373 longe
1874 4303 1959 4356 in-

2067 3127 2246 3198 μένος.
2299 3127 2395 3180 Ἐκ
2427 3127 2644 3180 πάντων
2672 3125 2779 3197 γὰρ
2816 3125 3020 3180 τούτων
3050 3126 3291 3195 Σίμωνός
3316 3142 3376 3178 τε
3405 3127 3501 3181 καὶ
3533 3127 3648 3180 Με-

2061 3215 2287 3288 νάνδρου
2308 3255 2324 3281 ,
2360 3215 2680 3288 Σατορνίλου
2709 3232 2771 3269 τε
2814 3216 2909 3269 καὶ
2949 3214 3259 3269 Βασιλειδου
3280 3256 3295 3281 ,
3332 3209 3643 3268 καὶ’Νικο-

2061 3306 2215 3369 λάου,
2239 3306 2336 3360 καὶ
2363 3305 2528 3360 αὐτοῦ
2557 3306 2650 3361 τοῦ
2675 3307 3006 3377 Καρποκρᾶ,
3036 3306 3116 3359 ἔτι
3143 3306 3200 3359 δὲ
3229 3308 3294 3360 ἐκ
3316 3306 3647 3377 προφάσεως

2063 3396 2497 3469 Οὑαλεντίνου,ἡ
2532 3397 2630 3469 τῆς
2660 3396 3010 3468 ψευδωνύμου
3042 3396 3296 3466 γνώσεως
3328 3396 3469 3467 ἐφύη
3492 3399 3646 3467 αἴρε-

2064 3502 2166 3551 σις,
2200 3485 2323 3556 ἥτις
2354 3484 2692 3548 Γνωστικοὺς
2715 3486 2843 3548 τοὺς
2883 3484 3054 3559 αὐτῆς
3097 3483 3415 3554 ὠνόμασεν,
3443 3484 3536 3552 ἀφ’
3574 3476 3646 3553 ἧς

2061 3578 2109 3630 οἱ
2142 3576 2438 3630 Γνωστικοὶ
2467 3575 2568 3649 ἤδη
2598 3592 2688 3647 μοι
2713 3574 3059 3646 δεδήλωνται,
3082 3575 3519 3645 καταγνιονι-τςικολ¹
3556 3574 3646 3627 ὅν-

2061 3684 2152 3732 τες
2175 3667 2265 3722 τὸν
2292 3667 2513 3739 τρόπον.

2132 3845 2205 3897 Β’.
2247 3838 2417 3908 Οὗτος
2440 3844 2496 3897 δέ
2525 3843 2684 3898 πάλιν
2710 3844 2824 3899 ἄνω
2855 3842 2953 3914 μὲν
2994 3841 3122 3914 μίαν
3142 3840 3319 3913 ἀρχὴν
3349 3839 3519 3909 λέγει,
3545 3839 3644 3895 καὶ

2062 3934 2279 4006 Πατέρα
2302 3935 2411 3989 τῶν
2440 3935 2596 4000 ὅλων,
2611 3936 2707 3989 καὶ
2731 3934 3027 4002 ἄγνωστον,
3050 3935 3145 3988 καὶ
3172 3933 3638 4003 ἀκατονόμαστον,

2063 4023 2153 4078 ῐσα
2189 4027 2301 4088 τοῖς
2332 4023 2508 4088 ἄλλοις
2554 4024 2793 4092 εἰσάγειν
2835 4023 3155 4094 βουλόμενος
3174 4040 3188 4055 ⁸
3226 4023 3318 4076 τὸν
3345 4021 3402 4075 δὲ
3435 4021 3642 4092 κόσμον

2062 4117 2156 4170 καὶ
2189 4116 2259 4169 τὰ
2298 4117 2356 4171 ἐν
2384 4116 2462 4187 τῷ
2493 4116 2680 4187 κόσμῳ
2721 4116 2828 4170 ὑπὸ
2861 4116 3107 4185 ἀγγέλων
3139 4116 3498 4186 γεγενῆσθαι,
3532 4115 3642 4169 τῶν

2062 4207 2195 4261 πολύ
2242 4225 2295 4260 τι
2323 4208 2429 4261 ὑπὸ
2464 4207 2560 4261 τοῦ
2608 4208 2822 4280 Πατρὸς
2865 4207 2957 4260 τοῦ
2991 4207 3269 4275 ἀγνώστου
3300 4207 3642 4278 ὑποϐεϐηκό-

2060 4315 2187 4352 των.
2226 4297 2459 4361 Τούτους
2487 4296 2597 4368 γὰρ
2639 4297 2817 4367 λέγει,
2863 4298 3208 4362 ἀποστάντας
3249 4297 3358 4353 ἀπὸ
3389 4298 3491 4368 τῆς
3528 4298 3643 4351 ἀνω

386 4393 641 4449 feriorem
672 4390 950 4462 dignitatis
974 4392 1218 4446 ordinem
1246 4399 1451 4447 tenent.
1476 4391 1583 4446 Eos
1609 4407 1738 4447 vero
1768 4393 1957 4449 statuit

2068 4387 2357 4458 δυνάμεως,
2386 4388 2529 4443 οὕτω
2557 4390 2648 4443 τὸν
2682 4390 2886 4461 κόσμον
2916 4390 3298 4459 πεποιηκέναι.
3340 4388 3548 4459 Ἰησοῦν
3580 4389 3642 4442 δὲ

387 4483 456 4537 ab
491 4494 744 4550 suprema
793 4466 993 4534 virtute
1025 4478 1338 4534 deﬁcientes
1386 4480 1648 4533 mundum
1680 4481 1842 4535 istum
1874 4480 1956 4534 fa-

386 4574 652 4630 bricasse.
687 4569 874 4625 Jesum
921 4584 1084 4639 porro
1122 4568 1406 4624 Dominum
1451 4577 1699 4625 nostrum
1743 4585 1772 4623 a
1804 4569 1960 4626 Jose-

386 4666 498 4735 pho
544 4662 812 4735 genitum,
846 4663 922 4717 uti
954 4661 1136 4715 caeteri
1173 4662 1429 4717 mortales
1450 4677 1517 4717 ex
1549 4662 1653 4715 viri
1685 4663 1961 4718 mulieris-

383 4767 490 4825 que
546 4756 753 4807 semine
812 4758 1187 4822 procreantur.
1223 4749 1376 4805 Hunc
1420 4752 1515 4821 qui
1572 4752 1710 4806 nihil
1737 4753 1962 4808 omnino

381 4844 613 4915 reliquis
640 4845 709 4898 ab
736 4843 1052 4898 hominibus
1079 4841 1337 4906 differret,
1372 4844 1497 4897 vita:
1536 4842 1710 4897 solum
1741 4859 1959 4914 genere,

384 4952 449 4991 ac
486 4936 868 5005 temperantia,
898 4944 953 4990 et
998 4935 1218 4999 virtute,
1268 4947 1332 4988 ac
1362 4934 1574 5004 justitia
1617 4935 1958 5004 praestitisse.

386 5026 494 5080 Sed
529 5042 654 5080 cum
700 5025 923 5081 firmiori
953 5025 1325 5096 vegetiorique
1367 5039 1532 5094 quam
1575 5025 1667 5078 alii
1711 5026 1959 5081 homines

386 5115 545 5186 103
569 5123 716 5172 esset
738 5119 919 5172 anima
948 5118 1231 5188 praeditus,
1263 5132 1563 5187 eorumque
1595 5131 1716 5186 qua:
1741 5133 1957 5173 sursum

2053 4478 2145 4533 τὸν
2192 4480 2393 4550 Κύριον
2434 4480 2591 4551 ἡμῶν
2644 4481 2753 4535 ἀπὸ
2807 4479 3005 4552 Ἰωσὴφ
3054 4481 3202 4550 λέγει
3239 4470 3637 4552 γεγεννῆσθαι,

2056 4571 2308 4642 καθάπερ
2339 4573 2433 4626 καὶ
2464 4573 2664 4637 πάντες
2691 4574 2967 4644 ἄνθρωποι
2997 4576 3063 4627 ἐκ
3092 4573 3407 4645 σπέρματος
3444 4572 3641 4642 ἀνδρὸς

2059 4664 2153 4717 καὶ
2203 4665 2461 4731 γυναικὸς
2507 4665 2893 4736 ἐγεννήθησαν.
2940 4661 3097 4719 Εἶναι
3138 4666 3195 4718 δὲ
3248 4665 3411 4719 αὐτὸν
3451 4666 3638 4735 ὅμοιον

2060 4756 2175 4816 τοῖς
2214 4756 2379 4817 πᾶσι,
2425 4755 2522 4825 βίῳ
2566 4756 2624 4809 δὲ
2655 4756 3049 4828 διενηνοχέναι,
3099 4757 3425 4829 σωφροσύνῃ
3452 4773 3514 4809 τε
3544 4756 3641 4809 καὶ.

2061 4847 2228 4917 ἀρετῇ
2262 4848 2353 4900 καὶ
2378 4847 2477 4917 βίῳ
2505 4847 2870 4915 δικαιοσύνης.
2916 4846 3133 4919 Ἐπειδὴ
3156 4849 3236 4908 δέ,
3268 4848 3456 4918 φησὶν,
3489 4846 3644 4900 551:0-

2062 4954 2150 4990 νον
2180 4937 2305 5007 ἔσχε
2333 4939 2509 5009 ψυχὴν
2556 4940 2706 5009 παρὰ
2751 4941 2883 5003 τοὺς
2917 4938 3108 5005 ἄλλους
3152 4939 3508 5010 ἀνθρώπους,
3544 4939 3644 4992 καὶ

2062 5028 2398 5097 ἐμνημόνευε
2432 5030 2499 5082 τὰ
2527 5031 2790 5100 ὁραθέντα
2833 5030 2925 5084 ὑπ’
2954 5031 3125 5100 αὐτῆς
3166 5032 3310 5093 ἀνω,
3340 5031 3430 5083 ὅτε
3468 5025 3537 5102 ἦν
3582 5032 3643 5084 ἐν

2060 5122 2126 5190 τῇ
2159 5123 2430 5193 περιφορᾷ
2463 5121 2573 5193 (89.)
2604 5121 2697 5174 τοῦ
2723 5121 3001 5190 ἀγνώστου
3036 5122 3271 5193 Πατρδς,
3299 5121 3644 5176 ἀπεστάλθαι

454 5274 479 5307 ³
504 5272 666 5328 Rom.
694 5288 735 5339 ι,
763 5273 853 5327 27.
930 5277 951 5308 ³
972 5290 1065 5346 γρ.
1093 5274 1353 5346 ἁφισμόν.
1388 5273 1447 5330 F.
1481 5274 1778 5345 ἀφρισμόν,
1805 5275 1890 5330 vel
1929 5276 1962 5328 ἁ

2068 5276 2374 5348 δισιασμόν.

455 5430 570 5501 (8i)
603 5426 772 5480 Οὕτω
813 5425 947 5501 γᾴρ,
980 5428 1165 5501 φασὶ,
1195 5427 1751 5501 τὴῃάπειρώδινον.
1780 5426 1958 5482 Fabu-

386 5494 496 5553 lam
522 5494 705 5552 narrat
732 5504 785 5550 et
812 5494 951 5566 Plin.
980 5497 1017 5548 ι.
1044 5494 1360 5566 μετῳζϐἓ.
1385 5494 1492 5551 (Ζυῖ
1513 5500 1665 5553 fidem
1694 5501 1960 5566 derogant

389 5565 1079 5639 Philostratus,dilaniatus
1108 5565 1326 5636 Tyrius,
1363 5568 1559 5639 aliique
1591 5565 1922 5639 complures.

392 5678 395 5681 -
466 5638 577 5706 (8‘2)
617 5639 747 5689 Ὅτε
778 5632 858 5704 ἦν
882 5637 952 5687 ἐν
979 5633 1051 5701 τῇ
1083 5632 1388 5703 περιφορᾷ.
1430 5632 1750 5691 (fomitem-7-
1782 5656 1801 5681 τ·
1826 5638 1959 5688 ddi-

392 5708 591 5775 dimus,
629 5712 686 5760 ut
718 5721 817 5775 pro
866 5707 1249 5775 συμπεριφορᾷ
1298 5717 1605 5776 usurpetur,
1880 5709 1924 5753 ~i

2068 5428 2278 5508 facilem
2321 5448 2387 5508 se
2436 5434 2613 5508 alteri,
2665 5444 2718 5490 ct
2765 5436 3158 5508 obsequentem
3208 5439 3434 5508 praebet.
3496 5438 3649 5494 Sane

2067 5499 2272 5554 'l‘heod.
2315 5505 2597 5578 διαγωγῆς
2630 5499 3065 5562 vocabulo-usus
3113 5499 3226 5562 est:
3250 5508 3367 5562 Nisi
3404 5510 3529 5578 quis
3571 5508 3644 5563 ad

2062 5572 2365 5649 περιφοράν
2395 5572 2818 5649 ἱιιειιιιάςονιιηι,
2848 5586 2902 5631 et
2931 5572 3643 5649 circumactioneanlato-

2062 5646 2240 5719 Ilipa")
2277 5646 2580 5713 respexisse
2609 5646 2992 5715 Carpocratcm
3019 5648 3313 5714 existimet,
3354 5649 3422 5705 de
3453 5665 3560 5719 qua
3584 5650 3644 5706 in

1918 5709 1955 5757 ξς
2060 5707 2309 5764 Pltwdro.
