3968 6110
409 320 515 376 367

1806 322 1868 379 S.
1911 321 2255 378 EPIPIIANII

3580 317 3686 377 368

407 437 720 503 inrluxerit,
767 438 820 493 id
854 439 1032 510 ipsum
1070 441 1270 496 audeat
1317 443 1617 513 suscipere.
1670 441 1782 497 lloc
1817 451 1988 497 autem

2105 443 2240 514 πρὸς
2269 443 2638 516 πληροφορίαν
2661 443 2760 515 τῆς
2780 439 3196 512 τετυφλωμένης
3219 430 3398 492 αὐτῶν
3423 437 3684 504 διανοίας,

407 542 474 582 eo
493 529 726 584 consilio
752 529 980 596 faciunt,
1008 533 1179 602 quod,
1203 533 1278 586 uti
1298 533 1667 588 miserandum
1694 534 1749 588 in
1774 533 1993 588 modum

406 620 618 690 decepti
647 630 796 685 sunt,
822 634 972 678 certo
1002 624 1108 680 sibi
1135 625 1522 694 persuadeant,
1550 640 1645 694 per
1668 632 1746 678 tot
1776 632 1997 694 tamque

406 711 904 769 diversa'faéinora
938 716 1125 770 mundi
1155 716 1582 771 fabricatoribus
1612 715 1842 782 angelis.
1878 730 1998 769 om-

406 803 682 873 nibusque
707 805 911 874 quaetin
943 805 1147 861 mundo
1176 815 1308 861 sunt
1339 806 1634 877 prostratis
1661 820 1725 859 ac
1753 812 1997 858 contem-

406 893 541 964 ptis,
579 894 798 948 illorum
839 911 898 949 se
936 909 1044 949 non
1081 894 1294 957 mundi,
1331 896 1425 949 sed
1465 895 1776 949 fabularum
1813 893 1995 964 potius

406 985 685 1040 artificum
723 993 1050 1055 potestatem
1087 987 1437 1056 transgredi;
1473 1001 1582 1056 quo
1620 987 1902 1042 cmlestem
1937 987 1998 1040 li-

407 1077 674 1132 hcrtatem
709 1078 1014 1142 obtineant,
1055 1087 1107 1133 et
1142 1093 1362 1134 sursum
1395 1079 1641 1148 aspirare
1666 1086 1831 1148 atque
1861 1092 1992 1132 evo-

407 1169 521 1224 lare
552 1171 798 1239 possint.
851 1171 1005 1236 Quod
1055 1171 1338 1226 hominum
1389 1187 1561 1241 genus
1612 1171 1680 1225 ad
1734 1170 1996 1226 Ecclesiae

410 1256 499 1312 Dei
541 1259 800 1329 probrum
850 1268 903 1315 et
946 1260 1332 1316 offendicu'lum
1359 1261 1660 1316 adornasse
1691 1276 1754 1315 ac
1787 1260 1995 1316 submi-

407 1351 550 1405 sisse
585 1349 819 1407 Satanas
857 1353 1071 1406 videtur
1105 1373 1116 1407 :
1174 1353 1374 1424 quippe
1415 1353 1509 1423 qui
1553 1351 1993 1408 Christianorum

407 1442 512 1496 sibi
544 1458 742 1497 nomen
771 1444 1088 1509 indiderint,
1132 1455 1190 1498 ut
1233 1451 1455 1514 propter
1484 1445 1606 1502 illos
1645 1443 1864 1500 offensae
1897 1460 1993 1498 na-

406 1533 583 1589 tiones
614 1534 683 1588 ab
714 1542 918 1590 sam-tae
947 1535 1039 1590 Dei
1073 1536 1330 1592 Ecclesia
1365 1537 1600 1590 utilitate
1635 1535 1990 1597 abhorreant,

406 1624 821 1694 nuntiatamque
854 1625 1141 1678 veritatem
1192 1625 1264 1678 ob
1308 1625 1568 1678 immania
1605 1625 1819 1678 illorum
1861 1623 1995 1677 faci-

403 1730 561 1781 nora,
597 1723 649 1770 et
678 1715 1058 1770 incredibilem
1103 1716 1407 1785 nequitiam
1445 1715 1766 1786 repudient;
1797 1723 1874 1778 ut,
1910 1714 1994 1767 in-

2097 533 2179 585 δτι
2223 532 2280 585 αἱ
2321 531 2565 586 τοιαῦται
2609 533 2974 603 ἐγχειρήσεις,
3011 527 3412 598 κατισχύσασαι
3452 526 3540 580 διὰ
3576 528 3688 582 τῶν

2095 621 2366 676 τοσούτων
2393 621 2666 692 πράξεων,
2697 621 2790 674 καὶ
2812 620 3299 693 καταφρονήσασαι
3330 618 3443 670 τῶν
3479 634 3686 687 κοσμο-

2098 713 2266 768 ποιῶν
2292 712 2562 782 ἀγγέλων,
2593 713 2686 767 καὶ
2709 711 2818 766 τῶν
2845 714 2902 765 ἐν
2931 711 3009 781 τῷ
3038 710 3230 781 κόσμῳ
3250 750 3264 773 ,
3297 708 3687 780 ὑπερϐαίνουσι

2095 803 2193 875 τὴν
2219 804 2325 858 τῶν
2355 805 2532 858 αὐτῶν
2559 803 2888 876 μυθοποιῶν,
2917 803 2978 856 οὐ
3010 803 3121 874 γὰρ
3143 801 3209 854 ἂν
3240 801 3450 871 εἴποιμι
3481 816 3687 868 κοσμο-

2097 895 2285 960 ποιῶν,
2319 895 2588 962 ἐξουσίαν,
2620 897 2770 958 ὅπως
2797 894 2864 948 ἂν
2894 894 2996 965 τὴν
3019 895 3132 947 ἅνω
3162 891 3483 963 ἐλευθερίαν
3508 891 3687 944 ἀσπά-

2098 1002 2332 1047 σωνται,
2369 984 2466 1038 καὶ
2493 985 2592 1054 τὴν
2621 983 2734 1038 ἀνω
2768 983 2966 1053 πτῆσιν
3002 982 3318 1051 κτήσαιντο.
3376 978 3497 1031 Εἰσὶ
3527 977 3585 1030 δέ
3620 977 3687 1029 ἐκ

2095 1071 2190 1125 τοῦ
2227 1071 2443 1125 Σατανᾶ
2474 1071 2584 1141 (84)
2619 1069 3146 1144 παρεσκευασμένοι,
3181 1069 3278 1122 καὶ
3311 1066 3686 1138 προϐεϐλημέ-

2095 1180 2176 1216 νοι
2208 1165 2287 1226 είς
2313 1163 2512 1227 ὄνειδος
2559 1165 2653 1217 καὶ⁵
2684 1163 2978 1217 σκάνδαλον
3018 1162 3120 1232 τῆς
3148 1161 3243 1214 τοῦ
3277 1158 3416 1214 Θεοῦ
3453 1159 3686 1230 Ἐκκλη-

2099 1257 2238 1320 σίας.
2298 1255 2586 1308 Ἐπέθεντο
2635 1258 2741 1327 γάρ
2797 1257 3008 1318 ἑαυτοῖς
3060 1254 3292 1323 ἐπίκλην
3347 1249 3684 1324 Χριστιανοί,

2097 1349 2233 1418 πρὸς
2275 1347 2335 1400 τὸ
2367 1347 2811 1412 σκανδαλίζεσθαι
2839 1349 2906 1402 τά
2935 1347 3062 1418 ἔθνη
3089 1327 3156 1400 δί’
3185 1344 3384 1409 αὐτῶν,
3428 1343 3522 1397 καὶ
3551 1343 3686 1394 ἀπο-

2099 1437 2428 1510 στρέφεσθαι
2455 1439 2552 1509 τὴν
2582 1439 2683 1507 τῆς
2716 1437 2880 1505 ἁγίας
2903 1436 2995 1490 τοῦ
3027 1435 3162 1489 Θεοῦ
3199 1433 3529 1504 Ἐκκλησίας
3549 1431 3688 1502 ὠφέ-

2095 1531 2264 1595 λειαν,
2313 1532 2408 1585 καὶ
2453 1531 2512 1584 τὸ
2561 1531 2811 1600 ἀληθινὸν
2865 1531 3128 1602 κήρυγμα
3177 1529 3264 1582 διά
3312 1529 3411 1599 τῆς
3460 1526 3684 1580 ἐκείνων

2097 1623 2538 1695 ἀθεμιτουργίας,
2575 1624 2666 1676 καὶ
2695 1623 3018 1676 ἀνεικάστου
3055 1621 3469 1693 κακοπραγίας,
3502 1621 3583 1683 είς
3625 1619 3686 1672 τὸ

2097 1714 2166 1768 τὰ
2205 1714 2330 1786 ἔθνη
2365 1715 2730 1768 κατανοοῦντα
2771 1714 2952 1767 αὐτῶν
2981 1713 3050 1767 τά
3087 1714 3364 1783 ἐπάλληλα
3399 1712 3538 1783 ἔργα
3575 1699 3685 1762 τῶν

405 1820 594 1874 quam,
621 1805 1000 1874 frequentibus
1048 1804 1261 1858 illorum
1301 1805 1602 1859 sceleribus
1640 1803 1988 1858 animadver-

2095 1806 2529 1876 ἀθεμιτουργιῶν
2550 1846 2566 1871 ,
2599 1807 2898 1875 νομίσαντα
2945 1806 3041 1859 καὶ
3085 1806 3212 1868 τοὺς
3244 1805 3344 1876 τῆς
3389 1803 3552 1871 ἁγίας
3587 1799 3685 1855 τοῦ

405 1896 505 1961 sis,
534 1911 628 1950 eos
657 1910 873 1966 quoque
899 1890 992 1964 qui
1017 1910 1046 1949 e
1068 1904 1259 1950 sancta
1286 1894 1376 1950 Dci
1426 1895 1670 1950 Ecclesia
1704 1902 1833 1949 sunt
1859 1894 1996 1951 tales

405 2001 530 2041 esse
563 1986 667 2041 sibi
699 1987 1083 2057 persuadeant,
1136 1995 1300 2057 atque
1335 1986 1407 2040 ita
1444 1986 1513 2040 ab
1551 1985 1839 2041 verissima
1872 1984 1993 2042 Dei.

407 2078 486 2132 uti
509 2077 769 2142 diximus,
795 2077 1047 2131 doctrina
1075 2092 1237 2132 aures
1262 2057 1541 2142 avertant;
1574 2082 1667 2128 aut
1690 2082 1839 2129 certe
1863 2090 1997 2144 pau-

403 2183 594 2223 corum
639 2167 990 2237 improbitate
1033 2178 1328 2240 conspecta
1371 2170 1426 2224 in
1475 2169 1764 2224 universos
1803 2168 1993 2224 eadem

405 2260 695 2314 maledicta
735 2261 1054 2331 conjiciant.
1097 2261 1277 2332 Atque
1313 2275 1376 2316 ea
1421 2260 1637 2316 demum
1675 2275 1841 2315 causa
1884 2268 1990 2324 est,

410 2367 516 2406 cur
547 2352 794 2428 plerique
821 2354 1127 2424 gentilium,
1164 2353 1479 2423 ubicunque
1508 2354 1668 2408 istius
1702 2360 1864 2408 sectae
1895 2352 1992 2406 ho-

405 2444 582 2497 mines
602 2443 1082 2514 deprehenderint,
1097 2444 1302 2498 nullam
1323 2443 1607 2498 nobiscum
1625 2443 1796 2497 velint
1815 2459 1990 2512 neque

405 2535 516 2588 dati
549 2536 888 2605 acceptique,
929 2551 1105 2605 neque
1127 2535 1365 2599 consilii,
1404 2549 1582 2605 neque
1610 2533 1865 2588 audiendi
1899 2535 1984 2588 di-

2105 1895 2239 1949 Θεοῦ
2283 1897 2610 1967 Ἐκκλησίας
2647 1898 2923 1959 τοιούτους
2967 1890 3144 1960 εἶναι,
3180 1895 3567 1966 ἀποστρέφειν,
3609 1893 3687 1957 ὡς

2105 1989 2198 2042 καὶ
2247 1991 2527 2060 προεῖπον,
2576 1989 2675 2060 τὴν
2718 1989 2887 2061 ἀκοὴν
2935 1988 3043 2044 ἀπὺ
3087 1988 3186 2058 τῆς
3229 1987 3323 2042 τοῦ
3367 1987 3501 2041 Θεοῦ
3543 1987 3686 2040 κατά

2101 2080 2362 2152 ἀλήθειαν
2391 2080 2773 2143 διδασκαλίας·
2811 2080 2842 2152 ἢ
2887 2081 2981 2133 καὶ
3031 2079 3274 2151 ὀρῶντάς
3331 2095 3484 2142 τινας
3548 2077 3687 2130 πάν-

2100 2174 2233 2236 τως³
2256 2173 2454 2243 ὁμοίως
2482 2171 2820 2244 βλασφημεῖν
2856 2173 2965 2225 Καὶ
2983 2172 3170 2225 τούτου
3197 2173 3357 2224 ἕνεκα
3388 2172 3436 2224 οἱ
3467 2170 3687 2231 πλείους

2096 2264 2204 2318 τῶν
2244 2264 2447 2323 ἐθνῶν,
2486 2264 2621 2317 ὅπου
2665 2263 2709 2316 δ’
2754 2263 2819 2316 ἂν
2868 2264 3020 2316 ἴδωσι
3065 2263 3374 2326 τοιούτους,
3421 2262 3544 2315 οὔτε
3591 2261 3686 2313 ἐπὶ

2095 2356 2351 2427 κοινωνίᾳ
2383 2358 2513 2428 ἡμῖν
2550 2357 2950 2428 προσφέρονται
2972 2356 3317 2428 ληψοδοσίας,
3356 2355 3390 2426 ἢ
3433 2353 3682 2424 γνώμης.

2095 2447 2127 2518 ἡ
2167 2447 2342 2517 ,ἀκοῆς
2387 2447 2549 2514 λόγου
2593 2447 2736 2500 θείου
2763 2486 2776 2510 ,
2829 2445 2952 2500 οὔτε
2995 2446 3093 2516 τὴν
3141 2445 3311 2516 ἀκοὴν
3357 2443 3681 2507 ἐντιθέασιν,

2093 2537 2428 2608 ἐπτυρμένοι
2477 2539 2584 2591 ἀπὸ
2618 2537 2718 2608 τῆς
2752 2539 2858 2592 τῶν
2889 2538 3168 2610 ἀθεμίτων
3202 2537 3606 2608 ἀνοσιουργίας.

401 2631 516 2686 vini
550 2630 700 2686 verbi
735 2631 1046 2685 societatem
1078 2629 1434 2701 conjungere,
1472 2643 1536 2683 ac
1566 2645 1636 2685 ne
1665 2642 1828 2684 aures
1881 2629 2101 2700 quidem
2144 2633 2389 2702 praebere
2433 2633 2773 2702 sustineant;
2825 2633 3138 2704 usqueadeo
3185 2631 3412 2689 nefariis
3463 2633 3681 2687 illorum

404 2721 623 2791 ﬂagitiis
658 2719 1016 2784 consternati,
1058 2733 1120 2772 ac
1155 2718 1399 2774 deterriti
1441 2725 1592 2772 sunt.

475 2810 563 2866 IV.
601 2811 772 2866 Porro
805 2811 896 2866 isti
929 2811 984 2864 in
1016 2811 1145 2864 luxu
1176 2820 1338 2879 atque
1370 2809 1582 2865 deliciis
1613 2808 1835 2864 assidue
1869 2825 1993 2863 vcr-

406 2911 618 2969 santur,
666 2903 912 2973 nihilque
952 2918 1060 2956 non
1102 2903 1168 2955 ad
1211 2916 1504 2971 corporum
1549 2901 1884 2971 voluptatem
1927 2917 1992 2955 ac

402 2995 802 3066 iucunditatem
840 2994 1182 3064 suscipiunt:
1214 3008 1392 3061 neque
1417 2992 1482 3048 ad
1514 3008 1615 3048 nos
1648 2993 1866 3064 penitus
1906 3007 1992 3046 ac-

2162 2811 2235 2862 A'.
2277 2808 2397 2862 Είσὶ
2433 2809 2488 2863 δὲ
2524 2811 2581 2863 ἐν
2615 2810 2825 2882 ἀσωτίᾳ
2857 2812 3228 2876 διατελοῦντες
3253 2806 3422 2875 οὗτοι,
3455 2814 3549 2867 καλ⁸
3573 2815 3684 2869 πᾶν

2089 2902 2267 2955 ὁτιοῦν
2305 2903 2663 2974 ἐργαζόμενοι
2704 2904 2840 2975 πρὸς
2893 2904 3190 2960 εὐπάθειαν
3226 2905 3515 2976 σωμάτων,
3551 2909 3682 2977 ἡμῖν

2089 2991 2145 3044 δέ
2175 2991 2310 3055 ὅλως
2341 2991 2440 3045 οὐκ
2475 2993 2807 3062 ἐγγίζοντες,
2835 2994 2882 3045 εἰ
2917 2995 2990 3065 μή
3020 3013 3073 3046 τι
3104 2995 3212 3067 ἄρα
3241 2996 3377 3066 πρὸς
3406 2997 3468 3049 τὸ
3494 2997 3680 3050 δελεά-

405 3089 630 3151 cedunt,
673 3086 777 3140 nisi
825 3085 965 3139 forte
1011 3094 1067 3138 ιιι
1114 3085 1413 3140 imbecilles
1460 3086 1674 3141 animos
1723 3085 1790 3139 ad
1824 3085 1986 3156 impia

2095 3100 2180 3136 σαι
2213 3083 2388 3153 ψυχάς
2419 3085 2779 3156 ἀστηρίκτους
2803 3087 2860 3138 ἐν
2886 3088 2951 3157 τῇ
2979 3086 3158 3140 αὐτῶν
3189 3089 3675 3160 κακοδιδασκαλίᾳ.

405 3194 504 3234 sua
533 3177 784 3246 dogmata
826 3175 1124 3245 pelliciant.
1183 3172 1368 3242 Neque
1405 3175 1551 3228 enim
1584 3174 1687 3227 alia
1737 3188 1796 3227 re
1826 3172 1988 3227 nobis

406 3267 615 3323 similes
666 3273 824 3330 sunt,
869 3281 1032 3336 quam
1063 3262 1209 3334 quod
1251 3264 1368 3319 solo
1416 3263 1716 3318 Christiani
1767 3261 1990 3317 nomine

405 3359 730 3430 gloriantur,
763 3365 822 3410 ut
843 3358 1088 3412 ementiti
1117 3355 1280 3424 hujus
1308 3354 1560 3409 vocabuli
1583 3353 1766 3424 specie
1796 3353 1990 3422 impro-

406 3451 628 3507 bitatem
651 3463 807 3504 suam
830 3455 1139 3503 exerceant.
1158 3445 1264 3501 Sed
1292 3446 1508 3510 horum,
1528 3445 1683 3514 105
1711 3443 1787 3498 uti
1816 3443 1988 3512 scrip-

405 3547 522 3595 tum
537 3547 643 3603 est,
658 3539 924 3610 judicium
949 3537 1250 3608 legitimum
1273 3545 1378 3604 est,
1394 3537 1446 3590 id
1465 3535 1612 3606 quod
1629 3535 1832 3590 Paulus
1859 3550 1988 3604 apo-

403 3629 815 3688 stolustradidit
834 3631 872 3685 ί.
891 3628 1169 3700 Siquidem
1191 3637 1415 3701 propter
1450 3628 1816 3683 abominanda
1841 3628 1983 3697 ipso—

404 3735 528 3778 rum
555 3721 718 3786 facta,
748 3736 960 3776 merces
983 3720 1092 3776 illis
1121 3731 1491 3776 consentanea
1524 3719 1817 3787 reddetur;
1859 3735 1983 3773 nam

403 3827 528 3868 cum
560 3811 801 3866 animum
833 3827 992 3866 suum
1029 3811 1146 3880 rapi
1186 3810 1427 3865 libidinis
1460 3811 1662 3880 impetu
1696 3824 1760 3864 ac
1801 3808 1987 3863 furore

393 3905 774 3978 permiserint,
797 3905 852 3960 in
882 3904 1092 3960 infinita
1118 3920 1239 3961 sese
1260 3906 1601 3976 voluptatum
1625 3919 1822 3976 genera
1847 3920 1986 3974 prae-

405 3996 602 4066 cipites
634 3996 1004 4072 committunt.
1038 3995 1116 4050 lta
1136 3997 1280 4052 enim
1312 3996 1618 4067 disputant,
1644 4011 1766 4066 quae
1793 3997 1860 4048 ab
1889 3996 1983 4047 ho-

393 4087 644 4143 minibus
670 4088 808 4140 mala
837 4086 1177 4157 iudicantur,
1209 4104 1270 4144 ea
1301 4089 1527 4142 minime
1557 4088 1696 4141 mala
1719 4102 1861 4151 esse,
1888 4087 1982 4140 sed

402 4177 630 4233 honesta
657 4187 873 4233 natura.
914 4178 1060 4232 Nihil
1089 4180 1235 4233 enim
1271 4187 1466 4234 natura
1492 4181 1694 4235 malum
1727 4187 1846 4244 est;
1889 4179 1984 4235 sed

401 4268 472 4321 ab
494 4268 806 4323 horninibus
827 4267 1092 4335 duntaxat
1116 4285 1281 4338 prava
1305 4280 1618 4326 censentur.
1647 4270 1777 4335 Qua:
1798 4271 1844 4324 si
1861 4273 1984 4339 quis

403 4358 588 4412 omnia
631 4357 686 4410 in
739 4358 841 4411 hac
891 4373 998 4412 una
1042 4361 1296 4428 praesenti
1346 4361 1454 4415 vita
1503 4360 1814 4430 perfecerit,
1865 4361 1984 4431 ejus

2093 3175 2188 3238 Είς
2213 3175 2366 3228 οὐδὲν
2400 3174 2507 3246 γὰρ
2529 3177 2660 3246 ἡμῖν
2689 3175 3023 3246 ὁμοιοῦνται,
3050 3178 3082 3250 ἢ
3112 3179 3276 3249 μόνον
3319 3179 3547 3250 ὀνόματι
3578 3200 3680 3234 κα-

2091 3264 2298 3318 λεῖσθαι
2329 3265 2704 3335 σεμνύνονται,
2731 3267 2880 3331 ὅπως
2905 3266 2992 3320 διὰ
3018 3267 3111 3319 τοῦ
3141 3267 3406 3339 ὀνόματος
3437 3269 3532 3322 τοῦ
3555 3271 3678 3323 ἐπι-

2093 3357 2330 3410 πλάστου
2373 3356 2442 3431 τὰ
2488 3357 2586 3428 τῆς
2623 3357 2832 3410 ἑαυτῶν
2877 3357 3074 3434 κακίας
3103 3359 3469 3430 ἐργάσωνται.
3516 3359 3588 3413 Τὸ
3626 3360 3683 3414 δὲ

2091 3450 2266 3518 κρῖμα
2315 3445 2522 3500 τούτων
2570 3447 2712 3501 κατά
2754 3449 2814 3500 τὸ
2857 3449 3240 3520 γεγραμμένον
3272 3449 3474 3504 ἔνδικόν
3510 3452 3682 3516 ἐστιν,

2089 3536 2164 3600 ὡς
2205 3537 2234 3589 ὁ
2277 3537 2431 3605 ἅγιος
2467 3537 2678 3602 Παῦλος
2723 3540 2750 3592 ὁ
2798 3539 3094 3603 ἀπόστολος
3134 3539 3273 3610 ἔφη’
3309 3541 3398 3594 διὰ
3443 3540 3551 3611 γάρ
3582 3541 3682 3604 τάς

2090 3625 2265 3689 κακὰς
2298 3625 2478 3678 αὐτῶν
2523 3626 2752 3695 πράξεις
2789 3628 2850 3681 τὸ
2891 3629 3246 3699 ἀνταπόδομα
3282 3631 3682 3701 ἀποδοθήσεται

2088 3717 2290 3778 αὐτοῖς.
2327 3715 2523 3778 Ἀδεῶς
2546 3717 2654 3788 γάρ
2681 3718 2772 3770 τὸν
2807 3718 2931 3772 νοῦν
2958 3719 3138 3773 αὐτῶν
3165 3722 3247 3784 είς
3276 3719 3492 3792 οἶστρον
3525 3723 3680 3775 ἐκδεο

2087 3805 2355 3870 δωκότες,
2402 3805 2634 3859 πάθεσιν
2678 3807 2882 3878 ἡδονῶν
2929 3811 3140 3880 μυρίων
3183 3812 3411 3876 ἑαυτοὺς
3445 3812 3680 3882 παραδε-

2089 3897 2316 3953 δώκασι.
2353 3899 2490 3952 Φασὶ
2519 3900 2658 3972 γὰρ,
2695 3901 2776 3954 ὃτι
2819 3903 2920 3954 ὅσα
2963 3901 3241 3972 νομίζεται
3277 3903 3428 3972 παρά
3466 3902 3684 3974 ἀνθρὼ-

2090 4005 2211 4051 ποις
2240 3988 2389 4041 κακά
2419 3984 2582 4053 εἶναι,
2613 3990 2673 4042 ού
2711 3988 2857 4042 κακά
2887 3991 3146 4061 ὑπάρχει,
3171 3991 3307 4044 ἀλλὰ
3332 3992 3492 4062 φύσει
3515 3993 3678 4047 καλά.

2088 4081 2252 4134 Οὐδὲν
2291 4081 2400 4152 γάρ
2434 4082 2550 4133 ἐστι
2586 4081 2744 4150 φύσει
2779 4081 2947 4135 κακόν
2971 4097 2985 4111 ’
3025 4085 3140 4145 τοῖς
3171 4082 3227 4134 δέ
3256 4083 3565 4154 ἀνθρώποις
3594 4101 3680 4136 vo-

2091 4169 2303 4238 μίζεται
2333 4167 2472 4224 εἶναι
2495 4171 2695 4241 φαῦλα.
2725 4173 2836 4224 Kal.
2859 4173 3031 4225 ταῦτα
3061 4173 3240 4226 πάντα
3266 4173 3361 4227 ἐάν
3385 4191 3468 4237 τις
3494 4174 3678 4246 πράξῃ

2087 4264 2146 4314 ὲν
2177 4266 2243 4333 τῇ
2278 4265 2375 4334 μιᾷ
2405 4264 2576 4336 ταύτῃ
2607 4265 2902 4336 παρουσίᾳ,
2927 4266 3113 4318 ούκέτι
3155 4267 3678 4337 μετενσωματοῦται

2087 4353 2251 4406 αὑτοῦ
2279 4357 2312 4424 ἡ
2340 4355 2506 4426 ψυχὴ,
2551 4357 2631 4419 είς
2659 4357 2720 4408 τὸ
2750 4357 2912 4410 πάλιν
2943 4357 3503 4427 ἀντικαταὸληθῆναι,
3543 4356 3675 4412 ἀλλά

406 4448 588 4501 anima
619 4463 728 4502 non
777 4449 1016 4517 amplius
1060 4448 1114 4503 in
1161 4449 1266 4502 alia
1295 4465 1523 4520 corpora
1561 4451 1984 4514 transfunditur,

2095 4444 2199 4496 ὑπὸ
2259 4445 2316 4496 ἓν
2342 4449 2620 4517 ποιήσασα
2675 4449 2855 4502 πᾶσαν
2921 4448 3165 4520 πρᾶξιν,
3230 4447 3680 4518 ἀπαλλαγήσεται

406 4544 465 4588 ιιι
486 4536 542 4589 in
564 4535 708 4591 hanc
735 4535 912 4590 lucem
938 4535 1118 4590 denuo
1141 4546 1494 4605 procreetur;
1523 4537 1617 4592 sed
1638 4537 1786 4591 omni
1813 4539 1986 4592 actio-

403 4641 534 4681 num
565 4641 765 4698 genere
785 4623 1099 4696 perfuncta,
1129 4625 1300 4678 libera
1325 4632 1488 4695 atque
1514 4626 1772 4680 immunis
1794 4626 1984 4681 absce-

403 4718 516 4784 det,
547 4733 673 4771 cum
705 4716 910 4773 nullius
936 4715 1114 4770 adhuc
1143 4716 1198 4770 in
1231 4716 1335 4771 hoc
1358 4716 1562 4772 mundo
1591 4717 1775 4771 debito
1810 4718 1982 4772 actio-

405 4811 491 4864 nis
522 4809 815 4879 obligetur.
865 4807 1187 4877 Cujusmodi
1218 4823 1348 4862 vero
1375 4809 1642 4864 actionem
1681 4808 1984 4880 intelligant

403 4917 620 4956 rursum
652 4899 928 4970 explicare
953 4915 1164 4963 vereor,
1194 4915 1260 4954 ue
1287 4899 1432 4953 velut
1460 4913 1710 4970 opertum
1738 4916 1980 4964 caenum,

405 4993 479 5046 ita
522 4994 921 5062 graveolcntem
957 4992 1099 5046 hanc
1139 4992 1382 5045 cloacam
1417 4993 1678 5060 aperiam,
1715 5008 1781 5048 ac
1809 4993 1980 5062 pesti-

405 5083 532 5139 fer-re
571 5085 856 5154 cujusdam
892 5084 1257 5140 exhalationis
1299 5099 1362 5136 ac
1396 5083 1582 5138 fetor-is
1631 5085 1978 5140 occasionem

509 5239 527 5268 ‘
559 5236 719 5292 Rom.
743 5255 778 5302 ι,
806 5238 896 5293 27.
971 5241 990 5269 ⁸
1017 5238 1143 5294 For.
1180 5239 1405 5300 πάντας.

475 5396 588 5466 (ὃό)
618 5394 754 5466 Εἰσί
781 5394 849 5466 δὲ
879 5396 947 5466 ἐκ
974 5394 1084 5466 τοῦ
1105 5394 1361 5466 Σατανᾷ.
1380 5394 1980 5466 Perditissimi_ba:reti-

402 5459 591 5536 eorum
606 5459 876 5536 Gnostici,
903 5463 1286 5536 Gnosticorum
1306 5464 1720 5536 Carpocratiani
1735 5463 1977 5536 fuerunt,

403 5545 460 5589 ut
485 5534 584 5605 qui
607 5535 924 5605 turpissima
952 5549 1181 5605 qumque
1201 5534 1402 5601 ﬂagitia
1419 5534 1825 5591 committentes
1844 5535 1978 5605 adeo

1237 5608 1242 5614 '
1271 5605 1474 5658 n-ianda
1500 5622 1563 5660 ac
1583 5621 1763 5676 praese
1783 5604 1982 5676 haben-

1365 5678 1524 5726 llillllS
1573 5674 1891 5727 nominatim
1924 5681 1977 5727 et

1413 5749 1502 5792 :wi
1743 5743 1976 5812 Epipha-

403 5606 927 5668 nonerubcscerent,
947 5613 1002 5658 ut
1017 5606 1174 5654 utinm

401 5675 471 5731 da
505 5682 776 5743 putarent.
810 5673 934 5728 Iden
974 5675 1001 5720 il

401 5745 657 5808 iremus,
681 5753 732 5798 ct
754 5744 898 5798 Clem

2091 4536 2540 4608 ἐλευθερωθεῖσα,
2577 4540 2671 4592 καὶ
2703 4539 2899 4610 μηκέτι
2933 4539 3286 4610 χρεωστοῦσά
3317 4557 3369 4590 τι
3397 4538 3506 4591 τῶν
3540 4538 3680 4609 πρὸς

2092 4625 2290 4698 πρᾶξιν
2324 4630 2381 4679 ἐν
2413 4628 2490 4699 τῷ
2519 4630 2729 4700 κόσμῳ.
2763 4631 2932 4682 Ποίαν
2980 4628 3037 4682 δέ
3071 4631 3270 4702 πρᾶξιν
3300 4631 3494 4694 εἰπεῖν,
3529 4629 3682 4682 δέδια.

2092 4719 2274 4784 πάλιν,
2311 4722 2385 4792 μὴ
2416 4722 2676 4794 βορϐόρου
2703 4723 2858 4794 δίκην
2886 4721 3303 4794 κεκαλυμμένοῦ
3333 4722 3519 4792 ὀχετὸν
3541 4723 3680 4774 ἀπο-

2093 4810 2317 4881 καλύψω
2340 4853 2353 4877 ,
2403 4813 2494 4866 καί
2527 4831 2636 4867 τισι
2680 4813 2817 4878 δόξω
2855 4813 3154 4885 λοιμώδους
3186 4812 3478 4884 δυσοδμίας
3512 4813 3679 4882 ἐργάο

2091 4902 2280 4967 ξεσθαι
2307 4905 2405 4977 τὴν
2433 4907 2758 4979 ἐμφόρησιν.
2800 4907 2938 4960 Ἀλλ’
2968 4908 3118 4977 ὅμως
3140 4907 3440 4977 ἐπειδήπερ
3463 4906 3522 4971 ἐξ
3545 4906 3681 4974 ἀλη-

2090 4995 2240 5058 θείας
2287 4997 2625 5068 συνεχόμεθα
2659 4999 2730 5052 τά
2776 4999 2928 5069 παρά
2963 5002 3076 5062 τοῖς
3122 4997 3498 5069 ἠπατημένοις
3539 4998 3672 5050 ἀπο-

2091 5087 2344 5156 καλύψαι,
2380 5089 2704 5160 σεμνότερον
2739 5094 2913 5145 εἰπεῖν
2945 5109 3025 5156 τε,
3054 5091 3148 5144 καὶ
3181 5090 3282 5159 τῆς
3308 5089 3566 5159 ἀληθείας
3601 5090 3679 5160 μὴ

2087 5395 2211 5449 nius
2241 5395 2442 5464 aliique
2484 5398 2758 5464 scribunt,
2804 5414 3075 5456 summam
3118 5401 3186 5455 ad
3232 5401 3534 5457 Christiani
3575 5415 3676 5457 no-

2086 5466 2250 5541 minis
2277 5465 2556 5520 inlamiam
2586 5482 2655 5541 ac
2686 5469 2926 5541 dedecus
2959 5487 3056 5527 eos
3092 5487 3119 5526 a
3144 5472 3368 5526 diabolo
3395 5487 3518 5527 esse.
3546 5487 3676 5541 pro-

2084 5533 2301 5606 ductos,
2349 5545 2406 5588 ut
2453 5537 2685 5606 gentiles
2719 5554 2843 5594 cum
2877 5540 3227 5596 Christianos
3271 5542 3522 5595 homines
3548 5533 3673 5596 'tam

2085 5603 2334 5683 impuros
2365 5621 2427 5683 a_c
2458 5603 2703 5683 nefarios
2731 5611 3016 5683 viderent,
3038 5627 3067 5663 a
3099 5611 3672 5683 Christianaiprofes-

2081 5676 2236 5750 sione
2281 5674 2495 5750 penitus
2540 5677 2922 5750 abhorrerent.
2965 5681 3108 5736 Idem
3139 5689 3192 5736 ct
3226 5681 3374 5737 Tert.
3423 5674 3477 5734 in
3508 5682 3671 5750 Apol.

2083 5751 2134 5797 ct
2166 5741 2418 5800 Justinus
2446 5745 2807 5814 scripserunt.
