3968 6116
371 268 478 326 569

1012 263 1382 323 ADVERSUS
1420 265 1761 351 ΙΙᾸΞΒΕξΕΒ
1799 267 1929 325 LIB.
1971 269 1978 323 Ι

2079 267 2214 324 ΓΟΜ.
2257 265 2324 322 ll.
2365 263 2722 320 -—HA$RES.
2763 259 2974 316 XXVII.

3538 255 3644 311 570

373 381 482 446 ἔξω
509 379 715 449 βαίνειν
737 377 970 449 ἐμαυτὸν
993 379 1411 448 καταναγκάσω.
1431 380 1495 432 Τί
1518 381 1575 434 δὲ
1599 344 1727 433 ἄλλο
1754 400 1803 435 τι
1825 382 1840 412 ¹
1865 383 1968 434 πᾶ-

2079 380 2398 452 quibusdam
2426 378 2614 433 videar
2635 376 2952 446 praebuisse.
2983 371 3090 428 Sed
3115 367 3491 431 nihilominus,
3521 344 3644 422 cum

383 487 486 523 σαν
525 466 934 542 ὰρῤητουργίαν
968 467 1063 521 καὶ
1091 467 1347 538 ἀθέμιτον
1374 468 1591 539 πρᾶξιν,
1626 470 1692 540 ἢν
1727 471 1788 522 ού
1818 470 1972 541 θεμι-

375 561 470 614 τὸν
502 561 594 612 ἐπὶ
623 559 893 628 στόματος
937 559 1146 629 φέρειν,
1181 551 1327 611 οὗτοι
1356 559 1654 629 πράττουσι
1682 577 1696 624 ;
1729 561 1840 613 Καὶ
1863 563 1970 614 πᾶν

377 643 519 710 εἶδος
554 644 962 716 άνδροϐασιῶν,
1007 644 1104 699 καὶ
1142 644 1506 717 λαγνιστέρων
1571 645 1795 716 ὁμιλιῶν
1835 647 1970 717 πρὸς

384 739 678 806 γυναῖκας,
704 737 762 788 ὲν
790 735 1007 805 ἑκάστῳ
1038 735 1188 805 μέλει
1223 734 1490 806 σώματος,
1523 737 1753 806 μαγείας
1776 755 1835 790 τε
1872 739 1970 792 καὶ

391 827 749 899 φαρμακείας
792 828 888 880 καὶ
944 827 1390 898 είδωλολατρείας
1449 827 1809 892 ἐκτελοῦντες.
1859 830 1969 882 Καὶ

379 921 540 975 τοῦτο
597 916 739 975 εἷναί
789 937 954 990 φασιν
986 921 1267 991 οὲργασίαν
1315 919 1624 983 ἀποδόσεως
1652 921 1760 974 τῶν
1797 923 1854 974 ἐν
1890 921 1968 993 τῷ

380 1015 597 1086 σώματι
629 1015 1012 1086 ὀφειλημάτων
1058 1015 1138 1077 είς
1181 1013 1240 1066 τὸ
1273 1011 1469 1084 μηκέτι
1513 1012 1894 1081 ἐγκαλεῖσθαι,
1935 1015 1966 1085 ἢ

383 1110 600 1180 μέλλειν
647 1127 700 1162 τι
750 1107 1002 1181 πράξεως
1049 1107 1209 1179 ἔργον
1243 1106 1619 1160 ἀπαιτεῖσθαι·
1652 1107 1747 1158 καὶ
1778 1106 1968 1159 τούτου

377 1205 546 1255 ἕνεκα
582 1201 655 1273 μὴ
684 1198 1124 1270 ἀποστρέφεσθαι
1158 1199 1258 1269 τὴν
1285 1196 1462 1266 ψυχὴν
1492 1195 1630 1267 μετά
1662 1195 1760 1265 τὴν
1785 1194 1970 1248 ἐντεῦο

378 1296 472 1348 θεν
519 1293 870 1363 ἀπαλλαγὴν,
906 1293 1002 1345 καὶ
1045 1291 1207 1344 πάλιν
1237 1291 1316 1352 είς
1350 1289 1838 1361 μετενσωμάτωσιν
1875 1288 1968 1340 καὶ

383 1403 661 1458 μεταγγισ
669 1387 769 1456 μὸν
801 1386 1018 1456 χωρεῖν.

2069 486 2155 525 me
2188 470 2391 525 veritas
2421 468 2540 536 ipsa
2582 465 2982 536 quodammodo
3022 471 3197 532 cogat,
3233 468 3304 514 ut.
3330 458 3433 512 hoc
3458 471 3645 512 errore

2067 561 2433 616 laborantium
2457 560 2738 612 hominum
2765 571 2962 609 arcana
2987 552 3483 624 patefaciant,.eam
3508 547 3644 601 mihi

2069 652 2450 708 necessitatem
2489 650 2786 720 imponam,
2821 653 2881 700 ut
2909 653 2962 700 et
2991 643 3395 698 honestior-ibus
3426 656 3496 695 ca
3525 654 3646 693 ver-

2068 746 2154 801 bis
2192 758 2467 806 enarrem,
2514 752 2568 796 et
2612 757 2641 794 a
2674 740 2750 794 rei
2796 737 3023 792 veritate
3053 747 3403 803 nequaquam
3443 733 3645 785 abbor--

2063 850 2234 889 ream.
2288 833 2430 900 Quid
2463 832 2628 902 igitur
2668 829 2758 882 isti
2806 825 2955 880 aliud
3002 831 3201 895 praater
3241 821 3643 878 exsecrandum

2063 925 2194 979 illud
2223 938 2288 977 ac
2329 920 2650 976 detestabile
2691 917 2956 988 flagitium
3001 915 3370 976 committunt,
3404 910 3549 980 quod
3578 925 3648 963 ne

2064 1031 2316 1072 sermone
2339 1014 2560 1084 quidem
2593 1011 2896 1080 exprimere
2929 1007 3077 1071 licet,
3107 1005 3210 1058 hoc
3242 1009 3325 1057 est
3351 1008 3648 1071 pra-poste-

2064 1125 2181 1166 ram
2222 1110 2456 1162 marium
2495 1100 2976 1162 consuetudinem,
3027 1104 3122 1149 aut
3159 1093 3646 1149 libidinosissimos

2063 1215 2187 1256 cum
2213 1177 2428 1252 feminis
2451 1192 2692 1265 qualibet
2706 1189 2954 1259 corporis
2970 1194 3125 1256 parte
3141 1182 3503 1247 concubitus;
3531 1187 3648 1232 tum

2072 1288 2312 1358 magicas
2358 1287 2584 1356 insuper
2623 1289 2791 1345 artes,
2839 1294 2904 1334 ac
2952 1277 3236 1341 veneﬁcia,
3269 1273 3650 1340 idolorumque

2073 1378 2278 1435 cultus?
2300 1377 2475 1446 Atque
2498 1375 2640 1428 hanc
2664 1370 3134 1427 dissolvendorum
3164 1365 3415 1436 corporis
3441 1363 3651 1417 debito-

379 1496 506 1534 rum
530 1481 804 1534 rationem
823 1495 947 1534 esse
969 1477 1318 1542 conﬁrmant,
1346 1493 1415 1532 ne
1441 1475 1700 1546 appellari
1727 1474 1960 1544 amplius
1998 1474 2230 1544 possint,
2254 1479 2347 1525 aut
2371 1470 2441 1524 ab
2471 1469 2538 1524 iis
2565 1467 2704 1536 ipsis
2729 1481 2869 1536 opus
2895 1463 3115 1533 aliquod
3174 1465 3456 1530 repetatur
3473 1499 3488 1524 ,
3557 1470 3652 1510 e0-

377 1590 489 1643 que
535 1573 700 1627 modo
752 1573 887 1626 illud
935 1573 1188 1638 obtineri,
1224 1579 1284 1626 ut
1324 1587 1394 1626 nc
1439 1581 1794 1641 posteaquam
1833 1570 1961 1624 hinc
1995 1568 2293 1624 excesserit
2316 1565 2495 1620 anima
2517 1563 2697 1618 denuo
2717 1567 3046 1624 revertatur,
3077 1563 3133 1612 et
3157 1556 3226 1612 ad
3289 1554 3413 1610 illos
3471 1550 3650 1605 aliena

377 1668 437 1724 iu
464 1683 695 1740 corpora
719 1669 984 1724 transitus
1012 1683 1075 1722 ac
1107 1667 1457 1737 migrationes
1480 1667 1608 1723 sese
1631 1665 1850 1721 referat.

455 1765 530 1819 E'.
565 1737 764 1826 hinc);
818 1763 928 1834 γάρ
975 1763 1089 1832 ἔχει
1131 1760 1200 1813 τὰ
1251 1760 1430 1813 αὐτῶν
1475 1760 1849 1830 συντάγματα,
1895 1757 1969 1820 ὡς

2143 1747 2208 1802 ν.
2232 1744 2530 1816 Ἐῇιιειιιοάί
2569 1743 2714 1798 enim
2763 1741 2980 1795 illorum
3021 1737 3358 1792 monimenta
3404 1743 3555 1803 sunt,
3589 1744 3652 1822 ut

380 1855 685 1923 ἀναγνόντα
711 1855 802 1907 τὸν
832 1853 1048 1906 συνετὸν
1075 1851 1374 1922 θαυμάζειν
1418 1852 1510 1905 καὶ
1547 1849 1964 1922 ἐκπλήττεσθαι,

381 1948 479 2000 καὶ
516 1949 767 1999 ἀπιστεῖν
800 1946 848 1998 εί
871 1943 1044 1997 ταῦτα
1073 1942 1247 2007 οὓτως
1276 1943 1379 1996 ὑπὸ
1406 1943 1708 2016 ἀνθρώπων
1735 1943 1966 2012 γενήσε-

381 2056 496 2105 ται,
546 2039 606 2090 ού
665 2038 824 2108 μόνον
849 2037 959 2088 τῶν
987 2035 1110 2090 καθ’
1144 2037 1294 2106 ἡμᾶς
1349 2036 1505 2088 πόλιν
1549 2033 1966 2099 κατοικούντων,

385 2129 522 2184 ἀλλὰ
563 2129 658 2182 καὶ
686 2129 792 2182 τῶν
812 2127 954 2198 μετὰ
967 2127 1150 2198 θηρῶν
1178 2127 1274 2180 καὶ
1303 2126 1504 2196 ὁμοίων
1519 2126 1681 2198 θηρσὶ
1709 2127 1803 2178 καὶ
1832 2125 1966 2194 κτή-

381 2239 523 2283 νεσι,
563 2221 657 2273 καὶ
706 2220 888 2289 σχεδὸν
918 2219 1092 2272 εἰπεῖν
1127 2217 1198 2271 τά
1229 2215 1407 2270 κυνῶν
1437 2217 1530 2269 καὶ
1559 2215 1668 2268 ὑῶν
1710 2216 1968 2286 πράττειν

383 2311 729 2381 τολμώντων.
785 2310 922 2363 Φασὶ
977 2311 1119 2382 γάρ·
1159 2311 1250 2361 Δεῖ
1292 2309 1507 2372 πάντως
1557 2309 1737 2360 πᾶσαν
1775 2307 1970 2378 χρῆσιν

381 2405 593 2458 τούτων
619 2403 912 2468 ποιεῖσθαι,
950 2403 1036 2455 ἵνα
1075 2401 1169 2474 μὴ,
1200 2400 1510 2465 ἐξελθοῦσαι
1545 2399 1639 2452 καὶ
1669 2400 1969 2469 ὑστερήσα-

386 2498 482 2550 σαί
521 2514 666 2560 τινος
721 2496 905 2566 ἔργου,
944 2493 1134 2547 τούτου
1189 2493 1352 2546 ’ἑνεκα
1394 2489 1849 2562 καταστραφῶσιν
1890 2488 1971 2550 εἰς

386 2589 620 2658 σώματα
651 2587 810 2640 πάλιν
868 2587 925 2640 αἱ
965 2586 1153 2656 ψυχαὶ,
1198 2586 1276 2646 είς
1309 2583 1369 2637 τὸ
1412 2581 1614 2653 πρᾶξαι
1647 2577 1802 2644 αὖθις
1830 2579 1866 2634 ἃ
1897 2579 1970 2650 μὴ

383 2681 650 2751 ἔπραξαν.
671 2660 1114 2740 Καὶτοῦτόὲστι,
1131 2677 1294 2746 φασὶν
1312 2675 1541 2747 (85-86),
1565 2675 1700 2744 ὅπερ
1725 2670 1972 2741 ὁἸησοῦς

385 2775 446 2826 ὲν
497 2773 576 2843 τῷ
628 2772 944 2841 Εὖαγγελίῳ
976 2765 1097 2823 εἶπε
1149 2767 1239 2822 διὰ
1296 2765 1612 2838 παραΰολῆς
1641 2765 1758 2818 ὄτι’
1809 2763 1968 2817 Ἰσθι

385 2865 619 2920 εὐνοῶν
638 2863 718 2930 τῷ
745 2862 1026 2928 ἀντιδίκῳ
1042 2878 1180 2924 σου,
1217 2862 1286 2915 ἐν
1317 2854 1364 2927 ᾧ
1390 2855 1466 2931 ᾗς
1500 2859 1569 2912 ἐν
1589 2855 1662 2924 τῇ
1688 2854 1807 2920 ὀδῷ
1847 2855 1970 2922 μετ’

387 2955 600 3021 αὑτοῦ,
635 2954 732 3008 καί
762 2954 867 3020 δὸς
889 2953 1178 3024 ἐργασίαν
1200 2949 1586 3018 ἀπηλλάχθαι
1617 2944 1717 3000 ἀπ’
1765 2941 1970 3004 αὑτοῦ,

383 3047 474 3118 μή
513 3060 638 3113 πως
681 3050 713 3101 ό
757 3045 1062 3110 ἀντίδικος
1086 3041 1328 3112 παραδῷ
1355 3057 1429 3095 σε
1469 3036 1550 3104 τῷ
1579 3034 1772 3106 κριτῇ,
1804 3033 1903 3087 καί
1940 3035 1972 3087 ό

2069 1841 2114 1895 si
2149 1838 2274 1908 quis
2291 1811 2360 1890 ea
2391 1835 2616 1905 sapiens
2641 1832 2856 1901 legerit,
2887 1829 3240 1886 vehementer
3265 1811 3647 1896 Obstupescat,

2066 1930 2267 1997 vixque
2291 1927 2358 1981 ab
2373 1924 2694 1979 hominibus
2720 1923 2836 1976 ﬁeri
2855 1922 2957 1976 ista
2980 1934 3145 1991 posse
3165 1918 3273 1974 sibi
3296 1918 3648 1989 persuadeat,

2067 2037 2178 2077 non
2215 2019 2377 2074 modo
2411 2019 2478 2074 iis
2513 2016 2692 2072 nostri
2724 2014 2944 2086 generis
2978 2012 3318 2079 hominibus,
3359 2013 3454 2081 qui
3484 2012 3542 2066 in
3573 2026 3656 2066 re-

2068 2110 2289 2182 publica
2317 2117 2634 2172 versantur,
2663 2106 2760 2162 sed
2788 2106 2953 2161 etiam
2978 2103 3070 2168 iis,
3098 2103 3273 2173 quiin
3303 2101 3485 2157 medio
3510 2101 3654 2156 fera-

2069 2216 2196 2255 rum
2217 2197 2534 2254 earumdem
2566 2213 2630 2251 ac
2652 2197 2924 2267 pecudum
2959 2195 3171 2251 similes
3194 2194 3419 2265 degunt,
3445 2193 3653 2264 quique

2068 2308 2194 2347 cum
2237 2290 2469 2346 canibus
2509 2304 2572 2343 ac
2609 2288 2802 2343 suibus
2846 2287 2996 2356 paria
3023 2285 3416 2356 propemodum
3458 2299 3654 2356 perpe-

2041 2374 2238 2439 'trant.
2299 2381 2356 2436 Si
2399 2381 2618 2451 quidem
2655 2378 2890 2449 experiri
2925 2377 3109 2432 omnia
3146 2383 3400 2447 oportere
3439 2376 3651 2442 dicunt;

2070 2493 2138 2532 ne
2165 2489 2400 2546 egressae
2430 2474 2592 2529 istinc
2620 2472 3024 2540 animae,.opere
3051 2469 3237 2539 aliquo
3263 2469 3652 2539 praetermisso,

2069 2569 2142 2623 ob
2177 2569 2231 2623 id
2272 2582 2468 2622 rursus
2521 2566 2575 2618 in
2625 2578 2856 2633 corpora
2893 2561 3338 2632 compingantur,
3380 2561 3540 2632 106
3599 2569 3654 2616 ut

2071 2659 2202 2713 illud
2267 2656 2584 2728 perﬁciant,
2658 2653 2805 2723 quod
2872 2668 2982 2706 non
3027 2651 3295 2729 fecerunt.
3355 2650 3471 2705 Hoc
3527 2665 3658 2704 vero

2072 2751 2250 2820 ipsum
2284 2763 2430 2812 esse,
2471 2744 2618 2816 quod
2650 2744 2706 2799 in
2738 2742 3033 2814 Evangelio
3063 2741 3225 2798 Iesus
3258 2742 3362 2797 hac
3397 2743 3658 2813 parabola

2073 2839 2345 2911 signiﬁcat
2387 2857 2399 2892 :
2431 2837 2580 2902 Esto,
2616 2836 2812 2906 inquit,
2849 2835 3176 2888 consentiens
3209 2833 3517 2888 adversaria
3544 2841 3654 2897 tua,

2073 2934 2198 2985 dum
2235 2929 2407 2983 adhuc
2443 2947 2498 2984 es
2531 2931 2586 2983 in
2619 2931 2702 2983 via
2747 2945 2864 2982 cum
2892 2928 3028 2996 ipso,
3065 2933 3115 2980 et
3154 2923 3227 2979 da
3261 2939 3470 2992 operam
3507 2933 3564 2977 ut
3593 2924 3658 2976 ab

2073 3042 2132 3079 eo
2163 3024 2432 3078 libereris:
2458 3039 2520 3076 ne
2557 3021 2693 3089 forte
2725 3020 2904 3073 tradat
2935 3027 2981 3071 te
3016 3016 3354 3071 adversarius
3374 3014 3568 3086 judici,
3603 3022 3656 3069 et

393 3101 728 3209 κριτὴς-’τῷ
774 3101 1067 3206 ὑπηρέτῃ,
1119 3101 1216 3189 καὶ
1268 3101 1628 3201 δ’ὑέγττιριέτηςἰ
1660 3101 1868 3194 ,βάλλῃ
1902 3135 1975 3176 σε

2079 3117 2245 3187 judcx
2282 3113 2465 3168 tradat
2499 3123 2547 3167 te
2578 3112 2844 3174 ministro,
2892 3119 2942 3166 et
2980 3109 3218 3163 minister
3247 3110 3303 3161 in
3328 3123 3588 3162 carcerem
3611 3117 3662 3161 te

389 3235 482 3298 είς
516 3229 821 3302 φυλακήν.
854 3229 1062 3299 Ἀμὴν,
1087 3227 1252 3297 ἀμὴν
1270 3226 1424 3295 λέγω
1451 3223 1572 3287 σοὶ,
1595 3224 1665 3276 οὐ
1687 3220 1768 3290 μὴ
1803 3215 1976 3282 ἐξέλ-

390 3327 520 3392 θῃςε
538 3322 786 3385 ἐκεῖθεν,
819 3321 928 3387 ἕως
952 3319 1028 3374 ἂν
1043 3314 1278 3386 ἀποδῷς
1309 3319 1413 3370 τὸν
1437 3314 1700 3383 ἔσχατον
1720 3307 1978 3376 ,κοδράν-

390 3433 525 3483 την.
549 3413 733 3468 Μῦθον
759 3413 818 3465 δέ
849 3429 971 3464 τινα
1016 3410 1338 3464 πλάττουσιν
1373 3408 1424 3460 οἱ
1465 3405 1621 3460 αὐτοὶ
1653 3403 1788 3473 πρὸς
1813 3403 1833 3433 ⁸
1861 3401 1972 3453 ὲπίο

391 3505 556 3578 ληψιν
609 3505 708 3576 τῆς
733 3502 1048 3576 παραϐολῆς
1093 3499 1329 3568 ταύτης·
1366 3497 1459 3550 καί
1510 3513 1673 3565 φασιν
1714 3491 1852 3548 εἶναι
1885 3494 1979 3547 τὸν

392 3596 666 3652 ἀντίδικον
701 3597 906 3648 ἐκεῖνον
932 3593 1039 3645 τῶν
1067 3593 1158 3645 τὸν
1185 3591 1390 3660 κόσμον
1419 3585 1795 3657 πεποιηκότων
1815 3585 1981 3654 ἀγγέ-

393 3690 505 3742 λων
536 3687 654 3751 ἕνα,
689 3685 782 3740 καὶ
819 3685 898 3747 είς
947 3682 1081 3736 αὐτὸ
1129 3679 1286 3735 τοῦτο
1323 3676 1777 3741 κατεσκευάσθαι,
1810 3677 1889 3738 είς
1919 3674 1981 3727 τὸ

394 3780 635 3848 ἀπάγειν
685 3778 783 3841 τὰς
833 3774 1011 3845 ψυχὰς
1057 3774 1193 3845 πρὸς
1231 3772 1320 3826 τὸν
1349 3769 1563 3842 κριτὴν,
1606 3769 1704 3832 τὰς
1733 3767 1980 3823 ὲντεῦθεν

398 3868 764 3942 ὲξερχομένας
801 3867 868 3918 ὲκ
903 3863 1190 3934 σωμάτων,
1224 3864 1402 3916 ἐκεῖσε
1434 3860 1489 3914 δὲ
1518 3859 1876 3931 ἐλεγχομένας
1907 3858 1981 3930 μὴ

399 3960 708 4031 ποιησάσας
751 3960 929 4012 πᾶσαν
972 3955 1251 4028 ἐργασίαν.
1322 3951 1714 4023 Παραδίδοσθαι
1765 3951 1822 4004 δὲ
1875 3949 1984 4004 άπὸ

398 4053 497 4107 τοῦ
527 4051 786 4123 ἄρχοντος
805 4049 885 4120 τῷ
915 4046 1183 4120 ὑπηρέτῃ.
1207 4045 1470 4112 Ἀγγελον
1494 4044 1551 4097 δὲ
1580 4040 1720 4096 εἶναι
1741 4043 1831 4095 τὸν
1853 4043 1986 4112 ὑπη-

405 4144 592 4218 ρέτην,
619 4137 1117 4212 ὲξυπηρετούμενον
1150 4135 1228 4205 τῷ
1261 4137 1423 4205 κριτῇ
1447 4132 1526 4204 τῷ
1565 4130 1876 4203 κοσμοποιῷ
1903 4133 1985 4195 είς

399 4237 466 4290 σὺ
511 4234 698 4306 φέρειν
759 4232 857 4295 τὰς
888 4228 1064 4300 ψυχὰς
1087 4225 1270 4288 πάλιν,
1301 4226 1394 4277 καὶ⁸
1415 4225 1494 4286 εἰς
1523 4222 1748 4294 σώματα
1782 4239 1988 4290 καταγο

403 4325 582 4396 γίξειν
627 4322 876 4392 διάφορα.
934 4316 1089 4373 Εἶναι
1147 4319 1203 4372 δὲ
1239 4318 1330 4369 τὸν
1368 4315 1638 4370 ἀντίδικον
1665 4313 1871 4378 τοῦτον,
1928 4314 1987 4366 ὃν

404 4418 619 4488 ἔφημεν
651 4415 742 4468 τὸν
793 4412 997 4482 Κύριον
1030 4408 1306 4480 εἰρηκέναι
1354 4408 1412 4459 ὲν
1454 4405 1530 4476 τῷ
1558 4404 1892 4473 Εὐαγγελίῳ,
1929 4404 1988 4456 ὃν

405 4507 565 4561 αὐτοὶ
626 4503 854 4572 ἄγγελον
901 4501 997 4554 ἕνα
1045 4499 1155 4552 τῶν
1204 4495 1550 4566 κοσμοποιῶν
1591 4509 1774 4563 φασιν,
1819 4493 1991 4563 ὕνομα

404 4599 602 4669 ἔχοντα
633 4595 878 4648 Ἄϐολον.
899 4591 1038 4645 Φασὶ
1060 4589 1170 4660 γὰρ
1187 4584 1438 4656 εἶναιτὴν
1455 4584 1698 4669 φυλακὴν
1722 4583 1782 4636 τὸ
1815 4582 1992 4651 σῶμα*

405 4667 501 4742 τον
530 4687 587 4739 δὲ
625 4685 852 4756 ἔσχατον
896 4679 1193 4750 κοδράντην
1237 4675 1480 4728 θέλουσιν
1513 4667 1780 4741 εἶναιτὴν
1808 4686 1997 4740 μετεν-

2083 3206 2281 3259 mittat.
2314 3204 2500 3267 Amen,
2537 3218 2686 3256 amen
2720 3201 2839 3255 dico
2867 3199 2986 3266 tibi,
3021 3215 3125 3253 non
3151 3199 3291 3252 aries
3323 3198 3461 3262 inde,
3497 3197 3660 3251 donec

2085 3295 2271 3349 reddas
2296 3294 2633 3347 novissimum
2656 3290 3004 3362 quadrantem
3027 3291 3072 3344 ⁸.
3111 3288 3213 3343 Cui
3243 3287 3462 3358 quidem
3494 3289 3663 3342 inter-

2085 3383 2360 3454 pretandae
2415 3381 2688 3452 parabolae
2739 3379 2980 3435 fabulam
3031 3379 3328 3449 quamdam
3365 3378 3664 3432 commenti

2085 3485 2252 3542 sunt;
2297 3483 2352 3530 et
2393 3473 2767 3529 adversarium
2809 3473 2963 3527 illum
3007 3487 3180 3526 unum
3227 3486 3351 3526 esse
3381 3485 3448 3525 ex
3477 3469 3664 3523 mundi

2087 3565 2511 3622 fabricatoribus
2553 3564 2758 3634 angelis
2797 3571 3012 3632 putant,
3059 3561 3151 3632 qui
3196 3561 3360 3631 hujus
3391 3561 3468 3617 rei
3496 3574 3666 3615 causa

2087 3659 2159 3714 sit
2186 3658 2539 3722 constitutus,
2564 3663 2623 3710 ut
2652 3655 2930 3710 oresolutas
2947 3654 3198 3724 corporis
3221 3652 3477 3717 vinculis,
3502 3659 3666 3723 atque

2087 3751 2216 3805 hinc
2252 3749 2557 3820 migrantes
2591 3749 2805 3803 animas
2849 3745 2915 3800 ad
2960 3745 3202 3816 iudicem
3247 3744 3520 3806 deducat;
3571 3743 3666 3798 ubi

2087 3843 2329 3900 nondum
2352 3843 2534 3896 omnia
2553 3841 2878 3913 praestitisse
2898 3839 3162 3894 convictas
3180 3853 3207 3890 a
3226 3837 3477 3908 principe
3496 3835 3664 3888 mini-

2089 3945 2205 3992 stro
2229 3935 2540 3997 traduntur,
2586 3934 2680 4004 qui
2714 3949 2782 3987 ex
2834 3931 3148 4001 angelorum
3185 3944 3346 4000 grege
3377 3942 3520 3981 unus
3548 3926 3667 3996 opi-

2091 4030 2178 4084 ﬁci
2209 4028 2396 4083 mundi
2418 4025 2775 4096 hujusjudici
2800 4024 2868 4079 ad
2890 4021 3321 4085 transferendas,
3352 4027 3405 4074 et
3433 4019 3488 4072 in
3513 4018 3666 4072 varia

2091 4135 2320 4189 corpora
2351 4117 2712 4186 deponendas
2737 4115 2949 4168 animas
2972 4126 3195 4182 operam
3229 4123 3384 4166 suam
3409 4108 3662 4162 collocat.

2091 4210 2224 4264 Esse
2254 4222 2414 4279 porro
2435 4204 2805 4259 adversarium
2831 4203 3005 4264 illum,
3030 4214 3188 4270 quem
3210 4213 3241 4251 a
3265 4197 3495 4251 Domino
3519 4209 3670 4249 com-

2091 4307 2454 4354 memoratum
2483 4295 2538 4348 in
2568 4293 2862 4363 Evangelia
2888 4290 3152 4354 diximus,
3184 4302 3354 4344 unum
3388 4301 3455 4342 ex
3480 4281 3671 4338 mundi

2094 4391 2395 4444 artiﬁcibus
2429 4387 2635 4458 angelis
2666 4385 2884 4439 nomine
2912 4383 3170 4438 Abolum.
3213 4378 3350 4434 Nam
3393 4386 3448 4433 et
3478 4386 3670 4431 custo-

2092 4478 2236 4533 diam
2281 4493 2405 4532 esse
2448 4490 2648 4545 corpus
2698 4473 3164 4542 interpretantur,
3212 4476 3268 4523 et
3311 4466 3673 4522 novissimum

2090 4569 2452 4640 quadrantem
2497 4565 2877 4636 migrationem
2927 4563 3262 4626 animarum,
3302 4573 3441 4629 quas
3479 4571 3671 4610 acces-

2091 4663 2341 4719 sionibus
2375 4661 2441 4715 ad
2472 4674 2705 4730 corpora
2731 4658 2968 4729 singulis
2998 4657 3224 4712 ultimas
3253 4653 3498 4707 actiones
3520 4649 3677 4704 obire

409 4740 757 4850 σωμάτωσίν.
783 4775 804 4806 ³
840 4771 977 4827 Καθ’
997 4740 1242 4839 ’ἑκάστην
1272 4765 1575 4837 παρουσίαν
1593 4740 1856 4816 ἐπιτελεῖν
1893 4779 1978 4815 σω-

2097 4772 2319 4812 neccsse
2346 4755 2437 4820 sit,
2482 4755 2692 4808 nullum
2731 4759 2792 4806 ut
2817 4750 3052 4820 amplius
3092 4746 3272 4803 scelus
3303 4758 3368 4797 ac
3405 4740 3674 4812 ﬂagitium

411 4871 601 4941 μάτων
625 4866 861 4936 ἐσχάτην
887 4860 1106 4934 πρᾶξιν,
1126 4858 1220 4912 καὶ
1245 4855 1439 4928 μηκέτι
1456 4853 1840 4909 ὑπολείπεσθαι
1860 4853 1998 4925 πρὸς

406 4964 473 5016 τὸ
517 4958 774 5032 ἀθέμιτόν
807 4975 859 5009 τι
906 4953 1133 5026 πρᾶξαι.
1190 4951 1282 5002 Δεῖ
1307 4947 1437 5020 γὰρ,
1471 4949 1653 5017 φασὶν,
1700 4946 1776 5009 ὼς
1813 4943 1997 5016 προεί-

408 5071 608 5125 πομεν,
644 5053 823 5106 πάντα
852 5047 875 5080 ⁸
921 5043 1200 5107 ἐλθοῦσαν,
1249 5041 1344 5094 καὶ
1393 5037 1678 5108 πράξασαν
1719 5037 1836 5091 καθ’
1865 5037 1996 5089 ⁴ἐκα-

412 5164 560 5210 στον,
583 5145 680 5199 καὶ
711 5137 1195 5211 ὲλευθερωθεῖσαν,
1238 5131 1482 5189 ἀνελθεῖν
1513 5130 1649 5200 πρὸς
1671 5129 1783 5183 άνω
1818 5129 1994 5196 ἀγνω-

2097 4846 2355 4918 supersit.
2404 4845 2632 4915 Oportet
2669 4843 2839 4904 enim,
2876 4847 2937 4893 ut
2967 4847 3126 4892 antea
3165 4835 3371 4889 dictum
3402 4840 3508 4896 est,
3549 4844 3676 4899 per-

2094 4949 2346 5012 vagatam
2363 4938 2569 5000 omnia,
2589 4933 2930 5005 singulisque
2954 4928 3300 5000 perfunctam
3328 4924 3591 4981 animam.
3608 4935 3676 4974 ac

2091 5035 2350 5096 solutam,
2387 5028 2574 5084 mundi
2608 5024 2956 5081 eﬁ'ectoribus
2987 5036 3050 5074 ac
3083 5017 3356 5090 praecipuo
3385 5013 3550 5082 hujus
3575 5027 3676 5064 au-

2091 5134 2244 5181 ctore
2286 5122 2580 5193 superatis,
2631 5118 2700 5172 ad
2745 5128 3060 5186 supremum
3115 5110 3268 5164 illum
3324 5107 3678 5177 ignotumque

474 5298 669 5354 ‘Forte
682 5297 737 5349 τί
753 5295 810 5348 δὲ
827 5293 954 5348 ἄλλο
1072 5293 1092 5322 ¹
1113 5305 1204 5359 γρ.
1239 5286 1373 5359 πρὸς
1399 5274 1648 5337 ὲέτίπολυ.
1666 5280 1726 5336 F.
1752 5281 1978 5335 ὲπίλυσιπ

2082 5282 2102 5311 ³
2127 5278 2287 5334 Deest
2307 5275 2574 5332 nonnihil.
2613 5275 2635 5306 δ
2651 5271 2776 5327 For.
2800 5271 2880 5333 είς
2903 5268 3100 5322 πάντα.
3150 5265 3172 5299 ⁸
3200 5263 3390 5319 Matth.
3410 5258 3672 5327 v,25.26.

489 5417 700 5491 (εᾶὃίί)⁸
712 5415 819 5491 καὶ
837 5413 1016 5491 τοῦιξό
1029 5412 1179 5473 ἐστι,
1193 5401 1718 5491 yageri‘de‘Tert.
1801 5401 1875 5491 ρο
1889 5401 2007 5491 anf-

414 5478 527 5550 ma,
553 5505 602 5542 c.
634 5478 723 5542 33.
759 5485 863 5538 Sed
891 5491 945 5537 et
968 5482 1248 5550 Irenaeum,
1277 5478 1396 5550 loco
1419 5478 1609 5550 citato,
1631 5487 1699 5525 ex
1733 5485 1841 5540 quo
1862 5485 2008 5550 _n_on-

2111 5396 2243 5484 παρ’
2274 5396 2456 5482 αὐτοῖς
2482 5393 2551 5446 τὰ
2578 5389 2733 5475 ἄθεα,
2763 5390 2858 5443 καὶ
2875 5387 3166 5484 Ιέκθεσμα,1
3185 5385 3284 5484 mil
3309 5379 3673 5484 ἀπειρημένα.

2111 5450 2222 5534 ἐγὼ
2253 5467 2351 5518 οὐκ
2375 5450 2840 5534 ἀν’πιστεύσαιμιἶ
2873 5450 3064 5534 l_renaai:
3087 5465 3241 5511 vetus
3269 5450 3540 5534 Inter-pres
3563 5450 3677 5531 haec

415 5520 1712 5617 nullan-1‘beodbretus'tdaristuli’t;inquibus'leve
1732 5520 2004 5617 quoddam
2112 5520 2411 5617 posteriora
2459 5535 2533 5587 ita
2585 5520 2843 5617 uti‘apud
2883 5528 3156 5582 Theodor.
3198 5528 3454 5617 exst'ant,c
3482 5520 3678 5617 legisse

420 5609 568 5686 i'n'égi
592 5609 874 5686 mendum,
913 5621 1059 5692 quod
1110 5609 1990 5692 obiter__a:nobis‘corrigendum

420 5681 537 5758 est:
565 5681 771 5754 Scribit
803 5681 970 5766 igitur
1002 5693 1237 5747 lrenaeus
1263 5707 1274 5741 :
1303 5685 1410 5740 Καὶ
1454 5687 1501 5736 εἰ
1551 5682 1648 5751 μὲν
1686 5681 1988 5752 πράσσεται

2097 5589 2328 5660 ὖίόειιιιν.
2362 5602 2496 5657 Nam
2529 5601 2711 5663 vertit,
2733 5589 2824 5670 Ego
2853 5611 3179 5670 nequaquam
3211 5592 3385 5646 credo.
3418 5589 3678 5670 Scriberi-

2100 5677 2225 5731 dum
2257 5689 2384 5731 vero
2408 5675 2505 5728 οὐκ
2537 5673 2600 5727 ἀν
2629 5663 2983 5740 πιστῶσαιμι,
3013 5663 3273 5738 afﬁrmare
3297 5677 3398 5717 non
3429 5663 3618 5714 ausim.

3708 4787 3722 4819 1
