  <div class='ocr_page' id='page_1' title='image "/cluster/home/n/w/nwhite01/storage/ocr_20150623/41/mdp.39015008169818/208.png"; bbox 0 0 3968 6112; ppageno 0'>
   <div class='ocr_carea' id='block_1_1' title="bbox 377 232 1969 306">
    <p class='ocr_par' dir='ltr' id='par_1_1' title="bbox 377 241 1925 306">
     <span class='ocr_line' id='line_1_1' title="bbox 377 241 1925 306; baseline -0.005 -2"><span class='ocrx_word' id='word_1_1' title='bbox 377 246 490 306; x_wconf 70' lang='grc'><strong>873</strong></span> <span class='ocrx_word' id='word_1_2' title='bbox 1013 241 1383 301; x_wconf 79' lang='lat' dir='ltr'><strong>ADVERSUS</strong></span> <span class='ocrx_word' id='word_1_3' title='bbox 1419 241 1761 301; x_wconf 72' lang='lat' dir='ltr'><strong>llASRESES</strong></span> <span class='ocrx_word' id='word_1_4' title='bbox 1799 242 1925 298; x_wconf 81' lang='lat' dir='ltr'><strong>LIB.</strong></span> 
     </span>
    </p>
   </div>
   <div class='ocr_carea' id='block_1_2' title="bbox 2073 232 3691 306">
    <p class='ocr_par' dir='ltr' id='par_1_2' title="bbox 2073 232 3691 305">
     <span class='ocr_line' id='line_1_2' title="bbox 2073 232 3691 305; baseline 0.003 -10"><span class='ocrx_word' id='word_1_5' title='bbox 2073 232 2215 298; x_wconf 80' lang='grc' dir='ltr'><strong>ΓΟΜ.</strong></span> <span class='ocrx_word' id='word_1_6' title='bbox 2258 240 2395 298; x_wconf 85' lang='grc' dir='ltr'><strong>ΙΙ.-</strong></span> <span class='ocrx_word' id='word_1_7' title='bbox 2416 236 2688 297; x_wconf 73' lang='grc' dir='ltr'><strong>ΗᾹΞΒΕΒ.</strong></span> <span class='ocrx_word' id='word_1_8' title='bbox 2729 238 2945 295; x_wconf 79' lang='lat' dir='ltr'><strong>XXVII.</strong></span> <span class='ocrx_word' id='word_1_9' title='bbox 3542 244 3650 305; x_wconf 73' lang='grc'><strong>574</strong></span> <span class='ocrx_word' id='word_1_10' title='bbox 3682 292 3691 300; x_wconf 97' lang='grc'><em>.</em></span> 
     </span>
    </p>
   </div>
   <div class='ocr_carea' id='block_1_3' title="bbox 376 356 1969 432">
    <p class='ocr_par' dir='ltr' id='par_1_3' title="bbox 376 357 1960 432">
     <span class='ocr_line' id='line_1_3' title="bbox 376 357 1960 432; baseline -0.003 -15"><span class='ocrx_word' id='word_1_11' title='bbox 376 360 683 432; x_wconf 67' lang='grc' dir='ltr'>περιόντων</span> <span class='ocrx_word' id='word_1_12' title='bbox 711 358 890 413; x_wconf 82' lang='grc' dir='ltr'>αὐτῶν</span> <span class='ocrx_word' id='word_1_13' title='bbox 918 357 1026 413; x_wconf 81' lang='grc' dir='ltr'><strong>ὑπὸ</strong></span> <span class='ocrx_word' id='word_1_14' title='bbox 1060 359 1268 432; x_wconf 73' lang='grc' dir='ltr'>Πέτρου</span> <span class='ocrx_word' id='word_1_15' title='bbox 1301 360 1571 431; x_wconf 81' lang='grc' dir='ltr'>λαμϐάνει</span> <span class='ocrx_word' id='word_1_16' title='bbox 1590 362 1690 432; x_wconf 76' lang='grc' dir='ltr'>τὴν</span> <span class='ocrx_word' id='word_1_17' title='bbox 1718 360 1960 432; x_wconf 78' lang='grc' dir='ltr'>χειροθε-</span> 
     </span>
    </p>
   </div>
   <div class='ocr_carea' id='block_1_4' title="bbox 2073 356 3646 432">
    <p class='ocr_par' dir='ltr' id='par_1_4' title="bbox 2073 356 3646 430">
     <span class='ocr_line' id='line_1_4' title="bbox 2073 356 3646 430; baseline 0.001 -18"><span class='ocrx_word' id='word_1_18' title='bbox 2073 358 2243 414; x_wconf 77' lang='lat' dir='ltr'><strong>adhuc</strong></span> <span class='ocrx_word' id='word_1_19' title='bbox 2295 359 2685 430; x_wconf 74' lang='lat' dir='ltr'><strong>superstitibus</strong></span> <span class='ocrx_word' id='word_1_20' title='bbox 2739 357 3012 428; x_wconf 72' lang='lat' dir='ltr'><strong>impositis</strong></span> <span class='ocrx_word' id='word_1_21' title='bbox 3055 356 3311 413; x_wconf 89' lang='lat' dir='ltr'><strong>manibus</strong></span> <span class='ocrx_word' id='word_1_22' title='bbox 3354 357 3646 429; x_wconf 85' lang='lat' dir='ltr'><strong>episcopus</strong></span> 
     </span>
    </p>
   </div>
   <div class='ocr_carea' id='block_1_5' title="bbox 378 450 1963 525">
    <p class='ocr_par' dir='ltr' id='par_1_5' title="bbox 378 450 1963 525">
     <span class='ocr_line' id='line_1_5' title="bbox 378 450 1963 525; baseline 0.001 -19"><span class='ocrx_word' id='word_1_23' title='bbox 378 452 504 506; x_wconf 85' lang='grc' dir='ltr'>σίαν</span> <span class='ocrx_word' id='word_1_24' title='bbox 524 450 624 521; x_wconf 82' lang='grc' dir='ltr'>τῆς</span> <span class='ocrx_word' id='word_1_25' title='bbox 651 450 976 520; x_wconf 80' lang='grc' dir='ltr'>ἐπισκοπῆς,</span> <span class='ocrx_word' id='word_1_26' title='bbox 1027 452 1120 503; x_wconf 73' lang='grc' dir='ltr'><strong>καὶ</strong></span> <span class='ocrx_word' id='word_1_27' title='bbox 1159 454 1637 525; x_wconf 81' lang='grc' dir='ltr'><strong>παραιτησάμενος</strong></span> <span class='ocrx_word' id='word_1_28' title='bbox 1658 455 1818 525; x_wconf 73' lang='grc' dir='ltr'>ῆργει</span> <span class='ocrx_word' id='word_1_29' title='bbox 1852 453 1963 524; x_wconf 82' lang='grc' dir='ltr'><strong>(λέ-</strong></span> 
     </span>
    </p>
   </div>
   <div class='ocr_carea' id='block_1_6' title="bbox 377 537 1959 613">
    <p class='ocr_par' dir='ltr' id='par_1_6' title="bbox 377 537 1959 613">
     <span class='ocr_line' id='line_1_6' title="bbox 377 537 1959 613; baseline 0.002 -21"><span class='ocrx_word' id='word_1_30' title='bbox 377 554 465 607; x_wconf 82' lang='grc' dir='ltr'><strong>γει</strong></span> <span class='ocrx_word' id='word_1_31' title='bbox 488 537 598 609; x_wconf 82' lang='grc' dir='ltr'>γὰρ</span> <span class='ocrx_word' id='word_1_32' title='bbox 638 538 698 591; x_wconf 83' lang='grc' dir='ltr'><strong>ἐν</strong></span> <span class='ocrx_word' id='word_1_33' title='bbox 750 538 849 609; x_wconf 78' lang='grc' dir='ltr'>μιᾷ</span> <span class='ocrx_word' id='word_1_34' title='bbox 889 537 999 593; x_wconf 92' lang='grc' dir='ltr'><strong>τῶν</strong></span> <span class='ocrx_word' id='word_1_35' title='bbox 1035 540 1364 594; x_wconf 70' lang='grc' dir='ltr'><strong>Ἐπιστολῶν</strong></span> <span class='ocrx_word' id='word_1_36' title='bbox 1394 542 1591 596; x_wconf 79' lang='grc' dir='ltr'>αὐτοῦ’</span> <span class='ocrx_word' id='word_1_37' title='bbox 1638 540 1959 613; x_wconf 78' lang='grc' dir='ltr'>Ἀναχωρῶ,</span> 
     </span>
    </p>
   </div>
   <div class='ocr_carea' id='block_1_7' title="bbox 375 627 1963 696">
    <p class='ocr_par' dir='ltr' id='par_1_7' title="bbox 375 627 1963 696">
     <span class='ocr_line' id='line_1_7' title="bbox 375 627 1963 696; baseline 0.001 -13"><span class='ocrx_word' id='word_1_38' title='bbox 375 628 606 696; x_wconf 67' lang='grc' dir='ltr'>ἄπειμι,</span> <span class='ocrx_word' id='word_1_39' title='bbox 655 627 1002 694; x_wconf 80' lang='grc' dir='ltr'>ἐνσταθήτω</span> <span class='ocrx_word' id='word_1_40' title='bbox 1048 632 1081 684; x_wconf 86' lang='grc' dir='ltr'><strong>ό</strong></span> <span class='ocrx_word' id='word_1_41' title='bbox 1133 630 1285 696; x_wconf 72' lang='grc' dir='ltr'>λαὸς</span> <span class='ocrx_word' id='word_1_42' title='bbox 1316 631 1421 686; x_wconf 80' lang='grc' dir='ltr'><strong>τοῦ</strong></span> <span class='ocrx_word' id='word_1_43' title='bbox 1450 632 1599 687; x_wconf 84' lang='grc' dir='ltr'><strong>Θεοῦ</strong></span> <span class='ocrx_word' id='word_1_44' title='bbox 1620 649 1633 663; x_wconf 89' lang='grc'><strong>·</strong></span> <span class='ocrx_word' id='word_1_45' title='bbox 1660 633 1775 686; x_wconf 75' lang='grc' dir='ltr'>τισὶ</span> <span class='ocrx_word' id='word_1_46' title='bbox 1804 631 1963 686; x_wconf 82' lang='grc' dir='ltr'>τοῦτο</span> 
     </span>
    </p>
   </div>
   <div class='ocr_carea' id='block_1_8' title="bbox 382 715 1964 795">
    <p class='ocr_par' dir='ltr' id='par_1_8' title="bbox 382 715 1964 795">
     <span class='ocr_line' id='line_1_8' title="bbox 382 715 1964 795; baseline 0.003 -24"><span class='ocrx_word' id='word_1_47' title='bbox 382 715 793 788; x_wconf 77' lang='grc' dir='ltr'>συμϐουλεύων,</span> <span class='ocrx_word' id='word_1_48' title='bbox 819 717 1051 790; x_wconf 80' lang='grc' dir='ltr'>εὕρομεν</span> <span class='ocrx_word' id='word_1_49' title='bbox 1083 718 1192 791; x_wconf 83' lang='grc' dir='ltr'>γὰρ</span> <span class='ocrx_word' id='word_1_50' title='bbox 1212 718 1269 773; x_wconf 76' lang='grc' dir='ltr'><strong>ἐν</strong></span> <span class='ocrx_word' id='word_1_51' title='bbox 1286 736 1429 774; x_wconf 90' lang='grc' dir='ltr'>τισιν</span> <span class='ocrx_word' id='word_1_52' title='bbox 1451 722 1964 795; x_wconf 80' lang='grc' dir='ltr'><strong>ὑπομνηματισμοῖς</strong></span> 
     </span>
    </p>
   </div>
   <div class='ocr_carea' id='block_1_9' title="bbox 376 808 1964 882">
    <p class='ocr_par' dir='ltr' id='par_1_9' title="bbox 376 808 1964 882">
     <span class='ocr_line' id='line_1_9' title="bbox 376 808 1964 882; baseline 0.004 -20"><span class='ocrx_word' id='word_1_53' title='bbox 376 809 539 862; x_wconf 84' lang='grc' dir='ltr'>τοῦτο</span> <span class='ocrx_word' id='word_1_54' title='bbox 583 808 966 880; x_wconf 85' lang='grc' dir='ltr'>ἐγκείμενον),</span> <span class='ocrx_word' id='word_1_55' title='bbox 1011 810 1129 881; x_wconf 72' lang='grc' dir='ltr'>ἦτοι</span> <span class='ocrx_word' id='word_1_56' title='bbox 1187 810 1325 880; x_wconf 89' lang='grc' dir='ltr'><strong>μετά</strong></span> <span class='ocrx_word' id='word_1_57' title='bbox 1365 813 1465 882; x_wconf 80' lang='grc' dir='ltr'><strong>τὴν</strong></span> <span class='ocrx_word' id='word_1_58' title='bbox 1499 814 1606 866; x_wconf 87' lang='grc' dir='ltr'><strong>τῶν</strong></span> <span class='ocrx_word' id='word_1_59' title='bbox 1651 814 1964 869; x_wconf 85' lang='grc' dir='ltr'><strong>ἀποστόλων</strong></span> 
     </span>
    </p>
   </div>
   <div class='ocr_carea' id='block_1_10' title="bbox 377 897 1964 970">
    <p class='ocr_par' dir='ltr' id='par_1_10' title="bbox 377 897 1964 970">
     <span class='ocr_line' id='line_1_10' title="bbox 377 897 1964 970; baseline 0.003 -17"><span class='ocrx_word' id='word_1_60' title='bbox 377 899 629 970; x_wconf 82' lang='grc' dir='ltr'>διαδοχὴν</span> <span class='ocrx_word' id='word_1_61' title='bbox 662 898 770 951; x_wconf 80' lang='grc' dir='ltr'>ὑπὸ</span> <span class='ocrx_word' id='word_1_62' title='bbox 802 898 1017 969; x_wconf 83' lang='grc' dir='ltr'>Κλήτου</span> <span class='ocrx_word' id='word_1_63' title='bbox 1044 898 1139 951; x_wconf 89' lang='grc' dir='ltr'><strong>τοῦ</strong></span> <span class='ocrx_word' id='word_1_64' title='bbox 1172 901 1474 954; x_wconf 80' lang='grc' dir='ltr'>ἐπισκόπου</span> <span class='ocrx_word' id='word_1_65' title='bbox 1504 897 1661 967; x_wconf 71' lang='grc' dir='ltr'>οὗτος</span> <span class='ocrx_word' id='word_1_66' title='bbox 1699 904 1964 957; x_wconf 85' lang='grc' dir='ltr'>καθίστα-</span> 
     </span>
    </p>
   </div>
   <div class='ocr_carea' id='block_1_11' title="bbox 375 988 1966 1062">
    <p class='ocr_par' dir='ltr' id='par_1_11' title="bbox 375 988 1966 1062">
     <span class='ocr_line' id='line_1_11' title="bbox 375 988 1966 1062; baseline 0.004 -20"><span class='ocrx_word' id='word_1_67' title='bbox 375 1005 489 1052; x_wconf 89' lang='grc' dir='ltr'>ται,</span> <span class='ocrx_word' id='word_1_68' title='bbox 540 989 603 1042; x_wconf 79' lang='grc' dir='ltr'><strong>οὐ</strong></span> <span class='ocrx_word' id='word_1_69' title='bbox 652 989 792 1042; x_wconf 88' lang='grc' dir='ltr'>πάνυ</span> <span class='ocrx_word' id='word_1_70' title='bbox 848 989 1037 1058; x_wconf 82' lang='grc' dir='ltr'>σαφῶς</span> <span class='ocrx_word' id='word_1_71' title='bbox 1071 988 1247 1060; x_wconf 75' lang='grc' dir='ltr'>ἴσμεν.</span> <span class='ocrx_word' id='word_1_72' title='bbox 1286 991 1432 1062; x_wconf 86' lang='grc' dir='ltr'>Πλὴν</span> <span class='ocrx_word' id='word_1_73' title='bbox 1471 992 1611 1047; x_wconf 87' lang='grc' dir='ltr'><strong>ἀλλά</strong></span> <span class='ocrx_word' id='word_1_74' title='bbox 1655 994 1749 1048; x_wconf 76' lang='grc' dir='ltr'><strong>καὶ</strong></span> <span class='ocrx_word' id='word_1_75' title='bbox 1791 994 1966 1058; x_wconf 72' lang='grc' dir='ltr'>οὕτως</span> 
     </span>
    </p>
   </div>
   <div class='ocr_carea' id='block_1_12' title="bbox 376 1076 1963 1155">
    <p class='ocr_par' dir='ltr' id='par_1_12' title="bbox 376 1076 1963 1155">
     <span class='ocr_line' id='line_1_12' title="bbox 376 1076 1963 1155; baseline 0.004 -24"><span class='ocrx_word' id='word_1_76' title='bbox 376 1077 613 1146; x_wconf 73' lang='grc' dir='ltr'>ἠδύνατο</span> <span class='ocrx_word' id='word_1_77' title='bbox 645 1076 726 1129; x_wconf 77' lang='grc' dir='ltr'>ἔτι</span> <span class='ocrx_word' id='word_1_78' title='bbox 757 1076 1058 1148; x_wconf 84' lang='grc' dir='ltr'>περιόντων</span> <span class='ocrx_word' id='word_1_79' title='bbox 1098 1077 1209 1130; x_wconf 87' lang='grc' dir='ltr'><strong>τῶν</strong></span> <span class='ocrx_word' id='word_1_80' title='bbox 1239 1079 1573 1148; x_wconf 82' lang='grc' dir='ltr'>ἀποστόλων,</span> <span class='ocrx_word' id='word_1_81' title='bbox 1606 1083 1747 1155; x_wconf 78' lang='grc' dir='ltr'>φημὶ</span> <span class='ocrx_word' id='word_1_82' title='bbox 1775 1083 1832 1136; x_wconf 76' lang='grc' dir='ltr'>δὲ</span> <span class='ocrx_word' id='word_1_83' title='bbox 1854 1083 1963 1137; x_wconf 89' lang='grc' dir='ltr'><strong>τῶν</strong></span> 
     </span>
    </p>
   </div>
   <div class='ocr_carea' id='block_1_13' title="bbox 376 1166 1962 1239">
    <p class='ocr_par' dir='ltr' id='par_1_13' title="bbox 376 1166 1962 1239">
     <span class='ocr_line' id='line_1_13' title="bbox 376 1166 1962 1239; baseline 0.005 -19"><span class='ocrx_word' id='word_1_84' title='bbox 376 1167 514 1239; x_wconf 79' lang='grc' dir='ltr'>περὶ</span> <span class='ocrx_word' id='word_1_85' title='bbox 556 1167 763 1238; x_wconf 80' lang='grc' dir='ltr'>Πέτρον</span> <span class='ocrx_word' id='word_1_86' title='bbox 805 1166 900 1220; x_wconf 78' lang='grc' dir='ltr'><strong>καὶ</strong></span> <span class='ocrx_word' id='word_1_87' title='bbox 942 1166 1175 1233; x_wconf 81' lang='grc' dir='ltr'>Παῦλον,</span> <span class='ocrx_word' id='word_1_88' title='bbox 1223 1169 1553 1236; x_wconf 72' lang='grc' dir='ltr'>ἐπισκόπους</span> <span class='ocrx_word' id='word_1_89' title='bbox 1588 1172 1779 1239; x_wconf 78' lang='grc' dir='ltr'>ἄλλους</span> <span class='ocrx_word' id='word_1_90' title='bbox 1826 1173 1962 1227; x_wconf 85' lang='grc' dir='ltr'>καθ-</span> 
     </span>
    </p>
   </div>
   <div class='ocr_carea' id='block_1_14' title="bbox 380 1256 1964 1339">
    <p class='ocr_par' dir='ltr' id='par_1_14' title="bbox 380 1256 1964 1339">
     <span class='ocr_line' id='line_1_14' title="bbox 380 1256 1964 1339; baseline 0.004 -28"><span class='ocrx_word' id='word_1_91' title='bbox 380 1256 661 1321; x_wconf 88' lang='grc' dir='ltr'>ίστασθαι,</span> <span class='ocrx_word' id='word_1_92' title='bbox 692 1258 777 1312; x_wconf 89' lang='grc' dir='ltr'><strong>διά</strong></span> <span class='ocrx_word' id='word_1_93' title='bbox 821 1258 883 1311; x_wconf 82' lang='grc' dir='ltr'>τὸ</span> <span class='ocrx_word' id='word_1_94' title='bbox 911 1259 1039 1339; x_wconf 65' lang='grc' dir='ltr'>τοὺς</span> <span class='ocrx_word' id='word_1_95' title='bbox 1064 1260 1397 1327; x_wconf 81' lang='grc' dir='ltr'>ἀποστόλους</span> <span class='ocrx_word' id='word_1_96' title='bbox 1435 1262 1695 1326; x_wconf 84' lang='grc' dir='ltr'>πολλάκις</span> <span class='ocrx_word' id='word_1_97' title='bbox 1737 1264 1831 1318; x_wconf 76' lang='grc' dir='ltr'>ἐπὶ</span> <span class='ocrx_word' id='word_1_98' title='bbox 1866 1264 1964 1329; x_wconf 83' lang='grc' dir='ltr'>τὰς</span> 
     </span>
    </p>
   </div>
   <div class='ocr_carea' id='block_1_15' title="bbox 376 1348 1965 1426">
    <p class='ocr_par' dir='ltr' id='par_1_15' title="bbox 376 1348 1965 1426">
     <span class='ocr_line' id='line_1_15' title="bbox 376 1348 1965 1426; baseline 0.003 -22"><span class='ocrx_word' id='word_1_99' title='bbox 376 1349 547 1411; x_wconf 76' lang='grc' dir='ltr'>ἄλλας</span> <span class='ocrx_word' id='word_1_100' title='bbox 581 1348 848 1420; x_wconf 76' lang='grc' dir='ltr'>πατρίδας</span> <span class='ocrx_word' id='word_1_101' title='bbox 879 1349 977 1419; x_wconf 85' lang='grc' dir='ltr'>τὴν</span> <span class='ocrx_word' id='word_1_102' title='bbox 1034 1351 1260 1422; x_wconf 80' lang='grc' dir='ltr'>πορείαν</span> <span class='ocrx_word' id='word_1_103' title='bbox 1308 1351 1618 1407; x_wconf 81' lang='grc' dir='ltr'>στέλλεσθαι</span> <span class='ocrx_word' id='word_1_104' title='bbox 1647 1353 1734 1408; x_wconf 83' lang='grc' dir='ltr'>διὰ</span> <span class='ocrx_word' id='word_1_105' title='bbox 1778 1355 1837 1408; x_wconf 87' lang='grc' dir='ltr'>τὸ</span> <span class='ocrx_word' id='word_1_106' title='bbox 1865 1357 1965 1426; x_wconf 84' lang='grc' dir='ltr'><strong>κή-</strong></span> 
     </span>
    </p>
   </div>
   <div class='ocr_carea' id='block_1_16' title="bbox 316 1436 1965 1514">
    <p class='ocr_par' dir='ltr' id='par_1_16' title="bbox 316 1436 1965 1514">
     <span class='ocr_line' id='line_1_16' title="bbox 316 1436 1965 1514; baseline 0.004 -23"><span class='ocrx_word' id='word_1_107' title='bbox 316 1488 329 1495; x_wconf 88' lang='grc'><strong>,</strong></span> <span class='ocrx_word' id='word_1_108' title='bbox 378 1437 677 1514; x_wconf 81' lang='grc' dir='ltr'>ρυγματσῦ</span> <span class='ocrx_word' id='word_1_109' title='bbox 698 1436 956 1510; x_wconf 82' lang='grc' dir='ltr'>Χριστοῦ,</span> <span class='ocrx_word' id='word_1_110' title='bbox 982 1437 1334 1512; x_wconf 81' lang='grc' dir='ltr'>μὴδύνασθαι</span> <span class='ocrx_word' id='word_1_111' title='bbox 1358 1440 1528 1512; x_wconf 86' lang='grc' dir='ltr'>δὲτὴν</span> <span class='ocrx_word' id='word_1_112' title='bbox 1557 1440 1667 1494; x_wconf 88' lang='grc' dir='ltr'><strong>τῶν</strong></span> <span class='ocrx_word' id='word_1_113' title='bbox 1680 1443 1965 1514; x_wconf 88' lang='grc' dir='ltr'>Ῥωμαίων</span> 
     </span>
    </p>
   </div>
   <div class='ocr_carea' id='block_1_17' title="bbox 377 1526 1965 1604">
    <p class='ocr_par' dir='ltr' id='par_1_17' title="bbox 377 1526 1965 1604">
     <span class='ocr_line' id='line_1_17' title="bbox 377 1526 1965 1604; baseline 0.002 -19"><span class='ocrx_word' id='word_1_114' title='bbox 377 1531 536 1585; x_wconf 75' lang='grc' dir='ltr'>πόλιν</span> <span class='ocrx_word' id='word_1_115' title='bbox 565 1530 695 1585; x_wconf 77' lang='grc' dir='ltr'>ἄνευ</span> <span class='ocrx_word' id='word_1_116' title='bbox 729 1530 1033 1584; x_wconf 74' lang='grc' dir='ltr'>ἐπισκόπου</span> <span class='ocrx_word' id='word_1_117' title='bbox 1069 1526 1229 1586; x_wconf 79' lang='grc' dir='ltr'>εῖναι.</span> <span class='ocrx_word' id='word_1_118' title='bbox 1264 1532 1322 1585; x_wconf 90' lang='grc' dir='ltr'>Ὁ</span> <span class='ocrx_word' id='word_1_119' title='bbox 1357 1532 1455 1603; x_wconf 86' lang='grc' dir='ltr'>μὲν</span> <span class='ocrx_word' id='word_1_120' title='bbox 1486 1532 1593 1604; x_wconf 89' lang='grc' dir='ltr'><strong>γάρ</strong></span> <span class='ocrx_word' id='word_1_121' title='bbox 1617 1534 1828 1598; x_wconf 79' lang='grc' dir='ltr'>Παῦλος</span> <span class='ocrx_word' id='word_1_122' title='bbox 1870 1535 1965 1588; x_wconf 73' lang='grc' dir='ltr'><strong>καὶ</strong></span> 
     </span>
    </p>
   </div>
   <div class='ocr_carea' id='block_1_18' title="bbox 375 1617 1965 1695">
    <p class='ocr_par' dir='ltr' id='par_1_18' title="bbox 375 1617 1965 1695">
     <span class='ocr_line' id='line_1_18' title="bbox 375 1617 1965 1695; baseline 0.001 -20"><span class='ocrx_word' id='word_1_123' title='bbox 375 1623 473 1675; x_wconf 69' lang='grc' dir='ltr'>ἐπὶ</span> <span class='ocrx_word' id='word_1_124' title='bbox 518 1622 619 1692; x_wconf 80' lang='grc' dir='ltr'>τὴν</span> <span class='ocrx_word' id='word_1_125' title='bbox 678 1617 951 1675; x_wconf 80' lang='grc' dir='ltr'>Ἱσπανίαν</span> <span class='ocrx_word' id='word_1_126' title='bbox 984 1620 1096 1691; x_wconf 87' lang='lat'><strong>(88)</strong></span> <span class='ocrx_word' id='word_1_127' title='bbox 1122 1620 1461 1691; x_wconf 88' lang='grc' dir='ltr'>ἀφικνεῖται·</span> <span class='ocrx_word' id='word_1_128' title='bbox 1490 1622 1695 1695; x_wconf 88' lang='grc' dir='ltr'>Πέτρος</span> <span class='ocrx_word' id='word_1_129' title='bbox 1736 1623 1792 1676; x_wconf 86' lang='grc' dir='ltr'>δὲ</span> <span class='ocrx_word' id='word_1_130' title='bbox 1838 1624 1965 1677; x_wconf 85' lang='grc' dir='ltr'>πολ-</span> 
     </span>
    </p>
   </div>
   <div class='ocr_carea' id='block_1_19' title="bbox 2064 447 3645 519">
    <p class='ocr_par' dir='ltr' id='par_1_19' title="bbox 2064 447 3645 519">
     <span class='ocr_line' id='line_1_19' title="bbox 2064 447 3645 519; baseline -0.001 -15"><span class='ocrx_word' id='word_1_131' title='bbox 2064 465 2095 504; x_wconf 90' lang='lat' dir='ltr'><strong>a</strong></span> <span class='ocrx_word' id='word_1_132' title='bbox 2128 447 2289 504; x_wconf 89' lang='lat' dir='ltr'><strong>Petro</strong></span> <span class='ocrx_word' id='word_1_133' title='bbox 2317 457 2692 513; x_wconf 88' lang='lat' dir='ltr'><strong>consecratus,</strong></span> <span class='ocrx_word' id='word_1_134' title='bbox 2725 463 2897 518; x_wconf 87' lang='lat' dir='ltr'><strong>eaque</strong></span> <span class='ocrx_word' id='word_1_135' title='bbox 2939 447 3239 504; x_wconf 86' lang='lat' dir='ltr'><strong>detrectata</strong></span> <span class='ocrx_word' id='word_1_136' title='bbox 3270 447 3552 519; x_wconf 79' lang='lat' dir='ltr'><strong>provincia</strong></span> <span class='ocrx_word' id='word_1_137' title='bbox 3577 449 3645 503; x_wconf 90' lang='lat' dir='ltr'><strong>ab</strong></span> 
     </span>
    </p>
   </div>
   <div class='ocr_carea' id='block_1_20' title="bbox 2063 525 3645 609">
    <p class='ocr_par' dir='ltr' id='par_1_20' title="bbox 2063 525 3645 609">
     <span class='ocr_line' id='line_1_20' title="bbox 2063 525 3645 609; baseline 0 -16"><span class='ocrx_word' id='word_1_138' title='bbox 2063 539 2213 594; x_wconf 90' lang='lat' dir='ltr'><strong>omni</strong></span> <span class='ocrx_word' id='word_1_139' title='bbox 2255 540 2729 596; x_wconf 75' lang='lat' dir='ltr'><strong>administratione</strong></span> <span class='ocrx_word' id='word_1_140' title='bbox 2772 538 3048 593; x_wconf 87' lang='lat' dir='ltr'><strong>vacaverit</strong></span> <span class='ocrx_word' id='word_1_141' title='bbox 3076 537 3175 609; x_wconf 89' lang='lat' dir='ltr'><strong>(ita</strong></span> <span class='ocrx_word' id='word_1_142' title='bbox 3211 539 3357 594; x_wconf 88' lang='lat' dir='ltr'><strong>enim</strong></span> <span class='ocrx_word' id='word_1_143' title='bbox 3421 537 3477 593; x_wconf 94' lang='lat' dir='ltr'><strong>in</strong></span> <span class='ocrx_word' id='word_1_144' title='bbox 3499 525 3645 609; x_wconf 50' lang='lat' dir='ltr'><strong>&#39;qua-</strong></span> 
     </span>
    </p>
   </div>
   <div class='ocr_carea' id='block_1_21' title="bbox 2064 627 3642 701">
    <p class='ocr_par' dir='ltr' id='par_1_21' title="bbox 2064 627 3642 701">
     <span class='ocr_line' id='line_1_21' title="bbox 2064 627 3642 701; baseline -0.001 -16"><span class='ocrx_word' id='word_1_145' title='bbox 2064 629 2191 685; x_wconf 91' lang='lat' dir='ltr'><strong>dam</strong></span> <span class='ocrx_word' id='word_1_146' title='bbox 2232 631 2476 701; x_wconf 80' lang='lat' dir='ltr'><strong>Epistula</strong></span> <span class='ocrx_word' id='word_1_147' title='bbox 2513 631 2775 700; x_wconf 84' lang='lat' dir='ltr'><strong>scripsit:</strong></span> <span class='ocrx_word' id='word_1_148' title='bbox 2813 627 3035 694; x_wconf 79' lang='lat' dir='ltr'><strong>Recedo,</strong></span> <span class='ocrx_word' id='word_1_149' title='bbox 3061 645 3206 698; x_wconf 70' lang='lat' dir='ltr'><strong>exeo,</strong></span> <span class='ocrx_word' id='word_1_150' title='bbox 3232 631 3389 684; x_wconf 78' lang='lat' dir='ltr'><strong>instet</strong></span> <span class='ocrx_word' id='word_1_151' title='bbox 3419 629 3642 701; x_wconf 83' lang='lat' dir='ltr'><strong>populus</strong></span> 
     </span>
    </p>
   </div>
   <div class='ocr_carea' id='block_1_22' title="bbox 2062 718 3639 788">
    <p class='ocr_par' dir='ltr' id='par_1_22' title="bbox 2062 718 3639 788">
     <span class='ocr_line' id='line_1_22' title="bbox 2062 718 3639 788; baseline 0 -14"><span class='ocrx_word' id='word_1_152' title='bbox 2062 718 2182 788; x_wconf 77' lang='lat' dir='ltr'><strong>Dei,</strong></span> <span class='ocrx_word' id='word_1_153' title='bbox 2215 722 2494 777; x_wconf 88' lang='lat' dir='ltr'><strong>nonnullis</strong></span> <span class='ocrx_word' id='word_1_154' title='bbox 2522 720 2777 776; x_wconf 81' lang='lat' dir='ltr'><strong>videlicet</strong></span> <span class='ocrx_word' id='word_1_155' title='bbox 2819 720 2924 776; x_wconf 87' lang='lat' dir='ltr'><strong>hoc</strong></span> <span class='ocrx_word' id='word_1_156' title='bbox 2955 719 3119 775; x_wconf 87' lang='lat' dir='ltr'><strong>modo</strong></span> <span class='ocrx_word' id='word_1_157' title='bbox 3151 722 3479 788; x_wconf 86' lang='lat' dir='ltr'><strong>consulens;</strong></span> <span class='ocrx_word' id='word_1_158' title='bbox 3511 736 3639 775; x_wconf 88' lang='lat' dir='ltr'><strong>nam</strong></span> 
     </span>
    </p>
   </div>
   <div class='ocr_carea' id='block_1_23' title="bbox 2063 809 3639 884">
    <p class='ocr_par' dir='ltr' id='par_1_23' title="bbox 2063 809 3639 884">
     <span class='ocr_line' id='line_1_23' title="bbox 2063 809 3639 884; baseline -0.001 -18"><span class='ocrx_word' id='word_1_159' title='bbox 2063 812 2119 866; x_wconf 91' lang='lat' dir='ltr'><strong>in</strong></span> <span class='ocrx_word' id='word_1_160' title='bbox 2139 810 2470 884; x_wconf 83' lang='lat' dir='ltr'><strong>quibusdam</strong></span> <span class='ocrx_word' id='word_1_161' title='bbox 2489 810 2897 865; x_wconf 88' lang='lat' dir='ltr'><strong>commentariis</strong></span> <span class='ocrx_word' id='word_1_162' title='bbox 2911 810 2984 864; x_wconf 93' lang='lat' dir='ltr'><strong>ita</strong></span> <span class='ocrx_word' id='word_1_163' title='bbox 3001 810 3265 879; x_wconf 86' lang='lat' dir='ltr'><strong>scriptum</strong></span> <span class='ocrx_word' id='word_1_164' title='bbox 3290 809 3639 879; x_wconf 87' lang='lat' dir='ltr'><strong>reperimus),</strong></span> 
     </span>
    </p>
   </div>
   <div class='ocr_carea' id='block_1_24' title="bbox 2066 897 3643 972">
    <p class='ocr_par' dir='ltr' id='par_1_24' title="bbox 2066 897 3643 972">
     <span class='ocr_line' id='line_1_24' title="bbox 2066 897 3643 972; baseline -0.003 -16"><span class='ocrx_word' id='word_1_165' title='bbox 2066 916 2134 956; x_wconf 92' lang='lat' dir='ltr'><strong>an</strong></span> <span class='ocrx_word' id='word_1_166' title='bbox 2168 902 2350 972; x_wconf 88' lang='lat' dir='ltr'><strong>potius</strong></span> <span class='ocrx_word' id='word_1_167' title='bbox 2381 901 2683 957; x_wconf 87' lang='lat' dir='ltr'><strong>secundum</strong></span> <span class='ocrx_word' id='word_1_168' title='bbox 2711 900 2988 971; x_wconf 88' lang='lat' dir='ltr'><strong>apostolos</strong></span> <span class='ocrx_word' id='word_1_169' title='bbox 3017 899 3085 954; x_wconf 90' lang='lat' dir='ltr'><strong>ab</strong></span> <span class='ocrx_word' id='word_1_170' title='bbox 3108 900 3365 969; x_wconf 86' lang='lat' dir='ltr'><strong>episcopo</strong></span> <span class='ocrx_word' id='word_1_171' title='bbox 3389 897 3542 953; x_wconf 89' lang='lat' dir='ltr'><strong>Cleto</strong></span> <span class='ocrx_word' id='word_1_172' title='bbox 3569 897 3643 954; x_wconf 88' lang='lat' dir='ltr'><strong>sit</strong></span> 
     </span>
    </p>
   </div>
   <div class='ocr_carea' id='block_1_25' title="bbox 2065 989 3640 1061">
    <p class='ocr_par' dir='ltr' id='par_1_25' title="bbox 2065 989 3640 1061">
     <span class='ocr_line' id='line_1_25' title="bbox 2065 989 3640 1061; baseline -0.003 -15"><span class='ocrx_word' id='word_1_173' title='bbox 2065 993 2426 1056; x_wconf 89' lang='lat' dir='ltr'><strong>constitutus,</strong></span> <span class='ocrx_word' id='word_1_174' title='bbox 2460 991 2669 1061; x_wconf 86' lang='lat' dir='ltr'><strong>liquido</strong></span> <span class='ocrx_word' id='word_1_175' title='bbox 2691 1007 2802 1046; x_wconf 87' lang='lat' dir='ltr'><strong>non</strong></span> <span class='ocrx_word' id='word_1_176' title='bbox 2822 997 3056 1047; x_wconf 82' lang='lat' dir='ltr'><strong>constat.</strong></span> <span class='ocrx_word' id='word_1_177' title='bbox 3086 989 3410 1060; x_wconf 82' lang='lat' dir='ltr'><strong>Quanquam</strong></span> <span class='ocrx_word' id='word_1_178' title='bbox 3436 990 3519 1044; x_wconf 90' lang='lat' dir='ltr'><strong>vel</strong></span> <span class='ocrx_word' id='word_1_179' title='bbox 3534 990 3640 1043; x_wconf 89' lang='lat' dir='ltr'><strong>hac</strong></span> 
     </span>
    </p>
   </div>
   <div class='ocr_carea' id='block_1_26' title="bbox 2066 1078 3637 1153">
    <p class='ocr_par' dir='ltr' id='par_1_26' title="bbox 2066 1078 3637 1153">
     <span class='ocr_line' id='line_1_26' title="bbox 2066 1078 3637 1153; baseline -0.003 -16"><span class='ocrx_word' id='word_1_180' title='bbox 2066 1082 2283 1153; x_wconf 88' lang='lat' dir='ltr'><strong>quidem</strong></span> <span class='ocrx_word' id='word_1_181' title='bbox 2303 1085 2514 1138; x_wconf 83' lang='lat' dir='ltr'><strong>ratione</strong></span> <span class='ocrx_word' id='word_1_182' title='bbox 2536 1088 2791 1153; x_wconf 83' lang='lat' dir='ltr'><strong>poterant</strong></span> <span class='ocrx_word' id='word_1_183' title='bbox 2810 1081 3121 1137; x_wconf 75' lang='lat' dir='ltr'><strong>virentibus</strong></span> <span class='ocrx_word' id='word_1_184' title='bbox 3154 1080 3333 1135; x_wconf 87' lang='lat' dir='ltr'><strong>adhuc</strong></span> <span class='ocrx_word' id='word_1_185' title='bbox 3355 1078 3637 1148; x_wconf 79' lang='lat' dir='ltr'><strong>apostolis,</strong></span> 
     </span>
    </p>
   </div>
   <div class='ocr_carea' id='block_1_27' title="bbox 2065 1168 3641 1245">
    <p class='ocr_par' dir='ltr' id='par_1_27' title="bbox 2065 1168 3641 1245">
     <span class='ocr_line' id='line_1_27' title="bbox 2065 1168 3641 1245; baseline -0.002 -18"><span class='ocrx_word' id='word_1_186' title='bbox 2065 1172 2225 1228; x_wconf 88' lang='lat' dir='ltr'><strong>Petro</strong></span> <span class='ocrx_word' id='word_1_187' title='bbox 2251 1173 2461 1230; x_wconf 88' lang='lat' dir='ltr'><strong>scilicet</strong></span> <span class='ocrx_word' id='word_1_188' title='bbox 2491 1189 2556 1229; x_wconf 89' lang='lat' dir='ltr'><strong>ac</strong></span> <span class='ocrx_word' id='word_1_189' title='bbox 2576 1171 2746 1229; x_wconf 88' lang='lat' dir='ltr'><strong>Paulo</strong></span> <span class='ocrx_word' id='word_1_190' title='bbox 2768 1174 3011 1245; x_wconf 90' lang='lat' dir='ltr'><strong>episcopi</strong></span> <span class='ocrx_word' id='word_1_191' title='bbox 3030 1173 3120 1227; x_wconf 84' lang='lat' dir='ltr'><strong>alii</strong></span> <span class='ocrx_word' id='word_1_192' title='bbox 3151 1170 3467 1242; x_wconf 71' lang='lat' dir='ltr'><strong>subrogari;</strong></span> <span class='ocrx_word' id='word_1_193' title='bbox 3494 1168 3641 1239; x_wconf 88' lang='lat' dir='ltr'><strong>quod</strong></span> 
     </span>
    </p>
   </div>
   <div class='ocr_carea' id='block_1_28' title="bbox 2063 1260 3640 1336">
    <p class='ocr_par' dir='ltr' id='par_1_28' title="bbox 2063 1260 3640 1336">
     <span class='ocr_line' id='line_1_28' title="bbox 2063 1260 3640 1336; baseline -0.001 -18"><span class='ocrx_word' id='word_1_194' title='bbox 2063 1263 2227 1319; x_wconf 90' lang='lat' dir='ltr'><strong>iidem</strong></span> <span class='ocrx_word' id='word_1_195' title='bbox 2258 1263 2335 1318; x_wconf 90' lang='lat' dir='ltr'><strong>illi</strong></span> <span class='ocrx_word' id='word_1_196' title='bbox 2365 1263 2691 1334; x_wconf 71' lang='lat' dir='ltr'><strong>praedicandi</strong></span> <span class='ocrx_word' id='word_1_197' title='bbox 2712 1263 2987 1336; x_wconf 78' lang='lat' dir='ltr'><strong>Evangelii</strong></span> <span class='ocrx_word' id='word_1_198' title='bbox 3023 1263 3192 1335; x_wconf 89' lang='lat' dir='ltr'><strong>gratia</strong></span> <span class='ocrx_word' id='word_1_199' title='bbox 3223 1262 3278 1315; x_wconf 94' lang='lat' dir='ltr'><strong>in</strong></span> <span class='ocrx_word' id='word_1_200' title='bbox 3306 1262 3443 1316; x_wconf 82' lang='lat' dir='ltr'><strong>alias</strong></span> <span class='ocrx_word' id='word_1_201' title='bbox 3477 1260 3640 1317; x_wconf 82' lang='lat' dir='ltr'><strong>urbes</strong></span> 
     </span>
    </p>
   </div>
   <div class='ocr_carea' id='block_1_29' title="bbox 2065 1353 3639 1425">
    <p class='ocr_par' dir='ltr' id='par_1_29' title="bbox 2065 1353 3639 1425">
     <span class='ocr_line' id='line_1_29' title="bbox 2065 1353 3639 1425; baseline -0.004 -16"><span class='ocrx_word' id='word_1_202' title='bbox 2065 1355 2423 1424; x_wconf 78' lang='lat' dir='ltr'><strong>regionesque</strong></span> <span class='ocrx_word' id='word_1_203' title='bbox 2449 1353 2847 1425; x_wconf 84' lang='lat' dir='ltr'><strong>profectionem</strong></span> <span class='ocrx_word' id='word_1_204' title='bbox 2870 1353 3434 1423; x_wconf 87' lang='lat' dir='ltr'><strong>susciperent,carere</strong></span> <span class='ocrx_word' id='word_1_205' title='bbox 3458 1357 3639 1403; x_wconf 75' lang='lat' dir='ltr'><strong>autem</strong></span> 
     </span>
    </p>
   </div>
   <div class='ocr_carea' id='block_1_30' title="bbox 2064 1437 3636 1514">
    <p class='ocr_par' dir='ltr' id='par_1_30' title="bbox 2064 1437 3636 1514">
     <span class='ocr_line' id='line_1_30' title="bbox 2064 1437 3636 1514; baseline -0.004 -17"><span class='ocrx_word' id='word_1_206' title='bbox 2064 1444 2322 1514; x_wconf 88' lang='lat' dir='ltr'><strong>episcopo</strong></span> <span class='ocrx_word' id='word_1_207' title='bbox 2354 1442 2527 1498; x_wconf 78' lang='lat' dir='ltr'><strong>Roma</strong></span> <span class='ocrx_word' id='word_1_208' title='bbox 2581 1458 2693 1498; x_wconf 91' lang='lat' dir='ltr'><strong>non</strong></span> <span class='ocrx_word' id='word_1_209' title='bbox 2733 1449 2924 1514; x_wconf 87' lang='lat' dir='ltr'><strong>posset</strong></span> <span class='ocrx_word' id='word_1_210' title='bbox 2953 1460 2966 1496; x_wconf 89' lang='lat'>:</span> <span class='ocrx_word' id='word_1_211' title='bbox 2995 1440 3266 1511; x_wconf 86' lang='lat' dir='ltr'><strong>siquidem</strong></span> <span class='ocrx_word' id='word_1_212' title='bbox 3329 1437 3534 1493; x_wconf 88' lang='lat' dir='ltr'><strong>Paulus</strong></span> <span class='ocrx_word' id='word_1_213' title='bbox 3583 1437 3636 1490; x_wconf 89' lang='lat' dir='ltr'><strong>in</strong></span> 
     </span>
    </p>
   </div>
   <div class='ocr_carea' id='block_1_31' title="bbox 2067 1526 3639 1605">
    <p class='ocr_par' dir='ltr' id='par_1_31' title="bbox 2067 1526 3639 1605">
     <span class='ocr_line' id='line_1_31' title="bbox 2067 1526 3639 1605; baseline -0.005 -18"><span class='ocrx_word' id='word_1_214' title='bbox 2067 1532 2384 1604; x_wconf 82' lang='lat' dir='ltr'><strong>Hispaniam</strong></span> <span class='ocrx_word' id='word_1_215' title='bbox 2448 1534 2728 1605; x_wconf 84' lang='lat' dir='ltr'><strong>pervenit;</strong></span> <span class='ocrx_word' id='word_1_216' title='bbox 2775 1533 2969 1589; x_wconf 87' lang='lat' dir='ltr'><strong>Petrus</strong></span> <span class='ocrx_word' id='word_1_217' title='bbox 3013 1546 3143 1586; x_wconf 84' lang='lat' dir='ltr'><strong>vero</strong></span> <span class='ocrx_word' id='word_1_218' title='bbox 3179 1530 3414 1584; x_wconf 84' lang='lat' dir='ltr'><strong>Pontum</strong></span> <span class='ocrx_word' id='word_1_219' title='bbox 3447 1542 3512 1583; x_wconf 90' lang='lat' dir='ltr'><strong>ac</strong></span> <span class='ocrx_word' id='word_1_220' title='bbox 3544 1526 3639 1581; x_wconf 86' lang='lat' dir='ltr'><strong>Bi-</strong></span> 
     </span>
    </p>
   </div>
   <div class='ocr_carea' id='block_1_32' title="bbox 2066 1616 3638 1694">
    <p class='ocr_par' dir='ltr' id='par_1_32' title="bbox 2066 1616 3638 1694">
     <span class='ocr_line' id='line_1_32' title="bbox 2066 1616 3638 1694; baseline -0.006 -17"><span class='ocrx_word' id='word_1_221' title='bbox 2066 1624 2307 1694; x_wconf 83' lang='lat' dir='ltr'><strong>thyniam</strong></span> <span class='ocrx_word' id='word_1_222' title='bbox 2332 1637 2706 1693; x_wconf 83' lang='lat' dir='ltr'><strong>saepenumero</strong></span> <span class='ocrx_word' id='word_1_223' title='bbox 2747 1620 3077 1692; x_wconf 75' lang='lat' dir='ltr'><strong>peragravit.</strong></span> <span class='ocrx_word' id='word_1_224' title='bbox 3119 1620 3197 1672; x_wconf 85' lang='lat' dir='ltr'><strong>Ac</strong></span> <span class='ocrx_word' id='word_1_225' title='bbox 3230 1616 3345 1671; x_wconf 75' lang='lat' dir='ltr'><strong>ﬁeri</strong></span> <span class='ocrx_word' id='word_1_226' title='bbox 3379 1628 3510 1670; x_wconf 86' lang='lat' dir='ltr'><strong>sane</strong></span> <span class='ocrx_word' id='word_1_227' title='bbox 3538 1627 3638 1683; x_wconf 70' lang='lat' dir='ltr'><strong>pe-</strong></span> 
     </span>
    </p>
   </div>
   <div class='ocr_carea' id='block_1_33' title="bbox 375 1689 1969 1785">
    <p class='ocr_par' dir='ltr' id='par_1_33' title="bbox 375 1689 1964 1785">
     <span class='ocr_line' id='line_1_33' title="bbox 375 1689 1964 1785; baseline 0.001 -20"><span class='ocrx_word' id='word_1_228' title='bbox 375 1712 538 1775; x_wconf 81' lang='grc' dir='ltr'>).άκις</span> <span class='ocrx_word' id='word_1_229' title='bbox 564 1689 766 1765; x_wconf 85' lang='grc' dir='ltr'>Πόντον</span> <span class='ocrx_word' id='word_1_230' title='bbox 794 1727 853 1763; x_wconf 90' lang='grc' dir='ltr'><strong>τε</strong></span> <span class='ocrx_word' id='word_1_231' title='bbox 877 1709 971 1764; x_wconf 77' lang='grc' dir='ltr'><strong>καὶ</strong></span> <span class='ocrx_word' id='word_1_232' title='bbox 998 1689 1251 1766; x_wconf 81' lang='grc' dir='ltr'>Βιθυνίαν</span> <span class='ocrx_word' id='word_1_233' title='bbox 1281 1689 1640 1782; x_wconf 73' lang='grc' dir='ltr'>ἐπεσκέψατο.</span> <span class='ocrx_word' id='word_1_234' title='bbox 1680 1713 1964 1785; x_wconf 85' lang='grc' dir='ltr'>Ἐνεχώρει</span> 
     </span>
    </p>
   </div>
   <div class='ocr_carea' id='block_1_34' title="bbox 2073 1689 3636 1785">
    <p class='ocr_par' dir='ltr' id='par_1_34' title="bbox 2073 1689 3636 1783">
     <span class='ocr_line' id='line_1_34' title="bbox 2073 1689 3636 1783; baseline -0.007 -16"><span class='ocrx_word' id='word_1_235' title='bbox 2073 1689 2192 1777; x_wconf 79' lang='lat' dir='ltr'><strong>iuit,</strong></span> <span class='ocrx_word' id='word_1_236' title='bbox 2219 1721 2279 1768; x_wconf 92' lang='lat' dir='ltr'><strong>ut</strong></span> <span class='ocrx_word' id='word_1_237' title='bbox 2306 1689 2542 1783; x_wconf 81' lang='lat' dir='ltr'><strong>primum</strong></span> <span class='ocrx_word' id='word_1_238' title='bbox 2571 1689 2851 1767; x_wconf 76' lang='lat' dir='ltr'><strong>Clemente</strong></span> <span class='ocrx_word' id='word_1_239' title='bbox 2888 1689 3226 1773; x_wconf 68' lang='lat' dir='ltr'><strong>constituto,</strong></span> <span class='ocrx_word' id='word_1_240' title='bbox 3249 1720 3372 1761; x_wconf 88' lang='lat' dir='ltr'><strong>cum</strong></span> <span class='ocrx_word' id='word_1_241' title='bbox 3408 1705 3455 1759; x_wconf 87' lang='lat' dir='ltr'><strong>is</strong></span> <span class='ocrx_word' id='word_1_242' title='bbox 3478 1703 3636 1758; x_wconf 80' lang='lat' dir='ltr'><strong>defu-</strong></span> 
     </span>
    </p>
   </div>
   <div class='ocr_carea' id='block_1_35' title="bbox 375 1801 1962 1877">
    <p class='ocr_par' dir='ltr' id='par_1_35' title="bbox 375 1801 1962 1877">
     <span class='ocr_line' id='line_1_35' title="bbox 375 1801 1962 1877; baseline 0.001 -20"><span class='ocrx_word' id='word_1_243' title='bbox 375 1803 437 1857; x_wconf 83' lang='grc' dir='ltr'><strong>δέ</strong></span> <span class='ocrx_word' id='word_1_244' title='bbox 467 1802 608 1875; x_wconf 86' lang='grc' dir='ltr'><strong>μετά</strong></span> <span class='ocrx_word' id='word_1_245' title='bbox 643 1801 706 1855; x_wconf 82' lang='grc' dir='ltr'>τὸ</span> <span class='ocrx_word' id='word_1_246' title='bbox 753 1801 1161 1873; x_wconf 82' lang='grc' dir='ltr'>κατασταθῆναι</span> <span class='ocrx_word' id='word_1_247' title='bbox 1191 1804 1507 1875; x_wconf 83' lang='grc' dir='ltr'>Κλήμεντα,</span> <span class='ocrx_word' id='word_1_248' title='bbox 1550 1806 1644 1859; x_wconf 75' lang='grc' dir='ltr'>καὶ</span> <span class='ocrx_word' id='word_1_249' title='bbox 1691 1807 1962 1877; x_wconf 81' lang='grc' dir='ltr'>παραιτή-</span> 
     </span>
    </p>
   </div>
   <div class='ocr_carea' id='block_1_36' title="bbox 381 1891 1962 1967">
    <p class='ocr_par' dir='ltr' id='par_1_36' title="bbox 381 1891 1962 1967">
     <span class='ocr_line' id='line_1_36' title="bbox 381 1891 1962 1967; baseline -0.004 -19"><span class='ocrx_word' id='word_1_250' title='bbox 381 1894 581 1948; x_wconf 87' lang='grc' dir='ltr'>σασθαι</span> <span class='ocrx_word' id='word_1_251' title='bbox 622 1893 759 1963; x_wconf 86' lang='grc' dir='ltr'>(εῐγε</span> <span class='ocrx_word' id='word_1_252' title='bbox 808 1891 981 1956; x_wconf 78' lang='grc' dir='ltr'>οὕτως</span> <span class='ocrx_word' id='word_1_253' title='bbox 1029 1894 1278 1965; x_wconf 76' lang='grc' dir='ltr'>ἐπράχθη</span> <span class='ocrx_word' id='word_1_254' title='bbox 1303 1911 1317 1925; x_wconf 91' lang='grc'><strong>·</strong></span> <span class='ocrx_word' id='word_1_255' title='bbox 1347 1894 1665 1965; x_wconf 85' lang='grc' dir='ltr'>διανοοῦμαι</span> <span class='ocrx_word' id='word_1_256' title='bbox 1704 1894 1832 1967; x_wconf 83' lang='grc' dir='ltr'>γὰρ,</span> <span class='ocrx_word' id='word_1_257' title='bbox 1864 1897 1962 1967; x_wconf 78' lang='grc' dir='ltr'><strong>οὐχ</strong></span> 
     </span>
    </p>
   </div>
   <div class='ocr_carea' id='block_1_37' title="bbox 375 1982 1962 2057">
    <p class='ocr_par' dir='ltr' id='par_1_37' title="bbox 375 1982 1962 2057">
     <span class='ocr_line' id='line_1_37' title="bbox 375 1982 1962 2057; baseline 0 -17"><span class='ocrx_word' id='word_1_258' title='bbox 375 1982 694 2056; x_wconf 63' lang='grc' dir='ltr'>ὁρίζομαι),</span> <span class='ocrx_word' id='word_1_259' title='bbox 726 1982 953 2054; x_wconf 79' lang='grc' dir='ltr'>ὕστερον</span> <span class='ocrx_word' id='word_1_260' title='bbox 981 1984 1118 2055; x_wconf 89' lang='grc' dir='ltr'><strong>μετά</strong></span> <span class='ocrx_word' id='word_1_261' title='bbox 1146 1985 1208 2041; x_wconf 79' lang='grc' dir='ltr'>τὸ</span> <span class='ocrx_word' id='word_1_262' title='bbox 1224 1987 1665 2057; x_wconf 78' lang='grc' dir='ltr'>τετελευτηκέναι</span> <span class='ocrx_word' id='word_1_263' title='bbox 1692 1989 1849 2041; x_wconf 85' lang='grc' dir='ltr'>Αἶνον</span> <span class='ocrx_word' id='word_1_264' title='bbox 1870 1989 1962 2040; x_wconf 78' lang='grc' dir='ltr'>καὶ</span> 
     </span>
    </p>
   </div>
   <div class='ocr_carea' id='block_1_38' title="bbox 379 2072 1959 2148">
    <p class='ocr_par' dir='ltr' id='par_1_38' title="bbox 379 2072 1959 2148">
     <span class='ocr_line' id='line_1_38' title="bbox 379 2072 1959 2148; baseline 0.003 -22"><span class='ocrx_word' id='word_1_265' title='bbox 379 2073 597 2143; x_wconf 80' lang='grc' dir='ltr'>Κλῆτον</span> <span class='ocrx_word' id='word_1_266' title='bbox 646 2072 1148 2137; x_wconf 85' lang='grc' dir='ltr'>ἐπισκοπεύσαντας</span> <span class='ocrx_word' id='word_1_267' title='bbox 1211 2074 1349 2146; x_wconf 86' lang='grc' dir='ltr'>πρὸς</span> <span class='ocrx_word' id='word_1_268' title='bbox 1400 2074 1628 2129; x_wconf 77' lang='grc' dir='ltr'>δεκαδύο</span> <span class='ocrx_word' id='word_1_269' title='bbox 1684 2075 1778 2148; x_wconf 77' lang='grc' dir='ltr'><strong>ἐτη</strong></span> <span class='ocrx_word' id='word_1_270' title='bbox 1829 2076 1959 2147; x_wconf 79' lang='grc'>(89),</span> 
     </span>
    </p>
   </div>
   <div class='ocr_carea' id='block_1_39' title="bbox 380 2164 1961 2239">
    <p class='ocr_par' dir='ltr' id='par_1_39' title="bbox 380 2164 1961 2239">
     <span class='ocr_line' id='line_1_39' title="bbox 380 2164 1961 2239; baseline 0.002 -21"><span class='ocrx_word' id='word_1_271' title='bbox 380 2164 612 2219; x_wconf 76' lang='grc' dir='ltr'>ῑκαστον</span> <span class='ocrx_word' id='word_1_272' title='bbox 639 2166 780 2237; x_wconf 87' lang='grc' dir='ltr'><strong>μετά</strong></span> <span class='ocrx_word' id='word_1_273' title='bbox 807 2167 909 2237; x_wconf 80' lang='grc' dir='ltr'><strong>τὴν</strong></span> <span class='ocrx_word' id='word_1_274' title='bbox 932 2164 1029 2219; x_wconf 86' lang='grc' dir='ltr'><strong>τοῦ</strong></span> <span class='ocrx_word' id='word_1_275' title='bbox 1070 2165 1227 2236; x_wconf 82' lang='grc' dir='ltr'>ἁγίου</span> <span class='ocrx_word' id='word_1_276' title='bbox 1263 2167 1472 2239; x_wconf 84' lang='grc' dir='ltr'>Πέτρου</span> <span class='ocrx_word' id='word_1_277' title='bbox 1507 2168 1601 2222; x_wconf 77' lang='grc' dir='ltr'>καὶ</span> <span class='ocrx_word' id='word_1_278' title='bbox 1628 2169 1841 2224; x_wconf 84' lang='grc' dir='ltr'>Παύλου</span> <span class='ocrx_word' id='word_1_279' title='bbox 1869 2186 1961 2221; x_wconf 85' lang='grc' dir='ltr'>τε·</span> 
     </span>
    </p>
   </div>
   <div class='ocr_carea' id='block_1_40' title="bbox 381 2255 1963 2330">
    <p class='ocr_par' dir='ltr' id='par_1_40' title="bbox 381 2255 1963 2330">
     <span class='ocr_line' id='line_1_40' title="bbox 381 2255 1963 2330; baseline 0.002 -21"><span class='ocrx_word' id='word_1_280' title='bbox 381 2255 600 2329; x_wconf 77' lang='grc' dir='ltr'>λευτην,</span> <span class='ocrx_word' id='word_1_281' title='bbox 629 2255 728 2327; x_wconf 81' lang='grc' dir='ltr'>τὴν</span> <span class='ocrx_word' id='word_1_282' title='bbox 754 2258 846 2310; x_wconf 72' lang='grc' dir='ltr'><strong>ἐπὶ</strong></span> <span class='ocrx_word' id='word_1_283' title='bbox 870 2257 948 2327; x_wconf 84' lang='grc' dir='ltr'><strong>τῷ</strong></span> <span class='ocrx_word' id='word_1_284' title='bbox 963 2256 1250 2328; x_wconf 83' lang='grc' dir='ltr'><strong>δωδεκάτῳ</strong></span> <span class='ocrx_word' id='word_1_285' title='bbox 1269 2257 1378 2311; x_wconf 76' lang='grc' dir='ltr'>ἔτει</span> <span class='ocrx_word' id='word_1_286' title='bbox 1408 2257 1518 2330; x_wconf 87' lang='grc'><strong>(90)</strong></span> <span class='ocrx_word' id='word_1_287' title='bbox 1540 2259 1791 2329; x_wconf 82' lang='grc' dir='ltr'>Νέρωνος</span> <span class='ocrx_word' id='word_1_288' title='bbox 1816 2275 1963 2328; x_wconf 91' lang='grc' dir='ltr'>γενο-</span> 
     </span>
    </p>
   </div>
   <div class='ocr_carea' id='block_1_41' title="bbox 383 2344 1962 2423">
    <p class='ocr_par' dir='ltr' id='par_1_41' title="bbox 383 2344 1962 2423">
     <span class='ocr_line' id='line_1_41' title="bbox 383 2344 1962 2423; baseline 0.002 -22"><span class='ocrx_word' id='word_1_289' title='bbox 383 2347 577 2418; x_wconf 78' lang='grc' dir='ltr'>μένην,</span> <span class='ocrx_word' id='word_1_290' title='bbox 635 2346 823 2401; x_wconf 83' lang='grc' dir='ltr'>τοῦτον</span> <span class='ocrx_word' id='word_1_291' title='bbox 880 2344 1036 2413; x_wconf 84' lang='grc' dir='ltr'>αὖθις</span> <span class='ocrx_word' id='word_1_292' title='bbox 1091 2350 1501 2420; x_wconf 81' lang='grc' dir='ltr'>ἀναγκασθῆναι</span> <span class='ocrx_word' id='word_1_293' title='bbox 1529 2350 1625 2421; x_wconf 79' lang='grc' dir='ltr'><strong>τὴν</strong></span> <span class='ocrx_word' id='word_1_294' title='bbox 1659 2351 1962 2423; x_wconf 72' lang='grc' dir='ltr'>ἐπισκοπὴν</span> 
     </span>
    </p>
   </div>
   <div class='ocr_carea' id='block_1_42' title="bbox 383 2439 1964 2513">
    <p class='ocr_par' dir='ltr' id='par_1_42' title="bbox 383 2439 1964 2513">
     <span class='ocr_line' id='line_1_42' title="bbox 383 2439 1964 2513; baseline 0.003 -23"><span class='ocrx_word' id='word_1_295' title='bbox 383 2440 897 2509; x_wconf 81' lang='grc' dir='ltr'>κατασχεῖν.”ομως</span> <span class='ocrx_word' id='word_1_296' title='bbox 929 2440 962 2510; x_wconf 76' lang='grc' dir='ltr'>ἡ</span> <span class='ocrx_word' id='word_1_297' title='bbox 994 2439 1102 2494; x_wconf 88' lang='grc' dir='ltr'><strong>τῶν</strong></span> <span class='ocrx_word' id='word_1_298' title='bbox 1130 2441 1187 2493; x_wconf 84' lang='grc' dir='ltr'><strong>ἐν</strong></span> <span class='ocrx_word' id='word_1_299' title='bbox 1216 2439 1399 2511; x_wconf 85' lang='grc' dir='ltr'>Ῥώμη</span> <span class='ocrx_word' id='word_1_300' title='bbox 1417 2441 1728 2495; x_wconf 86' lang='grc' dir='ltr'>ἐπισκόπων</span> <span class='ocrx_word' id='word_1_301' title='bbox 1747 2441 1964 2513; x_wconf 81' lang='grc' dir='ltr'>διαδοχὴ</span> 
     </span>
    </p>
   </div>
   <div class='ocr_carea' id='block_1_43' title="bbox 382 2527 1962 2603">
    <p class='ocr_par' dir='ltr' id='par_1_43' title="bbox 382 2527 1962 2603">
     <span class='ocr_line' id='line_1_43' title="bbox 382 2527 1962 2603; baseline 0.002 -22"><span class='ocrx_word' id='word_1_302' title='bbox 382 2527 593 2599; x_wconf 82' lang='grc' dir='ltr'>ταύτην</span> <span class='ocrx_word' id='word_1_303' title='bbox 644 2528 757 2598; x_wconf 76' lang='grc' dir='ltr'>ἔχει</span> <span class='ocrx_word' id='word_1_304' title='bbox 806 2529 906 2600; x_wconf 80' lang='grc' dir='ltr'>τὴν</span> <span class='ocrx_word' id='word_1_305' title='bbox 961 2529 1281 2585; x_wconf 85' lang='grc' dir='ltr'>ἀκολουθίαν</span> <span class='ocrx_word' id='word_1_306' title='bbox 1303 2546 1316 2560; x_wconf 80' lang='lat'><strong><em>°</em></strong></span> <span class='ocrx_word' id='word_1_307' title='bbox 1363 2531 1568 2603; x_wconf 80' lang='grc' dir='ltr'>Πέτρος</span> <span class='ocrx_word' id='word_1_308' title='bbox 1606 2533 1700 2585; x_wconf 79' lang='grc' dir='ltr'><strong>καὶ</strong></span> <span class='ocrx_word' id='word_1_309' title='bbox 1730 2531 1962 2598; x_wconf 82' lang='grc' dir='ltr'>Παῦλος,</span> 
     </span>
    </p>
   </div>
   <div class='ocr_carea' id='block_1_44' title="bbox 383 2619 1962 2694">
    <p class='ocr_par' dir='ltr' id='par_1_44' title="bbox 383 2619 1962 2694">
     <span class='ocr_line' id='line_1_44' title="bbox 383 2619 1962 2694; baseline 0.004 -22"><span class='ocrx_word' id='word_1_310' title='bbox 383 2620 542 2682; x_wconf 81' lang='grc' dir='ltr'>Δῖνος</span> <span class='ocrx_word' id='word_1_311' title='bbox 569 2620 663 2672; x_wconf 71' lang='grc' dir='ltr'><strong>καὶ</strong></span> <span class='ocrx_word' id='word_1_312' title='bbox 694 2619 926 2690; x_wconf 83' lang='grc' dir='ltr'>Κλῆτος,</span> <span class='ocrx_word' id='word_1_313' title='bbox 952 2620 1203 2692; x_wconf 76' lang='grc' dir='ltr'>Κλήμης,</span> <span class='ocrx_word' id='word_1_314' title='bbox 1229 2622 1558 2693; x_wconf 83' lang='grc' dir='ltr'>Εὐάρεστος,</span> <span class='ocrx_word' id='word_1_315' title='bbox 1598 2622 1962 2694; x_wconf 80' lang='grc' dir='ltr'>Ἀλέξανδρος,</span> 
     </span>
    </p>
   </div>
   <div class='ocr_carea' id='block_1_45' title="bbox 384 2705 1968 2782">
    <p class='ocr_par' dir='ltr' id='par_1_45' title="bbox 384 2705 1968 2782">
     <span class='ocr_line' id='line_1_45' title="bbox 384 2705 1968 2782; baseline 0.004 -23"><span class='ocrx_word' id='word_1_316' title='bbox 384 2705 611 2773; x_wconf 83' lang='grc' dir='ltr'>Ξύστος,</span> <span class='ocrx_word' id='word_1_317' title='bbox 643 2707 996 2780; x_wconf 84' lang='grc' dir='ltr'>Τελέσφορος,</span> <span class='ocrx_word' id='word_1_318' title='bbox 1024 2710 1353 2782; x_wconf 74' lang='grc' dir='ltr'>Εὐάρεστος,</span> <span class='ocrx_word' id='word_1_319' title='bbox 1388 2712 1619 2781; x_wconf 83' lang='grc' dir='ltr'>Ὑγῖνος,</span> <span class='ocrx_word' id='word_1_320' title='bbox 1643 2712 1792 2780; x_wconf 80' lang='grc' dir='ltr'>Πῖος,</span> <span class='ocrx_word' id='word_1_321' title='bbox 1826 2712 1968 2766; x_wconf 86' lang='grc' dir='ltr'>Ἀνί-</span> 
     </span>
    </p>
   </div>
   <div class='ocr_carea' id='block_1_46' title="bbox 386 2797 1813 2875">
    <p class='ocr_par' dir='ltr' id='par_1_46' title="bbox 386 2797 1813 2875">
     <span class='ocr_line' id='line_1_46' title="bbox 386 2797 1813 2875; baseline 0.005 -26"><span class='ocrx_word' id='word_1_322' title='bbox 386 2813 574 2867; x_wconf 86' lang='grc' dir='ltr'>κητος,</span> <span class='ocrx_word' id='word_1_323' title='bbox 609 2798 637 2851; x_wconf 91' lang='grc' dir='ltr'><strong>ό</strong></span> <span class='ocrx_word' id='word_1_324' title='bbox 660 2797 773 2852; x_wconf 79' lang='grc' dir='ltr'><strong>ἀνω</strong></span> <span class='ocrx_word' id='word_1_325' title='bbox 805 2801 865 2852; x_wconf 89' lang='grc' dir='ltr'><strong>ἐν</strong></span> <span class='ocrx_word' id='word_1_326' title='bbox 894 2799 975 2870; x_wconf 83' lang='grc' dir='ltr'>τῷ</span> <span class='ocrx_word' id='word_1_327' title='bbox 1002 2801 1285 2873; x_wconf 74' lang='grc' dir='ltr'>καταλόγῳ</span> <span class='ocrx_word' id='word_1_328' title='bbox 1322 2801 1813 2875; x_wconf 80' lang='grc' dir='ltr'>προδεδηλωμένος.</span> 
     </span>
    </p>
   </div>
   <div class='ocr_carea' id='block_1_47' title="bbox 459 2887 1967 2966">
    <p class='ocr_par' dir='ltr' id='par_1_47' title="bbox 459 2887 1967 2966">
     <span class='ocr_line' id='line_1_47' title="bbox 459 2887 1967 2966; baseline 0.007 -27"><span class='ocrx_word' id='word_1_329' title='bbox 459 2887 571 2940; x_wconf 74' lang='grc' dir='ltr'><strong>Καὶ</strong></span> <span class='ocrx_word' id='word_1_330' title='bbox 607 2889 683 2959; x_wconf 77' lang='grc' dir='ltr'>μή</span> <span class='ocrx_word' id='word_1_331' title='bbox 728 2906 813 2952; x_wconf 89' lang='grc' dir='ltr'><strong>τις</strong></span> <span class='ocrx_word' id='word_1_332' title='bbox 857 2888 1137 2963; x_wconf 76' lang='grc' dir='ltr'>θαυμάσῃ,</span> <span class='ocrx_word' id='word_1_333' title='bbox 1172 2892 1254 2945; x_wconf 84' lang='grc' dir='ltr'><strong>δτι</strong></span> <span class='ocrx_word' id='word_1_334' title='bbox 1284 2892 1491 2948; x_wconf 72' lang='grc' dir='ltr'>ἕκαστα</span> <span class='ocrx_word' id='word_1_335' title='bbox 1521 2892 1694 2959; x_wconf 79' lang='grc' dir='ltr'>οὕτως</span> <span class='ocrx_word' id='word_1_336' title='bbox 1723 2893 1967 2966; x_wconf 77' lang='grc' dir='ltr'>ἀκριϐῶς</span> 
     </span>
    </p>
   </div>
   <div class='ocr_carea' id='block_1_48' title="bbox 2062 1793 3637 1876">
    <p class='ocr_par' dir='ltr' id='par_1_48' title="bbox 2062 1793 3637 1876">
     <span class='ocr_line' id='line_1_48' title="bbox 2062 1793 3637 1876; baseline -0.007 -17"><span class='ocrx_word' id='word_1_337' title='bbox 2062 1814 2211 1875; x_wconf 83' lang='lat' dir='ltr'><strong>geret</strong></span> <span class='ocrx_word' id='word_1_338' title='bbox 2241 1805 2309 1876; x_wconf 90' lang='lat' dir='ltr'><strong>(si</strong></span> <span class='ocrx_word' id='word_1_339' title='bbox 2336 1807 2408 1858; x_wconf 85' lang='lat' dir='ltr'><strong>ita</strong></span> <span class='ocrx_word' id='word_1_340' title='bbox 2424 1812 2609 1859; x_wconf 87' lang='lat' dir='ltr'><strong>tamen</strong></span> <span class='ocrx_word' id='word_1_341' title='bbox 2641 1803 2894 1872; x_wconf 80' lang='lat' dir='ltr'><strong>contigit,</strong></span> <span class='ocrx_word' id='word_1_342' title='bbox 2930 1799 3076 1871; x_wconf 90' lang='lat' dir='ltr'><strong>quod</strong></span> <span class='ocrx_word' id='word_1_343' title='bbox 3108 1814 3210 1869; x_wconf 85' lang='lat' dir='ltr'><strong>ego</strong></span> <span class='ocrx_word' id='word_1_344' title='bbox 3239 1793 3517 1866; x_wconf 86' lang='lat' dir='ltr'><strong>opinando</strong></span> <span class='ocrx_word' id='word_1_345' title='bbox 3536 1807 3637 1863; x_wconf 79' lang='lat' dir='ltr'><strong>po-</strong></span> 
     </span>
    </p>
   </div>
   <div class='ocr_carea' id='block_1_49' title="bbox 2062 1884 3639 1968">
    <p class='ocr_par' dir='ltr' id='par_1_49' title="bbox 2062 1884 3639 1968">
     <span class='ocr_line' id='line_1_49' title="bbox 2062 1884 3639 1968; baseline -0.007 -17"><span class='ocrx_word' id='word_1_346' title='bbox 2062 1898 2169 1955; x_wconf 91' lang='lat' dir='ltr'><strong>tius</strong></span> <span class='ocrx_word' id='word_1_347' title='bbox 2205 1912 2366 1968; x_wconf 90' lang='lat' dir='ltr'><strong>quam</strong></span> <span class='ocrx_word' id='word_1_348' title='bbox 2422 1894 2788 1951; x_wconf 88' lang='lat' dir='ltr'><strong>asseverando</strong></span> <span class='ocrx_word' id='word_1_349' title='bbox 2808 1889 3102 1965; x_wconf 75' lang='lat' dir='ltr'><strong>dixerim),</strong></span> <span class='ocrx_word' id='word_1_350' title='bbox 3133 1896 3324 1960; x_wconf 89' lang='lat' dir='ltr'><strong>postea</strong></span> <span class='ocrx_word' id='word_1_351' title='bbox 3353 1885 3489 1941; x_wconf 81' lang='lat' dir='ltr'><strong>Lino</strong></span> <span class='ocrx_word' id='word_1_352' title='bbox 3516 1884 3639 1941; x_wconf 67' lang='lat' dir='ltr'><strong>Cle«</strong></span> 
     </span>
    </p>
   </div>
   <div class='ocr_carea' id='block_1_50' title="bbox 2062 1976 3638 2057">
    <p class='ocr_par' dir='ltr' id='par_1_50' title="bbox 2062 1976 3638 2057">
     <span class='ocr_line' id='line_1_50' title="bbox 2062 1976 3638 2057; baseline -0.009 -14"><span class='ocrx_word' id='word_1_353' title='bbox 2062 1998 2225 2057; x_wconf 86' lang='lat' dir='ltr'><strong>teque</strong></span> <span class='ocrx_word' id='word_1_354' title='bbox 2278 1986 2532 2050; x_wconf 88' lang='lat' dir='ltr'><strong>mortuis,</strong></span> <span class='ocrx_word' id='word_1_355' title='bbox 2563 1985 2655 2055; x_wconf 90' lang='lat' dir='ltr'><strong>qui</strong></span> <span class='ocrx_word' id='word_1_356' title='bbox 2688 1999 2766 2039; x_wconf 84' lang='lat' dir='ltr'><strong>xit</strong></span> <span class='ocrx_word' id='word_1_357' title='bbox 2797 1996 3064 2037; x_wconf 88' lang='lat' dir='ltr'><strong>annorum</strong></span> <span class='ocrx_word' id='word_1_358' title='bbox 3112 1979 3291 2051; x_wconf 88' lang='lat' dir='ltr'><strong>spatio</strong></span> <span class='ocrx_word' id='word_1_359' title='bbox 3327 1976 3638 2049; x_wconf 89' lang='lat' dir='ltr'><strong>singulatim</strong></span> 
     </span>
    </p>
   </div>
   <div class='ocr_carea' id='block_1_51' title="bbox 2063 2065 3640 2148">
    <p class='ocr_par' dir='ltr' id='par_1_51' title="bbox 2063 2065 3640 2148">
     <span class='ocr_line' id='line_1_51' title="bbox 2063 2065 3640 2148; baseline -0.008 -16"><span class='ocrx_word' id='word_1_360' title='bbox 2063 2079 2437 2148; x_wconf 79' lang='lat' dir='ltr'><strong>episcopatum</strong></span> <span class='ocrx_word' id='word_1_361' title='bbox 2489 2077 2869 2141; x_wconf 87' lang='lat' dir='ltr'><strong>obtinuerunt,</strong></span> <span class='ocrx_word' id='word_1_362' title='bbox 2908 2082 3032 2144; x_wconf 90' lang='lat' dir='ltr'><strong>post</strong></span> <span class='ocrx_word' id='word_1_363' title='bbox 3064 2071 3439 2141; x_wconf 84' lang='lat' dir='ltr'><strong>apostolorum</strong></span> <span class='ocrx_word' id='word_1_364' title='bbox 3495 2065 3640 2123; x_wconf 88' lang='lat' dir='ltr'><strong>Petri</strong></span> 
     </span>
    </p>
   </div>
   <div class='ocr_carea' id='block_1_52' title="bbox 2063 2158 3641 2236">
    <p class='ocr_par' dir='ltr' id='par_1_52' title="bbox 2063 2158 3641 2236">
     <span class='ocr_line' id='line_1_52' title="bbox 2063 2158 3641 2236; baseline -0.01 -11"><span class='ocrx_word' id='word_1_365' title='bbox 2063 2166 2326 2236; x_wconf 87' lang='lat' dir='ltr'><strong>Paulique</strong></span> <span class='ocrx_word' id='word_1_366' title='bbox 2351 2180 2563 2231; x_wconf 89' lang='lat' dir='ltr'><strong>necem,</strong></span> <span class='ocrx_word' id='word_1_367' title='bbox 2591 2180 2713 2234; x_wconf 62' lang='lat' dir='ltr'><strong>quae</strong></span> <span class='ocrx_word' id='word_1_368' title='bbox 2747 2164 2801 2218; x_wconf 91' lang='lat' dir='ltr'><strong>in</strong></span> <span class='ocrx_word' id='word_1_369' title='bbox 2847 2178 3049 2217; x_wconf 88' lang='lat' dir='ltr'><strong>annum</strong></span> <span class='ocrx_word' id='word_1_370' title='bbox 3083 2160 3316 2215; x_wconf 82' lang='lat' dir='ltr'><strong>Neronis</strong></span> <span class='ocrx_word' id='word_1_371' title='bbox 3343 2174 3415 2213; x_wconf 87' lang='lat' dir='ltr'><strong>xu</strong></span> <span class='ocrx_word' id='word_1_372' title='bbox 3451 2158 3641 2212; x_wconf 59' lang='lat' dir='ltr'><strong>incurv</strong></span> 
     </span>
    </p>
   </div>
   <div class='ocr_carea' id='block_1_53' title="bbox 2061 2250 3634 2326">
    <p class='ocr_par' dir='ltr' id='par_1_53' title="bbox 2061 2250 3634 2326">
     <span class='ocr_line' id='line_1_53' title="bbox 2061 2250 3634 2326; baseline -0.008 -15"><span class='ocrx_word' id='word_1_373' title='bbox 2061 2259 2154 2322; x_wconf 85' lang='lat' dir='ltr'><strong>rit,</strong></span> <span class='ocrx_word' id='word_1_374' title='bbox 2182 2265 2296 2311; x_wconf 90' lang='lat' dir='ltr'><strong>tum</strong></span> <span class='ocrx_word' id='word_1_375' title='bbox 2325 2255 2543 2310; x_wconf 90' lang='lat' dir='ltr'><strong>demum</strong></span> <span class='ocrx_word' id='word_1_376' title='bbox 2568 2254 2943 2326; x_wconf 81' lang='lat' dir='ltr'><strong>pontiﬁcatum</strong></span> <span class='ocrx_word' id='word_1_377' title='bbox 2974 2266 3262 2321; x_wconf 88' lang='lat' dir='ltr'><strong>capessere</strong></span> <span class='ocrx_word' id='word_1_378' title='bbox 3291 2250 3363 2305; x_wconf 90' lang='lat' dir='ltr'><strong>sit</strong></span> <span class='ocrx_word' id='word_1_379' title='bbox 3392 2253 3634 2304; x_wconf 88' lang='lat' dir='ltr'><strong>coactus.</strong></span> 
     </span>
    </p>
   </div>
   <div class='ocr_carea' id='block_1_54' title="bbox 2065 2342 3640 2420">
    <p class='ocr_par' dir='ltr' id='par_1_54' title="bbox 2065 2342 3640 2420">
     <span class='ocr_line' id='line_1_54' title="bbox 2065 2342 3640 2420; baseline -0.008 -18"><span class='ocrx_word' id='word_1_380' title='bbox 2065 2347 2170 2420; x_wconf 83' lang='lat' dir='ltr'><strong>sed</strong></span> <span class='ocrx_word' id='word_1_381' title='bbox 2196 2356 2477 2416; x_wconf 88' lang='lat' dir='ltr'><strong>utcunque</strong></span> <span class='ocrx_word' id='word_1_382' title='bbox 2500 2361 2621 2401; x_wconf 91' lang='lat' dir='ltr'><strong>sese</strong></span> <span class='ocrx_word' id='word_1_383' title='bbox 2654 2360 2744 2400; x_wconf 87' lang='lat' dir='ltr'><strong>res</strong></span> <span class='ocrx_word' id='word_1_384' title='bbox 2787 2343 3058 2409; x_wconf 88' lang='lat' dir='ltr'><strong>habuerit,</strong></span> <span class='ocrx_word' id='word_1_385' title='bbox 3099 2342 3469 2397; x_wconf 80' lang='lat' dir='ltr'><strong>Romanorum</strong></span> <span class='ocrx_word' id='word_1_386' title='bbox 3504 2352 3640 2407; x_wconf 87' lang='lat' dir='ltr'><strong>pon-</strong></span> 
     </span>
    </p>
   </div>
   <div class='ocr_carea' id='block_1_55' title="bbox 2063 2428 3638 2493">
    <p class='ocr_par' dir='ltr' id='par_1_55' title="bbox 2063 2428 3638 2493">
     <span class='ocr_line' id='line_1_55' title="bbox 2063 2428 3638 2493; baseline -0.005 -2"><span class='ocrx_word' id='word_1_387' title='bbox 2063 2435 2269 2491; x_wconf 82' lang='lat' dir='ltr'><strong>tillcum</strong></span> <span class='ocrx_word' id='word_1_388' title='bbox 2299 2437 2402 2491; x_wconf 91' lang='lat' dir='ltr'><strong>ista</strong></span> <span class='ocrx_word' id='word_1_389' title='bbox 2427 2436 2705 2491; x_wconf 84' lang='lat' dir='ltr'><strong>successio</strong></span> <span class='ocrx_word' id='word_1_390' title='bbox 2726 2443 2812 2491; x_wconf 89' lang='lat' dir='ltr'><strong>est</strong></span> <span class='ocrx_word' id='word_1_391' title='bbox 2840 2453 2852 2489; x_wconf 92' lang='lat'>:</span> <span class='ocrx_word' id='word_1_392' title='bbox 2883 2432 3078 2490; x_wconf 88' lang='lat' dir='ltr'><strong>Petrus</strong></span> <span class='ocrx_word' id='word_1_393' title='bbox 3110 2441 3163 2488; x_wconf 93' lang='lat' dir='ltr'><strong>et</strong></span> <span class='ocrx_word' id='word_1_394' title='bbox 3203 2431 3430 2493; x_wconf 88' lang='lat' dir='ltr'><strong>Paulus,</strong></span> <span class='ocrx_word' id='word_1_395' title='bbox 3467 2428 3638 2484; x_wconf 84' lang='lat' dir='ltr'><strong>Linus</strong></span> 
     </span>
    </p>
   </div>
   <div class='ocr_carea' id='block_1_56' title="bbox 2065 2520 3639 2595">
    <p class='ocr_par' dir='ltr' id='par_1_56' title="bbox 2065 2520 3639 2595">
     <span class='ocr_line' id='line_1_56' title="bbox 2065 2520 3639 2595; baseline -0.006 -13"><span class='ocrx_word' id='word_1_396' title='bbox 2065 2544 2130 2584; x_wconf 91' lang='lat' dir='ltr'><strong>ac</strong></span> <span class='ocrx_word' id='word_1_397' title='bbox 2156 2527 2361 2595; x_wconf 88' lang='lat' dir='ltr'><strong>Cletus,</strong></span> <span class='ocrx_word' id='word_1_398' title='bbox 2393 2528 2669 2593; x_wconf 86' lang='lat' dir='ltr'><strong>Clemens,</strong></span> <span class='ocrx_word' id='word_1_399' title='bbox 2702 2527 3009 2590; x_wconf 86' lang='lat' dir='ltr'><strong>Evaristus,</strong></span> <span class='ocrx_word' id='word_1_400' title='bbox 3052 2524 3379 2589; x_wconf 82' lang='lat' dir='ltr'><strong>Alexander,</strong></span> <span class='ocrx_word' id='word_1_401' title='bbox 3406 2520 3639 2593; x_wconf 78' lang='lat' dir='ltr'><strong>Xystus,</strong></span> 
     </span>
    </p>
   </div>
   <div class='ocr_carea' id='block_1_57' title="bbox 2065 2614 3643 2691">
    <p class='ocr_par' dir='ltr' id='par_1_57' title="bbox 2065 2614 3643 2691">
     <span class='ocr_line' id='line_1_57' title="bbox 2065 2614 3643 2691; baseline -0.004 -15"><span class='ocrx_word' id='word_1_402' title='bbox 2065 2621 2453 2691; x_wconf 87' lang='lat' dir='ltr'><strong>Telesphorus,</strong></span> <span class='ocrx_word' id='word_1_403' title='bbox 2509 2619 2815 2684; x_wconf 85' lang='lat' dir='ltr'><strong>Evaristus,</strong></span> <span class='ocrx_word' id='word_1_404' title='bbox 2865 2617 3131 2689; x_wconf 78' lang='lat' dir='ltr'><strong>Hyginus,</strong></span> <span class='ocrx_word' id='word_1_405' title='bbox 3168 2615 3321 2682; x_wconf 89' lang='lat' dir='ltr'><strong>Pius,</strong></span> <span class='ocrx_word' id='word_1_406' title='bbox 3352 2614 3643 2676; x_wconf 68' lang='lat' dir='ltr'><strong>Anicetus,</strong></span> 
     </span>
    </p>
   </div>
   <div class='ocr_carea' id='block_1_58' title="bbox 2065 2706 3644 2786">
    <p class='ocr_par' dir='ltr' id='par_1_58' title="bbox 2065 2706 3644 2786">
     <span class='ocr_line' id='line_1_58' title="bbox 2065 2706 3644 2786; baseline -0.004 -19"><span class='ocrx_word' id='word_1_407' title='bbox 2065 2714 2159 2786; x_wconf 90' lang='lat' dir='ltr'><strong>qui</strong></span> <span class='ocrx_word' id='word_1_408' title='bbox 2185 2722 2270 2770; x_wconf 91' lang='lat' dir='ltr'><strong>est</strong></span> <span class='ocrx_word' id='word_1_409' title='bbox 2293 2728 2323 2768; x_wconf 92' lang='lat' dir='ltr'><strong>a</strong></span> <span class='ocrx_word' id='word_1_410' title='bbox 2346 2729 2430 2770; x_wconf 91' lang='lat' dir='ltr'><strong>me</strong></span> <span class='ocrx_word' id='word_1_411' title='bbox 2466 2713 2629 2783; x_wconf 89' lang='lat' dir='ltr'><strong>paulo</strong></span> <span class='ocrx_word' id='word_1_412' title='bbox 2659 2721 2788 2768; x_wconf 89' lang='lat' dir='ltr'><strong>ante</strong></span> <span class='ocrx_word' id='word_1_413' title='bbox 2822 2711 2876 2765; x_wconf 91' lang='lat' dir='ltr'><strong>in</strong></span> <span class='ocrx_word' id='word_1_414' title='bbox 2910 2710 3294 2781; x_wconf 86' lang='lat' dir='ltr'><strong>episcoporum</strong></span> <span class='ocrx_word' id='word_1_415' title='bbox 3323 2706 3514 2764; x_wconf 85' lang='lat' dir='ltr'><strong>ordine</strong></span> <span class='ocrx_word' id='word_1_416' title='bbox 3545 2722 3644 2761; x_wconf 83' lang='lat' dir='ltr'><strong>nu-</strong></span> 
     </span>
    </p>
   </div>
   <div class='ocr_carea' id='block_1_59' title="bbox 2066 2812 2329 2861">
    <p class='ocr_par' dir='ltr' id='par_1_59' title="bbox 2066 2812 2329 2861">
     <span class='ocr_line' id='line_1_59' title="bbox 2066 2812 2329 2861; baseline -0.004 -2"><span class='ocrx_word' id='word_1_417' title='bbox 2066 2812 2329 2861; x_wconf 87' lang='lat' dir='ltr'><strong>meratus.</strong></span> 
     </span>
    </p>
   </div>
   <div class='ocr_carea' id='block_1_60' title="bbox 2136 2884 3642 2958">
    <p class='ocr_par' dir='ltr' id='par_1_60' title="bbox 2136 2884 3642 2958">
     <span class='ocr_line' id='line_1_60' title="bbox 2136 2884 3642 2958; baseline -0.005 -10"><span class='ocrx_word' id='word_1_418' title='bbox 2136 2893 2215 2950; x_wconf 82' lang='lat' dir='ltr'><strong>Ac</strong></span> <span class='ocrx_word' id='word_1_419' title='bbox 2262 2894 2466 2950; x_wconf 90' lang='lat' dir='ltr'><strong>nemini</strong></span> <span class='ocrx_word' id='word_1_420' title='bbox 2516 2907 2649 2950; x_wconf 87' lang='lat' dir='ltr'><strong>sane</strong></span> <span class='ocrx_word' id='word_1_421' title='bbox 2698 2890 2897 2947; x_wconf 86' lang='lat' dir='ltr'><strong>mirum</strong></span> <span class='ocrx_word' id='word_1_422' title='bbox 2951 2889 3226 2953; x_wconf 86' lang='lat' dir='ltr'><strong>videatur,</strong></span> <span class='ocrx_word' id='word_1_423' title='bbox 3270 2903 3369 2943; x_wconf 89' lang='lat' dir='ltr'><strong>cur</strong></span> <span class='ocrx_word' id='word_1_424' title='bbox 3426 2884 3642 2958; x_wconf 81' lang='lat' dir='ltr'><strong>singula</strong></span> 
     </span>
    </p>
   </div>
   <div class='ocr_carea' id='block_1_61' title="bbox 388 2976 1969 3080">
    <p class='ocr_par' dir='ltr' id='par_1_61' title="bbox 388 2976 1965 3054">
     <span class='ocr_line' id='line_1_61' title="bbox 388 2976 1965 3054; baseline 0.007 -24"><span class='ocrx_word' id='word_1_425' title='bbox 388 2976 696 3049; x_wconf 75' lang='grc' dir='ltr'>διήλθομεν.</span> <span class='ocrx_word' id='word_1_426' title='bbox 723 2979 824 3033; x_wconf 87' lang='grc' dir='ltr'>Διά</span> <span class='ocrx_word' id='word_1_427' title='bbox 851 2979 979 3052; x_wconf 71' lang='grc' dir='ltr'>’γὰρ</span> <span class='ocrx_word' id='word_1_428' title='bbox 1001 2982 1206 3036; x_wconf 83' lang='grc' dir='ltr'>τούτων</span> <span class='ocrx_word' id='word_1_429' title='bbox 1239 2984 1326 3037; x_wconf 76' lang='grc' dir='ltr'>ἀεὶ</span> <span class='ocrx_word' id='word_1_430' title='bbox 1366 2984 1427 3037; x_wconf 81' lang='grc' dir='ltr'>τὸ</span> <span class='ocrx_word' id='word_1_431' title='bbox 1472 2984 1640 3054; x_wconf 82' lang='grc' dir='ltr'>σαφὲς</span> <span class='ocrx_word' id='word_1_432' title='bbox 1669 2985 1965 3042; x_wconf 87' lang='grc' dir='ltr'>δείκνυται.</span> 
     </span>
    </p>
   </div>
   <div class='ocr_carea' id='block_1_62' title="bbox 2073 2976 3643 3080">
    <p class='ocr_par' dir='ltr' id='par_1_62' title="bbox 2073 2976 3643 3057">
     <span class='ocr_line' id='line_1_62' title="bbox 2073 2976 3643 3057; baseline -0.008 -14"><span class='ocrx_word' id='word_1_433' title='bbox 2073 2995 2220 3043; x_wconf 88' lang='lat' dir='ltr'><strong>tanta</strong></span> <span class='ocrx_word' id='word_1_434' title='bbox 2255 3001 2382 3043; x_wconf 86' lang='lat' dir='ltr'><strong>cum</strong></span> <span class='ocrx_word' id='word_1_435' title='bbox 2411 2983 2689 3057; x_wconf 88' lang='lat' dir='ltr'><strong>diligentia</strong></span> <span class='ocrx_word' id='word_1_436' title='bbox 2741 2981 3134 3054; x_wconf 86' lang='lat' dir='ltr'><strong>percurrerim.</strong></span> <span class='ocrx_word' id='word_1_437' title='bbox 3200 2978 3307 3035; x_wconf 89' lang='lat' dir='ltr'><strong>Per</strong></span> <span class='ocrx_word' id='word_1_438' title='bbox 3344 2978 3460 3033; x_wconf 64' lang='lat' dir='ltr'><strong>hac</strong></span> <span class='ocrx_word' id='word_1_439' title='bbox 3493 2976 3643 3031; x_wconf 89' lang='lat' dir='ltr'><strong>enim</strong></span> 
     </span>
    </p>
   </div>
   <div class='ocr_carea' id='block_1_63' title="bbox 403 3068 1969 3147">
    <p class='ocr_par' dir='ltr' id='par_1_63' title="bbox 403 3068 1969 3147">
     <span class='ocr_line' id='line_1_63' title="bbox 403 3068 1969 3147; baseline 0.006 -27"><span class='ocrx_word' id='word_1_440' title='bbox 403 3068 494 3121; x_wconf 90' lang='grc' dir='ltr'>Ἐν</span> <span class='ocrx_word' id='word_1_441' title='bbox 544 3068 754 3138; x_wconf 88' lang='grc' dir='ltr'>χρόνοις</span> <span class='ocrx_word' id='word_1_442' title='bbox 803 3070 999 3134; x_wconf 89' lang='grc' dir='ltr'>τοίνυν,</span> <span class='ocrx_word' id='word_1_443' title='bbox 1041 3068 1116 3135; x_wconf 85' lang='grc' dir='ltr'>ὡς</span> <span class='ocrx_word' id='word_1_444' title='bbox 1177 3070 1384 3143; x_wconf 77' lang='grc' dir='ltr'>ἔφημεν</span> <span class='ocrx_word' id='word_1_445' title='bbox 1425 3072 1561 3146; x_wconf 84' lang='grc'>(91),</span> <span class='ocrx_word' id='word_1_446' title='bbox 1607 3074 1908 3147; x_wconf 75' lang='grc' dir='ltr'>’Δνικήτου,</span> <span class='ocrx_word' id='word_1_447' title='bbox 1934 3076 1969 3147; x_wconf 84' lang='grc' dir='ltr'><strong>ή</strong></span> 
     </span>
    </p>
   </div>
   <div class='ocr_carea' id='block_1_64' title="bbox 389 3158 1971 3240">
    <p class='ocr_par' dir='ltr' id='par_1_64' title="bbox 389 3158 1971 3240">
     <span class='ocr_line' id='line_1_64' title="bbox 389 3158 1971 3240; baseline 0.008 -30"><span class='ocrx_word' id='word_1_448' title='bbox 389 3158 845 3231; x_wconf 74' lang='grc' dir='ltr'>προδεδηλωμένη</span> <span class='ocrx_word' id='word_1_449' title='bbox 874 3161 1223 3240; x_wconf 78' lang='grc' dir='ltr'>Μαρκελλίνα</span> <span class='ocrx_word' id='word_1_450' title='bbox 1246 3163 1304 3217; x_wconf 83' lang='grc' dir='ltr'><strong>ἐν</strong></span> <span class='ocrx_word' id='word_1_451' title='bbox 1346 3164 1535 3236; x_wconf 83' lang='grc' dir='ltr'>Ῥώμῃ</span> <span class='ocrx_word' id='word_1_452' title='bbox 1556 3167 1843 3239; x_wconf 85' lang='grc' dir='ltr'>γενομένη,</span> <span class='ocrx_word' id='word_1_453' title='bbox 1870 3167 1971 3239; x_wconf 77' lang='grc' dir='ltr'>τὴν</span> 
     </span>
    </p>
   </div>
   <div class='ocr_carea' id='block_1_65' title="bbox 389 3252 1971 3327">
    <p class='ocr_par' dir='ltr' id='par_1_65' title="bbox 389 3252 1971 3327">
     <span class='ocr_line' id='line_1_65' title="bbox 389 3252 1971 3327; baseline 0.004 -21"><span class='ocrx_word' id='word_1_454' title='bbox 389 3252 571 3325; x_wconf 77' lang='grc' dir='ltr'>λύμην</span> <span class='ocrx_word' id='word_1_455' title='bbox 586 3253 683 3323; x_wconf 82' lang='grc' dir='ltr'>τῆς</span> <span class='ocrx_word' id='word_1_456' title='bbox 700 3255 1004 3325; x_wconf 73' lang='grc' dir='ltr'>Καρποκρᾶ</span> <span class='ocrx_word' id='word_1_457' title='bbox 1027 3253 1375 3318; x_wconf 77' lang='grc' dir='ltr'>διδασκαλίας</span> <span class='ocrx_word' id='word_1_458' title='bbox 1392 3253 1720 3327; x_wconf 78' lang='grc' dir='ltr'>ἐξεμέσασα,</span> <span class='ocrx_word' id='word_1_459' title='bbox 1745 3257 1971 3322; x_wconf 84' lang='grc' dir='ltr'>πολλοὺς</span> 
     </span>
    </p>
   </div>
   <div class='ocr_carea' id='block_1_66' title="bbox 390 3343 1971 3417">
    <p class='ocr_par' dir='ltr' id='par_1_66' title="bbox 390 3343 1971 3417">
     <span class='ocr_line' id='line_1_66' title="bbox 390 3343 1971 3417; baseline 0.004 -20"><span class='ocrx_word' id='word_1_460' title='bbox 390 3343 504 3397; x_wconf 84' lang='grc' dir='ltr'><strong>τῶν</strong></span> <span class='ocrx_word' id='word_1_461' title='bbox 530 3346 707 3396; x_wconf 75' lang='grc' dir='ltr'>ἐκεῖσε</span> <span class='ocrx_word' id='word_1_462' title='bbox 735 3344 1094 3415; x_wconf 82' lang='grc' dir='ltr'>λυμηναμένη</span> <span class='ocrx_word' id='word_1_463' title='bbox 1123 3344 1387 3415; x_wconf 65' lang='grc' dir='ltr'>ἠφάνισε*</span> <span class='ocrx_word' id='word_1_464' title='bbox 1437 3347 1532 3400; x_wconf 73' lang='grc' dir='ltr'>καὶ</span> <span class='ocrx_word' id='word_1_465' title='bbox 1563 3346 1713 3402; x_wconf 82' lang='grc' dir='ltr'>ἐνθεν</span> <span class='ocrx_word' id='word_1_466' title='bbox 1745 3349 1971 3417; x_wconf 83' lang='grc' dir='ltr'>γέγονεν</span> 
     </span>
    </p>
   </div>
   <div class='ocr_carea' id='block_1_67' title="bbox 393 3433 1971 3508">
    <p class='ocr_par' dir='ltr' id='par_1_67' title="bbox 393 3433 1971 3508">
     <span class='ocr_line' id='line_1_67' title="bbox 393 3433 1971 3508; baseline 0.004 -21"><span class='ocrx_word' id='word_1_467' title='bbox 393 3437 429 3506; x_wconf 78' lang='grc' dir='ltr'><strong>ἠ</strong></span> <span class='ocrx_word' id='word_1_468' title='bbox 462 3434 607 3505; x_wconf 85' lang='grc' dir='ltr'>ἀρχὴ</span> <span class='ocrx_word' id='word_1_469' title='bbox 636 3434 956 3487; x_wconf 85' lang='grc' dir='ltr'>Γνωστικῶν</span> <span class='ocrx_word' id='word_1_470' title='bbox 988 3433 1095 3487; x_wconf 87' lang='grc' dir='ltr'><strong>τῶν</strong></span> <span class='ocrx_word' id='word_1_471' title='bbox 1127 3435 1494 3507; x_wconf 83' lang='grc' dir='ltr'>καλουμένων.</span> <span class='ocrx_word' id='word_1_472' title='bbox 1525 3438 1746 3508; x_wconf 85' lang='grc' dir='ltr'>Ἔχουσι</span> <span class='ocrx_word' id='word_1_473' title='bbox 1788 3439 1845 3492; x_wconf 86' lang='grc' dir='ltr'><strong>δέ</strong></span> <span class='ocrx_word' id='word_1_474' title='bbox 1890 3443 1971 3494; x_wconf 84' lang='grc' dir='ltr'>εί-</span> 
     </span>
    </p>
   </div>
   <div class='ocr_carea' id='block_1_68' title="bbox 394 3523 1972 3602">
    <p class='ocr_par' dir='ltr' id='par_1_68' title="bbox 394 3523 1972 3602">
     <span class='ocr_line' id='line_1_68' title="bbox 394 3523 1972 3602; baseline 0.003 -24"><span class='ocrx_word' id='word_1_475' title='bbox 394 3526 560 3588; x_wconf 83' lang='grc' dir='ltr'>κόνας</span> <span class='ocrx_word' id='word_1_476' title='bbox 582 3523 965 3595; x_wconf 76' lang='grc' dir='ltr'>ἐνζωγράφους</span> <span class='ocrx_word' id='word_1_477' title='bbox 980 3525 1068 3579; x_wconf 80' lang='grc' dir='ltr'>διὰ</span> <span class='ocrx_word' id='word_1_478' title='bbox 1088 3526 1412 3598; x_wconf 87' lang='grc' dir='ltr'>χρωμάτων,</span> <span class='ocrx_word' id='word_1_479' title='bbox 1433 3527 1580 3590; x_wconf 80' lang='grc' dir='ltr'>τινὲς</span> <span class='ocrx_word' id='word_1_480' title='bbox 1604 3528 1743 3582; x_wconf 82' lang='grc' dir='ltr'><strong>δὲέκ</strong></span> <span class='ocrx_word' id='word_1_481' title='bbox 1771 3529 1972 3602; x_wconf 80' lang='grc' dir='ltr'>χρυσοῦ</span> 
     </span>
    </p>
   </div>
   <div class='ocr_carea' id='block_1_69' title="bbox 396 3616 1976 3692">
    <p class='ocr_par' dir='ltr' id='par_1_69' title="bbox 396 3616 1976 3692">
     <span class='ocr_line' id='line_1_69' title="bbox 396 3616 1976 3692; baseline 0.003 -20"><span class='ocrx_word' id='word_1_482' title='bbox 396 3619 493 3672; x_wconf 72' lang='grc' dir='ltr'><strong>καὶ</strong></span> <span class='ocrx_word' id='word_1_483' title='bbox 552 3616 817 3689; x_wconf 78' lang='grc' dir='ltr'>ἀργύρου,</span> <span class='ocrx_word' id='word_1_484' title='bbox 865 3618 959 3671; x_wconf 72' lang='grc' dir='ltr'>καὶ</span> <span class='ocrx_word' id='word_1_485' title='bbox 988 3617 1181 3689; x_wconf 83' lang='grc' dir='ltr'>λοιπῆς</span> <span class='ocrx_word' id='word_1_486' title='bbox 1216 3617 1367 3689; x_wconf 80' lang='grc' dir='ltr'>ὕλης,</span> <span class='ocrx_word' id='word_1_487' title='bbox 1412 3618 1568 3673; x_wconf 77' lang='grc' dir='ltr'>ἅτινα</span> <span class='ocrx_word' id='word_1_488' title='bbox 1605 3620 1976 3692; x_wconf 82' lang='grc' dir='ltr'>ἐκτυπώματά</span> 
     </span>
    </p>
   </div>
   <div class='ocr_carea' id='block_1_70' title="bbox 398 3706 1977 3779">
    <p class='ocr_par' dir='ltr' id='par_1_70' title="bbox 398 3706 1977 3779">
     <span class='ocr_line' id='line_1_70' title="bbox 398 3706 1977 3779; baseline 0.002 -16"><span class='ocrx_word' id='word_1_489' title='bbox 398 3727 565 3779; x_wconf 81' lang='grc' dir='ltr'>φασιν</span> <span class='ocrx_word' id='word_1_490' title='bbox 591 3706 729 3762; x_wconf 76' lang='grc' dir='ltr'>εἶναι</span> <span class='ocrx_word' id='word_1_491' title='bbox 758 3709 852 3762; x_wconf 87' lang='grc' dir='ltr'><strong>τοῦ</strong></span> <span class='ocrx_word' id='word_1_492' title='bbox 896 3710 1070 3779; x_wconf 87' lang='grc' dir='ltr'>Ἰησοῦ</span> <span class='ocrx_word' id='word_1_493' title='bbox 1093 3727 1105 3740; x_wconf 88' lang='grc'><strong>·</strong></span> <span class='ocrx_word' id='word_1_494' title='bbox 1147 3710 1242 3764; x_wconf 76' lang='grc' dir='ltr'>καὶ</span> <span class='ocrx_word' id='word_1_495' title='bbox 1270 3710 1441 3764; x_wconf 88' lang='grc' dir='ltr'>ταῦτα</span> <span class='ocrx_word' id='word_1_496' title='bbox 1482 3711 1585 3764; x_wconf 85' lang='grc' dir='ltr'><strong>ὑπὸ</strong></span> <span class='ocrx_word' id='word_1_497' title='bbox 1623 3713 1844 3766; x_wconf 89' lang='grc' dir='ltr'>Ποντίου</span> <span class='ocrx_word' id='word_1_498' title='bbox 1879 3707 1977 3766; x_wconf 80' lang='grc' dir='ltr'>Πι-</span> 
     </span>
    </p>
   </div>
   <div class='ocr_carea' id='block_1_71' title="bbox 396 3800 1972 3877">
    <p class='ocr_par' dir='ltr' id='par_1_71' title="bbox 396 3800 1972 3877">
     <span class='ocr_line' id='line_1_71' title="bbox 396 3800 1972 3877; baseline 0.001 -21"><span class='ocrx_word' id='word_1_499' title='bbox 396 3802 559 3857; x_wconf 83' lang='grc' dir='ltr'>λάτου</span> <span class='ocrx_word' id='word_1_500' title='bbox 582 3800 908 3872; x_wconf 83' lang='grc' dir='ltr'>γεγενῆσθαι</span> <span class='ocrx_word' id='word_1_501' title='bbox 936 3800 1004 3854; x_wconf 84' lang='grc' dir='ltr'><strong>τά</strong></span> <span class='ocrx_word' id='word_1_502' title='bbox 1042 3800 1411 3872; x_wconf 82' lang='grc' dir='ltr'>ἐκτυπώματα</span> <span class='ocrx_word' id='word_1_503' title='bbox 1443 3803 1535 3855; x_wconf 90' lang='grc' dir='ltr'><strong>τοῦ</strong></span> <span class='ocrx_word' id='word_1_504' title='bbox 1571 3805 1732 3858; x_wconf 82' lang='grc' dir='ltr'>αὐτοῦ</span> <span class='ocrx_word' id='word_1_505' title='bbox 1777 3805 1972 3877; x_wconf 87' lang='grc' dir='ltr'>Ἰησοῦ,</span> 
     </span>
    </p>
   </div>
   <div class='ocr_carea' id='block_1_72' title="bbox 399 3889 1978 3969">
    <p class='ocr_par' dir='ltr' id='par_1_72' title="bbox 399 3889 1978 3969">
     <span class='ocr_line' id='line_1_72' title="bbox 399 3889 1978 3969; baseline 0.005 -24"><span class='ocrx_word' id='word_1_506' title='bbox 399 3893 488 3945; x_wconf 80' lang='grc' dir='ltr'>ὅτε</span> <span class='ocrx_word' id='word_1_507' title='bbox 531 3893 784 3962; x_wconf 81' lang='grc' dir='ltr'>ἐνεδήμει</span> <span class='ocrx_word' id='word_1_508' title='bbox 814 3890 892 3962; x_wconf 82' lang='grc' dir='ltr'>τῷ</span> <span class='ocrx_word' id='word_1_509' title='bbox 929 3889 1036 3945; x_wconf 90' lang='grc' dir='ltr'><strong>τῶν</strong></span> <span class='ocrx_word' id='word_1_510' title='bbox 1078 3891 1382 3963; x_wconf 86' lang='grc' dir='ltr'>ἀνθρώπων</span> <span class='ocrx_word' id='word_1_511' title='bbox 1413 3895 1577 3963; x_wconf 86' lang='grc' dir='ltr'>γένει.</span> <span class='ocrx_word' id='word_1_512' title='bbox 1631 3897 1885 3969; x_wconf 77' lang='grc' dir='ltr'>Κρύσδην</span> <span class='ocrx_word' id='word_1_513' title='bbox 1919 3899 1978 3954; x_wconf 88' lang='grc' dir='ltr'><strong>δέ</strong></span> 
     </span>
    </p>
   </div>
   <div class='ocr_carea' id='block_1_73' title="bbox 398 3981 1976 4056">
    <p class='ocr_par' dir='ltr' id='par_1_73' title="bbox 398 3981 1976 4056">
     <span class='ocr_line' id='line_1_73' title="bbox 398 3981 1976 4056; baseline 0.006 -20"><span class='ocrx_word' id='word_1_514' title='bbox 398 3983 500 4045; x_wconf 78' lang='grc' dir='ltr'>τὰς</span> <span class='ocrx_word' id='word_1_515' title='bbox 524 3982 780 4046; x_wconf 75' lang='grc' dir='ltr'>τοιαύτας</span> <span class='ocrx_word' id='word_1_516' title='bbox 812 3981 1025 4053; x_wconf 78' lang='grc' dir='ltr'>ἔχουσιν</span> <span class='ocrx_word' id='word_1_517' title='bbox 1055 3983 1267 4050; x_wconf 80' lang='grc' dir='ltr'>εἰκόνας</span> <span class='ocrx_word' id='word_1_518' title='bbox 1293 4002 1306 4015; x_wconf 90' lang='grc'><strong>·</strong></span> <span class='ocrx_word' id='word_1_519' title='bbox 1342 3987 1435 4039; x_wconf 83' lang='grc' dir='ltr'><strong>καί</strong></span> <span class='ocrx_word' id='word_1_520' title='bbox 1455 3985 1761 4056; x_wconf 89' lang='grc' dir='ltr'>φιλοσόφων</span> <span class='ocrx_word' id='word_1_521' title='bbox 1792 3989 1976 4056; x_wconf 84' lang='grc' dir='ltr'>τινῶν,</span> 
     </span>
    </p>
   </div>
   <div class='ocr_carea' id='block_1_74' title="bbox 400 4073 1979 4150">
    <p class='ocr_par' dir='ltr' id='par_1_74' title="bbox 400 4073 1979 4150">
     <span class='ocr_line' id='line_1_74' title="bbox 400 4073 1979 4150; baseline 0.007 -25"><span class='ocrx_word' id='word_1_522' title='bbox 400 4073 756 4144; x_wconf 84' lang='grc' dir='ltr'>Πυθαγόρου,</span> <span class='ocrx_word' id='word_1_523' title='bbox 791 4075 885 4127; x_wconf 74' lang='grc' dir='ltr'><strong>καὶ</strong></span> <span class='ocrx_word' id='word_1_524' title='bbox 933 4074 1240 4143; x_wconf 86' lang='grc' dir='ltr'>Πλάτωνος,</span> <span class='ocrx_word' id='word_1_525' title='bbox 1278 4077 1373 4131; x_wconf 76' lang='grc' dir='ltr'><strong>καὶ</strong></span> <span class='ocrx_word' id='word_1_526' title='bbox 1419 4079 1841 4150; x_wconf 81' lang='grc' dir='ltr'>Ἀριστοτέλους.</span> <span class='ocrx_word' id='word_1_527' title='bbox 1884 4083 1979 4136; x_wconf 73' lang='grc' dir='ltr'>καὶ</span> 
     </span>
    </p>
   </div>
   <div class='ocr_carea' id='block_1_75' title="bbox 401 4159 1978 4242">
    <p class='ocr_par' dir='ltr' id='par_1_75' title="bbox 401 4159 1978 4242">
     <span class='ocr_line' id='line_1_75' title="bbox 401 4159 1978 4242; baseline 0.005 -25"><span class='ocrx_word' id='word_1_528' title='bbox 401 4164 605 4219; x_wconf 84' lang='grc' dir='ltr'>λοιπῶν</span> <span class='ocrx_word' id='word_1_529' title='bbox 625 4181 640 4196; x_wconf 77' lang='grc' dir='ltr'><strong><em>ο</em></strong></span> <span class='ocrx_word' id='word_1_530' title='bbox 672 4163 791 4234; x_wconf 88' lang='grc' dir='ltr'>μεθ’</span> <span class='ocrx_word' id='word_1_531' title='bbox 823 4159 896 4218; x_wconf 84' lang='grc' dir='ltr'>ὧν</span> <span class='ocrx_word' id='word_1_532' title='bbox 940 4165 1244 4235; x_wconf 88' lang='grc' dir='ltr'>φιλοσόφων</span> <span class='ocrx_word' id='word_1_533' title='bbox 1288 4167 1382 4220; x_wconf 68' lang='grc' dir='ltr'><strong>καὶ</strong></span> <span class='ocrx_word' id='word_1_534' title='bbox 1415 4166 1580 4239; x_wconf 77' lang='grc' dir='ltr'>ἔτερα</span> <span class='ocrx_word' id='word_1_535' title='bbox 1609 4169 1978 4242; x_wconf 83' lang='grc' dir='ltr'>ἐκτυπώματα</span> 
     </span>
    </p>
   </div>
   <div class='ocr_carea' id='block_1_76' title="bbox 475 4278 1973 4349">
    <p class='ocr_par' dir='ltr' id='par_1_76' title="bbox 475 4278 1973 4349">
     <span class='ocr_line' id='line_1_76' title="bbox 475 4278 1973 4349; baseline 0.004 -16"><span class='ocrx_word' id='word_1_536' title='bbox 475 4279 587 4349; x_wconf 79' lang='grc'>(88)</span> <span class='ocrx_word' id='word_1_537' title='bbox 612 4280 686 4349; x_wconf 11' lang='grc'><strong>,⁸0</strong></span> <span class='ocrx_word' id='word_1_538' title='bbox 712 4278 830 4349; x_wconf 77' lang='grc' dir='ltr'><strong>μὲν</strong></span> <span class='ocrx_word' id='word_1_539' title='bbox 855 4278 968 4348; x_wconf 71' lang='grc' dir='ltr'>γὰρ</span> <span class='ocrx_word' id='word_1_540' title='bbox 993 4281 1233 4349; x_wconf 78' lang='grc' dir='ltr'>Παῦλος</span> <span class='ocrx_word' id='word_1_541' title='bbox 1255 4282 1353 4336; x_wconf 77' lang='grc' dir='ltr'><strong>καί</strong></span> <span class='ocrx_word' id='word_1_542' title='bbox 1374 4281 1473 4335; x_wconf 80' lang='grc' dir='ltr'><strong>ἐπὶ</strong></span> <span class='ocrx_word' id='word_1_543' title='bbox 1499 4284 1613 4348; x_wconf 76' lang='grc' dir='ltr'>τὴν</span> <span class='ocrx_word' id='word_1_544' title='bbox 1648 4284 1973 4340; x_wconf 79' lang='grc' dir='ltr'>Ἱσπανίαν.</span> 
     </span>
    </p>
   </div>
   <div class='ocr_carea' id='block_1_77' title="bbox 2070 3067 3640 3152">
    <p class='ocr_par' dir='ltr' id='par_1_77' title="bbox 2070 3067 3640 3152">
     <span class='ocr_line' id='line_1_77' title="bbox 2070 3067 3640 3152; baseline -0.009 -18"><span class='ocrx_word' id='word_1_545' title='bbox 2070 3084 2332 3152; x_wconf 85' lang='lat' dir='ltr'><strong>perpetuo</strong></span> <span class='ocrx_word' id='word_1_546' title='bbox 2393 3085 2542 3132; x_wconf 91' lang='lat' dir='ltr'><strong>certa</strong></span> <span class='ocrx_word' id='word_1_547' title='bbox 2613 3081 2979 3144; x_wconf 87' lang='lat' dir='ltr'><strong>aceurataque</strong></span> <span class='ocrx_word' id='word_1_548' title='bbox 3053 3071 3260 3128; x_wconf 88' lang='lat' dir='ltr'><strong>veritas</strong></span> <span class='ocrx_word' id='word_1_549' title='bbox 3311 3067 3640 3125; x_wconf 85' lang='lat' dir='ltr'><strong>ostenditur.</strong></span> 
     </span>
    </p>
   </div>
   <div class='ocr_carea' id='block_1_78' title="bbox 2070 3158 3644 3238">
    <p class='ocr_par' dir='ltr' id='par_1_78' title="bbox 2070 3158 3644 3238">
     <span class='ocr_line' id='line_1_78' title="bbox 2070 3158 3644 3238; baseline -0.009 -12"><span class='ocrx_word' id='word_1_550' title='bbox 2070 3169 2436 3238; x_wconf 85' lang='lat' dir='ltr'><strong>Quamobrem</strong></span> <span class='ocrx_word' id='word_1_551' title='bbox 2478 3167 2691 3222; x_wconf 84' lang='lat' dir='ltr'><strong>Aniceti</strong></span> <span class='ocrx_word' id='word_1_552' title='bbox 2752 3172 2811 3221; x_wconf 93' lang='lat' dir='ltr'><strong>ut</strong></span> <span class='ocrx_word' id='word_1_553' title='bbox 2853 3164 3061 3220; x_wconf 88' lang='lat' dir='ltr'><strong>dictum</strong></span> <span class='ocrx_word' id='word_1_554' title='bbox 3094 3170 3178 3219; x_wconf 88' lang='lat' dir='ltr'><strong>est</strong></span> <span class='ocrx_word' id='word_1_555' title='bbox 3207 3170 3468 3230; x_wconf 76' lang='lat' dir='ltr'><strong>tempore,</strong></span> <span class='ocrx_word' id='word_1_556' title='bbox 3503 3158 3644 3213; x_wconf 76' lang='lat' dir='ltr'><strong>Mar—</strong></span> 
     </span>
    </p>
   </div>
   <div class='ocr_carea' id='block_1_79' title="bbox 2071 3250 3646 3331">
    <p class='ocr_par' dir='ltr' id='par_1_79' title="bbox 2071 3250 3646 3331">
     <span class='ocr_line' id='line_1_79' title="bbox 2071 3250 3646 3331; baseline -0.009 -15"><span class='ocrx_word' id='word_1_557' title='bbox 2071 3261 2265 3316; x_wconf 89' lang='lat' dir='ltr'><strong>cellina</strong></span> <span class='ocrx_word' id='word_1_558' title='bbox 2291 3259 2453 3331; x_wconf 78' lang='lat'><strong>108</strong></span> <span class='ocrx_word' id='word_1_559' title='bbox 2480 3259 2572 3315; x_wconf 88' lang='lat' dir='ltr'><strong>illa</strong></span> <span class='ocrx_word' id='word_1_560' title='bbox 2604 3255 2831 3312; x_wconf 80' lang='lat' dir='ltr'><strong>Romam</strong></span> <span class='ocrx_word' id='word_1_561' title='bbox 2862 3255 3108 3322; x_wconf 88' lang='lat' dir='ltr'><strong>veniens,</strong></span> <span class='ocrx_word' id='word_1_562' title='bbox 3128 3262 3181 3310; x_wconf 88' lang='lat' dir='ltr'><strong>et</strong></span> <span class='ocrx_word' id='word_1_563' title='bbox 3204 3250 3646 3321; x_wconf 85' lang='lat' dir='ltr'><strong>Carpocratianae</strong></span> 
     </span>
    </p>
   </div>
   <div class='ocr_carea' id='block_1_80' title="bbox 2072 3344 3647 3409">
    <p class='ocr_par' dir='ltr' id='par_1_80' title="bbox 2072 3344 3647 3409">
     <span class='ocr_line' id='line_1_80' title="bbox 2072 3344 3647 3409; baseline -0.01 -1"><span class='ocrx_word' id='word_1_564' title='bbox 2072 3354 2334 3407; x_wconf 70' lang='lat' dir='ltr'><strong>doctrina:</strong></span> <span class='ocrx_word' id='word_1_565' title='bbox 2390 3350 2544 3405; x_wconf 88' lang='lat' dir='ltr'><strong>virus</strong></span> <span class='ocrx_word' id='word_1_566' title='bbox 2600 3362 2883 3409; x_wconf 85' lang='lat' dir='ltr'><strong>evomens.</strong></span> <span class='ocrx_word' id='word_1_567' title='bbox 2914 3346 3116 3402; x_wconf 91' lang='lat' dir='ltr'><strong>multos</strong></span> <span class='ocrx_word' id='word_1_568' title='bbox 3160 3344 3269 3398; x_wconf 93' lang='lat' dir='ltr'><strong>illic</strong></span> <span class='ocrx_word' id='word_1_569' title='bbox 3320 3356 3505 3397; x_wconf 88' lang='lat' dir='ltr'><strong>errore</strong></span> <span class='ocrx_word' id='word_1_570' title='bbox 3544 3355 3647 3394; x_wconf 90' lang='lat' dir='ltr'><strong>suo</strong></span> 
     </span>
    </p>
   </div>
   <div class='ocr_carea' id='block_1_81' title="bbox 2073 3431 3648 3514">
    <p class='ocr_par' dir='ltr' id='par_1_81' title="bbox 2073 3431 3648 3514">
     <span class='ocr_line' id='line_1_81' title="bbox 2073 3431 3648 3514; baseline -0.01 -14"><span class='ocrx_word' id='word_1_571' title='bbox 2073 3445 2396 3514; x_wconf 85' lang='lat' dir='ltr'><strong>depravatos</strong></span> <span class='ocrx_word' id='word_1_572' title='bbox 2418 3442 2473 3496; x_wconf 92' lang='lat' dir='ltr'><strong>in</strong></span> <span class='ocrx_word' id='word_1_573' title='bbox 2507 3441 2732 3497; x_wconf 79' lang='lat' dir='ltr'><strong>exitium</strong></span> <span class='ocrx_word' id='word_1_574' title='bbox 2761 3438 3015 3509; x_wconf 88' lang='lat' dir='ltr'><strong>impulit;</strong></span> <span class='ocrx_word' id='word_1_575' title='bbox 3049 3436 3394 3505; x_wconf 88' lang='lat' dir='ltr'><strong>indidemque</strong></span> <span class='ocrx_word' id='word_1_576' title='bbox 3428 3431 3648 3487; x_wconf 75' lang='lat' dir='ltr'><strong>Gnosti~</strong></span> 
     </span>
    </p>
   </div>
   <div class='ocr_carea' id='block_1_82' title="bbox 2074 3522 3648 3602">
    <p class='ocr_par' dir='ltr' id='par_1_82' title="bbox 2074 3522 3648 3602">
     <span class='ocr_line' id='line_1_82' title="bbox 2074 3522 3648 3602; baseline -0.009 -13"><span class='ocrx_word' id='word_1_577' title='bbox 2074 3550 2262 3590; x_wconf 88' lang='lat' dir='ltr'><strong>eorum</strong></span> <span class='ocrx_word' id='word_1_578' title='bbox 2291 3543 2417 3590; x_wconf 90' lang='lat' dir='ltr'><strong>sunt</strong></span> <span class='ocrx_word' id='word_1_579' title='bbox 2443 3532 2677 3588; x_wconf 87' lang='lat' dir='ltr'><strong>excitata</strong></span> <span class='ocrx_word' id='word_1_580' title='bbox 2720 3528 3039 3602; x_wconf 89' lang='lat' dir='ltr'><strong>primordia.</strong></span> <span class='ocrx_word' id='word_1_581' title='bbox 3070 3526 3281 3583; x_wconf 84' lang='lat' dir='ltr'><strong>Habent</strong></span> <span class='ocrx_word' id='word_1_582' title='bbox 3324 3539 3487 3595; x_wconf 90' lang='lat' dir='ltr'><strong>porro</strong></span> <span class='ocrx_word' id='word_1_583' title='bbox 3512 3522 3648 3578; x_wconf 79' lang='lat' dir='ltr'><strong>Car-</strong></span> 
     </span>
    </p>
   </div>
   <div class='ocr_carea' id='block_1_83' title="bbox 2076 3612 3646 3696">
    <p class='ocr_par' dir='ltr' id='par_1_83' title="bbox 2076 3612 3646 3696">
     <span class='ocr_line' id='line_1_83' title="bbox 2076 3612 3646 3696; baseline -0.011 -16"><span class='ocrx_word' id='word_1_584' title='bbox 2076 3625 2381 3696; x_wconf 87' lang='lat' dir='ltr'><strong>poeratiaui</strong></span> <span class='ocrx_word' id='word_1_585' title='bbox 2428 3622 2672 3693; x_wconf 90' lang='lat' dir='ltr'><strong>depictas</strong></span> <span class='ocrx_word' id='word_1_586' title='bbox 2728 3618 3005 3676; x_wconf 91' lang='lat' dir='ltr'><strong>coloribus</strong></span> <span class='ocrx_word' id='word_1_587' title='bbox 3064 3615 3365 3688; x_wconf 88' lang='lat' dir='ltr'><strong>imagines,</strong></span> <span class='ocrx_word' id='word_1_588' title='bbox 3425 3612 3646 3683; x_wconf 89' lang='lat' dir='ltr'><strong>quidam</strong></span> 
     </span>
    </p>
   </div>
   <div class='ocr_carea' id='block_1_84' title="bbox 2074 3702 3646 3782">
    <p class='ocr_par' dir='ltr' id='par_1_84' title="bbox 2074 3702 3646 3782">
     <span class='ocr_line' id='line_1_84' title="bbox 2074 3702 3646 3782; baseline -0.011 -10"><span class='ocrx_word' id='word_1_589' title='bbox 2074 3717 2238 3773; x_wconf 90' lang='lat' dir='ltr'><strong>etiam</strong></span> <span class='ocrx_word' id='word_1_590' title='bbox 2279 3730 2474 3770; x_wconf 89' lang='lat' dir='ltr'><strong>aureas</strong></span> <span class='ocrx_word' id='word_1_591' title='bbox 2521 3722 2615 3767; x_wconf 88' lang='lat' dir='ltr'><strong>aut</strong></span> <span class='ocrx_word' id='word_1_592' title='bbox 2663 3717 2968 3782; x_wconf 86' lang='lat' dir='ltr'><strong>argenteas,</strong></span> <span class='ocrx_word' id='word_1_593' title='bbox 3029 3708 3115 3764; x_wconf 84' lang='lat' dir='ltr'><strong>vel</strong></span> <span class='ocrx_word' id='word_1_594' title='bbox 3163 3721 3233 3762; x_wconf 84' lang='lat' dir='ltr'><strong>ex</strong></span> <span class='ocrx_word' id='word_1_595' title='bbox 3273 3704 3380 3760; x_wconf 87' lang='lat' dir='ltr'><strong>alia</strong></span> <span class='ocrx_word' id='word_1_596' title='bbox 3417 3702 3646 3758; x_wconf 88' lang='lat' dir='ltr'><strong>materia</strong></span> 
     </span>
    </p>
   </div>
   <div class='ocr_carea' id='block_1_85' title="bbox 2078 3796 3649 3877">
    <p class='ocr_par' dir='ltr' id='par_1_85' title="bbox 2078 3796 3649 3877">
     <span class='ocr_line' id='line_1_85' title="bbox 2078 3796 3649 3877; baseline -0.01 -14"><span class='ocrx_word' id='word_1_597' title='bbox 2078 3810 2270 3869; x_wconf 83' lang='lat' dir='ltr'><strong>factas,</strong></span> <span class='ocrx_word' id='word_1_598' title='bbox 2296 3822 2433 3877; x_wconf 90' lang='lat' dir='ltr'><strong>quas</strong></span> <span class='ocrx_word' id='word_1_599' title='bbox 2454 3821 2573 3859; x_wconf 82' lang='lat' dir='ltr'><strong>esse.</strong></span> <span class='ocrx_word' id='word_1_600' title='bbox 2602 3802 2730 3859; x_wconf 80' lang='lat' dir='ltr'><strong>Jesu</strong></span> <span class='ocrx_word' id='word_1_601' title='bbox 2757 3801 2958 3871; x_wconf 81' lang='lat' dir='ltr'><strong>efﬁgies</strong></span> <span class='ocrx_word' id='word_1_602' title='bbox 2988 3799 3258 3854; x_wconf 83' lang='lat' dir='ltr'><strong>allirmant</strong></span> <span class='ocrx_word' id='word_1_603' title='bbox 3286 3818 3296 3852; x_wconf 92' lang='lat'>:</span> <span class='ocrx_word' id='word_1_604' title='bbox 3322 3796 3649 3864; x_wconf 85' lang='lat' dir='ltr'><strong>easdemque</strong></span> 
     </span>
    </p>
   </div>
   <div class='ocr_carea' id='block_1_86' title="bbox 2077 3885 3649 3956">
    <p class='ocr_par' dir='ltr' id='par_1_86' title="bbox 2077 3885 3649 3956">
     <span class='ocr_line' id='line_1_86' title="bbox 2077 3885 3649 3956; baseline -0.013 0"><span class='ocrx_word' id='word_1_605' title='bbox 2077 3915 2110 3956; x_wconf 84' lang='lat' dir='ltr'><strong>a</strong></span> <span class='ocrx_word' id='word_1_606' title='bbox 2143 3899 2341 3954; x_wconf 90' lang='lat' dir='ltr'><strong>Pontio</strong></span> <span class='ocrx_word' id='word_1_607' title='bbox 2403 3895 2578 3951; x_wconf 80' lang='lat' dir='ltr'><strong>Pilato</strong></span> <span class='ocrx_word' id='word_1_608' title='bbox 2612 3894 2681 3948; x_wconf 90' lang='lat' dir='ltr'><strong>ad</strong></span> <span class='ocrx_word' id='word_1_609' title='bbox 2712 3893 2915 3947; x_wconf 85' lang='lat' dir='ltr'><strong>Christi</strong></span> <span class='ocrx_word' id='word_1_610' title='bbox 2972 3887 3388 3946; x_wconf 88' lang='lat' dir='ltr'><strong>similitudinem</strong></span> <span class='ocrx_word' id='word_1_611' title='bbox 3441 3885 3649 3941; x_wconf 83' lang='lat' dir='ltr'><strong>ellictas</strong></span> 
     </span>
    </p>
   </div>
   <div class='ocr_carea' id='block_1_87' title="bbox 2078 3976 3648 4062">
    <p class='ocr_par' dir='ltr' id='par_1_87' title="bbox 2078 3976 3648 4062">
     <span class='ocr_line' id='line_1_87' title="bbox 2078 3976 3648 4062; baseline -0.008 -19"><span class='ocrx_word' id='word_1_612' title='bbox 2078 4004 2186 4062; x_wconf 91' lang='lat' dir='ltr'><strong>quo</strong></span> <span class='ocrx_word' id='word_1_613' title='bbox 2214 3997 2455 4057; x_wconf 90' lang='lat' dir='ltr'><strong>tempore</strong></span> <span class='ocrx_word' id='word_1_614' title='bbox 2505 3987 2645 4041; x_wconf 84' lang='lat' dir='ltr'><strong>inter</strong></span> <span class='ocrx_word' id='word_1_615' title='bbox 2674 3982 2925 4040; x_wconf 84' lang='lat' dir='ltr'><strong>homines</strong></span> <span class='ocrx_word' id='word_1_616' title='bbox 2955 3980 3202 4050; x_wconf 89' lang='lat' dir='ltr'><strong>degebat.</strong></span> <span class='ocrx_word' id='word_1_617' title='bbox 3235 3976 3341 4031; x_wconf 90' lang='lat' dir='ltr'><strong>Sed</strong></span> <span class='ocrx_word' id='word_1_618' title='bbox 3378 3976 3648 4048; x_wconf 89' lang='lat' dir='ltr'><strong>ejusmodi</strong></span> 
     </span>
    </p>
   </div>
   <div class='ocr_carea' id='block_1_88' title="bbox 2078 4063 3648 4151">
    <p class='ocr_par' dir='ltr' id='par_1_88' title="bbox 2078 4063 3648 4151">
     <span class='ocr_line' id='line_1_88' title="bbox 2078 4063 3648 4151; baseline -0.008 -15"><span class='ocrx_word' id='word_1_619' title='bbox 2078 4080 2344 4151; x_wconf 85' lang='lat' dir='ltr'><strong>imagines</strong></span> <span class='ocrx_word' id='word_1_620' title='bbox 2376 4078 2619 4135; x_wconf 89' lang='lat' dir='ltr'><strong>occultas</strong></span> <span class='ocrx_word' id='word_1_621' title='bbox 2642 4077 2864 4142; x_wconf 89' lang='lat' dir='ltr'><strong>habent,</strong></span> <span class='ocrx_word' id='word_1_622' title='bbox 2885 4090 3100 4131; x_wconf 90' lang='lat' dir='ltr'><strong>necnon</strong></span> <span class='ocrx_word' id='word_1_623' title='bbox 3132 4063 3186 4131; x_wconf 88' lang='lat' dir='ltr'><strong>et</strong></span> <span class='ocrx_word' id='word_1_624' title='bbox 3203 4072 3648 4144; x_wconf 87' lang='lat' dir='ltr'><strong>philosophorum</strong></span> 
     </span>
    </p>
   </div>
   <div class='ocr_carea' id='block_1_89' title="bbox 2079 4161 3647 4244">
    <p class='ocr_par' dir='ltr' id='par_1_89' title="bbox 2079 4161 3647 4244">
     <span class='ocr_line' id='line_1_89' title="bbox 2079 4161 3647 4244; baseline -0.006 -18"><span class='ocrx_word' id='word_1_625' title='bbox 2079 4169 2461 4244; x_wconf 87' lang='lat' dir='ltr'><strong>quorumdam.</strong></span> <span class='ocrx_word' id='word_1_626' title='bbox 2514 4176 2575 4224; x_wconf 88' lang='lat' dir='ltr'><strong>ut</strong></span> <span class='ocrx_word' id='word_1_627' title='bbox 2613 4167 2959 4240; x_wconf 61' lang='lat' dir='ltr'><strong>Pythagora},</strong></span> <span class='ocrx_word' id='word_1_628' title='bbox 3002 4165 3269 4231; x_wconf 88' lang='lat' dir='ltr'><strong>Platonis,</strong></span> <span class='ocrx_word' id='word_1_629' title='bbox 3311 4161 3647 4225; x_wconf 73' lang='lat' dir='ltr'><strong>Aristotelis,</strong></span> 
     </span>
    </p>
   </div>
   <div class='ocr_carea' id='block_1_90' title="bbox 2083 4274 3651 4357">
    <p class='ocr_par' dir='ltr' id='par_1_90' title="bbox 2083 4274 3651 4357">
     <span class='ocr_line' id='line_1_90' title="bbox 2083 4274 3651 4357; baseline -0.005 -19"><span class='ocrx_word' id='word_1_630' title='bbox 2083 4282 2361 4357; x_wconf 75' lang='grc' dir='ltr'>πρόληψιν</span> <span class='ocrx_word' id='word_1_631' title='bbox 2383 4287 2742 4357; x_wconf 72' lang='lat' dir='ltr'><strong>usurparunt.</strong></span> <span class='ocrx_word' id='word_1_632' title='bbox 2771 4280 2954 4357; x_wconf 79' lang='lat' dir='ltr'><strong>Quare</strong></span> <span class='ocrx_word' id='word_1_633' title='bbox 2988 4279 3126 4357; x_wconf 71' lang='lat' dir='ltr'><strong>nihil</strong></span> <span class='ocrx_word' id='word_1_634' title='bbox 3164 4278 3234 4334; x_wconf 88' lang='lat' dir='ltr'><strong>ab</strong></span> <span class='ocrx_word' id='word_1_635' title='bbox 3264 4277 3372 4357; x_wconf 72' lang='lat' dir='ltr'><strong>illis</strong></span> <span class='ocrx_word' id='word_1_636' title='bbox 3396 4274 3651 4357; x_wconf 74' lang='lat' dir='ltr'><strong>commis-</strong></span> 
     </span>
    </p>
   </div>
   <div class='ocr_carea' id='block_1_91' title="bbox 404 4346 3649 4432">
    <p class='ocr_par' dir='ltr' id='par_1_91' title="bbox 404 4346 3649 4432">
     <span class='ocr_line' id='line_1_91' title="bbox 404 4346 3649 4432; baseline -0.001 -29"><span class='ocrx_word' id='word_1_637' title='bbox 404 4346 875 4432; x_wconf 44' lang='lat' dir='ltr'><strong>Qu&#39;odlacturuni</strong></span> <span class='ocrx_word' id='word_1_638' title='bbox 927 4346 998 4412; x_wconf 83' lang='lat' dir='ltr'><strong>se</strong></span> <span class='ocrx_word' id='word_1_639' title='bbox 1032 4346 1298 4406; x_wconf 83' lang='lat' dir='ltr'><strong>Romanis</strong></span> <span class='ocrx_word' id='word_1_640' title='bbox 1347 4346 1763 4408; x_wconf 86' lang='lat' dir='ltr'><strong>denuntiaverat</strong></span> <span class='ocrx_word' id='word_1_641' title='bbox 1801 4354 1972 4425; x_wconf 81' lang='lat' dir='ltr'><strong>(Rom.</strong></span> <span class='ocrx_word' id='word_1_642' title='bbox 2007 4361 2053 4418; x_wconf 87' lang='lat' dir='ltr'><strong>D</strong></span> <span class='ocrx_word' id='word_1_643' title='bbox 2082 4346 2367 4432; x_wconf 61' lang='lat' dir='ltr'><strong>stim;&#39;_&#39;u_ti</strong></span> <span class='ocrx_word' id='word_1_644' title='bbox 2416 4346 2617 4408; x_wconf 55' lang='lat' dir='ltr'><strong>nec&#39;ab</strong></span> <span class='ocrx_word' id='word_1_645' title='bbox 2661 4350 2928 4432; x_wconf 76' lang='lat' dir='ltr'><strong>Josepho,</strong></span> <span class='ocrx_word' id='word_1_646' title='bbox 2966 4351 3097 4432; x_wconf 82' lang='lat' dir='ltr'><strong>qui,</strong></span> <span class='ocrx_word' id='word_1_647' title='bbox 3147 4349 3293 4420; x_wconf 89' lang='lat' dir='ltr'><strong>quod</strong></span> <span class='ocrx_word' id='word_1_648' title='bbox 3337 4346 3649 4432; x_wconf 73' lang='lat' dir='ltr'><strong>Judaeorum</strong></span> 
     </span>
    </p>
   </div>
   <div class='ocr_carea' id='block_1_92' title="bbox 404 4419 652 4488">
    <p class='ocr_par' dir='ltr' id='par_1_92' title="bbox 404 4419 652 4488">
     <span class='ocr_line' id='line_1_92' title="bbox 404 4419 652 4488; baseline -0.004 -14"><span class='ocrx_word' id='word_1_649' title='bbox 404 4436 496 4480; x_wconf 81' lang='lat' dir='ltr'><strong>xv.</strong></span> <span class='ocrx_word' id='word_1_650' title='bbox 536 4419 652 4488; x_wconf 68' lang='lat'><strong>28).</strong></span> 
     </span>
    </p>
   </div>
   <div class='ocr_carea' id='block_1_93' title="bbox 477 4488 1981 4560">
    <p class='ocr_par' dir='ltr' id='par_1_93' title="bbox 477 4488 1981 4560">
     <span class='ocr_line' id='line_1_93' title="bbox 477 4488 1981 4560; baseline 0.004 -17"><span class='ocrx_word' id='word_1_651' title='bbox 477 4488 591 4560; x_wconf 82' lang='lat'><strong>(89)</strong></span> <span class='ocrx_word' id='word_1_652' title='bbox 628 4490 1227 4555; x_wconf 75' lang='grc' dir='ltr'>Ἐπισκοτεύσαντας</span> <span class='ocrx_word' id='word_1_653' title='bbox 1243 4492 1393 4559; x_wconf 82' lang='grc' dir='ltr'>πρὸς</span> <span class='ocrx_word' id='word_1_654' title='bbox 1413 4492 1670 4547; x_wconf 77' lang='grc' dir='ltr'>δεκαδύο</span> <span class='ocrx_word' id='word_1_655' title='bbox 1694 4494 1820 4560; x_wconf 80' lang='grc' dir='ltr'>ἔτη.</span> <span class='ocrx_word' id='word_1_656' title='bbox 1854 4493 1981 4549; x_wconf 90' lang='lat' dir='ltr'><strong>Sin-</strong></span> 
     </span>
    </p>
   </div>
   <div class='ocr_carea' id='block_1_94' title="bbox 405 4559 1980 4629">
    <p class='ocr_par' dir='ltr' id='par_1_94' title="bbox 405 4559 1980 4629">
     <span class='ocr_line' id='line_1_94' title="bbox 405 4559 1980 4629; baseline 0.005 -18"><span class='ocrx_word' id='word_1_657' title='bbox 405 4559 518 4629; x_wconf 86' lang='lat' dir='ltr'><strong>guli</strong></span> <span class='ocrx_word' id='word_1_658' title='bbox 542 4559 826 4629; x_wconf 84' lang='lat' dir='ltr'><strong>nimirum.</strong></span> <span class='ocrx_word' id='word_1_659' title='bbox 844 4573 969 4613; x_wconf 87' lang='lat' dir='ltr'><strong>nam</strong></span> <span class='ocrx_word' id='word_1_660' title='bbox 995 4576 1060 4614; x_wconf 84' lang='lat' dir='ltr'><strong>ex</strong></span> <span class='ocrx_word' id='word_1_661' title='bbox 1094 4560 1312 4617; x_wconf 82' lang='lat' dir='ltr'><strong>Eusebii</strong></span> <span class='ocrx_word' id='word_1_662' title='bbox 1338 4564 1600 4618; x_wconf 76' lang='lat' dir='ltr'><strong>Chronico</strong></span> <span class='ocrx_word' id='word_1_663' title='bbox 1628 4565 1741 4619; x_wconf 77' lang='lat' dir='ltr'><strong>haec</strong></span> <span class='ocrx_word' id='word_1_664' title='bbox 1764 4559 1980 4619; x_wconf 84' lang='lat' dir='ltr'><strong>mutua-</strong></span> 
     </span>
    </p>
   </div>
   <div class='ocr_carea' id='block_1_95' title="bbox 406 4628 1978 4753">
    <p class='ocr_par' dir='ltr' id='par_1_95' title="bbox 406 4628 1978 4753">
     <span class='ocr_line' id='line_1_95' title="bbox 406 4628 1978 4753; baseline 0.004 -72"><span class='ocrx_word' id='word_1_665' title='bbox 406 4636 498 4753; x_wconf 44' lang='lat' dir='ltr'><strong>tus</strong></span> <span class='ocrx_word' id='word_1_666' title='bbox 525 4639 609 4750; x_wconf 57' lang='lat' dir='ltr'><strong>est</strong></span> <span class='ocrx_word' id='word_1_667' title='bbox 641 4628 998 4699; x_wconf 85' lang='lat' dir='ltr'><strong>Epiphanius,</strong></span> <span class='ocrx_word' id='word_1_668' title='bbox 1028 4631 1117 4685; x_wconf 89' lang='lat' dir='ltr'><strong>ubi</strong></span> <span class='ocrx_word' id='word_1_669' title='bbox 1151 4630 1288 4685; x_wconf 85' lang='lat' dir='ltr'><strong>Lino</strong></span> <span class='ocrx_word' id='word_1_670' title='bbox 1316 4648 1390 4700; x_wconf 75' lang='grc' dir='ltr'><strong>ιι,</strong></span> <span class='ocrx_word' id='word_1_671' title='bbox 1426 4634 1579 4688; x_wconf 86' lang='lat' dir='ltr'><strong>Cieto</strong></span> <span class='ocrx_word' id='word_1_672' title='bbox 1613 4649 1688 4689; x_wconf 85' lang='lat' dir='ltr'><strong>xu</strong></span> <span class='ocrx_word' id='word_1_673' title='bbox 1718 4635 1850 4689; x_wconf 88' lang='lat' dir='ltr'><strong>anni</strong></span> <span class='ocrx_word' id='word_1_674' title='bbox 1877 4634 1978 4689; x_wconf 86' lang='lat' dir='ltr'><strong>tri-</strong></span> 
     </span>
     <span class='ocr_line' id='line_1_96' title="bbox 448 4714 673 4753; baseline 0 0"><span class='ocrx_word' id='word_1_675' title='bbox 448 4715 557 4753; x_wconf 89' lang='lat' dir='ltr'><strong>uun</strong></span> <span class='ocrx_word' id='word_1_676' title='bbox 590 4714 673 4753; x_wconf 88' lang='lat' dir='ltr'><strong>ur.</strong></span> 
     </span>
    </p>
   </div>
   <div class='ocr_carea' id='block_1_96' title="bbox 448 4705 673 4753">
    <p class='ocr_par' dir='ltr' id='par_1_96' title="bbox 448 4705 673 4753">
     <span class='ocr_line' id='line_1_97' title="bbox 448 4705 673 4753; baseline 0 0"><span class='ocrx_word' id='word_1_677' title='bbox 448 4705 673 4753; x_wconf 88' lang='lat' dir='ltr'><strong>uuntur.</strong></span> 
     </span>
    </p>
   </div>
   <div class='ocr_carea' id='block_1_97' title="bbox 483 4766 1977 4843">
    <p class='ocr_par' dir='ltr' id='par_1_97' title="bbox 483 4766 1977 4843">
     <span class='ocr_line' id='line_1_98' title="bbox 483 4766 1977 4843; baseline 0.007 -24"><span class='ocrx_word' id='word_1_678' title='bbox 483 4768 596 4843; x_wconf 63' lang='lat' dir='ltr'><strong>(g0)</strong></span> <span class='ocrx_word' id='word_1_679' title='bbox 641 4766 761 4843; x_wconf 78' lang='grc' dir='ltr'><strong>Τῂν</strong></span> <span class='ocrx_word' id='word_1_680' title='bbox 773 4766 1225 4843; x_wconf 35' lang='grc' dir='ltr'>ἐπί-δωδεκάτῳ</span> <span class='ocrx_word' id='word_1_681' title='bbox 1243 4769 1568 4843; x_wconf 61' lang='lat' dir='ltr'><strong>ersz._Passi</strong></span> <span class='ocrx_word' id='word_1_682' title='bbox 1596 4779 1725 4828; x_wconf 88' lang='lat' dir='ltr'><strong>sunt</strong></span> <span class='ocrx_word' id='word_1_683' title='bbox 1744 4774 1977 4843; x_wconf 89' lang='lat' dir='ltr'><strong>apostoli</strong></span> 
     </span>
    </p>
   </div>
   <div class='ocr_carea' id='block_1_98' title="bbox 408 4837 1977 4914">
    <p class='ocr_par' dir='ltr' id='par_1_98' title="bbox 408 4837 1977 4914">
     <span class='ocr_line' id='line_1_99' title="bbox 408 4837 1977 4914; baseline 0.006 -24"><span class='ocrx_word' id='word_1_684' title='bbox 408 4837 473 4892; x_wconf 91' lang='lat' dir='ltr'><strong>L.</strong></span> <span class='ocrx_word' id='word_1_685' title='bbox 508 4837 735 4914; x_wconf 64' lang='lat' dir='ltr'><strong>Fonteio</strong></span> <span class='ocrx_word' id='word_1_686' title='bbox 764 4837 1070 4914; x_wconf 63' lang='lat' dir='ltr'><strong>Capitone,</strong></span> <span class='ocrx_word' id='word_1_687' title='bbox 1106 4849 1160 4894; x_wconf 89' lang='lat' dir='ltr'><strong>et</strong></span> <span class='ocrx_word' id='word_1_688' title='bbox 1199 4839 1345 4914; x_wconf 86' lang='lat' dir='ltr'><strong>Julio</strong></span> <span class='ocrx_word' id='word_1_689' title='bbox 1392 4840 1534 4897; x_wconf 82' lang='lat' dir='ltr'><strong>Rufo</strong></span> <span class='ocrx_word' id='word_1_690' title='bbox 1580 4858 1725 4898; x_wconf 87' lang='lat' dir='ltr'><strong>coss.</strong></span> <span class='ocrx_word' id='word_1_691' title='bbox 1776 4837 1977 4914; x_wconf 83' lang='lat' dir='ltr'><strong>quibus</strong></span> 
     </span>
    </p>
   </div>
   <div class='ocr_carea' id='block_1_99' title="bbox 409 4907 1976 4973">
    <p class='ocr_par' dir='ltr' id='par_1_99' title="bbox 409 4907 1976 4973">
     <span class='ocr_line' id='line_1_100' title="bbox 409 4907 1976 4973; baseline 0.006 -13"><span class='ocrx_word' id='word_1_692' title='bbox 409 4922 560 4962; x_wconf 87' lang='lat' dir='ltr'><strong>anno</strong></span> <span class='ocrx_word' id='word_1_693' title='bbox 588 4907 818 4962; x_wconf 88' lang='lat' dir='ltr'><strong>Neronis</strong></span> <span class='ocrx_word' id='word_1_694' title='bbox 844 4924 941 4962; x_wconf 86' lang='lat' dir='ltr'><strong>xm</strong></span> <span class='ocrx_word' id='word_1_695' title='bbox 979 4908 1152 4973; x_wconf 85' lang='lat' dir='ltr'><strong>linito,</strong></span> <span class='ocrx_word' id='word_1_696' title='bbox 1181 4912 1345 4973; x_wconf 65' lang='lat' dir='ltr'><strong>coepit</strong></span> <span class='ocrx_word' id='word_1_697' title='bbox 1377 4928 1467 4967; x_wconf 79' lang='lat' dir='ltr'><strong>xw</strong></span> <span class='ocrx_word' id='word_1_698' title='bbox 1494 4928 1558 4967; x_wconf 85' lang='lat' dir='ltr'><strong>ex</strong></span> <span class='ocrx_word' id='word_1_699' title='bbox 1596 4922 1721 4969; x_wconf 90' lang='lat' dir='ltr'><strong>ante</strong></span> <span class='ocrx_word' id='word_1_700' title='bbox 1743 4907 1884 4969; x_wconf 72' lang='lat' dir='ltr'><strong>dicm</strong></span> <span class='ocrx_word' id='word_1_701' title='bbox 1915 4930 1976 4969; x_wconf 86' lang='grc' dir='ltr'><strong>ιιι</strong></span> 
     </span>
    </p>
   </div>
   <div class='ocr_carea' id='block_1_100' title="bbox 409 4976 1979 5047">
    <p class='ocr_par' dir='ltr' id='par_1_100' title="bbox 409 4976 1979 5047">
     <span class='ocr_line' id='line_1_101' title="bbox 409 4976 1979 5047; baseline 0.006 -17"><span class='ocrx_word' id='word_1_702' title='bbox 409 4976 533 5032; x_wconf 81' lang='lat' dir='ltr'><strong>Eid.</strong></span> <span class='ocrx_word' id='word_1_703' title='bbox 566 4978 791 5032; x_wconf 84' lang='lat' dir='ltr'><strong>Octobr.</strong></span> <span class='ocrx_word' id='word_1_704' title='bbox 820 4976 917 5031; x_wconf 89' lang='lat' dir='ltr'><strong>llic</strong></span> <span class='ocrx_word' id='word_1_705' title='bbox 947 4988 1031 5034; x_wconf 85' lang='lat' dir='ltr'><strong>est</strong></span> <span class='ocrx_word' id='word_1_706' title='bbox 1064 4996 1242 5036; x_wconf 90' lang='lat' dir='ltr'><strong>annus</strong></span> <span class='ocrx_word' id='word_1_707' title='bbox 1264 4976 1515 5037; x_wconf 81' lang='lat' dir='ltr'><strong>Julianus</strong></span> <span class='ocrx_word' id='word_1_708' title='bbox 1540 4999 1675 5047; x_wconf 87' lang='lat' dir='ltr'><strong>cxu,</strong></span> <span class='ocrx_word' id='word_1_709' title='bbox 1707 5000 1830 5039; x_wconf 62' lang='lat' dir='ltr'><strong>aera:</strong></span> <span class='ocrx_word' id='word_1_710' title='bbox 1853 4985 1979 5039; x_wconf 83' lang='lat' dir='ltr'><strong>Dio-</strong></span> 
     </span>
    </p>
   </div>
   <div class='ocr_carea' id='block_1_101' title="bbox 410 5048 1974 5117">
    <p class='ocr_par' dir='ltr' id='par_1_101' title="bbox 410 5048 1974 5117">
     <span class='ocr_line' id='line_1_102' title="bbox 410 5048 1974 5117; baseline 0.006 -16"><span class='ocrx_word' id='word_1_711' title='bbox 410 5048 657 5117; x_wconf 77' lang='lat' dir='ltr'><strong>nysianae</strong></span> <span class='ocrx_word' id='word_1_712' title='bbox 689 5062 859 5101; x_wconf 78' lang='lat' dir='ltr'><strong>van.</strong></span> <span class='ocrx_word' id='word_1_713' title='bbox 900 5049 1269 5113; x_wconf 85' lang='lat' dir='ltr'><strong>Quamobrem</strong></span> <span class='ocrx_word' id='word_1_714' title='bbox 1302 5067 1410 5105; x_wconf 88' lang='lat' dir='ltr'><strong>non</strong></span> <span class='ocrx_word' id='word_1_715' title='bbox 1441 5068 1585 5107; x_wconf 91' lang='lat' dir='ltr'><strong>anno</strong></span> <span class='ocrx_word' id='word_1_716' title='bbox 1616 5069 1690 5108; x_wconf 80' lang='lat' dir='ltr'><strong>xu</strong></span> <span class='ocrx_word' id='word_1_717' title='bbox 1722 5053 1974 5116; x_wconf 82' lang='lat' dir='ltr'><strong>Neronis,</strong></span> 
     </span>
    </p>
   </div>
   <div class='ocr_carea' id='block_1_102' title="bbox 410 5118 1976 5188">
    <p class='ocr_par' dir='ltr' id='par_1_102' title="bbox 410 5118 1976 5188">
     <span class='ocr_line' id='line_1_103' title="bbox 410 5118 1976 5188; baseline 0.005 -17"><span class='ocrx_word' id='word_1_718' title='bbox 410 5127 473 5171; x_wconf 91' lang='lat' dir='ltr'><strong>ut</strong></span> <span class='ocrx_word' id='word_1_719' title='bbox 519 5119 741 5188; x_wconf 88' lang='lat' dir='ltr'><strong>scripsit</strong></span> <span class='ocrx_word' id='word_1_720' title='bbox 790 5118 1148 5187; x_wconf 85' lang='lat' dir='ltr'><strong>Epiphanius,</strong></span> <span class='ocrx_word' id='word_1_721' title='bbox 1204 5121 1298 5174; x_wconf 82' lang='lat' dir='ltr'><strong>sed</strong></span> <span class='ocrx_word' id='word_1_722' title='bbox 1351 5139 1450 5176; x_wconf 87' lang='lat' dir='ltr'><strong>xm</strong></span> <span class='ocrx_word' id='word_1_723' title='bbox 1499 5124 1717 5180; x_wconf 82' lang='lat' dir='ltr'><strong>labente</strong></span> <span class='ocrx_word' id='word_1_724' title='bbox 1774 5127 1976 5179; x_wconf 92' lang='lat' dir='ltr'><strong>mortui</strong></span> 
     </span>
    </p>
   </div>
   <div class='ocr_carea' id='block_1_103' title="bbox 409 5188 1977 5265">
    <p class='ocr_par' dir='ltr' id='par_1_103' title="bbox 409 5188 1977 5265">
     <span class='ocr_line' id='line_1_104' title="bbox 409 5188 1977 5265; baseline 0.005 -24"><span class='ocrx_word' id='word_1_725' title='bbox 409 5195 542 5241; x_wconf 87' lang='lat' dir='ltr'><strong>sunt</strong></span> <span class='ocrx_word' id='word_1_726' title='bbox 573 5188 827 5265; x_wconf 76' lang='lat' dir='ltr'><strong>apostoli.</strong></span> <span class='ocrx_word' id='word_1_727' title='bbox 852 5189 1030 5265; x_wconf 80' lang='lat' dir='ltr'><strong>_Quem</strong></span> <span class='ocrx_word' id='word_1_728' title='bbox 1050 5190 1193 5265; x_wconf 29' lang='lat' dir='ltr'><strong>dum.</strong></span> <span class='ocrx_word' id='word_1_729' title='bbox 1215 5190 1504 5265; x_wconf 79' lang='lat' dir='ltr'><strong>Eusebius,</strong></span> <span class='ocrx_word' id='word_1_730' title='bbox 1537 5203 1591 5247; x_wconf 86' lang='lat' dir='ltr'><strong>et</strong></span> <span class='ocrx_word' id='word_1_731' title='bbox 1614 5193 1977 5265; x_wconf 81' lang='lat' dir='ltr'><strong>Hieronymus</strong></span> 
     </span>
    </p>
   </div>
   <div class='ocr_carea' id='block_1_104' title="bbox 409 5258 1972 5332">
    <p class='ocr_par' dir='ltr' id='par_1_104' title="bbox 409 5258 1972 5332">
     <span class='ocr_line' id='line_1_105' title="bbox 409 5258 1972 5332; baseline 0.008 -24"><span class='ocrx_word' id='word_1_732' title='bbox 409 5273 503 5332; x_wconf 69' lang='lat' dir='ltr'><strong>xiv</strong></span> <span class='ocrx_word' id='word_1_733' title='bbox 524 5260 820 5332; x_wconf 80' lang='lat' dir='ltr'><strong>appellant,</strong></span> <span class='ocrx_word' id='word_1_734' title='bbox 845 5258 1049 5332; x_wconf 76' lang='lat' dir='ltr'><strong>frustra</strong></span> <span class='ocrx_word' id='word_1_735' title='bbox 1074 5262 1132 5314; x_wconf 89' lang='lat' dir='ltr'><strong>in</strong></span> <span class='ocrx_word' id='word_1_736' title='bbox 1160 5259 1457 5317; x_wconf 74' lang='lat' dir='ltr'><strong>Annalibus</strong></span> <span class='ocrx_word' id='word_1_737' title='bbox 1483 5258 1972 5332; x_wconf 74' lang='lat' dir='ltr'><strong>reprehenduntur.</strong></span> 
     </span>
    </p>
   </div>
   <div class='ocr_carea' id='block_1_105' title="bbox 409 5327 1976 5403">
    <p class='ocr_par' dir='ltr' id='par_1_105' title="bbox 409 5327 1976 5403">
     <span class='ocr_line' id='line_1_106' title="bbox 409 5327 1976 5403; baseline 0.005 -23"><span class='ocrx_word' id='word_1_738' title='bbox 409 5327 623 5381; x_wconf 75' lang='lat' dir='ltr'><strong>Etenim</strong></span> <span class='ocrx_word' id='word_1_739' title='bbox 659 5330 905 5403; x_wconf 71' lang='lat' dir='ltr'><strong>plerique</strong></span> <span class='ocrx_word' id='word_1_740' title='bbox 936 5331 1373 5403; x_wconf 72' lang='lat' dir='ltr'><strong>Christianorum</strong></span> <span class='ocrx_word' id='word_1_741' title='bbox 1414 5327 1745 5403; x_wconf 82' lang='lat' dir='ltr'><strong>scriptorum</strong></span> <span class='ocrx_word' id='word_1_742' title='bbox 1797 5336 1976 5390; x_wconf 83' lang='lat' dir='ltr'><strong>solent</strong></span> 
     </span>
    </p>
   </div>
   <div class='ocr_carea' id='block_1_106' title="bbox 409 5400 1974 5477">
    <p class='ocr_par' dir='ltr' id='par_1_106' title="bbox 409 5400 1974 5477">
     <span class='ocr_line' id='line_1_107' title="bbox 409 5400 1974 5477; baseline 0.005 -28"><span class='ocrx_word' id='word_1_743' title='bbox 409 5400 881 5477; x_wconf 76' lang='lat' dir='ltr'><strong>ann_orum_initia</strong></span> <span class='ocrx_word' id='word_1_744' title='bbox 912 5416 945 5477; x_wconf 62' lang='grc' dir='ltr'><strong>ξι</strong></span> <span class='ocrx_word' id='word_1_745' title='bbox 981 5415 1149 5455; x_wconf 82' lang='lat' dir='ltr'><strong>verno</strong></span> <span class='ocrx_word' id='word_1_746' title='bbox 1189 5400 1549 5473; x_wconf 66' lang='lat' dir='ltr'><strong>Pasclialiqué</strong></span> <span class='ocrx_word' id='word_1_747' title='bbox 1589 5420 1796 5477; x_wconf 85' lang='lat' dir='ltr'><strong>mense,</strong></span> <span class='ocrx_word' id='word_1_748' title='bbox 1828 5405 1974 5477; x_wconf 85' lang='lat' dir='ltr'><strong>quod</strong></span> 
     </span>
    </p>
   </div>
   <div class='ocr_carea' id='block_1_107' title="bbox 411 5468 1974 5546">
    <p class='ocr_par' dir='ltr' id='par_1_107' title="bbox 411 5468 1974 5546">
     <span class='ocr_line' id='line_1_108' title="bbox 411 5468 1974 5546; baseline 0.006 -27"><span class='ocrx_word' id='word_1_749' title='bbox 411 5468 935 5546; x_wconf 67' lang='lat' dir='ltr'><strong>ecclesiastieianni</strong></span> <span class='ocrx_word' id='word_1_750' title='bbox 973 5480 1140 5541; x_wconf 86' lang='lat' dir='ltr'><strong>caput</strong></span> <span class='ocrx_word' id='word_1_751' title='bbox 1166 5481 1271 5533; x_wconf 87' lang='lat' dir='ltr'><strong>est,</strong></span> <span class='ocrx_word' id='word_1_752' title='bbox 1306 5468 1627 5546; x_wconf 65' lang='lat' dir='ltr'><strong>arcessere:</strong></span> <span class='ocrx_word' id='word_1_753' title='bbox 1663 5475 1715 5529; x_wconf 91' lang='lat' dir='ltr'><strong>id</strong></span> <span class='ocrx_word' id='word_1_754' title='bbox 1760 5468 1907 5545; x_wconf 80' lang='lat' dir='ltr'><strong>quod</strong></span> <span class='ocrx_word' id='word_1_755' title='bbox 1945 5491 1974 5528; x_wconf 87' lang='lat' dir='ltr'><strong>a</strong></span> 
     </span>
    </p>
   </div>
   <div class='ocr_carea' id='block_1_108' title="bbox 415 5538 1974 5611">
    <p class='ocr_par' dir='ltr' id='par_1_108' title="bbox 415 5538 1974 5611">
     <span class='ocr_line' id='line_1_109' title="bbox 415 5538 1974 5611; baseline 0.008 -22"><span class='ocrx_word' id='word_1_756' title='bbox 415 5538 549 5611; x_wconf 70' lang='lat' dir='ltr'><strong>viris</strong></span> <span class='ocrx_word' id='word_1_757' title='bbox 593 5538 823 5611; x_wconf 80' lang='lat' dir='ltr'><strong>eruditis</strong></span> <span class='ocrx_word' id='word_1_758' title='bbox 853 5538 1205 5595; x_wconf 75' lang='lat' dir='ltr'><strong>observatum</strong></span> <span class='ocrx_word' id='word_1_759' title='bbox 1247 5551 1353 5597; x_wconf 82' lang='lat' dir='ltr'><strong>est.</strong></span> <span class='ocrx_word' id='word_1_760' title='bbox 1408 5543 1545 5598; x_wconf 84' lang='lat' dir='ltr'><strong>Cum</strong></span> <span class='ocrx_word' id='word_1_761' title='bbox 1592 5546 1760 5611; x_wconf 77' lang='lat' dir='ltr'><strong>igitur</strong></span> <span class='ocrx_word' id='word_1_762' title='bbox 1779 5538 1974 5602; x_wconf 60' lang='lat' dir='ltr'><strong>&#39;aunus</strong></span> 
     </span>
    </p>
   </div>
   <div class='ocr_carea' id='block_1_109' title="bbox 413 5603 1970 5687">
    <p class='ocr_par' dir='ltr' id='par_1_109' title="bbox 413 5603 1970 5687">
     <span class='ocr_line' id='line_1_110' title="bbox 413 5603 1970 5687; baseline 0.007 -29"><span class='ocrx_word' id='word_1_763' title='bbox 413 5603 651 5687; x_wconf 65' lang='lat' dir='ltr'><strong>Neronis</strong></span> <span class='ocrx_word' id='word_1_764' title='bbox 683 5623 773 5662; x_wconf 75' lang='lat' dir='ltr'><strong>XIV</strong></span> <span class='ocrx_word' id='word_1_765' title='bbox 804 5611 1320 5687; x_wconf 58' lang='lat' dir='ltr'><strong>creperithtobris</strong></span> <span class='ocrx_word' id='word_1_766' title='bbox 1356 5628 1410 5667; x_wconf 83' lang='lat' dir='ltr'><strong>xi</strong></span> <span class='ocrx_word' id='word_1_767' title='bbox 1449 5615 1577 5667; x_wconf 91' lang='lat' dir='ltr'><strong>anni</strong></span> <span class='ocrx_word' id='word_1_768' title='bbox 1606 5603 1808 5670; x_wconf 65' lang='lat' dir='ltr'><strong>iuliani</strong></span> <span class='ocrx_word' id='word_1_769' title='bbox 1837 5631 1970 5681; x_wconf 82' lang='lat' dir='ltr'><strong>exit,</strong></span> 
     </span>
    </p>
   </div>
   <div class='ocr_carea' id='block_1_110' title="bbox 415 5674 1978 5753">
    <p class='ocr_par' dir='ltr' id='par_1_110' title="bbox 415 5674 1978 5753">
     <span class='ocr_line' id='line_1_111' title="bbox 415 5674 1978 5753; baseline 0.008 -24"><span class='ocrx_word' id='word_1_770' title='bbox 415 5674 687 5735; x_wconf 78' lang='lat' dir='ltr'><strong>Eusebius</strong></span> <span class='ocrx_word' id='word_1_771' title='bbox 706 5693 768 5734; x_wconf 87' lang='lat' dir='ltr'><strong>ac</strong></span> <span class='ocrx_word' id='word_1_772' title='bbox 790 5674 985 5753; x_wconf 74' lang='lat' dir='ltr'><strong>reliqui</strong></span> <span class='ocrx_word' id='word_1_773' title='bbox 1004 5681 1125 5752; x_wconf 87' lang='lat' dir='ltr'><strong>ejus</strong></span> <span class='ocrx_word' id='word_1_774' title='bbox 1149 5682 1363 5738; x_wconf 85' lang='lat' dir='ltr'><strong>initiqu</strong></span> <span class='ocrx_word' id='word_1_775' title='bbox 1388 5700 1417 5738; x_wconf 72' lang='grc' dir='ltr'><strong>ιι</strong></span> <span class='ocrx_word' id='word_1_776' title='bbox 1443 5700 1628 5744; x_wconf 89' lang='lat' dir='ltr'><strong>mense</strong></span> <span class='ocrx_word' id='word_1_777' title='bbox 1649 5702 1815 5742; x_wconf 80' lang='lat' dir='ltr'><strong>verno</strong></span> <span class='ocrx_word' id='word_1_778' title='bbox 1840 5674 1978 5742; x_wconf 74' lang='grc' dir='ltr'>κατᾶ</span> 
     </span>
    </p>
   </div>
   <div class='ocr_carea' id='block_1_111' title="bbox 2083 4414 3651 4488">
    <p class='ocr_par' dir='ltr' id='par_1_111' title="bbox 2083 4414 3651 4488">
     <span class='ocr_line' id='line_1_112' title="bbox 2083 4414 3651 4488; baseline -0.008 -9"><span class='ocrx_word' id='word_1_779' title='bbox 2083 4414 2333 4481; x_wconf 80' lang='lat' dir='ltr'><strong>historici</strong></span> <span class='ocrx_word' id='word_1_780' title='bbox 2367 4414 3217 4488; x_wconf 47' lang='lat' dir='ltr'><strong>consueverant;imperatorum</strong></span> <span class='ocrx_word' id='word_1_781' title='bbox 3250 4434 3313 4472; x_wconf 90' lang='lat' dir='ltr'><strong>ac</strong></span> <span class='ocrx_word' id='word_1_782' title='bbox 3343 4414 3651 4488; x_wconf 85' lang='lat' dir='ltr'><strong>principum</strong></span> 
     </span>
    </p>
   </div>
   <div class='ocr_carea' id='block_1_112' title="bbox 2081 4487 3649 4561">
    <p class='ocr_par' dir='ltr' id='par_1_112' title="bbox 2081 4487 3649 4561">
     <span class='ocr_line' id='line_1_113' title="bbox 2081 4487 3649 4561; baseline -0.007 -13"><span class='ocrx_word' id='word_1_783' title='bbox 2081 4509 2277 4559; x_wconf 89' lang='lat' dir='ltr'><strong>anuos,</strong></span> <span class='ocrx_word' id='word_1_784' title='bbox 2314 4508 2343 4547; x_wconf 86' lang='lat' dir='ltr'><strong>a</strong></span> <span class='ocrx_word' id='word_1_785' title='bbox 2365 4492 2533 4547; x_wconf 89' lang='lat' dir='ltr'><strong>Nisan</strong></span> <span class='ocrx_word' id='word_1_786' title='bbox 2569 4493 2768 4561; x_wconf 70' lang='lat' dir='ltr'><strong>saepius</strong></span> <span class='ocrx_word' id='word_1_787' title='bbox 2803 4487 3096 4545; x_wconf 75' lang='lat' dir='ltr'><strong>inchoasse</strong></span> <span class='ocrx_word' id='word_1_788' title='bbox 3129 4487 3649 4561; x_wconf 72' lang='lat' dir='ltr'><strong>creditur;t_au_ietsi</strong></span> 
     </span>
    </p>
   </div>
   <div class='ocr_carea' id='block_1_113' title="bbox 2080 4555 3651 4633">
    <p class='ocr_par' dir='ltr' id='par_1_113' title="bbox 2080 4555 3651 4633">
     <span class='ocr_line' id='line_1_114' title="bbox 2080 4555 3651 4633; baseline -0.007 -15"><span class='ocrx_word' id='word_1_789' title='bbox 2080 4555 2289 4633; x_wconf 83' lang='lat' dir='ltr'><strong>aliquot</strong></span> <span class='ocrx_word' id='word_1_790' title='bbox 2322 4564 2391 4618; x_wconf 87' lang='lat' dir='ltr'><strong>ab</strong></span> <span class='ocrx_word' id='word_1_791' title='bbox 2423 4564 2516 4617; x_wconf 92' lang='lat' dir='ltr'><strong>illo</strong></span> <span class='ocrx_word' id='word_1_792' title='bbox 2546 4555 2825 4633; x_wconf 79' lang='lat' dir='ltr'><strong>mensibus</strong></span> <span class='ocrx_word' id='word_1_793' title='bbox 2862 4558 3277 4633; x_wconf 78' lang='lat' dir='ltr'><strong>iniissent.Qu_o</strong></span> <span class='ocrx_word' id='word_1_794' title='bbox 3306 4559 3397 4611; x_wconf 88' lang='lat' dir='ltr'><strong>illa</strong></span> <span class='ocrx_word' id='word_1_795' title='bbox 3431 4555 3651 4608; x_wconf 84' lang='lat' dir='ltr'><strong>Talmu-</strong></span> 
     </span>
    </p>
   </div>
   <div class='ocr_carea' id='block_1_114' title="bbox 2079 4627 3649 4703">
    <p class='ocr_par' dir='ltr' id='par_1_114' title="bbox 2079 4627 3649 4703">
     <span class='ocr_line' id='line_1_115' title="bbox 2079 4627 3649 4703; baseline -0.004 -15"><span class='ocrx_word' id='word_1_796' title='bbox 2079 4627 2346 4688; x_wconf 72' lang='lat' dir='ltr'><strong>distarum</strong></span> <span class='ocrx_word' id='word_1_797' title='bbox 2404 4633 2591 4703; x_wconf 77' lang='lat' dir='ltr'><strong>regula</strong></span> <span class='ocrx_word' id='word_1_798' title='bbox 2650 4632 2885 4703; x_wconf 80' lang='lat' dir='ltr'><strong>pertinet</strong></span> <span class='ocrx_word' id='word_1_799' title='bbox 2933 4650 2946 4685; x_wconf 87' lang='lat'><strong>:</strong></span> <span class='ocrx_word' id='word_1_800' title='bbox 3001 4630 3093 4703; x_wconf 85' lang='lat' dir='ltr'><strong>qui</strong></span> <span class='ocrx_word' id='word_1_801' title='bbox 3129 4627 3475 4703; x_wconf 86' lang='lat' dir='ltr'><strong>in__Tractatu</strong></span> <span class='ocrx_word' id='word_1_802' title='bbox 3508 4633 3649 4703; x_wconf 58' lang='lat' dir='ltr'><strong>tum</strong></span> 
     </span>
    </p>
   </div>
   <div class='ocr_carea' id='block_1_115' title="bbox 2077 4695 3646 4775">
    <p class='ocr_par' dir='ltr' id='par_1_115' title="bbox 2077 4695 3646 4775">
     <span class='ocr_line' id='line_1_116' title="bbox 2077 4695 3646 4775; baseline -0.011 -12"><span class='ocrx_word' id='word_1_803' title='bbox 2077 4714 2252 4768; x_wconf 72' lang='lat' dir='ltr'><strong>nam,</strong></span> <span class='ocrx_word' id='word_1_804' title='bbox 2293 4719 2411 4772; x_wconf 89' lang='lat' dir='ltr'><strong>cap.</strong></span> <span class='ocrx_word' id='word_1_805' title='bbox 2448 4695 2498 4764; x_wconf 65' lang='grc' dir='ltr'>ιζ</span> <span class='ocrx_word' id='word_1_806' title='bbox 2544 4695 2707 4775; x_wconf 78' lang='grc' dir='ltr'><strong>[ο1.’5</strong></span> <span class='ocrx_word' id='word_1_807' title='bbox 2747 4701 2979 4775; x_wconf 81' lang='lat' dir='ltr'><strong>docent,</strong></span> <span class='ocrx_word' id='word_1_808' title='bbox 3024 4695 3646 4775; x_wconf 46' lang='lat' dir='ltr'><strong>Israelitarti‘uiuuidetn</strong></span> 
     </span>
    </p>
   </div>
   <div class='ocr_carea' id='block_1_116' title="bbox 2075 4765 3649 4843">
    <p class='ocr_par' dir='ltr' id='par_1_116' title="bbox 2075 4765 3649 4843">
     <span class='ocr_line' id='line_1_117' title="bbox 2075 4765 3649 4843; baseline -0.008 -17"><span class='ocrx_word' id='word_1_809' title='bbox 2075 4765 2267 4843; x_wconf 83' lang='lat' dir='ltr'><strong>regum</strong></span> <span class='ocrx_word' id='word_1_810' title='bbox 2322 4765 2496 4826; x_wconf 77' lang='lat' dir='ltr'><strong>annos</strong></span> <span class='ocrx_word' id='word_1_811' title='bbox 2544 4773 2613 4843; x_wconf 83' lang='lat' dir='ltr'><strong>ab</strong></span> <span class='ocrx_word' id='word_1_812' title='bbox 2655 4771 3011 4843; x_wconf 56' lang='lat' dir='ltr'><strong>antecedente</strong></span> <span class='ocrx_word' id='word_1_813' title='bbox 3038 4768 3204 4843; x_wconf 69' lang='lat' dir='ltr'><strong>Nisan</strong></span> <span class='ocrx_word' id='word_1_814' title='bbox 3241 4765 3449 4843; x_wconf 38' lang='lat' dir='ltr'><strong>ordiri;</strong></span> <span class='ocrx_word' id='word_1_815' title='bbox 3494 4770 3649 4843; x_wconf 73' lang='lat' dir='ltr'><strong>exte-</strong></span> 
     </span>
    </p>
   </div>
   <div class='ocr_carea' id='block_1_117' title="bbox 2077 4832 3690 4911">
    <p class='ocr_par' dir='ltr' id='par_1_117' title="bbox 2077 4832 3690 4911">
     <span class='ocr_line' id='line_1_118' title="bbox 2077 4832 3690 4911; baseline -0.009 -14"><span class='ocrx_word' id='word_1_816' title='bbox 2077 4832 2267 4898; x_wconf 65' lang='lat' dir='ltr'><strong>rarum</strong></span> <span class='ocrx_word' id='word_1_817' title='bbox 2318 4857 2450 4896; x_wconf 83' lang='lat' dir='ltr'><strong>vero</strong></span> <span class='ocrx_word' id='word_1_818' title='bbox 2492 4842 2827 4911; x_wconf 84' lang='lat' dir='ltr'><strong>principum,</strong></span> <span class='ocrx_word' id='word_1_819' title='bbox 2868 4855 2899 4911; x_wconf 74' lang='grc' dir='ltr'><strong>ιι</strong></span> <span class='ocrx_word' id='word_1_820' title='bbox 2949 4838 3115 4894; x_wconf 89' lang='lat' dir='ltr'><strong>Tisri.</strong></span> <span class='ocrx_word' id='word_1_821' title='bbox 3160 4833 3479 4911; x_wconf 41' lang='lat' dir='ltr'><strong>QuodetRA.</strong></span> <span class='ocrx_word' id='word_1_822' title='bbox 3505 4832 3642 4886; x_wconf 87' lang='lat' dir='ltr'><strong>lssa-</strong></span> <span class='ocrx_word' id='word_1_823' title='bbox 3682 4835 3690 4847; x_wconf 92' lang='lat'><strong><em>‘</em></strong></span> 
     </span>
    </p>
   </div>
   <div class='ocr_carea' id='block_1_118' title="bbox 2079 4904 3646 4982">
    <p class='ocr_par' dir='ltr' id='par_1_118' title="bbox 2079 4904 3646 4982">
     <span class='ocr_line' id='line_1_119' title="bbox 2079 4904 3646 4982; baseline -0.009 -15"><span class='ocrx_word' id='word_1_824' title='bbox 2079 4914 2211 4968; x_wconf 84' lang='lat' dir='ltr'><strong>cliar</strong></span> <span class='ocrx_word' id='word_1_825' title='bbox 2249 4912 2350 4967; x_wconf 83' lang='lat' dir='ltr'><strong>ben</strong></span> <span class='ocrx_word' id='word_1_826' title='bbox 2402 4904 2711 4966; x_wconf 65' lang='lat' dir='ltr'><strong>Mordecliai</strong></span> <span class='ocrx_word' id='word_1_827' title='bbox 2756 4904 2818 4982; x_wconf 73' lang='lat' dir='ltr'><strong>in</strong></span> <span class='ocrx_word' id='word_1_828' title='bbox 2858 4909 3117 4982; x_wconf 83' lang='lat' dir='ltr'><strong>Compth</strong></span> <span class='ocrx_word' id='word_1_829' title='bbox 3152 4904 3400 4982; x_wconf 78' lang='lat' dir='ltr'><strong>tradidit.</strong></span> <span class='ocrx_word' id='word_1_830' title='bbox 3439 4904 3646 4982; x_wconf 75' lang='lat' dir='ltr'><strong>Quam-</strong></span> 
     </span>
    </p>
   </div>
   <div class='ocr_carea' id='block_1_119' title="bbox 2078 4974 3647 5053">
    <p class='ocr_par' dir='ltr' id='par_1_119' title="bbox 2078 4974 3647 5053">
     <span class='ocr_line' id='line_1_120' title="bbox 2078 4974 3647 5053; baseline -0.009 -15"><span class='ocrx_word' id='word_1_831' title='bbox 2078 4985 2268 5038; x_wconf 88' lang='lat' dir='ltr'><strong>obrem</strong></span> <span class='ocrx_word' id='word_1_832' title='bbox 2322 4983 2368 5037; x_wconf 90' lang='lat' dir='ltr'><strong>si</strong></span> <span class='ocrx_word' id='word_1_833' title='bbox 2423 4985 2548 5053; x_wconf 90' lang='lat' dir='ltr'><strong>quis</strong></span> <span class='ocrx_word' id='word_1_834' title='bbox 2580 4980 2813 5050; x_wconf 82' lang='lat' dir='ltr'><strong>exempli</strong></span> <span class='ocrx_word' id='word_1_835' title='bbox 2856 4974 3022 5034; x_wconf 80' lang='lat' dir='ltr'><strong>causa</strong></span> <span class='ocrx_word' id='word_1_836' title='bbox 3069 4977 3258 5053; x_wconf 83' lang='lat' dir='ltr'><strong>u_lti_m_o</strong></span> <span class='ocrx_word' id='word_1_837' title='bbox 3300 4974 3389 5029; x_wconf 91' lang='lat' dir='ltr'><strong>die</strong></span> <span class='ocrx_word' id='word_1_838' title='bbox 3439 4974 3647 5053; x_wconf 69' lang='lat' dir='ltr'><strong>mensis</strong></span> 
     </span>
    </p>
   </div>
   <div class='ocr_carea' id='block_1_120' title="bbox 2079 5042 3646 5119">
    <p class='ocr_par' dir='ltr' id='par_1_120' title="bbox 2079 5042 3646 5119">
     <span class='ocr_line' id='line_1_121' title="bbox 2079 5042 3646 5119; baseline -0.01 -12"><span class='ocrx_word' id='word_1_839' title='bbox 2079 5054 2223 5109; x_wconf 82' lang='lat' dir='ltr'><strong>Adar</strong></span> <span class='ocrx_word' id='word_1_840' title='bbox 2264 5042 2489 5119; x_wconf 72' lang='lat' dir='ltr'><strong>regnum</strong></span> <span class='ocrx_word' id='word_1_841' title='bbox 2524 5042 2809 5119; x_wconf 68' lang='lat' dir='ltr'><strong>capessat,</strong></span> <span class='ocrx_word' id='word_1_842' title='bbox 2860 5048 3109 5119; x_wconf 85' lang='lat' dir='ltr'><strong>sequenti</strong></span> <span class='ocrx_word' id='word_1_843' title='bbox 3161 5044 3331 5100; x_wconf 88' lang='lat' dir='ltr'><strong>Nisan</strong></span> <span class='ocrx_word' id='word_1_844' title='bbox 3369 5042 3646 5098; x_wconf 89' lang='lat' dir='ltr'><strong>secundus</strong></span> 
     </span>
    </p>
   </div>
   <div class='ocr_carea' id='block_1_121' title="bbox 2080 5118 3648 5201">
    <p class='ocr_par' dir='ltr' id='par_1_121' title="bbox 2080 5118 3648 5201">
     <span class='ocr_line' id='line_1_122' title="bbox 2080 5118 3648 5201; baseline -0.003 -24"><span class='ocrx_word' id='word_1_845' title='bbox 2080 5123 2293 5192; x_wconf 89' lang='lat' dir='ltr'><strong>imperii</strong></span> <span class='ocrx_word' id='word_1_846' title='bbox 2332 5118 2483 5178; x_wconf 87' lang='lat' dir='ltr'><strong>illius</strong></span> <span class='ocrx_word' id='word_1_847' title='bbox 2520 5118 2695 5176; x_wconf 86' lang='lat' dir='ltr'><strong>anuus</strong></span> <span class='ocrx_word' id='word_1_848' title='bbox 2722 5200 2725 5201; x_wconf 13' lang='grc' dir='ltr'><em>ν</em></span> <span class='ocrx_word' id='word_1_849' title='bbox 2748 5118 3142 5201; x_wconf 62' lang='lat' dir='ltr'><strong>numerabitur.</strong></span> <span class='ocrx_word' id='word_1_850' title='bbox 3184 5124 3302 5201; x_wconf 43' lang='grc' dir='ltr'>,ειη</span> <span class='ocrx_word' id='word_1_851' title='bbox 3334 5119 3648 5201; x_wconf 59' lang='grc' dir='ltr'><strong>ῘΞἽἾὩξδ</strong></span> 
     </span>
    </p>
   </div>
   <div class='ocr_carea' id='block_1_122' title="bbox 2078 5183 3646 5280">
    <p class='ocr_par' dir='ltr' id='par_1_122' title="bbox 2078 5183 3646 5280">
     <span class='ocr_line' id='line_1_123' title="bbox 2078 5183 3646 5280; baseline -0.011 -28"><span class='ocrx_word' id='word_1_852' title='bbox 2078 5183 2194 5252; x_wconf 65' lang='lat' dir='ltr'><strong>ruﬁ:</strong></span> <span class='ocrx_word' id='word_1_853' title='bbox 2221 5203 2361 5280; x_wconf 69' lang='grc' dir='ltr'><strong>ι]Ὁέ</strong></span> <span class='ocrx_word' id='word_1_854' title='bbox 2395 5203 2515 5253; x_wconf 71' lang='lat' dir='ltr'><strong>nm</strong></span> <span class='ocrx_word' id='word_1_855' title='bbox 2546 5201 2697 5280; x_wconf 42' lang='lat' dir='ltr'><strong>sum</strong></span> <span class='ocrx_word' id='word_1_856' title='bbox 2871 5188 2995 5269; x_wconf 66' lang='lat' dir='ltr'><strong>Dies</strong></span> <span class='ocrx_word' id='word_1_857' title='bbox 3023 5203 3157 5269; x_wconf 66' lang='lat' dir='ltr'><strong>unus</strong></span> <span class='ocrx_word' id='word_1_858' title='bbox 3178 5183 3528 5280; x_wconf 33' lang='lat' dir='ltr'><strong>iul-ﬁnEIIan-ui</strong></span> <span class='ocrx_word' id='word_1_859' title='bbox 3552 5197 3646 5280; x_wconf 46' lang='grc' dir='ltr'><strong>ζα</strong></span> 
     </span>
    </p>
   </div>
   <div class='ocr_carea' id='block_1_123' title="bbox 2078 5254 3647 5337">
    <p class='ocr_par' dir='ltr' id='par_1_123' title="bbox 2078 5254 3647 5337">
     <span class='ocr_line' id='line_1_124' title="bbox 2078 5254 3647 5337; baseline -0.006 -21"><span class='ocrx_word' id='word_1_860' title='bbox 2078 5280 2218 5337; x_wconf 75' lang='lat' dir='ltr'><strong>anno</strong></span> <span class='ocrx_word' id='word_1_861' title='bbox 2252 5254 2561 5332; x_wconf 85' lang='lat' dir='ltr'><strong>&#39;reputatur.</strong></span> <span class='ocrx_word' id='word_1_862' title='bbox 2585 5259 2816 5337; x_wconf 74' lang='lat' dir='ltr'><strong>Quodsi</strong></span> <span class='ocrx_word' id='word_1_863' title='bbox 2850 5259 2973 5328; x_wconf 88' lang='lat' dir='ltr'><strong>quis</strong></span> <span class='ocrx_word' id='word_1_864' title='bbox 3006 5259 3184 5328; x_wconf 89' lang='lat' dir='ltr'><strong>primo</strong></span> <span class='ocrx_word' id='word_1_865' title='bbox 3217 5254 3305 5337; x_wconf 78' lang='lat' dir='ltr'><strong>die</strong></span> <span class='ocrx_word' id='word_1_866' title='bbox 3334 5254 3502 5337; x_wconf 74' lang='lat' dir='ltr'><strong>Nisan</strong></span> <span class='ocrx_word' id='word_1_867' title='bbox 3535 5266 3647 5308; x_wconf 70' lang='lat' dir='ltr'><strong>ca:-</strong></span> 
     </span>
    </p>
   </div>
   <div class='ocr_carea' id='block_1_124' title="bbox 2077 5328 3647 5403">
    <p class='ocr_par' dir='ltr' id='par_1_124' title="bbox 2077 5328 3647 5403">
     <span class='ocr_line' id='line_1_125' title="bbox 2077 5328 3647 5403; baseline -0.008 -16"><span class='ocrx_word' id='word_1_868' title='bbox 2077 5335 2243 5403; x_wconf 89' lang='lat' dir='ltr'><strong>perit,</strong></span> <span class='ocrx_word' id='word_1_869' title='bbox 2276 5328 2384 5388; x_wconf 86' lang='lat' dir='ltr'><strong>non</strong></span> <span class='ocrx_word' id='word_1_870' title='bbox 2416 5341 2541 5388; x_wconf 89' lang='lat' dir='ltr'><strong>ante</strong></span> <span class='ocrx_word' id='word_1_871' title='bbox 2578 5336 2879 5386; x_wconf 85' lang='lat' dir='ltr'><strong>vertentem</strong></span> <span class='ocrx_word' id='word_1_872' title='bbox 2910 5343 3115 5383; x_wconf 86' lang='lat' dir='ltr'><strong>annum</strong></span> <span class='ocrx_word' id='word_1_873' title='bbox 3154 5328 3364 5399; x_wconf 84' lang='lat' dir='ltr'><strong>primus</strong></span> <span class='ocrx_word' id='word_1_874' title='bbox 3396 5328 3516 5395; x_wconf 86' lang='lat' dir='ltr'><strong>ejus</strong></span> <span class='ocrx_word' id='word_1_875' title='bbox 3546 5337 3647 5375; x_wconf 87' lang='lat' dir='ltr'><strong>an-</strong></span> 
     </span>
    </p>
   </div>
   <div class='ocr_carea' id='block_1_125' title="bbox 2076 5406 2546 5459">
    <p class='ocr_par' dir='ltr' id='par_1_125' title="bbox 2076 5406 2546 5459">
     <span class='ocr_line' id='line_1_126' title="bbox 2076 5406 2546 5459; baseline 0 -3"><span class='ocrx_word' id='word_1_876' title='bbox 2076 5419 2182 5458; x_wconf 88' lang='lat' dir='ltr'><strong>nus</strong></span> <span class='ocrx_word' id='word_1_877' title='bbox 2212 5406 2546 5459; x_wconf 86' lang='lat' dir='ltr'><strong>censebitur.</strong></span> 
     </span>
    </p>
   </div>
   <div class='ocr_carea' id='block_1_126' title="bbox 2150 5462 3649 5546">
    <p class='ocr_par' dir='ltr' id='par_1_126' title="bbox 2150 5462 3649 5546">
     <span class='ocr_line' id='line_1_127' title="bbox 2150 5462 3649 5546; baseline -0.01 -17"><span class='ocrx_word' id='word_1_878' title='bbox 2150 5474 2262 5546; x_wconf 76' lang='lat' dir='ltr'><strong>(9i)</strong></span> <span class='ocrx_word' id='word_1_879' title='bbox 2308 5476 2411 5527; x_wconf 74' lang='grc' dir='ltr'>Ἑν</span> <span class='ocrx_word' id='word_1_880' title='bbox 2434 5474 2674 5541; x_wconf 79' lang='grc' dir='ltr'>χρόνοις</span> <span class='ocrx_word' id='word_1_881' title='bbox 2698 5469 3024 5546; x_wconf 65' lang='grc' dir='ltr'>τοίνυν-,ὠς</span> <span class='ocrx_word' id='word_1_882' title='bbox 3065 5463 3420 5546; x_wconf 53' lang='grc' dir='ltr'>ἐφημεν.-ῌειξ</span> <span class='ocrx_word' id='word_1_883' title='bbox 3444 5462 3649 5546; x_wconf 42' lang='lat' dir='ltr'><strong>[renato</strong></span> 
     </span>
    </p>
   </div>
   <div class='ocr_carea' id='block_1_127' title="bbox 2076 5533 3647 5669">
    <p class='ocr_par' dir='ltr' id='par_1_127' title="bbox 2076 5533 3647 5669">
     <span class='ocr_line' id='line_1_128' title="bbox 2076 5533 3647 5669; baseline -0.006 -73"><span class='ocrx_word' id='word_1_884' title='bbox 2076 5533 2188 5669; x_wconf 46' lang='lat' dir='ltr'><strong>{abiit</strong></span> <span class='ocrx_word' id='word_1_885' title='bbox 2214 5533 2350 5609; x_wconf 58' lang='lat' dir='ltr'><strong>haec,</strong></span> <span class='ocrx_word' id='word_1_886' title='bbox 2377 5533 2540 5615; x_wconf 67' lang='lat' dir='ltr'><strong>quam</strong></span> <span class='ocrx_word' id='word_1_887' title='bbox 2562 5533 2849 5613; x_wconf 77' lang='lat' dir='ltr'><strong>sequentia</strong></span> <span class='ocrx_word' id='word_1_888' title='bbox 2879 5533 3292 5597; x_wconf 19' lang='lat' dir='ltr'><strong>mutuatus‘est.</strong></span> <span class='ocrx_word' id='word_1_889' title='bbox 3323 5533 3456 5591; x_wconf 89' lang='lat' dir='ltr'><strong>Vide</strong></span> <span class='ocrx_word' id='word_1_890' title='bbox 3481 5549 3531 5590; x_wconf 92' lang='lat' dir='ltr'><strong>c.</strong></span> <span class='ocrx_word' id='word_1_891' title='bbox 3553 5533 3647 5598; x_wconf 69' lang='grc'><strong>24,</strong></span> 
     </span>
     <span class='ocr_line' id='line_1_129' title="bbox 2099 5630 2237 5669; baseline 0.014 -2"><span class='ocrx_word' id='word_1_892' title='bbox 2099 5631 2112 5667; x_wconf 90' lang='grc' dir='ltr'><strong>ι</strong></span> <span class='ocrx_word' id='word_1_893' title='bbox 2159 5655 2169 5667; x_wconf 96' lang='grc'>.</span> <span class='ocrx_word' id='word_1_894' title='bbox 2200 5630 2237 5669; x_wconf 92' lang='grc' dir='ltr'>ι.</span> 
     </span>
    </p>
   </div>
   <div class='ocr_carea' id='block_1_128' title="bbox 2077 5615 2237 5670">
    <p class='ocr_par' dir='ltr' id='par_1_128' title="bbox 2077 5615 2237 5670">
     <span class='ocr_line' id='line_1_130' title="bbox 2077 5615 2237 5670; baseline 0.013 -2"><span class='ocrx_word' id='word_1_895' title='bbox 2077 5615 2169 5669; x_wconf 86' lang='lat' dir='ltr'><strong>lib.</strong></span> <span class='ocrx_word' id='word_1_896' title='bbox 2200 5630 2237 5670; x_wconf 89' lang='grc'><strong>1.</strong></span> 
     </span>
    </p>
   </div>
  </div>
