4018 6134
395 250 500 310 315

1823 263 1880 320 S.
1921 263 2259 318 EPIPHANII

3544 249 3652 310 516

395 367 763 440 aliorumque,
817 370 1018 440 quibus
1047 384 1142 425 eas
1175 387 1313 442 quas
1350 373 1462 426 dixi
1517 373 1720 428 Christi
1770 374 1963 445 elligies

2073 377 2164 430 τοῦ
2202 379 2375 448 Ἰησοῦ
2408 378 2670 439 τιθέασιν,
2707 374 3021 446 ίδρύσαντές
3049 389 3108 425 τε
3141 367 3528 442 προσκυνοῦσι,
3556 367 3649 422 καὶ

395 460 649 524 miscent,
682 470 735 516 et
757 470 970 516 erectas
993 461 1156 515 simul
1187 464 1646 529 omnes'adorant,
1679 466 1745 519 ad
1771 481 1972 536 easque

395 551 675 618 gentilium
711 552 848 606 ritus
891 553 1203 607 instituunt.
1232 553 1528 611 Collocatis
1577 557 1720 612 enim
1749 558 1972 612 simula-

395 641 507 694 cris
528 642 664 708 istis,
706 659 828 712 qua:
850 659 880 696 a
901 646 1194 714 gentilibus
1224 646 1339 700 ﬁeri
1368 648 1542 702 solent
1562 647 1819 718 deinceps
1849 665 1974 718 pcr-

393 729 606 783 ticiunt.
625 730 858 797 Quinam
888 749 1018 788 vero
1047 743 1175 789 sunt
1203 737 1432 805 gentiles
1458 738 1494 789 ii
1528 738 1665 790 ritus
1689 738 1779 790 alii
1806 753 1970 807 quam

393 821 684 885 sacriﬁcia,
721 833 1024 895 caeteraque
1049 828 1266 897 generis
1291 827 1859 896 ejusdem?Ca:terum
1898 831 1971 884 ita

394 911 498 964 soli
528 913 724 968 anima:
764 916 996 970 salutem
1029 918 1354 981 attribuunt,
1386 927 1445 973 ut
1477 919 1545 974 ab
1577 921 1696 989 ejus
1728 936 1972 976 commu~

395 999 560 1054 nione
583 1017 814 1072 corpora
845 1008 1178 1076 segreganda
1208 1017 1417 1077 putent.

471 1089 584 1145 νη.
612 1092 987 1158 Quamobrem
1022 1099 1169 1152 omni
1209 1100 1331 1154 illos
1362 1115 1464 1170 ope
1494 1103 1780 1172 prolligare
1817 1119 1971 1173 opor-

333 1249 345 1258 _
394 1186 476 1236 tet
527 1191 691 1253 atque
718 1197 983 1243 evertere.
1019 1188 1207 1260 Neque
1237 1192 1380 1246 enim
1410 1203 1494 1247 est
1522 1195 1667 1263 quod
1697 1195 1970 1264 ejusmodi

395 1272 649 1343 dogmata
677 1281 976 1347 prmsertim
1017 1296 1046 1334 a
1083 1283 1177 1336 tali
1212 1283 1510 1354 impostore
1545 1285 1788 1356 profecta
1819 1285 1972 1356 quis-

395 1365 541 1434 piam
591 1379 925 1427 contemnat.
974 1374 1189 1428 Atenim
1224 1373 1370 1429 dicat
1407 1377 1605 1446 aliquis
1641 1395 1654 1432 :
1691 1375 1880 1432 Nonne
1907 1394 1971 1432 ea

395 1462 524 1507 sunt
552 1460 772 1527 cognitu
803 1459 1008 1524 facilia,
1045 1464 1397 1535 stultitiaque
1441 1467 1797 1536 plenissima?
1830 1468 1971 1520 Sunt

394 1559 458 1598 ea
488 1562 636 1601 vero.
672 1548 776 1623 Sed
806 1551 1188 1622 insipientibus
1206 1558 1369 1611 stulta
1394 1559 1712 1628 plerumque
1741 1574 1969 1628 persua-

392 1631 611 1704 dentur,
639 1640 748 1694 imo
777 1642 941 1696 etiam
966 1646 1263 1713 prudentes
1291 1662 1321 1700 a
1354 1655 1500 1702 recta
1530 1649 1615 1702 via
1653 1648 1965 1714 deﬂectunt,

2073 469 2140 521 τὰ
2171 470 2280 522 τῶν
2332 468 2500 522 ἐθνῶν
2550 467 2856 520 ἐπιτελοῦσι
2889 464 3182 534 μυστήρια.
3210 462 3511 531 Στήσαντες
3537 459 3648 529 γάρ

2070 560 2274 622 ταύτας
2292 560 2390 623 τὰς
2412 560 2645 622 είκὸνας,
2670 558 2741 611 τά
2772 558 2878 611 τῶν
2902 555 3070 609 ὲθνῶν
3090 554 3184 622 ἔθη
3209 552 3393 604 λοιπὸν
3409 549 3644 604 ποιοῦσι.

2073 653 2205 704 Τίνα
2259 652 2315 704 δέ
2364 653 2509 705 ἐστιν
2539 650 2704 704 ἐθνῶν
2732 650 2828 720 ἔθη
2855 649 2966 702 ἀλλ’
2999 648 3032 718 ἢ
3064 647 3245 700 θυσίαι
3279 645 3371 698 καὶ
3393 644 3464 696 τά
3491 643 3646 707 ἀλλας

2073 745 2266 814 Ψυχῆς
2290 744 2346 796 δὲ
2384 741 2519 797 εἶναι
2553 744 2720 814 μόνης
2775 739 3048 811 σωτηρίαν
3081 739 3236 808 φασὶ,
3264 737 3359 791 καὶ
3389 735 3510 805 οὐχὶ
3544 753 3651 789 σω-

2069 855 2284 907 μάτων.

2142 1106 2212 1161 Z'.
2245 1109 2335 1158 Δεῖ
2383 1105 2560 1160 τοίνυν
2610 1102 2830 1165 τούτους
2874 1099 3199 1171 ἀνατρέπειν
3233 1092 3395 1147 παντὶ
3446 1089 3642 1143 σθένει.

2071 1200 2273 1270 Μηδεὶς
2302 1199 2409 1269 γάρ
2440 1195 2842 1266 καταφρονείτω
2866 1193 3048 1259 λόγου,
3088 1189 3182 1244 καὶ
3218 1185 3449 1256 μάλιστα
3493 1181 3646 1252 παρὰ

2070 1289 2399 1351 ἀπατεῶνος.
2443 1287 2580 1339 Ἀλλ’
2608 1286 2748 1337 είποι
2793 1299 2874 1344 τις
2909 1282 3001 1335 ἀν·
3032 1278 3107 1332 Ού
3137 1278 3246 1345 γάρ
3277 1275 3390 1326 ἐστι
3419 1271 3646 1340 φωρατά

2072 1382 2163 1433 καὶ
2225 1381 2434 1451 μωρίας
2474 1377 2723 1449 ἔμπλεα;
2769 1373 2906 1426 Ἀλλ’
2953 1370 3062 1423 ἐσθ’
3093 1369 3200 1437 ὅπη
3233 1365 3327 1417 καὶ
3362 1363 3430 1417 τὰ
3486 1359 3646 1430 μωρὰ

2071 1470 2247 1524 πείθει
2279 1472 2401 1531 τοὺς
2428 1471 2685 1540 ἄφρονας,
2716 1466 2807 1521 καὶ
2831 1464 2956 1526 τοὺς
2977 1459 3230 1521 συνετοὺς
3254 1453 3644 1528 παρεκτρέπει,

2069 1561 2164 1614 ἐὰν
2207 1561 2281 1630 μὴ
2338 1562 2486 1632 παρῇ
2537 1560 2565 1610 ὁ
2602 1556 2726 1620 νοῦς
2780 1556 2810 1607 6
2858 1556 2917 1606 ὲν
2952 1555 3018 1624 τῇ
3055 1550 3279 1652 ἀλη-θείᾳ
3315 1545 3642 1652 ἠσκημένος.

2083 1653 2442 1722 Ἐμπεσόντος
2475 1651 2654 1703 τοίνυν
2681 1648 2774 1702 καὶ
2794 1645 2984 1699 τούτου
3017 1642 3112 1696 τοῦ
3141 1642 3383 1711 Σίμωνος
3423 1642 3645 1707 μαγεῐα,

391 1723 497 1778 nisi
527 1729 694 1783 animi
746 1733 828 1787 vis
857 1734 1000 1789 adsit
1023 1737 1267 1792 veritatis
1309 1739 1700 1795 exercitatione
1736 1743 1963 1795 lirmata.

2072 1745 2166 1796 καὶ
2195 1744 2304 1796 τῶν
2329 1741 2551 1805 λοιπῶν,
2581 1744 2692 1804 τοῖς
2712 1741 2892 1802 αὐτοῖς
2919 1738 3013 1791 καὶ
3033 1735 3221 1789 τοῦτον
3249 1727 3644 1799 ἀνατρέψομεν.

390 1815 756 1881 Quamobrem
801 1838 926 1879 cum
962 1826 1018 1880 in
1060 1827 1250 1882 iisdem
1281 1829 1481 1898 quibus
1511 1827 1703 1886 Simon
1745 1832 1971 1902 magicis

391 1915 602 1971 artibus
633 1927 937 1992 caateraque
969 1940 1219 1979 errorum
1262 1925 1392 1982 fasce
1413 1926 1720 1997 Carpocras
1747 1930 1966 1997 hmreat,

390 2019 493 2058 nos
522 2009 740 2064 easdem
775 2028 992 2083 quoque
1027 2017 1096 2071 ad
1145 2018 1294 2071 illum
1343 2019 1695 2075 evertendum
1732 2023 1968 2079 rationes

389 2091 793 2154 adhibebimus.
832 2100 889 2155 Si
922 2105 1066 2158 enim
1118 2105 1302 2175 ignota
1352 2105 1442 2160 illa
1471 2123 1570 2162 nec
1607 2109 1718 2163 ullo
1749 2111 1968 2166 nomine

387 2183 731 2251 explicabilis
779 2192 955 2248 virtus
997 2195 1228 2250 aliorum
1263 2197 1580 2267 angelorum
1632 2215 1795 2255 causa
1843 2201 1964 2266 fuit,

385 2272 472 2326 vel
497 2276 545 2329 ei
581 2279 869 2336 tribuenda
906 2286 1010 2340 erit
1075 2287 1404 2356 ignorantia,
1445 2291 1539 2359 qui
1576 2291 1648 2346 sit
1682 2292 1967 2347 universo-

386 2377 508 2418 rum
565 2383 762 2436 parens
798 2387 811 2423 :
850 2375 995 2444 quod
1063 2377 1286 2448 ignarus
1343 2394 1534 2434 eorum
1603 2381 1788 2448 fuerit,
1847 2398 1969 2453 quae

385 2452 549 2510 iidem
603 2460 679 2514 illi
717 2479 856 2533 quos
914 2467 1235 2538 designabat
1284 2471 1530 2526 eﬂ'ecturi
1577 2481 1734 2528 erant
1767 2452 1964 2544 angeli,

385 2562 564 2618 neque
598 2553 746 2608 istud
793 2558 1034 2622 sciverit,
1068 2544 1449 2619 subtracturos
1474 2579 1534 2620 se
1562 2565 1630 2620 ab
1660 2565 1780 2635 ejus
1814 2574 1966 2634 pote-

386 2645 549 2702 state,
581 2656 753 2712 eaque
776 2661 896 2714 quae
935 2649 1156 2705 minime
1201 2652 1362 2707 vellet
1409 2653 1702 2722 aliquando
1731 2670 1852 2709 esse
1884 2655 1966 2709 fa-

385 2735 608 2796 cturos,
659 2735 742 2788 vel
793 2738 871 2792 sic
913 2739 1034 2795 illos
1076 2757 1396 2810 procreasse
1443 2745 1710 2801 dicendus
1753 2754 1860 2813 est,
1906 2757 1964 2801 ut

386 2821 532 2891 quod
556 2821 671 2878 tieri
695 2828 862 2883 nollet
896 2829 1136 2888 facturos
1166 2849 1288 2889 esse
1310 2846 1687 2906 cognosceret,
1720 2839 1864 2908 quod
1896 2839 1964 2894 iis

384 2913 704 2970 auctoribus
759 2928 947 2988 postea
1000 2921 1072 2976 sit
1124 2934 1415 2979 secutum:
1451 2936 1614 2996 atque
1664 2929 1768 2982 hoc
1803 2930 1963 2983 modo

383 3000 650 3070 quidquid
687 3007 806 3061 ausi
837 3007 926 3062 isti
959 3008 1183 3072 iuerint,
1227 3013 1330 3066 hoc
1366 3015 1458 3068 ille
1485 3026 1538 3070 et
1563 3017 1792 3072 scientia
1822 3019 1960 3089 ipsa,

382 3099 437 3143 et
474 3095 838 3152 consensione
888 3114 952 3154 ac
984 3102 1262 3158 voluntate
1293 3105 1544 3173 perfecit.
1592 3107 1758 3180 Igitur
1797 3112 1865 3176 si,
1903 3122 1962 3166 ut

385 3189 512 3236 ante
538 3183 746 3240 dictum
796 3196 901 3253 est,
946 3206 1008 3245 ea
1046 3202 1255 3260 nosset,
1286 3211 1406 3266 qua:
1454 3197 1651 3254 facturi
1682 3212 1840 3263 erant
1867 3221 1961 3257 an-

382 3273 511 3341 geli,
564 3290 741 3345 neque
783 3285 962 3334 tatnen
997 3281 1112 3335 fieri
1143 3285 1324 3349 vellet,
1368 3302 1468 3341 cur
1495 3304 1589 3344 eos
1614 3290 1706 3358 qui
1749 3291 1802 3346 id
1836 3309 1963 3362 ege-

382 3365 495 3417 rint
529 3369 784 3436 produxit
816 3387 1076 3441 unquam,
1114 3383 1171 3428 ut
1212 3393 1332 3446 quae
1363 3381 1528 3434 nollet
1568 3381 1833 3437 auderent
1861 3385 1962 3438 ali-

383 3458 605 3525 quando
639 3458 864 3516 facere?
898 3463 994 3518 Sin
1027 3468 1248 3538 angelos
1306 3469 1421 3539 ipse
1463 3472 1730 3536 condidit,
1763 3490 1861 3528 sua
1902 3483 1960 3530 ut

386 3548 476 3610 illa
498 3563 659 3616 opera
682 3561 1026 3623 praestarent,
1063 3555 1177 3610 ﬁeri
1209 3559 1372 3629 igitur
1386 3575 1448 3614 ea
1474 3576 1584 3615 non
1616 3563 1809 3628 noluit,
1834 3579 1958 3618 cum

387 3637 549 3708 109
578 3639 698 3695 ideo
737 3651 991 3700 auctores
1036 3647 1251 3702 illorum
1297 3652 1518 3720 angelos
1544 3662 1668 3706 ante
1689 3655 1962 3722 produxe-

382 3729 473 3781 rit.
495 3729 648 3795 Quod
688 3732 734 3787 si
766 3733 831 3788 ad
857 3736 1047 3790 eadem
1094 3739 1183 3792 illa
1227 3739 1472 3795 facienda
1506 3745 1784 3813 produxit,
1813 3758 1864 3802 et
1895 3763 1960 3802 ea

381 3827 562 3877 tamen
589 3839 711 3892 qua!
735 3823 876 3880 facta
904 3837 1031 3882 sunt
1057 3830 1359 3899 interdixit,
1381 3835 1661 3891 enimvero
1683 3839 1958 3894 calumnia

380 3925 446 3965 ac
483 3914 688 3967 malitia
717 3917 963 3987 quiedam
996 3919 1332 3977 intercessit.
1371 3922 1427 3977 Si
1462 3941 1590 3980 vero
1621 3928 1728 3982 illis
1759 3937 1817 3981 ut
1849 3927 1962 3983 elli-

378 4010 566 4057 cerenl
597 4007 867 4072 permisit,
897 4023 1016 4077 qua:
1039 4025 1168 4064 vero
1197 4020 1325 4065 sunt
1355 4013 1506 4069 abiis
1538 4015 1750 4079 eﬂecta,
1781 4016 1958 4071 homi-

379 4108 478 4148 nes
517 4096 768 4151 videlicet
797 4107 849 4151 et
878 4099 1108 4165 animas,
1145 4111 1340 4170 praeter
1367 4104 1598 4158 istorum
1623 4107 1958 4160 voluntatem

379 4184 447 4236 ad
492 4200 612 4238 sese
661 4202 957 4257 aggregare
1003 4189 1210 4257 studet,
1264 4193 1366 4247 hoc
1415 4195 1634 4248 demum
1686 4197 1822 4250 nihil
1858 4200 1961 4250 erit

378 4273 548 4336 aliud,
584 4276 692 4328 nisi
741 4280 1013 4346 cupiditas
1054 4282 1300 4350 quaedam
1328 4285 1629 4340 alienorum
1677 4297 1958 4357 appetens,

2070 1834 2135 1887 Εἰ
2163 1835 2270 1905 γὰρ
2295 1837 2328 1904 ἠ
2365 1833 2639 1901 ἄγνωστος
2663 1832 2756 1885 καὶ
2788 1829 3225 1897 ἀκατονόμαστος
3245 1823 3472 1891 δύναμις
3497 1817 3647 1924 αἰτία

2069 1927 2292 1996 γέγονεν
2336 1925 2510 1979 ἄλλων
2566 1922 2834 1990 ἀγγέλων,
2885 1920 2918 1991 ἢ
2971 1919 3117 1970 ἔστιν
3161 1917 3354 1983 ἄγνοια
3396 1909 3548 1981 παρὰ
3576 1911 3645 1978 τῇ

2071 2019 2233 2088 αὐτῇ,
2282 2017 2528 2070 τουτέστι
2579 2014 2657 2084 τῷ
2708 2013 2876 2083 πατρὶ
2920 2010 3030 2064 τῶν
3070 2009 3227 2071 ὅλων,
3267 2008 3316 2058 εί
3346 2003 3420 2074 μὴ
3465 2001 3580 2072 ᾔδει
3608 1998 3646 2053 ἃ.

2072 2107 2324 2176 μέλλουσι
2374 2106 2632 2178 πράττειν
2672 2105 2719 2156 οἱ
2768 2103 2859 2155 ὑπ’
2894 2101 3058 2154 αὑτοῦ
3105 2092 3646 2162 κατασκευαζόμενοι

2068 2196 2308 2264 ἄγγελοι,
2339 2196 2630 2264 ἀγνοήσας,
2665 2194 2746 2246 ὃτι
2773 2191 3191 2261 ἀποστήσονται,
3209 2187 3303 2240 καὶ
3329 2184 3646 2254 ποιήσουσιν

2066 2287 2102 2341 ἃ
2132 2289 2206 2358 μὴ
2238 2288 2400 2350 αὐτὸς
2427 2286 2703 2340 ἐϐούλετο·
2736 2287 2770 2356 ἢ
2805 2283 3028 2346 τούτους
3085 2281 3184 2352 μὲν
3214 2278 3458 2346 ἐποίησε,
3478 2271 3645 2342 γινώ-

2069 2394 2212 2430 σκων
2227 2379 2307 2431 ὅτι
2326 2381 2639 2449 ποιήσουσιν
2659 2377 2686 2429 ὃ
2703 2375 2861 2439 αὐτὸς
2877 2375 2936 2427 οὐ
2958 2372 3222 2444 βούλεται,
3236 2368 3363 2440 παρ’
3381 2365 3559 2420 αὐτῶν
3586 2363 3646 2417 δὲ

2067 2471 2278 2539 γέγονε,
2317 2472 2410 2522 καὶ
2439 2470 2590 2523 ἔσται
2621 2468 2708 2521 διὰ
2749 2469 2848 2538 τῆς
2877 2464 3130 2534 γνώσεως
3157 2463 3248 2516 καὶ
3273 2458 3518 2520 εὐδοκίας
3544 2456 3640 2510 a6-

2064 2561 2160 2624 τὸς
2215 2562 2448 2631 ποιήσας
2480 2560 2516 2613 ἃ.
2573 2562 2766 2612 ἐκεῖνοι
2794 2557 3210 2629 τετολμήκασιν.
3239 2554 3302 2606 El
3338 2549 3536 2611 τοίνυν,
3567 2546 3644 2610 ὡς

2067 2655 2347 2724 προεῖπον,
2375 2653 2638 2720 ἐγίνωσκε
2676 2653 2774 2722 μὲν
2809 2651 2844 2706 ἀ
2877 2651 3212 2721 ποιήσουσιν,
3245 2646 3345 2698 οὐκ
3384 2640 3644 2712 ἠϐούλετο

2064 2745 2121 2797 δὲ
2174 2745 2260 2798 ἵνα
2312 2747 2598 2816 ποιήσωσι,
2648 2745 2755 2797 τίνι
2797 2743 2874 2814 τῷ
2921 2743 3066 2812 λόγῳ
3113 2741 3236 2800 τοὺς
3277 2733 3643 2804 πεποιηκότας

2065 2836 2256 2900 ἐποίει,
2287 2838 2367 2899 εἰς
2406 2837 2468 2889 τὸ
2501 2837 2760 2906 πράττειν
2795 2835 2831 2890 ἃ.
2878 2835 2952 2906 μὴ
2979 2834 3138 2896 αὐτὸς
3180 2829 3459 2894 ὲϐούλετο;
3495 2828 3557 2878 El
3585 2825 3644 2878 δὲ

2063 2928 2225 2990 αὐτὸς
2264 2930 2361 2998 μὲν
2389 2929 2654 2998 πεποίηκε
2687 2931 2812 2990 τοὺς
2843 2927 3130 2995 ἀγγέλους,
3158 2926 3244 2976 ἵνα
3278 2924 3545 2991 ποιήσωσι
3575 2917 3644 2971 τά

2067 3018 2158 3069 ὑπ’
2211 3018 2390 3070 αὐτῶν
2434 3019 2716 3088 γινόμενα,
2765 3019 2873 3088 ἀρα
2918 3016 3077 3088 ἤθελε
3106 3014 3380 3082 γενέσθαι,
3415 3011 3495 3064 διὸ
3551 3010 3645 3062 καὶ

2066 3112 2192 3172 τοὺς
2220 3112 2588 3182 πεποιηκότας
2623 3109 3132 3182 προκατεσκεύασεν
3181 3105 3466 3174 ἀγγέλους.
3532 3101 3644 3154 Καὶ

2067 3201 2115 3251 εἰ
2167 3199 2674 3269 προκατεσκεύασεν
2721 3201 2820 3262 είς
2846 3199 2906 3251 τὸ
2952 3197 3192 3266 ποιῆσαι,
3221 3189 3553 3263 ἀπαγορεύει
3587 3189 3646 3242 δὲ

2067 3291 2134 3343 τά
2168 3292 2258 3343 ὑπ’
2293 3292 2469 3344 αὐτῶν
2489 3291 2774 3362 γενόμενα,
2805 3288 3140 3358 συκοφαντία
3178 3286 3242 3338 ἂν
3265 3286 3349 3354 εἴη
3378 3285 3436 3335 ὲν
3468 3282 3640 3352 μέσῳ.

2068 3383 2129 3434 Εἰ
2181 3383 2238 3435 δὲ
2268 3383 2560 3455 συνεχώρει
2590 3385 2687 3452 μὲν
2713 3382 2806 3436 τοῦ
2840 3385 3012 3434 ποιεῖν
3059 3380 3277 3442 αὐτοὺς,
3310 3376 3555 3448 βούλεται
3583 3372 3643 3428 δὲ

2066 3473 2135 3526 τά
2174 3475 2266 3527 ὑπ’
2320 3475 2499 3528 αὐτῶν
2534 3475 2820 3545 γενόμενα,
2874 3475 3146 3527 τουτέστιν
3182 3470 3500 3542 ἀνθρώπους
3547 3469 3644 3522 καὶ

2066 3567 2263 3637 ψυχάς,
2321 3567 2483 3620 πάλιν
2529 3567 2664 3638 πρὸς
2710 3565 2901 3619 ἑαυτὸν
2932 3562 3332 3633 ἀναλαμϐάνειν
3374 3560 3524 3630 παρά
3544 3558 3645 3630 τὴν

2067 3661 2270 3712 τούτων
2299 3659 2584 3731 βούλησιν’
2621 3660 2730 3730 ἄρα
2763 3659 2915 3711 ἔσται
2958 3655 3236 3719 πλεονεξία
3260 3657 3316 3706 ὲν
3347 3654 3516 3725 μέσῳ,
3547 3652 3644 3705 καὶ

2067 3751 2214 3804 οὐδὲν
2253 3751 2463 3822 ἓτερον,
2518 3750 2917 3822 ἁρπαζομένων
2959 3749 3068 3802 τῶν
3115 3748 3218 3800 ὑπὸ
3257 3746 3366 3799 τῶν
3396 3745 3643 3813 ἀγγέλων

2067 3841 2369 3912 ἀνθρώπων
2403 3841 2508 3895 ὑπὸ
2535 3842 2628 3894 τοῦ
2671 3841 2781 3894 ἄνω
2811 3840 2961 3912 παρά
3006 3840 3106 3910 τὴν
3137 3837 3339 3891 τούτων
3365 3835 3641 3908 βούλησιν.

2080 3932 2239 3985 Ἀλλά
2263 3933 2355 3985 καὶ
2385 3933 2642 4004 ἀδράνεια
2668 3931 2752 4004 εἴη
2775 3948 2788 3960 ·
2818 3932 3029 4002 ἐπειδὴ,
3065 3933 3139 4002 μὴ
3160 3930 3320 3994 αὐτὸς
3350 3928 3643 3998 δυνάμενος

2068 4021 2262 4075 ἑαυτοῦ
2277 4025 2465 4089 ποιεῖν,
2480 4021 2715 4095 ἁρπάζει
2725 4023 2795 4076 τά
2811 4023 2915 4074 ὑπὸ
2930 4022 3038 4074 τῶν
3051 4022 3142 4073 ὑπ’
3159 4019 3320 4074 αὑτοῦ
3335 4018 3644 4088 γενομένων

2067 4114 2351 4184 γενόμενα.
2372 4117 2482 4168 Καὶ
2508 4115 2660 4169 ἐσται
2681 4115 2867 4170 λοιπὸν
2886 4114 3055 4186 μῦθος
3067 4115 3162 4167 καὶ
3185 4110 3514 4183 μωρολογία,
3532 4107 3643 4162 τῶν

2071 4208 2170 4277 μὲν
2205 4208 2353 4260 κάτω
2405 4207 2686 4278 δυνάμεων
2739 4207 3042 4278 ὑπερϐῆναι
3076 4206 3202 4267 τοὺς
3235 4206 3293 4256 ὲν
3321 4201 3489 4272 μέσῳ,
3516 4198 3643 4261 τοὺς

2069 4298 2125 4350 δὲ
2163 4299 2222 4350 ἐν
2278 4297 2426 4368 μέσῳ
2469 4297 2829 4369 τιμωρεῖσθαι
2873 4297 3080 4359 αἰτίους
3128 4294 3287 4356 ὄντας
3314 4291 3424 4344 τῶν
3453 4289 3640 4342 κάτωο

379 4382 504 4418 cum
539 4367 787 4422 homines
822 4371 890 4424 ab
923 4373 1130 4440 angelis
1164 4372 1326 4426 eiiicti
1363 4375 1558 4429 iisdem
1604 4377 1740 4446 ipsis
1772 4378 1959 4435 invitis

2067 4387 2161 4439 καὶ
2191 4367 2318 4449 τοὺς
2367 4367 2688 4458 κάτωίὺπήὲρ
2719 4387 2846 4448 τοὺς
2891 4385 3088 4455 μέσους
3119 4381 3254 4468 πρὸς
3281 4379 3372 4468 τον
3394 4377 3505 4468 ἄνω

379 4474 692 4528 asuprcmo
751 4461 841 4516 illo
890 4463 1231 4518 dominatore
1279 4465 1589 4534 rapiuntur.
1641 4472 1757 4524 lino
1797 4474 1960 4526 etiam

381 4552 774 4609 imbecillitatis
827 4555 972 4610 istud
1005 4558 1130 4621 erit,
1183 4572 1308 4611 cum
1340 4557 1457 4627 ipse
1505 4561 1610 4614 sibi
1641 4564 1820 4617 moliri
1862 4582 1959 4619 ne-

379 4651 562 4714 queat,
595 4661 715 4714 qua:
755 4657 881 4701 sunt
903 4647 971 4701 ab
1006 4648 1074 4702 iis
1104 4647 1246 4704 facta
1277 4666 1510 4720 quorum
1539 4661 1624 4708 est
1647 4663 1840 4709 auctor
1867 4672 1963 4725 per

377 4737 486 4790 vim
505 4754 568 4792 ac
597 4740 910 4794 violentiam
941 4743 1176 4800 auferre.
1203 4745 1323 4811 Quo
1346 4747 1404 4802 lit
1437 4757 1495 4802 ut
1528 4750 1595 4803 ad
1622 4750 1781 4806 inane
1811 4768 1961 4807 com-

378 4839 618 4882 mentum
655 4846 719 4886 ac
769 4831 1009 4888 fabulam
1043 4843 1157 4890 tota
1187 4839 1403 4894 illorum
1446 4840 1696 4896 doctrina
1726 4845 1956 4912 recidat,

378 4935 498 4988 quae
529 4923 630 4976 hoc
662 4935 906 4994 asserat;
945 4929 1161 4984 tametsi
1217 4929 1416 4985 intima:
1473 4935 1707 4988 virtutes
1749 4937 1960 4990 medio-

378 5015 562 5070 cribus
586 5017 926 5088 subjaceant,
963 5036 994 5074 a
1025 5022 1396 5078 mediocribus
1428 5030 1608 5080 tamen
1631 5065 1646 5090 ,
1681 5042 1801 5097 quae
1839 5028 1961 5082 illa-

452 5170 672 5246 (92)_0i{
694 5175 805 5243 γὰρ
827 5176 1098 5242 δύναται,
1125 5178 1164 5232 ἂ
1194 5181 1446 5246 ἐκεῖνος.
1473 5181 1678 5238 Deesse
1707 5186 1958 5240 nonnihil

381 5239 675 5319 hth-ttsloc‘i
703 5239 1001 5319 i_ni_egritati
1029 5239 1301 5319 suspicor.
1338 5239 1446 5305 Aut
1475 5254 1608 5315 haac,
1636 5264 1732 5308 aut
1760 5239 1957 5310 similia

378 5312 600 5390 Scripsit
636 5311 1000 5390 Epiphanius
1025 5321 1100 5390 Ού
1129 5311 1236 5390 γὰρ
1267 5321 1490 5375 δύναται
1520 5311 1716 5385 ποιεῖν,
1748 5324 1783 5379 ἀ
1813 5325 1959 5378 ἐκεῖ·

377 5397 464 5442 νος
489 5381 909 5458 ’ἐπιποθ-εῖῗεῖναι
943 5387 1110 5458 αὐτῷ.
1139 5381 1217 5442 Ὁύ
1247 5390 1470 5444 δύναται
1511 5392 1567 5448 δὲ
1595 5395 1656 5446 τὸ
1686 5381 1794 5448 πᾶν
1822 5392 1959 5450 εἶναι

375 5452 545 5532 κακον
597 5455 718 5506 οὐδὲ
885 5452 1073 5510 κακῶν
1097 5461 1396 5527 γεγονέναι.
1419 5461 1534 5516 Duo
1565 5477 1721 5517 erant
1753 5465 1961 5532 Carpo-

376 5523 748 5578 Cratianorntn
801 5525 1055 5596 dogmata
1093 5523 1118 5582 :7
1147 5523 1414 5594 alterum,
1466 5534 1756 5597 mundum,
1800 5523 1958 5590 crean-

378 5599 573 5674 tasque
631 5611 738 5674 res
770 5612 962 5674 omnes
998 5613 1105 5674 non
1159 5614 1188 5650 a
1249 5601 1391 5674 bono
1443 5602 1534 5674 illo
1590 5620 1959 5674 supremoque

379 5656 523 5727 Deo,
560 5663 652 5716 sed
693 5665 761 5717 ab
799 5667 1153 5723 inferioribus
1199 5670 1408 5736 angelis
1454 5656 1634 5732 fuisse
1658 5656 1952 5732 ἱδὶιὶῖίῐᾶἐξ

2066 4476 2275 4540 ζεσθαι,
2317 4477 2410 4528 καὶ
2441 4473 2875 4545 ὲλευθεροῦσθαι,
2926 4472 3071 4540 λέγω
3099 4470 3164 4540 δὴ
3194 4466 3294 4530 τὰς
3320 4463 3498 4534 ψυχάς
3531 4461 3643 4514 τῶν

2063 4569 2122 4620 έν
2146 4568 2271 4638 τῇδε
2309 4569 2375 4637 τῇ
2397 4567 2592 4621 κτίσει.
2644 4566 2742 4636 Είη
2785 4565 2830 4618 δ’
2862 4563 2928 4618 ἀν
2959 4566 2988 4616 ὁ
3020 4563 3118 4633 μὲν
3153 4560 3266 4614 ἀνω
3301 4558 3375 4628 μὴ
3397 4553 3643 4624 δυνηθεὶς

2063 4663 2290 4730 ποιῆσαι
2335 4659 2568 4730 ἀσθενὴς
2615 4657 2954 4728 κρινόμενος,
2991 4656 3040 4707 oi
3090 4653 3147 4707 δὲ
3173 4647 3454 4705 ὑπἀὐτοῦ
3492 4645 3643 4715 γενό-

2065 4769 2217 4822 μενοι
2251 4751 2539 4821 δυνάμενοι
2605 4751 2827 4820 ποιῆσαι
2859 4748 2896 4802 ἀ
2932 4748 3094 4808 αὐτὸς
3117 4745 3216 4816 μὲν
3258 4743 3360 4796 οὐκ
3395 4740 3643 4794 ἐϐούλετο

2063 4846 2156 4898 καὶ
2193 4846 2293 4899 οὐκ
2325 4845 2577 4914 ἠδύνατο.
2606 4845 2681 4896 Οὐ
2709 4843 2817 4914 γὰρ
2839 4838 3121 4894 δύναταιά
3143 4840 3348 4900 ἐκεῖνος
3377 4835 3488 4906 (99.)
3521 4835 3645 4887 ἐπι-

2062 4937 2237 5002 ποθεῖ,
2269 4933 2407 4990 εἶναι
2435 4936 2582 5006 αύτῷ
2612 4935 2800 4999 κακὸν,
2835 4933 2955 4986 οὐδὲ
2979 4931 3085 4984 ὑπὸ
3113 4929 3298 4984 κακῶν
3340 4927 3640 4997 γεγονέναι.

2060 5031 2125 5085 Εἰ
2179 5031 2289 5101 γὰρ
2344 5025 2413 5100 ἦν
2468 5029 2656 5094 κακὸν,
2709 5027 2876 5098 ἐχρῆν
2925 5023 3380 5080 ἀπόλλυσθαι.ιΕί
3414 5020 3472 5073 δὲ
3503 5019 3641 5081 ὅλως

2061 5178 2317 5250 alterum,
2343 5185 2396 5239 in
2421 5185 2689 5240 malorum
2719 5198 2918 5255 genere
2937 5183 3158 5255 censeri
3178 5182 3464 5245 mundum,
3493 5196 3642 5251 quaa—

2060 5273 2168 5326 que
2194 5258 2398 5310 mundo
2430 5252 2785 5310 continentur
2807 5255 3086 5326 universa.
3115 5252 3424 5326 Utrumque
3445 5255 3640 5326 dogma

2060 5324 2402 5397 Epiphanius
2448 5325 3050 5406 inipugnat..Primum
3081 5324 3336 5394 quidem;
3374 5324 3519 5406 quod
3571 5338 3640 5377 ex

2059 5395 2126 5451 eo
2168 5395 2541 5465 consequens
2589 5405 2712 5458 est,
2774 5395 3188 5476 imbecilliorem
3244 5397 3478 5476 {angelis
3516 5407 3640 5476 esse

2060 5466 2254 5522 Deum.
2284 5468 2533 5521 Alterum
2571 5482 2720 5532 vero,
2753 5466 2900 5535 quod
2928 5481 3053 5520 cum
3091 5480 3218 5535 pars
3249 5466 3433 5535 aliqua
3469 5466 3640 5517 totius

2062 5537 2452 5592 Universitatis
2488 5537 2721 5616 salutem
2751 5537 3016 5616 obtineat,
3055 5552 3165 5593 non
3199 5538 3373 5608 possit
3401 5551 3433 5590 a
3463 5536 3640 5591 bono-

2062 5624 2183 5664 rum
2219 5623 2418 5680 genere
2452 5609 2671 5677 penitus
2705 5607 2943 5663 excludi.
