4018 6110
381 280 486 337 577
978 281 1352 338 ADVERSUS
1394 281 1735 336 II:ERESES
1775 282 1900 337 LIB.
1945 285 1982 337 I.
2029 285 2194 340 ΤΟΜ.
2237 285 2388 340 I|.-—
2416 286 2689 344 IIAiRES.
2729 288 2967 345 XXVIII.
3533 292 3643 350 378

382 401 546 472 μέρος
574 417 626 454 τι
650 400 744 456 rei}
767 399 927 472 ἔργου
962 375 1214 465 σώζεξαι,
1236 397 1421 452 οὐκέτι
1448 399 1510 450 τὸ
1539 398 1698 469 ἔργον
1729 399 1952 468 φαῦλον,

2065 418 2179 456 rum
2216 417 2397 457 causae
2426 411 2575 468 sunt,
2611 418 2803 474 pinnas
2831 407 3035 476 expeti,
3071 405 3401 478 intimasque
3437 407 3645 463 medio-

381 491 480 545 κᾶν
528 508 587 544 τε
641 491 804 562 μέρος
855 490 1018 544 αὑτοῦ
1048 491 1350 561 σωζόμενον
1391 491 1718 562 εὑρίσκοιτο,
1759 490 1881 544 οὑτε
1911 493 1960 544 οἱ

2068 496 2253 550 cribus
2287 497 2561 566 superatis
2615 496 2680 550 ad
2726 511 3054 567 supremum
3089 499 3332 553 omnium
3365 507 3641 554 auctorem

381 584 706 652 ποιήσαντες
737 583 930 651 φαῦλοι
978 583 1068 637 τὸν
1117 583 1423 655 σωζόμενον
1445 585 1859 654 τεχνησάμενοι.
1897 585 1960 637 Εἰ

2067 588 2305 652 evolare,
2357 602 2422 641 ac
2455 589 2760 642 libertatem
2809 589 3112 658 consequi;
3147 589 3248 644 hoc
3282 602 3366 645 est
3398 590 3641 654 animas,

381 676 433 728 δὲ
459 675 596 739 ὅλως
631 677 689 742 ἐξ
729 676 975 744 ἀγγέλων
1016 677 1049 746 ἡ
1093 674 1262 746 ψυχὴ,
1323 676 1418 730 xui
1446 675 1654 730 ἄνωθεν
1697 675 1960 746 λαμὸάνει

2067 680 2267 749 quaein
2309 679 2411 733 hac
2447 693 2631 733 rerum
2681 678 3028 733 conditarum
3065 681 3422 736 universitate
3465 680 3644 734 conti-

381 767 606 836 δύναμιν
638 767 980 838 παραχθείσα
1003 785 1016 799 ⁸
1041 767 1150 838 ἄρα
1185 784 1250 836 γε
1273 769 1322 820 oi
1345 767 1567 836 ἄγγελοι
1599 768 1759 821 πλέον
1789 784 1952 837 σωτη-

2065 780 2282 825 nentur.
2315 769 2679 836 Quamobrem
2727 784 3018 838 supremus
3065 771 3175 833 ille,
3207 772 3297 841 qui
3325 787 3419 826 eas
3454 785 3646 826 creare

382 859 502 931 ρίας
533 857 834 924 τεύξονται,
885 860 967 911 ὅτι
1011 861 1044 929 ή
1080 857 1174 912 ἀπ’
1209 857 1388 911 αὐτῶν
1411 857 1558 928 ψυχὴ
1589 855 1839 922 σώζεται,
1867 859 1961 910 xui

2065 859 2391 928 nequiverit,
2444 858 2839 913 imbecillitatis
2878 861 3338 929 arguetur..Quos
3379 861 3495 931 ipse
3512 874 3648 915 vero

383 945 596 1013 φαύλων
625 941 781 1000 οὖσα.
819 945 1140 1018 Σωζομένης
1175 947 1231 1000 δὲ
1271 947 1465 1016 αὐτῆς,
1515 947 1698 1000 ούκέτι
1757 947 1959 1015 φαῦλος

2065 950 2404 1019 produxerit,
2433 951 2703 1018 ejusmodi
2726 967 2850 1006 esse
2869 953 3226 1018 videbuntur,
3246 953 3339 1022 qui
3371 969 3434 1008 ea
3464 952 3646 1007 facere

381 1035 502 1089 οὔτε
565 1038 702 1110 αὑτὴ
735 1040 769 1108 ἡ
797 1036 944 1110 ψυχὴ
991 1039 1024 1108 ἡ
1073 1038 1338 1110 γενομένη
1386 1039 1492 1092 ὑπὸ
1538 1038 1646 1092 τῶν
1687 1039 1956 1107 ἀγγέλων,

2065 1039 2298 1108 possint,
2326 1055 2448 1110 quae
2473 1041 2556 1095 vel
2587 1041 2677 1096 ille
2705 1043 2960 1107 noluerit,
2989 1043 3074 1097 vel
3106 1054 3165 1097 ut
3195 1043 3432 1097 maxime
3460 1041 3644 1108 vellet,

381 1126 500 1179 οὔτε
537 1128 585 1182 οἱ
619 1128 860 1197 ἄγγελοι,
886 1130 945 1195 ὲξ
971 1123 1045 1182 ὧν
1077 1128 1214 1199 αὐτὴ
1245 1132 1278 1200 ἡ
1309 1129 1455 1199 ψυχὴ
1487 1130 1740 1200 ὑπάρχει.

2065 1129 2243 1184 facere
2303 1131 2454 1184 nullo
2504 1130 2663 1186 modo
2693 1134 2951 1201 potuerit.
3005 1131 3192 1202 Neque
3234 1133 3378 1187 enim
3411 1146 3644 1201 quorum

379 1219 470 1273 ille
518 1219 792 1274 desiderio
843 1229 1082 1287 tenetur,
1113 1237 1175 1278 ea
1214 1223 1319 1292 ipsi
1356 1223 1498 1276 mala
1535 1237 1662 1277 esse
1695 1228 1949 1292 possunt,
1989 1222 2072 1275 vel
2107 1237 2137 1276 a
2173 1223 2330 1276 malis
2360 1223 2646 1292 producta,
2674 1240 2799 1277 nam
2825 1225 2871 1279 si
2901 1225 3040 1278 mala
3084 1232 3242 1287 sunt,
3291 1225 3467 1294 perire
3523 1222 3646 1277 fun-

379 1314 527 1370 ditus
558 1315 822 1385 oportuit.
851 1316 948 1370 Sin
971 1331 1097 1386 pars
1122 1325 1207 1372 est
1231 1317 1411 1386 operis
1441 1319 1624 1387 aliqua
1659 1315 1950 1382 servanda,
1992 1317 2194 1370 malum
2227 1316 2404 1386 ipsum
2443 1332 2566 1373 esse
2593 1333 2701 1372 non
2734 1325 2934 1387 potest,
2971 1319 3018 1373 si
3072 1319 3157 1372 vel
3189 1317 3311 1386 ejus
3352 1317 3462 1370 ulla
3519 1330 3646 1385 pars

380 1406 530 1459 salva
561 1407 830 1476 reperitur
863 1426 876 1461 :
908 1422 1084 1477 neque
1113 1409 1328 1477 ipsimet
1359 1409 1598 1464 artifices
1631 1409 1760 1462 mali
1790 1417 1935 1471 sunt,
1979 1408 2071 1478 qui
2094 1423 2216 1462 eum
2239 1408 2331 1478 qui
2365 1409 2668 1464 servandus
2700 1417 2783 1464 est
2815 1409 3019 1464 fuerint
3060 1409 3330 1464 fabricati.
3359 1406 3478 1461 Jam
3507 1408 3554 1462 si
3579 1406 3646 1459 ab

382 1497 591 1567 angelis
616 1499 838 1553 omnino
894 1506 1188 1569 propagata
1244 1500 1314 1554 sit
1355 1501 1559 1565 anima,
1599 1509 1763 1569 atque
1807 1499 1861 1553 in
1889 1500 2065 1553 lucem
2104 1499 2368 1567 producta
2415 1499 2520 1552 vim
2551 1501 2841 1569 quamdam
2873 1500 3094 1554 ccelitus
3129 1500 3418 1569 acceperit,
3474 1497 3646 1550 multo

381 1589 550 1660 igitur
601 1593 775 1660 magis
824 1591 1055 1647 salutem
1112 1591 1440 1646 obtinebunt
1493 1592 1693 1664 angeli,
1719 1607 1844 1646 cum
1891 1592 1961 1646 ab
1999 1591 2134 1660 ipsis
2167 1591 2350 1645 anima
2408 1593 2572 1646 etiam
2613 1593 2772 1648 malis
2839 1604 3127 1662 procreata
3178 1601 3450 1648 servetur.
3485 1589 3648 1643 Deni-

380 1696 490 1754 que
517 1681 562 1737 si
587 1683 736 1740 salva
763 1697 886 1737 esse
907 1681 1082 1752 possit
1103 1681 1306 1746 anima,
1336 1697 1515 1752 neque
1544 1685 1661 1752 ipsa
1681 1683 1824 1736 mala
1869 1682 1975 1736 erit
2013 1682 2082 1736 ab
2140 1681 2349 1753 angelis
2381 1682 2689 1752 producta;
2730 1697 2907 1752 neque
2951 1683 3151 1754 angeli,
3210 1699 3242 1737 a
3289 1683 3488 1753 quibus
3533 1681 3646 1736 hcce

380 1789 561 1837 ortum
601 1777 874 1832 habuerit.

453 1877 534 1928 H’.
574 1875 748 1926 Παντὶ
779 1873 835 1924 δὲ
859 1867 937 1942 τῷ
966 1871 1058 1924 τὸν
1089 1870 1214 1925 νοῦν
1242 1872 1553 1944 ἐρρωμένον
1585 1874 1762 1945 ἔχοντι
1787 1873 1961 1928 ἰστέον

2142 1862 2280 1919 VIII.
2314 1864 2392 1918 Ac
2455 1864 2771 1935 quicunque
2820 1864 2977 1920 firmo
3009 1874 3064 1920 et
3107 1867 3380 1921 constanti
3430 1865 3649 1937 ingenio

383 1968 451 2021 ἂν
484 1965 589 2036 εἴη,
616 1968 696 2019 ὅτι
733 1964 916 2027 ἀνοίας
949 1965 1067 2018 ἐστὶ
1108 1965 1168 2018 τδ
1202 1967 1309 2019 πᾶν
1342 1967 1497 2020 τοῦτο
1527 1966 1836 2038 ἁγυρτῶδες
1869 1969 1959 2037 ἐρ-

381 2043 695 2128 γαστήριον.
743 2056 1315 2128 Καταισχυνθήσονται
1357 2058 1416 2111 δὲ
1472 2054 1625 2122 αὖθις
1673 2051 1816 2112 οὑτοι
1867 2058 1962 2111 xui

380 2149 488 2202 ἀπὸ
537 2148 645 2200 τῶν
691 2146 867 2200 αὐτῶν
914 2146 1230 2216 λόγων.ηΕἰ
1280 2150 1387 2220 γὰρ
1428 2148 1634 2220 Ἰησοῦς
1689 2151 1789 2202 οὐκ
1855 2149 1963 2202 ἀπὸ

381 2240 650 2312 παρθένου
697 2239 937 2310 Μαρίας,
985 2239 1122 2293 ἀλλὰ
1166 2241 1232 2292 ὲκ
1283 2240 1593 2310 σπέρματος
1630 2239 1828 2310 Ἰωσὴφ
1868 2238 1961 2292 xui

377 2334 477 2404 τῆς
507 2333 674 2404 αὑτῆς
713 2332 948 2404 Μαρίας,
985 2330 1218 2395 σώζεται
1254 2323 1532 2393 δὲόὑτος·
1579 2330 1686 2402 ἄρα
1732 2332 1826 2384 xui
1861 2330 1963 2384 αὑ-

378 2427 462 2477 τοὶ
510 2424 842 2495 σωθήσονται
887 2425 936 2476 oi
982 2421 1169 2476 τοῦτον
1215 2423 1624 2492 γεγεννηκότες.
1672 2424 1784 2476 Καὶ
1833 2423 1880 2475 εἰ
1927 2422 1960 2493 ἡ

379 2514 568 2585 Μαρία
596 2514 688 2568 xui
733 2515 930 2586 Ἰωσὴφ
965 2514 1072 2568 ἀπὸ
1102 2512 1196 2566 τοῦ
1229 2515 1572 2585 Δημιουργοῦ
1605 2513 1958 2586 ὑπάρχουσιν,

380 2607 488 2676 ἄρα
526 2607 615 2659 τὸν
651 2605 993 2677 Δημιουργὺν
1023 2607 1248 2676 κτίστην
1287 2605 1513 2675 ἔφασαν,
1553 2606 1646 2659 xui
1688 2605 1870 2658 ούκέτι
1904 2605 1961 2658 έν

382 2699 719 2767 ὑστερήματι
777 2695 931 2750 ἔσται
982 2699 1010 2750 ό
1065 2697 1156 2750 τὸν
1201 2697 1397 2768 Ἰωσὴφ
1447 2697 1541 2750 xui
1587 2696 1686 2764 τὴν
1740 2697 1961 2766 Μαρίαν

381 2787 610 2856 ποιήσας
644 2785 702 2851 ἐξ
737 2780 810 2838 ὧν
853 2788 882 2839 ό
931 2785 1138 2857 Ἰησοῦς
1184 2787 1337 2856 παρὰ
1378 2785 1473 2839 τοῦ
1515 2785 1629 2839 ἄνω
1681 2786 1959 2855 ἀγνώστου

383 2878 592 2948 [ἰατρὸς
627 2877 880 2948 ὑπάρχει.
912 2877 975 2930 Εἰ
1009 2877 1067 2929 δὲ
1093 2877 1189 2930 xui
1230 2877 1394 2940 αὑτὸς
1426 2878 1454 2929 ὁ
1492 2875 1699 2947 Ἰησοῦς
1722 2877 1829 2930 ἀπὸ
1853 2878 1962 2931 τῶν

381 2967 627 3037 ἀγγέλων
657 2967 792 3031 ἐστὶ,
820 2967 914 3020 xui
944 2968 972 3019 ὁ
1009 2967 1336 3038 δημιουργὸς
1380 2961 1460 3031 εἷς
1500 2968 1613 3020 ἐστι
1662 2967 1770 3020 τῶν
1799 2963 1963 3036 cme-

381 3069 514 3114 λων’
551 3062 656 3132 ἄρα
683 3077 746 3128 γε
777 3061 1088 3130 ἀτοπήματι
1127 3058 1204 3130 τῷ
1244 3059 1325 3112 ἑνὶ
1357 3061 1558 3123 πάντες
1601 3059 1961 3130 περιπεσοῢν-

381 3169 489 3216 ται,
519 3153 690 3222 ὁποίῳ
716 3152 810 3204 xui
839 3152 889 3204 οἱ
919 3149 1139 3220 ἄγγελοι
1169 3149 1623 3221 περιπεπτὼκασι
1649 3169 1662 3184 ο
1695 3152 1788 3204 xui
1831 3150 1963 3204 ἀσύ-

2063 1957 2330 2029 prazditus
2386 1965 2490 2024 est,
2551 1957 2852 2028 intelligere
2903 1957 3052 2013 istud
3090 1957 3268 2023 debet,
3329 1959 3467 2012 nihil
3528 1976 3651 2015 esse

2064 2057 2174 2104 tota
2213 2049 2317 2102 hac
2360 2048 2752 2103 circulator-um
2787 2047 3000 2104 ollicina
3049 2050 3298 2104 stultius.
3345 2051 3492 2116 Quos
3522 2052 3651 2121 qui-

2063 2141 2188 2193 dem
2225 2137 2342 2192 suis
2397 2138 2643 2208 ipsorum
2693 2140 2875 2194 verbis
2921 2140 3284 2210 ignominiose
3326 2143 3651 2199 convincere

2068 2231 2172 2284 hoc
2207 2231 2367 2284 modo
2391 2243 2708 2300 possumus.
2743 2227 2956 2283 Etenim
2987 2229 3034 2285 si
3062 2227 3224 2286 Jesus
3255 2230 3508 2286 Christus
3537 2249 3648 2288 non

2061 2321 2128 2377 de
2177 2321 2386 2391 virgine
2441 2319 2610 2375 Maria
2662 2329 2846 2385 natus,
2884 2321 2981 2375 sed
3024 2320 3092 2376 de
3141 2319 3366 2392 Iosephi
3413 2325 3646 2388 semine,

2063 2413 2366 2482 eademque
2399 2410 2570 2466 Maria
2612 2421 2945 2482 propagatus
2970 2419 3076 2478 est,
3111 2423 3165 2466 et
3200 2413 3246 2467 is
3277 2414 3505 2468 salutem
3532 2414 3650 2468 adi-

2062 2504 2314 2575 piscitur,
2353 2505 2520 2558 etiam
2574 2504 2697 2559 illos
2722 2504 2816 2573 qui
2837 2504 3015 2572 ipsum
3056 2505 3345 2572 genuerint
3374 2519 3497 2559 esse
3539 2504 3650 2558 sal-

2064 2611 2160 2652 vos
2189 2603 2428 2665 oportet.
2459 2594 2562 2660 Qui
2587 2595 2634 2650 si
2677 2610 2708 2648 a
2748 2610 2963 2650 summo
2993 2595 3087 2649 illo
3119 2596 3316 2665 opilice
3346 2596 3474 2650 facti
3497 2604 3646 2662 sunt,

2061 2690 2194 2744 sane
2229 2689 2373 2741 hunc
2420 2703 2542 2742 esse
2577 2687 2892 2741 Creatorem
2928 2687 3069 2742 inter
3095 2687 3218 2742 illos
3249 2689 3528 2751 convenit,
3553 2705 3650 2744 ne-

2062 2793 2168 2848 que
2208 2778 2301 2848 qui
2335 2765 2649 2846 ‘Josephum
2713 2775 3051 2847 Mariamque
3129 2779 3372 2834 condidit
3413 2781 3649 2836 defectui

2063 2868 2300 2937 amplius
2339 2868 2669 2934 ascrihetur,
2713 2868 2872 2937 110
2893 2869 3137 2938 aquibus
3165 2867 3324 2925 Jesus
3353 2879 3509 2926 ortus
3539 2881 3646 2936 est,

2056 2960 2158 3030 qui
2193 2961 2261 3014 ab
2287 2963 2472 3031 ignoto
2535 2960 2630 3014 illo
2662 2959 2896 3015 Parente
2927 2962 3207 3032 profectus
3235 2962 3453 3020 est.Sin
3487 2962 3648 3019 Jesus

2064 3051 2228 3104 etiam
2258 3051 2326 3105 ab
2360 3051 2571 3121 angelis
2598 3059 2818 3107 creatus
2849 3061 2952 3115 est,
2983 3060 3137 3108 etest
3164 3055 3475 3123 angelorum
3504 3070 3648 3110 unus

2065 3142 2245 3214 Opifex
2274 3143 2409 3212 ipse,
2442 3143 2497 3196 in
2516 3158 2687 3196 unum
2718 3153 2771 3197 et
2803 3143 2945 3198 idem
2979 3145 3278 3202 absurdum
3311 3147 3481 3202 relabi
3523 3147 3649 3200 uni—

381 3261 572 3298 στατον
617 3219 701 3314 είη
735 3242 802 3296 ἂν
843 3242 904 3295 τὸ
933 3244 1063 3310 παρ’
1102 3219 1280 3295 αὐτῶν
1321 3241 1810 3314 δραματούργημα,
1869 3241 1961 3312 δη-

2065 3249 2254 3290 versos
2277 3249 2502 3289 necesse
2528 3243 2647 3296 est;
2681 3235 2735 3288 in
2762 3237 2910 3306 quod
2935 3246 2988 3291 et
3011 3239 3188 3308 angeli
3218 3239 3435 3308 ipsimet
3459 3241 3650 3294 incur-

378 3337 636 3408 λητηρίου
681 3335 953 3407 ἔμπλεων,
1005 3335 1100 3388 xui
1147 3335 1328 3405 πάσης
1375 3334 1563 3398 ἰώδους
1616 3334 1963 3398 διδασκαλίας

382 3425 821 3498 μεμεστωμένον.
871 3424 1088 3496 Ταύτην
1137 3424 1193 3477 δὲ
1232 3421 1388 3489 αὖθις
1421 3424 1595 3478 ὀπίσω
1646 3424 1961 3497 τρέψαντες,

379 3519 566 3590 ὥσπερ
619 3517 908 3590 δράκοντος
955 3515 1195 3588 κεφαλὴν
1240 3515 1385 3587 ξύλῳ
1439 3519 1542 3587 τῆς
1593 3517 1830 3580 πίστεως
1871 3517 1966 3570 καὶ

379 3615 477 3682 τῆς
500 3613 756 3684 ἀληθείας
783 3613 877 3664 ἐπὶ
903 3611 1006 3682 γῆς
1030 3611 1391 3680 λακήσαντες,
1421 3613 1541 3673 ταῖς
1571 3609 1756 3673 ἄλλαις
1787 3609 1968 3680 θηριο-

384 3706 610 3778 μόρςροις
655 3704 1172 3776 προσπελάσαντες,
1229 3704 1316 3756 ἐπ’
1359 3702 1566 3774 ὀλέθρῳ
1616 3701 1818 3755 τούτων
1871 3701 1966 3754 xui

378 3798 486 3852 τῶν
519 3797 775 3851 τοιούτων
807 3795 1156 3868 βαδιούμεθα.

802 4003 992 4057 ΚΑΤΑ
1032 4003 1537 4072 ΚΗΡΙΝΘΙΑΝΩΝ,

877 4117 1039 4170 Ἤτοι
1066 4115 1476 4187 Μηρινθιανῶν,

704 4228 927 4299 Ὀποδόη,
965 4229 1005 4296 ἡ
1036 4227 1138 4285 καὶ
1167 4227 1414 4297 εἰκοστὴ
1441 4227 1646 4298 ὀγδόη.

448 4344 526 4397 Α’.
559 4341 823 4414 Κήρινθος
850 4339 906 4394 δὲ
937 4335 1113 4408 αὖθις,
1146 4341 1248 4411 ,ἀφ’
1300 4332 1472 4411 οὗπερ
1519 4342 1568 4394 οἱ
1611 4338 1965 4411 Κηρινθιανοὶ

2066 3331 2278 3378 rerum.
2331 3320 2520 3392 Neque
2551 3322 2768 3378 illorum
2811 3323 2994 3379 fabula
3021 3327 3316 3391 constabit,
3354 3329 3529 3383 letalis
3552 3343 3650 3382 cu-

2063 3415 2284 3485 jusdam
2322 3415 2542 3481 veneni,
2570 3427 2634 3467 ac
2668 3413 2941 3484 pestiferae
2975 3415 3242 3470 doctrinae
3284 3416 3506 3473 referta.
3541 3416 3650 3472 Sed

2065 3526 2188 3575 nos,
2221 3511 2500 3582 proﬂigata
2551 3512 2654 3566 hac
2687 3512 2899 3579 haeresi,
2929 3521 2984 3568 et
3020 3513 3078 3567 in
3131 3511 3311 3584 fugam
3362 3529 3648 3576 conversa,

2067 3604 2292 3672 perinde
2329 3619 2394 3658 ac
2423 3604 2696 3674 serpentis
2727 3605 2904 3673 capite
2929 3605 3049 3659 fidei
3079 3620 3143 3659 ac
3172 3605 3419 3660 veritatis
3451 3607 3650 3662 baculo

2065 3695 2219 3749 humi
2254 3695 2422 3760 illiso,
2453 3696 2522 3750 ad
2551 3696 2689 3750 alias
2707 3703 3078 3751 monstrorum
3118 3697 3421 3753 horrendas
3449 3697 3650 3769 eﬂigies

2067 3792 2320 3854 promoto
2347 3787 2542 3855 gradu,
2582 3785 2831 3843 funditus
2866 3802 2963 3842 eas
2998 3787 3180 3844 delere
3213 3797 3378 3860 atque
3403 3797 3650 3847 evertere

2067 3875 2409 3933 conabimur.

2376 3989 2748 4048 ADVERSUS
2805 3988 3342 4058 CERINTHIANOS,

2559 4103 2685 4161 Sive
2736 4104 3155 4170 Merinthianos,

2280 4220 2413 4288 Quae
2453 4229 2531 4275 est
2572 4220 2787 4275 Ιιωτεεὶε
2830 4218 2998 4286 VIII,
3029 4219 3108 4274 vel
3144 4217 3436 4275 XXVIII.

2135 4333 2177 4387 I.
2208 4330 2465 4402 Sequitur
2493 4331 2790 4388 Cerinthus
2810 4351 2824 4388 :
2847 4347 2878 4386 a
2911 4347 3020 4403 quo
3047 4331 3384 4387 Cerinthiani
3410 4332 3646 4387 haeretici

376 4431 678 4504 λεγόμενοι,
718 4431 826 4485 ἀπὸ
873 4430 1077 4502 ταύτης
1119 4430 1222 4501 τῆς
1263 4429 1561 4501 θηριώδους
1621 4430 1830 4502 σπορᾶς
1871 4429 1961 4482 τὸν

2065 4424 2439 4489 nominantur,
2469 4425 2562 4495 qui
2619 4424 2812 4480 eodem
2854 4440 2922 4478 ex
2972 4423 3149 4479 ferino
3180 4433 3302 4480 satu
3329 4435 3649 4494 procreatus

382 4526 458 4578 ἰὸν
484 4524 562 4596 τῷ
600 4524 788 4594 κόσμῳ
828 4523 1010 4593 φέρων
1056 4523 1202 4592 ἥκει.
1247 4521 1440 4592 Σχεδὸν
1477 4521 1534 4574 δὲ
1575 4520 1727 4574 οὐδὲν
1777 4520 1961 4590 ἕτερον

2065 4515 2218 4570 virus
2255 4531 2417 4570 suum
2459 4517 2512 4570 in
2554 4516 2742 4571 orbem
2790 4525 3058 4572 terrarum
3099 4516 3363 4587 profudit.
3396 4518 3573 4588 Atque
3605 4519 3649 4573 is

377 4617 530 4689 παρὰ
555 4618 647 4671 τὸν
686 4614 1087 4688 προειρημένον
1121 4616 1482 4686 Καρποκρᾶν,
1522 4614 1658 4668 ἀλλὰ
1701 4614 1771 4668 τὰ
1819 4615 1961 4669 αὐτὰ

2065 4607 2200 4662 nihil
2231 4608 2620 4678 propemodum
2651 4609 2820 4672 aliud,
2847 4624 3010 4678 quam
3038 4609 3198 4664 nobis
3219 4624 3384 4678 supra
3413 4625 3651 4664 comme-

373 4707 454 4778 τῷ
494 4708 685 4778 κόσμῳ
728 4705 999 4761 κακοποιὰ
1045 4705 1312 4777 φάρμακα
1345 4706 1716 4761 ὲκόλυστάνει.
1756 4708 1836 4760 Τὰ
1870 4706 1960 4760 ἴσα

376 4798 486 4870 γὰρ
515 4797 594 4869 τῷ
626 4798 1008 4870 προειρημένῳ
1037 4799 1116 4862 εἰς
1151 4799 1242 4852 τὸν
1268 4799 1590 4870 Χριστιανὸν
1624 4801 1961 4872 συκοφαντή-

379 4907 495 4957 σας,
531 4889 807 4960 ἐξηγεῖται
835 4891 929 4942 xui
957 4885 1110 4954 οὖτος
1149 4891 1214 4944 ἐκ
1246 4890 1464 4961 Μαρίας
1492 4891 1586 4945 καὶ
1619 4892 1683 4944 ὲκ
1717 4890 1964 4964 σπέρμα-

375 5000 467 5046 τος
501 4982 698 5053 Ἰωσὴφ
719 4983 809 5034 τὸν
832 4982 1067 5054 Χριστὸν
1094 4983 1472 5055 γεγεννῆσθαι,
1507 4985 1600 5037 xui
1633 4983 1722 5036 τὸν
1759 4983 1963 5053 κόσμον

374 5075 577 5146 ὁμοίως
635 5075 738 5128 ὑπὸ
767 5074 1014 5144 ἀγγέλων
1047 5074 1396 5144 γεγενῆσθαι.
1445 5075 1610 5128 Οὐδὲν
1654 5075 1764 5147 γὰρ
1811 5068 1965 5137 οὗτος

375 5166 529 5237 παρὰ
563 5167 654 5220 τὸν
685 5165 900 5238 πρῶτον
932 5165 1180 5238 διήλλαξε
1225 5168 1292 5238 τῇ
1348 5168 1627 5238 εἰσαγωγῇ
1670 5167 1769 5236 τῆς
1797 5165 1964 5219 αὑτοῦ

373 5257 723 5322 διδασκαλίας
748 5258 860 5313 ἀλλ’
892 5257 925 5330 ἣ
956 5259 1014 5311 ὲν
1045 5257 1219 5328 τούτῳ
1252 5258 1432 5328 μόνον,
1468 5260 1525 5310 ἐν
1563 5258 1640 5328 τῷ
1671 5257 1957 5329 προσέχειν

373 5352 453 5422 τῷ
487 5351 804 5423 Ἰουδαϊσμῷ
829 5351 935 5405 ἀπὸ
962 5351 1181 5424 μέρους.
1209 5351 1411 5405 Φάσκει
1444 5351 1499 5404 δὲ
1541 5345 1694 5415 οὗτος
1727 5352 1820 5404 τὸν
1868 5351 1957 5404 νό-

378 5459 480 5514 μον
515 5443 765 5506 καὶτοὺς
798 5444 1082 5514 προφήτας
1129 5442 1236 5495 ὑπὸ
1280 5443 1526 5510 ἀγγέλων
1569 5443 1836 5506 δεδόσθαι,
1865 5444 1961 5496 xui

372 5536 467 5589 τὸν
504 5534 773 5589 δεδωκότα
813 5535 975 5605 νόμον
1014 5535 1109 5588 ἕνα
1145 5530 1284 5588 εἶναι
1312 5533 1420 5586 τῶν
1445 5534 1691 5602 ἀγγέλων
1722 5534 1830 5586 τῶν
1871 5533 1961 5587 τὸν

376 5627 583 5697 κόσμον
622 5627 1019 5696 πεποιηκότων.
1063 5626 1307 5693 Ἐγένετο
1345 5625 1401 5678 δὲ
1429 5617 1583 5688 οὗτος
1622 5627 1650 5678 ὁ
1693 5625 1962 5696 Κήρινθος

377 5721 434 5774 ὲν
462 5722 524 5792 τῇ
566 5720 718 5792 Ἀσίᾳ
757 5719 1067 5790 διατρίϐων,
1094 5719 1316 5773 κάκεῖσε
1352 5718 1443 5772 τοῦ
1483 5718 1834 5790 κηρύγματος
1865 5719 1962 5772 τίεν

2066 4710 2311 4757 moratus
2341 4702 2432 4756 ille
2452 4700 2758 4771 Carpocras
2789 4703 3050 4770 asseruit,
3080 4704 3382 4772 eademque
3417 4719 3543 4756 cum
3580 4719 3646 4758 eo

2065 4794 2248 4848 letalia
2305 4794 2360 4848 in
2396 4793 2660 4848 mundum
2714 4810 2922 4849 venena
2969 4795 3309 4865 prepagavit.
3367 4793 3646 4865 Siquidem

2063 4885 2178 4955 pari
2238 4885 2294 4940 in
2332 4885 2616 4940 Christum
2659 4886 2936 4940 calumnia
2981 4894 3192 4950 censet,
3226 4886 3372 4941 hunc
3417 4904 3447 4942 e
3478 4887 3646 4942 Maria

2062 4976 2401 5048 Josephique
2433 4977 2643 5032 semine
2700 4993 2824 5033 esse
2865 4987 3232 5055 prognatum:
3271 4978 3648 5047 mundumque

2065 5071 2334 5125 similiter“
2357 5071 2424 5125 ab
2471 5070 2680 5141 angelis
2712 5068 3058 5124 fabricatum.
3092 5067 3279 5138 Neque
3312 5070 3422 5124 ulla
3462 5070 3567 5123 alia
3589 5085 3649 5124 re

2064 5161 2466 5232 discrepantem
2515 5161 2586 5216 ab
2618 5161 2713 5215 illo
2750 5161 3057 5215 doctrinam
3103 5161 3329 5229 invexit,
3364 5162 3467 5216 nisi
3499 5162 3644 5231 quod

2063 5253 2323 5311 Iudaicos
2382 5255 2546 5309 etiam
2595 5253 2736 5308 ritus
2775 5251 3029 5306 adscivit.
3083 5252 3153 5306 At
3201 5252 3342 5308 idem
3373 5253 3544 5323 legem
3582 5267 3648 5307 ac

2066 5350 2359 5420 prophetas
2391 5349 2458 5402 ab
2481 5347 2690 5418 angelis
2719 5344 3000 5417 profectos
3034 5355 3254 5415 asserit,
3285 5361 3518 5416 eumque
3551 5347 3647 5418 qui

2069 5442 2238 5512 legem
2295 5439 2481 5495 tulerit
2528 5455 2592 5494 ex
2632 5453 2823 5493 eorum
2859 5439 3178 5508 angelorum
3217 5453 3340 5494 esse
3365 5451 3647 5492 numeroa

2068 5532 2269 5602 quibus
2295 5530 2448 5586 orbis
2493 5537 2579 5586 cst
2625 5529 2902 5585 conditus.
2943 5529 3114 5586 Porro
3136 5529 3554 5586 Cerinthusiste
3587 5532 3644 5586 in

2033 5693 2036 5696 γ
2069 5627 2196 5681 Asia
2221 5634 2469 5681 versatus
2497 5625 2801 5680 doctrinam
2831 5640 2984 5681 suam
3004 5625 3246 5695 proferre
3268 5625 3428 5680 isthic
3455 5626 3640 5696 cmpit.

2071 5720 2195 5787 Qui,
2254 5726 2312 5774 ut
2377 5728 2501 5774 ante
2561 5719 2820 5787 diximus,
2869 5719 3089 5774 minime
3137 5734 3164 5773 a
3196 5719 3372 5790 prima
3415 5721 3506 5773 illa
3545 5735 3638 5774 su-
