4018 6116
399 278 503 332 379

1803 275 1856 330 S.
1893 276 2234 333 EPlPll.\N|l

3554 277 3659 334 580

399 405 695 463 premaque
719 390 918 444 virtute
949 382 1271 444 fabricatum
1299 404 1421 445 esse
1445 391 1707 444 mundum
1735 393 1969 446 censuit.

2095 394 2248 463 ιρχὴν
2292 393 2678 462 πεποιημένος.
2716 393 2856 460 ΙἬδη
2901 392 2957 445 δὲ
3002 392 3130 464 περὶ
3173 391 3360 446 τούτου
3409 393 3654 465 εἴπομεν,

403 483 540 536 Tum
584 484 656 536 ita
683 481 870 536 docuit
901 499 914 534 :
945 493 1233 550 postquam
1281 482 1370 537 ille
1404 481 1563 538 Jesus
1593 483 1844 547 adolevit,
1885 485 1976 552 qui

401 590 468 628 ex
523 570 742 641 Josephi
782 571 1076 642 Mariaeque
1130 573 1336 628 semine
1380 581 1544 630 natus
1578 582 1684 637 est,
1741 575 1794 628 in
1835 575 1979 630 hunc

403 666 686 733 delapsum
711 679 740 717 a
771 680 988 719 summo
1018 665 1110 719 illo
1146 664 1255 720 Deo
1276 681 1399 720 esse
1425 667 1726 729 Christum.
1764 667 1865 722 hoc
1898 675 1981 722 est

406 753 670 823 Spiritum
707 762 983 818 sanctum,
1035 755 1302 808 columba:
1354 756 1535 824 specie
1569 756 1633 809 ad
1665 754 1977 818 Iordanem,

403 861 468 899 ac
500 855 612 900 tum
651 846 700 900 ei
765 846 1099 915 incognitum
1136 845 1445 908 Parentem,
1477 854 1530 898 et
1565 862 1657 916 per
1698 848 1848 900 illum
1884 862 1982 917 po-

405 935 567 990 steris
601 932 942 1003 patefecisse.
979 933 1061 987 Ob
1117 933 1281 1002 idque
1325 949 1448 988 mox
1475 943 1532 989 ut
1578 937 1630 989 in
1663 935 1840 1005 ipsum
1867 949 1981 990 cm-

406 1025 559 1079 lestis
593 1025 679 1076 illa
712 1039 834 1077 sese
865 1024 1040 1078 virtus
1087 1023 1317 1087 infudit,
1349 1031 1596 1092 portenta
1625 1038 1687 1077 ac
1719 1024 1982 1077 miracula

408 1125 676 1185 patrassc,
713 1116 864 1183 ιιι
896 1131 960 1168 ac
1010 1115 1226 1168 demum
1262 1123 1612 1184 posteaquam
1650 1129 1844 1184 passus
1874 1122 1980 1176 est,

409 1207 554 1275 quod
616 1221 646 1259 e
677 1208 816 1259 coelo
865 1213 1107 1268 venerat,
1159 1205 1349 1260 eodem
1393 1205 1585 1258 relicto
1615 1202 1803 1258 Jesum
1829 1220 1983 1258 revoo

409 1297 575 1350 lasse.
617 1293 802 1349 Jesum
842 1310 1006 1364 porro
1036 1303 1090 1348 et
1123 1295 1326 1349 obiisse
1354 1302 1604 1358 mortem,
1641 1301 1694 1348 et
1721 1295 1786 1348 ad
1819 1295 1983 1348 vitam

411 1389 705 1441 excitatum
760 1402 913 1450 esse;
961 1386 1240 1439 Christum
1293 1400 1424 1440 vero
1482 1387 1575 1455 qui
1629 1385 1985 1440 descenderat

412 1493 586 1547 poena:
617 1478 790 1532 omnis
819 1489 1094 1546 expertem
1141 1491 1206 1531 eo
1253 1476 1396 1530 unde
1432 1487 1654 1531 venerat
1685 1492 1984 1541 reversum,

411 1569 504 1636 qui
559 1569 701 1623 idem
741 1569 830 1623 ille
888 1577 994 1634 est,
1039 1569 1132 1638 qui
1178 1569 1446 1624 columba:
1500 1569 1682 1638 specie
1731 1569 1988 1639 delapsus

411 1658 593 1714 fuerat
621 1677 634 1712 :
672 1659 746 1712 ita
767 1657 953 1712 Jesum
993 1659 1220 1714 minime
1245 1673 1368 1712 esse
1391 1658 1687 1713 Christum.

482 1834 547 1890 ll.
580 1834 779 1890 Verum
807 1842 862 1889 et
895 1833 984 1888 hic
1015 1849 1125 1889 non
1159 1834 1341 1890 minus
1373 1850 1536 1905 quam
1568 1835 1762 1906 reliqui
1796 1850 1988 1891 omnes

409 1927 636 1991 excidit,
656 1936 712 1981 ut
739 1928 938 1981 intueri
965 1927 1123 1982 facile
1139 1928 1390 1997 potestis,
1419 1927 1734 1998 quicunque
1749 1930 1990 1985 veritatis

417 2034 603 2074 altiore
663 2019 941 2073 tenemini.
1003 2018 1136 2073 Nam
1183 2035 1308 2075 eum
1356 2035 1388 2073 a
1421 2035 1531 2090 quo
1562 2022 1649 2076 lex
1696 2021 1896 2077 tradita
1919 2024 1994 2078 sit

416 2110 620 2164 bonum
655 2115 816 2177 negat
835 2123 978 2173 esse,
1010 2108 1168 2177 cujus
1191 2116 1368 2162 tamen
1389 2108 1492 2178 legi
1521 2110 1709 2176 utique
1733 2118 1992 2180 tanquam

417 2199 571 2253 bonae
600 2198 974 2266 obtemperare
997 2197 1228 2252 videtur.
1254 2195 1356 2264 Qui
1373 2214 1500 2253 vero
1516 2199 1792 2265 convenit,
1819 2208 1879 2254 ut
1899 2199 1993 2271 qui

417 2290 592 2343 malus
621 2289 691 2343 sit
722 2289 917 2342 bonam
947 2288 1114 2359 legem
1138 2290 1579 2360 praescripserit?
1609 2289 1665 2344 Si
1697 2292 1844 2346 enim
1883 2307 1994 2346 non

419 2378 735 2442 adulterari,
777 2379 860 2432 vel
903 2394 1012 2432 non
1064 2379 1317 2434 occidere
1345 2388 1429 2435 est
1455 2381 1996 2452 bonestum,quanto

419 2471 612 2524 melior
657 2471 705 2524 is
759 2479 862 2535 est,
899 2469 990 2538 qui
1027 2471 1129 2524 ista
1173 2472 1450 2539 praecepit,
1493 2473 1540 2526 si
1572 2472 1617 2526 is
1647 2473 1738 2541 qui
1775 2488 1838 2526 ea
1886 2489 1996 2529 non

421 2561 696 2616 commisit
724 2560 1070 2616 confessione
1089 2562 1332 2614 omnium
1364 2563 1540 2616 bonus
1575 2563 1824 2618 habetur!
1851 2563 1998 2629 Quo-

423 2667 552 2705 nam
582 2659 740 2720 pacto
770 2650 894 2703 mali
926 2651 1212 2720 cujusdam
1243 2651 1504 2707 facinoris
1524 2655 1773 2708 accusari
1793 2663 1996 2724 potest,

423 2742 518 2812 qui
548 2741 688 2796 bona
725 2742 984 2807 consulit,
1017 2757 1080 2796 ac
1130 2750 1239 2795 tam
1263 2743 1460 2797 bonam
1487 2745 1658 2814 legem
1687 2745 1999 2803 hominibus
2026 2748 2032 2752 ’

424 2834 754 2903 descripsit?
783 2833 1072 2890 Enimvero
1102 2834 1342 2891 furiosus
1369 2843 1424 2891 et
1453 2852 1639 2892 amens
1676 2847 1782 2904 est,
1809 2840 1902 2910 qui
1935 2855 2001 2896 ea

419 2925 630 2996 jactare
660 2940 768 2980 non
801 2935 884 2980 est
908 2927 1135 2981 veritus.
1161 2926 1339 2997 Atque
1365 2927 1504 2982 idem
1526 2929 1636 2993 ille,
1656 2929 1964 2986 cbarissimi
1982 2968 2000 2997 ,

425 3014 548 3082 fuit,
585 3017 676 3085 qui
711 3013 1083 3085 apostolorum
1113 3020 1362 3084 tempore
1389 3016 1684 3070 tumultum
1721 3017 1873 3072 illum
1905 3033 2004 3073 ex-

2077 484 2151 546 ὠς
2198 484 2290 536 καὶ
2341 476 2495 545 οὗτος
2543 485 2837 553 ἐκήρυττεν
2875 484 2974 537 οὐκ
3016 483 3126 536 ἀπὸ
3169 485 3270 554 τῆς
3315 484 3535 554 πρώτης
3565 487 3660 539 καὶ

2079 574 2282 629 ἄνωθεν
2313 574 2594 644 δυνάμεως
2621 575 2711 626 τὸν
2735 574 2935 645 κόσμον
2964 574 3338 645 γεγεννῆσθαι,
3372 575 3577 629 ἀνωθεν
3603 576 3660 630 δὲ

2080 667 2145 718 ὲκ
2183 664 2277 717 τοῦ
2319 665 2431 718 ἀνω
2465 665 2622 726 Θεοῦ,
2662 665 2800 734 μετά
2839 665 2900 717 τὸ
2949 665 3278 734 ἀδρυνθῆναι
3321 664 3414 718 τὸν
3452 666 3660 736 Ἰησοῦν

2079 755 2170 808 τὸν
2218 757 2282 808 ὲκ
2333 755 2645 825 σπέρματος
2697 755 2894 823 Ἰωσὴφ
2931 755 3024 807 καὶ⁹
3070 755 3285 826 Μαρίας
3329 756 3660 825 γεγεννημέ-

2081 861 2187 906 νον,
2219 843 2639 912 κατεληλυθέναι
2682 843 2772 896 τὸν
2815 843 3047 914 Χριστὸν
3080 845 3158 906 εἰς
3199 844 3380 910 αὐτὸν,
3417 845 3660 898 τουτέστι

2081 934 2140 987 τὺ
2172 935 2393 1004 Πνεῦμα
2435 935 2494 986 τὸ
2527 936 2681 1002 ἆγιον
2721 935 2777 987 ὲν
2815 935 2945 987 εῖδει
2982 937 3310 1006 περιστερᾶς
3333 938 3390 988 ὲν
3417 936 3493 1006 τῷ
3527 939 3659 1007 Ἰορ-

2081 1024 2237 1094 δάνῃ.
2262 1025 2356 1077 καὶ
2379 1023 2728 1092 ἀποκαλύψαι
2765 1022 2934 1094 αὐτῷ,
2967 1025 3062 1075 καὶ
3104 1023 3170 1076 δι’
3199 1023 3364 1076 αὑτοῦ
3401 1028 3511 1087 τοῖς
3542 1026 3659 1094 μετ’

2083 1115 2246 1171 αὑτοῦ
2278 1115 2367 1168 τὸν
2398 1117 2672 1183 ἄγνωστον
2705 1115 2943 1182 Πατέρα.
2976 1114 3086 1166 Καὶ
3126 1114 3214 1167 διὰ
3259 1115 3434 1176 τοῦτο,
3475 1114 3661 1186 ἐπειδὴ

2082 1204 2245 1278 ἦλθεν
2280 1210 2311 1278 ἡ
2355 1207 2585 1276 δύναμις
2611 1208 2690 1268 εἰς
2723 1206 2885 1258 αὑτὸν
2923 1205 3148 1270 ἄνωθεν,
3181 1205 3436 1274 δυνάμεις
3483 1206 3663 1256 ἔπιτε-

2083 1297 2360 1349 τελεκέναι
2383 1335 2398 1357 ,
2445 1297 2538 1348 καὶ
2577 1294 2739 1346 αὺτοῦ
2786 1295 3110 1357 πεπονθότος
3159 1293 3223 1346 τὸ
3266 1294 3662 1356 ὲλθὸν,ἀνωθεν

2085 1389 2390 1457 ἀναπτῆναι
2428 1385 2536 1438 ἀπὸ
2575 1384 2670 1438 τοῦ
2716 1386 2888 1456 Ἰησοῦ
2939 1386 3069 1438 ἀνω.
3119 1385 3429 1438 Πεπονθότα
3471 1386 3528 1438 δὲ
3571 1386 3662 1438 τὸν

2100 1476 2341 1546 Ἰησοῦν,
2386 1477 2480 1529 καὶ
2535 1475 2695 1528 πάλιν
2739 1474 3138 1545 ἐγηγερμένονο
3190 1475 3422 1544 Χριστὸν
3467 1475 3524 1528 δὲ
3570 1474 3664 1526 τὸν

2087 1567 2291 1620 ἀνωθεν
2321 1566 2545 1619 ἐλθόντα
2587 1569 2667 1630 είς
2709 1567 2870 1620 αὐτὸν
2908 1565 3090 1636 ἀπαθῆ
3138 1567 3474 1626 ἀναπτάντα,
3528 1567 3665 1636 ὅπερ

2089 1658 2204 1712 ἐστὶ
2229 1657 2290 1711 τὸ
2318 1657 2574 1710 κατελθὸν
2597 1659 2654 1709 ὲν
2686 1656 2815 1710 εῖδει
2849 1657 3198 1726 περιστερᾶς,
3235 1657 3328 1708 καὶ
3349 1656 3410 1708 ού
3433 1656 3523 1709 τὸν
3562 1657 3666 1728 Ἰη-

2022 1727 2066 1783 B
2093 1748 2218 1801 σοῦν
2246 1743 2381 1800 εἶναι
2408 1746 2659 1818 Χριστόν.

2160 1837 2236 1890 B'.
2276 1835 2626 1889 Ἐκπέπτωκε
2660 1833 2717 1886 δὲ
2744 1833 2836 1886 καὶ
2867 1824 3042 1897 οὗτος,
3073 1833 3149 1896 ὡς
3185 1834 3347 1905 ὁρᾶτε
3379 1832 3574 1895 πάντες
3615 1832 3665 1884 οἱ

2090 1929 2186 2000 τῆς
2205 1927 2460 1998 ἀληθείας
2482 1925 2728 1996 ἐρασταί.
2754 1924 2955 1978 Φάσκει
2978 1924 3085 1995 γάρ
3106 1924 3195 1976 τὸν
3220 1924 3381 1994 νόμον
3401 1923 3668 1976 δεδωκότα

2091 2019 2194 2072 οὐκ
2255 2016 2477 2084 ἀγαθὸν,
2531 2010 2592 2069 οῦ
2643 2015 2718 2085 τῷ
2771 2015 2918 2086 νόμῳ
2961 2014 3240 2068 πείθεσθαι
3294 2015 3456 2078 δοκεῖ,
3500 2013 3668 2084 δῆλον

2091 2110 2170 2173 δὲ,
2213 2111 2293 2163 ὅτι
2331 2109 2406 2172 ὠς
2446 2107 2654 2177 ἀγαθῷ.
2692 2107 2816 2170 Πῶς
2852 2102 2945 2159 οῦν
2986 2108 3014 2159 6
3061 2106 3292 2177 πονηρὸς
3332 2107 3422 2159 τὸν
3468 2106 3669 2174 ἀγαθὸν

2093 2199 2258 2269 νόμον
2292 2198 2557 2262 δέδωκεν;
2607 2198 2668 2249 Ei
2714 2196 2822 2267 γὰρ
2862 2195 3023 2250 καλὸν
3053 2197 3113 2248 τὸ
3144 2197 3218 2267 μὴ
3262 2195 3550 2268 μοιχεύειν,
3578 2197 3669 2248 καὶ

2095 2285 2259 2343 καλὸν
2289 2289 2348 2342 τὸ
2381 2289 2456 2360 μὴ
2493 2288 2758 2358 φονεύειν,
2801 2288 2951 2358 πόσῳ
2984 2305 3046 2356 γε
3073 2289 3269 2358 μᾶλλον
3297 2290 3326 2340 6
3358 2288 3668 2359 ἐντειλάμε-

2094 2398 2182 2444 νος
2215 2380 2437 2450 βελτίων
2481 2380 2564 2451 είη
2586 2421 2600 2442 ,
2656 2381 2750 2433 ὲάν
2783 2397 2847 2448 γε
2881 2383 2908 2433 6
2954 2379 3030 2450 μὴ
3070 2381 3282 2453 πράξας
3314 2381 3511 2450 ἀγαθὸς
3540 2383 3671 2450 όμο-

2094 2472 2352 2541 λογεῖταιὶ
2385 2471 2506 2534 Πῶς
2537 2471 2592 2523 δὲ
2625 2470 3128 2541 κατηγορηθήσεται
3174 2473 3318 2525 κακά
3365 2473 3614 2543 πράττων
3641 2477 3671 2528 6

2096 2564 2158 2616 τὸ
2188 2563 2388 2630 ἀγαθὸν
2430 2561 2832 2631 συμϐουλεύων,
2877 2563 2968 2615 καὶ
3011 2559 3210 2630 ἀγαθὸν
3256 2564 3429 2628 διδοὺς
3469 2566 3669 2635 νόμον;

2111 2654 2270 2709 Ἀλλά
2329 2653 2602 2726 μανιώδης
2641 2657 2668 2708 6
2711 2654 2850 2726 ἀνὴρ
2887 2655 3145 2718 τοιούτοις
3183 2657 3463 2728 ἐγχειρῶν.
3505 2651 3673 2722 Οὗτος

2098 2747 2157 2802 δέ
2185 2750 2353 2810 ἐστιν,
2377 2746 2652 2817 ἀγαπητοὶ
2687 2745 2818 2816 (95),
2850 2740 2932 2810 εἷς
2957 2746 3066 2799 τῶν
3095 2748 3186 2800 ἐπὶ
3214 2747 3320 2800 τῶν
3360 2748 3674 2801 ἀποστόλων

2101 2844 2131 2896 6
2162 2841 2260 2911 τὴν
2301 2841 2546 2911 ταραχὴν
2590 2839 2984 2911 ἐργασάμενος,
3026 2839 3114 2892 ὅτε
3160 2840 3210 2892 οἱ
3258 2839 3385 2910 περὶ
3420 2839 3674 2894 Ἰάκωϐον

2103 2931 2442 3003 γεγράφασιν
2469 2932 2549 2994 είς
2568 2929 2666 3001 τὴν
2681 2931 3009 3001 Ἀντιόχειαν
3026 2931 3364 3001 Ἐπιστολὴν,
3389 2931 3637 3000 λέγοντες
3655 2947 3671 2961 ⁸

2107 3021 2230 3076 Ὅτι
2258 3019 2524 3092 ἐγνωμέν
2543 3036 2711 3086 τινας
2735 3019 2804 3086 ἐξ
2831 3019 2999 3090 ἡμῶν
3018 3022 3166 3090 πρὸς
3184 3021 3337 3091 ὑμᾶς
3362 3021 3672 3088 ἐλθόντας,

390 3151 397 3159 .
426 3108 638 3172 citavit,
666 3121 790 3160 cum
817 3103 1054 3160 Jacobus
1087 3107 1379 3177 caeteri‘que
1403 3108 1634 3178 apostoli
1659 3108 1868 3164 litteras
1889 3108 1994 3163 An-

2103 3109 2204 3166 καὶ
2247 3110 2622 3179 ταράξαντας
2666 3109 2820 3180 ὑμᾶς
2864 3112 3096 3179 λόγοις,
3137 3107 3227 3178 οἷς
3279 3114 3350 3165 οὐ
3394 3109 3677 3164 διετειλά-

427 3199 685 3252 tiochiam
723 3199 1064 3268 scripserunt
1091 3198 1178 3254 his
1204 3199 1385 3255 verbis
1417 3218 1431 3254 :
1467 3199 1733 3266 Quoniam
1754 3202 1998 3271 cognovi-

429 3308 567 3358 mus,
607 3291 863 3362 quosdam
904 3307 936 3342 a
963 3289 1109 3344 nobis
1133 3289 1202 3344 ad
1241 3307 1327 3346 vos
1353 3307 1466 3360 esse
1491 3292 2000 3363 profectos,suisque

429 3399 516 3438 vos
551 3381 884 3452 perturbasse
943 3380 1287 3446 sermonibus,
1351 3383 1539 3453 quibus
1573 3399 1677 3437 non
1726 3382 1996 3436 mandavi-

431 3491 547 3527 mus
576 3476 614 3540 ¹,
641 3483 748 3528 etc.
801 3471 1058 3544 Idemque
1091 3489 1279 3529 eorum
1321 3490 1464 3530 unus
1489 3482 1593 3536 est.
1624 3474 1716 3544 qui
1745 3490 1803 3530 se
1839 3473 2001 3530 Petro

431 3571 822 3636 Opposuerant,
851 3578 974 3617 cum
1029 3563 1095 3618 ad
1139 3574 1389 3618 sanctum
1435 3564 1743 3619 Cornelium
1788 3565 1998 3632 ivisset,

432 3672 463 3711 a
494 3671 602 3726 quo
621 3661 740 3726 poSt
764 3657 1004 3711 oblatum
1053 3672 1148 3727 per
1175 3657 1353 3712 visum
1394 3657 1645 3726 angelum
1671 3665 1788 3712 erat
1820 3672 2002 3712 arces-

433 3751 573 3805 situs
607 3750 646 3804 ¹.
679 3747 797 3815 Quo
829 3755 1071 3820 tempore
1109 3748 1395 3804 dubitante
1422 3747 1583 3804 Petro
1607 3749 1830 3803 linteum
1872 3747 2006 3803 illud

433 3857 558 3896 cum
598 3841 683 3904 iis,
719 3858 838 3911 quae
861 3841 1198 3906 continebat,
1219 3839 1491 3909 objectum
1521 3848 1624 3903 est,
1649 3847 1701 3894 et
1726 3854 1755 3893 a
1779 3839 2007 3895 Domino

433 3933 576 3987 istud
605 3933 781 4002 ipsum
813 3934 1015 3999 audiit;
1041 3949 1109 3987 ne
1139 3931 1269 4002 quid
1299 3946 1589 3985 commune
1617 3931 1701 3986 vel
1733 3931 2007 4000 impurum

434 4023 747 4091 appellaret.
787 4020 956 4090 Igitur
981 4021 1276 4076 Cerinthus
1304 4019 1760 4074 circumclsorum
1792 4033 2008 4089 gregem

435 4112 696 4166 adversus
754 4111 972 4166 Petrum
1021 4116 1384 4165 revertentem
1427 4109 1722 4163 commovit
1753 4107 2010 4163 llicroso-

435 4202 618 4270 lymis,
665 4201 852 4255 dicens
889 4219 903 4256 :
951 4199 1228 4268 Ingressus
1272 4205 1349 4252 est
1396 4199 1465 4250 ad
1507 4198 1644 4250 viros
1695 4199 2008 4265 prwputium

2097 3205 2271 3272 μεθα.
2307 3201 2411 3256 Καὶ
2445 3195 2596 3266 οὗτος
2637 3199 2718 3264 εἷς
2758 3203 2875 3254 ἐστι
2907 3200 3014 3254 τῶν
3042 3203 3400 3256 ἀντιστάντων
3431 3201 3505 3272 τῷ
3539 3201 3678 3272 ἁγίῳ

2105 3291 2318 3364 Πέτρῳ,
2356 3291 2542 3362 ἐπειδὴ
2588 3289 2802 3361 εἰσῆλθε
2848 3289 2982 3362 πρὸς
3028 3291 3322 3361 Κορνήλιον
3365 3291 3455 3343 τὸν
3499 3292 3674 3358 ἅγιον,

2103 3384 2194 3439 ὅτε
2225 3383 2604 3454 μετεστείλατο
2639 3382 2801 3436 αὑτὸν
2843 3379 3197 3446 καταξιωθεὶς
3221 3381 3483 3443 ὀπτασίας
3508 3381 3676 3447 ἀγγέ-

2104 3477 2221 3531 λου.
2253 3477 2364 3531 Καὶ
2406 3479 2436 3530 6
2467 3477 2675 3548 Πέτρος
2715 3475 2977 3540 ὲδίσταζε,
3014 3476 3106 3528 καὶ
3145 3471 3250 3527 εἶδε
3285 3474 3343 3526 τὸ
3370 3475 3551 3543 ὅραμα
3579 3473 3677 3541 τῆς

2107 3567 2322 3638 ὀθόνης,
2347 3567 2440 3621 καὶ
2477 3567 2548 3620 τά
2584 3569 2643 3621 ὲν
2689 3568 2847 3638 αὐτῇ,
2892 3567 2983 3620 καὶ
3019 3567 3216 3637 ἤκουσε
3263 3565 3410 3637 παρά
3447 3565 3677 3636 Κυρίου,

2111 3657 2277 3728 μηδὲν
2321 3657 2496 3711 κοινὸν
2531 3657 2710 3724 λέγειν
2755 3657 2789 3729 ἢ
2830 3655 3157 3726 ἀκάθαρτον.
3199 3648 3363 3717 Οὗτος
3401 3651 3491 3708 οὖν
3537 3672 3680 3722 παρ-

2106 3749 2274 3801 εκίνει
2298 3748 2426 3818 περὶ
2447 3746 2540 3800 τοῦ
2566 3746 2772 3818 Πέτρου
2793 3745 3101 3808 ἀνελθόντος
3127 3747 3205 3809 εἰς
3239 3745 3591 3814 Ἰερουσαλὴμ
3612 3743 3682 3796 τὰ

2109 3839 2288 3910 πλήθη
2316 3838 2428 3892 τῶν
2452 3841 2514 3890 ὲκ
2545 3837 2846 3907 περιτομῆς
2880 3836 3074 3903 λέγων,
3096 3836 3197 3887 ὅτι·
3229 3831 3489 3899 Εἱσῆλθε
3531 3831 3683 3898 πρὸς

2109 3928 2335 3997 ἄνδρας
2377 3927 2783 3998 ἀκροϐυστίαν
2822 3926 3094 3995 ἔχοντας.
3139 3923 3390 3994 Ἐποίησε
3430 3922 3487 3974 δὲ
3526 3921 3686 3974 τοῦτο

2111 4018 2384 4090 Κήρινθος
2415 4019 2542 4089 πρὶν
2577 4015 2610 4085 ἢ
2654 4017 2713 4068 ὲν
2740 4015 2805 4085 τῇ
2841 4015 2995 4085 Ἀσίᾳ
3015 4011 3252 4086 κηρύξαι
3281 4011 3340 4065 τὸ
3378 4010 3542 4064 αὐτοῦ
3585 4013 3686 4078 κῆ-

2116 4125 2320 4181 ρυγμα,
2345 4108 2438 4160 καὶ
2460 4107 2717 4176 ἐμπεσεῖν
2738 4106 2819 4167 είς
2850 4105 2911 4156 τὺ
2945 4105 3327 4176 περισσότερον
3363 4102 3463 4170 τῆς
3491 4099 3685 4154 ἑαυτοῦ

2112 4199 2388 4262 ἀπωλείας
2420 4198 2710 4270 βάραθρον.
2749 4197 2850 4251 Διά
2871 4196 2980 4268 γὰρ
3006 4197 3068 4249 τὸ
3092 4191 3232 4248 εἶναι
3261 4193 3420 4246 αὑτὸν
3450 4191 3686 4264 ἐμπερί-

437 4290 684 4344 habentes
712 4291 755 4342 ³.
789 4290 943 4356 Quod
979 4290 1199 4359 quidem
1252 4290 1319 4341 ab
1351 4303 1416 4342 eo
1477 4286 1680 4341 factum
1723 4294 1828 4353 est,
1860 4296 1994 4340 ante-

2106 4307 2307 4362 τομον,
2357 4289 2518 4359 δῆθεν
2549 4289 2846 4352 ἀντιδικίας
2887 4290 3052 4341 ἓνεκα
3099 4287 3207 4340 τῶν
3257 4288 3314 4338 ὲν
3356 4282 3690 4354 ἀκροϐυστίᾳ.

443 4397 606 4452 quam
658 4397 816 4435 suum
874 4382 929 4434 in
960 4381 1089 4435 Asia
1120 4380 1312 4449 dogma
1354 4377 1696 4446 praedicaret,
1733 4393 1898 4449 seque
1956 4379 1990 4432 it

2109 4380 2338 4444 πιστῶν,
2361 4378 2450 4432 διὰ
2467 4379 2565 4448 τῆς
2594 4377 2896 4449 περιτομῆς
2923 4377 3019 4446 τὴν
3060 4375 3331 4445 πρόφασιν
3359 4371 3687 4442 ὲθηράσατο.

440 4472 589 4526 exitii
639 4472 722 4526 sui
773 4471 1038 4542 gurgitem
1090 4467 1416 4540 profundius
1475 4469 1810 4524 immitteret.
1879 4469 2014 4523 Nam
2054 4487 2177 4526 cum
2211 4470 2573 4525 circumcisus
2631 4469 2719 4522 hic
2755 4475 2926 4534 esset,
2955 4474 3015 4520 ut
3070 4480 3165 4519 eos
3188 4465 3280 4534 qui
3311 4469 3520 4517 retento
3549 4475 3693 4529 pra:-

438 4568 592 4641 putio
629 4566 811 4621 fideles
849 4572 1005 4620 erant
1052 4565 1427 4631 ulcisceretur,
1471 4565 1818 4618 occasionem
1853 4580 1882 4619 e
1907 4567 2323 4621 circumcisione
2353 4574 2548 4619 nactus
2587 4571 2691 4618 est.

509 4654 596 4710 Ill.
623 4655 728 4708 Sed
750 4669 871 4708 cum
893 4653 1154 4707 Dominus
1177 4653 1397 4706 humani
1425 4654 1640 4723 generis
1672 4668 1859 4707 curam
1893 4670 1994 4724 per

2189 4654 2262 4710 1".
2287 4654 2391 4707 Τοῦ
2415 4653 2470 4706 δὲ
2501 4653 2702 4725 Κυρίου
2737 4652 2964 4706 πάντοτε
2992 4650 3091 4721 τὴν
3123 4647 3438 4718 ἐπιμέλειαν
3466 4644 3564 4713 τῆς
3599 4645 3692 4697 ἀνα

441 4757 605 4819 petuo
639 4754 811 4816 gerat,
853 4753 907 4800 et
945 4745 1000 4798 in
1033 4745 1277 4800 veritatis
1309 4746 1621 4800 amantibus
1658 4744 1784 4800 ﬁliis
1814 4753 1994 4800 cet-tan

2121 4745 2470 4815 θρωπότητος
2491 4741 2836 4812 ποιουμένου,
2859 4741 2952 4794 xal.
2970 4740 3030 4792 τὸ
3058 4738 3224 4807 σαφὲς
3247 4741 3344 4808 τῆς
3369 4735 3618 4806 ἀληθείας
3636 4737 3694 4788 ὲν

443 4857 507 4894 ac
535 4845 876 4894 constantem
927 4839 1072 4891 illius
1106 4836 1264 4891 fidem
1313 4837 1557 4893 stabilire
1603 4853 1666 4891 ac
1695 4836 1994 4891 confirman

2121 4839 2233 4899 τοῖς
2275 4835 2374 4906 τῆς
2411 4833 2666 4902 ἀληθείας
2709 4835 2844 4895 υἱοῖς
2889 4828 3337 4899 ἁσφαλιζομένου,
3384 4829 3478 4880 καὶ
3517 4826 3697 4888 δόντος

442 4931 633 4994 soleat,
668 4943 790 4982 cum
829 4927 1178 4982 sanctissimo
1222 4928 1468 4995 apostolo
1505 4925 1666 4980 Petro
1700 4926 1994 4980 eonfutand

2124 4927 2314 4998 Πέτρῳ
2335 4925 2410 4996 τῷ
2433 4925 2571 4997 ἁγίῳ
2589 4924 2869 4994 ἀποστόλῳ
2893 4919 3218 4993 ποιήσασθαι
3245 4919 3344 4990 τὴν
3377 4919 3510 4988 πρὸς
3535 4917 3696 4969 αὐτὸν

446 5019 592 5072 illius
658 5017 970 5071 facultatem
1026 5031 1089 5070 ac
1125 5017 1398 5070 rationem
1437 5008 1698 5077 dedisset,
1731 5015 1994 5069 manifesti

2123 5018 2361 5080 καὶτοὺς
2399 5017 2562 5069 αὐτοῦ
2605 5015 2880 5086 ἐλέγχους,
2926 5014 3132 5086 φανερὰ
3171 5013 3377 5082 γίνεται
3405 5013 3436 5081 ἡ
3462 5009 3555 5061 τοῦ
3584 5010 3700 5078 Κη-

446 5109 701 5162 munibus
736 5119 818 5165 est
844 5109 1085 5165 Cerinthi
1131 5119 1410 5179 comperta
1446 5109 1735 5163 stoliditas.
1773 5109 1848 5161 Ita
1873 5110 1994 5163 enin

2128 5108 2306 5180 ρίνθου
2336 5107 2507 5162 ἄνοια.
2538 5107 2676 5178 Φησὶ
2699 5107 2807 5176 γὰρ
2839 5108 2867 5158 6
2906 5105 3057 5172 ἆγιος
3085 5105 3285 5174 Πέτρος
3305 5120 3317 5133 ο
3362 5100 3503 5171 Ἐγὼ
3537 5100 3701 5169 ἤμην

447 5201 741 5268 Apostolus
767 5201 981 5256 loculus
995 5213 1074 5255 est
1101 5221 1113 5257 :
1144 5201 1254 5272 Ego
1274 5219 1418 5257 eram
1441 5203 1495 5254 in
1524 5203 1786 5255 civitatem
1813 5200 1979 5270 Joppe

2121 5203 2191 5255 ἐν
2223 5203 2394 5254 πόλει
2441 5201 2676 5268 Ἰόππῃ·
2721 5201 2819 5254 καὶ
2877 5196 3040 5253 εἶδον
3085 5198 3152 5250 ἐν
3185 5199 3345 5266 μέσῃ
3389 5193 3465 5263 τῇ
3510 5193 3700 5262 ἡμέρᾳ

446 5301 495 5345 et
528 5291 632 5345 vidi
670 5292 842 5345 media
875 5294 984 5346 luce
1008 5295 1148 5347 circa
1175 5294 1362 5348 horam
1388 5303 1592 5348 sextam
1619 5291 1775 5364 112
1801 5293 1994 5347 Iinteun

2125 5293 2256 5362 περὶ
2277 5293 2440 5363 ὥραν
2467 5293 2650 5363 ἕκτην
2677 5294 2897 5362 ὀθόνην
2923 5289 3279 5362 καθιεμένην
3319 5290 3388 5343 ἐν
3423 5287 3702 5358 τέτρασιν

519 5475 538 5506 ι
571 5473 688 5527 Act.
726 5486 813 5537 xv,
836 5468 906 5522 24
930 5486 1049 5541 sqq.

1128 5471 1148 5501 ²
1175 5471 1293 5528 Act.
1329 5489 1383 5536 χ,
1419 5471 1485 5527 18
1513 5489 1633 5543 sqq.
1711 5472 1732 5503 ³
1761 5472 1991 5538 Act.'x1,
2022 5473 2074 5527 5.

518 5648 636 5718 (95)
670 5645 855 5717 Οὗτος
881 5649 947 5704 δέ
975 5651 1165 5716 ἐστιν,
1201 5650 1511 5720 ἀγαπητοί.
1554 5649 1794 5720 ldipsum
1828 5647 1993 5723 Phila

2095 5663 2165 5704 ius
2195 5646 2408 5705 scribit.
