  <div class='ocr_page' id='page_1' title='image "/cluster/home/n/w/nwhite01/storage/ocr_20150623/41/mdp.39015008169818/212.png"; bbox 0 0 4018 6114; ppageno 0'>
   <div class='ocr_carea' id='block_1_1' title="bbox 395 310 578 376">
    <p class='ocr_par' dir='ltr' id='par_1_1' title="bbox 395 310 578 376">
     <span class='ocr_line' id='line_1_1' title="bbox 395 310 578 376; baseline 0 -10"><span class='ocrx_word' id='word_1_1' title='bbox 395 310 578 376; x_wconf 52' lang='grc'>581,</span> 
     </span>
    </p>
   </div>
   <div class='ocr_carea' id='block_1_2' title="bbox 974 297 1946 387">
    <p class='ocr_par' dir='ltr' id='par_1_2' title="bbox 974 305 1946 387">
     <span class='ocr_line' id='line_1_2' title="bbox 974 305 1946 387; baseline -0.005 -22"><span class='ocrx_word' id='word_1_2' title='bbox 974 309 1342 387; x_wconf 57' lang='grc' dir='ltr'>λονειιευε</span> <span class='ocrx_word' id='word_1_3' title='bbox 1376 308 1719 365; x_wconf 69' lang='grc' dir='ltr'><strong><em>ΠΑΞΙίΕΞΕΞ</em></strong></span> <span class='ocrx_word' id='word_1_4' title='bbox 1759 305 1883 362; x_wconf 81' lang='lat' dir='ltr'><strong><em>LIB.</em></strong></span> <span class='ocrx_word' id='word_1_5' title='bbox 1933 306 1946 361; x_wconf 91' lang='lat' dir='ltr'><strong><em>l</em></strong></span> 
     </span>
    </p>
   </div>
   <div class='ocr_carea' id='block_1_3' title="bbox 2049 297 2941 387">
    <p class='ocr_par' dir='ltr' id='par_1_3' title="bbox 2049 297 2941 360">
     <span class='ocr_line' id='line_1_3' title="bbox 2049 297 2941 360; baseline -0.008 -3"><span class='ocrx_word' id='word_1_6' title='bbox 2049 303 2183 360; x_wconf 75' lang='lat' dir='ltr'><strong><em>:‘OM.</em></strong></span> <span class='ocrx_word' id='word_1_7' title='bbox 2222 300 2669 358; x_wconf 73' lang='lat' dir='ltr'><strong><em>ll.—HAERES.</em></strong></span> <span class='ocrx_word' id='word_1_8' title='bbox 2713 297 2941 353; x_wconf 76' lang='lat' dir='ltr'><strong>XXVIII.</strong></span> 
     </span>
    </p>
   </div>
   <div class='ocr_carea' id='block_1_4' title="bbox 3532 295 3644 354">
    <p class='ocr_par' dir='ltr' id='par_1_4' title="bbox 3532 295 3644 354">
     <span class='ocr_line' id='line_1_4' title="bbox 3532 295 3644 354; baseline 0 0"><span class='ocrx_word' id='word_1_9' title='bbox 3532 295 3644 354; x_wconf 70' lang='lat'><strong><em>382</em></strong></span> 
     </span>
    </p>
   </div>
   <div class='ocr_carea' id='block_1_5' title="bbox 393 411 1946 498">
    <p class='ocr_par' dir='ltr' id='par_1_5' title="bbox 393 418 1940 498">
     <span class='ocr_line' id='line_1_5' title="bbox 393 418 1940 498; baseline -0.006 -13"><span class='ocrx_word' id='word_1_10' title='bbox 393 426 625 498; x_wconf 77' lang='grc' dir='ltr'><strong><em>ἀρχαῖς,</em></strong></span> <span class='ocrx_word' id='word_1_11' title='bbox 650 427 721 480; x_wconf 72' lang='grc' dir='ltr'><strong><em>ἐν</em></strong></span> <span class='ocrx_word' id='word_1_12' title='bbox 756 425 794 495; x_wconf 75' lang='grc' dir='ltr'><strong>ᾖ</strong></span> <span class='ocrx_word' id='word_1_13' title='bbox 841 418 918 497; x_wconf 80' lang='grc' dir='ltr'><strong><em>ἦν</em></strong></span> <span class='ocrx_word' id='word_1_14' title='bbox 953 426 1149 481; x_wconf 81' lang='grc' dir='ltr'>πάντα</span> <span class='ocrx_word' id='word_1_15' title='bbox 1195 426 1527 497; x_wconf 81' lang='grc' dir='ltr'>τετράποδα</span> <span class='ocrx_word' id='word_1_16' title='bbox 1576 422 1675 479; x_wconf 76' lang='grc' dir='ltr'>καὶ</span> <span class='ocrx_word' id='word_1_17' title='bbox 1722 419 1940 493; x_wconf 79' lang='grc' dir='ltr'>ἑρπετὰ</span> 
     </span>
    </p>
   </div>
   <div class='ocr_carea' id='block_1_6' title="bbox 2049 411 3641 498">
    <p class='ocr_par' dir='ltr' id='par_1_6' title="bbox 2063 411 3641 490">
     <span class='ocr_line' id='line_1_6' title="bbox 2063 411 3641 490; baseline -0.004 -18"><span class='ocrx_word' id='word_1_18' title='bbox 2063 422 2292 490; x_wconf 78' lang='lat' dir='ltr'><strong><em>quatuor</em></strong></span> <span class='ocrx_word' id='word_1_19' title='bbox 2320 417 2492 470; x_wconf 88' lang='lat' dir='ltr'><strong><em>initiis</em></strong></span> <span class='ocrx_word' id='word_1_20' title='bbox 2519 414 2779 470; x_wconf 86' lang='lat' dir='ltr'><strong><em>summitti</em></strong></span> <span class='ocrx_word' id='word_1_21' title='bbox 2801 413 2864 467; x_wconf 87' lang='lat' dir='ltr'><strong><em>de</em></strong></span> <span class='ocrx_word' id='word_1_22' title='bbox 2883 412 3032 476; x_wconf 82' lang='lat' dir='ltr'><strong><em>ctrlo,</em></strong></span> <span class='ocrx_word' id='word_1_23' title='bbox 3067 411 3124 465; x_wconf 85' lang='lat' dir='ltr'><strong><em>in</em></strong></span> <span class='ocrx_word' id='word_1_24' title='bbox 3156 426 3257 480; x_wconf 86' lang='lat' dir='ltr'><strong><em>quo</em></strong></span> <span class='ocrx_word' id='word_1_25' title='bbox 3286 416 3438 465; x_wconf 83' lang='lat' dir='ltr'><strong><em>erant</em></strong></span> <span class='ocrx_word' id='word_1_26' title='bbox 3462 411 3641 465; x_wconf 85' lang='lat' dir='ltr'><strong><em>omnia</em></strong></span> 
     </span>
    </p>
   </div>
   <div class='ocr_carea' id='block_1_7' title="bbox 392 510 1957 587">
    <p class='ocr_par' dir='ltr' id='par_1_7' title="bbox 392 510 1957 587">
     <span class='ocr_line' id='line_1_7' title="bbox 392 510 1957 587; baseline -0.002 -16"><span class='ocrx_word' id='word_1_27' title='bbox 392 519 500 571; x_wconf 72' lang='grc' dir='ltr'><strong><em>Καὶ</em></strong></span> <span class='ocrx_word' id='word_1_28' title='bbox 542 512 672 571; x_wconf 71' lang='grc' dir='ltr'>εἶπέ</span> <span class='ocrx_word' id='word_1_29' title='bbox 699 533 830 585; x_wconf 86' lang='grc' dir='ltr'>μοι·</span> <span class='ocrx_word' id='word_1_30' title='bbox 863 516 1065 571; x_wconf 74' lang='grc' dir='ltr'>Θῦσον</span> <span class='ocrx_word' id='word_1_31' title='bbox 1105 519 1203 571; x_wconf 75' lang='grc' dir='ltr'>καὶ</span> <span class='ocrx_word' id='word_1_32' title='bbox 1246 512 1418 587; x_wconf 66' lang='grc' dir='ltr'>φάγε.</span> <span class='ocrx_word' id='word_1_33' title='bbox 1464 510 1605 587; x_wconf 74' lang='grc' dir='ltr'><strong><em>Ἐγὼ</em></strong></span> <span class='ocrx_word' id='word_1_34' title='bbox 1647 515 1715 569; x_wconf 83' lang='grc' dir='ltr'><em>δέ</em></span> <span class='ocrx_word' id='word_1_35' title='bbox 1750 510 1957 569; x_wconf 77' lang='grc' dir='ltr'>εἶπσν’</span> 
     </span>
    </p>
   </div>
   <div class='ocr_carea' id='block_1_8' title="bbox 397 600 1960 677">
    <p class='ocr_par' dir='ltr' id='par_1_8' title="bbox 397 600 1960 677">
     <span class='ocr_line' id='line_1_8' title="bbox 397 600 1960 677; baseline -0.002 -17"><span class='ocrx_word' id='word_1_36' title='bbox 397 607 588 674; x_wconf 76' lang='grc' dir='ltr'>Κύριε,</span> <span class='ocrx_word' id='word_1_37' title='bbox 612 603 921 677; x_wconf 73' lang='grc' dir='ltr'>μηδαμῶς-δ</span> <span class='ocrx_word' id='word_1_38' title='bbox 957 603 1047 659; x_wconf 82' lang='grc' dir='ltr'><strong><em>ότι</em></strong></span> <span class='ocrx_word' id='word_1_39' title='bbox 1083 605 1368 659; x_wconf 74' lang='grc' dir='ltr'>οὐδέποτε</span> <span class='ocrx_word' id='word_1_40' title='bbox 1394 603 1601 659; x_wconf 75' lang='grc' dir='ltr'>κοινὸν</span> <span class='ocrx_word' id='word_1_41' title='bbox 1628 605 1666 673; x_wconf 78' lang='grc' dir='ltr'><em>ἢ</em></span> <span class='ocrx_word' id='word_1_42' title='bbox 1705 600 1960 672; x_wconf 79' lang='grc' dir='ltr'>ἀκάθαρ-</span> 
     </span>
    </p>
   </div>
   <div class='ocr_carea' id='block_1_9' title="bbox 391 690 1959 766">
    <p class='ocr_par' dir='ltr' id='par_1_9' title="bbox 391 690 1959 766">
     <span class='ocr_line' id='line_1_9' title="bbox 391 690 1959 766; baseline -0.002 -16"><span class='ocrx_word' id='word_1_43' title='bbox 391 708 497 750; x_wconf 82' lang='grc' dir='ltr'><strong><em>τον</em></strong></span> <span class='ocrx_word' id='word_1_44' title='bbox 523 695 813 765; x_wconf 75' lang='grc' dir='ltr'>εισῆλθεν</span> <span class='ocrx_word' id='word_1_45' title='bbox 839 696 926 762; x_wconf 84' lang='grc' dir='ltr'><strong><em>εις</em></strong></span> <span class='ocrx_word' id='word_1_46' title='bbox 950 694 1016 749; x_wconf 82' lang='grc' dir='ltr'>τὸ</span> <span class='ocrx_word' id='word_1_47' title='bbox 1044 690 1238 766; x_wconf 56' lang='grc' dir='ltr'>στόμα</span> <span class='ocrx_word' id='word_1_48' title='bbox 1256 710 1396 766; x_wconf 81' lang='grc' dir='ltr'>μου.</span> <span class='ocrx_word' id='word_1_49' title='bbox 1436 690 1741 763; x_wconf 70' lang='grc' dir='ltr'>Ἀπεκρίθη</span> <span class='ocrx_word' id='word_1_50' title='bbox 1768 692 1835 747; x_wconf 82' lang='grc' dir='ltr'><strong><em>δέ</em></strong></span> <span class='ocrx_word' id='word_1_51' title='bbox 1858 711 1959 763; x_wconf 83' lang='grc' dir='ltr'><strong><em>μοι</em></strong></span> 
     </span>
    </p>
   </div>
   <div class='ocr_carea' id='block_1_10' title="bbox 389 781 1960 855">
    <p class='ocr_par' dir='ltr' id='par_1_10' title="bbox 389 781 1960 855">
     <span class='ocr_line' id='line_1_10' title="bbox 389 781 1960 855; baseline -0.003 -15"><span class='ocrx_word' id='word_1_52' title='bbox 389 790 458 842; x_wconf 75' lang='grc' dir='ltr'>ἐκ</span> <span class='ocrx_word' id='word_1_53' title='bbox 504 786 785 854; x_wconf 78' lang='grc' dir='ltr'><strong><em>δευτέρου</em></strong></span> <span class='ocrx_word' id='word_1_54' title='bbox 825 785 993 855; x_wconf 73' lang='grc' dir='ltr'><strong><em>φωνὴ</em></strong></span> <span class='ocrx_word' id='word_1_55' title='bbox 1037 786 1108 839; x_wconf 80' lang='grc' dir='ltr'>ἐκ</span> <span class='ocrx_word' id='word_1_56' title='bbox 1154 785 1262 839; x_wconf 83' lang='grc' dir='ltr'><strong><em>τοῦ</em></strong></span> <span class='ocrx_word' id='word_1_57' title='bbox 1322 783 1601 852; x_wconf 81' lang='grc' dir='ltr'>οὐρανοῦ·</span> <span class='ocrx_word' id='word_1_58' title='bbox 1646 785 1706 837; x_wconf 78' lang='grc' dir='ltr'><strong>Ἀ</strong></span> <span class='ocrx_word' id='word_1_59' title='bbox 1745 785 1779 836; x_wconf 83' lang='grc' dir='ltr'><strong><em>ό</em></strong></span> <span class='ocrx_word' id='word_1_60' title='bbox 1814 781 1960 848; x_wconf 83' lang='grc' dir='ltr'><strong><em>Θεὸς</em></strong></span> 
     </span>
    </p>
   </div>
   <div class='ocr_carea' id='block_1_11' title="bbox 390 870 1959 948">
    <p class='ocr_par' dir='ltr' id='par_1_11' title="bbox 390 870 1959 948">
     <span class='ocr_line' id='line_1_11' title="bbox 390 870 1959 948; baseline -0.003 -16"><span class='ocrx_word' id='word_1_61' title='bbox 390 877 728 946; x_wconf 79' lang='grc' dir='ltr'>ἐκαθάρισε,</span> <span class='ocrx_word' id='word_1_62' title='bbox 755 876 836 932; x_wconf 84' lang='grc' dir='ltr'>σὺ</span> <span class='ocrx_word' id='word_1_63' title='bbox 858 876 943 948; x_wconf 77' lang='grc' dir='ltr'><strong><em>μὴ</em></strong></span> <span class='ocrx_word' id='word_1_64' title='bbox 975 877 1202 932; x_wconf 82' lang='grc' dir='ltr'>κοίνου.</span> <span class='ocrx_word' id='word_1_65' title='bbox 1240 870 1351 930; x_wconf 81' lang='lat' dir='ltr'><strong><em>Kai</em></strong></span> <span class='ocrx_word' id='word_1_66' title='bbox 1387 870 1457 941; x_wconf 81' lang='grc' dir='ltr'><strong><em>ἐξ</em></strong></span> <span class='ocrx_word' id='word_1_67' title='bbox 1481 875 1672 943; x_wconf 83' lang='grc' dir='ltr'>αὐτῆς</span> <span class='ocrx_word' id='word_1_68' title='bbox 1698 874 1825 928; x_wconf 73' lang='grc' dir='ltr'><strong><em>ἰδοὺ</em></strong></span> <span class='ocrx_word' id='word_1_69' title='bbox 1849 873 1959 928; x_wconf 82' lang='grc' dir='ltr'><strong><em>δύο</em></strong></span> 
     </span>
    </p>
   </div>
   <div class='ocr_carea' id='block_1_12' title="bbox 389 960 1958 1038">
    <p class='ocr_par' dir='ltr' id='par_1_12' title="bbox 389 960 1958 1038">
     <span class='ocr_line' id='line_1_12' title="bbox 389 960 1958 1038; baseline -0.004 -14"><span class='ocrx_word' id='word_1_70' title='bbox 389 969 604 1037; x_wconf 76' lang='grc' dir='ltr'><em>ἄνδρες</em></span> <span class='ocrx_word' id='word_1_71' title='bbox 634 960 1022 1038; x_wconf 70' lang='grc' dir='ltr'>εἱστήκεισαν</span> <span class='ocrx_word' id='word_1_72' title='bbox 1048 960 1136 1033; x_wconf 78' lang='grc' dir='ltr'><strong><em>εἰς</em></strong></span> <span class='ocrx_word' id='word_1_73' title='bbox 1162 966 1277 1036; x_wconf 77' lang='grc' dir='ltr'><strong><em>τὴν</em></strong></span> <span class='ocrx_word' id='word_1_74' title='bbox 1298 966 1512 1020; x_wconf 76' lang='grc' dir='ltr'>οὶκίαν.</span> <span class='ocrx_word' id='word_1_75' title='bbox 1554 962 1668 1021; x_wconf 80' lang='grc' dir='ltr'><strong><em>Καὶ</em></strong></span> <span class='ocrx_word' id='word_1_76' title='bbox 1699 960 1831 1019; x_wconf 77' lang='grc' dir='ltr'><strong><em>εἶπέ</em></strong></span> <span class='ocrx_word' id='word_1_77' title='bbox 1854 982 1958 1034; x_wconf 86' lang='grc' dir='ltr'><strong><em>μοι</em></strong></span> 
     </span>
    </p>
   </div>
   <div class='ocr_carea' id='block_1_13' title="bbox 386 1050 1959 1129">
    <p class='ocr_par' dir='ltr' id='par_1_13' title="bbox 386 1050 1959 1129">
     <span class='ocr_line' id='line_1_13' title="bbox 386 1050 1959 1129; baseline -0.004 -14"><span class='ocrx_word' id='word_1_78' title='bbox 386 1062 454 1115; x_wconf 82' lang='grc' dir='ltr'>τὸ</span> <span class='ocrx_word' id='word_1_79' title='bbox 478 1062 721 1129; x_wconf 82' lang='grc' dir='ltr'><em>Πνεῦμα</em></span> <span class='ocrx_word' id='word_1_80' title='bbox 741 1078 755 1093; x_wconf 78' lang='grc' dir='ltr'><strong>ο</strong></span> <span class='ocrx_word' id='word_1_81' title='bbox 788 1060 1053 1128; x_wconf 78' lang='grc' dir='ltr'><strong><em>Πορεύου</em></strong></span> <span class='ocrx_word' id='word_1_82' title='bbox 1092 1059 1213 1113; x_wconf 86' lang='grc' dir='ltr'><strong><em>σὺν</em></strong></span> <span class='ocrx_word' id='word_1_83' title='bbox 1261 1057 1465 1124; x_wconf 81' lang='grc' dir='ltr'>αὐτοῖς</span> <span class='ocrx_word' id='word_1_84' title='bbox 1507 1056 1703 1126; x_wconf 71' lang='grc' dir='ltr'>μηδὲν</span> <span class='ocrx_word' id='word_1_85' title='bbox 1738 1050 1959 1124; x_wconf 78' lang='grc' dir='ltr'>διακρι-</span> 
     </span>
    </p>
   </div>
   <div class='ocr_carea' id='block_1_14' title="bbox 385 1146 1955 1220">
    <p class='ocr_par' dir='ltr' id='par_1_14' title="bbox 385 1146 1955 1220">
     <span class='ocr_line' id='line_1_14' title="bbox 385 1146 1955 1220; baseline -0.004 -15"><span class='ocrx_word' id='word_1_86' title='bbox 385 1149 657 1220; x_wconf 74' lang='grc' dir='ltr'>νόμενος.</span> <span class='ocrx_word' id='word_1_87' title='bbox 708 1150 820 1203; x_wconf 77' lang='grc' dir='ltr'><strong><em>Καὶ</em></strong></span> <span class='ocrx_word' id='word_1_88' title='bbox 865 1149 1051 1203; x_wconf 82' lang='grc' dir='ltr'>λοιπὸν</span> <span class='ocrx_word' id='word_1_89' title='bbox 1095 1146 1394 1219; x_wconf 81' lang='grc' dir='ltr'>διηγεῖται,</span> <span class='ocrx_word' id='word_1_90' title='bbox 1440 1147 1517 1211; x_wconf 84' lang='grc' dir='ltr'><strong><em>ὡς</em></strong></span> <span class='ocrx_word' id='word_1_91' title='bbox 1559 1147 1616 1200; x_wconf 83' lang='grc' dir='ltr'>ὲν</span> <span class='ocrx_word' id='word_1_92' title='bbox 1674 1146 1955 1218; x_wconf 77' lang='grc' dir='ltr'>παραϐολῇ</span> 
     </span>
    </p>
   </div>
   <div class='ocr_carea' id='block_1_15' title="bbox 384 1230 1959 1307">
    <p class='ocr_par' dir='ltr' id='par_1_15' title="bbox 384 1230 1959 1307">
     <span class='ocr_line' id='line_1_15' title="bbox 384 1230 1959 1307; baseline 0.001 -20"><span class='ocrx_word' id='word_1_93' title='bbox 384 1236 575 1299; x_wconf 77' lang='grc' dir='ltr'>ταῦτα,</span> <span class='ocrx_word' id='word_1_94' title='bbox 607 1230 643 1290; x_wconf 74' lang='grc' dir='ltr'><strong>ἃ</strong></span> <span class='ocrx_word' id='word_1_95' title='bbox 675 1235 811 1307; x_wconf 82' lang='grc' dir='ltr'>πρὸς</span> <span class='ocrx_word' id='word_1_96' title='bbox 834 1236 995 1289; x_wconf 75' lang='grc' dir='ltr'>αὐτὸν</span> <span class='ocrx_word' id='word_1_97' title='bbox 1031 1230 1277 1307; x_wconf 77' lang='grc' dir='ltr'>εἴρηται·</span> <span class='ocrx_word' id='word_1_98' title='bbox 1306 1234 1398 1289; x_wconf 58' lang='grc' dir='ltr'><strong><em>καλ⁵</em></strong></span> <span class='ocrx_word' id='word_1_99' title='bbox 1425 1234 1502 1299; x_wconf 80' lang='grc' dir='ltr'>ὡς</span> <span class='ocrx_word' id='word_1_100' title='bbox 1535 1234 1597 1288; x_wconf 84' lang='grc' dir='ltr'>οὐ</span> <span class='ocrx_word' id='word_1_101' title='bbox 1630 1235 1752 1289; x_wconf 85' lang='grc' dir='ltr'>τότε</span> <span class='ocrx_word' id='word_1_102' title='bbox 1786 1234 1959 1288; x_wconf 76' lang='grc' dir='ltr'>ἐδίδα-</span> 
     </span>
    </p>
   </div>
   <div class='ocr_carea' id='block_1_16' title="bbox 385 1315 1958 1398">
    <p class='ocr_par' dir='ltr' id='par_1_16' title="bbox 385 1315 1958 1398">
     <span class='ocr_line' id='line_1_16' title="bbox 385 1315 1958 1398; baseline 0.001 -19"><span class='ocrx_word' id='word_1_103' title='bbox 385 1326 493 1393; x_wconf 81' lang='grc' dir='ltr'>ξεν,</span> <span class='ocrx_word' id='word_1_104' title='bbox 523 1327 629 1391; x_wconf 71' lang='grc' dir='ltr'>ἕως</span> <span class='ocrx_word' id='word_1_105' title='bbox 664 1329 754 1380; x_wconf 81' lang='grc' dir='ltr'><strong><em>ὅτε</em></strong></span> <span class='ocrx_word' id='word_1_106' title='bbox 790 1329 820 1380; x_wconf 90' lang='grc' dir='ltr'>ὁ</span> <span class='ocrx_word' id='word_1_107' title='bbox 861 1325 1059 1398; x_wconf 78' lang='grc' dir='ltr'>Κύριος</span> <span class='ocrx_word' id='word_1_108' title='bbox 1097 1325 1343 1398; x_wconf 78' lang='grc' dir='ltr'><strong><em>ἐναργῶς</em></strong></span> <span class='ocrx_word' id='word_1_109' title='bbox 1384 1315 1582 1392; x_wconf 71' lang='grc' dir='ltr'>ἔδειξεν</span> <span class='ocrx_word' id='word_1_110' title='bbox 1625 1326 1774 1396; x_wconf 82' lang='grc' dir='ltr'>αὐτῷ</span> <span class='ocrx_word' id='word_1_111' title='bbox 1807 1326 1844 1381; x_wconf 73' lang='grc' dir='ltr'><strong>ἃ</strong></span> <span class='ocrx_word' id='word_1_112' title='bbox 1871 1326 1958 1381; x_wconf 82' lang='grc' dir='ltr'><strong><em>διὰ</em></strong></span> 
     </span>
    </p>
   </div>
   <div class='ocr_carea' id='block_1_17' title="bbox 382 1412 1957 1488">
    <p class='ocr_par' dir='ltr' id='par_1_17' title="bbox 382 1412 1957 1488">
     <span class='ocr_line' id='line_1_17' title="bbox 382 1412 1957 1488; baseline 0 -19"><span class='ocrx_word' id='word_1_113' title='bbox 382 1417 491 1470; x_wconf 84' lang='grc' dir='ltr'><strong><em>τῶν</em></strong></span> <span class='ocrx_word' id='word_1_114' title='bbox 521 1417 695 1486; x_wconf 83' lang='grc' dir='ltr'>λόγων</span> <span class='ocrx_word' id='word_1_115' title='bbox 741 1417 837 1471; x_wconf 81' lang='grc' dir='ltr'>καὶ</span> <span class='ocrx_word' id='word_1_116' title='bbox 879 1417 1064 1470; x_wconf 81' lang='grc' dir='ltr'>τύπων</span> <span class='ocrx_word' id='word_1_117' title='bbox 1108 1412 1269 1470; x_wconf 73' lang='grc' dir='ltr'>αὐτὸν</span> <span class='ocrx_word' id='word_1_118' title='bbox 1308 1416 1603 1472; x_wconf 66' lang='grc' dir='ltr'>ἐδίδασκεν.</span> <span class='ocrx_word' id='word_1_119' title='bbox 1638 1416 1815 1481; x_wconf 83' lang='grc' dir='ltr'>Εὐθὺς</span> <span class='ocrx_word' id='word_1_120' title='bbox 1848 1416 1957 1488; x_wconf 70' lang='grc' dir='ltr'>γὰρ</span> 
     </span>
    </p>
   </div>
   <div class='ocr_carea' id='block_1_18' title="bbox 383 1500 1954 1578">
    <p class='ocr_par' dir='ltr' id='par_1_18' title="bbox 383 1500 1954 1578">
     <span class='ocr_line' id='line_1_18' title="bbox 383 1500 1954 1578; baseline 0.001 -19"><span class='ocrx_word' id='word_1_121' title='bbox 383 1504 544 1559; x_wconf 80' lang='grc' dir='ltr'>αὐτοῦ</span> <span class='ocrx_word' id='word_1_122' title='bbox 576 1507 881 1573; x_wconf 79' lang='grc' dir='ltr'>ἀνοίξαντες</span> <span class='ocrx_word' id='word_1_123' title='bbox 900 1508 961 1559; x_wconf 86' lang='grc' dir='ltr'><strong><em>τὸ</em></strong></span> <span class='ocrx_word' id='word_1_124' title='bbox 987 1506 1186 1577; x_wconf 77' lang='grc' dir='ltr'>στόμα,</span> <span class='ocrx_word' id='word_1_125' title='bbox 1199 1500 1287 1560; x_wconf 75' lang='grc' dir='ltr'><strong><em>ὅτε</em></strong></span> <span class='ocrx_word' id='word_1_126' title='bbox 1309 1502 1472 1578; x_wconf 73' lang='grc' dir='ltr'>ἦλθεν</span> <span class='ocrx_word' id='word_1_127' title='bbox 1495 1507 1575 1571; x_wconf 78' lang='grc' dir='ltr'>εἰς</span> <span class='ocrx_word' id='word_1_128' title='bbox 1596 1508 1954 1577; x_wconf 79' lang='grc' dir='ltr'><strong><em>Καισάρειαν,</em></strong></span> 
     </span>
    </p>
   </div>
   <div class='ocr_carea' id='block_1_19' title="bbox 382 1588 1957 1667">
    <p class='ocr_par' dir='ltr' id='par_1_19' title="bbox 382 1588 1957 1667">
     <span class='ocr_line' id='line_1_19' title="bbox 382 1588 1957 1667; baseline 0 -20"><span class='ocrx_word' id='word_1_129' title='bbox 382 1594 616 1647; x_wconf 74' lang='grc' dir='ltr'>ἐπέπεσε</span> <span class='ocrx_word' id='word_1_130' title='bbox 660 1595 721 1647; x_wconf 84' lang='grc' dir='ltr'><strong><em>τὸ</em></strong></span> <span class='ocrx_word' id='word_1_131' title='bbox 771 1588 995 1664; x_wconf 83' lang='grc' dir='ltr'><strong><em>Πνεῦμα</em></strong></span> <span class='ocrx_word' id='word_1_132' title='bbox 1034 1595 1096 1647; x_wconf 78' lang='grc' dir='ltr'>τὸ</span> <span class='ocrx_word' id='word_1_133' title='bbox 1140 1592 1294 1663; x_wconf 71' lang='grc' dir='ltr'>ἅγιον</span> <span class='ocrx_word' id='word_1_134' title='bbox 1340 1594 1434 1648; x_wconf 75' lang='grc' dir='ltr'><strong><em>ἐπὶ</em></strong></span> <span class='ocrx_word' id='word_1_135' title='bbox 1483 1595 1799 1667; x_wconf 80' lang='grc' dir='ltr'>Κορνήλιον.</span> <span class='ocrx_word' id='word_1_136' title='bbox 1845 1596 1957 1649; x_wconf 73' lang='grc' dir='ltr'><strong><em>Καὶ</em></strong></span> 
     </span>
    </p>
   </div>
   <div class='ocr_carea' id='block_1_20' title="bbox 384 1678 1955 1755">
    <p class='ocr_par' dir='ltr' id='par_1_20' title="bbox 384 1678 1955 1755">
     <span class='ocr_line' id='line_1_20' title="bbox 384 1678 1955 1755; baseline 0.002 -20"><span class='ocrx_word' id='word_1_137' title='bbox 384 1682 504 1735; x_wconf 80' lang='grc' dir='ltr'>ἰδὼν</span> <span class='ocrx_word' id='word_1_138' title='bbox 542 1682 746 1755; x_wconf 83' lang='grc' dir='ltr'>Πέτρος</span> <span class='ocrx_word' id='word_1_139' title='bbox 790 1678 940 1736; x_wconf 75' lang='grc' dir='ltr'><strong><em>ιίῑπε⁸</em></strong></span> <span class='ocrx_word' id='word_1_140' title='bbox 990 1681 1086 1750; x_wconf 77' lang='grc' dir='ltr'><strong><em>Μή</em></strong></span> <span class='ocrx_word' id='word_1_141' title='bbox 1131 1699 1222 1748; x_wconf 81' lang='grc' dir='ltr'><strong><em>τις</em></strong></span> <span class='ocrx_word' id='word_1_142' title='bbox 1278 1681 1527 1737; x_wconf 76' lang='grc' dir='ltr'>δύναται</span> <span class='ocrx_word' id='word_1_143' title='bbox 1573 1684 1842 1738; x_wconf 70' lang='grc' dir='ltr'>κωλῦσαι</span> <span class='ocrx_word' id='word_1_144' title='bbox 1887 1683 1955 1738; x_wconf 86' lang='grc' dir='ltr'>τὸ</span> 
     </span>
    </p>
   </div>
   <div class='ocr_carea' id='block_1_21' title="bbox 2058 499 3640 581">
    <p class='ocr_par' dir='ltr' id='par_1_21' title="bbox 2058 499 3640 581">
     <span class='ocr_line' id='line_1_21' title="bbox 2058 499 3640 581; baseline -0.006 -17"><span class='ocrx_word' id='word_1_145' title='bbox 2058 510 2437 581; x_wconf 83' lang='lat' dir='ltr'><strong><em>quadrupedia,</em></strong></span> <span class='ocrx_word' id='word_1_146' title='bbox 2487 515 2536 561; x_wconf 88' lang='lat' dir='ltr'><strong><em>et</em></strong></span> <span class='ocrx_word' id='word_1_147' title='bbox 2582 505 2814 574; x_wconf 83' lang='lat' dir='ltr'><strong><em>reptitia.</em></strong></span> <span class='ocrx_word' id='word_1_148' title='bbox 2860 502 2927 556; x_wconf 84' lang='lat' dir='ltr'><strong><em>Et</em></strong></span> <span class='ocrx_word' id='word_1_149' title='bbox 2955 501 3091 556; x_wconf 69' lang='lat' dir='ltr'><strong><em>dixit</em></strong></span> <span class='ocrx_word' id='word_1_150' title='bbox 3122 503 3252 555; x_wconf 85' lang='lat' dir='ltr'><strong><em>mihi</em></strong></span> <span class='ocrx_word' id='word_1_151' title='bbox 3280 517 3299 555; x_wconf 90' lang='lat'><strong><em>:</em></strong></span> <span class='ocrx_word' id='word_1_152' title='bbox 3356 499 3553 556; x_wconf 84' lang='lat' dir='ltr'><strong><em>Occide</em></strong></span> <span class='ocrx_word' id='word_1_153' title='bbox 3589 511 3640 554; x_wconf 82' lang='lat' dir='ltr'><strong><em>et</em></strong></span> 
     </span>
    </p>
   </div>
   <div class='ocr_carea' id='block_1_22' title="bbox 2060 587 3647 663">
    <p class='ocr_par' dir='ltr' id='par_1_22' title="bbox 2060 587 3647 663">
     <span class='ocr_line' id='line_1_22' title="bbox 2060 587 3647 663; baseline -0.007 -9"><span class='ocrx_word' id='word_1_154' title='bbox 2060 599 2340 654; x_wconf 87' lang='lat' dir='ltr'><strong><em>manduca.</em></strong></span> <span class='ocrx_word' id='word_1_155' title='bbox 2362 597 2484 651; x_wconf 74' lang='lat' dir='ltr'><strong><em>Dixi</em></strong></span> <span class='ocrx_word' id='word_1_156' title='bbox 2512 593 3089 663; x_wconf 82' lang='lat' dir='ltr'><strong><em>autem:Nequaquam,</em></strong></span> <span class='ocrx_word' id='word_1_157' title='bbox 3110 590 3357 655; x_wconf 86' lang='lat' dir='ltr'><strong><em>Domine;</em></strong></span> <span class='ocrx_word' id='word_1_158' title='bbox 3369 592 3494 662; x_wconf 86' lang='lat' dir='ltr'><strong><em>quia</em></strong></span> <span class='ocrx_word' id='word_1_159' title='bbox 3512 587 3647 644; x_wconf 77' lang='lat' dir='ltr'><strong><em>nihil</em></strong></span> 
     </span>
    </p>
   </div>
   <div class='ocr_carea' id='block_1_23' title="bbox 2058 672 3635 759">
    <p class='ocr_par' dir='ltr' id='par_1_23' title="bbox 2058 672 3635 759">
     <span class='ocr_line' id='line_1_23' title="bbox 2058 672 3635 759; baseline -0.002 -17"><span class='ocrx_word' id='word_1_160' title='bbox 2058 704 2289 759; x_wconf 80' lang='lat' dir='ltr'><strong><em>unquam</em></strong></span> <span class='ocrx_word' id='word_1_161' title='bbox 2305 672 2576 742; x_wconf 77' lang='lat' dir='ltr'><strong><em>commune</em></strong></span> <span class='ocrx_word' id='word_1_162' title='bbox 2590 686 2668 740; x_wconf 80' lang='lat' dir='ltr'><strong><em>vel</em></strong></span> <span class='ocrx_word' id='word_1_163' title='bbox 2689 678 3018 738; x_wconf 82' lang='lat' dir='ltr'><strong><em>immundum</em></strong></span> <span class='ocrx_word' id='word_1_164' title='bbox 3029 682 3262 737; x_wconf 82' lang='lat' dir='ltr'><strong><em>introivit</em></strong></span> <span class='ocrx_word' id='word_1_165' title='bbox 3287 684 3339 736; x_wconf 88' lang='lat' dir='ltr'><strong><em>in</em></strong></span> <span class='ocrx_word' id='word_1_166' title='bbox 3357 698 3413 738; x_wconf 94' lang='lat' dir='ltr'><strong><em>os</em></strong></span> <span class='ocrx_word' id='word_1_167' title='bbox 3442 696 3635 739; x_wconf 85' lang='lat' dir='ltr'><strong><em>meum.</em></strong></span> 
     </span>
    </p>
   </div>
   <div class='ocr_carea' id='block_1_24' title="bbox 2062 763 3640 848">
    <p class='ocr_par' dir='ltr' id='par_1_24' title="bbox 2062 763 3640 848">
     <span class='ocr_line' id='line_1_24' title="bbox 2062 763 3640 848; baseline -0.004 -15"><span class='ocrx_word' id='word_1_168' title='bbox 2062 778 2349 848; x_wconf 74' lang='lat' dir='ltr'><strong><em>Respondit</em></strong></span> <span class='ocrx_word' id='word_1_169' title='bbox 2377 786 2550 830; x_wconf 80' lang='lat' dir='ltr'><strong><em>autem</em></strong></span> <span class='ocrx_word' id='word_1_170' title='bbox 2575 775 2703 829; x_wconf 89' lang='lat' dir='ltr'><strong><em>mihi</em></strong></span> <span class='ocrx_word' id='word_1_171' title='bbox 2739 763 2836 828; x_wconf 65' lang='lat' dir='ltr'><strong><em>eoa:</em></strong></span> <span class='ocrx_word' id='word_1_172' title='bbox 2854 774 2917 829; x_wconf 88' lang='lat' dir='ltr'><strong><em>de</em></strong></span> <span class='ocrx_word' id='word_1_173' title='bbox 2942 774 3067 828; x_wconf 66' lang='lat' dir='ltr'><strong><em>casto</em></strong></span> <span class='ocrx_word' id='word_1_174' title='bbox 3091 790 3109 829; x_wconf 93' lang='lat'><em>:</em></span> <span class='ocrx_word' id='word_1_175' title='bbox 3143 774 3274 840; x_wconf 64' lang='lat' dir='ltr'><strong><em>Quae</em></strong></span> <span class='ocrx_word' id='word_1_176' title='bbox 3312 773 3449 827; x_wconf 91' lang='lat' dir='ltr'><strong><em>Deus</em></strong></span> <span class='ocrx_word' id='word_1_177' title='bbox 3488 790 3640 828; x_wconf 87' lang='lat' dir='ltr'><strong><em>mun-</em></strong></span> 
     </span>
    </p>
   </div>
   <div class='ocr_carea' id='block_1_25' title="bbox 2058 862 3640 934">
    <p class='ocr_par' dir='ltr' id='par_1_25' title="bbox 2058 862 3640 934">
     <span class='ocr_line' id='line_1_25' title="bbox 2058 862 3640 934; baseline -0.002 -13"><span class='ocrx_word' id='word_1_178' title='bbox 2058 868 2224 933; x_wconf 82' lang='lat' dir='ltr'><strong><em>daoit,</em></strong></span> <span class='ocrx_word' id='word_1_179' title='bbox 2270 878 2326 921; x_wconf 90' lang='lat' dir='ltr'><strong><em>tu</em></strong></span> <span class='ocrx_word' id='word_1_180' title='bbox 2373 884 2437 922; x_wconf 87' lang='lat' dir='ltr'><strong><em>ne</em></strong></span> <span class='ocrx_word' id='word_1_181' title='bbox 2476 868 2783 920; x_wconf 85' lang='lat' dir='ltr'><strong><em>communia</em></strong></span> <span class='ocrx_word' id='word_1_182' title='bbox 2816 864 3038 920; x_wconf 76' lang='lat' dir='ltr'><strong><em>dixeris.</em></strong></span> <span class='ocrx_word' id='word_1_183' title='bbox 3097 862 3166 918; x_wconf 85' lang='lat' dir='ltr'><strong><em>Et</em></strong></span> <span class='ocrx_word' id='word_1_184' title='bbox 3208 864 3485 934; x_wconf 73' lang='lat' dir='ltr'><strong><em>confestim</em></strong></span> <span class='ocrx_word' id='word_1_185' title='bbox 3525 880 3640 919; x_wconf 83' lang='lat' dir='ltr'><strong><em>eccs</em></strong></span> 
     </span>
    </p>
   </div>
   <div class='ocr_carea' id='block_1_26' title="bbox 2058 950 3637 1020">
    <p class='ocr_par' dir='ltr' id='par_1_26' title="bbox 2058 950 3637 1020">
     <span class='ocr_line' id='line_1_26' title="bbox 2058 950 3637 1020; baseline -0.004 -8"><span class='ocrx_word' id='word_1_186' title='bbox 2058 959 2163 1012; x_wconf 89' lang='lat' dir='ltr'><strong><em>duo</em></strong></span> <span class='ocrx_word' id='word_1_187' title='bbox 2186 957 2281 1013; x_wconf 85' lang='lat' dir='ltr'><strong><em>viri</em></strong></span> <span class='ocrx_word' id='word_1_188' title='bbox 2311 958 2589 1011; x_wconf 87' lang='lat' dir='ltr'><strong><em>astiterunt</em></strong></span> <span class='ocrx_word' id='word_1_189' title='bbox 2620 956 2678 1008; x_wconf 85' lang='lat' dir='ltr'><strong><em>in</em></strong></span> <span class='ocrx_word' id='word_1_190' title='bbox 2706 954 2882 1009; x_wconf 91' lang='lat' dir='ltr'><strong><em>domo.</em></strong></span> <span class='ocrx_word' id='word_1_191' title='bbox 2934 951 3001 1007; x_wconf 88' lang='lat' dir='ltr'><strong><em>Et</em></strong></span> <span class='ocrx_word' id='word_1_192' title='bbox 3023 953 3158 1007; x_wconf 77' lang='lat' dir='ltr'><strong><em>dixit</em></strong></span> <span class='ocrx_word' id='word_1_193' title='bbox 3185 952 3315 1006; x_wconf 88' lang='lat' dir='ltr'><strong><em>mihi</em></strong></span> <span class='ocrx_word' id='word_1_194' title='bbox 3359 950 3588 1020; x_wconf 81' lang='lat' dir='ltr'><strong><em>Spiritus</em></strong></span> <span class='ocrx_word' id='word_1_195' title='bbox 3618 968 3637 1005; x_wconf 88' lang='lat'><strong><em>:</em></strong></span> 
     </span>
    </p>
   </div>
   <div class='ocr_carea' id='block_1_27' title="bbox 2067 1041 3638 1113">
    <p class='ocr_par' dir='ltr' id='par_1_27' title="bbox 2067 1041 3638 1113">
     <span class='ocr_line' id='line_1_27' title="bbox 2067 1041 3638 1113; baseline -0.008 -8"><span class='ocrx_word' id='word_1_196' title='bbox 2067 1048 2213 1105; x_wconf 84' lang='lat' dir='ltr'><strong><em>Vade</em></strong></span> <span class='ocrx_word' id='word_1_197' title='bbox 2244 1064 2363 1101; x_wconf 86' lang='lat' dir='ltr'><strong><em>cum</em></strong></span> <span class='ocrx_word' id='word_1_198' title='bbox 2384 1048 2513 1113; x_wconf 80' lang='lat' dir='ltr'><strong><em>ipsis</em></strong></span> <span class='ocrx_word' id='word_1_199' title='bbox 2542 1045 2676 1100; x_wconf 87' lang='lat' dir='ltr'><strong><em>nihil</em></strong></span> <span class='ocrx_word' id='word_1_200' title='bbox 2698 1045 2952 1100; x_wconf 75' lang='lat' dir='ltr'><strong><em>hazsitans</em></strong></span> <span class='ocrx_word' id='word_1_201' title='bbox 2979 1046 3018 1099; x_wconf 83' lang='grc'><strong><em>¹.</em></strong></span> <span class='ocrx_word' id='word_1_202' title='bbox 3048 1047 3225 1113; x_wconf 77' lang='lat' dir='ltr'><strong><em>Atque</em></strong></span> <span class='ocrx_word' id='word_1_203' title='bbox 3258 1043 3332 1097; x_wconf 84' lang='lat' dir='ltr'><strong><em>ita</em></strong></span> <span class='ocrx_word' id='word_1_204' title='bbox 3361 1041 3638 1110; x_wconf 76' lang='lat' dir='ltr'><strong><em>deinceps,</em></strong></span> 
     </span>
    </p>
   </div>
   <div class='ocr_carea' id='block_1_28' title="bbox 2060 1132 3639 1211">
    <p class='ocr_par' dir='ltr' id='par_1_28' title="bbox 2060 1132 3639 1211">
     <span class='ocr_line' id='line_1_28' title="bbox 2060 1132 3639 1211; baseline -0.004 -16"><span class='ocrx_word' id='word_1_205' title='bbox 2060 1156 2179 1211; x_wconf 70' lang='lat' dir='ltr'><strong><em>qua:</em></strong></span> <span class='ocrx_word' id='word_1_206' title='bbox 2218 1141 2319 1195; x_wconf 80' lang='lat' dir='ltr'><strong><em>sibi</em></strong></span> <span class='ocrx_word' id='word_1_207' title='bbox 2358 1139 2607 1194; x_wconf 86' lang='lat' dir='ltr'><strong><em>nuntiata</em></strong></span> <span class='ocrx_word' id='word_1_208' title='bbox 2654 1144 2782 1193; x_wconf 90' lang='lat' dir='ltr'><strong><em>sunt</em></strong></span> <span class='ocrx_word' id='word_1_209' title='bbox 2822 1136 2972 1191; x_wconf 80' lang='lat' dir='ltr'><strong><em>velut</em></strong></span> <span class='ocrx_word' id='word_1_210' title='bbox 3006 1146 3103 1206; x_wconf 87' lang='lat' dir='ltr'><strong><em>per</em></strong></span> <span class='ocrx_word' id='word_1_211' title='bbox 3139 1134 3455 1205; x_wconf 84' lang='lat' dir='ltr'><strong><em>parabolam</em></strong></span> <span class='ocrx_word' id='word_1_212' title='bbox 3493 1132 3639 1188; x_wconf 81' lang='lat' dir='ltr'><strong><em>edis-</em></strong></span> 
     </span>
    </p>
   </div>
   <div class='ocr_carea' id='block_1_29' title="bbox 2060 1224 3640 1301">
    <p class='ocr_par' dir='ltr' id='par_1_29' title="bbox 2060 1224 3640 1301">
     <span class='ocr_line' id='line_1_29' title="bbox 2060 1224 3640 1301; baseline -0.009 -11"><span class='ocrx_word' id='word_1_213' title='bbox 2060 1233 2193 1290; x_wconf 89' lang='lat' dir='ltr'><strong><em>serit</em></strong></span> <span class='ocrx_word' id='word_1_214' title='bbox 2226 1250 2239 1285; x_wconf 89' lang='lat'><strong>:</strong></span> <span class='ocrx_word' id='word_1_215' title='bbox 2272 1247 2375 1287; x_wconf 89' lang='lat' dir='ltr'><strong><em>nec</em></strong></span> <span class='ocrx_word' id='word_1_216' title='bbox 2404 1247 2482 1296; x_wconf 87' lang='lat' dir='ltr'><strong><em>se,</em></strong></span> <span class='ocrx_word' id='word_1_217' title='bbox 2503 1230 2656 1301; x_wconf 75' lang='lat' dir='ltr'><strong><em>prius</em></strong></span> <span class='ocrx_word' id='word_1_218' title='bbox 2681 1229 2748 1284; x_wconf 91' lang='lat' dir='ltr'><strong><em>ad</em></strong></span> <span class='ocrx_word' id='word_1_219' title='bbox 2782 1227 3093 1284; x_wconf 88' lang='lat' dir='ltr'><strong><em>docendum</em></strong></span> <span class='ocrx_word' id='word_1_220' title='bbox 3132 1224 3454 1290; x_wconf 82' lang='lat' dir='ltr'><strong><em>accessisse,</em></strong></span> <span class='ocrx_word' id='word_1_221' title='bbox 3476 1237 3640 1293; x_wconf 87' lang='lat' dir='ltr'><strong><em>quam</em></strong></span> 
     </span>
    </p>
   </div>
   <div class='ocr_carea' id='block_1_30' title="bbox 2058 1315 3637 1393">
    <p class='ocr_par' dir='ltr' id='par_1_30' title="bbox 2058 1315 3637 1393">
     <span class='ocr_line' id='line_1_30' title="bbox 2058 1315 3637 1393; baseline -0.006 -16"><span class='ocrx_word' id='word_1_222' title='bbox 2058 1332 2242 1393; x_wconf 86' lang='lat' dir='ltr'><strong><em>aperte</em></strong></span> <span class='ocrx_word' id='word_1_223' title='bbox 2296 1322 2560 1377; x_wconf 84' lang='lat' dir='ltr'><strong><em>Dominus</em></strong></span> <span class='ocrx_word' id='word_1_224' title='bbox 2590 1324 2655 1374; x_wconf 82' lang='lat' dir='ltr'><strong><em>ea</em></strong></span> <span class='ocrx_word' id='word_1_225' title='bbox 2701 1325 3053 1382; x_wconf 76' lang='lat' dir='ltr'><strong><em>monstraret,</em></strong></span> <span class='ocrx_word' id='word_1_226' title='bbox 3085 1330 3208 1387; x_wconf 73' lang='lat' dir='ltr'><strong><em>quae</em></strong></span> <span class='ocrx_word' id='word_1_227' title='bbox 3238 1315 3637 1376; x_wconf 83' lang='lat' dir='ltr'><strong><em>verbisantea,</em></strong></span> 
     </span>
    </p>
   </div>
   <div class='ocr_carea' id='block_1_31' title="bbox 2057 1402 3639 1485">
    <p class='ocr_par' dir='ltr' id='par_1_31' title="bbox 2057 1402 3639 1485">
     <span class='ocr_line' id='line_1_31' title="bbox 2057 1402 3639 1485; baseline -0.007 -16"><span class='ocrx_word' id='word_1_228' title='bbox 2057 1412 2353 1485; x_wconf 75' lang='lat' dir='ltr'><strong><em>tigni-isque</em></strong></span> <span class='ocrx_word' id='word_1_229' title='bbox 2425 1411 2843 1481; x_wconf 75' lang='lat' dir='ltr'><strong><em>signiﬁcaverat.</em></strong></span> <span class='ocrx_word' id='word_1_230' title='bbox 2897 1402 3111 1462; x_wconf 80' lang='lat' dir='ltr'><strong><em>Etenim</em></strong></span> <span class='ocrx_word' id='word_1_231' title='bbox 3160 1407 3384 1463; x_wconf 86' lang='lat' dir='ltr'><strong><em>simulat</em></strong></span> <span class='ocrx_word' id='word_1_232' title='bbox 3429 1419 3536 1474; x_wconf 91' lang='lat' dir='ltr'><strong><em>que</em></strong></span> <span class='ocrx_word' id='word_1_233' title='bbox 3575 1419 3639 1459; x_wconf 87' lang='lat' dir='ltr'><strong><em>os</em></strong></span> 
     </span>
    </p>
   </div>
   <div class='ocr_carea' id='block_1_32' title="bbox 2056 1497 3638 1576">
    <p class='ocr_par' dir='ltr' id='par_1_32' title="bbox 2056 1497 3638 1576">
     <span class='ocr_line' id='line_1_32' title="bbox 2056 1497 3638 1576; baseline -0.005 -15"><span class='ocrx_word' id='word_1_234' title='bbox 2056 1507 2271 1576; x_wconf 86' lang='lat' dir='ltr'><strong><em>aperire</em></strong></span> <span class='ocrx_word' id='word_1_235' title='bbox 2295 1504 2460 1574; x_wconf 71' lang='lat' dir='ltr'><strong><em>coepit</em></strong></span> <span class='ocrx_word' id='word_1_236' title='bbox 2486 1511 2597 1557; x_wconf 90' lang='lat' dir='ltr'><strong><em>tum</em></strong></span> <span class='ocrx_word' id='word_1_237' title='bbox 2628 1516 2751 1556; x_wconf 91' lang='lat' dir='ltr'><strong><em>cum</em></strong></span> <span class='ocrx_word' id='word_1_238' title='bbox 2791 1502 3097 1556; x_wconf 68' lang='lat' dir='ltr'><strong><em>Caesaream</em></strong></span> <span class='ocrx_word' id='word_1_239' title='bbox 3139 1500 3337 1570; x_wconf 79' lang='lat' dir='ltr'><strong><em>attigit,</em></strong></span> <span class='ocrx_word' id='word_1_240' title='bbox 3398 1497 3638 1568; x_wconf 83' lang='lat' dir='ltr'><strong><em>Spiritus</em></strong></span> 
     </span>
    </p>
   </div>
   <div class='ocr_carea' id='block_1_33' title="bbox 2056 1587 3636 1662">
    <p class='ocr_par' dir='ltr' id='par_1_33' title="bbox 2056 1587 3636 1662">
     <span class='ocr_line' id='line_1_33' title="bbox 2056 1587 3636 1662; baseline -0.006 -10"><span class='ocrx_word' id='word_1_241' title='bbox 2056 1606 2281 1652; x_wconf 83' lang='lat' dir='ltr'><strong><em>sanctus</em></strong></span> <span class='ocrx_word' id='word_1_242' title='bbox 2308 1596 2362 1650; x_wconf 91' lang='lat' dir='ltr'><strong><em>in</em></strong></span> <span class='ocrx_word' id='word_1_243' title='bbox 2395 1592 2707 1649; x_wconf 84' lang='lat' dir='ltr'><strong><em>Cornelium</em></strong></span> <span class='ocrx_word' id='word_1_244' title='bbox 2730 1591 2988 1662; x_wconf 85' lang='lat' dir='ltr'><strong><em>delapsus</em></strong></span> <span class='ocrx_word' id='word_1_245' title='bbox 3012 1600 3117 1645; x_wconf 78' lang='lat' dir='ltr'><strong><em>est.</em></strong></span> <span class='ocrx_word' id='word_1_246' title='bbox 3138 1588 3296 1656; x_wconf 88' lang='lat' dir='ltr'><strong><em>Quod</em></strong></span> <span class='ocrx_word' id='word_1_247' title='bbox 3315 1590 3405 1644; x_wconf 86' lang='lat' dir='ltr'><strong><em>ubi</em></strong></span> <span class='ocrx_word' id='word_1_248' title='bbox 3440 1587 3636 1643; x_wconf 87' lang='lat' dir='ltr'><strong><em>Petrus</em></strong></span> 
     </span>
    </p>
   </div>
   <div class='ocr_carea' id='block_1_34' title="bbox 2055 1679 3637 1756">
    <p class='ocr_par' dir='ltr' id='par_1_34' title="bbox 2055 1679 3637 1756">
     <span class='ocr_line' id='line_1_34' title="bbox 2055 1679 3637 1756; baseline -0.004 -14"><span class='ocrx_word' id='word_1_249' title='bbox 2055 1688 2361 1753; x_wconf 77' lang='lat' dir='ltr'><strong><em>conspexit,</em></strong></span> <span class='ocrx_word' id='word_1_250' title='bbox 2425 1682 2699 1756; x_wconf 84' lang='lat' dir='ltr'><strong><em>Nunquid,</em></strong></span> <span class='ocrx_word' id='word_1_251' title='bbox 2762 1683 2871 1745; x_wconf 88' lang='lat' dir='ltr'><strong><em>ait,</em></strong></span> <span class='ocrx_word' id='word_1_252' title='bbox 2941 1697 3134 1752; x_wconf 86' lang='lat' dir='ltr'><strong><em>aquam</em></strong></span> <span class='ocrx_word' id='word_1_253' title='bbox 3194 1682 3310 1751; x_wconf 85' lang='lat' dir='ltr'><strong><em>quis</em></strong></span> <span class='ocrx_word' id='word_1_254' title='bbox 3366 1679 3637 1749; x_wconf 84' lang='lat' dir='ltr'><strong><em>prohibere</em></strong></span> 
     </span>
    </p>
   </div>
   <div class='ocr_carea' id='block_1_35' title="bbox 378 1754 1946 1847">
    <p class='ocr_par' dir='ltr' id='par_1_35' title="bbox 378 1754 1946 1845">
     <span class='ocr_line' id='line_1_35' title="bbox 378 1754 1946 1845; baseline 0.003 -19"><span class='ocrx_word' id='word_1_255' title='bbox 378 1770 535 1843; x_wconf 77' lang='grc' dir='ltr'>ὕδωρ</span> <span class='ocrx_word' id='word_1_256' title='bbox 562 1754 680 1828; x_wconf 81' lang='grc' dir='ltr'>ἀπὸ</span> <span class='ocrx_word' id='word_1_257' title='bbox 714 1775 940 1828; x_wconf 83' lang='grc' dir='ltr'>τούτων</span> <span class='ocrx_word' id='word_1_258' title='bbox 965 1772 1085 1828; x_wconf 81' lang='grc' dir='ltr'><strong><em>τῶν</em></strong></span> <span class='ocrx_word' id='word_1_259' title='bbox 1106 1774 1588 1839; x_wconf 77' lang='grc' dir='ltr'>καταξιωθέντων</span> <span class='ocrx_word' id='word_1_260' title='bbox 1619 1773 1686 1828; x_wconf 85' lang='grc' dir='ltr'>τὸ</span> <span class='ocrx_word' id='word_1_261' title='bbox 1711 1773 1946 1845; x_wconf 79' lang='grc' dir='ltr'><strong><em>Πνεῦμα</em></strong></span> 
     </span>
    </p>
   </div>
   <div class='ocr_carea' id='block_1_36' title="bbox 2049 1754 3632 1847">
    <p class='ocr_par' dir='ltr' id='par_1_36' title="bbox 2054 1754 3632 1847">
     <span class='ocr_line' id='line_1_36' title="bbox 2054 1754 3632 1847; baseline -0.006 -16"><span class='ocrx_word' id='word_1_262' title='bbox 2054 1782 2223 1847; x_wconf 81' lang='lat' dir='ltr'><strong><em>potest</em></strong></span> <span class='ocrx_word' id='word_1_263' title='bbox 2251 1773 2315 1830; x_wconf 89' lang='lat' dir='ltr'><strong><em>ab</em></strong></span> <span class='ocrx_word' id='word_1_264' title='bbox 2348 1774 2450 1840; x_wconf 91' lang='lat' dir='ltr'><strong><em>his,</em></strong></span> <span class='ocrx_word' id='word_1_265' title='bbox 2634 1773 2838 1842; x_wconf 83' lang='lat' dir='ltr'><strong><em>Spiritu</em></strong></span> <span class='ocrx_word' id='word_1_266' title='bbox 2889 1780 3097 1837; x_wconf 87' lang='lat' dir='ltr'><strong><em>sancto,</em></strong></span> <span class='ocrx_word' id='word_1_267' title='bbox 3145 1770 3226 1823; x_wconf 86' lang='lat' dir='ltr'><strong><em>uti</em></strong></span> <span class='ocrx_word' id='word_1_268' title='bbox 3251 1780 3301 1824; x_wconf 83' lang='lat' dir='ltr'><strong><em>et</em></strong></span> <span class='ocrx_word' id='word_1_269' title='bbox 3334 1785 3428 1824; x_wconf 87' lang='lat' dir='ltr'><strong><em>nos</em></strong></span> <span class='ocrx_word' id='word_1_270' title='bbox 3459 1770 3632 1829; x_wconf 83' lang='lat' dir='ltr'><strong><em>initio,</em></strong></span> 
     </span>
    </p>
   </div>
   <div class='ocr_carea' id='block_1_37' title="bbox 374 1862 1951 1936">
    <p class='ocr_par' dir='ltr' id='par_1_37' title="bbox 374 1862 1951 1936">
     <span class='ocr_line' id='line_1_37' title="bbox 374 1862 1951 1936; baseline 0.002 -18"><span class='ocrx_word' id='word_1_271' title='bbox 374 1865 446 1918; x_wconf 83' lang='grc' dir='ltr'>τὸ</span> <span class='ocrx_word' id='word_1_272' title='bbox 484 1865 656 1934; x_wconf 73' lang='grc' dir='ltr'>ἅγιον</span> <span class='ocrx_word' id='word_1_273' title='bbox 685 1863 911 1932; x_wconf 73' lang='grc' dir='ltr'><strong><em>λαϐεῖν,</em></strong></span> <span class='ocrx_word' id='word_1_274' title='bbox 937 1862 1019 1932; x_wconf 80' lang='grc' dir='ltr'>ὡς</span> <span class='ocrx_word' id='word_1_275' title='bbox 1048 1865 1147 1920; x_wconf 77' lang='grc' dir='ltr'>καὶ</span> <span class='ocrx_word' id='word_1_276' title='bbox 1189 1866 1360 1936; x_wconf 79' lang='grc' dir='ltr'><em>ἡμεῖς</em></span> <span class='ocrx_word' id='word_1_277' title='bbox 1382 1864 1451 1931; x_wconf 81' lang='grc' dir='ltr'><strong><em>ἐξ</em></strong></span> <span class='ocrx_word' id='word_1_278' title='bbox 1474 1866 1702 1936; x_wconf 80' lang='grc' dir='ltr'>ἀρχῆς;</span> <span class='ocrx_word' id='word_1_279' title='bbox 1734 1866 1807 1919; x_wconf 87' lang='grc' dir='ltr'><strong><em>Τὸ</em></strong></span> <span class='ocrx_word' id='word_1_280' title='bbox 1844 1869 1951 1922; x_wconf 80' lang='grc' dir='ltr'><strong><em>πᾶν</em></strong></span> 
     </span>
    </p>
   </div>
   <div class='ocr_carea' id='block_1_38' title="bbox 376 1952 1951 2031">
    <p class='ocr_par' dir='ltr' id='par_1_38' title="bbox 376 1952 1951 2031">
     <span class='ocr_line' id='line_1_38' title="bbox 376 1952 1951 2031; baseline 0.002 -23"><span class='ocrx_word' id='word_1_281' title='bbox 376 1954 434 2009; x_wconf 80' lang='grc' dir='ltr'><strong><em>δὲ</em></strong></span> <span class='ocrx_word' id='word_1_282' title='bbox 467 1952 533 2027; x_wconf 75' lang='grc' dir='ltr'>ἦν</span> <span class='ocrx_word' id='word_1_283' title='bbox 552 1956 709 2010; x_wconf 82' lang='grc' dir='ltr'>τοῦτο</span> <span class='ocrx_word' id='word_1_284' title='bbox 734 1959 1029 2030; x_wconf 79' lang='grc' dir='ltr'>μυστήριον</span> <span class='ocrx_word' id='word_1_285' title='bbox 1048 1998 1063 2021; x_wconf 86' lang='grc'><strong><em>,</em></strong></span> <span class='ocrx_word' id='word_1_286' title='bbox 1091 1958 1186 2012; x_wconf 75' lang='grc' dir='ltr'><strong><em>καὶ</em></strong></span> <span class='ocrx_word' id='word_1_287' title='bbox 1222 1960 1324 2030; x_wconf 82' lang='grc' dir='ltr'>τῆς</span> <span class='ocrx_word' id='word_1_288' title='bbox 1356 1958 1449 2012; x_wconf 86' lang='grc' dir='ltr'><strong><em>τοῦ</em></strong></span> <span class='ocrx_word' id='word_1_289' title='bbox 1489 1958 1620 2011; x_wconf 82' lang='grc' dir='ltr'><strong><em>Θεοῦ</em></strong></span> <span class='ocrx_word' id='word_1_290' title='bbox 1648 1957 1951 2031; x_wconf 86' lang='grc' dir='ltr'>φιλανθρω-</span> 
     </span>
    </p>
   </div>
   <div class='ocr_carea' id='block_1_39' title="bbox 377 2048 1952 2120">
    <p class='ocr_par' dir='ltr' id='par_1_39' title="bbox 377 2048 1952 2120">
     <span class='ocr_line' id='line_1_39' title="bbox 377 2048 1952 2120; baseline 0.01 -19"><span class='ocrx_word' id='word_1_291' title='bbox 377 2049 508 2112; x_wconf 88' lang='grc' dir='ltr'>πίας</span> <span class='ocrx_word' id='word_1_292' title='bbox 530 2048 710 2120; x_wconf 78' lang='grc' dir='ltr'>ἔργον,</span> <span class='ocrx_word' id='word_1_293' title='bbox 733 2050 880 2113; x_wconf 87' lang='grc' dir='ltr'>ὅπως</span> <span class='ocrx_word' id='word_1_294' title='bbox 898 2051 925 2104; x_wconf 85' lang='grc' dir='ltr'><strong>ὅ</strong></span> <span class='ocrx_word' id='word_1_295' title='bbox 953 2068 1011 2105; x_wconf 79' lang='grc' dir='ltr'><strong><em>τε</em></strong></span> <span class='ocrx_word' id='word_1_296' title='bbox 1035 2050 1188 2120; x_wconf 71' lang='grc' dir='ltr'>ἅγιος</span> <span class='ocrx_word' id='word_1_297' title='bbox 1211 2048 1417 2120; x_wconf 80' lang='grc' dir='ltr'><strong><em>Πέτρος</em></strong></span> <span class='ocrx_word' id='word_1_298' title='bbox 1443 2051 1537 2105; x_wconf 76' lang='grc' dir='ltr'><strong><em>καὶ</em></strong></span> <span class='ocrx_word' id='word_1_299' title='bbox 1574 2052 1681 2115; x_wconf 82' lang='grc' dir='ltr'>πᾶς</span> <span class='ocrx_word' id='word_1_300' title='bbox 1703 2067 1786 2115; x_wconf 82' lang='grc' dir='ltr'>τις</span> <span class='ocrx_word' id='word_1_301' title='bbox 1809 2050 1952 2119; x_wconf 80' lang='grc' dir='ltr'>γνώ-</span> 
     </span>
    </p>
   </div>
   <div class='ocr_carea' id='block_1_40' title="bbox 378 2140 1947 2213">
    <p class='ocr_par' dir='ltr' id='par_1_40' title="bbox 378 2140 1947 2213">
     <span class='ocr_line' id='line_1_40' title="bbox 378 2140 1947 2213; baseline 0.001 -21"><span class='ocrx_word' id='word_1_302' title='bbox 378 2157 548 2202; x_wconf 80' lang='grc' dir='ltr'>σεται,</span> <span class='ocrx_word' id='word_1_303' title='bbox 572 2141 653 2193; x_wconf 85' lang='grc' dir='ltr'>ὃτι</span> <span class='ocrx_word' id='word_1_304' title='bbox 681 2141 781 2193; x_wconf 78' lang='grc' dir='ltr'><strong><em>οὐκ</em></strong></span> <span class='ocrx_word' id='word_1_305' title='bbox 810 2142 903 2195; x_wconf 77' lang='grc' dir='ltr'>ἀπ’</span> <span class='ocrx_word' id='word_1_306' title='bbox 931 2140 1233 2213; x_wconf 78' lang='grc' dir='ltr'>ἀνθρώπων</span> <span class='ocrx_word' id='word_1_307' title='bbox 1276 2143 1309 2213; x_wconf 86' lang='grc' dir='ltr'><strong>ή</strong></span> <span class='ocrx_word' id='word_1_308' title='bbox 1339 2141 1448 2195; x_wconf 83' lang='grc' dir='ltr'><strong><em>τῶν</em></strong></span> <span class='ocrx_word' id='word_1_309' title='bbox 1487 2141 1657 2195; x_wconf 77' lang='grc' dir='ltr'>ἐθνῶν</span> <span class='ocrx_word' id='word_1_310' title='bbox 1686 2141 1947 2213; x_wconf 85' lang='grc' dir='ltr'>σωτηρία,</span> 
     </span>
    </p>
   </div>
   <div class='ocr_carea' id='block_1_41' title="bbox 374 2231 1952 2304">
    <p class='ocr_par' dir='ltr' id='par_1_41' title="bbox 374 2231 1952 2304">
     <span class='ocr_line' id='line_1_41' title="bbox 374 2231 1952 2304; baseline 0.001 -20"><span class='ocrx_word' id='word_1_311' title='bbox 374 2231 490 2285; x_wconf 80' lang='grc' dir='ltr'>ἀλλ’</span> <span class='ocrx_word' id='word_1_312' title='bbox 522 2234 587 2285; x_wconf 88' lang='grc' dir='ltr'>ὲκ</span> <span class='ocrx_word' id='word_1_313' title='bbox 614 2232 767 2285; x_wconf 86' lang='grc' dir='ltr'>Θεοῦ.</span> <span class='ocrx_word' id='word_1_314' title='bbox 794 2231 1076 2303; x_wconf 76' lang='grc' dir='ltr'>Προῦλαϐε</span> <span class='ocrx_word' id='word_1_315' title='bbox 1113 2232 1221 2303; x_wconf 82' lang='grc' dir='ltr'><strong><em>γὰρ</em></strong></span> <span class='ocrx_word' id='word_1_316' title='bbox 1264 2233 1293 2284; x_wconf 85' lang='grc' dir='ltr'><strong>ὁ</strong></span> <span class='ocrx_word' id='word_1_317' title='bbox 1330 2232 1467 2297; x_wconf 80' lang='grc' dir='ltr'>Θεὸς</span> <span class='ocrx_word' id='word_1_318' title='bbox 1504 2232 1684 2287; x_wconf 89' lang='grc' dir='ltr'>δοῦναι</span> <span class='ocrx_word' id='word_1_319' title='bbox 1718 2234 1818 2304; x_wconf 84' lang='grc' dir='ltr'>τὴν</span> <span class='ocrx_word' id='word_1_320' title='bbox 1850 2233 1952 2286; x_wconf 79' lang='grc' dir='ltr'><strong><em>δω-</em></strong></span> 
     </span>
    </p>
   </div>
   <div class='ocr_carea' id='block_1_42' title="bbox 378 2321 1947 2395">
    <p class='ocr_par' dir='ltr' id='par_1_42' title="bbox 378 2321 1947 2395">
     <span class='ocr_line' id='line_1_42' title="bbox 378 2321 1947 2395; baseline 0.001 -21"><span class='ocrx_word' id='word_1_321' title='bbox 378 2323 503 2393; x_wconf 80' lang='grc' dir='ltr'>ρεᾲν</span> <span class='ocrx_word' id='word_1_322' title='bbox 524 2321 619 2375; x_wconf 88' lang='grc' dir='ltr'><strong><em>τοῦ</em></strong></span> <span class='ocrx_word' id='word_1_323' title='bbox 644 2322 782 2375; x_wconf 83' lang='grc' dir='ltr'>Πνεύ</span> <span class='ocrx_word' id='word_1_324' title='bbox 790 2340 978 2394; x_wconf 86' lang='grc' dir='ltr'>ματος,</span> <span class='ocrx_word' id='word_1_325' title='bbox 1006 2324 1100 2376; x_wconf 72' lang='grc' dir='ltr'>καὶ</span> <span class='ocrx_word' id='word_1_326' title='bbox 1129 2324 1226 2395; x_wconf 83' lang='grc' dir='ltr'><strong><em>τὴν</em></strong></span> <span class='ocrx_word' id='word_1_327' title='bbox 1268 2321 1361 2376; x_wconf 88' lang='grc' dir='ltr'><strong><em>τοῦ</em></strong></span> <span class='ocrx_word' id='word_1_328' title='bbox 1403 2323 1634 2393; x_wconf 79' lang='grc' dir='ltr'><strong><em>ἀγγέλου</em></strong></span> <span class='ocrx_word' id='word_1_329' title='bbox 1663 2324 1947 2389; x_wconf 80' lang='grc' dir='ltr'><strong><em>ὀπτασίαν,</em></strong></span> 
     </span>
    </p>
   </div>
   <div class='ocr_carea' id='block_1_43' title="bbox 374 2411 1949 2488">
    <p class='ocr_par' dir='ltr' id='par_1_43' title="bbox 374 2411 1949 2488">
     <span class='ocr_line' id='line_1_43' title="bbox 374 2411 1949 2488; baseline 0.003 -24"><span class='ocrx_word' id='word_1_330' title='bbox 374 2411 468 2465; x_wconf 78' lang='grc' dir='ltr'>καὶ</span> <span class='ocrx_word' id='word_1_331' title='bbox 500 2412 597 2484; x_wconf 77' lang='grc' dir='ltr'><strong><em>τὴν</em></strong></span> <span class='ocrx_word' id='word_1_332' title='bbox 621 2413 887 2485; x_wconf 85' lang='grc' dir='ltr'>ἀποδοχὴν</span> <span class='ocrx_word' id='word_1_333' title='bbox 912 2416 1009 2486; x_wconf 82' lang='grc' dir='ltr'><strong><em>τῆς</em></strong></span> <span class='ocrx_word' id='word_1_334' title='bbox 1036 2414 1219 2485; x_wconf 81' lang='grc' dir='ltr'><strong><em>εὐχῆς,</em></strong></span> <span class='ocrx_word' id='word_1_335' title='bbox 1248 2415 1342 2468; x_wconf 76' lang='grc' dir='ltr'><strong><em>καὶ</em></strong></span> <span class='ocrx_word' id='word_1_336' title='bbox 1378 2414 1661 2488; x_wconf 79' lang='grc' dir='ltr'><strong><em>νηστειῶν,</em></strong></span> <span class='ocrx_word' id='word_1_337' title='bbox 1687 2417 1781 2469; x_wconf 77' lang='grc' dir='ltr'>καὶ</span> <span class='ocrx_word' id='word_1_338' title='bbox 1814 2416 1949 2485; x_wconf 78' lang='grc' dir='ltr'>ἀγα-</span> 
     </span>
    </p>
   </div>
   <div class='ocr_carea' id='block_1_44' title="bbox 372 2502 1949 2578">
    <p class='ocr_par' dir='ltr' id='par_1_44' title="bbox 372 2502 1949 2578">
     <span class='ocr_line' id='line_1_44' title="bbox 372 2502 1949 2578; baseline 0.004 -23"><span class='ocrx_word' id='word_1_339' title='bbox 372 2502 624 2557; x_wconf 72' lang='grc' dir='ltr'>θοποαῶν</span> <span class='ocrx_word' id='word_1_340' title='bbox 644 2523 659 2538; x_wconf 81' lang='grc' dir='ltr'><strong>ο</strong></span> <span class='ocrx_word' id='word_1_341' title='bbox 689 2505 775 2559; x_wconf 84' lang='grc' dir='ltr'><strong><em>ἵνα</em></strong></span> <span class='ocrx_word' id='word_1_342' title='bbox 803 2505 832 2558; x_wconf 82' lang='grc' dir='ltr'><strong>ὃ</strong></span> <span class='ocrx_word' id='word_1_343' title='bbox 865 2505 1259 2575; x_wconf 69' lang='grc' dir='ltr'>ἐπιστεύθησαν</span> <span class='ocrx_word' id='word_1_344' title='bbox 1290 2507 1342 2559; x_wconf 83' lang='lat' dir='ltr'><strong><em>oi</em></strong></span> <span class='ocrx_word' id='word_1_345' title='bbox 1382 2507 1685 2573; x_wconf 81' lang='grc' dir='ltr'>ἀπόστολοι,</span> <span class='ocrx_word' id='word_1_346' title='bbox 1715 2504 1949 2578; x_wconf 78' lang='grc' dir='ltr'>μάλιστα</span> 
     </span>
    </p>
   </div>
   <div class='ocr_carea' id='block_1_45' title="bbox 369 2593 1950 2669">
    <p class='ocr_par' dir='ltr' id='par_1_45' title="bbox 369 2593 1950 2669">
     <span class='ocr_line' id='line_1_45' title="bbox 369 2593 1950 2669; baseline 0.004 -23"><span class='ocrx_word' id='word_1_347' title='bbox 369 2595 401 2647; x_wconf 82' lang='grc' dir='ltr'>ὁ</span> <span class='ocrx_word' id='word_1_348' title='bbox 430 2593 579 2663; x_wconf 79' lang='grc' dir='ltr'>ἅγιος</span> <span class='ocrx_word' id='word_1_349' title='bbox 605 2594 830 2666; x_wconf 78' lang='grc' dir='ltr'>Πέτρος,</span> <span class='ocrx_word' id='word_1_350' title='bbox 863 2597 959 2649; x_wconf 69' lang='grc' dir='ltr'><strong><em>καὶ</em></strong></span> <span class='ocrx_word' id='word_1_351' title='bbox 986 2598 1036 2650; x_wconf 88' lang='grc' dir='ltr'>οἱ</span> <span class='ocrx_word' id='word_1_352' title='bbox 1072 2597 1249 2651; x_wconf 75' lang='grc' dir='ltr'>λοιποὶ</span> <span class='ocrx_word' id='word_1_353' title='bbox 1271 2598 1576 2661; x_wconf 77' lang='grc' dir='ltr'><strong><em>ἀπόστολοι,</em></strong></span> <span class='ocrx_word' id='word_1_354' title='bbox 1607 2597 1683 2669; x_wconf 75' lang='grc' dir='ltr'><strong><em>μὴ</em></strong></span> <span class='ocrx_word' id='word_1_355' title='bbox 1715 2599 1950 2652; x_wconf 82' lang='grc' dir='ltr'>ἀποστε-</span> 
     </span>
    </p>
   </div>
   <div class='ocr_carea' id='block_1_46' title="bbox 374 2685 1768 2759">
    <p class='ocr_par' dir='ltr' id='par_1_46' title="bbox 374 2685 1768 2759">
     <span class='ocr_line' id='line_1_46' title="bbox 374 2685 1768 2759; baseline 0.004 -22"><span class='ocrx_word' id='word_1_356' title='bbox 374 2685 579 2756; x_wconf 51' lang='lat' dir='ltr'><strong><em>pitrth</em></strong></span> <span class='ocrx_word' id='word_1_357' title='bbox 604 2686 695 2738; x_wconf 82' lang='grc' dir='ltr'><strong><em>τὸν</em></strong></span> <span class='ocrx_word' id='word_1_358' title='bbox 719 2688 784 2740; x_wconf 85' lang='grc' dir='ltr'>ὲκ</span> <span class='ocrx_word' id='word_1_359' title='bbox 808 2686 943 2740; x_wconf 86' lang='grc' dir='ltr'>Θεοῦ</span> <span class='ocrx_word' id='word_1_360' title='bbox 967 2688 1108 2742; x_wconf 88' lang='grc' dir='ltr'><strong><em>κατά</em></strong></span> <span class='ocrx_word' id='word_1_361' title='bbox 1134 2685 1388 2759; x_wconf 79' lang='grc' dir='ltr'>ἀλήθειαν</span> <span class='ocrx_word' id='word_1_362' title='bbox 1415 2688 1768 2759; x_wconf 80' lang='grc' dir='ltr'>κεκλημένον.</span> 
     </span>
    </p>
   </div>
   <div class='ocr_carea' id='block_1_47' title="bbox 440 2776 1948 2851">
    <p class='ocr_par' dir='ltr' id='par_1_47' title="bbox 440 2776 1948 2851">
     <span class='ocr_line' id='line_1_47' title="bbox 440 2776 1948 2851; baseline 0.001 -22"><span class='ocrx_word' id='word_1_363' title='bbox 440 2776 512 2830; x_wconf 73' lang='grc' dir='ltr'><strong><em>Δν.</em></strong></span> <span class='ocrx_word' id='word_1_364' title='bbox 556 2777 717 2831; x_wconf 78' lang='grc' dir='ltr'>Ἀλλά</span> <span class='ocrx_word' id='word_1_365' title='bbox 758 2777 932 2832; x_wconf 86' lang='grc' dir='ltr'>ταῦτα</span> <span class='ocrx_word' id='word_1_366' title='bbox 971 2779 1087 2850; x_wconf 64' lang='grc' dir='ltr'>μὲνι</span> <span class='ocrx_word' id='word_1_367' title='bbox 1121 2779 1241 2833; x_wconf 81' lang='grc' dir='ltr'>τότε</span> <span class='ocrx_word' id='word_1_368' title='bbox 1291 2778 1752 2851; x_wconf 76' lang='grc' dir='ltr'>ἐπραγματεύθη,</span> <span class='ocrx_word' id='word_1_369' title='bbox 1796 2792 1948 2850; x_wconf 86' lang='grc' dir='ltr'>κινη-</span> 
     </span>
    </p>
   </div>
   <div class='ocr_carea' id='block_1_48' title="bbox 368 2863 1949 2942">
    <p class='ocr_par' dir='ltr' id='par_1_48' title="bbox 368 2863 1949 2942">
     <span class='ocr_line' id='line_1_48' title="bbox 368 2863 1949 2942; baseline 0.003 -23"><span class='ocrx_word' id='word_1_370' title='bbox 368 2863 530 2920; x_wconf 82' lang='grc' dir='ltr'>θέντα</span> <span class='ocrx_word' id='word_1_371' title='bbox 572 2867 677 2920; x_wconf 81' lang='grc' dir='ltr'>ὐπὸ</span> <span class='ocrx_word' id='word_1_372' title='bbox 712 2868 805 2921; x_wconf 84' lang='grc' dir='ltr'><strong><em>τοῦ</em></strong></span> <span class='ocrx_word' id='word_1_373' title='bbox 847 2868 1243 2940; x_wconf 82' lang='grc' dir='ltr'>προειρημένου</span> <span class='ocrx_word' id='word_1_374' title='bbox 1284 2864 1715 2939; x_wconf 70' lang='grc' dir='ltr'>ψευδαποστόλου</span> <span class='ocrx_word' id='word_1_375' title='bbox 1748 2868 1949 2942; x_wconf 79' lang='grc' dir='ltr'>Κηρίν-</span> 
     </span>
    </p>
   </div>
   <div class='ocr_carea' id='block_1_49' title="bbox 368 2954 1947 3033">
    <p class='ocr_par' dir='ltr' id='par_1_49' title="bbox 368 2954 1947 3033">
     <span class='ocr_line' id='line_1_49' title="bbox 368 2954 1947 3033; baseline 0.003 -23"><span class='ocrx_word' id='word_1_376' title='bbox 368 2957 463 3010; x_wconf 86' lang='grc' dir='ltr'><strong><em>θου</em></strong></span> <span class='ocrx_word' id='word_1_377' title='bbox 484 2976 497 2989; x_wconf 84' lang='lat'><strong>-</strong></span> <span class='ocrx_word' id='word_1_378' title='bbox 526 2954 601 3022; x_wconf 70' lang='grc' dir='ltr'>ὣς</span> <span class='ocrx_word' id='word_1_379' title='bbox 630 2959 722 3012; x_wconf 72' lang='grc' dir='ltr'>καὶ</span> <span class='ocrx_word' id='word_1_380' title='bbox 750 2958 937 3013; x_wconf 76' lang='grc' dir='ltr'>ἄλλοτε</span> <span class='ocrx_word' id='word_1_381' title='bbox 969 2961 1157 3015; x_wconf 80' lang='grc' dir='ltr'>στάσιν</span> <span class='ocrx_word' id='word_1_382' title='bbox 1182 2960 1343 3024; x_wconf 81' lang='grc' dir='ltr'>αὐτός</span> <span class='ocrx_word' id='word_1_383' title='bbox 1387 2974 1445 3014; x_wconf 80' lang='grc' dir='ltr'><strong><em>τε</em></strong></span> <span class='ocrx_word' id='word_1_384' title='bbox 1486 2960 1579 3014; x_wconf 79' lang='grc' dir='ltr'><strong><em>καὶ</em></strong></span> <span class='ocrx_word' id='word_1_385' title='bbox 1616 2963 1664 3015; x_wconf 87' lang='grc' dir='ltr'><strong><em>οι</em></strong></span> <span class='ocrx_word' id='word_1_386' title='bbox 1699 2962 1815 3033; x_wconf 87' lang='grc' dir='ltr'>μετ’</span> <span class='ocrx_word' id='word_1_387' title='bbox 1849 2962 1947 3015; x_wconf 80' lang='grc' dir='ltr'><strong><em>αὕ-</em></strong></span> 
     </span>
    </p>
   </div>
   <div class='ocr_carea' id='block_1_50' title="bbox 2052 1862 3633 1939">
    <p class='ocr_par' dir='ltr' id='par_1_50' title="bbox 2052 1862 3633 1939">
     <span class='ocr_line' id='line_1_50' title="bbox 2052 1862 3633 1939; baseline -0.006 -16"><span class='ocrx_word' id='word_1_388' title='bbox 2052 1870 2259 1939; x_wconf 84' lang='lat' dir='ltr'><strong><em>dignati</em></strong></span> <span class='ocrx_word' id='word_1_389' title='bbox 2279 1870 2437 1923; x_wconf 76' lang='lat' dir='ltr'><strong><em>suut&#39;</em></strong></span> <span class='ocrx_word' id='word_1_390' title='bbox 2461 1864 2483 1922; x_wconf 74' lang='grc' dir='ltr'><strong><em>τ</em></strong></span> <span class='ocrx_word' id='word_1_391' title='bbox 2513 1864 2627 1921; x_wconf 91' lang='lat' dir='ltr'><strong><em>iloc</em></strong></span> <span class='ocrx_word' id='word_1_392' title='bbox 2655 1879 2785 1921; x_wconf 86' lang='lat' dir='ltr'><strong><em>vero</em></strong></span> <span class='ocrx_word' id='word_1_393' title='bbox 2798 1871 2971 1918; x_wconf 89' lang='lat' dir='ltr'><strong><em>totum</em></strong></span> <span class='ocrx_word' id='word_1_394' title='bbox 2991 1862 3311 1934; x_wconf 77' lang='lat' dir='ltr'><strong><em>mysterium</em></strong></span> <span class='ocrx_word' id='word_1_395' title='bbox 3336 1862 3633 1931; x_wconf 82' lang='lat' dir='ltr'><strong><em>quoddam,</em></strong></span> 
     </span>
    </p>
   </div>
   <div class='ocr_carea' id='block_1_51' title="bbox 2052 1950 3636 2026">
    <p class='ocr_par' dir='ltr' id='par_1_51' title="bbox 2052 1950 3636 2026">
     <span class='ocr_line' id='line_1_51' title="bbox 2052 1950 3636 2026; baseline -0.006 -11"><span class='ocrx_word' id='word_1_396' title='bbox 2052 1976 2116 2015; x_wconf 88' lang='lat' dir='ltr'><strong><em>ac</em></strong></span> <span class='ocrx_word' id='word_1_397' title='bbox 2153 1958 2352 2014; x_wconf 63' lang='lat' dir='ltr'><strong><em>divinas</em></strong></span> <span class='ocrx_word' id='word_1_398' title='bbox 2396 1958 2751 2025; x_wconf 74' lang='lat' dir='ltr'><strong><em>benignitatis</em></strong></span> <span class='ocrx_word' id='word_1_399' title='bbox 2808 1968 2948 2026; x_wconf 89' lang='lat' dir='ltr'><strong><em>opus</em></strong></span> <span class='ocrx_word' id='word_1_400' title='bbox 3000 1958 3141 2017; x_wconf 86' lang='lat' dir='ltr'><strong><em>erat,</em></strong></span> <span class='ocrx_word' id='word_1_401' title='bbox 3179 1960 3237 2007; x_wconf 85' lang='lat' dir='ltr'><strong><em>ut</em></strong></span> <span class='ocrx_word' id='word_1_402' title='bbox 3287 1960 3394 2005; x_wconf 88' lang='lat' dir='ltr'><strong><em>tam</em></strong></span> <span class='ocrx_word' id='word_1_403' title='bbox 3439 1950 3636 2006; x_wconf 86' lang='lat' dir='ltr'><strong><em>Petrus</em></strong></span> 
     </span>
    </p>
   </div>
   <div class='ocr_carea' id='block_1_52' title="bbox 2049 2032 3630 2120">
    <p class='ocr_par' dir='ltr' id='par_1_52' title="bbox 2049 2032 3630 2120">
     <span class='ocr_line' id='line_1_52' title="bbox 2049 2032 3630 2120; baseline -0.003 -18"><span class='ocrx_word' id='word_1_404' title='bbox 2049 2064 2211 2120; x_wconf 87' lang='lat' dir='ltr'><strong><em>quam</em></strong></span> <span class='ocrx_word' id='word_1_405' title='bbox 2242 2042 2422 2103; x_wconf 66' lang='lat' dir='ltr'><strong><em>caeteri</em></strong></span> <span class='ocrx_word' id='word_1_406' title='bbox 2448 2032 2649 2103; x_wconf 78' lang='lat' dir='ltr'><strong><em>omnes</em></strong></span> <span class='ocrx_word' id='word_1_407' title='bbox 2676 2046 3079 2118; x_wconf 76' lang='lat' dir='ltr'><strong><em>intelligerent,</em></strong></span> <span class='ocrx_word' id='word_1_408' title='bbox 3131 2058 3240 2098; x_wconf 92' lang='lat' dir='ltr'><strong><em>non</em></strong></span> <span class='ocrx_word' id='word_1_409' title='bbox 3289 2040 3630 2106; x_wconf 83' lang='lat' dir='ltr'><strong><em>hominibus,</em></strong></span> 
     </span>
    </p>
   </div>
   <div class='ocr_carea' id='block_1_53' title="bbox 2050 2130 3634 2209">
    <p class='ocr_par' dir='ltr' id='par_1_53' title="bbox 2050 2130 3634 2209">
     <span class='ocr_line' id='line_1_53' title="bbox 2050 2130 3634 2209; baseline -0.007 -14"><span class='ocrx_word' id='word_1_410' title='bbox 2050 2141 2143 2195; x_wconf 91' lang='lat' dir='ltr'><strong><em>sed</em></strong></span> <span class='ocrx_word' id='word_1_411' title='bbox 2177 2138 2288 2195; x_wconf 89' lang='lat' dir='ltr'><strong><em>Deo</em></strong></span> <span class='ocrx_word' id='word_1_412' title='bbox 2317 2137 2601 2209; x_wconf 76' lang='lat' dir='ltr'><strong><em>gentilium</em></strong></span> <span class='ocrx_word' id='word_1_413' title='bbox 2629 2138 2861 2192; x_wconf 80' lang='lat' dir='ltr'><strong><em>salutem</em></strong></span> <span class='ocrx_word' id='word_1_414' title='bbox 2884 2134 3383 2191; x_wconf 86' lang='lat' dir='ltr'><strong><em>essetribuendam.</em></strong></span> <span class='ocrx_word' id='word_1_415' title='bbox 3419 2130 3634 2186; x_wconf 87' lang='lat' dir='ltr'><strong><em>Etenim</em></strong></span> 
     </span>
    </p>
   </div>
   <div class='ocr_carea' id='block_1_54' title="bbox 2049 2223 3632 2297">
    <p class='ocr_par' dir='ltr' id='par_1_54' title="bbox 2049 2223 3632 2297">
     <span class='ocr_line' id='line_1_54' title="bbox 2049 2223 3632 2297; baseline -0.004 -13"><span class='ocrx_word' id='word_1_416' title='bbox 2049 2245 2249 2285; x_wconf 80' lang='lat' dir='ltr'><strong><em>munus</em></strong></span> <span class='ocrx_word' id='word_1_417' title='bbox 2317 2229 2450 2285; x_wconf 87' lang='lat' dir='ltr'><strong><em>illud</em></strong></span> <span class='ocrx_word' id='word_1_418' title='bbox 2503 2228 2674 2283; x_wconf 80' lang='lat' dir='ltr'><strong><em>divini</em></strong></span> <span class='ocrx_word' id='word_1_419' title='bbox 2735 2225 2994 2297; x_wconf 87' lang='lat' dir='ltr'><strong><em>Spiritus,</em></strong></span> <span class='ocrx_word' id='word_1_420' title='bbox 3020 2232 3075 2280; x_wconf 80' lang='lat' dir='ltr'><strong><em>et</em></strong></span> <span class='ocrx_word' id='word_1_421' title='bbox 3121 2223 3302 2295; x_wconf 78' lang='lat' dir='ltr'><strong><em>angeli</em></strong></span> <span class='ocrx_word' id='word_1_422' title='bbox 3348 2230 3632 2293; x_wconf 88' lang='lat' dir='ltr'><strong><em>aspectum</em></strong></span> 
     </span>
    </p>
   </div>
   <div class='ocr_carea' id='block_1_55' title="bbox 2049 2316 3635 2391">
    <p class='ocr_par' dir='ltr' id='par_1_55' title="bbox 2049 2316 3635 2391">
     <span class='ocr_line' id='line_1_55' title="bbox 2049 2316 3635 2391; baseline -0.003 -16"><span class='ocrx_word' id='word_1_423' title='bbox 2049 2322 2233 2391; x_wconf 80' lang='lat' dir='ltr'><strong><em>largiri</em></strong></span> <span class='ocrx_word' id='word_1_424' title='bbox 2290 2329 2447 2375; x_wconf 87' lang='lat' dir='ltr'><strong><em>antea</em></strong></span> <span class='ocrx_word' id='word_1_425' title='bbox 2500 2321 2693 2384; x_wconf 87' lang='lat' dir='ltr'><strong><em>voluit,</em></strong></span> <span class='ocrx_word' id='word_1_426' title='bbox 2738 2334 2951 2375; x_wconf 88' lang='lat' dir='ltr'><strong><em>necnon</em></strong></span> <span class='ocrx_word' id='word_1_427' title='bbox 2992 2325 3049 2374; x_wconf 89' lang='lat' dir='ltr'><strong><em>et</em></strong></span> <span class='ocrx_word' id='word_1_428' title='bbox 3132 2318 3280 2372; x_wconf 84' lang='lat' dir='ltr'><strong><em>iilius</em></strong></span> <span class='ocrx_word' id='word_1_429' title='bbox 3329 2316 3635 2386; x_wconf 79' lang='lat' dir='ltr'><strong><em>approbare</em></strong></span> 
     </span>
    </p>
   </div>
   <div class='ocr_carea' id='block_1_56' title="bbox 2046 2408 3633 2483">
    <p class='ocr_par' dir='ltr' id='par_1_56' title="bbox 2046 2408 3633 2483">
     <span class='ocr_line' id='line_1_56' title="bbox 2046 2408 3633 2483; baseline -0.004 -18"><span class='ocrx_word' id='word_1_430' title='bbox 2046 2426 2238 2483; x_wconf 88' lang='lat' dir='ltr'><strong><em>preces</em></strong></span> <span class='ocrx_word' id='word_1_431' title='bbox 2260 2425 2325 2466; x_wconf 91' lang='lat' dir='ltr'><strong><em>ae</em></strong></span> <span class='ocrx_word' id='word_1_432' title='bbox 2347 2411 2578 2482; x_wconf 79' lang='lat' dir='ltr'><strong><em>jejunia,</em></strong></span> <span class='ocrx_word' id='word_1_433' title='bbox 2612 2411 2937 2481; x_wconf 84' lang='lat' dir='ltr'><strong><em>reliquaque</em></strong></span> <span class='ocrx_word' id='word_1_434' title='bbox 2966 2408 3036 2464; x_wconf 88' lang='lat' dir='ltr'><strong><em>ab</em></strong></span> <span class='ocrx_word' id='word_1_435' title='bbox 3064 2422 3129 2464; x_wconf 91' lang='lat' dir='ltr'><strong><em>eo</em></strong></span> <span class='ocrx_word' id='word_1_436' title='bbox 3154 2416 3415 2479; x_wconf 64' lang='lat' dir='ltr'><strong><em>praeclare</em></strong></span> <span class='ocrx_word' id='word_1_437' title='bbox 3438 2413 3591 2477; x_wconf 74' lang='lat' dir='ltr'><strong><em>gesta</em></strong></span> <span class='ocrx_word' id='word_1_438' title='bbox 3615 2421 3633 2472; x_wconf 90' lang='lat'><strong>;</strong></span> 
     </span>
    </p>
   </div>
   <div class='ocr_carea' id='block_1_57' title="bbox 2048 2498 3634 2574">
    <p class='ocr_par' dir='ltr' id='par_1_57' title="bbox 2048 2498 3634 2574">
     <span class='ocr_line' id='line_1_57' title="bbox 2048 2498 3634 2574; baseline -0.005 -15"><span class='ocrx_word' id='word_1_439' title='bbox 2048 2511 2107 2559; x_wconf 92' lang='lat' dir='ltr'><strong><em>ut</em></strong></span> <span class='ocrx_word' id='word_1_440' title='bbox 2136 2504 2281 2574; x_wconf 90' lang='lat' dir='ltr'><strong><em>quod</em></strong></span> <span class='ocrx_word' id='word_1_441' title='bbox 2334 2504 2598 2574; x_wconf 85' lang='lat' dir='ltr'><strong><em>apostolis</em></strong></span> <span class='ocrx_word' id='word_1_442' title='bbox 2635 2503 3017 2573; x_wconf 67' lang='lat' dir='ltr'><strong><em>principueque</em></strong></span> <span class='ocrx_word' id='word_1_443' title='bbox 3064 2499 3245 2566; x_wconf 89' lang='lat' dir='ltr'><strong><em>Petro,</em></strong></span> <span class='ocrx_word' id='word_1_444' title='bbox 3278 2498 3634 2554; x_wconf 87' lang='lat' dir='ltr'><strong><em>commissum</em></strong></span> 
     </span>
    </p>
   </div>
   <div class='ocr_carea' id='block_1_58' title="bbox 2049 2588 3630 2661">
    <p class='ocr_par' dir='ltr' id='par_1_58' title="bbox 2049 2588 3630 2661">
     <span class='ocr_line' id='line_1_58' title="bbox 2049 2588 3630 2661; baseline -0.005 -14"><span class='ocrx_word' id='word_1_445' title='bbox 2049 2590 2251 2656; x_wconf 83' lang='lat' dir='ltr'><strong><em>fuerat,</em></strong></span> <span class='ocrx_word' id='word_1_446' title='bbox 2307 2606 2374 2647; x_wconf 91' lang='lat' dir='ltr'><strong><em>eo</em></strong></span> <span class='ocrx_word' id='word_1_447' title='bbox 2426 2607 2495 2647; x_wconf 86' lang='lat' dir='ltr'><strong><em>ne</em></strong></span> <span class='ocrx_word' id='word_1_448' title='bbox 2543 2592 2817 2661; x_wconf 82' lang='lat' dir='ltr'><strong><em>privatum</em></strong></span> <span class='ocrx_word' id='word_1_449' title='bbox 2878 2590 3157 2646; x_wconf 83' lang='lat' dir='ltr'><strong><em>hominem</em></strong></span> <span class='ocrx_word' id='word_1_450' title='bbox 3210 2590 3363 2643; x_wconf 89' lang='lat' dir='ltr'><strong><em>illum</em></strong></span> <span class='ocrx_word' id='word_1_451' title='bbox 3407 2588 3630 2652; x_wconf 73' lang='lat' dir='ltr'><strong><em>vellent,</em></strong></span> 
     </span>
    </p>
   </div>
   <div class='ocr_carea' id='block_1_59' title="bbox 2048 2681 2928 2756">
    <p class='ocr_par' dir='ltr' id='par_1_59' title="bbox 2048 2681 2928 2756">
     <span class='ocr_line' id='line_1_59' title="bbox 2048 2681 2928 2756; baseline -0.002 -18"><span class='ocrx_word' id='word_1_452' title='bbox 2048 2698 2208 2756; x_wconf 87' lang='lat' dir='ltr'><strong><em>quem</em></strong></span> <span class='ocrx_word' id='word_1_453' title='bbox 2237 2681 2378 2739; x_wconf 87' lang='lat' dir='ltr'><strong><em>Deus</em></strong></span> <span class='ocrx_word' id='word_1_454' title='bbox 2404 2682 2586 2753; x_wconf 85' lang='lat' dir='ltr'><strong><em>reipsa</em></strong></span> <span class='ocrx_word' id='word_1_455' title='bbox 2614 2692 2928 2738; x_wconf 82' lang='lat' dir='ltr'><strong><em>vocaverat.</em></strong></span> 
     </span>
    </p>
   </div>
   <div class='ocr_carea' id='block_1_60' title="bbox 2116 2770 3632 2846">
    <p class='ocr_par' dir='ltr' id='par_1_60' title="bbox 2116 2770 3632 2846">
     <span class='ocr_line' id='line_1_60' title="bbox 2116 2770 3632 2846; baseline -0.003 -17"><span class='ocrx_word' id='word_1_456' title='bbox 2116 2774 2209 2831; x_wconf 84' lang='lat' dir='ltr'><strong><em>IV.</em></strong></span> <span class='ocrx_word' id='word_1_457' title='bbox 2245 2772 2421 2846; x_wconf 85' lang='lat' dir='ltr'><strong><em>Atque</em></strong></span> <span class='ocrx_word' id='word_1_458' title='bbox 2442 2776 2556 2830; x_wconf 60' lang='lat' dir='ltr'><strong><em>hate</em></strong></span> <span class='ocrx_word' id='word_1_459' title='bbox 2578 2774 2796 2845; x_wconf 88' lang='lat' dir='ltr'><strong><em>quidem</em></strong></span> <span class='ocrx_word' id='word_1_460' title='bbox 2819 2790 2885 2830; x_wconf 91' lang='lat' dir='ltr'><strong><em>eo</em></strong></span> <span class='ocrx_word' id='word_1_461' title='bbox 2900 2773 3062 2829; x_wconf 78' lang='lat' dir='ltr'><strong><em>modo</em></strong></span> <span class='ocrx_word' id='word_1_462' title='bbox 3094 2779 3227 2827; x_wconf 87' lang='lat' dir='ltr'><strong><em>tunc</em></strong></span> <span class='ocrx_word' id='word_1_463' title='bbox 3250 2770 3632 2827; x_wconf 78' lang='lat' dir='ltr'><strong><em>administrata</em></strong></span> 
     </span>
    </p>
   </div>
   <div class='ocr_carea' id='block_1_61' title="bbox 2045 2863 3633 2939">
    <p class='ocr_par' dir='ltr' id='par_1_61' title="bbox 2045 2863 3633 2939">
     <span class='ocr_line' id='line_1_61' title="bbox 2045 2863 3633 2939; baseline -0.002 -16"><span class='ocrx_word' id='word_1_464' title='bbox 2045 2874 2197 2931; x_wconf 82' lang='lat' dir='ltr'><strong><em>sunt,</em></strong></span> <span class='ocrx_word' id='word_1_465' title='bbox 2225 2883 2347 2939; x_wconf 73' lang='lat' dir='ltr'><strong><em>qua:</em></strong></span> <span class='ocrx_word' id='word_1_466' title='bbox 2380 2866 2555 2924; x_wconf 82' lang='lat' dir='ltr'><strong><em>falsus</em></strong></span> <span class='ocrx_word' id='word_1_467' title='bbox 2604 2864 2697 2921; x_wconf 88' lang='lat' dir='ltr'><strong><em>ille</em></strong></span> <span class='ocrx_word' id='word_1_468' title='bbox 2728 2866 3008 2935; x_wconf 88' lang='lat' dir='ltr'><strong><em>apostolus</em></strong></span> <span class='ocrx_word' id='word_1_469' title='bbox 3038 2864 3335 2920; x_wconf 86' lang='lat' dir='ltr'><strong><em>Cerinthus</em></strong></span> <span class='ocrx_word' id='word_1_470' title='bbox 3374 2863 3633 2920; x_wconf 86' lang='lat' dir='ltr'><strong><em>seditiose</em></strong></span> 
     </span>
    </p>
   </div>
   <div class='ocr_carea' id='block_1_62' title="bbox 2046 2955 3631 3027">
    <p class='ocr_par' dir='ltr' id='par_1_62' title="bbox 2046 2955 3631 3027">
     <span class='ocr_line' id='line_1_62' title="bbox 2046 2955 3631 3027; baseline -0.004 -10"><span class='ocrx_word' id='word_1_471' title='bbox 2046 2957 2434 3017; x_wconf 75' lang='lat' dir='ltr'><strong><em>commoverat.</em></strong></span> <span class='ocrx_word' id='word_1_472' title='bbox 2513 2957 2982 3026; x_wconf 82' lang='lat' dir='ltr'><strong><em>Quemadmodum</em></strong></span> <span class='ocrx_word' id='word_1_473' title='bbox 3044 2956 3178 3011; x_wconf 88' lang='lat' dir='ltr'><strong><em>alias</em></strong></span> <span class='ocrx_word' id='word_1_474' title='bbox 3240 2955 3631 3027; x_wconf 81' lang='lat' dir='ltr'><strong><em>Hierosolymis</em></strong></span> 
     </span>
    </p>
   </div>
   <div class='ocr_carea' id='block_1_63' title="bbox 366 3042 1946 3139">
    <p class='ocr_par' dir='ltr' id='par_1_63' title="bbox 366 3042 1944 3139">
     <span class='ocr_line' id='line_1_63' title="bbox 366 3042 1944 3139; baseline 0.005 -38"><span class='ocrx_word' id='word_1_475' title='bbox 366 3046 469 3139; x_wconf 83' lang='grc' dir='ltr'><strong><em>τοῦ</em></strong></span> <span class='ocrx_word' id='word_1_476' title='bbox 499 3042 825 3119; x_wconf 67' lang='grc' dir='ltr'>εἰργάσαντο</span> <span class='ocrx_word' id='word_1_477' title='bbox 871 3052 929 3104; x_wconf 81' lang='grc' dir='ltr'>ὲν</span> <span class='ocrx_word' id='word_1_478' title='bbox 978 3052 1116 3139; x_wconf 61' lang='grc' dir='ltr'>αὑτῇ</span> <span class='ocrx_word' id='word_1_479' title='bbox 1164 3055 1227 3123; x_wconf 78' lang='grc' dir='ltr'>τῇ</span> <span class='ocrx_word' id='word_1_480' title='bbox 1275 3052 1663 3126; x_wconf 80' lang='grc' dir='ltr'>Ἰερουσαλὴμ,</span> <span class='ocrx_word' id='word_1_481' title='bbox 1708 3052 1944 3125; x_wconf 76' lang='grc' dir='ltr'>ὁπηνίκα</span> 
     </span>
    </p>
   </div>
   <div class='ocr_carea' id='block_1_64' title="bbox 2049 3042 3632 3139">
    <p class='ocr_par' dir='ltr' id='par_1_64' title="bbox 2049 3048 3632 3139">
     <span class='ocr_line' id='line_1_64' title="bbox 2049 3048 3632 3139; baseline -0.005 -28"><span class='ocrx_word' id='word_1_482' title='bbox 2049 3067 2171 3111; x_wconf 90' lang='lat' dir='ltr'><strong><em>cum</em></strong></span> <span class='ocrx_word' id='word_1_483' title='bbox 2199 3054 2315 3111; x_wconf 81' lang='lat' dir='ltr'><strong><em>Suis</em></strong></span> <span class='ocrx_word' id='word_1_484' title='bbox 2338 3055 2477 3139; x_wconf 78' lang='lat' dir='ltr'><strong><em>idem</em></strong></span> <span class='ocrx_word' id='word_1_485' title='bbox 2510 3054 2600 3110; x_wconf 87' lang='lat' dir='ltr'><strong><em>ille</em></strong></span> <span class='ocrx_word' id='word_1_486' title='bbox 2635 3053 2902 3109; x_wconf 87' lang='lat' dir='ltr'><strong><em>tumultus</em></strong></span> <span class='ocrx_word' id='word_1_487' title='bbox 2952 3051 3192 3107; x_wconf 82' lang='lat' dir='ltr'><strong><em>concivit</em></strong></span> <span class='ocrx_word' id='word_1_488' title='bbox 3225 3069 3239 3106; x_wconf 89' lang='lat'><strong>:</strong></span> <span class='ocrx_word' id='word_1_489' title='bbox 3268 3048 3487 3121; x_wconf 88' lang='lat' dir='ltr'><strong><em>quando</em></strong></span> <span class='ocrx_word' id='word_1_490' title='bbox 3522 3049 3632 3105; x_wconf 85' lang='lat' dir='ltr'><strong><em>sci-</em></strong></span> 
     </span>
    </p>
   </div>
   <div class='ocr_carea' id='block_1_65' title="bbox 366 3136 1946 3219">
    <p class='ocr_par' dir='ltr' id='par_1_65' title="bbox 366 3136 1944 3215">
     <span class='ocr_line' id='line_1_65' title="bbox 366 3136 1944 3215; baseline 0.007 -24"><span class='ocrx_word' id='word_1_491' title='bbox 366 3136 578 3203; x_wconf 75' lang='grc' dir='ltr'>Παῦλος</span> <span class='ocrx_word' id='word_1_492' title='bbox 608 3138 803 3212; x_wconf 79' lang='grc' dir='ltr'>ἀνῆλθε</span> <span class='ocrx_word' id='word_1_493' title='bbox 837 3140 973 3212; x_wconf 72' lang='grc' dir='ltr'>μετὰ</span> <span class='ocrx_word' id='word_1_494' title='bbox 1010 3136 1193 3208; x_wconf 80' lang='grc' dir='ltr'>Τίτου,</span> <span class='ocrx_word' id='word_1_495' title='bbox 1242 3142 1319 3208; x_wconf 83' lang='grc' dir='ltr'>ὡς</span> <span class='ocrx_word' id='word_1_496' title='bbox 1361 3146 1454 3199; x_wconf 79' lang='grc' dir='ltr'><strong><em>καὶ</em></strong></span> <span class='ocrx_word' id='word_1_497' title='bbox 1483 3136 1637 3209; x_wconf 75' lang='grc' dir='ltr'>οὗτος</span> <span class='ocrx_word' id='word_1_498' title='bbox 1685 3144 1790 3215; x_wconf 76' lang='grc' dir='ltr'><strong><em>ἔφη</em></strong></span> <span class='ocrx_word' id='word_1_499' title='bbox 1813 3187 1827 3211; x_wconf 92' lang='grc'><strong><em>,</em></strong></span> <span class='ocrx_word' id='word_1_500' title='bbox 1860 3147 1944 3202; x_wconf 79' lang='grc' dir='ltr'><strong><em>ὅτι</em></strong></span> 
     </span>
    </p>
   </div>
   <div class='ocr_carea' id='block_1_66' title="bbox 2049 3136 3630 3219">
    <p class='ocr_par' dir='ltr' id='par_1_66' title="bbox 2049 3136 3630 3219">
     <span class='ocr_line' id='line_1_66' title="bbox 2049 3136 3630 3219; baseline -0.001 -16"><span class='ocrx_word' id='word_1_501' title='bbox 2049 3149 2173 3205; x_wconf 89' lang='lat' dir='ltr'><strong><em>licet</em></strong></span> <span class='ocrx_word' id='word_1_502' title='bbox 2204 3158 2327 3204; x_wconf 89' lang='lat' dir='ltr'><strong><em>cum</em></strong></span> <span class='ocrx_word' id='word_1_503' title='bbox 2358 3136 2484 3204; x_wconf 75' lang='lat' dir='ltr'><strong><em>Tito</em></strong></span> <span class='ocrx_word' id='word_1_504' title='bbox 2515 3147 2719 3206; x_wconf 83' lang='lat' dir='ltr'><strong><em>Paulus</em></strong></span> <span class='ocrx_word' id='word_1_505' title='bbox 2751 3148 2992 3214; x_wconf 84' lang='lat' dir='ltr'><strong><em>advenit,</em></strong></span> <span class='ocrx_word' id='word_1_506' title='bbox 3041 3155 3206 3219; x_wconf 86' lang='lat' dir='ltr'><strong><em>atque</em></strong></span> <span class='ocrx_word' id='word_1_507' title='bbox 3253 3147 3327 3202; x_wconf 87' lang='lat' dir='ltr'><strong><em>ita</em></strong></span> <span class='ocrx_word' id='word_1_508' title='bbox 3356 3146 3500 3202; x_wconf 88' lang='lat' dir='ltr'><strong><em>idem</em></strong></span> <span class='ocrx_word' id='word_1_509' title='bbox 3537 3144 3630 3202; x_wconf 82' lang='lat' dir='ltr'><strong><em>illo</em></strong></span> 
     </span>
    </p>
   </div>
   <div class='ocr_carea' id='block_1_67' title="bbox 370 3229 1941 3307">
    <p class='ocr_par' dir='ltr' id='par_1_67' title="bbox 370 3229 1941 3307">
     <span class='ocr_line' id='line_1_67' title="bbox 370 3229 1941 3307; baseline 0.006 -24"><span class='ocrx_word' id='word_1_510' title='bbox 370 3229 620 3297; x_wconf 82' lang='grc' dir='ltr'>Ἀνδρας</span> <span class='ocrx_word' id='word_1_511' title='bbox 670 3231 1083 3302; x_wconf 76' lang='grc' dir='ltr'>ἀκροϐὐστους</span> <span class='ocrx_word' id='word_1_512' title='bbox 1135 3236 1449 3306; x_wconf 75' lang='grc' dir='ltr'><em>εἰσήνεγκε</em></span> <span class='ocrx_word' id='word_1_513' title='bbox 1500 3238 1629 3307; x_wconf 81' lang='grc' dir='ltr'><em>μεθ’</em></span> <span class='ocrx_word' id='word_1_514' title='bbox 1689 3237 1941 3307; x_wconf 77' lang='grc' dir='ltr'>ἑαυτοῦ,</span> 
     </span>
    </p>
   </div>
   <div class='ocr_carea' id='block_1_68' title="bbox 367 3314 1943 3400">
    <p class='ocr_par' dir='ltr' id='par_1_68' title="bbox 367 3314 1943 3400">
     <span class='ocr_line' id='line_1_68' title="bbox 367 3314 1943 3400; baseline 0.007 -28"><span class='ocrx_word' id='word_1_515' title='bbox 367 3314 466 3391; x_wconf 71' lang='grc' dir='ltr'><strong><em>ἤδη</em></strong></span> <span class='ocrx_word' id='word_1_516' title='bbox 502 3322 628 3393; x_wconf 79' lang='grc' dir='ltr'>περὶ</span> <span class='ocrx_word' id='word_1_517' title='bbox 657 3322 845 3377; x_wconf 78' lang='grc' dir='ltr'>τούτου</span> <span class='ocrx_word' id='word_1_518' title='bbox 879 3320 1074 3393; x_wconf 76' lang='grc' dir='ltr'>λέγων,</span> <span class='ocrx_word' id='word_1_519' title='bbox 1107 3324 1437 3393; x_wconf 77' lang='grc' dir='ltr'>Κεκοίνωκε,</span> <span class='ocrx_word' id='word_1_520' title='bbox 1466 3328 1618 3399; x_wconf 77' lang='grc' dir='ltr'>φησὶ,</span> <span class='ocrx_word' id='word_1_521' title='bbox 1663 3329 1757 3382; x_wconf 86' lang='grc' dir='ltr'><strong><em>τὸν</em></strong></span> <span class='ocrx_word' id='word_1_522' title='bbox 1790 3328 1943 3400; x_wconf 75' lang='grc' dir='ltr'>ἅγιον</span> 
     </span>
    </p>
   </div>
   <div class='ocr_carea' id='block_1_69' title="bbox 366 3410 1943 3487">
    <p class='ocr_par' dir='ltr' id='par_1_69' title="bbox 366 3410 1943 3487">
     <span class='ocr_line' id='line_1_69' title="bbox 366 3410 1943 3487; baseline 0.008 -24"><span class='ocrx_word' id='word_1_523' title='bbox 366 3410 549 3465; x_wconf 83' lang='grc' dir='ltr'>τόπον.</span> <span class='ocrx_word' id='word_1_524' title='bbox 580 3412 671 3467; x_wconf 76' lang='grc' dir='ltr'><strong><em>Διὸ</em></strong></span> <span class='ocrx_word' id='word_1_525' title='bbox 720 3415 813 3469; x_wconf 74' lang='grc' dir='ltr'><strong><em>καὶ</em></strong></span> <span class='ocrx_word' id='word_1_526' title='bbox 843 3412 1055 3481; x_wconf 83' lang='grc' dir='ltr'>Παῦλος</span> <span class='ocrx_word' id='word_1_527' title='bbox 1093 3410 1240 3487; x_wconf 78' lang='grc' dir='ltr'>λέγει</span> <span class='ocrx_word' id='word_1_528' title='bbox 1263 3435 1279 3451; x_wconf 65' lang='grc' dir='ltr'>θ</span> <span class='ocrx_word' id='word_1_529' title='bbox 1324 3419 1476 3474; x_wconf 69' lang='grc' dir='ltr'><strong><em>Ἀλλ’</em></strong></span> <span class='ocrx_word' id='word_1_530' title='bbox 1517 3418 1661 3474; x_wconf 81' lang='grc' dir='ltr'><strong><em>οὐδὲ</em></strong></span> <span class='ocrx_word' id='word_1_531' title='bbox 1706 3420 1875 3486; x_wconf 81' lang='grc' dir='ltr'>Τῖτος</span> <span class='ocrx_word' id='word_1_532' title='bbox 1910 3423 1943 3475; x_wconf 90' lang='lat' dir='ltr'><strong><em>d</em></strong></span> 
     </span>
    </p>
   </div>
   <div class='ocr_carea' id='block_1_70' title="bbox 362 3498 1938 3582">
    <p class='ocr_par' dir='ltr' id='par_1_70' title="bbox 362 3498 1938 3582">
     <span class='ocr_line' id='line_1_70' title="bbox 362 3498 1938 3582; baseline 0.006 -27"><span class='ocrx_word' id='word_1_533' title='bbox 362 3498 488 3555; x_wconf 85' lang='grc' dir='ltr'><strong><em>σὺν</em></strong></span> <span class='ocrx_word' id='word_1_534' title='bbox 511 3501 658 3572; x_wconf 75' lang='grc' dir='ltr'>ἐμοὶ,</span> <span class='ocrx_word' id='word_1_535' title='bbox 692 3502 929 3576; x_wconf 65' lang='grc' dir='ltr'><em>Ἕλλην</em></span> <span class='ocrx_word' id='word_1_536' title='bbox 955 3505 1057 3573; x_wconf 84' lang='grc' dir='ltr'><strong><em>ὢν,</em></strong></span> <span class='ocrx_word' id='word_1_537' title='bbox 1093 3509 1448 3580; x_wconf 75' lang='grc' dir='ltr'><strong><em>ἠναγκάσθη</em></strong></span> <span class='ocrx_word' id='word_1_538' title='bbox 1488 3512 1938 3582; x_wconf 79' lang='grc' dir='ltr'>περιτμηθῆναι·</span> 
     </span>
    </p>
   </div>
   <div class='ocr_carea' id='block_1_71' title="bbox 365 3589 1941 3671">
    <p class='ocr_par' dir='ltr' id='par_1_71' title="bbox 365 3589 1941 3671">
     <span class='ocr_line' id='line_1_71' title="bbox 365 3589 1941 3671; baseline 0.008 -25"><span class='ocrx_word' id='word_1_539' title='bbox 365 3589 461 3647; x_wconf 75' lang='grc' dir='ltr'><strong><em>διὰ</em></strong></span> <span class='ocrx_word' id='word_1_540' title='bbox 489 3592 555 3647; x_wconf 80' lang='grc' dir='ltr'><strong><em>δὲ</em></strong></span> <span class='ocrx_word' id='word_1_541' title='bbox 593 3592 735 3662; x_wconf 83' lang='grc' dir='ltr'>τοὺς</span> <span class='ocrx_word' id='word_1_542' title='bbox 756 3598 1193 3667; x_wconf 75' lang='grc' dir='ltr'>παρεισάκτους</span> <span class='ocrx_word' id='word_1_543' title='bbox 1225 3600 1700 3671; x_wconf 64' lang='grc' dir='ltr'><strong><em>ψευδαδέλφους,</em></strong></span> <span class='ocrx_word' id='word_1_544' title='bbox 1725 3604 1941 3669; x_wconf 81' lang='grc' dir='ltr'>οἵτινες</span> 
     </span>
    </p>
   </div>
   <div class='ocr_carea' id='block_1_72' title="bbox 365 3686 1939 3765">
    <p class='ocr_par' dir='ltr' id='par_1_72' title="bbox 365 3686 1939 3765">
     <span class='ocr_line' id='line_1_72' title="bbox 365 3686 1939 3765; baseline 0.008 -28"><span class='ocrx_word' id='word_1_545' title='bbox 365 3686 776 3756; x_wconf 67' lang='grc' dir='ltr'>παρεισῆλθον</span> <span class='ocrx_word' id='word_1_546' title='bbox 790 3691 1252 3761; x_wconf 75' lang='grc' dir='ltr'>κατασκοπῆσαι</span> <span class='ocrx_word' id='word_1_547' title='bbox 1270 3692 1740 3763; x_wconf 71' lang='grc' dir='ltr'>τὴνέλευθερίαν</span> <span class='ocrx_word' id='word_1_548' title='bbox 1751 3692 1939 3765; x_wconf 76' lang='grc' dir='ltr'><em>ἡμῶν,</em></span> 
     </span>
    </p>
   </div>
   <div class='ocr_carea' id='block_1_73' title="bbox 365 3773 1943 3856">
    <p class='ocr_par' dir='ltr' id='par_1_73' title="bbox 365 3773 1943 3856">
     <span class='ocr_line' id='line_1_73' title="bbox 365 3773 1943 3856; baseline 0.006 -27"><span class='ocrx_word' id='word_1_549' title='bbox 365 3773 449 3843; x_wconf 78' lang='grc' dir='ltr'><strong><em>ἢν</em></strong></span> <span class='ocrx_word' id='word_1_550' title='bbox 484 3777 703 3848; x_wconf 78' lang='grc' dir='ltr'>ἔχομεν</span> <span class='ocrx_word' id='word_1_551' title='bbox 727 3779 797 3833; x_wconf 87' lang='grc' dir='ltr'><strong><em>ἐν</em></strong></span> <span class='ocrx_word' id='word_1_552' title='bbox 822 3781 1074 3851; x_wconf 81' lang='grc' dir='ltr'>Χριστῷ,</span> <span class='ocrx_word' id='word_1_553' title='bbox 1116 3778 1206 3850; x_wconf 78' lang='grc' dir='ltr'>οἷς</span> <span class='ocrx_word' id='word_1_554' title='bbox 1243 3785 1385 3839; x_wconf 72' lang='grc' dir='ltr'><strong><em>οὐδὲ</em></strong></span> <span class='ocrx_word' id='word_1_555' title='bbox 1413 3788 1561 3854; x_wconf 77' lang='grc' dir='ltr'>πρὸς</span> <span class='ocrx_word' id='word_1_556' title='bbox 1596 3786 1756 3856; x_wconf 82' lang='grc' dir='ltr'>ὥραν</span> <span class='ocrx_word' id='word_1_557' title='bbox 1781 3787 1943 3853; x_wconf 80' lang='grc' dir='ltr'>εἴξα-</span> 
     </span>
    </p>
   </div>
   <div class='ocr_carea' id='block_1_74' title="bbox 364 3866 1943 3951">
    <p class='ocr_par' dir='ltr' id='par_1_74' title="bbox 364 3866 1943 3951">
     <span class='ocr_line' id='line_1_74' title="bbox 364 3866 1943 3951; baseline 0.009 -31"><span class='ocrx_word' id='word_1_558' title='bbox 364 3884 474 3935; x_wconf 84' lang='grc' dir='ltr'>μεν</span> <span class='ocrx_word' id='word_1_559' title='bbox 496 3866 570 3939; x_wconf 75' lang='grc' dir='ltr'>τῇ</span> <span class='ocrx_word' id='word_1_560' title='bbox 601 3872 874 3942; x_wconf 77' lang='grc' dir='ltr'>ὑποταγῇ</span> <span class='ocrx_word' id='word_1_561' title='bbox 884 3918 888 3923; x_wconf 90' lang='grc'><strong><em>.</em></strong></span> <span class='ocrx_word' id='word_1_562' title='bbox 912 3875 1021 3928; x_wconf 76' lang='grc' dir='ltr'><strong><em>Καὶ</em></strong></span> <span class='ocrx_word' id='word_1_563' title='bbox 1045 3870 1154 3940; x_wconf 73' lang='grc' dir='ltr'>τοῖς</span> <span class='ocrx_word' id='word_1_564' title='bbox 1175 3877 1232 3930; x_wconf 80' lang='grc' dir='ltr'>ὲν</span> <span class='ocrx_word' id='word_1_565' title='bbox 1267 3877 1600 3949; x_wconf 76' lang='grc' dir='ltr'>ἀκροϐυστίᾳ</span> <span class='ocrx_word' id='word_1_566' title='bbox 1632 3879 1943 3951; x_wconf 78' lang='grc' dir='ltr'>παραγγέλ-</span> 
     </span>
    </p>
   </div>
   <div class='ocr_carea' id='block_1_75' title="bbox 364 3960 1943 4039">
    <p class='ocr_par' dir='ltr' id='par_1_75' title="bbox 364 3960 1943 4039">
     <span class='ocr_line' id='line_1_75' title="bbox 364 3960 1943 4039; baseline 0.006 -25"><span class='ocrx_word' id='word_1_567' title='bbox 364 3960 472 4017; x_wconf 88' lang='grc' dir='ltr'>λων</span> <span class='ocrx_word' id='word_1_568' title='bbox 505 3961 688 4031; x_wconf 81' lang='grc' dir='ltr'>ἕλεγεν</span> <span class='ocrx_word' id='word_1_569' title='bbox 707 3978 719 3993; x_wconf 66' lang='grc' dir='ltr'><strong>ο</strong></span> <span class='ocrx_word' id='word_1_570' title='bbox 745 3966 839 4034; x_wconf 79' lang='grc' dir='ltr'><strong><em>Μὴ</em></strong></span> <span class='ocrx_word' id='word_1_571' title='bbox 859 3967 1308 4035; x_wconf 76' lang='grc' dir='ltr'>περιτέμνεσθε’</span> <span class='ocrx_word' id='word_1_572' title='bbox 1335 3968 1447 4033; x_wconf 81' lang='grc' dir='ltr'>ὅτι,</span> <span class='ocrx_word' id='word_1_573' title='bbox 1468 3969 1577 4023; x_wconf 82' lang='grc' dir='ltr'><strong><em>ἐὰν</em></strong></span> <span class='ocrx_word' id='word_1_574' title='bbox 1594 3969 1943 4039; x_wconf 77' lang='grc' dir='ltr'>περιτέμνη-</span> 
     </span>
    </p>
   </div>
   <div class='ocr_carea' id='block_1_76' title="bbox 364 4050 1942 4129">
    <p class='ocr_par' dir='ltr' id='par_1_76' title="bbox 364 4050 1942 4129">
     <span class='ocr_line' id='line_1_76' title="bbox 364 4050 1942 4129; baseline 0.003 -22"><span class='ocrx_word' id='word_1_575' title='bbox 364 4057 492 4118; x_wconf 86' lang='grc' dir='ltr'>σθε,</span> <span class='ocrx_word' id='word_1_576' title='bbox 527 4050 779 4123; x_wconf 79' lang='grc' dir='ltr'>Χριστός</span> <span class='ocrx_word' id='word_1_577' title='bbox 804 4054 957 4125; x_wconf 81' lang='grc' dir='ltr'><strong><em>ὑμᾶς</em></strong></span> <span class='ocrx_word' id='word_1_578' title='bbox 986 4056 1170 4111; x_wconf 78' lang='grc' dir='ltr'><strong><em>οὐδὲν</em></strong></span> <span class='ocrx_word' id='word_1_579' title='bbox 1203 4057 1520 4128; x_wconf 71' lang='grc' dir='ltr'>ὠφελήσει.</span> <span class='ocrx_word' id='word_1_580' title='bbox 1575 4060 1840 4129; x_wconf 80' lang='grc' dir='ltr'>Διήρκεσε</span> <span class='ocrx_word' id='word_1_581' title='bbox 1884 4058 1942 4112; x_wconf 80' lang='grc' dir='ltr'><strong><em>δὲ</em></strong></span> 
     </span>
    </p>
   </div>
   <div class='ocr_carea' id='block_1_77' title="bbox 369 4146 1943 4221">
    <p class='ocr_par' dir='ltr' id='par_1_77' title="bbox 369 4146 1943 4221">
     <span class='ocr_line' id='line_1_77' title="bbox 369 4146 1943 4221; baseline 0.004 -24"><span class='ocrx_word' id='word_1_582' title='bbox 369 4146 398 4216; x_wconf 69' lang='grc' dir='ltr'>ἢ</span> <span class='ocrx_word' id='word_1_583' title='bbox 431 4146 697 4217; x_wconf 80' lang='grc' dir='ltr'>περιτομὴ</span> <span class='ocrx_word' id='word_1_584' title='bbox 724 4147 900 4218; x_wconf 86' lang='grc' dir='ltr'>χρόνῳ</span> <span class='ocrx_word' id='word_1_585' title='bbox 926 4149 1336 4221; x_wconf 75' lang='grc' dir='ltr'>ὑπηρετήσασα,</span> <span class='ocrx_word' id='word_1_586' title='bbox 1368 4150 1471 4212; x_wconf 72' lang='grc' dir='ltr'>ἓως</span> <span class='ocrx_word' id='word_1_587' title='bbox 1504 4151 1537 4220; x_wconf 80' lang='grc' dir='ltr'><strong>ή</strong></span> <span class='ocrx_word' id='word_1_588' title='bbox 1571 4150 1769 4220; x_wconf 79' lang='grc' dir='ltr'>μείζων</span> <span class='ocrx_word' id='word_1_589' title='bbox 1794 4162 1943 4221; x_wconf 86' lang='grc' dir='ltr'>περι-</span> 
     </span>
    </p>
   </div>
   <div class='ocr_carea' id='block_1_78' title="bbox 370 4236 1942 4312">
    <p class='ocr_par' dir='ltr' id='par_1_78' title="bbox 370 4236 1942 4312">
     <span class='ocr_line' id='line_1_78' title="bbox 370 4236 1942 4312; baseline 0.003 -23"><span class='ocrx_word' id='word_1_590' title='bbox 370 4236 502 4307; x_wconf 80' lang='grc' dir='ltr'>τομὴ</span> <span class='ocrx_word' id='word_1_591' title='bbox 530 4238 861 4309; x_wconf 75' lang='grc' dir='ltr'>παρεγένετο</span> <span class='ocrx_word' id='word_1_592' title='bbox 881 4278 896 4304; x_wconf 96' lang='grc'><strong><em>,</em></strong></span> <span class='ocrx_word' id='word_1_593' title='bbox 933 4240 1177 4293; x_wconf 81' lang='grc' dir='ltr'>τουτέστι</span> <span class='ocrx_word' id='word_1_594' title='bbox 1207 4238 1268 4295; x_wconf 81' lang='grc' dir='ltr'>τὸ</span> <span class='ocrx_word' id='word_1_595' title='bbox 1300 4241 1525 4312; x_wconf 81' lang='grc' dir='ltr'>λουτρὸν</span> <span class='ocrx_word' id='word_1_596' title='bbox 1556 4241 1653 4311; x_wconf 81' lang='grc' dir='ltr'>τῆς</span> <span class='ocrx_word' id='word_1_597' title='bbox 1685 4241 1942 4310; x_wconf 82' lang='grc' dir='ltr'>παλιγγε-</span> 
     </span>
    </p>
   </div>
   <div class='ocr_carea' id='block_1_79' title="bbox 367 4326 1940 4401">
    <p class='ocr_par' dir='ltr' id='par_1_79' title="bbox 367 4326 1940 4401">
     <span class='ocr_line' id='line_1_79' title="bbox 367 4326 1940 4401; baseline -0.001 -20"><span class='ocrx_word' id='word_1_598' title='bbox 367 4326 662 4392; x_wconf 52' lang='lat' dir='ltr'><strong><em>vestigii);</em></strong></span> <span class='ocrx_word' id='word_1_599' title='bbox 686 4326 847 4380; x_wconf 84' lang='grc' dir='ltr'>παντί</span> <span class='ocrx_word' id='word_1_600' title='bbox 868 4345 946 4399; x_wconf 84' lang='grc' dir='ltr'>τῳ</span> <span class='ocrx_word' id='word_1_601' title='bbox 967 4327 1123 4398; x_wconf 81' lang='grc' dir='ltr'>δῆλόν</span> <span class='ocrx_word' id='word_1_602' title='bbox 1153 4330 1291 4392; x_wconf 79' lang='grc' dir='ltr'>ἐστι,</span> <span class='ocrx_word' id='word_1_603' title='bbox 1325 4329 1419 4382; x_wconf 74' lang='grc' dir='ltr'>καὶ</span> <span class='ocrx_word' id='word_1_604' title='bbox 1466 4329 1794 4401; x_wconf 77' lang='grc' dir='ltr'>σαφέστερον</span> <span class='ocrx_word' id='word_1_605' title='bbox 1835 4329 1940 4383; x_wconf 85' lang='grc' dir='ltr'>δεί-</span> 
     </span>
    </p>
   </div>
   <div class='ocr_carea' id='block_1_80' title="bbox 2044 3234 3629 3310">
    <p class='ocr_par' dir='ltr' id='par_1_80' title="bbox 2044 3234 3629 3310">
     <span class='ocr_line' id='line_1_80' title="bbox 2044 3234 3629 3310; baseline -0.003 -16"><span class='ocrx_word' id='word_1_606' title='bbox 2044 3240 2261 3295; x_wconf 90' lang='lat' dir='ltr'><strong><em>locutus</em></strong></span> <span class='ocrx_word' id='word_1_607' title='bbox 2306 3245 2412 3295; x_wconf 90' lang='lat' dir='ltr'><strong><em>est.</em></strong></span> <span class='ocrx_word' id='word_1_608' title='bbox 2484 3237 2635 3294; x_wconf 84' lang='lat' dir='ltr'><strong><em>Viros</em></strong></span> <span class='ocrx_word' id='word_1_609' title='bbox 2654 3239 2970 3310; x_wconf 69' lang='lat' dir='ltr'><strong><em>pra&#39;putium</em></strong></span> <span class='ocrx_word' id='word_1_610' title='bbox 3023 3236 3273 3292; x_wconf 81' lang='lat' dir='ltr'><strong><em>habentes</em></strong></span> <span class='ocrx_word' id='word_1_611' title='bbox 3320 3253 3502 3292; x_wconf 88' lang='lat' dir='ltr'><strong><em>secum</em></strong></span> <span class='ocrx_word' id='word_1_612' title='bbox 3540 3234 3629 3291; x_wconf 84' lang='lat' dir='ltr'><strong><em>itt-</em></strong></span> 
     </span>
    </p>
   </div>
   <div class='ocr_carea' id='block_1_81' title="bbox 2042 3324 3629 3401">
    <p class='ocr_par' dir='ltr' id='par_1_81' title="bbox 2042 3324 3629 3401">
     <span class='ocr_line' id='line_1_81' title="bbox 2042 3324 3629 3401; baseline -0.003 -18"><span class='ocrx_word' id='word_1_613' title='bbox 2042 3331 2196 3385; x_wconf 75' lang='lat' dir='ltr'><strong><em>duxit</em></strong></span> <span class='ocrx_word' id='word_1_614' title='bbox 2215 3328 2257 3394; x_wconf 82' lang='grc'><strong><em>⁸,</em></strong></span> <span class='ocrx_word' id='word_1_615' title='bbox 2285 3327 2485 3401; x_wconf 87' lang='lat' dir='ltr'><strong><em>quibus</em></strong></span> <span class='ocrx_word' id='word_1_616' title='bbox 2513 3327 2580 3384; x_wconf 90' lang='lat' dir='ltr'><strong><em>de</em></strong></span> <span class='ocrx_word' id='word_1_617' title='bbox 2602 3327 2726 3383; x_wconf 84' lang='lat' dir='ltr'><strong><em>Tito</em></strong></span> <span class='ocrx_word' id='word_1_618' title='bbox 2760 3326 3102 3399; x_wconf 73' lang='lat' dir='ltr'><strong><em>signiﬁcabat</em></strong></span> <span class='ocrx_word' id='word_1_619' title='bbox 3126 3345 3141 3382; x_wconf 90' lang='lat'><strong>:</strong></span> <span class='ocrx_word' id='word_1_620' title='bbox 3165 3325 3369 3381; x_wconf 89' lang='lat' dir='ltr'><strong><em>Locum</em></strong></span> <span class='ocrx_word' id='word_1_621' title='bbox 3389 3366 3404 3391; x_wconf 92' lang='lat'><strong><em>,</em></strong></span> <span class='ocrx_word' id='word_1_622' title='bbox 3429 3324 3629 3395; x_wconf 88' lang='lat' dir='ltr'><strong><em>inquit,</em></strong></span> 
     </span>
    </p>
   </div>
   <div class='ocr_carea' id='block_1_82' title="bbox 2044 3413 3625 3488">
    <p class='ocr_par' dir='ltr' id='par_1_82' title="bbox 2044 3413 3625 3488">
     <span class='ocr_line' id='line_1_82' title="bbox 2044 3413 3625 3488; baseline -0.003 -13"><span class='ocrx_word' id='word_1_623' title='bbox 2044 3425 2297 3475; x_wconf 88' lang='lat' dir='ltr'><strong><em>sanctum</em></strong></span> <span class='ocrx_word' id='word_1_624' title='bbox 2346 3416 2638 3488; x_wconf 84' lang='lat' dir='ltr'><strong><em>profanum</em></strong></span> <span class='ocrx_word' id='word_1_625' title='bbox 2689 3415 2838 3471; x_wconf 83' lang='lat' dir='ltr'><strong><em>iecit.</em></strong></span> <span class='ocrx_word' id='word_1_626' title='bbox 2869 3416 3051 3483; x_wconf 87' lang='lat' dir='ltr'><strong><em>Quare</em></strong></span> <span class='ocrx_word' id='word_1_627' title='bbox 3098 3416 3172 3470; x_wconf 81' lang='lat' dir='ltr'><strong><em>ita</em></strong></span> <span class='ocrx_word' id='word_1_628' title='bbox 3206 3413 3410 3471; x_wconf 89' lang='lat' dir='ltr'><strong><em>Paulus</em></strong></span> <span class='ocrx_word' id='word_1_629' title='bbox 3437 3414 3574 3469; x_wconf 82' lang='lat' dir='ltr'><strong><em>dixit</em></strong></span> <span class='ocrx_word' id='word_1_630' title='bbox 3608 3432 3625 3470; x_wconf 88' lang='lat'><strong>:</strong></span> 
     </span>
    </p>
   </div>
   <div class='ocr_carea' id='block_1_83' title="bbox 2043 3506 3620 3581">
    <p class='ocr_par' dir='ltr' id='par_1_83' title="bbox 2043 3506 3620 3581">
     <span class='ocr_line' id='line_1_83' title="bbox 2043 3506 3620 3581; baseline -0.004 -14"><span class='ocrx_word' id='word_1_631' title='bbox 2043 3509 2149 3567; x_wconf 84' lang='lat' dir='ltr'><strong><em>Sed</em></strong></span> <span class='ocrx_word' id='word_1_632' title='bbox 2172 3527 2331 3581; x_wconf 85' lang='lat' dir='ltr'><strong><em>neque</em></strong></span> <span class='ocrx_word' id='word_1_633' title='bbox 2364 3511 2508 3565; x_wconf 83' lang='lat' dir='ltr'><strong><em>Titus</em></strong></span> <span class='ocrx_word' id='word_1_634' title='bbox 2537 3511 2627 3581; x_wconf 83' lang='lat' dir='ltr'><strong><em>qui</em></strong></span> <span class='ocrx_word' id='word_1_635' title='bbox 2668 3524 2867 3564; x_wconf 88' lang='lat' dir='ltr'><strong><em>mecum</em></strong></span> <span class='ocrx_word' id='word_1_636' title='bbox 2908 3516 3043 3575; x_wconf 86' lang='lat' dir='ltr'><strong><em>erat,</em></strong></span> <span class='ocrx_word' id='word_1_637' title='bbox 3070 3525 3188 3563; x_wconf 89' lang='lat' dir='ltr'><strong><em>cum</em></strong></span> <span class='ocrx_word' id='word_1_638' title='bbox 3216 3516 3351 3563; x_wconf 83' lang='lat' dir='ltr'><strong><em>esset</em></strong></span> <span class='ocrx_word' id='word_1_639' title='bbox 3386 3506 3620 3577; x_wconf 84' lang='lat' dir='ltr'><strong><em>gentilis,</em></strong></span> 
     </span>
    </p>
   </div>
   <div class='ocr_carea' id='block_1_84' title="bbox 2042 3599 3627 3672">
    <p class='ocr_par' dir='ltr' id='par_1_84' title="bbox 2042 3599 3627 3672">
     <span class='ocr_line' id='line_1_84' title="bbox 2042 3599 3627 3672; baseline -0.002 -16"><span class='ocrx_word' id='word_1_640' title='bbox 2042 3604 2340 3672; x_wconf 82' lang='lat' dir='ltr'><strong><em>compulsus</em></strong></span> <span class='ocrx_word' id='word_1_641' title='bbox 2370 3610 2446 3656; x_wconf 89' lang='lat' dir='ltr'><strong><em>est</em></strong></span> <span class='ocrx_word' id='word_1_642' title='bbox 2472 3602 2798 3655; x_wconf 83' lang='lat' dir='ltr'><strong><em>circumcidi.</em></strong></span> <span class='ocrx_word' id='word_1_643' title='bbox 2832 3600 2937 3656; x_wconf 86' lang='lat' dir='ltr'><strong><em>Sed</em></strong></span> <span class='ocrx_word' id='word_1_644' title='bbox 2970 3612 3181 3670; x_wconf 83' lang='lat' dir='ltr'><strong><em>propter</em></strong></span> <span class='ocrx_word' id='word_1_645' title='bbox 3201 3599 3627 3653; x_wconf 79' lang='lat' dir='ltr'><strong><em>subintroductos</em></strong></span> 
     </span>
    </p>
   </div>
   <div class='ocr_carea' id='block_1_85' title="bbox 2042 3691 3626 3764">
    <p class='ocr_par' dir='ltr' id='par_1_85' title="bbox 2042 3691 3626 3764">
     <span class='ocr_line' id='line_1_85' title="bbox 2042 3691 3626 3764; baseline -0.002 -17"><span class='ocrx_word' id='word_1_646' title='bbox 2042 3694 2209 3764; x_wconf 82' lang='lat' dir='ltr'><strong><em>falsos</em></strong></span> <span class='ocrx_word' id='word_1_647' title='bbox 2238 3694 2455 3762; x_wconf 72' lang='lat' dir='ltr'><strong><em>fratres,</em></strong></span> <span class='ocrx_word' id='word_1_648' title='bbox 2474 3695 2563 3763; x_wconf 88' lang='lat' dir='ltr'><strong><em>qui</em></strong></span> <span class='ocrx_word' id='word_1_649' title='bbox 2595 3693 3004 3746; x_wconf 83' lang='lat' dir='ltr'><strong><em>subintroierunl</em></strong></span> <span class='ocrx_word' id='word_1_650' title='bbox 3031 3692 3306 3760; x_wconf 73' lang='lat' dir='ltr'><strong><em>explorare</em></strong></span> <span class='ocrx_word' id='word_1_651' title='bbox 3331 3691 3626 3746; x_wconf 82' lang='lat' dir='ltr'><strong><em>libertatem</em></strong></span> 
     </span>
    </p>
   </div>
   <div class='ocr_carea' id='block_1_86' title="bbox 2040 3787 3624 3859">
    <p class='ocr_par' dir='ltr' id='par_1_86' title="bbox 2040 3787 3624 3859">
     <span class='ocr_line' id='line_1_86' title="bbox 2040 3787 3624 3859; baseline -0.001 -17"><span class='ocrx_word' id='word_1_652' title='bbox 2040 3805 2196 3859; x_wconf 89' lang='lat' dir='ltr'><strong><em>quam</em></strong></span> <span class='ocrx_word' id='word_1_653' title='bbox 2220 3788 2470 3842; x_wconf 83' lang='lat' dir='ltr'><strong><em>habemus</em></strong></span> <span class='ocrx_word' id='word_1_654' title='bbox 2516 3789 2571 3841; x_wconf 87' lang='lat' dir='ltr'><strong><em>in</em></strong></span> <span class='ocrx_word' id='word_1_655' title='bbox 2617 3787 2847 3842; x_wconf 81' lang='lat' dir='ltr'><strong><em>Christo.</em></strong></span> <span class='ocrx_word' id='word_1_656' title='bbox 2883 3788 3086 3855; x_wconf 81' lang='lat' dir='ltr'><strong><em>Quibus</em></strong></span> <span class='ocrx_word' id='word_1_657' title='bbox 3127 3805 3289 3855; x_wconf 76' lang='lat' dir='ltr'><strong><em>neque</em></strong></span> <span class='ocrx_word' id='word_1_658' title='bbox 3334 3787 3402 3841; x_wconf 87' lang='lat' dir='ltr'><strong><em>ad</em></strong></span> <span class='ocrx_word' id='word_1_659' title='bbox 3438 3788 3624 3840; x_wconf 88' lang='lat' dir='ltr'><strong><em>horam</em></strong></span> 
     </span>
    </p>
   </div>
   <div class='ocr_carea' id='block_1_87' title="bbox 2042 3878 3623 3950">
    <p class='ocr_par' dir='ltr' id='par_1_87' title="bbox 2042 3878 3623 3950">
     <span class='ocr_line' id='line_1_87' title="bbox 2042 3878 3623 3950; baseline -0.001 -15"><span class='ocrx_word' id='word_1_660' title='bbox 2042 3883 2291 3936; x_wconf 88' lang='lat' dir='ltr'><strong><em>cessimus</em></strong></span> <span class='ocrx_word' id='word_1_661' title='bbox 2345 3881 2664 3949; x_wconf 87' lang='lat' dir='ltr'><strong><em>subjectione</em></strong></span> <span class='ocrx_word' id='word_1_662' title='bbox 2697 3880 2740 3931; x_wconf 74' lang='grc'>⁵.</span> <span class='ocrx_word' id='word_1_663' title='bbox 2781 3878 2991 3934; x_wconf 86' lang='lat' dir='ltr'><strong><em>Deinde</em></strong></span> <span class='ocrx_word' id='word_1_664' title='bbox 3041 3881 3313 3950; x_wconf 64' lang='lat' dir='ltr'><strong><em>praeputio</em></strong></span> <span class='ocrx_word' id='word_1_665' title='bbox 3364 3879 3623 3950; x_wconf 65' lang='lat' dir='ltr'><strong><em>praeditos</em></strong></span> 
     </span>
    </p>
   </div>
   <div class='ocr_carea' id='block_1_88' title="bbox 2040 3968 3620 4053">
    <p class='ocr_par' dir='ltr' id='par_1_88' title="bbox 2040 3968 3620 4053">
     <span class='ocr_line' id='line_1_88' title="bbox 2040 3968 3620 4053; baseline -0.004 -25"><span class='ocrx_word' id='word_1_666' title='bbox 2040 3972 2127 4028; x_wconf 80' lang='lat' dir='ltr'><strong><em>Itis</em></strong></span> <span class='ocrx_word' id='word_1_667' title='bbox 2157 3972 2334 4028; x_wconf 86' lang='lat' dir='ltr'><strong><em>verbis</em></strong></span> <span class='ocrx_word' id='word_1_668' title='bbox 2387 3972 2748 4053; x_wconf 75' lang='lat' dir='ltr'><strong><em>hortabatur:</em></strong></span> <span class='ocrx_word' id='word_1_669' title='bbox 2784 3969 2967 4026; x_wconf 85' lang='lat' dir='ltr'><strong><em>Nolite</em></strong></span> <span class='ocrx_word' id='word_1_670' title='bbox 2997 3970 3326 4025; x_wconf 82' lang='lat' dir='ltr'><strong><em>circumcidi.</em></strong></span> <span class='ocrx_word' id='word_1_671' title='bbox 3372 3968 3516 4024; x_wconf 83' lang='lat' dir='ltr'><strong><em>Nunt</em></strong></span> <span class='ocrx_word' id='word_1_672' title='bbox 3572 3970 3620 4023; x_wconf 90' lang='lat' dir='ltr'><strong><em>si</em></strong></span> 
     </span>
    </p>
   </div>
   <div class='ocr_carea' id='block_1_89' title="bbox 2041 4061 3621 4132">
    <p class='ocr_par' dir='ltr' id='par_1_89' title="bbox 2041 4061 3621 4132">
     <span class='ocr_line' id='line_1_89' title="bbox 2041 4061 3621 4132; baseline -0.001 -15"><span class='ocrx_word' id='word_1_673' title='bbox 2041 4064 2511 4130; x_wconf 81' lang='lat' dir='ltr'><strong><em>circumcidamini,</em></strong></span> <span class='ocrx_word' id='word_1_674' title='bbox 2532 4061 2773 4120; x_wconf 83' lang='lat' dir='ltr'><strong><em>Christus</em></strong></span> <span class='ocrx_word' id='word_1_675' title='bbox 2793 4062 2925 4117; x_wconf 85' lang='lat' dir='ltr'><strong><em>nihil</em></strong></span> <span class='ocrx_word' id='word_1_676' title='bbox 2939 4062 3171 4132; x_wconf 86' lang='lat' dir='ltr'><strong><em>proderit</em></strong></span> <span class='ocrx_word' id='word_1_677' title='bbox 3191 4063 3235 4117; x_wconf 86' lang='grc'><strong><em>⁸.</em></strong></span> <span class='ocrx_word' id='word_1_678' title='bbox 3258 4061 3621 4117; x_wconf 84' lang='lat' dir='ltr'><strong><em>Circumcisio</em></strong></span> 
     </span>
    </p>
   </div>
   <div class='ocr_carea' id='block_1_90' title="bbox 2043 4150 3622 4223">
    <p class='ocr_par' dir='ltr' id='par_1_90' title="bbox 2043 4150 3622 4223">
     <span class='ocr_line' id='line_1_90' title="bbox 2043 4150 3622 4223; baseline -0.002 -17"><span class='ocrx_word' id='word_1_679' title='bbox 2043 4162 2205 4222; x_wconf 79' lang='lat' dir='ltr'><strong><em>porro</em></strong></span> <span class='ocrx_word' id='word_1_680' title='bbox 2240 4150 2429 4206; x_wconf 85' lang='lat' dir='ltr'><strong><em>tandiu</em></strong></span> <span class='ocrx_word' id='word_1_681' title='bbox 2484 4168 2644 4208; x_wconf 90' lang='lat' dir='ltr'><strong><em>suum</em></strong></span> <span class='ocrx_word' id='word_1_682' title='bbox 2694 4158 2910 4223; x_wconf 86' lang='lat' dir='ltr'><strong><em>tempus</em></strong></span> <span class='ocrx_word' id='word_1_683' title='bbox 2955 4150 3169 4217; x_wconf 85' lang='lat' dir='ltr'><strong><em>habuit,</em></strong></span> <span class='ocrx_word' id='word_1_684' title='bbox 3214 4151 3389 4206; x_wconf 92' lang='lat' dir='ltr'><strong><em>donec</em></strong></span> <span class='ocrx_word' id='word_1_685' title='bbox 3444 4150 3622 4220; x_wconf 86' lang='lat' dir='ltr'><strong><em>major</em></strong></span> 
     </span>
    </p>
   </div>
   <div class='ocr_carea' id='block_1_91' title="bbox 2042 4241 3621 4313">
    <p class='ocr_par' dir='ltr' id='par_1_91' title="bbox 2042 4241 3621 4313">
     <span class='ocr_line' id='line_1_91' title="bbox 2042 4241 3621 4313; baseline -0.001 -17"><span class='ocrx_word' id='word_1_686' title='bbox 2042 4243 2394 4297; x_wconf 85' lang='lat' dir='ltr'><strong><em>circumcisio</em></strong></span> <span class='ocrx_word' id='word_1_687' title='bbox 2435 4243 2556 4313; x_wconf 83' lang='lat' dir='ltr'><strong><em>ejus</em></strong></span> <span class='ocrx_word' id='word_1_688' title='bbox 2601 4250 2686 4298; x_wconf 90' lang='lat' dir='ltr'><strong><em>est</em></strong></span> <span class='ocrx_word' id='word_1_689' title='bbox 2720 4243 2842 4298; x_wconf 90' lang='lat' dir='ltr'><strong><em>loco</em></strong></span> <span class='ocrx_word' id='word_1_690' title='bbox 2875 4242 3194 4305; x_wconf 78' lang='lat' dir='ltr'><strong><em>substitute,</em></strong></span> <span class='ocrx_word' id='word_1_691' title='bbox 3236 4241 3393 4312; x_wconf 74' lang='lat'><strong><em>113</em></strong></span> <span class='ocrx_word' id='word_1_692' title='bbox 3424 4257 3621 4311; x_wconf 84' lang='lat' dir='ltr'><strong><em>nempe</em></strong></span> 
     </span>
    </p>
   </div>
   <div class='ocr_carea' id='block_1_92' title="bbox 2042 4331 3622 4403">
    <p class='ocr_par' dir='ltr' id='par_1_92' title="bbox 2042 4331 3622 4403">
     <span class='ocr_line' id='line_1_92' title="bbox 2042 4331 3622 4403; baseline 0 -18"><span class='ocrx_word' id='word_1_693' title='bbox 2042 4332 2134 4385; x_wconf 89' lang='lat' dir='ltr'><strong><em>illa</em></strong></span> <span class='ocrx_word' id='word_1_694' title='bbox 2191 4334 2409 4388; x_wconf 75' lang='lat' dir='ltr'><strong><em>lotionis</em></strong></span> <span class='ocrx_word' id='word_1_695' title='bbox 2458 4333 2649 4389; x_wconf 88' lang='lat' dir='ltr'><strong><em>iterata</em></strong></span> <span class='ocrx_word' id='word_1_696' title='bbox 2710 4334 3034 4403; x_wconf 79' lang='lat' dir='ltr'><strong><em>generatio;</em></strong></span> <span class='ocrx_word' id='word_1_697' title='bbox 3104 4332 3157 4387; x_wconf 86' lang='lat' dir='ltr'><strong><em>id</em></strong></span> <span class='ocrx_word' id='word_1_698' title='bbox 3222 4333 3367 4402; x_wconf 88' lang='lat' dir='ltr'><strong><em>quod</em></strong></span> <span class='ocrx_word' id='word_1_699' title='bbox 3416 4331 3622 4387; x_wconf 84' lang='lat' dir='ltr'><strong><em>nemini</em></strong></span> 
     </span>
    </p>
   </div>
   <div class='ocr_carea' id='block_1_93' title="bbox 366 4416 1946 4496">
    <p class='ocr_par' dir='ltr' id='par_1_93' title="bbox 366 4416 1938 4492">
     <span class='ocr_line' id='line_1_93' title="bbox 366 4416 1938 4492; baseline 0.003 -22"><span class='ocrx_word' id='word_1_700' title='bbox 366 4433 553 4470; x_wconf 70' lang='grc' dir='ltr'>ιινυται</span> <span class='ocrx_word' id='word_1_701' title='bbox 596 4416 703 4470; x_wconf 80' lang='grc' dir='ltr'><strong><em>ἀπὸ</em></strong></span> <span class='ocrx_word' id='word_1_702' title='bbox 742 4416 850 4469; x_wconf 84' lang='grc' dir='ltr'><strong><em>τῶν</em></strong></span> <span class='ocrx_word' id='word_1_703' title='bbox 903 4416 1053 4489; x_wconf 85' lang='grc' dir='ltr'><strong><em>παρά</em></strong></span> <span class='ocrx_word' id='word_1_704' title='bbox 1093 4421 1206 4483; x_wconf 85' lang='grc' dir='ltr'>τοῖς</span> <span class='ocrx_word' id='word_1_705' title='bbox 1250 4418 1569 4485; x_wconf 85' lang='grc' dir='ltr'>ἀποστόλοις</span> <span class='ocrx_word' id='word_1_706' title='bbox 1612 4421 1938 4492; x_wconf 84' lang='grc' dir='ltr'>εἰρημένων,</span> 
     </span>
    </p>
   </div>
   <div class='ocr_carea' id='block_1_94' title="bbox 2049 4416 3622 4496">
    <p class='ocr_par' dir='ltr' id='par_1_94' title="bbox 2049 4421 3622 4496">
     <span class='ocr_line' id='line_1_94' title="bbox 2049 4421 3622 4496; baseline -0.001 -17"><span class='ocrx_word' id='word_1_707' title='bbox 2049 4424 2339 4479; x_wconf 83' lang='lat' dir='ltr'><strong><em>obscurum</em></strong></span> <span class='ocrx_word' id='word_1_708' title='bbox 2395 4432 2500 4490; x_wconf 91' lang='lat' dir='ltr'><strong><em>est,</em></strong></span> <span class='ocrx_word' id='word_1_709' title='bbox 2559 4424 2977 4494; x_wconf 86' lang='lat' dir='ltr'><strong><em>evidentiusque</em></strong></span> <span class='ocrx_word' id='word_1_710' title='bbox 3013 4438 3110 4496; x_wconf 90' lang='lat' dir='ltr'><strong><em>per</em></strong></span> <span class='ocrx_word' id='word_1_711' title='bbox 3138 4439 3201 4479; x_wconf 89' lang='lat' dir='ltr'><strong><em>ea</em></strong></span> <span class='ocrx_word' id='word_1_712' title='bbox 3235 4440 3357 4495; x_wconf 64' lang='lat' dir='ltr'><strong><em>qua:</em></strong></span> <span class='ocrx_word' id='word_1_713' title='bbox 3397 4439 3520 4478; x_wconf 91' lang='lat' dir='ltr'><strong><em>cum</em></strong></span> <span class='ocrx_word' id='word_1_714' title='bbox 3552 4421 3622 4478; x_wconf 78' lang='lat' dir='ltr'><strong><em>ab</em></strong></span> 
     </span>
    </p>
   </div>
   <div class='ocr_carea' id='block_1_95' title="bbox 366 4506 1940 4586">
    <p class='ocr_par' dir='ltr' id='par_1_95' title="bbox 366 4506 1940 4586">
     <span class='ocr_line' id='line_1_95' title="bbox 366 4506 1940 4586; baseline 0.003 -24"><span class='ocrx_word' id='word_1_715' title='bbox 366 4507 602 4579; x_wconf 80' lang='grc' dir='ltr'>μάλιστα</span> <span class='ocrx_word' id='word_1_716' title='bbox 634 4507 784 4578; x_wconf 74' lang='grc' dir='ltr'>παρὰ</span> <span class='ocrx_word' id='word_1_717' title='bbox 817 4506 897 4580; x_wconf 77' lang='grc' dir='ltr'>τῷ</span> <span class='ocrx_word' id='word_1_718' title='bbox 942 4511 1081 4580; x_wconf 80' lang='grc' dir='ltr'>ἀγίῳ</span> <span class='ocrx_word' id='word_1_719' title='bbox 1117 4508 1443 4583; x_wconf 78' lang='grc' dir='ltr'>Ἀποστόλῳ.</span> <span class='ocrx_word' id='word_1_720' title='bbox 1472 4514 1673 4567; x_wconf 78' lang='grc' dir='ltr'>Φάσκει</span> <span class='ocrx_word' id='word_1_721' title='bbox 1712 4513 1817 4586; x_wconf 82' lang='grc' dir='ltr'>γὰρ</span> <span class='ocrx_word' id='word_1_722' title='bbox 1848 4513 1940 4567; x_wconf 78' lang='grc' dir='ltr'>οῦ-</span> 
     </span>
    </p>
   </div>
   <div class='ocr_carea' id='block_1_96' title="bbox 370 4595 1935 4673">
    <p class='ocr_par' dir='ltr' id='par_1_96' title="bbox 370 4595 1935 4673">
     <span class='ocr_line' id='line_1_96' title="bbox 370 4595 1935 4673; baseline 0.006 -25"><span class='ocrx_word' id='word_1_723' title='bbox 370 4612 469 4659; x_wconf 83' lang='grc' dir='ltr'><strong><em>τως</em></strong></span> <span class='ocrx_word' id='word_1_724' title='bbox 490 4613 502 4626; x_wconf 92' lang='grc'><strong>·</strong></span> <span class='ocrx_word' id='word_1_725' title='bbox 545 4595 644 4661; x_wconf 81' lang='grc' dir='ltr'><strong><em>Οἷς</em></strong></span> <span class='ocrx_word' id='word_1_726' title='bbox 680 4596 824 4650; x_wconf 77' lang='grc' dir='ltr'><strong><em>οὐδὲ</em></strong></span> <span class='ocrx_word' id='word_1_727' title='bbox 869 4599 1019 4666; x_wconf 78' lang='grc' dir='ltr'>πρός</span> <span class='ocrx_word' id='word_1_728' title='bbox 1054 4597 1219 4667; x_wconf 81' lang='grc' dir='ltr'>ὤραν</span> <span class='ocrx_word' id='word_1_729' title='bbox 1253 4596 1499 4671; x_wconf 76' lang='grc' dir='ltr'><em>εἴξαμεν</em></span> <span class='ocrx_word' id='word_1_730' title='bbox 1528 4602 1607 4672; x_wconf 78' lang='grc' dir='ltr'>τῇ</span> <span class='ocrx_word' id='word_1_731' title='bbox 1644 4600 1935 4673; x_wconf 76' lang='grc' dir='ltr'>ὑποταγῇ.</span> 
     </span>
    </p>
   </div>
   <div class='ocr_carea' id='block_1_97' title="bbox 363 4685 1938 4763">
    <p class='ocr_par' dir='ltr' id='par_1_97' title="bbox 363 4685 1938 4763">
     <span class='ocr_line' id='line_1_97' title="bbox 363 4685 1938 4763; baseline 0.006 -26"><span class='ocrx_word' id='word_1_732' title='bbox 363 4686 532 4738; x_wconf 85' lang='grc' dir='ltr'>Παντί</span> <span class='ocrx_word' id='word_1_733' title='bbox 560 4685 624 4738; x_wconf 79' lang='grc' dir='ltr'><strong><em>δὲ</em></strong></span> <span class='ocrx_word' id='word_1_734' title='bbox 653 4686 731 4756; x_wconf 83' lang='grc' dir='ltr'>τῷ</span> <span class='ocrx_word' id='word_1_735' title='bbox 756 4686 1063 4760; x_wconf 76' lang='grc' dir='ltr'>βουλομένῳ</span> <span class='ocrx_word' id='word_1_736' title='bbox 1087 4688 1367 4743; x_wconf 73' lang='grc' dir='ltr'>κατανοεῖν</span> <span class='ocrx_word' id='word_1_737' title='bbox 1386 4690 1458 4744; x_wconf 82' lang='grc' dir='ltr'>τὰ</span> <span class='ocrx_word' id='word_1_738' title='bbox 1484 4691 1633 4763; x_wconf 78' lang='grc' dir='ltr'>παρὰ</span> <span class='ocrx_word' id='word_1_739' title='bbox 1660 4695 1772 4757; x_wconf 82' lang='grc' dir='ltr'>τοῖς</span> <span class='ocrx_word' id='word_1_740' title='bbox 1800 4694 1938 4763; x_wconf 78' lang='grc' dir='ltr'>ἀπο-</span> 
     </span>
    </p>
   </div>
   <div class='ocr_carea' id='block_1_98' title="bbox 363 4759 1935 4853">
    <p class='ocr_par' dir='ltr' id='par_1_98' title="bbox 363 4759 1935 4853">
     <span class='ocr_line' id='line_1_98' title="bbox 363 4759 1935 4853; baseline 0.005 -24"><span class='ocrx_word' id='word_1_741' title='bbox 363 4776 571 4840; x_wconf 78' lang='grc' dir='ltr'>στόλοις</span> <span class='ocrx_word' id='word_1_742' title='bbox 613 4778 737 4832; x_wconf 81' lang='grc' dir='ltr'>τότε</span> <span class='ocrx_word' id='word_1_743' title='bbox 787 4759 1356 4852; x_wconf 66' lang='grc' dir='ltr'>πεπραγματευμένα,</span> <span class='ocrx_word' id='word_1_744' title='bbox 1401 4759 1676 4853; x_wconf 67' lang='grc' dir='ltr'>θαυμάσαι</span> <span class='ocrx_word' id='word_1_745' title='bbox 1725 4759 1935 4849; x_wconf 59' lang='grc' dir='ltr'>ἔπεστι,</span> 
     </span>
    </p>
   </div>
   <div class='ocr_carea' id='block_1_99' title="bbox 361 4868 1941 4946">
    <p class='ocr_par' dir='ltr' id='par_1_99' title="bbox 361 4868 1941 4946">
     <span class='ocr_line' id='line_1_99' title="bbox 361 4868 1941 4946; baseline 0.004 -23"><span class='ocrx_word' id='word_1_746' title='bbox 361 4868 481 4933; x_wconf 79' lang='grc' dir='ltr'><strong><em>πῶς</em></strong></span> <span class='ocrx_word' id='word_1_747' title='bbox 502 4871 575 4923; x_wconf 78' lang='grc' dir='ltr'>τὰ</span> <span class='ocrx_word' id='word_1_748' title='bbox 595 4869 747 4943; x_wconf 86' lang='grc' dir='ltr'><strong><em>παρά</em></strong></span> <span class='ocrx_word' id='word_1_749' title='bbox 767 4870 831 4942; x_wconf 79' lang='grc' dir='ltr'>τῇ</span> <span class='ocrx_word' id='word_1_750' title='bbox 856 4873 1064 4943; x_wconf 81' lang='grc' dir='ltr'>αἱρέσει</span> <span class='ocrx_word' id='word_1_751' title='bbox 1088 4872 1259 4946; x_wconf 74' lang='grc' dir='ltr'>ταύτῃ</span> <span class='ocrx_word' id='word_1_752' title='bbox 1278 4870 1342 4939; x_wconf 74' lang='grc' dir='ltr'><strong><em>ἐξ</em></strong></span> <span class='ocrx_word' id='word_1_753' title='bbox 1371 4875 1611 4939; x_wconf 79' lang='grc' dir='ltr'>ἐπινοίας</span> <span class='ocrx_word' id='word_1_754' title='bbox 1632 4875 1941 4945; x_wconf 78' lang='grc' dir='ltr'>πνεύματος</span> 
     </span>
    </p>
   </div>
   <div class='ocr_carea' id='block_1_100' title="bbox 361 4959 1939 5036">
    <p class='ocr_par' dir='ltr' id='par_1_100' title="bbox 361 4959 1939 5036">
     <span class='ocr_line' id='line_1_100' title="bbox 361 4959 1939 5036; baseline 0.005 -23"><span class='ocrx_word' id='word_1_755' title='bbox 361 4959 572 5032; x_wconf 83' lang='grc' dir='ltr'>πλάνης</span> <span class='ocrx_word' id='word_1_756' title='bbox 599 4961 958 5032; x_wconf 75' lang='grc' dir='ltr'>ὲνερτηθέντα</span> <span class='ocrx_word' id='word_1_757' title='bbox 986 4963 1077 5018; x_wconf 77' lang='grc' dir='ltr'>τὸν</span> <span class='ocrx_word' id='word_1_758' title='bbox 1109 4962 1433 5036; x_wconf 80' lang='grc' dir='ltr'>χαρακτῆρα</span> <span class='ocrx_word' id='word_1_759' title='bbox 1460 4962 1803 5021; x_wconf 75' lang='grc' dir='ltr'>ὑποδείκνυσι</span> <span class='ocrx_word' id='word_1_760' title='bbox 1830 4966 1939 5021; x_wconf 81' lang='grc' dir='ltr'>τῶν</span> 
     </span>
    </p>
   </div>
   <div class='ocr_carea' id='block_1_101' title="bbox 360 5050 1939 5130">
    <p class='ocr_par' dir='ltr' id='par_1_101' title="bbox 360 5050 1939 5130">
     <span class='ocr_line' id='line_1_101' title="bbox 360 5050 1939 5130; baseline 0.004 -26"><span class='ocrx_word' id='word_1_761' title='bbox 360 5050 451 5104; x_wconf 81' lang='grc' dir='ltr'>διά</span> <span class='ocrx_word' id='word_1_762' title='bbox 479 5051 590 5104; x_wconf 66' lang='grc' dir='ltr'>τῶν</span> <span class='ocrx_word' id='word_1_763' title='bbox 622 5052 886 5124; x_wconf 76' lang='grc' dir='ltr'>αἱρέσεων</span> <span class='ocrx_word' id='word_1_764' title='bbox 916 5054 1120 5108; x_wconf 78' lang='grc' dir='ltr'>τούτων</span> <span class='ocrx_word' id='word_1_765' title='bbox 1154 5055 1212 5109; x_wconf 76' lang='grc' dir='ltr'>ὲν</span> <span class='ocrx_word' id='word_1_766' title='bbox 1244 5057 1358 5120; x_wconf 84' lang='grc' dir='ltr'>τοῖς</span> <span class='ocrx_word' id='word_1_767' title='bbox 1386 5056 1705 5122; x_wconf 76' lang='grc' dir='ltr'>ἀποστόλοις</span> <span class='ocrx_word' id='word_1_768' title='bbox 1730 5055 1830 5130; x_wconf 72' lang='grc' dir='ltr'>τὴν</span> <span class='ocrx_word' id='word_1_769' title='bbox 1855 5057 1939 5111; x_wconf 85' lang='grc' dir='ltr'>κί-</span> 
     </span>
    </p>
   </div>
   <div class='ocr_carea' id='block_1_102' title="bbox 361 5130 1941 5218">
    <p class='ocr_par' dir='ltr' id='par_1_102' title="bbox 361 5130 1941 5218">
     <span class='ocr_line' id='line_1_102' title="bbox 361 5130 1941 5218; baseline 0.006 -26"><span class='ocrx_word' id='word_1_770' title='bbox 361 5154 520 5209; x_wconf 83' lang='grc' dir='ltr'>νησιν</span> <span class='ocrx_word' id='word_1_771' title='bbox 562 5130 1387 5214; x_wconf 47' lang='grc' dir='ltr'>ἐργασαμένωνηἎποπάντων</span> <span class='ocrx_word' id='word_1_772' title='bbox 1428 5146 1537 5218; x_wconf 83' lang='grc' dir='ltr'>γὰρ</span> <span class='ocrx_word' id='word_1_773' title='bbox 1580 5145 1805 5212; x_wconf 83' lang='grc' dir='ltr'>τούτων,</span> <span class='ocrx_word' id='word_1_774' title='bbox 1842 5148 1941 5201; x_wconf 74' lang='grc' dir='ltr'>’καὶ</span> 
     </span>
    </p>
   </div>
   <div class='ocr_carea' id='block_1_103' title="bbox 362 5229 1935 5308">
    <p class='ocr_par' dir='ltr' id='par_1_103' title="bbox 362 5229 1935 5308">
     <span class='ocr_line' id='line_1_103' title="bbox 362 5229 1935 5308; baseline 0.006 -26"><span class='ocrx_word' id='word_1_775' title='bbox 362 5230 444 5293; x_wconf 83' lang='grc' dir='ltr'><strong><em>εις</em></strong></span> <span class='ocrx_word' id='word_1_776' title='bbox 485 5229 949 5299; x_wconf 74' lang='grc' dir='ltr'>ψευϐαποστόλους</span> <span class='ocrx_word' id='word_1_777' title='bbox 994 5235 1342 5306; x_wconf 77' lang='grc' dir='ltr'>τραπέντων,</span> <span class='ocrx_word' id='word_1_778' title='bbox 1393 5237 1489 5290; x_wconf 78' lang='grc' dir='ltr'><strong><em>καὶ</em></strong></span> <span class='ocrx_word' id='word_1_779' title='bbox 1530 5236 1724 5302; x_wconf 74' lang='grc' dir='ltr'>ἄλλους</span> <span class='ocrx_word' id='word_1_780' title='bbox 1772 5235 1935 5308; x_wconf 77' lang='grc' dir='ltr'>ψευδ-</span> 
     </span>
    </p>
   </div>
   <div class='ocr_carea' id='block_1_104' title="bbox 358 5320 1932 5401">
    <p class='ocr_par' dir='ltr' id='par_1_104' title="bbox 358 5320 1932 5401">
     <span class='ocr_line' id='line_1_104' title="bbox 358 5320 1932 5401; baseline 0.005 -28"><span class='ocrx_word' id='word_1_781' title='bbox 358 5320 692 5385; x_wconf 85' lang='grc' dir='ltr'>αποστόλους</span> <span class='ocrx_word' id='word_1_782' title='bbox 728 5324 1182 5388; x_wconf 83' lang='grc' dir='ltr'>ἀποστειλάντων,</span> <span class='ocrx_word' id='word_1_783' title='bbox 1228 5325 1303 5390; x_wconf 87' lang='grc' dir='ltr'>ὡς</span> <span class='ocrx_word' id='word_1_784' title='bbox 1336 5327 1428 5379; x_wconf 70' lang='grc' dir='ltr'>καὶ</span> <span class='ocrx_word' id='word_1_785' title='bbox 1464 5327 1563 5398; x_wconf 70' lang='grc' dir='ltr'><strong><em>ἤδη</em></strong></span> <span class='ocrx_word' id='word_1_786' title='bbox 1591 5327 1932 5401; x_wconf 87' lang='grc' dir='ltr'>προείρηται,</span> 
     </span>
    </p>
   </div>
   <div class='ocr_carea' id='block_1_105' title="bbox 358 5410 1932 5490">
    <p class='ocr_par' dir='ltr' id='par_1_105' title="bbox 358 5410 1932 5490">
     <span class='ocr_line' id='line_1_105' title="bbox 358 5410 1932 5490; baseline 0.008 -27"><span class='ocrx_word' id='word_1_787' title='bbox 358 5410 443 5475; x_wconf 82' lang='grc' dir='ltr'><strong><em>εἰς</em></strong></span> <span class='ocrx_word' id='word_1_788' title='bbox 472 5411 571 5483; x_wconf 85' lang='grc' dir='ltr'>τὴν</span> <span class='ocrx_word' id='word_1_789' title='bbox 611 5415 936 5486; x_wconf 77' lang='grc' dir='ltr'>Ἀντιόχειαν</span> <span class='ocrx_word' id='word_1_790' title='bbox 972 5419 1030 5471; x_wconf 82' lang='grc' dir='ltr'>ὲν</span> <span class='ocrx_word' id='word_1_791' title='bbox 1061 5419 1226 5490; x_wconf 81' lang='grc' dir='ltr'>ἀρχῇ,</span> <span class='ocrx_word' id='word_1_792' title='bbox 1256 5419 1350 5471; x_wconf 73' lang='grc' dir='ltr'><strong><em>καὶ</em></strong></span> <span class='ocrx_word' id='word_1_793' title='bbox 1381 5419 1461 5483; x_wconf 87' lang='grc' dir='ltr'><strong><em>είς</em></strong></span> <span class='ocrx_word' id='word_1_794' title='bbox 1497 5419 1687 5485; x_wconf 83' lang='grc' dir='ltr'>ἄλλους</span> <span class='ocrx_word' id='word_1_795' title='bbox 1713 5422 1932 5486; x_wconf 82' lang='grc' dir='ltr'>τόπους,</span> 
     </span>
    </p>
   </div>
   <div class='ocr_carea' id='block_1_106' title="bbox 358 5501 1937 5583">
    <p class='ocr_par' dir='ltr' id='par_1_106' title="bbox 358 5501 1937 5583">
     <span class='ocr_line' id='line_1_106' title="bbox 358 5501 1937 5583; baseline 0.006 -26"><span class='ocrx_word' id='word_1_796' title='bbox 358 5501 638 5573; x_wconf 76' lang='grc' dir='ltr'>λέγοντας,</span> <span class='ocrx_word' id='word_1_797' title='bbox 662 5508 767 5573; x_wconf 85' lang='grc' dir='ltr'>ὅτι,</span> <span class='ocrx_word' id='word_1_798' title='bbox 810 5509 950 5564; x_wconf 86' lang='grc' dir='ltr'><strong><em>Ἐὰν</em></strong></span> <span class='ocrx_word' id='word_1_799' title='bbox 987 5509 1075 5581; x_wconf 83' lang='grc' dir='ltr'><strong><em>μὴ</em></strong></span> <span class='ocrx_word' id='word_1_800' title='bbox 1121 5511 1537 5583; x_wconf 79' lang='grc' dir='ltr'>περιτμηθῆτε,</span> <span class='ocrx_word' id='word_1_801' title='bbox 1598 5512 1699 5568; x_wconf 79' lang='grc' dir='ltr'>καὶ</span> <span class='ocrx_word' id='word_1_802' title='bbox 1739 5513 1937 5583; x_wconf 63' lang='lat' dir='ltr'><strong><em>semici-</em></strong></span> 
     </span>
    </p>
   </div>
   <div class='ocr_carea' id='block_1_107' title="bbox 2046 4512 3618 4586">
    <p class='ocr_par' dir='ltr' id='par_1_107' title="bbox 2046 4512 3618 4586">
     <span class='ocr_line' id='line_1_107' title="bbox 2046 4512 3618 4586; baseline -0.001 -19"><span class='ocrx_word' id='word_1_803' title='bbox 2046 4514 2169 4569; x_wconf 87' lang='lat' dir='ltr'><strong><em>aliis</em></strong></span> <span class='ocrx_word' id='word_1_804' title='bbox 2228 4516 2511 4584; x_wconf 88' lang='lat' dir='ltr'><strong><em>apostolis,</em></strong></span> <span class='ocrx_word' id='word_1_805' title='bbox 2540 4524 2654 4569; x_wconf 90' lang='lat' dir='ltr'><strong><em>tum</em></strong></span> <span class='ocrx_word' id='word_1_806' title='bbox 2713 4516 2985 4586; x_wconf 82' lang='lat' dir='ltr'><strong><em>praecipue</em></strong></span> <span class='ocrx_word' id='word_1_807' title='bbox 3017 4530 3044 4566; x_wconf 88' lang='lat' dir='ltr'><strong><em>a</em></strong></span> <span class='ocrx_word' id='word_1_808' title='bbox 3085 4512 3256 4568; x_wconf 88' lang='lat' dir='ltr'><strong><em>Paulo</em></strong></span> <span class='ocrx_word' id='word_1_809' title='bbox 3284 4512 3429 4567; x_wconf 87' lang='lat' dir='ltr'><strong><em>dicta</em></strong></span> <span class='ocrx_word' id='word_1_810' title='bbox 3468 4520 3618 4577; x_wconf 83' lang='lat' dir='ltr'><strong><em>sunt,</em></strong></span> 
     </span>
    </p>
   </div>
   <div class='ocr_carea' id='block_1_108' title="bbox 2044 4601 3619 4673">
    <p class='ocr_par' dir='ltr' id='par_1_108' title="bbox 2044 4601 3619 4673">
     <span class='ocr_line' id='line_1_108' title="bbox 2044 4601 3619 4673; baseline -0.002 -16"><span class='ocrx_word' id='word_1_811' title='bbox 2044 4604 2372 4659; x_wconf 87' lang='lat' dir='ltr'><strong><em>ostenditur.</em></strong></span> <span class='ocrx_word' id='word_1_812' title='bbox 2425 4604 2502 4659; x_wconf 83' lang='lat' dir='ltr'><strong><em>Ita</em></strong></span> <span class='ocrx_word' id='word_1_813' title='bbox 2551 4605 2696 4659; x_wconf 87' lang='lat' dir='ltr'><strong><em>enim</em></strong></span> <span class='ocrx_word' id='word_1_814' title='bbox 2733 4605 2863 4659; x_wconf 88' lang='lat' dir='ltr'><strong><em>ille:</em></strong></span> <span class='ocrx_word' id='word_1_815' title='bbox 2901 4603 3104 4671; x_wconf 84' lang='lat' dir='ltr'><strong><em>Quibus</em></strong></span> <span class='ocrx_word' id='word_1_816' title='bbox 3150 4619 3311 4673; x_wconf 80' lang='lat' dir='ltr'><strong><em>neque</em></strong></span> <span class='ocrx_word' id='word_1_817' title='bbox 3344 4602 3413 4655; x_wconf 91' lang='lat' dir='ltr'><strong><em>ad</em></strong></span> <span class='ocrx_word' id='word_1_818' title='bbox 3433 4601 3619 4655; x_wconf 89' lang='lat' dir='ltr'><strong><em>horam</em></strong></span> 
     </span>
    </p>
   </div>
   <div class='ocr_carea' id='block_1_109' title="bbox 2043 4694 3618 4766">
    <p class='ocr_par' dir='ltr' id='par_1_109' title="bbox 2043 4694 3618 4766">
     <span class='ocr_line' id='line_1_109' title="bbox 2043 4694 3618 4766; baseline -0.003 -17"><span class='ocrx_word' id='word_1_819' title='bbox 2043 4696 2293 4749; x_wconf 81' lang='lat' dir='ltr'><strong><em>cessimus</em></strong></span> <span class='ocrx_word' id='word_1_820' title='bbox 2344 4694 2684 4766; x_wconf 83' lang='lat' dir='ltr'><strong><em>subjectione.</em></strong></span> <span class='ocrx_word' id='word_1_821' title='bbox 2741 4694 2896 4761; x_wconf 87' lang='lat' dir='ltr'><strong><em>Quod</em></strong></span> <span class='ocrx_word' id='word_1_822' title='bbox 2953 4696 2997 4751; x_wconf 90' lang='lat' dir='ltr'><strong><em>si</em></strong></span> <span class='ocrx_word' id='word_1_823' title='bbox 3061 4695 3184 4764; x_wconf 89' lang='lat' dir='ltr'><strong><em>quis</em></strong></span> <span class='ocrx_word' id='word_1_824' title='bbox 3227 4708 3288 4748; x_wconf 86' lang='lat' dir='ltr'><strong><em>ea</em></strong></span> <span class='ocrx_word' id='word_1_825' title='bbox 3335 4706 3457 4762; x_wconf 63' lang='lat' dir='ltr'><strong><em>quae</em></strong></span> <span class='ocrx_word' id='word_1_826' title='bbox 3501 4701 3618 4745; x_wconf 86' lang='lat' dir='ltr'><strong><em>tum</em></strong></span> 
     </span>
    </p>
   </div>
   <div class='ocr_carea' id='block_1_110' title="bbox 2043 4782 3614 4858">
    <p class='ocr_par' dir='ltr' id='par_1_110' title="bbox 2043 4782 3614 4858">
     <span class='ocr_line' id='line_1_110' title="bbox 2043 4782 3614 4858; baseline -0.004 -17"><span class='ocrx_word' id='word_1_827' title='bbox 2043 4787 2111 4841; x_wconf 85' lang='lat' dir='ltr'><strong><em>ab</em></strong></span> <span class='ocrx_word' id='word_1_828' title='bbox 2159 4786 2421 4856; x_wconf 81' lang='lat' dir='ltr'><strong><em>apostolis</em></strong></span> <span class='ocrx_word' id='word_1_829' title='bbox 2477 4796 2628 4858; x_wconf 83' lang='lat' dir='ltr'><strong><em>gesta</em></strong></span> <span class='ocrx_word' id='word_1_830' title='bbox 2682 4794 2811 4841; x_wconf 89' lang='lat' dir='ltr'><strong><em>sunt</em></strong></span> <span class='ocrx_word' id='word_1_831' title='bbox 2871 4784 3305 4839; x_wconf 85' lang='lat' dir='ltr'><strong><em>animadvertere</em></strong></span> <span class='ocrx_word' id='word_1_832' title='bbox 3358 4782 3614 4844; x_wconf 74' lang='lat' dir='ltr'><strong><em>Voluerit,</em></strong></span> 
     </span>
    </p>
   </div>
   <div class='ocr_carea' id='block_1_111' title="bbox 2040 4869 3614 4945">
    <p class='ocr_par' dir='ltr' id='par_1_111' title="bbox 2040 4869 3614 4945">
     <span class='ocr_line' id='line_1_111' title="bbox 2040 4869 3614 4945; baseline -0.004 -16"><span class='ocrx_word' id='word_1_833' title='bbox 2040 4875 2169 4930; x_wconf 86' lang='lat' dir='ltr'><strong><em>huic</em></strong></span> <span class='ocrx_word' id='word_1_834' title='bbox 2203 4875 2459 4929; x_wconf 83' lang='lat' dir='ltr'><strong><em>admirari</em></strong></span> <span class='ocrx_word' id='word_1_835' title='bbox 2490 4877 2812 4945; x_wconf 85' lang='lat' dir='ltr'><strong><em>cumprimis</em></strong></span> <span class='ocrx_word' id='word_1_836' title='bbox 2839 4881 3111 4937; x_wconf 86' lang='lat' dir='ltr'><strong><em>occurret,</em></strong></span> <span class='ocrx_word' id='word_1_837' title='bbox 3155 4869 3614 4940; x_wconf 87' lang='lat' dir='ltr'><strong><em>quemadmodum</em></strong></span> 
     </span>
    </p>
   </div>
   <div class='ocr_carea' id='block_1_112' title="bbox 2038 4950 3615 5035">
    <p class='ocr_par' dir='ltr' id='par_1_112' title="bbox 2038 4950 3615 5035">
     <span class='ocr_line' id='line_1_112' title="bbox 2038 4950 3615 5035; baseline -0.005 -16"><span class='ocrx_word' id='word_1_838' title='bbox 2038 4980 2160 5035; x_wconf 70' lang='lat' dir='ltr'><strong><em>qua:</em></strong></span> <span class='ocrx_word' id='word_1_839' title='bbox 2180 4973 2294 5018; x_wconf 88' lang='lat' dir='ltr'><strong><em>tum</em></strong></span> <span class='ocrx_word' id='word_1_840' title='bbox 2321 4962 2389 5017; x_wconf 90' lang='lat' dir='ltr'><strong><em>ab</em></strong></span> <span class='ocrx_word' id='word_1_841' title='bbox 2421 4966 2519 5018; x_wconf 86' lang='lat' dir='ltr'><strong><em>hac</em></strong></span> <span class='ocrx_word' id='word_1_842' title='bbox 2552 4950 3046 5018; x_wconf 31' lang='lat' dir='ltr'><strong><em>haeresi‘mendacis</em></strong></span> <span class='ocrx_word' id='word_1_843' title='bbox 3092 4959 3357 5014; x_wconf 87' lang='lat' dir='ltr'><strong><em>instinctu</em></strong></span> <span class='ocrx_word' id='word_1_844' title='bbox 3386 4956 3615 5027; x_wconf 83' lang='lat' dir='ltr'><strong><em>spiritus</em></strong></span> 
     </span>
    </p>
   </div>
   <div class='ocr_carea' id='block_1_113' title="bbox 2040 5049 3613 5125">
    <p class='ocr_par' dir='ltr' id='par_1_113' title="bbox 2040 5049 3613 5125">
     <span class='ocr_line' id='line_1_113' title="bbox 2040 5049 3613 5125; baseline -0.006 -15"><span class='ocrx_word' id='word_1_845' title='bbox 2040 5057 2416 5112; x_wconf 82' lang='lat' dir='ltr'><strong><em>administrata</em></strong></span> <span class='ocrx_word' id='word_1_846' title='bbox 2434 5054 2849 5125; x_wconf 79' lang='lat' dir='ltr'><strong><em>sunt;&#39;pr0pri:ts</em></strong></span> <span class='ocrx_word' id='word_1_847' title='bbox 2874 5052 3090 5108; x_wconf 86' lang='lat' dir='ltr'><strong><em>illorum</em></strong></span> <span class='ocrx_word' id='word_1_848' title='bbox 3111 5061 3269 5106; x_wconf 81' lang='lat' dir='ltr'><strong><em>notas</em></strong></span> <span class='ocrx_word' id='word_1_849' title='bbox 3283 5049 3613 5119; x_wconf 67' lang='lat' dir='ltr'><strong><em>esprimant,</em></strong></span> 
     </span>
    </p>
   </div>
   <div class='ocr_carea' id='block_1_114' title="bbox 2040 5139 3614 5218">
    <p class='ocr_par' dir='ltr' id='par_1_114' title="bbox 2040 5139 3614 5218">
     <span class='ocr_line' id='line_1_114' title="bbox 2040 5139 3614 5218; baseline -0.004 -18"><span class='ocrx_word' id='word_1_850' title='bbox 2040 5146 2131 5218; x_wconf 90' lang='lat' dir='ltr'><strong><em>qui</em></strong></span> <span class='ocrx_word' id='word_1_851' title='bbox 2162 5160 2257 5217; x_wconf 84' lang='lat' dir='ltr'><strong><em>per</em></strong></span> <span class='ocrx_word' id='word_1_852' title='bbox 2290 5144 2597 5200; x_wconf 85' lang='lat' dir='ltr'><strong><em>istiusmodi</em></strong></span> <span class='ocrx_word' id='word_1_853' title='bbox 2622 5146 2857 5200; x_wconf 70' lang='lat' dir='ltr'><strong><em>htereses</em></strong></span> <span class='ocrx_word' id='word_1_854' title='bbox 2890 5152 3072 5198; x_wconf 89' lang='lat' dir='ltr'><strong><em>motus</em></strong></span> <span class='ocrx_word' id='word_1_855' title='bbox 3111 5142 3233 5196; x_wconf 90' lang='lat' dir='ltr'><strong><em>illos</em></strong></span> <span class='ocrx_word' id='word_1_856' title='bbox 3265 5140 3320 5194; x_wconf 91' lang='lat' dir='ltr'><strong><em>in</em></strong></span> <span class='ocrx_word' id='word_1_857' title='bbox 3351 5139 3614 5210; x_wconf 85' lang='lat' dir='ltr'><strong><em>apostolis</em></strong></span> 
     </span>
    </p>
   </div>
   <div class='ocr_carea' id='block_1_115' title="bbox 2040 5229 3614 5304">
    <p class='ocr_par' dir='ltr' id='par_1_115' title="bbox 2040 5229 3614 5304">
     <span class='ocr_line' id='line_1_115' title="bbox 2040 5229 3614 5304; baseline -0.006 -10"><span class='ocrx_word' id='word_1_858' title='bbox 2040 5239 2389 5294; x_wconf 87' lang='lat' dir='ltr'><strong><em>concitarunt</em></strong></span> <span class='ocrx_word' id='word_1_859' title='bbox 2420 5255 2433 5291; x_wconf 88' lang='lat'><strong>:</strong></span> <span class='ocrx_word' id='word_1_860' title='bbox 2460 5252 2585 5291; x_wconf 90' lang='lat' dir='ltr'><strong><em>nam</em></strong></span> <span class='ocrx_word' id='word_1_861' title='bbox 2618 5249 2744 5291; x_wconf 89' lang='lat' dir='ltr'><strong><em>cum</em></strong></span> <span class='ocrx_word' id='word_1_862' title='bbox 2772 5232 2862 5290; x_wconf 88' lang='lat' dir='ltr'><strong><em>isti</em></strong></span> <span class='ocrx_word' id='word_1_863' title='bbox 2892 5250 2920 5287; x_wconf 89' lang='lat' dir='ltr'><strong><em>a</em></strong></span> <span class='ocrx_word' id='word_1_864' title='bbox 2965 5233 3089 5289; x_wconf 81' lang='lat' dir='ltr'><strong><em>ﬁdei</em></strong></span> <span class='ocrx_word' id='word_1_865' title='bbox 3133 5231 3443 5304; x_wconf 84' lang='lat' dir='ltr'><strong><em>integritate</em></strong></span> <span class='ocrx_word' id='word_1_866' title='bbox 3465 5229 3614 5285; x_wconf 82' lang='lat' dir='ltr'><strong><em>defe-</em></strong></span> 
     </span>
    </p>
   </div>
   <div class='ocr_carea' id='block_1_116' title="bbox 2040 5322 3614 5399">
    <p class='ocr_par' dir='ltr' id='par_1_116' title="bbox 2040 5322 3614 5399">
     <span class='ocr_line' id='line_1_116' title="bbox 2040 5322 3614 5399; baseline -0.007 -10"><span class='ocrx_word' id='word_1_867' title='bbox 2040 5334 2264 5398; x_wconf 90' lang='lat' dir='ltr'><strong><em>cissent,</em></strong></span> <span class='ocrx_word' id='word_1_868' title='bbox 2290 5340 2343 5386; x_wconf 88' lang='lat' dir='ltr'><strong><em>et</em></strong></span> <span class='ocrx_word' id='word_1_869' title='bbox 2370 5332 2422 5386; x_wconf 89' lang='lat' dir='ltr'><strong><em>in</em></strong></span> <span class='ocrx_word' id='word_1_870' title='bbox 2445 5330 2612 5385; x_wconf 83' lang='lat' dir='ltr'><strong><em>falsos</em></strong></span> <span class='ocrx_word' id='word_1_871' title='bbox 2633 5329 2912 5399; x_wconf 88' lang='lat' dir='ltr'><strong><em>apostolos</em></strong></span> <span class='ocrx_word' id='word_1_872' title='bbox 2940 5334 3126 5385; x_wconf 83' lang='lat' dir='ltr'><strong><em>essent</em></strong></span> <span class='ocrx_word' id='word_1_873' title='bbox 3149 5324 3420 5391; x_wconf 84' lang='lat' dir='ltr'><strong><em>conversi,</em></strong></span> <span class='ocrx_word' id='word_1_874' title='bbox 3447 5322 3614 5378; x_wconf 85' lang='lat' dir='ltr'><strong><em>alios-</em></strong></span> 
     </span>
    </p>
   </div>
   <div class='ocr_carea' id='block_1_117' title="bbox 2041 5413 3609 5492">
    <p class='ocr_par' dir='ltr' id='par_1_117' title="bbox 2041 5413 3609 5492">
     <span class='ocr_line' id='line_1_117' title="bbox 2041 5413 3609 5492; baseline -0.006 -16"><span class='ocrx_word' id='word_1_875' title='bbox 2041 5438 2148 5492; x_wconf 89' lang='lat' dir='ltr'><strong><em>que</em></strong></span> <span class='ocrx_word' id='word_1_876' title='bbox 2185 5419 2409 5492; x_wconf 88' lang='lat' dir='ltr'><strong><em>perinde</em></strong></span> <span class='ocrx_word' id='word_1_877' title='bbox 2460 5419 2627 5476; x_wconf 82' lang='lat' dir='ltr'><strong><em>ialsos</em></strong></span> <span class='ocrx_word' id='word_1_878' title='bbox 2661 5420 2939 5490; x_wconf 84' lang='lat' dir='ltr'><strong><em>apostolos</em></strong></span> <span class='ocrx_word' id='word_1_879' title='bbox 2984 5420 3283 5481; x_wconf 84' lang='lat' dir='ltr'><strong><em>misissent,</em></strong></span> <span class='ocrx_word' id='word_1_880' title='bbox 3333 5414 3427 5487; x_wconf 80' lang='lat' dir='ltr'><strong><em>qui</em></strong></span> <span class='ocrx_word' id='word_1_881' title='bbox 3457 5413 3609 5468; x_wconf 64' lang='lat' dir='ltr'><strong><em>dicev</em></strong></span> 
     </span>
    </p>
   </div>
   <div class='ocr_carea' id='block_1_118' title="bbox 2043 5505 3614 5584">
    <p class='ocr_par' dir='ltr' id='par_1_118' title="bbox 2043 5505 3614 5584">
     <span class='ocr_line' id='line_1_118' title="bbox 2043 5505 3614 5584; baseline -0.006 -16"><span class='ocrx_word' id='word_1_882' title='bbox 2043 5522 2166 5569; x_wconf 88' lang='lat' dir='ltr'><strong><em>rent</em></strong></span> <span class='ocrx_word' id='word_1_883' title='bbox 2210 5511 2379 5568; x_wconf 85' lang='lat' dir='ltr'><strong><em>:Nisi</em></strong></span> <span class='ocrx_word' id='word_1_884' title='bbox 2419 5510 2920 5584; x_wconf 86' lang='lat' dir='ltr'><strong><em>_circumcidamini,</em></strong></span> <span class='ocrx_word' id='word_1_885' title='bbox 2975 5521 3026 5567; x_wconf 92' lang='lat' dir='ltr'><strong><em>et</em></strong></span> <span class='ocrx_word' id='word_1_886' title='bbox 3082 5507 3394 5567; x_wconf 84' lang='lat' dir='ltr'><strong><em>custodiatis</em></strong></span> <span class='ocrx_word' id='word_1_887' title='bbox 3445 5505 3614 5577; x_wconf 69' lang='lat' dir='ltr'><strong><em>legem</em></strong></span> 
     </span>
    </p>
   </div>
   <div class='ocr_carea' id='block_1_119' title="bbox 433 5679 1946 5758">
    <p class='ocr_par' dir='ltr' id='par_1_119' title="bbox 433 5679 1946 5755">
     <span class='ocr_line' id='line_1_119' title="bbox 433 5679 1946 5755; baseline 0.006 -19"><span class='ocrx_word' id='word_1_888' title='bbox 433 5679 451 5713; x_wconf 80' lang='grc'><strong><em>⁸</em></strong></span> <span class='ocrx_word' id='word_1_889' title='bbox 494 5681 612 5736; x_wconf 79' lang='lat' dir='ltr'><strong><em>Act.</em></strong></span> <span class='ocrx_word' id='word_1_890' title='bbox 657 5698 732 5750; x_wconf 73' lang='lat' dir='ltr'><strong><em>sl,</em></strong></span> <span class='ocrx_word' id='word_1_891' title='bbox 775 5684 924 5741; x_wconf 73' lang='lat'><strong><em>5-12.</em></strong></span> <span class='ocrx_word' id='word_1_892' title='bbox 1001 5690 1021 5721; x_wconf 80' lang='grc'>³</span> <span class='ocrx_word' id='word_1_893' title='bbox 1052 5685 1173 5744; x_wconf 80' lang='lat' dir='ltr'><strong><em>Act.</em></strong></span> <span class='ocrx_word' id='word_1_894' title='bbox 1208 5705 1261 5754; x_wconf 82' lang='lat' dir='ltr'><strong><em>x,</em></strong></span> <span class='ocrx_word' id='word_1_895' title='bbox 1291 5688 1378 5743; x_wconf 75' lang='grc'><strong><em>47.</em></strong></span> <span class='ocrx_word' id='word_1_896' title='bbox 1455 5689 1474 5721; x_wconf 88' lang='grc'><em>³</em></span> <span class='ocrx_word' id='word_1_897' title='bbox 1501 5690 1618 5743; x_wconf 83' lang='grc' dir='ltr'>Αει.</span> <span class='ocrx_word' id='word_1_898' title='bbox 1657 5705 1728 5755; x_wconf 76' lang='grc' dir='ltr'>χι,</span> <span class='ocrx_word' id='word_1_899' title='bbox 1757 5691 1809 5744; x_wconf 81' lang='grc'>5.</span> <span class='ocrx_word' id='word_1_900' title='bbox 1886 5688 1946 5737; x_wconf 67' lang='grc' dir='ltr'>δι</span> 
     </span>
    </p>
   </div>
   <div class='ocr_carea' id='block_1_120' title="bbox 2049 5679 2861 5758">
    <p class='ocr_par' dir='ltr' id='par_1_120' title="bbox 2049 5689 2861 5758">
     <span class='ocr_line' id='line_1_120' title="bbox 2049 5689 2861 5758; baseline 0 -14"><span class='ocrx_word' id='word_1_901' title='bbox 2049 5698 2113 5746; x_wconf 75' lang='grc' dir='ltr'>ιιι,</span> <span class='ocrx_word' id='word_1_902' title='bbox 2151 5704 2208 5758; x_wconf 85' lang='lat' dir='ltr'><strong><em>ll,</em></strong></span> <span class='ocrx_word' id='word_1_903' title='bbox 2246 5690 2362 5746; x_wconf 80' lang='grc'><strong><em>5-5.</em></strong></span> <span class='ocrx_word' id='word_1_904' title='bbox 2442 5689 2463 5722; x_wconf 88' lang='grc'><strong><em>³</em></strong></span> <span class='ocrx_word' id='word_1_905' title='bbox 2498 5689 2676 5748; x_wconf 82' lang='lat' dir='ltr'><strong><em>Galal.</em></strong></span> <span class='ocrx_word' id='word_1_906' title='bbox 2724 5708 2778 5757; x_wconf 85' lang='lat' dir='ltr'><strong><em>v,</em></strong></span> <span class='ocrx_word' id='word_1_907' title='bbox 2806 5690 2861 5744; x_wconf 78' lang='grc'>2.</span> 
     </span>
    </p>
   </div>
  </div>
