4004 6162
366 270 487 335 383.

1781 277 1838 334 S.
1880 273 2220 330 EPIPHANII

3527 265 3638 324 384

375 391 573 464 Moysi,
598 409 702 448 non
730 380 951 462 polestis
979 392 1236 458 salvari‘,
1271 391 1464 463 ingens
1496 392 1620 450 inde
1647 393 1786 449 facta
1804 409 1953 449 com—

2082 397 2198 460 ἴητε
2231 392 2338 445 τὸν
2371 393 2557 460 νόμον
2594 387 2909 453 Μωῦσέως,
2940 387 3012 440 οὐ
3042 385 3307 439 δύνασθε
3341 384 3636 453 σωθῆναι·

375 486 546 539 motio
583 492 688 548 est,
722 494 780 538 ut
830 492 959 539 ante
987 485 1252 539 diximus.
1298 486 1476 556 Atque
1533 485 1611 540 illi
1663 487 1766 556 ipsi
1822 494 1953 543 sunt

2064 484 2163 550 οὐχ
2187 486 2219 554 ἡ
2248 481 2488 552 τυχοῦσα
2511 480 2629 534 τότε
2665 477 2876 550 ταραχὴ
2921 477 3160 544 ἐγένετο,
3183 474 3260 538 ὼς
3289 475 3634 546 προείρηται.

375 589 515 642 quos
553 574 755 629 Paulus
792 573 958 629 falsos
990 576 1268 643 apostolos
1300 583 1480 640 vocat,
1508 576 1792 646 operarios
1824 576 1956 631 sub-

2082 575 2166 627 [αὶ
2188 567 2332 627 οῦτοί
2377 574 2512 625 εἰσιν
2554 573 2602 624 οἰ
2652 569 2804 640 παρὰ
2840 567 2918 638 τῷ
2955 566 3152 636 Παύλῳ
3180 565 3461 638 εἰρημένοι
3484 565 3642 634 ψευδ-

375 665 554 729 dolos,
586 664 1047 721 transformantes
1073 682 1131 721 se
1154 667 1209 720 in
1241 668 1519 737 apostolos
1558 668 1764 723 Christi
1804 669 1848 724 ’.

450 836 518 892 ν.
560 837 796 892 Matthaai
831 840 976 894 enim
1018 840 1311 911 Evangelio
1351 856 1460 895 non
1490 841 1722 913 integro,
1767 840 1862 896 sed
1891 857 1956 896 ex

381 942 537 1000 parte
575 931 843 984 duntaxat
877 940 1126 997 utuntur,
1159 932 1419 986 nimirum
1453 942 1672 1002 propter
1715 933 1962 1002 genealo-

381 1024 548 1092 giam,
585 1038 708 1091 quae
757 1023 876 1092 ejus
919 1031 1003 1078 est
1047 1024 1230 1077 carnis
1263 1024 1504 1094 propria,
1548 1023 1695 1094 quod
1743 1023 1960 1092 quidem

385 1111 660 1184 Evangelii
717 1115 1084 1170 testimonium
1129 1114 1381 1178 all‘erunt,
1435 1123 1597 1184 atque
1645 1115 1718 1168 ita
1765 1113 1962 1183 praedi-

385 1213 533 1257 cant.
567 1203 766 1274 Suﬂicit
796 1205 1076 1273 discipulo,
1112 1206 1159 1259 si
1207 1207 1275 1258 sit
1318 1206 1455 1259 sicut
1497 1208 1746 1274 magister
1781 1209 1893 1275 ejus
1919 1206 1960 1259 ³.

387 1295 528 1360 Quid
580 1296 765 1365 igitur,
819 1297 1113 1365 inquiunt?
1167 1297 1537 1352 Circumcisus
1576 1305 1660 1352 est
1687 1296 1880 1352 Jesus:
1907 1306 1964 1351 tu

387 1399 604 1454 quoque
653 1387 769 1454 ipse
791 1381 1214 1442 "circumcidere.
1247 1387 1502 1442 Christus
1547 1403 1611 1442 ex
1657 1389 1791 1458 legis
1826 1404 1965 1458 prae-

388 1476 598 1544 scripto
626 1477 792 1531 vitam
817 1478 1054 1532 instituit
1079 1496 1093 1531 :
1119 1487 1175 1532 tu
1205 1479 1371 1550 igitur
1397 1477 1585 1533 eadem
1619 1479 1806 1533 facito.
1830 1479 1968 1534 Hinc

389 1568 636 1620 nonnulli
668 1568 748 1622 sic
787 1569 856 1623 ab
877 1571 986 1624 illis
1010 1577 1269 1640 tanquam
1307 1571 1592 1625 venenatis
1623 1571 1969 1641 serpentibus

388 1655 602 1724 abrepti
635 1657 1030 1712 verisimilibus
1059 1657 1274 1711 illorum
1308 1658 1614 1711 rationibus
1659 1657 1972 1712 assentiun-

2056 665 2362 725 απόστολοι,
2409 663 2636 733 ἐργάται
2678 661 2872 724 δόλιοι,
2919 655 3517 728 μετασχηματιζόμενοι
3559 658 3641 719 εἰς

2055 753 2385 815 ἀποστόλους
2412 751 2673 823 Χριστοῦ.

2129 846 2206 897 E'.
2257 843 2512 914 Χρῶνται
2542 843 2652 914 γὰρ
2695 841 2772 912 τῷ
2809 840 2951 895 κατὰ
2997 837 3272 892 Ματθαῖον
3320 836 3646 905 Εὑαγγελίῳ

2059 935 2168 988 ἀπὸ
2205 935 2425 1006 μέρους,
2465 934 2558 987 καὶ
2613 932 2734 1002 οὐχὶ
2765 932 2872 1002 ὅλῳ
2896 949 2910 962 ·
2948 929 3084 983 ἀλλά
3123 928 3214 982 διὰ
3256 928 3355 997 τὴν
3395 927 3647 996 γενεαλο-

2061 1023 2188 1091 γίαν
2227 1023 2326 1094 τὴν
2362 1023 2645 1092 ἐνσαρκον,
2681 1021 2778 1075 καὶ⁹
2820 1020 3022 1090 ταύτην
3067 1017 3372 1089 μαρτυρίαν
3416 1015 3644 1086 φέρουσι

2063 1113 2170 1166 ἀπὸ
2213 1111 2307 1164 τοῦ
2351 1111 2705 1180 Εύαγγελίου,
2740 1110 2900 1163 πάλιν
2929 1110 3200 1176 λέγοντες,
3246 1108 3327 1160 ὅτι
3377 1105 3650 1174 Ἆρκετὸν

2065 1199 2144 1266 τῷ
2162 1201 2422 1271 μαθητῇ,
2453 1202 2553 1254 ἵνα
2586 1200 2824 1270 γένηται
2849 1200 2929 1264 ὼς
2955 1200 2987 1250 ὁ
3007 1195 3397 1261 διδάσκαλος.
3431 1195 3496 1246 Τί
3515 1190 3609 1246 οὖν
3628 1235 3645 1258 ,

2067 1292 2222 1360 (paci;
2247 1291 2602 1363 Περιετμήθη
2625 1292 2654 1342 ὁ
2688 1289 2912 1360 Ἰησοῦς·
2946 1286 3316 1359 περιτμήθητι
3343 1287 3437 1337 καὶ
3462 1284 3645 1346 αὑτός.

2066 1383 2298 1454 Χριστὸς
2332 1381 2472 1436 κατά
2503 1382 2684 1452 νόμον,
2720 1381 2904 1449 φασὶν,
2935 1377 3335 1439 ἐπολιτεύσατο,
3366 1375 3461 1428 καὶ
3489 1373 3650 1436 αὐτὸς

2068 1475 2136 1527 τὰ
2173 1473 2263 1527 ῐσα
2295 1474 2539 1542 ποίησον.
2578 1471 2756 1525 "092w-
2785 1470 2880 1524 καί
2913 1486 3058 1532 τινες
3082 1471 3146 1522 ἐκ
3174 1466 3402 1531 τούτων,
3441 1466 3516 1528 ὼς
3544 1465 3652 1519 ὑπὸ

2068 1566 2408 1636 δηλητηρίων
2438 1563 2907 1636 ὑφαρπαχθέντες,
2952 1560 3228 1614 πείθονται
3271 1562 3390 1620 ταῖς
3423 1558 3650 1610 πιθανο-

2071 1657 2278 1725 λογίαις
2316 1657 2406 1710 διὰ
2443 1656 2502 1709 τὸ
2540 1655 2631 1708 τὸν
2675 1655 2909 1725 Χριστὸν
2961 1650 3411 1724 περιτετμῆσθαι.
3448 1649 3550 1705 Τὸν
3592 1649 3653 1702 δέ

387 1753 502 1808 tur,
535 1759 603 1798 ex
635 1759 702 1798 eo
754 1747 989 1801 maxime
1020 1747 1166 1815 quod
1197 1755 1250 1799 et
1291 1745 1544 1802 Christus
1591 1748 1970 1802 circumcisio-

2082 1747 2283 1801 Παῦλον
2313 1746 2584 1811 άθετοῦσι,
2620 1747 2707 1800 διὰ
2736 1747 2797 1800 τὸ
2836 1747 2907 1816 μὴ
2935 1742 3219 1798 πείθεσθαι
3257 1744 3322 1812 τῇ
3354 1742 3649 1812 περιτομῇ.

390 1850 514 1889 nem
561 1837 884 1905 susceperit.
936 1837 1090 1902 Quod
1137 1837 1204 1891 ad
1248 1837 1478 1892 Paulum
1523 1840 1778 1908 pertinet,
1826 1839 1972 1893 hunc

391 1927 614 1996 penitus
642 1929 962 1997 explodunt,
997 1940 1282 2000 propterea
1314 1932 1457 2001 quod
1495 1931 1972 1986 circumcisionem

392 2017 682 2080 abdicarit,
728 2028 782 2074 et
811 2021 1063 2076 eumdem
1107 2022 1315 2076 idcirco
1345 2023 1622 2093 rejiciunt,
1654 2024 1800 2092 quod
1829 2023 1974 2079 istud

392 2109 757 2175 usurpaverit.
787 2107 1094 2179 Quicunque
1123 2110 1178 2163 in
1214 2109 1320 2178 lege
1342 2109 1718 2179 justiﬁcamini
1748 2126 1780 2162 a
1802 2109 1976 2180 gratia

389 2197 732 2263 excidistis‘;
780 2207 856 2267 et,
915 2199 977 2255 Si
1026 2201 1504 2265 circumcidamini,
1555 2201 1799 2256 Christus
1844 2200 1977 2254 nihil

391 2289 534 2342 vobis
561 2289 792 2358 proderit
811 2294 856 2345 ⁵.

468 2376 552 2431 Vl.
598 2380 677 2434 Ad
724 2381 838 2435 hare
878 2381 1175 2439 Cerinthus
1217 2384 1382 2439 homo
1423 2383 1677 2449 stolidus,
1718 2398 1784 2438 ac
1823 2382 1978 2436 stoli-

392 2468 588 2524 dorum
635 2473 917 2541 magister,
943 2473 1126 2529 dicere
1173 2475 1305 2528 nihil
1359 2484 1443 2530 est
1480 2476 1712 2539 veritus,
1752 2488 1976 2544 passum

393 2560 612 2630 quidem
659 2576 722 2614 ac
755 2563 1079 2617 cruciﬁxum
1121 2581 1244 2620 esse
1278 2565 1581 2631 Christum,
1623 2565 1864 2620 nondum
1899 2574 1980 2619 ta-

394 2662 519 2703 men
565 2664 595 2701 a
648 2651 881 2706 mortuis
928 2654 1252 2719 excitatum,
1304 2669 1368 2708 ac
1427 2661 1540 2708 tum
1592 2655 1809 2709 demum
1854 2669 1977 2708 cum

397 2738 600 2790 mortui
638 2748 924 2810 resurgent
961 2758 1152 2797 omnes
1181 2744 1556 2798 excitandum.
1593 2745 1781 2814 Itaque
1832 2745 1982 2811 ejus‘

400 2829 544 2884 modi
579 2831 792 2886 illorum
835 2841 889 2888 et
923 2834 1088 2900 dicta,
1118 2841 1174 2890 et
1216 2835 1473 2904 dogmata
1517 2837 1793 2891 cohaerere
1827 2835 1980 2890 nullo

397 2922 560 2976 modo
588 2933 844 2992 possunt.
885 2926 1238 2998 lndidemque
1261 2927 1470 2983 Paulus
1502 2928 1584 2982 sic
1633 2944 1727 2984 eos
1765 2929 1857 2998 qui
1895 2943 1984 2983 re-

399 3023 748 3068 surrecturos
776 3025 1024 3070 mortuos
1053 3015 1356 3070 diuiderent
1384 3016 1676 3085 redarguit.
1705 3016 1764 3072 Si
1786 3018 1983 3071 mortui

2088 1840 2247 1893 Ἀλλά
2270 1843 2364 1893 καὶ
2388 1839 2733 1894 ἐκϐάλλουσιν
2755 1839 2938 1902 αὑτὸν,
2969 1836 3132 1890 διὰτὸ
3153 1835 3450 1906 εἰρηκέναι·
3483 1833 3652 1886 Ὅσοι

2074 1931 2144 1984 ἐν
2167 1933 2328 2000 νόμῳ
2353 1930 2717 1993 δικαιοῦσθε,
2749 1929 2859 1998 τῆς
2887 1929 3126 1998 χάριτος
3163 1925 3511 1990 ἐξεπέσατε·
3555 1923 3654 1976 καὶ

2075 2021 2178 2084 ὅτι,
2245 2021 2386 2074 Ἐὰν
2443 2019 2895 2090 περιτέμνησθε,
2953 2017 3206 2088 Χριστὸς
3262 2014 3418 2087 ὑμᾶς
3475 2012 3661 2068 οὐδὲν

2075 2111 2398 2182 ὠφελήσει.

2151 2383 2224 2435 Z'.
2259 2373 2426 2442 Οὗτος
2454 2378 2511 2432 δὲ
2537 2379 2565 2431 ὁ
2586 2376 2856 2448 Κήρινθος
2892 2375 3117 2444 ἀνόητος
3139 2373 3234 2426 καὶ
3259 2372 3501 2440 ἀνοήτων
3516 2371 3665 2427 atad-

2082 2470 2280 2533 σκαλος
2310 2471 2508 2539 φάσκει
2538 2466 2700 2520 πάλιν
2725 2466 3024 2536 τολμήσας,
3065 2463 3301 2534 Χριστὸν
3334 2461 3664 2515 πεπονθέναι

2081 2564 2174 2617 καὶ
2205 2560 2604 2631 ἐσταυρῶσθαι,
2652 2561 2820 2629 μήπω
2852 2558 2910 2610 δέ
2951 2554 3272 2627 ἐγηγέρθαι.
3328 2553 3562 2608 Μέλλειν
3605 2553 3664 2606 δὲ

2081 2651 2424 2717 ἀνίστασθαι,
2457 2654 2583 2707 ὅταν
2615 2654 2646 2723 ἡ
2674 2649 2902 2704 καθόλου
2939 2649 3164 2718 γένηται
3195 2645 3404 2716 νεκρῶν
3427 2645 3667 2698 ἀνάστα-

2083 2763 2189 2809 σις.
2247 2743 2550 2797 Ἀσύστατα
2594 2743 2772 2795 τοίνυν
2815 2741 2991 2795 ταῦτα
3033 2739 3164 2810 παρ’
3215 2739 3445 2800 ἐκείνοις
3489 2736 3560 2789 τά
3603 2753 3665 2790 τε

2083 2838 2305 2908 ῥήματα
2338 2837 2432 2890 καὶ
2465 2836 2730 2906 νοήματα.
2767 2833 2931 2886 Ὀθεν
2962 2833 3056 2885 καὶ
3079 2834 3106 2883 ὁ
3133 2829 3346 2893 Παῦλος
3376 2828 3669 2898 ἐκπληττό-

2087 2941 2248 2994 μενος
2269 2928 2382 2987 τοῖς
2415 2925 2512 2995 μὲν
2541 2923 2833 2978 ἀπιστοῦσι
2864 2926 2930 2993 τῇ
2978 2921 3272 2976 ἀναστάσει
3310 2919 3418 2974 τῶν
3456 2919 3668 2990 νεκρῶν

2083 3019 2149 3088 τῇ
2193 3016 2458 3087 μελλούσῃ
2488 3015 2725 3080 ἔσεσθαι,
2751 3014 2916 3084 λέγει·
2959 3017 3028 3068 Ei
3053 3014 3252 3081 νεκροί
3273 3014 3383 3066 οὐκ
3405 3011 3656 3080 ἐγείρον-

398 3119 503 3155 non
538 3115 836 3174 resurgunt,
883 3122 1043 3176 neque
1081 3105 1323 3161 Christus
1368 3109 1717 3163 resurrexit'.
1749 3108 1977 3163 Eodem-

2087 3126 2201 3174 ται,
2224 3106 2367 3162 οὐδὲ
2390 3107 2644 3175 Χριστὸς
2671 3105 2999 3176 ἐγήγερται·
3033 3106 3128 3158 καὶ
3158 3105 3237 3165 τὸ,
3263 3103 3547 3172 Φάγωμεν
3570 3112 3670 3155 και

400 3209 507 3262 que
545 3197 778 3264 pertinet
823 3198 955 3250 illud
988 3218 1000 3252 :
1043 3197 1278 3253 Edamus
1305 3208 1354 3253 et
1389 3199 1647 3266 bibamus,
1683 3217 1803 3254 cras
1846 3201 1985 3254 enim

399 3287 745 3342 moriemur".
787 3287 948 3360 114
975 3288 1112 3342 Tum
1151 3290 1294 3344 istud
1329 3310 1343 3345 :
1388 3289 1568 3345 Nolite
1608 3308 1828 3347 errare:
1853 3291 1987 3348 Cor-

401 3387 649 3445 rumpunt
683 3379 843 3432 bonos
891 3397 1061 3435 mores
1100 3382 1363 3452 colloquia
1385 3385 1612 3450 prava”.
1657 3385 1736 3438 Ac
1767 3380 1986 3439 rursum

401 3483 526 3535 eos,
574 3471 666 3539 qui
713 3470 992 3527 Christum
1043 3475 1222 3530 adhuc
1276 3477 1647 3531 resurrexisse
1690 3484 1986 3548 negarent,

401 3557 508 3613 hoc
573 3560 734 3613 modo
781 3563 1102 3617 convincit:
1141 3563 1200 3617 Si
1235 3563 1478 3619 Christus
1522 3583 1624 3619 non
1675 3569 1985 3632 resurrexit,

403 3665 540 3703 vana
579 3660 657 3704 est
698 3653 1010 3720 prwdicatio
1053 3666 1270 3717 nostra;
1300 3657 1478 3710 inanis
1522 3667 1570 3709 et
1605 3658 1734 3725 ﬁdes
1779 3669 1987 3714 vestra:

401 3741 695 3794 invenimur
723 3754 900 3797 autent
939 3755 989 3797 et
1034 3745 1162 3815 falsi
1195 3755 1350 3800 testes
1386 3747 1501 3808 Dei,
1542 3749 1793 3817 quoniam
1821 3751 1990 3804 susci-

403 3835 534 3888 tavit
574 3834 861 3902 Christum,
907 3854 1058 3908 quem
1089 3855 1194 3892 non
1223 3841 1556 3895 suscitavit’.
1592 3839 1802 3906 Quibus
1845 3842 1988 3896 indi-

400 3934 518 3988 cat,
575 3924 857 3982 Christum
914 3944 946 3982 a
1009 3932 1243 3986 mortuis
1293 3933 1591 3986 excitatum
1658 3932 1988 4002 praedicasse

400 4017 622 4085 quidem
669 4021 976 4091 apostolos,
1016 4022 1284 4094 quasdam
1320 4037 1451 4077 vero
1488 4023 1728 4077 haereses
1771 4022 1990 4077 tametsi

401 4110 711 4166 surrexisse
770 4111 1049 4167 Christum
1105 4122 1457 4178 assererem,
1511 4121 1854 4167 mortuorum
1907 4121 1991 4167 ta-

402 4213 526 4252 men
565 4203 1025 4257 resurrectionem
1065 4218 1320 4273 negasse.
1372 4203 1584 4257 Etenim
1634 4205 1690 4256 in
1732 4205 1836 4258 hac
1874 4204 1990 4273 ipsa

404 4287 626 4354 regione
673 4290 834 4353 Asiae,
869 4305 1084 4344 necnon
1145 4299 1200 4344 et
1248 4291 1301 4344 in
1335 4289 1547 4344 Galatia
1591 4293 1808 4345 illorum
1843 4293 1993 4362 ejus-

2084 3199 2328 3266 πίωμεν·
2353 3198 2560 3266 αὔριον
2572 3196 2681 3266 γὰρ
2696 3196 3175 3265 ἀποθνήσκομεν
3193 3195 3286 3247 καὶ
3304 3195 3382 3260 τὸ,
3402 3197 3462 3247 Μ
3465 3194 3498 3260 ὴ
3523 3197 3674 3246 πλα-

2085 3289 2296 3345 νᾶσθε·
2319 3291 2669 3359 φθείρουσιν
2689 3289 2804 3357 ἤθη
2834 3290 3066 3358 χρηστὰ
3090 3287 3313 3355 ὁμιλίαι
3333 3284 3531 3338 κακαί·
3560 3284 3672 3336 πά-

2087 3383 2171 3438 λιν
2190 3383 2246 3437 δὲ
2277 3386 2391 3445 τοῖς
2410 3383 2630 3452 λέγουσι
2653 3382 2744 3435 τὸν
2771 3381 3003 3453 Χριστὸν
3046 3381 3270 3452 μηδέπω
3302 3377 3672 3448 ἐγηγερμένον

2088 3475 2351 3540 ὡσαύτως
2378 3476 2468 3529 τὸν
2501 3475 2721 3546 ἔλεγχον
2769 3475 3043 3544 ἐπιφέρει,
3077 3474 3268 3542 λέγων·
3316 3475 3382 3526 Εἰ
3418 3470 3676 3540 Χριστὸς

2089 3569 2200 3621 οὐκ
2242 3567 2570 3637 ἐγήγερται,
2604 3566 2860 3637 μάταιον
2897 3565 2964 3619 τὸ
3005 3563 3281 3634 κήρυγμα
3323 3561 3514 3631 ἡμῶν,
3557 3578 3674 3630 μα-

2089 3659 2226 3713 ταία
2253 3657 2350 3711 καί
2373 3660 2412 3726 ἠ
2437 3660 2640 3723 πίστις
2669 3655 2855 3727 ὑμῶν·
2883 3657 3279 3725 εὑρισκόμεθα
3303 3653 3372 3706 δὲ
3405 3652 3503 3706 καί
3522 3654 3676 3720 15-w-

2089 3750 2454 3820 δομάρτυρες
2485 3751 2592 3804 τοῦ
2625 3749 2796 3815 Θεοῦ,
2823 3749 2911 3802 ὅτι
2933 3748 3132 3817 ἤγειρε
3159 3747 3264 3800 τὸν
3288 3741 3568 3814 Χριστὸν,
3601 3743 3678 3796 ὃς·

2089 3843 2202 3896 οὐκ
2246 3842 2504 3913 ἤγειρεν·
2534 3842 2609 3906 ὡς
2642 3841 2752 3895 τῶν
2805 3843 2904 3913 μὲν
2941 3840 3254 3895 ἀποστόλων
3295 3838 3676 3910 κηρυττόντων

2090 3933 2327 4003 Χριστὸν
2378 3934 2692 4005 ἐγηγέρθαι,
2751 3934 2911 3986 τινῶν
2973 3933 3031 3985 δὲ
3085 3932 3348 4000 αἱρέσεων
3398 3928 3677 3997 λεγουσῶν

2090 4022 2326 4092 Χριστὸν
2371 4024 2467 4092 μὲν
2512 4021 2831 4094 ἐγηγέρθαι,
2872 4022 3098 4093 νεκροὺς
3141 4020 3199 4074 δὲ
3232 4019 3306 4091 μὴ
3339 4017 3675 4088 ἐγείρεσθαι.

2105 4114 2192 4166 Ἐν
2218 4113 2390 4186 ταύτῃ
2415 4114 2522 4184 γὰρ
2549 4117 2614 4186 τῇ
2657 4115 2897 4186 πατρίδι,
2929 4114 3072 4184 φημὶ
3101 4113 3157 4166 δὲ
3208 4113 3385 4184 ’Δσίᾳ,
3416 4111 3554 4165 ἀλλά
3581 4111 3678 4164 καὶ

2089 4203 2151 4254 ὲν
2174 4205 2241 4273 τῇ
2273 4203 2512 4276 Γαλατίᾳ
2537 4205 2677 4258 πάνυ
2703 4205 2920 4275 ἤκμασε
2952 4205 3013 4257 τὸ
3046 4203 3252 4258 τούτων
3280 4203 3676 4268 διδασκαλεῖον,

2093 4295 2151 4346 ἐν
2172 4291 2254 4357 οἷς
2277 4294 2371 4348 καί
2394 4313 2444 4348 τι
2479 4296 2829 4365 παραδόσεως
2855 4299 3087 4367 πρᾶγμα
3114 4291 3276 4367 ἦλθεν
3299 4297 3380 4358 εἰς
3405 4297 3576 4366 ἡμᾶς·
3599 4293 3678 4358 ὡς

405 4374 553 4428 modi
599 4377 786 4431 schola
844 4382 1165 4448 cumprimis
1210 4397 1275 4436 ac
1317 4382 1606 4452 disciplina
1668 4381 1870 4438 ﬂoruit.
1917 4383 1977 4441 De

2093 4385 2253 4439 τινῶν
2284 4386 2383 4456 μὲν
2406 4390 2535 4457 παρ’
2557 4390 2740 4452 αὐτοῖς
2765 4388 3185 4460 προφθανόντων
3208 4388 3526 4457 τελευτῆσαι
3546 4387 3678 4440 ἄνευ

405 4480 515 4534 quo
561 4466 708 4522 istud
754 4484 785 4522 a
837 4469 1142 4537 majoribus
1173 4471 1436 4526 traditum
1481 4473 1816 4542 accepimus,
1853 4491 1977 4530 non-

2099 4476 2493 4547 βαπτίσματος,
2529 4479 2722 4542 ἄλλους
2753 4480 2808 4532 δὲ
2838 4481 2954 4534 ἀντ’
2987 4479 3169 4533 αὐτῶν
3211 4481 3289 4541 εἰς
3326 4479 3497 4548 ὄνομα
3535 4476 3679 4530 ἐκεί-

405 4558 588 4612 nullos
613 4575 679 4613 ex
708 4575 775 4614 eo
801 4576 999 4631 genere
1029 4562 1168 4616 citra
1198 4563 1534 4633 baptismum
1568 4566 1900 4633 excessisse,
1925 4583 1977 4623 at

2097 4584 2204 4620 νων
2230 4567 2604 4637 βαπτίζεσθαι,
2635 4573 2775 4643 ὑπὲρ
2807 4572 2902 4624 τοῦ
2941 4571 3016 4643 μὴ
3048 4573 3105 4624 ἐν
3130 4574 3197 4642 τῇ
3227 4570 3522 4625 ἀναστάσει
3547 4568 3680 4621 ἀνα-

404 4666 506 4721 pro
537 4651 602 4707 iis
633 4653 773 4708 alios
815 4654 1149 4724 baptismum
1185 4657 1506 4711 eorumdem
1541 4659 1851 4727 suscepisse
1898 4675 1977 4713 no.

2099 4658 2326 4722 στάντας
2357 4661 2555 4724 αὐτοὺς
2579 4661 2734 4734 δίκην
2763 4661 2946 4716 δοῦναι
2973 4663 3261 4734 τιμωρίας,
3294 4661 3574 4732 βάπτισμα
3600 4661 3677 4732 μὴ

405 4744 576 4807 mine,
613 4761 682 4800 ne
710 4761 835 4801 cum
877 4757 1120 4804 extrema
1151 4749 1368 4804 demum
1397 4751 1801 4806 resurrectione
1829 4766 1977 4805 τενθ-

2096 4749 2406 4821 εἰληφότας,
2431 4752 2689 4820 ’γίνεσθαι
2735 4755 2794 4807 δὲ
2843 4755 3187 4826 ὑποχειρίους
3218 4755 3319 4824 τῆς
3349 4751 3444 4806 τοῦ
3471 4769 3678 4822 κοσμοο

405 4836 515 4889 cati
534 4837 610 4918 ad
645 4839 811 4893 vitam
858 4849 1064 4906 essent,
1106 4841 1462 4909 praetermissi
1505 4841 1762 4912 baptismi
1802 4856 1977 4911 paena:

2094 4841 2249 4896 ποιοῦ
2279 4842 2546 4910 ἐξουσίας.
2581 4846 2692 4899 Καὶ
2713 4845 2904 4899 τούτου
2933 4846 3095 4900 ἕνεκα
3124 4847 3157 4918 ή
3186 4846 3482 4916 παράδοσις
3503 4844 3614 4915 (94)
3640 4844 3675 4913 ἡ

405 4917 797 4994 ἀερέηάοηηι,
826 4938 990 4998 atque
1020 4929 1140 4998 ejus
1171 4932 1264 5000 qui
1309 4931 1572 4986 mundum
1605 4933 1854 4988 condidit
1891 4932 1977 4986 do<

2093 4933 2325 4986 ἐλθοῦσα
2363 4937 2442 4998 εἰς
2484 4937 2632 5007 ἡμᾶς
2661 4955 2793 5008 φησι
2822 4937 2915 4992 τὸν
2947 4938 3110 4992 αὐτὸν
3149 4917 3305 5007 ἅγιον
3353 4936 3678 4990 Ἀπόστολον

407 5018 693 5074 minationi
742 5023 1055 5076 subessent.
1101 5022 1271 5092 Cujus
1315 5025 1391 5078 rei
1449 5025 1622 5094 gratia
1667 5035 1977 5094 usurpatun‘

2093 5025 2394 5096 εἰρηκέναι·
2434 5029 2505 5080 Ei
2536 5029 2690 5096 ὅλως
2720 5029 2922 5098 νεκροὶ
2958 5033 3071 5085 οὐκ
3103 5031 3450 5100 ἐγείρονται,
3485 5029 3545 5082 τι
3573 5029 3676 5082 καί

408 5107 544 5162 illud
576 5111 646 5165 ab
681 5114 943 5180 Apostolo
969 5114 1157 5170 eadem
1181 5116 1250 5170 ad
1274 5131 1375 5172 nos
1403 5117 1682 5171 auditione
1717 5119 1977 5185 perlatum

2088 5116 2479 5178 βαπτίζονται
2505 5120 2657 5189 ὑπὲρ
2676 5121 2908 5187 αὑτῶν;
2937 5121 3133 5185 Καλῶς
3160 5122 3217 5175 δὲ
3249 5121 3398 5176 ἄλλοι
3423 5121 3483 5174 τὸ
3514 5122 3677 5192 ῥητὸν

404 5207 492 5253 est
523 5219 536 5254 :
572 5198 632 5254 Si
665 5205 878 5258 omnino
907 5209 1104 5262 mortui
1131 5224 1234 5263 non
1266 5219 1564 5278 resurgunt,
1595 5207 1720 5277 quid
1750 5217 1977 5278 estquod

2097 5210 2514 5282 ἑρμηνεύοντες,
2549 5215 2712 5282 φασιν
2745 5215 2827 5268 ὃτι
2873 5217 2924 5268 οἱ
2957 5214 3242 5286 μέλλοντες
3274 5213 3551 5284 τελευτᾷν,
3582 5217 3676 5270 ἐὰν

481 5359 771 5441 [ῥοιᾷ-ιν,
789 5363 880 5441 Δ1.·
985 5364 1032 5441 ll_
1059 5368 1196 5441 _Co_r_.
1223 5383 1296 5434 χι,
1331 5370 1384 5424 5.
1463 5370 1484 5401 ³
1512 5369 1701 5425 Matth.
1736 5385 1790 5432 x,
1823 5367 1915 5420 25.

2088 5371 2215 5424 alat.
2251 5390 2303 5438 v,
2333 5373 2382 5428 ι.
2461 5374 2482 5405 ⁵
2507 5374 2636 5429 ibid.
2670 5375 2726 5430 2.
2806 5377 2827 5408 ⁵
2855 5373 2875 5427 l
2905 5376 3034 5431 Cor.
3062 5392 3154 5439 xv,
3197 5373 3285 5430 16.
3371 5375 3392 5406 ⁷
3417 5373 3551 5428 ibid.
3583 5372 3668 5426 32.

406 5427 432 5460 °
455 5431 588 5486 ibid.
620 5433 710 5487 55.
757 5427 809 5464 7’
844 5434 954 5488 ibid
1009 5436 1100 5503 14,
1133 5438 1220 5491 15.

483 5584 594 5664 (9-ξ)
634 5587 743 5642 Καὶ
799 5589 1013 5643 τούτου
1055 5589 1246 5664 ἕνεκα.
1277 5594 1313 5658 ἡ
1369 5594 1719 5664 παράδοσις.
1775 5592 1985 5664 Tertul.

2096 5593 2221 5647 stoli
2257 5595 2438 5650 locum
2479 5593 2630 5650 illum
2663 5591 3019 5663 explicatzde
3049 5607 3160 5663 quo
3183 5592 3518 5663 interpretes
3539 5601 3680 5643 con-

411 5652 508 5711 lib.
546 5652 621 5709 De
657 5675 826 5713 resin.
860 5669 913 5713 et
941 5677 970 5713 ν
1000 5671 1167 5714 contr.
1191 5652 1331 5715 Mar.
1359 5668 1423 5719 ad
1442 5652 1562 5719 eum
1592 5652 1807 5717 modum
1843 5662 1984 5728 Apo-

2100 5664 2237 5718 sule.
