4018 6112
352 310 459 368 585

967 305 1334 364 ADVERSUS
1370 305 1717 363 HERESES
1754 305 1880 362 LIB.
1921 305 1962 361 l.
2005 294 2161 362 ’1⁸0ὶῖ
2208 301 2274 361 ιι.
2305 332 2357 345 -
2384 301 2658 359 HERES.
2699 300 2936 358 XXVIII.

3505 300 3614 361 586

350 423 450 484 ὦσι
481 427 904 500 κατηχούμενοι,
943 429 1039 482 ἐπὶ
1064 428 1239 499 ταύτῃ
1276 430 1342 500 τῇ
1370 428 1547 483 ἑλπίδι
1575 428 1681 498 πρὸ
1709 428 1810 498 τῆς
1842 445 1926 481 τε-

2053 426 2373 496 ναριὶεαηιιιν
2409 439 2504 491 pro
2536 420 2744 492 ipsis‘?
2788 422 2992 478 Verum
3035 423 3125 478 alii
3177 422 3466 478 commode
3509 422 3615 478 hoe

351 521 546 591 λευτῆς
573 520 804 593 λουτροῦ
832 518 1239 585 καταξιοῦνται·
1275 519 1607 584 δεικνύντες,
1644 520 1728 574 ὅτι
1767 521 1796 573 6
1837 537 1928 574 τε-

352 611 617 683 λευτήσας
651 611 746 664 καὶ
774 611 1162 682 ἀναστήσεται,
1193 609 1288 663 καὶ
1327 609 1416 662 διά
1451 607 1612 662 τοῦτο
1661 608 1934 662 ἐπιδέεται

353 703 448 773 τῆς
474 701 565 755 διὰ
589 698 686 754 τοῦ
714 699 943 775 λουτροῦ
977 700 1233 771 ἀφέσεως
1248 701 1469 771 ἀμαρτη
1480 699 1683 770 μάτων.
1715 698 1932 753 Τούτων

351 795 405 849 δὲ
432 796 482 849 oi
515 794 614 866 μὶν
638 794 731 848 τὸν
761 793 997 865 Χριστὸν
1033 792 1258 865 μηδέπω
1295 792 1594 864 ὲγηγέρθαι
1620 790 1933 863 κεκηρύχα-

350 904 455 951 σιν,
485 886 806 941 ἀνίστασθαι
843 885 901 940 δὲ
938 885 1077 958 μετά
1103 886 1344 940 πάντων⁸
1375 886 1428 939 οἱ
1455 886 1532 950 δὲ,
1569 887 1653 940 ὅτι
1681 885 1818 948 ὅλως
1846 902 1935 938 νε⁶

349 980 473 1052 κροὶ
499 981 598 1033 οὐκ
640 980 1060 1051 ἀναστήσονται.
1091 977 1184 1031 Διὸ
1219 977 1384 1048 μέσος
1413 978 1669 1049 χωρήσας
1704 979 1733 1030 6
1772 977 1935 1030 Ἀπό-

351 1070 536 1134 στολος
573 1069 711 1142 πρὸς
754 1068 1100 1141 ἀμφοτέρους
1128 1067 1354 1131 τούτους
1385 1068 1479 1121 καὶ
1505 1067 1606 1132 τὰς
1629 1066 1822 1131 λοιπὰς
1848 1066 1937 1120 αἱ·

354 1163 553 1235 ρέσεις,
583 1163 641 1215 ὲν
667 1164 734 1234 τῇ
771 1163 874 1233 μιᾷ
904 1161 1140 1234 ἐργασίᾳ
1171 1161 1273 1232 τὴν
1306 1159 1616 1232 ἀνατροπὴν
1641 1159 1936 1229 πεποίηται

350 1256 408 1309 ὲν
453 1256 520 1325 τῇ
564 1254 694 1326 περὶ
732 1253 944 1326 νεκρῶν
994 1253 1309 1318 ἀναστάσει,
1362 1253 1457 1306 καὶ
1487 1254 1546 1305 ὲν
1578 1253 1699 1315 ταῖς
1732 1267 1939 1322 μαρτυ-

353 1347 519 1418 ρίαις,
558 1342 646 1410 αῖς
676 1347 819 1401 κατά
848 1346 1156 1416 λεπτότητα
1187 1336 1421 1411 διεξιὼν,
1462 1345 1563 1417 τὴν
1589 1342 1812 1414 βεϐαίαν
1839 1342 1937 1395 σύ-

353 1453 544 1492 στασιν
573 1439 869 1506 ἐποιήσατο
898 1440 1000 1509 τῆς
1042 1436 1150 1491 τῶν
1187 1434 1397 1508 νεκρῶν
1436 1435 1813 1500 ἀναστάσεως,
1842 1432 1939 1487 καὶ

353 1530 647 1601 σωτηρίας,
698 1530 794 1582 καὶ
839 1528 1075 1593 ἐλπίδος,
1135 1528 1389 1597 φάσκων
1424 1529 1523 1582 Δεῖ
1556 1528 1624 1583 τὸ
1673 1526 1940 1598 φθαρτὸν

2029 516 2273 588 Apostoli
2298 517 2506 571 dictum
2546 517 2984 583 interpretantur
3009 515 3077 571 de
3122 514 3192 571 iis
3232 514 3328 586 qui
3375 514 3617 570 instante

2032 615 2227 675 morte,
2276 608 2324 664 si
2366 607 2588 678 quidem
2626 606 3010 661 catechumeni
3052 607 3184 671 sint,
3236 622 3303 662 ea
3352 621 3450 676 spe
3487 605 3615 661 freti

2032 713 2190 754 sacra
2220 698 2495 753 Iavatioue
2525 705 2863 768 purgantur;
2895 710 2960 751 ac
2986 703 3234 753 mortuos
3259 704 3614 753 surrecturos

2032 806 2155 848 esse
2187 791 2594 855 demonstrant,
2630 790 2702 844 ob
2743 788 2909 858 idque
2938 786 3341 844 condonatione
3371 789 3463 843 illa
3494 804 3616 846 sce-

2033 883 2230 949 lerum,
2264 897 2387 953 quae
2413 897 2511 952 per
2536 879 2871 951 baptismum
2897 879 3177 958 obtinetur
3208 879 3474 950 indigere.
3509 879 3618 935 Sed

2034 973 2253 1029 illorum
2299 973 2391 1027 alii
2442 972 2687 1027 nondum
2742 969 3026 1025 Christum
3072 970 3384 1026 surrexisse
3416 970 3617 1041 prazdi-

2033 1073 2184 1131 cant,
2214 1079 2280 1120 ac
2307 1079 2431 1120 cum
2477 1064 2693 1119 caeteris
2736 1063 2996 1118 omnibus
3037 1077 3161 1119 esse
3200 1074 3619 1126 surrecturum;

2035 1156 2129 1212 alii
2156 1165 2405 1212 mortuos
2446 1161 2797 1212 surrecturos
2829 1170 3071 1226 unquam
3100 1155 3350 1211 funditus
3396 1163 3618 1226 negant.

2034 1246 2228 1318 Itaque
2270 1248 2509 1304 medium
2540 1247 2814 1319 quoddam
2845 1248 2950 1304 iter
2993 1249 3278 1320 ingressus
3322 1248 3624 1318 Apostolus

2039 1355 2165 1395 cum
2216 1348 2489 1411 utrosque
2518 1339 2664 1405 illos,
2704 1348 2817 1394 tum
2866 1340 3108 1411 reliquas
3150 1354 3341 1397 omnes
3383 1340 3622 1396 haereses

2038 1431 2226 1487 eadem
2258 1446 2427 1503 opera
2458 1431 2752 1493 disturbat,
2789 1446 2911 1486 cum
2943 1430 3010 1485 de
3038 1438 3382 1486 mortuorum
3413 1432 3624 1487 excita-

2037 1523 2187 1579 tione
2221 1523 2487 1594 disputat,
2534 1531 2700 1595 atque
2739 1522 3023 1607 ejusmodi,
3064 1523 3394 1579 testimoniis
3425 1524 3622 1592 utitur,

350 1620 529 1674 τοῦτο
578 1620 951 1676 ἐνδύσασθαι
1003 1620 1370 1689 ἀφθαρσίαν,
1428 1619 1529 1674 καὶ
1585 1617 1652 1673 τὸ
1717 1617 1941 1686 θνητὸν

2053 1613 2243 1685 quibus
2266 1612 2583 1685 singillatim
2605 1614 2871 1684 expositis
2891 1622 3236 1668 mortuorum
3259 1616 3622 1671 resurrectio-

351 1710 530 1766 τοῦτο
556 1710 928 1767 ἐνδύσασθαι
968 1712 1324 1766 ἀθανασίαν·
1355 1690 1451 1765 καί
1483 1710 1645 1764 πάλιν
1676 1710 1781 1775 ὅτι,
1804 1713 1939 1778 Χρι-

2053 1720 2188 1772 nem,
2256 1719 2320 1759 ac
2377 1705 2611 1760 salutem
2666 1711 2721 1760 et
2765 1718 2917 1774 spem
2969 1710 3214 1759 nostram
3274 1705 3623 1763 solidissimis

350 1802 502 1869 στός
546 1803 856 1873 ἐγήγερται
887 1802 1129 1872 ἀπαρχὴ
1161 1801 1282 1856 τῶν
1320 1799 1782 1870 κεκοιμημένων,
1834 1801 1938 1854 ἵνα

2053 1796 2344 1852 rationibus
2377 1794 2686 1861 conﬁrmat,
2730 1795 2813 1849 his
2845 1794 3073 1850 verbis:
3108 1794 3327 1865 Oportet
3366 1797 3463 1851 hoc
3504 1815 3625 1852 cor-

352 1893 453 1957 τάς
513 1894 831 1966 ἀμφοτέρας
875 1894 1089 1966 σχέσεις
1125 1894 1236 1947 τῶν
1278 1893 1545 1965 αἱρέσεων
1587 1890 1833 1961 ἐλέγξας,
1874 1891 1937 1945 τὸ

2053 1888 2288 1958 ruptibile
2309 1887 2524 1942 induere
2556 1888 3022 1956 incorruptionem,
3062 1895 3113 1941 et
3143 1888 3240 1942 hoc
3276 1890 3502 1944 mortale
3542 1891 3626 1945 in-

355 1984 656 2055 ἀμόλυντον
683 1986 783 2055 τῆς
810 1985 1159 2048 διδασκαλίας
1189 1987 1451 2057 κήρυγμα
1482 1982 1543 2047 ἐξ
1572 1981 1831 2052 ἀληθείας
1859 1983 1938 2033 δι-

2053 1981 2202 2036 luere
2226 1981 2683 2036 immortalitatem
2709 1983 2766 2048 ';
2795 1996 2858 2035 ac
2882 1997 3103 2037 rursum
3136 2002 3148 2036 :
3181 1982 3423 2038 Christus
3451 1998 3629 2038 resur-

354 2075 487 2148 δὰξῃ
533 2078 659 2140 τοὺς
707 2075 1066 2147 βουλομένους
1109 2073 1311 2131 εἰδέναι
1351 2074 1452 2144 τὴν
1490 2071 1587 2127 τοῦ
1630 2071 1766 2126 Θεοῦ
1809 2070 1942 2142 ἀλή-

2053 2074 2183 2127 νειιὶι
2227 2074 2478 2142 primitiis
2515 2073 2890 2128 dormientium
2909 2074 2952 2140 ³,
3006 2082 3067 2129 ut
3116 2075 3400 2130 ambarum
3461 2074 3632 2130 haire‘

358 2165 510 2222 θειαν
542 2169 639 2223 καὶ
667 2168 985 2242 σωτηριώδη
1015 2166 1385 2222 διδασκαλίαν.

2053 2181 2200 2221 seum
2245 2166 2705 2235 respondentibus
2743 2165 2846 2220 sibi
2887 2180 2955 2220 ex
3004 2165 3237 2221 adverso
3276 2166 3629 2236 opinionibus

356 2261 637 2317 convulsis
657 2274 843 2315 veram
878 2275 943 2316 ac
971 2259 1243 2316 sinceram
1275 2258 1602 2315 Christianae
1627 2256 1752 2313 ﬁdei
1803 2256 2150 2328 disciplinam
2219 2258 2289 2313 iis
2356 2256 2617 2323 traderet,
2655 2257 2749 2327 qui
2789 2255 3033 2311 divinam
3082 2257 3370 2312 veritatem
3420 2256 3630 2313 saluta-

353 2366 582 2423 rcmque
607 2353 915 2408 doctrinam
941 2350 1145 2407 vellent
1177 2350 1478 2422 percipere.

427 2449 511 2503 H'.
547 2446 897 2519 Πανταχόθεν
942 2446 1124 2501 τοίνυν
1168 2446 1419 2519 φωρατὸς
1458 2432 1643 2519 ἂνεεῐη¹
1669 2444 1942 2519 Κήρινθος

356 2542 454 2597 καὶ
474 2543 522 2596 oi
545 2542 640 2596 ἀπ’
670 2538 833 2595 αὑτοῦ
858 2540 1252 2612 ἀπατηθέντες,
1286 2541 1335 2594 οί
1364 2539 1615 2605 τάλανες,
1641 2540 1734 2593 καὶ¹
1761 2537 1943 2602 ἄλλοις

357 2633 521 2686 αἴτιοι
541 2633 828 2701 γεγονότες
857 2631 1152 2698 ἀπωλείας,
1177 2631 1286 2688 τῶν
1309 2631 1467 2686 θείων
1486 2630 1722 2702 Γραφῶν
1753 2629 1943 2700 σαφῶς

357 2724 490 2793 ⁴ἡμῖν
509 2721 652 2776 κατά
677 2720 983 2794 λεπτότητα
1006 2722 1134 2792 περὶ
1150 2722 1368 2776 πάντων
1385 2721 1573 2791 διηγου
1582 2720 1777 2792 μένων,
1803 2718 1943 2773 Οὔτε

358 2817 467 2889 γὰρ
483 2818 545 2870 ἐκ
567 2815 882 2887 σπέρματος
916 2814 1113 2887 Ἰωσὴφ
1130 2817 1159 2869 6
1173 2815 1426 2887 Χριστός·
1448 2814 1572 2867 ἐπεὶ
1600 2813 1719 2876 πῶς
1732 2808 1820 2866 ἔτι
1846 2830 1945 2884 ση-

2123 2438 2283 2511 115
2313 2436 2426 2493 Vll.
2482 2437 2755 2504 Quocirca
2799 2436 3176 2508 deprehensus
3236 2440 3476 2512 undique
3531 2442 3635 2499 Ce-

2047 2532 2266 2587 rinthus
2301 2530 2685 2585 ac-convictus
2715 2539 2954 2595 tenetur,
2990 2546 3099 2585 una
3136 2546 3260 2586 cum
3292 2532 3381 2602 iis,
3417 2535 3509 2605 qui
3538 2551 3635 2592 eo-

2048 2625 2172 2681 dem
2217 2626 2275 2679 in
2313 2639 2501 2679 errore
2531 2633 2844 2689 versantur,
2890 2622 3137 2679 infelices
3181 2623 3432 2683 homines
3471 2637 3636 2700 atque

2049 2717 2296 2788 ejusdem
2321 2730 2508 2772 secum
2533 2714 2685 2771 exitii
2716 2713 2839 2769 aliis
2871 2714 3097 2785 insuper
3124 2724 3399 2783 auctores,
3435 2720 3637 2790 quippe

2049 2824 2183 2866 cum
2216 2810 2332 2864 haec
2364 2809 2548 2864 omnia
2581 2822 2754 2864 sacra:
2792 2806 2991 2862 littera:
3019 2804 3309 2880 perspicue
3353 2821 3635 2867 accurate.

363 2913 516 2980 μεῖον
546 2908 633 2978 εἴη
667 2908 730 2961 τὸ
759 2908 1038 2979 γέννημα;
1069 2908 1164 2961 καὶ
1188 2907 1249 2960 τὸ
1277 2906 1427 2979 παρά
1454 2905 1531 2978 τῷ
1565 2906 1767 2977 Ἡσαΐᾳ
1793 2908 1946 2976 εἰρη-

2053 2919 2160 2974 que
2197 2901 2359 2958 nobis
2401 2901 2712 2957 edisserant
2741 2919 2756 2954 :
2788 2915 2913 2954 nam
2960 2916 3139 2971 neque
3182 2903 3249 2958 de
3283 2902 3505 2974 Josephi
3550 2922 3637 2960 se-

364 3001 523 3072 μένον
540 3000 655 3064 πῶς
671 3000 751 3053 ἔτι
789 2999 1220 3071 συσταθήσεται,
1255 2999 1327 3063 ὡς
1355 2994 1526 3052 εἶπεν
1560 2997 1946 3061 ἈὺτὸςόΚ-ὐ-

2055 2996 2202 3052 mine
2227 3004 2391 3051 natus
2423 3004 2508 3051 est
2536 2994 2794 3050 Christus
2823 3013 2838 3050 :
2875 2994 2968 3066 qui
3000 2996 3146 3051 enim
3176 2995 3483 3067 prodigium
3511 3012 3639 3067 pos-

351 3110 485 3162 ρέος
550 3092 731 3145 δώσει
776 3092 919 3162 ὑμῖν
956 3091 1232 3162 σημεῖον-⁸
1278 3089 1433 3147 Ἰδοὺ
1468 3090 1506 3158 ἡ
1555 3086 1851 3158 παρθένος
1884 3087 1946 3141 ἐνν

2056 3097 2140 3144 set
2171 3087 2320 3144 illius
2360 3103 2483 3145 esse
2513 3089 2816 3160 generatio,
2866 3103 2931 3143 ac
2973 3088 3118 3158 quod
3162 3087 3234 3143 ab
3261 3088 3398 3144 Isaia
3427 3090 3635 3145 dictum

360 3185 575 3255 γαστρὶ
607 3184 751 3251 ἔξει,
789 3184 886 3238 καὶ
925 3182 1158 3249 τέξεται
1196 3182 1351 3244 υἱόν,
1400 3182 1497 3235 καὶ
1526 3181 1595 3235 τά
1631 3179 1794 3252 έξῆς;
1824 3179 1946 3243 Πῶς

2053 3186 2135 3235 est
2158 3179 2379 3250 probari
2403 3181 2631 3235 omnino
2661 3187 2881 3251 posset:
2905 3179 3163 3235 Dominus
3190 3180 3298 3249 ipse
3317 3180 3463 3235 dabit
3494 3180 3637 3236 vobis

362 3277 419 3330 δὲ
463 3277 545 3331 ἔτι
588 3277 1011 3350 πληρωθήσεται
1042 3276 1104 3330 τὸ
1145 3274 1433 3348 εἰρημένον
1480 3272 1632 3346 ποιρά
1661 3272 1764 3343 τῆς
1790 3271 1946 3341 ἁγίας

2053 3272 2259 3343 signum
2285 3290 2300 3326 :
2331 3270 2466 3326 Ecce
2492 3272 2637 3342 uirgo
2672 3272 2946 3342 concipiet,
2970 3283 3020 3326 et
3048 3271 3218 3340 pariet
3241 3272 3413 3341 [ilium
3432 3272 3635 3338 ‘,ctc.?

363 3368 644 3440 Παρθένου
681 3369 819 3441 πρὸς
842 3369 935 3422 τὸν
962 3365 1222 3440 Γαϐριὴλ⁹
1262 3365 1397 3432 Πῶς
1427 3365 1599 3420 ἔσται
1634 3364 1833 3429 τοῦτο,
1861 3363 1946 3418 ὅτι

2053 3363 2301 3432 Quanam
2326 3380 2455 3420 vero
2483 3366 2698 3420 ratione
2721 3363 2907 3435 perlici
2930 3365 3130 3435 poterit
3162 3364 3315 3429 illud,
3343 3364 3492 3436 quod
3524 3363 3636 3419 Ga-

362 3459 555 3528 ἄνδρα
580 3463 652 3515 οὐ
694 3461 1002 3531 γινώσκω;
1038 3460 1133 3514 καὶ
1180 3459 1346 3513 αὐτοῦ
1388 3457 1658 3528 λέγοντος
1706 3457 1946 3526 Πνεῦμα

2053 3450 2213 3510 hrieli
2250 3452 2418 3526 Virgo
2448 3454 2795 3511 sanctissima
2822 3453 2960 3509 dixit
2990 3472 3004 3510 :
3035 3454 3311 3521 Quomodo
3351 3456 3442 3526 ﬁet
3469 3456 3637 3519 istud,

364 3550 537 3621 ἅγιον
568 3552 957 3607 ἐπελεύσεται
979 3551 1078 3606 ἐπὶ
1110 3551 1205 3616 σὲ,
1247 3551 1344 3605 καὶ
1379 3551 1633 3620 δύναμις
1666 3549 1952 3618 Ὑψίστου

362 3642 707 3698 ἐπισκιάσει
740 3659 860 3711 σοι,
916 3644 1012 3697 καὶ
1058 3642 1127 3697 τά
1168 3643 1328 3714 ὲξῆς;
1376 3644 1501 3709 Πῶς
1545 3642 1603 3697 δὲ
1646 3642 1808 3699 πάλιν
1851 3642 1952 3696 οὐκ

365 3734 757 3807 ἐλεγχθήσεται
795 3735 975 3790 αὐτῶν
1006 3738 1040 3809 ἡ
1067 3735 1247 3803 ἄνοια,
1274 3735 1370 3789 τοῦ
1398 3735 1734 3805 Εὑαγγελίου
1764 3733 1952 3805 σαφῶς

364 3824 618 3895 λέγοντος
676 3828 780 3893 ὅτι,
823 3825 1054 3895 Εὐρέθη
1096 3827 1166 3881 ἐν
1203 3827 1421 3896 γαστρὶ
1462 3828 1695 3897 ἔχουσα
1731 3827 1873 3896 πρὶν
1912 3826 1950 3898 ἢ

365 3918 690 3975 συνελθεῖν
708 3920 965 3986 αὐτούς;
995 3920 1154 3973 Ἐστι
1182 3920 1239 3973 δὲ
1270 3919 1473 3989 γνῶναι
1498 3918 1707 3988 σαφῶς,
1731 3919 1814 3972 ὅτι
1831 3917 1952 3971 οὐδὲ

365 4012 504 4076 ὅλως
542 4011 821 4083 συνῆλθον.
847 4012 939 4083 Μὴ
982 4013 1192 4080 γένοιτο
1219 4011 1327 4083 γὰρ
1359 4009 1519 4065 τοῦτο
1549 4009 1754 4063 εἰπεῖνὶ
1800 4008 1953 4063 Ἐπεὶ

366 4105 469 4157 οὐκ
504 4103 570 4158 ἂν
612 4103 751 4175 μετά
786 4103 1019 4176 σταυρὸν
1044 4104 1156 4175 (95)
1193 4103 1440 4180 προενόει
1481 4102 1826 4174 παραθέσθαι
1856 4100 1954 4154 αὐ-

366 4196 467 4267 τὴν
508 4195 729 4269 Ἰωάννῃ
752 4193 831 4267 τῷ
860 4196 1002 4267 ἁγίῳ
1035 4195 1312 4266 παρθένῳ,
1345 4194 1421 4259 ὡς
1444 4194 1612 4263 λέγει·
1640 4193 1754 4248 Ἴδε
1775 4195 1812 4262 ἠ
1837 4191 1954 4263 μή·

368 4310 481 4361 τηρ
510 4308 647 4346 σου·
678 4292 774 4346 καὶ
806 4296 875 4363 τῇ
909 4292 1069 4364 αὐτῇ·
1112 4291 1233 4348 Ἴδε
1266 4295 1299 4342 ό
1329 4292 1462 4357 υἱός
1489 4308 1628 4347 σου.
1664 4290 1812 4345 Ἔδει
1842 4291 1954 4363 γὰρ

306 4424 311 4431 η
370 4387 533 4440 αὐτὸν
580 4386 916 4458 παραδοῦναι
965 4385 1136 4457 αὐτὴν
1180 4388 1291 4449 τοῖς
1330 4385 1499 4456 αὐτῆς
1548 4385 1951 4457 συγγενέσιν,ἢ

368 4481 483 4543 τοῖς
522 4477 732 4541 τέκνοις
776 4477 873 4532 τοῦ
912 4477 1131 4549 Ἰωσὴφ,
1170 4479 1326 4550 είπερ
1361 4473 1501 4550 ἦσαν
1535 4477 1593 4545 ἐξ
1623 4480 1814 4550 αὐτῆς,
1857 4481 1956 4533 Ἰα-

371 4569 535 4640 κὼὄῳ
564 4587 637 4641 φη
647 4569 709 4639 μὶ
735 4569 830 4623 καὶ
857 4569 1028 4640 κἸωσῇ
1067 4568 1162 4622 καὶ
1203 4568 1374 4641 Ἰούδᾳ
1403 4568 1497 4622 καὶ
1517 4568 1789 4639 Συμεῶνι,
1816 4570 1955 4633 υἱοῖς

371 4659 493 4716 οὖσι
518 4661 611 4715 τοῦ
650 4661 851 4731 Ἰωσὴφ
872 4660 986 4732 (96)
1021 4661 1131 4715 ἀπὸ
1158 4663 1259 4727 τῆς
1294 4660 1461 4731 ἄλλης
1495 4661 1775 4728 γυναικός.
1819 4659 1954 4713 Οὐδὲ

370 4754 503 4826 γὰρ,
547 4754 629 4807 δτι
676 4752 952 4831 κέχρηται.
992 4756 1059 4825 τῇ
1108 4752 1392 4827 Παρθένῳ³
1439 4751 1577 4815 ὅλως
1614 4751 1951 4823 εὑρίσκεται,

374 4844 514 4917 μετά
548 4845 607 4897 τὸ
636 4844 1026 4916 γεγεννηκέναι
1054 4847 1088 4917 ή
1121 4843 1401 4915 Παρθένος
1446 4843 1735 4914 ἄχραντος.
1795 4840 1955 4895 Ἀλλὰ

371 4934 502 5007 περὶ
526 4933 733 4988 τούτων
763 4934 864 5005 ἢδη
895 4933 953 4987 ὲν
979 4932 1124 5005 ἄλλῳ
1156 4951 1247 5004 μοι
1284 4932 1430 5003 λόγῳ
1473 4931 1663 4999 σαφῶς
1703 4946 1958 5002 πεπραγ-

374 5026 662 5097 μάτευται,
694 5026 788 5079 καὶ
822 5024 1403 5096 πραγματευθήσεται.
1434 5019 1563 5077 Ὧδε
1598 5023 1657 5076 δὲ
1687 5024 1745 5076 ὲν
1776 5022 1953 5093 μέρει,

371 5120 448 5183 ὡς
482 5121 540 5173 ὲν
574 5118 930 5189 παρεκδρομῇ
963 5117 1093 5188 περὶ
1118 5116 1218 5186 τῆς
1246 5116 1452 5170 τούτων
1475 5115 1785 5178 ὑποθέσεως
1812 5114 1956 5184 εἴρη-

459 5274 669 5331 ‘ICor.
697 5291 787 5339 xv,
814 5274 906 5330 29.
981 5276 1003 5307 ³
1038 5272 1172 5328 ibid.
1209 5271 1300 5327 53.

374 5355 397 5387 ⁸
427 5346 588 5402 Joan.
611 5361 728 5410 xu,
758 5343 967 5411 26;”.

449 5461 561 5533 (95)
620 5461 780 5517 Ἐπεὶ
806 5463 921 5533 οὺσι
959 5460 1037 5516 ἂν
1073 5458 1241 5533 μειξὰῂ
1274 5456 1561 5533 σταυρόν.
1605 5453 1748 5508 Idem
1795 5467 1960 5533 argui:

374 5522 621 5604 mentum
652 5542 810 5604 urget
836 5522 1105 5587 Aduersus
1141 5522 1442 5604 Heluidium
1474 5523 1848 5594 Hieronymus
1870 5522 1882 5576 Ξ

376 5602 534 5672 {uror
564 5595 757 5667 cereus:
789 5612 840 5658 et
883 5604 951 5672 in
970 5602 1245 5672 proprium
1285 5599 1507 5672 exitium
1538 5610 1683 5672 mens
1712 5595 1953 5648 vesana!

382 5664 528 5727 Dicis
566 5673 636 5728 ad
679 5664 888 5729 crucem
931 5664 1146 5725 Domini
1184 5679 1409 5724 matrem
1444 5666 1561 5735 ejus
1592 5664 1759 5733 fuisse
1805 5680 1950 5733 pra:-

377 5754 597 5799 sentem.
657 5744 802 5799 Dicis
845 5742 1045 5801 Joanni
1093 5738 1355 5810 discipulo
1407 5734 1479 5791 οὐκ
1524 5734 1861 5799 viduitatem,
1900 5743 1950 5788 et

1397 5271 1419 5303 ³
1446 5271 1580 5326 ibid.
1616 5270 1709 5324 20.

1815 5269 1837 5300 ⁸
1873 5269 1979 5323 Isa.
2009 5284 2109 5334 vn,
2142 5268 2229 5321 Η.

2051 3548 2303 3618 quoniam
2348 3548 2517 3601 virum
2550 3563 2653 3601 non
2683 3562 2937 3618 cognosco
2957 3545 3022 3600 ’ἲ
3048 3547 3136 3602 cui
3175 3546 3265 3602 ille
3310 3546 3593 3618 respondit
3620 3563 3634 3600 :

2053 3636 2291 3708 Spiritus
2323 3649 2542 3694 sanctus
2565 3639 2887 3709 superveniet
2915 3641 2971 3693 in
3002 3648 3072 3702 te,
3101 3648 3150 3694 et
3181 3640 3349 3694 virtus
3371 3641 3641 3696 Altissiml

2053 3730 2390 3786 obumbrabit
2425 3731 2574 3797 tibi',
2599 3732 2736 3788 etcf!
2752 3730 2947 3786 Noone
2980 3732 3197 3786 illorum
3231 3747 3380 3788 exeo
3411 3732 3641 3788 stultitia

2055 3821 2216 3880 facile
2248 3825 2617 3888 convincitur,
2647 3825 2792 3896 quod
2824 3824 3031 3880 diserte
3076 3825 3131 3879 in
3170 3823 3465 3896 Evangelio
3501 3826 3640 3882 scri-

2054 3925 2205 3986 ptum
2247 3923 2371 3972 est:
2406 3915 2629 3970 Inventa
2678 3925 2755 3970 est
2802 3916 2859 3969 in
2889 3925 3041 3969 utero
3101 3915 3297 3969 habens
3355 3926 3646 3988 antequam

2055 4006 2388 4063 convenirent
2419 4006 2483 4059 ’Υ
2510 4005 2651 4061 Illud
2693 3990 2876 4060 autem
2921 4005 3294 4060 certissimum
3360 4013 3463 4073 est,
3497 4022 3639 4060 nun-

2054 4115 2218 4170 quam
2258 4098 2382 4154 illos
2419 4098 2647 4154 omnino
2683 4096 3029 4157 convenisse.
3081 4090 3432 4152 Absit'enim
3482 4107 3545 4152 ut
3583 4096 3639 4153 id

2054 4206 2297 4262 unquam
2328 4191 2598 4247 dicamus!
2642 4189 2860 4260 Alioqui
2891 4204 3014 4243 cum
3059 4188 3113 4244 in
3147 4203 3314 4244 cruce
3354 4188 3639 4261 penderet,

2055 4301 2165 4341 non
2199 4294 2393 4341 sancto
2427 4282 2646 4349 Joanni,
2677 4282 2770 4353 qui
2804 4290 2859 4338 et
2902 4282 3021 4352 ipse
3056 4279 3424 4352 virginitatem
3465 4298 3646 4338 serva-

2056 4379 2156 4443 vit,
2205 4387 2435 4433 matrem
2482 4374 2889 4432 commendaret
2915 4389 3093 4440 Silam,
3150 4389 3276 4429 cum
3313 4375 3388 4429 ita
3427 4374 3644 4430 locutus

2057 4477 2141 4526 est
2179 4488 2191 4524 :
2228 4469 2359 4524 Ecce
2420 4477 2590 4524 mater
2644 4479 2758 4521 tua.
2821 4465 2890 4520 Et
2938 4465 3087 4520 illam
3137 4466 3462 4536 alloquens:
3510 4465 3646 4521 Ecce

2059 4563 2207 4632 ﬁlius
2241 4572 2362 4616 tuus
2383 4561 2425 4613 ⁸.
2461 4558 2619 4614 Hanc
2663 4558 2807 4613 enim
2843 4558 2930 4613 vel
2958 4557 3209 4629 cognatis
3244 4558 3360 4613 suis
3389 4558 3645 4612 commit-

2057 4664 2172 4708 tere
2210 4653 2473 4723 oportuit,
2519 4650 2602 4705 vel
2631 4648 2852 4719 Iosephi
2895 4648 3104 4715 liberis,
3149 4648 3196 4703 si
3235 4664 3375 4718 quos
3416 4664 3482 4703 ex
3525 4648 3643 4718 ipsa

2058 4745 2382 4809 sustulerat,
2414 4751 2542 4812 puta
2570 4741 2795 4808 Iacobo,
2825 4740 2978 4806 Jose,
3009 4740 3182 4805 Juda3,
3213 4739 3477 4803 Simeoni,
3503 4755 3647 4811 quos

2057 4836 2330 4908 Josephus
2376 4836 2480 4890 alia
2523 4851 2589 4890 ex
2623 4848 2794 4889 uxore
2846 4840 3130 4905 genuerat.
3168 4829 3357 4901 Neque
3406 4831 3551 4887 enim
3582 4830 3647 4884 il-

2065 4931 2176 4985 lum
2205 4945 2330 4984 cum
2365 4928 2536 4982 Maria
2570 4927 2926 4983 consuevisse
2971 4926 3083 4980 ullo
3118 4923 3281 4978 modo
3313 4922 3640 4994 reperimus,

2066 5029 2423 5092 posteaquam
2456 5019 2776 5088 incorrupta
2811 5018 2901 5071 illa
2932 5024 2987 5071 et
3019 5013 3333 5070 castissima
3362 5011 3528 5083 Virgo
3550 5026 3643 5083 pe-

2065 5113 2230 5183 perit.
2267 5109 2471 5166 Verum
2500 5109 2571 5164 de
2594 5109 2682 5164 his
2709 5107 2818 5162 alio
2844 5107 2899 5161 in
2933 5106 3072 5161 libro
3103 5112 3364 5160 accurate
3387 5104 3645 5158 tractavi-

2333 5265 2354 5297 '
2383 5263 2519 5319 Luc.
2549 5280 2588 5327 ι,
2617 5265 2706 5318 54.
2804 5263 2826 5293 ⁸
2846 5259 2978 5316 ibid.
3016 5259 3108 5315 '55.
3219 5260 3241 5290 '
3271 5258 3460 5313 Matth.
3493 5273 3533 5325 ι,
3559 5258 3646 5313 I8.

2067 5450 2407 5506 solitudinem
2437 5447 2883 5513 commendatam,
2919 5449 3074 5519 quasi
3113 5448 3276 5519 juxta
3318 5456 3366 5501 te
3406 5461 3509 5499 non
3551 5445 3651 5499 ha-

2066 5524 2206 5576 beret
2253 5530 2483 5591 quatuor
2530 5519 2667 5581 ﬁlios
2689 5528 2799 5591 ,_et
2837 5519 3367 5591 innumerasrﬁlias‘,
3423 5532 3650 5585 quorum

2064 5586 2328 5646 consortio
2358 5590 2648 5661 frueretur.
2687 5589 2812 5644 Vid.
2852 5590 3088 5661 August.
3125 5586 3218 5643 lib.
3251 5602 3266 5641 ι
3311 5586 3389 5641 De
3429 5602 3557 5655 παρ.
3596 5596 3648 5640 et

2060 5676 2460 5741 ‘°"£¥I"z.‘?"P'
2497 5660 2586 5741 '3-

2133 5725 2245 5805 \96)
2296 5725 2451 5797 Υιοῗς
2481 5725 2623 5785 οὖσι
2662 5729 2771 5783 τοῦ
2808 5728 3050 5798 Ἰωσήφ.
3085 5727 3222 5783 Vide
3254 5727 3389 5783 liter.
3412 5741 3641 5782 smul.
