4018 6128
403 298 513 358 587

1764 296 1823 357 5.
1851 293 2194 351 ΕΡΙΡΗΔΝΙΙ

404 427 552 476 mus,
595 408 1063 480 tractalimusque
1109 418 1317 481 postea.
1358 408 1580 466 Interim
1606 408 1713 462 hoc
1752 408 1811 462 in
1857 408 1979 463 loco

2091 426 2187 471 rat.
2231 410 2316 463 ἵνα
2358 410 2455 482 μὴ,
2500 413 2705 483 ἑτέρων
2750 413 3047 484 δηγμάτων
3078 414 3400 485 βουλόμενος
3429 417 3656 488 ποιῆσαι

407 518 581 576 pauca
607 500 854 572 qutedam
883 501 951 556 de
978 501 1082 555 hoc
1120 509 1444 572 argumento
1478 500 1626 555 velut
1650 499 1825 555 obiter
1851 498 1978 554 atti-

405 595 604 665 gimus,
649 606 719 647 ne
744 589 874 647 dum
918 590 1046 645 aliis
1083 590 1288 645 mederi
1320 590 1599 645 morsibus
1623 590 1853 658 aliisque
1882 603 1977 643 ve-

404 688 619 740 nenatis
653 683 998 751 serpentibus
1048 684 1348 739 remedium
1379 682 1572 741 aﬂerre
1614 682 1885 745 volumus,
1922 681 1979 738 in

404 776 509 829 alia
541 776 786 845 quaedam
813 775 955 827 mala
986 780 1338 831 transversos
1364 774 1595 831 lectores
1619 773 1973 843 abripiamus.

406 867 698 921 Enimvero
746 866 794 920 si
831 866 954 935 quis
991 864 1187 935 judicii
1227 865 1479 921 nonnihil
1529 865 1750 929 habeat,
1799 863 1979 925 inanis

406 958 631 1015 omnino
678 965 734 1012 et
782 957 1012 1011 ridicula
1055 957 1271 1013 illorum
1322 956 1571 1011 doctrina
1605 954 1981 1024 comprobabi-

406 1059 519 1116 tur,
565 1065 687 1119 quae
715 1058 769 1104 et
820 1050 890 1105 ab
923 1049 1190 1118 apostolis
1232 1048 1491 1107 falsitatis
1531 1049 1812 1111 convicta,
1856 1054 1914 1100 et
1947 1061 1980 1111 a

407 1140 747 1211 sapientibus
776 1138 1055 1202 damnata,
1074 1146 1134 1193 et
1160 1153 1190 1192 a
1217 1137 1328 1197 Deo
1358 1138 1588 1211 ipsaque
1611 1137 1750 1193 adeo
1776 1136 1978 1195 verita-

406 1234 478 1287 tis
504 1232 888 1301 praedicatione
912 1237 997 1285 est
1022 1232 1218 1298 ejecta.

483 1321 611 1379 Vlll.
651 1322 921 1377 Caeterum
970 1322 1134 1376 iidem
1183 1321 1258 1375 illi
1293 1318 1663 1382 Mcrinthiani,
1701 1318 1785 1374 sic
1831 1319 1976 1379 enim

406 1414 738 1484 accepimus,
765 1411 1125 1485 appellantur.
1170 1408 1363 1464 Utrum
1391 1424 1521 1464 vero
1545 1407 1837 1465 Cerinthus
1863 1408 1979 1475 ipse

406 1504 710 1561 Merinthus
758 1504 866 1558 alio
912 1502 1135 1557 nomine
1179 1502 1252 1556 sit
1298 1501 1481 1556 dictus
1517 1499 1724 1570 liquido
1768 1498 1980 1553 nescire

405 1610 493 1649 me
516 1593 691 1648 fateor
722 1610 738 1648 :
769 1606 837 1647 an
874 1599 1069 1663 praeter
1094 1590 1242 1645 hunc
1276 1590 1413 1644 alter
1438 1603 1504 1644 eo
1535 1588 1757 1643 nomine
1795 1586 1981 1657 appel-

403 1687 548 1743 latus
587 1684 881 1750 exstiterit,
908 1682 1127 1751 adjutor
1166 1681 1311 1737 illius
1341 1689 1394 1735 et
1424 1680 1631 1742 socius,
1662 1680 1714 1733 id
1756 1680 1976 1749 quidem

404 1778 506 1833 soli
538 1776 645 1831 Deo
677 1776 836 1851 116
867 1781 1208 1845 compertum
1237 1780 1343 1828 est.
1372 1770 1487 1827 Hoc
1518 1772 1664 1827 enim
1702 1787 1845 1842 saepe
1865 1772 1978 1841 jam
2012 1765 2055 1820 B

404 1868 667 1931 diximus.
714 1884 822 1922 non
858 1867 1037 1935 ipsum
1083 1864 1261 1920 solum
1303 1862 1695 1935 Hierosolymis
1722 1863 1981 1933 frequen-

406 1968 491 2016 ter
515 1960 778 2035 apostolis
811 1957 1100 2021 restitisse,
1135 1956 1229 2012 sed
1259 1963 1313 2009 et
1337 1956 1430 2025 qui
1459 1971 1583 2009 eum
1609 1957 1663 2010 in
1692 1955 1829 2017 Asia,
1852 1966 1981 2013 sunt

406 2052 603 2108 secuti.
632 2050 807 2120 Atque
847 2058 905 2105 ut
938 2064 1081 2105 unus
1116 2047 1368 2118 idemque
1409 2048 1501 2113 sit,
1536 2055 1632 2105 aut
1661 2048 1803 2104 alius
1828 2048 1981 2121 ejus-

405 2143 528 2199 dem
567 2156 695 2196 cum
737 2141 831 2194 illo
876 2139 1177 2211 opinionis,
1226 2147 1280 2194 et
1329 2139 1565 2208 partium
1597 2138 1798 2203 fautor,
1843 2139 1981 2193 nihil

405 2231 695 2291 admodum
738 2230 927 2291 refert,
961 2228 1157 2287 Forma
1193 2229 1413 2301 quidem
1464 2231 1817 2301 nequissimae
1860 2230 1982 2285 illo-

404 2341 526 2381 rum
555 2322 819 2378 doctrinze
858 2336 923 2376 ac
957 2320 1107 2375 velut
1149 2329 1278 2375 nota
1310 2320 1543 2391 quadam
1584 2321 1855 2391 ejusmodi
1896 2326 1983 2377 est

310 2408 315 2413 δ
404 2418 623 2491 qualem
679 2414 1115 2484 descripsimus;
1162 2419 1218 2469 et
1265 2410 1655 2469 Cerinthianos
1706 2412 1872 2468 simul
1915 2426 1982 2467 ac

405 2509 804 2567 Merinthianos
839 2505 1100 2577 appellari
1126 2512 1365 2562 constat.

476 2601 575 2657 His
613 2600 782 2671 igitur
806 2597 874 2653 de
909 2596 1182 2655 horrenda
1210 2596 1427 2651 illorum
1455 2610 1520 2652 ac
1550 2606 1864 2668 serpentum
1907 2596 1985 2653 si-

407 2691 522 2746 mili
568 2688 917 2759 improbitate
962 2687 1278 2758 disputatis,
1314 2687 1381 2743 ad
1425 2702 1521 2744 eas
1570 2704 1693 2761 quae
1726 2688 1983 2761 deinceps

407 2790 822 2850 consequuntur
851 2779 1217 2850 promovenda
1259 2789 1345 2835 est
1381 2780 1580 2837 oratio.
1624 2777 1730 2835 Sed
1773 2782 1983 2837 haben-

407 2874 488 2928 dae
516 2874 572 2927 in
621 2872 810 2943 primis
853 2874 1041 2942 gratia:
1089 2882 1237 2938 sunt,
1297 2873 1443 2943 quod
1486 2876 1847 2944 pessimorum
1888 2876 1986 2933 do-

309 2971 317 2979 '
406 2977 650 3039 gmatum
701 2965 929 3035 pelagus
964 2964 1113 3018 istud
1158 2965 1278 3021 sine
1328 2965 1438 3018 ulla
1488 2980 1628 3021 noxa
1671 2970 1986 3024 transmisi-

408 3074 569 3125 mus;
614 3064 667 3112 et
702 3056 838 3111 illud
869 3055 1191 3128 suppliciter
1219 3057 1629 3127 postulandum,
1664 3066 1725 3113 ut
1755 3076 1880 3114 cum
1927 3061 1982 3116 in

409 3153 648 3221 reliquas
689 3151 924 3205 haereses
954 3149 1375 3214 incurrerimus,
1419 3152 1579 3221 quasi
1619 3152 1673 3206 in
1710 3152 1986 3207 maritima

408 3242 678 3312 quaedam,
727 3256 793 3296 ac
844 3241 1110 3297 monstris
1156 3238 1361 3295 referta
1392 3241 1576 3297 brevia
1615 3240 1804 3308 delati,
1847 3243 1990 3298 nihil

408 3335 478 3391 ah
518 3335 604 3390 bis
636 3333 969 3390 incommodi
1000 3334 1296 3405 patiamur,
1334 3333 1432 3389 sed
1481 3334 1552 3389 ab
1595 3348 1661 3388 ea
1690 3349 1811 3404 quae
1848 3335 1992 3391 inter

408 3424 798 3496 disputandum
838 3425 1104 3489 illuxerit,
1145 3426 1378 3481 veritate
1418 3425 1653 3482 salutem
1685 3440 1991 3495 consequa-

412 3533 557 3581 mur,
597 3532 721 3572 cum
755 3526 809 3572 et
840 3516 1005 3586 hujus
1040 3516 1371 3573 soliditatem
1400 3525 1734 3585 astruemus,
1764 3527 1819 3576 et
1852 3532 1989 3575 con-

409 3609 705 3665 trariarnm
768 3607 1047 3663 haereseon
1109 3608 1434 3663 inanitatem
1490 3623 1846 3680 erroremque
1896 3610 1990 3667 des

409 3699 861 3756 monstrabimus.
907 3698 1066 3765 Quod
1107 3700 1153 3755 si
1202 3699 1479 3770 quispiam
1522 3700 1899 3767 considerare,
1938 3712 1992 3758 et

411 3791 594 3865 aliqua
626 3791 746 3847 illas
777 3792 1105 3846 adumbrare
1147 3790 1509 3855 similitudine
1540 3794 1794 3863 voluerit,
1824 3812 1990 3867 quam

411 3879 681 3937 hactenus
722 3880 1101 3947 refutavimus,
1150 3883 1219 3949 ob
1263 3881 1533 3955 duplicem
1566 3884 1713 3939 illam
1753 3888 1992 3957 appella-

410 3973 615 4027 tionem
649 3987 771 4026 cum
808 3973 1015 4043 bicipiti
1046 3973 1283 4043 quodam
1330 3986 1583 4046 serpente
1628 3976 1809 4047 reipsa
1839 3993 1992 4033 com-

415 4065 712 4133 parandam
758 4064 991 4133 putabit,
1026 4080 1200 4137 eoque
1239 4065 1439 4135 vipera:
1474 4082 1671 4137 genere
1693 4084 1857 4138 quam
1890 4067 1992 4125 Se-

414 4154 679 4223 pedoncm
708 4162 923 4219 vocant,
960 4169 1083 4223 quae
1116 4155 1242 4225 pilis
1278 4163 1393 4210 toto
1424 4173 1659 4228 corpore
1682 4168 1768 4215 est
1799 4175 1991 4229 sparsa

417 4245 775 4311 rubentibus;
810 4261 987 4314 neque
1029 4260 1227 4316 caprae,
1278 4255 1371 4301 aut
1419 4248 1538 4303 ovis
1570 4250 1622 4303 ei
1669 4258 1865 4305 natura
1907 4251 1993 4307 vel

416 4331 575 4400 pellis
605 4339 712 4393 est,
760 4333 851 4386 sed
894 4334 1197 4402 serpentis;
1235 4336 1535 4407 eademque
1583 4350 1770 4394 morsu
1814 4340 1990 4398 obviis

2013 3111 2060 3175 C

2082 504 2248 567 ἴασιν,
2274 502 2367 556 καὶ
2393 503 2595 574 ἐτέρων
2618 504 2960 575 δηλητηρίων
2995 504 3126 569 ἄκος
3158 507 3253 565 καὶ
3281 505 3655 579 ἀλεξητήριον.

2080 595 2165 657 είς
2196 593 2329 648 ἄλλα
2363 594 2491 659 τοὺς
2524 596 2947 664 ἐντυγχάνοντας
2986 596 3373 667 παρατρέψω.
3408 597 3554 667 Πλὴν
3593 600 3660 652 ἐκ

2084 685 2287 750 παντὸς
2313 684 2392 754 τῷ
2419 686 2517 755 τὴν
2541 685 2753 739 σύνεσιν
2782 687 3108 758 κεκτημένῳ
3133 689 3361 756 μάταιος
3389 691 3422 759 ἡ
3452 690 3659 751 τούτων

2084 775 2519 845 καταχλεύαστος
2553 776 2874 833 διδασκαλία
2912 778 3335 848 συσταθήσεται,
3376 778 3530 850 παρά
3556 779 3659 849 μὲν

2084 868 2404 932 ἀποστόλοις
2427 868 2783 937 ἐλεγχομένη,
2820 867 2971 937 παρὰ
3000 868 3056 922 δὲ
3084 872 3194 932 τοῖς
3229 874 3466 934 συνετοϊς
3489 886 3659 924 κατα-

2085 960 2483 1033 γινωσκομένη.
2516 960 2579 1015 ἐκ
2609 958 2743 1012 Θεοῦ
2773 957 2830 1011 δὲ
2857 959 2948 1015 καὶ
2974 959 3066 1013 τοῦ
3094 960 3260 1014 αὐτοῦ
3284 961 3375 1016 τοῦ
3404 961 3503 1033 τῆς
3529 962 3661 1032 ἀλη-

2076 1050 2233 1115 θείας
2258 1050 2612 1121 κηρύγματος
2641 1048 3033 1122 ὲκῆαλλομένη.

2156 1316 2232 1369 6'.
2269 1313 2572 1371 Καλοῦνται
2615 1314 2673 1371 δὲ
2718 1313 2878 1371 πάλιν
2914 1308 3062 1371 οὗτοι
3103 1315 3482 1388 Μηρινοιανοὶ,
3521 1316 3597 1380 ὡς
3625 1320 3659 1389 ή

2083 1406 2313 1461 ἐλθοῦσα
2346 1408 2426 1468 εὶς
2460 1407 2605 1476 ἡμᾶς
2649 1407 2805 1477 φήμη
2847 1406 3110 1477 περιέχει.
3157 1406 3284 1462 Εἴτε
3312 1407 3420 1479 γὰρ
3445 1410 3473 1460 ὁ
3502 1408 3662 1471 αὐτὸς

2084 1498 2378 1570 Κήρινοος,
2419 1497 2695 1569 Μήρινθος
2734 1498 2894 1552 πάλιν
2919 1499 3183 1563 ἐκαλεῖτο,
3215 1501 3275 1554 οὐ
3307 1503 3447 1555 πάνυ
3482 1519 3535 1554 τι
3565 1519 3661 1555 σα-

2087 1589 2201 1660 φῶς
2235 1587 2583 1659 περὶ-τούτου
2628 1590 2807 1658 ῑσμεψ
2857 1590 2968 1642 εἴτε
3007 1588 3165 1653 ἄλλος
3214 1608 3298 1656 τις
3348 1587 3417 1662 ἦν
3451 1594 3665 1664 Μήρινφ

2087 1680 2177 1743 Θος
2225 1679 2468 1750 ὀνόματι,
2524 1679 2783 1750 συνεργὸς
2834 1678 3027 1750 τούτῳ,
3053 1683 3171 1751 Θεῷ
3203 1682 3488 1750 ἔγνωσται.
3521 1684 3660 1759 Ἤδη

2084 1776 2194 1851 γὰρ
2248 1774 2495 1844 εἴπομεν,
2547 1772 2629 1826 ὅτι
2702 1772 2763 1824 οὐ
2817 1773 2977 1841 μόνον
3035 1773 3197 1837 αὐτὸς
3251 1776 3309 1826 ὲν
3372 1773 3664 1845 Ἱεροσολύρ

2089 1884 2210 1937 μοις
2248 1865 2509 1927 πολλάκις
2549 1863 2782 1935 ἀντέστη
2839 1865 2954 1927 τοῖς
3010 1864 3349 1937 ἀποστόλοις,
3399 1865 3534 1918 ἀλλά
3568 1867 3663 1919 καὶ

2085 1958 2135 2011 οἱ
2191 1957 2287 2010 σὺν
2338 1954 2488 2026 αὐτῷ
2537 1956 2596 2009 ὲν
2659 1957 2727 2025 τῇ
2779 1953 2955 2025 Ἀσίᾳ.
2986 1954 3133 2025 ΙΙλὴν
3187 1956 3309 2025 ἤτοι
3356 1955 3513 2017 αὐτὸς
3553 1956 3658 2025 εἴη,

2086 2049 2119 2121 ῆ
2174 2050 2270 2104 καὶ
2318 2048 2477 2112 ἄλλος
2528 2048 2626 2103 σὺν
2677 2045 2829 2119 αὐτῷ
2886 2047 3167 2118 συνεργὸς,
3218 2047 3286 2102 τὰ
3316 2048 3480 2118 ὃμοια
3511 2045 3662 2118 αὐτῷ

2087 2140 2299 2213 φρονῶν
2322 2142 2417 2194 καὶ
2440 2140 2832 2212 συμπράττων,
2857 2140 2952 2195 καὶ
2978 2138 3050 2193 τὰ
3072 2139 3184 2203 ἴσα,
3212 2139 3368 2195 οὐδὲν
3390 2139 3660 2212 διαφέρει.

2097 2233 2164 2288 Ἦ
2186 2234 2295 2306 γὰρ
2320 2235 2471 2289 πᾶσα
2496 2232 2672 2289 αὐτῶν
2694 2232 3033 2303 κακοτροπία
3055 2233 3153 2302 τῆς
3175 2231 3520 2298 διδασκαλίας
3540 2231 3665 2286 τοῦ·

2085 2342 2176 2379 τον
2215 2324 2328 2396 ἔχει
2365 2323 2458 2377 τὸν
2502 2323 2851 2399 χαρακτῆρω
2886 2323 3240 2397 Κηρινθιανοί
3281 2342 3342 2378 τε
3384 2324 3521 2396 ὁμοῦ
3570 2325 3666 2381 καὶ

2085 2417 2443 2489 Μηρινθιανοὶ
2472 2409 2617 2469 οὗτοι
2650 2413 2961 2477 καλοῦνται.

2162 2505 2270 2563 Καὶ
2298 2505 2471 2558 ταῦτα
2494 2504 2622 2574 περὶ
2644 2503 2745 2573 τῆς
2763 2502 2942 2573 δεινῆς
2973 2504 3069 2557 καὶ
3092 2502 3429 2581 ἐρπετὼδους
3458 2502 3666 2575 μοχθη-

2092 2599 2213 2671 ρίας
2255 2596 2435 2650 αὐτῶν
2482 2594 2793 2660 διεξιόντες,
2842 2593 3004 2657 πάλιν
3028 2596 3121 2646 ἐπὶ
3152 2593 3252 2657 τὰς
3283 2594 3410 2664 ἑξῆς
3441 2593 3668 2664 προϐαί-

2089 2705 2274 2760 νομεν·
2321 2685 2772 2759 εὐχαριστοῦντες
2819 2686 2937 2756 μὲν,
2983 2686 3064 2739 ὅτι
3099 2685 3158 2738 τὸ
3200 2685 3435 2753 πέλαγος
3462 2686 3667 2737 τούτων

2089 2782 2197 2839 τῶν
2226 2781 2413 2835 κακῶν
2446 2780 2731 2850 δογμάτων
2759 2778 3008 2841 ἀϐλαϐῶς
3034 2777 3414 2847 διενηξὰμεθα’
3442 2776 3671 2846 εὐχόμε-

2090 2893 2169 2928 νοι
2198 2874 2275 2940 δὲ,
2308 2874 2396 2927 ἴνα
2426 2873 2485 2925 ὲν
2514 2874 2635 2934 ταῖς
2668 2869 2793 2940 ἑξῆς
2827 2872 3275 2941 παρεντυχόντες,
3312 2870 3386 2932 ὡς
3430 2872 3511 2933 εἰς
3550 2868 3668 2921 δια-

2092 2968 2353 3023 Θαλάττια
2381 2967 2476 3021 καὶ
2497 2964 2734 3036 θηριώδη
2765 2965 2941 3036 βράχη
2972 2964 3439 3035 παρεμπεσὸντες,
3459 2962 3539 3033 μὴ
3561 2962 3671 3014 ἁδι-

2092 3061 2370 3134 κηθῶμεν,
2399 3057 2536 3113 ἀλλὰ
2570 3058 2842 3129 σωτηρίας
2871 3056 3122 3126 τύχωμεν
3154 3054 3252 3125 τῆς
3284 3055 3391 3107 ἀπὸ
3418 3054 3514 3123 τῆς
3542 3052 3672 3124 μελ-

2092 3155 2288 3225 λούσης
2320 3155 2452 3224 ὴμῖν
2500 3149 2624 3204 καθ’
2660 3151 2933 3220 ὑφήγησιν
2966 3146 3356 3214 ἀναφαίνεσθαι
3388 3145 3667 3215 ἀληθείας,

2092 3250 2150 3303 ὲν
2186 3247 2265 3317 τῷ
2296 3232 2446 3318 ἡμᾶς
2485 3244 2740 3314 συνιστᾷν
2778 3242 2949 3313 αὐτήν
2986 3258 3045 3293 τε
3075 3240 3169 3292 καὶ
3201 3240 3299 3311 τὴν
3327 3242 3385 3292 ὲν
3412 3240 3546 3309 αὐτῇ
3578 3254 3671 3289 κε-

2091 3339 2380 3409 νοφωνίαν.
2422 3336 2513 3408 Τῷ
2542 3335 2648 3407 γὰρ
2678 3333 2988 3406 βουλομένῳ
3014 3332 3259 3394 σκοπεῖν,
3292 3332 3386 3384 καὶ
3424 3330 3519 3393 τὰς
3547 3329 3672 3382 10'3-

2090 3448 2201 3486 των
2231 3431 2375 3494 ἰδέας
2417 3429 2780 3500 ἀναγράφειν,
2827 3426 2922 3479 καὶ
2966 3424 3104 3496 αὕτη
3142 3422 3669 3495 παρεικασθήσεται,

2092 3523 2168 3587 ὡς
2200 3521 2417 3591 ἀληθῶς
2450 3519 2727 3589 δικεφὰλῳ
2757 3518 2865 3571 τινὶ
2888 3518 3029 3586 δφει,
3062 3516 3149 3570 διὰ
3174 3515 3234 3568 τὸ
3261 3513 3547 3585 διώνυμον,
3577 3513 3672 3565 καὶ

2091 3617 2161 3687 τῇ
2209 3614 2518 3684 καλουμένῃ
2549 3612 2800 3683 σηπεδόνι
2836 3610 3043 3681 ἐχίδνῃ.
3078 3611 3145 3679 τῇ
3182 3606 3409 3679 κομώσῃ
3437 3607 3535 3675 μὲν
3562 3606 3673 3657 πᾶν

2091 3709 2153 3764 τὸ
2201 3707 2360 3779 σῶμα
2401 3707 2571 3775 αὐτῆς
2624 3707 2681 3757 ὲν
2722 3703 2894 3775 θριξὶν
2920 3702 3197 3773 ὲρυθραῖς,
3233 3700 3332 3752 οὐκ
3372 3698 3570 3767 ἐχούσῃ
3613 3696 3672 3749 δὲ

2092 3798 2215 3853 οὐδὲ
2238 3796 2391 3866 αἰγὸς
2419 3796 2540 3850 οὐδὲ
2564 3794 2841 3867 προϐάτου
2874 3792 3035 3861 φύσιν
3063 3791 3095 3860 ἦ
3122 3791 3308 3860 δορὰν,
3334 3787 3477 3841 ἀλλά
3505 3788 3671 3857 ἑρπε-

2090 3890 2209 3953 τοῦ,
2245 3888 2338 3943 καὶ
2367 3888 2466 3960 τὴν
2506 3887 2683 3958 λύμην
2730 3883 3078 3956 ἐργαζομένη
3125 3880 3214 3933 διὰ
3256 3877 3349 3932 τοῦ
3393 3877 3675 3948 δήγματος

2091 3985 2206 4047 τοῖς
2242 3979 2795 4052 παρεντυγχάνουσιψ
2843 3960 3225 4045 ἀνατρεπούσῗῃ
3266 3970 3323 4024 δὲ
3361 3972 3487 4031 τοὺς
3534 3969 3673 4038 αὐτῇ

2093 4074 2449 4145 πειθομένους
2477 4070 2552 4142 πὴ
2585 4070 2683 4142 μὲν
2710 4068 2817 4122 ἀπὸ
2859 4066 3094 4129 παλαιᾶς
3125 4062 3422 4136 θρησκείας
3464 4061 3534 4113 τὰ
3574 4060 3673 4130 τῆς

2091 4166 2235 4231 Νέας
2263 4165 2538 4235 Διαθήκης
2561 4159 2915 4232 ἀφανιζούσῃ,
2945 4159 3022 4230 πὴ
3049 4159 3105 4211 δὲ
3125 4156 3215 4232 διὰ
3241 4155 3414 4223 λόγων
3439 4151 3671 4223 ψευδῶν,

2092 4259 2169 4322 ὡς
2188 4258 2297 4311 ἀπὸ
2319 4257 2464 4320 Νέας
2497 4255 2791 4326 Διαοήκης,
2823 4251 2965 4305 κατά
2996 4250 3102 4303 τῶν
3130 4248 3239 4302 ἀπὸ
3270 4246 3569 4318 περιτομῆς
3593 4244 3676 4306 εἰς

2091 4348 2326 4418 Χριστὸν
2364 4344 2805 4399 πεπιστευκότων
2843 4338 3156 4395 ἀποστόλων
3188 4338 3287 4401 τὰς
3313 4334 3675 4407 ψευδηγορίας

417 4420 727 4491 quibusque
756 4421 920 4479 letqu
969 4420 1147 4487 atl‘ert,
1182 4431 1241 4477 ut
1287 4433 1344 4478 et
1374 4426 1599 4483 haeresis
1632 4428 1724 4483 illa
1756 4441 1986 4489 sectato-

2093 4436 2484 4510 περιφερούσῃ·
2518 4429 2587 4507 ἦς
2626 4436 2723 4505 τήν
2766 4450 2826 4487 τε
2859 4432 3021 4502 σῆψιν
3050 4430 3261 4489 καὶτὸν
3292 4428 3388 4489 ἰὸν,
3428 4427 3521 4479 καί
3550 4424 3674 4486 τοὺς

418 4528 506 4566 res
536 4527 667 4567 suos
696 4520 889 4567 enecat
924 4530 938 4567 :
971 4528 1096 4566 cum
1128 4522 1221 4567 aut
1246 4515 1443 4573 Vetere
1475 4517 1826 4577 Testamento
1856 4524 1993 4579 ritu-

416 4620 523 4673 que
549 4603 613 4658 ad
647 4604 1001 4663 evertendum
1034 4605 1244 4662 Novum
1275 4609 1481 4677 utitur;
1504 4623 1599 4666 aut
1631 4614 1992 4674 fraudulentis

418 4698 725 4751 rationibus
757 4712 825 4753 ex
867 4696 1019 4753 Novo
1053 4697 1402 4757 Testamento
1443 4704 1801 4776 depromptis,
1855 4725 1987 4780 apo-

2091 4532 2306 4594 ὀδόντας
2331 4528 2410 4599 τῷ
2438 4526 2577 4598 ξύλῳ
2604 4526 2705 4597 τῆς
2736 4524 2991 4596 ἀληθείας
3022 4522 3315 4584 παίσαντες
3340 4521 3433 4573 καὶ
3458 4515 3673 4586 συντρί-

2091 4624 2314 4693 ψαντες,
2340 4622 2432 4674 ἐπὶ
2454 4619 2552 4682 τὰς
2578 4616 2890 4689 μετέπειτα,
2921 4615 2997 4678 ὼς
3024 4616 3304 4685 προεῖπον,
3340 4609 3587 4683 χωρῆσαι
3611 4606 3673 4659 ἐν

2094 4717 2162 4785 τῇ
2191 4712 2325 4767 Θεοῦ
2356 4710 2586 4780 δυνάμει
2616 4708 2959 4778 σπεύσωμεν.

407 4789 610 4854 ,ειοΙοςη
646 4788 738 4859 qui
773 4790 1248 4846 ecircumcisione
1281 4792 1349 4846 ad
1412 4795 1616 4851 Christi
1673 4813 1733 4853 se
1783 4800 1965 4868 ﬁdem,
2021 4808 2370 4877 applicarunt
2443 4801 2582 4855 falso
2628 4799 2946 4871 impugnare
2994 4796 3205 4853 nititur.
3245 4792 3416 4862 Cujus
3454 4788 3675 4860 quidem

416 4882 694 4937 tabiﬁcum
745 4885 921 4949 virus,
985 4892 1148 4955 atque
1195 4884 1389 4943 dentes
1422 4891 1681 4960 quoniam
1741 4897 1987 4955 veritatis
2029 4900 2187 4970 quasi
2236 4897 2383 4953 fuste
2436 4894 2790 4950 contudimus
2822 4900 2878 4947 et
2917 4890 3299 4953 contrivimus,
3334 4884 3400 4940 ad
3430 4899 3522 4939 eas
3552 4898 3675 4951 quae

417 4988 829 5049 consequuntur
859 4980 1207 5047 ret‘ellendas,
1272 4983 1349 5041 uti
1418 4985 1657 5044 diximus
1684 4995 2033 5063 progreditur
2070 5011 2135 5051 ac
2164 4994 2389 5052 festinat
2427 4991 2629 5047 oratio.

792 5114 1165 5182 ADVEﬁSUS
1196 5117 1613 5188 NAZARASOS,

652 5232 923 5313 Quw’est
978 5251 1163 5307 ordine
1221 5251 1328 5322 IX,
1381 5243 1461 5319 vel
1508 5255 1725 5319 XXIX.

487 5357 528 5411 l.
570 5358 779 5414 Exinde
821 5359 1061 5418 Nazaraei
1092 5367 1325 5434 proximi
1358 5378 1509 5436 sunt,
1549 5372 1645 5441 qui
1688 5372 1805 5428 sive
1842 5375 1991 5444 p110-

454 5514 600 5599 .i9'l)
640 5513 1011 5599 Ναζωραῖῳν.
1047 5517 1123 5599 [ξε
1164 5519 1477 5590 Nazarmis,
1544 5527 1631 5599 vel
1689 5527 1991 5587 Nazarenis

416 5585 540 5636 vide
563 5600 683 5666 quae
699 5585 1039 5666 ad‘ludaicus
1070 5589 1307 5666 haereses
1330 5585 1480 5666 tomo
1505 5598 1688 5666 priore
1716 5585 1986 5657 diximus;

421 5666 548 5732 nam
591 5658 726 5707 istos
757 5657 786 5706 ε
806 5657 1122 5732 prioribus
1145 5661 1393 5732 diversos
1436 5657 1626 5732 fuisse,
1657 5685 1767 5723 non
1798 5672 1989 5725 admoo

422 5719 554 5778 dum
589 5719 880 5792 persuadi-t
930 5726 1286 5797 Epiphanius.
1339 5719 1989 5809 Eranten'imvl—‘iaﬁzaraei,

2507 5130 2700 5186 ΚΑΤΑ
2741 5129 3133 5186 ΝΑΖΩΡΜΩΝ
3163 5126 3298 5200 (97).

2404 5271 2636 5341 Ἑνάτη,
2672 5271 2712 5340 ἡ
2746 5269 2846 5326 καὶ
2875 5269 3123 5338 εἰκοστὴ
3178 5267 3380 5335 ἐνάτη.

2162 5377 2240 5431 A'.
2292 5375 2601 5449 Ναζωραϊοι
2648 5376 2883 5448 καθεξῆς
2921 5376 3130 5441 τούτοις
3167 5378 3411 5442 ἕπονται,
3459 5374 3575 5445 ἅμα
3613 5390 3676 5427 τε

2095 5534 2186 5602 qui
2242 5549 2362 5587 cum
2411 5532 2503 5587 Dei
2550 5534 2752 5588 Filium
2795 5536 3171 5605 conﬁterentur
3219 5551 3334 5590 esse
3378 5533 3675 5597 Christum,
3740 5601 3745 5604 .

2098 5605 2275 5676 omnia
2318 5615 2493 5676 tamen
2537 5608 2726 5676 ueteris
2775 5606 2902 5676 legis
2944 5605 3327 5668 observabant,
3360 5606 3437 5658 ait
3485 5605 3678 5673 Augu-

2097 5674 2294 5727 stinus.
2322 5673 2425 5740 Qui
2449 5682 2504 5726 et
2534 5674 2774 5730 Matthaei
2811 5673 3138 5739 llebraicum
3170 5675 3525 5741 Evangelium
3572 5677 3673 5727 ha-

2099 5742 2228 5797 bere
2267 5758 2388 5799 sese
2432 5744 2785 5813 jactitabant,
2833 5747 2912 5801 uti
2961 5756 3147 5816 postea
3196 5747 3430 5803 dicetur.
3483 5743 3559 5799 De
3601 5743 3676 5800 iis
