4018 6114
310 295 415 354 339

954 287 1320 344 ADVERSUS
1359 287 1701 344 llAZRESES
1739 287 1866 341 LIB.
1912 286 1950 343 Ι.
1992 286 2154 341 TOM.
2197 286 2336 347 ll.——
2376 287 2649 345 lleRES.
2689 289 2881 345 XXIX.

3472 289 3578 350 390

311 415 497 478 αὐτοῖς
524 412 696 479 ὄντες,
728 412 760 484 ἢ
798 412 893 465 καὶ
924 412 1029 482 πρὸ
1057 412 1256 472 αὐτῶν,
1293 411 1325 482 ἢ
1360 411 1456 463 σὺν
1489 410 1692 474 αὐτοῖς,
1719 410 1751 480 ἦ
1778 411 1894 480 μετ’

2014 424 2088 463 °es
2119 408 2245 473 illis,
2284 408 2397 462 sive
2429 411 2685 477 aequales,
2710 411 2827 465 sive
2865 409 3199 478 posteriores
3244 409 3574 472 exstiterint,

312 509 512 568 αὐτοὺς
538 505 686 575 ὅμως
727 503 1037 573 σύγχρονοι’
1072 502 1132 554 οὐ
1163 500 1272 571 γὰρ
1312 500 1700 570 ἀκριϐέστερον
1732 500 1894 554 δύνα-

318 617 416 669 μαι
444 598 701 664 ἐξειπεῖν,
732 595 876 657 τίνες
897 594 1049 655 τίνας
1072 592 1391 655 διεδέξαντο.
1421 589 1580 644 Καθὰ
1607 591 1716 660 γάρ
1736 589 1892 659 ἔφην,

317 691 604 762 σύγχρονοι
643 683 785 758 ἦσαν
834 685 1102 755 ἀλλήλοις,
1156 683 1252 736 καὶ
1296 683 1457 752 ὅμοια
1499 681 1791 752 κέκτηνται
1828 680 1896 733 τὰ

318 783 659 853 φρονήματα.
699 772 857 830 υῦτοι
887 778 994 848 γὰρ
1027 778 1239 838 ἑαυτοῖς
1279 774 1447 845 ὄνομα
1489 773 1744 826 ἐπέθεντο
1777 772 1897 842 οὐχὶ

318 872 578 942 Χριστοῦ,
609 870 731 923 οὔτε
770 868 902 923 αὐτὸ
942 868 1003 920 τὸ
1040 867 1208 937 ὄνομα
1237 865 1331 918 τοῦ
1378 864 1578 935 Ἰησοῦ,
1619 865 1752 917 ἀλλὰ
1784 865 1899 915 Να-

319 966 591 1036 ζωραίων.
625 963 730 1015 Καὶ
765 963 969 1024 πάντες
997 959 1052 1012 δὲ
1086 959 1402 1030 Χριστιανοὶ
1431 956 1740 1027 Ναζωραῖοι
1777 957 1898 1010 τότε

318 1055 581 1117 ὡσαύτως
621 1051 930 1104 ἐκαλοῦντο.
962 1047 1157 1115 Γέγονε
1187 1046 1242 1099 δὲ
1277 1046 1365 1097 ἐπ’
1397 1044 1561 1114 ὀλίγῳ
1601 1045 1778 1114 χρόνῳ
1805 1061 1903 1096 κα-

320 1147 530 1200 λεῖσθαι
563 1146 761 1206 αὐτοὺς
807 1141 1122 1204 Ἰεσσαίους,
1172 1137 1368 1209 πρὶνῆ
1414 1137 1513 1190 ἐπὶ
1551 1136 1650 1205 τῆς
1702 1137 1902 1188 Ἀντιο-

320 1242 473 1312 χείας
506 1240 681 1308 ἀρχὴν
707 1235 945 1289 λάϐωσιν
973 1235 1023 1287 οἱ
1060 1231 1297 1303 μαθηταὶ
1328 1230 1608 1284 καλεῖσθαι
1642 1231 1904 1312 Χριστια-

323 1310 424 1382 νοί.
467 1325 790 1381 Ἐκαλοῦντο
826 1323 880 1376 δὲ
919 1323 1185 1382 Ἰεσσαῖοι,
1218 1317 1306 1371 διὰ
1341 1318 1433 1370 τὸν
1478 1316 1694 1379 Ἰεσσαὶ,
1724 1310 1901 1384 οἶμαι.

336 1417 664 1488 Ἐπειδήπερ
693 1417 720 1468 ὁ
747 1413 910 1468 Δαϐὶδ
940 1411 1000 1477 ἐξ
1037 1411 1251 1475 Ἰεσσαὶ,
1281 1413 1344 1463 ἐκ
1372 1409 1429 1462 δὲ
1458 1407 1549 1462 τοῦ
1575 1406 1739 1460 Δαϐὶδ
1763 1405 1905 1458 κατὰ

321 1511 574 1580 διαδοχὴν
599 1508 913 1578 σπέρματος
940 1505 972 1575 ή
995 1503 1201 1576 Μαρία,
1231 1501 1612 1573 πληρουμένης
1633 1498 1734 1569 τῆς
1756 1497 1906 1559 Θείας

323 1601 545 1672 Γραιρῆς
576 1598 715 1652 κατά
745 1596 841 1668 τὴν
875 1594 1121 1648 Παλαιὰν
1151 1592 1426 1663 Διαθήκην
1462 1589 1556 1644 τοῦ
1588 1588 1794 1659 Κυρίου
1821 1586 1907 1639 λέ-

323 1710 516 1763 γοντος
540 1692 676 1763 πρὸς
695 1690 786 1744 τὸν
809 1687 991 1742 Δαϐίδ·
1021 1688 1122 1741 Ἐκ
1149 1683 1380 1755 καρποῦ
1406 1682 1513 1752 τῆς
1539 1682 1771 1746 κοιλίας
1790 1696 1906 1734 σου

325 1785 583 1854 θήσομαι
615 1783 713 1836 ἐπὶ
741 1781 849 1836 τοῦ
875 1781 1090 1850 θρόνου
1116 1796 1249 1834 σου.

397 1964 474 2018 B'.
517 1962 675 2015 Δέδια
720 1961 776 2014 δὲ
827 1959 947 2013 καθ’
985 1957 1223 2027 ἑκάστην
1278 1954 1533 2009 ὑπόθεσιν
1571 1952 1788 2019 λέξεως,
1833 1951 1910 2017 ὼς

326 2056 532 2126 ταύτην
569 2053 668 2124 τὴν
711 2052 1017 2121 ὑπόμνησιν
1077 2046 1339 2111 ποιοῦντι,
1365 2044 1795 2114 ιπαρακινοῦσης
1840 2061 1909 2114 με

328 2147 430 2217 τῆς
458 2143 713 2216 ἀληθείας
741 2141 839 2205 τὰς
873 2141 928 2192 ὲν
959 2138 1096 2209 αὐτῇ
1133 2139 1200 2212 τῇ
1241 2136 1384 2202 λέξει
1413 2135 1646 2205 θεωρίας
1673 2135 1909 2202 ὑποφαί-

328 2253 464 2299 νειν,
495 2233 580 2287 διά
606 2233 667 2286 τὸ
698 2231 772 2303 μὴ
805 2229 938 2282 πολὺ
970 2227 1169 2290 πλάτος
1199 2224 1656 2296 περιποιήσασθαι
1690 2226 1756 2294 τῇ
1789 2240 1913 2276 συν-

327 2328 481 2392 τάξει
511 2326 612 2396 τῆς
644 2324 967 2396 διηγήσεως.
1001 2320 1106 2376 Τοῦ
1140 2322 1250 2390 γὰρ
1291 2316 1497 2388 Κυρίου
1536 2317 1808 2386 φήσαντος
1835 2313 1912 2384 τῷ

330 2418 516 2483 Δαϐίδ,
565 2418 659 2468 Ἐκ
706 2413 936 2484 καρποῦ
963 2411 1074 2482 τῆς
1107 2412 1340 2476 κοιλίας
1373 2425 1491 2463 σου
1523 2407 1780 2476 θήσομαι
1813 2405 1914 2460 ἐπὶ

331 2511 439 2565 τοῦ
489 2509 705 2578 θρόνου
749 2522 887 2572 σου,
923 2505 1019 2558 καὶ
1048 2504 1131 2568 τὸ,
1176 2504 1398 2572 Ὠμοσε
1435 2501 1652 2568 Κύριος
1690 2498 1770 2565 τῷ
1804 2500 1914 2552 Δα-

333 2602 446 2665 ὅὶό,
503 2601 601 2656 καί
642 2601 716 2654 οὐ
760 2596 1346 2668 μεταμεληθήσεταιο
1394 2592 1572 2664 δῆλον,
1624 2592 1702 2656 ὡς
1737 2594 1770 2662 ή
1818 2589 1914 2645 τοῦ

331 2692 470 2747 Θεοῦ
500 2690 836 2764 ἀμετάθετός
878 2691 1027 2742 ἐστιν
1057 2685 1377 2755 ἐπαγγελία.
1423 2684 1534 2738 Καὶ
1573 2683 1788 2756 πρῶτον
1817 2683 1915 2754 μὲν

233 2810 240 2814 η
334 2785 417 2838 ὅτι
454 2784 616 2854 ὅρκος
649 2780 801 2852 παρὰ
833 2777 950 2850 Θεῷ
975 2777 1029 2830 τί
1057 2778 1205 2830 ἐστιν
1235 2774 1353 2829 ἀλλ’
1377 2773 1412 2844 ἢ
1443 2774 1546 2826 ὅτι·
1579 2770 1718 2825 Κατ’
1731 2771 1917 2840 ἐμαυ-

333 2874 442 2929 τοῦ
469 2873 695 2942 ὤμοσα,
726 2871 888 2942 λέγει
931 2870 1190 2937 Κύριος;
1235 2865 1308 2919 Οὑ
1352 2863 1461 2934 γὰρ
1502 2861 1640 2916 κατὰ
1673 2860 1918 2932 μείζονος

337 2967 453 3037 ἔχει
485 2967 648 3036 ὅρκον
677 2963 829 3027 Θεὸς,
863 2961 1001 3016 ἀλλά
1023 2959 1145 3013 οὐδὲ
1175 2958 1370 3029 ὄμνυσι
1395 2955 1457 3009 τὸ
1485 2955 1658 3009 Θείον.
1694 2954 1789 3016 El;
1817 2969 1922 3006 πα-

341 3059 602 3130 ράστασιν
649 3057 705 3110 δὲ
737 3053 1082 3126 βεϐαιώσεως
1131 3054 1161 3105 ὁ
1203 3050 1360 3119 λόγος
1405 3050 1518 3120 ἔχει
1546 3047 1646 3119 τὴν
1673 3046 1918 3116 δύναμιν.

1995 499 2052 552 in
2086 498 2226 552 idem
2263 499 2372 551 fere
2406 498 2620 568 tempus
2666 502 2974 556 incurrunt.
3019 500 3207 570 Neque
3243 501 3386 555 enim
3435 500 3579 554 aﬂir-

1995 603 2146 642 mare
2181 597 2332 642 certo
2362 601 2654 656 possumus
2682 589 2788 641 utri
2823 591 2962 642 utris
2998 591 3381 646 successerint.
3415 590 3578 658 117

1996 677 2200 732 Eadem
2251 681 2421 744 enim,
2473 689 2532 732 ut
2578 679 2841 746 diximus,
2882 689 3040 734 aetate
3087 682 3362 744 vixerunt,
3413 689 3469 735 ct
3523 683 3576 734 in

1999 771 2193 826 iisdem
2246 771 2596 840 dogmatibus
2655 781 2783 827 sunt
2836 773 3298 842 Opinionihusque
3353 764 3575 830 versati.

1997 861 2174 931 Atque
2210 862 2284 915 illi
2309 861 2526 931 quidem
2559 879 2668 916 non
2699 878 2728 916 a
2760 864 2998 927 Christo,
3034 879 3208 932 neque
3231 865 3297 918 ah
3323 861 3452 920 Jesu
3478 879 3580 917 no-

2001 971 2124 1008 men
2156 965 2510 1023 accepcrunt,
2547 956 2640 1010 sed
2675 972 2732 1010 se
2765 955 3056 1010 Nazarmos
3099 956 3462 1024 appellarunt.
3497 953 3584 1008 Si-

2002 1047 2219 1116 quidem
2261 1047 2561 1101 Christiani
2611 1056 2723 1100 tum
2779 1063 2972 1102 omnes
3024 1046 3264 1100 Nazareni
3312 1047 3585 1100 vocaban-

2005 1150 2113 1193 tur.
2164 1140 2486 1208 Quanquam
2535 1155 2634 1209 pro
2680 1141 2876 1210 exiguo
2920 1147 3197 1208 tempore,
3255 1137 3584 1193 Jessmorum

2004 1247 2170 1301 penes
2223 1232 2346 1286 illos
2386 1247 2584 1285 nomen
2645 1233 2868 1296 resedit,
2931 1240 3224 1299 antequam
3283 1229 3584 1284 Christiani

2004 1324 2310 1378 Antiochia:
2348 1325 2621 1379 nominari
2668 1325 2958 1394 cmperiut.
3004 1325 3081 1377 Ac
3107 1322 3316 1384 Jesszei,
3367 1331 3424 1374 ut
3468 1322 3586 1389 opi-

2006 1430 2127 1479 nor,
2167 1417 2234 1469 ah
2265 1415 2419 1471 Jesse
2455 1416 2632 1470 vocati
2685 1425 2835 1470 sunt;
2864 1414 3033 1470 David
3079 1414 3222 1468 enim
3259 1411 3411 1468 Jesse
3444 1413 3589 1468 [ilius

2005 1514 2146 1571 erat,
2177 1522 2207 1560 a
2240 1522 2349 1577 quo
2375 1508 2591 1578 generis
2621 1508 2944 1560 continuata
2983 1505 3126 1560 serie
3151 1503 3319 1558 Maria
3341 1505 3585 1574 prodiit;

2009 1598 2066 1652 in
2109 1613 2287 1669 eoque
2345 1598 2643 1669 Scriptura:
2688 1613 2862 1652 sacrae
2908 1597 3232 1651 vaticinium
3271 1595 3340 1652 ad
3379 1596 3588 1652 exitum

2009 1690 2332 1759 perductum
2369 1698 2475 1754 est,
2519 1703 2646 1743 cum
2691 1689 2747 1743 in
2779 1687 2978 1744 Vetere
3012 1687 3366 1744 Testamento
3393 1687 3585 1744 Davidi

1937 1792 1979 1850 Β
2009 1778 2273 1836 Dominus
2325 1780 2427 1834 ista
2475 1781 2850 1850 respondisset
2891 1779 3014 1834 :De
3054 1781 3230 1848 {ructu
3269 1786 3462 1838 ventris
3511 1779 3590 1834 tul

2010 1889 2203 1942 ponam
2229 1887 2384 1941 super
2417 1871 2588 1924 sedem
2627 1881 2771 1924 tuam
2796 1873 2838 1924 ¹.

2081 1965 2146 2019 ll.
2188 1963 2294 2018 Sed
2324 1964 2456 2018 illud
2482 1964 2532 2016 in
2558 1964 2787 2034 singulis
2817 1963 3115 2034 Scriptum:
3151 1962 3333 2016 verbis
3361 1961 3590 2016 afferen-

2011 2054 2096 2110 dis
2137 2055 2312 2109 vereri
2361 2053 2493 2108 mihi
2527 2053 2820 2118 succurrit,
2862 2053 2930 2108 de
2972 2069 3081 2125 quo
3118 2053 3315 2122 sa‘pius
3350 2066 3594 2106 commo-

2011 2161 2144 2201 nere
2175 2147 2344 2212 soleo,
2393 2161 2462 2200 ne
2493 2145 2623 2200 dum
2661 2160 2775 2208 eas,
2813 2159 2933 2213 qua:
2964 2145 3150 2201 verbis
3195 2144 3332 2216 ipsis
3379 2143 3590 2207 insunt,

2013 2238 2313 2294 sententias
2357 2237 2664 2306 expendere
2700 2237 2946 2290 veritatis
2977 2236 3219 2290 studium
3265 2235 3433 2306 cogit,
3471 2235 3590 2290 lon-

2011 2329 2135 2398 gius
2167 2342 2329 2398 quam
2363 2342 2460 2398 par
2489 2327 2562 2382 sit
2601 2327 2834 2382 instituti
2867 2327 3037 2382 moles
3067 2327 3252 2396 operis
3287 2333 3590 2380 excrescat.

2013 2417 2152 2473 Cum
2187 2419 2349 2490 igitur
2376 2417 2640 2472 Dominus
2670 2417 2860 2472 Davidi
2894 2416 3125 2472 dixerit:
3158 2414 3438 2488 De'fructu
3474 2432 3597 2471 ven-

2019 2510 2118 2563 tris
2155 2510 2231 2562 tui
2271 2525 2464 2579 ponam
2492 2524 2648 2576 super
2679 2508 2852 2563 sedem
2873 2518 3054 2572 tuam;
3089 2517 3143 2562 et
3182 2510 3348 2564 illud:
3381 2507 3598 2564 Iuravit

2016 2599 2275 2656 Dominus
2302 2600 2494 2663 David,
2530 2609 2580 2655 et
2605 2616 2706 2654 non
2726 2599 2992 2668 paenitebit
3015 2601 3203 2664 eum';
3237 2597 3588 2656 manifestum

2013 2701 2103 2751 est
2149 2691 2244 2749 Dei
2279 2693 2702 2763 promissionem
2756 2692 3000 2747 revocari
3033 2707 3143 2746 non
3185 2706 3368 2762 posse.
3424 2690 3600 2760 Atque

2017 2785 2075 2840 in
2118 2786 2311 2855 primis
2342 2785 2731 2857 jusjurandum
2795 2785 2926 2840 illud
2979 2785 3127 2858 quod
3166 2784 3276 2840 Deo
3315 2785 3597 2847 tribuitur,

2019 2876 2280 2949 quidnam
2312 2885 2396 2933 est
2423 2877 2589 2942 aliud,
2626 2877 2729 2932 nisi
2763 2876 2908 2931 istud
2940 2877 3138 2946 ipsum,
3175 2877 3320 2946 quod
3353 2877 3483 2931 alibi
3511 2877 3598 2929 di-

2020 2969 2198 3023 citur:
2259 2967 2364 3024 Per
2411 2969 2772 3036 memetipsum
2810 2969 3015 3038 juravi,
3064 2968 3193 3024 dicit
3252 2969 3602 3026 Dominus”?

2022 3057 2208 3128 Neque
2251 3060 2397 3113 enim
2440 3075 2538 3128 per
2595 3059 2858 3129 majorem
2910 3061 3147 3130 aliquem
3199 3060 3595 3130 jusjurandum

339 3144 475 3198 Μεθ’
507 3145 670 3214 ὅρκου
702 3143 810 3213 γὰρ
839 3140 1018 3212 ὤμοσε
1047 3139 1249 3212 Κύριος
1285 3138 1362 3208 τῷ
1418 3135 1600 3202 Δαϐὶδ,
1651 3134 1746 3189 Ἐκ
1786 3152 1912 3207 καρ-

2025 3148 2169 3205 Deus
2199 3150 2455 3222 concipit,
2507 3151 2598 3206 sed
2641 3167 2743 3206 nec
2769 3152 2921 3222 jurat
2959 3152 3177 3222 quidem
3214 3155 3460 3210 omnino.
3496 3154 3604 3210 Sed

342 3233 447 3289 ποῦ
497 3235 596 3305 τῆς
666 3234 876 3296 κοιλίας
943 3232 1129 3302 θήσειν
1193 3230 1286 3284 ἐπὶ
1337 3231 1428 3283 τὸν
1484 3229 1671 3301 θρόνον
1731 3227 1918 3282 αὐτοῦ.

343 3325 701 3400 Μαρτυροῦσι
728 3314 785 3378 δὲ
808 3327 857 3378 οἱ
885 3325 1192 3390 ἀπόστολοι,
1227 3326 1308 3379 ὅτι
1336 3326 1400 3378 ὲκ
1428 3323 1742 3395 σπέρματος
1758 3322 1923 3376 Δαϐὶδ

343 3419 450 3473 ἔδει
500 3419 592 3473 τὸν
639 3417 876 3489 Χριστὸν
919 3416 1265 3488 γεννηθῆναι⁶
1293 3417 1481 3490 ὥσπερ
1511 3413 1603 3470 οὗν
1632 3416 1726 3469 καὶ
1771 3417 1923 3484 ἐγεν-

341 3511 480 3582 νήθη
518 3512 548 3562 ὁ
586 3509 790 3581 Κύριος
833 3508 990 3580 ήμῶν
1048 3507 1254 3579 Ἰησοῦς
1285 3508 1541 3580 Χριστός.
1582 3508 1823 3580 Παρήσω
1865 3506 1922 3560 δὲ

339 3600 400 3653 τὸ
428 3599 632 3672 πλῆθος
664 3599 772 3653 τῶν
804 3599 1141 3670 μαρτυρίων,
1176 3600 1262 3653 ἵνα
1301 3600 1374 3672 μὴ
1419 3600 1501 3662 είς
1548 3599 1718 3653 πολὺν
1759 3599 1924 3668 ὄγκον

339 3693 534 3760 ἀγάγω
572 3692 661 3745 τὸν
696 3691 873 3760 λόγον,
908 3690 982 3754 ὥς
1031 3707 1094 3760 γε
1125 3693 1406 3762 προεῖπον.
1459 3689 1617 3744 Είποι
1665 3690 1710 3743 δ’
1740 3690 1806 3744 ἄν
1837 3706 1921 3753 τις

343 3782 472 3846 ἴσως
493 3803 506 3818 ο
537 3782 644 3838 Τοῦ
673 3782 910 3854 Χριστοῦ
942 3781 1293 3854 γεννηθέντος
1319 3784 1384 3834 ὲκ
1413 3783 1728 3854 σπέρματος
1758 3782 1922 3836 Δαϐὶδ

339 3877 483 3929 κατὰ
511 3876 711 3947 σάρκα,
737 3875 1017 3929 τουτέστιν
1053 3875 1160 3929 ἀπὸ
1187 3876 1285 3946 τῆς
1310 3875 1470 3944 ἁγίας
1499 3875 1770 3946 παρθένου
1801 3876 1922 3928 Μα-

343 3968 484 4039 ρίας,
512 3967 616 4019 τίνι
643 3966 878 4039 τῷλόγῳ
895 3967 988 4020 ἐπὶ
1009 3965 1103 4020 τοῦ
1123 3966 1314 4037 θρόνου
1332 3966 1496 4020 Δαϐὶδ
1515 3967 1576 4019 οὐ
1600 3965 1919 4032 καθέζεται;

341 4056 577 4116 Ἦλθον
599 4060 730 4128 γὰρ,
791 4063 926 4130 φησὶ
970 4059 1032 4112 τὸ
1075 4059 1442 4128 Εὐαγγὲλιον,
1487 4058 1694 4128 χρῖσαι
1720 4055 1923 4112 ἀὑτὸν

343 4153 430 4218 εις
458 4149 726 4214 ,βασιλέα
745 4168 756 4180 ·
800 4152 893 4203 καὶ
922 4151 1085 4219 γνοὺς
1127 4148 1463 4221 ἀνεχώρησε,
1495 4151 1589 4204 καί
1626 4149 1833 4221 ἐκρύϐη
1863 4151 1922 4203 ὲν

355 4242 597 4314 Ἐφραῒμ
624 4243 776 4297 πόλει
809 4225 910 4314 τῆς
939 4244 1171 4315 ἐρήμου.
1219 4243 1528 4306 Φθάσαντες
1557 4243 1615 4296 δὲ
1643 4244 1803 4314 ἡμεῖς
1831 4243 1923 4296 ἐπὶ

339 4335 434 4389 τὸν
465 4335 628 4388 τόπον
668 4334 761 4388 τοῦ
791 4376 795 4380 .
816 4335 979 4406 ῥητοῦ
1017 4336 1230 4402 τούτου,
1264 4335 1357 4390 καὶ
1404 4333 1746 4407 ἐρωτώμενοι
1793 4337 1922 4408 περὶ

340 4427 442 4496 τῆς
477 4427 782 4498 μαρτυρίας
815 4428 1021 4498 ταύτης
1067 4429 1161 4482 καί
1192 4428 1291 4499 τῆς
1329 4427 1658 4494 ὑποθέσεως,
1703 4428 1784 4481 ὅτι
1817 4428 1922 4481 τίνι

2024 3255 2087 3294 ea
2139 3239 2398 3310 loquendi
2457 3242 2597 3296 ratio
2633 3243 2698 3296 ad
2747 3243 3101 3299 astruendam
3157 3245 3235 3298 rei
3290 3245 3605 3302 ﬁrmitatem

2022 3332 2278 3402 pertinet.
2294 3330 2428 3386 Nam
2454 3331 2640 3388 Davidi
2657 3334 3018 3404 jurejurando
3037 3336 3288 3406 promisit
3307 3336 3599 3394 Dominus:

2023 3421 2099 3479 De
2133 3423 2315 3478 fructu
2350 3425 2555 3480 ventris
2591 3424 2763 3495 ipsius
2803 3441 2969 3495 super
3021 3427 3206 3482 sedem
3239 3428 3361 3498 ejus
3388 3444 3446 3484 se
3483 3443 3607 3484 esse

2024 3516 2357 3587 positurum.
2398 3515 2477 3570 Ita
2507 3532 2673 3586 porro
2707 3524 2980 3573 testantur
3001 3520 3252 3588 apostoli,
3282 3519 3350 3574 de
3380 3518 3602 3577 Davidis

2024 3607 2191 3676 stirpe
2226 3607 2381 3662 nasci
2414 3604 2692 3662 Christum
2725 3610 3076 3678 oportuisse:
3112 3611 3187 3668 uti
3223 3627 3412 3666 revera
3443 3611 3606 3668 Jesus

2021 3697 2274 3753 Christus
2327 3693 2590 3754 Dominus
2647 3707 2837 3755 noster
2879 3701 3119 3756 indidem
3170 3703 3438 3758 oriundus
3497 3714 3602 3759 est.

2024 3787 2225 3844 Verum
2263 3805 2364 3860 ego
2387 3806 2457 3845 ne
2490 3791 2862 3862 prolixiorem,
2896 3805 2955 3846 ut
2984 3802 3109 3847 ante
3132 3792 3266 3856 dixi,
3297 3809 3605 3852 sermonem

2024 3880 2350 3946 instituam,
2417 3883 2856 3938 testimoniorum
2925 3884 3318 3954 amplissimam
3387 3887 3604 3956 copiam

2022 3973 2398 4046 praetermitto.
2448 3972 2690 4040 Ateni-,
2740 3975 2888 4028 dicat
2920 3975 3146 4044 aliquis,
3177 3975 3312 4030 Cum
3341 3993 3409 4030 ex
3445 3977 3606 4030 Davi-

2025 4063 2110 4119 dis
2142 4065 2333 4133 stirpe,
2369 4070 2642 4133 quatenus
2680 4080 2845 4120 carne
2893 4073 3130 4128 constat,
3179 4077 3500 4137 procreatus
3534 4069 3606 4127 sit

2023 4155 2300 4218 Christus.
2328 4154 2437 4210 hoc
2464 4163 2570 4220 est,
2602 4170 2633 4211 e
2662 4155 2818 4210 beata
2855 4153 3082 4226 Virgine
3124 4155 3313 4222 Maria,
3359 4158 3489 4227 quid
3530 4159 3607 4214 ita

2026 4248 2249 4303 tandem
2278 4248 2332 4301 in
2357 4245 2580 4302 Davidis
2599 4246 2740 4302 solio
2765 4247 2989 4302 minime
3019 4248 3308 4304 consedit?
3346 4248 3608 4307 Venerunt

2022 4339 2182 4404 enim,
2216 4339 2292 4393 ait
2322 4337 2698 4408 Evangelium,
2717 4345 2774 4390 ut
2795 4339 2964 4406 ipsum
2981 4349 3239 4408 ungerent
3264 4341 3325 4392 in
3357 4357 3523 4410 regem
3547 4340 3644 4399 ‘;—

2024 4439 2080 4488 et
2106 4447 2231 4486 cum
2265 4431 2632 4502 cognovisset,
2659 4434 2915 4524 reces‘sit,
2949 4439 3111 4501 atque
3143 4431 3443 4502 Ephraimi,
3463 4433 3610 4502 quod

343 4517 420 4587 τῷ
447 4517 590 4589 λόγῳ
630 4521 767 4573 κατὰ
798 4520 859 4572 τὸ
896 4519 1157 4592 σαρκικδν
1203 4521 1265 4574 οὐ
1316 4521 1672 4592 πεπλήρωται
1705 4521 1798 4574 ἐπὶ
1829 4522 1912 4574 τὸν

2024 4524 2283 4594 oppidum
2318 4525 2374 4578 in
2410 4524 2628 4580 deserto
2652 4517 2823 4580 situui
2846 4531 2950 4586 est,
2977 4524 3215 4583 delituit.
3250 4524 3438 4594 Itaque
3469 4541 3611 4594 quo-

342 4608 570 4679 Σωτῆρα
598 4608 659 4660 τὸ
693 4609 911 4662 καθίσαι
939 4610 1032 4662 ἐπὶ
1078 4609 1167 4663 τὸν
1210 4607 1398 4680 θρόνον
1425 4609 1608 4662 Δαϐίδ’
1659 4609 1918 4680 ἐνομίσθη

339 4697 450 4768 γὰρ
481 4697 638 4751 τοῦτό
683 4717 794 4753 τισι
847 4700 923 4771 μὴ
973 4698 1406 4770 πεπληρῶσθαι·
1457 4699 1607 4769 ὅμως
1649 4699 1726 4764 ὡς
1773 4699 1922 4754 ἔστιν

340 4789 593 4861 ἐροῦμεν,
647 4791 886 4862 Οὐδεμία
941 4793 1050 4863 γὰρ
1097 4791 1244 4859 λέξις
1285 4791 1388 4862 τῆς
1431 4793 1594 4861 ἀγίας
1639 4793 1735 4846 τοῦ
1783 4791 1920 4845 Θεοῦ

339 4885 562 4956 Γραφῆς
594 4886 898 4940 διαπίπτει.

2021 4615 2166 4670 niam
2205 4622 2515 4684 opportune
2556 4614 2621 4668 ad
2657 4615 2822 4684 hujus
2867 4615 3168 4684 evangelici
3204 4615 3337 4669 dicti
3371 4618 3607 4670 ruentiu-

2019 4721 2145 4761 nem
2193 4721 2386 4762 sumus
2433 4706 2667 4776 delapsi,
2715 4706 2894 4776 deque
2943 4705 3214 4774 ejusmodi
3271 4709 3605 4770 testimonio,

2017 4805 2450 4869 argumentoque
2497 4807 2625 4854 nata
2655 4799 2885 4868 quaestio
2922 4805 3029 4860 est,
3079 4813 3179 4852 cur
3210 4798 3422 4852 scilicet
3461 4797 3620 4866 quod.

2019 4902 2048 4941 a
2080 4889 2347 4958 propheta
2379 4873 2703 4958 praedictum
2735 4888 2934 4958 fuerat,
2974 4890 3138 4959 118
3176 4888 3230 4944 in
3266 4887 3490 4942 Davidis
3521 4903 3608 4942 so-

461 5067 604 5123 Psal.
637 5083 822 5136 cxxxr,
848 5069 936 5124 Η.
1014 5069 1036 5100 ³
1064 5066 1208 5124 Psal.
1237 5081 1354 5134 cxx,
1382 5069 1438 5123 4.
1516 5068 1538 5098 ³
1575 5066 1709 5124 Gen.
1739 5083 1876 5132 χιιι,

2077 5065 2281 5123 l*Joan.
2315 5083 2391 5135 v1,
2424 5069 2510 5122 15.

346 5222 710 5292 Hieronymus
740 5221 910 5291 Epist.
937 5221 1005 5275 ad
1031 5221 1252 5292 August.
1272 5237 1291 5275 :
1309 5220 1479 5291 Usque
1495 5221 1647 5275 hodie
1666 5237 1758 5290 per
1776 5231 1915 5276 totas

345 5291 922 5363 Orientis‘Synagogas
965 5291 1366 5363 inter’Juda’os
1405 5293 1618 5346 ltwresis
1650 5302 1750 5355 est,
1788 5308 1916 5363 qua:

340 5365 535 5417 dicitur
556 5360 896 5428 Minworuin,
927 5372 978 5417 et
1009 5380 1041 5416 a
1071 5362 1360 5416 Phariswis
1396 5378 1533 5415 nunc
1567 5379 1729 5430 usque
1762 5360 1916 5414 dant-

341 5445 525 5495 natur,‘
549 5450 675 5502 quos
708 5434 857 5502 vulgo
890 5432 1184 5487 Nazara'os
1212 5444 1531 5498 nuncupant,
1563 5434 1652 5501 qui
1679 5432 1907 5502 credunt

339 5507 397 5558 in
431 5501 697 5557 Christum
725 5501 928 5556 Filium
967 5503 1084 5569 Dei,
1108 5511 1215 5556 etc.
1247 5502 1348 5558 Sed
1371 5502 1704 5555 dumoolunt
1731 5512 1779 5555 et
1810 5501 1912 5554 Ju-

341 5573 608 5640 dwikesse,
644 5581 692 5626 et
738 5573 1048 5632 Christiani.
1085 5590 1174 5627 nec
1228 5572 1409 5627 Judaei
1449 5584 1591 5635 sunt,
1628 5590 1719 5626 nec
1753 5570 1911 5626 Chri-

340 5644 525 5698 stiani.
563 5645 702 5712 Ergo
735 5643 978 5698 Nazarmi
1010 5643 1321 5698 Christiano
1367 5658 1425 5697 se
1465 5643 1686 5696 nomine
1714 5643 1909 5696 vendi-

340 5713 554 5768 tabant.
606 5712 803 5779 Fuisse
835 5730 966 5773 vero
999 5714 1094 5784 qui
1130 5715 1186 5769 in
1221 5727 1372 5768 mero
1405 5711 1689 5768 Judaismo
1717 5713 1913 5782 praeci-

2023 5238 2187 5293 puam
2220 5224 2517 5294 quamdam
2563 5223 2759 5294 eodem
2801 5223 3028 5294 nomine
3069 5231 3275 5280 sectam
3305 5223 3610 5294 constitue-

2023 5305 2166 5354 rent.
2199 5293 2268 5349 ab
2299 5310 2410 5349 uno
2445 5293 2752 5365 Epiphanio
2783 5293 3100 5365 didicimus.
3141 5294 3214 5350 De
3253 5295 3444 5348 iisdem
3493 5293 3606 5365 ag_it

2021 5366 2363 5434 Augustinus
2410 5362 2506 5420 lib.
2548 5362 2567 5418 ι
2613 5374 2800 5420 contra
2850 5363 3192 5419 Cresconium
3221 5380 3344 5433 cap.
3390 5365 3453 5417 51
3485 5380 3499 5416 :
3536 5362 3606 5416 Et

2021 5451 2159 5489 nunc
2187 5448 2310 5490 sunt
2337 5435 2554 5506 quidam
2575 5435 2831 5498 haeretici,
2851 5437 2941 5506 qui
2970 5452 3025 5490 se
3056 5434 3370 5506 Nazarenos
3397 5442 3604 5506 vocant,

2021 5522 2052 5558 a
2083 5504 2356 5561 nonnullis
2389 5517 2566 5562 autem
2598 5504 2999 5576 Symmacliiaui
3029 5505 3387 5574 appellantur,
3419 5512 3487 5576 et;
3501 5504 3607 5576 cir-

2020 5577 2395 5631 cumcisionem
2427 5571 2981 5642 liabent—Iludteorum,
3008 5571 3072 5632 δι’
3096 5571 3420 5644 baptismum
3447 5571 3607 5632 Chri-

2020 5647 2340 5702 stianorum.
