4018 6140
340 240 444 293 ΞΠὩ

1696 230 1763 286 τε.
1804 231 2157 313 EplpHANn

3480 238 3590 295 ιω

341 363 412 417 de
439 360 640 432 quibus
671 372 907 429 praesens
934 354 1219 409 institutus
1254 362 1338 410 est
1376 369 1577 409 sermo.
1619 354 1782 411 Erant
1830 357 1895 411 ilu

2010 357 2162 427 νόμῳ
2193 356 2252 409 δὲ
2283 358 2725 428 προσανέχοντες,
2763 359 2857 412 καὶ
2889 357 3190 429 περιτομὴν
3224 358 3585 429 κεκτημένον

345 467 543 519 genere
570 450 784 520 quidem
817 445 1011 512 Judaei,
1042 456 1205 514 atque
1239 445 1307 498 ad
1342 444 1513 514 legem
1542 454 1596 499 et
1617 445 1911 501 circumci-

345 545 553 600 sionem
582 541 953 594 adhaeserant:
995 537 1091 594 sed
1120 537 1580 608 quemadmodum
1612 538 1705 608 qui
1735 554 1766 594 e
1786 554 1909 608 spe-

345 634 468 687 cula
493 632 679 699 procul
699 630 876 698 ignem
903 630 1404 699 aspiciunt,'neque
1425 629 1583 698 cujus
1614 630 1686 683 rei
1715 631 1906 700 gratia,

343 739 573 796 quemve
609 723 675 778 ad
720 735 883 777 usum
930 722 1033 777 hoc
1071 720 1380 776 incendium
1414 720 1706 775 excitatum
1747 720 1911 775 fuerit

342 816 548 879 sciunt,
585 822 897 869 utrumnam
928 814 996 868 ad
1038 813 1263 868 obsonia
1302 813 1454 880 121
1490 811 1794 881 coquenda,
1827 812 1909 866 ci-

343 905 553 974 bosque
576 904 741 958 victui
770 903 1178 974 praeparandos,
1225 916 1294 956 an
1327 909 1386 955 ut
1412 903 1617 955 eremia
1648 901 1910 971 aridaque

342 996 598 1065 virgulta,
611 1003 669 1048 ut
687 994 908 1056 assolet,
926 1000 1358 1057 concremarent;
1376 991 1547 1065 sie‘illi
1567 992 1708 1047 istud
1728 992 1906 1060 ipsum

342 1059 539 1140 imitati
570 1085 893 1154 semetipsos
923 1083 1174 1138 incendio
1205 1059 1685 1152 consumpserunt.
1722 1059 1905 1152 Siqui-

340 1179 462 1233 dem
495 1177 611 1232 solo
640 1174 766 1231 Jesu
808 1176 1027 1229 nomine
1070 1174 1280 1237 audito,
1325 1175 1743 1243 conspectisque
1787 1189 1908 1243 qua:

338 1267 409 1321 ab
443 1266 707 1336 apostolis
736 1264 930 1320 ﬁerent
956 1265 1223 1334 portentis
1248 1279 1310 1317 ac
1340 1264 1644 1325 miraculis,
1671 1266 1724 1316 in
1752 1264 1905 1318 illum

335 1366 393 1415 et
434 1359 536 1428 ipsi
581 1373 799 1427 quoque
840 1357 1213 1411 crediderunt.
1271 1355 1441 1421 Quem
1491 1370 1616 1409 cum
1652 1353 1904 1410 Nazareti

336 1451 538 1508 scirent
568 1451 623 1504 in
656 1448 898 1519 Virginis
928 1457 1082 1503 utero
1114 1449 1374 1517 genitura,
1413 1456 1575 1517 atque
1607 1445 1904 1518 inJosephi

335 1538 496 1591 dmno
533 1536 818 1600 nutritum,
872 1544 926 1590 et
975 1536 1179 1591 idcirco
1226 1533 1414 1589 Iesum
1460 1535 1801 1590 Nazarenum
1848 1538 1905 1591 in

333 1626 622 1697 Evangelio
649 1627 936 1693 nominari,
955 1626 1406 1696 quemadmodum
1425 1626 1656 1695 apostoli
1680 1627 1907 1697 loquun-

2014 448 2129 503 ἀλλ’
2160 446 2348 518 ὥσπερ
2377 448 2486 502 ἀπὸ
2530 449 2738 502 σκοποῦ
2783 466 2925 514 τινες
2967 450 3291 521 θεασάμενοι
3325 448 3459 521 πῦρ,
3491 447 3590 504 καὶ

2016 540 2090 612 μὴ
2133 543 2421 611 νοήσαντες
2466 541 2531 594 δι’
2582 543 2648 611 ἣν
2692 542 2870 596 αἰτίαν
2917 545 2965 597 οἱ
3013 543 3114 613 τὴν
3156 544 3333 613 πυρὰν
3382 541 3589 613 ταύτην

2013 632 2325 701 ἐξάψαντες,
2350 632 2383 702 ἢ
2417 634 2812 704 χρησιμότητα,
2852 633 3012 687 τοῦτο
3043 635 3307 698 ποιοῦσιν,
3335 633 3370 705 ἢ
3395 635 3464 687 τὰ
3487 635 3588 704 τῆς

2012 721 2158 791 ζωῆς
2202 723 2410 775 ἑαυτῶν
2444 721 2649 792 ὀψώνια
2695 724 2831 793 πρὸς
2872 724 3069 795 ἐδωδὴν
3115 724 3204 778 διὰ
3254 724 3353 794 τῆς
3406 727 3586 795 πυρᾶς

2010 812 2532 876 κατασκευάζοντες,
2567 813 2599 883 ἢ
2629 815 2721 867 ἐπὶ
2759 813 3053 884 ἀφανισμῷ
3083 832 3245 868 τινων
3275 814 3586 868 καυστικῶν

2011 901 2183 966 ξύλων
2219 902 2252 974 ἢ
2296 904 2587 973 φρυγάνων
2619 905 2725 957 τῶν
2778 905 2882 958 ὑπὸ
2928 906 3098 976 πυρὸς
3144 904 3411 958 εἰωθότων
3456 906 3587 957 ἀνα-

2008 993 2323 1048 λίσκεσθαι·
2372 996 2516 1050 οὓτω
2555 996 2649 1050 καὶ
2687 998 2839 1049 αὐτοὶ
2879 994 3273 1069 μιμησάμενοι,
3303 996 3415 1067 πῦρ
3453 995 3587 1048 ἀνά·

2008 1082 2226 1152 ψαντες,
2257 1086 2483 1149 ἑαυτοὺς
2519 1086 2845 1158 ἐνέπρησαν.
2890 1085 3244 1149 Ἀκούσαντες
3282 1085 3393 1157 γὰρ
3422 1084 3584 1155 μόνον

2008 1172 2177 1243 ὄνομα
2218 1173 2413 1243 Ἰησοῦ,
2444 1177 2540 1228 καὶ
2572 1175 2896 1246 θεασάμενοι
2936 1177 3006 1229 τὰ
3044 1175 3344 1246 θεοσήμεια
3378 1174 3449 1228 τὰ
3492 1173 3582 1227 διὰ

2007 1264 2208 1336 χειρῶν
2232 1266 2341 1318 τῶν
2370 1266 2684 1320 ἀποστόλων
2710 1268 2990 1338 γινόμενα,
3034 1268 3129 1321 καὶ
3171 1268 3323 1321 αὐτοὶ
3353 1268 3434 1330 εὶς
3474 1268 3582 1337 Ἰη-

2009 1354 2136 1410 σοῦν
2185 1356 2519 1411 πιστεύουσι.
2571 1358 2795 1420 Γνόντες
2828 1357 2884 1411 δὲ
2927 1357 3090 1410 αὐτὸν
3132 1358 3198 1410 ἐκ
3242 1357 3496 1428 Ναζαρὲτ
3522 1357 3583 1409 ἐν

2006 1450 2203 1520 γαστρὶ
2233 1450 2693 1523 ἐγκυμονηθέντα,
2724 1451 2818 1503 καὶ
2856 1452 2914 1504 ἐν
2946 1452 3079 1520 οἴκῳ
3119 1448 3313 1519 Ἰωσὴφ
3341 1450 3582 1519 ἀνατρα-

2003 1539 2195 1609 φέντα,
2236 1541 2331 1593 καὶ
2360 1540 2449 1594 διὰ
2491 1541 2651 1594 τοῦτο
2683 1542 2740 1592 ἐν
2785 1540 2861 1610 τῷ
2906 1538 3223 1609 Εὐαγγελίῳ
3259 1538 3465 1609 Ἰησοῦν
3490 1537 3583 1593 τὸν

2005 1629 2323 1701 Ναζωραῖον
2364 1631 2678 1695 καλεῖσθαι,
2711 1630 2786 1695 ὡς
2835 1632 2931 1683 καὶ
2971 1610 3033 1684 oi‘
3069 1629 3354 1682 ἀπόστολοι
3394 1645 3579 1697 φασιν,

331 1729 459 1777 tur:
500 1719 683 1773 Jesum
720 1718 1065 1773 Nazarenam
1118 1718 1289 1772 virum
1334 1717 1685 1786 approbatum
1734 1718 1895 1787 signis

2014 1716 2257 1784 Ἰησοῦν
2286 1718 2391 1771 τὸν
2421 1719 2753 1787 Ναζωραῖον
2773 1718 2961 1787 ἄνδρα
2990 1716 3489 1787 ἀποδεδειγμένον
3508 1717 3583 1771 ἐν

330 1827 395 1867 ac
418 1809 730 1880 prodigiis‘,
755 1824 820 1862 ex
855 1824 919 1862 eo
951 1822 1149 1863 nomen
1183 1807 1285 1861 sibi
1315 1806 1461 1861 istud
1502 1807 1809 1876 imponunt,
1842 1813 1895 1860 ul

2004 1825 2067 1861 τε
2112 1811 2383 1877 σημείοις
2425 1812 2519 1864 καὶ
2572 1811 2799 1876 τέρασι,
2835 1811 2928 1863 καὶ
2976 1809 3045 1863 τὰ
3099 1809 3260 1880 ἑξῆς,
3315 1809 3475 1863 τοῦτο
3520 1809 3583 1862 τὸ

332 1901 574 1957 Nazaraei
605 1908 889 1963 vocentur,
920 1914 1025 1953 non
1064 1897 1312 1963 Naziraei,
1352 1914 1474 1969 qua:
1517 1914 1620 1953 vox
1663 1898 1895 1954 sanctiﬁ-

2002 1898 2172 1969 ὄνομα
2204 1900 2541 1954 ἐπιτιθέασιν
2570 1903 2770 1964 αὐτοῖς,
2798 1901 2858 1954 τὸ
2894 1900 3176 1955 καλεῖσθαι
3203 1899 3578 1971 Ναζωραίους,

331 2002 514 2050 catum
545 1995 836 2067 signiﬁcat.
870 1990 970 2046 Hic
1009 1991 1153 2046 enim
1198 1990 1471 2060 quondam
1503 1990 1899 2062 primogenitis,

330 2089 552 2159 Deoque
600 2083 937 2142 consecratis
974 2081 1257 2152 dignitatis
1306 2081 1480 2136 honor
1509 2089 1593 2136 est
1639 2082 1897 2138 habitus:

228 2204 237 2209 ι
328 2197 562 2251 quorum
588 2195 617 2234 e
647 2191 873 2233 numero
897 2173 1189 2243 Sampson,
1219 2174 1416 2242 aliique
1440 2182 1561 2243 post
1590 2174 1789 2243 ipsum,
1815 2175 1901 2230 vel

328 2283 454 2328 ante
484 2272 661 2343 ipsum
711 2270 1019 2339 com-plures
1051 2268 1399 2323 exstiterunt.
1434 2265 1546 2319 lmo
1579 2275 1632 2319 et
1660 2265 1898 2323 Joannes

324 2364 570 2432 Baptista
599 2377 661 2415 ex
704 2360 800 2415 illo
829 2358 1208 2413 dedicatorum
1241 2353 1352 2409 Deo
1386 2354 1898 2425 hominumgenere

324 2457 421 2512 fuit
448 2474 462 2523 ;
492 2456 585 2526 qui
630 2455 815 2508 vinum
847 2461 941 2507 aut
984 2452 1217 2506 siceram
1249 2463 1358 2503 non
1407 2448 1565 2501 bibit.
1602 2446 1726 2500 Fuit
1753 2449 1897 2502 enim

324 2546 640 2617 hominibus
680 2542 948 2614 ejusmodi
1001 2555 1190 2596 eorum
1236 2538 1487 2610 dignitati
1532 2548 1897 2594 consentanea

324 2637 537 2691 vivendi
572 2634 712 2688 ratio
741 2634 1059 2687 constituta.

398 2729 483 2783 Vl.
524 2726 629 2783 Sed
669 2727 759 2781 alii
797 2725 1084 2779 Nazarzros
1117 2722 1326 2792 seipsos
1359 2720 1653 2790 appellant.
1688 2721 1898 2791 Quippe

323 2821 702 2875 Nazaraeorum
751 2825 897 2871 secta
946 2814 1224 2869 Christum
1262 2810 1592 2876 antecessit,
1639 2827 1741 2865 nec
1770 2826 1895 2866 eum

322 2909 595 2981 cognovit.
634 2906 834 2963 Verum
872 2904 1212 2969 Christiani,
1255 2909 1312 2956 ut
1352 2902 1510 2956 initio
1568 2901 1786 2963 monui,
1829 2901 1897 2956 ab

320 3001 573 3058 omnibus
607 2998 849 3053 Nazaraei
887 2995 1185 3065 nuncupati
1223 3000 1351 3049 sunt
1376 3032 1391 3056 ,
1438 2991 1895 3062 quemadmodum

2000 1990 2120 2060 οὐχὶ
2147 1991 2202 2044 δὲ
2230 1992 2580 2063 Ναζιραίους,
2618 1993 2681 2045 τὸ
2709 1994 3141 2065 ἑρμηνευόμενον
3188 1993 3577 2063 ήγιασμένους.

1998 2082 2172 2141 ,Τοῦτο
2216 2083 2328 2154 γὰρ
2374 2087 2486 2148 τοῖς
2537 2083 2601 2136 τὸ
2657 2084 2884 2138 παλαιὸν
2929 2084 3005 2156 (7)
3064 2084 3431 2155 πρωτοτόκοις
3484 2086 3580 2139 καὶ

1999 2173 2117 2242 Θεῷ
2143 2173 2525 2243 ἀφιερωθεῖσιν
2554 2175 2765 2245 ὑπῆρχε
2812 2175 2873 2227 τὸ
2901 2175 3137 2244 ἀξίωμα,
3170 2168 3249 2228 ὧν
3284 2172 3366 2240 εἷς
3397 2177 3577 2247 ὑπῆρ-

1998 2282 2092 2333 χεν
2119 2267 2147 2317 ὁ
2172 2265 2428 2335 Σαμψὼν,
2465 2267 2556 2319 καὶ
2585 2267 2733 2320 ἄλλοι
2767 2269 2883 2336 μετ’
2916 2267 3096 2330 αὐτὸν,
3143 2269 3237 2321 καὶ
3268 2268 3374 2339 πρὸ
3410 2268 3578 2322 αὐτοῦ

1999 2353 2200 2408 πολλοί.
2246 2354 2405 2408 Ἀλλά
2436 2356 2528 2408 καὶ
2571 2357 2819 2425 Ἰωάννης
2846 2359 2873 2409 ὁ
2909 2357 3219 2428 Βαπτιστὴς
3253 2358 3359 2410 τῶν
3397 2359 3578 2411 αὐτῶν

1996 2447 2441 2516 ἀφηγησαμένων
2472 2446 2493 2478 ⁵
2528 2445 2605 2513 τῷ
2642 2446 2761 2516 Θεῷ
2788 2447 2880 2499 καὶ
2914 2447 3073 2512 αὐτὸς
3099 2442 3178 2510 εἷς
3204 2449 3438 2519 ὑπῆρχε,
3481 2449 3577 2502 καὶ

1997 2528 2135 2586 οἶνον
2185 2536 2279 2587 καὶ
2343 2534 2536 2605 σίκερα
2596 2536 2695 2588 οὐκ
2752 2535 2954 2589 ἔπινεν.
3013 2539 3236 2609 Ὥριστο
3293 2539 3403 2610 γὰρ
3462 2538 3576 2605 τοῖς

1996 2624 2256 2688 τοιούτοις
2293 2625 2429 2697 αῦτη
2466 2626 2720 2696 ἁρμόδιος
2742 2626 2820 2697 τῷ
2849 2626 3114 2698 ἀξιώματι
3141 2632 3173 2700 ἡ
3210 2630 3464 2683 πολιτεία.

2068 2719 2158 2784 ς’.
2195 2718 2375 2771 ’Λλλοι
2414 2717 2471 2770 δὲ
2507 2719 2882 2791 Νασαραίους⁶
2914 2720 2989 2791 (8)
3021 2722 3247 2785 ἑαυτοὺς
3289 2723 3571 2779 ἐκάλεσαν.

1995 2804 2103 2861 *Ην
2127 2809 2236 2880 γὰρ
2268 2812 2299 2881 ἡ
2333 2811 2541 2881 αἵρεσις
2567 2811 2675 2863 τῶν
2706 2812 3034 2883 Νασαραίων
3063 2813 3169 2883 πρὸ
3193 2814 3449 2884 Χριστοῦ,
3482 2816 3577 2869 καὶ

1996 2900 2230 2971 Χριστὸν
2261 2901 2359 2954 οὐκ
2397 2903 2532 2973 ᾔδει.
2580 2902 2739 2956 Ἀλλὰ
2777 2905 2870 2957 καὶ
2903 2905 3100 2968 πάντες
3142 2904 3417 2977 ἄνθρωποι
3448 2909 3574 2971 τοὺς

1995 2993 2358 3061 Χριστιανοὺς
2391 2993 2743 3064 Ναζωραίους
2781 2995 3037 3063 ἐκάλουν,
3068 2996 3142 3060 ὡς
3186 3002 3464 3068 προεῖπον,
3496 2999 3574 3062 ὡς

320 3094 398 3148 illi
429 3094 717 3154 dixerunt,
756 3090 849 3160 qui
906 3088 1133 3141 Paulum
1182 3085 1487 3155 apostolum
1532 3090 1890 3138 accusarunt:

1997 3083 2209 3152 λέγουσι
2239 3085 2667 3156 κατηγοροῦντες
2700 3087 2916 3141 Παύλου
2949 3089 3040 3142 τυῦ
3072 3090 3388 3143 ἀποστόλου·
3428 3091 3575 3147 Τοῦ-

319 3182 472 3237 Hunc
493 3221 507 3246 ,
545 3180 833 3249 inquiunt,
869 3176 1128 3230 hominem
1162 3174 1448 3227 invenimus
1475 3173 1813 3241 pestiferum,
1844 3180 1893 3227 et

318 3279 732 3340 corrumpentem
758 3266 1026 3337 populum,
1041 3274 1089 3318 et
1117 3273 1380 3318 auctorem
1410 3272 1561 3316 εεειω
1582 3260 1896 3317 Nazarena-

320 3380 437 3418 rum
476 3364 516 3416 ’.
567 3364 635 3415 At
666 3367 889 3416 sanctus
940 3357 1232 3427 Apostolus
1277 3370 1454 3424 neque
1504 3367 1701 3407 nomen
1748 3352 1895 3408 istud

318 3459 535 3528 cjurat,
566 3453 781 3509 tametsi
813 3452 884 3505 ab
940 3451 1158 3504 illorum
1202 3449 1397 3502 haeresi
1428 3446 1784 3509 abhorreret,
1839 3452 1893 3523 et

317 3550 464 3622 quod
504 3549 607 3603 sibi
627 3541 1075 3600 adversariorum
1102 3540 1446 3610 improbitate
1480 3545 1702 3609 propter
1735 3536 1894 3592 Chri-

292 3626 462 3697 istum
492 3640 802 3708 impositum
835 3640 952 3689 erat
985 3631 1312 3689 vocabulum
1339 3670 1355 3695 ,
1390 3629 1620 3683 libenter
1650 3627 1889 3682 admisit.

318 3728 395 3783 Ita
418 3731 561 3784 enim
597 3733 721 3780 ante
764 3721 1002 3777 tribunal
1033 3720 1168 3775 dixit
1215 3736 1229 3773 :
1268 3716 1449 3788 Neque
1480 3717 1534 3770 in
1577 3713 1764 3785 tempfo
1812 3717 1894 3769 in-

317 3833 562 3879 venerunt
590 3836 671 3873 me
691 3826 813 3871 'cum
841 3815 1018 3886 aliqua
1050 3812 1403 3880 disputantem
1421 3849 1435 3874 ,
1460 3819 1552 3863 aut
1582 3824 1891 3863 concursum

316 3916 595 3983 facientem
631 3911 826 3972 turba’,
864 3922 1024 3977 neque
1052 3905 1336 3976 quidquam
1368 3918 1548 3955 eorum
1577 3899 1765 3971 quibus
1813 3916 1893 3955 me

315 4013 567 4059 accusant
593 4001 812 4056 admisi.
842 3997 1113 4067 .ConﬁtleOr
1147 4003 1319 4048 autem
1358 3992 1455 4044 hoc
1492 3989 1607 4055 tibi,
1632 3992 1770 4058 quod
1808 4004 1891 4041 se-

316 4096 544 4151 cundum
567 4105 780 4157 sectam,
822 4107 978 4161 quam
1011 4088 1194 4140 dicunt
1226 4085 1447 4137 ha'i’csin
1476 4122 1490 4145 ,
1519 4083 1594 4136 sic
1617 4080 1849 4134 deservio
1871 4096 1890 4133 :

316 4189 529 4242 credens
575 4170 811 4237 omnibus
858 4197 972 4250 qua:
1020 4179 1076 4230 in
1128 4181 1234 4245 lege
1288 4187 1337 4244 et
1387 4173 1649 4243 prophetis
1696 4173 1892 4240 scripta

317 4289 440 4334 sunt
467 4279 508 4332 ³.
552 4275 738 4342 Neque
766 4287 894 4326 vero
930 4271 1126 4324 mirum
1158 4275 1283 4329 est,
1340 4266 1656 4334 Apostolum
1695 4270 1892 4317 semet—

318 4371 494 4439 ipsum
534 4364 872 4418 Nazarenum
902 4357 1144 4412 confiteri
1169 4397 1185 4421 ,
1222 4370 1345 4409 cum
1382 4353 1621 4408 universi
1667 4361 1799 4406 tunc
1825 4368 1890 4406 eo

1994 3191 2099 3227 τον
2135 3175 2241 3228 τὸν
2270 3176 2581 3244 ἄνθρωπον
2612 3178 2866 3246 ,εὕρομεν
2908 3180 3140 3250 λοιμὸν,
3174 3183 3272 3235 καὶ
3304 3182 3573 3252 διαστρέ-

1993 3281 2184 3333 φοντα
2216 3267 2321 3319 τὸν
2343 3264 2516 3329 λαὸν,
2563 3268 2994 3336 πρωτοστάτην
3031 3287 3095 3323 τε
3130 3270 3275 3324 ὄντα
3316 3270 3425 3339 τῆς
3454 3271 3575 3325 τῶν

1992 3350 2340 3420 Ναζωραίων
2384 3353 2685 3422 αἱρέσεως.
2729 3357 2787 3411 ’0
2829 3358 2885 3411 δὲ
2927 3359 3080 3427 ἅγιος
3112 3359 3435 3426 Ἀπόστολος
3470 3365 3572 3418 οὐκ

1994 3443 2235 3516 ἀρνεῖται
2268 3444 2365 3515 μὲν
2393 3446 2453 3499 τὸ
2481 3446 2669 3518 ὄνομα,
2704 3449 2822 3519 οὐχὶ
2850 3450 2946 3521 τὴν
2978 3451 3180 3505 τούτων
3206 3453 3415 3525 αἵρεσιν
3443 3458 3571 3526 ὁμο-

1993 3534 2185 3604 λογῶν,
2216 3535 2351 3589 ἀλλὰ
2391 3537 2451 3589 τὸ
2492 3536 2661 3609 ὄνομα
2690 3540 2750 3593 τὸ
2787 3540 2894 3593 ἀπὸ
2928 3542 3026 3612 τῆς
3055 3543 3163 3596 τῶν
3187 3545 3571 3614 ἀντιλεγόντων

1993 3627 2277 3692 κακονοίας
2305 3627 2394 3683 διὰ
2421 3631 2511 3683 τὸν
2545 3631 2778 3705 Χριστὸν
2822 3633 3105 3703 ἐπενεχθέν
3143 3633 3291 3707 αὐτῷ
3319 3637 3570 3707 ἀσμένως

1993 3719 2437 3790 καταδεχόμενος.
2469 3723 2608 3794 Φησὶ
2641 3723 2750 3792 γὰρ
2787 3725 2879 3777 ἐπὶ
2906 3724 2999 3777 τοῦ
3031 3724 3289 3797 βήματος·
3326 3730 3474 3783 Οὔτε
3498 3729 3573 3782 ἐν

1992 3809 2073 3875 τῷ
2097 3808 2229 3880 ἱερῷ
2253 3807 2434 3881 εὗρόν
2458 3829 2535 3881 με
2560 3814 2709 3881 πρός
2732 3831 2867 3868 τινα
2898 3815 3341 3887 διαλεγόμενον,
3374 3819 3413 3889 ἣ
3440 3821 3568 3875 ἐπι-

1992 3901 2301 3955 σύστασίν
2344 3914 2479 3957 τινα
2535 3904 2723 3971 ὄχλου
2768 3905 3090 3973 ποιοῦντα,
3134 3909 3279 3964 οὐδὲ
3320 3905 3408 3965 ὧν
3445 3931 3572 3982 μου

1993 3994 2435 4061 κατηγοροῦσιν
2466 3994 2648 4048 οὐδὲν
2672 3996 2989 4064 πεποίηκα.
3031 3998 3332 4072 Ὀμολογῶ
3368 4003 3435 4058 δέ
3466 4020 3568 4061 σοι

1991 4085 2199 4151 τοῦτο,
2229 4085 2315 4139 ὅτι
2360 4087 2509 4141 κατὰ
2540 4088 2653 4156 τὴν
2684 4088 2845 4159 ὀδόν,
2874 4088 2954 4157 ἢν
2993 4091 3225 4160 αἵρεσιν
3254 4091 3418 4151 οὗτοι
3454 4097 3569 4167 φά·-

1992 4189 2271 4240 σκουσιν,
2296 4176 2452 4229 οὕτω
2481 4177 2747 4244 λατρεύω
2765 4192 2780 4212 ν
2820 4180 3124 4234 πιστεύων
3154 4182 3305 4238 πᾶσι
3336 4184 3461 4252 τοῖς
3495 4186 3571 4240 ἐν

1990 4261 2071 4328 τῷ
2100 4265 2288 4333 νόμῳ,
2320 4265 2419 4319 καὶ
2449 4266 2520 4319 ἐν
2561 4267 2688 4331 τοῖς
2722 4269 3081 4341 προφήταις.
3119 4274 3229 4327 Καὶ
3264 4275 3325 4328 οὐ
3356 4277 3565 4348 θαῦμα,

1991 4354 2071 4407 ὅτι
2100 4356 2128 4407 ὁ
2157 4354 2475 4420 ’Δπόστολος
2502 4357 2756 4427 ὁμολογεῖ
2780 4360 2968 4414 ἑαυτὸν
2988 4360 3326 4435 Ναζωραῖον,
3352 4367 3567 4420 πάντων

315 4436 535 4515 nomine
573 4453 915 4509 Christianos
949 4454 1240 4510 vocarent,
1274 4446 1343 4499 ab
1381 4444 1577 4515 oppido
1616 4442 1884 4509 Nazaret,

1997 4445 2296 4499 καλούντων
2323 4448 2837 4531 τοὺςιΧριστιανοὺς
2875 4452 2995 4506 τότε
3032 4455 3206 4526 τούτῳ
3236 4456 3314 4527 τῷ
3345 4457 3566 4529 ὀνόματι

315 4565 415 4606 nec
445 4549 586 4602 ullus
618 4543 841 4598 alterius
866 4547 1007 4595 esset
1042 4539 1193 4594 vocis
1223 4552 1355 4591 usus
1386 4536 1493 4589 illis
1527 4535 1883 4604 temporibus,

318 4641 475 4711 122
514 4654 619 4708 qua
644 4650 737 4692 eos
769 4633 863 4703 qui
894 4629 1114 4685 Christo
1146 4642 1341 4682 nomen
1373 4625 1633 4681 dederant
1666 4635 1887 4695 possent

311 4736 635 4803 exprimere.
665 4728 738 4782 De
765 4739 872 4795 quo
904 4736 1035 4778 sane
1068 4720 1331 4789 scriptum
1358 4725 1460 4781 est,
1493 4717 1741 4788 quoniam
1774 4714 1888 4769 Na-

314 4835 536 4875 zarenus
569 4815 841 4871 vocabitur
870 4812 911 4865 δ.
945 4809 1080 4863 Nam
1125 4817 1179 4864 et
1212 4808 1368 4863 hodie
1400 4808 1632 4862 haereses
1670 4822 1883 4871 omnes,

253 4925 257 4929 '
312 4910 594 4965 Μαιήτιιωὶ
624 4908 851 4968 scilicet,
876 4901 1270 4965 Marcionistaa,
1299 4900 1565 4963 Gnostici,
1595 4900 1884 4969 czeterique

309 5002 404 5073 qui
442 4997 731 5055 Christiani
766 5011 871 5050 non
917 5000 1089 5057 sunt,
1129 4990 1566 5046 Christianorum
1603 4999 1782 5044 tamen
1814 4991 1883 5044 ab

312 5095 569 5151 omnibus
593 5088 811 5146 nomine
857 5082 1241 5154 comprehendi
1277 5082 1490 5149 solent;
1531 5091 1585 5137 et
1627 5096 1883 5151 unaquae-

1991 4538 2081 4590 διὰ
2118 4536 2369 4610 Ναζαρὲτ
2416 4539 2513 4611 τὴν
2556 4541 2739 4608 πόλιν,
2782 4543 2946 4614 ἄλλης
2989 4546 3064 4616 μὴ
3109 4546 3277 4618 οὔσης
3317 4550 3567 4622 χρήσεως

1992 4626 2069 4698 τῷ
2113 4628 2334 4699 ὀνόματι
2376 4632 2513 4702 πρὸς
2541 4633 2632 4686 τὸν
2660 4634 2869 4707 καιρὸν,
2903 4636 3041 4690 ὥστε
3084 4639 3210 4703 τοὺς
3248 4640 3567 4712 ἀνθρώπους

1993 4718 2175 4773 καλεῖν
2199 4720 2325 4784 τοὺς
2369 4720 2445 4792 τῷ
2476 4720 2692 4794 Χριστῷ
2722 4728 3167 4792 πεπιστευκότας.
3209 4731 3344 4802 Περὶ
3380 4725 3440 4785 οὗ
3470 4732 3567 4801 γέη

1992 4825 2266 4880 γραπται,
2311 4810 2442 4864 ’Ότι
2485 4810 2814 4881 Ναζωραῖος
2864 4816 3255 4884 κληθήσεται.
3301 4821 3413 4874 Καὶ
3456 4822 3567 4894 γὰρ

1991 4900 2084 4953 καὶ⁵
2115 4899 2209 4953 νῦν
2241 4900 2547 4972 ὁμωνύμως
2574 4904 2624 4954 οἱ
2659 4902 2935 4973 ἄνθρωποι
2972 4907 3152 4972 πάσας
3177 4910 3276 4973 τὰς
3303 4911 3560 4981 αἱρέσεις,

1989 4989 2322 5060 Μανιχαίους
2352 4991 2411 5044 τὲ
2453 5008 2594 5063 φημι
2622 4993 2716 5047 καὶ
2756 4995 3196 5067 Μαρκιωνιστὰς,
3227 5000 3564 5073 Γνωστικούς

1988 5099 2048 5135 τε
2087 5082 2182 5135 καὶ⁴
2220 5082 2411 5146 ἄλλους
2446 5084 2803 5155 Χριστιανοὺς
2840 5089 2967 5152 τοὺς
2998 5090 3074 5161 μὴ
3111 5090 3268 5155 δντας
3301 5093 3565 5164 Χριστιω

385 5276 541 5329 ιλει.
568 5287 631 5337 ιι,
657 5270 749 5345 2‘2.
824 5273 845 5303 ⁸
874 5269 996 5324 Act.
1032 5284 1179 5336 xxxv,
1213 5269 1264 5324 5.
1344 5267 1367 5301 ³
1395 5266 1524 5321 ibid.
1550 5265 1749 5320 12-14.
1829 5265 1895 5319 ’⁸1

1997 5266 2066 5320 ιιι.
2090 5281 2151 5331 ιι,
2175 5266 2264 5322 25.
2343 5266 2364 5299 ⁸
2390 5265 2453 5319 F.
2476 5268 2675 5332 αὐτούς
2692 5269 3158 5342 ἀφιερωσαμένων
3256 5272 3279 5303 ⁶
3304 5288 3395 5345 γρ.
3422 5270 3563 5325 Ἀλλ’

312 5349 379 5401 οὺ
411 5347 468 5400 δὲ
501 5341 858 5413 Νασοραίους.

384 5436 459 5516 (3)
503 5433 684 5516 Τοῧῖο
708 5431 817 5513 γὰρ
843 5431 982 5516 ,τεξς
1014 5431 1079 5516 ῖίδ
1106 5430 1394 5516 Ἠλαίδνί
1415 5428 1482 5516 ἓί
1512 5443 1581 5516 9.9
1609 5442 1877 5516 Ψξπῖοίὲἳῗ

314 5496 454 5560 ιιίιῖέ
488 5496 742 5559 omnibus
777 5496 1079 5567 intelligat,
1113 5500 1307 5554 falsum
1351 5497 1474 5553 erit.
1508 5496 1695 5567 Neque
1729 5496 1874 5567 enim

316 5573 656 5645 primogeniti
711 5587 915 5645 omnes
956 5566 1195 5645 Nazareni
1257 5568 1514 5645 fuerunt,
1571 5566 1666 5622 sed
1723 5566 1876 5645 ἀορίέ

318 5636 568 5709 ῖιτως,’θκ.
591 5643 658 5697 de
686 5641 1009 5712 quibusdam
1041 5639 1247 5709 accipe.
1282 5645 1341 5691 ut
1373 5636 1441 5693 de
1470 5636 1801 5706 Sampsone,’
1822 5644 1878 5692 et

1983 5426 2032 5482 si
2069 5427 2163 5499 qui
2198 5428 2288 5482 alii
2312 5429 2703 5499 ejusdemmodi
2734 5433 2956 5489 fuerint.

2056 5498 2132 5565 (8)
2160 5498 2387 5573 _'A._1_.10t
2433 5501 2500 5554 δὲ
2545 5504 2945 5573 Νασαραίους.
2988 5501 3065 5558 De
3113 5503 3199 5559 his
3242 5503 3453 5573 egimus
3490 5499 3556 5556 ad

1938 5592 1943 5601 ε
1982 5565 2215 5625 [πει-θείη
2249 5567 2654 5641 Nazarazorum,
2674 5565 2794 5643 quae
2821 5582 2905 5633 est
2933 5574 2991 5631 in
3017 5573 3112 5630 lib.
3143 5587 3183 5638 ι,
3214 5565 3411 5629 ordine
3439 5586 3554 5627 nx.
