4004 6180
388 377 527 484 tot

1062 420 1434 480 ADVERSUS
1473 422 1817 497 ΗᾸΞΒΕΞΕΞ
1854 421 1982 482 LiB.
2022 422 2064 477 l.
2103 418 2269 477 TOM.
2312 417 2376 473 ll.
2402 446 2473 459 ——
2510 415 2789 477 HERES.
2829 415 3023 475 XXIX.

3595 414 3698 472 ‘0‘?

422 544 549 609 νοῦς
592 540 840 597 καλοῦσι’
870 539 973 595 καὶ
1002 541 1152 612 ὅμως
1182 543 1388 614 ἑκάστη
1422 545 1647 616 αἵρεσις,
1679 542 1880 615 καίπερ
1919 543 2015 597 ἄλ-

2123 556 2224 610 que
2248 548 2427 601 secta,
2457 536 2584 593 licet
2619 538 2726 592 alio
2753 538 2969 593 nomine
2994 544 3313 602 censeatur,
3350 535 3402 592 id
3443 536 3547 592 sibi
3597 551 3703 591 no»

423 633 532 697 λως
570 632 837 703 λεγομένη
858 669 874 694 ,
904 630 1257 702 καταδέχεται
1296 632 1455 686 τοῦτο
1486 633 1781 705 χαίρουσα,
1809 634 1889 686 ὅτι
1920 633 2009 685 διὰ

423 722 518 778 τοῦ
565 710 833 793 ὀνόματος
876 725 1186 794 κοσμεῖται.
1231 723 1460 778 Δοκοῦσι
1507 726 1618 798 γὰρ
1658 727 1750 778 ἐπὶ
1794 726 1872 796 τῷ
1917 724 2011 780 τοῦ

421 812 661 884 Χριστοῦ
706 813 1062 884 σεμνύνεσθαι
1107 815 1355 886 ὀνόματι,
1388 818 1449 870 οὺ
1482 817 1587 889 μὴν
1613 821 1679 889 τῇ
1713 818 1893 872 πίστει
1921 821 2014 872 καὶ

420 908 537 967 τοῖς
565 905 768 977 ἔργοις.
798 906 956 959 Οὕτω
988 907 1084 963 καὶ
1114 909 1164 960 oi
1206 907 1351 976 ἆγιοι
1380 908 1475 961 τοῦ
1505 910 1740 981 Χριστοῦ
1777 909 2014 982 μαθηταὶ

424 998 549 1050 τότε
583 997 830 1069 μαθητὰς
854 998 1029 1068 Ἰησοῦ
1062 999 1290 1063 ἑαυτοὺς
1314 1000 1563 1062 ἐκάλουν,
1588 1000 1776 1071 ὥσπερ
1802 997 1894 1056 οὖν
1920 1003 2015 1054 καὶ

423 1082 599 1156 ἦσαν’
660 1087 952 1150 ἀκούοντες
1003 1087 1062 1140 δὲ
1104 1088 1259 1159 παρὰ
1300 1080 1477 1144 ἄλλων
1517 1092 1863 1162 Ναζωραῖοι,
1916 1093 2014 1145 ούκ

425 1175 728 1245 ὴναίνοντο,
762 1176 854 1230 τὸν
892 1178 1094 1231 σκοπὸν
1125 1179 1454 1250 θεωροῦντες
1483 1181 1590 1233 τῶν
1619 1180 1778 1234 τοῦτο
1817 1184 2016 1248 αὐτοὺς

426 1267 771 1332 καλούντων,
795 1269 877 1322 ὄτι
915 1268 1002 1322 διὰ
1035 1268 1269 1342 Χριστὸν
1306 1272 1503 1335 αὐτοὺς
1535 1272 1791 1326 ὲκάλουν’
1830 1273 2017 1355 ἐπειδὴ

425 1358 522 1411 καὶ
562 1359 729 1422 αὐτὸς
768 1359 797 1411 ὁ
844 1360 1048 1430 Κύριος
1099 1362 1309 1431 Ἰησοῦς
1363 1362 1687 1434 Ναζωραῖος
1729 1365 2013 1431 ἐκαλεῖτο,

425 1449 620 1521 ὥσπερ
652 1450 766 1521 ἔχει
793 1450 864 1505 τὰ
891 1452 1220 1522 Εὑαγγὲλια,
1260 1456 1354 1508 καὶ
1389 1456 1445 1509 αί
1478 1453 1714 1526 Πράξεις
1739 1457 1847 1510 τῶν
1877 1460 2016 1512 ἀποο

430 1543 652 1598 στόλωΨ
681 1543 769 1597 διὰ
796 1544 857 1597 τὸ
886 1544 945 1598 ὲν
974 1548 1039 1616 τῇ
1075 1546 1228 1599 πόλει
1256 1547 1511 1619 Ναζαρὲτ
1543 1548 1727 1610 αὑτὸν,
1758 1547 1921 1623 κώμῃ
1959 1549 2016 1603 δὲ

429 1635 501 1689 τὰ
544 1636 637 1690 νῦν
677 1636 835 1709 οὔσῃ,
868 1638 1273 1710 ἀνατετράφθαι
1304 1641 1363 1697 ὲν
1393 1640 1526 1710 οίκῳ
1563 1640 1793 1712 Ἰωσὴφ,
1827 1659 2019 1713 γεννη-

428 1726 596 1781 θέντα
628 1727 770 1782 κατά
800 1729 979 1802 σάρκα
1009 1732 1067 1784 ὲν
1098 1730 1347 1802 Βηθλεὲμ
1384 1732 1493 1785 ἀπὸ
1522 1732 1740 1804 Μαρίας
1775 1734 1873 1803 τῆς
1899 1735 2017 1787 ἀει-

428 1820 704 1892 παρθένου
730 1821 828 1892 τῆς
862 1822 1349 1894 μεμνηστευμένης
1377 1823 1574 1894 Ἰωσὴφ
1600 1823 1677 1894 τῷ
1699 1826 1755 1877 ὲν
1782 1826 1848 1896 τῇ
1880 1825 2015 1896 αὐτῇ

428 1913 687 1985 Ναζαρὲτ
729 1915 1098 1987 μετῳκηκότι,
1148 1915 1284 1986 μετά
1323 1916 1386 1968 τὸ
1425 1916 1534 1969 ἀπὸ
1566 1916 1815 1989 Βηθλεὲμ
1855 1917 2017 1972 αὐτὸν

432 2006 849 2077 μεταναστάντα
879 2007 937 2060 ὲν
965 2009 1031 2077 τῇ
1063 2006 1320 2079 Γαλιλαία
1353 2007 1784 2079 κατοικισθῆναι.

503 2181 576 2235 Z'.
609 2172 771 2234 Οῦτοι
799 2180 856 2234 δὲ
886 2181 936 2233 οἱ
979 2179 1368 2252 προειρημένοι
1407 2181 1750 2252 αἱρεσιῶται,
1781 2182 1911 2254 περὶ
1942 2176 2019 2238 ὧν

430 2268 670 2322 ἐνταῦθα
696 2268 793 2341 τὴν
822 2271 1098 2342 ἀφήγησιν
1123 2269 1444 2341 ποιούμεθα,
1468 2272 1732 2343 παρέντες
1756 2271 1820 2325 τὸ
1848 2272 2020 2343 ὄνομα

430 2361 527 2413 τοῦ
556 2360 754 2431 Ἰησοῦ,
783 2360 906 2415 οὗτε
941 2363 1234 2428 Ἰεσσαίους
1260 2364 1486 2426 ἑαυτοὺς
1515 2363 1870 2435 κεκλήκασιν,
1893 2363 2017 2418 οὔτε

430 2450 542 2504 τῶν
578 2450 851 2505 Ἰουδαίων
889 2451 1109 2522 ἔμειναν
1150 2450 1366 2524 ἔχοντες
1403 2452 1465 2505 τὸ
1492 2452 1685 2523 ὄνομα,
1725 2452 1850 2506 οὔτε
1885 2455 2021 2526 Χρι-

431 2544 681 2606 στιανοὺς
742 2545 969 2607 ἑαυτοὺς
1029 2545 1411 2615 ἐπωνόμασαν,
1456 2544 1594 2599 ἀλλά
1635 2544 2018 2617 Ναζωραίους,

429 2630 593 2701 δῆθεν
627 2631 735 2685 ἀπὸ
763 2633 865 2702 τῆς
902 2633 996 2687 τοῦ
1029 2634 1217 2700 τόπου,
1254 2635 1355 2706 τῆς
1384 2634 1640 2707 Ναζαρὲτ
1678 2637 2017 2707 ἐπωνυμίας.

430 2720 517 2774 Τὰ
542 2722 718 2775 πάντα
747 2722 804 2775 δέ
831 2724 967 2778 εἰσιν
996 2725 1262 2792 Ἰουδαῖοι,
1289 2727 1384 2778 καὶ
1412 2726 1564 2779 οὐδὲν
1576 2726 1795 2798 ἕτερον.
1825 2726 2021 2799 Χρῶνο

428 2828 520 2864 ται
547 2811 604 2864 δὲ
629 2806 772 2867 οὗτοι
798 2815 857 2868 οὐ
887 2815 1047 2883 μόνον
1074 2816 1190 2887 Νέᾳ
1213 2815 1485 2888 Διαθήκῃ,
1507 2816 1643 2869 ἀλλὰ
1666 2818 1762 2871 καὶ
1786 2819 2027 2890 Παλαιᾷ,

432 2903 689 2976 καθάπερ
724 2906 818 2960 καὶ
847 2908 895 2960 oi
924 2907 1188 2963 Ἰουδαῖοι.
1222 2909 1297 2961 Οὐ
1324 2908 1434 2980 γὰρ
1475 2909 1852 2982 ἀπηγόρευται
1887 2912 2021 2982 παρ’

432 2995 623 3059 αὐτοῖς
669 2996 963 3067 νομοθεσία
1009 3000 1104 3052 καὶ
1155 3000 1430 3070 προφῆται
1485 3000 1581 3053 καὶ⁵
1629 3004 1904 3071 γραφεῖα,
1950 3002 2023 3058 τὰ

439 3086 591 3156 παρὰ
621 3086 900 3153 Ἰουδαίοις
935 3089 1011 3161 (9)
1056 3089 1365 3161 καλούμενα
1405 3090 1615 3157 Βιϐλία,
1651 3092 1840 3165 ὥσπερ
1869 3094 2023 3166 παρά

433 3177 548 3238 τοῖς
586 3179 1037 3250 προειρημένοιςο
1068 3181 1189 3234 οὐδέ
1231 3199 1285 3234 τι
1325 3180 1511 3253 ἕτερον
1535 3176 1681 3236 οὗτοι
1707 3185 2018 3255 φρονοῦσιν,

2117 630 2282 686 minis
2316 631 2547 686 libenter
2581 630 2831 693 asciscit,
2866 630 3009 699 quod
3055 629 3159 684 hoc
3208 645 3332 685 esse
3371 628 3476 685 sibi
3513 627 3696 684 decori

2115 737 2277 794 alque
2307 730 2630 779 ornamento
2658 721 2884 791 judicat.
2916 719 3126 790 Quippe
3164 720 3280 776 solo
3310 719 3514 775 Christi
3536 736 3700 775 voca-

2113 816 2263 883 bulo,
2294 830 2403 869 non
2433 814 2537 870 lide
2561 822 2724 884 atque
2755 812 3014 882 operibus
3041 813 3260 883 gloriari
3287 813 3558 867 videntur.
3592 813 3700 867 Eo-

2114 908 2234 962 dem
2262 908 2424 962 modo
2458 907 2634 962 sancti
2662 905 2868 961 Christi
2900 903 3154 974 discipuli
3182 920 3302 960 sese
3327 912 3440 959 tum
3472 905 3525 959 id
3552 907 3696 976 quod

2113 1008 2269 1052 erant
2292 996 2421 1052 Iesu
2469 998 2768 1066 discipulos
2811 996 3114 1060 vocabant;
3146 1011 3323 1066 neque
3355 1002 3538 1050 tamen
3570 1012 3696 1051 cum

2116 1091 2184 1144 ab
2227 1090 2350 1143 aliis
2383 1088 2653 1143 Nazareni
2684 1090 3022 1150 dicerentur,
3064 1102 3259 1141 nomen
3289 1086 3433 1141 istud
3473 1103 3697 1144 recusa-

2116 1179 2247 1233 bant
2271 1220 2283 1243 ,
2315 1195 2438 1233 cum
2472 1179 2540 1232 ad
2584 1194 2773 1233 eorum
2802 1219 2817 1242 ,
2868 1193 2900 1231 a
2927 1176 3128 1247 quibus
3157 1170 3235 1231 sic
3260 1177 3696 1247 appellabantur,

2118 1270 2275 1324 linem
2312 1285 2645 1338 scopumque
2670 1269 3040 1337 respicerent,
3075 1267 3167 1335 qui
3204 1268 3307 1322 hoc
3337 1282 3459 1322 sese
3481 1267 3700 1322 nomine

2117 1361 2321 1418 Christi
2360 1378 2527 1418 causa
2575 1361 2886 1425 donabant;
2938 1359 3379 1431 quandoquidem
3432 1369 3487 1415 et
3538 1359 3700 1416 Iesus

2118 1452 2236 1523 ipse
2264 1450 2580 1507 Nazarcnus
2606 1452 2907 1523 appellatus
2933 1461 3050 1518 est,
3081 1459 3143 1507 ut
3198 1452 3255 1505 in
3298 1440 3606 1520 Evangeliis
3647 1460 3701 1508 et

2118 1544 2487 1613 apostolorum
2512 1543 2738 1599 Actibus
2766 1543 2993 1613 legitur:
3029 1558 3128 1612 pro
3161 1558 3227 1597 eo
3247 1543 3392 1612 quod
3419 1544 3472 1596 in
3500 1543 3701 1613 oppido

2117 1635 2366 1691 Nazareti
2394 1678 2410 1703 ,
2439 1636 2532 1707 qui
2565 1636 2726 1691 hodie
2752 1650 2921 1706 pagus
2971 1642 3095 1701 est,
3148 1634 3203 1690 in
3239 1634 3450 1690 aedibus
3476 1632 3701 1704 Iosephi

2118 1727 2282 1783 fuerit
2310 1727 2595 1791 educatus,
2632 1742 2987 1797 posteaquam
3020 1724 3353 1781 Bethlebemi
3380 1725 3447 1780 de
3477 1723 3733 1795 Virgine,

2119 1818 2290 1875 Maria
2319 1818 2619 1875 secundum
2649 1833 2871 1872 carnem
2897 1826 3059 1872 natus
3081 1824 3184 1880 est,
3210 1832 3331 1887 quae
3363 1815 3579 1885 quidem
3607 1814 3701 1870 Io-

2119 1910 2289 1981 sepho
2314 1910 2587 1981 desponsa
2620 1909 2817 1975 fuerat,
2848 1909 2942 1979 qui
2965 1907 3215 1963 Nazareti
3244 1907 3702 1985 tunc-habitabat,

2117 2015 2244 2056 cum
2278 2002 2473 2058 relicto
2500 2000 2853 2058 Bethlehemo
2889 2000 2945 2056 in
2974 2000 3195 2056 Calilaea
3224 1999 3559 2055 domicilium
3592 1999 3706 2054 col-

2118 2093 2377 2149 locasset.

2190 2182 2302 2237 Vll.
2330 2182 2486 2249 Quod
2516 2200 2644 2240 vero
2673 2185 2738 2239 ad
2772 2183 3059 2239 hatreticos
3089 2182 3212 2237 illos
3244 2180 3459 2246 attinet,
3487 2192 3556 2235 de
3582 2180 3706 2250 qui—

2119 2276 2223 2331 bus
2256 2276 2418 2330 modo
2442 2290 2753 2331 sermonem
2790 2274 3129 2329 instituimus
3153 2312 3168 2336 ,
3201 2271 3408 2326 omisso
3442 2268 3571 2343 Iesu
3608 2285 3706 2325 no-

2119 2367 2287 2429 mine,
2340 2380 2518 2434 neque
2564 2362 2797 2420 Iessaaos
2857 2363 3066 2431 seipsos
3118 2366 3347 2423 vocant,
3398 2372 3577 2427 neque
3605 2355 3706 2411 Ju-

2119 2455 2358 2510 daaorum
2391 2454 2714 2510 vocabulum
2746 2440 3005 2515 retinent,
3036 2466 3212 2521 neque
3249 2465 3309 2505 se
3335 2448 3702 2512 Christianos,

2120 2546 2217 2601 sed
2245 2544 2558 2602 Nazarenos
2591 2544 2660 2599 de
2692 2544 2784 2599 illa
2817 2544 2923 2598 loci
2972 2541 3334 2614 appellatione
3362 2548 3704 2608 nuncupant,

2120 2653 2242 2692 cum
2271 2637 2491 2692 interim
2525 2637 2661 2691 meri
2690 2636 2795 2707 ipsi
2824 2633 2997 2689 Iudaei
3019 2673 3033 2699 ,
3062 2648 3240 2703 neque
3270 2632 3414 2686 aliud
3445 2641 3706 2702 praeterea

2122 2730 2251 2786 sint.
2295 2729 2467 2784 Porro
2518 2726 2627 2784 non
2659 2730 2835 2784 solum
2862 2727 3017 2784 Novo
3051 2768 3066 2791 ,
3095 2727 3188 2783 sed
3220 2735 3273 2781 et
3304 2723 3488 2781 Veteri
3515 2721 3708 2778 Testa-

2121 2829 2307 2877 mento
2334 2819 2647 2875 Iudaeorum
2677 2820 2851 2875 instar
2878 2826 3129 2873 utuntur.
3161 2816 3348 2886 Neque
3376 2816 3523 2871 enim
3561 2813 3707 2885 apud

2122 2909 2246 2965 illos
2275 2910 2408 2982 legis
2443 2910 2592 2975 libri,
2638 2910 2933 2979 prophetae,
2968 2918 3061 2962 aut
3100 2904 3469 2976 hagiographa
3517 2902 3707 2973 prohi-

2119 3001 2340 3069 bentur,
2370 3018 2491 3072 qua‘,
2522 3000 2696 3056 Judaei
2720 3001 2892 3055 Biblia
2917 3007 3260 3069 nuncupant,
3288 3005 3346 3051 ut
3374 3003 3427 3051 et
3453 3010 3483 3048 a
3504 2993 3710 3050 Iudaeis

2122 3095 2515 3165 approbantur,
2549 3109 2579 3147 a
2608 3094 2808 3164 quibus
2842 3091 3085 3146 Nazarmi
3127 3089 3274 3144 nulla
3313 3088 3370 3142 in
3403 3103 3463 3143 re
3492 3087 3708 3143 dissen-

2123 3186 2286 3250 tiunt,
2322 3186 2416 3256 qui
2445 3185 2514 3239 ad
2543 3186 2677 3255 legis
2714 3186 3091 3255 praescriptum
3131 3196 3195 3235 ac
3215 3180 3527 3236 Iudaeorum
3557 3193 3710 3234 more

437 3266 574 3320 ἀλλὰ
606 3270 749 3323 κατά
774 3271 834 3323 τὸ
858 3272 1121 3343 κήρυγμα
1148 3273 1241 3326 τοῦ
1270 3274 1455 3344 νόμου,
1484 3275 1579 3327 καὶ
1599 3274 1674 3339 ὡς
1699 3277 1749 3329 οί
1775 3276 2019 3333 Ἰουδαῖοι

2128 3278 2310 3332 omnia
2340 3293 2439 3333 sua
2468 3278 2722 3348 dogmata
2754 3275 3096 3347 proﬁtentur,
3129 3274 3236 3329 nisi
3275 3272 3419 3343 quod
3463 3272 3518 3326 in
3550 3269 3710 3326 Chri-

437 3358 618 3412 πάντα
650 3361 830 3426 καλῶς
853 3364 1197 3433 ὁμολογοῦσι,
1231 3366 1399 3437 χωρὶς
1433 3366 1527 3419 τοῦ
1562 3369 1641 3431 εἰς
1670 3370 1903 3441 Χριστὸν
1927 3371 2021 3443 δῆ-

437 3448 529 3504 θεν
576 3456 1019 3510 πεπιστευκέναι.
1071 3458 1208 3529 Παρ⁹
1261 3458 1443 3524 αὐτοῖς
1491 3461 1600 3534 γὰρ
1650 3463 1747 3516 καὶ
1809 3465 2020 3537 νεκρῶν

434 3540 733 3608 ἀνάστασις
762 3546 1126 3617 ὁμολογεῖται,
1155 3549 1248 3603 καὶ
1281 3551 1345 3604 ὲκ
1373 3550 1509 3604 Θεοῦ
1541 3553 1609 3607 τὰ
1636 3554 1813 3609 πάντα
1837 3574 2024 3626 γεγεν-

435 3631 649 3702 νῆσθαι.
691 3635 829 3691 Ἕνα
854 3637 910 3690 δὲ
938 3638 1071 3692 Θεὸν
1099 3641 1552 3708 καταγγέλλουσι,
1585 3645 1679 3697 καὶ
1703 3646 1797 3699 τὸν
1828 3647 2020 3701 τούτου

437 3724 604 3778 παῖδα
630 3726 841 3796 Ἰησοῦν
870 3730 1125 3800 Χριστόν.
1163 3731 1454 3803 Ἐϐραῖκὴν
1483 3733 1540 3787 δὲ
1568 3734 1842 3813 διάλεκτον
1873 3739 2022 3810 ἀκρι-

437 3815 547 3880 ϐῶς
577 3820 715 3871 εἰσιν
753 3822 1078 3893 ἠσκημένοι.
1115 3824 1254 3895 Παρ⁹
1281 3827 1465 3889 αὐτοῖς
1503 3826 1613 3898 γὰρ
1641 3831 1749 3892 πᾶς
1780 3832 1808 3883 ὁ
1836 3832 2016 3902 νόμος,

427 3910 531 3993 ⁸καὶ
558 3912 607 3964 οί
638 3912 936 3984 προφῆται,
966 3914 1062 3967 καὶ
1087 3914 1157 3969 τὰ
1184 3916 1431 3988 Γραφεῖα
1462 3918 1749 3989 λεγόμενα,
1781 3922 1938 3992 φημὶ
1963 3921 2020 3975 δὲ

436 3998 502 4051 τὰ
535 4001 773 4073 Στιχήρη
793 4044 809 4069 ,
841 4004 936 4057 καὶ
966 4006 1020 4057 αί
1060 4004 1359 4071 Βασιλεῖαι,
1407 4008 1503 4060 καὶ
1542 4008 2016 4080 Παραλειπόμενα,

438 4089 534 4143 καὶ
564 4090 796 4165 Αίσθὴρ,
847 4094 941 4146 καὶ
985 4093 1154 4149 τάλλα
1191 4095 1367 4149 πάντα
1405 4095 1711 4167 Ἐϐραῖκῶς
1756 4100 2025 4168 ἀναγινώ-

439 4197 648 4248 σκεται,
680 4181 869 4254 ὥσπερ
892 4184 1083 4254 ἀμέλει
1111 4186 1205 4239 καὶ¹
1224 4186 1375 4258 παρὰ
1396 4187 1688 4251 Ἰουδαίοις.
1734 4188 1824 4242 Ἐν
1848 4190 2021 4262 τούτῳ

436 4272 495 4325 δὲ
546 4274 703 4344 μόνον
750 4275 888 4345 πρὸς
916 4263 1202 4341 Ἰουδαίους
1247 4278 1590 4350 διαφέρονται
1624 4279 1716 4334 καὶ
1748 4279 2022 4352 ,Χριστια-

437 4364 586 4427 νούς·
637 4364 914 4429 Ἰουδαίοις
960 4367 1059 4437 μὲν
1109 4368 1184 4439 μὴ
1234 4370 1670 4439 συμφωνοῦντες,
1713 4371 1801 4425 διὰ
1847 4373 1908 4425 τὸ
1941 4375 2022 4437 είς

436 4453 673 4525 Χριστὸν
706 4457 1161 4511 πεπιστευκέναι’
1197 4458 1542 4530 Χριστιανοῖς
1570 4461 1627 4514 δὲ
1666 4462 1740 4533 μὴ
1774 4465 2020 4533 ὁμογνω-

2128 3378 2273 3426 stum
2306 3368 2552 3423 credunt.
2603 3367 2739 3422 Nam
2769 3375 2824 3423 et
2854 3375 3099 3423 mortuos
3127 3366 3356 3422 excitari
3390 3371 3607 3434 putant,
3656 3368 3710 3417 et

2129 3475 2160 3515 a
2194 3460 2305 3515 Deo
2334 3458 2587 3513 universa
2635 3458 2920 3528 producta.
2960 3456 3138 3511 Unum
3170 3472 3290 3511 esse
3322 3454 3488 3509 Deum
3516 3492 3532 3517 ,
3565 3451 3710 3521 ejus-

2127 3564 2234 3620 que
2282 3547 2478 3602 Filium
2529 3547 2714 3604 Iesum
2748 3547 3030 3602 Christum
3078 3544 3394 3617 praedicant.
3432 3541 3712 3596 Hebraicaz

2124 3656 2257 3698 vero
2290 3642 2499 3713 linguae
2512 3639 2867 3696 scientissimi
2898 3647 3061 3695 sunt:
3094 3652 3159 3692 ac
3188 3636 3597 3703 cumguniversa
3625 3634 3712 3688 lex

2127 3735 2267 3806 apud
2294 3736 2418 3791 illos
2437 3776 2452 3802 ,
2483 3741 2598 3789 tum
2631 3733 2909 3804 prophetae
2931 3772 2946 3798 ,
2975 3739 3031 3789 et
3058 3729 3426 3802 hagiographa
3446 3769 3459 3792 ,
3498 3728 3601 3781 hoc
3627 3731 3713 3781 est

2127 3827 2251 3881 libri
2289 3826 2368 3880 illi
2414 3827 2508 3897 qui
2539 3826 2793 3881 versibus
2830 3824 3073 3879 distincti
3115 3831 3274 3887 sunt,
3309 3831 3364 3875 et
3412 3819 3708 3890 prophetae,

2131 3918 2288 3988 123
2318 3917 2732 3986 Paralipomena
2760 3954 2775 3980 ,
2822 3915 3050 3979 Esther,
3081 3920 3384 3979 caewraque
3437 3909 3492 3963 id
3538 3922 3712 3980 genus
3770 3982 3782 3994 .

2127 4008 2481 4075 Hebraiceut
2524 4015 2579 4062 et
2626 4021 2659 4060 a
2689 4005 2893 4062 Iudaeis
2926 4006 3200 4075 leguntur.
3236 4001 3350 4055 Hoc
3384 4002 3551 4071 igitur
3601 4015 3712 4053 uno

2128 4112 2237 4158 tam
2262 4116 2292 4155 a
2318 4100 2542 4166 Iudaeis,
2568 4114 2730 4170 quam
2761 4115 2791 4153 a
2819 4097 3149 4153 Christianis
3179 4095 3434 4150 dili‘erunt
3459 4113 3472 4149 :
3504 4094 3572 4148 ab
3600 4093 3711 4148 illis

2126 4193 2545 4265 quidem,quod
2595 4192 2651 4246 in
2700 4191 2976 4246 Chrislum
3016 4188 3283 4252 credant;
3326 4202 3356 4240 a
3384 4186 3712 4241 Christianis

2126 4300 2277 4349 vero,
2301 4284 2446 4355 quod
2470 4281 2714 4338 Iudaicis
2743 4281 2922 4336 adhuc
2948 4280 3147 4335 ritibus
3170 4278 3539 4349 implicentur,
3563 4276 3713 4332 velut

2127 4376 2547 4432 circumcisione
2571 4416 2585 4440 ,
2635 4373 2875 4430 Sabbato
2900 4413 2916 4439 ,
2952 4372 3186 4443 aliisque
3223 4370 3611 4427 caeremoniis..
3636 4367 3714 4424 De

2127 4466 2347 4522 Christo
2395 4481 2528 4521 vero
2565 4474 2715 4520 certo
2763 4464 2894 4519 illud
2928 4464 3197 4541 allirmare
3229 4476 3476 4531 nequeo,
3526 4466 3712 4514 utrum

440 4545 806 4638 MvsagBté
845 4550 907 4603 τὸ
951 4548 1031 4603 ἔτι
1076 4551 1227 4621 νόμῳ
1263 4553 1624 4624 πεπεδῆσθαι,
1656 4558 1926 4626 περιτομῇ
1959 4572 2019 4608 τε

2126 4556 2371 4614 Cerinthi
2395 4559 2479 4613 vel
2528 4556 2782 4613 Merintbi
2813 4557 3088 4626 impietate
3124 4555 3215 4609 illa
3247 4553 3479 4623 decepti,
3503 4551 3712 4620 simpli-

436 4637 531 4689 λαὶ
560 4637 827 4709 Σαϐϐάτῳ
858 4640 953 4693 καὶ
980 4642 1097 4703 τοῖς
1141 4641 1340 4706 ἄλλοις.
1387 4644 1524 4714 Περὶ
1563 4645 1802 4715 Χριστοῦ
1833 4646 1890 4699 δὲ
1923 4647 2025 4699 οὐκ

436 4720 551 4779 οἶδα
576 4728 771 4791 εἰπεῖν,
800 4730 849 4782 εί
881 4730 973 4783 καὶ
1010 4731 1185 4796 αὐτοὶ,
1219 4735 1286 4804 τῇ
1312 4733 1422 4786 τῶν
1456 4735 1869 4805 προειρημένων
1894 4737 2023 4807 περὶ⁸

435 4816 710 4888 Κήρινθον
761 4819 855 4872 καὶ
893 4821 1185 4889 Μήρινθοψ
1216 4823 1489 4895 μοχθηρίᾳ
1535 4824 1821 4895 ἀχθέντες,
1869 4826 2024 4896 ψιλὸν

437 4905 726 4979 ἄνθρωπον
756 4910 1067 4980 νομίζουσιν
1087 4928 1101 4943 ·
1128 4911 1183 4983 ἢ,
1224 4912 1407 4977 καθὼς
1446 4916 1479 4984 ή
1514 4915 1742 4986 ἀλήθεια
1771 4917 1903 4987 ἔχει,
1936 4918 2025 4971 διὰ

436 4993 755 5068 Πνεύματος
797 5002 954 5069 ἁγίου
996 5004 1354 5075 γεγεννῆσθαι
1390 5007 1455 5059 ἐκ
1498 5007 1719 5078 Μαρίας
1746 5009 2023 5063 διαϐεϐαι-

437 5087 644 5142 οῦνται.
683 5091 844 5145 Ἔστι
885 5091 943 5145 δὲ
971 5091 1109 5164 αὕτη
1138 5095 1171 5165 ή
1203 5094 1413 5165 αἵρεσις
1442 5098 1474 5167 ή
1506 5095 1845 5170 Ναζωραίων
1871 5101 1929 5152 ὲν
1955 5102 2021 5172 τῇ

439 5178 735 5249 Βεροιαίων
763 5182 893 5251 περὶ
917 5183 1016 5254 τὴν
1047 5184 1247 5256 Κοίλην
1275 5186 1503 5257 Συρίαν,
1536 5189 1632 5242 καὶ
1667 5191 1725 5242 ὲν
1758 5192 1824 5260 τῇ
1852 5193 2024 5244 Δεκα-

439 5272 592 5325 πόλει
616 5272 747 5344 περὶ
787 5273 855 5327 τὰ
894 5275 992 5346 τῆς
1022 5275 1231 5346 Πέλλης
1272 5277 1437 5348 μέρη,
1474 5278 1569 5332 καὶ
1597 5281 1655 5333 ὲν
1687 5282 1754 5351 τῇ
1788 5281 2027 5335 Βασανί-

438 5362 540 5415 τιδι
571 5366 638 5434 τῇ
665 5363 933 5437 λεγομένῃ
960 5365 1225 5438 Κωκάϐῃ,
1258 5368 1497 5441 Χωχάϐῃ
1520 5369 1577 5422 δὲ
1617 5370 1900 5442 Ἐϐραϊστὶ
1935 5371 2024 5426 λε-

440 5457 667 5529 γομένῃ.
711 5459 954 5512 Ἐκεῖθεν
996 5459 1167 5531 γὰρὴ
1198 5461 1343 5533 ἀρχὴ
1379 5462 1572 5532 γέγονε
1622 5464 1761 5535 μετὰ
1790 5466 2025 5537 τὴνιάπὸ

442 5544 548 5599 τῶν
586 5549 974 5621 Ἱεροσολύμων
1005 5550 1358 5621 μετάστασιν,
1392 5555 1610 5610 πάντων
1631 5555 1741 5610 τῶν
1767 5557 2025 5630 μαθητῶν

512 5702 738 5793 de};
757 5708 1031 5793 γραφεῖα,
1050 5709 1134 5793 *τὰ
1155 5709 1316 5793 παρὰ
1336 5711 1693 5793 Α’ζοῃδαίοιςε
1727 5712 1858 5778 Quae
1883 5715 2027 5793 ἁγιό-

440 5776 975 5862 Ipaipaﬂdicuntur.
999 5780 1178 5851 Atque
1210 5776 1304 5862 hic
1333 5782 1603 5862 triplicem
1634 5776 2023 5838 sacrorum'li-

442 5839 671 5898 brorum
724 5839 1526 5920 partitionem'complecti'tur,
1564 5869 1685 5922 quae
1733 5864 1819 5911 est
1860 5865 2021 5923 min,

2126 4665 2245 4705 cem
2292 4651 2444 4704 illum
2478 4650 2755 4705 hominem
2807 4656 3120 4705 asseverent
3147 4688 3162 4711 ,
3221 4662 3312 4711 an,
3348 4646 3427 4699 uti
3458 4660 3577 4700 sese
3622 4658 3711 4698 res

2126 4741 2309 4807 habet,
2348 4758 2445 4813 per
2474 4742 2737 4810 Spiritum
2772 4749 3025 4795 sanetum
3058 4740 3125 4795 de
3150 4721 3319 4793 Maria
3351 4736 3577 4810 Virgine
3617 4752 3712 4806 ge-

2127 4834 2298 4888 nitum
2349 4849 2473 4889 esse
2526 4833 2821 4888 fateantur.
2851 4833 3121 4887 Caeterum
3171 4833 3286 4885 haec
3324 4829 3711 4884 Nazarazorum

2127 4933 2274 4980 secta
2306 4925 2359 4979 in
2391 4924 2665 4981 Beroeensi
2698 4925 2914 4979 civitate
2946 4923 3290 4994 potissimum
3314 4922 3477 4991 viget,
3505 4921 3571 4975 ad
3589 4920 3714 4975 Coe-

2126 5016 2212 5070 len
2252 5015 2485 5086 Syriam,
2521 5023 2685 5086 atque
2722 5015 2887 5069 etiam
2919 5015 2973 5069 in
2997 5013 3271 5083 Decapoli,
3298 5012 3454 5082 juxta
3482 5011 3708 5079 Pellam,

2125 5117 2179 5162 et
2211 5108 2267 5162 in
2292 5107 2624 5170 Basanitide,
2652 5107 2720 5160 in
2751 5122 2815 5162 ea
2845 5121 2966 5176 quae
2993 5106 3154 5175 vulgo
3187 5102 3420 5170 Cocabe,
3446 5102 3713 5159 llebraice

2126 5196 2416 5252 Chocliabe
2442 5197 2662 5252 dicitur.
2690 5195 2827 5250 Hinc
2860 5196 3025 5260 enim,
3070 5201 3194 5264 post
3222 5193 3368 5247 illam
3420 5194 3489 5248 ab
3517 5192 3713 5248 Hiero-

2127 5288 2354 5360 solymis
2383 5289 2746 5343 secessionem
2768 5326 2781 5351 ,
2833 5286 3052 5341 illorum
3083 5285 3239 5340 initia
3278 5283 3523 5357 profecta
3558 5291 3709 5348 sunt,

2127 5394 2252 5434 cum
2282 5379 2445 5434 Pella:
2474 5379 2726 5449 discipuli
2754 5393 2943 5434 omnes
2981 5378 3311 5446 habitarent,
3341 5394 3370 5433 a
3396 5377 3614 5433 Christo
3643 5375 3712 5431 de

2126 5472 2484 5542 relinquenda
2542 5470 3043 5542 Hierosolymorum
3109 5471 3245 5525 urbe
3315 5468 3712 5537 migrandoque

2129 5563 2456 5632 praemoniti,
2485 5562 2633 5632 quod
2672 5563 2792 5633 ejus
2832 5563 3140 5618 immineret
3170 5560 3402 5616 obsidio.
3432 5560 3552 5627 Qua
3581 5560 3708 5631 qui-

2131 5716 2234 5770 lioc
2261 5723 2349 5770 est
2381 5714 2495 5781 (ex;
2523 5725 2721 5777 arma:
2749 5717 3012 5786 propheta:
3030 5734 3049 5781 ;
3070 5725 3124 5773 et
3149 5724 3353 5777 nunc
3372 5715 3707 5786 ἀγιόγραφα,

2132 5734 2234 5770 HOC
2261 5734 2349 5770 εει
2381 5734 2495 5781 (ex;
2523 5734 2721 5777 D’NTJJ
2749 5734 3012 5786 propriam!
3030 5734 3049 5781 ζ
3070 5734 3124 5773 θῐ
3149 5734 3353 5777 Πῃπὶ)
3372 5734 3704 5841 αγιογραφα,

2132 5788 2246 5863 sive
2281 5790 2536 5863 γραφεῖα.
2558 5786 2636 5863 De
2668 5804 2776 5863 quo
2790 5789 2913 5863 vide
2944 5787 3164 5845 Hieron.
3186 5787 3431 5858 Prblogo
3459 5802 3528 5857 ga
3551 5785 3666 5842 ιιιτὸ
3683 5802 3704 5854 ,'

2133 5855 2308 5912 Eliam
2343 5857 2398 5914 in
2428 5857 2627 5926 Thisbi,
2663 5855 2985 5923 verbo‘lm-
