4018 6132
296 327 402 378 405

1683 346 1741 398 S.
1783 344 2125 405 EPIPHANH

3459 372 3563 429 404

238 428 258 454 ‘
298 444 421 498 dem
460 447 748 504 occasione
780 449 983 506 factum
1017 461 1102 509 est
1126 497 1140 522 ,
1190 466 1246 510 ut
1290 459 1342 512 in
1374 458 1554 516 Peraea
1583 463 1648 517 iis
1681 465 1882 534 quibus

2001 469 2090 521 τῶν
2123 473 2181 523 ἐν
2215 470 2390 542 Πέλλῃ
2423 472 2750 543 ᾠκηκότων,
2794 474 3030 547 Χριστοῦ
3085 477 3358 548 φήσαντος
3401 495 3571 533 κατα-

294 535 538 593 ·ιιίιίηιυε
568 539 702 594 locis
724 540 1004 610 degerent.
1039 543 1276 617 Indeque
1305 545 1695 607 Nazareorum
1715 553 1885 610 haere-

299 627 377 680 sis
417 637 543 682 sunt
572 629 805 685 deducta
837 635 1160 703 primordia.

1985 558 2162 628 λεῖψαι
2219 560 2286 613 τὰ
2347 561 2693 633 Ἰεροσόλυμα
2718 606 2733 628 ,
2789 565 2884 617 καὶ
2935 566 3319 638 ἀναχωρῆσαι,
3382 567 3573 639 ἐπειδὴ

1984 651 2188 722 ἤμελλε
2233 654 2463 724 πάσχειν
2505 655 2842 728 πολιορκίαν.
2897 660 3006 714 Καὶ
3051 662 3117 714 ἐκ
3167 660 3267 730 τῆς
3313 659 3572 730 τοιαύτης

297 721 604 828 ύποθέσεως
637 725 737 828 τὴν
764 727 1004 798 Περαίαν
1032 733 1371 804 οἰκήσαντες,
1399 738 1596 804 ἐκεῖσε,
1628 740 1889 813 ὡς’ἐφην,
1931 745 2218 818 διέτριϐον.
2248 721 2530 805 Ἐντεῦθεν
2553 753 2590 822 ii
2613 721 2754 808 κατά
2774 754 2901 818 τοὺς
2949 721 3307 826 Ναζωραίάυς
3360 721 3574 828 αἵρεσις

295 810 421 881 ἔσχε
450 815 548 885 τὴν
579 818 774 888 ἀρχήν.

370 901 502 957 Vlll.
544 905 744 962 Verum
797 921 851 965 et
904 912 994 966 isti
1043 915 1399 975 nihilominus
1432 922 1717 986 aberrant,
1751 940 1876 980 cum

296 990 364 1047 de
387 994 809 1054 circumcisione
840 1002 1181 1071 gloriantur:
1217 1019 1270 1063 et
1301 1014 1680 1067 exsecratione
1713 1015 1878 1069 etiam

298 1101 446 1139 nunc
479 1090 729 1144 obstricti
763 1102 926 1159 sunt,
957 1097 1100 1165 quod
1134 1099 1300 1169 legem
1347 1104 1562 1170 penitus
1587 1105 1880 1161 observare

301 1189 590 1246 nequeant.
625 1179 910 1246 Quomodo
955 1188 1097 1240 enim
1132 1189 1265 1259 legis
1314 1191 1606 1247 observare
1657 1194 1882 1249 manda-

298 1277 412 1322 tum
448 1270 592 1325 istud
617 1282 904 1342 poterunt:
941 1281 1034 1333 Ter
1066 1284 1347 1350 quotannis
1394 1285 1669 1352 opparebis
1700 1303 1880 1342 coram

297 1360 525 1415 Domino
548 1362 656 1417 Deo
685 1377 772 1419 tuo
801 1384 893 1436 per
913 1369 1233 1442 Azymorum
1259 1376 1393 1440 dies,
1411 1385 1460 1429 et
1478 1376 1899 1448 Scenopegiam,'

297 1464 346 1506 ct
392 1453 732 1511 Pentecoslen
765 1499 780 1522 ,
836 1462 892 1514 in
929 1463 1412 1537 Hierosolymitano
1465 1469 1580 1523 loco
1606 1470 1680 1523 ‘1’
1740 1470 1878 1525 Cum

298 1547 442 1600 enim
480 1549 560 1602 lex
611 1551 906 1609 interclusa
939 1557 1045 1623 sit,
1079 1566 1132 1612 et
1161 1575 1282 1628 qua:
1322 1562 1390 1616 ab
1419 1578 1482 1617 ea
1513 1564 1882 1632 praescribun-

300 1645 390 1690 tur
426 1643 608 1708 perlici
641 1645 872 1714 amplius
906 1663 1014 1702 non
1063 1651 1311 1718 possint,
1363 1654 1590 1709 cuilibet
1626 1655 1883 1725 prudenti

2055 927 2134 983 H'.
2170 928 2551 1000 Πεπλάνηνται
2585 930 2641 983 δὲ
2683 932 2778 985 καὶ¹
2805 925 2978 997 οὗτοι,
3013 933 3315 1006 περιτομὴν
3341 935 3572 1007 αὐχοῦν-

1982 1037 2092 1084 τες⁸
2124 1022 2216 1074 καὶ
2243 1020 2320 1074 ἐτι
2348 1023 2398 1073 οἰ
2436 1021 2670 1076 τοιοῦτοι
2717 1023 2824 1075 ὑπὸ
2863 1024 3110 1096 κατάραν
3152 1025 3279 1088 εἰσὶ,
3315 1028 3389 1098 μὴ
3416 1027 3572 1081 δυνά-

1987 1131 2138 1184 μενοι
2183 1115 2274 1169 τὸν
2327 1115 2491 1185 νόμον
2545 1114 2852 1186 πληρῶσαι.
2908 1116 3033 1180 Πῶς
3092 1116 3202 1188 γὰρ
3252 1119 3572 1191 δυνήσονται

1984 1209 2225 1281 πληροῦν
2272 1209 2342 1262 τὰ
2374 1211 2432 1263 ἐν
2481 1209 2559 1280 τῷ
2598 1210 2749 1281 νόμῳ
2799 1212 3100 1282 εἰρημένα,
3150 1213 3234 1266 ὅτι
3284 1213 3415 1282 Τρὶς
3463 1215 3572 1269 τοῦ

1979 1299 2160 1365 ἔτους
2201 1301 2442 1369 ὀφθήσῃ
2499 1300 2757 1355 ἐνώπιον
2797 1303 3020 1370 Κυρίου
3065 1303 3172 1358 τοῦ
3226 1303 3376 1358 Θεοῦ
3413 1320 3568 1370 σου,

1983 1390 2136 1445 κατά
2184 1408 2248 1445 τε
2304 1391 2377 1444 τὰ
2429 1390 2642 1461 "Aa/ta
2679 1393 2783 1447 καὶ
2828 1397 3257 1468 Σκηνοπητίαν
3305 1397 3408 1452 καί
3456 1398 3574 1467 τὴν

1984 1481 2447 1550 Πεντηκοστὴν,
2490 1483 2559 1536 ἐν
2599 1482 2680 1548 τῷ
2718 1485 2879 1549 τόπῳ
2923 1486 3378 1558 Ἰεροσολύμων.
3409 1490 3572 1543 Ἀπο-

1987 1574 2326 1638 κλεισθέντος
2360 1574 2469 1647 γὰρ
2496 1574 2588 1628 τοῦ
2614 1576 2776 1647 νόμου
2794 1618 2808 1641 ,
2841 1579 2936 1632 καὶ
2975 1579 3086 1633 τῶν
3116 1582 3174 1632 ἐν
3201 1580 3279 1651 τῷ
3309 1581 3460 1652 νόμῳ
3496 1581 3572 1652 μὴ

1985 1665 2299 1736 δυναμένων
2329 1665 2686 1736 πληροῦσθαι,
2721 1670 2884 1721 παντὶ
2915 1669 2994 1740 τῷ
3033 1671 3160 1724 νοῦν
3193 1671 3369 1742 ἔχοντι
3405 1674 3574 1742 σαφὲς
3675 1697 3678 1700 ·

299 1733 645 1801 perspicuum
673 1747 777 1801 est,
815 1740 1100 1797 advenisse
1128 1742 1440 1813 Christum,
1474 1762 1582 1802 non
1619 1756 1676 1802 ut
1711 1749 1882 1820 legem

2001 1756 2052 1809 ἱν
2087 1733 2194 1826 εἰη,
2245 1757 2328 1809 ὅτι
2370 1733 2606 1828 Χριστὸς
2647 1753 2778 1828 ἦλθε
2823 1733 3119 1832 πληρωτὴς
3162 1733 3256 1816 τού
3291 1733 3573 1834 νόμου,ὀύ

298 1836 585 1894 everteret,
622 1833 716 1887 sed
753 1841 810 1888 ut
838 1851 956 1890 eam
990 1837 1162 1907 ipsam
1191 1839 1460 1910 impleret,
1491 1850 1544 1897 et
1573 1858 1694 1898 eam
1727 1858 1884 1897 exse-

301 1915 598 1972 crationem
631 1921 899 1987 solveret,
934 1942 1055 1996 quae
1107 1937 1298 1983 contra
1332 1933 1546 1986 violatae
1597 1934 1731 2004 legis
1775 1934 1884 1988 cri-

302 2020 426 2059 men
483 2007 658 2063 fuerat
711 2015 1029 2071 constituta.
1078 2017 1437 2091 Posteaquam
1489 2024 1633 2078 enim
1669 2025 1884 2096 Moyses

302 2098 614 2154 universam
648 2103 817 2173 legem
846 2110 1247 2180 promulgavit,
1291 2113 1356 2166 ad
1390 2113 1550 2170 ﬁnem
1593 2117 1884 2174 voluminis

301 2195 566 2260 pervenit,
594 2211 657 2250 ac
692 2198 796 2252 sub
825 2199 1112 2256 maledicto
1135 2213 1331 2258 cuncta
1367 2207 1677 2263 conclusit:
1709 2209 1884 2263 Male-

301 2284 474 2360 dictus
518 2288 686 2340 omnis
721 2290 812 2358 qui
864 2308 967 2345 non
1007 2296 1357 2361 permanserit
1406 2297 1460 2350 in
1497 2299 1739 2354 omnibus
1767 2318 1886 2372 quae

301 2376 499 2446 scripta
534 2389 656 2433 sunt
690 2381 740 2434 in
780 2381 912 2435 libro
947 2383 1065 2446 hoc.
1092 2396 1149 2438 ut
1199 2387 1367 2455 faciat
1403 2405 1466 2442 ea
1490 2394 1532 2446 ³.
1593 2391 1670 2445 Eo
1703 2392 1888 2462 itaque

301 2462 554 2523 Christus
588 2469 844 2536 advenit,
882 2484 940 2527 ut
995 2492 1116 2544 quae
1148 2477 1281 2532 dira:
1322 2479 1610 2548 cujusdam
1650 2483 1887 2539 vinculis

307 2555 716 2626 imprecationis
747 2572 906 2616 erant
955 2567 1223 2620 obstricta
1284 2572 1540 2626 solveret.
1591 2573 1751 2645 124
1784 2574 1887 2640 Qui

303 2649 526 2717 quidem
561 2667 658 2721 pro
684 2655 895 2724 exiguis
925 2657 1051 2724 illis,
1099 2675 1221 2728 quae
1254 2663 1440 2731 perlici
1471 2678 1580 2718 non
1613 2675 1886 2735 poterant,

307 2739 470 2794 nobis
489 2756 682 2812 magna
713 2748 1004 2814 concessit,
1037 2749 1090 2803 in
1116 2753 1316 2820 quibus
1339 2757 1701 2824 exsequendis
1728 2759 1886 2824 nihil,

310 2837 368 2882 ut
395 2832 448 2884 in
482 2835 756 2902 prioribus
799 2839 928 2898 illis.
963 2847 1046 2895 est
1078 2843 1224 2912 quod
1257 2859 1382 2898 cum
1410 2845 1580 2902 altero
1601 2858 1885 2919 repugnet.

306 2921 481 2992 Atque
519 2924 623 2981 hoc
671 2927 782 2983 fere
818 2932 979 2984 modo
1011 2933 1065 2986 in
1094 2935 1240 2988 omni
1296 2935 1630 2992 confutanda
1670 2941 1887 3006 hteresi,

307 3026 424 3082 quae
454 3013 695 3081 Sabbati,
724 3021 808 3074 vel
833 3022 1291 3092 circumcisionis,
1328 3027 1412 3082 vel
1444 3029 1668 3086 alterius
1698 3033 1892 3102 hujus-

308 3104 456 3159 modi
488 3106 630 3162 ritus
659 3109 1100 3168 observationem
1131 3117 1529 3186 praescriberet,
1550 3121 1696 3176 istud
1715 3099 1894 3193 ipsum
1919 3099 1962 3156 ο

310 3195 689 3256 demonstrare
741 3205 1083 3272 studuimus,
1119 3207 1407 3264 Dominum
1464 3215 1622 3268 nobis
1655 3232 1776 3286 quae
1807 3232 1898 3272 es-

312 3299 434 3344 sent
465 3290 790 3360 perfectiora
829 3297 1108 3355 tribuisse.
1146 3300 1488 3372 Ecquidnam
1525 3306 1686 3376 igitur
1716 3307 1783 3362 ad
1810 3307 1896 3363 sui

311 3385 723 3440 excusationem
784 3387 978 3444 all'erre
1033 3391 1111 3444 illi
1168 3402 1471 3462 poterunt,
1531 3397 1626 3466 qui
1673 3396 1898 3466 Spiritui

315 3484 508 3528 sancto
541 3465 734 3545 parere
777 3478 1110 3550 detrectant,
1155 3485 1206 3539 ei
1241 3486 1462 3556 inquam
1501 3465 1774 3557 Spiritui,
1805 3489 1900 3560 qui

314 3581 411 3635 per
440 3569 717 3637 apostolos
739 3572 995 3640 edixerit,
1017 3592 1086 3630 ne
1115 3579 1412 3648 gentilibus
1441 3579 1508 3634 ad
1529 3579 1900 3637 Christianam

315 3659 631 3730 religionem
669 3665 938 3722 traductis
966 3684 1106 3725 onus
1131 3672 1504 3742 imponeretur
1529 3675 1699 3742 aliud,
1733 3692 1898 3747 quam

317 3751 433 3806 haec
468 3757 808 3811 necessaria:
835 3767 895 3813 ut
925 3777 956 3814 a
986 3764 1272 3834 sanguine,
1310 3773 1363 3821 et
1391 3750 1677 3832 sull'ocato,
1705 3778 1759 3824 et
1787 3769 1900 3826 for-

316 3840 593 3898 nicatione
645 3851 700 3898 et
756 3846 918 3903 idolis
956 3850 1238 3908 inunolato
1277 3871 1398 3912 sese
1453 3858 1801 3914 continerent
1835 3859 1905 3914 '?

316 3932 516 3989 Annon
569 3935 752 3990 divina
781 3955 875 3994 eos
904 3944 1152 3999 excidere
1185 3947 1357 4017 gratia
1393 3964 1615 4006 necesse
1639 3959 1744 4014 est,
1777 3966 1902 4006 cum

318 4028 393 4080 ita
426 4036 650 4085 sanctus
678 4029 882 4087 Paulus
912 4037 1195 4104 apostolus
1237 4039 1551 4110 scripserit:
1591 4039 1651 4096 Si
1681 4043 1908 4096 circum-

320 4126 596 4192 cidamini,
630 4129 875 4186 Christus
897 4132 1031 4187 nihil
1063 4133 1206 4188 vobis
1232 4137 1497 4200 proderit:
1523 4137 1817 4207 quicunque
1853 4137 1908 4188 in

323 4219 431 4289 lege
451 4221 756 4289 gloriamini
783 4240 816 4275 a
854 4225 1031 4292 gratia
1064 4225 1340 4279 excidisti;
1359 4225 1412 4276 δῖ)

393 4308 484 4362 ΙΧ,
527 4310 889 4374 Quamobrem
928 4320 1119 4366 contra
1151 4315 1292 4367 hanc
1334 4316 1498 4369 etiam
1528 4316 1759 4371 haeresin
1791 4317 1910 4371 bre-

1985 1847 2076 1904 τὸν
2111 1847 2274 1918 νόμον
2319 1848 2660 1914 καταλύσων,
2699 1849 2836 1904 ἀλλὰ
2885 1851 2977 1905 τδν
3020 1853 3185 1924 νόμον
3227 1853 3566 1926 πληρώσων,

1986 1936 2081 1989 καὶ
2106 1935 2326 2004 ἀφελεῖν
2357 1939 2455 2008 τὴν
2485 1937 2732 2009 κατάραν
2762 1941 2863 2012 τὴν
2900 1941 3043 1994 κατὰ
3079 1943 3179 2013 τῆς
3206 1943 3571 2015 παραϐάσεως

1985 2026 2078 2080 τοῦ
2103 2027 2267 2096 νόμου
2295 2027 2624 2096 ὁρισθεῖσαν.
2673 2029 2828 2082 Μετὰ
2863 2031 2968 2100 γάρ
3007 2029 3068 2083 τὸ
3101 2032 3440 2087 ἐντείλασθαι
3478 2033 3570 2086 τὸν

1985 2119 2226 2174 Μωῦσέα
2261 2121 2440 2174 πᾶσαν
2468 2121 2709 2193 ἐντολὴν,
2737 2117 2900 2193 ἦλθεν
2925 2123 3019 2178 ἐπὶ
3051 2123 3112 2177 τὸ
3148 2125 3325 2196 τέρμα
3359 2125 3458 2196 τῆς
3486 2124 3571 2195 βί-

1987 2211 2145 2275 ϐλου,
2179 2212 2272 2265 καὶ
2316 2212 2627 2266 συνέκλεισε
2659 2215 2721 2267 τὸ
2765 2216 2875 2268 πᾶν
2923 2217 3004 2280 είς
3051 2217 3330 2287 κατάραν,
3371 2216 3572 2285 λέγων·

1987 2302 2458 2372 Ἐπικατάρατος
2516 2304 2635 2371 πᾶς
2681 2305 2750 2373 ὃς
2799 2309 2913 2361 οὐκ
2965 2307 3204 2378 ἐμμένει
3251 2307 3403 2363 πᾶσι
3445 2307 3572 2374 τοῖς

1986 2399 2191 2468 λόγοις
2228 2397 2353 2464 τοῖς
2393 2398 2818 2468 γεγραμμένοις
2861 2399 2931 2452 ὲν
2969 2397 3049 2464 τῷ
3087 2400 3305 2466 ,ϐιϐλίῳ
3348 2399 3570 2464 τούτῳ,

1988 2488 2093 2542 τοῦ
2135 2487 2382 2556 ποιῆσαι
2427 2490 2669 2555 αὐτούς.
2701 2485 2904 2542 Ἦλθεν
2932 2485 3025 2544 οὖν
3065 2490 3210 2542 λύων
3243 2491 3341 2560 μὲν
3368 2489 3439 2542 τά
3469 2507 3568 2542 πε-

1989 2578 2268 2649 πεδημένα
2296 2579 2515 2649 δεσμοῖς
2545 2582 2658 2642 τοῖς
2688 2581 2788 2650 τῆς
2829 2581 3094 2650 κατάρας,
3128 2581 3482 2651 χαριζόμενος
3511 2579 3570 2631 δὲ

1987 2671 2120 2741 ἠμτν
2147 2671 2268 2724 όιντί⁸
2294 2671 2403 2722 τῶν
2432 2671 2642 2742 μικρῶν
2666 2670 2774 2724 τῶν
2803 2673 2876 2742 μὴ
2899 2671 3210 2742 δυναμένων
3233 2671 3338 2743 πλη
3346 2669 3571 2743 ροῦσθαι

1988 2763 2058 2818 τὰ
2103 2763 2344 2833 μείζονα,
2376 2764 2469 2817 καὶ
2512 2764 2572 2816 οὐ
2607 2765 2889 2834 μαχόμενα
2919 2763 3141 2836 θάτερον
3183 2763 3395 2835 θατέρῳ
3435 2760 3574 2832 πρὸς
3613 2807 3620 2811 .

1989 2855 2088 2929 τὴν
2117 2857 2212 2910 τοῦ
2243 2856 2404 2927 ἔργου
2440 2856 2737 2928 πλήρωσιν,
2766 2857 2842 2920 ὡς
2871 2857 2937 2911 τὰ
2963 2857 3221 2928 πρότερα.
3259 2857 3445 2920 Οὕτως
3465 2855 3576 2926 γὰρ

1993 2946 2134 3000 κατὰ
2163 2947 2342 2998 πᾶσαν
2374 2946 2585 3017 αἵρεσιν
2615 2945 2928 3014 φθάνοντες,
2957 2947 3016 3000 ἐν
3055 2949 3122 3018 τῇ
3160 2947 3288 3019 περὶ
3320 2945 3575 2999 σαϐϐατι-

1997 3035 2156 3108 σμοῦ,
2191 3037 2285 3090 καὶ
2311 3037 2632 3106 περιτομῆς,
2657 3036 2752 3089 καὶ
2774 3036 2882 3090 τῶν
2903 3037 3078 3091 ἄλλων
3109 3036 3370 3100 πολλάκις
3397 3037 3580 3107 ἐπειρ-

1997 3126 2307 3198 γασάμεθα,
2339 3126 2456 3190 πῶς
2483 3129 2511 3180 ὁ
2546 3127 2748 3197 Κύριος
2778 3129 2908 3198 ἡμῖν
2937 3127 3004 3180 τὰ
3030 3127 3385 3197 ἐντελέστερα
3417 3127 3583 3196 κεχά-

1999 3235 2200 3289 ρισται.
2250 3218 2376 3282 Πῶς
2422 3215 2515 3272 οὖν
2557 3221 2608 3272 οἱ
2649 3218 2883 3273 τοιοῦτοι
2916 3221 3242 3292 δυνήσονται
3285 3219 3588 3287 ἀπολογίαν

1998 3310 2164 3381 ἔχειν,
2201 3310 2276 3384 μὴ
2322 3309 2399 3380 τῷ
2429 3310 2710 3381 Πνεύματι
2755 3312 2833 3382 τῷ
2863 3312 3005 3382 ἁγίῳ
3040 3310 3468 3374 ὑπακούσαντες,
3507 3310 3589 3382 τῷ

1999 3403 2087 3458 διὰ
2117 3403 2224 3456 τῶν
2251 3402 2563 3456 ἀποστόλων
2593 3403 2836 3473 εἰρηκότι
2861 3405 2973 3466 τοῖς
3002 3403 3060 3469 ἐξ
3097 3402 3267 3457 ἐθνῶν
3294 3418 3590 3455 πεπιστευ-

2002 3496 2153 3559 κόσι,
2187 3497 2263 3566 μὴ
2313 3495 2478 3566 βάρος
2514 3496 2876 3565 ἐπιτίθεσθαι,
2925 3496 3066 3566 πλὴν
3114 3496 3220 3548 τῶν
3256 3495 3589 3563 ἐπάναγκες,

2001 3589 2303 3660 ἀπέχεσθαι
2353 3591 2586 3661 αἵματος
2633 3591 2729 3644 καὶ
2775 3589 3004 3643 πνικτοῦ
3052 3590 3149 3644 καὶ
3191 3589 3448 3662 πορνείας
3498 3589 3593 3642 καὶ

2003 3681 2388 3745 εἰδωλοθύτου;
2423 3680 2550 3746 Πῶς
2579 3681 2636 3735 δέ
2675 3682 2775 3735 οὐκ
2801 3681 3160 3735 ἐκπεσοῦνται
3187 3681 3288 3751 τῆς
3329 3680 3422 3734 τοῦ
3457 3678 3592 3733 Θεοῦ

2005 3775 2248 3846 χάριτος,
2292 3775 2543 3844 λέγοντος
2573 3774 2788 3828 Παύλου
2820 3775 2916 3827 τοῦ
2959 3775 3117 3843 ἁγίου
3161 3775 3484 3838 ἀποστόλου,
3513 3774 3594 3826 ὅτι

2005 3867 2151 3922 Ἐὰν
2183 3870 2636 3937 περιτέμνησθε,
2670 3867 2929 3937 Χριστὸς
2959 3866 3116 3936 ὑμᾶς
3157 3866 3341 3920 οὐδὲν
3362 3864 3595 3934 ὠφελή-

2007 3972 2120 4012 σει·
2153 3959 2209 4011 οῖ
2237 3976 2395 4024 τινες
2420 3960 2490 4012 ἐν
2513 3961 2674 4028 νόμῳ
2702 3956 3032 4028 καυχᾶσθε,
3072 3955 3182 4024 τῆς
3211 3955 3453 4026 χάριτος
3486 3955 3586 4020 ἐξ·

2007 4047 2263 4103 επέσατε
2281 4066 2298 4113 ,'
3181 4055 3183 4058 ’

2081 4314 2158 4367 8'.
2194 4313 2446 4384 Ἀρκέσει
2466 4306 2558 4365 οὖν
2587 4313 2680 4366 καὶ
2706 4314 2764 4365 ἐν
2797 4312 2970 4384 ταύτῃ
3005 4315 3070 4383 τῇ
3095 4311 3305 4382 αἱρέσει
3332 4311 3366 4380 ἡ
3391 4309 3479 4361 διὰ
3503 4309 3596 4379 τῆς

322 4401 407 4455 vis
439 4401 532 4454 illa
561 4411 747 4456 nostra
773 4403 1072 4473 disputatio
1113 4405 1362 4459 sufﬁciet.
1400 4404 1582 4462 Facile
1630 4407 1773 4461 enim
1819 4408 1898 4463 isti

2017 4405 2308 4475 συντομίας
2337 4406 2469 4476 παρ’
2507 4403 2666 4475 ἡμῶν
2702 4404 2955 4471 διάλεξις.
2992 4402 3390 4470 Εὑθυέλεγκτοι
3418 4399 3526 4471 γὰρ
3551 4402 3598 4452 οἰ

323 4491 499 4548 refelli
531 4494 893 4566 convincique
924 4505 1175 4565 possunt,
1217 4512 1281 4551 ac
1303 4496 1470 4553 Judaei
1507 4499 1708 4568 potius,
1743 4516 1906 4570 quam

325 4584 572 4655 cuiusvis
602 4587 828 4644 alterius
853 4592 1068 4659 generis
1097 4600 1261 4655 sunt,
1303 4592 1519 4646 tametsi
1549 4591 1753 4647 Judaeis
1800 4593 1910 4648 sint

324 4677 710 4732 inimicissimi.
749 4676 933 4748 Neque
969 4679 1114 4734 enim
1162 4678 1472 4735 .ludaeorum
1503 4682 1706 4750 posteri
1733 4681 1910 4735 solum

323 4770 541 4839 capitali
577 4771 699 4827 illos
749 4769 876 4827 odio
909 4783 1350 4843 prosequuntur;
1381 4775 1475 4829 sed
1525 4783 1579 4830 et
1607 4790 1768 4829 mane
1791 4815 1806 4841 ,
1849 4789 1912 4827 ac

324 4861 570 4926 meridie,
586 4871 640 4917 et
662 4863 728 4917 ad
749 4879 1055 4934 vesperam,
1082 4872 1164 4919 ter
1185 4867 1250 4920 de
1277 4866 1385 4932 die,
1405 4882 1529 4920 cum
1550 4866 1604 4918 in
1623 4864 1914 4937 synagogis

324 4955 442 5009 suis
493 4955 562 5010 ad
607 4957 874 5012 orandum
922 4958 1257 5013 conveniunt
1306 4960 1442 5015 diris
1476 4959 1598 5013 illos
1624 4959 1912 5021 devovent,

325 5063 390 5100 ac
415 5048 645 5102 solemni
673 5050 1066 5120 imprecatione
1094 5051 1470 5122 proscribunt.
1498 5051 1576 5104 Ac
1601 5047 1912 5110 Nazarmos,

327 5138 608 5206 inquiunt,
643 5137 787 5195 Deus
817 5151 1152 5198 exsecretur.
1196 5142 1252 5197 In
1294 5143 1396 5198 hos
1450 5141 1595 5197 enim
1626 5139 1917 5194 oll‘ensiore

327 5236 380 5280 et
427 5227 922 5289 acerbioreanimo
954 5245 1130 5300 sunt,
1166 5236 1312 5306 quod
1357 5251 1486 5290 cum
1531 5250 1562 5288 e
1603 5231 1913 5288 Iudaeorum

2014 4495 2268 4560 τοιοῦτοι,
2318 4496 2414 4550 καὶ
2451 4496 2732 4560 εὐάλωτοι,
2789 4496 2882 4548 καὶ
2941 4493 3186 4547 Ἰουδαῖοι
3236 4493 3468 4563 μᾶλλον,
3513 4493 3606 4544 καὶ

2017 4589 2168 4641 οὐδὲν
2209 4589 2416 4659 ἕτερον.
2459 4589 2608 4642 Πάνυ
2651 4588 2710 4641 δὲ
2754 4582 2902 4641 οὗτοι
2945 4586 3130 4657 ἐχθροὶ
3181 4588 3293 4648 τοῖς
3326 4583 3603 4644 Ἰουδαίοις

2019 4679 2374 4750 ὑπάρχουσιν.
2410 4679 2485 4731 Οὐ
2529 4679 2690 4748 μόνον
2724 4678 2833 4750 γάρ
2875 4679 2924 4730 οἰ
2966 4677 3075 4729 τῶν
3103 4675 3373 4728 Ἰουδαίων
3419 4672 3605 4733 παῖδες

2022 4769 2158 4841 πρὸς
2198 4770 2417 4833 τούτους
2467 4770 2764 4839 κέκτηνται
2813 4771 2970 4840 μῖσος
2993 4809 3008 4834 ,
3063 4766 3199 4820 ἀλλά
3257 4765 3605 4835 ἀνιστάμενοι

2023 4863 2437 4934 ἕσωθεν³(10),
2502 4863 2594 4917 καὶ
2636 4862 2809 4934 μέσης
2872 4863 3114 4932 ἡμέρας,
3165 4861 3260 4914 καὶ
3319 4859 3447 4930 περὶ
3509 4857 3605 4927 τὴν

2023 4957 2284 5028 ἑσπέραν,
2324 4957 2445 5028 τρὶς
2473 4956 2570 5026 τῆς
2601 4955 2835 5026 ἡμέρας,
2869 4955 2958 5007 ὅτε
2990 4953 3156 5024 εὐχὰς
3182 4950 3520 5006 ἐπιτελοῦσιν
3551 4951 3608 5001 ἐν

2023 5052 2144 5113 ταῖς
2177 5049 2358 5103 αὐτῶν
2389 5051 2754 5118 συναγωγαῖς,
2784 5048 3096 5119 ὲπαρῶνται
3125 5048 3328 5110 αὐτοῖς,
3360 5046 3456 5098 καὶ
3482 5044 3606 5096 ἀνα-

2023 5140 2375 5211 θεματίζουσι
2427 5139 2760 5208 φάσκοντες,
2794 5140 2875 5191 ὅτι
2919 5136 3355 5208 Ἐπικαταράται
3404 5136 3433 5188 ὁ
3479 5133 3606 5195 Θεὸς

2021 5234 2150 5296 τοὺς
2197 5232 2575 5301 Ναζωραίους.
2637 5231 2748 5284 Καὶ
2791 5231 2902 5302 γὰρ
2956 5231 3169 5295 τούτοις
3224 5226 3606 5304 περισσότερον

400 5395 415 5422 ²
455 5390 627 5445 Exod.
669 5408 828 5460 mu,
856 5394 944 5449 17.
1023 5398 1044 5427 ⁸
1085 5395 1242 5450 Deut.
1273 5413 1438 5463 xxvn,
1470 5396 1558 5451 26.
1640 5396 1661 5425 ³
1698 5396 1816 5450 Act.
1852 5411 1898 5449 χ’

2001 5394 2062 5458 8,
2090 5394 2181 5450 ‘29.
2263 5397 2284 5426 ⁸
2320 5395 2498 5451 Galat.
2531 5413 2584 5459 v,
2618 5394 2676 5459 2,
2717 5394 2770 5448 4.
2849 5393 2870 5423 ⁸
2899 5391 2956 5454 Ε.
2990 5389 3181 5445 ἕωθεν.

403 5549 512 5620 (10)
567 5551 754 5605 Ἀλλὰ
817 5551 1210 5620 ἀνιστάμενοι
1266 5554 1514 5608 ἔσωθεν.
1558 5554 1677 5607 Non
1720 5554 1919 5608 dubito

373 5617 464 5671 uin
511 5621 863 5674 scribendum
913 5623 986 5677 sit
1025 5617 1214 5676 ἕωθεν.
1251 5623 1406 5688 Quod
1447 5633 1628 5679 autem
1659 5625 1920 5679 Judaicas

335 5687 457 5742 illas
507 5689 923 5756 imprecationes
954 5693 1008 5746 in
1035 5687 1324 5748 Nazaraeos
1357 5696 1643 5750 haereticos
1676 5693 1918 5748 conferri

337 5756 531 5814 scribit
588 5755 953 5827 Epiphanius,
1023 5760 1388 5833 Hieronymus
1453 5765 1519 5818 ad
1575 5763 1922 5818 Christianos

2024 5555 2312 5611 transfert.
2348 5552 2426 5606 lta
2477 5552 2772 5624 enim__ille
2814 5556 2886 5604 ad
2941 5551 3055 5604 lea.
3089 5564 3211 5624 Lu_:
3250 5547 3318 5624 Et
3366 5539 3607 5624 submae-

2029 5607 2188 5688 niine,
2218 5607 2278 5676 ut
2298 5607 2435 5692 saepe
2463 5607 2595 5687 dixi,
2631 5621 3040 5675 Nazarenorum
3071 5629 3147 5673 ter
3175 5618 3228 5671 in
3259 5615 3344 5670 die
3371 5614 3422 5667 in
3456 5607 3605 5668 (ἰΙιτό-

2029 5695 2230 5749 stianos
2260 5705 2543 5764 congerunt
2573 5693 2874 5747 maledicta.
