4018 6150
433 348 540 408 405
1062 349 1431 407 ADVERSUS
1467 348 1809 405 HERESES
1848 347 1973 402 LIB.
2017 349 2037 403 i
2076 346 2241 404 TOM.
2282 346 2344 404 ll.
2386 379 2454 388 —
2496 348 2771 406 UERES.
2806 344 2973 405 XXX.
3452 388 3453 391 η
3573 346 3679 403 £06

433 462 698 534 ἑνέχουσι,
723 462 811 516 διὰ
836 462 898 516 τὸ
923 464 1034 517 ἀπὸ
1061 464 1331 519 Ἰουδαίων
1370 466 1566 528 αὐτοὺς
1589 463 1769 527 ὄντας,
1799 462 2006 533 Ἰησοῦν

2137 477 2336 519 numero
2372 462 2521 528 sint,
2581 462 2936 518 nihilominus
2990 457 3175 518 Iesum
3231 474 3356 517 esse
3406 458 3686 516 Christum

433 551 731 622 κηρύσσειν
774 548 915 605 εἶναι
948 553 1202 623 Χριστὸν,
1248 554 1382 623 ὅπερ
1423 552 1570 606 ἐστὶν
1600 549 1841 605 ἐναντίον
1873 549 2010 620 πρὸς

2137 554 2403 610 praedicent
2424 593 2440 619 ,
2472 552 2617 624 quod
2647 553 2713 610 iis
2754 553 2848 623 qui
2873 552 3183 608 Judaeorum
3220 551 3398 608 adhuc
3426 566 3686 609 caeremos

433 642 560 708 τοὺς
606 642 685 696 ἔτι
738 642 1046 708 Ἰουδαίους,
1089 644 1216 708 τοὺς
1265 638 1501 715 Χβιστδν
1545 641 1621 714 μὴ
1663 640 2008 712 δεξαμένους.

436 740 661 811 Ἔχουσι
695 740 753 794 δὲ
789 740 851 794 τὸ
880 741 1022 795 κατὰ
1063 742 1341 795 Ματθαῖον
1372 740 1481 813 (Η.)
1510 739 1844 809 Εὑαγγέλιον
1871 737 2014 807 πλη-

434 830 694 900 ρέστατον
729 829 1028 902 Ἐϐραϊστί.
1074 832 1213 903 Παρ’
1258 832 1444 893 αὐτοῖς
1473 830 1582 902 γὰρ
1621 828 1805 900 σαφῶς
1833 828 2010 896 τοῦτο,

434 918 617 984 καθὼς
651 917 711 985 ἐξ
740 921 914 991 ἀρχῆς
955 921 1169 993 ἐγράφη
1206 921 1521 994 Ἑϐραϊκοῖς
1551 920 1904 992 γράμμασιν,
1933 917 2016 971 ἐτι

437 1007 692 1072 σώζεται.
740 1010 857 1063 Οὐκ
889 1005 1006 1063 οἶδα
1049 1010 1126 1075 δὲ,
1174 1012 1224 1064 εί
1269 1011 1364 1066 καὶ
1407 1010 1506 1076 τὰς
1532 1008 1891 1085 γενεαλογίας
1915 1006 2015 1071 τὰς

434 1101 546 1155 ἀπὸ
573 1102 668 1155 τοῦ
699 1101 953 1174 ’Δσραάμ
991 1104 1119 1176 ἄχρι
1152 1103 1387 1176 Χριστοῦ
1417 1102 1708 1174 περιεῖλον.
1736 1099 1900 1155 Ἀλλὰ
1922 1099 2016 1154 καὶ

434 1192 641 1264 ταύτην
663 1195 1035 1266 φωράσαντες,
1061 1196 1138 1259 ὡς
1169 1196 1401 1268 βληχρδν
1425 1196 1518 1250 καὶ
1546 1193 1738 1265 ὀδύνης
1788 1195 2018 1264 ἐμποιη-

436 1285 587 1338 τικδν
609 1285 698 1339 διὰ
723 1285 819 1339 τοῦ
852 1285 931 1341 ἰοῦ
963 1287 1218 1358 σφηκίον,
1242 1285 1679 1349 καταθλὰσαντές
1699 1301 1758 1338 τε
1784 1286 1896 1347 τοῖς
1918 1283 2018 1352 τῆς

438 1375 693 1447 ἀληθείας
738 1377 936 1447 λόγοις,
964 1379 1056 1432 ἐπὶ
1091 1378 1189 1442 τὰς
1221 1377 1347 1448 ἐξῆς
1390 1378 1579 1449 ίωμεν,
1606 1370 1651 1430 ὦ
1673 1373 2015 1445 ἐπιπόθητοι,

440 1467 592 1539 παρὰ
612 1469 748 1523 Θεοῦ
770 1468 1048 1533 αἰτοῦντες
1070 1469 1168 1541 τὴν
1191 1469 1469 1541 βοήθειαν.

926 1753 1117 1808 ΚΑΤΑ
1158 1750 1536 1817 ΕΒΙΩΝΔΙΩΝ,

806 1864 1053 1935 Δεκάτῃ,
1091 1865 1264 1957 ήίκαὶ
1305 1857 1651 1936 τριώιοστή.

514 1978 593 2029 A‘.
640 1974 853 2039 Ἐϐίων,
885 1976 978 2045 ἀφ’
1012 1970 1180 2048 οὗπερ
1225 1976 1547 2041 Ἑϐιωναῖοι,
1602 1975 1840 2048 καθεξῆς
1892 1979 2022 2032 ἀκο-

362 2072 369 2080 ’
439 2064 664 2134 λουθῶν,
692 2052 788 2121 καλ.
811 2068 878 2121 τὰ
909 2068 1072 2138 ὅμοια
1107 2068 1314 2132 τούτοις
1355 2070 1649 2141 φρονήσας,
1677 2069 2023 2142 πολύμορφον

439 2158 741 2233 τεράστιον,
779 2159 900 2222 καὶ,
925 2160 1003 2222 ὼς
1032 2161 1227 2226 εἰπεῖν,
1257 2161 1355 2232 τῆς
1380 2160 1751 2232 μυθευομένης
1791 2162 2024 2215 πολυκε-

442 2249 611 2321 φάλου
647 2250 854 2321 ’Ὕδρας
885 2250 1089 2321 ὀφιώδη
1130 2252 1341 2322 μορφὴν
1379 2252 1436 2305 ἐν
1465 2252 1643 2323 ἐαυτῷ
1667 2252 2026 2306 ἀνατυπωσά-

444 2358 625 2412 μενος,
665 2342 828 2395 πάλιν
885 2343 1156 2413 ἐπανέστη
1180 2342 1258 2414 τῷ
1304 2343 1423 2415 βίῳ,
1468 2345 1534 2396 ἐκ
1559 2342 1657 2419 τῆς
1683 2342 1889 2396 τούτων
1926 2343 2025 2413 μὲν

444 2433 640 2504 σχολῆς
670 2434 953 2504 ὑπάρχων,
1005 2433 1171 2505 ἕτερα
1197 2434 1254 2488 δὲ
1292 2434 1445 2507 παρὰ
1487 2435 1710 2500 τούτους
1742 2435 2026 2506 κηρύττων

441 2526 538 2579 καὶ
587 2524 988 2596 ὑφηγούμενος.
1035 2526 1123 2588 Ὠς
1150 2526 1259 2597 γὰρ
1297 2525 1350 2579 εἴ
1387 2543 1471 2591 τις
1524 2525 2024 2603 συνάξειενέἐαυτῷ

441 2616 507 2668 ἐκ
559 2613 832 2685 διαφόρων
884 2614 1046 2668 λίθων
1100 2616 1296 2686 τιμίων
1349 2616 1577 2688 κόσμον,
1630 2617 1726 2671 καὶ
1776 2617 2029 2688 ποικίλης

443 2706 670 2779 ἐσθῆτος
726 2706 965 2779 ἔνδυμα,
1014 2709 1109 2761 καὶ
1150 2707 1425 2777 διαφανῶς
1480 2709 1673 2762 ἑαυτὸν
1724 2710 2026 2780 κοσμήσει·

441 2799 583 2854 οὕτω
615 2800 708 2854 καὶ
732 2793 907 2865 οὗτος,
964 2801 1022 2853 τὸ
1061 2801 1327 2856 ἀνάπαλιν
1358 2802 1464 2855 πᾶν
1506 2800 1686 2854 ὁτιοῦν
1728 2800 1899 2853 δεινὸν
1934 2802 2031 2855 καὶ

445 2890 721 2962 ὀλετήριον
767 2891 863 2945 καὶ
919 2889 1205 2960 βδελυκτδν
1246 2892 1529 2963 κήρυγμα,
1571 2891 1815 2962 ἄμορφόν
1848 2908 1905 2943 τε
1938 2890 2032 2944 καὶ

447 2982 736 3047 ἀπίθανον,
772 2981 1001 3053 ἀζηλίας
1054 2979 1305 3053 ἔμπλεων
1343 2982 1473 3055 παρ’
1504 2983 1739 3052 ἑκάστης
1767 2982 2033 3053 αἱρέσεως

447 3072 642 3140 λαϐὼν,
666 3075 858 3128 ἑαυτὸν
897 3075 1246 3130 άνετύπωσεν
1280 3077 1360 3139 είς
1401 3074 1640 3139 ἁπάσας.
1675 3075 2032 3146 Σαμαρειτῶν

2108 645 2231 701 uias
2255 644 2463 710 colunt,
2509 644 2762 715 inprimis
2792 650 2874 699 est
2899 644 3257 710 contrarium,
3290 644 3382 715 qui
3406 642 3686 700 Christum

2109 736 2367 794 videlicet
2392 736 2699 808 repudiant.
2723 734 2819 791 Est
2841 751 2970 792 vero
2991 751 3158 806 penes
3188 736 3310 792 illos
3331 735 3686 808 Evangelium

2112 827 2415 883 secundum
2447 826 2756 882 Mattbaeum
2785 867 2801 895 ,
2850 826 3119 883 Hebraice
3148 828 3413 899 scriptum
3439 869 3455 895 ,
3484 835 3539 884 et
3566 827 3689 897 qui-

2113 918 2236 976 dem
2280 918 2768 975 absolutissimum.
2817 919 2933 975 Hoc
2976 919 3123 975 enim
3178 919 3481 975 certissime
3528 925 3690 990 prout

2092 1007 2395 1065 Hebraicis
2434 1009 2632 1065 litteris
2667 1009 2822 1066 initio
2844 1011 3113 1082 scriptum
3137 1018 3242 1076 est,
3274 1011 3331 1065 in
3370 1005 3691 1066 hodiernum

2117 1108 2329 1171 tempus
2355 1115 2531 1171 usque
2549 1111 2899 1157 conservant.
2924 1100 3126 1158 Verum
3152 1100 3285 1156 illud
3308 1100 3523 1167 nescio,
3560 1116 3692 1155 num

2117 1192 2461 1262 genealogias
2491 1191 2613 1246 illas
2640 1192 3001 1262 amputarint,
3039 1207 3160 1263 quae
3188 1193 3258 1248 ab
3274 1192 3582 1248 Abrahamo
3626 1191 3693 1244 ad

2116 1283 2394 1339 Christum
2409 1299 2581 1355 usque
2611 1283 2883 1355 perductae
2905 1290 3051 1339 sunt.
3078 1281 3362 1341 Postremo
3390 1298 3514 1338 cum
3540 1282 3694 1336 illam

2119 1374 2350 1431 haeresin
2399 1376 2481 1431 sic
2511 1385 2768 1447 tanquam
2807 1375 3129 1430 imbecillem
3169 1377 3459 1446 quemdam
3511 1385 3565 1430 et
3605 1390 3697 1428 ve-

2120 1473 2378 1521 nenatum
2409 1467 2732 1522 crabronem
2766 1466 3286 1536 deprehenderimus
3306 1507 3321 1533 ,
3357 1482 3423 1522 ac
3453 1464 3697 1522 veritatis

2119 1557 2365 1612 oratione
2386 1557 2792 1621 obtriverimus,
2823 1571 2922 1612 nos
2945 1557 3013 1612 ad
3042 1558 3176 1612 alias
3202 1557 3483 1628 deinceps,
3512 1572 3545 1611 ο
3571 1556 3697 1610 cha-

2122 1648 2346 1714 rissimi,
2392 1648 2579 1705 divino
2611 1645 2733 1705 freti
2765 1651 3020 1721 praesidio
3049 1650 3416 1706 conferamus.

2315 1758 2473 1832 125
2534 1759 2920 1819 ADVERSU
2941 1762 2980 1818 S
3043 1759 3507 1827 EBIONASOS,

2476 1872 2608 1938 Quae
2631 1883 2707 1928 est
2730 1873 2945 1931 Ita'resis
2964 1873 3036 1942 X,
3061 1876 3135 1931 re!
3165 1873 3349 1930 XXX.

2193 1986 2234 2042 l.
2275 1985 2565 2043 Nazaraeos
2592 1986 2793 2052 Ebion,
2816 2003 2848 2042 a
2868 2001 2982 2058 quo
2998 1987 3265 2043 Ebionitm
3284 1986 3439 2051 dicti,
3457 1984 3703 2056 proxime

2123 2080 2506 2150 consequitur,
2541 2080 2845 2150 eademque
2889 2096 3017 2137 cum
3052 2081 3162 2137 illis
3190 2081 3448 2152 dogmata
3480 2078 3704 2149 proﬁte-

2127 2179 2215 2226 tur
2242 2189 2257 2225 :
2289 2169 2437 2242 quod
2470 2170 2804 2226 horrendum
2837 2178 3146 2227 monstrum
3177 2186 3245 2227 ac
3278 2169 3581 2240 multiplex,
3617 2177 3695 2233 et,

2125 2271 2185 2316 ut
2211 2262 2285 2315 ita
2316 2262 2517 2321 dicam,
2549 2260 2811 2318 fabulosa:
2840 2262 3010 2327 illius,
3040 2277 3105 2317 ac
3130 2263 3427 2316 multorum
3462 2259 3701 2330 capitum

2127 2350 2316 2422 hydrae
2361 2348 2730 2419 serpentiuam
2779 2351 2835 2403 in
2884 2363 3006 2405 sese
3079 2348 3307 2419 ﬁguram
3369 2345 3704 2415 exprimens,

2127 2456 2325 2497 rursus
2356 2439 2427 2494 ad
2461 2440 2688 2495 exitium
2715 2439 2942 2494 humani
2982 2439 3218 2509 generis-
3246 2437 3448 2508 erupit.
3472 2435 3554 2491 Ac
3581 2434 3708 2489 licet

2128 2547 2194 2587 ex
2247 2532 2465 2585 illorum
2515 2531 2809 2601 disciplina
2853 2531 3158 2602 prodierit,
3210 2529 3472 2586 nonnulla
3528 2535 3710 2582 tamen

2128 2631 2328 2695 praeter
2378 2638 2543 2693 quam
2588 2624 2659 2678 ab
2711 2624 2820 2678 illis
2861 2623 3189 2689 doceantur,
3264 2620 3504 2676 asseruit
3548 2625 3710 2690 atque

2128 2715 2441 2786 proposuit.
2477 2713 2549 2769 Ut
2576 2714 2726 2770 enim
2756 2715 2801 2769 si
2841 2713 2967 2783 quis
2997 2713 3169 2768 variis
3201 2728 3266 2768 ex
3300 2711 3500 2781 lapillis
3542 2722 3712 2764 orna-

2132 2814 2246 2861 tum
2277 2807 2383 2863 sibi
2429 2807 2668 2877 aliquem
2699 2806 2979 2870 conﬁciat,
3015 2812 3110 2859 aut
3138 2805 3479 2875 variegatam
3505 2801 3709 2857 colori-

2130 2897 2234 2953 bus
2283 2906 2493 2955 vestem
2542 2898 2771 2961 induat,
2831 2906 2993 2967 atque
3043 2895 3374 2965 exquisitam
3419 2891 3711 2962 quamdam

2129 2988 2451 3059 elegantiam
2480 2988 2767 3057 adhibeat;
2797 2989 2879 3045 sic
2929 2988 3018 3042 ille
3060 2994 3271 3052 contra,
3304 2971 3573 3038 omnibus
3611 2996 3713 3036 un-

2133 3080 2299 3150 dique
2330 3080 2661 3150 perniciosis
2692 3096 2757 3136 ac
2802 3079 3079 3151 pestiferis
3109 3077 3452 3149 dogmatibus
3480 3073 3708 3130 arcessi-

449 3166 547 3237 μὲν
593 3164 702 3238 γὰρ
752 3164 867 3239 ἔχει
924 3166 986 3221 τὸ
1025 3165 1302 3239 βδελυρὸν,
1343 3167 1611 3220 Ἰουδαίων
1657 3166 1713 3218 δὲ
1740 3166 1801 3218 τὸ
1842 3165 2031 3238 ὄνομα,

2137 3172 2230 3237 tis,
2265 3171 2533 3244 quidquid
2574 3187 2922 3242 unaquaque
2970 3170 3198 3225 haeresis
3240 3165 3577 3223 horrendum
3626 3165 3713 3219 in-

460 3255 724 3311 Ὀσσαίων
781 3255 839 3310 δέ
883 3256 980 3310 καὶ
1031 3255 1371 3327 Ναζωραίων
1417 3255 1514 3309 καὶ
1563 3254 1893 3328 Νασαραίων
1939 3254 2036 3327 τὴν

453 3346 693 3418 γνώμην,
729 3344 1106 3420 Κηρινθιανῶν
1132 3348 1193 3401 τδ
1218 3343 1377 3414 εἶδος,
1406 3346 1917 3421 Καρποκρατιανῶν
1937 3347 2038 3419 τὴν

450 3437 835 3509 κακοτροπίαν,
861 3437 953 3492 καὶ⁵
966 3437 1307 3509 Χριστιανῶν
1332 3438 1576 3509 βούλεται
1600 3436 1743 3510 ἔχειν
1763 3439 1860 3512 τὴν
1879 3456 2041 3511 προσ-

455 3530 700 3601 ηγορίαν.
756 3530 830 3584 Οὐ
863 3529 974 3602 γὰρ
1021 3529 1290 3601 δήπουθεν
1335 3530 1433 3601 τήν
1469 3546 1530 3583 τε
1567 3528 1767 3602 πρᾶξιν
1810 3529 1904 3585 καὶ
1941 3529 2039 3601 τὴν

453 3621 680 3693 γνώμην
728 3621 824 3675 καὶ
854 3620 952 3693 τὴν
1003 3614 1228 3690 γνῶσιν,
1261 3621 1355 3675 καὶ
1399 3623 1498 3694 τὴν
1536 3622 1644 3678 τῶν
1693 3622 2040 3691 Εὑαγγελίων

455 3713 552 3766 καὶ
612 3712 926 3768 ἀποστόλων
973 3713 1103 3784 περὶ
1136 3712 1374 3777 πίστεως
1408 3713 1825 3789 συγκατάθεσιν.
1859 3714 2042 3779 Medo;

452 3803 533 3867 δὲ,
561 3805 637 3868 ὡς
680 3805 874 3870 εἰπεῖν,
900 3804 1160 3858 ἁπάντων
1218 3804 1522 3876 τυγχάνων,
1573 3804 1727 3859 οὐδὲν
1772 3805 2039 3876 πέφυκεν,

455 3894 593 3948 ἀλλὰ
643 3895 732 3948 ἐπ’
779 3894 928 3966 αὐτῷ
978 3894 1281 3967 πληροῦται
1329 3896 1391 3949 τὸ
1422 3896 1844 3969 γεγραμμένον
1900 3897 2041 3966 Παρ’

458 3985 668 4055 ὀλίγον
697 3985 994 4056 ἐγενόμην
1019 3986 1088 4040 ἐν
1134 3985 1313 4039 παντὶ
1347 3983 1530 4051 κακῷ,
1561 3986 1759 4056 μέσον
1796 3974 2044 4056 Ἐκκλη-

368 4069 383 4084 ’
456 4077 601 4142 σίας
648 4075 747 4131 καὶ
789 4075 1174 4147 συναγωγῆς.
1221 4077 1569 4148 Σαμαρείτης
1606 4077 1705 4149 μὲν
1743 4074 1836 4131 οὖν
1861 4079 1936 4133 ὢν
1956 4078 2043 4132 διὰ

457 4168 557 4239 τῆς
581 4167 887 4241 βδελυρίας,
935 4166 1174 4238 τοῦνομα
1224 4168 1507 4240 ἀρνεῖται*
1556 4169 1806 4224 Ἰουδαῖον
1831 4170 1888 4223 δὲ
1917 4172 2044 4224 ἐαυ-

459 4257 550 4311 τὸν
576 4258 876 4330 ὁμολογῶν,
907 4258 1183 4322 Ἰουδαίοις
1206 4258 1525 4324 ἀντίκειται,
1540 4259 1714 4313 καίτοι
1740 4256 2046 4332 συμφωνῶν

460 4350 644 4414 αὐτοῖς
678 4352 748 4404 ιέν
804 4351 981 4423 μέρει,
1037 4350 1114 4416 ὡς
1148 4349 1380 4421 ὕστερον
1425 4352 1484 4404 ἐν
1536 4354 1657 4416 ταῖς
1695 4352 1823 4423 περὶ
1856 4352 2044 4407 τούτου

461 4442 788 4510 ἀποδείξεσι,
829 4442 1040 4497 καὶτοῦ
1069 4444 1188 4496 κατ’
1228 4441 1409 4496 αὐτῶν
1446 4442 1670 4515 ἐλέγχου
1701 4445 2048 4516 παραστήσο-

463 4547 587 4602 μεν,
607 4530 742 4587 Θεοῦ
771 4529 1209 4611 ἐπιϐοηθοῦντος.

2136 3263 2352 3335 primis,
2389 3271 2444 3319 et
2472 3262 2755 3319 exitiabile
2787 3277 2852 3317 ac
2879 3259 3263 3318 detestandum
3287 3258 3504 3322 asserit,
3536 3263 3716 3326 turpe,

2140 3355 2387 3426 inquam,
2434 3361 2488 3410 et
2533 3355 2800 3410 absonum
2858 3352 3325 3421 absurditatisque
3379 3349 3600 3419 plenum
3662 3356 3720 3401 et

2139 3444 2394 3501 odiosum
2424 3458 2455 3500 e
2500 3444 2735 3515 singulis
2769 3442 2967 3515 dogma
2996 3441 3362 3505 concinnans,
3388 3439 3637 3493 omnium
3664 3435 3731 3489 in.

2140 3549 2203 3589 se
2229 3534 2447 3601 formas,
2465 3534 2791 3605 speciesque
2824 3533 3128 3588 transtulit.
3163 3529 3301 3585 Nam
3343 3530 3722 3584 Samaritano-

2142 3638 2273 3678 rum
2307 3623 2579 3693 impuram
2611 3623 3063 3693 superstitionem
3101 3619 3399 3676 aﬂectavit.
3440 3618 3483 3672 A
3517 3617 3722 3674 Judaeis

2141 3729 2306 3787 porro
2333 3729 2535 3769 nomen
2563 3714 2806 3785 accepit;
2842 3714 2911 3768 ab
2947 3711 3169 3776 Ossaeis,
3226 3710 3503 3766 Nazarzeis
3532 3718 3587 3765 et
3612 3709 3722 3762 Na-

2142 3808 2330 3864 sarteis
2380 3806 2658 3878 dogmata.
2708 3805 3194 3862 Cerintbianorum
3229 3802 3425 3859 deinde
3466 3801 3720 3862 formam,

2142 3897 2700 3969 Carpocratianorum
2729 3897 3054 3967 nequitiam,
3092 3894 3531 3952 Christianorum
3569 3889 3725 3945 deni-

2143 4006 2249 4064 que
2271 3991 2688 4062 appellationem
2708 3976 2986 4058 usurpare
3011 3985 3309 4043 contendit.
3344 3983 3530 4053 Neque
3576 3981 3723 4036 enim

2144 4084 2214 4140 ab
2259 4081 2347 4138 his
2376 4081 2673 4154 postremis
2702 4096 2827 4137 cum
2867 4079 3110 4142 nomine,
3154 4077 3300 4133 facta
3341 4076 3462 4147 ipsa
3489 4073 3722 4144 pariter,

2145 4189 2211 4232 ac
2239 4180 2477 4229 mentem
2518 4171 3023 4242 cognitionemque,
3083 4173 3139 4223 et
3181 4162 3602 4235 Evangeliorum
3641 4166 3717 4213 at-

2145 4281 2253 4337 que
2302 4264 2679 4336 apostolorum
2714 4262 2783 4318 de
2833 4260 2939 4316 lide
2966 4258 3386 4316 consensionem
3430 4250 3728 4325 expressit.

2147 4354 2252 4424 Qui
2295 4372 2420 4411 cum
2469 4355 2682 4411 medius
2728 4354 2821 4418 sit,
2864 4359 2924 4406 ut
2977 4350 3053 4405 ita
3095 4348 3297 4412 dicam,
3338 4346 3480 4400 inter
3511 4354 3724 4403 omnes,

2152 4448 2374 4518 proprie
2402 4448 2590 4502 nullus
2614 4453 2722 4510 est,
2751 4446 2806 4499 in
2830 4458 3005 4513 eoque
3040 4440 3186 4512 quod
3216 4438 3481 4509 scriptum
3515 4440 3600 4490 est
3624 4430 3729 4486 im-

2152 4538 2328 4607 pletur
2364 4556 2378 4590 :
2412 4536 2585 4590 Paulo
2618 4536 2792 4590 minus
2823 4540 3062 4589 versatus
3090 4532 3206 4585 sum
3233 4529 3289 4582 in
3318 4526 3461 4583 omni
3489 4522 3650 4588 malo,
3674 4522 3730 4575 in

464 4627 635 4683 medio
671 4627 924 4683 Ecclesiae
955 4636 1005 4682 et
1038 4628 1334 4698 Synagoga:
1361 4628 1401 4680 ί.
1462 4626 1633 4698 igitur
1666 4642 1793 4682 cum
1846 4644 2045 4685 revera
2089 4630 2468 4687 Samaritanus
2518 4632 2589 4687 ob
2640 4628 3031 4687 exsecrandam
3074 4622 3374 4694 nequitiam
3408 4620 3500 4681 sit,
3540 4616 3730 4672 istius-

465 4723 616 4779 modi
670 4733 853 4779 tamen
902 4723 1322 4794 appellationem
1371 4721 1587 4792 rejicit;
1644 4729 1700 4778 et
1744 4738 1871 4777 cum
1920 4740 1980 4780 se
2027 4726 2172 4781 idem
2223 4725 2472 4781 Judaeum
2524 4725 2691 4781 faciat
2734 4722 2943 4779 Iudaeis
3008 4718 3358 4791 refragatur,
3413 4724 3727 4784 quanquam

465 4835 594 4876 cum
620 4820 710 4886 his
742 4819 928 4891 aliqua
953 4834 1021 4875 ex
1052 4828 1207 4890 parte
1243 4818 1545 4883 consentit,
1584 4818 1665 4873 uti
1709 4826 1927 4890 postea,
1956 4837 2081 4877 cum
2115 4822 2184 4877 ad
2207 4838 2329 4893 ejus
2367 4822 2444 4878 rei
2478 4821 2883 4892 probationem,
2928 4825 2983 4874 et
3007 4816 3390 4873 haereticorum
3457 4806 3726 4880 ejusmodi

466 4913 901 4972 confutationem
956 4919 1277 4983 perventum
1327 4911 1525 4976 fuerit,
1579 4910 1688 4967 Deo
1746 4912 2537 4984 adjuvantemonstrabimus.

542 5031 558 5061 ¹
582 5026 744 5084 PrOv.
771 5043 827 5092 ν,
857 5025 946 5081 Η.

539 5144 652 5218 (ll)
695 5145 946 5218 'Exovg't
996 5139 1066 5198 δὲ
1109 5144 1189 5218 τὸ.
1213 5143 1388 5218 ’κατὰ
1433 5144 1753 5218 Ματθαῖονέ
1793 5141 1951 5218 Quod
1995 5149 2049 5198 et

474 5211 839 5287 Hieronymus
877 5211 1067 5270 Graece
1099 5214 1357 5287 reddidit,
1381 5222 1436 5287 et
1471 5215 1605 5287 citat
1655 5213 2045 5287 ipse__saepju_s.

424 5286 429 5301 '
473 5286 660 5357 Neque
681 5282 819 5357 'vero
845 5299 1040 5357 purum
1067 5292 1256 5355 putum
1280 5284 1523 5357 Matthaei
1549 5282 2049 5357 Evangeliuml‘uit.

475 5366 537 5414 ut
565 5354 911 5412 existimasse
945 5354 1160 5426 ridet_nr
1192 5355 1529 5426 Epiphanius
1551 5396 1567 5421 ,
1586 5357 1702 5426 sed
1722 5354 1793 5426 ab
1819 5355 1928 5426 illis
1956 5354 2051 5409 de-

474 5435 782 5499 pravatum,
815 5424 963 5499 quod
986 5433 1046 5499 et
1076 5423 1432 5499 Evangelium
1467 5423 1931 5499 xardt"E6p_atoug
1958 5439 2054 5499 ap-

475 5494 644 5568 pellat
670 5494 942 5568 Eusebius
986 5495 1080 5550 lib.
1115 5510 1173 5568 ιιι
1204 5494 1468 5568 Hiram,“
1465 5509 1587 5566 cap.
1618 5496 1703 5568 l9.
1744 5494 1967 5550 llieron.
1999 5495 2055 5546 in

476 5562 597 5636 ξαρ.
621 5581 708 5636 xu
748 5564 982 5636 Matth:
1005 5581 1126 5636 cap.
1157 5566 1224 5622 15
1259 5585 1272 5621 :
1323 5563 1390 5620 In
1423 5562 1870 5636 Evangeliotquo
1902 5574 2062 5636 utau-

482 5632 567 5706 tar
611 5632 885 5690 Nazareni
917 5632 1198 5705 Ebimiita‘,
1243 5637 1382 5706 quod
1431 5632 1593 5705 nuper
1630 5635 1688 5706 in
1724 5632 1967 5691 ercum
1999 5633 2063 5706 de

482 5704 724 5775 Hebra'o
739 5721 980 5775 germane
1017 5703 1414 5775 transtulimus,
1434 5714 1482 5758 et
1502 5703 1640 5775 quod
1671 5714 1887 5760 vocatur
1909 5714 1941 5758 α
1961 5703 2065 5775 ple-

485 5777 661 5847 risque
700 5773 944 5831 Μαιώωὲ
976 5776 1353 5843 authenticum,
1394 5772 1548 5830 homo
1581 5776 1698 5841 iste,
1732 5776 1821 5845 qui
1855 5772 2064 5829 aridam

2155 5140 2309 5195 habet
2330 5156 2567 5203 manant,
2590 5138 2954 5195 ccementariua
2976 5136 3248 5192 scribitur.
3286 5135 3430 5191 Idem
3457 5136 3510 5190 in
3535 5132 3731 5202 Script.

2154 5211 2337 5265 eccles.
2369 5208 2438 5265 de
2481 5206 2733 5265 Matthaeo
2774 5223 2964 5279 agens,
3001 5207 3165 5276 hujus
3199 5205 3527 5263 Hebraicum
3557 5206 3735 5273 ipsum

2156 5282 2213 5337 in
2226 5280 2549 5337 Caesariensi
2568 5279 2897 5335 bibliotheca
2924 5285 3265 5334 asservatum
3289 5286 3448 5333 aetate
3476 5290 3576 5330 sua
3607 5288 3738 5328 nar-

2159 5360 2264 5419 rat,
2291 5350 2589 5420 cujnssihi
2624 5365 2654 5403 a
2684 5347 2959 5420 Nazaraais
2981 5347 3322 5420 exscribendi
3354 5342 3738 5420 [παίετε-[υσ-

2158 5412 2262 5477 rit.
2290 5412 2394 5476 Sed
2427 5419 2810 5489 Nasamon-um
2831 5418 3189 5489 Evangelium
3223 5429 3565 5489 nequaquam
3598 5412 3735 5468 Mat-

2166 5492 2292 5564 thaei
2323 5507 2643 5564 germanum
2682 5488 2804 5545 fuit.
2831 5484 3118 5564 PostrEIno
3147 5484 3572 5564 numjleb'raica
3598 5490 3741 5564 vete-

2170 5563 2215 5616 ri
2242 5554 2739 5636 puraque_lingua_,_
2758 5575 2837 5636 an_
2860 5558 3106 5636 Syriaca,
3140 5554 3741 5636 sive_Hierosoiymit.a~

2169 5628 2261 5685 na'
2303 5628 2624 5705 uulgarique
2672 5628 2976 5705 ΔΜιιιιὶιιιέιιε
3025 5628 3377 5705 Evangelium
3420 5628 3735 5705 scripserit,

2170 5693 2507 5771 nonnisi'ex
2535 5693 2897 5771 'conjecturis
2947 5693 3289 5771 pronuntiari
3341 5693 3554 5771 potest.
3596 5693 3737 5763 Nihil

2169 5773 2315 5827 enim
2350 5770 2485 5826 certi
2519 5767 2899 5845 exploratique
2924 5767 2992 5826 ab
3016 5767 3560 5828 auctoribus’discas.
