4018 6142
330 298 434 362 407

1602 282 1611 285 ’
1706 301 1763 357 s.
1804 298 2154 358 EPIPHANII

3476 299 3581 359 £08

400 417 466 473 ιι.
508 416 788 489 Siquidem
815 418 996 474 Ebion
1022 419 1128 474 iste
1156 419 1402 490 priorum
1428 420 1645 476 illorum
1675 421 1901 491 aqualis

2076 421 2151 476 B'.
2212 411 2379 483 Οὗτος
2433 419 2541 492 γὰρ
2569 421 2597 474 ό
2638 417 2830 472 Ἐδίων
2885 413 3181 488 σύγχρονος
3230 414 3337 488 μιν
3379 413 3586 469 τούτων

332 506 459 574 fuit,
497 516 553 564 et
599 509 842 564 eamdem
893 524 1020 564 cum
1058 511 1195 581 ipsis
1236 511 1507 579 originem
1556 512 1783 582 accepit.
1826 515 1906 567 Ac

332 615 568 670 primum
603 617 634 656 e
663 601 808 654 virili
838 603 1134 658 concubitu
1164 618 1228 657 ac
1252 603 1479 670 semine,
1504 615 1634 674 puta
1656 602 1902 675 Iosephi,

331 702 521 746 natum
563 708 687 749 esse
718 691 996 749 Christum
1026 696 1287 758 asseruit,
1316 702 1377 749 ut
1416 706 1544 751 ante
1579 696 1907 767 signiﬁcavi-

333 797 474 846 mus,
500 797 626 836 cum
657 784 732 838 ita
769 783 1010 839 diximus
1043 803 1056 839 :
1088 785 1236 840 hunc
1289 787 1449 857 126
1490 788 1703 843 caeteris
1734 788 1788 842 in
1816 804 1907 844 re-

331 870 436 928 bus
468 874 657 928 eadem
687 889 812 929 cum
849 876 971 931 aliis
1014 878 1373 943 sentientem,»
1411 880 1515 933 hac
1537 893 1647 933 una
1690 894 1751 935 re
1790 880 1908 936 dis-

331 973 580 1028 crepare,
622 961 772 1031 quod
808 962 1118 1020 Judteorum
1151 967 1292 1022 ritus
1316 982 1381 1022 ac
1416 970 1907 1025 eaeremoniasam‘

331 1050 521 1120 plexus
546 1053 653 1119 sit,
693 1054 1227 1129 velutiSabhatum,
1279 1072 1344 1113 ac
1400 1059 1902 1127 circutucisionetn,

330 1144 545 1213 aliaque
588 1144 642 1199 id
686 1162 876 1216 genus,
908 1148 1135 1218 perinde
1183 1158 1347 1220 atque
1389 1166 1421 1206 a
1469 1148 1675 1207 Iudaeis
1708 1168 1772 1208 ac
1805 1152 1908 1208 Sa-

329 1237 615 1292 maritanis
646 1238 1027 1294 observantur.
1061 1240 1203 1307 Quin
1228 1242 1391 1297 etiam
1429 1244 1584 1314 plura
1610 1245 1714 1300 iste
1739 1261 1905 1315 quam

327 1326 502 1382 Judaei
567 1327 1044 1387 Samaritanorum
1115 1334 1422 1389 imitatione
1499 1336 1900 1406 complectitur.

327 1418 464 1473 Nam
506 1421 696 1477 ethoc
725 1422 948 1491 adjecit,
1007 1430 1068 1478 ut
1097 1423 1168 1479 ab
1211 1432 1573 1479 externorum
1619 1427 1904 1483 hominum

328 1519 477 1565 tactu
528 1527 651 1568 sese
692 1515 1022 1580 contineret,
1077 1523 1247 1587 utque
1275 1516 1475 1573 diebus
1503 1518 1737 1588 singulis
1769 1535 1907 1590 quo.

328 1603 431 1658 ties
458 1605 743 1660 mulierem
772 1607 1065 1677 attigisset,
1102 1608 1172 1663 ab
1210 1608 1440 1679 ejusque
1468 1609 1754 1679 complexu
1781 1624 1907 1665 sur-

327 1698 497 1758 geret,
530 1706 671 1761 aqua
707 1708 828 1748 sese
865 1695 1166 1764 prolueret,
1204 1696 1377 1752 sicubi
1411 1696 1530 1764 ejus
1557 1706 1702 1754 esset
1727 1700 1901 1769 copia,

2008 513 2272 583 ὑπῆρχεν,
2321 512 2415 564 ὰπ’
2451 510 2628 564 αὑτῶν
2685 510 2744 562 δὲ
2807 510 2905 562 σὺν
2957 508 3143 571 αὐτοῖς
3191 508 3446 580 ὁρμᾶται.
3506 507 3586 560 Τὰ

2007 603 2199 675 πρῶτα
2247 602 2304 656 δὲ
2351 605 2417 656 ὲκ
2454 592 2795 675 παρατριϐῆς
2852 602 2947 656 καὶ
3008 601 3322 672 σπέρματος
3363 596 3585 670 ἀνδρὸς,

2004 697 2250 750 τουτέστι
2277 696 2373 749 τοῦ
2390 696 2607 766 Ἰωσὴφ,
2628 694 2719 747 τὸν
2744 694 2978 767 Χριστὸν
2996 690 3357 763 γεγεννῆσθαι
3381 690 3589 757 ἔλεγεν,

2006 789 2083 851 ὡς
2104 789 2199 842 καὶ⁸
2221 788 2323 859 ἢδη
2353 789 2485 858 ἡμῖν
2523 788 2870 859 προείρηται,
2901 770 2984 840 ὅτι
3014 784 3095 838 Τὰ
3135 783 3227 838 ἴσα
3259 785 3374 845 τοῖς
3404 780 3585 845 ἄλλοις

2004 882 2065 933 ὲν
2090 879 2260 932 ἅπασι
2291 878 2523 949 φρονῶν,
2558 881 2617 932 ὲν
2647 876 2821 950 τούτῳ
2858 877 3006 948 μόνῳ
3053 875 3334 947 διεφέρετο
3378 914 3397 943 ,
3522 876 3584 929 έν

2003 972 2083 1043 τῷ
2115 973 2264 1042 νόμῳ
2294 971 2389 1025 τοῦ
2435 970 2767 1041 Ἰουδαϊσμοῦ
2813 970 3173 1043 προσανέχειν
3203 966 3343 1021 κατὰ
3379 965 3585 1019 σαϐϐα-

2002 1063 2216 1134 τισμὸν,
2238 1061 2498 1115 καὶκατὰ
2529 1062 2629 1134 τὴν
2663 1061 3004 1132 περιτομὴν,
3046 1059 3143 1112 καὶ
3179 1057 3321 1111 κατὰ
3352 1055 3424 1109 τὰ
3449 1055 3584 1111 ἄλλα

2004 1155 2181 1208 πάντα
2209 1197 2223 1219 ,
2282 1155 2487 1225 ’ὅσαπερ
2535 1152 2686 1224 παρὰ
2750 1152 3024 1215 Ἰουδαίοις
3079 1151 3174 1204 καὶ
3217 1146 3585 1219 Σαμαρείταις

2006 1245 2352 1302 ἐπιτελεῖται.
2408 1246 2528 1298 Ἔτι
2572 1244 2629 1297 δὲ
2685 1244 2855 1297 πλείω
2903 1236 3062 1307 οὗτος
3105 1239 3256 1311 παρὰ
3288 1241 3411 1302 τοὺς
3464 1237 3587 1290 Ἰου-

2002 1336 2182 1401 δαίους
2203 1336 2404 1407 ὁμοίως
2433 1339 2545 1399 τοῖς
2569 1337 2937 1407 Σαμαρείταις
2962 1334 3371 1402 διαπράττεται.
3408 1332 3580 1402 Προσα-

2004 1428 2156 1482 έθετο
2181 1427 2289 1499 γὰρ
2323 1427 2385 1480 τὸ
2407 1426 2841 1498 παρατηρεῖσθαι
2863 1424 3129 1479 ἅπτεσθαί
3149 1439 3313 1477 τινων
3338 1422 3451 1475 τῶν
3485 1422 3583 1476 ἀλ-

2003 1516 2231 1573 λοεθνῶν
2255 1532 2269 1547 ⁸
2306 1517 2425 1572 καθ’
2480 1517 2716 1588 ἑκάστην
2749 1516 2806 1570 δὲ
2857 1515 3089 1588 ἡμέραν,
3124 1515 3177 1567 εῐ
3202 1530 3331 1567 ποτε
3363 1513 3582 1582 γυναικὶ

2005 1608 2325 1679 συναφθείη,
2383 1609 2478 1661 καὶ
2513 1609 2608 1661 ἀπ’
2643 1607 2812 1677 αὑτῆς
2858 1608 3085 1677 ἀναστῇ,
3120 1603 3477 1675 βαπτίζεσθαι
3523 1604 3582 1657 ὲν

2002 1704 2117 1765 τοῖς
2145 1700 2355 1765 ὕδασιν,
2380 1701 2535 1753 εῐπου
2564 1698 2620 1752 δὲ
2651 1697 2717 1752 ἂν
2754 1698 3014 1769 εὑποροίη
3040 1697 3074 1769 ἢ
3106 1697 3380 1767 Θαλάσσης
3422 1695 3456 1766 ἢ
3489 1695 3584 1750 ἅλα

330 1782 560 1837 marinae
589 1778 842 1840 videlicet
892 1795 987 1840 aut
1031 1787 1259 1842 alterius
1304 1788 1537 1858 generis.
1570 1787 1726 1855 Quod
1754 1791 1801 1846 si
1835 1791 1906 1847 ab

2007 1794 2111 1846 λων
2165 1792 2393 1847 ὑδάτων.
2437 1790 2597 1844 Ἀλλὰ
2641 1790 2735 1844 καὶ
2784 1789 2833 1842 εἱ
2875 1788 3225 1860 συναντήσειέ
3270 1804 3375 1842 τινι
3419 1786 3591 1840 ἀνιὼν

330 1875 420 1927 illa
450 1875 652 1931 lotione
691 1892 755 1931 ac
800 1879 1075 1935 mersione
1120 1882 1338 1935 rediens
1371 1881 1427 1935 in
1466 1881 1778 1951 quempiam
1822 1882 1906 1937 itt-

327 1974 538 2030 currat,
573 1967 753 2022 denuo
783 1968 851 2023 ad
877 1970 1205 2025 abluendum
1237 1987 1378 2035 sese,
1416 1987 1560 2042 stt-pe
1583 1973 1747 2027 etiam
1778 1989 1904 2028 cum

329 2056 466 2125 ipsis
495 2059 846 2117 vestimentis
876 2061 1203 2132 regreditur.
1239 2062 1411 2118 Hodie
1458 2079 1586 2119 vero
1613 2064 1905 2136 virginitas

326 2149 469 2218 apud
506 2150 635 2206 illos
671 2162 727 2207 et
759 2152 987 2208 castitas
1020 2155 1247 2208 omnino
1292 2154 1633 2226 prohibetur,
1667 2156 1721 2211 id
1758 2157 1905 2226 quod

326 2247 380 2294 et
407 2250 616 2296 caatcrae
639 2256 829 2298 omnes
858 2243 1133 2312 ejusmodi
1165 2244 1400 2300 haereses
1436 2256 1722 2315 usurpant.
1768 2245 1903 2300 Nam

326 2332 456 2385 olim
487 2332 554 2388 de
597 2333 914 2404 virginitate
964 2335 1186 2406 gloriari
1234 2337 1503 2401 solebant,
1544 2336 1801 2392 nimit'trm
1833 2337 1904 2393 ob

326 2420 590 2480 Jacobum
621 2423 845 2482 fratrem
875 2425 1091 2481 Domini
1123 2428 1419 2498 :,adeoque
1450 2428 1624 2483 libros
1674 2443 1806 2485 suos
1836 2429 1903 2483 ad

327 2514 577 2570 seniores
599 2522 655 2571 et
680 2516 923 2588 virgines
943 2517 1276 2573 inscribunt.
1312 2518 1418 2573 Sed
1446 2518 1612 2589 hujus
1645 2518 1905 2577 factionis

327 2605 612 2659 exordium
665 2600 787 2676 post
848 2607 1362 2681 Hierosolymitanae
1424 2609 1576 2665 urbis
1629 2610 1901 2666 excidium

328 2696 514 2765 coepit.
547 2695 667 2762 Quo
697 2704 941 2770 tempore
961 2699 1260 2755 Christiani
1281 2715 1472 2756 omnes
1492 2716 1617 2755 cum
1646 2701 1702 2755 in
1720 2698 1902 2757 Peraea

329 2784 605 2855 degerent,
637 2788 883 2857 atquein
929 2791 1065 2845 urbe
1097 2787 1246 2845 Pella
1289 2790 1659 2860 potissimum,
1693 2808 1813 2863 quae
1847 2793 1902 2846 in

329 2874 715 2951 Decapolitana
753 2877 1035 2955 provincia
1077 2887 1182 2952 est,
1212 2880 1369 2957 cujus
1417 2889 1599 2942 exstat
1630 2884 1685 2937 in
1727 2881 1905 2937 Evan-

328 2973 471 3044 gelio
496 2974 703 3031 mentio
748 2976 788 3041 ⁸,
832 2991 1001 3047 prepe
1032 2976 1339 3033 Batanteam
1388 2994 1452 3034 ac
1488 2973 1855 3036 Basanitidem
1884 2992 1899 3029 :

328 3078 454 3116 cum
488 3063 624 3129 illic,
658 3064 901 3134 inquam,
947 3064 1288 3122 domicilium
1336 3069 1721 3138 collocassent,
1772 3071 1902 3126 hinc

330 3153 523 3209 Ebioni
551 3154 677 3208 data
712 3164 798 3211 est
828 3158 1162 3229 propagandi
1191 3161 1398 3216 erroris
1436 3162 1681 3217 occasio.
1713 3160 1817 3228 Qui
1845 3162 1903 3217 in

329 3260 472 3315 pago
524 3248 762 3316 quodam
819 3247 1037 3304 Cocabe
1072 3250 1129 3304 in
1189 3252 1412 3322 regione
1462 3251 1901 3321 Carnaimorum,

330 3338 551 3393 Arnemi
584 3345 637 3395 et
662 3340 1105 3409 Astarotharum,
1136 3352 1191 3400 et
1230 3344 1564 3403 Basanitidis
1597 3356 1776 3404 tractu
1804 3349 1905 3404 ba-

330 3428 506 3485 bitare
559 3432 747 3501 etepit,
778 3433 1239 3503 quemadmodum
1284 3445 1441 3493 vetus
1484 3439 1551 3493 ad
1596 3455 1697 3495 nos
1732 3456 1908 3512 usque

331 3519 475 3575 fama
506 3524 750 3593 pertulit.
799 3522 931 3579 lude
976 3526 1145 3596 igitur
1182 3526 1401 3598 pessimi
1445 3530 1778 3599 praedicandi
1806 3533 1908 3586 do-

329 3614 530 3682 gmatis
557 3614 775 3670 initium
814 3618 1074 3688 sumpsit,
1103 3618 1249 3674 unde
1280 3627 1335 3674 et
1371 3620 1569 3689 impios
1598 3621 1907 3678 Nazarcnos

331 3703 570 3774 coepisse
614 3706 928 3764 docuimus.
976 3709 1151 3765 Ambo
1201 3713 1347 3766 enim
1398 3712 1614 3768 collatis
1648 3713 1791 3768 inter
1848 3730 1908 3770 se

331 3798 604 3867 capitibus
637 3815 793 3856 suam
844 3802 984 3857 alter
1015 3818 1140 3857 cum
1191 3804 1364 3858 altero
1406 3804 1811 3875 improbitatem
1843 3821 1907 3862 ac

331 3890 633 3960 nequitiam
664 3893 1112 3949 communicavit.
1150 3894 1328 3966 Atque
1366 3896 1467 3952 etsi
1505 3897 1907 3967 quadamtenus

333 3996 365 4036 a
394 3998 452 4038 se
490 3991 682 4039 mutuo
726 3985 1051 4052 dissideant,
1096 3986 1151 4041 in
1185 3988 1547 4059 excogitando
1580 3998 1759 4045 tamen
1785 4006 1911 4061 pra-

331 4074 558 4131 vissimo
581 4075 832 4147 dogmate
861 4093 984 4133 sese
1014 4078 1246 4134 invicem
1277 4089 1686 4151 expresserunt.
1738 4082 1911 4138 Caete-

332 4181 456 4221 rum
498 4169 721 4222 memini
752 4185 840 4224 me
877 4170 1001 4226 aliis
1040 4171 1094 4225 in
1128 4172 1287 4235 locis,
1319 4188 1443 4227 cum
1477 4173 1741 4229 adversus
1774 4174 1909 4229 alias

333 4257 571 4313 hazreses
620 4260 1026 4327 contenderem,
1079 4260 1147 4316 de
1201 4260 1545 4317 Cocaborum
1595 4263 1705 4318 situ
1750 4271 1911 4334 atque

333 4346 534 4401 Arabia
563 4347 892 4416 disputasse.

2003 1884 2111 1938 ἀπὸ
2159 1883 2259 1954 τῆς
2301 1883 2410 1936 τῶν
2442 1882 2649 1936 ὑδάτων
2707 1880 3056 1943 καταδύσεως
3094 1880 3191 1934 καὶ
3250 1877 3580 1949 βαπτισμοῦ,

2003 1968 2263 2033 ὡσαύτως
2284 1969 2446 2023 πάλιν
2480 1966 2768 2040 ἀνατρέχει
2796 1968 3170 2039 βαπτίζεσθαι,
3204 1967 3461 2032 πολλάκις
3488 1962 3586 2020 καὶ
3662 2012 3667 2017 .

2004 2062 2101 2116 σὺν
2133 2066 2246 2126 τοῖς
2286 2063 2539 2134 ἱματίοις.
2574 2055 2655 2116 Τὰ
2674 2060 2768 2115 νῦν
2798 2060 2855 2116 δὲ
2877 2060 3249 2133 ἀπηγόρευται
3267 2059 3583 2114 παντάπασι.

2003 2156 2133 2225 παρ’
2181 2155 2365 2218 αὑτοῖς
2424 2152 2691 2227 παρθενία
2744 2170 2802 2206 τε
2843 2148 2938 2205 καῖ
2993 2151 3311 2223 ἐγκράτεια,
3368 2151 3445 2214 ὡς
3488 2150 3585 2203 καὶ

2003 2245 2157 2317 παρὰ
2183 2248 2305 2310 ταῖς
2333 2246 2518 2310 ἄλλαις
2559 2245 2771 2317 ὁμοίαις
2801 2245 2971 2317 ταύτῃ
3007 2245 3270 2316 αἱρέσεσι.
3305 2244 3442 2296 Ποτὲ
3473 2241 3583 2313 γὰρ

2003 2337 2304 2409 παρθενίαν
2354 2337 2731 2408 ἐσεμνύνοντο,
2764 2336 2923 2408 δῆθεν
2952 2336 3039 2390 διὰ
3084 2330 3174 2389 τδν
3208 2334 3460 2389 Ἰάκωὸον
3493 2333 3587 2386 τὸν

2003 2429 2226 2499 ἀδελφὸν
2283 2428 2378 2483 τοῦ
2428 2428 2655 2500 Κυρίου,
2710 2429 2803 2482 καὶ
2835 2426 2904 2480 τὰ
2944 2427 3122 2479 αὐτῶν
3174 2426 3585 2496 συγγράμματα

2003 2520 2395 2592 πρεσϐυτέροις
2427 2520 2522 2573 καὶ
2575 2518 2868 2590 παρθένοις
2908 2518 3200 2588 γράφουσι.
3240 2517 3433 2585 Γέγονε
3466 2516 3523 2569 δὲ
3549 2517 3589 2587 ἡ

2003 2612 2145 2684 ἀρχὴ
2175 2611 2365 2664 τούτου
2395 2610 2507 2680 (12)
2524 2607 2663 2680 μετὰ
2688 2610 2786 2680 τὴν
2807 2608 2911 2661 τῶν
2944 2607 3332 2680 Ἰεροσολύμων
3360 2602 3581 2659 ἅλωσιν.

2016 2702 2233 2774 Ἐπειδὴ
2298 2701 2407 2773 γὰρ
2447 2700 2648 2765 πάντες
2695 2700 2745 2754 οἱ
2790 2701 2871 2763 είς
2898 2695 3135 2773 Χριστὸν
3164 2699 3587 2761 πεπιστευκότες

2002 2795 2101 2865 τὴν
2134 2793 2375 2866 Περαίαν
2397 2794 2517 2846 κατ’
2550 2794 2727 2845 ἐκεῖνο
2754 2790 2948 2863 καιροῦ
2981 2790 3309 2861 κατῴκησαν
3335 2788 3397 2843 τὸ
3426 2788 3586 2842 πλέον

2004 2887 2062 2938 ὲν
2089 2884 2265 2957 Πέλλῃ
2297 2884 2401 2939 τινὶ
2429 2884 2580 2938 πόλει
2634 2883 2944 2956 καλουμένῃ
2971 2884 3068 2953 τῆς
3098 2872 3452 2944 Δεκαπόλεως
3487 2879 3593 2950 τῆς·

2004 2977 2062 3031 ὲν
2087 2975 2165 3047 τῷ
2207 2975 2523 3046 Εὑαγγελίῳ
2552 2975 2970 3047 γεγραμμένης,
3002 2974 3230 3046 πλησίον
3269 2973 3367 3044 τῆς
3404 2972 3584 3024 Βατα-

2003 3066 2159 3136 ναίας
2211 3069 2307 3122 καὶ
2356 3066 2702 3135 Βασανίτιδος
2758 3067 2961 3141 χώρας,
3007 3068 3068 3121 τὸ
3117 3064 3421 3139 τηνικαῦτα
3471 3057 3599 3116 ἐκεῖ

2009 3164 2478 3237 μεταναστάντων,
2508 3163 2605 3217 καὶ
2628 3163 2806 3215 ἐκεῖσε
2856 3157 3237 3233 διατριϐόντων
3260 3155 3459 3221 αὑτῶν,
3489 3154 3586 3223 γέ-

2004 3273 2159 3326 γονεν
2182 3254 2247 3309 ὲκ
2299 3253 2485 3309 τούτου
2540 3255 2813 3328 πρόφασις
2841 3253 2919 3325 τῷ
2953 3252 3186 3306 Ἐϐίωνι.
3220 3249 3332 3304 Kal.
3362 3250 3588 3320 ἄρχεται

2009 3350 2109 3421 μὲν
2130 3350 2228 3420 τὴν
2265 3347 2585 3420 κατοίκησιν
2618 3346 2762 3418 ἔχειν
2795 3347 2852 3398 ὲν
2889 3342 3134 3416 Κωκάϐῃ
3163 3341 3270 3394 τινὶ
3301 3338 3464 3410 κώμῃ
3495 3336 3588 3390 ἐπὶ

2005 3440 2072 3494 τὰ
2108 3439 2248 3512 μέρη
2274 3438 2375 3510 τῆς
2400 3437 2679 3512 Καρναῖμ,
2725 3436 2945 3508 Ἀρνὲμ,
2969 3432 3062 3487 καὶ
3097 3430 3398 3503 Ἀσταρὼθ,
3434 3432 3493 3484 ὲν
3520 3428 3589 3501 τῇ

2006 3530 2316 3587 Βασανίτιδι
2361 3530 2535 3604 χώρᾳ,
2575 3530 2650 3595 ὡς
2698 3531 2733 3601 ἡ
2784 3527 3011 3582 ἐλθοῦσα
3068 3525 3148 3589 εἱς
3190 3525 3339 3596 ἡμᾶς
3389 3520 3591 3592 γνῶσις

2008 3626 2273 3698 περιέχει.
2314 3626 2506 3679 Ἔνθεν
2540 3623 2768 3696 ἄρχεται
2799 3621 2896 3693 τῆς
2927 3620 3103 3689 κακῆς
3143 3617 3306 3673 αὑτοῦ
3340 3617 3592 3670 διδασκα-

2007 3717 2148 3783 λίας,
2189 3718 2311 3772 ὅθεν
2361 3717 2517 3788 δῆθεν
2547 3714 2642 3771 καὶ
2681 3716 2728 3769 οἱ
2763 3713 3073 3785 Ναζαρηνοὶ
3100 3712 3150 3765 οἱ
3184 3710 3375 3781 ἄνομοι
3406 3708 3594 3779 προδε-

2008 3809 2298 3881 δήλωνται.
2329 3806 2632 3878 Συναφθεὶς
2681 3806 2789 3877 γὰρ
2812 3798 2965 3867 οὗτος
2989 3803 3240 3865 ἐκείνοις,
3272 3800 3366 3854 καὶ
3394 3800 3591 3852 ἐκεῖνοι

2007 3899 2205 3967 τούτῳ,
2229 3897 2487 3970 ἑκάτερος
2515 3897 2621 3951 ἀπὸ
2642 3896 2741 3966 τῆς
2762 3894 2954 3948 ἑαυτοῦ
2985 3892 3285 3965 μοχθηρίας
3313 3890 3391 3961 τῷ
3420 3889 3593 3959 ἑτέρῳ

2013 3991 2305 4062 μετέδωκε.
2328 3991 2440 4043 Καὶ
2463 3988 2809 4060 διαφέρονται
2853 3987 2948 4058 μὲν
2973 3985 3159 4056 ἕτερος
3189 3983 3327 4055 πρὸς
3357 3982 3447 4034 τὸν
3474 3979 3593 4033 ’ἐτε-
3680 4012 3687 4019 -

2014 4097 2106 4152 ρον
2132 4077 2276 4135 κατά
2295 4098 2368 4146 τι,
2404 4081 2461 4133 ὲν
2485 4079 2540 4133 δὲ
2558 4082 2624 4151 τῇ
2651 4078 2911 4148 κακονοίᾳ
2937 4076 3198 4148 ἀλλήλους
3218 4076 3323 4128 ἀπε
3332 4072 3589 4144 μάξαντο.

2014 4172 2152 4244 Ἤδη
2183 4171 2239 4226 δέ
2269 4190 2358 4244 μοι
2392 4172 2485 4226 καὶ
2518 4174 2575 4225 ὲν
2600 4170 2779 4234 ἄλλοις
2804 4170 3003 4237 λόγοις,
3031 4168 3279 4222 καὶκατὰ
3303 4166 3400 4228 τὰς
3432 4163 3593 4226 ἄλλας

2011 4266 2255 4337 αἱρέσεις
2303 4265 2432 4337 περὶ
2486 4265 2584 4336 τῆς
2627 4262 2949 4325 τοποθεσίας
3000 4260 3304 4321 Κωκάϐων,
3354 4258 3445 4311 καὶ
3497 4256 3593 4325 τῆς

2025 4357 2283 4429 Ἀραϐίας
2310 4358 2397 4411 διὰ
2428 4357 2664 4421 πλάτους
2686 4357 2920 4428 εἴρηται.

406 4436 493 4493 Ill.
537 4438 817 4511 Principio
846 4441 1015 4512 igitur
1065 4440 1260 4508 Ebion,
1294 4450 1353 4498 ut
1402 4440 1536 4509 dixi,
1574 4443 1851 4501 Christum
1881 4461 1906 4502 ε

2085 4447 2161 4500 Γ’.
2197 4449 2307 4501 Kal.
2353 4446 2415 4501 τὸ
2453 4448 2553 4518 μὲν
2607 4448 2823 4518 πρῶτον
2855 4445 2964 4519 (i3)
3008 4447 3037 4498 ὁ
3085 4441 3297 4506 Ἐϐίων,
3326 4440 3401 4503 ὡς
3433 4438 3593 4507 ἔφην.

334 4532 437 4586 viri
474 4533 702 4598 semine,
733 4533 990 4588 nimirum
1024 4532 1268 4606 Josephi,
1301 4535 1541 4607 genitum
1583 4536 1904 4594 afﬁrmabat.

406 4689 424 4720 ¹
455 4688 647 4748 Matth.
676 4705 747 4755 tv,
788 4688 893 4758 25;
934 4688 1104 4746 Marc.
1134 4705 1189 4756 ν,
1223 4690 1315 4757 20,
1341 4698 1395 4747 et
1429 4708 1525 4759 vtt,
1560 4690 1648 4748 5i.

404 4848 517 4933 (ἰῇ)
555 4851 780 4933 Γέχρῖε
818 4844 887 4933 ὃς
984 4850 1142 4921 ἀρχὴ
1174 4852 1421 4933 Ξούτοιξ.
1461 4851 1530 4905 At
1561 4849 1758 4933 Cnltron.
1774 4854 1910 4933 .Ale-

331 4919 497 5004 apud:
529 4934 587 5004 ιι.
625 4919 751 4985 597,
792 4920 961 5004 refert
1002 4919 1149 5004 anno
1174 4919 1395 4991 Trajani
1417 4937 1549 5004 yut,
1583 4920 1830 5004 candido
1856 4932 1911 4981 et

331 4988 610 5074 Quadrato
637 5005 785 5074 coss:
822 4990 1204 5074 Ebionita_rum
1232 4988 1525 5074 emersisse
1537 5001 1779 5074 sectam.

404 5058 665 5146 (λῖθριςαί
713 5060 781 5146 τὸ
975 5062 1229 5131 πρῶτον.
1273 5060 1483 5146 Duplex
1533 5061 1912 5146 Ebionitarum

336 5128 505 5183 factio
534 5128 663 5192 fuit;
689 5128 935 5185 nam'alii
966 5128 1180 5187 merum
1206 5147 1268 5185 ac
1298 5128 1601 5203 simplicem
1634 5133 1911 5191 hominem

334 5199 657 5285 asserebant
675 5215 810 5285 esse
841 5199 1074 5285 Jesum,“
1087 5209 1254 5285 atque
1285 5217 1314 5255 a
1342 5199 1581 5285 {osepho
1632 5202 1913 5285 Mariaque

332 5270 608 5348 genitum;
640 5269 733 5322 alii
761 5283 792 5327 ο
817 5279 1011 5325 sancto
1042 5269 1248 5342 Spir—itu
1281 5287 1308 5325 a
1346 5269 1569 5342 Virgine
1599 5269 1916 5344 susceptum

333 5348 410 5393 ita
447 5338 776 5406 fatebantur,
812 5340 893 5393 uti
923 5339 1090 5395 Deum
1138 5358 1203 5396 ac
1235 5340 1473 5397 Verbum
1523 5357 1664 5408 esse,
1694 5353 1788 5398 aut
1817 5355 1916 5400 ex-

335 5409 544 5465 stitisse
590 5416 750 5463 antea
800 5418 1082 5479 negarent.
1118 5411 1390 5468 Eusebius
1425 5413 1518 5466 lib.
1553 5428 1633 5480 tu,
1668 5425 1789 5485 cap.
1817 5416 1911 5469 2t.

335 5477 599 5538 Origenes
643 5488 831 5534 contra
873 5479 1087 5535 Celsum
1133 5490 1264 5537 tom.
1301 5497 1343 5536 tt
1368 5498 1381 5536 :
1411 5481 1609 5536 Ἐδίων
1652 5500 1712 5535 τε
1749 5484 1858 5538 γὰο
1887 5484 1916 5536 ό

335 5477 599 5547 Origenes
643 5488 831 5534 contra
873 5477 1087 5535 Celsum
1133 5490 1264 5537 tom.
1301 5497 1343 5536 tt
1368 5498 1381 5536 :
1411 5477 1627 5536 Ἐδίων
1652 5500 1712 5535 τε
1738 5477 1858 5557 ’γὰρ
1887 5484 1915 5536 ό

337 5549 755 5633 πτωχὸςηπαρὰ
788 5549 1064 5633 ’1.ουδαίοις
1115 5552 1399 5633 καλεῖται’,
1442 5552 1552 5633 λκαὶ.
1594 5551 1915 5633 ξΕδιωναίοι

336 5616 762 5704 χρηματίζουσιν
791 5621 841 5673 οἱ
868 5621 977 5674 ἀπὸ
996 5621 1281 5704 λιουδαίων
1321 5623 1413 5676 τὸν
1446 5622 1661 5704 Ἰησοῦν
1681 5623 1756 5687 ὡς
1781 5627 1916 5704 ξρι-

338 5686 465 5740 στὸν
491 5687 942 5762 παραδεξάμενοι.
987 5690 1239 5758 Quorum
1281 5707 1477 5762 genera
1507 5686 1747 5762 illaAduo
1770 5691 1811 5747 t'.
1837 5686 1910 5749 ἰιι

337 5754 729 5813 commemorat
753 5754 953 5814 ιὈὺ-ιοι
987 5754 1060 5813 ’δέ
1106 5762 1241 5813 εἰσιν
1283 5754 1340 5814 δι
1385 5760 1551 5814 διττοὶ
1585 5760 1911 5823 Ἐδιωναϊοι,

2016 4540 2248 4612 Χριστὸν
2281 4542 2346 4593 ἐκ
2372 4542 2685 4612 σπέρματος
2720 4539 2931 4611 ἀνδρὸς,
2960 4535 3204 4590 τουτέστι
3243 4532 3336 4586 τοῦ
3375 4530 3591 4600 Ἰωσὴφ,

2012 4854 2131 4928 ἦτοι
2156 4854 2221 4928 ἐκ
2248 4850 2523 4928 Παρθένου
2551 4844 2939 4928 ὁμολοζοῦχτες
2966 4845 3173 4928 δμοίως
3202 4843 3334 4928 ἡμῖν
3366 4843 3457 4923 τὸν
3487 4841 3597 4928 Ἰη-

2016 4916 2161 4985 ᾰοῦν,
2191 4923 2225 4992 ἢ
2263 4916 2362 4993 οὐῂ
2390 4921 2541 4994 οὕτω
2569 4916 2919 4994 γεγενῆσθαι,
2954 4917 3070 4970 ἀλλ’
3097 4916 3173 4979 ὡς
3215 4916 3341 4994 τοὺς
3370 4916 3597 4994 ,λοιποὺς

2015 4985 2592 5065 ἀνθρώπουςξ-νειιιιιι
2641 4985 3023 5065 Eb‘ionaeorunt
3068 4999 3265 5065 nomen
3310 4985 3597 5065 latiusnex-

2014 5053 2259 5134 tendisse
2291 5053 2463 5134 videri
2496 5067 2675 5134 potest
2710 5058 2997 5134 Origenes,
3025 5063 3116 5134 _ut
3156 5053 3444 5134 Ebionteos
3476 5053 3598 5134 illos

2016 5133 2251 5205 appellet
2271 5172 2287 5197 ,
2313 5132 2406 5203 qui
2436 5125 2563 5205 cu't_n_
2588 5127 2789 5205 alioqui
2814 5125 2883 5182 de
2910 5127 3113 5205 Christi
3140 5125 3425 5205 divinitate
3456 5132 3599 5178 recte

2018 5193 2305 5267 sentirent,
2332 5193 2462 5257 cum
2504 5193 2817 5255 Christiana
2855 5198 3115 5267 religione
3143 5193 3402 5267 Iudaicas
3429 5207 3599 5247 caere-

1977 5335 1987 5345 ,
2018 5276 2232 5329 monias
2270 5265 2678 5345 amplectendas
2720 5265 3478 5345 crederetit._Quod_quidem
3515 5269 3599 5345 to:

2016 5361 2105 5400 mo
2138 5356 2174 5398 ιι
2209 5344 2311 5398 sub
2352 5335 2569 5397 initium
2614 5339 2927 5400 significare
2959 5337 3191 5391 videtur.
3225 5335 3601 5389 Theotloretus

2017 5416 2083 5469 de
2121 5413 2392 5469 Ebionteis
2415 5431 2428 5467 :
2448 5410 2551 5466 Τὸν
2585 5410 2641 5464 δὲ
2665 5400 2880 5481 ’Κύριον
2904 5406 3117 5481 Ἰησοῦν
3139 5403 3374 5481 Χριστὸν
3401 5400 3461 5467 ἐξ
3483 5404 3599 5481 Ἰω-

2020 5486 2128 5555 σὴφ
2152 5485 2245 5539 καὶ
2273 5486 2371 5555 τῆς
2391 5481 2609 5555 Μαρίας
2625 5471 2793 5555 ἔφησε
2813 5471 3175 5555 γεγενῆσθαιἱ
3188 5471 3476 5555 ᾆνθριυπον
3502 5471 3599 5555 μὲν

2020 5539 2171 5616 ὄντα.
2207 5556 2240 5608 ἀ
2280 5539 2369 5608 εἴ
2410 5554 2468 5607 δὲ
2488 5539 2605 5605 ’καί
2624 5539 2958 5620 καθαρότητι
2985 5539 3092 5600 τῶν
3122 5539 3596 5610 ἄλλωνδιαφέρον-

2023 5642 2109 5678 τα.
2141 5568 2283 5678 κατ-Ξ
2313 5557 2375 5678 Sy
2415 5623 2506 5677 τὸν
2546 5618 2838 5676 Μωσαῖκδν
2875 5615 3222 5672 πολιτεύοντα
3244 5612 3426 5678 νόμον.
3454 5609 3596 5678 Lego

2023 5642 2109 5687 τα,
2141 5609 2283 5679 κατᾶ
2313 5609 2375 5679 δέ’
2415 5623 2506 5677 τὸν
2546 5609 2838 5694 Μωσαῖγξδν
2869 5609 3222 5694 πολιτεύοντα
3238 5609 3430 5694 νόμον.
3454 5609 3596 5681 Lego

2025 5685 2417 5761 πολιτεύονται,
2449 5707 2626 5764 neque
2652 5692 2720 5746 ad
2753 5688 3031 5753 Christum
3061 5685 3251 5742 referri
3280 5689 3432 5753 puto.
