4018 6138
324 345 463 406 ριοθ

896 324 917 341 “
991 337 1363 397 mensus
1402 341 1744 399 nmnssus
1783 341 1912 402 us.

2047 338 2205 403 I'OM.
2246 346 2386 402 Ιῐ.--
2427 347 2700 413 HERES.
2741 349 2912 406 XXX.

3515 351 3620 411 HO

361 457 622 532 ὡρίζετο·
648 455 715 510 ἐκ
741 451 931 527 χρόνου
958 455 1016 509 δέ
1044 461 1189 519 τινος
1240 456 1336 509 καὶ
1368 455 1528 528 δεῦρο
1568 459 1616 511 oi
1652 457 1840 522 αὐτοῦ,
1874 459 1946 524 ὡς

2053 459 2255 517 Verum
2291 463 2579 534 aliquanto
2630 464 2700 521 ab
2739 465 2868 521 hinc
2903 472 3146 536 tempore
3192 465 3248 520 in
3299 464 3623 521 hodiernum
3672 446 3681 449 ’

361 553 442 616 είς
470 549 769 604 ἀσύστατον
800 548 894 602 καὶ
919 547 1201 619 ἀμήχανον
1229 547 1530 619 τρέψαντες
1555 549 1644 603 τὸν
1670 550 1801 604 ἴδιον
1821 549 1944 604 νοῦν

362 643 509 700 ἄλλοι
538 642 715 705 ἄλλως
762 640 895 712 παρ’
922 640 1108 703 αὐτοῖς
1152 638 1394 710 Χριστοῦ
1434 640 1768 711 διηγοῦνται.
1794 643 1946 714 Τάχα

361 732 416 786 δὲ
455 726 608 801 οἴμαι
656 729 764 809 ἀπὸ
804 728 900 783 τοῦ
950 728 1289 800 ωναφθῆναι
1340 729 1523 795 αὐτοῖς
1582 731 1827 796 Ἠλξαῖον
1852 733 1945 787 τὸν

362 823 832 895 ψευδοπροφήτην,
864 821 956 875 τὸν
985 823 1134 891 παρά
1162 824 1276 885 τοῖς
1316 822 1612 893 Ἀμψηνοῖς
1645 825 1662 855 ¹
1703 823 1797 877 καὶ
1833 825 1949 878 Ὀσ.

362 916 543 986 σηνοῖς
599 912 697 968 καὶ
756 911 1124 975 Ἐλκεσσαίοις
1181 911 1557 987 καλουμένοις,
1618 913 1694 978 ὼς
1740 915 1945 979 ἐκεῖνος

362 1003 665 1073 φαντασίαν
719 1002 843 1056 τινὰ
885 1003 1015 1074 περὶ
1049 1001 1290 1074 Χριστοῦ
1345 1003 1634 1073 διηγεῖται,
1684 1005 1777 1057 καὶ
1816 1004 1945 1075 περὶ

363 1095 679 1167 Πνεύματος
706 1095 889 1164 ἁγίου,
917 1093 1076 1157 Τινὲς
1099 1094 1210 1163 γὰρ
1236 1093 1296 1158 ἐξ
1322 1093 1502 1147 αὐτῶν
1530 1095 1626 1148 καὶ
1658 1094 1829 1166 Ἀδὰμ
1852 1096 1945 1149 τὸν

364 1185 600 1258 Χριστὸν
623 1181 762 1238 εἶναι
791 1183 1030 1252 λέγουσι,
1058 1183 1152 1236 τὸν
1178 1182 1395 1255 πρῶτον
1418 1182 1730 1237 πλασθέντα
1760 1200 1821 1236 τε
1849 1185 1945 1237 καὶ

362 1275 747 1347 ὲμφυσηθέντα
779 1274 887 1328 ἀπὸ
911 1273 1012 1344 τῆς
1043 1273 1136 1327 τοῦ
1169 1273 1306 1327 Θεοῦ
1333 1274 1637 1338 ἐπιπνοίας.
1670 1274 1856 1327 ’Ἀλλοι
1885 1276 1944 1329 δὲ

362 1367 421 1419 ὲν
438 1366 621 1428 αὐτοῖς
654 1363 903 1432 λέγουσιν
944 1361 1150 1416 ἄνωθεν
1190 1364 1289 1433 μὲν
1317 1363 1466 1428 ὄντα,
1504 1364 1611 1434 πρὸ
1636 1365 1853 1419 πάντων
1885 1365 1944 1418 δὲ

362 1457 649 1511 κτισθέντα
696 1454 914 1526 πνεῦμα
965 1454 1116 1520 ὄντα,
1152 1455 1247 1508 καὶ
1280 1455 1422 1526 ὑπὲρ
1484 1455 1749 1525 ἀγγέλους
1791 1455 1942 1519 ὄντα,

363 1546 582 1600 πάντων
612 1562 672 1598 τε
719 1543 1060 1615 κυριεύοντα,
1109 1544 1204 1597 καὶ
1261 1544 1498 1615 Χριστὸν
1544 1544 1822 1614 λέγεσθαι,
1855 1544 1944 1599 τὸν

356 1635 545 1699 ⁴ἐκεῖσε
568 1633 625 1686 δὲ
657 1632 829 1686 αἰῶνα
869 1632 1276 1703 κεκληρῶσθαι.
1304 1633 1602 1704 Ἔρχεσθαι
1627 1633 1684 1687 δὲ
1711 1634 1948 1688 ἐνταῦθα

364 1726 455 1778 ὅτε
510 1724 780 1795 βούλεται,
833 1724 908 1787 ὡς
952 1724 1050 1777 καὶ¹
1093 1726 1150 1777 ὲν
1198 1722 1279 1794 τῷ
1326 1723 1498 1795 Ἀδὰμ
1524 1719 1678 1796 ἦλθε,
1710 1725 1947 1791 καὶτοῖς

2047 563 2222 623 usque
2249 555 2414 621 diem,
2447 556 2540 625 qui
2571 555 2696 625 ejus
2724 572 2965 612 errorem
2999 558 3173 612 secuti
3226 564 3374 622 sunt,
3426 557 3626 612 animis

2044 658 2232 698 eorum
2299 644 2356 698 in
2421 644 2663 700 absurda
2720 660 2785 699 ac
2843 645 3100 716 perplexa
3154 642 3311 715 127
3372 643 3622 714 quaedam

2043 733 2325 804 abreptis,
2357 733 2472 787 ’alii
2527 733 2688 789 aliter
2733 733 2801 789 de
2848 733 3070 788 Christo
3118 734 3492 802 pronuntiant.
3548 732 3625 786 Ac

2044 826 2314 895 suspicari
2361 839 2495 879 sane
2546 823 2697 891 licet,
2724 824 2795 879 ab
2838 839 2905 879 eo
2958 831 3205 892 tempore
3247 837 3357 893 quo
3412 838 3469 877 se
3514 821 3625 876 illis

2044 915 2261 973 Elxaeus
2290 916 2542 986 adjunxit
2574 915 2747 971 falsus
2771 915 2994 986 quidam
3027 916 3315 985 propheta,
3352 914 3444 984 qui
3482 912 3625 984 apud

2046 1001 2381 1073 Sampsenos
2410 1012 2465 1059 et
2494 1002 2740 1060 Ossenos
2769 1015 2935 1075 atque
2963 1003 3265 1059 Elccssaaos
3296 1003 3527 1066 exstitit,
3557 1001 3627 1057 ab

2040 1092 2235 1147 eodem
2292 1092 2518 1148 edoctos
2567 1093 2866 1149 confictum
2899 1093 2967 1150 de
3018 1093 3244 1149 Christo
3295 1108 3360 1148 ac
3417 1092 3628 1163 Spiritu

2038 1191 2234 1238 sancto
2263 1184 2452 1239 nescio
2479 1183 2611 1255 quid
2651 1183 2867 1241 eﬂutire
2895 1186 3154 1256 coepisse.
3198 1183 3455 1239 Nonnulli
3482 1183 3629 1239 enim

2040 1287 2109 1328 ex
2148 1273 2217 1329 iis
2246 1272 2518 1329 Adamum
2566 1275 2740 1330 fuisse
2786 1276 3067 1331 Christum
3116 1275 3438 1346 praedicant,
3472 1275 3626 1329 illum

2040 1359 2263 1430 inquam
2285 1360 2575 1429 Adamum,
2603 1362 2697 1432 qui
2729 1363 2941 1432 primus
2968 1379 2997 1417 a
3027 1362 3138 1418 Deo
3171 1362 3445 1419 formatus
3487 1363 3632 1432 ejus-

2042 1449 2166 1505 dem
2198 1457 2286 1506 est
2313 1451 2588 1508 animatus
2617 1452 2820 1508 alllatu.
2849 1454 2956 1508 Alii
2982 1469 3013 1509 e
3037 1455 3179 1508 coelo
3202 1454 3482 1509 Christum
3508 1466 3633 1508 esse

2042 1536 2399 1604 conﬁtentur,
2441 1540 2539 1596 sed
2582 1547 2713 1596 ante
2744 1542 2929 1596 omnia
2957 1549 3228 1606 creatum,
3260 1556 3327 1597 ac
3368 1542 3625 1611 spiritum

2044 1646 2169 1688 esse
2185 1632 2500 1702 quemdam,
2533 1634 2849 1705 angelisque
2876 1641 3157 1704 prmstare,
3191 1642 3356 1704 atque
3384 1633 3630 1687 omnium

2047 1737 2235 1777 rerum
2290 1722 2632 1779 dominatum
2683 1731 2892 1791 tenere,
2953 1725 3214 1795 appellari
3255 1738 3421 1795 porro
3471 1723 3630 1778 Chri-
3741 1782 3751 1799 θ

362 1814 735 1887 πατριάρχαις
788 1812 1043 1883 ἐφαίνετο
1095 1811 1414 1882 ἐνδυόμενος
1463 1812 1525 1865 τὸ
1574 1813 1771 1885 σῶμαο
1808 1813 1946 1886 πρὸς

2050 1824 2214 1873 stum.
2249 1815 2355 1883 Qui
2384 1832 2509 1872 cum
2541 1824 2861 1887 perpetuam
2890 1817 3003 1872 illic
3036 1818 3428 1872 habitationem
3461 1815 3630 1871 sorti-

376 1906 629 1979 Ἀϐραάμ
677 1922 740 1959 τε
784 1904 954 1959 ἐλθὼν
998 1905 1093 1958 καὶ
1138 1903 1325 1958 Ἰσαὰκ
1354 1904 1450 1957 καὶ
1490 1903 1704 1969 Ἰακὼϐ,
1738 1906 1767 1954 6
1786 1905 1948 1969 αὐτὸς

363 2000 451 2052 ἐπ’
505 1998 750 2069 ἐσχάτων
809 1997 918 2051 τῶν
971 1995 1194 2068 ἡμερῶν
1223 1991 1376 2067 ἦλθε,
1406 1997 1502 2049 καὶ
1529 1998 1662 2051 αὐτὸ
1699 1997 1762 2050 τὸ
1791 1997 1949 2068 σῶμα

362 2090 456 2144 τοῦ
487 2076 659 2161 Ἇδάμ
679 2090 983 2155 ἐνεδύσατο,
1007 2079 1101 2142 κίαὶ
1124 2086 1280 2159 ὤφθη
1307 2088 1402 2141 ἄνθ
1412 2106 1610 2160 ρωπος,
1638 2089 1733 2142 καὶ
1754 2089 1947 2141 ἐσταυ-

366 2181 538 2254 ρώθη,
569 2183 661 2235 καὶ
680 2181 900 2253 ἀνέστη,
920 2182 1015 2236 καὶ
1046 2180 1295 2253 ἀνῆλθεν.
1323 2181 1492 2234 Πάλιν
1516 2181 1573 2234 δὲ
1602 2180 1690 2234 ὅτε
1729 2179 1947 2251 βούλον-

361 2289 453 2326 ⁴ται
503 2271 772 2340 λέγουσιν,
802 2273 957 2343 Οὐχὶ,
990 2271 1128 2325 ἀλλὰ
1151 2274 1231 2336 είς
1278 2272 1444 2325 αὐτὸν
1470 2268 1601 2344 ἦλθε
1622 2273 1682 2325 τὺ
1698 2272 1946 2343 Πνεῦμα,

362 2363 500 2433 ὅπερ
531 2363 680 2454 εστὶν
711 2365 741 2417 6
767 2364 1021 2435 Χριστὸς,
1051 2364 1146 2418 καὶ
1184 2362 1473 2418 ἐνεδύσατο
1515 2364 1679 2417 αὐτὸν
1711 2364 1806 2417 τὸν
1844 2365 1949 2435 Ἰη-

365 2455 495 2509 σοῦν
527 2455 880 2527 καλούμενον.
932 2456 1042 2509 Καὶ
1091 2454 1259 2527 πολλὴ
1292 2456 1422 2527 παρ’
1448 2455 1633 2519 αὐτοῖς
1662 2456 1946 2524 σκότωσις,

362 2543 546 2599 ἄλλοθι
595 2545 769 2610 ἄλλως
822 2547 916 2600 καὶ
958 2546 1136 2610 ἄλλως
1171 2547 1333 2600 αὐτὸν
1367 2546 1797 2618 ὑποτιθεμένοις.
1837 2548 1949 2601 Καὶ

361 2635 609 2706 δέχονται
637 2636 735 2707 μὲν
760 2636 855 2689 καὶ
879 2635 1034 2689 αὐτοὶ
1049 2634 1110 2688 τὸ
1131 2634 1568 2689 κατάΜατθαῖον
1596 2633 1944 2702 Εὐαγγέλιον·

363 2727 538 2798 τούτῳ
584 2727 695 2799 γάρ
732 2727 829 2781 καὶ
878 2727 1054 2791 αὐτοὶ,
1112 2726 1190 2790 ὼς
1246 2726 1341 2779 καὶ
1392 2728 1442 2779 οἱ
1490 2724 1631 2779 κατά
1676 2724 1950 2796 Κήρινθον

364 2818 604 2889 χρῶνται
639 2819 784 2889 μόνῳ
814 2836 825 2849 ο
857 2815 1082 2872 καλοῦσι
1107 2816 1165 2870 δὲ
1192 2816 1325 2869 αὐτὸ
1357 2816 1498 2871 κατά
1536 2815 1840 2887 Ἐϐραίους,
1873 2815 1949 2879 ὡς

360 2909 434 2962 τὰ
456 2908 633 2981 ἀληθῆ
664 2912 810 2964 ἐστιν
835 2911 1029 2975 εἰπεῖν,
1060 2910 1141 2962 ὅτι
1166 2908 1444 2973 Ματθαῖος
1475 2907 1636 2980 μόνος
1666 2907 1947 2978 Ἐϐραϊστὶ

364 3001 457 3053 καὶ
523 3000 832 3072 Ἑϐραϊκοῖς
891 2999 1214 3071 γράμμασιν
1268 3000 1326 3052 ὲν
1379 3000 1445 3069 τῇ
1490 2996 1662 3069 Καινῇ
1704 2995 1949 3070 Διαθήκῃ

363 3091 659 3162 ἐποιήσατο
711 3092 809 3163 τὴν
864 3091 958 3144 τοῦ
996 3089 1328 3160 Εὐαγγελίου
1362 3088 1579 3141 ἔκθεσιν
1610 3105 1670 3142 τε
1718 3088 1814 3142 καὶ
1847 3088 1950 3159 κή-

2047 1917 2140 1966 tus
2179 1910 2270 1975 sit,
2319 1911 2536 1981 quoties
2579 1911 2803 1967 libuerit
2850 1911 2908 1966 in
2956 1912 3073 1967 haec
3106 1911 3292 1967 inﬁma
3339 1911 3632 1977 delabitur,

2048 1998 2507 2067 quemadmodum
2543 2000 2598 2054 in
2632 1998 2844 2055 Adamo
2870 1998 3149 2056 descendit
3185 2008 3240 2054 et
3302 1999 3633 2071 patriarcbis

2048 2102 2279 2159 corpore
2307 2090 2681 2146 circumfusus
2715 2091 3001 2161 apparuit;
3033 2092 3181 2146 velut
3210 2107 3334 2147 cum
3366 2092 3434 2145 ad
3458 2091 3633 2145 Abra'

2052 2180 2297 2247 hamum,
2330 2180 2599 2245 lsaacum,
2628 2190 2681 2237 et
2705 2180 2968 2237 Iacobum
3013 2183 3167 2238 adiit.
3220 2182 3367 2238 idem
3400 2183 3632 2252 denique

2049 2274 2348 2345 postremis
2382 2274 2721 2345 temporibus
2753 2275 2943 2339 .venit,
2989 2273 3183 2329 Adami
3234 2288 3467 2343 corpore
3502 2288 3629 2328 con-

2049 2372 2252 2429 tectus,
2281 2372 2335 2420 et
2363 2364 2531 2420 homo
2556 2365 2711 2420 visus
2743 2372 2849 2429 est,
2901 2365 2958 2419 in
3010 2378 3232 2419 crucem
3264 2365 3514 2419 sublatus
3542 2379 3630 2419 re—

2048 2454 2308 2523 surrexit,
2336 2462 2391 2510 et
2423 2454 2668 2510 ascendit
2699 2455 2754 2510 in
2785 2454 3008 2509 malum.
3045 2453 3264 2511 Rursus
3290 2456 3382 2511 ubi
3415 2455 3630 2511 libuerit

2052 2545 2126 2600 ita
2163 2560 2287 2602 sese
2329 2560 2442 2600 rem
2474 2545 2678 2600 habere
2709 2553 2946 2615 negant;
2999 2545 3056 2599 in
3102 2561 3336 2615 eumque
3368 2545 3632 2599 duntaxat

2052 2650 2173 2690 sese
2209 2645 2460 2690 sanctum
2489 2633 2758 2691 infudisse
2786 2633 3077 2704 Spiritum,
3105 2635 3198 2705 qui
3223 2645 3309 2690 est
3328 2651 3454 2706 ipse
3480 2634 3632 2690 Chri-

2051 2733 2203 2790 stus,
2272 2741 2508 2796 eumque
2568 2725 2663 2796 qui
2710 2724 2873 2781 Iesus
2932 2734 3163 2781 vocatus
3222 2733 3307 2781 est
3363 2726 3632 2783 induisse.
3694 2718 3701 2725 ’

2051 2814 2417 2881 Quamobrem
2448 2814 2776 2871 densissima
2810 2814 3055 2884 quaedam
3086 2814 3195 2870 illis
3222 2821 3307 2870 est
3338 2815 3513 2871 oll‘usa
3542 2829 3633 2871 ca-

2050 2907 2178 2976 ligo,
2213 2905 2345 2960 dum
2378 2903 2516 2962 alias
2547 2905 2708 2960 aliter
2751 2900 2820 2960 de
2852 2905 3076 2961 Christo
3095 2906 3355 2977 opinione
3383 2921 3489 2961 sua
3515 2915 3633 2961 sta-

2054 3004 2237 3052 tuunt.
2288 2996 2468 3067 Atque
2522 2998 2880 3069 Evangelium
2933 2998 3007 3052 illi
3059 2999 3280 3068 quidem
3330 2998 3632 3054 secundum

2053 3088 2368 3145 Matthaeum
2396 3089 2717 3155 admittunt,
2750 3105 2860 3160 quo
2891 3091 3010 3145 solo
3041 3089 3518 3146 Cerintbianorum
3547 3091 3632 3146 vel
3678 3147 3685 3159 ,

366 3199 568 3254 ρυγμα.
606 3183 746 3254 Ἤδη
773 3183 829 3236 δέ
853 3199 957 3236 που
981 3182 1075 3235 καί
1097 3198 1241 3245 τινες
1274 3181 1434 3234 πάλιν
1462 3178 1690 3250 ἔφασαν,
1714 3180 1807 3233 καὶ
1837 3179 1944 3232 ἀπὸ

2056 3180 2548 3236 Merintbianorum
2596 3180 2775 3235 instar
2818 3188 3069 3247 utuntur,
3113 3182 3284 3253 idque
3323 3183 3503 3253 ipsum
3547 3197 3631 3239 se-

362 3274 463 3345 τῆς
500 3274 814 3345 Ἑλληνικῆς
838 3273 1114 3327 διαλέκτου
1147 3273 1241 3326 καὶ
1271 3273 1332 3326 τὺ
1364 3272 1506 3326 κατὰ
1553 3272 1808 3342 Ἰωάννην
1849 3288 1945 3342 με-

362 3364 635 3435 ταληφθὲν
662 3365 921 3437 Ἐϐραῖδα
950 3364 1287 3436 ὲμφέρεσθαι
1320 3366 1379 3417 ὲν
1409 3366 1519 3427 τοῖς
1539 3363 1648 3417 τῶν
1683 3362 1949 3418 Ἰουδαίων

363 3451 811 3523 γαζοφυλακίοις,
858 3455 1000 3525 φημὶ
1034 3454 1092 3506 δὲ
1123 3457 1237 3517 τοῖς
1294 3455 1352 3507 ὲν
1395 3453 1693 3521 Τιϐεριάδι,
1726 3454 1821 3506 καὶ
1865 3454 1952 3507 ὲν-

361 3540 686 3596 αποκεῖσθαι
705 3544 765 3595 ἐν
792 3542 1153 3613 ἀποκρύφοις,
1176 3542 1251 3607 ὥς
1264 3561 1406 3607 τινες
1423 3542 1532 3596 τῶν
1553 3543 1661 3597 ἀπὸ
1675 3542 1944 3597 Ἰουδαίων

363 3619 814 3688 πεπιστευκότων
864 3635 1219 3709 ὑφηγήσαντρ
1251 3637 1385 3706 ἡμῖν
1410 3635 1574 3688 κατά
1602 3634 1945 3706 λεπτότητα.

363 3726 439 3778 Οὐ
469 3724 575 3797 μὴν
604 3725 740 3780 ἀλλά
778 3727 872 3780 καὶ
924 3726 1034 3779 τῶν
1081 3726 1340 3796 Πράξεων
1372 3726 1481 3780 τῶν
1509 3726 1822 3780 ἀποστόλων
1853 3725 1951 3797 τὴν

365 3816 545 3889 βίϐλον
577 3818 845 3883 ὡσαύτως
874 3819 982 3873 ἀπὸ
1021 3819 1272 3883 Ἑλλάδος
1309 3817 1560 3889 γλώσσης
1586 3819 1665 3881 είς
1694 3817 1952 3889 Ἐϐραῖδα

365 3909 798 3981 μεταϐληθεῖσαν
825 3911 984 3980 λόγος
1009 3910 1146 3981 ἔχει,
1178 3910 1272 3964 καὶ
1300 3910 1480 3962 ἐκεῖσε
1513 3905 1728 3961 κεῖσθαι
1748 3908 1806 3960 ὲν
1839 3910 1952 3971 τοῖς

363 4003 812 4070 γαζοφυλακίοις,
845 4004 921 4068 ὡς
967 4004 1064 4057 καὶ
1105 4003 1213 4057 ἀπὸ
1240 4001 1434 4056 τούτου
1458 4002 1586 4065 τοὺς
1612 4000 1947 4069 ἀναγνόντας

375 4091 663 4156 Ἰουδαίους
712 4093 841 4156 τοὺς
895 4094 1027 4164 ἡμῖν
1077 4091 1537 4165 ὑφηγησαμένους
1592 4092 1672 4154 είς
1713 4090 1948 4161 Χριστὸν

257 4178 277 4193 ’
363 4185 815 4240 πεπιστευκέναι.

361 4274 554 4330 Graeco
595 4275 790 4332 iisdem
837 4276 894 4330 in
942 4276 1220 4334 thesauris
1259 4276 1448 4333 haberi
1489 4276 1785 4332 multorum
1814 4289 2085 4332 sermone
2113 4273 2427 4345 percrebuit
2472 4271 2614 4343 :rqui
2665 4272 2825 4328 nobis
2889 4271 2995 4326 ista
3048 4269 3349 4326 narrabant
3395 4267 3631 4324 indidem
3724 4306 3735 4311 ρ

2049 3271 2294 3327 cundum
2334 3271 2597 3327 Hebraeos
2630 3272 2929 3342 appellant.
2983 3273 3198 3328 Etenim
3229 3287 3357 3328 vere
3389 3272 3524 3329 illud
3553 3270 3633 3326 ai-

2049 3364 2268 3417 ﬁrmare
2299 3377 2617 3432 possumus,
2646 3378 2813 3416 unum
2859 3378 2928 3418 ex
2970 3362 3229 3419 omnibus
3268 3361 3403 3417 Novi
3441 3361 3631 3418 Testa-

2046 3454 2215 3509 menti
2250 3454 2614 3525 scriptoribus
2658 3453 2969 3510 Matthaeum
3005 3454 3289 3516 Hebraice,
3325 3469 3390 3509 ac
3434 3454 3632 3510 litteris

2048 3546 2330 3603 Hebraicis
2372 3547 2746 3617 evangelicum
2782 3548 3068 3603 historiam
3099 3548 3362 3604 texuisse.
3395 3546 3507 3602 Nec
3541 3546 3633 3602 de-

2048 3637 2201 3692 luere
2229 3639 2323 3707 qui
2362 3638 2432 3693 de
2460 3636 2692 3694 Joannis
2720 3636 3018 3710 Evangelia
3053 3638 3465 3705 conﬁrmarent,
3500 3638 3632 3693 illud

2049 3725 2316 3782 llebraice
2343 3728 2669 3783 translatum
2712 3727 3003 3783 Tiberiade
3036 3728 3089 3781 in
3115 3726 3431 3782 Iudaeorum
3473 3741 3631 3797 gazo-

2047 3818 2311 3889 phylaciis
2340 3820 2637 3885 asservari,
2665 3810 2726 3874 et
2767 3818 2823 3872 in
2846 3818 3265 3875 ~secretioribus
3308 3817 3632 3888 quibusdam

2048 3909 2426 3980 penetralibus
2461 3909 2688 3965 recondi
2722 3927 2735 3962 :
2769 3909 2822 3964 id
2862 3911 3008 3978 quod
3052 3909 3303 3964 nonnulli
3347 3908 3501 3973 mihi,
3537 3907 3630 3978 qui

2051 4017 2112 4057 se
2144 4000 2213 4054 ad
2238 3999 2446 4054 Christi
2475 3999 2634 4054 ﬁdem
2660 4014 2691 4054 e
2714 3997 3004 4053 Iudaismo
3029 3999 3445 4065 transtulerant,
3469 4011 3627 4051 accu-

2050 4093 2331 4148 ratissime
2379 4091 2753 4147 declararunt.
2802 4088 2917 4144 lmo
2946 4097 3002 4144 et
3050 4088 3419 4159 apostolorum
3463 4085 3629 4142 Actus

2052 4183 2110 4237 in
2172 4180 2503 4236 Hebraicum
2574 4193 2883 4235 sermonem
2960 4177 3183 4248 perinde
3254 4190 3551 4232 conversos
3602 4190 3630 4232 ε

363 4366 692 4423 Christianae
731 4368 1125 4438 amplectendaa
1170 4369 1292 4425 ﬁdei
1335 4369 1684 4426 occasionem
1722 4376 2073 4438 acceperunt.

434 4460 507 4511 A'.
541 4453 652 4513 Ἦν
688 4459 745 4513 δέ
779 4478 864 4525 τις
890 4461 1071 4516 αὐτῶν
1104 4460 1386 4533 Ἰώσηπος,
1409 4462 1507 4533 ούχ
1526 4462 1554 4514 6
1576 4463 1945 4534 συγγραφεὺς,

2136 4458 2227 4514 ιν.
2273 4459 2514 4514 Ρυίικει
2565 4458 2787 4513 illorum
2830 4470 3056 4512 numero
3103 4454 3373 4527 Iosephus
3413 4455 3632 4526 quidam

363 4552 460 4604 καὶ
505 4553 941 4625 ἱστοριογράφος,
970 4556 1063 4609 καὶ
1090 4554 1319 4619 παλαιὸς
1358 4556 1589 4620 ἐκεῖνος,
1630 4554 1745 4608 ἀλλ’
1773 4556 1802 4609 6
1838 4554 1946 4608 ἀπὸ

362 4640 698 4716 Τιϐεριάδος,
724 4646 753 4698 6
781 4645 839 4700 ἐν
868 4647 1078 4719 χρόνοις
1096 4646 1190 4699 τοῦ
1211 4647 1515 4718 μακαρίτου
1536 4646 1944 4702 Κωνσταντίνου

361 4730 456 4784 τοῦ
486 4731 922 4802 βασιλεύσαντος,
953 4734 1046 4788 τοῦ
1071 4735 1328 4808 γέροντος
1351 4752 1364 4764 ·
1391 4736 1451 4800 ὃς
1497 4737 1593 4791 καὶ
1622 4739 1753 4809 παρ’
1776 4736 1944 4791 αὐτοῦ

361 4821 457 4875 τοῦ
494 4822 758 4893 βασιλέως
807 4825 1116 4898 ἀξιώματος
1162 4829 1419 4899 κομήτων
1458 4827 1637 4900 ἔτυχε,
1673 4829 1767 4882 καὶ
1790 4829 1944 4894 ἐξου-

364 4911 485 4968 σίαν
512 4916 732 4985 εἴληφεν
767 4920 826 4970 ὲν
858 4920 924 4989 τῇ
961 4919 1097 4991 αὐτῇ
1127 4918 1403 4991 Τιϐεριάδι
1451 4920 1776 4993 Ἐκκλησίαν
1808 4922 1942 4993 Χρι-

364 5004 475 5073 στῷ
530 5006 766 5077 ἱδρῦσαι,
815 5009 911 5062 καὶ¹
942 5012 1000 5063 ὲν
1046 5012 1453 5083 Διοκαισαρείᾳ,
1496 5012 1592 5066 καὶ
1622 5014 1682 5068 ἐν
1714 5014 1942 5084 Καπερ-

360 5094 556 5165 ναοὺμ,
591 5097 685 5150 καὶ
717 5101 838 5162 ταῖς
871 5099 1091 5165 ἄλλαις·
1132 5101 1191 5166 ὃς
1217 5101 1312 5155 καὶ
1344 5103 1515 5157 πολλά
1555 5104 1822 5158 πέπονθεν
1852 5105 1943 5158 ὑπ’

361 5184 690 5240 αὐτῶνκτῶν
754 5189 1044 5256 Ἰουδαίων,
1101 5192 1233 5264 πρὶν
1273 5191 1418 5265 ἢτῷ
1443 5194 1662 5247 Βασιλεῖ
1713 5197 1943 5266 ἐμφανι-

361 5274 579 5346 σθῆναι.
638 5270 806 5344 Οὗτος
858 5281 967 5354 γὰρ
1018 5285 1047 5336 ὁ
1103 5283 1364 5354 Ἰώσηπος
1407 5286 1517 5339 τῶν
1574 5289 1704 5357 παρ’
1764 5288 1945 5352 αὐτοῖς

360 5365 752 5440 ἀξιωματικῶν
806 5374 1016 5446 ἀνδρῶν
1075 5376 1388 5449 ἐναρίθμιος
1418 5373 1508 5450 ἦν.
1549 5379 1672 5433 Εἰσὶ
1710 5379 1767 5433 δὲ
1799 5374 1944 5434 οὗτοι

361 5459 503 5526 μετά
551 5459 643 5513 τὸν
693 5464 1038 5537 πατριάρχην
1093 5465 1204 5537 (14)
1250 5466 1538 5520 ἀπόστολοι
1583 5465 1941 5537 καλούμενοι·

436 5592 449 5622 ¹
491 5590 551 5645 F.
578 5594 654 5648 Σα
662 5593 910 5667 μψηνοῖς.

433 5697 545 5778 (ιι)
589 5704 722 5778 [ﬁeri
766 5704 836 5759 δὲ
877 5702 1041 5762 οὗτοι
1077 5708 1227 5776 μετὰ
1251 5708 1358 5762 τὸν
1380 5707 1768 5778 πατριάρχην.
1810 5708 1943 5763 Tam

363 5773 803 5840 patriarcharum
833 5815 847 5840 ,
902 5773 1092 5847 quam'
1120 5773 1507 5849 apostolorum
1539 5773 1832 5849 dignitates
1881 5794 1945 5835 ac

2047 4567 2158 4609 non
2188 4551 2436 4607 historiae
2465 4550 2556 4604 ille
2595 4549 2830 4619 scriptor
2868 4548 3032 4618 128
3073 4548 3362 4617 antiquus,
3408 4548 3502 4602 sed
3543 4547 3630 4601 Ti-

2046 4644 2395 4701 beriadensis
2429 4644 2587 4707 alter,
2622 4642 2714 4713 qui
2761 4642 2934 4697 beatae
2978 4640 3260 4697 memoriae
3287 4639 3637 4696 Constantini

2049 4736 2282 4792 senioris
2313 4735 2661 4806 imperatoris
2703 4741 2865 4790 aetate
2904 4732 3043 4788 vixit
3073 4750 3086 4786 :
3123 4747 3153 4785 a
3191 4745 3302 4800 quo
3333 4729 3496 4784 etiam
3530 4728 3640 4783 Co-

2048 4827 2291 4882 mitivam
2325 4828 2555 4897 accepit,
2589 4842 2713 4882 cum
2743 4842 2807 4881 ea
2845 4832 3139 4895 potestate,
3167 4828 3228 4877 ut
3262 4837 3386 4877 cum
3419 4822 3472 4876 in
3500 4819 3643 4876 urbe

2047 4919 2507 4991 ipsaTiberiadis,
2536 4926 2651 4973 tum
2696 4917 3072 4977 Diocaesareaa,
3098 4912 3510 4984 Capharnaumi
3567 4926 3632 4968 ac

2046 5011 2244 5067 vicinis
2293 5010 2418 5066 aliis
2468 5010 2526 5065 in
2559 5009 2775 5081 Oppidis
2820 5008 3099 5063 Ecclesiae
3134 5004 3186 5059 in
3221 5003 3430 5059 Christi
3460 5004 3636 5058 hono-

2046 5119 2161 5159 rem
2189 5109 2516 5158 exstrueret.
2554 5101 2657 5168 Qui
2691 5101 2909 5172 quidem
2940 5097 3258 5170 priusquam
3291 5095 3357 5149 ad
3389 5095 3630 5165 impera-

2047 5194 2186 5249 toris
2225 5194 2478 5249 notitiam
2529 5191 2891 5262 pervenisset,
2937 5186 3346 5259 quamplurima
3392 5186 3460 5240 ab
3496 5185 3633 5256 ipsis

2044 5280 2251 5337 Iudaeis
2275 5291 2360 5338 est
2388 5296 2607 5351 passus.
2652 5279 2866 5334 Etenim
2895 5278 2987 5333 hic
3016 5278 3134 5347 ipse
3169 5274 3441 5346 Iosephus
3467 5292 3531 5330 ex
3563 5276 3633 5329 il-

2046 5373 2224 5429 lorum
2252 5382 2372 5430 erat
2401 5371 2629 5437 ordine,‘
2650 5373 2741 5444 qui
2780 5373 2921 5443 apud
2950 5360 3172 5425 Iudmos
3209 5369 3508 5440 principem
3556 5368 3631 5422 1ο⁹

2047 5478 2171 5519 cum
2212 5464 2500 5535 dignitatis
2541 5463 2790 5518 obtinent
2819 5480 2832 5518 :
2861 5476 3002 5532 quos
3050 5459 3272 5530 quidem
3324 5456 3626 5512 secundum

2046 5710 2310 5765 vocabula
2343 5710 2487 5782 apud
2529 5708 2747 5782 Iudaeos
2774 5709 2993 5782 nonnisi
3019 5705 3326 5782 posturbjs
3349 5694 3621 5782 cicidium

2047 5790 2306 5851 usurpata
2354 5772 2627 5836 videntur.
2667 5780 2740 5835 De
2773 5772 3102 5852 patriarchis
3147 5778 3200 5831 in
3249 5772 3461 5830 Theod.
3495 5778 3620 5828 cod.
