4018 6142
397 323 498 380 Ml

1773 310 1832 366 S.
1875 305 2215 362 EPIPHANII

3549 294 3651 349 ΗΞ

401 435 768 509 patriarcham
823 431 1101 502 apostolos
1147 429 1455 484 nominant.
1501 427 1760 482 Assidcnt
1790 426 1846 480 hi
1881 440 1977 496 pa-

2095 418 2501 492 προσεδρεύουσι
2539 417 2597 472 δὲ
2626 416 2703 487 τῷ
2739 415 3070 486 πατριάρχῃ,
3092 412 3188 466 καὶ
3229 411 3324 464 σὺν
3348 408 3496 480 αὺτῷ
3520 413 3652 463 πολ-

402 528 659 584 triarcha:
700 535 754 582 et
814 540 938 579 cum
971 539 1036 579 eo
1071 522 1269 591 saepius
1305 520 1400 575 diu
1445 526 1719 588 noctuque
1751 530 1978 571 versan-

404 627 494 672 tur
526 636 540 673 :
574 615 723 686 quod
759 611 944 670 eidem’
987 628 1017 666 a
1056 612 1304 668 consiliis
1347 609 1480 673 sint,
1527 623 1593 662 ac
1639 609 1705 662 de
1737 607 1806 662 iis
1839 605 1980 662 refe-

403 716 548 773 rant,
579 722 700 778 qua:
744 707 809 760 ad
861 706 1030 775 legem
1081 703 1353 773 pertinere
1401 698 1670 754 videntur.
1701 696 1831 751 Erat
1865 704 1978 750 tum

404 799 734 871 patriarchte
786 811 984 850 nomen
1020 795 1173 850 Ellel.
1215 795 1316 864 (lla
1376 793 1524 849 enim
1574 797 1630 846 et
1669 806 1698 844 a
1745 787 1981 856 Josepho

400 892 679 947 nominari
729 888 952 944 solitum
995 885 1250 948 arbitror,
1302 883 1408 938 nisi
1460 897 1546 937 me
1595 883 1667 936 ob
1716 879 1980 949 temporis

405 983 859 1053 longinquitatem
909 979 1044 1034 fallit
1073 975 1381 1046 memoria.)
1423 975 1472 1029 Is
1504 989 1535 1028 e
1573 977 1743 1042 stirpe
1779 970 1982 1025 Gama-

407 1075 551 1130 lielis
591 1072 858 1142 originem
909 1078 1167 1135 traxerat,
1214 1067 1308 1137 qui
1358 1065 1790 1136 patriarchatum
1839 1060 1983 1132 apud

404 1165 531 1219 illos
561 1164 755 1217 tenuit.
793 1159 967 1225 Quem
1014 1160 1178 1214 etiam
1230 1155 1497 1225 suspicari
1548 1154 1744 1208 merito
1789 1167 1986 1221 possu-

409 1271 557 1317 mus,
592 1263 653 1309 ut
695 1268 725 1306 a
775 1251 1049 1322 plerisque
1079 1249 1351 1319 proditum
1400 1253 1514 1310 est,
1551 1261 1583 1300 e
1628 1244 1786 1314 primi
1837 1243 1984 1298 illius

407 1339 726 1399 Gamalielis
758 1356 957 1412 genere
981 1354 1106 1395 esse
1141 1345 1487 1407 prognatum,
1519 1333 1614 1403 qui
1647 1333 1750 1387 sub
1774 1330 1983 1386 Christi

409 1436 626 1491 Domini
659 1434 966 1505 passionem
999 1439 1188 1485 auctor
1213 1431 1332 1498 ejus
1362 1427 1576 1482 consilii
1619 1424 1822 1480 Judads
1857 1423 1982 1486 fuit,

407 1534 470 1580 ut
498 1542 528 1579 a
567 1523 956 1595 persequendis
1005 1520 1272 1590 apostolis
1327 1519 1684 1573 abstinerent.
1746 1514 1985 1570 Moriens

410 1613 543 1674 Ellel
574 1618 812 1673 vicinum
861 1615 1182 1686 episcopum
1219 1611 1602 1667 Tiber-iensem.
1639 1609 1889 1673 arcessit,
1919 1609 1988 1662 ab

408 1725 584 1780 eoque
609 1709 817 1764 lotione
847 1723 1005 1764 sacra
1040 1708 1144 1762 sub
1174 1706 1297 1760 vitae
1323 1703 1531 1760 exitum
1562 1718 1660 1773 per
1702 1701 1988 1757 medicinae

2079 513 2234 574 λάκις
2272 511 2366 564 καὶ
2399 512 2456 564 ὲν
2493 511 2649 563 νυκτί⁸
2691 508 2785 561 καὶ
2815 510 2873 560 ἐν
2902 507 3090 577 ἡμέρᾳ
3125 501 3364 574 συνεχῶς
3387 503 3653 570 διάγουσι,

2078 602 2168 656 διὰ
2221 600 2282 653 τὸ
2317 599 2707 670 συμϐουλεύειν
2759 597 2852 650 καὶ
2887 595 3181 666 ἀναφέρειν
3223 593 3371 663 αὑτῷ
3402 592 3471 646 τά
3511 592 3654 646 κατὰ

2077 691 2168 744 τὸν
2225 689 2408 760 νόμον.
2456 691 2516 742 ’0
2560 689 2616 741 δὲ
2675 685 3023 757 πατριάρχης
3071 685 3190 738 κατ’
3242 685 3420 737 έκεῖνο
3461 681 3652 752 καιροῦ

2099 779 2289 848 Ἐλλὴλ
2310 777 2544 849 τοῦνομα
2573 775 2642 849 ἦν
2672 777 2912 848 (νομίζω
2943 775 3072 847 γὰρ,
3095 776 3175 828 ὃτι
3204 773 3376 836 οὕτως
3392 775 3452 826 τὸ
3483 772 3656 841 ὄνομα

2079 870 2243 925 αὐτοῦ
2279 870 2538 940 Ἰώσηπος
2567 870 2773 936 ἔλεγεν,
2806 869 2854 920 εί
2885 866 2960 938 μὴ
2991 867 3100 921 ἀπὸ
3132 865 3227 918 τοῦ
3256 864 3446 936 χρόνου
3488 863 3658 932 σφάλο

2080 963 2285 1033 λομαι).
2347 963 2442 1015 Ἐκ
2465 961 2651 1029 γένους
2672 960 2727 1012 δὲ
2758 957 3038 1028 Γαμαλιήλ
3066 957 3352 1025 ἐτύγχανε,
3385 954 3482 1007 τοῦ
3521 955 3652 1026 παρ’

2081 1053 2262 1116 αὐτοῖς
2292 1052 2581 1122 γενομένου
2617 1049 2974 1120 πατριάρχου.
3011 1048 3165 1100 Ἔστι
3205 1046 3262 1097 δὲ
3286 1040 3654 1115 διανοηθῆναι,

2081 1144 2158 1207 ὡς
2197 1143 2291 1196 καὶ
2335 1141 2484 1196 ἄλλοι
2537 1139 2711 1204 οὕτως
2761 1139 3046 1200 ὑπέθεντο,
3093 1137 3283 1191 τοῦτον
3329 1133 3469 1188 εἶναι
3503 1136 3660 1203 γένος

2083 1235 2288 1289 ἐκείνου
2316 1234 2411 1286 τοῦ
2443 1235 2658 1305 πρώτου
2698 1233 2807 1302 (15)
2841 1230 3140 1302 Γαμαλιήλ,
3168 1227 3266 1281 ’τοῦ
3300 1229 3396 1280 ἐπὶ
3421 1226 3517 1280 τοῦ
3549 1227 3661 1278 Σω-

2083 1327 2246 1398 τῆρος
2282 1325 2376 1378 τοῦ
2426 1324 2567 1378 κατὰ
2614 1323 2750 1376 Θεὸν
2794 1321 3294 1392 συμϐουλεύσαντος
3326 1316 3663 1388 ἀποσχέσθαι

2083 1422 2181 1489 τῆς
2215 1417 2357 1471 κατὰ
2404 1415 2514 1469 τῶν
2552 1414 2862 1468 ἀποστόλων
2906 1412 3218 1483 ἐπιϐουλῆς.
3263 1410 3539 1464 Τελευτῶν
3558 1409 3663 1462 δὲὸ

2098 1508 2287 1579 meo
2343 1507 2542 1577 ἠξίωσε
2590 1506 2682 1559 τὸν
2733 1505 2853 1559 κατ’
2899 1505 3074 1556 ἐκεῖνο
3119 1502 3311 1575 καιροῦ
3364 1502 3664 1554 ἐπίσκοπον

2085 1600 2461 1670 πλησιόχωρον
2480 1599 2580 1669 τῆς
2607 1596 2872 1668 Τιϐερίων
2891 1595 3040 1660 ὄντα,
3072 1594 3166 1647 καὶ
3200 1593 3497 1664 ἐκομίσατο
3530 1591 3665 1662 παρέ

2086 1691 2251 1744 αὑτοῦ
2290 1691 2350 1744 τὸ
2373 1688 2528 1756 ἅγιον
2553 1687 2777 1758 λουτρὸν
2804 1687 2898 1739 ἐπὶ
2922 1689 2990 1756 τῇ
3021 1685 3187 1755 ὲξόδῳ
3216 1685 3304 1737 διά
3337 1683 3666 1755 προφάσεως

409 1773 652 1872 speciem
681 1801 954 1871 eXpiatur.
1004 1797 1141 1854 Cum
1176 1800 1320 1854 enim
1352 1798 1668 1867 episcopum
1703 1810 1800 1865 per
1834 1791 1988 1849 Iose-

2095 1783 2186 1854 τῆς
2211 1783 2458 1855 ἰατρικῆς
2485 1781 2815 1842 ὑποθέσεως.
2842 1777 3347 1847 Μεταστειλάμενος
3366 1775 3475 1844 γὰρ
3501 1773 3668 1827 αὐτὸν

410 1895 581 1965 phum
642 1893 792 1948 velut
843 1893 1116 1947 medicum
1163 1899 1469 1954 evocasset,
1502 1889 1770 1943 facessere
1815 1886 1986 1956 jussis

409 1986 705 2052 omnibus,
771 1985 998 2055 supplex
1050 1985 1202 2038 illum
1263 1981 1577 2050 interpellat
1612 1980 1699 2034 his
1755 1979 1982 2035 verbis:

411 2076 607 2143 Quaeso
650 2085 723 2142 te,
760 2077 958 2147 inquit,
1008 2076 1141 2131 mihi
1175 2083 1234 2130 ut
1267 2075 1470 2131 Christi
1524 2075 1741 2146 signum
1793 2074 1991 2142 imper-

410 2170 536 2226 tias.
581 2168 719 2223 Tum
769 2170 968 2224 accitis
1017 2169 1284 2224 ministris
1328 2183 1524 2239 aquam
1573 2166 1766 2221 inferri
1812 2166 1987 2235 jubet,

412 2269 672 2329 tanquam
702 2259 988 2329 aegrotanti
1036 2259 1360 2329 patriarcha:
1404 2257 1579 2313 morbi
1614 2255 1888 2327 quoddam
1923 2270 1991 2308 ex

409 2366 556 2420 aqua
605 2351 906 2406 remedium
958 2366 1154 2420 parare
1202 2351 1381 2406 vellet.
1440 2349 1522 2403 illi
1573 2348 1705 2419 quid
1754 2355 1992 2402 strueret

411 2440 613 2510 ignari,
649 2439 919 2510 imperata
967 2441 1192 2494 faciunt.
1221 2439 1351 2494 lnde
1383 2436 1766 2494 verecundiam
1818 2436 1992 2492 simu-

413 2531 562 2598 lans,
592 2538 648 2586 et
699 2531 988 2586 universos
1040 2532 1192 2587 abire
1215 2532 1416 2602 jubens
1457 2529 1774 2601 patriarcha
1833 2540 1992 2584 sacro

413 2624 743 2695 baptismate
775 2637 842 2678 ac
871 2622 1074 2679 divinis
1104 2623 1382 2695 mysteriis
1414 2621 1664 2678 initiatus
1693 2627 1799 2676 est.

487 2880 551 2937 V.
591 2880 723 2936 Mihi
753 2895 882 2938 vero
908 2881 1045 2946 haec,
1077 2881 1155 2936 uti
1186 2880 1324 2946 dixi,
1358 2879 1544 2936 omnia
1571 2877 1846 2948 Josephus
1879 2879 1996 2948 ipse

411 2973 693 3029 narrabat.
753 2971 903 3036 Haec,
961 2973 1208 3042 inquam,
1260 2988 1368 3028 non
1431 2971 1652 3026 aliunde
1703 2985 1866 3040 quam
1928 2986 1995 3025 ex

412 3066 647 3135 ipsomet
676 3065 824 3121 illius
849 3081 945 3120 ore
978 3066 1168 3129 didici,
1197 3079 1323 3118 cum
1364 3064 1554 3118 aﬂ'ecta
1588 3064 1699 3133 jam
1729 3074 1888 3117 aetate
1919 3063 1997 3116 fo-

414 3164 521 3219 ret,
566 3171 631 3210 ac
665 3171 769 3209 Ln.
819 3157 942 3225 plus
995 3156 1176 3209 minus
1221 3169 1424 3209 annum
1465 3162 1667 3224 ageret.
1718 3154 1801 3205 Ad
1848 3153 1994 3206 hunc

417 3245 730 3317 Scythopoh
749 3247 1220 3316 diverteram,quo
1242 3261 1301 3301 se
1318 3244 1604 3300 Tiberiadc
1632 3245 1721 3300 ille
1745 3244 1997 3298 contule-

416 3347 523 3406 rat,
544 3340 728 3410 ibique
743 3341 1026 3410 splendida
1057 3339 1304 3408 quasdam
1334 3338 1561 3392 aedilicia
1582 3339 1686 3393 sibi
1705 3351 1994 3407 compara-

414 3439 590 3487 verat.
639 3430 780 3486 Tum
814 3432 959 3487 enim
1014 3430 1176 3499 129
1217 3429 1487 3486 Eusebius
1536 3428 1900 3484 Vercellensis
1941 3429 1997 3483 in

417 3522 568 3578 Italia
598 3526 908 3594 episcopus,
937 3538 966 3576 a
1003 3523 1328 3578 Constantio
1360 3522 1431 3576 ob
1463 3520 1584 3576 fidei
1633 3523 1995 3592 integritatem

415 3615 975 3682 exsularejussus,ab
1010 3615 1101 3668 illo
1117 3613 1354 3682 hospitio
1387 3621 1507 3667 erat
1532 3613 1999 3682 exceptus.Cujus

419 3708 694 3764 invisendi
747 3709 923 3778 gratia
978 3722 1104 3761 cum
1143 3721 1244 3776 ego
1284 3714 1339 3760 et
1393 3705 1588 3762 fratres
1629 3706 1852 3775 quidam
1907 3705 1997 3758 alii

422 3801 784 3864 venissemus,
845 3800 1038 3856 iisdem
1094 3816 1194 3856 nos
1249 3799 1460 3854 aedibus
1510 3799 1714 3869 recepti
1773 3798 1997 3854 fuimus.

421 3890 526 3946 Ubi
582 3907 710 3946 cum
757 3891 996 3961 Josepho
1044 3891 1386 3947 familiariter
1438 3893 1660 3955 versati,
1714 3892 1889 3961 deque
1935 3905 2001 3945 eo

421 3983 687 4038 sciscitati
721 3983 854 4053 quid
878 3983 983 4054 ipsi
1041 3984 1262 4038 demum
1313 3983 1628 4049 accidisset,
1682 3983 1828 4054 quod
1875 3997 2000 4036 eum

421 4073 566 4156 apud
618 4073 837 4129 Judmos
898 4076 1167 4129 illustrem
1226 4073 1398 4130 fuisse
1471 4077 1772 4138 sciremus,
1841 4075 2003 4143 quive

420 4173 590 4235 gestze
617 4167 696 4220 rei
724 4175 868 4222 esset
894 4167 1050 4230 ordo,
1097 4181 1162 4220 ac
1212 4167 1672 4236 quemadmodum
1720 4168 1789 4221 ad
1841 4167 2000 4220 Chri-

423 4257 634 4312 stianos
683 4260 1009 4323 transisset,
1056 4260 1173 4312 iure
1223 4259 1294 4314 ab
1345 4260 1438 4314 illo
1487 4260 1667 4315 omnia
1721 4259 2002 4314 auditione

501 4408 517 4438 ¹
544 4405 673 4461 For.
709 4408 1032 4478 Βερκέλλας.

426 4544 668 4635 ίίἰξᾼξνξὶ,
691 4545 915 4635 ¹*ιίιέἕέ
930 4545 1212 4635 frequens
1253 4547 1633 4635 estumentio.’
1658 4546 1739 4635 Et
1759 4548 1994 4635 quidem
2029 4563 2072 4618 ι)
2103 4561 2314 4635 ruptos,
2351 4550 2666 4633 Hieronymi
2717 4550 3043 4635 auctoritate
3098 4546 3411 4635 confirmari

424 4615 657 4686 apostoli
691 4615 1054 4686 patriarchae
1071 4618 1215 4672 velut
1263 4632 1574 4673 assessores
1599 4634 1684 4673 'ex
1715 4615 1994 4672 communi

424 4685 481 4742 et
515 4685 891 4759 usitatavocis
915 4689 1136 4742 notione
1160 4688 1293 4743 dicti
1327 4697 1475 4754 sunt,
1503 4690 1648 4759 quod
1681 4689 1748 4743 ad
1777 4689 1998 4758 exigen~

425 4759 525 4811 das
559 4755 926 4828 a_Sy_nagogis
977 4759 1236 4827 pecunias
1284 4759 1351 4812 ab
1397 4760 1489 4813 illo
1523 4755 1902 4822 ‘mitterentur',
1941 4769 1999 4814 ut

423 4843 494 4882 ex
520 4825 880 4898 cod._'ljieod'.
914 4825 1057 4898 patet
1080 4828 1172 4882 lib.
1209 4845 1320 4888 xlv.
1348 4829 1415 4884 de
1444 4829 1666 4884 Judzeis.
1699 4830 1801 4893 Qui
1845 4830 1999 4883 locus

426 4897 572 4978 quod
606 4896 1056 4978 adppiphanium
1086 4899 1467 4978 illustrandum
1501 4900 1998 4978 in‘primisconfert,

429 4967 518 5022 hic
547 4968 907 5024 ascribcndus
933 4977 1016 5024 est
1046 4989 1058 5022 :
1092 4970 1510 5036 Superstitionis,
1547 4967 1742 5039 inquit,
1771 4969 1999 5039 indigna:

426 5046 527 5098 est,
561 5045 620 5117 ut
663 5041 1082 5117 archisynagogi,
1119 5041 1222 5094 sive
1249 5038 2000 5117 presbyteridudmorum,’rel

428 5123 554 5172 quos
582 5108 682 5174 ipsi
710 5108 975 5177 apostolos
1028 5120 1230 5173 vocant,
1260 5111 1348 5179 (iui
1376 5108 1444 5162 ad
1473 5111 1778 5180 exigendum
1810 5108 1999 5162 aurum

429 5185 584 5244 atque
613 5187 884 5249 argentum
917 5197 950 5249 α
990 5181 1296 5246 patriarcha
1335 5189 1475 5233 certo
1503 5191 1730 5249 tempore
1761 5181 2002 5249 dirigun-

429 5254 537 5309 tur,
571 5262 604 5298 a
651 5247 870 5321 singulis
919 5247 1208 5321 Syuagogis
1253 5260 1495 5305 exactam
1541 5247 1798 5305 summam
1850 5247 2004 5320 atque

428 5325 722 5397 susceptain
765 5319 1107 5397 adfutudem
1134 5319 1437 5397 reportent.
1464 5321 1582 5387 Qua
1635 5322 1697 5374 de
1749 5338 1803 5375 rc
1854 5319 2002 5375 omne

428 5385 684 5460 quidquid
706 5388 1044 5460 considerata
1065 5385 1309 5460 temporis
1334 5385 1537 5444 ratione
1555 5392 1866 5460 conﬁdimus
1890 5407 2001 5444 esse

428 5455 726 5530 csolleclum,
767 5458 990 5520 ﬁdeliter
1034 5459 1102 5530 ad
1151 5455 1387 5514 nostrum
1431 5455 1694 5530 dirigatur
1727 5462 2001 5515 aerarium.

433 5523 508 5576 De
533 5535 720 5597 ca’tcro
746 5539 919 5581 autem
955 5529 1084 5582 nihil
1109 5533 1359 5597 prwdicto
1382 5523 1708 5584 decernimus
1741 5547 1852 5584 esse
1882 5531 2002 5582 mit-

434 5595 665 5671 tendum.
700 5595 773 5651 De
801 5598 988 5671 iisdem
1016 5595 1344 5671 patriarchis
1378 5602 1520 5669 quod
1559 5602 1892 5671 Fpiphanius
1917 5601 2002 5653 in-

434 5659 599 5741 dicat,
637 5680 744 5741 non
792 5659 1034 5734 delectu;
1059 5669 1153 5741 sed
1181 5659 1410 5741 generis.
1436 5659 1785 5726 successione
1823 5671 2000 5741 digni-

435 5733 602 5786 tatem
643 5733 890 5804 adeptos,
923 5752 983 5793 ac
1014 5733 1344 5810 plerumque
1375 5740 1505 5794 luxu
1541 5756 1604 5798 ac
1637 5741 1847 5798 deliciis
1876 5733 1971 5798 ἔοι·

2087 1873 2176 1927 διὰ
2205 1872 2298 1924 τοῦ
2323 1870 2718 1944 προειρημένου
2765 1869 3053 1938 Ἰωσήπου,
3083 1868 3159 1928 ὡς
3197 1867 3382 1938 ἰατρὸν
3411 1865 3666 1931 δντα,καὶ

2089 1965 2318 2035 ποιήσας
2375 1964 2586 2025 πάντας
2643 1960 2746 2025 ἔξω
2804 1961 3099 2029 γενέσθαι,
3159 1957 3502 2030 παρεκάλεσε
3573 1955 3668 2008 τὸν

2090 2058 2408 2122 ἐπίσκοπον,
2469 2055 2681 2122 λέγων’
2733 2043 2986 2124 Δώρησαί
3039 2069 3126 2122 μοι
3186 2050 3283 2121 τὴν
3334 2053 3391 2105 ὲν
3446 2046 3669 2119 Χριστῷ

2092 2147 2380 2217 σφραγῖδα.
2414 2148 2473 2200 '0
2499 2146 2576 2210 δὲ,
2612 2143 3123 2216 μετακαλεσάμενος
3141 2143 3269 2205 τοὺς
3294 2142 3465 2209 seum,
3476 2157 3666 2211 ρετου-

2095 2239 2308 2309 μένους,
2340 2236 2668 2309 προσέταξεν
2687 2236 2832 2306 ὕδωρ
2851 2236 2961 2287 ἑτοι
2970 2233 3266 2304 μασθῆναι,
3293 2233 3365 2296 ὼς
3380 2233 3479 2303 τῆς
3510 2232 3669 2283 νόσου

2091 2331 2257 2384 ἕνεκα
2307 2329 2560 2400 βοήθημά
2611 2346 2664 2381 τι
2719 2328 3049 2400 προσφέρειν
3093 2326 3300 2397 μέλλων
3347 2325 3414 2377 δι’
3463 2323 3671 2376 ὑδάτων

2093 2419 2336 2474 νοσοῦντι
2371 2418 2580 2489 βαρέως
2641 2416 2719 2487 τῷ
2753 2418 3086 2488 πατριάρχῃ.
3122 2417 3184 2467 Ui
3215 2415 3272 2468 δὲ
3310 2413 3571 2483 ἐποίησαν
3603 2411 3671 2464 τά

2094 2509 2519 2578 ἐπιτεταγμένα.
2557 2509 2630 2561 Οὐ
2661 2508 2770 2579 γὰρ
2799 2506 3153 2576 ὲγνώκεισαν.
3210 2505 3400 2568 Αἰδοῦς
3424 2506 3481 2558 δὲ
3511 2506 3672 2575 χάριν

2096 2599 2594 2670 προῳασισάμενος,
2644 2602 2770 2660 τοὺς
2823 2598 3030 2659 πάντας
3097 2595 3200 2661 ἔξω
3247 2598 3477 2667 ποιήσας
3509 2598 3536 2647 ὁ
3567 2613 3672 2648 πα-

2094 2692 2362 2762 τριάρχης
2407 2690 2502 2744 τοῦ
2547 2690 2772 2761 λουτροῦ
2811 2688 3159 2753 καταξιοῦται
3217 2689 3311 2742 καὶ
3357 2688 3674 2760 μυστηρίων

2097 2782 2290 2848 ἁγίων.

2169 2872 2243 2925 E'.
2280 2871 2338 2926 '0
2366 2871 2423 2926 δὲ
2465 2870 2725 2941 Ἰώσηπος
2775 2870 2898 2942 ἐμοὶ
2937 2869 3085 2941 αὺτῷ
3113 2868 3384 2940 διηλὲχθη.
3430 2869 3523 2921 Ἐκ
3555 2865 3675 2920 στό-

2099 2980 2267 3034 ματος
2294 2962 2403 3033 γὰρ
2443 2961 2609 3014 αὑτοῦ
2659 2963 2871 3032 ἀκήκοα
2899 2962 3078 3015 πάντα
3103 2960 3294 3022 ταῦτα,
3319 2959 3413 3012 καὶ
3440 2959 3538 3010 οὐκ
3567 2957 3676 3011 άπὲ

2097 3054 2258 3109 ἄλλου
2289 3055 2456 3118 τινὸς,
2488 3055 2546 3107 ὲν
2575 3057 2639 3124 τῇ
2671 3053 2914 3126 γηραλέα
2962 3053 3123 3107 αὑτοῦ
3175 3051 3378 3122 ἡλικίᾳ,
3425 3050 3500 3112 ὡς
3550 3051 3704 3116 περί-

2098 3164 2199 3200 που
2224 3145 2356 3198 ἐτῶν
2381 3146 2751 3216 ἐϐδομήκοντα
2780 3145 3064 3213 γεγονότος
3089 3143 3274 3206 αὑτοῦ,
3305 3142 3339 3211 ἢ
3374 3142 3466 3193 καὶ
3490 3140 3676 3193 πλειό-

2097 3257 2222 3293 νων.
2261 3238 2396 3309 Παρ¹
2440 3237 2588 3308 αὐτῷ
2611 3237 2718 3308 γὰρ
2743 3236 3024 3307 κατήχθην
3047 3237 3102 3287 έν
3129 3233 3483 3287 Σκυθοπόλει·
3518 3249 3675 3303 μετα-

2101 3330 2232 3392 στὰς
2256 3329 2363 3399 γὰρ
2391 3329 2490 3398 τῆς
2523 3327 2861 3398 Τιϐεριάδος,
2891 3326 3095 3389 κτίσεις
3116 3328 3235 3378 ἐκεῖ
3257 3326 3313 3378 ἐν
3345 3323 3677 3377 Σκυθοπόλει

2097 3421 2376 3488 διαφανεῖς
2410 3421 2700 3490 ἐκτήσατο.
2747 3419 2835 3471 Ἐν
2877 3419 2984 3487 γὰρ
3022 3420 3089 3488 τῇ
3122 3416 3271 3486 οἰκίᾳ
3301 3415 3466 3468 αὐτοῦ
3501 3432 3679 3486 μακα-

2101 3511 2255 3582 ρίτης
2289 3511 2548 3573 Εὐσέϐιος
2590 3512 2618 3562 ὁ
2666 3511 2762 3580 τῆς
2799 3509 3030 3570 Ἰταλίας
3080 3507 3377 3570 ἐπίσκοπος
3417 3505 3678 3577 Βριγγέλ-

2099 3605 2196 3668 λας
2229 3606 2242 3635 ¹
2276 3604 2386 3674 (16)
2421 3603 2650 3668 πόλεως,
2680 3601 2976 3673 ὲξορισθεὶς
3005 3599 3110 3653 ὑπὸ
3145 3600 3554 3664 Κωνσταντίου,
3593 3597 3680 3650 διὰ

2098 3697 2199 3767 τὴν
2260 3695 2443 3748 πίστιν
2495 3693 2596 3764 τῆς
2640 3692 2948 3764 ὀρθοδοξίας
2992 3691 3274 3756 ἐξενίζετο.
3311 3690 3424 3744 Καὶ
3460 3689 3554 3742 ἐπὶ
3583 3689 3680 3759 τὴν

2099 3787 2388 3855 ἐπίσκεψιν
2411 3787 2600 3839 τούτου
2636 3783 2746 3853 ἐγώ
2792 3801 2851 3837 τε
2881 3784 2976 3837 καὶ
3001 3787 3052 3837 οἰ
3084 3784 3231 3841 ἄλλοι
3256 3783 3474 3852 ἀδελφοί
3502 3784 3680 3836 ἐκεῖσε

2101 3879 2403 3949 γενόμενοι,
2429 3879 2523 3931 καὶ
2551 3876 2707 3930 αὐτοὶ
2745 3876 2874 3947 παρ’
2905 3877 3053 3946 αὐτῷ
3089 3876 3458 3946 κατήχθημεν.
3490 3874 3691 3927 Συντυ-

2102 3969 2291 4040 χόντες
2310 3967 2367 4021 δὲ
2393 3966 2472 4038 τῷ
2512 3968 2758 4039 Ἰωσήπῳ
2801 3967 2893 4019 ἐπὶ
2931 3966 3031 4035 τῆς
3079 3965 3244 4019 αὑτοῦ
3273 3965 3471 4029 οἰκίας,
3500 3963 3682 4016 καὶτὰ

2102 4061 2222 4114 κατ’
2252 4059 2413 4114 αὐτὸν
2443 4060 2780 4130 ἐρωτῶντες,
2799 4058 2895 4112 καὶ
2917 4059 3155 4127 γνόντες,
3187 4058 3267 4110 ὅτι
3292 4055 3398 4110 τῶν
3424 4055 3683 4125 ἐμφανῶν

2103 4151 2316 4222 ὑπῆρχε
2344 4150 2496 4222 παρὰ
2557 4149 2856 4213 Ἰουδαίοις,
2910 4149 3260 4213 άνετάζοντες
3304 4148 3397 4201 καὶ
3423 4146 3521 4218 τὴν
3561 4147 3682 4200 κατ’

2104 4244 2266 4298 αὐτὸν
2294 4241 2570 4310 ὑπόθεσιν,
2603 4242 2698 4296 καὶ
2721 4239 2843 4304 πῶς
2867 4239 2959 4295 τὸν
2986 4242 3067 4304 εἰς
3091 4237 3520 4311 Χριστιανισμδν
3549 4254 3682 4308 μετ-

3549 4555 3657 4603 test

2104 4563 2314 4624 ruptos,
2353 4563 2666 4622 Hieronymi
2717 4563 3043 4606 auctoritate
3098 4563 3411 4602 connrmarn
3479 4563 3680 4616 potest,

2104 4625 2196 4694 qui
2234 4624 2287 4677 in
2327 4637 2526 4694 comm.
2553 4622 2794 4694 Ainicap.
2829 4617 3048 4694 urlsa.
3099 4618 3166 4671 ad
3197 4619 3328 4694 liter
3376 4618 3578 4694 verba;
3613 4618 3680 4672 Et

2103 4687 2390 4762 é/I'eminali
2421 4687 2834 4762 dominabuntur
2876 4692 2973 4752 eis,
3005 4693 3077 4762 ita
3102 4687 3296 4742 scribit
3329 4688 3682 4762 :_Considere-

2105 4759 2220 4818 nius
2253 4763 2584 4832 patriarchas
2615 4760 3021 4832 Jadmorum,el
3048 4759 3280 4832 jus-cnes.
3321 4759 3425 4832 siue
3467 4774 3681 4825 pueros,

2103 4829 2531 4903 eﬂ‘eminatosque
2563 4848 2623 4884 ac
2652 4830 2852 4886 deliciis
2881 4831 3170 4902 aﬂluentes,
3189 4837 3237 4881 et
3264 4829 3529 4894 impletam
3553 4844 3678 4896 pro-

2105 4906 2339 4972 phetiam
2377 4919 2488 4957 esse
2518 4917 2805 4972 cernemus.

2177 4976 2288 5041 (15)
2335 4974 2555 5027 Τοῦτον
2591 4967 2742 5025 εἶναι
2789 4970 2961 5040 γένος
2993 4970 3228 5041 ἐκείνου
3268 4970 3374 5025 τοῦ
3418 4966 3677 5041 πρώτου,

2107 5043 2210 5110 Qui
2236 5038 2580 5098 Christianus
2609 5041 2728 5110 fuit,
2763 5038 2820 5094 ut
2849 5057 2914 5095 ex
2939 5041 3092 5110 Actis
3129 5039 3464 5110 lnventionis
3500 5038 3680 5092 sancti

2111 5108 2366 5183 Stephani
2388 5120 2621 5183 constat.
2650 5109 2760 5183 Nec
2789 5122 2934 5183 recte
2962 5109 3202 5183 Judaicae
3220 5108 3680 5183 religionisotena-

2108 5179 2384 5246 cissimus,
2415 5199 2479 5237 ac
2525 5181 2823 5236 Christiani
2857 5181 3093 5235 nominis
3136 5195 3262 5235 osor
3318 5179 3620 5234 acerrimus
3649 5193 3682 5233 a

2108 5255 2434 5323 quihusdam
2498 5251 2668 5308 fuisse
2725 5251 2992 5323 proditur,
3027 5250 3175 5320 quod
3227 5251 3296 5305 ab
3349 5264 3422 5323 eo
3453 5248 3682 5323 _Saulus

2111 5319 2425 5393 utrumque,
2464 5324 2569 5377 hoc
2609 5331 2694 5377 est
2726 5319 3024 5393 fJudaicam
3050 5319 3228 5393 legem
3258 5331 3310 5374 et
3335 5319 3683 5393 Christiano—

2108 5410 2230 5448 rum
2281 5389 2466 5448 odium
2511 5392 2764 5447 didicerit
2810 5411 2822 5444 :
2861 5407 2982 5460 quae
3031 5391 3346 5459 conjectura
3395 5389 3525 5442 levis
3573 5397 3679 5442 est.

2111 5464 2249 5530 Quid
2296 5465 2441 5519 enim
2485 5477 2711 5518 necesse
2749 5473 2854 5522 est,
2886 5477 2916 5513 a
2952 5468 3284 5530 prmeeptore
3342 5467 3678 5530 postremum

2110 5535 2214 5589 hoc
2244 5535 2495 5589 hausisse
2524 5533 2773 5593 Saulum,
2814 5547 2877 5584 ac
2900 5547 3006 5585 non
3032 5534 3212 5600 potius
3242 5540 3432 5600 suapte
3462 5536 3680 5597 sponte,

2105 5615 2160 5659 et
2193 5605 2423 5658 aliorum
2457 5605 2671 5657 hortatu
2700 5598 3061 5669 exemploque
3088 5598 3434 5671 suscepisse?

2174 5673 2283 5745 (16)
2301 5675 2669 5745 Ἐπίσκοπος(
2683 5666 3062 5741 Βριγγέῌὶις.
3087 5666 3268 5727 Corn.’
3281 5666 3538 5737 Fregella!
3555 5679 3680 5736 per-

2103 5743 2289 5812 peram
2314 5743 2571 5801 reddidit.
