4004 6150
319 372 429 430 415

930 369 1301 452 ADVERSUS
1340 370 1684 429 HIERESES
1722 371 1850 429 LIB.
1897 370 1937 426 l.
1981 372 2149 432 TOM.
2186 374 2256 431 ll.
2292 407 2362 419 -—
2399 375 2678 434 HERES.
2718 372 2887 437 XXX.

3497 386 3603 443 ιιι

320 484 507 555 ἦλθεν.
537 448 859 554 ἀκηκόαμεν
897 474 1071 536 ταῦτα
1105 448 1293 537 πόίντα⁵
1325 482 1533 552 σαφῶς,
1562 485 1657 538 καὶ
1685 483 1783 539 οὐκ
1811 484 1915 539 ἀπὸ

2024 497 2196 558 certa,
2250 505 2360 546 non
2413 491 2593 547 aliena
2641 478 2747 548 fide
2785 474 3063 563 explorata
3098 493 3415 554 didicimus.
3472 499 3606 568 Qua!

322 574 644 648 ἐνηχήσεως
682 573 873 646 ἐτέρου
914 573 1081 638 τινός.
1117 573 1281 627 Ὅθεν
1320 574 1415 629 καὶ
1447 575 1918 648 ἀξιομνημόνευτα

320 664 408 728 εἰς
434 661 726 734 οἰκοδομὴν
765 661 976 717 πιστῶν
1006 663 1329 735 νομίσαντες
1360 664 1430 719 τὰ
1460 667 1602 721 κατὰ
1626 668 1718 724 τὸν
1749 668 1917 742 ἄνδρα

322 754 847 830 πραγματευθέντα,
899 755 988 810 διὰ
1013 755 1112 827 τὴν
1140 756 1323 812 αἰτίαν
1347 757 1457 812 τῶν
1497 759 1556 813 ἐν
1593 762 1708 825 τοῖς
1750 761 1917 831 γαζο-

320 848 614 919 φυλακίοις
642 850 723 914 εἰς
758 848 1015 921 Ἐϐραῖδα
1069 849 1494 921 μετατεθέντων,
1528 853 1591 907 οὐ
1624 854 1915 926 παρέργως

324 938 427 1012 τήν
456 940 641 994 πᾶσαν
668 940 848 994 αἰτίαν
887 939 984 993 τοῦ
1024 942 1421 1013 προειρημένου
1463 944 1730 1019 Ἰωσήπου
1770 963 1919 1018 παρ-ι

327 1026 715 1104 εθέμεθα,*Ην
732 1030 840 1105 γὰρ
862 1030 892 1083 δ
915 1031 1056 1104 ἀνὴρ
1074 1031 1134 1085 οὐ
1158 1034 1322 1104 μόνον
1348 1034 1698 1107 Χριστιανὸς,
1726 1038 1916 1102 πιστὸς

326 1121 689 1190 καταξιωθεί.ς¹
731 1122 1005 1192 γενέσθαι,
1037 1122 1175 1179 ἀλλὰ
1215 1125 1313 1179 καὶ
1354 1126 1667 1199 Ἀρειανοὺς
1712 1129 1917 1202 σφόδρα

326 1214 682 1286 στηλιτιύων.
720 1215 809 1268 Ἐν
865 1214 1062 1288 γὰρτῇ
1121 1215 1273 1270 πόλει
1331 1217 1536 1290 ἐκείνῃ,
1585 1218 1917 1274 Σκυθοπόλει

323 1306 493 1376 φημὶ,
562 1303 723 1375 μόνον
772 1298 928 1368 οὗτος
982 1304 1264 1377 όρθόδοξος
1310 1306 1559 1380 ὑπῆρχε,
1610 1308 1811 1373 πάντες
1859 1308 1917 1362 δὲ

228 1412 243 1421 ·
334 1396 627 1469 ’Δρειανοί.
673 1396 788 1452 Καὶ
829 1398 878 1450 εἰ
924 1396 1001 1470 μὴ
1028 1398 1110 1452 ὅτι
1152 1400 1328 1470 κόμης
1374 1395 1463 1471 ἦν,
1498 1400 1593 1455 καὶ
1625 1400 1801 1455 τὸτοῦ
1825 1402 1919 1456 κό-

324 1505 499 1561 μητος
527 1486 745 1559 ἀξίωμα
775 1488 1013 1544 ἐκώλυεν
1034 1491 1129 1545 ἀπ’
1164 1492 1328 1546 αὐτοῦ
1360 1492 1453 1546 τὸν
1480 1492 1590 1546 τῶν
1625 1495 1918 1565 Ἀρειανῶν

317 1576 586 1648 διωγμὸν,
633 1578 736 1632 οὐκ
780 1576 848 1632 ἂν
879 1579 1086 1652 ὑπέστη
1119 1581 1241 1636 κᾶν·
1258 1583 1318 1636 ἐν
1340 1585 1408 1655 τῇ
1446 1582 1597 1637 πόλει
1618 1583 1917 1655 διατρίϐειν

317 1672 350 1724 ὁ
371 1668 533 1743 ἀνὴρ,
561 1670 793 1742 μάλιστα
818 1670 911 1724 ἐπὶ
950 1672 1291 1744 Πατροφίλου
1324 1674 1421 1728 τοῦ
1472 1675 1749 1746 Ἀρειανοῦ
1798 1677 1918 1729 ἐπι-

320 1760 551 1823 σκόπου,
580 1761 676 1815 τοῦ
701 1761 873 1816 πολλὰ
904 1762 1226 1833 ἰσχύσαντος
1266 1764 1485 1837 πλούτῳ
1515 1783 1574 1820 τε
1599 1767 1692 1820 καὶ
1721 1767 1917 1838 αὐστη-

320 1853 439 1925 ρίᾳ,
485 1851 582 1906 καί
608 1855 674 1927 τῇ
723 1854 862 1926 πρὸς
903 1853 996 1909 τὸν
1034 1853 1259 1925 βασιλέα
1301 1859 1684 1914 Κωνστάντιον
1714 1859 1912 1930 γνώσει

317 1961 381 1998 τε
416 1945 513 1999 καὶ
545 1946 848 2018 παρρησίᾳ.
874 1941 984 2000 Ἦν
1018 1946 1073 2000 δὲ
1101 1946 1199 2003 καὶ
1240 1948 1399 2015 ἄλλος
1443 1968 1529 2014 τις
1555 1950 1822 2024 νεώτερος
1853 1955 1913 2008 ἐν

317 2037 385 2105 τῇ
442 2034 599 2089 πόλει
649 2035 758 2089 ἀπὸ
818 2036 1087 2111 Ἐϐραίων
1140 2039 1315 2113 ὀρθῶς
1378 2042 1670 2111 πιστεύων,
1704 2044 1763 2109 ὃς
1812 2046 1913 2098 οὐκ

318 2125 525 2197 ἐτόλμα
585 2128 729 2182 κατὰ
776 2129 838 2183 τὸ
883 2131 1136 2203 φανερὸν,
1166 2132 1302 2185 ἀλλὰ
1328 2133 1422 2187 καὶ
1459 2135 1742 2206 κρυφαίως
1766 2136 1914 2207 ἡμᾶς

318 2216 713 2273 ἐπεσκέπτετο.
740 2220 973 2275 Πιθανὺν
1002 2223 1057 2276 δέ
1084 2240 1137 2276 τι
1165 2225 1193 2277 ὁ
1232 2223 1493 2295 Ἰώσηπος
1510 2227 1604 2279 καὶ
1629 2227 1913 2296 γελοιῶδες

319 2309 623 2379 ὑφηγεῖτοο
647 2306 802 2382 οἶμαι
826 2310 884 2365 δὲ
934 2312 1128 2377 ταῦτα,
1160 2313 1242 2368 ὅτι
1288 2315 1383 2368 καὶ¹
1416 2316 1703 2386 ἡλήθευεν.
1739 2317 1914 2387 Ἔφα-

322 2416 422 2452 σκε
451 2399 582 2474 γὰρ,
614 2401 720 2468 ὅτι,
751 2402 1161 2477 τελευτησάσης
1183 2406 1285 2477 τῆς
1334 2406 1498 2468 αὐτοῦ
1541 2407 1794 2479 συμϐίου,
1827 2407 1913 2461 δε-

316 2492 451 2558 διὼς
482 2497 556 2566 μή
584 2512 662 2568 πη
713 2495 823 2567 ἄρα
869 2498 1187 2569 ἀρπάζωσιν
1218 2500 1379 2554 αὐτὸν
1409 2502 1459 2553 οἰ
1498 2501 1787 2571 Ἀρειανοὶ,
1818 2500 1913 2555 καὶ

322 2587 712 2657 καταστήσωσι
743 2589 1022 2661 κληρικόν.
1048 2590 1315 2657 Πολλάκις
1347 2593 1457 2664 γὰρ
1485 2592 1714 2646 κολακεύ
1725 2610 1913 2658 σαντες

323 2676 492 2731 αὑτὸν
531 2679 819 2751 πεισθῆναι
863 2685 930 2754 τῇ
981 2684 1216 2755 αἰρέσει,
1252 2683 1612 2756 ὑπισχνοῦντο
1662 2682 1913 2755 μείζονας

322 2767 631 2838 προκοπὰς,
671 2771 719 2822 εἰ
751 2769 869 2824 δέον
896 2771 992 2824 καὶ
1025 2773 1332 2844 ἐπισκοπῆς
1385 2772 1553 2827 αὑτὸν
1596 2771 1909 2836 καταξιοῦν.

333 2858 395 2912 '0
445 2858 504 2913 δὲ
551 2858 757 2930 ἔφασκε
806 2861 997 2916 τούτου
1041 2863 1205 2935 χάριν
1271 2863 1542 2936 συνῆφθαι
1603 2865 1700 2918 καὶ
1749 2864 1913 2936 ἑτέρᾳ

320 2951 565 3019 γυναικὶ,
592 2952 742 3016 ὅπως
763 2952 1040 3026 διαδράσοι
1067 2955 1167 3021 τὰς
1193 2956 1374 3010 αὐτῶν
1398 2956 1754 3029 χειροτονίας.

2022 590 2146 630 cum
2190 575 2260 630 ad
2304 576 2546 633 ﬁdelium
2579 579 2868 635 utilitatem
2903 583 3167 639 memoria
3221 584 3388 656 digna
3446 603 3603 643 cum-

2019 666 2214 736 primis
2262 665 2618 734 arbitremur,
2664 679 2888 741 propter
2939 685 3038 728 eos
3088 673 3258 731 libros
3283 678 3374 747 qui
3408 678 3463 733 in
3507 677 3600 734 Ju-

2016 756 2261 813 datorum
2320 757 2600 815 thesauris
2671 770 2969 817 servantur
3026 762 3296 822 Hebraico
3351 785 3609 826 sermone

2020 849 2299 917 translati,
2335 865 2459 922 qua
2493 851 2561 907 ad
2595 848 2894 923 Josephum
2938 855 3092 909 illum
3126 860 3464 928 pertinerent
3507 877 3603 916 ac-

2018 941 2266 998 curatius
2321 941 2551 1012 exsequi
2605 941 2906 1001 voluimus.
2971 943 3109 1000 Nam
3178 948 3225 1003 is
3282 965 3390 1004 non
3440 951 3609 1007 modo

2014 1030 2368 1089 Christianus
2392 1042 2532 1101 erat,
2568 1048 2803 1105 eamque
2840 1035 3001 1091 fidem
3038 1049 3390 1110 susceperat,
3424 1042 3517 1097 sed
3550 1046 3613 1099 et'

2017 1120 2254 1179 Arianos
2292 1138 2506 1180 summa
2558 1124 2786 1181 infamia
2824 1129 3169 1185 traducebat.
3213 1132 3425 1205 Quippe
3461 1152 3609 1195 unus

2016 1211 2136 1281 ipse
2171 1219 2376 1267 rectam
2416 1227 2481 1267 ac
2510 1213 2784 1268 sinceram
2825 1213 2989 1270 fidem
3030 1216 3345 1290 Scythopoli
3398 1222 3602 1276 retine-

2017 1302 2133 1368 bat,
2168 1319 2293 1359 cum
2323 1305 2521 1376 reliqui
2551 1311 2738 1363 essent
2778 1307 2993 1365 Ariani.
3036 1308 3197 1376 Quod
3230 1311 3338 1368 nisi
3388 1314 3605 1368 comitis

2018 1391 2285 1463 dignitate
2344 1394 2538 1452 fuisset
2583 1397 2865 1467 praditus,
2898 1409 2960 1455 ut
2988 1401 3076 1456 hic
3139 1416 3266 1457 eum
3324 1403 3500 1458 honor
3534 1405 3605 1459 ab

2017 1483 2351 1543 Arianorum
2399 1487 2659 1543 violentia
2713 1497 2981 1558 tueretur,
3026 1507 3097 1548 ne
3140 1494 3196 1548 in
3233 1495 3351 1566 ipsa
3383 1496 3603 1566 quidem

2016 1573 2159 1630 urbe
2213 1575 2303 1630 vir
2355 1576 2447 1633 ille
2494 1580 2856 1645 constitisset,
2897 1583 3208 1651 praesertim
3258 1586 3363 1641 sub
3411 1586 3606 1641 Patro-

2019 1666 2170 1737 philo
2197 1667 2407 1722 Ariano
2451 1669 2733 1740 episcopo,
2789 1673 2883 1743 qui
2914 1683 2970 1728 et
3011 1672 3211 1744 opibus
3248 1683 3304 1730 et
3366 1676 3600 1732 crudeli-

2017 1764 2153 1826 tate,
2183 1765 2240 1813 et
2280 1757 2424 1829 apud
2466 1759 2851 1830 imperatorem
2885 1760 3268 1818 Constantium
3315 1763 3605 1821 familiari-

1944 1826 1988 1887 Β
2017 1854 2130 1903 tate
2171 1826 2338 1918 atque
2387 1826 2622 1903 audacia
2672 1849 2972 1919 plurimum
3027 1856 3262 1920 poterat.
3320 1851 3381 1906 in
3415 1853 3601 1908 eadem

2014 1937 2180 1994 etiam
2214 1938 2352 1994 urbe
2383 1938 2606 2009 quidam
2637 1947 2754 1993 erat
2789 1947 2948 1996 aetate
2990 1940 3201 2011 junior,
3236 1943 3329 2013 qui
3357 1959 3387 1998 e
3419 1941 3606 1998 Iudaeo

2014 2028 2301 2085 traductus
2346 2029 2415 2085 ad
2449 2028 2730 2085 Christum
2780 2030 3057 2085 sinceram
3095 2030 3256 2087 fidem
3293 2030 3606 2099 retinebat;

2012 2121 2170 2193 isque
2198 2121 2345 2190 quod
2383 2121 2610 2176 minime
2654 2121 2835 2192 palam
2883 2122 3129 2188 auderet,
3183 2123 3495 2179 clanculum
3538 2125 3606 2180 ad

2014 2228 2115 2271 nos
2146 2214 2421 2270 veniebat.
2468 2212 2575 2269 Sed
2625 2211 2901 2284 Iosephus
2934 2214 3175 2285 lepidum
3204 2214 3466 2286 quiddam
3498 2231 3605 2270 no-

2013 2288 2100 2363 bis
2148 2319 2213 2361 ac
2267 2305 2564 2362 ridiculum
2622 2304 2903 2371 narrabat,
2957 2321 3060 2362 nec
3105 2305 3301 2361 dubito
3339 2305 3473 2376 quin
3533 2305 3607 2361 sit

2014 2399 2388 2456 verissimum.
2421 2398 2616 2454 Aiebat
2648 2399 2795 2454 enim
2841 2405 3060 2453 mortua
3104 2397 3340 2468 conjuge
3374 2397 3603 2452 veritum

2015 2502 2076 2543 se
2105 2502 2175 2543 ne
2200 2487 2269 2542 ab
2293 2486 2510 2542 Arianis
2538 2487 2806 2543 violenter
2833 2485 3097 2558 abreptus
3127 2486 3368 2543 clericus
3413 2486 3603 2554 ﬂeret;

2015 2593 2161 2649 saepe
2197 2579 2345 2635 enim
2376 2578 2578 2635 blande
2606 2578 2765 2634 illum
2811 2579 3094 2643 adeuntes,
3123 2586 3184 2634 ut
3221 2580 3287 2632 ad
3333 2593 3486 2635 suam
3520 2577 3603 2633 fa-

2022 2672 2260 2726 ctionem
2292 2672 2555 2728 transiret
2592 2667 2988 2739 hortabantur,
3008 2685 3073 2726 ac
3104 2670 3329 2741 majoris
3356 2686 3453 2741 spe
3481 2685 3605 2742 pro-

2016 2781 2207 2823 cessus
2243 2765 2580 2829 alliciebant,
2625 2771 2688 2818 ut
2725 2764 2811 2820 vel
2833 2764 2879 2820 si
2910 2778 3139 2820 necesse
3164 2763 3304 2818 foret
3324 2763 3606 2833 episcopa-

2017 2865 2134 2914 tum
2193 2855 2570 2913 ostenderent.
2617 2857 2825 2913 Horum
2861 2856 3031 2928 igitur
3078 2862 3224 2910 metu
3278 2855 3509 2909 alterum
3548 2868 3608 2910 se

2016 2951 2429 3005 matrimonium
2483 2950 2675 3006 iniisse
2723 2949 2963 3015 dicebat,
3013 2962 3124 3018 quo
3166 2961 3227 3003 se
3257 2940 3327 3001 ab
3359 2945 3452 2999 illa
3488 2958 3607 3000 ma-

2013 3054 2185 3094 nuum
2221 3038 2575 3110 impositione
2609 3040 2888 3094 liberaret.

394 3121 486 3188 (τ’.
537 3123 697 3179 Ἀλλά
728 3125 985 3198 ἐπάνειμι
1031 3128 1131 3199 τὴν
1180 3130 1454 3202 ὑφήγησιν
1499 3129 1603 3201 τῆς
1647 3127 1790 3183 κατὰ
1820 3129 1914 3184 τὸν

2086 3124 2176 3187 γι.
2217 3130 2322 3187 Sed
2355 3132 2421 3187 ad
2450 3132 2779 3203 patriarchae
2808 3130 3121 3195 historiam,
3164 3136 3219 3185 et
3241 3128 3419 3200 ipsius
3466 3125 3606 3183 adeo

321 3214 675 3286 πατριάρχην
710 3217 1041 3283 ὑποθέσεως,
1071 3221 1166 3274 καὶ
1199 3221 1365 3275 αὑτοῦ
1392 3220 1487 3275 τοῦ
1526 3223 1791 3294 Ἰωσήπου
1831 3223 1911 3287 εἰς

319 3307 416 3360 τοῦ
425 3307 636 3378 μφανές
656 3309 798 3363 κατὰ
822 3309 1124 3382 λεπτότητα
1146 3316 1258 3377 τοῖς
1282 3312 1626 3385 βουλομένοις
1652 3314 1915 3385 ἐντυγχά-

321 3414 438 3451 νειν
490 3398 581 3453 διὰ
629 3400 741 3455 τῶν
802 3402 895 3456 ὑπ’
936 3404 1146 3458 ἐκείνου
1197 3404 1371 3474 λόγων
1427 3405 1552 3478 ἐμοὶ
1606 3407 1912 3479 εἰρημένων

294 3488 704 3558 κποιησόμενος.
735 3492 846 3546 Καὶ
880 3493 980 3564 ήδη
1016 3494 1114 3564 μὲν
1147 3494 1222 3559 ὡς
1262 3497 1470 3560 ἐκεῖνος
1508 3497 1788 3568 ὑφηγεῖτο,
1817 3494 1911 3549 τοῦ

325 3581 670 3653 πατριάρχου
707 3582 931 3656 λουτροῦ
957 3586 1409 3658 καταξιουμένου,
1443 3587 1532 3642 διὰ
1571 3588 1678 3643 τῶν
1709 3591 1768 3642 ἐν
1793 3591 1913 3652 ταῖς

325 3669 520 3742 θύραις
546 3674 807 3745 ἀρμογῶν
832 3677 964 3731 εἴσω
992 3678 1391 3750 παρακύπτων,
1425 3681 1579 3753 φησί,
1622 3681 1914 3735 κατενόουν

321 3760 395 3816 τὰ
427 3762 535 3817 ύπὺ
574 3763 669 3818 τοῦ
707 3766 1006 3822 ἐπισκόπου
1039 3769 1117 3839 τῷ
1156 3772 1799 3845 πατριάρχηγινόμενα,
1833 3773 1915 3837 εἰς

321 3852 451 3906 νοῦν
479 3871 541 3907 τε
567 3854 781 3921 ἐλαδον,
823 3860 916 3913 καὶ
958 3860 1090 3931 παρ’
1115 3861 1339 3933 ἐμαυτῷ
1386 3865 1773 3937 ἐταμιευόμην.
1803 3867 1915 3921 Καὶ

321 3943 552 4014 χρυσίου
581 3945 745 4018 ὁλκήν
785 3966 908 4003 τινα
944 3950 1294 4029 ⁶ἱκανωτάτην
1338 3954 1476 4025 ἔχων
1510 3956 1663 4030 παρὰ
1701 3961 1859 4030 χεῖρα
1886 3959 1914 4012 ὀ

321 4031 490 4098 αὐτὸς
517 4036 888 4122 πατριάρχης,
933 4039 1183 4104 ἐκτείνας
1220 4041 1318 4115 τὴν
1349 4034 1508 4122 χεῖρα
1552 4046 1794 4101 ἐπέδωκε
1834 4047 1914 4118 τῷ

320 4124 631 4197 ἐπισκόπῳ,
664 4117 910 4199 φάσκων,
935 4130 1017 4185 ὅτι
1039 4133 1324 4206 Πρόσφερε
1353 4117 1494 4209 ὑπὲρ
1525 4137 1682 4208 ἐμοῦ.
1707 4117 1915 4211 Γέγραέ

321 4232 462 4271 πται
494 4216 627 4287 γὰρ,
657 4218 745 4272 διὰ
782 4220 890 4275 τῶν
925 4223 1115 4296 ἱερέων
1134 4226 1229 4279 τοῦ
1262 4226 1399 4281 Θεοῦ
1436 4228 1794 4300 δεσμεύεσθαι
1820 4232 1914 4285 καὶ

322 4308 551 4364 λύεσθαι
591 4311 687 4365 ἐπὶ
710 4313 808 4384 τῆς
844 4315 968 4386 γῆς,
999 4317 1094 4370 καὶ
1137 4316 1288 4372 ἔσται
1311 4319 1485 4375 ταῦτα
1525 4322 1791 4394 λελυμένα
1820 4326 1915 4378 καὶ

319 4402 588 4473 δεδεμένα
636 4406 694 4458 ἐν
743 4404 822 4477 τῷ
867 4407 1100 4480 οὐρανῷ.
1139 4410 1227 4475 Ὠς
1270 4409 1363 4467 οὖν
1417 4413 1591 4468 ταῦτα
1641 4406 1911 4487 ἐπράχθη,

323 4495 482 4566 φησι,
512 4497 605 4549 καὶ
629 4497 926 4571 ὴνοίγησαν
952 4501 1007 4554 αἰ
1037 4499 1218 4574 θύραι,
1243 4505 1493 4576 ήρωτᾶτο
1522 4506 1627 4560 ὑπὸ
1654 4507 1761 4560 τῶν
1796 4509 1917 4561 ἐπις
1945 4488 1994 4554 ί)

325 4587 717 4659 σκεπτομένων
746 4591 776 4643 ὁ
821 4593 1187 4665 πατριάρχης,
1219 4595 1338 4660 πῶς
1380 4596 1493 4668 ἔχοι
1529 4598 1618 4654 διὰ
1662 4598 1757 4654 τοῦ
1792 4598 1918 4670 βοη-

324 4675 574 4749 θήματος
600 4697 613 4709 ·
639 4681 747 4734 καὶ
780 4683 1052 4753 ὡμολόγει
1101 4686 1404 4753 καλλίστως
1452 4689 1616 4761 ἐχειν.
1667 4693 1778 4746 Καὶ
1807 4693 1917 4765 γὰρ

294 4766 443 4838 ᾔδει
484 4768 513 4822 ὃ
545 4768 752 4839 ἔλεγεν.
790 4774 1023 4828 Ἔπειτα
1067 4775 1124 4830 δέ
1158 4777 1371 4851 ἡμέρας
1415 4781 1509 4835 δύο
1553 4782 1585 4855 ἢ
1632 4787 1780 4856 τρεῖς
1824 4785 1915 4842 τὸν

322 4861 594 4934 ἀριθμὸν,
643 4863 904 4932 πολλάκις
952 4867 1046 4923 τοῦ
1095 4871 1397 4926 ἐπισκόπου
1446 4874 1913 4947 ἐπισκεπτομένου

324 4953 490 5007 αὐτὸν
516 4957 577 5008 ἐν
611 4956 798 5027 ἰατροῦ
844 4959 1137 5029 προφάσει,
1186 4962 1453 5036 ἐκοιμήθη
1495 4966 1525 5018 ὀ
1570 4968 1915 5040 πατριάρχης

328 5046 471 5117 μετὰ
502 5046 687 5119 καλῆς
711 5049 1045 5117 ἀποθέσεως,
1077 5056 1351 5127 παραδοὺς
1394 5059 1485 5113 τὸν
1520 5059 1650 5114 ἴδιον
1691 5064 1804 5118 υἱὸν
1830 5081 1924 5117 κο-

328 5140 460 5211 μιδῆ
486 5140 616 5195 νέον
660 5141 789 5196 ὄντα
832 5144 1080 5217 Ἰωσήπῳ
1112 5165 1171 5201 τε
1221 5149 1317 5204 καὶ
1357 5150 1503 5222 ἄλλῳ
1546 5155 1654 5209 τινὶ
1683 5156 1922 5211 ἐπιεικε-

327 5234 532 5304 στάτῳ.
567 5233 651 5287 τὰ
679 5235 859 5291 πάντα
886 5237 1068 5293 τοίνυν
1098 5240 1397 5312 ἐπράττετο
1425 5243 1514 5298 διὰ
1545 5246 1654 5301 τῶν
1676 5247 1769 5301 δύο
1795 5249 1920 5303 τού-

326 5340 457 5389 των,
474 5324 565 5378 διὰ
583 5326 646 5379 τὸ
666 5325 746 5381 ἐτι
772 5326 864 5381 τὸν
890 5333 1238 5404 πατριάρχην
1265 5335 1430 5391 παῖδα
1454 5336 1583 5390 ὄντα
1610 5340 1914 5411 νηπιάζειν,

328 5416 423 5469 καὶ
451 5419 509 5469 ἐν
558 5419 747 5489 χερσὶν
794 5420 974 5476 αὐτῶν
1022 5425 1446 5497 άνατρέφεσθαι.
1505 5430 1594 5485 Ἐν
1630 5432 1808 5504 τούτῳ
1837 5434 1917 5506 τῷ

330 5506 506 5579 καιρῷ
536 5509 640 5580 τῆς
666 5510 907 5577 διανοίας
942 5513 1039 5568 τοῦ
1081 5517 1346 5590 Ἰωσήπου
1372 5520 1590 5592 ἐνοχλου
1598 5524 1764 5596 μένης
1788 5525 1918 5578 πο).-

328 5596 484 5663 λάκις
512 5599 602 5655 διὰ
628 5599 739 5655 τῶν
777 5606 1083 5677 γενομένων
1139 5611 1439 5682 μυστικῶν,
1475 5616 1534 5669 ἐν
1574 5618 1641 5688 τῇ
1691 5617 1833 5673 κατά
1856 5617 1916 5671 τὸ

406 5784 421 5815 ³
446 5782 641 5838 Matth.
680 5799 835 5848 xvur.
866 5786 953 5843 l8.

2013 3216 2235 3295 Iosephi
2276 3223 2607 3279 redeamus:
2640 3237 2807 3294 quam
2838 3222 2895 3277 in
2929 3222 3198 3277 lectorum
3241 3220 3473 3291 gratiam
3518 3219 3609 3277 iis-

2014 3319 2159 3382 dem,
2193 3318 2396 3389 quibus
2416 3317 2506 3372 ille
2545 3315 2819 3372 referebat
2841 3313 3048 3380 verbis,
3095 3319 3355 3368 accurata
3388 3311 3492 3368 ﬁde
3521 3327 3607 3367 τοι

2013 3410 2491 3485 praesentabimus.
2553 3408 2689 3464 Cum
2732 3407 2921 3478 itaque
2964 3403 3287 3477 patriarcha
3334 3404 3609 3475 baptismo

2015 3504 2162 3559 hunc
2200 3503 2259 3557 in
2295 3500 2520 3556 modum
2568 3499 2904 3564 initiaretur,
2946 3512 3070 3571 ego,
3107 3496 3415 3567 inquiebat,
3449 3495 3610 3566 13o

2013 3611 2113 3668 per
2133 3595 2318 3666 januae
2354 3592 2779 3648 commissuram
2812 3589 3003 3645 furtim
3032 3595 3441 3660 lntrospectans
3482 3603 3602 3644 om-

2014 3689 2107 3745 nia
2145 3701 2268 3759 quae
2316 3686 2386 3742 ab
2428 3685 2691 3756 episcopo
2739 3683 3065 3755 patriarchae
3107 3682 3305 3739 ﬁerent
3352 3682 3610 3737 observa-

2013 3782 2162 3847 bam,
2193 3794 2258 3834 ac
2288 3777 2582 3849 diligenter
2605 3776 2790 3831 animo
2829 3773 3155 3830 retinebam.
3195 3771 3297 3828 Ubi
3332 3772 3477 3827 inter
3505 3784 3610 3825 caa-

2015 3880 2134 3928 tera
2176 3870 2492 3942 patriarcha
2545 3869 2655 3923 vim
2703 3867 2997 3937 quamdam
3051 3865 3172 3919 auri
3226 3879 3340 3919 non
3402 3862 3609 3918 medio-

2017 3979 2164 4021 crem
2198 3970 2394 4018 tenens
2430 3961 2573 4015 hanc
2616 3958 2880 4029 episcOpo
2917 3958 3202 4028 porrexit:
3228 3966 3305 4020 et,
3352 3955 3458 4009 Pro
3488 3969 3604 4020 me,

2016 4053 2217 4125 inquit,
2257 4050 2473 4107 oﬂerto.
2509 4048 2787 4120 Scriptum
2821 4053 2908 4103 est
2938 4046 3108 4111 enim,
3142 4061 3173 4098 a
3216 4043 3606 4100 sacerdotibus

2016 4144 2114 4202 Dei
2155 4143 2368 4215 alligari
2400 4142 2652 4211 solvique
2691 4139 2748 4194 in
2781 4139 2950 4195 terris
2982 4138 3191 4204 omnia,
3225 4145 3280 4192 et
3314 4135 3506 4192 eadem
3548 4134 3607 4190 in
3656 4200 3665 4207 η

2016 4239 2159 4295 casio
2204 4236 2384 4292 soluta
2435 4233 2556 4290 fore
2601 4232 2687 4287 vel
2730 4229 3015 4302 aiiigata‘.
3064 4228 3198 4284 Post
3243 4226 3360 4284 haec
3401 4227 3609 4299 apertis

2017 4328 2232 4385 foribus
2277 4323 2805 4392 sciscitantibusque
2857 4319 2926 4377 de
2994 4320 3311 4392 patriarcha
3366 4320 3458 4391 qui
3509 4319 3611 4375 ad-

2017 4429 2196 4489 erant,
2220 4415 2683 4491 quemadmodum
2728 4430 2798 4469 ex
2828 4428 2895 4471 eo
2925 4413 3169 4473 remedio
3207 4413 3431 4478 valeret,
3481 4426 3610 4482 per-

2020 4512 2312 4570 commode
2357 4526 2417 4568 se
2465 4509 2670 4564 habere
2701 4505 3022 4576 respondit:
3052 4504 3181 4576 quid
3218 4504 3363 4560 enim
3400 4502 3609 4557 diceret

2023 4602 2286 4673 praeclare
2316 4606 2562 4654 noverat.
2586 4594 2760 4650 Biduo
2782 4595 2985 4651 dehinc
3017 4595 3102 4650 vel
3135 4582 3341 4659 triduo,
3370 4593 3609 4648 adeunte

2024 4695 2226 4764 saepius
2263 4708 2359 4762 per
2387 4689 2583 4745 medici
2622 4687 2862 4757 speciem
2903 4687 3188 4756 episcopo,
3229 4685 3374 4739 felici
3404 4698 3471 4739 ex
3500 4683 3607 4739 hac

2020 4785 2132 4841 vita
2162 4784 2312 4840 exitu
2352 4780 2665 4853 patriarcha
2695 4779 2956 4842 deCessit,
2986 4793 3110 4832 cum
3150 4776 3305 4846 prius
3340 4774 3604 4846 Josepho,

2021 4883 2078 4933 et
2099 4876 2257 4930 alteri
2288 4874 2506 4929 cuidam
2536 4872 2930 4928 honestissimo
2951 4869 3069 4925 viro
3098 4869 3407 4924 tenerrima
3426 4868 3606 4924 adhuc

2020 4967 2200 5025 etatis
2232 4967 2404 5022 [ilium
2432 4964 2825 5020 commisisset.
2873 4962 3146 5029 Quocirca
3180 4961 3363 5015 omnia
3397 4960 3463 5014 ab
3496 4960 3607 5016 illis

2020 5062 2291 5118 ambobus
2327 5058 2877 5121 administrabantur,
2917 5054 3065 5126 quod
3104 5062 3253 5110 esset
3291 5052 3605 5124 patriarcha

2016 5155 2199 5211 adhuc
2227 5162 2390 5215 atate
2429 5169 2566 5224 puer
2591 5168 2656 5207 ac
2686 5148 3081 5223 propemodum
3127 5146 3333 5213 infans,
3376 5153 3431 5201 et
3461 5146 3606 5200 inter

2019 5250 2239 5305 illorum
2271 5262 2468 5303 manus
2496 5246 2845 5301 educaretur.
2876 5240 2983 5296 Per
3023 5238 3165 5294 idem
3203 5246 3422 5310 tempus
3443 5237 3602 5293 Iose-

2019 5344 2115 5415 phi
2150 5342 2395 5397 animum
2446 5336 2744 5395 sollicitum
2777 5334 3013 5390 habebat
3043 5348 3235 5389 eorum
3270 5329 3600 5393 recordatio,

2019 5449 2142 5505 quae
2165 5434 2220 5488 in
2260 5432 2536 5502 baptismo
2567 5428 2682 5484 fieri
2733 5425 2967 5498 mystica
3002 5439 3314 5494 arcanaque
3350 5422 3602 5476 viderat:

2019 5534 2074 5578 et
2108 5522 2371 5593 quidnam
2403 5525 2586 5590 ageret
2610 5517 2769 5572 anxie
2807 5514 3103 5587 cogitabat.
3139 5509 3497 5569 Commodqu
3539 5507 3602 5562 il»

2019 5615 2091 5671 lic
2130 5610 2505 5687 gazophylacii
2536 5609 2673 5667 cella
2701 5608 2949 5679 quaedam
2974 5614 3093 5662 erat
3129 5602 3416 5676 obsignata
3443 5598 3600 5674 (gaza
