4004 6164
415 322 529 382 M5

1806 320 1862 376 S.
1902 316 2247 376 EPIPIIAN‘H

3584 310 3697 369 “0'

421 451 587 509 porro
627 426 885 491 Hebraice
927 426 1233 489 thesaurum
1275 429 1591 505 signiﬁcat).
1621 433 1792 505 Cujus
1835 433 1998 504 sigilli

2102 434 2323 502 Αουτρδν
2375 420 2626 483 ὑποθέσει
2659 427 2956 482 ἐσκέπτετο
2982 427 3037 482 τί
3076 428 3141 483 ἂν
3188 428 3443 500 πράξειε·
3481 429 3575 482 καὶ
3619 424 3691 500 ἣν

420 529 594 599 gratia
625 528 901 598 plerisque
929 526 1081 582 varia
1111 526 1179 583 de
1207 540 1273 583 eo
1299 526 1689 597 gazophylacio
1710 526 1996 596 suspican-

420 618 587 681 tibus,
621 614 897 686 Iosephus
931 616 1071 671 clam
1112 630 1281 670 ausus
1330 615 1544 685 aperire
1573 616 1708 669 nihil
1733 615 1995 686 pecunia-

418 724 540 763 rum
580 706 804 777 reperit,
838 707 934 762 sed
962 707 1134 762 libros
1164 706 1429 761 duntaxat
1450 708 1699 777 pecuniis
1741 706 1997 762 omnibus

418 803 858 874 przzestantiores.
890 800 1040 866 Quos
1063 800 1192 854 dum
1228 799 1453 862 evolvit,
1486 798 1625 854 forte
1648 801 1704 854 in
1740 799 1871 853 illud
1908 798 1997 853 in-

419 892 577 956 cidit,
628 892 698 947 de
737 906 848 960 quo
906 891 1113 946 dictum
1170 901 1275 953 est,
1306 890 1536 946 Joannis
1575 889 1926 961 Evangelium
1965 905 1997 945 e

419 980 612 1037 Graaco
648 982 703 1037 in
732 980 1059 1037 Hebraicum
1091 980 1437 1044 translatum,
1467 996 1575 1034 una
1620 996 1742 1036 cum
1773 989 1998 1050 aposto-

420 1072 601 1127 lorum
652 1073 900 1127 Actibus.
938 1072 1019 1128 Ad
1067 1073 1185 1127 haec
1234 1072 1475 1127 blattbaei
1503 1088 1723 1142 quoque
1767 1072 1997 1129 Hebrai-

418 1177 541 1217 cam
571 1163 945 1233 genealogiam
987 1163 1215 1218 invenit.
1251 1162 1463 1229 Quibus
1488 1164 1764 1234 perlectis,
1801 1178 1997 1220 rursus

417 1251 541 1322 ejus
565 1251 784 1309 animus
811 1253 1047 1307 cruciari
1086 1254 1286 1322 coepit;
1312 1260 1366 1307 et
1386 1251 1755 1307 Christianam
1775 1254 1994 1323 quidem

422 1342 581 1400 ﬁdem
623 1358 914 1413 capessere
964 1344 1254 1398 molestum
1291 1345 1341 1399 ei
1383 1344 1690 1400 videbatur.
1729 1343 1836 1400 Sed
1880 1344 1997 1399 haec

420 1434 531 1490 duo
560 1436 940 1500 nihilominus,
984 1442 1036 1490 et
1068 1435 1334 1490 librorum
1376 1434 1561 1502 lectio,
1591 1444 1647 1490 et
1671 1435 1998 1505 patriarchae

420 1523 658 1579 initiatio
685 1525 1034 1580 vehementer
1065 1523 1341 1579 hominem
1372 1525 1666 1594 angebant.
1700 1523 1804 1589 Qui
1825 1523 1999 1580 obdu-

421 1621 540 1670 rato
573 1621 776 1681 tamen,
809 1621 868 1670 ut
898 1614 1123 1682 assolet,
1158 1614 1346 1669 animo
1369 1615 1693 1684 permansit.

491 1864 607 1930 VII.
648 1875 795 1930 Inter
836 1874 953 1930 haec
992 1872 1347 1932 adolescente
1383 1870 1494 1939 jam
1526 1869 1712 1925 Ellclis
1748 1869 1860 1924 tilio
1891 1883 1995 1940 pu-

422 1968 576 2038 pillo,
603 1967 697 2037 qui
728 1966 793 2021 ad
824 1980 975 2036 spem
1002 1964 1410 2035 patriarchatus
1436 1960 1775 2016 educabatur
1801 1958 2001 2029 (neque

421 2060 569 2114 enim
602 2058 955 2128 magistratus
996 2056 1140 2126 apud
1170 2054 1389 2110 Iudaeos
1427 2053 1574 2108 ullus
1607 2051 1871 2121 prazripit,
1904 2051 1999 2105 sed

422 2151 742 2221 parentibus
792 2150 887 2203 lilii
935 2147 1302 2215 succedunt),
1352 2160 1478 2199 mox
1526 2151 1585 2198 ut
1633 2141 1810 2197 artatis
1842 2141 1996 2211 131

419 2240 609 2298 ﬂorem
659 2256 726 2297 ac
770 2242 1011 2313 vigorem
1059 2239 1270 2310 attigit,
1314 2237 1383 2292 ad
1417 2237 1541 2306 ejus
1574 2234 1998 2290 familiaritatem

419 2335 660 2404 aequales
700 2333 924 2405 quidam
967 2332 1280 2404 perniciose
1322 2331 1596 2401 obrepunt
1629 2328 1792 2385 otiosi
1823 2327 2003 2383 adole-

420 2438 662 2492 scentes,
709 2442 773 2481 ac
818 2426 1067 2481 moribus
1116 2423 1360 2493 corrupti
1391 2419 1607 2493 (ludas,
1650 2421 1869 2490 opinor,
1912 2434 2000 2491 pa-

422 2521 680 2576 triarchae
707 2532 907 2573 nomen
942 2524 1080 2581 erat,
1105 2529 1282 2585 neque
1317 2523 1499 2568 tamen
1526 2519 1677 2567 tanto
1711 2511 2000 2565 intervallo

423 2611 593 2683 probe
634 2606 1031 2679 commemini).
1065 2605 1131 2660 Hi
1181 2605 1330 2660 varia
1365 2603 1517 2658 illum
1558 2600 1627 2655 ad
1679 2600 2000 2670 corruptelae

422 2700 865 2772 ﬂagitiorumque
894 2686 1094 2769 genera
1125 2693 1533 2767 pertrabebant,
1562 2691 1855 2746 mulierum
1883 2702 1999 2746 stu-

421 2806 542 2862 pra,
568 2788 835 2847 nefandas
854 2788 1130 2851 libidines,
1165 2785 1409 2856 magicas
1437 2783 1769 2855 praestigias,
1798 2783 1999 2853 quibus

423 2883 491 2938 ad
534 2881 873 2951 cupiditates
912 2876 1236 2948 explendas
1294 2875 1448 2929 illum
1516 2872 1880 2942 adjuvabant;
1945 2883 1999 2932 et

422 2973 706 3027 amatoriis
764 2970 1038 3026 illecebris
1104 2979 1270 3039 atque
1335 2964 1678 3020 carminibus
1755 2964 1823 3018 ad
1875 2966 1998 3036 ejus

421 3066 769 3136 complexum
830 3073 1112 3118 matronas
1155 3062 1422 3130 ingenuas
1454 3056 1506 3112 vi
1537 3056 1774 3127 quadam
1815 3055 1998 3126 adige-

423 3156 575 3212 bant.
623 3154 692 3208 At
727 3151 1020 3223 Iosephus,
1054 3163 1108 3208 et
1148 3150 1285 3205 alter
1332 3148 1522 3219 pupilli
1565 3155 1790 3203 curator
1830 3163 1998 3204 senex

424 3261 653 3316 puerum
698 3245 855 3315 sequi
893 3243 1073 3298 coacti
1121 3256 1255 3297 sane
1295 3238 1347 3294 id
1380 3238 1707 3310 permoleste
1746 3237 1909 3303 ferre,
1944 3243 2000 3292 et

423 3338 718 3408 objurgare
772 3350 1163 3406 nonnunquam
1221 3320 1454 3396 verbis,
1499 3340 1555 3388 et
1610 3330 1843 3386 hortari.
1906 3328 2000 3386 llle

421 3427 723 3496 equalibus
766 3425 884 3481 suis
924 3425 1094 3479 multo
1128 3425 1323 3495 magis/
1342 3421 1592 3492 obsequi,
1630 3419 1833 3492 ﬂagitia
1876 3436 1996 3491 par-

424 3522 521 3573 tim
557 3515 981 3583 dissimulando,
1005 3515 1203 3585 partim
1242 3512 1540 3568 inﬁciando
1573 3520 1776 3583 tegere.
1804 3509 2000 3582 ,Neque

422 3608 568 3663 enim
591 3614 801 3662 tutores
823 3605 1105 3661 criminari
1135 3619 1199 3660 ac
1221 3603 1445 3674 vulgare
1471 3600 1678 3662 scelera
1702 3600 1879 3670 palam
1901 3616 2000 3655 au-

422 3700 646 3764 debant,
679 3698 776 3755 sed
801 3698 963 3768 quasi
1002 3695 1292 3752 erudiendi
1329 3694 1507 3766 gratia
1542 3701 1850 3763 opportuna
1881 3706 1996 3746 mo-

422 3792 540 3847 nita
568 3789 950 3862 suggerebant.
980 3786 1142 3845 Forte
1172 3785 1386 3841 Gadara
1427 3784 1495 3841 ad
1536 3784 1803 3852 Thermas
1829 3784 1998 3855 protl-

422 3884 731 3940 ciscuntur.
777 3880 1059 3951 Frequens
1087 3880 1199 3935 illic
1219 3877 1826 3947 mercatusquotannis
1856 3875 1997 3932 cele-

421 3976 640 4041 bratur;
666 3973 734 4029 ad
772 3988 932 4043 quem
985 3972 1226 4042 undique
1266 3969 1488 4024 lavandi
1526 3983 1695 4023 causa
1734 3968 1853 4023 dies
1894 3967 1997 4020 ali—

422 4074 554 4136 quot
582 4064 888 4129 conlluunt,
918 4065 1199 4119 variorum
1228 4063 1294 4117 ad
1325 4062 1644 4117 morborum
1672 4059 1995 4121 remedium,

420 4160 586 4229 idque
624 4157 983 4212 callidissimo
1013 4154 1279 4211 daemonis
1318 4154 1556 4208 consilio
1604 4152 1832 4222 geritur.
1862 4148 1999 4205 Nam

422 4262 765 4319 quaecunque
784 4249 903 4302 loca
934 4248 1139 4302 divinis
1180 4257 1309 4301 sunt
1331 4245 1605 4300 celebrata
1626 4240 1910 4311 prodigiis,
1942 4239 1998 4294 in

424 4338 494 4392 iis
525 4352 589 4391 ex
618 4336 849 4390 adverso
884 4336 1149 4391 exitiosas
1180 4351 1309 4390 suas
1350 4335 1535 4403 plagas
1566 4333 1793 4387 tendere
1832 4346 1999 4385 cona-

425 4431 514 4478 tus
550 4429 653 4478 est.
680 4420 858 4492 Atque
890 4422 1003 4476 illic
1024 4421 1127 4476 viri
1159 4436 1283 4476 cum
1330 4420 1656 4475 mulieribus
1685 4420 1997 4490 promiscue

499 4557 608 4626 (17)
648 4554 804 4618 Γάζα
845 4556 913 4609 δὲ
945 4556 1350 4625 ἑρμηνεύεται.
1392 4553 1523 4620 Quae
1573 4554 1735 4622 vulgo
1777 4553 1997 4626 Bersica

422 4623 524 4685 vos
561 4623 782 4690 dicitur,
818 4623 1089 4682 eademet
1119 4627 1187 4679 ab
1220 4625 1464 4681 Hebratis
1483 4633 1766 4695 usurpata.
1794 4623 1993 4678 Ezech.

424 4712 596 4761 xxv",
625 4698 697 4751 24
722 4706 872 4757 cum
915 4704 1045 4751 sunt
1071 4705 1298 4754 manu.

492 4767 603 4849 (18)
629 4766 719 4849 __T6
746 4767 920 4849 ararat
951 4766 1251 4849 Ιματθαῑογ
1280 4765 1590 4849 Ῐίέϐρατθςόν
1628 4765 1841 4849 φυξότς.
1880 4767 1996 4825 Nisi

421 4834 539 4893 vitii
586 4834 796 4906 aliquid
826 4836 904 4907 ei
964 4836 1084 4888 loco
1126 4835 1340 4907 subsit,
1370 4836 1537 4905 φυτόν
1569 4834 1829 4907 appellari
1868 4848 1998 4907 puto

421 4908 627 4963 Christi
688 4905 898 4961 Domini
952 4905 1345 4975 genealogiam,
1389 4921 1510 4975 qua!
1557 4905 1772 4960 arboris
1823 4905 1999 4965 instar

422 4978 758 5033 conformari
795 4976 953 5043 vulgo
988 4975 1146 5029 solet.

494 5047 605 5119 (19)
647 5042 1077 5119 Παραγίιξονται
1128 5043 1287 5119 rei}:
1316 5044 1404 5109 είς
1443 5042 1720 5119 Γάδαρα.
1758 5043 2000 5119 Meminit

422 5112 832 5169 Gadarenarum
868 5112 1205 5169 thermarum
1250 5112 1529 5181 Eunapius
1574 5112 1997 5171 inJambticlio:

422 5184 584 5257 Μετά
622 5185 681 5257 δέ
715 5185 914 5257 χρόνον
960 5185 1083 5257 τινὰ
1119 5182 1278 5257 δόξαν
1309 5183 1612 5257 αὐτοῖςμέπὶ
1645 5183 1714 5236 τὰ
1759 5185 1997 5257 Γάδαρα,

423 5254 601 5328 (ἔερμά
625 5252 826 5328 δέ,έάῖι
855 5253 1057 5328 loves
1084 5254 1184 5328 ῖῆς
1212 5252 1432 5328 Συρίαςς
1458 5252 1566 5328 τῷν
1607 5269 1692 5328 γε,
1720 5255 1879 5328 μετὰ--
1899 5252 1999 5328 ea»

432 5321 747 5393 Ῥωμαϊκὴν
783 5321 1055 5393 ἐν-Βαίαις
1098 5321 1360 5393 δεύτερα’
1395 5322 1625 5393 ἐκείνοις
1649 5321 1829 5393 δέούκ
1854 5321 1998 5380 ἔστιν

421 5390 586 5465 ἕτερα
616 5390 1086 5465 παραϐάλλεσθαιο
1123 5390 1450 5465 πορεύονται.
1473 5392 1530 5444 δέ
1555 5391 1696 5465 κατά
1722 5392 1820 5465 τὴν
1851 5393 1999 5465 ὥραν

422 5459 600 5525 εἰς’τά
629 5459 971 5532 Γάδαρατοῦ
1001 5460 1179 5532 ἔτους,
1202 5459 1315 5515 ὀὶο.
1353 5460 1453 5516 Ubi
1485 5470 1538 5516 et
1568 5460 1746 5532 fontes
1779 5459 1916 5517 duos
1942 5465 1998 5518 in

423 5547 490 5585 eo
514 5533 632 5585 loco
662 5530 831 5586 fuisSe
854 5530 1121 5591 tneminit,
1149 5545 1380 5597 quorum
1426 5530 1580 5582 alteri
1612 5530 1812 5599 Ἔρως,
1844 5533 1996 5588 alteri

438 5600 704 5670 Ἀντέρως
735 5615 932 5670 nomen
963 5599 1083 5662 fuit,
1117 5613 1182 5651 ex
1217 5599 1416 5670 quibus
1451 5600 1708 5670 puerulos
1733 5600 1873 5654 duos
1906 5618 2002 5657 cu-

421 5667 664 5739 iusmodi
721 5669 971 5739 videlicet
1025 5682 1241 5739 amores
1299 5667 1615 5737 tinguntur.
1676 5667 2001 5727 l"Milichus

428 5726 621 5807 iuagus
670 5738 888 5794 excivit.
926 5737 995 5791 Ut
1041 5726 1314 5805 intelligas
1362 5726 1583 5805 qitaiit~
1852 5742 1999 5796 ἰιι-υς

2099 524 2279 577 ἐκεῖσε
2311 519 2710 591 γαζοφυλακίου
2741 538 2827 584 τις
2849 516 2996 585 οἶκος
3026 520 3484 593 ἐσφραγισμένος.
3519 521 3691 591 (Γάζα

2099 613 2159 666 δέ
2197 611 2559 684 ἑρμηνεύεται
2588 610 2700 681 (17)
2735 609 2878 664 κατά
2912 610 3010 682 τὴν
3055 609 3311 683 Ἐϐραῖδα
3334 609 3689 682 θησαιφός.)

2101 700 2319 754 Πολλῶν
2359 700 2416 753 δὲ
2456 699 2625 753 πολλά
2659 698 3051 769 διανοουμένων
3081 700 3210 769 περ).
3244 697 3338 752 τοῦ
3374 698 3690 768 γαζοφυλακ-

2101 791 2219 845 κίου
2247 789 2434 844 τούτου
2456 789 2544 843 διὰ
2569 789 2668 860 τὴν
2701 789 3001 859 σφραγῖδα,
3023 789 3051 840 6
3095 787 3358 860 Ἰώσηπος
3383 788 3693 858 λεληθότως

2100 880 2378 951 τολμήσας
2423 878 2637 950 ἧνοιξεο
2665 879 2762 933 καὶ
2798 870 2957 950 εὗρεν
2994 879 3148 932 οὐδὲν
3192 880 3509 950 χρημάτων,
3549 878 3691 950 πλὴν

2103 970 2319 1043 βίϐλους
2345 970 2443 1034 τὰς
2471 969 2613 1042 ύπέρ
2634 972 2737 1042 χρή
2748 980 2909 1041 ματα.
2952 968 3363 1038 Ἀναγινώσκων
3390 969 3448 1022 δέ
3475 970 3533 1022 ἐν
3560 969 3691 1022 ταύ-

2100 1077 2241 1125 ταις,
2266 1061 2340 1123 ὠς
2369 1059 2470 1131 ἤδη
2492 1059 2649 1130 ἔφην,
2678 1060 2739 1113 τὸ
2760 1058 2902 1113 κατὰ
2946 1059 3201 1129 Ἰωάννην
3214 1058 3545 1127 Εὑαγγὲλιον
3579 1058 3691 1111 ἀπὸ

2112 1149 2358 1213 Ἑλλάδος
2408 1150 2490 1213 είς
2523 1148 2779 1219 Ἐϐραῖδα
2827 1149 3012 1220 φωνὴν
3071 1149 3416 1222 μεταληφθέν
3458 1148 3684 1221 ηὕρετο,

2056 1232 2060 1235 ’
2102 1240 2196 1294 καὶ
2227 1240 2324 1304 τὰς
2356 1239 2465 1293 τῶν
2513 1240 2823 1294 ἀποστόλων
2855 1238 3111 1309 Πράξεις.
3151 1239 3225 1292 Οὺ
3278 1239 3384 1310 μὴν
3413 1238 3551 1293 ἀλλὰ
3590 1234 3686 1292 καὶ

2101 1329 2159 1383 τὸ
2193 1329 2337 1384 κατά
2381 1329 2661 1384 Ματθαῖον
2700 1329 2986 1400 Ἐϐραῖκὸν
3026 1327 3336 1399 (18)ιφυτὸν
3376 1331 3440 1381 ἐκ
3477 1327 3685 1381 τούτων

2101 1420 2388 1489 ἀναγνοὺς,
2419 1419 2579 1474 πάλιν
2597 1418 2695 1492 τὴν
2717 1419 2950 1473 διάνοιαν
2973 1418 3249 1490 ἐτρύχετο,
3275 1417 3556 1488 ἀσχάλλων
3585 1416 3684 1487 μέν

2102 1530 2218 1577 πως
2247 1515 2375 1584 περὶ
2404 1513 2504 1584 τῆς
2544 1512 2781 1576 πίστεως
2813 1511 2908 1565 τοῦ
2944 1509 3211 1583 Χριστοῦο
3246 1510 3348 1581 ήδη
3395 1509 3454 1563 δέ
3497 1511 3563 1562 ἐκ
3593 1508 3695 1561 δύο

2102 1603 2413 1659 ὑποθέσεων
2443 1604 2894 1673 ὑπονυττόμενος,
2918 1602 3016 1672 τῆς
3048 1599 3157 1654 τῶν
3197 1598 3417 1670 βιϐλίων
3436 1597 3687 1667 ἀναγνώ-

2106 1711 2242 1759 σεως
2273 1696 2367 1750 καὶ
2414 1695 2513 1767 τῆς
2543 1692 2639 1748 τοῦ
2690 1694 3029 1765 πατριάρχου
3083 1689 3490 1764 μυσταγωγίας,
3536 1689 3688 1761 ὅμως

2024 1796 2070 1851 Β
2097 1786 2163 1858 τῇ
2194 1787 2389 1858 καρδίᾳ
2420 1785 2783 1857 ἐσκληρύνετο
2817 1777 2905 1838 οἷα
2929 1783 3161 1854 γίνεται.

2171 1880 2246 1931 Z'.
2292 1879 2380 1941 Ὦς
2411 1877 2469 1931 δὲ
2515 1879 2572 1931 ἐν
2629 1875 2840 1941 τούτοις
2892 1874 3266 1947 κατετρίὸετο,
3319 1872 3606 1946 ἀδρύνεται
3656 1873 3690 1926 6

2103 1972 2231 2033 παῖς
2254 1970 2283 2022 6
2309 1969 2690 2039 καταλειφθεὶς
2718 1969 2822 2021 ὑπὸ
2859 1967 3048 2038 Ἐλλὴλ
3071 1968 3149 2031 είς
3178 1965 3540 2037 πατριαρχίαν
3560 1981 3688 2036 τρε-

2100 2061 2365 2131 (ρόμενοςο
2393 2060 2568 2125 οὐδεὶς
2599 2061 2708 2131 γὰρ
2741 2058 2899 2122 ἄλλος
2934 2059 3170 2131 ἁρπάζει
3202 2057 3302 2121 τὰς
3333 2055 3509 2127 ἀρχάς
3532 2053 3688 2126 παρὰ

2098 2153 2213 2214 τοῖς
2250 2151 2545 2218 Ἰουδαίοις,
2571 2151 2707 2204 ἀλλὰ
2734 2150 2850 2213 υίὸς
2874 2148 3086 2221 πατέρα
3108 2148 3429 2219 διαδέχεται.
3468 2148 3557 2209 Ὠς
3590 2141 3686 2200 οὗν

2099 2241 2191 2293 ἐπὶ
2221 2239 2283 2294 τὸ
2330 2241 2563 2312 ἀκμαῖον
2595 2240 2695 2311 τῆς
2727 2240 2941 2312 ἡλικίας
3001 2241 3030 2293 6
3082 2239 3201 2302 νέος
3247 2239 3465 2310 ἤρχετο,
3516 2253 3685 2307 προσ-

2098 2332 2409 2406 εφθείροντο
2434 2331 2583 2403 αὐτῷ
2616 2348 2759 2395 τινες
2788 2332 2976 2401 ἥλικες
3004 2331 3183 2402 ,ἀργοὶ
3208 2330 3304 2382 καὶ
3345 2328 3533 2393 ἐθάδες
3586 2346 3683 2382 κα-

2098 2424 2211 2478 κῶν
2276 2425 2435 2495 (τάχα
2481 2424 2561 2490 δέ,
2608 2419 2781 2495 οἶμαι,
2825 2422 3024 2485 Ἰούδας
3079 2412 3234 2484 οὗτος
3286 2419 3562 2474 ἐκαλεῖτο’
3621 2419 3687 2472 οὔ

2100 2515 2241 2570 πάνυ
2275 2515 2332 2569 δέ
2361 2514 2548 2585 σαφῶς
2576 2514 2875 2586 ἐπίσταμαι
2921 2512 3011 2566 διὰ
3040 2512 3130 2565 τὸν
3164 2511 3392 2582 χρόνον).
3441 2509 3683 2580 Μετὲφε-

2100 2623 2193 2678 ρον
2236 2604 2330 2660 οὖν
2362 2607 2530 2667 αὐτὸν
2560 2607 2608 2661 οί
2641 2605 3026 2677 συνηλικιῶται
3067 2604 3323 2676 νεώτεροι
3355 2605 3435 2668 εἰς
3482 2603 3684 2667 πολλάς

2100 2698 2285 2754 κακῶν
2343 2698 2736 2770 ἐπιτηδεύσεις,
2774 2698 2977 2769 φθοράς
3017 2715 3077 2751 τε
3118 2697 3415 2766 γυναικῶν,
3461 2695 3556 2749 καὶ
3590 2695 3681 2748 λα-

2058 2814 2061 2817 ·
2099 2791 2285 2861 γνείας
2313 2790 2584 2855 ἀνοσίους,
2627 2789 2985 2862 μαγγανείαις
3020 2790 3130 2843 τισὶ
3177 2790 3438 2858 μαγικαῖς
3475 2789 3682 2857 ἐπιχει-

2102 2883 2326 2956 ροῦντες
2356 2882 2504 2954 αὐτῷ
2533 2886 2814 2956 συνεργεῖν
2852 2884 2932 2945 είς
2966 2880 3036 2934 τὰ
3068 2881 3165 2952 τῆς
3197 2879 3506 2945 ἀκολασίας,
3538 2878 3678 2948 ἀγὼ·

2098 2974 2241 3047 γιμά
2276 2992 2396 3028 τινα
2424 2973 2815 3038 ἐπιτελοῦντες,
2847 2972 2939 3025 καί
2959 2970 3047 3024 διὰ
3077 2969 3341 3025 ἐπαοιδῶν
3373 2970 3683 3040 βιαζόμενοι

2100 3070 2362 3136 γυναῖκας
2418 3066 2710 3138 ἐλευθέρας
2768 3066 2904 3136 πρὸς
2959 3065 3057 3135 τὴν
3114 3062 3305 3117 τούτου
3362 3060 3567 3132 φθορὰν
3623 3060 3683 3128 ἐξ

2101 3160 2347 3231 ἀνάγκης
2394 3159 2640 3227 ἄγεσθαι.
2681 3158 2740 3210 '0
2788 3157 2845 3209 δὲ
2881 3154 3144 3225 Ἰώσηπος
3185 3155 3278 3207 καὶ
3322 3154 3351 3206 6
3384 3153 3482 3206 σὺν
3533 3151 3683 3222 αὐτῷ

2100 3251 2431 3323 πρεσϐύτης,
2474 3251 2717 3319 ἀνάγκην
2762 3247 2977 3318 ἔχοντες
3020 3245 3096 3317 τῷ
3128 3245 3278 3300 παιδὶ
3324 3243 3684 3309 συνέπεσθαι,

2101 3342 2308 3414 βαρέως
2333 3342 2432 3413 μὲν
2459 3341 2673 3412 ἔφερον,
2693 3339 2952 3402 πολλάκις
2976 3338 3034 3392 δὲ
3054 3338 3149 3391 καὶ
3172 3336 3493 3407 ἐγκλήματα
3512 3352 3681 3407 προσο

2100 3433 2293 3506 ἐφερον
2333 3433 2422 3487 διὰ
2464 3432 2659 3502 λόγων,
2692 3433 2787 3486 καὶ
2816 3430 3113 3502 παρῄνουν.
3166 3427 3222 3481 '0
3247 3428 3303 3482 δὲ
3344 3426 3543 3498 μᾶλλον
3567 3428 3681 3492 τοῖς

2098 3525 2238 3589 νέοις
2261 3523 2531 3588 ἐπείθετο,
2559 3523 2817 3595 κρύπτων
2849 3521 2920 3575 τά
2948 3518 3168 3592 αἰσχρά,
3204 3519 3299 3573 καὶ
3324 3518 3679 3591 ἀρνούμενος.

2099 3613 2237 3668 Οὔτε
2268 3614 2377 3685 γὰρ
2397 3612 2638 3684 ἐτόλμων
2662 3614 2710 3666 οί
2738 3610 2866 3684 περὶ
2903 3608 3165 3681 Ἰώσηπον
3199 3607 3434 3673 ἐξειπεῖν
3464 3608 3533 3661 τὰ
3558 3606 3681 3661 κατ’

2098 3704 2309 3759 ἐκείνου
2349 3701 2567 3775 φανερῷ
2599 3700 2677 3772 τῷ
2715 3700 2879 3772 λόγῳ,
2910 3698 3051 3753 ἀλλά
3074 3697 3143 3752 δι’
3171 3698 3482 3769 ἐπιστήμην
3533 3712 3679 3766 παρ-

2098 3796 2283 3867 ῄνουν.
2319 3793 2719 3866 Παραγίνονται
2762 3791 2894 3860 γοῦν
2944 3791 3025 3854 εἰς
3057 3790 3277 3861 Γάδαρα
3315 3786 3450 3857 (19),
3485 3788 3567 3850 είς
3610 3786 3681 3840 τά

2100 3884 2277 3956 θερμὰ
2321 3883 2510 3937 ὕδατα.
2544 3883 2857 3953 Πανὴγυρις
2901 3879 2959 3933 δέ
3004 3880 3121 3932 ἐκεῖ
3152 3879 3271 3931 κατ’
3304 3877 3422 3941 ἔτος
3462 3877 3679 3946 ἄγεται.

2111 3968 2466 4048 Ἀπέρχονται
2506 3973 2616 4045 γὰρ
2665 3970 2999 4042 πανταχόθεν
3036 3971 3085 4024 oi
3124 3969 3434 4041 βουλόμενοι
3480 3959 3678 4021 λούσα-

2101 4064 2224 4118 σθαι
2251 4066 2464 4139 ἡμέρας
2486 4065 2661 4130 τινὰς,
2703 4063 3025 4134 νοσημάτων
3053 4060 3213 4132 δῆθεν
3262 4058 3531 4129 ἀποϐολῆς
3563 4058 3680 4112 ἐνε-

2100 4174 2215 4221 κεν,
2237 4157 2372 4228 ὅπερ
2400 4157 2515 4210 ἐστί
2535 4153 2837 4209 διαϐολικὺν
2873 4152 3256 4224 στρατήγημα.
3291 4150 3457 4203 Ἔνθα
3477 4147 3587 4220 γὰρ
3610 4147 3687 4204 τάν

2102 4249 2252 4317 παρά
2276 4247 2371 4300 τοῦ
2414 4247 2549 4301 Θεοῦ
2577 4247 2688 4317 (20)
2723 4245 2979 4316 θαύματα
3015 4243 3324 4315 γεγένηται,
3373 4242 3691 4312 προύλαὸεν

2099 4341 2127 4392 ὁ
2147 4340 2213 4393 δι’
2248 4338 2498 4401 ἐναντίας
2530 4336 2699 4391 θεῖναι
2728 4334 2894 4390 αὐτοῦ
2925 4334 2993 4389 τὰ
3015 4334 3270 4407 ὀλετήρια
3300 4333 3510 4387 δίκτυα.
3555 4334 3679 4387 Ἀν-

2028 4454 2074 4509 D
2100 4429 2334 4499 δρόγυνα
2366 4427 2475 4500 γὰρ
2520 4428 2698 4482 ἐκεῖσε
2730 4426 2844 4501 (21)
2875 4425 3142 4481 λούονται.
3175 4425 3334 4479 Κατά
3373 4425 3678 4497 συγκυρίαν

2098 4564 2380 4645 amatoriis
2427 4564 2700 4620 illecebris
2731 4578 2796 4620 ac
2831 4562 3154 4619 libidinibus
3179 4568 3526 4632 Opportunus
3555 4560 3679 4617 fue-

2100 4645 2191 4688 l‘ll.
3362 4662 3367 4667 .

2171 4700 2283 4774 (20)
2325 4703 2507 4774 Ἔνθα
2549 4703 2659 4774 γὰρ
2687 4702 2759 4757 τὰ
2793 4701 2951 4771 παρὰ
2979 4700 3085 4756 τοῦ
3123 4701 3289 4774 Θεοῦ.
3332 4698 3534 4774 Eodem
3566 4698 3681 4753 dae-

2097 4767 2277 4827 monis
2331 4767 2579 4826 artiﬁcio"
2614 4767 2815 4827 factum
2862 4767 2968 4838 est,
3000 4773 3147 4840 quod
3199 4777 3386 4824 narrat
3442 4767 3676 4840 Hieron.

2097 4856 2184 4908 cp.
2207 4842 2274 4897 15
2309 4859 2323 4895 :
2362 4842 2440 4895 Ab
2474 4843 2707 4896 Adriani
2738 4839 3051 4909 temporibus
3095 4856 3255 4907 usque
3285 4841 3353 4909 ad
3395 4839 3683 4909 imperium

2099 4906 2451 4975 Constantini,
2480 4929 2570 4980 per
2601 4929 2765 4966 annos
2789 4906 2997 4967 circiter
3023 4906 3221 4980 ουχὶ,
3251 4911 3303 4963 in
3334 4908 3445 4962 loco
3471 4906 3679 4961 Resur-

2098 4982 2344 5035 rectionis
2373 4979 2716 5035 simulacrum
2741 4981 2908 5045 lovis,
2940 4983 2993 5034 in
3033 4979 3217 5034 Crucis
3248 4995 3374 5045 rupe
3402 4986 3583 5031 statua
3609 4992 3676 5029 ea:

2098 5067 2362 5122 marmore
2400 5050 2615 5105 Veneris
2642 5068 2672 5105 a
2696 5050 2932 5122 gentibus
2964 5052 3137 5122 posita
3164 5050 3460 5122 colebatur;
3487 5046 3676 5099 existi-

2098 5120 2367 5175 mantibus
2398 5117 2773 5188 persecutioitis
2801 5120 3281 5188 auctoribus,quod
3311 5117 3547 5172 tollerent
3577 5132 3677 5169 na-

2100 5188 2178 5244 bis
2204 5190 2359 5253 ﬁdem
2396 5188 2805 5245 Resurrectionis
2839 5201 2886 5244 et
2915 5189 3123 5252 Crucis,
3154 5190 3201 5242 ai
3230 5190 3344 5241 loca
3376 5194 3563 5240 sancta
3582 5201 3676 5253 per

2099 5255 2243 5328 idola
2274 5260 2605 5328 pottuissent.
2642 5259 2776 5314 Nam
2828 5268 2882 5315 et
2932 5259 3252 5313 Gadarenus
3306 5272 3433 5325 ager
3464 5255 3675 5328 Christi

2101 5323 2314 5382 Domini
2353 5331 2637 5398 praesentia
2667 5344 2729 5384 ac
2763 5330 3041 5383 miraculis
3067 5323 3373 5398 celebratus
3393 5333 3488 5398 _es_t
3516 5323 3671 5398 (Luc.

2100 5400 2316 5470 vm._57
2339 5394 2379 5469 )“,
2427 5416 2547 5469 qua:
2590 5409 2717 5470 sunt
2760 5398 2950 5470 illatrat
2979 5397 3130 5470 παρὰ
3163 5397 3255 5450 τοῦ
3285 5394 3672 5470 Beat-{9:16pm.-

2100 5484 2187 5540 τα.
2220 5465 2539 5540 Quanquam
2568 5479 2622 5540 et
2657 5469 2723 5523 ad
2754 5469 3017 5540 medicam
3059 5465 3321 5540 aquarum
3381 5465 3488 5518 vim
3526 5477 3673 5517 mor-

2101 5537 2410 5608 borumque
2436 5539 2674 5594 remedia
2704 5537 3094 5608 possitire[erri

2172 5609 2283 5677 (Ἡ)
2317 5602 2834 5677 ’Ἀνδρόγυνα’γὰρ
2870 5604 3084 5677 ἐκεῖσε.
3127 5605 3259 5658 Mira
3309 5602 3460 5677 vocis
3510 5616 3676 5677 usur-

2101 5671 2274 5799 patio,
2331 5694 2437 5747 qua
2457 5671 2474 5677 ’
2494 5671 2836 5746 promiscuas
2884 5676 3171 5744 utriusque
3225 5687 3390 5726 sexus
3447 5671 3670 5726 balneas

2129 5752 2273 5799 uisse
2294 5746 2583 5799 signiﬁcat.
2619 5746 2707 5799 Est
2730 5747 2874 5799 enim
2899 5744 3222 5799 ἀνδρόγυνον
3236 5741 3503 5799 λούεσθαι.
3529 5741 3670 5795 idem

2129 5752 2273 5802 uisse
2294 5741 2583 5819 significat.
2619 5746 2707 5802 Est
2730 5747 2874 5800 enim
2899 5741 3222 5816 ἀνδρόγυνον
3236 5741 3503 5806 λούεσθαι,
3529 5741 3674 5795 idem
