4004 6148
422 216 531 274 419

1821 206 1880 262 S.
1923 205 2263 260 ΕΡΙΡΙΙᾹΝΙΙ

3569 206 3674 262 820

424 333 630 386 factum
672 336 779 394 est,
821 334 884 380 ut
911 324 1028 379 haec.
1069 323 1186 380 seni
1237 323 1415 387 alteri,
1453 322 1549 393 qui
1587 337 1711 376 cum
1741 321 1992 392 Joscpho

2104 321 2193 390 τῆς
2224 320 2631 390 προειρημένης
2657 316 2933 387 γυναικός.
2980 318 3074 370 Ἐκ
3102 317 3240 372 Θεοῦ
3281 319 3338 372 δέ
3370 317 3675 390 βουλήσεως

421 435 563 485 erat,
594 422 651 476 in
702 423 941 474 animum
985 415 1250 470 venerint.
1297 415 1400 480 Qui
1438 431 1498 468 re
1548 414 1766 484 cognita
1809 413 1994 467 omnia

423 529 546 567 olim
584 511 819 580 Josepho
874 507 1263 561 communicat.
1322 507 1401 559 Ac
1441 507 1675 574 primum
1711 504 1996 558 calamita-

421 613 530 658 tem
575 615 728 656 suam
773 599 1067 668 deplorans
1099 596 1182 651 :0
1230 611 1352 661 nos,
1393 597 1580 659 l'rater,
1615 595 1867 656 miseros,
1913 595 1998 648 in-

420 694 563 762 quit,
618 706 683 744 ac
721 705 849 744 vasa
902 689 1141 758 perdita!
1194 688 1415 742 cuinam
1457 687 1690 756 appositi
1739 685 1995 741 custodes

426 784 654 836 sumus?
685 779 825 845 Quid
870 780 946 833 rei
993 785 1140 834 esset
1184 778 1502 832 sciscitatus
1531 775 1822 845 Josephus,
1857 774 1997 830 nihil

423 886 551 929 ante
581 874 771 928 verbis
803 873 872 928 ab
918 885 984 925 eo
1022 869 1233 932 didicit,
1264 884 1431 937 quam
1468 882 1632 920 manu
1661 867 1995 948 prehensum

423 983 588 1022 senex
628 966 682 1018 in
720 980 845 1019 eum
887 963 1070 1016 locum
1101 961 1306 1024 eduxit,
1355 961 1445 1012 ubi
1487 973 1611 1012 cum
1649 959 1999 1012 adolescente

422 1060 633 1114 nefaria
668 1059 758 1111 illa
787 1071 986 1110 manus
1013 1056 1158 1108 inter
1197 1061 1539 1107 mortuorum
1566 1051 1750 1113 busta,
1790 1049 1999 1102 maleﬁ-

421 1153 490 1206 cii
525 1166 718 1214 causa,
751 1153 1104 1203 convenerat.
1143 1143 1283 1214 Ergo
1312 1144 1389 1196 illi
1420 1142 1553 1196 foris
1583 1142 1648 1195 ad
1687 1142 1995 1210 ingressum

420 1253 634 1298 stantes
668 1240 873 1303 oniuia,
908 1253 1030 1308 quae
1079 1237 1149 1290 ab
1188 1237 1255 1290 iis
1286 1235 1495 1299 ﬁerent,
1545 1233 1868 1295 exaudiunt,
1903 1231 1999 1285 iis-

421 1334 656 1402 demque
689 1330 1023 1385 abeunti‘bus
1047 1343 1107 1382 se
1136 1326 1469 1381 subducunt.
1506 1324 1693 1394 Neque
1721 1325 1867 1378 enim
1901 1323 1998 1377 ad-

421 1423 642 1477 modum
679 1420 1212 1490 advcsperascehat:
1248 1417 1345 1472 sed
1387 1423 1577 1486 utpote
1611 1415 1713 1470 sub
1739 1429 1996 1469 occasum

419 1515 552 1569 solis
591 1513 756 1567 dubia
791 1512 912 1566 luce
954 1509 1191 1565 discerni
1224 1509 1405 1563 adhuc
1430 1508 1608 1562 oculis
1648 1507 1856 1577 aliquid
1900 1521 2000 1576 po-

420 1612 580 1658 terat.
605 1603 728 1657 !dox
752 1603 1036 1658 sceleratis
1059 1602 1167 1656 illis
1206 1616 1237 1654 a
1272 1602 1528 1670 sepulcro
1554 1600 1843 1669 digressis,
1871 1614 1996 1653 cum

2097 416 2176 476 εἰς
2209 411 2334 465 νοῦν
2363 411 2536 464 ταῦτα
2567 406 2700 480 ἦλθε
2729 411 2824 462 τοῦ
2851 408 3014 463 ἄλλου
3038 410 3431 483 πρεσϐυτέρου,
3460 411 3554 464 τοῦ
3580 413 3677 466 σὺν

2110 502 2356 571 Ἰωσήπῳ
2395 501 2776 571 τυγχάνοντος.
2816 501 2875 553 '0
2921 501 3000 562 δὲ,
3035 499 3355 570 αἰσθόμενος
3395 501 3505 554 τῶν
3529 518 3676 570 γινο-

2100 595 2296 665 μένων,
2336 593 2417 664 τῷ
2458 595 2706 663 Ἰωσήπῳ
2734 591 3131 646 ἀνακοινοῦται.
3173 593 3284 646 Καὶ
3327 592 3542 662 πρῶτον
3578 594 3678 663 μὲν

2095 686 2386 750 ταλανίσας
2405 687 2616 748 ἐαυτὸν,
2632 685 2757 755 ἐφη·
2775 685 3034 747 Τάλανες,
3054 684 3238 753 φησὶν,
3251 685 3436 753 ἡμεῖς,
3457 684 3678 751 ἀδελφὴ

2097 780 2191 832 καὶ
2211 778 2488 840 ἀπωλείας
2509 777 2701 846 σκεύη,
2726 777 2830 829 τίνι
2854 775 3288 846 προσεδρεύομεν
3310 791 3325 839 ;
3354 777 3383 827 ὀ
3402 776 3462 829 δὲ
3499 775 3677 847 Ἰώση-

2100 885 2218 931 mg,
2249 867 2348 937 τὴν
2381 867 2560 920 αἰτίαν
2588 868 2892 938 ἐρωτήσας,
2924 867 2986 920 ού
3022 867 3285 939 πρότερον
3317 868 3517 938 ήκουσε
3546 869 3678 937 παρ’

2097 958 2262 1012 αὑτοῦ
2293 958 2381 1010 διὰ
2412 958 2607 1026 λόγων,
2633 958 2782 1029 πρὶν,
2821 956 2988 1012 αὐτοῦ
3007 959 3301 1029 λαϐόμενος
3328 959 3430 1029 τῆς
3448 960 3680 1030 χειρὺςδ

2099 1049 2430 1120 πρεσϐύτης,
2457 1050 2714 1120 ἀπήγαγε
2734 1050 2828 1102 τὸν
2868 1048 3149 1121 Ἰώσηπον,
3173 1050 3300 1104 ἔνθα
3317 1051 3378 1103 τὸ
3404 1050 3681 1121 ἄθροισμα

2096 1143 2145 1194 oi
2163 1141 2474 1211 φθοριμαῖοι
2494 1142 2632 1211 μετὰ
2655 1140 2749 1204 τοῦ
2773 1143 3040 1213 νεωτέρου
3061 1145 3118 1197 ἐν
3141 1145 3252 1207 τοῖς
3271 1145 3517 1214 μνήμασι
3538 1162 3681 1213 μαγ-

2097 1233 2324 1301 γανείας
2375 1232 2538 1285 ἕνεκα
2570 1232 2869 1286 ἐποιοῦντο.
2914 1232 3025 1285 Καὶ
3069 1232 3178 1295 ἔξω
3231 1233 3329 1302 μὲν
3365 1233 3464 1303 τῆς
3509 1232 3682 1303 θύρας

2101 1323 2345 1385 στάντες,
2375 1322 2447 1375 τὰ
2476 1325 2608 1394 παρ’
2642 1323 2869 1376 ἐκείνων
2894 1323 3154 1393 γινόμενα
3195 1322 3643 1393 κατηκροάσαντο
3661 1337 3679 1354 ·

2098 1414 2323 1467 ἐκείνων
2344 1413 2401 1466 δέ
2429 1414 2701 1478 ἐξιόντων,
2748 1413 3129 1483 ὑπεχώρησαν.
3160 1412 3326 1466 Οὔπω
3356 1415 3468 1484 γὰρ
3509 1413 3680 1483 πολλὴ

2099 1507 2310 1577 ἑσπέρα
2337 1501 2428 1574 ἦν,
2455 1505 2590 1558 ἀλλὰ
2619 1505 2694 1568 ὡς
2726 1506 2862 1576 πρὸς
2889 1506 3060 1576 αὐτὴν
3088 1507 3185 1577 τὴν
3214 1507 3364 1576 ἡλίου
3391 1506 3567 1568 δύσιν,
3597 1506 3681 1559 ἐτι

2099 1598 2398 1668 δυναμένου
2451 1597 2727 1668 ὀφθαλμοῦ
2762 1597 3022 1667 ἀμαυρῶς
3069 1598 3217 1650 ἰδεῖν.
3246 1597 3402 1651 Μετὰ
3449 1593 3542 1650 οὖν
3578 1598 3681 1668 τὴν

419 1695 630 1759 Collega
670 1692 944 1762 Josephus'
979 1692 1301 1763 ingreditur.
1345 1681 1420 1746 lbi
1473 1691 1864 1745 maleﬁciorum
1909 1690 1997 1744 in-

2104 1688 2208 1742 τῶν
2255 1687 2633 1742 ἀσεϐεστάτων
2668 1687 2844 1753 ἔξοδον
2884 1689 2992 1740 ἀπὸ
3022 1688 3118 1741 τοῦ
3159 1689 3424 1758 μνημείου
3457 1690 3506 1741 οὶ
3550 1691 3681 1760 περὶ

417 1791 720 1838 strumenta
772 1783 1054 1852 reperiunt
1107 1782 1165 1836 in
1210 1781 1436 1834 humum
1481 1781 1887 1850 abjecta,qua,
1937 1786 1998 1832 ut

419 1875 623 1940 aiebat,
656 1875 899 1927 humano
922 1879 1051 1942 potu
1077 1887 1140 1926 ac
1168 1872 1437 1941 sanguine
1471 1885 1716 1940 aspersa,
1747 1871 1998 1924 'immisto

420 1966 643 2035 pulvere
687 1964 1035 2018 discedentes
1079 1963 1441 2032 reliquerant.
1487 1961 1630 2015 Tum
1678 1976 1808 2016 vero
1847 1976 1998 2016 com-

421 2064 586 2124 pertae
611 2057 826 2109 illorum
857 2053 1092 2120 insidiae,
1133 2053 1524 2122 cognitumque
1548 2051 1706 2121 cujus
1741 2051 1856 2106 hac
1879 2067 1998 2105 mu-

420 2146 568 2199 lieris
597 2160 764 2198 causa
804 2143 1169 2208 molirentur;
1206 2142 1391 2211 itaque
1420 2149 1683 2210 quantum
1714 2149 1862 2194 artes
1894 2140 1999 2192 illa:

417 2246 639 2306 possent
658 2232 1068 2304 exspectabant.
1091 2233 1225 2286 Cum
1249 2231 1383 2284 nihil
1409 2229 1632 2284 veneﬁci
1661 2230 1748 2284 isti
1777 2243 1996 2298 promo-

419 2327 652 2392 vissent,
683 2339 747 2378 ac
769 2341 827 2380 se
864 2324 1061 2376 mulier
1083 2331 1137 2376 et
1164 2321 1371 2375 Christi
1403 2320 1581 2390 signo,
1614 2329 1669 2373 et
1703 2321 1824 2375 ﬁdei
1855 2335 1996 2390 pra:-

418 2417 561 2473 sidio
587 2405 924 2476 defenderet,
955 2415 1234 2483 cognitum
1280 2423 1389 2476 est,
1436 2413 1846 2467 adolescentem
1885 2421 1997 2466 tres

421 2510 663 2578 integras
696 2514 890 2561 noctes
923 2506 1070 2558 illius
1115 2503 1419 2558 allicienda:
1449 2502 1626 2571 gratia
1658 2501 1996 2568 substitisse,

419 2620 484 2658 ac
531 2605 748 2658 demum
793 2617 890 2670 spe
945 2616 1045 2654 sua
1087 2598 1411 2652 frustratum
1459 2595 1999 2665 cumimpostoribus

418 2695 600 2765 jurgio
646 2693 1016 2749 contendisse.
1063 2691 1308 2744 Tertium
1358 2688 1462 2741 hoc
1517 2685 1787 2757 Josephus
1825 2685 1997 2739 docu-

419 2795 661 2841 mentum
717 2785 1042 2840 Christianze
1098 2781 1382 2852 religionis
1420 2780 1632 2842 habuit,
1695 2794 1803 2848 quo
1861 2777 2000 2832 nihil

419 2879 687 2932 adversus
717 2864 926 2932 Christi
974 2890 1172 2930 nomen
1228 2874 1524 2941 crucisque
1567 2872 1782 2940 signum
1818 2873 2000 2925 valere

423 2969 688 3025 maleﬁcia
714 2969 1003 3036 comperit,
1046 2983 1222 3037 neque
1257 2972 1542 3034 propterea
1565 2963 1912 3020 Christianus
1940 2968 2002 3015 ut

419 3073 566 3120 esset
595 3064 650 3116 in
682 3063 924 3116 animum
954 3060 1190 3114 induxit.

492 3154 583 3207 IX.
628 3153 942 3208 Secundum
973 3152 1087 3205 haec
1115 3149 1374 3205 Christus
1412 3151 1460 3205 ei
1493 3167 1551 3205 se
1582 3150 1637 3202 in
1669 3146 1876 3203 somnis
1903 3145 2004 3200 ob-

423 3246 580 3315 iicit:
627 3244 722 3308 Et,
763 3242 894 3313 Ego,
937 3243 1137 3312 inquit,
1186 3258 1304 3294 sum
1349 3241 1545 3307 Jesus,
1589 3257 1739 3310 quem
1776 3239 2005 3306 majores

425 3338 505 3390 tui
536 3338 592 3390 in
648 3351 855 3389 crucem
903 3344 1158 3410 egerunt:
1187 3333 1410 3403 proinde
1462 3336 1514 3387 in
1564 3349 1644 3386 me
1683 3331 1900 3385 credito.
1938 3332 2009 3383 At

421 3427 694 3496 Josephus
722 3441 792 3480 ne
814 3427 886 3478 ita
909 3426 1064 3496 133
1081 3426 1297 3495 quidem
1322 3426 1612 3494 perpulsus
1632 3424 2005 3477 vehementem

426 3519 481 3572 in
528 3519 779 3570 morbum
822 3533 884 3572 ac
923 3519 1267 3588 desperatum
1310 3517 1522 3570 incidit.
1571 3514 1708 3569 Tum
1746 3513 2008 3567 Dominus

425 3610 476 3664 ei
513 3623 705 3663 rursus
747 3625 1013 3679 apparens
1046 3618 1105 3663 ut
1132 3611 1187 3663 in
1223 3625 1282 3664 se
1315 3609 1565 3663 crederet
1610 3609 1882 3669 hortatur,
1933 3606 2008 3658 ita

428 3701 757 3756 valetudinis
800 3710 1103 3770 compotem
1139 3701 1404 3755 futurum.
1450 3700 1564 3755 Hoc
1611 3702 1700 3754 ubi
1733 3701 2006 3755 facturum

429 3793 635 3862 recepit
658 3809 721 3848 ac
752 3803 969 3863 repente
1003 3795 1296 3856 convaluit,
1333 3793 1389 3846 in
1420 3792 1608 3847 eadem
1643 3793 1811 3846 animi
1844 3792 2010 3847 obsti-

430 3886 652 3941 natione
702 3886 956 3955 perstitit.
996 3885 1175 3950 Quare
1211 3885 1452 3940 secundo
1477 3884 1532 3938 in
1571 3884 1821 3939 morbum
1860 3884 2010 3938 dela-

427 3996 582 4050 psus,
622 3994 684 4033 ac
705 3979 931 4050 perinde
960 3980 1308 4048 desperatus,
1339 3994 1465 4034 cum
1491 3978 1603 4048 jam
1636 3978 1842 4034 instare
1872 3985 2009 4032 tem-

429 4087 530 4140 pus
569 4081 870 4126 cxtremum
901 4070 1071 4126 Judaei
1104 4073 1254 4125 illius
1278 4071 1494 4142 cognati
1525 4069 1830 4132 crederent,
1861 4068 2037 4142 quod

425 4163 496 4216 ab
525 4163 594 4216 iis
623 4171 836 4216 secreto
863 4161 975 4216 ﬁeri
1004 4164 1142 4217 solet
1172 4163 1488 4232 mysterium
1511 4177 1654 4232 inger
1683 4163 1874 4216 audiit.
1912 4162 2009 4214 Et-

427 4255 572 4306 enim
612 4268 676 4305 ex
712 4254 1039 4322 legisperitis
1073 4256 1294 4322 quidam
1325 4263 1456 4308 natu
1488 4255 1710 4324 grandis
1741 4252 2006 4307 accedens

2111 1779 2376 1851 Ἰώσηπον
2425 1779 2706 1850 εἰσῆλθον*
2739 1781 2832 1832 καὶ
2885 1780 3363 1851 καταλαμϐάνουσι
3406 1781 3498 1833 καὶ
3543 1780 3683 1834 ἄλλα

2099 1872 2222 1926 τινὰ
2253 1871 2664 1942 ἐπιτηδεύματα
2699 1871 3018 1940 περιεργίας
3037 1872 3213 1942 χαμαὶ
3237 1871 3573 1942 ἐρριμμένα,
3597 1867 3681 1934 οἷς

2102 1963 2578 2035 προσκενὼσαντες
2610 1959 2746 2034 οὖρα
2791 1965 2886 2016 καὶ
2921 1957 3080 2034 αἷμα,
3117 1961 3368 2034 μίξαντες
3402 1963 3571 2027 κόνιν,
3603 1963 3682 2027 ὼς

2100 2059 2306 2119 ἐκεῖνος
2349 2055 2475 2126 ἔφη,
2525 2055 2769 2125 ἐξῆλθον.
2805 2059 3088 2124 Ἐγνωσαν
3116 2055 3173 2108 δὲ
3213 2055 3312 2126 τὴν
3362 2054 3678 2123 ἐπιϐουλὴν,

2099 2149 2188 2202 διὰ
2234 2149 2393 2202 ποίαν
2433 2151 2666 2216 γυναῖκα
2712 2149 2896 2212 αὐτοῖς
2932 2147 3316 2218 ἐκακουργήθη
3362 2147 3554 2208 ταῦτα,
3585 2148 3682 2200 καὶ

2101 2237 2509 2308 παρετηροῦντο
2535 2239 2584 2290 εἰ
2614 2238 3054 2308 κατισχύσουσιν.
3095 2239 3183 2300 Ὠς
3206 2232 3299 2290 οὖν
3335 2237 3395 2290 οὐ
3422 2236 3682 2306 κατίσχυ-

2103 2347 2202 2382 σαν
2228 2331 2278 2382 oi
2320 2329 2515 2399 γόητες
2543 2329 2666 2399 (διὰ
2693 2329 2804 2400 γὰρ
2845 2328 2945 2398 τῆς
2989 2328 3281 2400 σφραγῖδος
3314 2328 3410 2381 τοῦ
3440 2328 3682 2398 Χριστοῦ

2102 2423 2198 2475 καὶ
2229 2423 2466 2485 πίστεως
2491 2421 2760 2492 ἐὼηοήθη
2798 2422 2830 2491 ἡ
2856 2421 2995 2493 γυνὴ
3014 2422 3032 2492 )
3050 2461 3064 2483 ,
3097 2421 3341 2490 ἔγνωσαν
3369 2421 3458 2474 τὸν
3485 2419 3684 2474 νεώτε-

2105 2530 2197 2584 ρον
2216 2515 2274 2566 ἐν
2297 2513 2444 2584 τρισὶ
2465 2511 2583 2576 νυξὶ
2607 2513 2694 2565 διὰ
2715 2513 2813 2583 τὴν
2834 2511 2929 2565 τοῦ
2956 2513 3175 2581 γυναίου
3198 2513 3382 2581 ἄφιξιν
3410 2529 3686 2585 προσκαρ-

2101 2605 2430 2673 τερήσαντα,
2458 2605 2538 2665 εἰς
2576 2602 2802 2674 ὕστερον
2829 2603 2887 2656 δέ
2919 2605 3294 2675 μαχεσάμενον
3325 2608 3436 2668 τοῖς
3456 2605 3553 2674 τὴν
3584 2621 3686 2657 πε.

2106 2695 2352 2766 ριεργίαν
2414 2696 2842 2764 ποιησαμένοις,
2903 2697 2984 2749 ὅτι
3045 2697 3144 2749 οὐκ
3199 2697 3450 2767 ἐπέτυχε.
3511 2697 3685 2750 Τοῦτο

2103 2786 2286 2856 τρίτον
2325 2783 2406 2854 τῷ
2452 2786 2698 2856 Ἰωσήπῳ
2755 2789 3110 2858 κατηχήσεως
3146 2789 3306 2859 ἔργον
3344 2790 3572 2857 ἐγίνετο,
3603 2789 3686 2842 ὅτι

2103 2878 2203 2930 οὐκ
2232 2877 2470 2946 ἴσχυσεν,
2505 2876 2633 2930 ἔνθα
2659 2879 2831 2949 ὄνομα
2853 2880 3090 2951 Χριστοῦ
3120 2882 3212 2933 καὶ
3252 2881 3488 2952 σφραγὶς
3513 2897 3680 2933 σταυο

2029 3017 2072 3072 C
2110 2966 2225 3037 ροῦ,
2261 2968 2612 3037 φαρμακείας
2645 2967 2893 3039 δύναμις.
2928 2970 3002 3022 Οὐ
3043 2971 3149 3041 μὴν
3187 2971 3244 3024 δὲ
3278 2972 3504 3041 ἐπείσθη
3549 2971 3688 3041 Χρι-

2057 3051 2072 3069 ¹
2107 3061 2320 3122 στιανὸς
2349 3059 2622 3128 γενέσθαι.

2175 3150 2250 3206 Θ’.
2280 3153 2512 3204 Ἔπειτα
2565 3152 2809 3220 φαίνεται
2864 3153 3012 3224 αὐτῷ
3061 3156 3118 3206 ἐν
3161 3155 3348 3218 ὕπνοις
3387 3155 3414 3206 ὁ
3458 3154 3683 3226 Κύριος,

2105 3243 2352 3312 φάσκων,
2395 3245 2475 3296 ὅτι
2514 3243 2654 3313 Ἐγώ
2687 3247 2805 3312 ειμι
2851 3245 3109 3312 Ἰησοῦς,
3151 3246 3224 3300 ὃν
3263 3249 3318 3300 οἱ
3357 3246 3462 3300 σοί
3489 3247 3688 3316 γονεῖς

2103 3333 2496 3400 ἐσταύρωσαν
2518 3351 2532 3366 ’
2585 3334 2747 3388 ἀλλὰ
2799 3337 3048 3390 πίστευε
3085 3339 3172 3402 εἰς
3219 3337 3344 3406 ἐμέ.
3388 3337 3446 3390 '0
3467 3338 3546 3400 δὲ,
3575 3337 3687 3390 οὐδ’

2105 3425 2248 3478 οῦτω
2301 3425 2561 3490 πεισθεὶς,
2590 3427 2835 3481 ὑπέπεσε
2886 3429 3026 3500 νόσῳ
3069 3427 3301 3499 μεγάλῃ,
3345 3429 3437 3481 καὶ
3470 3430 3686 3498 ἀπηγοο

2100 3516 2296 3587 ρεύθη.
2337 3517 2392 3570 ὐ
2425 3517 2482 3569 δὲ
2529 3517 2735 3589 Κύριος
2763 3519 2924 3572 πάλιν
2963 3520 3258 3574 ὀπτάνεται
3305 3520 3476 3591 αὐτῷ,
3508 3522 3689 3592 φήσας

2108 3609 2256 3679 αὐτῷ
2303 3611 2597 3674 πιστεύειν,
2639 3612 2734 3664 καὶ
2783 3610 3118 3682 ίαθήσεσθαι.
3169 3612 3228 3665 '0
3265 3611 3323 3664 δὲ
3360 3611 3692 3680 ἐπαγγειλά-

2111 3716 2269 3769 μενος
2300 3699 2592 3770 ἀνέσφηλε,
2629 3701 2722 3753 καὶ
2758 3700 2919 3754 πάλιν
2944 3702 3163 3768 ἐνέμενε
3188 3704 3254 3772 τῇ
3290 3702 3682 3772 σκληραυχεία.

2107 3793 2201 3854 Εἰς
2223 3791 2476 3862 δευτέραν
2496 3793 2553 3846 δέ
2580 3792 2740 3845 πάλιν
2771 3793 3068 3846 ὑποπίπτει
3102 3792 3276 3858 νόσον,
3309 3795 3400 3846 καὶ
3426 3793 3690 3856 ὡσαύτως

2109 3883 2480 3954 ἀπηγορεύθη.
2530 3883 2898 3952 Ὑποληφθεὶς
2925 3883 2982 3936 δέ
3010 3883 3267 3954 τελευτᾷν
3301 3884 3416 3950 (24)
3447 3884 3552 3936 ὑπὸ
3581 3884 3690 3938 τῶν

2110 3975 2389 4044 συγγενῶν
2445 3975 2612 4029 αὐτοῦ
2659 3975 2947 4042 Ἰουδαίων,
2980 3975 3041 4027 τὸ
3076 3977 3206 4045 παρ’
3247 3976 3428 4028 αὐτῶν
3452 3975 3541 4028 ἀεὶ
3586 3993 3692 4046 μυ-

2111 4067 2422 4139 στηριωδῶς
2450 4067 2732 4138 γινόμενον
2762 4067 2914 4136 παρὰ
2956 4064 3160 4119 τούτων
3181 4067 3399 4138 ήκουσε.
3431 4065 3554 4119 Τῶν
3579 4069 3691 4137 γὰρ

2108 4159 2431 4231 νομομαθῶν
2469 4160 2608 4231 ἀνήρ
2637 4177 2722 4222 τις
2763 4159 3131 4230 πρεσϐύτερος
3168 4157 3338 4212 ἐλθὼν
3381 4158 3461 4221 εἰς
3488 4158 3551 4210 τὸ
3595 4154 3693 4222 οῦς

2109 4251 2270 4302 αὑτοῦ
2313 4252 2619 4320 ἀπήγγειλε
2660 4252 2835 4319 λέγων
2864 4251 2968 4316 ὃτι,
3008 4251 3262 4303 ΠΙστευε
3309 4249 3553 4317 Ἰησοῦν
3583 4249 3694 4302 τὸν

431 4340 576 4392 illius
602 4339 716 4392 haec
754 4341 981 4395 auribus
1011 4342 1390 4396 insusurrabat
1415 4362 1429 4397 :
1456 4341 1643 4406 Crede,
1682 4341 1880 4410 inquit,
1912 4341 2003 4395 Je-

2106 4340 2560 4410 ἐσταυρωμένον
2613 4341 2711 4394 ἑπὶ
2764 4342 3018 4393 Ποντίου
3080 4339 3341 4394 Πιλάτου
3375 4341 3689 4410 ἡγεμόνος,

431 4447 548 4484 sum
581 4431 675 4484 sub
702 4430 893 4484 Pontio
916 4433 1094 4487 Pilato
1142 4435 1289 4487 cruci
1322 4435 1534 4502 affixam
1568 4433 1665 4487 Dei
1695 4432 1920 4497 Filium,
1953 4444 2002 4488 et

2116 4430 2252 4483 Υιὸν·
2277 4429 2422 4483 Θεοῦ
2453 4431 2618 4494 ὄντα,
2650 4431 2747 4483 καὶ
2780 4431 2850 4484 ἐκ
2873 4430 3100 4497 Μαρίας
3124 4429 3383 4497 ὕστερον
3414 4445 3694 4499 γεγεννη-

428 4533 493 4572 ex
519 4519 698 4573 Maria
743 4533 922 4588 pauca
961 4524 1216 4592 genitum.
1261 4521 1533 4576 Christum
1576 4538 1690 4576 esse
1718 4521 1836 4584 Dei,
1880 4532 1929 4576 et
1973 4541 2003 4576 α

2104 4516 2308 4585 μένον,
2336 4518 2595 4585 Χριστὸν
2614 4517 2682 4570 δὲ
2705 4519 2851 4572 ὄντα
2880 4518 3049 4582 Θεοῦ,
3077 4518 3174 4570 καὶ
3199 4519 3268 4571 ἐκ
3297 4518 3524 4587 νεκρῶν
3547 4520 3694 4572 ἀνα-

431 4608 652 4660 mortuir
689 4609 976 4662 excitatum
1007 4626 1024 4664 :
1053 4619 1102 4664 et
1127 4611 1193 4663 ad
1235 4622 1470 4664 mortuus
1499 4613 1737 4681 vivosque
1749 4611 2008 4678 judican-

427 4693 523 4750 dos
571 4713 680 4750 esse
726 4710 1019 4752 venturum.
1065 4700 1224 4754 Omni
1271 4716 1370 4770 ego
1425 4703 1827 4756 asseveratione
1871 4717 2007 4754 con-

427 4783 588 4841 ﬁrmo
636 4789 749 4842 haec
775 4791 905 4842 mihi
930 4789 1226 4860 Josephum
1257 4793 1432 4860 ipsum
1464 4793 1518 4846 in
1550 4793 1627 4847 rei
1659 4803 1822 4863 gestae
1843 4807 2009 4862 expo-

504 4985 616 5058 (24)
663 4986 1049 5058 Ὑπολῃφθεὶς
1080 4986 1148 5040 δὲ
1172 4987 1477 5054 τελευτᾷν.
1522 4989 1694 5042 Antea
1727 4989 2010 5058 legebatur

433 5055 1012 5127 6:0).ate05i;_._\lertit
1049 5060 1215 5127 enim
1271 5058 1435 5127 Gorn.
1499 5055 1812 5127 relictusque
1872 5062 2007 5112 velut

433 5127 743 5197 moriturus.
779 5125 886 5180 Nos
933 5143 998 5180 ex
1037 5126 1204 5194 Regio
1251 5126 1439 5181 codice
1486 5125 1816 5197 ὑποληφθείς
1853 5132 2010 5182 resti-

435 5194 661 5267 tuimus.
691 5191 846 5267 Quod
877 5205 930 5267 et
961 5191 1291 5267 narrationis
1319 5199 1487 5252 series
1520 5191 1776 5265 postulat.
1825 5197 2011 5267 Neque

433 5263 580 5315 enim
611 5264 994 5336 moribundum
1021 5265 1353 5329 Iudaeorum,
1377 5263 1590 5336 cognati
1614 5263 1970 5321 deseruerant
1995 5288 2009 5332 ;

434 5346 574 5405 quos
606 5333 893 5405 mysticum
924 5333 1055 5405 illud
1084 5333 1468 5391 insusurrasse
1483 5337 1634 5390 dicit.
1656 5336 1752 5390 llic
1776 5337 2005 5405 Epipha-

436 5403 584 5454 nium
636 5403 857 5475 otiosus_
889 5404 1109 5475 quidam
1166 5415 1397 5475 nugator
1441 5407 1620 5459 nimiae
1669 5403 2011 5462 credulitatis

437 5479 692 5549 accusat,
714 5471 860 5540 quod
893 5471 1424 5549 falsaludzeiiunius
1449 5477 1798 5549 autalterius
1823 5491 2014 5528 narra-

435 5542 583 5616 tione
605 5543 862 5616 inductus
882 5542 1297 5616 existimaverit,
1327 5547 1605 5601 morituris
1626 5547 1878 5599 omnibus
1906 5562 2015 5616 my-

437 5610 662 5663 sterium
679 5611 809 5665 illud
833 5611 888 5664 in
906 5626 1091 5666 aurem
1114 5612 1553 5683 immurmurari;
1578 5616 1766 5672 scribit
1783 5616 1926 5668 civim
1951 5610 2011 5667 τὸ

2106 4608 2364 4662 στάντα·
2428 4609 2527 4662 καὶ
2574 4608 2664 4661 ὅτι
2718 4609 2900 4674 αὐτὸς
2943 4609 3177 4678 ἔρχεται
3230 4607 3426 4677 κρῖναι
3473 4607 3695 4675 ζῶντας

2107 4704 2209 4755 καί
2244 4703 2516 4771 νεκρούς.
2561 4703 2748 4756 Ταῦτα
2782 4705 2810 4756 ὁ
2858 4702 3022 4766 αὐτὸς
3057 4702 3318 4774 Ἰώσηπος
3350 4703 3408 4755 ἐν
3447 4705 3512 4774 τῇ
3553 4704 3693 4773 ὑφη-

2108 4797 2267 4866 γήσει
2313 4796 2497 4864 σαφῶς
2551 4813 2641 4866 μοι
2672 4794 3012 4866 ἀνήγγειλεν,
3060 4796 3134 4858 ὼς
3187 4795 3494 4865 φιλαλήθως
3545 4795 3695 4849 ἐστιν

2110 4991 2240 5064 παρ’
2275 4990 2455 5064 αὐτῶν
2471 4992 2559 5045 ἀεὶ
2587 4993 2975 5063 μυστηριωδῶς
3007 4993 3290 5064 μινὸμενον
3311 4988 3693 5064 [μυςόμενον].

2110 5059 2311 5114 Verum
2349 5070 2408 5114 ut
2447 5063 2559 5115 haec
2583 5059 2729 5116 mera
2750 5059 2932 5115 fabula
2965 5059 3056 5127 sit,
3084 5059 3288 5116 nullam
3312 5059 3545 5115 omnino
3566 5059 3696 5114 sau-

2111 5132 2393 5185 ctissimus
2423 5130 2584 5186 Pater
2609 5135 2822 5200 culpam
2851 5135 2950 5184 hac
2973 5134 3026 5185 in
3054 5149 3112 5187 re
3135 5133 3404 5194 sustinet;
3432 5131 3524 5198 qui
3547 5130 3695 5199 quod

2112 5217 2140 5252 a
2175 5201 2278 5254 ﬁde
2312 5202 2491 5270 dignis
2527 5203 2840 5268 hominibus
2876 5213 3178 5271 aet-operat,
3226 5202 3568 5271 simpliciter,
3615 5201 3696 5253 uti

2111 5280 2392 5323 narratum
2421 5274 2522 5325 sibi
2548 5281 2687 5333 erat,
2715 5276 2864 5325 nullo
2899 5270 3584 5341 suointerpositojudicio
3607 5285 3696 5341 re:

2113 5342 2258 5394 tulit.
2287 5341 2431 5409 Quid
2469 5349 2554 5395 est
2591 5353 2769 5396 autem
2820 5358 2919 5395 cur
2959 5342 3027 5396 de
3056 5337 3278 5396 Christo
3317 5337 3607 5409 plerosque
3639 5337 3693 5393 id

2114 5411 2217 5463 sibi
2266 5408 2574 5464 Judarorum
2623 5414 2961 5481 persuasisse
3011 5427 3120 5464 non
3169 5408 3460 5480 putemus?
3509 5408 3694 5481 Neque

2114 5481 2259 5532 enim
2294 5484 2578 5534 mentitum
2624 5476 2802 5536 l'u'isse
2833 5480 3132 5550 Josephum
3168 5476 3425 5535 comitem
3457 5480 3538 5534 vel
3568 5479 3694 5534 Cal-

2114 5551 2367 5606 vinianus
2401 5551 2503 5606 istc
2533 5552 2637 5606 uisi
2673 5551 3014 5621 impudenter
3041 5551 3276 5605 ﬁnxerit.
