4004 6136
325 242 426 298 In?!

943 241 1067 294 AD\
1088 241 1312 298 ERSUS
1347 240 1689 296 ιιΑῐιυάδιδ
1729 241 1856 293 Llli.
1901 242 1909 290 Ι

2011 238 2140 296 'UM.
2182 243 2247 296 11.
2293 272 2360 282 —
2401 243 2673 296 ΙίίΕΙὶΕδ.
2716 243 2884 297 XXX.

3487 249 3592 304 ατ

325 358 520 413 εἰπεῖν.
549 355 710 410 Ἀλλά
732 357 826 410 καὶ
848 359 976 428 παρ’
1000 357 1162 411 ἀλλου
1193 359 1337 420 τινὸς
1353 359 1414 410 τὸ
1440 358 1680 410 τοιοῦτον
1709 357 1909 425 ήκουσα

2019 356 2195 410 nenda
2241 356 2380 410 serie
2413 370 2688 409 narrasse.
2734 354 2888 420 Quod
2924 353 3150 426 insuper
3195 357 3265 412 ab
3309 357 3416 416 alio
3452 374 3592 430 quo-

325 448 407 502 ἔτι
434 448 590 510 ὄντος
629 447 882 501 Ἰουδαίου
905 447 994 501 διὰ
1017 448 1107 500 τδν
1132 449 1239 501 τῶν
1278 448 1549 501 Ἰουδαίων
1569 447 1751 515 φόϐον,
1782 447 1912 498 ἀνα-

2013 447 2156 515 piam
2188 447 2395 516 accepi,
2431 446 2524 515 qui
2566 445 2783 500 Iudaeus
2819 447 2998 502 adhuc
3028 449 3098 502 ob
3130 448 3346 503 illorum
3383 459 3591 506 metum

325 541 490 610 μέσον
543 537 602 591 δὲ
661 537 1003 608 Χριστιανῶν
1060 539 1319 603 πολλάκις
1371 537 1760 609 διατρίϐοντος,
1817 537 1909 588 καὶ

2012 545 2153 603 erat,
2186 545 2350 606 atque
2385 537 2527 590 inter
2553 537 2895 591 Christianos
2924 553 3164 609 persaepe
3189 541 3440 611 degebat,
3469 555 3594 598 eos-

322 633 684 704 Χριστιανοὺς
731 633 1000 701 τιμῶντος
1034 649 1093 684 τε
1140 634 1234 686 καὶ
1269 631 1612 701 ἀγαπῶντος.
1659 628 1907 683 συνοδεύ-

323 715 524 787 σαντός
543 741 632 794 μοι
661 725 718 776 ἐν
740 726 807 794 τῇ
837 725 1031 794 ἐρήμῳ
1054 725 1154 793 τῆς
1178 723 1382 794 Βαιθήλ
1412 723 1507 775 καὶ
1554 721 1793 792 Ἐφραῒμ
1816 722 1909 773 ἐπὶ

321 816 418 887 τὴν
447 815 664 887 ὀρεινὴν
698 814 1048 886 ἀνερχομένῳ
1086 815 1193 867 ἀπὸ
1216 815 1315 884 τῆς
1355 812 1636 885 Ἱεριχοῦς,
1679 814 1772 866 καὶ
1809 815 1905 865 ἀν-

321 907 624 961 τιϐάλλοντι
663 907 799 977 πρὸς
826 905 988 958 αὑτὸν
1015 905 1142 976 περὶ
1184 906 1282 976 τῆς
1311 904 1404 957 τοῦ
1431 903 1667 975 Χριστοῦ
1696 920 1904 973 παρου-

323 999 464 1062 σίας,
490 997 586 1050 καὶ
615 995 782 1048 αὑτοῦ
811 996 885 1066 μὴ
913 996 1305 1064 ἀντιλέγοντος.
1338 993 1682 1066 Θαυμάζοντι
1712 993 1768 1046 δέ
1795 1010 1903 1064 μοι,

321 1089 413 1140 καὶ
438 1085 714 1158 ἐρωτῶντι
743 1087 907 1139 αὑτὸν
938 1087 1038 1156 τὴν
1067 1087 1245 1139 αἰτίαν
1279 1082 1365 1156 (ἦν
1396 1086 1503 1156 γὰρ
1535 1085 1631 1138 καὶ
1664 1101 1906 1154 νομομα-

319 1179 417 1250 θὴς
440 1180 534 1232 καὶ
559 1178 856 1248 δυνάμενος
883 1177 1228 1248 ἀντιλέγειν),
1260 1177 1402 1240 τίνος
1435 1178 1594 1249 χάριν
1635 1177 1734 1229 οὐκ
1759 1177 1907 1229 ἀντι-

317 1271 486 1338 λέγει,
511 1269 647 1323 ἀλλά
672 1268 920 1322 πείθεται
949 1269 1075 1340 περὶ
1097 1268 1333 1338 Χριστοῦ
1377 1267 1552 1340 Ἰησοῦ
1571 1266 1665 1320 τοῦ
1696 1266 1904 1336 Κυρίου

320 1362 496 1434 ἡμῶν,
525 1363 738 1417 ἀκούων
768 1361 836 1414 τὰ
856 1361 1113 1415 τοσαῦτω
1138 1359 1452 1429 ἀπεκάλυψέ
1484 1377 1573 1430 μοι
1603 1358 1696 1412 καὶ
1726 1351 1901 1424 οὗτος,

315 1457 393 1519 ὡς
430 1455 638 1525 μέλλων
680 1455 939 1524 τελευτᾷν
979 1453 1180 1522 ήκουσε
1210 1453 1339 1522 παρ’
1389 1450 1568 1503 αὐτῶν
1609 1451 1690 1513 είς
1736 1448 1903 1519 ἀκοὴν

313 1547 480 1600 ὠτίου
515 1549 571 1600 ἐν
595 1544 933 1617 ψιθυρισμῷ,
973 1546 1056 1598 ὅτι
1091 1542 1298 1614 Ἰησοῦς
1330 1542 1564 1614 Χριστὸς
1592 1544 1620 1594 ὁ
1657 1559 1904 1612 σταυρω-

313 1639 434 1701 θεὶς
464 1639 591 1701 Υἱὸς
621 1636 716 1690 τοῦ
757 1636 892 1689 Θεοῦ
936 1635 1117 1707 μέλλει
1159 1651 1218 1686 σε
1255 1635 1482 1704 κρίνειν.
1528 1632 1689 1685 Ἀλλά
1728 1631 1902 1686 ταῦτά

316 1749 412 1802 μοι
438 1729 814 1800 περὶτούτων,
848 1730 940 1782 καὶ
971 1728 1114 1782 κατά
1135 1727 1323 1780 τοῦτον
1357 1727 1448 1779 τὸν
1481 1725 1638 1810 λόγον
1669 1723 1902 1778 ἐνταῦθά
1933 1707 1974 1760 Β

319 1838 413 1892 μοι
451 1819 510 1886 ἐξ
539 1818 800 1889 ἀληθινῆς
823 1818 995 1888 ἀκοῆς
1025 1815 1402 1888 παρακείσθω.

392 2005 446 2059 l'.
491 2003 611 2055 Ἔτι
643 2002 700 2054 δέ
743 2003 771 2054 ὁ
819 1998 1082 2070 Ἰώσηπος
1127 2000 1186 2052 ἐν
1229 1997 1370 2066 νόσῳ
1405 1990 1494 2067 ἦν,
1530 1999 1622 2052 καὶ
1665 1993 1903 2054 ἀκούσας

316 2093 468 2165 παρὰ
502 2093 596 2146 τοῦ
628 2091 1022 2164 πρεσϐυτέρου,
1060 2091 1135 2154 ὡς
1170 2091 1450 2160 προεῖπον,
1493 2089 1632 2158 μετά
1658 2084 1768 2138 τῶν
1805 2084 1903 2138 άλ-

316 2185 447 2248 λων,
465 2185 548 2237 ὅτι
587 2183 795 2253 Ἰησοῦς
828 2181 1061 2252 Χριστός
1095 2198 1153 2233 σε
1183 2181 1377 2250 κρινεῖ,
1406 2178 1485 2230 ἐτι
1518 2175 1899 2247 ἐσκληρύνετο.

328 2277 390 2330 '0
418 2277 475 2330 δὲ
507 2275 710 2348 Κύριος
737 2274 896 2327 πάλιν
929 2273 1063 2344 πρὸς
1089 2270 1249 2326 ἀύτὸν
1284 2271 1424 2324 κατά
1447 2271 1544 2339 τὴν
1574 2268 1738 2323 αὐτοῦ
1779 2267 1902 2335 φιλ-

317 2367 634 2438 ανθρωπίαν
689 2366 754 2418 δι’
803 2364 1080 2436 ὁράματος
1144 2362 1426 2424 ἐνυπνίου,
1488 2361 1650 2426 Ἰδοὺ,
1703 2357 1902 2428 φησὶν,

319 2459 490 2530 ιῶμαί
530 2475 589 2510 σε
607 2475 621 2488 ·
646 2456 781 2510 ἀλλά
807 2455 1045 2517 ἀναστὰς
1075 2457 1318 2506 πίστευε.
1361 2453 1626 2515 Ἀναστὰς
1653 2451 1710 2504 δὲ
1745 2451 1906 2504 πάλιν

316 2553 429 2608 ἀπὸ
459 2554 560 2623 τῆς
588 2551 765 2611 νόσου,
797 2550 897 2602 οὐκ
931 2547 1272 2601 ἐπίστευσεν.
1303 2543 1628 2613 ’Υγιαίνοντι
1653 2543 1710 2595 δέ
1735 2540 1902 2612 αὐτῷ,

317 2647 570 2716 φαίνεται
611 2645 638 2696 ὁ
673 2642 878 2714 Κύριος
925 2640 1086 2694 πάλιν
1121 2638 1242 2692 κατ’
1272 2638 1439 2708 ὄναρ,
1481 2634 1725 2704 ἐγκαλῶν
1760 2633 1907 2704 αὐτῷ

316 2739 385 2791 δι’
416 2739 481 2807 ήν
506 2736 684 2788 αἰτίαν
714 2735 815 2787 οὐκ
843 2732 1184 2785 ἐπίστευσεν.
1223 2727 1648 2797 Ἐπαγγέλλεται
1678 2726 1733 2779 δέ
1759 2723 1908 2793 αὐτῷ

317 2829 494 2898 λέγων
524 2829 552 2880 ὁ
580 2824 782 2897 Κύριος
813 2826 917 2886 ὅτι,
946 2823 1040 2886 Εἰς
1075 2819 1449 2890 πληροφορίαν
1485 2817 1740 2878 πίστεως,
1775 2814 1828 2867 εἴ
1853 2829 1907 2865 τι

321 2919 504 2990 βούλει
549 2919 608 2970 ἐν
639 2915 860 2986 ὀνόματί
898 2931 996 2984 μου
1028 2911 1347 2982 θεοσήμειον
1376 2907 1745 2980 ἐργάσασθαι,
1785 2906 1900 2957 ἐπι-

319 3007 570 3068 κάλεσαι,
614 3002 769 3072 κάγὼ
808 3003 1039 3071 ποιήσω.
1076 2999 1416 3069 Μαινόμενος
1443 2996 1500 3049 δέ
1528 3013 1610 3059 τις
1638 2992 1706 3068 ἦν
1745 2997 1802 3048 ἐν
1837 2996 1905 3065 τῇ

321 3101 494 3164 πόλει,
539 3099 597 3162 ὂς
635 3097 842 3168 γυμνὸς
869 3098 968 3168 τὴν
1003 3094 1156 3147 πόλιν
1192 3092 1436 3164 περιῄει,
1472 3092 1614 3162 φημὶ
1641 3090 1698 3142 δὲ
1725 3092 1782 3142 ἐν
1817 3091 1907 3142 Tt-

321 3193 563 3266 6εριάδι,
615 3191 710 3245 καὶ
761 3189 1020 3250 πολλάκις
1069 3186 1510 3255 ἐνδιδυσκόμενος
1559 3183 1658 3254 τὴν
1706 3183 1910 3252 ἐσθῆτα

320 3284 693 3356 διερρήγνυεν,
722 3280 798 3342 ὡς
823 3278 944 3341 ἔθος
969 3280 1081 3339 τοῖς
1109 3275 1391 3337 τοιούτοις.
1424 3275 1481 3328 Ὀ
1503 3269 1596 3327 οὖν
1625 3273 1907 3343 Ἰώσηπος,

325 3373 646 3443 βουλόμενος
681 3373 737 3423 ἐν
765 3370 929 3440 πείρᾳ.
958 3367 1211 3436 γενέσθαι
1255 3365 1350 3419 τοῦ
1393 3365 1690 3435 ὁράματος,
1735 3364 1912 3417 διστά-

324 3463 433 3525 ζων
479 3460 536 3512 δὲ
588 3459 709 3522 ἔτι,
761 3457 899 3510 αἰδοῖ
948 3456 1251 3525 κατείχετο.
1304 3454 1731 3524 Παραλαμὸἀνει
1779 3453 1909 3521 γοῦν

323 3552 510 3606 τοῦτον
540 3551 706 3614 ἔνδον,
737 3550 831 3601 καὶ
861 3547 1192 3610 ἀποκλείσας
1219 3546 1316 3618 τὴν
1342 3545 1530 3614 θύραν,
1566 3545 1711 3616 ὕδωρ
1736 3562 1794 3597 τε
1821 3544 1911 3597 λα-

327 3644 436 3695 ϐὼν
466 3645 545 3705 εἰς
579 3641 678 3712 τὴν
716 3643 896 3710 χεῖρα,
930 3639 1024 3692 καὶ
1057 3637 1364 3709 σφραγίσας
1397 3636 1549 3700 αὐτὸ,
1593 3637 1912 3706 ἐρράντισεν

327 3732 417 3785 ἐπὶ
452 3731 543 3783 τὸν
575 3729 797 3800 ἐμμανῆ
829 3728 1136 3799 ἄνθρωπον,
1170 3728 1347 3796 φήσας
1372 3742 1384 3754 ’
1436 3726 1525 3778 Ἐν
1555 3725 1777 3795 ὀνόματι
1815 3725 1909 3777 τοῦ

339 3820 512 3892 Ἰησοῦ
549 3819 874 3891 Ναζωραίου
902 3817 996 3870 τοῦ
1029 3815 1430 3888 σταυρωθέντος
1461 3814 1641 3879 ἔξελθε
1664 3856 1678 3879 ,
1709 3815 1769 3866 τὸ
1797 3814 1912 3867 δαι-

331 3915 530 3986 μόνιον,
573 3912 671 3965 ἀπ’
709 3909 895 3976 αὐτοῦ,
928 3911 1023 3962 καὶ
1056 3909 1214 3979 ὑγιὴς
1242 3909 1489 3978 γένηται.
1532 3907 1680 3976 ’οιδέ
1709 3907 1914 3978 ἀνθρω-

327 4023 458 4068 mg,
509 4002 822 4073 ἀνακράξας
857 4002 1032 4073 μέγα,
1085 4001 1178 4054 καὶ
1211 4001 1383 4070 χαμαὶ
1419 3998 1632 4063 πεσὼν,
1675 3998 1912 4068 ἀφρίσας

329 4095 499 4149 πολλὰ
528 4095 620 4147 καὶ
641 4092 996 4163 σπαραχθεὶς,
1023 4091 1204 4162 ἔμεινε
1236 4090 1437 4160 πολλὴν
1456 4089 1604 4160 ὥραν
1634 4088 1910 4159 ἀκίνητος.

342 4187 603 4258 Ἰώσηπος
640 4185 697 4238 δέ
728 4184 994 4255 ὑπενόησε
1024 4183 1115 4236 τὸν
1147 4181 1431 4253 ἄνθρωπον
1455 4182 1726 4234 τεθνάναι.
1769 4184 1826 4236 '0
1855 4185 1912 4238 δὲ

335 4278 472 4350 μετὰ
513 4277 699 4347 ὥραν,
731 4274 1150 4344 διατριψάμενος
1192 4273 1252 4324 τὸ
1303 4271 1624 4342 πρόσωπον,
1675 4273 1908 4344 ἀνέστη·

2009 643 2115 696 que
2168 635 2222 681 et
2267 626 2597 681 observabat
2628 627 2923 695 plurimum
2971 636 3025 681 et
3075 629 3453 701 amabat:qui
3496 646 3594 700 per

2008 717 2246 772 Bethelis
2298 717 2690 788 Ephraimique
2740 717 3090 772 solitudinem
3129 721 3200 775 ab
3240 721 3375 775 urbe
3411 721 3594 776 Hieri-

2007 809 2229 864 ehuntis
2254 811 2321 862 ad
2345 811 2607 864 montium
2636 809 2765 879 juga
2808 809 3050 864 tendenti
3086 811 3217 865 mihi
3250 813 3504 867 comitem
3532 828 3595 868 se

2006 900 2220 956 itineris
2247 900 2516 970 adjuuxit.
2553 899 2692 954 Huic
2723 917 2824 970 ego
2870 915 2993 954 cum
3029 902 3096 956 de
3135 903 3340 956 Christi
3377 903 3594 958 Domini

2006 992 2240 1046 adventu
2271 993 2532 1046 nonnulla
2563 1007 2943 1062 proponerem,
2988 994 3134 1047 nulla
3177 994 3230 1047 in
3280 1010 3338 1049 re
3369 1003 3588 1049 contra-

2005 1083 2240 1137 dicebat.
2284 1082 2401 1148 Qua
2434 1099 2494 1136 re
2533 1084 2827 1152 plurimum
2873 1084 3198 1150 admiratus,
3235 1086 3362 1154 quid
3413 1099 3597 1140 causa

2009 1173 2226 1228 tandem
2267 1183 2411 1230 esset
2440 1174 2716 1228 hominem
2762 1177 3092 1245 interrogavi
3131 1175 3206 1246 (et
3234 1185 3352 1231 erat
3387 1178 3590 1247 alioqui

1963 1315 1970 1321 ,
2005 1264 2139 1334 legis
2172 1279 2284 1319 sum
2317 1267 2543 1336 peritus,
2570 1280 2633 1319 ac
2674 1265 2988 1334 disputandi
3015 1282 3149 1322 sane
3195 1282 3304 1321 non
3341 1268 3588 1340 expers),

2009 1371 2130 1420 cur,
2162 1357 2406 1426 inquam,
2444 1358 2574 1412 mihi
2606 1358 2739 1411 nihil
2772 1359 3148 1427 responderet,
3178 1374 3242 1412 ac
3271 1359 3338 1414 de
3373 1361 3595 1416 Christo

2003 1447 2131 1504 Jesu
2173 1448 2405 1503 Domino
2436 1457 2625 1504 nostro
2663 1449 2797 1503 mihi
2828 1453 3182 1506 consentiret.
3230 1453 3310 1508 Ad
3346 1470 3466 1522 qua:
3500 1455 3596 1510 ille

2005 1541 2258 1610 subjecit,
2308 1541 2694 1596 moribundum
2730 1556 2790 1596 se
2829 1541 3160 1612 quandoque
3211 1559 3239 1596 a
3270 1543 3476 1600 Judzeis
3507 1545 3594 1598 in-

2006 1633 2282 1688 susurrari
2323 1634 2424 1687 sibi
2458 1634 2512 1686 in
2547 1647 2732 1687 aurem
2763 1635 2955 1688 leviter
2984 1635 3225 1696 audisse,
3249 1634 3409 1690 Jesus
3429 1637 3592 1690 Chri-

2004 1732 2124 1778 stus
2153 1723 2452 1776 crucifixus
2493 1721 2586 1778 Dei
2617 1721 2789 1779 Filius
2831 1723 2899 1779 de
2934 1734 2985 1779 te
3015 1725 3302 1793 judicahit.
3336 1725 3442 1782 Sed
3476 1727 3592 1783 hiec

2002 1815 2289 1878 hactenus,
2321 1815 2466 1884 quod
2509 1814 2574 1867 ad
2612 1830 2724 1869 rem
2763 1825 3084 1885 praesentem
3131 1818 3346 1886 attinet,
3401 1835 3592 1874 revera

2004 1915 2063 1960 ut
2091 1907 2402 1974 accepimus
2429 1906 2572 1960 dicta
2597 1913 2782 1960 sunto.

2074 1997 2140 2050 Χ.
2186 1996 2368 2051 Redeo
2405 1998 2516 2066 jam
2559 1999 2625 2052 ad
2678 1997 3000 2068 Josephum.
3039 1997 3091 2053 is
3135 2015 3260 2053 cum
3309 2000 3363 2054 in
3401 2000 3596 2054 morbo

2005 2088 2184 2143 adhuc
2215 2095 2381 2151 esset,
2413 2097 2465 2142 et
2493 2083 2524 2142 a
2559 2091 2780 2145 seniore
2820 2091 2962 2144 inter
3000 2091 3104 2144 alia
3141 2091 3255 2146 haec
3288 2107 3409 2161 qua:
3449 2092 3592 2146 dixi.

2005 2193 2127 2230 mus
2165 2177 2487 2239 inaudisset,
2515 2177 2675 2232 Jesus
2699 2179 2953 2234 Christus
2984 2181 3051 2234 de
3078 2189 3129 2234 te
3149 2181 3437 2248 judicabit,
3473 2184 3593 2234 ani-

2008 2284 2154 2321 mum
2202 2268 2564 2321 nihilominus
2599 2270 2944 2323 obﬁrmabat.
2992 2272 3158 2340 Igitur
3194 2271 3457 2325 Dominus
3492 2287 3592 2341 pro

2006 2360 2210 2429 ingenti
2262 2375 2359 2412 sua
2401 2374 2527 2428 erga
2582 2360 2834 2414 homines
2883 2363 3256 2415 misericordia
3301 2363 3498 2416 iterum
3540 2363 3592 2416 ei

2008 2467 2066 2504 se
2096 2451 2149 2503 in
2183 2451 2392 2505 somnis
2427 2451 2638 2520 objicit,
2672 2450 2876 2522 Teque,
2911 2453 3006 2516 ait,
3057 2453 3277 2507 sanitati
3314 2455 3581 2521 restituo;

2009 2557 2191 2612 surge,
2227 2543 2408 2605 modo,
2440 2549 2493 2596 et
2528 2558 2672 2597 nunc
2714 2544 2928 2598 demum
2971 2547 3197 2600 credito.
3245 2545 3447 2601 Verum
3499 2548 3590 2602 ubi

2009 2633 2310 2696 convaluit,
2365 2647 2436 2686 ne
2485 2640 2600 2687 tum
2651 2634 2872 2704 quidem
2918 2636 3173 2690 credidit.
3222 2637 3420 2692 Iterum
3460 2655 3593 2709 ergo

2011 2724 2468 2794 recuperatajam
2497 2725 2732 2780 sanitate
2771 2743 2866 2796 per
2894 2729 3072 2782 visum
3107 2729 3156 2781 ei
3201 2727 3465 2784 Dominus
3505 2729 3594 2782 of-

2012 2817 2207 2881 fertur,
2245 2827 2299 2870 et
2330 2816 2476 2886 quod
2518 2818 2758 2870 nondum
2791 2818 3114 2873 credidissm
3157 2828 3399 2873 accusat.
3436 2819 3596 2891 134

2012 2909 2144 2964 Inde
2166 2910 2504 2979 amplissima
2533 2909 2778 2979 quaedam
2805 2900 3129 2979 promittens
3153 2911 3231 2964 sic
3260 2913 3588 2981 alloquitur:

2015 2999 2085 3055 Ut
2122 3002 2240 3063 tibi,
2279 3001 2478 3071 inquit,
2523 3001 2590 3055 de
2626 3000 2906 3070 religionis
2951 3017 3083 3055 mea:
3127 3002 3234 3054 ﬁde
3280 3011 3511 3064 constet,
3546 3003 3592 3056 si

1963 3099 1981 3120 ⁴
2013 3092 2159 3162 quod
2203 3093 2256 3145 in
2306 3092 2526 3146 nomine
2560 3107 2682 3146 meo
2724 3092 3030 3162 prodigium
3082 3093 3294 3148 efﬁcere
3331 3095 3593 3158 volucris,

2015 3186 2280 3255 meipsum
2329 3185 2545 3248 invoca,
2584 3199 2686 3254 ego
2733 3185 2828 3239 tibi
2862 3187 3152 3255 praestabo.
3195 3189 3323 3241 Erat
3370 3188 3424 3241 in
3459 3189 3594 3241 urbe

2012 3274 2303 3330 Tiberiade
2334 3276 2582 3332 furiosus
2612 3277 2856 3346 quidam,
2906 3278 3054 3330 nudo
3094 3295 3322 3348 corpore
3358 3281 3596 3332 circurn-

2011 3383 2272 3428 cursans.
2309 3371 2402 3440 qui
2439 3385 2562 3423 cum
2614 3370 2814 3438 saepius
2847 3369 3186 3437 indueretur,
3226 3380 3284 3424 ut
3323 3372 3594 3441 ejusmodi

2012 3461 2293 3514 hominum
2346 3476 2463 3515 mos
2516 3471 2620 3522 est,
2677 3469 2858 3516 vestes
2913 3478 3043 3516 suas
3095 3463 3389 3518 lacerabat.
3440 3463 3493 3518 In
3529 3478 3598 3519 eo

2007 3550 2279 3621 Josephus
2299 3569 2418 3622 qu:e
2446 3569 2542 3622 per
2565 3553 2742 3608 visum
2763 3562 3044 3622 acceperat
3065 3555 3300 3623 experiri
3327 3557 3588 3624 gestiens,

2010 3643 2259 3697 dubitare
2286 3652 2465 3697 tamen
2497 3644 2764 3705 nonnihil,
2794 3658 2857 3698 ac
2891 3643 3100 3712 pudore
3133 3646 3420 3699 retardari.
3451 3645 3596 3700 Con-

2012 3736 2227 3788 ﬁrmato
2271 3734 2492 3787 tandem
2527 3736 2711 3786 animo
2754 3735 2897 3787 intra
2932 3735 3077 3788 :edes
3123 3736 3373 3802 adducit;
3415 3745 3466 3792 et
3503 3747 3596 3792 oc-

2010 3826 2181 3880 clusis
2201 3825 2410 3880 foribus
2434 3840 2633 3894 aquam
2654 3826 2908 3880 manibus
2933 3827 3217 3890 hauriens,
3247 3834 3300 3880 et
3324 3836 3594 3881 amentem

2010 3919 2162 3972 illum
2206 3933 2370 3972 cruce
2418 3919 2802 3988 consignatum
2849 3934 3148 3987 aspergens
3188 3937 3204 3974 :
3249 3921 3307 3971 In
3350 3920 3594 3980 nomine.

2012 4009 2208 4079 inquit,
2239 4007 2371 4062 Jesu
2401 4007 2668 4061 Nazareni
2695 4009 2944 4062 crucifixi
2989 4011 3098 4074 exi,
3132 4010 3366 4078 daemon,
3402 4012 3468 4066 ab
3492 4013 3596 4066 hoc

2013 4103 2254 4163 homine,
2304 4100 2458 4169 isque
2491 4117 2658 4156 sanus
2708 4109 2847 4155 esto.
2889 4102 2968 4155 Ad
3002 4103 3114 4155 haec
3160 4104 3249 4156 ille
3286 4105 3598 4158 vociferans

2014 4201 2069 4246 et
2099 4192 2247 4247 humi
2280 4192 2667 4261 procumbens,
2717 4205 2880 4262 atque
2924 4210 2988 4248 ex
3020 4209 3114 4249 ore
3157 4210 3388 4266 spumas
3409 4211 3597 4265 agens,

2015 4300 2245 4354 seseque
2300 4284 2575 4339 dilanians
2631 4285 2724 4338 diu
2784 4287 3089 4354 permansit
3147 4287 3482 4354 immobilis,
3539 4297 3600 4342 ut

333 4369 425 4422 καὶ
445 4371 460 4400 ¹
490 4366 765 4437 θεώμενος
800 4366 899 4435 τὴν
929 4364 1062 4416 ίδίαν
1092 4362 1393 4433 γύμνωσιν,
1432 4363 1656 4416 ἐαυτὺν⁹
1686 4363 1909 4434 ἔκρυψε,

2020 4385 2292 4429 mortuum
2317 4376 2428 4445 jam
2460 4392 2580 4432 esse
2609 4376 2882 4446 Josephus
2916 4379 3185 4442 crederet,
3223 4379 3400 4435 donec
3432 4381 3599 4435 inter-

332 4461 548 4523 καὶτὰς
574 4461 761 4529 χεῖρας
795 4457 886 4509 ἐπὶ
919 4459 985 4527 τῇ
1014 4453 1243 4527 αἰσχύνῃ
1276 4455 1535 4517 ἐπετίθει,
1582 4456 1778 4525 μηκέτι
1810 4455 1910 4524 φέ-

338 4535 462 4620 ρων
487 4551 617 4603 ἰδεῖν
663 4551 760 4619 τὴν
797 4548 932 4601 ἰδίαν
966 4547 1264 4616 γύμνωσιν.
1306 4546 1539 4616 Ἰμάτιον
1567 4547 1624 4599 δὲ
1659 4549 1786 4617 παρ’
1813 4548 1912 4599 αύ-

334 4643 426 4695 τοῦ
458 4642 554 4694 τοῦ
592 4643 893 4712 Ἰωσήπου,
928 4642 986 4706 ἐξ
1013 4633 1087 4692 ὧν
1122 4634 1294 4710 εἶχεν,
1329 4637 1564 4700 ἐνδυθεὶς
1585 4677 1599 4698 ,
1636 4640 1716 4701 είς
1743 4639 1914 4692 κατά-

337 4751 524 4787 στασιν
553 4733 817 4796 συνέσεως
843 4733 936 4785 καὶ
961 4729 1336 4801 σωφρονισμοῦ
1366 4729 1552 4791 ἐλθὼν,
1579 4730 1656 4800 τῷ
1675 4747 1732 4783 τε
1761 4729 1915 4800 ἀνδρὶ

337 4827 507 4880 πολλὰ
554 4828 958 4899 εὐχαριστήσας
1003 4827 1096 4878 καὶ
1125 4824 1264 4895 Θεῷ,
1307 4826 1486 4892 γνοὺς,
1534 4826 1614 4878 ὅτι
1650 4825 1716 4877 δι’
1748 4823 1913 4877 αὐτοῦ

337 4917 493 4988 ἔτυχε
523 4919 623 4988 τῆς
657 4918 930 4989 σωτηρίας
950 4958 964 4983 ,
996 4918 1055 4972 ἐν
1081 4921 1147 4989 τῇ
1179 4919 1330 4971 πόλει
1375 4917 1662 4988 διεφήμιζε
1703 4918 1794 4970 τὸν
1822 4918 1916 4971 άν-

336 5012 458 5082 δρα,
489 5011 584 5066 καὶ
604 5012 842 5080 γνωστὸν
871 5010 1086 5079 ἐγένετο
1111 5014 1220 5074 τοῖς
1247 5012 1424 5063 ἐκεῖσε
1462 5011 1736 5073 Ἰουδαίοις
1757 5008 1916 5062 τοῦτο

337 5103 399 5155 τὸ
442 5106 688 5173 σημεῖον.
733 5102 971 5170 Θρύλλος
1015 5102 1072 5156 δὲ
1121 5102 1284 5164 πολὺς
1337 5101 1698 5171 ἠκολούθησεν
1745 5102 1802 5153 ἐν
1846 5103 1913 5172 τῇ

341 5193 492 5248 πόλει
513 5235 528 5260 ,
565 5194 829 5262 λεγόντων
849 5209 863 5224 ⁸
911 5195 991 5247 ὅτι
1029 5193 1285 5263 Ἰώσηπος
1313 5193 1382 5246 τὰ
1410 5193 1785 5262 γαζοφυλάκια
1824 5195 1916 5247 ἀν-

337 5287 519 5350 οίξας,
574 5287 668 5340 καὶ
701 5286 874 5358 εὑρὼν
903 5287 1283 5358 γεγραμμένον
1327 5287 1388 5339 τὸ
1429 5287 1598 5357 ὄνομα
1625 5286 1717 5340 τοῦ
1757 5287 1913 5351 Θεοῦ,

341 5379 436 5432 καὶ
484 5378 784 5446 ἀναγνοὺς,
835 5381 1037 5448 σημεῖα
1089 5377 1296 5447 μεγάλα
1345 5377 1653 5448 ἐργάζεται.
1699 5375 1808 5432 Ἦν
1861 5379 1918 5432 δὲ

338 5466 539 5541 ἀληθὲς
568 5467 628 5520 τὸ
659 5469 748 5522 ὑπ’
777 5468 956 5522 αὐτῶν
985 5469 1293 5540 λεγόμενον,
1317 5469 1414 5538 οὐχ
1442 5470 1516 5533 ὼς
1544 5469 1599 5522 δὲ
1628 5469 1780 5524 αὐτοὶ
1811 5469 1914 5521 ὑπ-

421 5644 436 5675 ³
471 5661 563 5712 γρ.
606 5641 958 5712 θεασάμενος.
1039 5643 1058 5670 ²
1093 5657 1182 5712 γρ.
1212 5640 1470 5712 ἔκρυπτε.

2014 4467 2164 4536 jecto
2192 4468 2340 4522 hora:
2375 4471 2550 4538 spatio
2587 4471 2796 4523 vultum
2829 4470 3131 4539 perfricans
3160 4473 3418 4525 surrexit.
3456 4467 3596 4524 Tdm

2021 4577 2080 4616 se
2131 4561 2335 4615 nmium
2392 4562 2832 4617 animadverteris
2877 4565 3179 4624 occultare,
3232 4578 3296 4617 ac
3348 4564 3598 4617 manibus

2021 4653 2277 4722 pudenda
2314 4663 2619 4722 protegere,
2651 4669 2716 4708 eo
2743 4669 2802 4707 se
2835 4653 3021 4706 habitu
3049 4655 3294 4721 corporis
3326 4669 3448 4708 esse
3476 4669 3600 4722 per-

2020 4744 2248 4799 moleste
2276 4743 2436 4798 ferre.
2475 4743 2718 4812 Denique
2747 4753 2896 4798 veste
2920 4745 2986 4797 ab
3015 4744 3253 4812 Josepho
3275 4759 3336 4797 ex
3372 4745 3438 4798 iis
3464 4760 3600 4813 qua-

2020 4851 2142 4889 rum
2177 4835 2334 4904 copia
2386 4841 2505 4888 erat
2553 4835 2774 4903 injecta,
2829 4837 2931 4889 sibi
2975 4836 3260 4890 restitutus
3307 4835 3601 4904 animoque

2021 4928 2363 4998 compositus
2412 4941 2640 4997 magnas
2675 4929 2750 4980 illi
2809 4928 3110 4982 secundum
3162 4925 3330 4979 Deum
3371 4928 3601 4996 "gratias

2021 5018 2152 5088 egit,
2186 5017 2346 5085 cujus
2365 5032 2423 5071 se
2447 5018 2712 5072 beneficio
2733 5018 3020 5072 liberatum
3058 5024 3412 5086 agnosceret:
3445 5031 3602 5070 eum-

2021 5093 2255 5175 demque
2293 5113 2404 5159 tota
2446 5107 2581 5160 urbe
2617 5108 2976 5177 pervulgarit.
3022 5107 3098 5159 lta
3132 5104 3444 5159 Judzeorum
3483 5120 3596 5158 om-

2023 5198 2174 5251 nium
2237 5199 2329 5267 qui
2376 5199 2499 5252 istic
2547 5209 2704 5254 erant
2754 5214 2915 5254 aures
2963 5199 3212 5252 miraculi
3265 5199 3412 5255 illius
3455 5197 3601 5251 fama

2025 5288 2284 5356 pervasit.
2322 5287 2400 5342 Ex
2434 5304 2543 5357 quo
2572 5304 2762 5342 rumor
2790 5290 2983 5358 ingens
3013 5288 3345 5358 percrebuit,
3383 5288 3457 5340 ita
3491 5285 3604 5340 illis

2019 5378 2408 5447 jactantibus:
2463 5377 2733 5449 Josephus
2791 5389 2979 5448 aperto
3023 5379 3409 5449 gazophylacio
3462 5375 3602 5430 scri-

2025 5477 2176 5541 ptum
2211 5469 2302 5526 Dei
2345 5486 2544 5526 nomen
2578 5471 2810 5537 invenit,
2841 5486 3018 5542 eoque
3053 5471 3194 5528 lecto
3217 5468 3449 5524 miriﬁca
3477 5479 3600 5540 por-
