4018 6114
398 206 511 264 415

1716 202 1723 208 ’
1796 195 1856 252 S.
1900 194 2243 252 EPIPHANII

3549 204 3656 262 ηε

401 324 554 372 tenta
583 329 648 372 ac
669 315 915 389 prodigia
947 316 1098 373 facit.
1124 313 1310 385 Neque
1338 312 1477 373 falso
1507 311 1613 366 ista
1639 306 1969 366 differeban-

2074 308 2276 364 ενόουν.
2312 308 2433 363 Ἔτι
2458 308 2515 363 δὲ
2541 308 2805 389 ἐπέμενεν
2838 309 3105 382 Ἰώσηπος
3130 309 3566 382 σκληρυνόμενος
3585 314 3655 386 τῇ

402 413 514 469 tur,
538 405 643 461 etsi
683 408 891 460 non'eo
921 419 1031 474 quo
1053 403 1133 458 illi
1167 400 1592 471 suspicabantur
1632 398 1795 454 modo
1836 412 1973 452 con-

402 495 662 563 tigerant.
714 493 937 549 lnterim
991 491 1263 562 Josephus
1319 491 1618 545 inveterata
1671 487 1971 559 pertinacia

399 585 751 639 obduruerat.
783 582 888 640 Sed
912 582 1373 639 clementissimus
1409 580 1692 643 Dominus,
1726 580 1820 649 qui
1847 592 1972 634 sese

398 670 750 741 diligentibus
780 672 1038 742 praeclara
1086 671 1333 742 quaedam
1382 670 1541 725 oﬂ'ert
1570 666 1972 738 consequendae

399 766 595 822 salutis
626 767 899 836 praesidia,
923 766 1108 822 eadem
1147 765 1257 821 illis
1284 761 1550 833 impertit,
1583 776 1724 832 quos
1753 767 1970 816 aeterna

397 857 526 912 vitae
553 856 815 912 felicitate
847 856 1060 927 dignari
1100 856 1410 910 constituit.

471 945 562 1001 XI.
594 943 700 1001 Per
730 946 875 1002 idem
904 955 1119 1016 tempus
1153 960 1278 1001 cum
1307 945 1419 1015 jam
1459 944 1772 1015 patriarcha
1802 942 1973 1001 ludas

388 1026 501 1101 '(lta
523 1041 668 1093 enim
700 1036 840 1093 forte
862 1038 1178 1108 vocabatur)
1212 1037 1280 1091 ad
1300 1037 1581 1093 robustam
1605 1044 1817 1092 aetatem
1843 1052 1971 1107 per-

399 1128 661 1192 venisset,
686 1125 984 1196 Josephum
1018 1127 1224 1195 praemii
1247 1127 1369 1182 loco
1399 1128 1737 1198 apostolatus
1765 1127 1970 1197 (digni-

399 1219 530 1274 tatis
573 1219 626 1273 id
672 1234 869 1273 nomen
903 1221 1008 1289 est)
1051 1221 1258 1273 honore
1288 1233 1353 1273 ac
1387 1220 1690 1275 commodis
1717 1227 1966 1274 exornat.

399 1308 529 1365 Inde
562 1326 686 1365 cum
711 1311 909 1367 litteris
933 1313 986 1366 in
1008 1312 1255 1366 Ciliciam
1280 1312 1669 1383 proficiscitur.
1696 1310 1818 1377 Quo
1842 1327 1969 1366 cum

398 1401 758 1468 accessisset,
807 1416 1134 1471 unoquoque
1173 1417 1235 1457 ex
1277 1401 1477 1471 oppido
1520 1401 1780 1456 decumas
1811 1400 1967 1471 135

400 1503 463 1544 ac
502 1490 771 1559 primitias
813 1506 843 1544 a
888 1491 1311 1560 provincialibus
1340 1490 1547 1547 Judaeis
1584 1491 1857 1561 exigebat.
1890 1494 1969 1545 Ac

400 1587 515 1634 tum
542 1595 674 1636 casu
701 1583 950 1652 contigit,
984 1590 1043 1637 ut
1077 1584 1266 1637 nescio
1291 1600 1397 1653 qua
1431 1584 1487 1638 in
1525 1583 1660 1640 urbe
1702 1584 1756 1637 in
1789 1581 1968 1637 vicina

2071 399 2290 471 καρδίᾳ.
2333 398 2492 454 Ἀλλά
2518 402 2547 453 ὁ
2582 400 2961 472 φιλάνθρωπος
3002 401 3134 465 Θεὸς
3160 441 3175 467 ,
3228 401 3532 472 προφάσεις
3566 403 3657 457 ἀεὶ

2069 485 2243 553 διδοὺς
2316 490 2590 562 σωτηρίας
2647 493 2761 553 τοῖς
2828 490 3117 558 ἀγαπῶσιν
3172 489 3338 544 αὐτὸν
3407 490 3654 559 ἀγαθὰς,

2070 578 2271 642 ταύτας
2297 580 2523 650 παρέχει
2556 582 2668 643 τοῖς
2691 581 2770 644 είς
2792 576 2938 651 ζωὴν
2968 580 3415 651 καταξιουμένοις
3443 580 3657 653 ἀνθρώ-

2072 685 2215 732 ποις.

2141 930 2247 984 lA’.
2289 932 2612 1003 Συμϐέϐηκε
2642 933 2753 1005 γάρ
2788 934 2952 990 αὐτὸν
2993 937 3083 991 τὸν
3119 935 3379 1008 Ἰώσηπον
3415 937 3555 1009 μετά
3590 938 3656 993 τὸ

2072 1019 2397 1091 ἁδρυνθῆναι
2439 1021 2637 1076 ἰούδᾶν
2665 1022 2758 1076 τὸν
2797 1024 3178 1097 πατριάρχην,
3225 1025 3285 1078 ὃν
3318 1026 3654 1097 προείπομεν

2072 1113 2235 1184 (τάχα
2265 1115 2373 1186 γάρ
2401 1114 2571 1180 οὕτως
2604 1116 2875 1185 ἐλέγετο),
2908 1117 3147 1189 ἀμοιϐῆς
3183 1117 3346 1171 ἕνεκα
3369 1119 3537 1189 γέρας
3573 1118 3656 1189 τῷ

2084 1204 2328 1276 Ἰωσήπῳ
2361 1206 2462 1275 τῆς
2494 1207 2794 1278 ἀποστολῆς
2816 1206 3000 1261 δοῦναι
3024 1209 3123 1279 τὴν
3152 1208 3523 1279 ἐπικαρπίαν.
3541 1208 3655 1261 Καὶ

2074 1299 2191 1366 μετ’
2217 1298 2518 1352 ἐπιστολῶν
2545 1293 2700 1363 οὗτος
2735 1299 3128 1354 ἀποστέλλεται
3165 1302 3248 1363 είς
3281 1300 3379 1373 τὴν
3410 1299 3653 1353 Κιλίκων

2071 1392 2195 1461 γῆν.
2230 1394 2354 1457 Ὂς,
2388 1392 2626 1449 ἀνελθὼν
2660 1396 2863 1459 ἐκεῖσε,
2894 1394 3004 1448 ἀπὸ
3046 1395 3284 1466 ἑκάστης
3318 1392 3526 1457 πόλεως
3551 1393 3653 1463 τῆς

2071 1484 2323 1548 Κιλικίας
2355 1485 2423 1538 τὰ
2468 1486 2768 1540 ἐπιδέκατα
2809 1487 2905 1540 καὶ
2937 1486 3035 1550 τάς
3066 1485 3325 1558 ἀπαρχὰς
3355 1485 3506 1558 παρά
3541 1490 3653 1539 τῶν

2070 1576 2130 1628 ἐν
2164 1578 2229 1647 τῇ
2264 1575 2501 1647 ἐπαρχίᾳ
2544 1577 2813 1632 Ἰουδαίων
2853 1578 3228 1650 εἰσέπραττεν.
3272 1579 3360 1633 Ἐν
3387 1577 3561 1648 τούτῳ
3591 1577 3653 1631 δὲ

397 1671 644 1727 ecclesiae
676 1673 840 1727 domo
866 1673 1255 1728 diversaretur.
1293 1672 1504 1729 Exinde
1531 1684 1815 1729 contracta
1845 1687 1969 1727 cum

2074 1667 2150 1738 τῷ
2180 1669 2358 1739 καιρῷ
2406 1668 2701 1737 κατάγεται
2756 1669 3139 1742 πλησιαίτερον
3174 1670 3274 1741 τῆς
3318 1670 3651 1741 ἐκκλησίας,

398 1762 656 1833 episcopo
686 1763 1057 1817 familiaritate
1083 1764 1221 1817 clam
1252 1764 1322 1819 ab
1358 1779 1423 1819 eo
1456 1764 1871 1834 Evangeliorum
1898 1766 1966 1819 li-

398 1850 556 1905 brum
591 1853 847 1922 postulat,
893 1866 957 1906 ac
1000 1853 1148 1923 legit.
1183 1851 1247 1906 Et
1279 1855 1538 1923 quoniam
1572 1870 1673 1924 pro
1704 1870 1768 1910 ea
1802 1870 1965 1924 quam

398 1942 619 2011 gerebat
647 1944 880 2013 apostoli
914 1943 1194 1999 functione
1222 1945 1320 2016 (ita
1341 1945 1509 2011 enim,
1533 1951 1592 1999 ut
1626 1945 1885 2009 diximus,
1903 1959 1967 1999 ea

398 2032 637 2105 dignitas
655 2035 903 2107 vocatur)
930 2052 1197 2091 summam
1222 2051 1333 2109 prae
1357 2052 1415 2093 se
1438 2038 1783 2108 gravitatem,
1806 2044 1968 2106 atque

401 2121 461 2178 in
498 2125 884 2180 constituenda
912 2124 1204 2197 disciplina
1238 2127 1583 2183 severitatem
1618 2126 1848 2190 ferebat,
1878 2128 1968 2182 cui

400 2215 479 2270 rei
502 2215 823 2285 praestandae
850 2214 1027 2272 fuerat
1051 2218 1279 2281 electus,
1306 2232 1370 2272 ac
1403 2216 1695 2289 plerosque
1731 2233 1968 2289 synago-

402 2303 491 2375 gis
540 2302 847 2374 praefectos,
901 2313 958 2360 et
1028 2307 1363 2371 sacerdotes,
1405 2321 1470 2362 ac
1517 2308 1870 2380 presbyteros
1914 2317 1971 2363 et

398 2395 679 2458 Azanitas.
714 2412 823 2467 quo
858 2398 1079 2454 nomine
1123 2398 1390 2455 diaconos
1424 2405 1518 2454 aut
1550 2399 1834 2456 ministros
1872 2414 1969 2469 ap-

399 2486 626 2555 pellant,
656 2487 908 2544 homines
934 2489 1216 2560 improbos
1244 2490 1300 2544 in
1326 2488 1572 2545 ordinem
1599 2489 1882 2559 redegerat
1905 2505 1970 2545 ac

318 2646 325 2651 γ
399 2576 666 2648 dignitate
689 2578 952 2649 privarat,
990 2581 1286 2635 multorum
1317 2579 1371 2634 in
1406 2594 1465 2635 se
1497 2579 1768 2637 convertit
1805 2579 1963 2634 odia:

400 2666 495 2737 qui
543 2675 603 2724 ut
633 2683 757 2724 eum
802 2670 1222 2733 ulciscerentur,
1280 2670 1555 2726 curiosius
1589 2671 1876 2741 explorare
1913 2679 1968 2726 et

399 2772 523 2829 qua:
552 2758 620 2812 ab
648 2759 741 2813 illo
764 2767 1083 2829 gererentur
1114 2760 1389 2830 inquirere
1415 2776 1762 2831 summopere
1781 2762 1969 2831 cupie-

399 2847 551 2903 bant.
607 2847 688 2904 Ob
737 2864 832 2907 eas
884 2851 1049 2922 igitur
1113 2866 1310 2907 causas
1374 2853 1690 2909 acutissime
1746 2853 1965 2910 tandem

308 2950 309 2955 ‘
398 2936 611 2993 odorati
648 2954 716 2994 ex
746 2940 1043 3011 improviso
1074 2940 1332 3011 impetum
1365 2943 1420 2997 in
1449 2942 1594 2998 aedes
1617 2941 1845 3009 faciunt,
1879 2951 1964 2997 at-

398 3047 505 3103 que
529 3033 581 3086 in
614 3032 729 3102 ipsa
767 3007 1179 3105 Evangeliorum
1206 3035 1439 3091 lectione
1461 3034 1759 3106 Josephum
1785 3007 1970 3108 oppri-
1992 3007 2038 3069 ο

400 3133 573 3178 munt.
610 3122 709 3177 Hic
741 3124 880 3179 libro
911 3124 980 3180 de
1003 3125 1255 3180 manibus
1278 3135 1466 3195 erepto
1492 3125 1766 3181 hominem
1791 3129 1965 3184 corri-

400 3215 574 3285 piunt,
606 3222 658 3269 e't
694 3214 762 3269 ad
793 3223 991 3271 terram
1025 3217 1241 3273 allisum
1272 3216 1657 3285 vociferantes,
1689 3221 1969 3276 maximis-

400 3320 506 3376 que
549 3307 900 3363 contumeliis
941 3315 1200 3363 vexantes
1236 3308 1289 3362 in
1315 3324 1646 3381 synagogam
1667 3311 1965 3378 abducunt,

400 3395 680 3465 virgisque
724 3397 957 3452 caedunt.
999 3397 1246 3453 Primum
1299 3399 1403 3454 hoc
1435 3402 1501 3455 ab
1536 3402 1631 3456 illo
1670 3403 1967 3474 legitimum

398 3494 674 3539 certamen
697 3500 793 3555 pro
812 3486 1277 3558 fidesusceplum.
1305 3487 1386 3543 Ad
1405 3489 1520 3545 haec
1541 3493 1782 3546 accurrit
1816 3490 1969 3550 urbis

399 3574 713 3644 episc0pus,
738 3590 969 3644 eumque
997 3591 1064 3630 ex
1092 3576 1307 3630 illorum
1335 3577 1589 3633 manibus
1616 3579 1797 3649 eripit.
1822 3580 1969 3636 Alias

400 3664 597 3719 deinde
627 3680 750 3719 cum
782 3664 887 3719 iter
912 3674 1158 3736 agentem
1181 3666 1554 3733 offendissent,
1583 3670 1661 3724 sic
1683 3671 1825 3725 enim
1855 3672 1971 3742 ipse

400 3757 681 3820 narrabat,
713 3756 766 3810 in
793 3757 1040 3828 Cydnum
1069 3759 1373 3827 abjieiunt;
1405 3767 1566 3831 atque
1591 3761 1742 3815 illum
1767 3763 1968 3833 impetu

401 3843 643 3901 fluminis
678 3848 965 3918 abreptum
989 3863 1052 3903 ac
1076 3849 1177 3905 sub
1206 3864 1377 3921 aquas
1401 3851 1709 3907 demersum
1743 3853 1971 3923 periisse

397 3938 504 3993 rati
538 3954 869 4010 magnopere
894 3940 1066 4011 gavisi
1096 3950 1243 3996 sunt.
1276 3941 1389 4023 Sed;
1423 3943 1468 3999 is
1498 3951 1747 4000 servatus
1785 3953 1970 4015 pestea

399 4032 609 4087 caelesti
643 4032 915 4088 lavatione
946 4033 1201 4104 dignatus
1242 4044 1344 4091 est.
1390 4034 1528 4091 Hinc
1556 4036 1624 4091 ad
1654 4038 1969 4092 comitatum

402 4131 694 4192 provectus
715 4124 783 4178 ad
800 4124 1143 4180 Constantini
1160 4126 1507 4197 imperatoris
1532 4128 1825 4184 amicitiam
1856 4144 1975 4199 per-

399 4214 570 4277 venit,
598 4214 756 4284 eique
785 4216 1049 4285 quidquid
1071 4217 1175 4272 sibi
1205 4217 1478 4272 acciderat
1508 4221 1791 4289 exposuit;
1818 4221 1971 4289 prin-

2071 1760 2170 1812 οὐκ
2189 1756 2283 1813 οἷδ’
2313 1761 2487 1815 εἰπεῖν
2520 1761 2579 1813 ἐν
2613 1760 2744 1832 ποίᾳ
2778 1760 2951 1816 πόλει.
2982 1761 3254 1816 Φιλιοῦται
3279 1761 3337 1815 δὲ
3365 1760 3443 1832 τῷ
3470 1764 3651 1815 ἐκεῖσε

2070 1851 2375 1920 ἐπισκόπῳ,
2405 1850 2464 1913 ὃς
2496 1850 2795 1923 λεληθότως
2820 1851 2991 1922 ᾔτησε
3022 1853 3151 1924 παρ’
3182 1850 3347 1904 αὐτοῦ
3377 1850 3444 1905 τὰ
3472 1852 3653 1919 Εὐαγ-

2069 1940 2243 2011 γέλια,
2272 1942 2364 1995 καὶ
2392 1942 2621 2011 ἀνέγνω.
2666 1942 2818 1995 Ἐπεὶ
2865 1939 2978 2009 οὖν,
3004 1937 3094 1997 οἷα
3123 1942 3423 2007 ἀπόστολος
3454 1942 3652 2014 (οὕτως

2068 2033 2178 2104 γάρ
2222 2035 2351 2105 παρ’
2399 2034 2617 2107 αὐτοῖς,
2662 2034 2739 2098 ὡς
2776 2032 2948 2105 ἐφην,
2986 2034 3046 2090 τὸ
3088 2034 3305 2106 ἀξίωμα
3336 2022 3650 2106 καλεῖται),

2069 2125 2496 2197 ἐμϐριθέστατος
2525 2128 2620 2181 καὶ
2645 2126 2966 2198 καθαρεύων
2987 2126 3148 2197 δῆθεν
3174 2128 3243 2180 τά
3274 2129 3354 2190 είς
3376 2126 3655 2181 κατάστα-

2072 2231 2157 2269 σιν
2188 2216 2443 2288 εὐνομίας
2467 2258 2482 2282 ,
2532 2218 2705 2282 οὕτως
2732 2218 3002 2274 ἐπιτελεῖν
3049 2218 3482 2290 προϐαλλόμενος
3513 2218 3652 2289 (25),

2071 2305 2297 2370 πολλοὺς
2326 2306 2432 2359 τῶν
2472 2307 2658 2361 κακῶν
2687 2308 3133 2363 κατασταθέντων
3162 2308 3650 2380 ἀρχισυναγώγων,

2070 2397 2164 2452 καὶ
2205 2398 2415 2468 ίερέων,
2462 2400 2557 2454 καὶ
2606 2400 3012 2473 πρεσϐυτέρων,
3064 2399 3159 2453 καὶ
3207 2398 3503 2463 ’Δζανιτῶν
3539 2397 3653 2453 τῶν

2070 2490 2199 2560 παρ’
2227 2489 2412 2554 αὐτοῖς
2446 2490 2558 2560 (26)
2590 2490 2856 2546 διακόνων
2903 2491 3355 2562 ἑρμηνευομένων
3377 2491 3411 2561 ἢ
3439 2492 3648 2561 ὑπηρε-

2068 2577 2197 2641 τῶν,
2231 2577 2509 2650 καθαιρῶν
2536 2596 2597 2631 τε
2624 2579 2719 2633 καὶ
2744 2578 3052 2650 μετακινῶν
3081 2578 3177 2631 τοῦ
3209 2576 3519 2648 ἀξιώματος
3543 2576 3652 2629 ὑπὸ

2070 2666 2281 2720 πολλῶν
2307 2669 2603 2721 ἐνεκοτεῖτο
2624 2708 2639 2735 ,
2673 2668 2868 2732 οἵτινες
2914 2666 3098 2740 ῶσπερ
3140 2667 3447 2739 ἀμύνασθαι
3486 2668 3651 2721 αὐτὸν

2071 2760 2401 2828 πειρώμενοι
2447 2758 2916 2830 πολυπραγμονεῖν
2956 2757 3146 2812 τοῦτον
3191 2761 3287 2812 καὶ
3342 2759 3652 2831 ἰχνηλατεῖν

2068 2848 2137 2901 τὰ
2189 2850 2321 2918 παρ’
2349 2847 2513 2903 αὐτοῦ
2541 2848 2799 2920 γινόμενα
2827 2848 2887 2902 οὐ
2922 2849 3133 2920 μικρῶς
3161 2850 3511 2914 ἐσπούδαζον.
3549 2852 3653 2907 Διά

2069 2926 2326 3013 τοιαύτην
2370 2940 2427 2993 δὲ
2486 2941 2666 2995 αἰτίαν
2719 2940 3377 3013 πολυπραγμονήσαντες,
3438 2942 3654 3014 ἀθρόως

2071 3038 2402 3109 είσέφρησαν
2429 3038 2612 3091 οίκαδε
2644 3039 2726 3101 είς
2753 3038 2817 3091 τὸ
2848 3037 3015 3092 αὐτοῦ
3045 3038 3313 3107 ἐφέστιον,
3351 3040 3447 3093 καὶ
3475 3058 3653 3096 κατα-

2070 3128 2440 3200 λαμϐάνουσιν
2481 3129 2641 3185 αὑτὸν
2680 3129 2748 3184 τά
2798 3130 3107 3199 Εὐαγγέλια
3139 3131 3515 3203 διερχόμενονο
3549 3134 3653 3205 τήν

2069 3239 2130 3276 τε
2159 3221 2339 3293 βίϐλον
2364 3221 2679 3293 κατέχουσι,
2708 3222 2800 3274 τὸν
2822 3221 2879 3275 δὲ
2909 3221 3079 3293 ἀνδρα
3104 3224 3427 3294 ἁρπάζουσι,
3462 3224 3658 3295 σύρον-

2069 3331 2161 3377 τες
2198 3313 2411 3384 χαμαὶ,
2447 3312 2540 3366 καὶ
2576 3311 2827 3382 βοῶντες,
2866 3314 2959 3367 καὶ
2985 3313 3168 3375 αίκίας
3197 3312 3550 3385 ἐπιφέροντες
3589 3316 3649 3367 οὐ

2069 3404 2170 3468 τὰς
2201 3404 2489 3474 τυχούσας,
2516 3404 2791 3472 ἀπάγουσι
2818 3403 2915 3472 μὲν
2942 3404 3023 3467 είς
3050 3404 3150 3473 τὴν
3182 3404 3528 3475 συναγωγὴν,
3554 3406 3652 3459 καὶ

2074 3495 2395 3566 μαστξζουσι
2424 3493 2645 3559 τοῦτον,
2692 3495 2784 3547 καὶ
2822 3494 2962 3547 κατά
3002 3492 3091 3546 τὸν
3126 3493 3287 3563 νόμον
3321 3489 3473 3556 οὗτος
3502 3490 3655 3560 αὐτῷ

2072 3583 2287 3656 πρῶτος
2326 3582 2473 3652 ἀγὼν
2503 3584 2730 3652 γίνεται.
2787 3583 3022 3652 Ἐπέστη
3052 3582 3108 3634 δὲ
3155 3585 3183 3635 ὁ
3219 3581 3514 3646 ἐπίσκοπος
3552 3584 3652 3653 τῆς

2073 3676 2300 3742 πόλεως,
2332 3677 2427 3731 καὶ
2458 3676 2709 3745 ἀφείλετο
2749 3675 2932 3732 αὐτόν.
2962 3675 3182 3728 Ἀλλοτε
3210 3675 3266 3728 δὲ
3296 3660 3651 3749 καταλαμϐά-

2072 3784 2254 3821 νουσιν
2290 3769 2452 3823 αὐτὸν
2482 3771 2541 3822 ἐν
2568 3767 2844 3839 ὁδοιπορίᾳ
2872 3766 2999 3830 τινὶ,
3034 3766 3110 3829 ὡς
3136 3769 3266 3837 ἡμῖν
3304 3768 3649 3839 ὑφηγήσατο,

2072 3860 2166 3913 καὶ
2195 3860 2475 3931 ῥίπτουσιν
2503 3860 2666 3912 αὑτὸν
2705 3860 2784 3921 είς
2827 3858 3031 3912 Κύῶθον
3064 3859 3154 3912 τὸν
3184 3860 3446 3929 ποταμόν.
3476 3859 3567 3930 Τῷ
3592 3860 3652 3913 δὲ

2076 3952 2308 4025 ῥεύματι
2353 3952 2549 4004 αὑτὸνί
2592 3951 2912 4022 ἁρπαγέντα
2959 3950 3266 4015 ἐτόπασαν,
3309 3952 3382 4022 μή
3424 3969 3500 4023 πη
3543 3953 3655 4024 ἄρα

2072 4043 2267 4097 ὄλωλεν
2309 4043 2635 4115 ὑποϐρύχιος
2666 4043 2956 4112 γενόμενος
2999 4045 3111 4106 τοῖς
3154 4041 3311 4096 ὕδασι
3331 4058 3344 4073 ⁸
3377 4043 3472 4097 καὶ
3503 4043 3654 4114 ἔχαι-

2075 4152 2168 4207 ρον
2192 4135 2284 4197 ἐπὶ
2314 4133 2509 4204 τούτῳ.
2544 4135 2601 4188 Ὀ
2642 4133 2699 4186 δὲ
2738 4132 2920 4205 μικρῷ
2960 4132 3186 4204 ὕστερον
3232 4133 3459 4204 λουτροῦ
3493 4134 3652 4201 ἁγίου

2074 4227 2454 4292 καταξιούται·
2500 4224 2676 4296 ἐσώθη
2729 4227 2856 4297 γάρ.
2884 4226 3100 4277 ἔἈνεισι
3135 4224 3191 4277 δὲ
3238 4225 3332 4278 ἐπὶ
3369 4225 3429 4278 τὸ
3472 4242 3651 4296 κομη-

401 4303 578 4372 cipem
615 4319 675 4391 se
705 4303 923 4359 Iudaeos
960 4306 1102 4361 inter
1151 4306 1432 4377 dignitatis
1466 4310 1645 4364 locum
1675 4310 1967 4379 habuisse;

2076 4322 2254 4383 τᾶτον,
2293 4320 2387 4373 καὶ
2429 4318 2637 4389 βασιλεῖ
2672 4319 3065 4388 Κωνσταντίνῳ
3093 4317 3383 4386 φιλιοῦται,
3417 4318 3509 4371 καὶ
3554 4319 3652 4372 ἀν-

400 4393 497 4449 sed
525 4393 642 4448 visa
676 4394 781 4448 sibi
828 4396 1135 4466 frequentia
1164 4398 1427 4455 divinitus
1461 4401 1664 4466 oblata,
1707 4401 1970 4460 invitante

399 4482 651 4549 Domino,
682 4492 743 4538 ut
783 4485 851 4541 ad
898 4486 1022 4541 fidei
1059 4489 1496 4561 cognitionisque
1538 4507 1652 4548 sua:
1691 4495 1974 4551 sanctissi-

398 4590 540 4630 mam
577 4585 781 4633 sortem
841 4594 905 4635 ac
943 4581 1170 4635 salutem
1197 4597 1320 4637 sese
1351 4583 1694 4641 transferret.
1727 4586 1796 4639 At
1826 4589 1971 4658 opti-

397 4684 520 4724 mus
554 4669 870 4741 imperator,
900 4672 1210 4744 Christique
1240 4691 1427 4732 revera
1464 4693 1678 4745 servus,
1709 4688 1764 4734 et
1786 4680 1971 4735 divino

395 4762 632 4833 quodam
663 4764 806 4817 inter
843 4765 1119 4836 principes
1149 4767 1345 4823 ardore
1367 4778 1490 4839 post
1519 4768 1800 4837 Davidem,
1833 4770 1969 4828 Eze-

395 4853 596 4920 chiam,
632 4863 685 4910 et
714 4854 920 4911 Josiam
959 4868 1223 4926 aestuans,
1267 4860 1370 4915 hoc
1400 4862 1480 4915 illi
1514 4862 1798 4934 dignitatis
1827 4881 1969 4936 pra:-

396 4945 590 5009 mium,
620 4945 765 5015 quod
814 4948 977 5016 paulo
1009 4956 1136 5002 ante
1170 4950 1480 5015 retulimus,
1511 4956 1765 5017 contulit,
1796 4957 1969 5010 comi-

398 5042 617 5103 temque
674 5037 819 5097 fecit,
877 5038 1075 5105 juhens
1133 5040 1356 5109 insuper
1405 5050 1465 5094 ut
1511 5043 1775 5112 quidquid
1805 5045 1969 5100 vellet

395 5133 626 5193 optaret.
662 5126 819 5196 136
857 5128 948 5184 Ille
972 5130 1108 5184 nihil
1135 5131 1283 5186 aliud
1316 5132 1426 5188 nisi
1459 5134 1563 5188 hoc
1595 5151 1761 5189 unum
1798 5140 1971 5192 maxi-

470 5282 488 5314 ¹
510 5299 603 5356 γρ.
637 5262 1051 5355 ἀφαρπαγέντα.

467 5396 577 5468 (‘25)
619 5397 815 5470 Οὕτως
850 5399 1173 5470 ἐπιτελεῖν
1239 5401 1742 5470 προϐαλλόμενος.
1786 5399 1963 5455 Variis

396 5470 573 5523 modis
604 5468 863 5537 explicari
905 5470 1067 5523 verba
1102 5471 1205 5523 ista
1242 5480 1470 5538 possunt
1501 5491 1512 5525 :
1542 5468 1655 5526 sive
1688 5487 1752 5525 eo
1771 5487 1958 5534 sensu,

436 5554 556 5592 ueni
579 5538 951 5601 reddidimus;
985 5539 1097 5592 sive
1125 5554 1282 5606 quem
1315 5540 1612 5599 Cernat-ius
1646 5542 1915 5610 expressit
1944 5559 1955 5593 :

399 5552 487 5662 git
509 5610 644 5662 enim
665 5625 722 5662 se
745 5608 913 5662 facere
936 5607 1301 5662 nrwlendebat.

439 5608 487 5661 ὗε
509 5610 644 5662 enim
665 5625 722 5664 se
744 5608 913 5676 {ar-ere
935 5607 1301 5677 prwlendebat.

2076 4411 2227 4463 έθετο
2260 4408 2409 4479 αὐτῷ
2431 4408 2502 4462 τὰ
2532 4408 2652 4462 καθ’
2686 4408 2879 4462 ἐαυτὸν
2904 4408 3139 4471 ἅπαντα,
3180 4407 3256 4471 ὼς
3283 4403 3351 4479 ἦν
3391 4408 3499 4460 τῶν
3530 4410 3651 4461 κατ’

2086 4501 2369 4565 Ἰουδαίους
2413 4500 2751 4571 ἐξοχωτάτης
2801 4498 2957 4563 ἀξίας
2983 4538 2998 4559 .
3048 4500 3144 4554 καὶ
3189 4500 3265 4562 ὡς
3312 4501 3368 4552 αἱ
3405 4498 3652 4553 θεοπτίαι

2073 4591 2222 4662 αὐτῷ
2254 4591 2430 4662 πάντη
2459 4593 2760 4661 ἐφαίνοντο,
2800 4590 3006 4661 Κυρίου
3051 4590 3213 4643 αὐτὸν
3240 4590 3656 4662 προσκαλουμέο

2075 4700 2166 4736 νου
2191 4685 2270 4746 εἰς
2297 4682 2585 4755 τὴνάγίαν
2616 4682 2804 4751 κλῆσιν
2831 4682 2926 4734 καὶ
2965 4680 3239 4748 σωτηρίαν
3272 4680 3372 4749 τῆς
3400 4679 3521 4732 κατ’
3556 4679 3654 4731 αὐ-

2072 4774 2163 4827 τὸν
2198 4772 2431 4836 πίστεώς
2458 4790 2518 4826 τε
2546 4774 2638 4826 καὶ
2665 4770 2939 4841 γνώσεως.
2976 4770 3034 4823 '0
3060 4770 3116 4821 δὲ
3142 4770 3343 4837 ἀγαθὸς
3374 4769 3648 4840 βασιλεὺς,

2070 4865 2255 4929 δοῦλος
2297 4864 2371 4918 ὢν
2411 4864 2648 4936 Χριστοῦ
2696 4866 2755 4919 ἐν
2796 4862 3045 4933 ἀληθείᾳ,
3079 4862 3174 4915 καὶ
3215 4862 3306 4915 τὸν
3343 4861 3486 4915 κατά
3517 4860 3651 4914 Θεὸν

2073 4957 2232 5027 ζῆλον
2281 4959 2339 5010 ἐν
2389 4955 2666 5027 βασιλεῦσι
2714 4954 2854 5026 μετά
2899 4953 3063 5008 Δαϐὶδ
3110 4955 3204 5006 καὶ
3255 4950 3501 5016 Ἐζεκίαν
3556 4951 3653 5004 καὶ

2086 5049 2295 5102 Ἰωσίαν
2339 5048 2672 5117 κεκτημένος
2723 5046 2889 5116 γέρας
2941 5045 3087 5116 αύτῷ
3131 5044 3378 5109 δίδωσιν,
3425 5043 3501 5105 ὡς
3547 5042 3654 5112 ἤδη

2073 5143 2354 5210 προεῖπον,
2384 5139 2693 5210 ἀξιώματος
2735 5141 2791 5193 ἐν
2819 5142 2885 5209 τῇ
2917 5138 3081 5192 αὐτοῦ
3116 5138 3380 5209 βασιλείᾳ.
3417 5136 3653 5207 Κόμητα

2143 5405 2257 5490 (26)
2295 5407 2403 5461 Καὶ
2439 5409 2739 5490 Ἄζανιτῶκ
2776 5400 2895 5490 τῶν
2934 5412 3068 5479 παρ’
3101 5410 3324 5490 αὐτοῖς.
3365 5406 3653 5490 Judze‘iyrrn

2068 5488 2265 5548 vocant
2313 5493 2598 5548 synagogas
2660 5477 3125 5546 ministrttm,_vcl
3179 5482 3456 5535 aedituum.
3509 5477 3650 5535 Vi'do

2068 5542 2239 5601 Eliam
2274 5548 2326 5602 in
2342 5542 2563 5605 ’ΤΙιῶὺί
