4018 6112
356 279 459 335 423

983 280 1352 339 ADVERSUS
1391 280 1733 339 HERESES
1770 281 1894 340 LIB.
1938 282 1981 339 Ι.
2020 282 2180 340 ΤΟΜ.
2222 281 2285 340 ll.
2326 315 2394 327 ——-
2432 283 2702 342 HIERES.
2743 283 2911 340 XXX.

3502 286 3605 342 426

357 395 466 464 γάρ
495 393 658 449 αὑτὸν
688 392 989 468 κατέστησε
1018 396 1153 468 (27),
1183 399 1359 467 φήσας
1390 399 1538 470 αὐτῷ
1572 401 1740 453 αίτεῖν
1771 400 1931 453 πάλιν

2040 401 2106 453 mi
2144 399 2393 456 beneticii
2435 400 2556 455 loco
2586 401 2910 470 postulavit,
2945 398 3052 456 sibi
3090 405 3149 455 ut
3195 398 3253 454 in
3289 397 3604 456 Iuda-orum

355 486 384 539 ὃ
413 485 681 555 βούλεται.
712 486 771 541 Ὀ
789 487 847 540 δὲ
873 488 1025 542 οὐδὲν
1050 491 1290 560 ᾐτήσατο
1321 490 1458 560 πλὴν
1493 489 1648 544 τοῦτο
1680 491 1932 561 μέγιστον

354 575 601 646 χάρισμα
630 578 814 647 τυχεῖν
837 581 986 649 παρὰ
1014 578 1108 630 τοῦ
1138 577 1422 648 βασιλέως,
1448 578 1509 631 τὸ
1542 579 1929 650 ἐπιτραπῆναι,

356 667 451 720 καὶ
472 666 559 719 διὰ
581 667 1000 737 προστάγματος
1032 666 1311 737 βασιλικοῦ
1342 668 1690 738 οἰκοδομῆσαι
1714 668 1933 738 Χριστῷ

356 756 652 827 ἐκκλησίας
687 758 744 809 ἐν
764 759 882 818 ταῖς
909 756 1095 809 πόλεσι
1134 756 1227 809 καὶ
1256 756 1468 827 κώμαις
1495 757 1602 809 τῶν
1644 757 1929 812 Ἰουδαίων.

360 847 528 901 Ἔνθα
560 865 643 911 τις
671 847 925 901 οὐδέποτε
975 848 1192 917 ἴσχυσεν
1225 848 1572 917 οἰκοδομῆσαι
1604 847 1893 915 ἐκκλησίας
1914 889 1929 909 ,

355 939 446 993 διὰ
472 939 532 991 τὸ
555 939 693 1009 μήτε
709 938 945 1007 Ἕλληνα
969 940 1103 1009 μήτε
1132 938 1477 1010 Σαμαρείτην
1511 940 1646 1010 μήτε
1673 941 1713 991 Χ
1724 952 1931 1010 ριστια-

356 1032 443 1085 νὸν
476 1031 639 1102 μέσον
680 1030 859 1084 αὐτῶν
889 1026 1046 1085 εἶναι.
1093 1031 1262 1084 Τοῦτο
1310 1032 1366 1084 δὲ
1408 1032 1641 1100 μάλιστα
1681 1033 1738 1082 ἐν
1771 1032 1929 1083 Τιϐε-

360 1122 528 1193 ριάδι,
575 1122 669 1175 καὶ
719 1123 776 1174 ἐν
819 1122 1228 1192 Διοκαισαρεία,
1262 1125 1326 1191 τῇ
1362 1122 1454 1174 καὶ
1483 1121 1807 1190 Σεπφουρὶν,
1839 1121 1933 1173 καὶ

356 1213 412 1263 ἐν
446 1211 703 1281 Ναζαρὲτ
726 1252 738 1273 ,
770 1212 866 1263 καὶ
897 1213 954 1263 ἐν
984 1212 1395 1281 Καφαρναοὺμ,
1435 1210 1766 1280 φυλάσσεται
1803 1212 1930 1281 παρ’

355 1297 536 1359 αὐτοῖς
563 1296 655 1349 τοῦ
693 1296 766 1367 μὴ
791 1292 927 1350 εἷναί
959 1316 1080 1351 τινα
1115 1299 1272 1351 ἄλλου
1300 1300 1503 1362 ἔθνους.

426 1389 526 1441 lB'.
564 1386 761 1441 Λαϐὼν
793 1388 847 1440 δὲ
878 1391 905 1442 ὁ
948 1388 1208 1460 Ἰώσηπος
1237 1391 1305 1443 τὰ
1347 1391 1651 1462 γράμματα
1701 1393 1794 1445 καὶ
1833 1392 1930 1461 τὴν

356 1478 603 1543 ἐξουσίαν
649 1479 782 1550 μετὰ
839 1479 932 1532 τοῦ
981 1480 1290 1551 ἀξιώματος
1347 1483 1439 1536 ἐπὶ
1494 1484 1590 1554 τὴν
1638 1482 1930 1553 Τιϐεριάδα

353 1566 507 1641 ἧκεν,
536 1571 674 1642 ἔχων
708 1572 801 1625 καὶ
829 1573 1119 1637 ἐπιστολὰς
1145 1574 1253 1627 άπὸ
1279 1573 1387 1628 τῶν
1426 1574 1720 1645 βασιλικῶν
1749 1576 1932 1629 ἀναλί-

357 1679 529 1726 σκειν,
558 1663 693 1716 ἀλλὰ
738 1664 830 1716 καὶ
874 1663 1037 1727 αὐτὸς
1064 1664 1313 1733 ὀψωνίοις
1361 1666 1511 1737 παρὰ
1541 1666 1636 1719 τοῦ
1670 1667 1928 1737 βασιλέως

2041 488 2196 559 pagis
2226 488 2483 544 omnibus
2504 497 2558 544 et
2587 490 2802 560 oppidis
2827 488 3281 545 exstruendarum
3314 491 3368 545 in
3401 490 3608 546 Christi

2039 580 2303 635 honorem
2345 579 2703 634 ecclesiarum
2752 588 2998 651 potestas
3038 581 3389 652 imperatoris
3424 581 3610 637 edicto

2041 670 2212 726 ﬁeret.
2242 670 2454 737 Quibus
2484 673 2540 726 in
2569 672 2707 727 locis
2742 688 2902 728 nemo
2925 689 3164 743 unquam
3190 676 3453 731 ecclesias
3476 674 3607 730 tedi-

2040 762 2203 816 ticare
2234 769 2526 832 potuerat;
2566 761 2711 833 quod
2743 763 2926 819 nullus
2965 764 3108 819 inter
3136 780 3232 821 eos
3272 782 3447 836 neque
3477 781 3608 837 gen-

2038 853 2183 918 tilis,‘
2204 869 2380 923 neque
2413 854 2815 921 Samaritanus,
2851 872 3029 928 neque
3067 857 3418 914 Christianus
3448 859 3606 914 babi-

2038 955 2194 1000 taret.
2221 943 2639 1015 Prazscrtimque
2667 945 2976 1013 Tiberiade,
2999 948 3373 1016 Diocazsareae,
3406 965 3526 1019 qua:
3552 958 3607 1005 et

2049 1037 2336 1107 Sepburim
2374 1036 2595 1102 dicitur,
2632 1037 2908 1105 Nazareti,
2941 1042 3365 1110 Capharnaﬁmi,
3403 1043 3492 1097 ubi
3523 1042 3609 1096 dl-

2037 1129 2265 1199 iigenter
2297 1128 2399 1183 hoc
2427 1130 2743 1197 observant,
2776 1147 2937 1188 nemo
2969 1142 3028 1187 ut
3058 1135 3234 1204 gentis
3260 1133 3484 1189 alterius
3511 1133 3610 1188 do-

2038 1220 2298 1272 micilium
2328 1219 2440 1273 illic
2466 1219 2681 1275 habeat.

2107 1386 2220 1442 Xll.
2256 1389 2323 1442 At
2357 1388 2632 1460 Iosephus
2660 1392 2902 1462 acceptis
2944 1406 3070 1447 cum
3114 1408 3176 1448 ea
3224 1400 3493 1462 potestate
3543 1408 3609 1449 ac

2036 1482 2304 1550 dignitate
2342 1482 2543 1538 litteris
2595 1482 2933 1540 l‘iberiadem
2991 1487 3247 1555 perrexit,
3298 1502 3517 1557 unaque
3553 1494 3610 1542 et

2034 1572 2333 1641 diplomata
2369 1588 2555 1628 secum
2590 1575 2789 1641 attulit,
2840 1575 3043 1646 quibus
3091 1576 3367 1646 impensas
3411 1592 3442 1632 e
3474 1576 3612 1632 ﬁsco

2035 1670 2275 1732 caperet.
2311 1677 2435 1717 cum
2469 1664 2721 1734 privatim
2756 1665 2875 1735 ipse
2906 1664 3176 1736 stipendia
3205 1683 3270 1721 ex
3292 1667 3482 1722 eodem
3514 1682 3608 1723 ac-

354 1756 732 1826 τετιμημένος.
799 1759 1058 1829 ’Λρχεται
1099 1754 1229 1827 γοῦν
1275 1761 1332 1813 ἐν
1378 1761 1652 1831 Τιϐεριάδι
1706 1763 1928 1826 κτίζειν.

2040 1754 2259 1822 ciperet.
2292 1751 2463 1823 Igitur
2487 1751 2779 1810 Tiberiade
2805 1754 3090 1810 ecclesiam
3115 1756 3386 1813 aediﬁcare
3411 1758 3602 1828 coepit.

356 1845 502 1911 Ναὸς
542 1847 599 1901 δὲ
655 1849 908 1918 μέγιστος
957 1838 1029 1902 ἐνί
1060 1851 1126 1919 τῇ
1174 1849 1325 1902 πόλει
1367 1852 1715 1923 προῦπῆρχε’
1754 1853 1930 1922 τάχα,

356 1930 530 2006 οῐμαι,
570 1937 894 2007 Ἀδριάνειον
943 1937 1103 1990 τοῦτο
1145 1938 1392 1990 ἐκάλουν.
1448 1938 1658 2002 Ἀτελές
1692 1940 1749 1993 δὲ
1775 1939 1935 1993 τοῦτο

358 2028 417 2080 τὸ
450 2028 773 2098 Ἀδριάνειον
799 2028 1051 2100 διαμένον
1067 2028 1208 2099 τάχα
1239 2030 1288 2082 οἱ
1326 2029 1535 2082 πολῖται
1572 2031 1653 2093 εἰς
1677 2029 1934 2101 δημόσιον

356 2117 578 2188 λουτρὸν
617 2119 915 2188 ἐπειρῶντο
940 2119 1320 2174 ἐπισκευάσαι.
1358 2121 1536 2191 Ὅπερ
1566 2119 1740 2191 εὑρὼν
1770 2122 1797 2173 ὁ
1827 2119 1935 2172 Ἰώ-

360 2220 530 2276 σηπος
570 2209 634 2260 ἐκ
675 2207 865 2261 τούτου
909 2208 1008 2281 τὴν
1084 2210 1356 2281 πρόφασιν
1403 2209 1547 2279 ἔσχε.
1583 2211 1691 2263 Καὶ
1720 2210 1797 2273 ὡς
1832 2208 1934 2281 ἥδη

358 2292 483 2368 εὗρε
512 2298 601 2353 διὰ
633 2302 991 2371 τετραπήχων
1020 2299 1182 2354 λίθων
1214 2302 1582 2372 τετραπέδων.
1627 2301 1735 2365 ἕως
1768 2301 1934 2371 ὕψους

357 2390 502 2454 τινὸς
529 2390 984 2460 ἀνεγηγερμένον,
1004 2391 1252 2445 ἐντεῦθεν
1281 2393 1507 2463 ἄρχεται
1532 2393 1804 2447 ποιεῖσθαι
1836 2393 1934 2464 τῆς

360 2480 653 2551 ἐκκλησίας
678 2482 775 2553 τὴν
804 2482 1137 2552 ἐπιμέλειαν.
1174 2484 1462 2537 Ἀσόέστου
1490 2484 1546 2537 δέ
1568 2481 1634 2556 ἦν
1661 2484 1815 2555 χρεία
1840 2484 1936 2539 καὶ

360 2570 458 2640 τῆς
484 2571 648 2641 ἄλλης
674 2571 824 2642 ὕλης.
854 2574 1134 2644 Καμίνους
1174 2576 1352 2629 τοίνυν
1380 2575 1578 2642 ἔξωθεν
1602 2577 1701 2648 τῆς
1727 2576 1936 2643 πόλεως

362 2662 563 2727 πολλὰς
594 2664 892 2735 προσέταξε
923 2665 1194 2734 γενέσθαι,
1217 2667 1358 2738 τάχα
1388 2667 1478 2721 τὸν
1510 2669 1741 2740 ἀριθμὸν
1764 2669 1930 2726 ἐπτά’

363 2755 675 2826 φούρνακας
716 2756 774 2808 δὲ
824 2757 1135 2829 ἐπιχωρίως
1178 2759 1383 2822 ταύτας
1425 2759 1702 2815 καλοῦσιν.
1771 2760 1836 2816 Oi
1878 2760 1936 2815 δὲ

357 2845 545 2906 δεινοὶ.
589 2847 684 2900 καὶ
713 2847 851 2917 πρὸς
877 2849 984 2901 πᾶν
1014 2848 1351 2921 ἐπιχείρημα
1382 2849 1631 2922 εὕτολμοι
1674 2852 1935 2920 Ἰουδαῖοι,

361 2935 460 3006 τῆς
492 2938 622 3007 παρ’
653 2937 835 3001 αὐτοῖς
870 2936 956 2989 ἀεὶ
991 2939 1281 3010 γινομένης
1323 2942 1661 3010 μαγγανείας
1701 2944 1801 2996 οὐκ
1831 2945 1936 2998 ἀπ-

357 3026 587 3099 είχοντο.
617 3027 886 3096 Μαγείαις
914 3029 1023 3101 γάρ
1057 3048 1165 3083 τισι
1204 3033 1296 3084 καὶ
1348 3034 1686 3103 περιεργίαις
1730 3032 1790 3086 τὸ
1827 3032 1936 3104 πῦρ

362 3117 663 3188 καταδῆσαί
695 3120 745 3171 οἱ
783 3120 1036 3187 γεννᾶπδαι
1090 3120 1328 3173 Ἰουδαῖοι
1378 3122 1774 3193 ὲπετρίϐησαν·
1822 3123 1935 3177 ἀλλ’

360 3208 463 3262 οὐκ
489 3210 568 3272 είς
594 3209 745 3273 τέλος
771 3210 1014 3280 ἴσχυσαν.
1048 3211 1245 3281 ἸΙργει
1278 3212 1408 3279 γοῦν
1436 3212 1497 3265 τὸ
1527 3212 1656 3283 πῦρ,
1704 3214 1799 3266 καὶ
1839 3214 1937 3266 οὐκ

361 3297 653 3371 ἔπραττεν,
696 3299 833 3353 ἀλλὰ
872 3302 972 3371 τῆς
1006 3300 1159 3363 ιδίας,
1207 3302 1280 3365 ὡς
1312 3304 1505 3365 εἰπεῖν,
1538 3303 1753 3372 φύσεως
1782 3303 1938 3366 ἐκτὸς

364 3389 601 3456 ἐγένετο,
639 3391 727 3453 Ὠς
771 3390 828 3443 δὲ
860 3392 909 3443 οί
948 3391 1047 3461 τὴν
1076 3392 1542 3465 καυστικὴνὍλην
1573 3395 1938 3467 παραϐάλλειν

365 3481 441 3552 τῷ
473 3483 604 3553 πυρί⁵
646 3482 1084 3552 ἐπιτεταγμένοι,
1117 3485 1260 3554 φημὶ
1290 3484 1347 3536 δὲ
1383 3484 1675 3555 ρώπακας,
1720 3488 1816 3540 εἴτ’
1848 3484 1940 3541 οὖν

367 3570 617 3643 φρύγανα
638 3612 654 3634 ,
683 3556 1020 3642 παραθέντες
1046 3573 1146 3625 οὐκ
1174 3574 1458 3645 ἐνήργουν,
1486 3576 1563 3648 τῷ
1599 3578 1845 3650 Ἰωσήπῳ
1881 3580 1941 3633 τὸ

367 3662 609 3734 πραχθὲν
638 3664 938 3734 ἐσήμαναν.
984 3664 1211 3734 Δηχθεὶς
1259 3661 1351 3718 οὖν
1386 3667 1483 3738 τὴν
1521 3669 1693 3740 φρένα
1719 3673 1748 3723 ὁ
1777 3671 1938 3742 ἀνὴρ,

366 3757 462 3808 καὶ
507 3755 654 3826 ζήλῳ
683 3755 870 3826 ἀρθεὶς
901 3756 978 3827 τῷ
1011 3757 1147 3827 πρὸς
1174 3758 1264 3810 τὸν
1308 3758 1530 3829 Κύριον,
1566 3760 1799 3834 ἔδραμεν
1837 3762 1941 3829 ἔξω

366 3849 463 3917 τῆς
496 3848 701 3911 πόλεως
721 3860 733 3873 ⁸
767 3849 858 3903 καὶ
896 3848 1037 3919 ὕδωρ
1065 3850 1327 3914 κελεύσας
1356 3853 1644 3924 ἐνεχθῆναι
1674 3858 1731 3909 ἐν
1757 3857 1937 3925 ἄγγει,

367 3940 426 3991 ὲν
460 3940 725 4011 καμψάκῃ
767 3942 940 4013 φημὶ,
993 3943 1281 3998 uastat;va
1311 3945 1369 3998 δὲ
1411 3945 1569 3999 τοῦτο
1600 3948 1709 4017 (28)
1738 3949 1786 4000 οἱ
1826 3951 1944 4003 ἐπι-

369 4028 558 4101 χώριοι
585 4030 828 4095 καλοῦσι,
863 4032 1042 4086 λαϐὼν
1073 4035 1131 4087 τὸ
1159 4035 1290 4087 αὐτὸ
1324 4036 1490 4104 ἄγγος
1522 4036 1613 4089 τοῦ
1643 4037 1834 4103 ὓδατος
1862 4041 1943 4092 ἐν-

441 4185 551 4258 (‘27)
590 4187 828 4256 Κόμητα
876 4188 984 4258 γὰρ
1025 4190 1213 4242 αὐτὸν
1269 4191 1624 4258 κατέστησε.
1669 4192 1941 4249 Comitum

369 4256 810 4332 dignitasnudps
833 4256 955 4313 sine
981 4260 1296 4332 magstratu
1325 4276 1388 4332 ac
1411 4256 1689 4317 iunctione
1706 4264 1945 4332 plerum-

371 4342 476 4394 que
502 4328 691 4381 titulus
735 4328 866 4392 fuit;
902 4338 958 4382 ut
983 4343 1049 4382 ex
1081 4327 1463 4385 Theodosiano
1490 4332 1676 4387 codice
1704 4327 1941 4388 constat.

372 4395 524 4449 lianc
556 4396 950 4468 constantibus
994 4399 1287 4468 plerisque,
1338 4408 1398 4452 ut
1440 4401 1607 4455 refert
1651 4403 1941 4467 Eusebius,

370 4467 663 4542 congessit.
682 4465 880 4542 Eadem
900 4465 1333 4542 perhonor'arips
1348 4470 1628 4542 codicillos
1648 4486 1676 4523 a
1697 4465 1943 4542 principe

369 4533 771 4590 conferebatur.
810 4533 924 4601 Qua
961 4536 1027 4593 de
1056 4554 1116 4594 re
1145 4539 1212 4592 ad
1249 4537 1532 4594 ThemiStii
1569 4533 1712 4594 orat:
1739 4558 1792 4595 tv
1822 4533 1942 4601 pl'u-

370 4604 1002 4677 ribusﬁdisputarimus,
1051 4608 1141 4662 ubi
1189 4609 1459 4677 ejusmodi
1492 4611 1726 4665 codicilli
1770 4604 1943 4666 δέλτοι

373 4674 704 4745 σφυρήλατοι
721 4677 1063 4749 appellantur
1088 4695 1114 4731 a
1150 4674 1470 4733 Tliemistio.
1494 4679 1547 4733 In
1577 4696 1686 4749 quo
1715 4682 1942 4736 ridicula

371 4748 752 4819 est_an_ouymi_
775 4748 1122 4811 coniectoris,
1138 4749 1229 4817 qui
1264 4749 1331 4803 de
1357 4748 1752 4805 suburbicariis
1775 4766 1947 4819 nuper

373 4815 611 4891 scripsit,
643 4817 930 4891 oscitantia
965 4832 1091 4891 eum
1125 4815 1251 4891 pari
1277 4819 1607 4891 impudentia
1630 4815 1942 4891 conjuncta.

376 4881 1063 4961 Scripserat_Tltemistius
1116 4881 1367 4942 oratione
1396 4889 1497 4961 illa
1542 4905 1614 4961 tv,
1658 4881 1779 4961 pag.
1812 4892 1943 4945 edit.

374 4960 575 5030 nostra-
610 4955 735 5030 ll7,
770 4970 848 5030 se,
881 4973 1004 5009 cum
1042 4967 1225 5030 posset
1259 4959 1513 5012 omnibus
1544 4955 1753 5015 illis'ef
1776 4962 1947 5030 impe—

374 5028 575 5099 ratoris
610 5024 938 5099 liberalitate
970 5024 1295 5099 commodis,
1321 5042 1390 5099 ac
1430 5030 1821 5099 voluptatibus,
1852 5024 1947 5085 de-

377 5092 625 5163 liciisque
654 5093 879 5161 perfrui.
916 5096 1088 5148 ὁπόσα
1113 5099 1231 5160 ταῖς
1277 5097 1480 5160 δέλτοις
1514 5092 1947 5163 ἀκολουθείνταίς

379 5162 763 5239 σφυρηλάτοις,
790 5165 892 5217 hoc
918 5176 1021 5229 est,
1041 5167 1393 5239 qutegtabulas
1415 5168 1537 5239 ill_a.s
1560 5162 1949 5239 consequuntur

374 5231 567 5285 malleo
598 5234 840 5295 ductiles,
874 5231 1258 5290 communibus
1304 5238 1411 5291 illis
1463 5231 1737 5295 fructibus
1778 5240 1950 5295 fuisse

373 5309 713 5375 contentmu.
747 5321 884 5372 quos
924 5306 1072 5360 cives
1119 5307 1301 5360 exteri
1345 5307 1578 5375 publicis
1613 5310 1836 5364 tesseris
1865 5317 1950 5363 at-

374 5386 483 5444 que
527 5371 873 5444 imperatoris
908 5375 1196 5444 largitione
1237 5371 1720 5444 consequerentur.
1752 5377 1865 5433 Hoc
1892 5380 1947 5432 in

374 5441 500 5518 loco
521 5440 740 5506 δέλτους
769 5440 1145 5518 σφυρηλάτους
1162 5440 1443 5518 conjector
1463 5448 1597 5501 nihil
1615 5449 1759 5503 aliud
1784 5464 1947 5518 quam

372 5517 615 5588 tesseras
658 5527 780 5566 esse
827 5514 1127 5569 contendit.
1162 5514 1358 5588 Verum
1419 5518 1548 5588 quid
1595 5534 1717 5573 esse
1770 5514 1950 5588 potest

380 5580 697 5652 absurdius,
728 5597 891 5652 quam
934 5600 996 5638 ex
1032 5587 1254 5641 tesseris
1286 5586 1394 5640 illis
1426 5580 1795 5643 frumentariis
1831 5604 1952 5642 cre-

376 5648 507 5727 dere
527 5648 759 5727 μακρόν
778 5653 926 5727 illum
970 5654 1268 5727 κατάλογον
1308 5656 1407 5727 τῆς
1447 5658 1676 5727 τρυφῆς,
1713 5659 1805 5712 καὶ
1853 5658 1950 5726 τῆς

376 5718 669 5783 εὐπαθείας
712 5722 1015 5776 redundare
1067 5718 1258 5792 posse?
1316 5718 1813 5788 l’rzeserti'm'vcum.
1873 5718 1948 5780 uti

696 5814 963 5875 Ρλτμοῑ..
1005 5816 1120 5878 Gtt.
1173 5818 1330 5879 XLI.

2039 1844 2163 1897 Erat
2199 1845 2253 1897 in
2296 1844 2487 1901 eadem
2533 1848 2669 1902 urbe
2710 1846 2972 1916 templum
3008 1847 3201 1917 ingens
3233 1847 3362 1901 olim
3393 1859 3611 1903 exstru-

2034 1942 2203 1997 ctum,
2243 1936 2387 2005 quod
2442 1936 2788 2003 Adrianium,
2845 1937 2951 1992 nisi
3014 1937 3193 2002 fallor,
3233 1938 3606 2008 appellabant.

2035 2026 2189 2092 Quod
2230 2042 2356 2082 cum
2395 2028 2775 2097 imperfectum
2808 2029 3076 2085 hactenus
3110 2031 3426 2092 mansisset.
3452 2030 3610 2100 oppi-

2035 2122 2164 2176 dani
2212 2123 2461 2191 publicas
2501 2124 2555 2177 in
2606 2123 2835 2179 balneas
2894 2133 3235 2179 commutare
3293 2122 3607 2178 studebant.

2034 2202 2152 2263 Hoc
2181 2207 2454 2279 Iosephus
2486 2204 2702 2273 nactus,
2736 2211 2803 2266 ad
2842 2211 2895 2265 id
2943 2211 3089 2278 quod
3123 2212 3310 2265 animo
3343 2226 3611 2281 concepe-

2035 2306 2118 2352 rat
2148 2301 2567 2356 accommodare
2608 2301 2873 2356 instituit.
2919 2303 2985 2355 ﬁt
3025 2308 3085 2355 ut
3116 2301 3385 2372 quadrato
3428 2300 3610 2372 lapide

2036 2397 2365 2459 quaternum
2400 2391 2716 2446 cubitorum
2765 2401 2972 2448 certam
3014 2394 3082 2448 ad
3117 2392 3461 2448 altitudinem
3491 2406 3611 2448 ere-

2036 2488 2186 2535 ctum
2235 2481 2541 2547 invenerat,
2577 2483 2750 2538 veteri
2792 2491 3084 2539 structurae
3129 2499 3324 2539 novam
3362 2484 3611 2539 ecclesiae

2035 2574 2234 2629 molem
2256 2574 2535 2645 imponere
2566 2577 2780 2631 statuit.
2803 2575 2883 2631 Ad
2913 2575 2967 2630 id
2992 2577 3142 2631 calce
3165 2577 3281 2631 viva
3307 2591 3448 2646 opus
3469 2585 3607 2641 erat,

2036 2665 2360 2736 reliquaque
2398 2666 2546 2721 omni
2578 2666 2830 2722 materia.
2864 2664 3032 2738 Igitur
3059 2667 3305 2723 caminos
3334 2674 3488 2721 extra
3520 2682 3611 2720 ur-

2036 2757 2159 2813 bem
2190 2757 2307 2813 ﬁeri
2346 2773 2457 2812 non
2512 2772 2721 2828 paucos
2763 2757 3015 2828 imperat,
3070 2767 3329 2828 septenos
3367 2758 3611 2824 circiter,

2038 2863 2179 2918 quos
2212 2848 2375 2919 vulgo
2404 2846 2659 2904 fornaecs
2692 2848 2998 2903 nominant.
3040 2847 3153 2903 Sub
3186 2849 3299 2902 bace
3336 2847 3507 2903 Judaei
3542 2848 3610 2903 ad

2036 2940 2292 2996 audenda
2324 2940 2581 3010 quaelibet
2609 2938 2838 3009 projecti
2869 2939 2937 2993 ad
2969 2939 3170 2994 usitata
3195 2940 3241 2993 ei
3273 2940 3416 3011 genti
3441 2938 3612 2993 male-

2039 3031 2162 3087 ﬁcia
2214 3031 2553 3103 confugiunt.
2613 3031 2828 3086 Etenim
2882 3031 3110 3101 magicis
3164 3031 3499 3085 carminibus
3546 3044 3610 3085 ac

1964 3101 2006 3156 (ἶ
2040 3125 2335 3197 praestigiis
2366 3101 2475 3179 vim
2519 3123 2662 3196 ignis
2699 3122 2964 3193 impedire
2995 3124 3197 3195 egregii
3234 3122 3482 3178 homines
3515 3139 3613 3194 ag-

2039 3216 2214 3286 gressi
2246 3225 2412 3282 sunt;
2447 3216 2543 3271 sed
2572 3230 2680 3269 non
2715 3223 2981 3286 perpetuo
3015 3223 3328 3285 potuerunt.
3361 3215 3427 3269 At
3455 3215 3613 3270 initio

2037 3315 2222 3361 tamen
2278 3307 2532 3361 cessabat
2586 3306 2749 3376 ignis,
2783 3306 3032 3375 nihilque
3076 3307 3362 3376 coquebat,
3401 3314 3614 3361 natura:

2042 3415 2155 3455 Sua:
2189 3400 2336 3452 velut
2367 3397 2543 3452 ollicio
2570 3398 2888 3453 destitutus.
2918 3396 3056 3452 Tum
3088 3398 3179 3468 qui
3216 3398 3616 3468 suppeditanda

2042 3490 2152 3561 igni
2188 3490 2408 3561 pabulo,
2446 3491 2696 3561 virgultis
2736 3491 2949 3546 scilicet
2997 3505 3060 3544 ac
3092 3490 3416 3545 fructicibus
3458 3498 3617 3545 erant

2043 3582 2295 3649 appositi,
2341 3595 2465 3634 eum
2511 3581 2648 3634 nihil
2697 3596 2755 3636 se
2795 3581 3059 3650 prolicere
3096 3581 3614 3647 animadverterent,

2042 3688 2156 3727 rem
2201 3674 2268 3727 ad
2301 3671 2601 3743 Josephum
2636 3673 2913 3729 deferunt.
2949 3672 3182 3745 Pupugit
3207 3689 3271 3729 ea
3313 3688 3400 3730 res
3440 3674 3617 3728 homi-

2044 3779 2187 3827 nem,
2231 3764 2526 3834 statimque
2566 3765 2775 3820 coclesti
2811 3765 2867 3819 in
2915 3765 3202 3819 Dominum
3252 3765 3449 3821 ardore
3490 3781 3614 3822 suc-

2043 3870 2242 3909 census
2280 3863 2436 3909 extra
2467 3856 2657 3911 urbem
2692 3856 2945 3923 advolat;
2984 3871 3182 3926 aquam
3223 3858 3498 3924 postulat;
3535 3856 3616 3909 af-

2046 3944 2214 3999 fertur
2248 3946 2302 3997 in
2348 3958 2500 3999 aeneo
2541 3959 2691 4010 vase,
2735 3944 2881 4014 quod
2926 3959 3250 4014 campsacen
3285 3945 3466 4015 vulgo,
3504 3945 3615 3999 illic

2044 4035 2331 4091 cacubium
2368 4040 2584 4090 vocant.
2618 4033 2696 4089 Eo
2720 4049 2902 4090 coram
2933 4035 3188 4091 omnibus
3220 4044 3442 4105 accepto
3465 4036 3613 4109 (nam

2044 4190 2179 4251 dixi,
2215 4197 2547 4243 teSserarum
2603 4187 2692 4260 illa
2743 4189 3052 4255 commoda,
3082 4205 3204 4260 quae
3234 4205 3357 4246 eum
3409 4190 3617 4245 caeteris

2045 4261 2355 4331 communia
2408 4267 2645 4327 caperet,
2680 4259 2786 4331 illis
2836 4259 3245 4331 opponat,’quae
3271 4262 3388 4323 ταῖς
3415 4260 3620 4323 δέλτοις

2045 4328 2326 4400 ἀκολουθεῖ
2353 4331 2469 4391 ταῖς
2501 4328 2888 4400 σφυρηλάτοιςξ
2909 4328 3020 4400 Age
3043 4328 3207 4400 vero;
3239 4346 3362 4385 cum
3393 4338 3617 4400 orat.vt,

1975 4432 2016 4488 υ
2047 4415 2165 4488 trs-
2198 4398 2320 4488 ’ἐῖῶ
2353 4398 3223 4488 essetis:Ersit'a_:ﬁ15ék=ra
3241 4413 3348 4488 ηυξ
3394 4399 3620 4488 safer:

2047 4468 2191 4540 χίαν,
2222 4469 2325 4522 hoc
2346 4468 2609 4540 esturbis
2625 4468 3023 4538 praefecturam,
3044 4468 3370 4540 obtinuerat,
3398 4468 3619 4539 gloriari

2047 4537 2202 4602 sese;
2266 4537 2362 4611 sed
2422 4537 2498 4611 de
2526 4537 2637 4592 alia
2682 4540 2884 4611 potius,
2945 4540 3011 4611 ἢν
3057 4540 3156 4611 οὐκ
3202 4537 3461 4611 ἐποίησαν
3493 4540 3620 4611 Δἐλε-

2048 4608 2376 4679 φαντουργοὶ
2395 4607 2840 4680 οὐδέῥχρυσοχόοι,
2872 4607 2979 4661 hoc
2994 4617 3079 4663 est
3104 4607 3446 4678 imperatoris
3484 4609 3614 4680 lilio,

2047 4676 2209 4748 quem
2260 4676 2456 4745 parens
2504 4676 2624 4730 ﬁdei
2679 4676 2791 4734 stite
2833 4676 3202 4742 commiserat,
3228 4687 3382 4733 estne
3415 4677 3623 4748 utfru-

2052 4746 2372 4803 mentariam
2401 4755 2663 4801 tesseram
2701 4748 2978 4816 conjector
3007 4748 3093 4801 hic
3122 4748 3395 4802 somniet?
3443 4746 3510 4800 Ut
3552 4748 3620 4801 ad

2049 4816 2344 4885 Joseptuuu
2378 4816 2616 4885 redeam,
2649 4817 2838 4872 confer
2866 4832 2990 4870 cum
3027 4819 3129 4870 hoc
3166 4818 3285 4871 loco
3313 4832 3434 4884 quae
3465 4817 3624 4871 Euse-

2053 4884 2239 4941 bius"
2268 4893 2321 4940 et
2355 4901 2410 4938 tu
2446 4884 2520 4938 De
2554 4887 2659 4938 vita
2683 4887 3018 4941 Constantini
3062 4887 3247 4951 refert,
3295 4898 3499 4954 quanto
3535 4887 3623 4940 hic

2052 4956 2557 5011 constituendarum
2586 4958 2784 5023 ubique
2815 4958 3170 5011 ecclesiarum
3203 4959 3388 5010 studio
3424 4957 3621 5025 ﬂagra-

2054 5032 2210 5090 verit,
2246 5033 2413 5094 utque
2442 5026 2659 5080 easdem
2692 5028 2928 5096 publicis
2952 5027 3262 5096 sumptibus
3291 5025 3623 5081 exaediﬁcari

2055 5099 2303 5151 voluerit.
2662 5104 2665 5105 '
3530 5128 3535 5135 .

2124 5167 2235 5235 (‘28)
2276 5167 2608 5220 Κιικούϐιον
2655 5166 2724 5220 δὲ
2770 5167 2964 5221 τοῦτο.
3043 5166 3203 5223 Forte
3260 5165 3623 5234 Κουκούμιον.

2056 5236 2233 5292 Habes
2271 5236 2356 5290 hic
2391 5252 2545 5305 aquae
2578 5237 2953 5291 benedictione
2984 5247 3316 5292 consecrata:
3344 5252 3503 5293 usum
3540 5237 3626 5288 in-

2055 5309 2263 5372 signem
2301 5314 2467 5375 atque
2513 5305 2771 5361 fructum.
2803 5308 2922 5370 Cui,
2954 5323 3078 5362 cum
3135 5309 3252 5363 haec
3304 5308 3623 5366 scriberem,

2057 5377 2211 5432 aliine
2243 5377 2589 5447 quiddamgac
2620 5379 2895 5446 geminum
2920 5378 3159 5433 occurrit
3182 5377 3326 5447 apud
3348 5376 3625 5447 Pbetium,

2058 5464 2207 5517 num.
2241 5443 2329 5509 96,
2365 5462 2431 5500 ex
2479 5443 2712 5517 Georgio
2759 5448 3130 5501 Alexandrino
3183 5443 3236 5501 iii
3264 5447 3411 5500 Actis
3459 5443 3629 5517 sancti

2056 5516 2436 5587 Chrysostomi.
2484 5516 2585 5571 Ubi
2625 5514 2767 5572 inter
2789 5525 2984 5571 caetera
3018 5518 3218 5571 Euclize
3244 5517 3529 5587 cujusdam
3568 5514 3630 5565 li-

2059 5584 2203 5661 liuui
2237 5586 2402 5661 refert
2448 5602 2478 5639 a
2528 5587 2586 5641 Β.
2621 5588 3013 5661 Cbrysostouto
3062 5603 3234 5661 aquae.
3263 5587 3375 5661 cui.
3414 5584 3630 5661 signum

2057 5658 2239 5729 crucis
2283 5658 2674 5729 _ii_nprcsserat,
2735 5655 3054 5729 aspersione
3106 5655 3554 5726 desperatissinto
3601 5668 3634 5705 α

2061 5728 2250 5782 morbo
2282 5726 2594 5782 liberatum.

3267 5781 3399 5879 ἰι
