4018 6128
430 256 532 313 «1’21

1843 243 1900 299 S.
1940 242 2277 300 EPIPHANII

3583 253 3693 310 428

430 375 500 429 ad
530 375 643 427 hoc
679 368 1049 441 spectaculum
1084 365 1398 421 Judaeorum
1442 362 1601 418 turba
1643 368 1999 423 convenerat,

2112 358 2274 413 ώπιον
2306 362 2523 416 πάντων
2551 361 2935 436 (συνηθροίσθη
2966 366 3024 419 δέ
3059 365 3261 437 πλῆθος
3296 366 3565 422 Ἰουδαίων
3595 370 3692 422 ἐπὶ

436 472 495 516 ut
536 463 611 517 rei
650 468 925 524 eventum,
970 472 1033 513 ac
1082 456 1213 527 quid
1257 454 1476 510 tandem
1516 451 1790 522 Josephus
1822 459 2004 521 ageret

432 552 721 622 viderent),
762 550 918 621 137
954 549 1137 603 crucis
1191 547 1406 616 signum
1447 559 1611 615 super
1654 542 1787 597 illud
1839 541 2004 613 digito

432 645 603 709 ducit,
636 658 698 696 ac
729 642 857 697 Jesu
895 656 1095 694 nomen
1131 639 1394 692 invocans
1431 650 1626 705 magna
1660 650 1794 689 voce
1823 635 1903 688 sic
1931 634 2005 687 lo-

432 737 616 806 quitur
650 754 663 788 :
704 734 760 788 In
798 734 1017 788 nomine
1049 730 1177 785 Jcsu
1212 729 1501 791 Nazareni,
1534 743 1694 798 quem
1721 727 1822 782 mei
1860 726 2005 797 pari-

434 839 518 884 ter
546 835 711 897 atque
743 827 940 879 borum
974 824 1241 887 omnium,
1273 822 1366 892 qui
1400 822 1487 876 hic
1523 828 1727 893 astant,
1763 819 2005 888 majores

433 936 489 974 in
522 934 738 975 crucem
772 923 1020 987 egerunt,
1043 915 1156 970 bare
1189 928 1330 985 aqua
1364 913 1469 967 vim
1507 914 1703 968 habeto
1730 912 1795 967 ad
1828 909 2000 981 magi-

432 1026 529 1066 cas
560 1019 726 1071 artes,
776 1006 1148 1075 maleﬁciaque
1191 1004 1372 1059 omnia
1429 1003 1836 1073 restinguenda,
1885 1017 2005 1072 qme

434 1102 527 1156 isti
560 1104 966 1169 compararunt,
1008 1096 1074 1150 ab
1101 1095 1399 1165 eademque
1431 1093 1511 1147 vis
1558 1093 1664 1163 igni
1702 1106 1800 1146 sua
1845 1089 2006 1143 resti-

435 1198 640 1248 tuatur.
678 1204 786 1260 quo
815 1187 1027 1243 Domini
1072 1187 1268 1242 domus
1306 1185 1513 1239 absolvi
1550 1183 1743 1254 possit.
1782 1180 1878 1237 llis
1915 1180 2002 1235 di-

441 1285 568 1350 clis,
607 1282 925 1338 fornacibus
945 1280 1175 1351 singulis
1206 1294 1400 1350 aquam
1433 1279 1691 1347 aspergit.
1716 1279 1795 1330 lta
1823 1276 2003 1331 disso-

434 1375 564 1429 lutis
593 1374 879 1445 praestigiis
904 1388 1086 1428 coram
1118 1373 1395 1438 omnibus,
1433 1372 1576 1442 ignis
1595 1368 2003 1443 eﬂ'erbuitﬂuo

2106 454 2204 525 τὴν
2233 453 2381 522 θέαν,
2428 457 2487 510 τὸ
2525 457 2935 530 ἀποϐησόμενον
2967 459 3092 514 ίδεῖν
3128 459 3546 525 σπουδάζοντες,
3593 462 3691 516 καὶ

2106 543 2134 595 ὅ
2166 560 2215 596 τι
2247 547 2642 618 ἐπιχειρήσειεν
2689 548 2952 620 Ἰώσηπος
2986 551 3248 622 πράττειν
3271 552 3312 618 ),
3370 552 3581 623 μεγάλῃ
3620 554 3688 622 τῇ

2107 638 2256 706 φωνῇ
2286 639 2314 689 ό
2338 637 2475 711 ἀνὴρ
2505 640 2737 711 σταυροῦ
2770 641 3042 710 σφραγῖδα
3072 641 3281 705 ἐπιθεὶς
3306 640 3385 712 τῷ
3408 641 3568 710 ἄγγει
3598 643 3690 695 διὰ

2104 725 2198 779 τοῦ
2250 726 2381 781 ίδίου
2423 729 2710 796 δακτύλου,
2762 734 2858 786 καὶ
2908 732 3374 803 ἐπικαλεσάμενος
3418 732 3480 785 τὸ
3518 732 3690 803 ὄνομα

2120 819 2292 889 Ἰησοῦ
2311 860 2325 881 ,
2363 817 2515 875 εἶπεν
2544 824 2742 887 οὕτως·
2789 825 2877 877 Ἐν
2903 824 3129 895 ὀνόματι
3166 824 3343 895 Ἰησοῦ
3373 824 3467 878 τοῦ
3494 825 3689 889 Ναζω-

2110 910 2280 980 ραίου,
2325 907 2386 967 οὗ
2420 914 2770 985 ἐσταύρωσαν
2817 916 2865 967 oi
2917 915 3152 987 πατέρες
3188 932 3290 985 μου
3340 916 3434 968 καὶ
3484 915 3691 969 τούτων

2105 1003 2323 1057 πάντων
2348 1004 2455 1059 τῶν
2485 1005 2885 1078 περιεστώτων,
2911 1007 3137 1078 γένηται
3165 1006 3395 1077 δύναμις
3428 1009 3486 1060 ἐν
3514 1006 3692 1077 τούτῳ

2104 1092 2181 1163 τῷ
2232 1094 2384 1149 ὓδατι
2432 1099 2513 1160 εἰς
2552 1096 2810 1168 ἀθέτησιν
2856 1099 3037 1168 πάσης
3077 1096 3427 1170 φαρμακείας
3458 1098 3552 1150 καὶ
3582 1115 3691 1166 μα·-

2104 1186 2279 1254 γείας,
2303 1184 2372 1261 ἦς
2402 1181 2549 1242 οὗτοι
2580 1188 2840 1261 ἔπραξαν,
2872 1191 2967 1244 καὶ
2994 1192 3075 1253 είς
3102 1190 3380 1257 ἐνέργειαν
3406 1188 3692 1259 δυνάμεως

2104 1277 2182 1349 τῷ
2215 1280 2351 1350 πυρὶ
2377 1281 2455 1344 είς
2489 1280 2550 1334 τὸ
2578 1280 2989 1352 ἐπιτελεσθῆναι
3021 1281 3110 1333 τὸν
3136 1274 3286 1333 οἷκον
3314 1279 3537 1349 Κυρίου.
3576 1278 3690 1332 Καὶ

2105 1369 2275 1432 οὕτως
2317 1370 2583 1441 λαμϐάνει
2631 1372 2691 1424 τὸ
2738 1371 2883 1442 ὕδωρ
2936 1373 2995 1424 ἐν
3039 1372 3105 1441 τῇ
3154 1370 3319 1443 χειρὶ,
3369 1356 3465 1422 καλ⁵
3513 1370 3690 1441 ῥαίνει

435 1466 700 1521 miraculo
728 1474 998 1520 commota
1031 1463 1189 1518 turba
1224 1464 1437 1534 magnis
1474 1462 1702 1517 vocibus
1729 1461 2006 1516 exclama-

2112 1461 2320 1533 ἑκάστῳ
2339 1462 2603 1534 φούρνακι
2621 1464 2684 1515 ἐκ
2712 1462 2802 1517 τού
2831 1462 3042 1527 ὓδατος.
3071 1463 3179 1516 Καὶ
3205 1461 3460 1514 ἀνελύετο
3481 1461 3579 1532 μὲν
3619 1461 3689 1513 τὰ

434 1559 544 1611 vit:
578 1555 733 1611 Unus
748 1566 832 1611 est
863 1556 1027 1621 Deus,
1058 1557 1150 1627 qui
1176 1556 1519 1611 Christianos
1540 1554 1795 1624 adjuvat;
1823 1553 2006 1623 itaque

2112 1554 2394 1625 φάρμακα,
2427 1555 2488 1608 τὸ
2515 1555 2623 1628 πῦρ
2666 1555 2724 1608 δὲ
2758 1555 2989 1608 ἐνώπιον
3019 1555 3238 1608 πάντων
3270 1553 3683 1607 ἀνεϐλύστανεν.

433 1649 707 1704 discessit.
740 1650 815 1703 Ac
848 1664 989 1718 saepe
1027 1649 1162 1706 alias
1200 1648 1525 1704 vexantibus
1552 1644 1756 1701 Juda‘is
1787 1645 2001 1699 tandem

2112 1648 2170 1700 Οί
2211 1646 2268 1700 δὲ
2316 1649 2582 1718 παρόντες
2623 1648 2791 1719 ὄχλοι,
2839 1648 3289 1720 κραυγάσαντες,
3334 1642 3430 1712 Εἷς
3477 1648 3610 1711 Θεὸς
3657 1652 3688 1702 ὁ

434 1741 635 1796 veteris
665 1741 858 1811 templi
894 1748 1103 1811 partem
1135 1739 1431 1804 exstruxit,
1469 1738 1525 1792 in
1565 1753 1739 1807 eaque
1780 1749 2001 1806 parvam

2112 1736 2318 1807 βοηθῶν
2347 1742 2458 1802 τοῖς
2487 1740 2861 1809 Χριστιανοῇς,
2902 1737 3279 1811 ἀνεχώρησαν.
3325 1740 3590 1804 Πολλάκις
3627 1739 3686 1793 δὲ

433 1830 722 1885 ecclesiam
752 1829 1017 1884 condidit.
1054 1826 1187 1883 Post
1220 1828 1346 1883 inde
1372 1826 1671 1883 discedens
1690 1824 2003 1897 Scytbopoli

2112 1829 2416 1883 κακούντων
2456 1831 2547 1883 τὸν
2587 1831 2758 1903 ἄνδρα
2786 1831 3031 1894 ἐκείνων,
3069 1834 3148 1894 είς
3176 1831 3401 1902 ὕστερον
3430 1830 3596 1900 μέρος
3631 1848 3684 1884 τι

434 1920 702 1975 consedit.
762 1919 1114 1975 Diocaasareaa
1167 1932 1329 1986 porro
1389 1917 1619 1988 aliisque
1679 1917 1734 1971 in
1789 1914 2006 1985 oppidis

2112 1918 2197 1971 τοῦ
2230 1919 2358 1973 ναοῦ
2394 1923 2452 1974 ἐν
2491 1920 2765 1991 Τιϐεριάδι
2797 1921 3192 1991 οἰκοδομήσας,
3231 1922 3323 1974 καὶ
3355 1923 3557 1992 μικράν
3589 1923 3686 1973 ἐκ·

430 2017 713 2080 postremo
749 2008 1009 2065 ecclesias
1046 2008 1351 2064 aediﬁcavit.
1390 2007 1470 2061 Ad
1514 2009 1628 2061 hmc
1662 2006 1840 2060 obiter
1878 2020 2006 2058 nar-~

436 2101 604 2157 randa
636 2100 869 2171 digressi
905 2098 1129 2165 fuimus,
1169 2114 1359 2154 eorum
1395 2101 1685 2153 occasione
1715 2098 2004 2155 librorum,

434 2194 526 2264 qui
566 2194 707 2264 apud
753 2191 967 2247 Judazos
1008 2190 1262 2245 translati
1298 2191 1669 2261 reperiuntur,
1698 2187 2004 2258 cujusmodi

429 2294 518 2343 est
582 2284 810 2341 Joannis
873 2283 1263 2354 Evangelium,
1320 2290 1375 2338 et
1432 2281 1803 2352 apostolorum
1835 2282 2005 2335 Actus

438 2379 702 2433 llebraice
727 2375 1002 2432 conversi.
1037 2374 1144 2429 Sed
1182 2373 1249 2429 de
1291 2374 1393 2428 bac
1436 2372 1700 2427 historica
1741 2371 2006 2426 relatione

436 2473 719 2525 hactenus.

504 2714 643 2791 Xlll.
673 2732 827 2787 Nunc
867 2731 934 2786 ad
969 2730 1282 2785 inchoatam
1317 2728 1386 2784 de
1427 2728 1696 2784 Ebionitis
1727 2730 2001 2785 narratio-

426 2842 560 2881 .nem
591 2823 905 2895 regredior.
956 2820 1237 2891 Siquidem
1273 2822 1344 2876 ob
1378 2819 1619 2876 Mattbazi
1650 2820 2003 2892 Evangelium

434 2938 499 2977 eo
550 2921 775 2989 delapsa
825 2924 913 2973 est
953 2917 1153 2982 oratio,
1189 2924 1247 2970 ut
1295 2915 1361 2970 ad
1395 2931 1514 2971 eam
1566 2931 1688 2986 quae
1733 2917 1800 2972 ad
1845 2932 2007 2973 aures

2107 2010 2333 2081 κλησίαν
2362 2012 2712 2075 ἀποτελέσας,
2742 2010 2914 2075 οὕτως
2952 2012 3160 2065 ἐκεῖθεν
3186 2010 3551 2082 ἀνεχώρησεν.
3593 2012 3685 2064 Ἐν

2106 2102 2434 2154 Σκυθοπόλει
2464 2102 2521 2154 δὲ
2558 2102 2748 2167 ἐλθὼν,
2782 2103 3122 2173 κατέμεινεν.
3169 2103 3258 2156 Ἐν
3298 2103 3685 2174 Διοκαισαρείᾳ

2104 2191 2161 2245 δὲ
2212 2193 2305 2246 καὶ¹
2348 2192 2535 2255 ἄλλαις
2575 2192 2687 2245 τισὶ
2732 2192 2953 2255 τελείως
3000 2192 3336 2263 ᾠκοδόμησε.
3395 2192 3582 2244 Ταῦτα
3627 2191 3685 2245 δέ

2106 2285 2445 2356 πραχθέντα,
2492 2286 2584 2339 καὶ
2627 2285 2862 2340 ἐνταῦθά
2914 2304 3003 2357 μοι
3050 2285 3452 2357 ἐπιμνησθέντα
3498 2286 3684 2339 ἕνεκεν

2105 2376 2204 2441 τῆς
2231 2374 2339 2429 τῶν
2382 2370 2577 2445 βίϐλων
2604 2374 2920 2446 ἑρμηνείας,
2969 2376 3085 2441 πῶς
3129 2376 3239 2430 ἀπὸ
3280 2376 3586 2447 Ἑλληνίδος
3623 2377 3684 2430 τὸ

2108 2465 2249 2519 κατὰ
2288 2466 2537 2536 Ἰωάννην
2585 2466 2915 2535 Εὐαγγέλιον
2958 2469 3039 2530 είς
3085 2467 3342 2539 Ἐϐραῖδα
3394 2467 3682 2536 μετέπεσε,

2109 2559 2202 2610 καὶ
2250 2559 2305 2610 al
2355 2557 2589 2628 Πράξεις
2632 2557 2739 2610 τῶν
2782 2558 3126 2622 ἀποστόλων,
3178 2558 3283 2621 ἕως
3329 2552 3432 2612 ὧδε
3474 2557 3543 2612 τὰ
3583 2560 3684 2628 τῆς

2110 2649 2349 2719 ἱστορίας
2381 2649 2475 2702 καὶ
2498 2650 2821 2720 ὑφηγήσεως
2853 2649 3041 2719 ἐχέτω.

2180 2740 2278 2795 Il".
2325 2738 2607 2810 Ἐπάνειμι
2651 2741 2707 2794 δὲ
2740 2741 2837 2809 τὴν
2880 2741 3023 2793 κατά
3061 2740 3312 2805 Ἐϐίωνος
3358 2740 3685 2811 ποιούμενος

2110 2831 2445 2888 ἀκολουθίαν,
2478 2831 2579 2885 Διὰ
2617 2833 2726 2904 γάρ
2757 2833 2820 2885 τὸ
2856 2832 2995 2886 κατά
3039 2832 3313 2886 Ματθαῖον
3356 2832 3685 2901 Εὐαγγέλιον

2112 2923 2312 2997 προῖὼν
2343 2927 2371 2979 ὁ
2413 2925 2567 2993 λόγος
2605 2923 2703 2994 τὴν
2751 2923 3069 2978 ἀκολουθίαν
3108 2926 3193 2987 εἰς
3238 2925 3383 2994 ἡμᾶς
3425 2923 3685 2991 ἐλθούσης

436 3026 659 3071 nostras
691 3021 1017 3084 pervenerat
1047 3012 1336 3067 historiam
1368 3011 1733 3066 enarrandam
1760 3026 2006 3066 necessa-

2112 3013 2362 3083 γνώσεως
2391 3012 2727 3085 παραθέσθαι
2768 3013 3095 3083 ἠνάγκασεν.
3143 3013 3229 3067 Ἐν
3275 3012 3352 3082 τῷ
3383 3012 3515 3080 γοῦν
3553 3014 3685 3084 παρ’

439 3110 520 3162 ῖνὶο
547 3121 671 3163 sese
693 3110 1068 3159 converteret.
1096 3102 1269 3173 Igitur
1306 3103 1361 3156 in
1390 3116 1479 3165 eo,
1506 3100 1651 3170 quod
1687 3117 1855 3172 penes
1882 3102 2004 3156 illos

434 3206 539 3264 est,
597 3196 833 3250 Matthaai
879 3193 1193 3265 Evangelio,
1245 3207 1559 3262 quanquam
1613 3207 1681 3246 ne
1730 3191 2002 3260 integrum

437 3290 653 3358 quidem
691 3287 822 3341 illud
855 3287 1080 3351 habent,
1104 3284 1199 3339 sed
1235 3284 1605 3339 adulteratum
1632 3298 1697 3336 ac
1726 3285 2002 3350 mutilum,

438 3381 602 3450 idque
634 3380 815 3449 ipsum
851 3376 1180 3432 Hebraicum
1205 3387 1423 3441 vocant,
1462 3378 1535 3431 ita
1568 3379 1832 3448 scriptum
1869 3388 1954 3434 est
1984 3396 2002 3434 ε

438 3471 629 3527 Fuisse
662 3479 874 3524 certum
908 3468 1208 3530 hominem,
1246 3470 1467 3523 nomine
1493 3469 1704 3535 Jesum,
1736 3484 2004 3525 annorum

437 3566 654 3620 circiter
685 3563 929 3632 triginta,
961 3562 1052 3630 qui
1088 3576 1189 3615 nos
1221 3561 1444 3631 elegerit
1465 3577 1478 3623 ;
1500 3562 1594 3630 qui
1620 3560 2006 3631 Capharnaum

439 3657 660 3711 veniens
693 3657 748 3708 in
783 3653 1047 3716 Simonis,
1077 3652 1404 3722 cognomine
1432 3651 1599 3717 Petri,
1624 3653 1768 3707 :edes
1797 3654 2009 3723 ingres-

439 3765 533 3804 sus
559 3756 662 3811 est,
697 3754 994 3817 aperteque
1039 3758 1136 3800 ore
1182 3759 1284 3799 suo
1316 3743 1454 3797 dixit
1488 3743 1658 3798 :Cum
1704 3745 2005 3799 secundum

439 3839 746 3896 Tiberiadis
781 3840 959 3892 locum
993 3838 1309 3900 transirem,
1350 3835 1615 3892 Joannem
1655 3844 1708 3891 et
1739 3836 2005 3893 Jacobum

438 3931 684 3986 Zebcdaei
727 3928 865 3983 ﬁlios
898 3927 1057 3997 elegi,
1099 3935 1153 3981 et
1187 3926 1492 3988 Simonem,
1532 3936 1585 3981 et
1618 3926 1914 3989 Andream,
1954 3936 2009 3981 et

438 4022 789 4081 Tbaddaeum.
804 4027 857 4074 et
870 4016 1145 4074 Simonem
1164 4017 1409 4082 Zeloten,
1422 4015 1512 4072 etJ
1519 4018 1676 4071 udam
1692 4018 1804 4072 lsca
1814 4017 2008 4081 rioten,

438 4124 492 4169 et
518 4126 569 4168 te
590 4112 901 4165 Mattbaeum
932 4111 997 4164 ad
1018 4111 1281 4163 telonium
1300 4110 1576 4168 sedentem
1598 4110 1807 4173 vocavi,
1835 4125 1899 4163 ac
1926 4126 2013 4164 me

436 4206 454 4257 -i
464 4215 557 4273 pse
588 4211 812 4257 secutus
829 4217 909 4257 es.
930 4199 1066 4254 Volo
1091 4201 1274 4269 itaque
1296 4199 1584 4254 duodecim
1614 4215 1713 4253 vos
1734 4199 2013 4268 apostolos

440 4310 563 4349 isse
606 4294 674 4347 ad
716 4292 1091 4347 testimonium
1148 4291 1389 4345 lsraelis.
1459 4289 1528 4343 Et
1589 4297 1708 4345 erat
1771 4291 2015 4346 Joann-‘s

2112 3107 2294 3168 αὐτοῖς
2321 3103 2636 3173 Εὐαγγελίῳ
2661 3103 2801 3157 κατὰ
2842 3101 3123 3156 Ματθαίον
3155 3102 3555 3173 ὀνομαζομένῳ,
3587 3104 3689 3173 οὐχ

2111 3195 2217 3265 ὅλῳ
2249 3194 2306 3247 δέ
2348 3193 2727 3265 πληρεστάτη),
2774 3191 2911 3247 ἀλλὰ
2942 3191 3331 3263 νενοθευμένῳ,
3375 3192 3464 3245 καὶ
3500 3194 3687 3265 ἠκρω-

2110 3286 2483 3359 τηριασμένῳ,
2520 3284 2807 3356 Ἐϐραῖκὸν
2840 3285 2896 3338 δὲ
2944 3284 3101 3338 τοῦτο
3137 3284 3423 3350 καλοῦσιν,
3452 3285 3690 3357 ἐμφέρε-

2111 3396 2222 3445 ται,
2241 3379 2323 3431 δτι
2351 3378 2599 3443 Ἐγένετό
2625 3382 2708 3442 τις
2734 3378 2872 3448 ἀνὴρ
2894 3378 3116 3448 ὀνόματι
3146 3376 3373 3447 Ἰησοῦς,
3406 3378 3500 3430 καὶ
3524 3378 3691 3442 αὐτὸς

2112 3472 2188 3535 ὡς
2212 3469 2348 3524 ἐτῶν
2377 3469 2689 3542 τριάκοντα,
2725 3470 2784 3534 δς
2836 3468 3116 3535 ἐξελέξατο
3161 3473 3192 3542 ἡ
3204 3473 3331 3542 μᾶς.
3365 3473 3474 3525 Καὶ
3518 3470 3691 3525 ἐλθὼν

2113 3565 2193 3628 εἰς
2227 3563 2627 3634 Καφαρναοὺμ,
2675 3561 2921 3632 εἰσῆλθεν
2965 3565 3047 3624 εἰς
3094 3562 3191 3632 τὴν
3221 3564 3397 3616 οίκίαν
3446 3563 3690 3633 Σίμωνος

2112 3653 2207 3707 τοῦ
2235 3653 2621 3723 ἐπικληθέντος
2675 3654 2920 3724 Πέτρου,
2969 3652 3064 3704 καὶ
3122 3652 3338 3719 ἀνοίξας
3389 3653 3451 3705 τὸ
3514 3642 3691 3721 στόμα

2116 3743 2283 3797 αὑτοῦ
2321 3743 2465 3811 εἶπε,
2523 3745 2940 3815 Παρερχόμενος
2976 3743 3126 3815 παρὰ
3163 3743 3262 3814 τὴν
3297 3743 3492 3814 λίμνην
3529 3745 3692 3796 Τιϐε-

2117 3836 2299 3907 ριάδος
2340 3834 2672 3906 ἐξελεξάμην
2711 3834 2962 3906 Ἰωάννην
2996 3835 3092 3888 καὶ
3135 3834 3386 3888 Ἰάκωϐον
3419 3835 3566 3896 υἱοὺς
3594 3836 3692 3887 Ζες

2116 3928 2353 3993 ϐεδαίου,
2389 3930 2484 3982 καὶ
2526 3927 2766 3999 Σίμωνα,
2808 3927 2901 3980 καὶ
2948 3926 3221 3997 Ἀνδρέαν,
3273 3927 3367 3979 καὶ
3410 3926 3688 3989 Θαδδαῖον,

2118 4025 2213 4073 καὶ
2258 4020 2478 4091 Σίμωνα
2526 4018 2618 4072 τὸν
2665 4018 2948 4090 Ζηλωτὴν,
2997 4018 3093 4071 καὶ
3134 4018 3337 4071 Ἰούδαν
3382 4019 3471 4072 τὸν
3516 4019 3695 4071 Ἰσκα-

2122 4112 2342 4183 ριώτην,
2385 4112 2477 4166 καί
2511 4129 2570 4164 σε
2615 4112 2710 4164 τὸν
2744 4111 3020 4164 Ματθαϊον
3063 4107 3426 4181 καθεζόμενον
3469 4110 3563 4162 ἐπὶ
3595 4110 3692 4164 τοῦ

2119 4204 2371 4258 τελωνίου
2402 4190 2656 4267 ἐκάλεσα,
2694 4204 2787 4257 καὶ¹
2815 4201 3182 4273 ἠκολούθησάς
3223 4221 3331 4275 μοι.
3378 4202 3551 4273 Ὑμᾶς
3597 4198 3693 4256 οὖν

2124 4295 2382 4366 βούλομαι
2429 4289 2568 4347 εἶναι
2605 4292 2830 4346 δεκαδύο
2875 4292 3224 4358 ἀποστόλους,
3264 4294 3346 4355 είς
3392 4291 3694 4364 μαρτύριον

444 4382 747 4453 baptizans,
790 4388 844 4435 et
881 4382 1129 4435 exierant
1162 4380 1227 4433 ad
1265 4395 1390 4434 eum
1433 4378 1717 4442 Pharisaei,
1766 4380 1927 4451 138
1960 4390 2006 4435 et

2118 4386 2211 4440 τοῦ
2256 4385 2492 4458 Ἰσραήλ.
2534 4385 2644 4437 Καὶ
2683 4385 2900 4453 ἐγένετο
2954 4381 3208 4453 Ἰωάννης
3243 4381 3547 4452 βαπτίζων,
3598 4385 3696 4435 καὶ

445 4473 703 4544 baptizati
736 4480 886 4537 sunt,
926 4481 981 4527 et
1015 4472 1194 4525 omnis
1230 4468 1626 4540 Hierosolyma.
1671 4470 1790 4540 Ipse
1828 4482 2009 4527 autem

440 4566 677 4621 Joannes
707 4564 942 4619 babebat
976 4563 1362 4617 vestimentum
1405 4561 1471 4616 de
1513 4562 1638 4631 pilis
1677 4564 2009 4617 camelorum

439 4667 493 4714 et
528 4673 721 4713 zonam
772 4654 1057 4726 pelliceam
1099 4653 1244 4709 circa
1284 4653 1499 4708 lumbos
1541 4670 1676 4710 suos
1717 4673 1730 4709 :
1766 4663 1820 4711 et
1854 4657 2011 4713 cibus

439 4751 559 4821 ejus
597 4756 715 4805 erat
760 4748 865 4803 mel
912 4747 1187 4808 silvestn,
1234 4744 1393 4815 cujus
1439 4761 1602 4816 sapor
1640 4758 1759 4803 erat
1800 4765 2013 4805 manna:

440 4841 658 4905 similis,
679 4840 825 4895 velut
844 4838 1024 4909 lagani
1049 4835 1174 4892 irim
1194 4853 1316 4891 cum
1340 4839 1478 4893 oleo.
1508 4838 1663 4904 Quod
1691 4856 1756 4896 eo
1778 4840 2008 4906 faciunt,

441 4942 501 4987 ut
526 4932 774 4988 veritatis
807 4945 1116 4987 sermonem
1165 4929 1219 4982 in
1265 4929 1609 4984 mendacium
1650 4943 2008 4997 commutent,

440 5034 494 5081 et
524 5041 624 5096 pro
662 5040 727 5080 eo
755 5024 899 5095 quod
930 5031 1017 5079 est
1052 5021 1304 5092 ἀκρίδας,
1347 5021 1450 5076 hoc
1492 5032 1577 5078 est
1618 5024 1879 5091 locustas,
1916 5028 2010 5096 ἐγ-

443 5119 654 5190 κρίδας,
690 5119 792 5172 hoc
820 5126 904 5173 est
941 5116 1195 5187 epichyza
1227 5116 1427 5170 mellita
1455 5116 1808 5171 substituant.
1840 5118 2012 5176 Porro

444 5209 794 5278 Evangelium
822 5209 1037 5262 illorum
1075 5209 1156 5262 sic
1191 5206 1411 5276 incipit:
1434 5204 1657 5261 Factum
1692 5216 1777 5263 est
1804 5211 1858 5264 in
1891 5212 2008 5267 die-

443 5302 544 5357 bus
579 5298 809 5353 Herodis
843 5299 986 5368 regis
1015 5297 1234 5363 Judaeaz,
1279 5305 1341 5352 ut
1382 5299 1592 5353 veniret
1634 5299 1872 5358 Joannes
1914 5305 2009 5358 ba-

511 5454 625 5528 (29)
668 5451 750 5510 Οὗ
784 5457 823 5522 ἡ
859 5454 1065 5528 γεῦσις
1102 5450 1182 5528 ἦτε
1227 5453 1331 5507 τοῦ
1375 5453 1595 5528 μάν-νᾳ.
1638 5453 1882 5528 Quitam
1920 5459 2013 5511 ab-

444 5523 609 5580 surda
664 5523 1341 5594 interpretationelocum
1392 5525 1518 5594 hung
1571 5526 1690 5578 loco
1742 5525 2011 5581 faciebant

448 5597 702 5654 hairetici.
720 5595 788 5648 ad
809 5592 871 5649 ea
891 5593 1282 5663 respiciebant,
1305 5608 1426 5660 quae
1454 5592 1626 5648 Exod.
1656 5611 1740 5647 xvi
1772 5605 1827 5648 ct
1847 5595 2008 5653 Num.

451 5679 545 5724 xu.
578 5663 644 5718 de
685 5679 881 5719 manna
917 5665 1166 5734 leguntur
1212 5682 1224 5717 :
1263 5664 1421 5733 cujus
1452 5672 1645 5734 gustus
1676 5664 1847 5722 fuisse
1877 5668 2014 5722 dici-

2117 4479 2339 4549 ἐξῆλθον
2365 4478 2500 4550 πρὸς
2529 4476 2690 4530 αὐτὸν
2704 4477 3006 4548 Φαρισαῖοι,
3025 4475 3120 4529 καὶ
3147 4473 3576 4544 ἐϐαπτίσθησαν,
3600 4476 3695 4528 καὶ

2120 4574 2271 4626 πᾶσα
2305 4571 2673 4643 Ἰεροσόλυμα.
2709 4569 2821 4623 Καὶ
2850 4564 2994 4639 εἶχεν
3014 4570 3042 4621 ὁ
3079 4568 3334 4636 Ἰωάννης
3355 4565 3559 4634 ἔνδυμα
3586 4565 3698 4619 ἀπὸ

2117 4662 2320 4736 τριχῶν
2355 4662 2639 4734 καμήλου,
2679 4662 2773 4715 καὶ
2824 4659 3002 4731 ζώνην
3047 4657 3376 4729 δερματίνην
3409 4656 3551 4728 ,περὶ
3598 4656 3699 4727 τὴν

2112 4756 2288 4822 ὀσφὺν
2340 4753 2538 4833 αὑτοῦ·
2578 4752 2674 4804 καὶ
2717 4752 2776 4804 τὸ
2835 4750 3031 4824 βρῶμα
3092 4748 3291 4813 αὐτοῦ,
3344 4749 3509 4819 φησὶ,
3569 4747 3697 4817 μέλι

2119 4849 2329 4920 ἄγριον,
2366 4840 2427 4900 οὗ
2481 4848 2514 4918 ὴ
2548 4847 2735 4916 γεῦσις
2773 4842 2840 4917 ἦν
2873 4846 2966 4899 τοῦ
2998 4845 3178 4918 μάννα
3210 4844 3342 4915 (29),
3383 4845 3460 4909 ὡς
3504 4846 3698 4917 ἐγκρὶς

2119 4942 2176 4992 ἐν
2198 4939 2364 5020 ἐλαίῳ
2382 4955 2395 4970 ·
2426 4939 2512 4992 ἵνα
2540 4940 2701 5009 δῆθεν
2738 4939 3153 5010 μεταστρέψωσι
3189 4938 3282 4991 τὸν
3311 4938 3411 5008 τῆς
3438 4936 3698 5007 ἀληθείας

2119 5031 2272 5100 λόγον
2296 5033 2375 5096 είς
2401 5032 2615 5101 ψεῦδος,
2649 5033 2741 5085 καὶ
2766 5032 2886 5084 ἀντὶ
2914 5030 3153 5103 ἀκρίδων
3179 5030 3476 5099 ποιήσωσιν
3509 5028 3700 5098 ἐγκρί-

2117 5122 2211 5186 δας
2240 5124 2298 5176 ἐν
2331 5123 2526 5193 μέλιτι.
2574 5123 2636 5176 Ἡ
2671 5123 2727 5176 δὲ
2761 5123 2905 5193 ἀρχὴ
2934 5122 3028 5175 τοῦ
3065 5123 3195 5192 παρ’
3238 5120 3422 5182 αὐτοῖς
3448 5119 3698 5187 Εὐάγγε-

2118 5212 2231 5264 λίου
2253 5211 2389 5281 ἔχει,
2414 5213 2495 5265 ὅτι
2553 5212 2802 5279 Ἐγένετο
2839 5215 2896 5265 ἐν
2927 5215 3046 5274 ταῖς
3070 5212 3303 5282 ἡμέραις
3333 5210 3573 5280 Ἡρώδου
3601 5209 3697 5261 τοῦ

2121 5301 2384 5373 βασιλέως
2429 5302 2527 5373 τῆς
2576 5302 2867 5369 Ἰουδαίας,
2910 5299 3073 5374 ἦλθεν
3130 5300 3700 5371 Ἱωάννηςβαπτίζιιιν

2121 5468 2227 5522 tur,
2258 5460 2333 5523 ὼς
2355 5461 2544 5529 ἐγκρὶς
2570 5462 2626 5513 ἐν
2656 5461 2839 5531 ἐλαίῳ.
2873 5460 2977 5515 Sed
3013 5477 3111 5517 nec
3139 5462 3321 5515 minus
3352 5458 3583 5531 ridicule
3610 5472 3701 5531 no-

2120 5530 2220 5585 stri
2266 5528 2530 5610 temporis
2544 5528 2815 5610 _liaaretici
2863 5533 3101 5603 quidam,
3118 5547 3305 5587 vocem
3342 5528 3569 5599 ἀκρίδας
3600 5530 3701 5584 de-

2120 5616 2346 5669 pravare
2376 5608 2557 5655 conati
2594 5609 2741 5656 sunt.
