4018 6124
371 315 475 373 ιὲθ

1041 319 1407 377 ADVERSUS
1444 316 1787 375 [LEIKESES
1825 317 1951 373 LIB.
1994 315 2034 372 l.
2076 314 2241 372 TJM.
2282 317 2346 371 ll.
2390 349 2460 358 —-
2496 272 2957 378 HIERESJXXX.

3526 318 3632 378 J39

375 437 662 508 βάπτισμα
711 440 1004 509 μετανοίας
1056 442 1114 494 ὲν
1168 441 1245 513 τῷ
1292 429 1533 516 Ἰορδάνῃ
1594 441 1853 513 ποταμῷ,
1902 440 1960 503 ὃς

2081 438 2277 507 φιὶιειιε
2330 439 2603 510 baptismo
2664 442 2997 510 poenitentia'
3056 442 3109 495 in
3157 440 3397 498 Jordane
3443 439 3629 503 ﬂuvio.

374 528 595 596 ἐλέγετο
637 524 777 581 εἶναι
827 530 892 582 ὲκ
941 531 1131 599 γένους
1176 532 1387 605 Ἀαρὼν
1429 534 1523 586 τοῦ
1570 532 1778 603 ἱερέως,
1827 532 1955 593 παῖς

375 619 646 690 Ζαχαρίου
680 622 776 673 καὶ
817 622 1118 687 Ἐλισάϐετ,
1151 625 1245 677 καὶ
1292 623 1583 695 ἐξήρχοντο
1617 622 1755 694 πρὸς
1794 621 1954 675 αὐτὸν

377 712 599 776 πάντες.
632 714 744 767 Καὶ
788 716 926 785 μετά
972 714 1032 769 τὸ
1084 718 1257 769 εἰπεῖν
1306 717 1496 781 πολλὰ,
1537 717 1807 786 ἐπιφέρει,
1850 715 1951 778 ὅτι,

380 804 486 858 Τοῦ
518 804 648 859 λαοῦ
693 806 1104 876 βαπτισθέντος,
1138 804 1269 879 ἦλθε
1305 809 1402 862 καὶ
1440 808 1666 879 Ἰησοῦς,
1696 810 1792 861 καὶ
1833 808 1958 859 ἔδαε

381 898 583 970 πτίσθη
618 899 722 952 ὑπὸ
754 898 847 953 τοῦ
898 901 1168 956 Ἰωάννου.
1210 901 1318 955 Καὶ
1355 902 1430 964 ὡς
1462 900 1691 971 ἀνῆλθεν
1730 901 1837 953 ἀπὸ
1861 897 1959 952 τοῦ

384 990 613 1054 ὕδατος,
645 993 943 1063 ἠνοίγησαν
987 994 1035 1045 oi
1078 994 1320 1064 οὐρανοὶ,
1360 992 1453 1046 καὶ
1488 989 1595 1046 εἶδε
1634 992 1696 1045 τὸ
1734 991 1959 1062 Πνεῦμα

383 1083 475 1137 τοῦ
507 1084 641 1137 Θεοῦ
683 1084 743 1137 τὸ
778 1084 932 1153 ἆγιον
977 1088 1034 1138 ὲν
1070 1084 1201 1138 εῖδει
1236 1087 1563 1157 περιστερᾶς
1595 1084 1960 1153 κατελθούσης

384 1175 480 1229 καὶ
512 1175 859 1247 εἰσελθούσης
884 1181 962 1239 είς
981 1177 1165 1230 αὐτόν.
1195 1176 1308 1230 Καὶ
1338 1178 1489 1247 φωνὴ
1520 1178 1739 1244 ἐγένετο
1770 1178 1834 1228 ὲκ
1864 1176 1959 1228 τοῦ

383 1265 635 1336 οὐρανοῦ,
670 1265 929 1333 λέγουσαο
960 1268 1044 1320 Σύ
1070 1284 1195 1335 μου
1209 1263 1312 1321 eid
1351 1267 1531 1333 Υἱὸςό
1551 1265 1962 1336 ἀγαπητὸς,ἐν

386 1358 487 1411 σοὶ
520 1358 869 1427 ηὐδόκησεν
912 1359 1005 1413 καὶ
1033 1360 1195 1412 πάλιν
1215 1376 1228 1387 ·
1278 1359 1424 1429 Ἐγὼ
1460 1363 1727 1429 σήμερον
1762 1358 1963 1437 γεγέν-

385 1448 543 1516 νηκά
566 1466 658 1504 σε.
678 1451 788 1503 Καὶ
812 1450 972 1513 εὐθὺς
997 1451 1335 1522 περιέλαμψε
1356 1452 1446 1505 τὸν
1468 1450 1630 1504 τόπον
1657 1451 1771 1519 φῶς
1798 1450 1961 1519 μέγα.

395 1543 459 1592 Ὃ
491 1540 633 1604 ἰδὼν,
676 1543 858 1613 φησὶν,
891 1545 920 1596 ὁ
964 1543 1215 1613 Ἰωάννης
1244 1543 1394 1610 λέγει
1424 1540 1573 1611 αὐτῷ
1592 1558 1606 1571 ο
1662 1540 1746 1594 Σὺ
1776 1541 1866 1605 τίς
1886 1536 1960 1601 εἷ,

391 1634 601 1700 Imple;
625 1634 734 1687 Καὶ
764 1633 925 1686 πάλιν
950 1635 1100 1705 φωνὴ
1130 1634 1187 1700 ἐξ
1216 1633 1447 1705 οὐρανοῦ
1471 1633 1607 1704 πρὸς
1632 1632 1820 1686 αὐτόν’
1852 1628 1964 1687 Οὗ-

390 1723 492 1789 τός
526 1724 699 1777 ἐστιν
735 1727 768 1778 ὁ
816 1726 947 1792 Υἱός
968 1744 1086 1794 μου
1126 1729 1159 1779 ό
1186 1726 1490 1794 ἀγαπητὸς
1512 1765 1526 1789 ,
1565 1726 1655 1793 ἐφ’
1692 1724 1764 1776 ὃν
1788 1724 1967 1792 ηὐδό-

2056 545 2219 599 quem
2256 528 2506 585 l‘ereb.;nt
2534 547 2597 587 ex
2635 547 2831 600 genere
2870 548 2991 589 esse
3029 534 3262 589 Aaronis
3308 531 3632 596 sacerdotis,

2057 620 2203 676 ﬁlius
2230 621 2512 677 Zachariae
2546 633 2601 678 et
2633 623 2983 685 Elizabetlaae.
3025 632 3081 679 et
3114 625 3537 695 egrediebantur
3567 625 3635 677 ad

2061 713 2213 767 illum
2238 729 2449 770 omnes.
2491 713 2628 769 Tum
2667 716 2825 785 longe
2862 727 3047 785 postea
3090 716 3408 786 subjungit:
3449 715 3637 784 Bapti-

2057 813 2180 860 zato
2210 806 2409 876 populo
2440 806 2588 861 venit
2621 814 2673 860 et
2706 805 2889 870 Jesus,
2923 815 2977 861 et
3015 822 3044 861 a
3086 805 3295 861 Joanne
3327 807 3636 876 baptizatus

2056 902 2161 950 est.
2188 893 2438 966 Cumque
2464 897 2807 953 ascendisset
2836 913 2901 952 ex
2926 912 3089 968 aqua,
3122 898 3297 967 aperti
3320 904 3455 952 sunt
3487 897 3634 960 enati,

2059 995 2114 1042 et
2142 988 2272 1043 vidit
2303 987 2569 1059 Spiritum
2605 989 2698 1044 Dei
2733 999 2983 1045 sanetum
3013 990 3277 1045 columba:
3306 989 3489 1060 specie
3539 987 3637 1044 deo

2061 1080 2378 1137 scendentis
2406 1089 2460 1137 et
2504 1082 2767 1136 intrantis
2807 1083 2863 1137 in
2893 1098 3033 1139 sese.
3067 1081 3134 1137 Et
3177 1097 3280 1137 vox
3326 1083 3539 1138 reddita
3574 1079 3643 1137 de

2062 1171 2203 1225 caelo
2252 1171 2442 1226 dicens
2489 1189 2502 1225 ε
2554 1170 2634 1224 Tu
2679 1188 2733 1226 es
2783 1169 2958 1226 Filius
3000 1188 3143 1225 metu
3185 1171 3431 1234 dilectus,
3489 1172 3543 1225 in
3595 1178 3644 1225 te

2064 1260 2191 1314 mihi
2216 1261 2531 1330 compiacui.
2559 1261 2625 1315 Et
2652 1263 2882 1317 iterum:
2916 1261 3030 1333 Ego
3060 1262 3213 1317 hodie
3244 1261 3398 1333 genui
3431 1271 3498 1316 te.
3524 1260 3645 1315 Sta-

2062 1353 2269 1422 timque
2287 1368 2354 1407 eo
2380 1353 2435 1407 in
2465 1354 2584 1408 loco
2607 1354 2697 1408 lux
2727 1353 2918 1425 ingens
2948 1351 3173 1408 affulsit.
3200 1352 3318 1418 Qua
3348 1360 3645 1422 conspecta

2064 1442 2302 1498 Joannes
2343 1444 2423 1500 sic
2462 1461 2584 1501 eum
2628 1446 2923 1515 alloquitur
2956 1464 2970 1499 :
3017 1442 3095 1498 Tu
3120 1445 3237 1515 quis
3271 1462 3349 1509 es,
3388 1444 3647 1501 Domine?

2068 1533 2413 1606 Rursumque
2429 1537 2579 1605 lapsa
2611 1552 2716 1590 vox
2746 1537 2813 1591 de
2843 1538 2983 1591 coelo
3008 1554 3019 1591 :
3056 1537 3158 1591 Hic
3183 1548 3260 1592 est
3290 1536 3469 1591 Fitius
3499 1550 3646 1591 meus

2067 1628 2313 1693 dilectus,
2349 1631 2403 1682 in
2433 1645 2533 1698 quo
2565 1630 2693 1682 mihi
2720 1632 3033 1699 complacui.
3060 1631 3137 1683 Ad
3165 1630 3281 1685 haec
3307 1629 3546 1686 Joannes
3577 1629 3647 1684 ad

2068 1718 2189 1787 ejus
2216 1718 2380 1788 pedes
2402 1719 2687 1775 accidens:
2719 1719 2933 1785 Quwso,
2966 1720 3166 1790 inquit,
3200 1719 3443 1785 Domine,
3482 1724 3536 1772 tu
3568 1735 3649 1774 me

391 1830 575 1881 κησα.
601 1817 708 1868 Καὶ
741 1816 882 1881 τότε,
908 1819 1092 1887 φησὶν,
1111 1819 1144 1870 ’ὁ
1177 1817 1429 1887 Ἰωάννης
1465 1817 1787 1888 προσπεσὼν
1820 1816 1966 1888 αὐτῷ

2081 1812 2179 1880 ipse
2207 1811 2439 1878 baptiza.
2485 1810 2555 1864 At
2587 1811 2676 1866 ille
2704 1812 3028 1882 prohibebat
3055 1829 3178 1868 eum
3223 1814 3414 1869 dicens
3443 1833 3455 1867 :
3485 1812 3646 1881 Sine;

392 1903 546 1972 ἔλεγε
565 1921 580 1935 σ
613 1904 825 1972 Δέομαί
856 1922 971 1959 σου
992 1947 1006 1967 ,
1032 1908 1231 1975 Κύριε,
1258 1907 1339 1960 σύ
1368 1923 1446 1975 με
1468 1905 1795 1970 βάπτισον.
1830 1907 1887 1959 '0
1912 1908 1969 1961 δὲ

393 1994 630 2048 ἐκώλυεν
656 1995 825 2063 αὐτῷ,
852 1996 1025 2067 λέγων
1050 2014 1065 2028 σ
1091 1998 1282 2067 Ἄφες,
1319 1998 1401 2050 ὅτι
1422 1997 1594 2060 οὕτως
1622 1998 1737 2051 ἐστὶ
1760 1999 1968 2069 πρέπον

396 2087 747 2159 πληρωθῆναι
774 2090 974 2145 πάντα.

468 2183 566 2235 1Δ’.
615 2183 753 2255 Ὅρα
791 2183 850 2236 δὲ
893 2182 992 2253 τὴν
1036 2183 1166 2254 παρ’
1215 2182 1398 2246 αὐτοῖς
1447 2178 1971 2255 παραπεποιημένην

396 2272 735 2343 πανταχόθεν
762 2272 1138 2337 διδασκαλίαν,
1164 2272 1282 2335 πῶς
1305 2274 1482 2327 πάντα
1513 2272 1682 2343 χωλὰ,
1705 2274 1852 2340 λοξὰ,
1879 2276 1973 2327 καὶ

396 2363 654 2432 οὐδεμίαν
685 2362 957 2434 ὀρθότητα
983 2362 1197 2434 ἔχοντα.
1232 2364 1292 2415 '0
1325 2364 1423 2433 μὲν
1449 2363 1558 2434 γὰρ
1574 2364 1844 2434 Κήρινθος
1879 2365 1973 2417 καὶ

397 2452 759 2523 Καρποκρᾶς,
794 2452 873 2523 τῷ
913 2451 1063 2524 αὐτῷ
1112 2451 1384 2523 χρώμενοι
1425 2452 1585 2523 δῆθεν
1625 2455 1756 2527 παρ’
1791 2453 1973 2516 αὐτοῖς

400 2542 718 2613 Εὐαγγελίῳ
769 2542 879 2596 ἀπὸ
908 2542 1008 2612 τῆς
1034 2544 1208 2615 ἀρχῆς
1251 2542 1346 2597 τοῦ
1386 2543 1528 2598 κατά
1569 2544 1846 2598 Ματθαῖον
1872 2545 1975 2597 Εὑ-

396 2635 653 2703 αγγελίου
697 2634 787 2688 διὰ
827 2635 923 2706 τῆς
958 2636 1331 2705 γενεαλογίας,
1376 2636 1662 2707 βούλονται
1704 2638 1975 2708 παριστᾷν

401 2730 464 2780 ἐκ
493 2728 807 2799 σπέρματος
844 2727 1037 2799 Ἰωσὴφ
1067 2728 1162 2782 καὶ
1191 2729 1407 2799 Μαρίας
1433 2725 1572 2783 εἶναι
1603 2730 1694 2783 τὸν
1720 2731 1974 2801 Χριστόν.

402 2812 563 2872 Οὗτοι
593 2820 652 2873 δὲ
692 2819 826 2873 ἄλλα
851 2820 977 2873 τινὰ
1018 2819 1370 2873 διανοοῦνται.
1404 2822 1828 2892 Παρακὸψαντες
1868 2823 1978 2894 γὰρ

398 2904 519 2975 τὰς
542 2911 692 2982 παρά
729 2910 806 2982 τῷ
861 2910 1126 2982 Ματθαίῳ
1165 2912 1534 2981 γενεαλογίας,
1574 2912 1832 2985 ἄρχονται
1879 2914 1977 2985 τὴν

400 3003 577 3075 ἀρχὴν
599 3002 888 3065 ποιεῖσθαι,
909 3002 982 3066 ὡς
1010 3006 1289 3075 προεῖπον,
1308 3003 1579 3073 λέγοντες,
1602 3006 1684 3059 ὅτι
1712 3004 1976 3074 Ἐγένετο,

398 3098 589 3167 φησὶν,
624 3098 682 3148 ὲν
709 3098 831 3159 ταῖς
873 3096 1110 3168 ἡμέραις
1152 3095 1389 3168 Ἡρώδου
1407 3097 1688 3194 ⁵βασιλέως
1716 3099 1815 3168 τῆς
1854 3097 1981 3152 Ἰου-
2007 3136 2052 3194 c

398 3188 560 3251 δαίας
610 3188 703 3240 ἐπὶ
740 3187 1042 3260 ἀρχιερέως
1097 3188 1356 3256 Καῖάφα,
1406 3183 1540 3259 ἦλθέ
1589 3206 1675 3252 τις
1721 3190 1979 3261 Ἰωάννης

399 3279 630 3349 ὀνόματι
677 3275 955 3348 βαπτίζων
998 3275 1281 3348 βάπτισμα
1335 3279 1624 3349 μετανοίας
1664 3282 1721 3333 ὲν
1763 3281 1842 3351 τῷ
1885 3298 1984 3334 πο-

402 3368 563 3441 ταμῷ
604 3369 866 3443 Ἰορδάνῃ,
900 3370 997 3423 καὶ
1031 3370 1103 3423 τὰ
1128 3369 1279 3440 ἑξῆς.
1322 3370 1540 3440 Ἐπειδὴ
1569 3371 1678 3443 γὰρ
1706 3371 1982 3442 βούλονται

404 3461 495 3513 τὸν
523 3461 620 3531 μὲν
656 3460 863 3530 Ἰησοῦν
892 3460 1061 3525 ὅντως
1084 3460 1372 3533 ἄνθρωπον
1398 3459 1557 3527 εἶναι,
1582 3463 1660 3527 ὡς
1699 3466 1981 3534 προεῖπον,

404 3550 638 3622 Χριστὸν
665 3551 721 3605 δὲ
749 3552 807 3604 ὲν
856 3551 1005 3622 αὐτῷ
1044 3551 1370 3623 γεγενῆσθαι
1400 3553 1491 3607 τὸν
1525 3554 1585 3607 ἐν
1610 3557 1939 3626 περιστερᾶς
1962 3556 1980 3586 ί

406 3640 846 3712 καταϐεϐηκότα,
878 3641 1133 3714 καθάπερ
1154 3643 1258 3713 ἠδη
1292 3643 1389 3696 καὶ
1426 3646 1557 3716 παρ’
1597 3643 1786 3709 ἄλλαις
1828 3645 1974 3718 αἱρέ-

408 3749 557 3786 σεσιν
586 3732 911 3803 εὑρίσκομεν
943 3732 1281 3801 συναφθέντα
1318 3732 1489 3804 αὐτῷ,
1521 3734 1634 3788 και
1656 3730 1797 3789 εἶναι
1822 3736 1986 3790 αὐτὸν

405 3825 496 3877 τὸν
525 3825 758 3898 Χριστὸν
789 3827 852 3878 ἐκ
893 3824 1207 3896 σπέρματος
1240 3825 1433 3896 ἀνδρὸς
1465 3827 1557 3879 καὶ
1601 3829 1861 3895 γυναικὸς
1889 3846 1983 3898 γε-

405 3915 727 3986 γενημένον.
750 3914 918 3968 Πάλιν
945 3915 1002 3969 δὲ
1028 3913 1318 3986 ἀρνοῦνται
1344 3911 1485 3969 εἶναι
1513 3916 1678 3970 αὐτὸν
1702 3918 1985 3989 ἄνθρωπον

407 4002 568 4074 δῆθεν
632 4003 742 4057 ἀπὸ
792 4004 886 4057 τοῦ
926 4004 1108 4073 λόγου,
1155 3997 1216 4057 οὗ
1259 4004 1480 4074 εἴρηκεν
1511 4007 1541 4057 ὁ
1579 4006 1768 4078 Σωτὴρ
1810 4008 1869 4060 ὲν
1909 4007 1985 4079 τῷ

407 4096 772 4167 ἀναγγελῆναι
815 4096 997 4162 αὑτὸν,
1022 4096 1104 4149 ὄτι
1142 4096 1289 4151 Ἰδοὺ
1338 4098 1377 4165 ἡ
1400 4097 1599 4166 μήτηρ
1636 4112 1753 4155 σου
1802 4100 1900 4153 καί
1929 4104 1983 4154 οὶ

407 4188 658 4257 ἀδελφοί
715 4203 831 4242 σου
878 4186 994 4251 ἔξω
1031 4187 1385 4253 ἑστήκασιν,
1434 4188 1516 4241 ὅτι
1570 4189 1665 4254 Τίς
1703 4206 1822 4258 μου
1855 4190 1985 4243 ἐστὶ

405 4279 602 4351 μήτηρ
645 4279 745 4332 καί
767 4296 888 4349 μου
928 4278 1213 4348 ἀδελφοίς
1252 4276 1364 4332 Καὶ
1409 4279 1681 4347 ἐκτείνας
1706 4280 1801 4333 ἐπὶ
1847 4281 1989 4345 τοὺς

408 4372 674 4443 μαθητὰς
705 4370 819 4440 τὴν
844 4370 1033 4440 χεῖρα,
1061 4371 1177 4441 ἔφη
1202 4389 1215 4403 ·
1252 4367 1431 4427 Οὗτοί
1455 4375 1614 4425 εἰσιν
1650 4375 1703 4425 oi
1735 4372 1990 4441 ἀδελφοί

2073 1902 2147 1957 ita
2178 1903 2322 1958 enim
2351 1902 2506 1958 decet
2532 1918 2631 1959 nos
2664 1905 2889 1975 implere
2917 1907 3120 1960 omnia.

2146 2166 2286 2220 XIV.
2328 2166 2464 2224 Vide
2502 2185 2664 2239 quam
2715 2172 2781 2227 sit
2822 2182 3013 2227 eorum
3059 2170 3421 2242 undeqnach
3459 2168 3656 2243 depra-

2076 2267 2200 2311 vata
2232 2259 2512 2324 doetrina;
2546 2274 2708 2329 quam
2741 2262 3129 2326 claudicantia,
3167 2263 3507 2332 distortaque
3544 2263 3655 2317 sint

2079 2349 2282 2411 omnia,
2317 2364 2418 2403 nec
2448 2349 2584 2403 recti
2624 2350 2924 2419 quidquam
2971 2352 3313 2406 contineant.
3357 2350 3655 2405 Corinthus

2080 2438 2223 2492 enim
2264 2445 2318 2492 et
2344 2438 2702 2508 Carpocrates
2727 2440 2917 2495 eodem
2944 2438 3201 2502 Mattbzei,
3234 2449 3293 2495 ut
3323 2440 3540 2511 quidem
3561 2455 3657 2495 vo-

2080 2530 2222 2591 lunt,
2258 2528 2552 2598 Evangelio
2582 2529 2730 2594 freti,
2766 2544 2833 2585 ex
2864 2529 2987 2599 ejus
3022 2531 3178 2584 initio
3214 2530 3528 2601 Christique
3564 2545 3659 2602 ge-
3693 2570 3703 2579 .

2080 2623 2330 2694 uealogia
2375 2622 2610 2693 probare
2655 2624 2928 2691 nituntur,
2967 2618 3313 2679 Christu’m'e
3352 2619 3575 2694 Josephi
3602 2632 3660 2679 et

2083 2714 2265 2768 Maria:
2313 2716 2521 2769 semine
2566 2729 2691 2769 esse
2744 2722 3115 2784 procreatum.
3156 2714 3236 2768 llli
3278 2722 3471 2768 contra
3510 2714 3661 2769 aliud

2081 2807 2307 2862 omnino
2337 2812 2607 2862 statuunt.
2638 2804 2777 2860 Nam
2813 2807 2960 2860 omni
2995 2807 3085 2860 illa
3118 2807 3430 2878 genealogia
3464 2823 3660 2877 ampu-

2081 2907 2213 2965 tata,
2244 2898 2372 2954 inde
2392 2900 2535 2955 unde
2551 2900 2790 2956 diximus
2818 2901 3037 2955 initium
3068 2899 3346 2954 deducunt
3380 2918 3393 2953 :
3432 2898 3659 2953 Factum

2068 2992 2167 3044 est
2212 2990 2266 3042 in
2312 2989 2506 3044 diebus
2550 2988 2782 3046 Herodis
2813 2990 2959 3061 regis
2998 2989 3218 3053 Jud‘are,
3264 2990 3368 3045 sub
3418 2991 3665 3060 principe

2087 3080 2437 3136 sacerdotum
2486 3080 2718 3153 Caipha,
2774 3090 2835 3136 ut
2868 3082 3080 3137 veniret
3128 3082 3368 3153 quidam,
3422 3080 3662 3137 Joannes

2084 3174 2327 3240 nomine,
2360 3174 2651 3245 baptizans
2684 3174 2958 3245 baptismo
2987 3175 3323 3245 poenitentiae
3346 3176 3401 3228 in
3428 3173 3666 3230 Jordaue

2083 3266 2267 3331 ﬂuvio,
2286 3273 2391 3321 etc.
2408 3264 2859 3336 Quandoquidem
2876 3265 3082 3332 Jesum,
3103 3264 3428 3331 utdiximus,
3452 3280 3662 3320 merum

2084 3358 2361 3413 hominem
2406 3357 2688 3414 exstitisse
2731 3365 2961 3428 putant,
3018 3357 3074 3412 in
3107 3373 3281 3428 eoque
3310 3356 3471 3428 139
3506 3372 3656 3437 rese-

2084 3452 2232 3508 disse
2272 3453 2577 3512 Christum.
2625 3452 2721 3523 qui
2769 3452 3040 3507 columba:
3090 3452 3271 3523 specie
3314 3453 3384 3507 sit
3413 3451 3663 3522 illapsus,

2085 3559 2209 3599 cum
2234 3560 2407 3616 eoque
2428 3546 2797 3616 cunjunctus;
2830 3545 2883 3600 id
2905 3546 3049 3616 quod
3082 3545 3205 3600 ali-is
3235 3545 3459 3615 insuper
3487 3545 3665 3598 haere-

2086 3640 2240 3694 sibus
2267 3640 2541 3708 placuisse
2566 3641 2811 3709 reperio;
2836 3640 2910 3693 ita
2931 3638 3116 3694 Jesum
3149 3641 3328 3708 ipsum
3354 3652 3478 3693 esse
3505 3634 3668 3691 Chri-

2086 3739 2232 3787 stum
2252 3745 2317 3785 ex
2336 3732 2624 3801 utriusque
2645 3732 2889 3801 parentis
2911 3731 3118 3786 semine
3148 3736 3497 3801 prognatum.
3526 3725 3669 3782 [iur-

2086 3838 2210 3878 sum
2238 3838 2370 3877 vero
2399 3836 2508 3877 non
2543 3823 2821 3877 hominem
2857 3838 2981 3878 esse
3002 3822 3287 3877 Christum
3316 3837 3382 3876 ex
3417 3820 3519 3875 hoc
3546 3820 3668 3889 ejus
3708 3872 3713 3877 .

2087 3929 2359 3986 responso
2385 3915 2671 3983 colligunt,
2711 3913 2879 3983 quod,
2909 3928 3033 3967 cum
3075 3912 3449 3967 renuntiatum
3484 3928 3514 3965 e
3547 3919 3664 3966 set:

2090 4007 2223 4061 Ecce
2256 4014 2426 4060 mater
2469 4013 2560 4058 tua
2597 4014 2648 4060 et
2691 4007 2885 4075 fratres
2928 4005 3006 4058 tui
3053 4002 3185 4073 foris
3230 4010 3393 4066 stant,
3428 4002 3574 4055 hunc
3609 4002 3666 4056 in

2088 4102 2309 4156 modum
2335 4099 2603 4157 reddidit:
2636 4100 2767 4165 Quae
2792 4108 2865 4153 est
2894 4107 3063 4151 mater
3086 4113 3220 4156 mea.
3243 4105 3292 4150 et
3315 4096 3507 4164 fratres
3530 4094 3668 4151 mei?

2088 4201 2136 4246 et
2170 4190 2449 4246 exiendens
2478 4207 2688 4243 manum
2715 4190 2768 4243 in
2789 4189 3079 4256 discipulos
3108 4186 3284 4242 dixit:
3308 4186 3378 4240 lii
3400 4196 3520 4241 sunt
3547 4186 3666 4256 fra-

2091 4293 2195 4337 tres
2232 4283 2352 4348 mei,
2392 4290 2441 4336 et
2474 4292 2642 4335 mater
2675 4294 2811 4345 mea,
2844 4281 2932 4351 qui
2965 4281 3169 4350 faciunt
3204 4278 3528 4335 voluntatem
3558 4278 3672 4332 Pa-

2092 4377 2189 4429 tris
2217 4376 2379 4429 τηεν.
2417 4373 2556 4429 Hinc
2589 4375 2679 4429 ille
2701 4373 2995 4444 praestigiis
3027 4374 3335 4429 instructus
3368 4370 3543 4428 Ebion
3575 4387 3673 4426 va-

407 4482 524 4535 μου
552 4465 649 4518 καὶ
687 4464 726 4531 ἡ
752 4464 971 4534 μήτηρ,
1004 4467 1057 4517 οὶ
1094 4464 1405 4531 ποιοῦντες
1438 4464 1511 4518 τὰ
1544 4464 1849 4534 θελήματα
1882 4465 1976 4518 τοί

2097 4468 2205 4521 rias
2236 4483 2294 4522 se
2338 4467 2393 4520 in
2434 4467 2615 4521 larvas
2657 4473 2819 4536 atque
2848 4465 3052 4535 eﬂigies
3084 4464 3375 4528 deformat,
3411 4471 3468 4518 ut
3502 4480 3568 4519 ex
3604 4464 3670 4519 iis

412 4554 639 4622 Πατρός
667 4570 807 4623 μου.
868 4551 1182 4619 Ἐντεῦθεν,
1220 4553 1292 4617 ὡς
1338 4553 1473 4623 ἔφην
1528 4554 1626 4623 τῆς
1670 4553 1849 4625 πάσης
1891 4570 1988 4608 κυ-

413 4638 565 4702 ϐείας
610 4640 1030 4710 μεμεστωμένος
1072 4643 1102 4694 ὁ
1152 4640 1344 4694 Ἐὅίων
1385 4639 1475 4694 διὰ
1519 4640 1730 4694 πολλῶν
1765 4644 1989 4715 μορφῶν

413 4732 697 4800 ὑποφαίνει
742 4732 961 4786 ἑαυτόνσ
1005 4734 1082 4798 ὡς
1113 4729 1251 4787 εἶναι
1285 4735 1570 4806 τεράστιον
1608 4734 1749 4788 κατά
1781 4737 1847 4790 τά
1879 4735 1991 4790 ἄνω

412 4841 505 4895 μοι
538 4825 1011 4897 προδεδηλωμὲνα.

484 4915 580 4968 ΙΕ’.
612 4914 866 4985 Χρῶνται
892 4915 950 4969 δὲ
982 4915 1073 4969 καὶ
1114 4914 1301 4981 ἄλλαις
1331 4918 1446 4971 τισὶ
1476 4918 1589 4989 (50)
1613 4917 1815 4989 βίϐλοις
1851 4960 1865 4983 9
1893 4920 1986 4988 δῆ⁶

414 5004 503 5058 θεν
532 5009 652 5069 ταῖς
695 5007 1002 5075 Περιόδοις
1029 5008 1390 5080 καλουμέναις
1446 5010 1701 5077 Πέτρου,
1742 5014 1861 5074 ταῖς
1903 5011 1991 5064 διά

414 5095 727 5169 Κλήμεντος
768 5101 1093 5169 γραφείσαις
1114 5139 1129 5163 ,
1178 5099 1530 5164 νοθεύσαντες
1562 5101 1660 5171 μὲν
1692 5101 1761 5154 τά
1788 5103 1847 5154 έν
1888 5102 1990 5155 αὑ-

410 5191 532 5253 ταῖς
551 5230 566 5253 ,
600 5189 755 5258 ὀλίγα
782 5190 838 5243 δὲ
868 5190 1094 5260 ἀληθινά
1127 5190 1387 5253 ἐάσαντες
1405 5231 1420 5254 ,
1449 5190 1524 5254 ὡς
1553 5190 1715 5255 αὐτὸς
1757 5191 1992 5262 Κλήμης

412 5281 607 5344 αὐτοὺς
642 5279 784 5333 κατὰ
813 5280 993 5334 πάντα
1036 5280 1248 5351 ἐλέγχει
1269 5318 1284 5344 ,
1330 5281 1422 5350 ἀφ’
1452 5273 1527 5333 ὧν
1557 5280 1794 5350 ἔγραψεν
1831 5281 1990 5334 Ἐπι-

489 5437 505 5467 ⁸
540 5432 742 5507 Supplc
772 5434 921 5490 εἴδει.
997 5439 1017 5468 ³
1056 5435 1244 5490 Matth.
1284 5453 1381 5496 xu,
1412 5437 1593 5492 57-50.

638 5594 898 5665 Χρῶνται
934 5591 1002 5665 δὲ
1044 5593 1138 5646 καί
1161 5592 1381 5659 ἄλλαις
1408 5594 1551 5647 τισί.
1592 5591 1666 5647 De
1701 5593 1863 5657 libro,
1896 5592 1989 5665 qui

416 5664 681 5731 "spinosi.
724 5664 948 5732 Πέτρου
981 5664 1276 5732 inscriptus
1319 5672 1457 5727 erat,
1511 5666 1755 5717 meminit
1790 5664 1988 5718 Athan.

414 5739 466 5788 iu
508 5737 635 5803 Sy".
664 5744 710 5787 et
741 5736 880 5788 inter
912 5739 1216 5804 apovrypha
1250 5750 1371 5787 rum
1418 5734 1540 5787 aliis
1577 5748 1840 5789 recenset.
1880 5734 1991 5791 Vel-

2094 4577 2217 4633 qua)
2257 4561 2413 4616 initio
2453 4562 2597 4616 dicta
2631 4569 2759 4616 sunt
2790 4568 2986 4616 tetrum
3017 4568 3070 4616 et
3106 4560 3368 4616 horribile
3395 4561 3670 4631 quoddam

2092 4670 2214 4710 esse
2245 4660 2550 4707 monstrum
2582 4660 2861 4723 appareat.

2164 4904 2278 4964 XV.
2317 4910 2457 4964 Sunt
2486 4917 2539 4964 et
2568 4909 2658 4964 alii
2695 4910 2818 4965 libri
2856 4912 3056 4982 quibus
3089 4920 3341 4978 utuntur,
3383 4909 3530 4968 velut
3572 4913 3673 4969 Pe-

2096 5002 2165 5055 tri
2213 5002 2465 5055 circuitus
2509 5017 2538 5055 a
2585 5002 2861 5059 Clemente
2910 5005 3245 5074 conscripti,
3285 5021 3395 5076 quo
3435 5006 3490 5060 in
3518 5007 3669 5062 libro

2095 5094 2283 5161 paucis
2312 5094 2455 5149 veris
2496 5095 2704 5150 relictis
2759 5105 2954 5152 cwtera
2999 5108 3408 5167 supposuerunt
3438 5118 3451 5153 :
3479 5115 3672 5170 quem-

2096 5186 2389 5241 admodum
2419 5188 2671 5242 Clemens
2701 5188 2817 5256 ipsc
2840 5188 3097 5244 omnibus
3121 5190 3246 5244 illos
3278 5190 3454 5247 modis
3489 5191 3676 5246 redar-

2095 5279 2212 5348 guit
2243 5279 2312 5334 iis
2344 5277 2598 5347 Epistolis
2633 5279 3007 5343 circularibus,
3032 5298 3153 5351 qua:
3188 5283 3257 5338 ab
3286 5299 3352 5338 eo
3377 5286 3594 5353 scripta:
3618 5285 3671 5338 in

2098 5595 2174 5670 uti
2205 5604 2330 5670 sunt
2378 5594 2625 5670 ilaEEocSm
2662 5594 2890 5670 [Ιέτρου.
2948 5597 3201 5670 ,Περίοδοι
3224 5596 3492 5670 Ἰωάννοῦ,
3520 5599 3683 5670 Περι-

2096 5666 2203 5739 οδοι
2233 5666 2443 5739 sapa,
2461 5666 3186 5739 Edayyéktoyﬂxata'tnempit,
3219 5668 3416 5739 Διδαχὴ
3444 5666 3669 5739 ἀποστόο

2098 5737 2222 5799 λων,
2256 5735 2586 5805 Κλημέιτια,
2614 5746 2716 5789 etc.
2756 5736 2914 5806 [Vide
2950 5735 3101 5791 Patr.
3135 5735 3226 5791 Cr.
3257 5748 3297 5791 t.
3338 5735 3440 5793 [et
3475 5738 3571 5811 IL]
