4018 6186
370 335 461 391 ιδι

1769 320 1826 375 S.
1870 318 2208 375 EPIPHANH

3515 315 3623 375 ιτα

371 449 739 510 sacrosanctis
773 446 1022 503 ecclesiis
1063 446 1340 516 leguntur.
1371 443 1444 497 Ex
1483 443 1686 514 quibus
1727 450 1945 498 constat

2074 440 2283 496 Γτολών
2302 441 2639 510 ἐγκυκλίων
2684 440 2791 493 τῶν
2846 438 2905 493 ἐν
2946 440 3064 503 ταῖς
3096 436 3278 507 ἀγίαις
3306 437 3624 508 ἐκκλησίαις

368 547 529 615 longe
574 543 642 597 ab
685 542 752 596 iis
785 554 907 609 qua:
938 538 991 591 in
1028 536 1350 591 Circuitibus
1388 535 1497 591 illis
1526 535 1628 590 sub
1671 534 1790 603 ejus
1840 549 1942 588 no-

370 638 518 691 mine
544 633 854 689 adulterina
881 638 1121 695 exstant,
1163 628 1312 683 illius
1354 626 1511 681 iidem
1544 640 1607 682 ac
1636 640 1943 680 sermonem

369 724 741 783 abhorruisse.
779 722 994 778 Etenim
1028 720 1395 790 virginitatem
1425 717 1681 772 Clemens
1703 715 1942 778 edocuit,

370 816 463 873 isti
488 814 781 886 repudiarit
814 832 829 868 :
864 813 955 866 ille
1000 811 1170 865 Elian:
1219 809 1474 864 Davidem
1502 816 1556 863 et
1589 806 1945 876 Sampsuncm

370 924 678 978 omnesque
725 905 1021 977 prephetas
1070 901 1454 964 commendat;
1506 898 1772 954 Ebionitse
1798 899 1949 953 dete-

372 1003 609 1052 stantur.
633 994 815 1061 Quare
844 994 901 1048 in
933 992 1254 1047 Circuizibus
1286 991 1407 1045 istis
1437 1005 1594 1044 suum
1628 990 1694 1042 ad
1727 989 1949 1044 institu-

374 1096 488 1143 tum
537 1086 1021 1142 accommodarunt
1067 1083 1272 1145 omnia,
1310 1098 1372 1134 ac
1413 1080 1481 1134 de
1520 1079 1681 1134 Petro
1714 1080 1946 1149 plurima

374 1176 655 1231 mendacia
680 1176 1083 1231 conﬁnxerunt.
1111 1172 1430 1242 Cujusmodi
1458 1181 1540 1225 est
1563 1173 1702 1227 inter
1730 1182 1945 1236 caetera,

374 1266 618 1336 quotidie
657 1267 809 1321 illum
856 1265 1198 1319 castimonia:
1228 1278 1398 1317 causa
1434 1263 1655 1327 lavisse,
1683 1263 1828 1332 quod
1859 1263 1948 1319 isti

375 1359 558 1415 facere
585 1363 1010 1412 consueverunt.
1038 1354 1175 1409 Tum
1222 1357 1289 1409 ab
1322 1355 1580 1409 animatis
1614 1355 1868 1410 omnibus
1897 1363 1951 1409 et

376 1446 658 1509 carnibus,
680 1445 994 1515 reliquoque
1020 1444 1191 1506 omni,
1208 1444 1355 1513 quod
1383 1458 1546 1498 carne
1569 1451 1806 1508 constet,
1832 1447 1953 1500 alis-

375 1534 638 1598 tinuisse;
684 1534 942 1603 quoniam
992 1532 1061 1586 ab
1104 1532 1172 1587 iis
1224 1539 1335 1585 tam
1377 1531 1550 1587 Ebion
1588 1533 1739 1597 olim,
1788 1549 1950 1602 quam

376 1624 539 1679 hodie
567 1623 833 1677 Ehionitm
866 1637 1058 1677 omnes
1091 1621 1407 1675 abhorrent.
1444 1621 1689 1691 Cumque
1716 1622 1951 1691 aliquem

375 1731 441 1770 ex
467 1714 573 1771 illis
602 1713 1051 1783 interrogaveris,
1075 1727 1175 1767 cur
1199 1711 1420 1766 tandem
1452 1713 1523 1766 ab
1550 1711 1803 1766 animatis
1833 1727 1953 1767 sese

2045 533 2565 603 ἀναγινωσκομένων
2584 573 2598 597 ,
2634 533 2716 586 ὅτι
2741 531 2899 586 ἄλλον
2934 530 3047 601 ἔχει
3076 528 3399 602 χαρακτῆρα
3425 531 3459 601 ἡ
3491 530 3626 584 ἐαυ-

2043 625 2138 678 τοῦ
2178 625 2360 687 πίστις
2390 626 2483 678 καὶ
2513 626 2542 677 ὁ
2570 624 2725 692 λόγος
2753 622 2904 694 παρά
2942 621 3011 675 τά
3036 622 3142 674 ὑπὸ
3167 619 3371 675 τούτων
3397 623 3478 684 είς
3504 621 3625 674 δνο-

2050 734 2126 787 μα
2152 716 2317 769 αὐτοῦ
2351 718 2408 769 ἐν
2432 719 2554 778 ταῖς
2583 714 2887 784 Περιόδοις
2915 713 3289 782 νενοθευμένα.
3317 711 3488 776 Αὐτὸς
3516 711 3628 783 γὰρ

2047 807 2343 878 παρθενίαν
2381 806 2658 870 διδάσκει,
2693 807 2788 859 καὶ
2838 805 2991 858 αὐτοὶ
3033 806 3095 858 οὐ
3144 804 3410 875 δέχονται.
3456 804 3629 866 Αὐτὸς

2048 898 2155 968 γὰρ
2194 896 2531 968 ἐγκωμιάζει
2570 896 2757 950 Ἠλίαν
2787 896 2882 949 καὶ
2915 895 3077 949 Δαϐὶδ
3123 895 3218 949 καὶ
3251 894 3491 966 Σαμψὼν
3533 896 3630 948 καὶ

2049 989 2257 1052 πάντας
2289 991 2415 1051 τοὺς
2446 990 2761 1060 προφήτας,
2795 988 2890 1050 οὓς
2916 982 3065 1040 οὗτοι
3106 986 3496 1056 βδελύττονται.
3539 989 3630 1041 Ἐν

2047 1084 2165 1145 ταῖς
2198 1076 2290 1133 οὖν
2328 1079 2630 1148 Περιόδοις
2656 1080 2717 1132 τὸ
2751 1081 2858 1133 πᾶν
2898 1080 2978 1142 είς
3019 1080 3244 1141 ἑαυτοὺς
3290 1080 3631 1150 μετήνεγκαν

2050 1171 2527 1241 καταψευσάμενοι
2572 1170 2778 1243 Πέτρου
2811 1169 2950 1223 κατὰ
2996 1169 3222 1232 πολλοὺς
3253 1169 3522 1239 τρόπους,
3555 1169 3633 1233 ὡς

2052 1260 2217 1314 αὑτοῦ
2249 1259 2369 1314 καθ’
2413 1259 2624 1329 ἡμέραν
2655 1257 3050 1329 βαπτιζομένου
3104 1257 3374 1327 ἁγνισμοῦ
3421 1258 3628 1321 ἕνεκεν.

2052 1352 2300 1421 καθάπερ
2340 1353 2433 1403 καὶ
2454 1345 2618 1403 οὗτοι·
2646 1348 2909 1419 ἐμψύχων
2936 1364 2996 1400 τε
3020 1349 3110 1401 τὸν
3140 1349 3300 1401 αὐτὸν
3331 1347 3632 1419 ἀπέχεσθαι

2053 1445 2148 1499 καὶ
2192 1443 2369 1513 κρεῶν
2390 1482 2405 1507 ,
2457 1442 2532 1505 ὡς
2563 1443 2656 1495 καὶ
2687 1436 2831 1495 οὗτοι
2857 1480 2871 1504 ,
2902 1444 2995 1494 καὶ
3027 1442 3207 1508 πάσης
3236 1439 3403 1510 ἄλλης
3430 1440 3634 1509 ἐδωδῆς

2052 1536 2148 1605 τῆς
2181 1534 2288 1587 ἀπὸ
2317 1532 2536 1603 σαρκῶν
2581 1533 2957 1602 πεποιημένης
3004 1532 3250 1601 λέγουσιν
3275 1572 3289 1594 ,
3335 1532 3633 1603 ἐπειδήπερ

2055 1627 2149 1679 καὶ
2184 1624 2347 1688 αὐτὸς
2384 1624 2575 1678 Ἐϐίων
2610 1625 2703 1678 καὶ
2749 1624 3055 1677 Ἑϐιωνῖται
3093 1623 3372 1686 παντελῶς
3406 1623 3637 1693 ἀπέχον-

2055 1730 2153 1769 ται
2181 1715 2405 1769 τούτων.
2445 1716 2613 1768 Ὅταν
2645 1715 2701 1768 δὲ
2731 1716 3014 1786 ἐρωτήσῃς
3046 1716 3142 1768 ἕνα
3175 1714 3283 1767 τῶν
3312 1713 3492 1768 αὐτῶν
3515 1753 3530 1777 ,
3555 1714 3640 1767 τί·

376 1807 681 1871 contincat,
731 1805 879 1859 aliud
909 1804 1043 1858 nihil
1075 1810 1274 1875 praeter
1305 1803 1409 1858 hoc
1444 1804 1752 1873 imperitum
1786 1813 1840 1858 et
1871 1804 1955 1857 in-

2074 1823 2145 1869 ρος
2168 1805 2355 1858 ἕνεκεν
2391 1804 2650 1874 ἐμψύχων
2691 1784 3287 1875 ούῄμεταλαμὸάνουσι,
3323 1802 3397 1873 μὴ
3424 1800 3640 1872 ἔχοντές

380 1898 590 1954 sulsum
617 1897 871 1966 excipiet,
905 1895 1050 1966 quod
1080 1895 1171 1949 illa
1197 1910 1228 1950 e
1254 1910 1547 1964 corporum
1579 1896 1730 1950 coitu
1752 1910 1956 1950 concu-

385 1989 612 2057 bituque
639 1987 954 2058 gignantur,
993 2002 1051 2041 se
1087 1986 1295 2041 idcirco
1324 2001 1434 2040 non
1461 1986 1626 2041 vesci.
1652 1984 1730 2040 Ex
1762 2001 1872 2056 quo
1896 1987 1958 2040 ii-

387 2078 477 2134 lud
509 2093 857 2149 consequens
903 2086 1010 2141 est,
1066 2077 1166 2134 hos
1217 2078 1367 2147 ipsos
1401 2079 1494 2149 qui
1535 2094 1601 2134 ex
1632 2077 1821 2134 eodem
1856 2079 1957 2133 viri

390 2170 709 2240 feminaeque
743 2170 1032 2239 complexu
1062 2168 1173 2222 nati
1205 2178 1356 2232 sunt,
1394 2169 1790 2226 abominandos
1812 2186 1954 2235 esse,

390 2263 430 2315 si
462 2274 590 2315 vera
623 2268 752 2314 sunt
793 2275 914 2331 quae
962 2275 1025 2314 ex
1060 2274 1155 2314 ore
1184 2274 1287 2315 suo
1311 2261 1480 2316 stulte
1510 2276 1574 2316 ac
1602 2260 1837 2317 ridicule
1862 2276 1962 2316 vo-

389 2362 659 2408 iuuerunt.
1678 2340 1681 2343 ἤ

460 2441 596 2498 XVI.
629 2443 897 2499 Caeterum
920 2442 1194 2513 baptismo
1221 2459 1441 2514 quoque
1469 2451 1668 2515 praeter
1693 2445 1965 2515 quotidia~

391 2547 520 2584 num
550 2531 702 2585 illum
735 2532 1046 2597 initiantur,
1100 2541 1155 2587 et
1187 2548 1255 2586 ex
1301 2531 1743 2588 Christianorum
1779 2532 1967 2588 Eccle-

320 2606 328 2616 ’
391 2618 594 2690 siaeque
628 2621 940 2678 imitatione
967 2623 1233 2693 mysteria
1263 2621 1514 2692 quadam
1548 2625 1848 2693 quotannis
1877 2638 1968 2678 ee-

396 2701 634 2777 lebrant,
670 2713 829 2785 ιω
858 2714 914 2767 in
939 2714 1140 2785 quibus
1162 2728 1347 2784 .panes
1381 2729 1625 2786 azymos,
1662 2722 1717 2771 et
1740 2714 1808 2770 ad
1835 2715 1970 2771 alte-

396 2819 512 2860 ram
541 2806 786 2878 mysterii
811 2813 1021 2875 partem
1051 2820 1257 2861 meram
1280 2820 1477 2877 aquam
1497 2806 1775 2863 adhibent.
1801 2806 1969 2876 Duos,

399 2904 458 2952 ut
486 2894 599 2966 jam
635 2895 773 2961 dixi,
806 2910 837 2949 a
868 2895 980 2951 Deo
1011 2897 1346 2953 constitutos
1381 2906 1660 2964 asserunt,
1693 2899 1971 2955 Christum

398 2994 452 3042 et
496 2987 798 3042 diabolum.
850 2986 1098 3054 Quorum
1149 2987 1226 3041 illi
1274 2987 1470 3054 futuri,
1514 2988 1642 3043 buic
1692 2990 1975 3059 praesentis

402 3075 584 3130 saeculi
619 3082 862 3145 potestas
893 3084 977 3131 est
1007 3075 1322 3140 commissa,
1356 3074 1520 3146 idque
1549 3075 1686 3132 adeo
1715 3076 1975 3147 Omnipo—

403 3166 570 3221 teutis
604 3166 753 3222 illius
800 3166 1059 3221 mandato
1118 3166 1187 3221 ad
1231 3166 1499 3238 cujusque
1555 3170 1978 3239 postulationem

404 3272 527 3311 esse
555 3255 781 3312 factum.
811 3256 893 3311 0b
922 3256 977 3311 id
1010 3255 1198 3312 Jesuin
1227 3273 1294 3313 ex
1324 3258 1469 3313 virili
1519 3260 1727 3316 semine
1775 3261 1980 3331 produ-

406 3356 555 3402 ctum
584 3348 877 3412 allirmant,
916 3357 970 3403 et
1000 3348 1228 3403 electum
1258 3366 1272 3414 ;
1320 3350 1502 3421 itaque
1526 3350 1618 3407 Dei
1649 3351 1845 3407 Filium
1887 3368 1982 3425 ap-

408 3440 664 3511 pellatum
712 3440 781 3494 ab
832 3455 897 3494 eo
940 3439 1244 3506 Christum,
1298 3442 1390 3512 qui
1420 3442 1474 3496 in
1507 3443 1684 3513 ipsum
1717 3445 1983 3501 columbae

412 3530 584 3602 iigura
612 3530 680 3585 de
707 3531 846 3585 cmlo
876 3530 1133 3602 delapsus
1176 3540 1279 3587 est.
1320 3531 1533 3603 Negant
1561 3549 1689 3589 vero
1725 3550 1753 3588 a
1783 3534 1890 3591 Deo
1920 3536 1983 3590 il-

411 3623 522 3677 lum
544 3638 667 3678 esse
698 3622 861 3679 Patre
884 3625 1151 3695 genitum,
1184 3625 1281 3680 sed
1309 3631 1573 3693 tanquam
1601 3643 1771 3682 unum
1802 3645 1865 3684 ex
1898 3644 1984 3684 ar-

408 3714 688 3785 changelis
719 3725 984 3778 creatum,
1035 3723 1090 3770 et
1142 3717 1210 3772 iis
1258 3724 1440 3771 tamen
1473 3717 1766 3787 majorem;
1803 3720 1895 3790 qui
1931 3729 1984 3775 et

410 3804 655 3875 angelis,
695 3812 748 3860 et
786 3805 1063 3862 universis
1118 3821 1239 3877 qua:
1295 3814 1426 3860 sunt
1482 3806 1550 3861 ab
1602 3806 1986 3879 Omnipoteute

414 3896 634 3950 condita
667 3896 996 3963 dominetur,
1015 3909 1068 3955 et
1089 3900 1142 3952 in
1169 3898 1313 3953 hunc
1344 3899 1531 3954 orbem
1562 3902 1796 3968 venerit,
1822 3911 1986 3973 atque

412 3988 536 4056 hoc,
561 3986 705 4057 quod
740 3996 824 4043 est
866 3988 922 4042 in
954 3990 1168 4044 illorum
1197 3989 1513 4060 Evangelio,
1546 3992 1794 4047 docuerit
1818 3991 1983 4063 :Ego,

412 4080 611 4150 inquit,
643 4080 711 4135 ad
749 4079 1062 4151 abroganda
1104 4074 1374 4137 sacrificia
1416 4084 1558 4149 veni,
1592 4091 1647 4140 et
1676 4084 1784 4140 nisi
1813 4087 1987 4140 sacri-

414 4166 575 4221 licare
602 4165 899 4232 desieritis,
932 4166 1024 4224 Dei
1058 4170 1113 4223 in
1141 4185 1237 4225 vos
1264 4171 1345 4224 ira
1380 4186 1492 4226 non
1524 4170 1765 4227 cessabit
1788 4190 1801 4226 :
1821 4171 1984 4241 Ejus-

412 4257 560 4310 modi
582 4272 710 4328 ergo
742 4259 957 4313 illowm
990 4260 1240 4314 instituta
1272 4270 1420 4316 sunt.
1458 4261 1728 4318 Praiterea
1767 4275 1987 4333 aposto-

414 4347 589 4402 lorum
627 4348 763 4405 alios
793 4350 963 4406 Actus
993 4350 1410 4419 circumferunt,-
1443 4355 1499 4408 in
1529 4355 1727 4424 quibus
1753 4356 1986 4425 plurima

2056 1915 2109 1951 τι
2138 1893 2522 1967 διηγήσασθαι,
2551 1895 2932 1967 ἀποκρίνονται
2965 1896 3257 1958 ἀσυνέτως,
3284 1894 3375 1947 καὶ
3396 1893 3638 1961 λέγουσι,

2058 1987 2157 2040 Διὰ
2200 1985 2261 2038 τὸ
2287 1986 2351 2036 ἐκ
2385 1986 2669 2048 συνουσίας
2713 1985 2806 2037 καὶ
2839 1985 3038 2055 μίξεως
3077 1984 3345 2055 σωμάτων
3379 1978 3517 2037 εἶναι
3543 1982 3643 2036 αὺ-

2058 2079 2144 2142 τά,
2173 2079 2233 2131 οὐ
2267 2078 2755 2150 μεταλαμϐάνομεν
2778 2093 2791 2107 ·
2830 2077 2906 2139 ὡς
2936 2072 3078 2130 εἶναι
3106 2076 3303 2139 αὐτοὺς
3330 2075 3485 2138 ὅλους
3512 2075 3642 2137 τοὺς

2062 2170 2169 2223 ἀπὸ
2205 2170 2485 2240 ἐπιμιξίας
2514 2168 2706 2239 ἀνδρός
2744 2185 2805 2221 τε
2852 2167 2947 2221 καὶ
2996 2167 3248 2234 γυναικὸς
3297 2164 3641 2237 βδελυκτοὺς,

2063 2260 2204 2313 κατά
2238 2259 2308 2312 τὰ
2356 2259 2462 2313 ὑπὸ
2494 2258 2586 2312 τοῦ
2639 2258 2905 2329 στόματος
2952 2257 3133 2311 αὐτῶν
3161 2255 3419 2327 ληρωδῶς
3455 2253 3647 2326 ἐξεμε-

2063 2352 2245 2405 θέντα.

2138 2447 2253 2512 ις’.
2286 2445 2579 2514 Βάπτισμα
2607 2441 2663 2495 δὲ
2694 2443 2789 2496 καὶ
2828 2442 2983 2495 αὐτοὶ
3013 2439 3348 2511 λαμϐάνουσι
3369 2440 3539 2512 χωρὶς
3569 2431 3648 2496 ὧν

2068 2531 2190 2586 καθ’
2227 2532 2440 2603 ἡμέραν
2494 2531 2862 2602 βαπτίζονται.
2903 2531 3198 2602 Μυστήρια
3245 2529 3302 2582 δὲ
3351 2530 3512 2601 δῆθεν
3558 2546 3649 2585 τι-

2068 2623 2219 2678 λοῦσι
2241 2624 2382 2678 κατά
2411 2625 2641 2695 μίμησιν
2671 2623 2782 2677 τῶν
2816 2622 2983 2693 ἁγίων
3013 2624 3071 2676 ἐν
3096 2625 3162 2694 τῇ
3203 2622 3499 2695 Ἐκκλησία
3539 2623 3652 2678 ἀπὸ

2070 2716 2318 2771 ἐνιαυτοῦ
2355 2718 2437 2779 εἰς
2472 2714 2721 2769 ἐνιαυτὸν
2760 2715 2851 2768 διὰ
2885 2714 3109 2785 ἀζύμων
3136 2754 3153 2777 ,
3184 2714 3278 2767 καὶ
3303 2714 3365 2767 τὸ
3395 2714 3523 2767 ἄλλο
3547 2714 3649 2785 μέ-

2076 2827 2167 2881 ρος
2214 2809 2308 2862 τοῦ
2350 2808 2647 2880 μυστηρίου
2682 2807 2748 2861 δι’
2783 2807 2974 2871 ὓδατος
3005 2806 3188 2878 μόνου.
3225 2805 3331 2860 Δύο
3376 2805 3433 2860 δέ
3473 2823 3652 2871 τινας,

2074 2901 2149 2965 ὡς
2183 2900 2317 2973 ἔφην
2338 2941 2352 2965 ,
2390 2899 2710 2953 συνιστῶσιν
2739 2903 2804 2953 ἐκ
2828 2897 2961 2952 Θεοῦ
3002 2898 3396 2969 τεταγμένους,
3429 2898 3525 2952 ἕνα
3556 2898 3657 2968 μὲν

2076 2996 2167 3049 τὸν
2191 2993 2453 3065 Χριστὸν,
2480 2993 2576 3045 ἕνα
2608 2991 2665 3045 δὲ
2701 2991 2793 3044 τὸν
2827 2988 3070 3043 διάϐολον
3091 3003 3104 3017 ’
3138 2989 3232 3055 καὶ
3262 2987 3354 3041 τὸν
3387 2987 3488 3059 μὲν
3516 2987 3659 3059 Χρι-

2005 3112 2047 3168 c
2081 3086 2204 3140 στὸν
2241 3085 2460 3154 λέγουσι
2508 3083 2603 3137 τοῦ
2665 3081 2948 3152 μέλλοντος
2995 3080 3191 3144 αἰῶνος
3243 3079 3522 3149 εἰληφέναι
3565 3078 3663 3133 τὸν

2083 3179 2281 3250 κλῆρον
2307 3219 2321 3243 ,
2364 3176 2453 3230 τὸν
2495 3176 2552 3229 δέ
2606 3174 2854 3229 διάϐολον
2910 3172 3099 3227 τοῦτον
3149 3171 3542 3227 πεπιστεῦσθαι
3568 3171 3662 3226 τὸν

2082 3270 2274 3333 αἰῶνα,
2296 3271 2361 3323 ἐκ
2388 3266 2702 3339 προσταγῆς
2733 3264 2893 3336 δῆθεν
2922 3265 3017 3318 τοῦ
3048 3265 3493 3336 Παντοκράτορος
3520 3262 3664 3317 κατὰ

2082 3358 2298 3429 αἴτησιν
2335 3356 2612 3427 ἑκατέρων
2652 3353 2854 3409 αὐτῶν.
2888 3354 2998 3407 Καὶ
3020 3353 3208 3406 τούτου
3253 3351 3416 3406 ἕνεκα
3455 3351 3665 3423 Ἰησοῦν

2084 3447 2479 3518 γεγεννημένον
2533 3449 2598 3500 ἐκ
2651 3445 2963 3518 σπέρματος
3016 3444 3206 3514 ἀνδρὸς
3255 3443 3473 3512 λέγουσι
3498 3482 3513 3507 ,
3570 3443 3667 3496 καὶ

2084 3541 2455 3611 ὲπιλεχθέντα,
2480 3540 2574 3593 καὶ
2601 3539 2743 3593 οὕτω
2775 3538 2916 3593 κατὰ
2954 3539 3184 3610 ἐκλογὴν
3215 3537 3344 3590 Υἱδν
3369 3535 3505 3591 Θεοῦ
3534 3536 3668 3605 κλη-

2085 3632 2243 3687 θέντα
2267 3673 2281 3695 ,
2324 3633 2434 3686 ἀπὸ
2474 3633 2568 3685 τοῦ
2607 3632 2812 3687 ἀνωθεν
2852 3633 2930 3695 είς
2969 3631 3132 3685 αὐτὸν
3164 3631 3389 3701 ἥκοντος
3429 3629 3667 3700 Χριστοῦ

2085 3728 2141 3779 ἐν
2172 3726 2302 3779 εἴδει
2330 3726 2679 3796 περιστερᾶς.
2717 3725 2791 3778 Οὐ
2822 3722 3163 3793 φάσκουσιδὲ
3191 3723 3255 3775 ἐκ
3292 3720 3427 3774 Θεοῦ
3453 3721 3670 3792 Πατρδς

2085 3819 2247 3871 αὑτὸν
2274 3818 2631 3888 γεγεννῆσθαι
2649 3857 2664 3879 ,
2694 3816 2828 3869 ἀλλὰ
2858 3814 3101 3869 ἐκτίσθαι
3130 3854 3145 3880 ,
3175 3814 3250 3878 ὡς
3274 3814 3368 3867 ἕνα
3394 3814 3504 3866 τῶν
3532 3814 3671 3884 ἀρχ-

2087 3909 2331 3977 αγγέλων
2358 3951 2372 3971 ,
2436 3907 2656 3979 μείζονα
2706 3906 2762 3960 δέ
2819 3906 2998 3960 αὐτῶν
3043 3905 3172 3960 ὄντα
3204 3923 3216 3935 ·
3267 3906 3427 3958 αὐτὸν
3475 3904 3531 3959 δὲ
3572 3922 3670 3958 κυ-

2088 4001 2288 4071 ριεύειν
2327 4000 2420 4053 καὶ
2454 3998 2701 4068 ἀγγέλων
2732 3998 2826 4051 καὶ
2851 3999 3068 4052 πάντων
3102 3997 3205 4050 ὑπὸ
3232 3996 3326 4050 τοῦ
3351 3994 3669 4066 Παντοκρά-

2086 4109 2244 4162 τορος
2276 4091 2682 4162 πεποιημένων,
2721 4091 2814 4144 καὶ
2838 4089 3059 4144 ἐλθόντα
3092 4089 3189 4143 καὶ
3222 4087 3667 4159 ὑφηγησάμενον,

2086 4182 2162 4245 ὡς
2194 4183 2254 4235 τὸ
2286 4184 2418 4256 παρ’
2453 4183 2639 4246 αὐτοῖς
2681 4179 3012 4249 Εὐαγγέλιω
3041 4178 3374 4249 καλούμενον
3402 4177 3666 4248 περιέχει,

2087 4277 2169 4330 ὅτι
2195 4272 2399 4331 Ἦλθον
2430 4273 2731 4329 καταλῦσαι
2759 4273 2858 4337 τὰς
2887 4272 3078 4338 θυσίας
3098 4314 3112 4338 ,
3147 4274 3241 4326 καὶ
3275 4271 3370 4326 ἐὰν
3405 4270 3669 4349 μὴκπαύ-
3706 4330 3719 4335 _

2089 4367 2256 4438 σησθε
2309 4365 2403 4420 τοῦ
2438 4366 2619 4431 θύειν,
2654 4365 2715 4417 οὐ
2771 4364 3041 4418 παύσεται
3086 4365 3180 4433 ἀφ’
3221 4363 3374 4434 ὑμῶν
3420 4364 3453 4435 ἡ
3505 4363 3666 4434 ὀργή.

415 4445 546 4494 sunt
590 4438 885 4509 impietatis
929 4442 1147 4497 illorum
1179 4445 1442 4515 vestigia;
1469 4447 1739 4518 hujusque
1766 4449 1969 4518 potissit

2093 4458 2195 4512 Καὶ
2224 4456 2396 4511 ταῦτα
2426 4459 2520 4510 καὶ⁷
2544 4456 2768 4511 τοιαῦτά
2797 4456 2921 4509 τινά
2947 4457 3061 4508 ἐστι
3086 4455 3156 4508 τά
3184 4454 3312 4526 παρ’
3343 4442 3673 4516 αὐτοῖς’ἐπι-

416 4545 565 4586 mum
598 4533 924 4589 auctoritate
956 4534 1080 4588 libri
1123 4535 1191 4588 ad
1237 4538 1657 4608 oppugnandam
1707 4539 1988 4595 veritatem

419 4629 728 4678 armantur.
766 4624 980 4697 Quippe
1011 4635 1191 4683 certos
1221 4626 1335 4682 illic
1365 4630 1589 4699 gradus,
1617 4629 1671 4683 in
1707 4630 1883 4701 iisque
1900 4629 1993 4685 Ja-

420 4713 544 4768 cobi
572 4717 919 4772 narrationes
953 4717 1219 4786 quasdam
1249 4720 1543 4790 explicant,
1568 4721 1769 4791 quibus
1797 4721 1991 4776 adver—

420 4819 517 4861 sus
551 4807 815 4876 templum
841 4814 897 4862 et
928 4807 1224 4874 sacriﬁcia,
1263 4811 1551 4880 ignemque
1582 4812 1673 4881 qui
1709 4820 1793 4866 est
1825 4812 1879 4865 in
1916 4813 1993 4865 al-

420 4899 523 4954 tari
558 4898 874 4957 declamans
899 4900 1194 4956 inducitur.

490 5183 779 5241 Aecedunt
802 5198 855 5243 et
879 5189 984 5243 alia
1006 5190 1407 5259 quamplurima
1432 5191 1590 5262 longe
1611 5191 1993 5248 stolidissima.

424 5275 494 5331 Ut
523 5277 607 5332 vel
636 5276 864 5334 Paulum
898 5280 1076 5351 ipsum
1103 5283 1216 5337 illic
1245 5297 1507 5338 accusare
1535 5298 1644 5338 non
1673 5283 1994 5338 erubuerint

416 5370 866 5426 mendacissimis
893 5373 1221 5442 quibusdam
1253 5374 1621 5440 sermonibus,
1658 5390 1795 5445 quos
1827 5374 1990 5429 falso—

417 5477 542 5518 rum
568 5480 633 5521 ex
666 5466 759 5524 illo
793 5482 955 5538 grege
995 5470 1367 5538 apostolorum
1400 5485 1555 5526 error
1596 5472 1760 5542 atque
1790 5472 1992 5541 impro-

418 5552 564 5611 bitas
598 5557 949 5629 exeogitavit.
994 5558 1276 5629 Siquidem
1329 5560 1655 5618 Tarsensem
1707 5563 1858 5619 illum
1892 5580 1991 5618 no-

504 5706 520 5735 ⁸
549 5704 664 5761 Del.
701 5707 841 5766 forte
878 5711 966 5766 τά.

2091 4548 2404 4620 τηδεύματα
2425 4589 2439 4612 ,
2496 4547 2729 4619 Πράξεις
2759 4547 2815 4600 δὲ
2855 4546 3019 4610 ἄλλας
3053 4544 3307 4598 καλοῦσιν
3359 4542 3671 4598 ἀποστόλων

2093 4636 2264 4705 εἶναι,
2308 4642 2367 4692 ἐν
2421 4634 2508 4704 αἷς
2545 4637 2716 4691 πολλά
2753 4638 2853 4707 τῆς
2903 4636 3155 4699 ἀσεϐείας
3204 4635 3383 4688 αὐτῶν
3434 4632 3667 4704 ἔμπλεα,

2093 4729 2245 4783 ἔνθεν
2281 4729 2351 4783 τὰ
2384 4733 2397 4760 ¹
2433 4731 2496 4783 ού
2530 4729 2826 4799 παρέργως
2854 4729 2995 4782 κατὰ
3019 4729 3117 4798 τῆς
3148 4726 3407 4797 ἀληθείας
3446 4724 3672 4788 ἑαυτοὺς

2093 4820 2357 4875 ὥπλισαν.
2406 4820 2776 4888 ’Δναϐαθμοὺς
2807 4819 2915 4888 γάρ
2942 4833 3093 4879 τινας
3131 4817 3224 4870 καὶ
3256 4816 3554 4886 ὑφηγήσεις
3585 4813 3676 4883 δῆ-

2094 4911 2189 4965 θεν
2238 4913 2294 4964 ἐν
2348 4913 2462 4975 τοῖς
2510 4909 2847 4979 ἀναϐαθμοῖς
2889 4907 3149 4962 Ἰακώϐού
3180 4906 3554 4969 ὑποτίθενται,
3594 4904 3671 4964 ὡς

2094 5002 2460 5073 ἐξηγουμένου
2492 5002 2634 5055 κατά
2669 5017 2728 5054 τε
2750 4999 2842 5053 τοῦ
2867 4998 2994 5052 ναοῦ
3022 5004 3114 5051 καὶ
3136 4997 3243 5051 τῶν
3283 4995 3503 5059 θυσιῶν,
3531 4994 3674 5048 κατά

2093 5110 2155 5149 τε
2187 5093 2282 5147 τοῦ
2308 5092 2477 5164 πυρὸς
2512 5091 2604 5145 τοῦ
2634 5093 2691 5144 ἐν
2717 5089 2795 5161 τῷ
2822 5089 3210 5159 θυσιαστηρίῳ.

2165 5184 2276 5236 Καὶ
2314 5182 2450 5238 ἄλλα
2487 5180 2656 5235 πολλά
2688 5179 3019 5249 κενοφωνίας
3056 5179 3268 5250 ἔμπλεα
3292 5196 3306 5208 ⁸
3349 5176 3425 5241 ὡς
3457 5176 3552 5229 καὶ
3579 5172 3673 5228 τοῦ

2096 5274 2308 5327 Παύλου
2371 5272 2606 5328 ἐνταῦθα
2668 5270 3100 5344 κατηγοροῦντες
3169 5272 3270 5324 οὐκ
3332 5268 3673 5339 αἰσχύνονται

2096 5368 2452 5432 ἐπιπλάστοις
2517 5368 2628 5421 τισὶ
2688 5368 2787 5438 τῆς
2842 5365 2951 5420 τῶν
2995 5360 3441 5435 ψευδαπὸστόλων
3494 5360 3674 5415 αὐτῶν

2096 5461 2431 5533 κακουργίας
2447 5461 2540 5514 καὶ
2563 5458 2773 5530 πλάνης
2807 5456 2986 5526 λόγοις
3013 5455 3419 5526 πεποιημένοις·
3452 5451 3675 5523 Ταρσέα

2100 5556 2197 5626 μὲν
2228 5555 2414 5620 αὐτὸν,
2444 5553 2518 5616 ὡς
2550 5551 2712 5614 αὐτὸς
2741 5549 3010 5622 ὁμολογεῖ,
3045 5548 3138 5602 καὶ
3164 5549 3264 5603 οὐκ
3288 5548 3552 5619 ἀρνεῖται,
3579 5542 3674 5597 λέ-
