4018 6142
350 350 456 406 453

987 348 1356 410 ADVERSUS
1393 353 1734 413 HAERESES
1770 356 1897 412 LIB.
1933 356 1973 411 Ι.
2015 356 2178 413 ΤΟΜ.
2224 360 2372 414 ll.-—
2411 360 2680 417 llA‘lRES.
2720 360 2889 418 XXX.

3492 363 3594 418 454

351 481 539 538 γοντες
560 482 574 496 ·
616 465 675 531 ἐξ
719 464 986 536 Ἐλλήνων
1009 468 1065 520 δὲ
1090 470 1248 522 αὐτὸν
1276 470 1639 534 ὑποτίθενται.
1674 474 1926 539 λαϐόντες

2037 477 2244 532 ninant
2270 494 2286 542 ;
2332 477 2384 531 id
2432 478 2578 548 quod
2609 478 2727 548 ipse
2759 492 2868 532 non
2902 485 3080 550 negat,
3116 477 3227 533 imo
3257 475 3439 548 palam
3470 491 3597 546 pro-

350 556 449 628 τὴν
499 556 771 626 πρόφασιν
803 558 867 609 ἐκ
903 556 993 610 τοῦ
1040 559 1205 611 τόπου
1248 559 1338 614 διὰ
1385 563 1447 615 τὸ
1490 563 1783 635 φιλάληθες
1814 565 1924 617 tim?

352 646 518 702 αὑτοῦ
562 646 760 718 ῥηθὲν,
800 647 880 701 ὅτι
925 649 1186 715 Ταρσεύς
1219 653 1334 720 ειμι
1357 691 1372 715 ,
1408 655 1518 707 οὐκ
1550 655 1790 724 ἀσήμου
1820 659 1925 710 πό-

351 742 505 803 λεως
527 736 799 804 πολίτης.
831 732 965 792 Εἶτα
994 737 1292 806 φάσκουσιν
1322 742 1481 795 αὐτὸν
1505 739 1642 797 εἶναι
1670 744 1925 815 Ἕλληνα,

355 827 449 881 καὶ
493 825 791 896 Ἑλληνίδος
830 828 1035 899 μητρὸς
1073 830 1168 883 καὶ
1207 829 1468 901 Ἕλληνος
1501 834 1704 906 πατρὸς
1741 836 1922 890 παῖδα.

367 918 785 990 Ἀνασεὸηκέναι
815 919 870 973 δὲ
908 921 987 983 εἰς
1032 920 1374 993 Ἱεροσόλυμα
1396 962 1410 985 ,
1456 925 1551 979 καὶ
1588 927 1776 998 χρόνον
1812 929 1952 982 ἐκεϊι

358 1008 724 1079 μεμενηκέναι
757 1026 773 1040 ο
835 1008 1296 1081 ἐπιτεθυμηκὲναι
1372 1013 1428 1066 δὲ
1492 1014 1761 1088 θυγατέρα
1833 1019 1926 1073 τοῦ

359 1096 552 1167 ἱερέως
587 1096 725 1168 πρὸς
771 1097 946 1168 γάμον
995 1097 1295 1166 ἀγαγέσθαι
1324 1141 1338 1165 ,
1389 1102 1482 1154 καὶ
1525 1102 1714 1155 τούτου
1766 1103 1928 1157 ἓνεκα

357 1192 695 1264 προσήλυτον
732 1193 1017 1262 γενέσθαι,
1055 1194 1148 1246 καὶ¹
1196 1196 1618 1267 περιτμηθῆναι.
1677 1194 1809 1252 Εἶτα
1854 1198 1927 1269 μὴ

355 1284 587 1339 λαϐόντα
640 1286 739 1357 τὴν
773 1285 945 1357 κόρην
975 1285 1276 1356 ὠργίσθαι,
1327 1287 1416 1340 καὶ
1474 1288 1614 1341 κατά
1664 1291 1927 1361 ἐπιτομῆς

355 1375 723 1448 γεγραφέναι,
755 1378 848 1430 καὶ
883 1377 1023 1430 κατὰ
1051 1376 1328 1431 Σαδόάτου
1362 1378 1456 1431 καὶ
1486 1378 1821 1450 νομοθεσίας.

427 1556 524 1611 ΙΖ’.
560 1557 719 1611 Ἀλλὰ
754 1558 894 1612 κατά
925 1558 1101 1612 πάντα
1123 1558 1324 1630 τρόπον
1356 1565 1678 1630 συκοφαντεῖ
1707 1565 1736 1616 ὁ
1762 1563 1929 1627 δεινὸς

355 1647 478 1716 δφις
502 1641 686 1712 οὗτος,
720 1650 815 1703 καὶ
843 1650 1055 1719 πτωχὸς
1083 1654 1148 1722 τῇ
1189 1651 1417 1723 διανοίᾳ.
1462 1653 1653 1706 Ἐϐίων
1681 1654 1790 1724 γάρ
1816 1654 1928 1724 ἔχει

357 1737 468 1790 ἀπὸ
494 1737 784 1809 Ἐϐραῖκῆς
811 1741 890 1802 είς
925 1738 1147 1794 Ἐλλάδα
1164 1740 1344 1810 φωνὴν
1361 1741 1459 1812 τὴν
1481 1743 1773 1812 ἑρμηνείαν
1789 1761 1931 1797 πτω-

2030 564 2231 620 ﬁtetur.
2264 565 2485 621 Addunt
2520 576 2572 622 et
2618 583 2648 620 a
2678 568 2974 639 gentilibus
2999 567 3291 622 oriundum
3326 582 3470 633 esse,
3500 582 3599 622 cu-

2023 655 2241 725 jusdam
2282 659 2572 713 occasione
2604 658 2730 722 loci,
2778 659 2833 712 in
2867 672 2976 729 quo
3022 657 3138 729 ipse
3183 659 3328 728 quod
3360 673 3449 713 res
3480 665 3598 712 erat

2028 747 2259 816 ingenue
2301 748 2575 817 proponit.
2627 748 2928 812 Tarsensis,
2978 749 3175 818 inquit,
3206 765 3297 817 ego
3327 764 3464 811 sum,
3506 763 3599 801 nec

2027 835 2171 890 urbis
2199 835 2434 891 obscura:
2462 838 2587 893 civis
2618 838 2657 889 ‘.
2690 839 2767 893 Ex
2797 851 2906 906 quo
2939 836 3194 907 gentilem
3242 836 3411 893 fuisse
3449 837 3599 893 colli-

2026 934 2181 997 gunt,
2209 935 2263 981 et
2292 936 2525 997 utroque
2550 936 2776 998 parente
2797 929 2985 1000 gentili
3016 936 3385 998 procreatum.
3433 928 3597 983 Cum-

2026 1033 2132 1086 que
2160 1017 2599 1089 llierosolymum
2630 1019 2983 1083 accessisset,
3029 1026 3084 1073 et
3116 1017 3317 1073 ibidem
3344 1017 3590 1086 aliquan-

2026 1106 2120 1161 diu
2159 1107 2471 1170 mansisset,
2531 1109 2803 1177 pontiﬁcis
2853 1109 3016 1165 ﬁliam
3067 1109 3268 1164 ducere
3317 1109 3595 1164 statuisse.

2028 1199 2206 1263 Quare
2254 1199 2587 1269 proselytum
2641 1214 2703 1254 se
2759 1200 2976 1264 fecisse,
3022 1216 3088 1256 ac
3125 1199 3598 1257 circumcisionem

2030 1303 2350 1359 usurpasse.
2379 1288 2574 1345 Postea
2615 1290 2759 1360 quod
2808 1291 2876 1346 ab
2903 1307 2966 1346 co
2997 1290 3256 1360 coniugio
3283 1290 3600 1359 excidisset,

2030 1379 2230 1432 iratum
2274 1380 2542 1435 adversus
2581 1380 3055 1435 circumcisionem
3087 1390 3139 1435 et
3169 1380 3489 1445 Sabbatum,
3525 1383 3598 1435 les

2028 1484 2256 1538 genique
2285 1470 2593 1539 scripsisse.

2102 1558 2261 1613 XVII.
2293 1557 2397 1614 Sed
2426 1571 2666 1630 apertam
2697 1562 3026 1617 calumniam
3068 1562 3229 1618 struit
3251 1562 3481 1618 callidus
3512 1564 3598 1618 ille

2031 1664 2277 1719 serpens,
2293 1651 2583 1721 animoque
2601 1652 2752 1724 ιιι
2770 1652 3073 1707 mendicus.
3090 1650 3260 1706 Ebion
3279 1652 3476 1721 quippe
3496 1651 3598 1705 lle-

2033 1740 2217 1795 braica
2242 1756 2341 1795 vox
2359 1740 2543 1796 Graeca
2568 1743 2749 1812 lingua
2772 1741 3063 1796 mendicum
3092 1751 3268 1798 sonat.
3305 1742 3397 1796 Est
3418 1748 3601 1796 autem

358 1829 484 1895 κός.
506 1828 725 1898 Πτωχὸς
740 1828 848 1900 γὰρ
872 1830 949 1892 ὡς
958 1829 1170 1899 ἀληθῶς
1192 1830 1287 1884 καὶ
1301 1834 1367 1902 τῇ
1382 1830 1585 1902 διανοίᾳ
1599 1811 1693 1885 καὶ
1708 1835 1772 1903 τῇ
1786 1833 1931 1886 ἐλπί-

2033 1831 2318 1889 haereticus
2336 1832 2437 1885 iste
2455 1846 2641 1886 revera
2658 1811 2860 1895 mente,
2885 1846 2981 1901 spe
3004 1832 3270 1901 factisque
3293 1833 3593 1895 mendicus,

356 1919 408 1971 δι
438 1920 533 1973 καὶ
556 1919 636 1989 τῷ
660 1919 824 1990 ἔργῳ,
849 1921 1081 1991 Χριστὸν
1100 1922 1382 1992 ἄνθρωπον
1397 1921 1552 1989 ψιλὸν
1576 1923 1821 1993 νομίσας,
1839 1925 1931 1977 καὶ

358 2011 529 2076 οὕτως
563 2017 621 2067 ἐν
655 2014 898 2085 πτωχείᾳ
944 2014 1176 2077 πίστεως
1221 2014 1317 2084 τὴν
1369 2014 1558 2069 ἐλπίδα
1597 2016 1725 2086 περὶ
1766 2015 1930 2071 αὑτοῦ

360 2102 711 2172 κεκτημένος.
763 2103 927 2157 Αὐτοὶ
975 2103 1029 2159 δὲ
1063 2104 1221 2175 δῆθεν
1271 2104 1619 2174 σεμνύνονται
1645 2145 1661 2168 ,
1707 2108 1932 2171 ἑαυτοὺς

361 2191 658 2259 φάσκοντες
690 2196 936 2263 πτωχοὺς
955 2233 970 2257 ,
1007 2193 1097 2247 διά
1122 2195 1184 2247 τὸ
1203 2236 1216 2259 ,
1248 2197 1410 2263 φασὶν
1434 2238 1448 2261 ,
1490 2198 1546 2249 ἐν
1579 2197 1790 2267 χρόνοις
1826 2198 1932 2250 τῶν

360 2281 672 2335 ἀποστόλων
715 2280 914 2335 πωλεῖν
967 2283 1035 2337 τὰ
1080 2284 1258 2339 αὐτῶν
1290 2286 1600 2357 ὑπάρχοντα
1621 2328 1636 2353 ,
1669 2287 1763 2340 καὶ¹
1791 2287 1933 2341 τιθέ-

361 2389 448 2428 ναι
475 2375 628 2446 παρά
656 2375 782 2437 τοὺς
827 2376 992 2440 πόδας
1024 2377 1131 2430 τῶν
1164 2378 1475 2432 ἀποστόλων
1499 2417 1514 2443 ,
1556 2381 1650 2434 καὶ
1677 2382 1755 2444 εἰς
1786 2398 1931 2436 πτω-

362 2465 514 2537 χείαν
560 2467 654 2520 καὶ
699 2466 997 2532 ἀποταξίαν
1037 2469 1472 2539 μετεληλυθέναι.
1513 2472 1621 2524 Καὶ
1649 2471 1735 2524 διὰ
1776 2471 1934 2525 τοῦτο

363 2556 639 2611 καλεῖσθαι
673 2557 779 2611 ὑπὸ
834 2557 1050 2614 πάντων
1083 2560 1216 2630 φασὶ
1258 2561 1483 2631 πτωχοί.
1516 2562 1650 2614 Οὐδὲ
1678 2561 1835 2615 τοῦτο
1875 2562 1933 2615 δέ

360 2646 558 2716 ἀληθὲς
609 2648 739 2719 παρ’
791 2649 1009 2713 αὐτοῖς,
1050 2649 1186 2704 ἀλλά
1240 2652 1399 2720 φύσει
1442 2656 1520 2720 τῷ
1573 2650 1684 2703 ὄντι
1745 2651 1933 2706 Ἐϐίων

362 2737 634 2801 ἐκαλεῖτο,
662 2739 801 2793 κατά
827 2741 1180 2814 προφητείαν,
1208 2739 1379 2812 οἶμαι,
1413 2744 1442 2796 ὁ
1479 2740 1691 2812 πτωχὸς
1722 2743 1813 2795 καὶ
1840 2743 1936 2796 τά·

362 2826 494 2891 λας,
528 2827 588 2881 τὸ
631 2828 801 2900 ὄνομα
834 2831 900 2884 ἐκ
935 2830 1145 2902 πατρὸς
1165 2831 1331 2885 αὐτοῦ
1381 2833 1474 2885 καὶ
1519 2832 1723 2904 μητρὸς
1769 2831 1932 2888 αὐτοῦ

366 2918 798 2991 κεκληρωμένος.
859 2922 1011 2976 Πόσα
1053 2921 1111 2974 δέ
1166 2921 1300 2976 ἄλλα
1352 2922 1499 2976 δεινά
1540 2926 1633 2978 καὶ
1682 2943 1932 2995 παραπε-

365 3010 655 3081 ποιημένα,
682 3012 777 3064 καὶ
811 3011 1111 3085 μοχθηρίας
1136 3009 1375 3083 γέμοντα
1421 3014 1550 3084 παρ’
1589 3015 1772 3078 αὐτοῖς
1812 3016 1933 3068 ἐπι-

361 3099 641 3170 τηδεύεται
664 3117 678 3164 ;
708 3100 877 3154 Ὅταν
917 3101 1026 3172 γάρ
1052 3117 1136 3166 τις
1158 3100 1220 3166 ἐξ
1246 3101 1424 3156 αὐτῶν
1463 3103 1499 3172 ἢ
1539 3105 1677 3174 νόσῳ
1702 3105 1931 3175 περιπέ-

362 3205 480 3253 σοι,
505 3188 538 3259 ἢ
568 3189 671 3242 ὑπὸ
696 3188 924 3261 ἑρπετοῦ
957 3190 1179 3260 δηχθείη
1200 3230 1215 3253 ,
1247 3191 1490 3246 κάτεισιν
1527 3195 1606 3256 είς
1635 3194 1704 3248 τὰ
1743 3193 1928 3259 ὕδατα,

361 3280 456 3344 καὶ
483 3279 818 3333 ἐπικαλεῖται
845 3280 944 3344 τὰς
969 3281 1284 3352 ἐπωνυμίας
1310 3282 1409 3347 τὰς
1436 3286 1494 3336 ἐν
1517 3284 1595 3354 τῷ
1630 3284 1814 3351 Ἠλξαῖ
1838 3287 1932 3341 τοῦ

359 3386 423 3423 τε
449 3369 677 3441 οὐρανοῦ
710 3372 804 3424 καὶ
831 3370 933 3441 τῆς
957 3372 1079 3442 γῆς,
1108 3373 1207 3441 τῆς
1235 3390 1295 3426 τε
1325 3373 1449 3437 ἀλὸς
1480 3377 1573 3428 καὶ
1604 3376 1694 3429 τοῦ
1721 3375 1929 3442 ὓδατος,

361 3457 469 3512 τῶν
503 3476 562 3512 τε
592 3460 807 3530 ἀνέμων
834 3462 928 3515 καὶ
965 3461 1211 3530 ἀγγέλων
1239 3462 1337 3533 τῆς
1374 3463 1748 3536 δικαιοσύνης,
1780 3466 1931 3534 φασὶ,

363 3550 460 3601 καὶ
489 3550 583 3603 τοῦ
610 3551 774 3622 ἄρτου
814 3551 909 3604 καὶ
932 3551 1136 3606 ἐλαίου.
1172 3553 1282 3606 Καὶ
1312 3553 1537 3624 ἄρχεται
1564 3554 1762 3623 λέγειν,
1798 3557 1933 3628 Βοηοι

364 3637 491 3709 θῆτέ
521 3656 630 3709 μοι,
661 3639 755 3693 καὶ
792 3639 1137 3704 άπαλλάξατε
1166 3641 1259 3693 ἀπ’
1290 3641 1426 3711 ἐμοῦ
1452 3643 1514 3695 τὸ
1550 3643 1791 3714 ἄλγημα.

438 3818 573 3887 Ἤδη
596 3818 653 3872 δέ
685 3835 774 3891 μοι
803 3820 894 3872 καὶ
919 3819 1176 3889 ἀνωτέρω
1203 3819 1595 3892 προδεδήλωται
1622 3861 1636 3884 ,
1669 3820 1743 3884 ὡς
1766 3821 1936 3875 ταῦτα

366 3910 464 3980 μὲν
498 3910 689 3963 Ἐϐίων
718 3912 820 3965 οὐκ
862 3911 977 3982 ᾔδει
1000 3951 1016 3974 ,
1055 3912 1192 3981 μετά
1223 3910 1413 3981 καιρὸν
1451 3910 1506 3964 δὲ
1558 3914 1605 3964 oi
1661 3913 1756 3965 σὺν
1790 3912 1938 3983 αὺτῷ

364 3999 723 4069 συναφθέντες
758 4000 837 4072 τῷ
893 4002 1079 4069 Ἦλξαῖ
1113 4003 1377 4072 ἐσχήκασι
1420 4001 1516 4071 μὲν
1545 4001 1640 4054 τοῦ
1687 4002 1936 4066 Ἐϐίωνος

363 4092 462 4161 τὴν
490 4092 788 4165 περιτομὴν
823 4092 916 4146 καὶ
960 4092 1021 4147 τὸ
1054 4092 1328 4147 Σάϐϐατόν
1376 4093 1469 4147 καὶ
1501 4093 1569 4148 τά
1597 4093 1722 4165 ἐθησ
1762 4094 1856 4147 τοῦ
1881 4096 1937 4148 δὲ

377 4182 563 4248 Ἦλξαῒ
588 4183 684 4255 τὴν
713 4184 1009 4252 φαντασίαν
1035 4183 1175 4237 ὥστε
1200 4185 1441 4255 νομίζειν
1467 4185 1566 4255 μὲν
1587 4184 1677 4237 τὸν
1707 4185 1938 4255 Χριστὸν

366 4268 503 4327 εἶναί
527 4291 580 4327 τι
604 4273 973 4344 ἀνδροείκελον
1002 4274 1304 4346 ἐκτύπωμα
1342 4275 1572 4346 ἀόρατον
1607 4275 1934 4348 ἀνθρώποις,

369 4364 561 4433 μιλίων
593 4365 973 4436 ἐνενηκοπαέξ
1007 4366 1067 4419 τὸ
1101 4366 1275 4437 μῆκος
1295 4405 1310 4428 ,
1339 4366 1498 4437 δῆθεν
1545 4366 1768 4437 σχοίνων
1798 4369 1939 4420 εἰκο-

368 4454 722 4524 σιτεσσάρων,
749 4455 810 4508 τὸ
836 4455 893 4509 δὲ
922 4456 1121 4518 πλάτος
1156 4456 1377 4526 σχοίνων
1405 4455 1483 4521 ἐξ,
1518 4456 1708 4527 μιλίων
1738 4458 1938 4511 εἰκοσι-

363 4544 675 4615 τεσσάρων·
706 4546 765 4599 τὸ
806 4546 977 4616 πάχος
1017 4546 1075 4599 δὲ
1108 4545 1249 4600 κατὰ
1280 4548 1542 4619 μέτρησιν
1575 4547 1741 4619 ἄλλην
1791 4549 1931 4604 τινά.

378 4637 625 4708 ’Λντικρὺ
667 4636 724 4690 δὲ
758 4638 922 4692 αὑτοῦ
953 4637 1174 4693 ἑστάναι
1223 4638 1315 4692 καὶ
1349 4639 1407 4692 τὸ
1440 4639 1594 4706 ἅγιον
1624 4641 1848 4711 Πνεῦμα
1881 4644 1937 4694 ἐν

366 4727 499 4781 εῖδει
550 4727 769 4792 θηλείας
810 4729 1052 4801 ἀοράτως
1076 4746 1088 4759 ·
1123 4730 1218 4782 καὶ
1265 4729 1323 4783 τὸ
1352 4730 1483 4783 αὐτὸ
1513 4730 1604 4784 τοῦ
1644 4731 1807 4785 αὑτοῦ
1846 4732 1939 4801 μέ-

372 4836 523 4888 τρου.
565 4821 672 4873 Καὶ
700 4820 861 4873 πόθεν
882 4860 897 4884 ,
933 4822 1115 4890 φησὶν,
1151 4821 1321 4888 ἔγνων
1350 4821 1417 4875 τὰ
1448 4822 1659 4893 μέτρα;
1704 4820 1938 4893 Ἐπειδὴ,

376 4909 561 4980 φησὶν,
588 4906 727 4964 εἶδον
754 4911 863 4965 ἀπὸ
887 4912 992 4965 τῶν
1022 4913 1211 4982 ὀρέων,
1241 4915 1323 4967 ὅτι
1355 4915 1410 4967 αἱ
1449 4916 1682 4983 κεφαλαὶ
1713 4915 1939 4985 ἔφθανον

372 5002 553 5055 αὐτῶν
577 5019 591 5035 ⁸
626 5004 719 5056 καὶ⁸
749 5003 810 5054 τὸ
843 5002 1038 5073 μέτρον
1063 5002 1157 5057 τοῦ
1184 5003 1341 5075 ὅρους
1369 5005 1700 5075 καταμαθὼν
1724 5048 1738 5072 ,
1773 5006 1941 5074 ἔγνων

366 5091 604 5163 Χριστοῦ
631 5110 691 5146 τε
716 5092 808 5147 καὶ
826 5091 922 5146 τοῦ
946 5094 1103 5160 ἁγίου
1131 5094 1445 5163 Πνεύματος
1474 5096 1541 5149 τά
1571 5096 1766 5166 μέτρα.
1803 5097 1941 5168 Ἤδη

364 5184 422 5236 δέ
451 5200 541 5253 μοι
564 5184 692 5254 περὶ
723 5183 929 5237 τούτων
964 5185 1179 5257 εἴρηται
1203 5187 1259 5239 ἐν
1294 5190 1360 5257 τῇ
1387 5188 1529 5241 κατά
1566 5187 1828 5242 Ὀσσαίων
1857 5190 1942 5242 ai-

370 5274 538 5344 ρέσει.
589 5276 677 5327 Ἐν
707 5275 986 5347 παρεξόδῳ
1016 5277 1071 5328 δὲ
1108 5276 1278 5329 ταῦτα
1322 5280 1628 5350 πεποίημαι
1675 5279 1802 5340 νῦν,
1855 5280 1940 5334 ἴνα

371 5364 445 5434 μὴ
467 5364 534 5417 τά
564 5366 692 5434 παρ’
728 5366 941 5437 ἑκάστῳ
970 5367 1111 5420 ἔθνει
1146 5386 1203 5421 τε
1236 5370 1324 5422 καὶ
1362 5370 1569 5440 αἱρέσει
1603 5370 1761 5435 ὄντα,
1790 5372 1939 5441 εὐριο

368 5455 607 5525 σκόμενα
635 5457 690 5510 δέ
734 5458 828 5511 καὶ
867 5461 994 5530 παρ’
1023 5461 1262 5533 ἑτέροις,
1294 5462 1574 5534 νομισθείη
1606 5464 1747 5518 κατά
1770 5463 1939 5534 λήθην

368 5543 458 5614 ὑφ’
491 5546 646 5617 ήμῶν
668 5547 942 5619 εἰρῆσθαι.

445 5747 462 5780 ¹
491 5751 611 5806 Act.
648 5769 759 5821 ut,
787 5755 874 5812 59.
1008 5756 1129 5810 Act.
1171 5773 1243 5821 IV,
1286 5757 1373 5811 34.

2030 1930 2216 1992 utpote
2231 1924 2325 1991 qui
2341 1922 2618 1977 Christum
2641 1938 2848 1978 merum
2873 1938 2995 1978 esse
3017 1923 3287 1978 hominem
3302 1922 3597 1985 existimet,

2029 2015 2085 2069 in
2115 2030 2289 2084 eoque
2313 2029 2463 2084 spem
2487 2030 2609 2069 cum
2641 2014 2877 2085 quadam
2910 2014 3030 2069 ﬁdei
3059 2014 3407 2069 mendicitate
3429 2015 3598 2068 collo-

2029 2115 2135 2162 cct.
2153 2106 2223 2160 At
2235 2106 2383 2161 enim
2409 2105 2495 2161 isti
2522 2106 2588 2162 de
2617 2122 2676 2160 ea
2699 2122 2759 2161 re
2775 2107 3098 2177 gloriantur,
3125 2122 3293 2176 seque
3322 2106 3599 2162 mendicos

1971 2260 1977 2265 η
2031 2197 2345 2267 praedicant,
2394 2199 2537 2268 quod
2578 2197 2981 2267 apostolorum,
3030 2198 3313 2269 inquiunt,
3360 2207 3599 2268 tempore

2031 2303 2149 2343 mos
2176 2296 2324 2344 esset
2352 2288 2492 2343 bona
2523 2303 2621 2343 sua
2647 2286 2975 2350 distrahere,
2999 2296 3053 2342 et
3084 2288 3149 2341 ad
3184 2288 3399 2342 illorum
3434 2287 3599 2355 pedes

2031 2376 2326 2446 abjicere'.
2354 2374 2543 2445 Itaque
2571 2390 2632 2432 se
2663 2376 2883 2430 illorum
2910 2376 3160 2445 exemplo
3187 2375 3254 2429 ad
3287 2374 3599 2430 mendicita-

2033 2472 2138 2519 tem
2171 2464 2365 2534 redigi,
2393 2479 2458 2518 ac
2484 2465 2645 2520 bonis
2677 2464 2934 2526 omnibus
2966 2463 3240 2527 abdicare,
3265 2462 3600 2533 proindeque

2034 2555 2235 2624 passim
2262 2554 2543 2611 mendicos
2572 2555 2852 2625 appellari.
2887 2552 2991 2610 Sed
3016 2554 3121 2609 hoc
3144 2555 3212 2609 ab
3238 2555 3347 2611 illis
3365 2570 3432 2610 ex
3458 2555 3601 2626 inge-

2032 2644 2125 2699 nio
2152 2643 2446 2702 conﬁctum
2484 2651 2607 2709 est;
2652 2659 2778 2699 nam
2811 2643 3005 2700 Ebioni
3039 2644 3317 2714 proprium
3349 2644 3453 2698 hoc
3484 2650 3603 2701 erat

2032 2751 2250 2802 nomen,
2282 2751 2391 2792 non
2422 2737 2541 2794 sine
2571 2736 2830 2792 vaticinia
2866 2742 3048 2791 tamen
3078 2735 3289 2806 aliquo,
3312 2750 3421 2806 quo
3450 2749 3603 2790 men-

2031 2828 2188 2884 dicus
2215 2826 2515 2898 infelixque
2545 2826 2658 2883 fore
2678 2826 3106 2898 signiﬁcaretur,
3140 2841 3268 2882 cum
3303 2841 3335 2879 a
3364 2826 3603 2896 parenti-

2033 2917 2136 2972 bus
2183 2916 2239 2972 id
2288 2916 2528 2973 nominis
2562 2917 2886 2987 accepisset.
2922 2915 3099 2982 Quam
3125 2930 3257 2971 vero
3285 2914 3390 2969 alia
3432 2914 3603 2969 multa

2032 3017 2086 3063 et
2116 3022 2398 3079 perperam
2420 3005 2691 3073 aﬁ‘ectata,
2720 3013 2772 3062 et
2797 3007 3063 3062 scelerata
3089 3020 3152 3061 ac
3180 3004 3387 3061 nefaria
3411 3018 3602 3060 eorum

2036 3099 2288 3156 instituto
2318 3100 2612 3170 geruntur!
2651 3097 2878 3166 Quoties
2906 3096 3052 3155 enim
3079 3096 3276 3168 aliquis
3302 3095 3516 3153 illorum
3546 3097 3601 3151 in

2033 3190 2283 3247 morbum
2328 3189 2540 3257 incidit,
2591 3197 2684 3244 aut
2727 3205 2759 3246 a
2809 3196 3061 3260 serpente
3111 3201 3328 3243 morsus
3380 3194 3483 3251 est,
3534 3185 3604 3241 ad

2033 3294 2204 3350 aquas
2234 3279 2538 3336 descendit.
2565 3279 2645 3335 lbi
2674 3280 3071 3350 appellationes
3119 3291 3329 3339 omnes,
3363 3290 3485 3345 quae
3517 3273 3608 3330 El-

2033 3372 2120 3425 xai
2151 3371 2467 3441 complexus
2496 3377 2602 3435 est,
2622 3371 2879 3435 invocat,
2905 3369 3031 3426 coeli
3057 3368 3312 3424 videlicet
3332 3381 3398 3421 ac
3426 3375 3603 3430 terrae,

2034 3454 2165 3519 salis
2217 3469 2271 3516 et
2294 3477 2471 3533 aquae,
2507 3468 2795 3519 ventorum
2829 3468 2885 3517 et
2928 3460 3268 3530 angelorum,
3301 3463 3363 3512 ut
3387 3462 3605 3519 vocant,

2029 3552 2285 3621 iustitiae;
2340 3551 2498 3622 panis
2545 3551 2676 3606 item
2727 3558 2782 3607 et
2829 3550 2957 3606 olei.
2989 3548 3195 3605 Deinde
3238 3548 3482 3604 solemne
3507 3547 3610 3602 hoc

2035 3655 2255 3696 carmen
2289 3641 2531 3714 concipit
2558 3658 2573 3695 :
2601 3641 2804 3697 Adeste
2842 3640 2999 3698 mihi.
3027 3645 3083 3696 et
3109 3638 3257 3697 hunc
3281 3651 3313 3692 a
3334 3652 3422 3693 me
3457 3636 3611 3692 dolor

2034 3747 2148 3787 rem
2182 3731 2460 3802 depellite.

2102 3819 2221 3877 lam
2254 3821 2359 3876 hoc
2390 3828 2551 3878 antea
2594 3812 3228 3886 declaravimus,komnia
3281 3817 3397 3871 haec
3446 3815 3611 3872 Ebio-

2036 3926 2158 3967 nem
2202 3911 2483 3979 nescisse;
2522 3912 2751 3982 ejusque
2801 3910 3102 3980 discipulos
3155 3910 3435 3978 aliquanto
3488 3914 3612 3977 post

2037 4019 2161 4058 cum
2195 4004 2347 4058 Elxai
2390 4005 2761 4060 coalescentes
2790 4006 2860 4059 ab
2888 4002 3097 4058 Ebione
3123 4001 3606 4058 circumcisionem

2039 4109 2105 4149 ac
2148 4093 2470 4161 Sabbatum,
2503 4094 2751 4164 aliosque
2794 4094 2934 4149 ritus
2978 4093 3278 4162 accepisse.
3325 4090 3413 4146 Ab
3456 4089 3608 4145 Elxai

2018 4200 2167 4253 vero
2217 4185 2489 4241 somnium
2545 4184 2700 4249 illud,
2763 4192 2822 4240 ut
2883 4184 3160 4240 Christum
3216 4181 3445 4237 formam
3491 4196 3613 4238 esse

2039 4277 2331 4345 quamdam
2357 4277 2609 4331 humanae
2634 4276 2891 4341 similem,
2921 4290 3098 4346 neque
3121 4274 3435 4331 hominibus
3463 4289 3614 4344 aspe-

2041 4369 2295 4424 ctabilem
2328 4384 2452 4425 esse
2484 4368 2788 4442 ﬁngerent;
2830 4368 3170 4441 longitudine
3211 4367 3440 4422 millium
3465 4381 3610 4432 XCVI,

1971 4492 2013 4545 D
2041 4461 2135 4531 qui
2159 4467 2288 4516 sunt
2312 4460 2523 4517 schoeni
2553 4469 2788 4532 quatuor
2807 4468 2862 4516 et
2884 4459 3110 4529 viginti;
3136 4457 3425 4513 latitudine
3442 4457 3615 4514 sebo:-

2028 4565 2236 4606 .norum
2266 4566 2343 4615 vr,
2379 4551 2483 4605 hoc
2514 4559 2598 4606 est
2625 4551 2854 4606 millium
2883 4565 3045 4614 xxiv;
3077 4547 3428 4604 crassitudini
3459 4548 3615 4602 deni-

2043 4656 2149 4710 que
2177 4640 2337 4694 aliam
2369 4656 2682 4697 mensuram
2725 4641 3046 4696 attribuunt.
3083 4637 3257 4707 Prope
3286 4638 3461 4706 ipsum
3486 4652 3616 4692 vero

2044 4742 2189 4786 stare
2233 4728 2495 4800 Spiritum
2524 4742 2776 4788 sanctum
2809 4731 3057 4787 muliebri
3088 4730 3280 4800 ﬁgura,
3309 4729 3384 4782 ita
3433 4736 3613 4781 tamen

2049 4832 2108 4876 ut
2139 4822 2306 4877 videri
2343 4831 2610 4892 nequeat;
2644 4823 2997 4892 ejusdemque
3030 4836 3153 4876 esse
3188 4832 3474 4874 mensurae.
3503 4816 3615 4871 Ro-

2045 4929 2142 4984 gcs
2167 4912 2312 4969 unde
2339 4929 2433 4968 eas
2462 4928 2752 4969 mensuras
2780 4911 3106 4982 acceperint.
3139 4909 3182 4963 E
3205 4909 3502 4973 montibus,
3530 4909 3616 4963 in—
3682 4934 3687 4939 -

2044 5005 2256 5074 quiunt,
2292 5005 2611 5060 observatas
2642 5006 2924 5069 habemus,
2962 5017 3193 5074 quorum
3243 5002 3311 5056 ad
3356 5002 3613 5056 verticem

2044 5096 2258 5150 illorum
2291 5097 2470 5166 capita
2501 5098 2915 5169 pertingebant;
2947 5111 3117 5167 quare
3145 5094 3409 5148 montium
3431 5093 3615 5147 altitu-

2043 5185 2227 5241 dinem
2258 5185 2512 5253 dimensi,
2549 5188 2749 5245 Christi
2781 5203 2845 5242 ac
2876 5187 3048 5244 sancti
3081 5184 3317 5254 Spiritus
3344 5182 3615 5255 magnitu-

2043 5275 2226 5331 dinem
2253 5279 2846 5349 comperimusNerum
2873 5279 2941 5334 de
2972 5278 3055 5334 his
3086 5278 3140 5332 in
3165 5275 3474 5332 Ossseorum
3508 5274 3616 5329 ha:-

2044 5368 2150 5420 resi
2173 5368 2283 5436 jam
2315 5378 2440 5426 ante
2467 5370 2889 5442 disputavimus.
2927 5370 2992 5424 Et
3022 5383 3168 5424 nunc
3196 5368 3372 5422 obiter
3397 5380 3458 5421 ea
3491 5380 3616 5435 per-

2046 5458 2387 5525 strinximus,
2418 5455 2484 5517 ne
2504 5465 2648 5532 quod
2682 5479 2848 5533 penes
2869 5475 3308 5532 unamquamque
3336 5459 3615 5514 nationem

2048 5569 2112 5608 ac
2130 5567 2330 5608 sectam
2351 5556 2639 5626 reperitur,
2661 5556 2714 5611 id
2742 5557 2788 5612 si
2830 5558 2882 5610 in
2902 5556 3023 5611 aliis
3037 5568 3252 5625 quoque
3269 5557 3607 5611 cerneretur,

2041 5645 2218 5700 alieno
2241 5646 2362 5702 loco
2380 5663 2475 5718 per
2502 5649 2828 5704 oblivionem
2855 5652 3335 5704 commemoratum
3372 5657 3613 5715 putares.
