4018 6140
413 311 518 371 455

1821 313 1877 368 S.
1923 308 2261 366 EPIPIIANII

3569 310 3674 364 436

491 423 649 496 142
687 422 868 478 XVIII.
914 423 1052 494 Ergo
1088 426 1257 483 Ebiou
1288 430 1506 484 tametsi
1534 429 1586 482 in
1614 428 1761 494 Asia,
1792 441 1856 481 ac
1880 425 1989 478 Ro-

2162 429 2264 481 III'.
2298 420 2467 489 Οῦτσς
2496 426 2593 496 μὲν
2622 424 2714 479 οἷν
2736 427 2764 478 ὁ
2802 426 2993 479 Ἐϐίων
3017 426 3110 477 καὶ
3138 424 3299 487 αὑτὸς
3323 426 3379 476 ἐν
3403 427 3469 495 τῇ
3518 426 3675 495 Ἀσίᾳ

416 532 519 575 mae
543 531 782 571 errorem
813 532 972 572 suum
1008 519 1466 585 disseminaverit,
1493 520 1846 574 nihilominus
1881 519 1992 584 spi-

417 621 678 663 nosorum
724 623 949 663 suorum
1002 611 1308 680 germinum
1362 611 1749 680 stolonumque
1781 607 1993 662 radices

417 712 488 752 ex
509 695 799 752 Nabathzea
822 707 986 769 atque
1013 698 1265 757 Paneade
1291 702 1640 771 potissimum
1665 699 1850 762 trahit,
1876 711 1995 761 nee-

418 802 529 844 non
582 795 635 843 et
683 788 997 854 Moabitide,
1032 788 1430 862 Cochabisque,
1474 791 1619 861 quod
1667 787 1994 844 Basanitidis

418 880 675 951 oppidum
706 889 791 936 est
820 889 971 937 trans
1005 881 1214 938 Adraos
1250 901 1265 939 :
1295 891 1350 939 et
1380 884 1435 942 in
1473 882 1650 937 insula
1682 882 1881 951 Cypro.
1902 877 1996 932 Est

419 969 524 1024 hoc
548 971 655 1026 illis
680 971 903 1041 insuper
926 973 982 1027 in
1005 988 1155 1029 more
1184 975 1444 1044 positum,
1472 983 1531 1029 ut
1559 970 1996 1028 adolescentulos

422 1061 555 1118 citra
582 1072 852 1117 maturam
879 1071 1091 1120 etatem
1117 1065 1185 1120 ad
1213 1067 1433 1134 nuptias
1454 1064 1800 1134 compellant,
1836 1061 1997 1129 idque

422 1152 558 1207 adeo
590 1168 622 1207 a
648 1154 919 1224 magistris
949 1163 1216 1226 potestate
1250 1156 1410 1212 facta.
1444 1157 1657 1212 Habent
1680 1155 1824 1210 enim
1869 1167 1993 1222 pre-

424 1245 675 1316 sbyteros
704 1262 856 1311 suos,
891 1262 956 1303 ac
1004 1264 1291 1321 synagoga:
1322 1250 1634 1321 principes;
1663 1262 1787 1303 nam
1834 1260 1997 1317 syna-

425 1352 614 1413 gogam
639 1347 939 1396 conventus
961 1356 1111 1407 suos,
1144 1357 1253 1397 non
1280 1340 1566 1397 ecclesiam
1596 1340 1903 1403 nominant,
1935 1350 1999 1390 ac

424 1428 628 1484 Christi
678 1432 850 1485 solum
896 1448 1093 1487 nomen
1147 1449 1256 1504 prae
1304 1450 1362 1489 se
1412 1434 1614 1488 ferunt.
1642 1431 1829 1501 Neque
1871 1441 2000 1484 vero

425 1521 549 1577 unis
591 1520 856 1577 duntaxat
887 1524 1094 1594 nuptiis
1139 1525 1429 1580 aliinitates
1465 1526 1609 1579 inter
1661 1538 1720 1579 se
1765 1524 1998 1591 conjun-

421 1622 577 1686 gunt,
610 1616 703 1671 sed
735 1616 782 1672 si
816 1616 906 1671 cui
950 1618 1245 1672 divortium
1293 1617 1471 1672 facere
1516 1616 1756 1679 libuerit,
1790 1630 1855 1670 ac
1897 1630 1999 1669 no-

422 1721 548 1760 vum
574 1705 710 1761 inire
731 1708 1160 1773 matrimonium,
1182 1708 1247 1761 ad
1273 1710 1463 1764 tertias
1479 1717 1532 1764 et
1550 1710 1810 1779 septimas
1828 1724 2000 1781 usque

425 1798 646 1865 nuptias
677 1799 1022 1866 permittunt.
1055 1799 1282 1865 Quidvis
1312 1803 1457 1855 enim
1499 1801 1639 1870 apud
1677 1800 1799 1856 illos
1842 1817 2002 1871 agere

424 1886 762 1941 conceditur.
784 1887 955 1942 Porro
972 1889 1365 1953 Abrahamum,
1392 1898 1446 1943 ct
1466 1889 1732 1953 Isaacum,
1762 1904 1825 1944 ac
1838 1888 2002 1944 Jaco-

423 1976 574 2041 hum,
592 1984 646 2031 et
665 1975 906 2048 Moysen,
929 1986 1093 2048 atque
1116 1981 1383 2035 Aaronem
1402 1980 1719 2043 admittunt,
1744 1994 1850 2034 una
1876 1994 2002 2035 cum

424 2061 575 2128 Iesu,
634 2065 744 2120 [ilio
783 2065 952 2131 Nave,
1006 2069 1098 2138 qui
1149 2068 1350 2140 Moysis
1378 2069 1642 2125 duntaxat
1693 2084 2001 2133 successor,

426 2171 602 2227 neque
619 2157 914 2229 quidquam
949 2161 1183 2231 amplius
1219 2161 1402 2216 fuerit.
1424 2161 1734 2218 Secundum
1751 2161 1852 2218 hos
1878 2162 2003 2216 nul-

424 2247 539 2302 lum
577 2249 745 2304 alium
796 2266 861 2306 ex
902 2252 1182 2323 prophetis
1226 2254 1526 2321 asciscunt,
1565 2256 1661 2311 sed
1690 2272 1814 2312 cum
1841 2271 2003 2312 exse-

423 2338 674 2396 cratione
714 2344 1069 2412 proscribunt
1102 2360 1166 2399 ac
1195 2345 1469 2414 derident,
1501 2357 1632 2419 puta
1663 2346 1923 2404 Davidem
1952 2357 2006 2403 et

429 2427 795 2500 Salomonem,
849 2443 1011 2505 atque
1061 2434 1278 2502 Isaiam,
1329 2435 1647 2502 Jeremiam,
1704 2437 2003 2503 Danielem,

426 2518 801 2589 Ezechielem;
840 2526 1165 2593 quibuscum
1221 2524 1394 2581 Eliam
1453 2538 1616 2595 atque
1649 2528 1886 2584 Eliseum
1916 2545 2005 2585 νε·-

428 2612 670 2680 pudiant.
688 2610 872 2683 Neque
890 2615 1035 2669 enim
1066 2616 1282 2670 illorum
1312 2619 1585 2675 vaticiniis
1608 2621 2004 2687 assentiuntur,

431 2703 526 2757 sed
551 2703 617 2759 iis
645 2704 1162 2764 maledicentissime
1189 2707 1518 2777 detrahunt;
1541 2712 1635 2766 sed
1662 2728 1838 2782 neque
1860 2713 2007 2767 aliud

431 2800 626 2863 praeter
669 2795 1019 2866 Evangelium
1072 2799 1361 2871 recipiunt.
1410 2801 1564 2867 Quod
1612 2802 1681 2857 ad
1727 2802 2006 2858 Christum

430 2884 662 2956 spectat,
691 2889 939 2943 veritatis
979 2889 1127 2945 hunc
1156 2906 1278 2947 esse
1307 2893 1626 2962 pr0phetam
1659 2894 1923 2959 sentiunt,
1955 2904 2010 2949 et

428 2973 707 3033 Christum
737 2977 831 3034 Dei
865 2978 1058 3034 Filium
1092 2984 1476 3052 progressione
1504 2985 1738 3055 quadam
1765 2987 2005 3050 virtutis,

2094 521 2153 571 τὸ
2178 522 2195 549 ³
2214 515 2325 588 εἶχε
2355 524 2611 588 κήρυγμα
2642 506 2745 571 καῖ
2763 518 2969 588 Ῥώμῃ,
2986 517 3086 579 τὰς
3103 517 3159 570 δὲ
3186 516 3341 588 ῥίζας
3373 515 3481 569 τῶν
3506 517 3674 569 ἀκαν-

2095 611 2279 664 θωδῶν
2343 611 2709 681 παραφυάδων
2776 610 2988 679 ἔχουσιν
3054 610 3161 662 ἀπό
3221 626 3281 662 τε
3347 609 3447 680 τῆς
3496 609 3673 661 Ναϐα-

2093 701 2222 763 τέας
2285 701 2421 769 (58)
2478 702 2569 753 καὶ
2626 700 2894 762 Πανεάδος
2954 700 3016 753 τὸ
3069 700 3317 753 πλεῖστον
3355 738 3370 762 ,
3443 698 3672 752 Μωαϐί-

2093 793 2234 856 τιδὸς
2277 809 2334 845 τε
2388 792 2481 845 καὶ
2541 792 2819 861 Κωχάϐων
2860 791 2956 861 τῆς
3004 792 3060 843 ἐν
3112 795 3178 862 τῇ
3228 791 3533 844 Βασανίτιδι
3599 794 3672 861 γῇ

2095 885 2349 940 ἐπέκεινα
2395 883 2662 953 Ἀδραῶν·
2697 882 2829 936 ἀλλά
2874 884 2967 934 καὶ
3001 883 3059 934 ἐν
3112 886 3176 953 τῇ
3212 883 3440 953 Κύπρῳ.
3480 884 3671 949 ’Δναγ-

2096 978 2322 1041 κάζουσι
2349 976 2426 1041 δὲ,
2459 978 2550 1028 καὶ
2580 978 2709 1047 παρ’
2734 976 2943 1045 ἠλικίαν
2966 976 3323 1046 ἐκγαμίζουσι
3349 978 3475 1040 τοὺς
3496 976 3672 1042 νέους,

2096 1064 2156 1129 ἐξ
2201 1064 2499 1134 ἐπιτροπῆς
2529 1064 2689 1133 δῆθεν
2743 1064 2851 1117 τῶν
2887 1066 3014 1134 παρ’
3057 1066 3240 1125 αὐτοῖς
3290 1064 3667 1120 διδασκαλίων.

2096 1156 2505 1230 Πρεσϐυτέρους
2538 1159 2646 1227 γὰρ
2670 1152 2815 1212 οὗτοι
2839 1157 3019 1226 ἔχουσι
3053 1159 3143 1209 καὶ
3167 1160 3291 1226 ἁρχι
3302 1157 3672 1225 συναγώγους.

2097 1247 2426 1317 Συναγωγὴν
2453 1247 2509 1300 δέ
2545 1240 2691 1299 οῦτοι
2723 1247 2945 1300 καλοῦσι
2974 1246 3069 1318 τὴν
3109 1248 3315 1299 ἑαυτῶν
3354 1247 3671 1317 ἐκκλησίαν,

2096 1340 2192 1392 καὶ
2238 1340 2357 1408 οὐχὶ
2400 1338 2728 1408 ἐκκλησίαν·
2765 1338 2840 1408 τῷ
2889 1337 3107 1408 Χριστῷ
3150 1338 3205 1391 δὲ
3249 1338 3473 1406 ὀνόματι
3514 1339 3674 1407 μόνον

2101 1431 2452 1501 σεμνύνονται
2474 1448 2487 1461 ·
2521 1432 2614 1484 καὶ
2653 1432 2714 1484 ού
2754 1432 2913 1502 μόνον
2947 1431 3026 1483 ἑνί
3067 1448 3173 1484 τινι
3206 1430 3368 1500 γάμῳ
3405 1430 3504 1492 τὰς
3547 1446 3675 1481 συν-

2101 1521 2294 1589 αφείας
2313 1518 2613 1582 ποιεῖσθαι,
2636 1520 2750 1573 ἀλλ’
2775 1521 2823 1572 εί
2856 1521 2950 1573 καὶ
2968 1519 3211 1588 θελήσειε
3240 1537 3321 1583 τις
3348 1519 3440 1571 τοῦ
3459 1518 3675 1589 πρώτου

2100 1613 2278 1683 γάμου
2304 1610 2739 1679 διαζεύγνυσθαι,
2771 1612 2941 1683 ἑτέρῳ
2968 1611 3025 1664 δὲ
3049 1610 3431 1670 συνάπτεσθαι,
3458 1610 3679 1680 ἐπιτρέο

2102 1721 2295 1757 πουσιν
2345 1702 2472 1774 ἄχρι
2508 1703 2601 1755 καὶ
2648 1702 2898 1772 δευτέρου
2938 1702 3031 1755 xui.
3081 1701 3264 1772 τρίτου
3309 1700 3403 1753 καὶ
3449 1699 3679 1769 scaeua»

2102 1795 2299 1863 γάμου.
2353 1794 2535 1846 Πάντα
2585 1792 2693 1863 γάρ
2746 1796 2875 1864 παρ’
2908 1792 3088 1854 αὐτοῖς
3140 1791 3309 1853 ἀδεῶς
3356 1791 3674 1863 πράττεται.

2115 1884 2366 1956 Ἀϐραὰμ
2414 1885 2471 1937 δὲ
2520 1883 2840 1953 ὁμολογοῦσι
2894 1884 2987 1936 καὶ
3057 1881 3241 1935 Ἰσαὰκ
3292 1882 3386 1934 καὶ
3447 1878 3640 1934 Ἰακώϐ
3660 1896 3676 1909 ·

2102 1978 2342 2045 Μωῦσῆν
2394 1994 2453 2029 τε
2485 1978 2576 2028 καὶ
2619 1976 2826 2047 Ἀαρὼν
2848 2015 2862 2038 ,
2920 1974 3123 2045 Ἰησοῦν
3155 1991 3213 2026 τε
3240 1975 3331 2026 τὸν
3363 1974 3459 2026 τοῦ
3494 1973 3676 2042 Ναυῆ,

2102 2068 2288 2132 ἁπλῶς
2325 2069 2699 2138 διαδεξάμενον
2745 2067 2981 2121 Μωῦσέα
3010 2106 3025 2127 ,
3072 2067 3224 2120 οὐδὲν
3255 2066 3312 2120 δὲ
3344 2066 3492 2118 ὄντα.
3525 2064 3680 2118 Μετὰ

2102 2163 2324 2225 τούτους
2369 2162 2424 2216 δὲ
2452 2162 2632 2214 οὐκέτι
2677 2159 2997 2230 ὁμολογοῦσι
3051 2177 3171 2213 τινα
3204 2159 3311 2212 τῶν
3358 2158 3677 2228 προφητῶν,

2104 2254 2241 2309 ἀλλά
2283 2254 2377 2306 καὶ
2403 2252 2855 2323 ἀναθεματίζουσι
2897 2251 2991 2305 καὶ
3032 2250 3351 2322 χλευάζουσι
3377 2289 3391 2311 ,
3422 2249 3585 2301 Δαείδ
3621 2265 3681 2302 τε

2106 2348 2310 2402 καὶτὸν
2344 2344 2658 2417 Σαλομῶνα,
2690 2345 2888 2415 ὁμοίως
2910 2345 2967 2397 δὲ
2991 2346 3117 2407 τοὺς
3151 2361 3215 2396 πε
3226 2344 3277 2413 ρὶ
3321 2342 3548 2394 Ἡσαΐαν
3585 2342 3683 2395 καὶ

2119 2440 2385 2511 Ἱερεμίαν
2416 2439 2510 2492 καὶ
2555 2437 2750 2508 Δανιὴλ
2781 2439 2875 2491 καὶ
2915 2435 3201 2505 Ἰεζεκιήλ·
3262 2434 3445 2488 Ἠλίαν
3495 2451 3553 2487 τε
3588 2431 3685 2486 καὶ

2120 2533 2416 2586 Ἐλισσαῖον
2451 2528 2751 2584 ἀθετοῦσιν.
2787 2528 2865 2583 Οὐ
2895 2528 3003 2598 γὰρ
3046 2527 3411 2588 συντίθενται,
3443 2525 3683 2594 βλασφη-

2111 2624 2338 2696 μοῦντες
2372 2623 2470 2686 τὰς
2506 2622 2682 2677 αὐτῶν
2712 2621 3044 2692 προφητείας
3065 2636 3079 2649 ⁸
3110 2618 3246 2672 ἀλλά
3292 2618 3449 2687 μόνον
3482 2617 3542 2667 τὸ
3578 2615 3684 2668 Εὐ-

2108 2717 2361 2786 αγγέλιον
2381 2716 2644 2786 δέχονται.
2677 2715 2780 2768 Τὸν
2809 2714 2865 2765 δὲ
2893 2712 3126 2783 Χριστὸν
3158 2711 3442 2777 προφήτην
3463 2708 3684 2775 λέγουσι

2106 2808 2205 2877 τῆς
2230 2807 2482 2877 ἀληθείας
2509 2847 2522 2870 ,
2558 2806 2651 2858 καὶ
2696 2803 2929 2874 Χριστὸν
2962 2802 3090 2855 Υἱδν
3129 2800 3263 2854 Θεοῦ
3299 2801 3439 2854 κατὰ
3480 2814 3683 2870 προκο-

2110 2900 2238 2970 πὴν,
2266 2900 2360 2952 καὶ
2389 2898 2531 2951 κατά
2556 2897 2846 2965 συνάφειαν
2873 2894 3159 2965 ἀναγωγῆς
3190 2894 3289 2963 τῆς
3318 2892 3521 2946 ἄνωθεν
3550 2890 3687 2960 πρὸς

2110 2992 2272 3044 αὐτὸν
2306 2990 2695 3061 γεγενημένης.
2729 2990 2865 3051 Τοὺς
2894 2987 2950 3040 δὲ
2990 2988 3271 3058 προφήτας
3303 2985 3522 3052 λέγουσι
3559 3000 3689 3035 συν-

430 3075 486 3124 et
510 3068 899 3139 conjunctione
926 3085 1051 3125 cum
1079 3071 1188 3128 Deo
1218 3074 1444 3137 factum,
1478 3084 1749 3146 quatenus
1779 3078 1847 3133 ad
1874 3079 2003 3134 sub-

2109 3083 2398 3149 έσεωςίῦἳ)
2433 3078 2569 3135 εἶναι
2605 3081 2920 3152 προφήτας,
2970 3080 3064 3132 καὶ
3098 3080 3197 3131 οὐκ
3263 3076 3549 3147 ἀληθείας,
3574 3075 3685 3126 Αύ-

430 3158 583 3213 limia
629 3160 981 3231 cmlestiaque
1026 3174 1314 3233 provectus
1375 3174 1480 3222 est.
1531 3166 1833 3238 Prophetas
1879 3185 2008 3224 vero

432 3264 543 3306 non
577 3251 844 3316 veritatis,
872 3252 967 3307 sed
994 3253 1367 3326 intelligentiae
1395 3272 1517 3314 esse
1545 3259 1839 3327 prophetas
1870 3257 2011 3313 arbi-

435 3348 671 3396 trantur.
704 3342 940 3399 Proinde
969 3342 1155 3400 Jesum
1182 3347 1358 3401 solum
1390 3349 1709 3418 prophetam
1749 3356 1804 3404 et
1832 3349 2011 3403 homi-

435 3446 582 3496 nem,
620 3432 826 3504 Deique
854 3433 1050 3490 Filium
1079 3451 1220 3500 esse,
1253 3438 1380 3493 licet
1417 3453 1602 3494 merus
1630 3439 1792 3494 homo
1826 3439 1916 3500 sit,
1953 3446 2012 3493 ut

415 3523 547 3602 .jam
576 3525 836 3582 diximus.
864 3524 967 3591 Qui
1010 3528 1081 3582 ob
1126 3530 1399 3599 egregiam
1423 3531 1681 3585 virtutem
1713 3529 1809 3585 Dei
1842 3529 2012 3586 Filius

439 3614 697 3682 appellari
744 3617 1029 3673 meruerit.
1058 3615 1243 3687 Neque
1293 3635 1422 3674 vero
1471 3619 1672 3691 Moysis
1722 3620 2015 3677 Pentateu-

439 3703 599 3757 chum
627 3704 891 3775 integram
929 3706 1245 3773 admittunt,
1279 3709 1373 3763 sed
1416 3711 1663 3780 quaedam
1709 3714 1871 3767 verba
1906 3713 2015 3767 cir-

440 3796 838 3850 cumscribunt.
872 3797 1028 3862 Quod
1062 3799 1108 3853 si
1142 3799 1211 3855 dc
1240 3816 1334 3856 esu
1364 3802 1731 3857 animatorum
1759 3804 1891 3858 illud
1920 3806 2015 3860 ob.

436 3885 596 3955 jicias
627 3905 642 3941 :
672 3887 784 3943 Cur
813 3888 1160 3947 Abrahamus
1190 3893 1415 3948 vitulum
1455 3911 1576 3949 cum
1626 3896 1768 3951 lacte
1808 3898 2014 3968 angelis

440 3979 818 4048 apposuerit‘;
855 3987 949 4034 aut
977 3994 1077 4035 cur
1108 3980 1345 4039 Nocmus
1379 3985 1468 4038 illa
1503 3986 1820 4050 comederit,
1854 3997 1905 4041 et
1928 3987 2014 4040 di-

440 4068 652 4124 vinitus
685 4085 1012 4139 responsum
1041 4076 1332 4142 acceperit,
1373 4074 1556 4130 Macta
1583 4086 1633 4131 et
1667 4077 1929 4132 manduca
1955 4082 2010 4135 ἐ

442 4158 643 4228 quidve
671 4161 895 4230 insuper
917 4162 1136 4218 lsaacus
1165 4173 1218 4217 et
1239 4164 1497 4229 Iacobus,
1530 4182 1595 4221 ac
1622 4168 1835 4238 Moyses
1865 4170 2025 4224 simi-.

443 4250 568 4305 liter
592 4251 645 4303 in
670 4251 963 4307 solitudine
993 4254 1421 4309 sacriﬁcaverint
1454 4274 1467 4309 :
1494 4267 1653 4328 negat
1676 4257 1922 4315 Ebionita
1957 4277 2016 4318 se

2108 3175 2200 3227 τὸν
2228 3174 2283 3227 δὲ
2315 3174 2471 3242 μόνον
2503 3172 2745 3224 θέλουσιν
2774 3167 2911 3223 εἶναι
2936 3170 3240 3241 προφήτην,
3259 3168 3353 3220 καὶ
3376 3167 3685 3237 ἄνθρωπον,

2112 3266 2205 3317 καὶ
2234 3265 2361 3317 Υίδν
2391 3262 2524 3315 Θεοῦ
2548 3304 2562 3326 ,
2607 3265 2702 3315 καὶ
2734 3261 2970 3332 Χριστόν
2996 3277 3009 3290 ο
3052 3259 3148 3311 καὶ
3180 3258 3332 3325 ψιλὸν
3378 3256 3686 3328 ἄνθρωπον,

2110 3356 2186 3419 ὡς
2227 3355 2588 3425 προείπομεν,
2620 3352 2706 3404 διά
2743 3351 2798 3404 δὲ
2850 3350 3049 3421 ἀρετὴν
3087 3348 3201 3418 βίου
3250 3349 3452 3417 ἥκοντα
3504 3349 3583 3408 εἰς
3629 3343 3691 3398 τδ

2113 3447 2393 3502 καλεῖσθαι
2424 3445 2550 3497 Υἱὸν
2583 3443 2737 3497 Θεοῦ.
2769 3441 2905 3495 Οῦτε
2932 3441 3039 3513 γὰρ
3078 3441 3323 3512 δέχονται
3353 3438 3449 3510 τὴν
3478 3438 3686 3491 Πεντά-

2113 3552 2303 3606 τευχον
2332 3533 2611 3595 Μωϋσέως
2643 3531 2771 3600 ὃλην
2797 3573 2812 3596 ,
2847 3530 2983 3584 ἀλλά
3022 3547 3142 3583 τινα
3169 3531 3389 3600 ῥήματα
3436 3526 3693 3580 ἀποόάλ-ι

2114 3626 2316 3679 λουσιν.
2356 3624 2524 3677 Ὅταν
2567 3622 2625 3674 δὲ
2675 3622 2856 3683 αὐτοῖς
2892 3621 3052 3690 εἴπῃς
3090 3621 3218 3690 περὶ
3251 3618 3505 3688 ἐμψύχων
3553 3616 3693 3687 βρὼο

2117 3734 2254 3777 σεως
2277 3734 2290 3746 ·
2325 3715 2450 3778 Πῶς
2475 3710 2566 3767 οὖν
2610 3713 2859 3783 Ἀϐραὰμ
2890 3711 3159 3782 παρέθετο
3190 3712 3302 3773 τοῖς
3328 3709 3577 3780 ἀγγέλοις
3599 3708 3693 3761 τὸν

2120 3808 2316 3879 μόσχον
2345 3805 2518 3859 καὶτὸ
2547 3803 2689 3872 γάλα
2713 3822 2726 3868 ;
2755 3802 2788 3874 ἢ
2816 3802 2931 3864 πῶς
2961 3800 3131 3870 ἔφαγε
3165 3799 3309 3864 Νῶε,
3337 3799 3431 3852 καὶ
3458 3799 3693 3869 ἤκουσεν

2117 3900 2224 3953 ἀπὸ
2257 3896 2391 3952 Θεοῦ
2412 3898 2678 3966 λέγοντος,
2707 3893 2907 3948 Θῦσον
2938 3893 3035 3947 καί
3069 3894 3252 3963 sadys;
3278 3892 3393 3954 πῶς
3414 3892 3471 3945 δὲ
3504 3893 3693 3945 Ἰσαὰκ

2117 3994 2211 4046 καὶ
2251 3991 2444 4044 Ἰακὼὸ
2485 3988 2681 4041 ἔθυσαν
2706 3986 2782 4057 τῷ
2814 3985 2933 4056 Θεῷ
2956 4028 2969 4049 ,
3000 3985 3199 4057 ὁμοίιος
3237 3985 3293 4038 δέ
3327 3984 3419 4037 καὶ
3448 3984 3694 4052 Μωῦσῆς

2116 4087 2174 4138 ἐν
2207 4086 2269 4156 τῇ
2299 4084 2518 4155 ἐρήμῳ;
2561 4079 2790 4142 ἐκείνοις
2827 4079 2926 4149 μὲν
2969 4079 3225 4141 ἀπιστεῖ,
3266 4075 3358 4129 καί
3408 4091 3566 4144 φησι·
3597 4074 3695 4135 Τίς

2116 4176 2274 4247 χρεία
2327 4191 2392 4245 με
2427 4170 2821 4241 ἀναγινώσκειν
2873 4171 2940 4223 τὰ
2995 4171 3052 4222 ἐν
3096 4168 3173 4239 τῷ
3220 4168 3398 4238 νόμῳ,
3449 4165 3695 4229 ἐλθόντος

2116 4265 2209 4318 τοῦ
2238 4263 2607 4333 Εὑαγγελίου;
2635 4261 2809 4315 Πόθεν
2843 4278 2924 4314 σοι
2955 4260 3138 4313 τοίνυν
3166 4259 3235 4312 τὰ.
3262 4260 3388 4329 περὶ
3415 4257 3696 4318 Μωῦσέως

443 4339 556 4425 illis
575 4340 821 4394 credere.
841 4340 904 4393 Et
921 4343 1052 4410 quid
1076 4357 1193 4397 mea
1220 4343 1407 4411 refert,
1435 4330 1710 4416 inquiunt,
1735 4351 1825 4405 ubi
1849 4355 2008 4408 semel

2120 4355 2214 4408 καὶ
2252 4330 2501 4425 Ἀϐραὰμ.
2537 4353 2762 4416 είδέναι;
2801 4348 2931 4405 Οἶδα
2960 4350 3098 4421 γὰρ,
3143 4350 3218 4412 ὼς
3254 4349 3565 4420 ὁμολογεῖτε
3594 4349 3696 4402 αύ-

449 4424 605 4496 143
643 4426 992 4499 Evangelimn
1038 4432 1259 4486 allatum
1290 4444 1396 4501 est,
1435 4452 1556 4506 quae
1602 4438 1657 4491 in
1694 4440 1809 4510 lege
1836 4442 2008 4495 conti-

2119 4448 2243 4509 τοὺς
2293 4441 2430 4499 εἶναι
2463 4445 2742 4507 δικαίους,
2792 4443 2886 4496 καὶ
2932 4442 3173 4512 πατέρας
3213 4441 3419 4494 ἑαυτῶν
3462 4440 3699 4508 ἐπιγράο

444 4526 648 4589 nentur
694 4521 980 4577 evolvere?
1028 4522 1310 4580 Uudenam
1365 4528 1530 4598 igitur
1575 4539 1727 4587 tcncs
1784 4549 1903 4604 quae
1952 4533 2018 4589 ad

444 4608 688 4681 Moysen,
740 4611 1217 4687 Abrahamumque
1267 4621 1579 4688 pe'tinent?
1630 4622 1764 4678 Novi
1792 4627 1935 4680 enim
1989 4641 2019 4680 a

441 4701 599 4758 vobis
630 4702 811 4773 justos
841 4705 964 4765 illos
1001 4708 1311 4778 prmdicari,
1350 4711 1526 4783 iisque
1554 4731 1650 4771 vos
1698 4718 2020 4786 parentibus

519 4884 694 4941 iGen.
723 4904 878 4952 xvm,
910 4889 997 4943 59.
1065 4891 1236 4947 'Gvn.
1273 4910 1345 4956 Ix,
1371 4896 1421 4948 5.
1490 4895 1652 4966 ’ch.
1685 4895 1916 4951 fortasse
1936 4913 2018 4952 τε.

515 5062 780 5137 (Egi)?in
803 5081 867 5117 τε
881 5064 990 5133 τῆς
1020 5068 1340 5131 Ναϐιῖτέας.
1380 5068 1649 5137 Corrupta
1678 5085 1778 5123 vox
1807 5079 1889 5123 est
1910 5070 2021 5122 Να-

446 5130 864 5202 βατέαςἮυψιυ
883 5130 1027 5187 enim
1059 5137 1122 5189 iis
1152 5138 1202 5191 in
1228 5130 1362 5191 loc-is
1381 5130 1613 5192 Nahatea
1635 5140 1761 5202 ulla,
1793 5140 1899 5192 nisi
1928 5139 2023 5191 fa!-

445 5200 556 5280 ιον..
579 5198 866 5261 Νειίλτιιιῖειεει
896 5206 1135 5280 quidem,
1169 5206 1282 5260 sive
1313 5206 1559 5280 Nabataea
1585 5198 2022 5280 At'abia:_Fe|ieis

445 5275 597 5338 regio
638 5281 757 5345 ‘est.
788 5284 881 5326 aut
938 5275 985 5328 ei
1040 5286 1187 5331 certe
1238 5278 1506 5345 proxima.
1543 5280 1643 5331 hoc
1693 5290 1777 5333 est
1805 5278 2023 5333 Petram:

447 5355 593 5415 pars.
629 5339 811 5415 Quare
842 5359 947 5415 non
985 5344 1175 5397 dubito
1207 5339 1338 5415 quin
1367 5348 1599 5403 Batanea
1636 5350 1736 5402 hoc
1782 5349 1901 5403 loco
1946 5351 2021 5403 lc-

445 5410 679 5490 gcntlum
703 5413 819 5490 “sit.
853 5414 1109 5490 Quae_est_
1153 5410 1321 5490 Syria:
1365 5418 1532 5490 regio,
1580 5416 1915 5490 Palmyrenaa
1942 5420 2024 5490 vi-

444 5479 589 5556 cina,
619 5489 673 5533 et
702 5479 968 5556 Paneadi;
995 5479 1221 5556 Ptoleln'.
1257 5479 1764 5556 διερΙιΪςΒατανέοίι
1780 5489 2021 5544 συνοικία

447 5548 739 5629 ξυρίαςηῇ·
761 5553 853 5604 καὶ
885 5554 1127 5605 Βατανέα
1157 5548 1369 5629 ἐνικῶςῖ
1405 5557 1554 5609 Adde
1584 5570 1637 5611 et
1669 5559 1719 5610 in
1748 5557 1827 5628 Og
1856 5575 2021 5629 regno

452 5617 641 5697 fuisse:
681 5617 816 5674 ll'inc
848 5638 1054 5697 proco,
1083 5625 1226 5697 quod
1258 5625 1490 5697 Hebraei,
1521 5617 2023 5697 GrmciqueVOgvre-

452 5699 571 5760 gem
601 5685 777 5743 Basan
808 5685 1114 5763 appellant,-
1138 5694 1422 5749 Chaldaeus
1469 5685 1611 5781 βὫὲ
1660 5685 1840 5765 habet,
1876 5685 2021 5770 quod

2120 4538 2303 4609 φεσθε.
2339 4534 2471 4591 Εἶτα
2513 4536 2903 4608 ἀποκρίνεται,
2948 4535 3041 4587 καὶ
3092 4534 3275 4603 λέγει.
3324 4534 3405 4586 ὅτι
3460 4532 3697 4604 Χριστός

2124 4648 2212 4702 μοι
2242 4630 2557 4699 ἀπεκάλυψε
2580 4645 2595 4660 ο
2635 4628 2727 4682 καὶ
2759 4628 3070 4697 βλασφημεῖ
3092 4626 3159 4679 τὰ
3197 4626 3365 4678 πλείω
3400 4625 3499 4693 τῆς
3535 4641 3698 4694 νομο-

2116 4722 2341 4789 θεσίας,
2404 4721 2497 4775 καὶ
2550 4721 2675 4782 τοὺς
2739 4721 2868 4791 περὶ
2919 4716 3155 4789 Σαμψὼν
3214 4715 3310 4770 καὶ
3370 4715 3535 4770 Δαϐὶδ
3599 4715 3697 4768 καὶ

2122 5069 2186 5122 ad
2255 5068 2502 5123 Bataneaa
2533 5068 2854 5122 vocabulum
2888 5065 3119 5125 accedit.
3160 5072 3219 5119 ut
3241 5065 3306 5119 ad
3338 5078 3413 5118 xu
3444 5061 3559 5117 Jos.
3585 5061 3701 5114 Ma-

2123 5144 2239 5194 sius
2270 5140 2544 5195 observat.
2581 5137 2638 5192 In
2685 5139 2876 5192 eodem
2912 5137 3223 5191 Basanitico
3275 5142 3451 5188 tractu
3490 5132 3589 5186 fuit
3645 5142 3700 5185 et

2122 5210 2283 5264 Edrai
2333 5219 2532 5273 ’νῆ-ηιξ,
2560 5208 2743 5263 Grmcc
2770 5209 2975 5278 ’Λδραῖ.
3013 5205 3187 5272 Quam
3213 5207 3411 5278 Adra_m
3445 5202 3694 5278 _Ptolem.

2122 5289 2273 5350 putat
2299 5272 2439 5334 idem
2471 5272 2693 5334 Masius.
2726 5272 2934 5345 Qu:e'in
2959 5277 3257 5346 Coalesyria
3285 5291 3315 5328 a
3343 5272 3572 5327 Ptolem.
3599 5287 3701 5324 nu-

2123 5359 2380 5404 meratnr.

2194 5419 2305 5489 (52)
2351 5418 2500 5485 Τοὺς
2526 5418 2595 5472 δὲ
2627 5416 2932 5486 προφήτας
2957 5415 3208 5489 λέγουσι
3240 5413 3588 5489 συνέσεως..
3607 5410 3699 5489 In-

2125 5481 2435 5558 teliigéntiae
2455 5481 2768 5559 prophetas,
2798 5481 2922 5559 non
2947 5481 3546 5559 veritatis,Aa_ppel|atos
3577 5481 3699 5559 ideo

2123 5551 2473 5623 crediderim,
2500 5551 2644 5627 quod
2692 5556 2906 5611 tametsi
2960 5571 3141 5610 rerum
3189 5551 3577 5627 alti—sSimarum
3612 5551 3693 5603 in-

2125 5630 2418 5694 telligentia
2448 5625 2632 5683 essent
2666 5627 3042 5696 sapientiaque
3102 5625 3335 5695 prwsliti,
3366 5638 3473 5678 non
3518 5630 3700 5673 tamen

2126 5698 2418 5757 mendacio
2448 5699 2593 5753 omni
2623 5697 2918 5753 caruerint.
