4004 6166
328 357 435 421 ιπγ

342 469 529 521 Ἠλίαν
554 470 645 522 καὶ
667 471 919 542 Σαμουὴλ
948 477 1041 529 καὶ
1090 478 1388 557 Ἐλισσαῖον
1419 479 1510 531 καὶ
1538 479 1664 541 τοὺς
1696 477 1905 541 ἄλλους.

957 362 1326 420 ADVERSUS
1363 364 1706 421 lleRESES
1746 364 1854 420 LIB
1913 367 1925 419 Ι

2030 365 2155 422 'OM.
2200 365 2260 419 ll.
2302 395 2371 404 —
2413 362 2683 420 IIAZRES.
2723 364 2889 418 XXX.

3490 359 3647 417 458'

2015 478 2259 549 gloriari.
2292 477 2368 531 Ad
2402 476 2517 531 haec
2544 479 2618 530 ita
2651 475 2983 546 respondent
3014 494 3026 529 :
3070 470 3184 529 Sibi
3230 474 3281 528 id
3313 489 3342 527 a
3373 473 3596 529 Christo

328 559 682 629 patefactum.
729 561 873 634 Ergo
931 567 1127 622 bonam
1175 569 1311 640 legis
1367 577 1579 647 partem
1618 572 2012 627 contumeliose
2044 570 2361 635 traducunt,
2386 577 2440 625 et
2505 569 2864 639 Sampsonem
2923 582 2987 622 ac
3048 565 3330 630 Davidem,
3399 565 3595 630 lilium,

329 649 570 706 Eliseum
607 665 942 726 crateresque
975 669 1262 730 respuunt.

402 742 504 795 10’.
542 744 854 815 Ἐλέγχεται
882 747 937 801 δὲ
971 751 1307 821 πανταχόθεν
1336 752 1364 804 6
1395 752 1638 825 ἀγύρτης
1679 752 1784 806 ὑπὸ
1810 750 1904 805 τοῦ

2077 745 2219 800 XIX.
2273 744 2380 801 Sed
2420 760 2450 799 a
2510 745 2731 800 Christo
2778 742 3010 799 Domino
3049 742 3269 812 penitus
3331 743 3598 814 impostor

328 831 601 904 Σωτῆρος,
634 835 930 911 διαρρήδην
966 842 1061 893 καὶ
1097 841 1172 905 ὡς
1209 843 1267 894 ἐν
1310 843 1583 914 συντόμῳ,
1632 842 1742 897 ἀπὸ
1782 843 1911 914 μιᾶς

329 923 529 990 λέξεως
569 927 631 979 τὸ
670 931 779 981 πᾶν
816 929 981 983 αὐτοῦ
1016 931 1329 1002 ἐλέγχοντος
1373 934 1473 1003 τῆς
1511 935 1794 1006 ἀπατηλῆς
1830 935 1910 988 δι-

329 1013 659 1082 δασκαλίας,
724 1020 819 1073 καὶ
882 1020 1165 1090 λέγοντος’
1229 1019 1450 1079 Ἦλθεν
1518 1025 1790 1094 Ἰωάννης
1842 1027 1913 1079 ἐν

332 1104 449 1170 ὀδῷ
481 1106 592 1177 (55)
636 1108 1030 1179 δικαιοσύνης
1060 1114 1212 1183 μήτε
1238 1115 1476 1180 ἐσθίων,
1511 1115 1664 1186 μήτε
1700 1121 1910 1181 πίνων,

332 1196 430 1248 καὶ
461 1197 734 1265 λέγουσι,
780 1204 1094 1271 Δαιμόνιον
1116 1205 1262 1274 ἔχει.
1307 1201 1536 1261 Ἦλθεν
1572 1210 1605 1261 ό
1637 1206 1766 1273 Υἱὸς
1806 1206 1911 1259 τοῦ

333 1286 650 1354 ἀνθρώπου
675 1291 895 1346 ἐσθίων
930 1294 1026 1347 καὶ
1061 1296 1272 1348 πίνων.
1310 1298 1420 1350 Καὶ
1460 1298 1521 1350 οὐ
1563 1297 1800 1361 πάντως,
1831 1298 1912 1349 ὅτι

334 1377 438 1430 κᾶν
468 1379 527 1431 τὸ
556 1381 717 1451 τυχὸν
745 1384 845 1437 οὐκ
874 1368 1059 1455 ἢσθιεν
1101 1388 1128 1439 6
1173 1386 1456 1459 Ἰωάννης,
1506 1388 1538 1460 ἢ
1587 1390 1697 1441 πᾶν
1729 1388 1910 1442 ὁτιοῦν

333 1469 523 1540 ἤσθιεν
552 1474 579 1524 6
615 1474 826 1545 Σωτὴρ,
862 1477 948 1529 ἵνα
980 1494 1065 1539 τις
1102 1478 1358 1532 ὑπολάϐοι
1390 1481 1481 1533 καὶ
1508 1483 1576 1533 τὰ
1600 1482 1910 1553 ἀπηγορευ-

338 1561 493 1630 μένα.
543 1564 603 1615 Ἦ
634 1565 820 1638 Γραφὴ
854 1567 908 1620 δὲ
940 1567 1039 1639 τὴν
1066 1569 1303 1639 ἔμφασιν
1332 1571 1481 1642 δηλοί
1509 1573 1605 1642 τῆς
1635 1572 1907 1643 ἀληθείας.

333 1650 409 1714 ὡς
435 1653 497 1705 τὸ
525 1655 697 1723 φάγον
737 1658 902 1710 αὑτὸν
941 1654 1080 1713 εἶναι
1105 1662 1198 1713 καὶ
1227 1663 1510 1732 οἰνοπότην
1548 1664 1695 1716 οὐδὲν
1726 1664 1912 1735 ἕτερόν

332 1745 484 1798 ἐστιν
518 1746 549 1816 ἢ
584 1748 643 1800 τὸ
680 1750 695 1779 ί
733 1750 873 1821 κρέα
918 1750 1121 1804 ἐσθίειν
1156 1754 1250 1806 καὶ
1283 1751 1421 1807 οἶνον
1454 1756 1658 1808 πίνειν·
1712 1757 1908 1821 καὶτὸ,

336 1837 413 1907 μὴ
450 1837 665 1902 ἐσθίων,
699 1843 833 1912 μήτε
868 1844 1058 1907 πίνων,
1086 1846 1168 1899 ὅτι
1198 1846 1375 1917 κρεῶν
1404 1848 1464 1900 οὐ
1499 1846 1789 1919 μετείληφε
1820 1849 1913 1901 καὶ

332 1928 499 1992 οἴνου,
545 1928 661 1982 ἀλλ’
694 1930 726 2001 ἢ
762 1932 1000 2003 ἀκρίδων
1039 1934 1214 2005 μόνων
1265 1939 1292 1989 ὁ
1334 1936 1586 2003 Ἰωάννης
1621 1937 1714 1990 καὶ
1759 1937 1911 2006 μέλι-

334 2033 428 2079 τος
463 2018 859 2089 μετελάμϐανε,
892 2024 1067 2094 δῆλον
1117 2026 1191 2088 δὲ,
1241 2027 1317 2090 ὡς
1362 2028 1453 2080 καὶ
1484 2026 1691 2091 ὕδατος.
1728 2027 1824 2091 Τίς
1855 2029 1911 2081 δὲ

2019 839 2107 892 ille
2137 836 2530 908 manifesteque
2561 830 2850 908 refellitur,
2881 834 2972 904 qui
3006 832 3352 904 depravatam
3379 849 3595 891 omnem

2016 929 2137 998 ejus
2163 904 2471 985 doctrinam
2500 904 2691 997 paucis
2724 925 2904 981 verbis
2934 924 3229 995 redarguit,
3263 938 3386 979 cum
3417 924 3488 979 ita
3514 926 3595 978 lo-

2016 1021 2243 1092 quitur:
2278 1017 2429 1073 Venit
2455 1016 2687 1072 Joannes
2733 1017 2786 1069 in
2835 1016 2918 1070 via
2960 1015 3193 1085 justitice
3231 1031 3335 1069 non
3370 1016 3599 1068 mandu-

2016 1129 2166 1177 cans,
2216 1126 2376 1181 neque
2428 1109 2627 1173 bibens,
2663 1119 2712 1162 et
2779 1108 2982 1171 dicunt,
3038 1106 3368 1161 Dccmonium
3422 1106 3596 1162 habet.

2032 1203 2176 1256 l’enit
2208 1200 2383 1256 Filius
2425 1201 2649 1256 hominis
2692 1185 3020 1254 manducans
3073 1207 3123 1253 et
3164 1198 3342 1253 bibens
3363 1201 3404 1254 '.
3442 1198 3599 1265 Quod

2019 1293 2244 1364 perinde
2273 1310 2383 1349 non
2420 1300 2502 1349 est
2534 1291 2912 1363 accipiendum
2963 1306 3026 1345 ac
3098 1290 3142 1347 si
3175 1289 3416 1345 Joannes
3452 1289 3602 1344 nulla

2019 1386 2242 1441 omnino
2269 1401 2348 1452 re,
2383 1384 2636 1441 Christus
2682 1384 2939 1455 omnibus
2979 1384 3310 1454 promiscue,
3356 1382 3601 1451 adeoque

2021 1478 2329 1546 prohibitis,
2356 1484 2689 1534 vesceretur.
2722 1474 2830 1531 Sed
2871 1474 3153 1544 Scriptura
3202 1475 3308 1528 vim
3347 1475 3599 1530 veritatis

2019 1570 2305 1640 expressit,
2330 1578 2409 1633 ut,
2441 1583 2547 1622 non
2568 1570 2904 1620 nnnducans
2920 1573 2973 1621 et
2992 1566 3205 1627 bibens,
3224 1565 3363 1620 idem
3387 1566 3458 1621 sit
3493 1580 3556 1620 ac
3581 1580 3596 1619 :

2017 1659 2279 1715 Joannem
2316 1660 2576 1714 carnibus
2604 1660 2847 1726 vinoque.
2871 1671 2977 1711 non
3009 1672 3189 1722 usum,
3232 1656 3366 1711 nihil
3405 1664 3600 1725 praeter

2020 1754 2263 1807 locustas
2290 1766 2352 1805 ac
2374 1751 2482 1805 mel
2510 1751 2711 1813 edisse,
2744 1756 2800 1802 ut
2821 1763 3016 1818 aquam
3043 1747 3259 1801 interim
3285 1747 3600 1803 adhibuisse

2020 1844 2293 1900 credatur.
2322 1842 2526 1912 Ecquis
2557 1840 2734 1896 nescit
2772 1838 3048 1894 Christum
3076 1839 3364 1893 Dominum
3392 1839 3600 1907 excita-

2021 1943 2134 1987 tum
2159 1949 2190 1987 a
2223 1931 2453 1986 mortuis
2484 1930 2825 1993 comedisse;
2857 1928 3315 1999 quemadmodum
3355 1928 3601 1983 veritatis

2022 2023 2310 2093 Evangelia
2359 2021 2679 2077 continent?
2712 2019 2961 2075 Oblatum
3012 2021 3060 2073 ei
3102 2036 3289 2089 panem
3333 2035 3394 2072 ac
3444 2019 3600 2087 piscis

333 2105 433 2157 οὐκ
461 2103 567 2160 οἶδε
614 2109 704 2162 τὸν
735 2112 962 2183 Σωτῆρα
993 2114 1300 2168 ἀναστάντα
1348 2117 1412 2169 ὲκ
1451 2116 1659 2188 νεκρῶν
1688 2119 1780 2171 καὶ
1812 2135 1908 2186 φα-

2030 2117 2122 2169 rssi
2149 2115 2491 2184 particulam,
2522 2113 2586 2168 de
2601 2114 2789 2184 quibus
2822 2129 2942 2167 cum
2969 2113 3359 2177 manalucasset,
3388 2121 3603 2182 aposto-

337 2193 535 2261 γόντας
586 2196 838 2269 καθάπερ
892 2199 1004 2270 ἔχει
1039 2201 1106 2255 τὰ
1140 2203 1269 2271 ἅγια
1314 2204 1621 2273 Εὐαγγέλια
1660 2206 1757 2276 τῆς
1786 2206 1919 2277 ἀλη-

334 2284 507 2348 θείας,
542 2286 621 2340 ὅτι
668 2288 948 2359 Ἐπεδόθη
985 2291 1143 2357 αὐτῷ
1179 2293 1358 2361 ἄρτος
1385 2295 1483 2350 καὶ
1517 2293 1700 2364 μέρος
1731 2296 1917 2351 ὀπτοῦ

335 2373 570 2441 ἰχθύος·
598 2377 694 2431 καὶ
735 2379 925 2432 λαϐὼν
955 2381 1158 2451 ἔφαγε,
1203 2383 1300 2436 καὶ
1345 2383 1533 2438 ἔδωκε
1577 2384 1701 2451 τοῖς
1729 2390 1918 2455 μαθηο

333 2464 466 2531 ταῖς
485 2482 500 2495 ·
536 2467 613 2530 ὡς
651 2470 744 2522 καὶ
774 2471 866 2523 ἐπὶ
903 2471 1003 2540 τῆς
1033 2473 1306 2545 θαλάσσης
1335 2476 1435 2545 τῆς
1478 2475 1791 2547 Τιϐεριάδος
1821 2496 1918 2531 πε-

335 2558 559 2627 ποίηκε,
612 2560 706 2613 καὶ
755 2561 963 2631 φαγὼν,
1020 2565 1113 2617 καὶ
1148 2565 1379 2629 διαδούς.
1430 2568 1540 2620 Καὶ
1581 2567 1753 2620 πολλὰ
1796 2567 1912 2622 ἔστι

336 2650 465 2719 περὶ
497 2650 686 2703 τούτου
720 2651 921 2720 λέγειν.
967 2657 1060 2707 Δεῖ
1090 2655 1146 2707 δέ
1191 2672 1256 2725 με
1286 2656 1430 2708 κατὰ
1474 2656 1781 2728 λεπτότητα
1833 2660 1911 2723 εἰς

2018 2208 2084 2262 lis
2118 2208 2227 2260 suis
2270 2207 2521 2276 reliquias
2553 2207 2805 2282 impertiit
2837 2206 2877 2258 ³.
2908 2205 2962 2259 ld
3001 2204 3146 2273 quod
3180 2204 3246 2258 ad
3291 2202 3601 2258 Tibet'iadis

2019 2316 2169 2356 mare
2194 2300 2339 2365 fecit,
2380 2299 2515 2362 edit,
2552 2299 2796 2368 inquam,
2820 2314 2883 2352 ac
2907 2298 3189 2353 distribuit
3219 2299 3258 2350 ⁸.
3299 2296 3416 2362 Qua
3453 2297 3520 2351 de
3544 2312 3602 2348 re

2019 2391 2251 2460 plurima
2296 2388 2523 2444 dicenda
2559 2389 2717 2443 nobis
2758 2399 3077 2443 occurrunt.
3118 2386 3225 2442 Sed
3268 2386 3334 2440 ad
3379 2386 3602 2455 putidus

2019 2480 2142 2534 illos
2173 2479 2552 2548 absurd’osque
2575 2493 2877 2542 sermones,
2910 2479 3000 2547 qui
3037 2479 3105 2533 ab
3137 2478 3270 2548 ipsis
3298 2477 3602 2533 inszituun-

2019 2578 2128 2632 tur,
2150 2571 2465 2642 singillatim
2499 2568 2827 2625 refellendos
2876 2579 3041 2639 atque
3062 2568 3387 2625 evertendos
3415 2577 3597 2623 trans~

2018 2663 2238 2719 ferenda
2277 2664 2435 2717 nobis
2473 2669 2556 2717 est
2589 2662 2782 2717 oratio.

335 2743 427 2795 τὸν
457 2744 662 2798 τούτων
718 2746 823 2799 τῶν
851 2748 1109 2819 ῥημάτων
1143 2748 1251 2804 τῶν
1289 2750 1470 2805 ἑώλων
1533 2769 1592 2805 τε
1626 2754 1718 2806 καὶ
1753 2753 1970 2826 σαθρῶν
2012 2761 2140 2830 παρ’
2179 2760 2363 2822 αὐτοῖς
2396 2740 2814 2831 κηρυττομένων
2860 2739 3017 2829 ἥκειν
3070 2758 3311 2830 ἔλεγχον,
3362 2758 3458 2813 καὶ
3500 2757 3600 2828 τὴν

336 2832 518 2886 αὐτῶν
553 2836 823 2889 ποιεῖσθαι
854 2838 1187 2910 ἀνατροπὴν.

406 2931 492 2983 Κ’.
537 2931 644 2984 Καὶ
675 2931 891 3003 πρῶτον
949 2937 1044 3005 μὲν
1094 2936 1223 3007 περὶ
1274 2935 1367 2989 τοῦ
1417 2937 1680 3013 Χριστοῦ,
1724 2940 1805 2993 ὃτι
1857 2940 1918 2993 οὐ

335 3019 488 3089 ψιλὸς
518 3019 804 3092 ἄνθρωπος
841 3024 1050 3094 ῥητέον.
1085 3026 1159 3079 Οὐ
1187 3024 1409 3079 δύναται
1439 3027 1549 3101 γὰρ
1577 3031 1605 3083 6
1641 3030 1923 3102 γεννηθεὶς

340 3109 484 3161 κατὰ
518 3109 695 3164 πάντα
741 3112 1027 3183 ἄνθρωπος
1056 3116 1283 3186 σημείου
1314 3117 1476 3170 ἕνεκα
1505 3118 1584 3189 τῷ
1622 3121 1811 3193 κόσμῳ
1839 3121 1924 3175 δο-

339 3197 631 3268 θήσεσθαιο
690 3200 765 3264 ὡς
825 3202 956 3273 περὶ
1019 3202 1184 3256 αὐτοῦ
1242 3203 1601 3276 προεθέσπιζε
1658 3208 1719 3260 τὸ
1770 3208 1925 3275 ἅγιον

342 3288 610 3358 Πνεῦμα,
664 3289 752 3342 ὅτε
798 3290 876 3361 τῷ
937 3291 1100 3362 Ἀχὰζ
1144 3292 1355 3362 ἔλεγεν·
1391 3294 1641 3362 Αἴτησαι
1693 3295 1928 3362 σεαυτῷ

341 3380 615 3449 σημεῖον.
679 3381 939 3437 Κάκεινου
981 3384 1055 3455 μὴ
1109 3386 1453 3456 αἰτήσαντος,
1506 3388 1628 3440 τότε
1679 3387 1844 3459 φησιν
1896 3389 1925 3440 6

347 3472 666 3542 προφήτης·
716 3472 910 3539 Αὐτὸς
959 3474 1171 3541 Κύριος
1221 3473 1397 3528 δώσει
1448 3476 1590 3544 ὑμῖν
1653 3476 1923 3545 σημεῖον’

358 3560 516 3615 Ἰδοὺ
565 3562 604 3629 ἡ
664 3560 961 3630 παρθένος
1009 3563 1079 3617 ἐν
1111 3565 1321 3632 γαστρὶ
1367 3563 1509 3629 ἔξει.
1554 3566 1829 3636 Παρθένος
1871 3567 1928 3620 δὲ

344 3652 409 3703 οὐ
445 3650 693 3704 καλεῖται
727 3650 837 3713 (54)
868 3654 900 3720 ἡ
935 3651 1262 3720 συναφθεῖσα
1290 3654 1461 3724 ἀνδρὶ,
1494 3654 1587 3706 καὶ
1620 3654 1930 3727 γαμηθεῖσα

345 3745 512 3814 γυνή’
550 3743 818 3815 παρθένος
846 3745 901 3797 δὲ
926 3744 1108 3817 ἐκείνη
1138 3745 1344 3816 κυρίως
1384 3746 1581 3816 λέγοιτ’
1615 3747 1680 3801 ἂν
1719 3750 1754 3819 ἡ
1798 3749 1928 3802 ἄνευ

348 3835 538 3907 ἀνδρὸς
569 3837 669 3904 τὴν
714 3836 973 3907 σύλληψιν
1004 3839 1097 3891 τοῦ
1131 3836 1264 3891 Θεοῦ
1291 3837 1467 3906 Λόγου
1504 3837 1646 3891 κατὰ
1674 3837 1930 3909 ἀλήθειαν

348 3928 617 3997 ἐσχηκυῖα
636 3944 649 3956 ·
682 3927 757 3990 ὡς
786 3929 881 3981 καὶ
909 3930 1071 3993 αὐτὸς
1110 3931 1341 3994 Ἡσαΐας
1374 3931 1487 4002 (55)
1518 3933 1577 3984 ἐν
1604 3929 1748 4000 ἄλλῳ
1779 3932 1932 4003 τόπῳ

349 4021 514 4089 φησί·
544 4021 717 4089 Φωνὴ
758 4021 1024 4090 κραυγῆς
1049 4022 1117 4076 ἐκ
1150 4026 1405 4092 πόλεως,
1438 4023 1607 4094 φωνὴ
1655 4024 1723 4077 ἐκ
1755 4025 1931 4089 ναοῦ,

349 4113 520 4182 φωνὴ
586 4115 813 4182 Kvplov
880 4115 1372 4184 ἀνταποδόσεως,
1425 4114 1936 4181 ἀνταποδιδόντος

348 4206 476 4272 τοῖς
526 4206 977 4275 ἀντικειμένοις.
1022 4208 1171 4277 Πρὶν
1217 4208 1257 4276 ἢ
1298 4210 1414 4276 τὴν
1459 4207 1803 4261 ὠδίνουσαν
1841 4223 1935 4261 τε-

351 4296 502 4359 κεῖν,
531 4297 674 4365 πρὶν
718 4298 756 4367 ἢ
787 4298 986 4354 ἐλθεῖν
1020 4300 1128 4353 τὸν
1159 4302 1351 4354 πόνον
1388 4299 1508 4354 τῶν
1549 4299 1797 4365 ὠδίνων,
1839 4299 1937 4365 ἐξ·

353 4387 560 4457 έφιογε,
612 4389 713 4443 καὶ
747 4389 957 4444 ἔτεκεν
975 4392 1183 4460 ἄρσεν.
1237 4393 1332 4459 Τίς
1372 4393 1605 4462 ἤκουσε
1631 4392 1938 4457 τοιοῦτον;

354 4479 394 4545 ἢ
428 4480 522 4545 τίς
551 4478 773 4548 ἑώρακε
800 4481 1042 4536 τοιαῦτα
1058 4498 1077 4547 ;
1108 4485 1177 4537 El
1199 4482 1375 4537 ὤδινε
1399 4483 1473 4554 γῆ
1498 4485 1566 4538 ἐν
1585 4483 1693 4555 μιᾷ
1728 4485 1937 4554 ἡμέρᾳ,

356 4571 455 4625 καὶ
485 4571 691 4626 ἔτεκεν
722 4572 898 4640 ἔθνος
927 4577 1014 4637 εὶς
1046 4574 1207 4639 ἅπαξ
1226 4591 1246 4640 ;
1294 4576 1383 4630 ὅτι
1414 4575 1586 4631 ὢδινε
1634 4577 1734 4631 καὶ
1775 4577 1942 4632 ἔτεκε

357 4661 513 4714 Σιὼν
539 4662 613 4716 τὰ
637 4662 842 4717 παιδία
862 4664 1072 4734 αὐτῆς.
1122 4666 1268 4737 Ἐγὼ
1297 4667 1366 4722 δὲ
1394 4666 1585 4722 ἔδωκα
1612 4668 1730 4737 τὴν
1759 4682 1944 4738 προσο

2102 2937 2216 2992 XX.
2243 2937 2322 2992 Ac
2367 2938 2603 3009 primum
2633 2935 2700 2992 de
2735 2935 2976 2999 Christo,
3020 2949 3130 2990 non
3179 2952 3389 2992 merum
3435 2940 3596 2995 homi-

2029 3044 2153 3084 nem
2188 3042 2310 3083 esse
2357 3026 2879 3083 demonstrabimus.
2909 3023 3096 3096 Neque
3138 3026 3282 3080 enim
3329 3028 3422 3096 qui
3471 3029 3607 3083 nihil

2029 3119 2253 3174 omnino
2287 3118 2359 3174 sit
2398 3125 2596 3187 praeter
2636 3116 2937 3183 hominem,
2971 3116 3117 3189 signi
3147 3116 3319 3172 instar
3360 3119 3609 3177 exhiberi

2033 3210 2235 3265 mundo
2288 3215 2508 3280 potest:
2551 3207 2697 3278 quod
2734 3206 2975 3279 Spiritus
3020 3216 3245 3264 sanctus
3283 3208 3348 3264 de
3389 3207 3610 3267 Christo

2035 3301 2303 3373 praedixit,
2342 3315 2466 3355 cum
2520 3300 2594 3353 ita
2635 3300 2853 3355 Acbazo
2905 3299 3123 3355 locutus
3167 3307 3296 3354 est:
3341 3299 3467 3355 Pete
3516 3302 3612 3357 tibi

2032 3394 2261 3463 signant.
2295 3391 2394 3445 Illo
2418 3405 2545 3446 vero
2578 3400 2762 3461 petere
2790 3390 3149 3453 detrectante,
3189 3391 3450 3461 propheta
3478 3391 3612 3446 sub-

2025 3486 2158 3555 jecit
2184 3503 2198 3541 :
2231 3480 2350 3553 Ipse
2380 3482 2636 3536 Dominus
2669 3482 2817 3536 dabit
2847 3482 2986 3537 uobis
3024 3484 3232 3552 signum
3259 3499 3276 3536 :
3305 3481 3441 3537 Ecce
3468 3485 3612 3554 virgo

2030 3576 2282 3644 concipiet
2316 3575 2358 3629 ⁵.
2389 3573 2631 3644 Virginis
2683 3588 2847 3643 porro
2893 3574 3111 3630 nomine
3158 3588 3366 3629 nonea
3416 3575 3612 3647 mulier

2032 3667 2376 3737 s7gnilicatur
2426 3680 2548 3736 quae
2599 3664 2869 3735 nupserit,
2920 3673 2973 3719 et
3009 3680 3131 3718 cum
3160 3664 3279 3720 viro
3322 3665 3614 3733 conjuncta

2033 3759 2124 3820 sit,
2161 3758 2255 3812 sed
2282 3773 2343 3812 ea
2373 3757 2591 3811 demum
2624 3755 2842 3825 proprie
2879 3754 3031 3824 virgo
3060 3754 3281 3817 dicitur,
3316 3768 3437 3824 quze
3469 3753 3614 3809 divi-

2034 3862 2162 3902 num
2195 3845 2430 3899 Verbum
2467 3846 2519 3899 in
2558 3859 2616 3899 se
2657 3844 2864 3913 absque
2912 3844 3151 3897 ulloviri
3185 3843 3469 3912 complexu
3517 3859 3613 3912 ge-

2033 3937 2230 3993 nuerit.
2268 3932 2732 4002 Quemadmodum
2773 3931 2937 4003 144,Δ
2962 3931 3132 3987 lsaias
3153 3932 3258 3985 alio
3287 3934 3343 3985 in
3372 3932 3492 3985 loco
3534 3942 3614 3986 te-

2036 4041 2208 4087 statur
2240 4048 2253 4081 :
2291 4027 2400 4081 Vua:
2427 4027 2447 4056 ⁸
2478 4024 2727 4079 εἴαηιοτὶδ
2768 4037 2832 4076 ex
2881 4021 3028 4086 urbe,
3063 4037 3160 4076 vos:
3198 4038 3227 4076 e
3272 4021 3483 4092 templo,
3515 4039 3613 4076 vos

2038 4119 2251 4174 Domini
2293 4115 2687 4177 retributionis,
2740 4111 3077 4166 retribuentis
3142 4112 3389 4169 inimicis.
3452 4114 3613 4167 Ante.

2037 4228 2195 4282 quam
2246 4208 2546 4281 parturiens
2587 4214 2832 4274 pareret;
2897 4213 3180 4273 antequam
3223 4205 3417 4258 veniret
3461 4203 3615 4258 dolor:

2038 4310 2244 4371 partus,
2302 4298 2502 4368 eﬂ’ugit,
2534 4305 2583 4350 et
2634 4296 2828 4365 peperit
2872 4295 3187 4349 masculum.
3242 4295 3374 4364 Quis
3419 4296 3616 4350 audivit

2041 4408 2271 4462 unquam
2295 4389 2449 4443 tale?
2467 4402 2515 4443 et
2543 4387 2658 4459 quis
2686 4386 2813 4441 vidit
2829 4384 2949 4440 huic
2971 4387 3184 4443 simile?
3216 4384 3470 4459 Nunquid
3497 4405 3618 4460 par-

2045 4484 2192 4537 turiit
2219 4490 2362 4535 terra
2399 4479 2485 4534 die
2514 4495 2622 4532 una
2648 4494 2666 4534 :
2692 4490 2740 4534 et
2782 4477 2977 4549 peperit
3015 4491 3215 4550 gentem
3250 4481 3453 4537 simul?
3495 4483 3620 4552 quia

2044 4572 2326 4643 parturivit
2365 4580 2415 4624 et
2459 4570 2656 4641 peperit
2687 4567 2819 4625 Sion
2850 4570 2992 4639 ﬁlios
3023 4585 3163 4623 suos.
3198 4568 3309 4639 Ego
3349 4587 3466 4624 vero
3499 4570 3620 4623 dedi

2048 4665 2182 4720 hanc
2204 4665 2664 4733 exspectationem,
2693 4671 2742 4716 et
2765 4678 2867 4716 non
2898 4661 3158 4715 recordati
3188 4670 3328 4724 sunt,
3359 4662 3486 4714 dicit
3511 4661 3619 4715 Do-

357 4750 571 4806 δοκίαν
600 4754 846 4824 ταύτην,
887 4757 986 4810 καὶ
1019 4759 1130 4812 οὐκ
1179 4759 1597 4827 ἐμνήσθησαν,
1626 4761 1788 4829 λέγει
1818 4761 1925 4815 Κύ-

2042 4760 2235 4814 minus.
2264 4756 2522 4823 Quaenam
2572 4755 2739 4825 igitur
2779 4768 2842 4809 ea
2871 4762 2954 4809 est
2986 4753 3359 4823 exspectatio?
3395 4753 3617 4822 quinam

435 4908 449 4937 ι

363 4925 575 5030 (Μογὲρ.
609 4908 796 4979 κρέας.

435 5129 550 5202 ('53)
588 5125 806 5186 Ἦλθεν
845 5131 1120 5201 Ἰωάννης
1170 5134 1241 5187 ἐν
1290 5132 1427 5197 όδῷ.
1470 5132 1595 5188 Haec
1659 5134 1827 5188 verba
1882 5136 1941 5186 ὲν

370 5199 475 5273 ρδῳ
502 5199 866 5273 δικαιοσύνης,
902 5205 983 5256 vel
1028 5199 1103 5258 ab
1140 5203 1443 5272 Epiphanio
1492 5208 1716 5269 inserta,
1746 5205 1843 5258 vel
1875 5204 1930 5257 li-

373 5270 677 5325 brariorum
709 5270 839 5326 vitio
864 5273 1073 5328 intrusa
1101 5270 1248 5327 sunt.

446 5342 558 5413 (54)
599 5341 896 5413 Παρθένος
918 5342 985 5413 ᾷὲ
1006 5344 1077 5396 οὐ
1098 5342 1400 5413 καλεῖταιν
1424 5340 1561 5413 Vide
1577 5344 1801 5413 omnino
1821 5359 1943 5413 quae

377 5411 586 5467 erudite
632 5413 698 5464 ad
746 5412 895 5465 illum
945 5411 1093 5466 Isaias
1142 5413 1320 5466 locum
1371 5412 1593 5467 disserit
1622 5411 1851 5467 Hieron;
1876 5415 1943 5468 de

377 5509 510 5548 voce
537 5477 784 5557 .1135an
814 5508 921 5561 qua
949 5493 1270 5546 calumniari
1299 5489 1468 5547 Judaei
1518 5494 1714 5547 solent.
1748 5492 1853 5547 Sed
1889 5503 1943 5548 et

380 5562 613 5616 Basilius
647 5563 712 5616 ad
747 5560 953 5616 vnlsa.
988 5561 1181 5617 eodem
1210 5572 1525 5631 argumento
1558 5563 1820 5618 adversus
1844 5563 1943 5616 Ju-

382 5632 531 5703 (lzeos
559 5634 745 5703 utitur,
779 5648 887 5703 quo
933 5630 1595 5703 Epiplranius’Ebionitas
1641 5633 1941 5703 redarguit.

380 5700 559 5766 Quod,
594 5702 697 5755 nisi
728 5700 1319 5771 parituramvirginem
1354 5702 1612 5770 propheta
1647 5700 1947 5771 signiﬁcas-

384 5782 483 5839 εει,
518 5774 721 5827 frustra
750 5778 1007 5841 tanquam
1054 5770 1268 5840 signum
1322 5770 1452 5825 illud
1504 5771 1679 5841 ipsum
1707 5772 1817 5842 regi
1853 5773 1945 5826 dc-
1995 5833 1999 5836 ,

873 4915 893 4945 ¹
922 4912 1110 4969 Matth.
1136 4930 1212 4982 χι,
1246 4915 1426 4979 18,19.
1504 4921 1525 4952 ³
1548 4919 1682 4975 Luc.
1711 4933 1859 4977 xxw.
1891 4920 1977 4973 42.
2055 4919 2077 4948 ⁴
2104 4914 2262 4969 loan.
2287 4911 2446 4976 sunt
2475 4926 2592 4980 sqq.

2673 4912 2693 4942 ⁵
2724 4909 2822 4963 lsa.
2859 4926 2954 4973 vn,
2982 4910 3047 4964 10
3077 4926 3196 4980 sqq.
3276 4909 3297 4939 ⁸
3327 4905 3432 4961 lsa.
3468 4923 3626 4975 var,,

2046 5137 2374 5194 nuntiasset.

2119 5207 2230 5278 (55)
2257 5209 2383 5278 ,Ὡς
2413 5209 2509 5261 καὶ
2531 5208 2712 5278 αῇτὸς
2745 5207 3002 5278 Ἡσαΐας.
3038 5204 3200 5278 llunc
3236 5204 3387 5259 Isaia:
3417 5205 3616 5271 locum,

2047 5276 2302 5345 quem’de
2328 5277 2531 5332 Christi
2566 5276 2776 5331 Domini
2810 5276 3182 5344 generatione.
3213 5288 3279 5329 ac
3330 5290 3618 5345 sacrosan-

2048 5343 2147 5401 cta:
2198 5345 2440 5413 Virginis
2487 5355 2643 5416 partu
2692 5343 2961 5416 intelligit,
3003 5345 3337 5415 Epiphanius
3363 5385 3378 5409 ,
3411 5343 3620 5416 Patres

2049 5431 2239 5471 omnes
2291 5416 2357 5469 ad
2406 5413 2705 5484 spiritalem
2758 5413 3016 5470 Ecclesia:
3048 5413 3288 5484 partum
3341 5413 3620 5484 referunt;

2052 5502 2171 5554 qua:
2201 5486 2320 5540 sine
2352 5482 2463 5540 ullo
2493 5487 2698 5545 dolore,
2732 5500 2869 5553 pene
2900 5482 3175 5539 momento
3207 5484 3447 5538 inﬁnitos
3472 5482 3625 5537 Chri-

2052 5553 2138 5624 sto
2169 5555 2306 5608 ﬁlios
2343 5555 2567 5624 peperit,
2602 5560 2851 5623 par-itque
2879 5556 3143 5623 quotidie.
3172 5555 3248 5624 Ita
3276 5553 3335 5605 D.
3371 5553 3568 5607 Hieron
3607 5594 3618 5613 ,

2052 5623 2450 5680 'l‘hcodoretus.
2479 5625 2735 5695 Cyrillus,
2768 5625 2966 5680 Euseb.
2995 5626 3082 5679 lib.
3121 5642 3146 5681 ι·
3175 5623 3376 5678 Eccles.
3408 5624 3619 5683 ltistor.,

2053 5710 2171 5763 cap.
2203 5695 2253 5759 4,
2286 5696 2483 5764 aliique
2517 5696 2848 5765 complures.
