4018 6114
457 265 554 320 Ml
1121 272 1444 331 ADVERSU
1457 273 1494 329 S
1534 273 1877 330 HERESES
1914 274 2036 329 LIB.

2166 275 2328 331 T03].
2373 277 2519 331 ll.-r
2560 272 2829 331 "IERES.
2870 274 3036 331 XXX.

3600 271 3703 332 44⁸2

457 380 729 451 κάθαρσιν
752 385 1083 453 νομίζοντες.
1111 389 1222 443 Καὶ
1245 391 1416 445 ταῦτα
1444 395 1522 457 είς
1552 395 1679 458 τοὺς
1705 394 2033 460 ἀποστόλους

2138 412 2404 451 summam
2445 398 2833 451 contumeliam
2863 399 2917 451 in
2952 398 3231 467 apostolos
3272 391 3565 451 transferre
3596 411 3704 450 non

452 474 809 546 ὲμπαροινείν
852 478 952 531 οὐκ
1002 479 1367 551 αἰσχύνονται.
1428 486 1619 539 Καίτοι
1667 487 1761 539 τοῦ
1821 487 2026 561 Κυρίου

2138 488 2486 543 erubescunt.
2547 485 2868 556 Quanquam
2934 487 3192 542 Dominus
3243 488 3456 541 illorum
3515 490 3704 556 nequi-

456 565 770 637 ἐλέγχοντος
827 569 1006 623 αὐτῶν
1040 570 1137 644 τὴν
1176 577 1567 644 κακοτροπίαν,
1599 578 1657 629 ὲν
1683 576 1760 648 τῷ
1808 578 1900 630 τὸν
1935 578 2033 634 ὶὶέ-

455 673 583 727 τρον
615 659 918 729 εἰρηκέναι,
970 661 1057 716 ὅτε
1088 657 1220 732 ἦλθε
1264 666 1390 729 τοὺς
1429 666 1594 731 πόδας
1642 667 1806 721 αὑτοῦ
1858 667 2028 738 νίψαι,

454 748 537 802 ὅτι
571 751 654 803 Οὐ
683 749 772 820 μὴ
801 752 990 822 νίψῃς
1022 754 1164 821 τοὺς
1196 756 1387 823 πόδας
1406 775 1526 827 μου
1561 762 1649 826 είς
1687 759 1792 813 τὸν
1824 758 2029 825 αἰῶνα,

453 843 552 896 καὶ
582 843 682 915 τὴν
719 846 1099 919 ἀνθυποφορὰν
1139 850 1244 903 ὑπὸ
1270 849 1362 904 τοῦ
1414 853 1664 924 Σωτῆρος
1695 852 1915 917 ἐξιέναι,
1952 854 2032 906 ὃτι

469 930 604 988 Ἐὰν
625 936 712 1005 μὴ
745 939 905 1008 νίψω
948 955 1064 996 σου
1088 942 1236 1009 τοὺς
1277 943 1486 1011 πόδας,
1515 947 1626 999 οὐκ
1671 947 1829 1014 ἔχεις
1851 946 2031 1015 μέρος

452 1029 578 1096 μετ’
619 1028 784 1098 ἐμοῦ.
834 1032 1102 1087 Κάκείνου
1150 1034 1312 1090 πάλιν
1359 1036 1909 1108 ἀνταποκρινομένου,
1952 1037 2033 1089 ὅτι

430 1122 543 1175 -οὺ
569 1123 763 1190 μόνον
811 1124 954 1192 τοὺς
994 1125 1204 1194 πόδας,
1246 1129 1407 1183 ἀλλὰ
1444 1129 1543 1183 καί
1591 1129 1705 1197 τὴν
1734 1127 2029 1197 κεφαλὴν,

459 1212 622 1283 φησὶν
680 1213 709 1266 ὁ
764 1214 1000 1286 Κύριος,
1054 1218 1135 1271 ὅτι
1195 1218 1257 1272 '0
1315 1217 1694 1288 λουσάμενος
1751 1218 1912 1282 ἅπαξ
1960 1220 2034 1272 οὐ

458 1304 665 1372 χρείαν
695 1305 821 1374 ἔχει
851 1307 967 1376 τὴν
1000 1310 1295 1378 κεφαλὴν,
1322 1314 1372 1366 el
1407 1311 1494 1381 μὴ
1519 1311 1660 1378 τοὺς
1699 1311 1889 1377 πόδας
1922 1312 2033 1380 μό-

455 1410 568 1447 νον
594 1411 609 1426 ο
651 1393 783 1449 ἔστι
822 1396 934 1465 γὰρ
984 1398 1243 1467 καθαρός
1289 1399 1453 1467 ὅλος.
1521 1400 1760 1465 Ἔδειξεν
1801 1396 1916 1465 οὖν,
1952 1402 2036 1455 ὅτι

456 1483 516 1534 οὐ
547 1480 652 1553 χρὴ
703 1482 1032 1557 βαπτισμοῖς
1062 1486 1318 1559 χρῆσθαι,
1358 1489 1453 1542 καὶ
1490 1488 1668 1542 ἔθεσιν
1704 1489 2033 1559 ἀνωφελέσι,

457 1574 551 1628 καὶ
604 1575 935 1647 ἐντάλμασιν
990 1578 1314 1650 ἀνθρώπων,
1368 1583 1463 1636 καὶ
1513 1580 1904 1647 διδασκαλίαις,
1959 1581 2037 1644 ὡς

458 1665 552 1718 ttat
576 1666 635 1719 ὲν
664 1667 834 1739 ἑτέρῳ
860 1669 1176 1741 Εὐαγγελίῳ
1213 1671 1422 1743 συνῳδά
1461 1673 1539 1743 τῷ
1566 1675 1820 1746 προφήτῃ
1852 1673 2028 1742 λέγει·

470 1755 531 1810 'O
555 1757 706 1825 λαὸς
732 1755 911 1826 οὗτος
942 1761 1067 1828 τοῖς
1097 1763 1332 1831 χείλεσι
1356 1782 1433 1833 με
1457 1763 1615 1834 τιμᾷ,
1651 1766 1688 1833 ἡ
1719 1766 1788 1820 δὲ
1814 1767 2029 1836 καρδία
2066 1747 2103 1803 Β

456 1846 656 1901 αὐτῶν
701 1851 897 1918 πόίρω
929 1851 1137 1922 ἀπέχει
1189 1854 1289 1908 ἀπ’
1335 1856 1502 1925 ἐμοῦ.
1558 1856 1766 1924 Μάτην
1806 1857 1874 1912 δὲ
1926 1858 2026 1913 σέ-

458 1937 662 1992 ϐονταί
686 1957 784 2010 με,
811 1940 1205 2011 διδάσκοντες
1233 1944 1651 2012 διδασκαλίας,
1689 1947 2029 2017 ἐντάλματα

456 2029 799 2098 ἀνθρώπων.
891 2033 1043 2087 Ἐπεὶ
1100 2024 1242 2090 κατά
1303 2038 1460 2091 ει-δίαν
1517 2039 1694 2091 αἰτίαν
1755 2040 2030 2108 ἐμέμφετο

456 2120 581 2182 τοὺς
620 2121 945 2192 Φαρισαίους
988 2126 1079 2177 καὶ
1128 2131 1479 2198 γραμματεῖς
1532 2130 1656 2191 τοὺς
1704 2129 2029 2199 βαπτισμοῖς

457 2211 769 2280 χρωμένους
813 2213 1012 2280 ξεστων
1064 2218 1159 2271 ναὶ
1209 2219 1483 2290 ποτηρίων
1539 2222 1631 2274 καὶ
1671 2221 1779 2273 τῶν
1829 2221 2028 2285 ἀλλων,

457 2301 551 2352 καὶ
602 2307 791 2375 πυγμῇ
843 2305 943 2369 τὰς
995 2309 1183 2380 χεῖρας
1228 2310 1618 2380 νιπτομένους,
1673 2312 1763 2363 καὶ
1813 2311 2032 2374 τελείως

457 2393 833 2462 ἀποφαίνεται,
885 2397 969 2450 ὅτι
1012 2399 1073 2452 τὸ
1116 2399 1413 2466 Ἀνίπτοις
1457 2402 1669 2470 χερσίν
1698 2403 1923 2456 ἐσθίειν
1960 2404 2030 2456 οὺ

458 2484 656 2539 κοινοῖ
684 2485 792 2539 τόν
831 2487 1183 2557 ἇνθρωπον;
1221 2491 1385 2545 Ὥστε
1431 2493 1491 2545 οὐ
1550 2492 1708 2563 μόνον
1744 2492 1805 2545 τὸ
1839 2492 2031 2563 βαπτί-

2135 579 2268 633 tiam
2297 576 2587 634 manifeste
2636 578 2933 648 redarguit,
2984 594 3108 634 cum
3140 578 3204 632 ad
3250 577 3392 633 Petri
3443 578 3708 632 lavandos

2133 672 2299 741 pedes
2329 668 2617 734 accedens,
2652 684 2718 724 eo
2753 668 2967 724 dicente
2995 688 3007 723 :
3036 668 3157 723 Non
3183 669 3379 723 luvabis
3397 670 3525 723 milli
3551 671 3702 738 pedes

2131 763 2186 815 in
2218 775 2491 820 a'ternum,
2543 760 2773 829 subjecit
2804 760 2949 814 illico
2976 779 2990 814 :
3028 759 3149 814 Nisi
3179 761 3351 814 lavero
3379 759 3528 829 pedes
3565 770 3703 825 tuos,

2138 870 2240 907 non
2275 852 2488 906 habebis
2518 862 2724 921 partem
2747 869 2945 906 mecunt
2974 854 3011 905 '.
3050 853 3128 906 Ad
3153 867 3272 922 quae
3290 851 3451 907 Petro
3474 868 3705 921 respon-

2137 946 2339 1001 dente:
2378 944 2500 999 Non
2534 945 2703 999 solum
2749 945 2922 1014 pedes,
2972 945 3062 999 sed
3107 954 3155 998 et
3212 954 3409 1012 caput;
3442 945 3706 999 Dominus

2132 1037 2333 1106 adjecit
2366 1057 2379 1091 :
2415 1038 2521 1104 Qui
2555 1038 2692 1091 lotus
2721 1047 2799 1091 est
2829 1038 3006 1098 semel,
3042 1054 3142 1089 non
3177 1052 3304 1103 opus
3330 1046 3429 1101 est,
3464 1045 3518 1089 ut
3550 1044 3705 1104 caput

2136 1128 2294 1191 lavet,
2328 1127 2420 1181 sed
2455 1126 2605 1196 pedes
2634 1127 2934 1180 duntaxat:
2967 1137 3043 1181 est
3062 1128 3202 1182 enim
3251 1128 3476 1181 mundus
3501 1128 3703 1181 totus’.

2136 1219 2345 1286 Quibus
2382 1219 2565 1275 verbis
2589 1218 2887 1273 declaravit
2923 1218 3285 1273 lavationibus
3310 1219 3602 1289 ejusmodi,
3644 1232 3706 1271 ac

2135 1312 2556 1383 supervacaneis
2616 1311 2832 1378 ritibus,
2875 1310 3265 1384 hominumque
3312 1309 3583 1364 mandatis
3645 1324 3708 1363 ac

2135 1382 2402 1459 doctrinis
2439 1403 2513 1457 uti
2550 1402 2683 1457 nihil
2727 1404 2978 1457 attinere.
3017 1402 3116 1456 Cui
3154 1382 3369 1473 quidem
3415 1411 3707 1458 consenta-

2136 1508 2234 1548 nea
2258 1502 2408 1560 sunt,
2442 1509 2562 1565 quas
2587 1508 2615 1547 a
2641 1494 2875 1564 quodam
2898 1494 3162 1563 propheta
3188 1494 3447 1549 dicuntur
3481 1512 3495 1549 :
3531 1492 3709 1561 Popu-

2137 1586 2218 1641 lus
2246 1589 2344 1641 iste
2374 1586 2531 1641 labiis
2571 1602 2652 1640 me
2680 1586 2925 1650 honorat,
2963 1603 3053 1639 cor
3080 1597 3255 1640 autem
3297 1587 3529 1653 ipsorum
3561 1585 3711 1651 longe

2135 1687 2212 1732 est
2245 1695 2278 1731 a
2307 1691 2417 1741 me;
2449 1677 2655 1747 frustra
2694 1693 2813 1731 vero
2855 1677 3033 1733 colunt
3078 1695 3178 1739 me,
3226 1679 3466 1731 docentes
3513 1676 3713 1730 doctri-

2135 1786 2254 1833 nas,
2303 1769 2559 1822 mandata
2616 1768 2885 1822 hominum
2936 1769 2979 1822 ³.
3033 1767 3174 1833 Quid
3222 1774 3305 1823 est
3360 1768 3504 1822 enim
3567 1765 3712 1836 quod

2136 1858 2445 1914 Pharisaeos
2497 1873 2559 1913 ac
2612 1858 2824 1915 scribas
2880 1860 3178 1930 arguebat,
3218 1857 3362 1927 quod
3413 1857 3713 1927 baptismos

2136 1953 2459 2008 adhiberent
2493 1968 2780 2008 urccorum
2827 1959 2881 2007 et
2913 1951 3166 2016 calicum,
3202 1965 3264 2004 ac
3311 1959 3627 2003 caeterorum
3660 1946 3714 2000 id

2135 2059 2306 2115 genus
2344 2044 2390 2109 ⁵,
2421 2053 2475 2100 et
2516 2045 2712 2100 crebro
2740 2058 2937 2098 manus
2976 2042 3452 2113 ablue_rent?cum
3500 2042 3574 2093 ita
3624 2038 3717 2095 de-

2138 2152 2283 2191 mum
2318 2136 2682 2206 pronuntiat:
2719 2135 2898 2189 Illotis
2949 2132 3190 2187 manibus
3230 2132 3552 2186 manducare
3610 2146 3713 2183 non

2138 2227 2415 2297 inquinare
2438 2226 2698 2281 hominem
2727 2226 2770 2279 '.
2825 2223 3007 2287 Quare
3044 2237 3153 2277 non
3189 2236 3379 2277 eorum
3429 2220 3590 2274 modo
3637 2220 3715 2272 lo-

2137 2316 2315 2370 tiones
2340 2314 2636 2377 damnavit,
2672 2312 2830 2384 1&6
2861 2312 2954 2367 sed
3003 2320 3057 2366 et
3106 2325 3303 2365 manus
3352 2309 3574 2363 abluere
3617 2321 3711 2361 sn-

2137 2421 2533 2478 pervacaneum
2579 2421 2702 2461 esse
2743 2404 2951 2469 docuit,
2996 2418 3173 2473 neque
3234 2399 3409 2455 fraudi
3460 2399 3713 2468 cuiquam

2137 2512 2279 2562 esse,
2316 2495 2462 2567 quod
2491 2510 2687 2551 manus
2722 2494 2856 2548 nolit
2888 2494 3098 2548 eluere.

459 2574 645 2639 ζεσθαι
679 2578 883 2634 τούτων
912 2581 1228 2653 ἀνέτρεψεν,
1263 2583 1398 2638 ἀλλὰ
1434 2586 1529 2638 καὶ
1582 2586 1645 2638 τὸ
1703 2584 1851 2655 νίψαι
1885 2589 2073 2657 χεῖρας
2111 2588 2363 2659 περιττὸν
2410 2583 2548 2641 εἶναι
2594 2586 2792 2653 ἔδειξε,
2835 2588 2931 2640 καὶ
2979 2585 3057 2655 τῷ
3102 2583 3409 2655 βουλομένῳ
3454 2580 3555 2642 τὰς
3601 2580 3719 2650 χεῖ·-

461 2687 562 2744 ρας
595 2672 705 2740 (57)
726 2673 1005 2730 νίπτεσθαι
1038 2677 1113 2750 μὴ
1143 2673 1283 2733 εἶναι
1317 2678 1542 2750 βλάϐην.

529 2764 657 2822 KB’.
697 2766 821 2834 Πῶς
858 2768 913 2824 δὲ
943 2772 1070 2840 περὶ
1118 2773 1470 2844 κρεωφαγίας
1512 2775 1610 2828 οὐκ
1663 2775 1823 2840 εὐθὺς
1864 2779 1897 2848 ή
1934 2776 2032 2829 αὐ·

458 2854 565 2908 τῶν
608 2855 763 2914 ἄνοια
804 2858 1226 2933 ὲλεγχθήσεται;
1281 2865 1501 2936 Πρῶτον
1553 2866 1652 2937 μὲν
1683 2865 1775 2919 τοῦ
1826 2867 2031 2938 Κυρίου

460 2949 730 3016 ἐσθίοντος
776 2953 836 3011 τὸ
877 2955 1062 3028 πάσχα
1097 2959 1205 3011 τῶν
1263 2959 1563 3013 Ἰουδαίων*
1614 2961 1798 3031 πάσχα
1843 2960 1899 3012 δὲ
1925 2959 2033 3012 τῶν

476 3042 745 3098 Ἰουδαίων
788 3047 1054 3118 πρόϐατον
1101 3045 1172 3121 ἦν
1216 3051 1311 3105 καὶ
1341 3051 1546 3122 ἄζυμα,
1576 3053 1713 3123 κρέα.
1761 3050 2033 3123 προϐάτου

461 3133 603 3188 ὀπτὰ
642 3137 774 3207 πυρὶ
816 3138 1125 3209 ἐσθιόμενα,
1156 3140 1232 3204 ὡς
1260 3141 1356 3195 καὶ
1381 3145 1430 3195 ot
1478 3141 1717 3213 μαθηταὶ
1758 3141 1923 3196 αὑτοῦ
1949 3141 2037 3194 λέ-

460 3241 653 3293 γουσι’
703 3226 828 3282 Ποῦ
875 3228 1068 3296 θέλεις
1114 3231 1521 3301 ἑτοιμάσωμέν
1567 3248 1665 3286 σοι
1716 3232 1930 3302 φαγεῖν
1967 3234 2034 3287 τὸ

461 3317 670 3387 πάσχα
681 3335 701 3383 ;
735 3321 844 3374 Καὶ
877 3321 1040 3386 αὐτὸς
1080 3324 1109 3376 ό
1137 3322 1342 3395 Κύριος
1368 3323 1548 3393 λέγει·
1610 3325 1924 3379 Ἀπέλθετε
1950 3328 2036 3391 εὶς

461 3410 577 3480 τὴν
613 3413 816 3476 πόλιν,
857 3414 957 3468 καί
983 3415 1271 3484 εὑρήσετε
1311 3416 1624 3486 ἄνθρωπον
1656 3417 2037 3482 ,ϐαστάζοντα

462 3504 746 3575 κεράμιον
777 3505 1015 3574 ὕδατος,
1050 3508 1151 3563 καὶ
1191 3509 1646 3575 ἀκολουθήσατε
1683 3508 1842 3574 αὐτῷ
1883 3509 2036 3564 ὅπου

464 3595 696 3666 ὑπάγει,
728 3599 826 3652 καὶ
875 3599 1082 3654 elacata
1125 3599 1206 3665 τῷ
1251 3599 1686 3670 οἰκοδεσπότῃ*
1736 3601 1860 3655 Ποῦ
1905 3602 2036 3656 ἐστι

469 3687 530 3743 τὸ
556 3689 887 3760 κατάλυμα,
921 3692 1073 3746 ὅπου
1104 3691 1339 3761 ποιήσω
1380 3694 1445 3746 τὸ
1485 3693 1694 3761 πάσχα
1725 3693 1875 3760 μετὰ
1918 3690 2039 3746 τῶν

462 3779 740 3849 μαθητῶν
763 3800 883 3851 μου
907 3800 925 3847 ;
951 3783 1054 3837 Kal
1087 3781 1269 3847 δείξει
1297 3782 1438 3852 ὑμῖν
1461 3781 1731 3850 ὑπερῷον
1750 3781 2040 3851 ἐστρωμέ-

464 3889 604 3927 νον·
652 3871 780 3927 ἐκεῖ
822 3873 1193 3944 ἑτοιμάσατε.
1245 3875 1415 3929 Πάλιν
1464 3874 1520 3927 δὲ
1568 3875 1730 3938 αὐτὸς
1769 3877 1798 3929 ό
1838 3874 2039 3945 Κύριος

462 3960 647 4031 λέγει’
716 3964 1026 4034 Ἐπιθυμίᾳ
1074 3965 1426 4035 ἐπεθύμησα
1477 3966 1655 4020 τοῦτο
1719 3964 1785 4018 τὸ
1832 3965 2039 4034 πάσχα

463 4053 675 4123 φαγεῖν
708 4057 837 4124 μεθ’
883 4056 1070 4125 ὑμῶν.
1111 4057 1221 4110 Καὶ
1264 4059 1366 4111 οὐκ
1414 4054 1562 4110 εἶπεν
1608 4056 1794 4120 ἁπλῶς
1831 4056 2035 4127 πάσχα,

469 4145 606 4199 ἀλλά
634 4146 793 4199 τοῦτο
827 4147 889 4200 τὸ
927 4148 1133 4217 πάσχα,
1162 4147 1251 4200 ἴνα
1283 4148 1356 4219 μή
1379 4164 1466 4211 τις
1505 4147 1799 4219 μεθοδεύσῃ
1830 4147 1910 4210 είς
1942 4148 2039 4217 τὴν

465 4236 659 4291 ἑαυτοῦ
690 4237 964 4292 ὑπόνοιαν.
996 4239 1188 4308 Πάσχα
1219 4238 1276 4292 δὲ
1301 4235 1390 4310 ἦν,
1427 4239 1502 4303 ὡς
1527 4234 1701 4303 εἷπον,
1738 4238 1875 4310 κρέα
1901 4237 2041 4292 ὀπτὰ

467 4329 621 4400 πυρὶ,
653 4331 748 4383 καὶ
778 4329 847 4383 τά
880 4330 1034 4384 ἀλλα.
1073 4331 1236 4383 Αὐτοὶ
1273 4330 1350 4396 δὲ,
1390 4331 1752 4400 ἀφανίσαντες
1790 4331 1884 4400 ἀφ’
1919 4331 2043 4383 ἐαυ-

2203 2772 2368 2832 XXII.
2431 2773 2549 2827 Jam
2605 2773 2749 2844 quod
2806 2773 2873 2828 ad
2939 2788 3098 2827 usum
3161 2772 3409 2826 carnium
3476 2776 3709 2841 spectat,

2136 2880 2317 2919 nonne
2343 2880 2534 2920 eorum
2568 2866 2751 2920 statim
2788 2867 3023 2920 amentia
3058 2862 3440 2931 convincitur?
3474 2861 3712 2918 Primqu

2140 2954 2290 3025 quod
2314 2953 2581 3018 Dominus
2613 2952 2923 3010 Iudaeorum
2970 2954 3171 3025 pascha
3220 2952 3539 3008 comederit.
3571 2950 3719 3006 Con-

2138 3046 2319 3101 stabat
2343 3054 2524 3100 antem
2560 3045 2761 3116 pascha
2795 3045 3109 3101 Judaaorum
3158 3059 3316 3115 agno,
3357 3058 3421 3098 ac
3460 3041 3577 3098 sine
3610 3041 3719 3096 ler-

2138 3144 2323 3191 mento
2382 3135 2626 3192 subactis
2684 3137 2916 3206 panibus
2963 3155 2977 3191 :
3040 3135 3164 3204 agni
3238 3150 3397 3205 porro
3457 3134 3718 3189 carnibus

2136 3228 2283 3284 vesci
2314 3243 2432 3284 mos
2470 3238 2587 3282 erat
2639 3228 2841 3284 assatis
2870 3227 3007 3299 igni,
3040 3227 3185 3297 quod
3235 3233 3289 3281 et
3338 3226 3570 3296 apostoli
3614 3224 3717 3294 ipsi

2138 3328 2427 3375 testantur.
2474 3318 2574 3373 Ubi
2606 3319 2702 3385 vis,
2730 3319 3003 3389 inquiunt,
3046 3333 3290 3386 paremus
3323 3316 3419 3370 tibi
3446 3315 3717 3370 comedere

2138 3410 2393 3467 Pascha?
2421 3408 2630 3477 Quibus
2662 3408 2926 3464 Dominus
2952 3407 3236 3477 respondit
3269 3427 3280 3462 :
3324 3406 3407 3462 Ite
3440 3409 3490 3459 in
3525 3408 3715 3459 civita~

2139 3512 2274 3568 tem;
2297 3512 2346 3557 et
2380 3502 2651 3556 invenietis
2683 3499 2941 3553 hominem
2973 3498 3281 3567 amphoram
3314 3514 3464 3568 aqua:
3504 3506 3719 3564 portan-

2140 3603 2262 3660 tem,
2296 3593 2574 3664 sequimini
2620 3608 2738 3646 eum
2767 3608 3068 3663 quocunque
3100 3592 3240 3653 ierit,
3277 3600 3325 3644 et
3355 3589 3513 3642 dicite
3538 3588 3709 3655 patri-

2140 3685 2375 3753 familias
2408 3701 2426 3737 :
2462 3682 2562 3738 Ubi
2616 3694 2691 3737 est
2732 3683 3099 3745 diversorium,
3124 3682 3212 3735 ubi
3252 3681 3448 3751 pascha
3487 3695 3605 3733 cum
3631 3679 3719 3730 di-
3772 3742 3787 3749 _

2138 3776 2354 3843 scipulis
2387 3776 2514 3829 meis
2545 3775 2788 3844 faciam?
2833 3774 2901 3827 Et
2943 3773 3177 3828 ostendet
3219 3773 3360 3827 vobis
3391 3769 3717 3825 carunculam

2138 3875 2363 3920 stratum
2379 3881 2395 3919 :
2410 3876 2458 3919 et
2470 3864 2542 3919 ibi
2552 3866 2781 3933 parate“.
2803 3865 3111 3934 lterumque
3124 3863 3403 3918 Dominus:
3422 3860 3716 3921 Desiderio,

2140 3955 2237 4019 ait,
2254 3955 2549 4009 desideravi
2565 3954 2661 4008 hoc
2688 3955 2884 4023 pascha
2916 3953 3237 4008 manducare
3260 3952 3521 4006 vobiscum
3546 3950 3587 4003 τ.
3612 3947 3717 4003 Ne-

2140 4060 2246 4115 que
2280 4044 2481 4115 pascha
2517 4044 2838 4114 simpliciter
2876 4044 3035 4108 dixit,
3097 4046 3192 4101 sed
3244 4045 3347 4099 hoc
3378 4042 3618 4113 pascha;
3651 4056 3718 4096 no

2143 4137 2265 4207 quis
2297 4135 2500 4190 dictum
2534 4136 2664 4189 illud
2701 4136 2928 4192 subdole
2958 4137 3024 4191 ad
3072 4136 3380 4207 opinionem
3423 4149 3576 4188 suam
3626 4146 3719 4185 ac-

2142 4230 2533 4285 commodaret.
2588 4230 2665 4283 Ac
2721 4229 2927 4300 pascha
2974 4229 3109 4283 illud
3163 4242 3356 4283 carnes
3407 4231 3584 4287 erant,
3639 4223 3719 4277 uti

2143 4321 2405 4386 diximus,
2442 4323 2553 4392 igni
2583 4330 2757 4389 tostae,
2790 4339 2913 4378 cum
2965 4324 3087 4376 aliis
3120 4321 3468 4392 quibusdam.
3520 4321 3587 4373 At
3640 4318 3718 4372 illi

465 4422 573 4475 τῶν
599 4423 697 4494 τὴν
722 4421 824 4492 τῆς
849 4422 1107 4493 ἀληθείας
1135 4422 1474 4487 ἀκολουθίαν,
1507 4422 1741 4494 ἤλλαξαν
1768 4423 1827 4475 τὸ
1859 4422 2036 4494 ῥητὸν,

2149 4414 2390 4469 veritatis
2436 4414 2578 4470 serie
2630 4429 2698 4469 ex
2743 4416 2963 4486 ingenio
2995 4417 3231 4479 sublata,
3267 4414 3428 4469 verba
3463 4413 3554 4465 illa
3596 4424 3718 4464 mu-

464 4516 602 4586 ὅπερ
655 4516 774 4569 ἐστὶ
828 4517 961 4568 πᾶσι
1030 4514 1267 4586 φανερὸν
1318 4516 1382 4567 ὲκ
1434 4514 1542 4566 τῶν
1600 4514 2038 4585 συνεζευγμένων

464 4606 684 4671 λέξεων.
729 4607 841 4660 Καὶ
869 4607 1133 4677 ἐποίησαν
1170 4605 1297 4669 τοὺς
1334 4604 1579 4676 μαθητὰς
1618 4606 1714 4675 μὲν
1747 4605 2034 4673 λέγοντας·

468 4697 591 4751 Ποῦ
625 4696 818 4763 θέλεις
848 4695 1257 4766 ἑτοιμάσωμέν
1288 4710 1388 4748 σοι
1432 4694 1499 4747 τὸ
1543 4693 1751 4763 πάσχα
1793 4693 2040 4763 eaq-air;

342 4786 361 4789 “
469 4791 565 4843 καὶ
588 4790 768 4844 αὐτὸν
792 4788 951 4861 δῆθεν
986 4789 1248 4858 λέγοντα·
1298 4786 1391 4859 Μὴ
1425 4786 1689 4857 ἐπιθυμίᾳ
1721 4785 2039 4856 ἐπεθύμησα

469 4883 635 4953 κρέας
664 4879 823 4936 τοῦτο
866 4881 928 4935 τὸ
971 4880 1156 4951 πάσχα
1185 4881 1378 4949 φαγεῖν
1408 4879 1526 4950 μεθ’
1557 4878 1744 4949 ὑμῶν;
1781 4877 1950 4931 Πόθεν
1985 4877 2041 4929 δὲ

469 4976 531 5029 οὑ
561 4975 943 5047 φωραθήσεται
969 4976 1001 5046 ἡ
1035 4973 1215 5028 αὐτῶν
1238 4972 1572 5045 ῥᾳδιουργία,
1602 4971 1699 5042 τῆς
1726 4969 2044 5032 ἀκολουθίας

471 5066 802 5139 κραζοὺσης,
848 5068 930 5121 ὅτι
976 5066 1038 5121 τὸ
1086 5067 1157 5139 μῦ
1205 5068 1298 5121 καὶ
1337 5066 1398 5119 τὸ
1428 5060 1537 5137 ἧτά
1581 5066 1698 5117 ἐστι
1750 5060 2042 5133 προσθετά.

2146 4512 2349 4568 larunt,
2386 4507 2530 4574 quod
2560 4514 2648 4561 est
2679 4522 2746 4561 ex
2777 4508 3092 4577 conjunctis
3139 4505 3472 4560 dictionibus
3503 4502 3719 4556 unicui-

2145 4612 2250 4668 que
2276 4599 2645 4666 perspicuum.
2676 4598 2857 4662 Quare
2887 4598 3185 4668 discipulos
3221 4598 3293 4651 ita
3326 4597 3610 4664 loquentes
3642 4592 3719 4643 fa-

2146 4693 2297 4751 ciunt
2324 4714 2336 4749 :
2368 4693 2469 4749 Ubi
2493 4695 2568 4748 vis
2597 4710 2844 4763 paremus
2870 4695 2966 4748 tibi
2997 4694 3262 4748 comedere
3293 4690 3487 4761 pascha
3509 4692 3534 4743 Ρ
3563 4688 3720 4742 Chri—

2149 4796 2293 4843 stum
2326 4803 2456 4842 vero
2479 4787 2546 4840 ad
2582 4802 2645 4841 ea
2675 4785 3090 4856 respondentem
3118 4804 3131 4839 :
3161 4782 3412 4854 Nunquid
3444 4778 3719 4835 desiderio

2145 4879 2452 4935 desideravi
2482 4878 2767 4933 comedere
2794 4892 3016 4931 carnem
3047 4877 3149 4930 hoc
3175 4876 3373 4945 pascha
3397 4872 3718 4926 vobiscum?

2144 4972 2310 5042 Atqui
2342 4970 2501 5025 facile
2544 4979 2629 5026 est
2668 4970 2989 5026 sceleratam
3023 4969 3164 5022 hanc
3217 4968 3432 5022 illorum
3465 4965 3715 5021 fraudem

2144 5062 2416 5131 detegere,
2455 5076 2577 5116 eum
2614 5075 2675 5114 ea
2713 5075 2833 5131 qua:
2860 5065 3167 5129 sequuntur
3203 5067 3387 5129 aperte
3415 5058 3715 5119 clamitent,

484 5160 627 5212 Ἀντὶ
656 5158 749 5213 τοῦ
775 5158 882 5230 γὰρ
907 5159 1101 5223 είπεῖν,
1159 5157 1471 5225 Ἐπιθυμίᾳ
1494 5156 1862 5223 ἐπεθύμησα,
1894 5152 2036 5204 αὐτοὶ

2152 5152 2312 5204 ambo
2338 5164 2461 5206 esse
2493 5150 2760 5205 elementa
2806 5162 3092 5218 perperam
3138 5147 3343 5213 addita,
3378 5147 3628 5203 videlicet
3680 5161 3718 5213 μ

473 5249 820 5321 προσέθηκαν
850 5248 911 5301 τὸ
927 5247 1014 5318 μὴ
1048 5247 1354 5320 ἐπίρρημα.
1387 5246 1556 5309 Αὐτὸς
1588 5245 1644 5298 δὲ
1680 5243 1895 5314 ἀληθῶς
1924 5242 2042 5295 ἕλε-

471 5359 587 5413 γεν,
629 5343 937 5413 Ἐπιθυμίᾳ
966 5342 1317 5411 ἐπεθύμησα
1345 5339 1519 5394 τοῦτο
1556 5338 1625 5392 τὸ
1670 5336 1879 5405 πάσχα
1924 5353 2039 5404 φα-

2149 5250 2202 5298 et
2232 5261 2287 5314 η.
2322 5241 2454 5296 Nam
2488 5257 2589 5311 pro
2617 5257 2686 5296 eo
2734 5241 2878 5312 quod
2913 5249 3018 5307 est,
3057 5240 3329 5297 desiderio
3382 5237 3716 5299 desideravi,

2149 5336 2260 5400 isti,
2322 5336 2425 5406 μή,
2486 5335 2540 5389 id
2596 5341 2720 5399 est,
2777 5351 2924 5397 nam,
2972 5334 3285 5389 adverbium
3334 5332 3715 5402 adjunxerunt.

545 5502 558 5533 ¹
590 5497 748 5553 Joan.
780 5474 901 5562 im,
929 5497 963 5552 6
988 5513 1117 5569 sqq.
1154 5497 1195 5569 _’
1236 5495 1341 5551 lsa.
1377 5512 1543 5569 xxiv.
1566 5495 1649 5549 l5.
1719 5492 1737 5521 ³
1765 5493 1869 5548 Ιοε.
1900 5508 2050 5559 χχιιι,
2086 5492 2187 5559 15;
2223 5491 2409 5550 Matth.
2445 5509 2531 5559 xv,
2565 5493 2619 5556 8,
2646 5493 2699 5548 9.
2759 5490 2781 5524 ⁴
2803 5489 2970 5548 Marc.
2998 5506 3094 5559 vn,
3127 5489 3180 5544 8.
3233 5490 3254 5522 '
3288 5488 3474 5543 Matth.
3511 5503 3600 5552 xv,
3624 5486 3712 5542 20.

470 5571 492 5601 ⁶
526 5569 710 5624 Matth.
746 5585 894 5633 χχιιι,
936 5565 1053 5623 17(
1078 5565 1118 5600 “⁷
1151 5565 1280 5623 an.
1317 5582 1450 5629 χιιι,
1481 5566 1566 5622 15.

545 5679 654 5748 (57)
694 5679 799 5735 Kal
831 5676 910 5744 τῷ
927 5677 1281 5748 βουλομένῳ
1304 5677 1411 5746 τὰς
1432 5677 1653 5750 χεῖρας.
1696 5676 1835 5748 Lege
1865 5673 1938 5746 τῷ
1974 5673 2036 5747 μὶ

2138 5674 2404 5746 ιυλομένῳ.
