4018 6110
335 312 437 370 4ιῦ
1751 314 1806 367 S.
1850 311 2188 366 EPIPHANII
3493 321 3597 376 4M

334 434 586 488 Christus
611 447 774 504 porro
805 431 1087 487 verissime
1117 430 1276 494 dixit,
1309 431 1580 487 Desiderio
1615 432 1915 486 desideravi

2027 431 2146 500 γεῖν
2163 435 2294 502 μεθ’
2326 435 2512 505 ὑμῶν.
2559 436 2720 490 Αὐτοὶ
2744 437 2800 490 δέ
2819 475 2832 498 ,
2865 434 3268 507 ἐπιγράψαντες
3299 436 3359 490 τὸ
3396 437 3595 505 κρέας,

333 525 428 579 hoc
469 525 667 593 pascha
719 523 1038 578 manducare
1089 525 1374 578 vobiscum.
1429 523 1640 591 Quibus
1695 524 1918 594 insuper

2027 523 2244 588 ἑαυτοὺς
2276 527 2608 598 ἐπλάνησαν,
2645 528 3138 600 ρᾳδιουργήσαντες
3169 529 3264 583 καὶ
3311 529 3556 594 εἰπόντες
3577 546 3592 561 ⁶

336 615 658 670 vocabulum
708 615 836 680 hoc,
872 632 1104 679 carnem,
1149 616 1502 679 addiderunt,
1556 631 1724 686 seque
1768 616 1916 686 ipsos

2027 613 2116 682 Μὴ
2157 616 2435 686 ἐπιθυμίᾳ
2467 620 2818 690 ἐπεθύμησα
2855 621 3031 675 τοῦτο
3067 621 3134 674 τὸ
3172 621 3382 690 πάσχα
3419 624 3597 692 κρέας

337 704 643 762 miserrime
690 707 1044 776 deceperunt,
1086 722 1210 762 cum
1263 721 1359 778 per
1411 722 1689 762 summum
1735 706 1918 762 scelus

2027 706 2230 775 φαγεῖν
2269 710 2398 776 μεθ’
2433 709 2634 778 ὐμῶν;
2680 711 2876 779 Σαφῶς
2929 711 2986 765 δὲ
3037 712 3330 772 δείκνυται.
3382 715 3464 766 ὅτι
3502 715 3598 768 καὶ

345 798 646 855 adulterata
688 801 970 870 Scriptura
1019 801 1164 856 hunc
1195 801 1249 856 in
1297 802 1517 856 modum
1562 803 1914 858 extulerunt:

2027 797 2207 868 πάσχα
2239 799 2549 866 ἐπετέλεσε,
2581 803 2674 855 καὶ
2707 803 2845 874 κρέα
2870 802 3170 874 βέϐρωκεν,
3201 804 3278 866 ῶς
3311 808 3592 876 προεῖπον.

345 889 488 944 Num
511 892 770 946 desiderio
810 891 1106 948 desideravi
1144 895 1242 948 hoc
1277 894 1476 964 pascha
1513 911 1726 948 carnem
1770 911 1918 949 man-

2031 887 2190 941 Ἀλλά
2250 891 2342 944 καὶ
2391 891 2502 945 ἀπὸ
2547 891 2642 946 τοῦ
2691 895 2967 965 ὁράματος
3033 895 3451 967 ἐλεγχθήσονται
3497 896 3593 954 τοῦ

334 980 533 1037 ducare
578 985 885 1041 vobiscum?
932 985 1098 1056 Atqui
1153 987 1332 1057 palam
1388 986 1522 1041 illud
1582 987 1914 1054 ostenditur,

333 1068 616 1128 Christum
656 1073 940 1130 Dominum
975 1085 1030 1130 et
1079 1078 1278 1146 pascha
1323 1077 1654 1143 celebrasse,
1691 1085 1746 1132 et
1795 1093 1916 1133 car-

335 1179 436 1219 nes
478 1165 682 1230 edisse,
734 1168 1195 1238 quemadmodum
1250 1169 1384 1223 dixi.
1435 1167 1704 1223 Praeterea
1753 1184 1817 1223 ex
1851 1183 1918 1224 eo

335 1257 454 1312 viso
489 1268 722 1329 possunt
755 1261 1028 1329 redargui,
1061 1259 1205 1331 quod
1252 1256 1412 1315 bea’to
1451 1259 1613 1315 Petro
1643 1269 1918 1316 monstra.

334 1353 450 1401 tum
477 1338 595 1415 eet;
631 1363 756 1402 cum
805 1349 1033 1404 linteum
1073 1350 1200 1404 iilud
1245 1347 1478 1416 aspexit,
1531 1347 1586 1402 in
1625 1363 1735 1418 quo
1769 1347 1914 1403 fera-

334 1453 454 1490 rum
487 1454 551 1494 ac
590 1440 860 1508 pecudum
897 1448 948 1496 et
982 1442 1256 1511 reptilium
1307 1456 1371 1495 ac
1400 1440 1680 1494 volucrum
1715 1455 1914 1512 genera

334 1531 520 1585 omnia
553 1533 995 1588 continebantur.
1033 1535 1346 1588 Secundum
1389 1549 1510 1604 quae
1555 1532 1647 1588 Dei
1693 1534 1780 1587 illa
1810 1549 1912 1588 vox

333 1632 418 1678 est
467 1625 674 1680 audita.
717 1623 904 1696 Surge,
931 1627 1128 1692 occide,
1169 1635 1218 1680 et
1261 1630 1551 1690 manduca.
1607 1627 1765 1698 147
1810 1625 1916 1681 lle-

333 1715 639 1782 spondente
689 1714 891 1770 Petro:
927 1717 1078 1770 Absit
1125 1715 1384 1770 Domine:
1415 1717 1546 1770 nihil
1581 1719 1718 1770 enim
1767 1733 1910 1770 com-

2018 978 2495 1050 ἀποκαλυφθέντος
2525 982 2602 1054 τῷ
2639 985 2780 1054 ἁγίῳ
2823 985 3015 1056 Πέτρῳ
3044 984 3134 1039 διὰ
3158 988 3257 1057 τῆς
3283 986 3474 1058 ὀθόνης
3497 987 3594 1058 τῆς

2016 1071 2244 1144 ἐχούσης
2275 1073 2451 1127 πάντα
2483 1077 2540 1128 ἐν
2584 1075 2720 1147 αὐτῇ
2755 1075 2918 1148 θηρία
2943 1094 3003 1130 τε
3036 1078 3130 1132 καὶ
3166 1079 3358 1151 κτήνη,
3390 1081 3596 1151 ἐρπετά

2015 1163 2110 1216 καὶ
2159 1164 2404 1228 πετεινὰ,
2452 1166 2547 1219 καὶ
2601 1167 2785 1236 φωνῆς
2827 1168 3031 1241 Κυρίου
3077 1168 3360 1240 λεγούσης,
3427 1169 3596 1224 Ἀνα-

2015 1254 2186 1320 στὰς,
2222 1255 2432 1322 θῦσον,
2469 1257 2567 1310 καὶ
2593 1257 2763 1328 φάγε.
2802 1259 2913 1312 Καὶ
2941 1257 3033 1312 τοῦ
3067 1261 3274 1330 Πέτρου
3310 1261 3594 1329 λέγοντος’

2017 1345 2338 1416 Μηδαμῶς,
2360 1349 2540 1416 Κύριε
2563 1364 2579 1382 ⁸
2611 1349 2792 1402 οὐδὲν
2817 1350 3021 1404 κοινὸν
3047 1349 3084 1418 ἢ
3107 1351 3445 1420 ἀκάθαρτον
3469 1355 3594 1406 εισ-

2016 1439 2202 1508 ῆλθεν
2244 1443 2331 1505 εἰς
2372 1441 2438 1494 τὸ
2484 1443 2680 1510 στόμα
2703 1458 2859 1510 μουο
2909 1444 3073 1513 φησιν
3103 1443 3130 1495 ὁ
3161 1442 3398 1512 Κύριος·
3446 1447 3514 1499 Ἀ
3561 1449 3595 1499 ό

2019 1531 2162 1595 Θεὸς
2190 1531 2525 1600 ἐκαθάρισε,
2575 1533 2658 1586 σὺ
2690 1531 2777 1602 μὴ
2819 1535 3046 1587 κοίνου.
3091 1533 3458 1604 Εὐρεθήσεται
3485 1535 3599 1606 γὰρ

2019 1623 2082 1674 ἐκ
2110 1621 2200 1675 δύο
2239 1623 2455 1694 τρόπων
2480 1623 2580 1694 τῆς
2609 1623 2864 1695 ἀληθείας
2893 1627 2924 1695 ή
2961 1624 3238 1689 σύστασις.
3267 1625 3330 1678 Εἰ
3366 1627 3462 1696 μὲν
3487 1628 3596 1697 γὰρ

2019 1711 2201 1782 ἐροῦσι
2236 1711 2375 1766 κατά
2418 1713 2634 1766 πάντων
2686 1713 2990 1786 βρωμάτων
3030 1715 3460 1786 διεξεληλυθέναι
3511 1715 3596 1768 λό-

335 1822 490 1859 mune
522 1809 598 1860 vel
623 1807 954 1861 immundum
982 1808 1199 1862 intravit
1227 1809 1282 1862 in
1309 1825 1369 1862 os
1401 1823 1606 1871 meum;
1651 1808 1911 1864 Dominus

2027 1819 2111 1870 γον
2141 1803 2231 1856 τὸν
2267 1803 2420 1871 ἆγιον
2452 1805 2676 1874 Πέτρον,
2701 1807 2793 1859 καὶ
2826 1805 3024 1873 λέγειν,
3050 1806 3130 1858 ὃτι
3153 1806 3450 1861 Οὐδέποτε
3476 1823 3596 1860 κοι-

335 1899 570 1966 subjecit
609 1915 620 1950 :
659 1899 810 1964 Quod
863 1899 1001 1954 Deus
1049 1901 1374 1970 puriﬁcavit,
1425 1909 1482 1954 tu
1531 1917 1804 1954 commune
1853 1917 1916 1954 ne

2027 1893 2127 1946 νόν
2169 1893 2206 1961 ἢ
2255 1893 2614 1964 ἀκάθαρτον,
2663 1896 2738 1960 ώς
2787 1897 2878 1949 καὶ
2927 1897 3210 1965 βόας,,καὶ
3265 1893 3449 1966 αἶγας,
3503 1899 3598 1952 κσέι

334 1989 535 2044 dixeris
563 1991 600 2042 ¹.
638 1989 918 2060 Siquidem
951 2002 1183 2062 utroque
1219 1992 1383 2048 modo
1412 1992 1727 2048 conﬁrmari
1772 1993 1912 2048 veri-

335 2087 422 2133 tas
455 2087 652 2148 potest.
698 2080 825 2136 Sive
859 2081 1004 2136 enim
1051 2082 1315 2149 dixerint,
1351 2083 1418 2137 ad
1449 2085 1631 2138 omnia
1657 2083 1912 2138 esculen-

335 2179 514 2224 torum
567 2188 765 2240 genera
815 2171 957 2227 Petri
1003 2173 1210 2227 dictum
1263 2173 1395 2227 illud
1445 2175 1736 2243 pertinere,
1787 2189 1910 2228 cum

333 2259 489 2325 dicit,
532 2261 678 2315 Nihil
705 2279 933 2332 unquam
957 2281 1228 2319 commune
1267 2265 1343 2319 vel
1376 2266 1740 2330 immundum;
1773 2273 1832 2319 ut
1859 2273 1915 2321 et

333 2351 524 2419 boves,
573 2370 790 2424 capras,
821 2371 951 2410 oves
1011 2371 1072 2410 ac
1118 2359 1367 2414 volucres
1419 2373 1739 2414 communes
1791 2373 1915 2416 esse

335 2446 589 2510 voluerit,
619 2448 802 2501 statim
848 2448 970 2503 illos
1001 2449 1149 2519 prior
1180 2449 1298 2518 ejus
1324 2449 1536 2504 vivendi
1581 2451 1721 2504 ratio
1753 2450 1916 2504 refel-

336 2536 418 2591 lit.
456 2537 626 2592 Ducta
660 2541 863 2610 quippe
897 2541 1008 2610 jam
1058 2557 1226 2596 uxore
1253 2557 1378 2596 cum
1423 2552 1476 2597 et
1508 2543 1711 2599 liberos
1749 2544 1915 2599 babe-

337 2636 420 2681 rct
451 2636 504 2682 ct
554 2645 798 2696 socrum,
849 2647 880 2684 a
923 2631 1236 2688 Iudaeorum
1283 2635 1624 2688 caeremoniis
1673 2651 1796 2691 sese
1846 2635 1914 2691 ad

335 2718 614 2774 Christum
649 2725 977 2792 aggregavit.
1013 2722 1275 2800 Atdudaai
1305 2725 1566 2788 carnibus
1597 2737 1913 2791 vescuntur,

341 2826 438 2874 nec
495 2827 683 2866 earum
743 2829 878 2870 usus
927 2815 1070 2885 apud
1122 2816 1244 2872 illos
1292 2817 1649 2872 exsecrabilis
1690 2830 1775 2874 est
1823 2826 1956 2873 ant'

339 2901 668 2972 prohibitus.
693 2903 827 2957 Cum
860 2904 1025 2972 igitur
1048 2904 1205 2960 initio
1235 2906 1493 2962 carnibus
1525 2911 1918 2972 uteretur,sal—

338 3003 446 3046 tem
477 2995 544 3048 ad
579 2995 632 3048 id
666 3012 839 3066 usque
877 3005 1112 3067 tempus,
1144 3015 1254 3068 quo
1289 2999 1344 3052 in
1395 2999 1675 3057 Christum
1737 3003 1918 3059 Domi-

2016 1987 2283 2058 πρόϐατα,
2339 1988 2430 2040 καὶ
2479 1988 2677 2058 ὄρνεις,
2714 1987 3174 2066 κρινὰ¹λέγεσθαι
3223 1989 3352 2060 παρ’
3403 1991 3595 2062 αὐτῷ’

2015 2078 2176 2140 εὐθὺς
2207 2077 2626 2150 ἐλεγχθήσονται
2674 2081 2739 2133 ἐκ
2779 2082 2879 2149 τῆς
2927 2081 3198 2153 προτέρας
3246 2081 3411 2135 αὐτοῦ
3459 2085 3597 2137 ἀνα-

2018 2171 2276 2240 στροφῆς.
2319 2169 2474 2224 Μετὰ
2503 2170 2612 2242 γὰρ
2639 2171 2698 2224 τὸ
2731 2172 2908 2244 γῆμαι
2948 2173 3040 2226 καὶ¹
3072 2173 3234 2226 τέκνα
3278 2173 3595 2244 κεκτῆσθαι,

2009 2262 2111 2326 ,καὶ
2146 2263 2408 2334 πενθερὰν
2458 2262 2622 2334 ἔχειν,
2661 2265 2916 2334 συνέτυχε
2966 2265 3044 2332 τῷ
3091 2265 3305 2338 Σωτῆρι
3352 2267 3413 2331 ἐξ
3467 2268 3599 2320 Ἰου-

2017 2357 2182 2409 δαίων
2215 2353 2554 2428 ὁρμώμενος.
2600 2357 2838 2410 Ἰουδαῖοι
2871 2357 2927 2410 δὲ
2962 2357 3056 2410 καὶ
3099 2360 3307 2428 σάρκας
3335 2358 3598 2424 ἐσθίουσι,

2018 2449 2111 2501 καὶ
2161 2447 2481 2518 κρεωφαγία
2531 2449 2658 2519 παρ’
2711 2449 2894 2512 αὐτοῖς
2948 2449 3049 2502 οὐκ
3097 2448 3437 2511 ἐϐδέλυκται,
3479 2449 3604 2502 οὐδε

2018 2541 2410 2612 ἀπηγόρευται.
2484 2541 2626 2612 Ἀρα
2693 2539 2824 2610 γοῦν
2882 2539 3044 2593 αὑτοῦ
3102 2539 3440 2610 βεϐρωκότος
3503 2540 3604 2592 ἀπ’

2019 2632 2210 2703 ἀρχῆς.
2258 2633 2306 2684 εἰ
2355 2633 2448 2684 καὶ
2495 2631 2600 2696 ἕως
2641 2630 2734 2684 τοῦ
2785 2631 3112 2702 συναντῆσαι
3159 2629 3236 2701 τῷ
3274 2630 3487 2701 Σωτῆρι
3516 2628 3599 2682 εἶ-

2020 2725 2174 2792 ποιμ’
2232 2721 2320 2786 ἂν,
2371 2723 2745 2794 δειχθήσεται,
2791 2723 2873 2776 ὅτι
2916 2720 3068 2777 οὐδὲν
3123 2722 3300 2776 κοινὸν
3354 2723 3616 2793 ἡγήσατο

2017 2814 2124 2867 τῶν
2151 2815 2211 2867 οὐ
2239 2813 2433 2868 κοινῶν
2478 2815 2805 2885 λεγομένων.
2842 2815 2951 2868 Καὶ
2983 2814 3091 2886 γὰρ
3115 2815 3175 2867 οὐ
3219 2813 3356 2867 κατὰ
3383 2813 3612 2866 πάντων-

2018 2907 2304 2976 διεξήγαγε
2337 2905 2398 2960 τό
2449 2906 2623 2960 κοινὸν
2668 2907 2762 2959 καὶ
2806 2905 3135 2976 ἀκάθαρτον,
3171 2904 3308 2958 ἀλλὰ
3354 2903 3480 2973 περὶ
3526 2896 3614 2956 ὧν

2021 2999 2202 3067 ἔλεγεν
2251 3000 2280 3051 ὁ
2321 2997 2486 3068 νόμος
2535 2997 2728 3051 κοινῶν
2780 2997 2876 3050 καὶ
2923 2995 3266 3067 ἀκαθάρτων.
3329 2994 3498 3047 Πάλιν
3543 2994 3604 3047 δὲ

337 3099 469 3138 num
512 3084 721 3150 incidit,
755 3085 1100 3141 manifestum
1129 3095 1214 3140 est
1239 3087 1372 3142 nihil
1401 3088 1573 3153 illum,
1601 3093 1745 3160 quod
1775 3108 1918 3146 com-

2027 3094 2212 3148 τούτου
2249 3093 2574 3165 δειχθέντος,
2611 3094 2693 3146 ὅτι
2741 3091 2802 3145 οὐ
2851 3091 2980 3161 περὶ
3029 3092 3246 3145 πάντων
3285 3089 3390 3142 τῶν
3425 3087 3616 3160 κρέων

338 3191 503 3231 mune
536 3192 643 3230 non
672 3184 840 3242 esset,
877 3193 976 3246 pro
1009 3181 1284 3234 communi
1309 3181 1564 3236 habuisse
1595 3200 1608 3236 :
1647 3198 1753 3236 non
1777 3185 1920 3238 enim

338 3281 530 3321 omnes
546 3267 699 3322 cibos
723 3269 1028 3324 communis
1055 3269 1429 3343 immundique
1456 3289 1590 3328 voce
1605 3277 1922 3344 complexus

337 3366 444 3422 cst,
477 3359 572 3414 sed
606 3375 744 3428 quos
767 3361 1034 3430 ejusmodi
1061 3377 1183 3419 esse
1202 3365 1286 3419 lex
1310 3365 1426 3435 ipsa
1449 3365 1756 3420 deﬁnierat.
1784 3366 1920 3422 Cum

340 3449 510 3518 igitur
533 3459 767 3514 constet,
787 3453 978 3510 nonde
1007 3455 1420 3511 omnicarnium
1454 3473 1652 3528 genere
1681 3459 1921 3513 locutum

339 3556 462 3597 esse
483 3541 726 3608 Petrum,
748 3551 806 3599 ut
823 3560 1011 3601 omnes
1027 3562 1150 3602 esse
1169 3562 1486 3604 comnmnes
1502 3549 1727 3614 diceret,
1743 3550 1836 3606 sed
1859 3551 1926 3606 de

342 3632 409 3686 iis
433 3649 569 3704 quas
591 3649 714 3690 esse
744 3651 1062 3692 communes
1097 3637 1514 3707 immundasque
1546 3641 1630 3696 lex
1658 3643 1923 3705 edixerat,

343 3721 487 3780 Deus
503 3733 707 3781 sancta:
721 3727 924 3784 Christi
947 3728 1204 3783 Ecclesia:
1225 3739 1408 3785 notam
1433 3731 1774 3804 formamque
1797 3751 1928 3805 pra:-

342 3817 610 3885 scribens,
644 3834 933 3876 commune
965 3821 1264 3892 quidquam
1307 3825 1580 3894 appellare
1625 3828 1923 3896 prohibuit.

341 3906 537 3961 Omnia
559 3907 761 3978 quippe
793 3925 926 3978 pura
951 3919 1100 3976 sunt,
1131 3913 1176 3967 si
1203 3927 1327 3967 cum
1359 3915 1573 3970 actione
1595 3919 1921 3986 gratiarum,

343 3997 549 4070 Deique
579 4000 960 4057 benedictione
985 4012 1294 4059 sumantur.
1315 4005 1460 4071 Quin
1489 4009 1654 4064 etiam
1688 4012 1928 4065 vocatio-

342 4107 466 4146 nem
494 4093 734 4163 gentium
767 4095 942 4148 visum
966 4095 1097 4149 illud
1124 4096 1508 4166 adumbrabat,
1556 4116 1624 4155 ne
1659 4103 1924 4171 prmputio

343 4183 599 4251 praeditos
653 4200 972 4240 communes
1029 4187 1383 4257 impurosque
1437 4200 1706 4247 censeret.
1738 4194 1926 4259 Quan-

2027 3186 2175 3258 αὑτῴ
2216 3185 2422 3256 ἔλεγεν,
2456 3185 2531 3248 ὡς
2575 3183 2768 3239 κοινῶν
2801 3187 3018 3237 πάντων
3063 3183 3254 3245 ὄντων,
3301 3181 3439 3234 ἀλλά
3474 3183 3608 3252 περὶ

2027 3281 2134 3335 τῶν
2175 3281 2232 3333 ἐν
2283 3278 2362 3350 τῷ
2407 3279 2555 3350 νόμῳ
2584 3278 2779 3332 κοινῶν
2814 3295 2869 3330 τε
2914 3277 3008 3330 καὶ
3038 3275 3384 3348 ἀκαθάρτων,
3413 3275 3442 3326 ὁ
3472 3274 3610 3338 Θεὸς

2026 3375 2123 3444 τῆς
2155 3373 2317 3442 ἁγίας
2363 3371 2599 3443 Χριστοῦ
2644 3369 2971 3440 Ἐκκλησξας
3015 3368 3106 3422 τὸν
3151 3367 3472 3438 χαρακτῆρα
3501 3383 3606 3420 πα-

2031 3467 2292 3539 ραδιδοὺς,
2325 3465 2508 3534 ἔλεγεν
2541 3462 2688 3533 αὐτῷ
2721 3461 2884 3532 μηδὲν
2919 3459 3094 3514 κοινὸν
3119 3456 3386 3532 ἡγεῖσθαι.
3421 3455 3617 3508 Πάντα.

2028 3559 2136 3630 γάρ
2174 3561 2290 3612 ἐστι
2337 3555 2575 3626 καθαρὰ,
2629 3553 2766 3626 μετά
2809 3550 3155 3623 εὐχαριστίας
3210 3549 3302 3603 καὶ
3356 3547 3608 3615 εὐλογίας

2028 3648 2162 3702 Θεοῦ
2210 3647 2616 3719 λαμϐανόμενα.
2688 3643 2848 3696 Ἀλλά
2903 3643 2996 3696 καὶ
3047 3639 3304 3711 περὶτῆς
3363 3637 3610 3708 κλήσεως

2028 3743 2136 3796 τῶν
2169 3741 2336 3795 ἐθνῶν
2368 3739 2430 3792 τὸ
2459 3740 2687 3806 αἴνιγμα
2718 3733 2882 3806 εἶχεν,
2925 3734 3013 3786 ἵνα
3049 3733 3124 3802 μὴ
3160 3730 3438 3801 ἡγήσηται
3483 3728 3611 3789 τοὺς

2031 3835 2088 3886 ἐν
2112 3829 2446 3904 ἀκροϐυστίᾳ
2473 3829 2681 3890 κοινοὺς
2708 3827 2740 3897 ἢ
2771 3825 3134 3898 ἀκαθάρτους.
3153 3823 3341 3892 Ὅμως
3374 3824 3405 3891 ἡ
3437 3819 3606 3890 ἔμφα-

2033 3941 2116 3986 σις
2145 3921 2240 3976 τοῦ
2269 3923 2474 3992 Πέτρου
2511 3921 2569 3981 οὐ
2593 3919 2720 3990 περ)⁵
2747 3915 3034 3988 ἀνθρώπου
3065 3911 3176 3986 εἶχε
3200 3913 3298 3985 τὴν
3328 3912 3606 3971 ὑπόνοιαν,

2029 4014 2167 4069 ἀλλὰ
2203 4013 2330 4086 περὶ
2357 4011 2464 4066 τῶν
2494 4013 2552 4064 ἐν
2591 4010 2668 4080 τῷ
2699 4009 2848 4080 νόμῳ
2881 4006 3364 4079 ἀπηγορευμένων,
3407 4003 3480 4068 ὡς
3515 4003 3614 4056 καὶ

2033 4105 2195 4160 παντί
2223 4122 2300 4176 τῳ
2328 4102 2496 4170 σαφὲς
2524 4100 2590 4155 ἂν
2625 4100 2710 4172 εἴη
2731 4115 2744 4130 ·
2779 4099 2874 4154 καὶ
2906 4098 3167 4164 ἐξέπεσεν
3193 4094 3370 4150 αὐτῶν
3407 4109 3612 4146 παντα-

2031 4198 2189 4270 χόθεν
2225 4199 2254 4250 ὁ
2290 4193 2538 4265 ληρώδης
2567 4192 2742 4258 λόγος.

345 4285 504 4338 quam
535 4271 748 4341 objecta
783 4273 873 4326 illa
899 4273 1062 4330 Petro
1078 4276 1288 4344 species
1311 4294 1416 4332 non
1443 4279 1512 4334 ad
1543 4281 1928 4353 signiﬁcandos
1947 4294 2216 4362 hoiniues,
2234 4290 2327 4343 sed
2347 4287 2412 4340 ad
2447 4301 2508 4339 ea
2524 4299 2644 4354 quae
2674 4284 2788 4354 lege
2805 4289 2961 4336 erant
2988 4277 3278 4334 interdicta
3297 4275 3608 4347 spectabat;

347 4361 401 4415 id
431 4362 578 4448 quod
603 4377 852 4420 constare
879 4367 1102 4421 cuilibet
1123 4377 1318 4437 potest.
1361 4370 1438 4424 lta
1471 4375 1710 4446 undique
1739 4388 2028 4452 nugatoria
2060 4401 2122 4438 ac
2167 4382 2302 4436 levis
2336 4381 2554 4432 illorum
2586 4375 2772 4445 opinio
2807 4373 3061 4428 concidat
3095 4383 3319 4424 necesse
3346 4375 3452 4422 est.

419 4439 604 4518 XXlll.
655 4461 818 4517 lidem
881 4465 1251 4534 apostolorum
1311 4468 1567 4538 nomina,
1620 4439 1739 4544 'quo
1785 4439 1924 4536 faci-

2111 4481 2235 4534 Kl".
2284 4477 2404 4530 Τῶν
2435 4474 2491 4528 δὲ
2525 4439 2836 4527 ἀποστόλων
2879 4467 2949 4522 τὰ
2976 4467 3216 4540 ὀνόματα
3248 4467 3326 4528 εἰς
3371 4463 3469 4534 τὴν
3506 4460 3616 4513 τῶν

347 4555 454 4612 lius
479 4565 776 4614 sectatores
797 4559 928 4614 s'uos
951 4557 1250 4628 pelliciant,
1275 4574 1370 4630 per
1392 4561 1798 4625 simulationem
1833 4572 1931 4628 ad-

347 4651 592 4716 mittunt,
623 4650 824 4721 quibus
865 4651 1031 4705 etiam
1075 4651 1338 4710 conﬁctos
1375 4657 1640 4724 quosdam
1681 4675 1712 4714 a
1761 4678 1821 4718 se
1864 4663 1932 4718 li—

348 4741 478 4797 bros
511 4741 838 4807 inscribunt,
895 4743 1043 4798 velut
1081 4757 1111 4797 a
1144 4741 1372 4812 Jacobo,
1404 4745 1678 4817 Matthaeo,
1709 4767 1774 4808 ac
1805 4755 1936 4809 reli-

351 4834 476 4904 quis
522 4833 809 4904 discipulis
859 4833 1056 4889 editos.
1121 4833 1268 4892 lnter
1321 4853 1443 4908 quae
1487 4839 1716 4898 Joannis
1771 4845 1934 4900 etiam

352 4922 582 4990 apostoli
629 4937 831 4977 nomen
883 4923 1220 4989 admiscent,
1268 4941 1380 4996 quo
1435 4944 1624 4984 eorum
1681 4933 1938 4988 vecordia

353 5016 524 5082 possit
551 5029 616 5069 ex
659 5015 809 5070 omni
849 5022 1005 5085 parte
1044 5015 1397 5086 deprehendi.
1437 5021 1572 5077 Nam
1608 5040 1716 5080 non
1749 5042 1815 5081 eo
1847 5042 1939 5081 so-

353 5106 466 5159 lum
496 5106 618 5160 illos
650 5108 847 5178 arguit,
878 5107 1023 5178 quod
1055 5107 1230 5166 dixit:
1269 5109 1335 5166 In
1366 5115 1624 5184 principio
1654 5128 1770 5172 erat
1815 5117 1941 5172 Ver-

355 5197 498 5258 bum,
527 5207 578 5252 et
615 5197 840 5254 Verbum
871 5213 986 5256 erat
1014 5205 1155 5276 apud
1185 5203 1374 5266 Deum.
1411 5218 1459 5261 et
1496 5207 1632 5264 Deus
1661 5220 1778 5264 erat
1809 5210 1940 5265 Ver-

357 5287 478 5342 bum
507 5291 528 5320 ’
567 5308 580 5344 :
618 5305 805 5345 verum
853 5293 1019 5348 etiam
1068 5297 1212 5365 quod
1261 5297 1462 5366 quibus
1499 5298 1660 5371 148
1707 5303 1762 5355 in
1804 5302 1940 5358 locis

357 5381 531 5436 sancti
564 5381 802 5452 Spiritus
839 5383 1100 5441 instinctu
1139 5403 1260 5458 qua:
1290 5404 1322 5442 a
1363 5389 1580 5446 Christo
1614 5390 1844 5458 Domino
1873 5394 1942 5450 de

359 5473 600 5538 quolibet
639 5485 960 5545 argumento
995 5479 1203 5548 prolata
1254 5489 1404 5546 sunt,
1452 5489 1708 5540 accurate
1755 5500 1944 5555 prose—

288 5595 292 5599 -
361 5565 589 5632 quitur;
649 5565 958 5622 divinorum
1014 5571 1402 5640 prophetarum
1459 5575 1788 5632 testimoniis
1837 5578 1946 5633 uti-

440 5720 457 5752 ¹
489 5722 609 5777 Act.
647 5739 698 5789 Χ,
725 5727 791 5780 i5
817 5743 938 5797 sqq.
1015 5731 1034 5759 ³
1069 5726 1226 5782 J-oan.
1263 5744 1302 5794 l,
1343 5728 1391 5782 1.

2034 4569 2403 4643 ἠπατημένων
2437 4566 2528 4620 ὑπ’
2563 4563 2742 4619 αὐτῶν
2785 4559 2958 4615 πειθὼ
3003 4557 3386 4632 προσποιητῶς
3428 4555 3614 4624 δέχον-

2035 4679 2146 4726 ται,
2180 4661 2394 4732 βίϐλους
2436 4675 2498 4711 τε
2530 4655 2590 4721 ἐξ
2633 4655 2894 4726 ὀνόματος
2936 4650 3114 4706 αὐτῶν
3145 4649 3480 4718 πλασάμενοι
3519 4647 3615 4699 ἀν-

2037 4753 2366 4824 εγράψαντο,
2393 4750 2550 4819 δῆθεν
2579 4747 2688 4803 ἀπὸ
2718 4743 3011 4816 προσώπου
3039 4739 3317 4805 Ἰακώϐου,
3339 4738 3616 4817 καὶλΜατ-

2041 4843 2229 4910 θαίου,
2261 4843 2356 4896 καὶ
2397 4839 2570 4896 ἄλλων
2610 4835 2890 4908 μαθητῶν.
2923 4833 3012 4888 Ἑν
3047 4827 3128 4896 οἷς
3173 4831 3402 4899 ὀνόμασι
3435 4827 3528 4880 καὶ
3556 4826 3620 4878 τὸ

2041 4933 2210 5004 ὄνομα
2246 4931 2492 4986 Ἰωάννου
2525 4927 2622 4982 τοῦ
2663 4925 2958 4980 ἀποστόλου
3005 4920 3497 4990 ἐγκαταλέγουσιν,
3531 4917 3620 4970 ἴνα

2044 5024 2379 5095 πανταχόθεν
2409 5021 2636 5094 φωρατὴ
2663 5019 2889 5089 γένηται
2925 5019 2958 5087 ἡ
2997 5013 3177 5068 αὐτῶν
3207 5013 3380 5066 ἄνοια.
3413 5009 3488 5063 Οὐ
3522 5008 3620 5078 μό-

2042 5135 2134 5171 νον
2160 5117 2270 5188 γάρ
2303 5116 2514 5186 ἐλέγχει
2547 5113 2746 5171 αὐτοὺς
2784 5108 2926 5165 κατά
2965 5108 3145 5162 πάντα
3175 5105 3398 5175 τρόπον,
3426 5101 3618 5168 λέγων,

2043 5213 2124 5264 ὅτι
2177 5212 2270 5262 Ἐν
2304 5207 2462 5278 ἀρχῇ
2499 5203 2576 5277 ἦν
2621 5210 2655 5260 ὀ
2699 5206 2910 5275 Λόγος,
2947 5200 3046 5256 καὶ
3084 5203 3117 5254 ὀ
3157 5199 3347 5268 Λόγος
3371 5192 3438 5265 ἦν
3473 5193 3624 5262 artic

2044 5303 2152 5356 τόν
2183 5299 2353 5364 Θεὸν,
2389 5298 2488 5354 καὶ
2519 5297 2661 5364 Θεὸς
2694 5293 2774 5368 ἦν
2803 5298 2836 5349 ὁ
2862 5295 3050 5362 Λόγος
3071 5308 3088 5324 ο
3124 5289 3260 5344 ἀλλὰ
3290 5287 3382 5340 καὶ
3417 5285 3498 5338 ὅτι
3528 5283 3625 5344 τὰς

2047 5393 2154 5447 τῶν
2181 5393 2352 5461 ἁγίων
2383 5391 2679 5464 προφητῶν
2712 5383 3031 5458 μαρτυρίας.
3065 5383 3124 5435 ἐν
3150 5374 3194 5448 ᾧ
3221 5381 3285 5432 ἐκ
3310 5375 3626 5464 Πνεῦματος

2051 5484 2206 5552 ἁγίου
2239 5462 2579 5554 ὁρμώμενος,
2611 5481 2702 5534 καὶ
2729 5478 2797 5531 τὰ
2829 5475 2932 5530 ὑπὸ
2957 5471 3048 5526 τοῦ
3077 5471 3331 5541 Σωτῆρος
3365 5462 3628 5537 εἰρημένα

2053 5576 2232 5632 καλῶς
2267 5574 2698 5646 ἀκοιὸολογήσας
2743 5570 2866 5642 περλ
2917 5566 3154 5637 ἑκάστης
3195 5561 3504 5622 ὑποθέσεως
3530 5557 3628 5627 τῆς
