4018 6114
474 304 576 359 445

1138 299 1506 355 ADVERSUS
1539 297 1891 353 llAZliESES.
1933 296 2058 351 LIB.
2106 295 2142 351 i.
2185 296 2348 349 TGM.
2392 295 2453 349 ll.
2495 328 2560 335 —
2606 297 2876 355 HJZRES.
2918 291 3083 358 XXX.

3606 294 3723 362 ’446

474 423 551 483 εἰς
596 414 829 488 Χριστὸν
866 413 1259 485 πληρωθείσης,
1291 415 1364 478 ὡς
1396 411 1568 478 εἶπον,
1603 414 1703 477 τὰς
1739 411 2039 484 μαρτυρίας

2146 418 2271 472 tur;
2322 426 2459 480 quos
2509 413 2583 464 illi
2638 428 2666 465 a
2718 415 2915 484 seipsis
2974 415 3377 483 abjudicarunt.
3426 413 3537 469 Hoc.
3575 419 3722 473 enim

472 510 717 579 ἐξέθετο·
766 508 857 579 ἀφ’
885 501 958 561 ὧν
1000 508 1295 578 προφητῶν
1350 504 1491 561 οῦτοι
1539 507 1761 568 ἑαυτοὺς
1805 505 2044 575 ἀπηλιλο-

480 601 727 673 τρίωσαν.
759 599 871 652 Καὶ
901 597 1063 661 εὐθὺς
1109 597 1309 661 ἔδειξεν
1329 637 1344 661 ,
1382 597 1456 660 ὡς
1488 599 1598 660 τοῖς
1628 596 1763 668 πρὸς
1790 595 2044 664 Ἰωάννην

481 693 563 745 τὸν
593 689 905 758 Βαπτιστὴν
938 688 1044 740 ὑπὸ
1087 688 1197 740 τῶν
1239 688 1549 759 Φαρισαίων
1598 686 1922 756 πεμφθεῖσιν
1950 685 2045 737 αὐ-

474 784 562 847 τὸς
591 782 845 852 Ἰωάννης
873 779 1243 850 ἀποκρίνεται,
1267 778 1462 845 λέγων·
1488 777 1637 847 Ἐγὼ
1659 776 1826 846 φωνὴ
1854 776 2046 841 ,βοῶν-

476 893 574 941 τος
609 874 677 927 ἐν
718 871 793 939 τῇ
838 869 1065 939 ammp-
1099 871 1402 923 Εὐθύνατε
1445 869 1560 936 τὴν
1614 868 1757 921 ὁδὸν
1803 867 2043 935 Kvpt'ov-

475 963 667 1027 καθὼς
697 958 864 1014 εἶπεν
903 960 1145 1024 Ἡσαΐας
1180 961 1213 1011 ὀ
1252 956 1559 1026 προφήτης
1578 997 1591 1009 .
1617 956 1727 1009 Καὶ
1753 955 1912 1010 πάλιν
1944 955 2041 1007 αὑ-

482 1057 564 1119 τὸς
591 1055 620 1107 ὁ
651 1054 902 1123 Ἰωάννης
934 1051 1103 1119 λέγει,
1139 1050 1246 1103 ἀπὸ
1276 1050 1384 1102 τῶν
1419 1047 1715 1120 προφητῶν
1744 1045 1922 1101 λαϐὼν
1947 1047 2044 1116 τὴν

479 1145 803 1218 μαρτυρίαν,
840 1144 981 1213 φημὶ
1023 1142 1079 1195 δὲ
1123 1142 1230 1194 ἀπὸ
1261 1140 1354 1194 τοῦ
1402 1140 1584 1202 Δαϐὶδ,
1639 1139 1726 1192 ὅτε
1773 1140 1801 1191 ὁ
1840 1136 2045 1207 Κύριος

475 1237 572 1301 τὰς
626 1235 903 1305 τραπέζας
954 1232 1060 1287 τῶν
1113 1231 1475 1285 κολλυϐιστῶν
1533 1228 1867 1298 κατέστρεψε
1894 1268 1909 1291 ,
1952 1227 2045 1279 καὶ

477 1322 623 1379 εἷπε⁸
660 1323 757 1391 Μὴ
792 1321 999 1389 ποιῆτε
1030 1321 1136 1373 τὸν
1164 1316 1330 1373 οἷκον
1354 1317 1463 1372 τοῦ
1489 1318 1716 1384 Πατρός
1747 1334 1859 1378 μου
1882 1312 2047 1369 οἷκον

474 1414 759 1483 ἐμπορίου
794 1430 806 1442 ⁸
831 1410 1241 1481 Ἐμνήσθησαν,
1285 1412 1367 1462 ὅτι
1411 1405 1479 1479 ἦν
1519 1407 1929 1479 γεγραμμένον·
1987 1407 2048 1459 Ὁ

2148 502 2328 555 statim
2389 504 2541 557 initio
2589 505 2942 571 demonstrat,
2989 506 3249 562 Joannem
3307 508 3602 577 Baptistam
3654 509 3723 564 iis

2148 607 2285 661 quos
2307 594 2371 647 ad
2397 609 2455 649 se
2482 593 2738 650 Pharisaei
2777 598 3400 668 miscrantrespondisse
3432 615 3445 652 :
3485 599 3594 670 Ego
3626 615 3726 654 uox

2148 684 2428 738 clamantis
2466 687 2519 738 in
2551 685 2753 739 deserto
2777 702 2795 738 :
2828 687 3052 757 Dirigite
3092 690 3228 743 viam
3291 690 3503 744 Domini
3551 692 3725 746 :‘sicut

2150 775 2277 828 dicit
2308 775 2483 829 Isaias
2513 777 2762 845 propheta
2793 780 2836 832 ².
2868 776 3071 833 Deinde
3116 780 3306 834 iisdem
3346 798 3409 835 ex
3447 783 3723 852 prophetis

2151 867 2292 921 aliud
2340 868 2709 923 testimonium
2760 867 2998 926 Joannes
3056 871 3298 935 adducit,
3351 872 3608 927 nimirum
3657 889 3723 928 ex

2149 956 2367 1024 Davide,
2388 975 2509 1013 cum
2539 960 2796 1015 Dominus
2814 962 3303 1017 nummulariorum
3323 980 3538 1020 mensas
3568 980 3725 1019 ever—

2152 1049 2234 1112 tit,
2267 1064 2328 1101 ac
2360 1050 2493 1102 dixit
2536 1068 2548 1102 :
2603 1050 2785 1105 Nolite
2826 1052 2999 1121 facere
3027 1054 3239 1107 domum
3280 1053 3459 1109 Patris
3492 1057 3590 1109 mei
3624 1055 3725 1109 do-

2152 1154 2291 1192 mum
2322 1140 2688 1209 negotiationis
2717 1143 2757 1195 ³.
2796 1141 3109 1199 Meminisse
3151 1145 3295 1199 enim
3342 1146 3417 1198 ait
3453 1147 3729 1215 apostolos

2151 1230 2292 1298 quod
2319 1240 2432 1284 erat
2463 1233 2722 1301 scriptum
2753 1252 2766 1284 :
2797 1232 2953 1287 Zelus
2976 1236 3162 1289 domus
3191 1247 3293 1289 iure
3316 1237 3537 1290 comedit
3580 1252 3659 1289 me
3682 1237 3725 1289 ι.

2120 1321 2230 1383 _Ac
2262 1336 2477 1375 rursum
2507 1322 2646 1375 idem
2675 1322 2912 1378 Joannes
2940 1325 3019 1379 sic
3060 1326 3298 1394 loquitur
3323 1324 3354 1380 ε’
3380 1326 3513 1379 Vidit
3554 1324 3728 1379 Isaias

2153 1411 2205 1463 in
2248 1411 2447 1478 Spiritu
2481 1424 2664 1466 sancto
2696 1413 2737 1465 ⁸.

477 1506 654 1574 ζῆλος
678 1503 783 1556 τοῦ
810 1502 978 1555 οἴκου
1011 1516 1125 1555 σου
1159 1499 1450 1568 κατέφαγέ
1483 1515 1576 1568 με.
1614 1499 1722 1550 Καὶ
1754 1497 1912 1551 πάλιν
1961 1498 2121 1562 αὐτὸς
2151 1500 2400 1566 Ἰωάνντις
2434 1498 2618 1565 εἶπεν,
2664 1504 2744 1556 ὅτι
2787 1504 3031 1571 Ἡσαΐας
3085 1501 3245 1559 εἶδεν
3301 1505 3386 1559 ὢν
3418 1508 3489 1560 ἐν
3542 1504 3729 1559 mw-

474 1612 609 1666 ματι
642 1594 805 1662 ἁγίῳ.

546 1687 671 1738 KA'.
708 1684 877 1737 Πάλιν
905 1684 961 1735 δὲ
992 1684 1019 1735 ὁ
1048 1681 1209 1744 αὐτὸς
1237 1681 1347 1751 (58)
1382 1680 1534 1749 ἅγιος
1562 1680 1814 1751 Ἰωάννης
1846 1678 2045 1750 κηρύτ-

2220 1677 2410 1735 XXIV.
2462 1681 2721 1736 Praeterea
2781 1695 2903 1735 cum
2960 1683 3015 1736 in
3069 1683 3192 1738 Asia
3236 1685 3581 1753 prmdicando
3636 1688 3729 1744 Dei

477 1794 584 1829 των
619 1777 675 1827 ὲν
705 1778 771 1846 τῇ
804 1774 961 1844 Ἀσίᾳ
1002 1774 1293 1844 ἱστορεῖται
1340 1771 1641 1842 παράδοξον
1672 1771 1830 1842 ἔργον
1865 1789 1917 1824 τι
1948 1788 2047 1824 πε-

479 1865 719 1938 ποιηκὼς
761 1866 842 1929 είς
892 1865 1251 1935 ὑπογραμμὸν
1295 1864 1396 1932 τῆς
1443 1864 1718 1933 ἀληθείας.
1770 1862 2049 1916 Πολιτείαν

477 1957 585 2029 γὰρ
619 1957 756 2027 ἔχων
789 1954 1245 2025 θαυμασιωτάτην
1291 1955 1385 2007 καὶ
1423 1954 1846 2025 συμπρέπουσαν
1884 1952 2048 2005 αὑτοῦ

475 2050 554 2121 τῷ
583 2046 850 2118 ἀξιώματι
876 2047 975 2116 τῆς
1003 2045 1325 2110 ἀποστολῆς,
1359 2046 1453 2098 καὶ
1496 2046 1616 2116 μηδ’
1651 2046 1786 2109 ὅλως
1826 2045 2050 2115 λουόμε-

478 2158 587 2205 νος,
621 2136 942 2210 ἠναγκάσθη
977 2137 1081 2189 ὐπὸ
1110 2136 1203 2188 τοῦ
1240 2135 1396 2204 ἁγίου
1423 2137 1737 2207 Πνεύματος
1772 2136 2051 2206 προελθεῖν

476 2232 582 2293 ἕως
609 2246 707 2282 του
738 2226 1039 2299 βαλανείου,
1074 2225 1271 2287 εἰπὼν,
1305 2226 1385 2279 ὅτι
1422 2225 1639 2280 Λάϐετε
1679 2244 1776 2295 μοι
1805 2228 1877 2280 τὰ
1903 2226 2050 2294 πρὸς

472 2317 826 2385 βαλανεῖον.
875 2314 983 2369 Καὶ
1041 2315 1147 2367 τῶν
1202 2315 1578 2384 συνεπομένων
1630 2316 2046 2386 θαυμαζόντων,

474 2403 638 2478 ἦλθεν
679 2407 760 2469 είς
801 2405 933 2458 αὐτὸ
958 2405 1018 2457 τὸ
1047 2404 1287 2475 λουτρόν.
1320 2406 1427 2457 Καὶ
1461 2406 1747 2475 γενόμενος
1792 2406 1928 2477 πρὸς
1958 2407 2049 2460 τὸν

478 2498 704 2552 εἰωθότα
753 2495 1108 2566 ὑποδέχεσθαι
1172 2496 1280 2548 τῶν
1337 2495 1639 2566 λουομένων
1697 2496 1767 2549 τὰ
1823 2497 2046 2567 ἱμάτια,

476 2592 639 2662 ἤρετο
669 2589 752 2651 τίς
800 2587 945 2641 ἔνδον
978 2588 1123 2640 ἐστὶν
1163 2589 1222 2639 ὲν
1263 2586 1341 2657 τῷ
1396 2586 1681 2657 βαλανείῳο
1726 2591 1754 2641 ὁ
1801 2587 1857 2640 δὲ
1901 2588 2052 2642 ὀλεά-

479 2678 748 2750 ριος(59),
795 2678 889 2731 ἐπὶ
931 2676 1009 2749 τῷ
1051 2677 1336 2746 φυλάττειν
1393 2678 1580 2745 ἱμάτια
1628 2678 2051 2750 προσκαρτερῶν

478 2772 558 2842 (ἐν
588 2774 702 2833 τοῖς
735 2770 844 2842 γὰρ
872 2770 1194 2841 γυμνασίοις
1232 2768 1391 2839 ἔργον
1433 2768 1589 2821 τοῦτό
1637 2785 1779 2823 τισιν
1814 2770 2050 2839 ὑπάρχει

478 2862 744 2932 πορισμοῦ
775 2861 937 2914 ἓνεκα
968 2860 1068 2930 τῆς
1092 2860 1368 2930 ἐφημέρου
1401 2860 1649 2930 τροφῆς),
1676 2859 1776 2930 ἔφη
1809 2859 1887 2930 τῷ
1914 2861 2052 2930 ἀγίῳ

491 2952 734 3024 Ἰωάννῃ,
774 2953 856 3004 ὅτι
884 2949 1080 3004 Ἐϐίων
1122 2949 1268 3002 ἔνδον
1306 2949 1470 3002 ἐστίν.
1510 2948 1761 3019 Ἰωάννης
1787 2949 1863 3007 δὲ,
1892 2950 2051 3013 εὐθὺς

480 3043 655 3105 συνεὶς
679 3042 774 3111 τὴν
796 3041 887 3094 τοῦ
915 3041 1068 3109 ἁγίου
1096 3038 1234 3093 Πνεύ
1244 3057 1409 3111 ματος
1434 3041 1671 3110 ὁδηγίαν,
1695 3041 1760 3093 δι’
1785 3042 1850 3111 ἣν
1872 3029 2048 3095 αἰτίαν

398 3194 405 3199 ε
479 3134 854 3206 προὺτρέψατο
905 3133 1065 3187 αὐτὸν
1109 3134 1213 3196 ἓως
1262 3133 1353 3186 τοῦ
1407 3132 1690 3202 βαλανείου
1748 3134 1923 3202 ἥκειν,
1974 3135 2047 3197 ὡς

478 3226 649 3296 ἔφην,
702 3226 917 3296 μνήμης
962 3225 1124 3279 ἕνεκα
1161 3225 1253 3278 τοῦ
1299 3225 1615 3278 καταλιπεῖν
1647 3227 1779 3294 ἡμῖν
1823 3224 1918 3296 τὴν
1949 3227 2047 3296 τῆς

478 3317 734 3387 ἀληθείας
764 3315 1038 3380 ὑπόθεσιν,
1079 3316 1160 3367 ὅτι
1201 3316 1345 3377 τίνες
1369 3315 1504 3368 εἰσὶν
1529 3317 1577 3367 οί
1610 3315 1782 3368 δοῦλοι
1810 3314 2045 3386 Χριστοῦ

478 3409 571 3462 καὶ
596 3406 878 3460 ἀπόστολοι
902 3406 996 3458 καὶ
1026 3406 1133 3458 υἱοὶ
1160 3406 1258 3476 τῆς
1281 3406 1447 3475 αὐτῆς
1477 3406 1730 3475 ἀληθείας
1758 3407 1772 3437 ¹
1796 3423 1809 3436 ·
1838 3406 1957 3459 τίνα
1988 3405 2046 3458 δέ

477 3500 594 3552 ἐστι
640 3499 708 3552 τὰ
744 3498 910 3568 σκεύη
949 3496 1045 3551 τοῦ
1081 3497 1352 3568 πονηροῦ,
1403 3498 1501 3550 καὶ
1545 3499 1729 3551 πύλαι
1775 3497 1922 3565 ᾅδου
1958 3497 2044 3566 μὴ

477 3589 911 3658 κατισχύουσιιι
954 3587 1066 3655 τῆς
1116 3588 1369 3655 πέτρας,
1423 3588 1521 3641 καὶ
1572 3588 1683 3657 τῆς
1722 3590 1814 3641 ἐπ’
1860 3588 2046 3656 αὐτῆς

477 3680 966 3747 οἱκοδομηθείσης
1017 3679 1190 3747 ἁγίας
1240 3678 1388 3732 Θεοῦ
1445 3679 1841 3747 Ἐκκλησίας·
1885 3681 2045 3743 εὐθὺς

475 3769 711 3841 ταράξας
748 3770 958 3833 ἑαυτὸν,
1007 3769 1101 3821 καὶ
1133 3768 1372 3839 οἰμώξας
1410 3769 1592 3839 ἠρέμα
1624 3772 1705 3832 είς
1746 3771 1807 3823 τὸ
1841 3771 2045 3835 πάντας

476 3860 728 3921 ἀκοῦσαι,
775 3861 855 3921 είς
900 3859 1197 3930 μαρτύριον
1235 3860 1629 3931 παραστάσεως
1665 3862 1932 3931 ἀχράντου
1965 3862 2045 3915 δι-

474 3951 787 4015 δασκαλίας,
838 3952 1177 4015 Σπεύσατε,
1223 3951 1494 4019 ἀδελφοὶ,
1544 3951 1676 4022 ἔφη,
1711 3952 2044 4021 ἐξέλθωμεν

474 4042 771 4103 ἐντεῦθεν,
792 4041 876 4109 μὴ
902 4041 1058 4110 πέσῃ
1093 4042 1157 4094 τὸ
1180 4042 1530 4105 βαλανεῖον,
1563 4042 1660 4095 καὶ
1693 4042 2045 4111 ἀπολώμεθα

469 4131 619 4200 μετά
667 4133 945 4196 Ἐϐίωνος
991 4132 1096 4185 τοῦ
1144 4131 1324 4186 ἔνδον
1370 4133 1439 4185 ἐν
1484 4132 1564 4197 τῷ
1607 4133 1911 4198 βαλανείῳ
1946 4134 2043 4187 διὰ

474 4222 590 4290 τὴν
636 4222 821 4277 αὑτοῦ
858 4223 1156 4278 ἀσέϐειαν.
1203 4224 1312 4276 Καὶ
1352 4224 1537 4295 μηδεὶς
1583 4223 1904 4294 θαυμαζέτω
1951 4226 2043 4278 ἐπὶ

473 4310 550 4384 τῷ
588 4312 818 4367 ἀκοῦσαι
857 4313 1087 4367 Ἐὅίωνα
1112 4314 1334 4385 Ἰωάννῃ
1368 4314 1840 4385 συντετυχηκέναι.
1867 4315 2039 4368 Πολυη
2074 4343 2116 4395 D

474 4405 680 4474 χρόνιος
701 4404 809 4474 γὰρ
835 4404 1168 4478 καταμείνας
1195 4404 1271 4478 τῷ
1296 4405 1393 4474 βίῳ
1415 4407 1442 4458 ὁ
1472 4406 1736 4475 μακάριος
1766 4404 2038 4475 Ἰωάννης,

472 4468 755 4565 ἐξήρκεσεν
778 4468 1040 4565 ἀχριετῆς
1069 4468 1167 4547 τοῦ
1202 4468 1483 4564 Τραϊανοῦ
1513 4468 1804 4564 βασιλείας.
1836 4468 2041 4559 Πάντες

472 4584 529 4637 δὲ
555 4586 604 4636 oi
646 4584 932 4637 ἀπόστολοι
967 4586 1049 4638 ὅτι
1083 4585 1499 4656 ἀπαλλοτριοῦσι
1528 4586 1625 4656 τὴν
1667 4586 1761 4639 τοῦ
1784 4586 2038 4649 Ἐϐίωνος

474 4676 655 4729 πίστιν
680 4716 693 4740 ,
729 4676 824 4728 καὶ
857 4660 1141 4746 ἀλλοτρίαν
1188 4676 1464 4746 ἡγήσαντο
1507 4675 1600 4728 τοῦ
1648 4675 1827 4727 αὐτῶν
1870 4674 2039 4745 κηρύ-

472 4780 699 4834 γματος,
726 4766 820 4819 καὶ
857 4765 950 4819 τοῦ
995 4764 1351 4819 ἀποστολικοῦ
1380 4767 1743 4837 χαρακτῆρος,
1779 4767 1939 4818 παντί
1964 4784 2040 4836 τῳ

472 4853 628 4926 δῆλόν
657 4855 792 4909 ἐστι.

541 5030 668 5084 KE’.
697 5031 833 5101 Περὶ
856 5031 913 5083 δὲ
934 5031 1027 5085 τοῦ
1055 5033 1207 5100 ἀγιου
1233 5032 1466 5099 Παύλου,
1491 5032 1565 5095 ὡς
1594 5030 2039 5102 βλασφημοῦντες

574 5185 590 5215 ί
619 5202 708 5252 no.
738 5188 837 5255 τῆς
862 5185 1136 5255 ἀληθείας.
1249 5188 1268 5218 ³
1293 5185 1448 5242 Joan.
1478 5204 1527 5254 ι,
1562 5187 1651 5241 9.3.

472 5253 707 5308 ‘Mattli.
746 5253 856 5319 xi'i,
898 5253 986 5309 18.

543 5365 655 5434 (58)
688 5365 879 5419 Πάλιν
900 5366 968 5419 δὲ
990 5368 1021 5419 ό
1046 5363 1245 5430 αὐτός.
1285 5362 1437 5419 Hanc
1461 5363 1691 5419 Joannis
1719 5365 2029 5427 historiam,

475 5450 659 5506 qiiamd
681 5450 711 5487 a
762 5434 1079 5506 Polyi-arpo‘
1107 5444 1409 5506 acceperat,
1446 5436 1611 5489 refert
1641 5435 1906 5506 Iren._lib.
1944 5450 2028 5506 iii,

477 5520 594 5570 cap.
630 5504 683 5566 5,
712 5513 765 5558 et
796 5502 1001 5559 Euseb.
1030 5504 1122 5558 lib.
1158 5520 1215 5557 ιιι
1250 5503 1478 5567 llistor.,
1511 5519 1631 5573 cap.
1672 5504 1763 5558 20.
1793 5502 1896 5558 Sed
1932 5505 2033 5558 Cc—

474 5573 733 5634 rintlium,
762 5591 868 5627 non
901 5575 1157 5627 Eliioiiem
1190 5574 1497 5627 limi'eliciiui
1532 5576 1679 5626 illum
1712 5572 1877 5628 fuisse
1902 5588 2032 5625 con-

474 5643 713 5699 si'nliuiit
737 5660 942 5698 omnes.
971 5646 1149 5709 Quare
1183 5642 1510 5712 μνημονικόν
1543 5652 1625 5698 est
1657 5643 1876 5712 σφάλμα
1903 5640 2029 5711 Epi-

471 5712 655 5781 pliaiiii
692 5713 879 5767 nostri.

1766 5188 1785 5219 ³
1813 5187 1970 5241 Joan.
2001 5204 2071 5250 ii,
2108 5187 2194 5242 16.

2152 1769 2317 1823 verbo
2374 1770 2515 1824 idem
2567 1769 2805 1826 Joannes
2865 1773 3176 1839 insisteret,
3235 1783 3293 1829 ut
3344 1779 3531 1846 quanti
3587 1781 3731 1834 veri-

2150 1865 2236 1913 tas
2287 1859 2403 1913 ﬁeri
2445 1860 2662 1915 deberet
2708 1862 2956 1931 exemplo
3004 1878 3104 1917 suo
3144 1867 3374 1932 posteris
3416 1871 3732 1935 praescribe-

2151 1958 2253 2014 ret,
2303 1943 2497 2004 m'irum
2543 1951 2801 2020 quiddam
2851 1959 2899 2006 et
2945 1953 3265 2008 inusitatum
3314 1956 3489 2025 egisse
3535 1957 3730 2026 prodi-

2149 2048 2258 2094 tur.
2289 2040 2424 2095 Cum
2458 2044 2601 2096 enim
2632 2041 2749 2095 vita:
2775 2043 3080 2098 institutum
3123 2055 3327 2100 teneret
3359 2047 3515 2115 plane
3555 2049 3731 2102 admi-

2151 2131 2362 2195 rabile,
2416 2132 2575 2199 eique
2631 2147 2792 2201 quam
2850 2135 3072 2202 gerebat
3124 2137 3433 2203 apostolicae
3482 2137 3730 2208 dignitati

2151 2229 2570 2276 consentaneum
2598 2240 2610 2275 :
2639 2222 2772 2275 adeo
2822 2232 2879 2275 ut
2930 2239 3203 2291 nunquam
3242 2226 3464 2278 omnino
3495 2226 3722 2289 lavaret,

2151 2310 2441 2380 aliquando
2487 2318 2664 2363 tamen
2713 2312 2885 2364 saucti
2935 2309 3170 2380 Spiritus
3217 2312 3450 2382 impulsu
3498 2315 3562 2368 ad
3613 2315 3730 2368 bal-

2150 2417 2283 2457 neas
2313 2402 2570 2472 prodiens
2603 2422 2614 2456 :
2650 2399 2854 2470 Capite,
2888 2403 3064 2471 inquit
3095 2402 3159 2455 ad
3193 2418 3341 2466 suos,
3372 2420 3486 2473 qua:
3514 2403 3583 2457 ad
3612 2403 3726 2457 bal-

2153 2510 2303 2548 neum
2329 2494 2623 2546 necessaria
2653 2503 2792 2548 sunt.
2833 2492 3155 2548 Mirantibus
3180 2494 3286 2549 illis
3317 2495 3381 2549 ad
3406 2495 3727 2550 lavationem

2153 2587 2405 2656 perrexit.
2448 2584 2584 2640 Tum
2637 2588 2701 2639 ad
2746 2602 2868 2641 eum
2913 2587 3004 2655 qui
3059 2586 3354 2640 lavantium
3402 2589 3727 2643 vestimenta

2153 2675 2403 2730 servabat
2433 2675 2717 2737 accedens,
2745 2676 2867 2745 quis
2906 2676 3049 2729 intra
3086 2676 3337 2731 balneum
3365 2685 3531 2741 esset,
3570 2678 3725 2732 inter-

2155 2768 2379 2834 rogavit.
2418 2768 2483 2818 At
2517 2766 2756 2821 oleari‘us
2801 2766 3049 2835 idemque
3073 2766 3305 2821 vestium
3346 2775 3533 2824 custos
3566 2768 3730 2838 (lianc

2153 2857 2296 2911 enim
2338 2872 2557 2926 Operam
2599 2857 2841 2926 plerique
2884 2857 3061 2910 victus
3113 2856 3416 2926 quotidiani
3454 2858 3624 2928 gratia
3674 2859 3728 2911 in

2155 2947 2449 3017 gymnasiis
2482 2948 2757 3019 praestant)
2801 2946 2997 3001 Joanni
3036 2948 3315 3017 respondit
3346 2949 3608 3003 Ebioneiu
3643 2950 3727 3002 iii-

2156 3045 2243 3089 tus
2276 3052 2415 3091 esse.
2443 3037 2561 3103 Quo
2596 3038 2801 3104 audito,
2835 3037 3017 3091 statim
3060 3037 3323 3092 intellexit
3368 3054 3627 3109 quorsum
3659 3041 3727 3093 il-

2153 3128 2234 3181 luc
2274 3129 2451 3196 ipsum
2493 3126 2729 3197 Spiritus
2764 3140 2989 3186 sanctus
3040 3131 3376 3192 adduxisset,
3420 3139 3470 3187 et
3514 3140 3571 3185 ut
3610 3131 3728 3185 bal-

2150 3235 2279 3273 neas
2311 3221 2485 3273 adiret
2534 3230 2681 3274 esset
2733 3221 3021 3277 hortatus:
3049 3223 3306 3276 nimirum
3342 3224 3406 3275 ad
3446 3230 3727 3277 commen-

2148 3312 2404 3375 dandam,
2440 3321 2494 3365 ut
2540 3312 2673 3378 dixi,
2720 3313 2841 3382 ejus
2885 3314 2961 3369 rei
3012 3315 3374 3380 memoriam;
3412 3328 3475 3368 ac
3509 3315 3726 3370 verissi-

2148 3417 2294 3455 mum
2326 3402 2455 3457 illud
2483 3403 2677 3472 dogma
2704 3404 3120 3473 relinquendum
3149 3422 3163 3470 ;
3196 3412 3257 3459 ut
3293 3405 3514 3473 quinam
3543 3414 3726 3460 essent

2146 3494 2349 3549 Christi
2381 3495 2520 3549 servi
2551 3503 2598 3549 cI
2629 3497 2894 3564 apostoli,
2930 3511 2997 3551 ac
3024 3497 3269 3551 veritatis
3297 3480 3727 3554 ﬁlii’disccrnere

2148 3599 2472 3652 possemus;
2520 3585 2742 3655 quinam
2782 3603 2812 3641 e
2849 3588 3126 3641 contrario
3172 3587 3300 3641 mali
3347 3585 3607 3644 daemonis
3654 3592 3726 3642 in-

2147 3682 2470 3739 strumenta,
2512 3677 2900 3746 inferorumque
2939 3687 3127 3746 portiv,
3158 3694 3273 3747 qua:
3307 3696 3469 3749 neque
3502 3690 3723 3755 petram,

2145 3780 2304 3833 neque
2349 3766 2403 3818 in
2451 3782 2513 3818 ea
2557 3766 2834 3835 fundatam
2880 3784 2942 3820 ac
2972 3768 3265 3822 stabilitam
3308 3769 3600 3824 Ecclesium
3631 3787 3725 3825 su-

2145 3869 2334 3922 perare
2360 3865 2584 3925 possent
2608 3859 2649 3910 ⁶.
2680 3858 2849 3927 Igitur
2878 3857 3118 3913 Joannes
3170 3870 3391 3929 repente
3428 3862 3723 3916 conturba-

2145 3953 2253 4009 tus,
2287 3955 2446 4015 atque
2482 3949 2841 4017 ingemiscens
2873 3950 3085 4014 leniter,
3121 3958 3177 4003 ut
3228 3951 3297 4005 ab
3339 3952 3591 4007 omnibus
3634 3961 3722 4007 ta-

2143 4052 2264 4091 men
2292 4038 2533 4091 exaudiri
2571 4049 2772 4107 posset,
2802 4039 2964 4108 idque
3007 4039 3227 4109 integra:
3257 4056 3320 4094 ac
3360 4041 3589 4098 sincerae
3620 4044 3720 4098 do-

2142 4125 2328 4179 ctrinae
2350 4126 2722 4180 testimonium
2758 4134 3037 4182 exstaret:
3069 4127 3230 4199 149
3268 4128 3575 4199 Properate,
3607 4133 3720 4201 fra-

2144 4223 2268 4279 tres,
2297 4216 2489 4285 inquit,
2536 4215 2782 4270 abeamus
2813 4218 2953 4284 hinc,
2990 4236 3053 4273 ne
3094 4219 3294 4275 balnea:
3335 4222 3635 4289 concidant,
3671 4235 3721 4278 et

2144 4325 2261 4363 cum
2300 4309 2518 4374 Ebione,
2554 4311 2643 4380 qui
2685 4313 2827 4366 intus
2861 4321 2960 4377 est,
2994 4313 3055 4366 ob
3106 4315 3220 4381 ejus
3267 4316 3586 4386 impietatem
3629 4319 3722 4373 ob-

2146 4417 2387 4454 ruamur.
2412 4399 2598 4470 Neque
2644 4417 2770 4457 vero
2808 4404 2997 4457 mirari
3041 4406 3330 4475 quisquam
3373 4409 3550 4476 debet,
3590 4410 3719 4465 dum

2146 4489 2315 4543 Ebion
2348 4491 2656 4546 occurrisse
2687 4490 2879 4547 Joanni
2921 4494 3138 4549 dicitur.
3172 4495 3271 4552 Hic
3302 4498 3445 4553 enim
3485 4500 3576 4554 diu
3625 4502 3720 4555 ad-

2144 4579 2364 4633 modum
2416 4580 2569 4642 vixit,
2624 4588 2677 4635 et
2727 4582 2792 4635 ad
2839 4582 3058 4652 Trajani
3110 4588 3356 4654 pervenit
3409 4588 3715 4658 imperium.

2143 4668 2314 4725 Porro
2355 4687 2461 4725 non
2511 4670 2747 4727 Joannes
2792 4674 2975 4736 modo,
3021 4677 3112 4730 sed
3156 4686 3210 4731 et
3253 4692 3441 4733 omnes
3492 4695 3719 4749 prorsus

2147 4762 2374 4830 apostoli
2408 4760 2631 4816 Ebiouis
2661 4763 2817 4817 tidem
2850 4767 3159 4834 repudiarit,
3188 4778 3243 4820 et
3280 4783 3309 4820 a
3344 4769 3459 4823 suis
3494 4770 3718 4839 dogma-

2146 4853 2311 4916 tibus,
2336 4860 2498 4922 atque
2530 4854 2829 4923 apostolico
2858 4856 2950 4909 illo
2970 4858 3538 4914 cliaractere'alienam
3565 4862 3715 4931 judi-

2144 4952 2305 4997 caut:
2342 4942 2394 4995 iil
2419 4942 2563 5011 quod
2596 4944 2886 5014 unicuique
2925 4947 3267 5016 perspicuum
3294 4958 3393 5004 est.

2215 5032 2379 5088 XXV.
2413 5033 2567 5099 Quod
2608 5050 2736 5088 vero
2782 5035 2848 5089 ad
2881 5037 3097 5091 beatum
3144 5037 3368 5092 Paulum
3409 5040 3620 5105 attinet,
3658 5042 3712 5095 in

2303 5187 2325 5219 ⁸
2355 5188 2485 5242 ibid.
2527 5188 2632 5256 i7;
2661 5188 2807 5244 Psal.
2838 5207 3027 5260 vam,
3065 5194 3152 5249 10.
3260 5197 3282 5227 ⁸
3310 5193 3464 5251 Joan.
3496 5211 3596 5263 xu,
3619 5197 3708 5254 «Η.

2204 5365 2317 5447 (ξθ)
2367 5369 2420 5419 Ὀ
2452 5368 2520 5423 δὲ
2548 5372 2837 5441 ὀλεάριος.
2880 5374 3020 5447 Ergo
3044 5376 3274 5447 olearius
3302 5378 3600 5447 appellatus
3621 5389 3708 5435 est

2129 5445 2573 5514 vestimentorum
2628 5454 2836 5506 custos,
2886 5445 3262 5514 ἱματιοφύλαξ.
3313 5445 3394 5499 Au
3457 5449 3596 5501 idem
3654 5460 3709 5506 et

2128 5505 2305 5575 oleum
2337 5509 2627 5575 praebebat,
2657 5520 2713 5565 et
2738 5505 3057 5568 vestin'ienta
3078 5505 3375 5570 servabat?
3407 5517 3487 5571 Au
3524 5505 3711 5571 σπολίέ

2129 5590 2244 5654 ριον
2285 5574 2606 5655 legendum?
2633 5580 2767 5635 Nam
2788 5592 2856 5655 _et
2890 5583 3267 5655 ἀποδυτήριον,
3302 5585 3487 5641 Latiuc
3510 5588 3710 5655 spolia-

2128 5644 2288 5766 τὶιῖἱηὶ
2320 5644 2376 5698 In
2395 5649 2707 5708 veteriLex.
2738 5668 2757 5705 :
2785 5650 3072 5723 Spoliaria.
3093 5644 3375 5711 citeriores
3401 5644 3709 5712 balneorum

2132 5728 2185 5765 cc
2235 5728 2262 5764 tt
2292 5730 2354 5766 tL’.

2132 5728 2354 5769 CCllthL’.
