4018 6120
433 318 534 376 M9

2054 3 2832 31 HW

1118 310 1489 370 ADVERSUS
1527 313 1870 371 HJERESES
1904 314 2033 371 LIB.
2076 314 2116 370 I.
2155 311 2319 369 TOM.
2354 312 2420 369 Il.
2460 346 2530 357 —
2568 314 2846 374 HERES.
2886 315 3052 372 XXX.
3596 326 3702 381 450

431 434 608 486 τιέων.
642 430 754 485 Καὶ
793 429 903 503 γάρ
948 430 1010 484 ὲκ
1058 426 1371 501 σπέρματος
1410 428 1518 483 τῶν
1558 430 1828 503 Ἑλλήνων
1871 431 2012 486 Ἀλέ-

2121 439 2268 485 terra
2313 446 2488 493 genus
2537 432 2812 501 quoddam
2861 446 2985 487 esse
3035 432 3460 504 propagatum’.
3502 435 3634 491 Nam
3669 450 3703 493 ο

433 523 654 594 ξανδρος
702 524 731 576 6
773 521 1058 577 Μακεδών.
1112 521 1275 574 Ἀλλά
1316 522 1606 593 γενόμενος
1652 525 1814 577 πάλιν
1852 525 1908 576 ὲν
1940 523 2018 593 τῷ

431 617 603 687 τόπῳ,
634 615 723 669 διὰ
763 615 856 668 τὸν
900 614 1212 685 ἐμπεσόντα
1252 614 1409 682 λόγον
1439 613 1713 685 διεξῆλθον
1755 615 1855 686 τὴν
1887 617 2017 687 περὶ

431 705 635 761 τούτων
659 705 919 777 ἱστορίαν.
946 702 1088 776 Πλὴν
1110 706 1191 757 ὅτι
1208 702 1315 758 ἀπὸ
1336 705 1436 775 τῆς
1451 705 1812 776 μετοικήσεως
1839 704 2018 758 πολλοὶ

432 797 596 863 ἄλλας
629 797 814 868 χώρας
852 797 1175 866 οἰκήσαντες
1208 795 1302 848 τοῦ
1343 796 1559 868 Ἰσραὴλ
1590 793 1730 868 ἦσαν
1764 798 2015 869 σπέρμα-

431 905 521 949 τος
545 887 684 940 κατά
709 886 976 958 διαδοχήν.
1010 884 1289 953 Ἐλέγοντο
1315 886 1423 955 γὰρ
1451 889 1546 939 καὶ
1572 888 1807 957 ἑκάστης
1834 888 2018 958 χώρας

434 980 761 1050 πατριῶταιο
791 978 866 1041 ὡς
900 979 995 1032 καὶ
1022 979 1077 1030 αἱ
1104 976 1402 1048 θυγατέρες
1424 976 1517 1030 τοῦ
1545 978 1712 1049 Ἱοθὸρ
1740 979 1836 1048 τὴν
1870 978 2016 1032 ἀντί-

432 1072 592 1142 ληψιν
634 1071 727 1124 τοῦ
768 1071 1043 1133 Μωῦσέως
1088 1069 1166 1140 τῷ
1196 1070 1364 1139 πατρὶ
1389 1070 1752 1139 ἀπήγγειλαν,
1780 1071 1854 1133 ὡς
1884 1073 2016 1123 ἀπο-

434 1169 641 1236 στήσας
683 1168 807 1230 τοὺς
842 1164 1106 1236 ποιμένας
1142 1164 1391 1216 ἐπότισεν
1424 1163 1603 1217 αὐτῶν
1635 1164 1702 1218 τὰ
1746 1164 2012 1236 πρόϐατα,

435 1260 526 1311 καὶ
554 1258 905 1329 πορευθεῖσαι
940 1257 1065 1327 περὶ
1094 1255 1284 1308 τούτου
1318 1255 1622 1325 ὐφηγοῦντο
1650 1255 1727 1326 τῷ
1772 1256 1885 1327 ἰδίῳ
1913 1273 2016 1308 ποια

433 1349 538 1419 τρε.
569 1348 675 1400 Τοῦ
713 1348 771 1401 δὲ
808 1346 1059 1415 λέγοντος
1081 1387 1095 1409 ,
1144 1347 1202 1399 Τί
1243 1347 1572 1415 ἐταχύνατε
1605 1346 1873 1415 σήμερον
1902 1343 2013 1415 (42)

434 1440 540 1495 τοῦ
588 1439 791 1495 ἐλθεῖν
836 1440 929 1491 ἐπ’
976 1441 1197 1501 ιιύτόν;
1240 1437 1469 1506 ἔφασαν,
1515 1439 1596 1491 ὅτι
1634 1437 1813 1504 Ἀνὴρ
1841 1439 2015 1505 Αἰγύ-

435 1548 607 1598 πτιος
632 1531 889 1600 ἐρύσατο
932 1529 1091 1599 ἡμᾶς
1129 1529 1246 1584 ἀπὸ
1280 1528 1397 1582 τῶν
1425 1530 1741 1599 ποιμένων,
1776 1529 1873 1583 καὶ
1905 1528 1981 1598 ἦν

433 1626 657 1689 τλησε.
711 1623 809 1675 καὶ
858 1622 1145 1675 ἐπότισεν
1201 1620 1372 1689 ’ἡμῶν
1415 1621 1487 1674 τὰ
1538 1622 1856 1691 θρέμματα.
1905 1622 2015 1675 Καὶ

436 1713 597 1776 εὐθὺς
621 1714 648 1765 ὁ
676 1712 838 1775 αὐτὸς
871 1710 975 1782 ἔφη
1012 1711 1147 1782 πρὸς
1180 1711 1380 1773 αὐτάς·
1408 1711 1512 1765 Διὰ
1541 1713 1599 1764 τί
1626 1717 1737 1765 οὐκ
1764 1711 2012 1781 ἠγάγετε

433 1804 621 1859 αὑτὸν
649 1798 785 1864 ὦδε,
814 1805 914 1857 ἵνα
942 1802 1101 1872 φάγῃ
1130 1803 1348 1871 ᾶρτον;
1375 1804 1471 1867 Τίς
1511 1802 1566 1856 δὲ
1601 1805 1701 1857 οὐκ
1741 1800 1901 1865 οἶδεν,
1927 1805 2010 1857 ὅτι

434 1896 676 1965 Μωῡσῆς
721 1894 834 1959 υἱὸς
867 1897 963 1966 μὲν
996 1898 1203 1963 γίνεται
1232 1895 1326 1948 τοῦ
1362 1895 1603 1966 Ἀμράμ.
1640 1898 1732 1949 καὶ
1773 1895 1872 1965 τῆς
1901 1897 2014 1949 Ίω-

434 1985 630 2057 χαϐὲτ,
665 1986 888 2059 Ἀμράμ
934 1986 991 2040 δὲ
1036 1987 1129 2041 τοῦ
1178 1986 1357 2050 Καϐιθ,
1413 1988 1568 2042 Καὰο
1615 1987 1671 2040 δὲ
1717 1986 1811 2039 τοῦ
1860 1987 2009 2049 Λευῒ,

433 2079 564 2132 Λευῒ
593 2078 648 2131 δὲ
677 2078 770 2132 τοῦ
802 2077 1019 2141 Ἰακὼϐ,
1052 2077 1246 2131 Ἰακὼϐ
1286 2078 1342 2130 δὲ
1374 2077 1467 2130 τοῦ
1496 2077 1705 2142 Ἰσαὰκ,
1741 2078 1928 2131 Ἰσαὰκ
1956 2078 2013 2131 δὲ

434 2170 528 2223 τ-,ῦ
558 2169 838 2241 Ἀϐραάμς
870 2170 980 2223 Καὶ⁵
1011 2170 1111 2222 οὐκ
1144 2169 1253 2223 ἀπὸ
1291 2169 1382 2223 τοῦ
1420 2168 1697 2222 καλεῖσθαι
1727 2170 1817 2221 τὸν
1847 2166 2013 2222 Matii-

433 2259 533 2314 σέα
575 2261 905 2329 Αίγύπτιον,
959 2261 1175 2323 πάντως
1222 2262 1255 2331 ἡ
1302 2259 1400 2329 τῆς
1453 2261 1730 2327 εὐγενείας
1774 2261 1866 2314 καὶ
1918 2259 2011 2313 τοῦ

435 2350 743 2422 σπέρματος
777 2351 1025 2405 διέπεσεν
1053 2350 1362 2404 ἀκολουθία.
1402 2348 1610 2403 Οὐκοῦν
1646 2344 1811 2415 οὗτοι,
1842 2368 2011 2404 κατα-

432 2441 714 2512 λείψαντες
741 2443 841 2514 τὴν
870 2442 1009 2505 ὁδὸν,
1041 2444 1089 2495 οἱ
1120 2442 1228 2497 ἀπὸ
1255 2441 1346 2495 τοῦ
1375 2441 1630 2506 Ἐϐίωνος
1660 2436 2012 2514 πεπλανημέ-

431 2550 541 2595 νοι,
590 2531 683 2587 ἐπὶ
722 2533 920 2598 πολλάς
969 2533 1407 2604 διεστραμμένας
1450 2535 1600 2599 ὁδοὺς
1669 2537 1759 2588 καὶ
1810 2536 2009 2607 ἀνάντη

431 2627 618 2699 τρίϐον
642 2627 732 2680 τὸν
763 2627 888 2681 νοῦν
923 2626 1303 2682 ὲκδεδώκασιν.

504 2800 650 2870 ΚΕΓ.
692 2799 924 2872 Αὐχοῦσι
971 2800 1027 2854 δὲ
1079 2800 1239 2855 πάλιν
1289 2802 1587 2874 περιτομὴν
1633 2802 1877 2875 ἔχοντες,
1918 2806 2012 2859 καὶ

433 2894 787 2967 σεμνύνονται
814 2893 972 2963 δῆθεν
1001 2888 1139 2946 εἶναι
1162 2894 1367 2966 ταύτην
1401 2895 1669 2967 σφραγῖδα
1695 2897 2008 2969 ἡγούμενοι,

431 2986 523 3040 καὶ
550 2982 874 3057 χαρακτῆρα
908 2983 1015 3036 τῶν
1060 3000 1119 3036 τε
1156 2987 1510 3057 πατριαρχῶν
1535 2988 1628 3041 καὶ
1653 2987 1876 3044 δικαίων
1903 2991 2011 3045 τῶν

431 3075 574 3128 κατά
611 3077 702 3129 τὸν
734 3074 896 3143 νόμον
942 3074 1413 3145 πεπολιτευμένων
1433 3117 1446 3139 ,
1480 3077 1546 3130 δι’
1577 3078 1669 3143 οὓς
1706 3080 2010 3147 ἐξισοῦσθαι

430 3169 657 3231 ἐκείνοις
684 3166 984 3238 νομίζουσι,
1027 3163 1123 3220 καί
1162 3167 1298 3237 δῆτα
1331 3168 1425 3222 ἀπ’
1454 3170 1616 3224 αὐτοῦ
1652 3171 1739 3225 τοῦ
1774 3174 2009 3245 Χριστοῦ

430 3258 526 3328 τὴν
579 3257 833 3311 σύστασιν
874 3256 1077 3328 ταύτης
1128 3255 1405 3328 βούλονται
1450 3262 1670 3332 φέρειν,
1707 3264 1783 3327 ὡς
1829 3266 1921 3318 καὶ
1963 3267 2013 3320 οἱ

434 3348 563 3421 περὶ
590 3349 883 3420 Κήρινθον.
913 3350 1051 3402 Φασὶ
1080 3352 1189 3421 γὰρ
1218 3351 1312 3402 καὶ
1339 3344 1482 3405 οῦτοι
1514 3356 1652 3409 κατὰ
1678 3356 1767 3408 τὸν
1791 3358 2013 3411 ἐκείνων

431 3440 644 3512 ληρώδη
678 3440 851 3509 λόγον·
899 3441 1178 3508 Ἀρκετύν
1204 3441 1284 3507 τῷ
1313 3444 1550 3512 μαθητῇ
1574 3440 1725 3500 εἶναι
1757 3448 1836 3514 ὡς
1869 3453 1900 3502 ό
1931 3449 2014 3502 δι-

430 3532 759 3600 δάσκαλος.
794 3533 1143 3605 Περιετμήθη
1176 3535 1304 3606 γάρ,
1342 3538 1525 3605 φησὶν,
1559 3541 1587 3590 ὁ
1632 3540 1884 3610 Χριστὸς,
1919 3543 2015 3595 καὶ

434 3625 497 3677 σὺ
533 3616 920 3694 περιτμήθητι.
963 3625 1071 3676 Καὶ
1103 3620 1187 3676 ἵνα
1215 3626 1358 3679 κατά
1392 3627 1568 3682 πάντα
1595 3630 1793 3700 τρόπον
1822 3648 2012 3684 καται-

432 3715 688 3785 σχύνηται
720 3716 819 3785 τῆς
860 3714 1068 3786 πλάνης
1109 3714 1177 3767 τὰ
1226 3716 1537 3785 σπέρματα,
1579 3719 1830 3791 καθάπερ
1863 3720 2012 3791 χαλι-

430 3807 516 3871 νὸς
551 3808 661 3878 (45)
689 3809 755 3878 τῇ
804 3806 1044 3878 θαλάσσῃ
1095 3808 1159 3860 ἐκ
1203 3806 1340 3859 Θεοῦ
1386 3809 1623 3879 ὁρισθεὶς
1660 3806 1882 3882 κλεῖθρα
1919 3812 2016 3865 καὶ

431 3895 593 3949 πύλαι
617 3895 844 3966 ψάμμον
870 3896 1015 3967 ὃριον
1041 3895 1079 3958 ³,
1111 3895 1205 3948 καὶ
1241 3895 1565 3967 πρόσταγμα
1592 3898 1672 3959 τὸ,
1698 3899 1852 3965 Ἕως
1882 3901 2015 3953 τού-

429 4005 536 4042 του
564 3989 811 4056 ἐλεύσῃ.
842 3987 939 4040 καὶ
984 3989 1096 4055 οὐχ
1126 3988 1440 4056 ὐπερϐἠσῃ
1467 4004 1482 4018 '
1513 3990 1672 4043 ἀλλὰ
1698 3990 1767 4043 ἐν
1787 3991 2015 4060 σεαυτῇ

430 4077 942 4147 συντριϐήσονταί
974 4092 1092 4131 σου
1126 4078 1199 4132 τὰ
1232 4079 1494 4147 κύματα,
1529 4079 1711 4149 φησίψ
1750 4081 1891 4134 οὕτω
1923 4085 2016 4136 καὶ

429 4160 576 4221 οὗτοι
603 4170 661 4222 ἐν
686 4170 900 4232 ἑαυτοῖς
925 4168 1553 4239 καταδαπανηθήσονται.
1587 4170 1745 4223 Ἀλλὰ
1772 4173 1888 4224 ἐκεῖ
1916 4174 2015 4242 μὲν

429 4260 493 4312 ὲκ
542 4259 689 4313 θείου
739 4261 1164 4331 προστάγματος
1214 4260 1296 4323 είς
1336 4259 1591 4325 εὐταξίαν
1632 4261 1906 4334 θαλάσσης
1951 4267 2015 4318 ἐκ

428 4350 564 4403 Θεοῦ
607 4351 819 4422 εἴρηται
852 4352 880 4403 6
911 4351 1003 4404 τοῦ
1032 4351 1158 4422 ὅρου
1199 4351 1385 4419 λόγος’
1422 4351 1655 4406 ἐνταῦθα
1680 4352 1734 4406 δὲ
1761 4354 1853 4424 ἀφ’
1887 4356 2015 4409 ἐαυ-

2119 521 2431 576 Graecorum
2464 537 2662 591 genere
2692 523 3002 578 Alexander
3035 533 3215 578 ortum
3257 534 3562 595 acceperat.
3596 525 3698 583 Ve-

2118 624 2239 664 rum
2299 611 2558 681 quoniam
2620 611 2817 665 iterum
2884 613 3175 668 narranda:
3229 614 3394 685 hujus
3457 615 3700 673 historia:

2118 701 2297 755 oblata
2347 703 2510 757 nobis
2556 703 2778 758 occasio
2826 712 2948 768 est,
3008 705 3061 759 in
3116 721 3236 761 eam
3289 723 3408 763 sum
3470 707 3698 765 fortuito

2118 793 2350 849 delatus.
2396 794 2474 849 Eo
2521 810 2651 849 vero
2692 796 2997 866 pertinebat
3046 798 3226 863 istud,
3285 808 3344 854 ut
3385 803 3697 872 complures

2116 884 2533 940 ostenderemus
2579 887 2634 940 in
2682 902 2745 941 ea
2801 887 3125 958 migratione
3171 891 3352 946 varias
3398 907 3697 963 occupasse

2117 976 2296 1039 sedes,
2327 978 2420 1045 qui
2454 992 2517 1031 ex
2565 975 2865 1055 Israelitica
2897 988 3059 1050 gente
3092 981 3323 1050 originis
3371 992 3528 1038 erant
3566 1000 3697 1040 suc-

2116 1066 2369 1121 cessione
2394 1067 2645 1121 derivati.
2684 1068 2788 1134 Qui
2811 1070 3032 1139 quidem
3065 1073 3135 1126 ab
3158 1087 3220 1127 ea
3253 1073 3344 1127 ubi
3379 1073 3701 1133 habitabant

2115 1158 2338 1229 regione
2367 1161 2741 1230 cognominari
2772 1163 3042 1218 solebant.
3077 1162 3544 1230 Quemadmodum
3571 1182 3697 1222 cum

2115 1247 2239 1301 lilia.-
2265 1246 2453 1303 Jethro
2498 1249 2715 1304 allatam
2748 1250 2850 1304 sibi
2887 1264 2917 1304 a
2951 1251 3136 1322 Moyse
3170 1267 3324 1322 opem
3361 1256 3575 1325 parenti
3609 1270 3698 1312 re-

2114 1339 2449 1404 nuntiarent,
2485 1348 2884 1410 narrarentque
2925 1341 3170 1412 depulsis
3212 1359 3241 1399 a
3272 1361 3331 1401 se
3359 1348 3698 1417 pastoribus,

2113 1442 2243 1483 suos
2288 1428 2438 1482 illum
2489 1446 2680 1501 greges
2724 1432 3053 1503 adaquasse,
3105 1436 3230 1500 hoc,
3280 1437 3525 1509 inquam,
3571 1456 3699 1496 cum

2112 1518 2338 1574 domum
2386 1536 2620 1577 reversae
2668 1525 2881 1593 parenti
2925 1526 3213 1594 dixissent,
3261 1532 3580 1588 sciscitante
3608 1533 3701 1588 ni-

2112 1612 2310 1665 mirum
2347 1626 2413 1666 eo
2446 1631 2458 1667 :
2491 1612 2602 1671 Cur
2641 1614 2795 1669 hodie
2837 1618 3049 1672 venistis
3101 1619 3327 1676 velocius
3356 1623 3560 1679 solito?
3592 1622 3701 1680 lle-

2114 1702 2457 1771 spondet-unt
2495 1724 2506 1758 :
2557 1703 2647 1759 Vir
2679 1706 2968 1776 Egyptius
3010 1708 3250 1765 liberavit
3296 1728 3391 1767 nos
3427 1714 3493 1768 de
3532 1730 3697 1769 manu

2046 1783 2085 1840 Β
2114 1800 2410 1861 pastorum,
2443 1795 2654 1863 insuper
2682 1807 2731 1851 et
2759 1797 2935 1853 hausit
2967 1817 3196 1869 aquam,
3234 1814 3516 1876 potumque
3548 1806 3698 1861 dedit

2117 1881 2295 1937 ovibus
2333 1884 2550 1941 nostris.
2594 1884 2897 1957 Statimque
2931 1890 3070 1943 dixit
3107 1891 3213 1944 illis
3245 1908 3258 1943 :
3302 1892 3413 1947 Cur
3448 1910 3551 1949 non
3595 1896 3698 1950 huc

2114 1974 2263 2028 illum
2295 1976 2616 2042 adduxistis,
2648 1987 2704 2033 ut
2734 1979 3023 2035 comederet
3046 1997 3234 2050 panem
3265 1984 3325 2037 ’?
3351 1984 3487 2051 Quis
3517 1995 3700 2043 autem

2114 2069 2292 2122 nescit
2318 2068 2563 2123 Amrami
2591 2079 2646 2124 et
2683 2069 2999 2128 Jochabette
3034 2074 3205 2128 lilium
3240 2077 3516 2132 exstitisse
3545 2079 3699 2151 Moy-

2115 2170 2247 2223 sen;
2292 2159 2611 2212 Amrantum
2662 2159 2878 2224 Caathi,
2931 2161 3199 2216 Gaathum
3234 2163 3385 2230 Levi,
3429 2166 3575 2221 hunc
3604 2167 3701 2222 Ja-

2114 2248 2257 2313 cobi,
2289 2250 2446 2319 cujus
2472 2257 2625 2319 pater
2652 2249 2891 2314 lsaacus,
2929 2252 3099 2307 Isaaci
3127 2254 3473 2311 Abrahamus
3503 2255 3703 2313 fuerit?

2112 2339 2299 2412 Neque
2340 2350 2558 2408 tamen,
2608 2358 2708 2414 pro
2755 2359 2822 2399 eo
2869 2345 3016 2415 quod
3060 2346 3354 2419 ASgyptius
3392 2351 3700 2421 appellatur

2114 2429 2348 2502 Moyses,
2384 2430 2510 2486 ideo
2555 2432 2858 2488 nobilitatis
2893 2433 3041 2489 illius
3074 2449 3137 2489 ac
3171 2437 3360 2507 stirpis
3407 2446 3492 2493 est
3526 2439 3699 2498 series

2112 2525 2401 2579 exstincta.
2440 2522 2551 2578 Hoc
2584 2524 2754 2595 igitur
2783 2526 2944 2581 modo
2978 2525 3203 2582 Ebionis
3242 2530 3518 2601 discipuli,
3551 2533 3696 2588 velut

2113 2613 2433 2671 aberrantes
2465 2631 2530 2670 ac
2555 2616 2717 2683 devii,
2752 2618 2934 2674 varias
2962 2634 3021 2675 se
3048 2620 3100 2673 in
3133 2622 3390 2693 ambages
3423 2639 3488 2679 ac
3517 2624 3693 2683 ﬂexus

2112 2705 2458 2776 abruptaque
2486 2705 2683 2761 itinera
2707 2708 3121 2765 commiserunt.

2182 2794 2372 2849 XXVI.
2420 2796 2638 2852 Atenim
2693 2797 3171 2855 circumcisionem
3219 2817 3331 2872 prae
3371 2819 3431 2860 se
3474 2804 3693 2875 lerunt;

2111 2902 2283 2958 eaque
2310 2904 2371 2944 re
2397 2890 2688 2960 plurimum
2713 2890 3039 2961 gloriantur,
3067 2902 3252 2964 utpote
3277 2912 3440 2966 quam
3467 2901 3698 2968 patriar.

2111 2979 2336 3033 charum
2357 3019 2373 3045 ,
2404 2981 2749 3051 aliorumque
2780 2983 2871 3053 qui
2920 2983 3054 3054 legis
3097 2994 3341 3056 tempore
3373 2989 3556 3044 vixere
3602 2990 3695 3061 ju-

2114 3082 2344 3139 storum,
2375 3073 2528 3143 151
2576 3087 2758 3128 nciam
2803 3090 2868 3129 ac
2902 3077 3115 3146 signum
3148 3080 3428 3136 exstitisse
3469 3090 3694 3152 putent;

2115 3178 2224 3233 quo
2256 3164 2420 3218 etiam
2460 3166 2676 3219 nomine
2710 3164 2984 3235 adaequari
3025 3183 3083 3223 se
3115 3185 3238 3223 cum
3282 3170 3390 3227 illis
3421 3173 3695 3230 arbitran-

2115 3263 2251 3308 tur:
2300 3255 2544 3324 adeoque
2588 3255 2790 3312 Christi
2840 3258 3011 3328 ipsin‘s
3063 3262 3371 3331 exemplum
3425 3265 3491 3318 ad
3545 3266 3694 3321 illam

2114 3344 2572 3413 comprobandam
2626 3348 3086 3416 accommodant,
3137 3359 3195 3404 ut
3252 3360 3307 3406 et
3354 3355 3694 3414 Cerinthiani

2114 3434 2343 3490 faciunt.
2378 3436 2621 3502 Quorum
2664 3437 2999 3509 ineptissime
3043 3446 3509 3501 accommodatam
3546 3448 3695 3504 illam

2114 3529 2442 3582 sententiam
2475 3538 2745 3599 usurpant
2784 3549 2796 3583 :
2836 3530 3338 3605 Suﬁicitdiscipulo,
3371 3539 3420 3591 si
3448 3540 3518 3592 sit
3558 3542 3696 3595 sicut

2115 3623 2372 3691 magister
2399 3622 2514 3691 ejus
2557 3621 2599 3678 ’⁸.
2628 3622 2885 3679 Christus
2926 3625 3092 3691 enim,
3123 3626 3296 3692 aiunt,
3331 3630 3694 3690 circumcisus

2113 3718 2197 3767 est
2230 3730 2243 3766 :
2278 3721 2333 3766 tu
2368 3714 2532 3783 igitur
2575 3715 3002 3770 circumciditor.
3051 3717 3227 3786 Atque
3268 3727 3327 3772 ut
3368 3722 3576 3778 erroris
3609 3739 3693 3779 se:

2115 3804 2260 3857 mina
2299 3818 2494 3873 magno
2525 3820 2649 3859 eum
2690 3806 2905 3860 illorum
2943 3807 3150 3877 pudore
3182 3810 3554 3881 proﬂigentnr,
3585 3831 3694 3870 non

2114 3909 2274 3949 secus
2303 3911 2367 3950 ac
2399 3896 2663 3951 frenando
2697 3897 2835 3951 mari
2876 3899 3025 3953 velut
3069 3903 3324 3970 repagula
3357 3903 3601 3972 quaedam
3633 3921 3694 3961 ac

2116 3994 2306 4054 portte,
2338 4002 2627 4042 arenarum
2655 4003 2685 4040 a
2713 3988 2822 4042 Deo
2848 3989 3021 4044 moles
3047 3990 3261 4059 objecta
3288 3999 3394 4057 est,
3427 3995 3697 4063 ejusdem-

2116 4091 2223 4145 que
2274 4077 2593 4131 m‘andatum
2641 4076 2952 4132 istiusmodi
2994 4094 3007 4129 :
3058 4080 3341 4151 Hucusque
3391 4087 3592 4150 uenies,
3646 4098 3694 4141 et

2117 4184 2220 4221 non
2254 4168 2501 4238 procedes
2550 4170 2802 4239 amplius.
2833 4166 2938 4224 S'ed
2970 4173 3024 4223 in
3070 4180 3118 4225 te
3155 4173 3551 4246 confringentur
3589 4179 3686 4248 11η-

2117 4267 2231 4312 rtus
2281 4260 2358 4311 tui
2390 4260 2488 4328 (ait
2533 4258 2814 4329 Scriptura
2853 4260 2919 4328 ⁸).
2956 4258 3046 4316 Sic
3079 4264 3240 4317 etiam
3279 4264 3354 4319 illi
3400 4266 3456 4321 in
3501 4278 3683 4325 semet-

2115 4352 2266 4422 ipsos
2296 4353 2492 4422 relapsi
2543 4352 2760 4423 penitus
2793 4362 3206 4409 consumentur.
3241 4356 3562 4429 Quanquam
3595 4361 3695 4417 hoc

428 4441 526 4512 τῆς
555 4443 587 4512 ἠ
617 4441 787 4496 κακία
812 4441 906 4494 καὶ
934 4443 967 4512 ὴ
1002 4440 1176 4512 πλάνη
1211 4440 1596 4509 τυφλώττουσα
1625 4443 1715 4496 τὸν
1744 4444 1885 4509 νοῦν,
1919 4446 2012 4498 καὶ

2118 4443 2359 4507 interest,
2397 4443 2542 4513 quod
2578 4444 2690 4498 illic
2724 4445 2792 4499 ad
2836 4446 3139 4500 coercenda
3174 4448 3346 4502 maria
3378 4450 3567 4507 divino
3598 4452 3694 4509 im-

427 4535 518 4586 τὸν
544 4532 740 4603 εὐσεϐῆ
782 4532 1039 4602 λογισμὸν
1071 4532 1549 4604 ἀποστρεφομένη,
1585 4534 1857 4604 προῦλαϐε
1888 4537 2009 4588 καθ’

427 4623 649 4694 ἑαυτῆς,
699 4623 889 4694 ὥσπερ
933 4623 1154 4693 κύματα
1197 4625 1503 4694 ἐγείρουσα,
1556 4626 1625 4678 τὰ
1664 4626 1881 4697 σχέτλια
1904 4628 2010 4682 τῶν

426 4714 1033 4787 προαπαγγελλομένων
1077 4714 1261 4778 αὐτοῖς
1283 4714 1623 4785 ὐπολήψεων,
1673 4718 1879 4788 ἑτέροις
1911 4719 2011 4772 κύ-

429 4822 594 4876 μασιν
629 4806 796 4877 ἑαυτῇ
833 4806 1232 4876 ωγκρούουσα,
1262 4807 1356 4859 καὶ
1392 4809 1450 4860 ἐν
1491 4809 1655 4879 ἑαυτῇ
1683 4811 1767 4862 ἀεὶ
1795 4827 2013 4883 συντρι-

427 4897 627 4969 ϐομένη
656 4897 855 4969 ἑαυτὴν
878 4898 1202 4952 διαλύειν¹⁴’
1238 4898 1271 4969 ἦ
1305 4899 1554 4972 καθάπερ
1587 4902 1815 4972 ἑρπετὸν
1842 4902 2011 4959 δεινὸν

427 4986 604 5058 ἑαυτῷ
649 4987 1045 5058 λυμαινόμενον
1086 4990 1180 5042 καὶ
1223 4990 1711 5061 ἁντιστρεφόμενον
1759 4992 1865 5045 ἀπὸ
1912 4994 2011 5066 τῆς

425 5078 649 5149 κέρκου,
666 5079 762 5132 καὶ
781 5079 942 5131 ἑαυτὸ
973 5079 1277 5145 κατεσθίον,
1306 5080 1436 5133 αὐτὸ
1458 5081 1653 5134 ἑαυτοῦ
1681 5082 2010 5137 ἀναλωτικὺν

425 5168 652 5236 γίνεται.
680 5169 852 5224 Τοῦτο
878 5169 984 5242 γάρ
1015 5187 1146 5240 φασι
1174 5170 1499 5242 γεγενῆσθαι
1528 5172 1704 5243 καιρῷ
1723 5173 1827 5227 ὐπὸ
1849 5175 2012 5230 ἀσπί-

2116 4533 2268 4603 perio
2301 4535 2569 4591 terminus
2604 4536 2693 4591 ille
2721 4537 3055 4591 constitutus
3090 4545 3208 4605 est;
3247 4539 3337 4594 hic
3368 4550 3548 4597 autem
3579 4544 3699 4614 ipsa

2115 4641 2214 4695 per
2246 4641 2367 4682 sese
2413 4628 2676 4697 nequitia,
2712 4636 2875 4698 atque
2907 4639 3193 4684 excaecata
3239 4633 3438 4689 mentis
3480 4649 3636 4691 error
3664 4652 3697 4692 a

2115 4729 2281 4770 sensu
2339 4716 2558 4786 pietatis
2608 4717 2910 4773 abhorrens
2962 4720 3334 4776 infelicissima
3390 4723 3517 4790 illa,
3575 4742 3696 4796 quae

2115 4816 2242 4862 ante
2264 4808 2612 4879 protulimus,
2639 4809 2912 4879 dogmata,
2948 4813 3095 4867 velut
3130 4815 3397 4883 quosdam
3427 4816 3482 4871 in
3515 4834 3573 4874 se
3598 4818 3697 4874 ﬂu-

2118 4909 2238 4955 etus
2280 4901 2540 4955 excitavit
2575 4900 2748 4970 prius,
2792 4914 2856 4956 ac
2898 4905 3194 4961 contrariis
3228 4904 3482 4965 ﬂuctibus
3516 4911 3688 4979 illisit,

2117 4998 2170 5047 et
2202 4991 2551 5061 semetipsum
2588 4992 2639 5046 in
2676 5007 2735 5047 se
2774 5008 3074 5051 conversus
3122 4997 3548 5071 contractusque
3580 5004 3693 5061 dis-

2117 5084 2334 5153 sipavit.
2388 5083 2495 5136 Aut
2546 5090 2605 5137 ut
2658 5085 2896 5141 exitialis
2958 5102 3184 5158 serpens
3230 5106 3351 5147 sese
3393 5095 3689 5151 conﬁciens

2116 5175 2331 5244 ipsum,
2376 5183 2428 5229 et
2473 5190 2500 5228 a
2546 5175 2718 5230 cauda
2768 5178 3039 5245 replicans
3089 5196 3153 5235 ac
3204 5185 3487 5240 revolvens
3532 5202 3690 5243 suum

499 5368 513 5399 ¹
549 5367 609 5423 F.
643 5368 870 5451 ψᾴμμος
901 5371 1068 5443 ὄριον.
1151 5372 1189 5401 ⁸·
1211 5369 1521 5442 Legendum
1550 5352 1774 5427 διαλύει.
1852 5376 1871 5405 ¹
1905 5375 1921 5429 Ι
1951 5376 2012 5432 M:

2115 5416 2128 5429 .
2162 5380 2278 5441 ι,1.
2356 5379 2376 5409 ³
2407 5377 2574 5432 Exod.
2615 5395 2676 5446 ll,
2717 5380 2781 5435 18
2812 5397 2934 5451 sqq.
3013 5381 3033 5411 ⁸
3061 5382 3249 5437 Matth.
3283 5399 3338 5445 ι,
3370 5383 3459 5440 25.
3536 5386 3558 5417 ⁸
3586 5384 3690 5441 Job

426 5453 655 5504 xxxviii,
691 5441 776 5493 ll.

497 5593 610 5660 (42)
654 5592 714 5646 Ti
740 5594 1071 5663 ἐταχύνατε
1102 5594 1390 5662 σήμερον,
1433 5593 1604 5649 Exod.
1643 5610 1706 5657 tl,
1739 5610 1883 5650 com.
1919 5598 2017 5661 18,-

428 5662 581 5737 ᾼιότι-
607 5662 903 5737 ἐταχύνατε
939 5664 1480 5737 τοῦᾼπαραγενέσθαι
1525 5666 1796 5736 τήμερον;
1851 5668 2007 5737 Apud

428 5732 792 5803 Epiphanium
818 5736 1024 5790 voculae
1052 5732 1171 5788 istae
1202 5735 1286 5788 ἐπ’
1317 5735 1477 5789 αὐτόν
1509 5732 1853 5791 coinniodum
1884 5732 2007 5792 nul-

2114 5599 2231 5675 Ium_
2244 5616 2468 5675 sensum
2484 5601 2745 5675 reddunt,
2760 5602 2872 5675 nisi
2885 5605 2941 5667 ἐς
2960 5605 3120 5659 αὐτὸν
3137 5604 3343 5675 ἔφασαν
3362 5606 3683 5663 substituas.

2185 5669 2296 5747 (i3)
2335 5669 2614 5747 Καθάπερ
2656 5674 2926 5747 χαλινός,
2967 5683 3071 5747 etc.
3114 5669 3324 5731 Leviter
3357 5677 3686 5747 depravatus

2114 5740 2201 5795 hic
2229 5742 2386 5795 locus
2414 5747 2517 5795 est.
2550 5740 2807 5799 Fortasse
2840 5745 3122 5814 legendum
3153 5761 3232 5800 est
3264 5740 3495 5821 ὡρίσθη.
