4004 6162
299 315 399 373 451

1678 313 1735 368 S.
1778 311 2123 367 EPIPHANII

3465 303 3574 362 459

301 424 504 479 corpus
550 408 750 472 adedit,
798 413 852 463 et
898 406 1154 463 absumit.
1197 407 1259 462 ιιι
1296 406 1443 462 enim
1492 405 1622 460 olim
1670 409 1888 478 aspides

2008 411 2096 460 Ξων
2131 404 2584 476 συγκλεισθεισῶν
2615 405 2671 459 ὲν
2706 402 2905 470 πίθοις,
2940 402 3034 460 καὶ
3060 401 3298 473 ἑκάστης
3321 401 3421 473 τὴν
3453 401 3573 454 ἑτέ-

304 500 500 556 fecisse
525 504 769 558 narrant,
800 510 1053 566 quarum,
1082 511 1205 550 cum
1229 496 1453 551 inclusae
1486 494 1649 550 doliis
1675 502 1881 560 essent,

303 591 531 643 alteram
557 588 726 642 altera
760 587 1058 642 devoravit.
1088 586 1224 640 Tum
1257 602 1377 657 quae
1407 586 1640 641 ferocior
1669 600 1733 640 ac
1757 602 1887 641 cru-

303 682 478 734 delior
508 687 625 733 erat
652 679 769 733 sola
799 693 1111 741 remanens,
1133 686 1433 747 enectaque
1457 676 1621 743 fame,
1649 676 1887 745 seipsam

303 786 334 824 a
390 771 564 825 cauda
616 771 883 840 incipiens
942 771 1203 840 paulatim
1257 768 1603 837 consumpsit
1660 786 1673 821 :
1727 768 1903 837 idque-

304 862 482 931 ipsum
537 862 591 914 in
642 860 877 932 Egypto
924 860 1219 928 contigisse
1264 874 1294 912 a
1339 859 1654 923 nonnullis,
1694 858 1787 927 qui
1824 858 1892 912 de

305 968 487 1007 rerum
535 963 728 1007 natura
774 952 1152 1022 scripserunt,
1191 950 1463 1021 proditum
1506 957 1612 1005 est.
1647 947 1804 1002 Unde
1838 954 1892 1000 et

307 1045 379 1099 ob
409 1044 756 1115 Gorgoneum
786 1044 953 1099 veluti
984 1051 1168 1111 caput,
1204 1040 1671 1111 Aspidogorgonis
1697 1038 1891 1093 merito

309 1140 357 1193 ei
394 1148 479 1194 est
510 1153 707 1193 nomen
743 1137 1078 1207 impositura.
1128 1134 1390 1191 Similiter
1421 1135 1635 1204 ineptus
1675 1146 1740 1187 ac
1779 1140 1893 1186 sto-

307 1232 453 1286 lidus
483 1230 675 1291 Ebion,
712 1227 1046 1298 Ebionisque
1079 1227 1319 1283 fautores
1361 1225 1655 1280 concidere
1681 1223 1891 1293 seipsos

309 1328 743 1383 anteverterunt,
768 1334 942 1389 eaque
972 1319 1171 1389 quibus
1203 1317 1550 1387 potissimum
1589 1314 1893 1386 gloriantur

309 1412 469 1466 initio
504 1412 864 1467 sustulerunt.
893 1410 1012 1465 Non
1039 1410 1183 1465 enim
1226 1409 1501 1473 Christus,
1541 1414 1728 1478 utpote
1766 1420 1891 1461 cum

310 1503 491 1558 infans
559 1502 736 1557 adhuc
787 1512 955 1567 esset,
1011 1501 1301 1571 semetipse
1347 1498 1717 1555 circumcidit.
1784 1497 1892 1552 Sed

310 1594 618 1650 laudandus
653 1604 942 1665 propterea
977 1594 1296 1649 misericors
1326 1592 1591 1647 Dominus
1619 1600 1724 1655 est,
1747 1589 1893 1659 quod

310 1688 385 1740 ita
421 1702 479 1741 se
513 1685 686 1740 Ebion
734 1685 1053 1756 imprudens
1100 1684 1387 1752 obiecerit,
1423 1691 1480 1736 ut
1516 1681 1738 1736 minime
1767 1695 1893 1735 vera

1990 516 2092 571 ραν
2135 497 2626 569 καταναλωσάσης,
2656 497 2755 567 τὴν
2787 496 2845 549 δὲ
2893 495 3235 567 ἰταμωτέραν
3280 495 3373 547 καὶ
3417 493 3575 563 χαλε-

1990 592 2242 664 πωτέραν
2290 593 2369 655 εἰς
2418 590 2642 663 ὕστερον
2691 590 3060 662 μεμενηκέναι
3115 589 3282 660 μόνην
3323 585 3575 641 καταλει-

1990 687 2216 756 φθεῖσαν
2244 725 2257 746 ,
2312 684 2409 738 καὶ
2459 685 2538 747 εἰς
2582 685 2771 738 πεῖναν
2815 681 3095 746 ἐλθοῦσαν,
3135 680 3243 733 ἀπὸ
3288 678 3388 749 τῆς
3441 677 3576 739 ἰδίας

1990 779 2187 848 κέρκου
2214 775 2525 847 ἀρξαμένην
2555 774 2752 845 ἑαυτὴν
2774 771 3273 842 καταϐεϐρωκέναι,
3306 767 3576 839 ἱστοροῦσί

1993 886 2132 932 τινες
2166 867 2472 935 φυσιολόγοι
2505 864 2647 917 κατὰ
2691 864 2788 935 τὴν
2835 862 3147 932 Αἰγυπτίων
3178 859 3382 932 χώραν.
3415 858 3576 913 Ὅθεν

1992 960 2084 1011 καὶ
2118 958 2387 1029 ἁρμοδίως
2417 956 2475 1009 τὸ
2498 956 2667 1025 ὄνομα
2697 956 2833 1025 αὐτῇ
2865 954 3140 1013 ἐπέθεντο,
3167 952 3254 1004 διὰ
3279 950 3376 1021 τὴν
3410 965 3579 1018 κεφα·

1991 1044 2088 1115 λὴν
2130 1046 2228 1114 τῆς
2270 1044 2530 1115 Γοργόνος
2572 1043 2664 1096 καὶ
2715 1042 2920 1113 ταύτην
2966 1036 3430 1110 Ἀσπιδογοργόνα
3477 1054 3573 1090 κα-

1991 1136 2225 1198 λοῦντες.
2259 1134 2414 1188 Οῦτω
2442 1135 2538 1186 καὶ
2565 1136 2593 1187 6
2617 1134 2851 1204 ματαιόφ
2863 1151 2968 1206 ρων
3000 1132 3215 1195 Ἐϐίων,
3243 1133 3337 1184 καλ¹
3362 1131 3408 1183 οἱ
3437 1123 3575 1200 ἀμφ’

1993 1226 2158 1281 αὐτὸν
2188 1225 2492 1295 προῦλαϐον
2523 1227 2749 1287 ἑαυτοὺς
2792 1225 3241 1294 κατατέμνοντες,
3294 1222 3385 1275 καὶ
3427 1223 3581 1275 ἀναιέ

1998 1316 2215 1390 ροῦντες
2255 1315 2349 1369 ἀπ’
2392 1315 2566 1386 ἀρχῆς
2609 1316 2812 1376 ὲκείνα,
2855 1313 2938 1382 ἐφ’
2968 1308 3049 1377 οἷς
3080 1313 3174 1366 καὶ
3201 1311 3579 1381 σεμνύνονται.

1994 1408 2228 1479 Χριστὸς
2270 1406 2377 1477 γὰρ
2422 1405 2611 1459 ἑαυτὸν
2654 1407 2712 1458 οὐ
2750 1405 3077 1476 περιέτεμε’
3117 1403 3325 1457 παιδίον
3352 1404 3458 1473 γὰρ
3488 1398 3579 1473 ἦν.

1995 1500 2131 1566 Δόξα
2174 1500 2231 1553 δὲ
2274 1498 2351 1569 τῷ
2397 1499 2650 1569 ὲλεήμονι
2689 1496 2827 1567 Θεῷ,
2859 1498 2941 1549 ὃτι
2986 1496 3177 1549 ἑαυτὸν
3223 1494 3526 1566 προῦϐαλεν
3554 1490 3583 1547 6

1999 1590 2210 1656 Ἐϐίων,
2255 1592 2341 1644 ἵνα
2387 1591 2454 1643 τὰ
2499 1589 2731 1659 ἀληθινὰ
2780 1589 2852 1659 μὴ
2889 1589 3220 1659 ὁμολογήσῃ,
3266 1587 3343 1650 εἰς
3374 1586 3435 1638 τὸ
3478 1584 3578 1639 καὶ

1997 1683 2214 1753 ἔλεγχον
2266 1682 2414 1752 αὐτῷ
2459 1680 2730 1749 γενέσθαι.
2784 1681 2846 1732 Εἰ
2905 1681 3003 1750 μὲν
3046 1679 3154 1749 γὰρ
3188 1678 3372 1745 ἔλεγεν
3420 1677 3583 1730 αὑτὸν

310 1776 622 1840 confessus,
645 1775 1007 1830 eonvincendi
1038 1775 1124 1828 sui
1153 1788 1344 1828 ansam
1370 1773 1528 1828 nobis
1554 1772 1893 1826 obtruderet.

2008 1774 2130 1828 Θεὸν
2157 1774 2361 1827 ἄνωθεν
2395 1775 2600 1843 ἥκοντα
2637 1771 3067 1843 περιτετμῆσθαι
3113 1769 3207 1840 τὴν
3242 1769 3584 1840 όκταήμερον

313 1865 370 1922 Si
418 1867 561 1921 enim
616 1866 784 1921 Deum
838 1867 990 1919 illum
1041 1880 1194 1930 esse,
1241 1865 1568 1934 coelitusque
1611 1864 1894 1932 delapsum

314 1964 624 2022 assereret,
676 1965 981 2025 octavoque
1030 1956 1117 2011 die
1162 1970 1194 2010 a
1241 1955 1408 2009 Maria
1464 1954 1892 2016 circumcisum,

314 2060 426 2103 tum
454 2047 671 2117 quidem
708 2057 976 2117 quatenus
1004 2057 1057 2101 et
1087 2045 1231 2101 Deus
1267 2045 1425 2108 foret,
1471 2054 1524 2100 et
1562 2045 1615 2099 id
1661 2046 1802 2099 ultro
1833 2060 1897 2099 ac

313 2140 617 2193 voluntate.
638 2139 975 2208 permisisset
995 2177 1010 2199 ,
1044 2139 1353 2208 speciosum
1384 2136 1642 2207 quiddam
1682 2152 1746 2191 ac
1775 2152 1901 2207 pro-

315 2232 492 2286 babile
522 2231 587 2284 ad
620 2231 1061 2285 circumcisionis
1101 2229 1631 2284 commendationem
1664 2229 1900 2283 circum-

314 2321 537 2375 foraneo
587 2320 744 2391 152
782 2323 873 2375 isti
912 2321 1254 2390 prmbuisset.
1304 2318 1422 2373 Jam
1460 2334 1588 2376 vero
1627 2334 1751 2373 cum
1784 2334 1899 2372 me-

317 2427 438 2466 rum
478 2412 630 2463 illum
664 2410 936 2463 hominem
966 2424 1109 2473 esse,
1144 2418 1305 2478 atque
1347 2409 1414 2461 ab
1446 2408 1761 2463 hominibus
1791 2408 1901 2461 cir-

313 2504 622 2557 cumcisum
686 2500 857 2555 fuisse
918 2500 1152 2562 sentiat,
1207 2513 1550 2567 nequaquam
1599 2514 1770 2567 puero
1825 2499 1901 2553 illi

317 2593 467 2647 velut
502 2590 711 2645 auctori
743 2587 1092 2642 tribuendum
1118 2594 1238 2649 est,
1273 2588 1417 2656 quod
1451 2595 1641 2643 octava
1677 2589 1748 2643 sit
1782 2590 1901 2643 luce

318 2681 695 2737 circumcisus.
731 2678 917 2747 Neque
944 2678 1091 2732 enim
1122 2679 1474 2747 semetipsum
1508 2678 1774 2747 praecidit,
1806 2680 1900 2734 sed

319 2774 373 2828 id
407 2774 475 2826 ab
509 2773 634 2827 aliis
682 2786 878 2840 passus
912 2779 995 2825 est
1024 2786 1037 2821 :
1065 2768 1211 2839 quod
1261 2769 1365 2823 sibi
1414 2770 1550 2839 ipsis
1591 2772 1745 2841 pueri
1791 2787 1902 2826 non

322 2866 568 2927 faciunt,
618 2877 795 2930 neque
830 2859 1271 2915 circumcisionis
1320 2866 1576 2915 auctores
1620 2860 1757 2930 ipsi,
1806 2860 1902 2917 sed

2001 1865 2107 1918 ὑπὸ
2133 1866 2227 1934 τῆς
2250 1865 2487 1935 Μαρίας,
2521 1863 2580 1915 τὸ
2607 1863 2927 1933 τηνικαῦτα,
2964 1861 3093 1924 Θεὸς
3118 1860 3213 1922 ὢν,
3241 1856 3336 1913 καὶ
3374 1877 3585 1928 συγχω-

2006 1957 2112 2030 ρῶν
2141 1957 2280 2009 κατά
2308 1956 2442 2008 ἰδίαν
2474 1955 2742 2017 εὐδοκίαν,
2770 1957 3028 2025 παρεῖχεν
3056 1951 3120 2005 ἂν
3150 1948 3226 2022 τῷ
3251 1949 3459 2022 ἀγύρτῃ
3487 1950 3586 2018 τῆς

2005 2049 2303 2121 περιτομῆς
2346 2046 2757 2115 πιθανολογίαν·
2805 2047 2966 2100 ὁπότε
3013 2046 3069 2098 δε
3115 2043 3268 2114 ψιλὸν
3301 2042 3586 2114 ἄνθρωπον

2004 2141 2163 2194 αὑτὸν
2203 2139 2530 2210 γεγενῆσθαι
2562 2140 2582 2170 ³
2619 2139 2709 2193 ὑπ’
2755 2137 3056 2211 ἀνθρώπων
3092 2136 3449 2208 παρεισφέρει
3490 2150 3589 2187 πε-

2007 2230 2388 2301 ριτετμῆσθαι,
2416 2230 2598 2283 οὐκέτι
2626 2229 2796 2293 αἴτιός
2826 2231 2973 2282 ἐστιν
3019 2229 3047 2281 6
3088 2227 3236 2292 παῖς,
3268 2226 3317 2279 εἰ
3360 2224 3455 2279 καὶ
3486 2225 3588 2294 τὴν

2004 2322 2345 2393 ὁκταήμερον
2390 2322 2684 2393 περιτομὴν
2731 2320 3091 2392 περιετμήθη.
3141 2321 3215 2372 Οὐ
3258 2318 3364 2390 γὰρ
3396 2313 3589 2371 ἑαυτὸν

2008 2414 2354 2484 περιέτεμεν,
2399 2413 2513 2468 ἀλλ’
2563 2413 2668 2465 ὑπὸ
2717 2411 3021 2483 ἀνθρώπων
3069 2409 3429 2482 περιετμήθη.
3476 2406 3589 2461 Καὶ

2007 2504 2113 2576 γὰρ
2143 2505 2192 2555 οἱ
2228 2502 2417 2565 παῖδες
2460 2502 2558 2571 οὐχ
2604 2501 2828 2564 ἑαυτοὺς
2879 2500 3291 2571 περιτέμνουσι,
3330 2498 3425 2552 καὶ
3466 2497 3589 2551 οὐδὲ

2009 2594 2169 2647 αἴτιοί
2195 2596 2301 2646 εἱσι
2340 2594 2439 2663 τῆς
2467 2593 2673 2645 ἑαυτῶν
2718 2593 3039 2662 περιτομῆς,
3065 2591 3177 2644 ἀλλ’
3208 2593 3257 2644 οἱ
3289 2590 3467 2643 αὐτῶν
3494 2606 3589 2658 γο-

2009 2687 2139 2743 νεῖς.
2171 2686 2399 2737 Ἐκεῖνοι
2443 2686 2551 2755 γὰρ
2584 2684 2805 2755 βραχεῖς
2848 2683 3021 2747 ὄντες,
3056 2677 3404 2754 νηπιᾶζουσιν
3431 2681 3595 2750 ἀγνο·

2010 2774 2212 2842 οῦντες,
2244 2776 2339 2829 καὶ
2385 2775 2507 2830 οὐδὲ
2550 2775 2726 2829 οἴδασι
2768 2774 2821 2827 τί
2865 2775 3051 2839 αὐτοῖς
3095 2775 3199 2828 ὑπὸ
3236 2774 3345 2827 τῶν
3391 2772 3594 2841 γονέων

2010 2867 2239 2934 γίνεται.

321 2970 509 3011 eorum
543 2955 722 3024 potius
756 2959 1015 3022 parentes
1060 2949 1299 3006 habendi
1364 2957 1515 3006 sunt.
1567 2948 1780 3006 Etenim
1832 2956 2092 3023 pusiones
2126 2959 2203 3014 illi
2249 2976 2361 3031 prae
2411 2960 2642 3018 infantia
2711 2959 2843 3033 quid
2885 2960 2987 3016 sibi
3055 2975 3084 3014 a
3128 2956 3447 3030 parentibus
3502 2954 3596 3009 fiat

323 3052 597 3118 ignorant.

396 3139 606 3194 XXVII.
638 3139 707 3193 At
735 3154 837 3193 nos
863 3147 916 3191 et
944 3137 1114 3193 Deum
1146 3137 1299 3195 illum
1325 3153 1355 3194 e
1385 3139 1528 3194 cmlo
1560 3139 1903 3195 descendisse

2084 3146 2213 3222 ΙξΖο.
2258 3146 2449 3215 Ἡμεῖς
2475 3146 2532 3198 δὲ
2575 3145 2667 3198 καὶ
2705 3143 2837 3197 Θεὸν
2861 3141 3022 3197 αὐτὸν
3051 3140 3279 3212 λέγομεν
3306 3140 3400 3194 ἀπ’
3429 3140 3597 3211 οὐρα-

323 3233 580 3296 diciinus,
612 3241 665 3285 et
696 3231 751 3284 in
784 3230 969 3284 Maria:
998 3228 1240 3300 Virginis
1289 3237 1442 3285 utero
1490 3231 1733 3301 legitimo
1775 3240 1909 3286 tem-

326 3338 456 3393 pore
505 3321 915 3391 permansisse,
971 3328 1179 3391 quanto
1233 3321 1437 3376 scilicet
1488 3322 1690 3391 gestari
1730 3322 1911 3376 επιετί

327 3415 614 3467 infantium
650 3413 846 3474 solent,
882 3412 1057 3465 donec
1084 3428 1147 3465 ex
1182 3412 1275 3467 illo
1316 3411 1554 3482 Virginis
1588 3421 1746 3467 utero
1781 3428 1913 3484 pro-

327 3509 506 3568 fusus,
540 3504 784 3576 perfecto
810 3503 924 3573 jam
962 3504 1198 3558 hominis
1233 3503 1380 3574 quod
1429 3504 1683 3560 induerat
1715 3520 1914 3575 corpo-

326 3616 407 3663 re,
454 3608 761 3667 susceptam
800 3612 830 3650 a
875 3610 935 3651 se
981 3596 1178 3651 salutis
1226 3606 1430 3652 nostra:
1473 3597 1910 3667 procurationem

326 3692 549 3762 aggredi
600 3690 860 3745 instituit.
895 3687 951 3742 In
984 3703 1091 3758 qua
1124 3697 1178 3743 et
1215 3689 1282 3744 ad
1326 3688 1471 3745 diem
1512 3696 1768 3745 octavum
1804 3705 1910 3744 non

327 3784 511 3853 specie
561 3794 763 3845 tenus,
814 3781 908 3836 sed
966 3783 1145 3853 reipsa
1191 3781 1552 3837 circumcisus
1598 3791 1705 3838 est.
1750 3781 1915 3837 Venit

327 3878 474 3932 enim
522 3884 581 3929 ut
625 3876 794 3946 legem
828 3888 892 3928 ac
936 3875 1328 3944 prophetarum
1376 3874 1626 3945 impleret
1668 3875 1909 3939 oracula,

330 3984 437 4022 non
465 3974 731 4021 everteret
760 3966 813 4031 ¹;
845 3973 1008 4034 atque
1043 3975 1102 4019 ut
1128 3965 1360 4020 alienam
1394 3980 1501 4021 non
1534 3963 1707 4021 fuisse
1739 3966 1911 4036 legem

327 4059 662 4122 ostenderet,
695 4057 788 4112 sed
822 4071 851 4109 a
878 4057 1061 4128 scipso
1095 4071 1414 4112 concessam
1443 4056 1512 4111 ad
1547 4071 1914 4126 suum.usque

328 4159 549 4218 tempus
577 4149 680 4202 sub
709 4148 1040 4217 quibusdam
1075 4147 1376 4217 ﬁgurarum
1400 4147 1550 4202 velut
1579 4148 1915 4202 umbraculis

331 4242 637 4309 p-rstitisse
672 4255 824 4311 :quo
872 4241 924 4292 in
972 4254 1095 4293 sese
1143 4253 1208 4292 ae
1251 4254 1347 4308 per
1391 4254 1512 4295 sese
1553 4239 1917 4308 quodcunque

333 4332 363 4381 ὶι
386 4330 432 4398 gi
464 4330 648 4381 deerat
674 4335 950 4395 postremo
980 4326 1299 4394 suppleret;
1326 4327 1629 4395 eademque
1658 4327 1747 4379 illa
1783 4328 1918 4396 ligu-

334 4432 522 4470 rarnm
558 4417 836 4469 involucra
862 4416 926 4469 ad
956 4416 1258 4485 spiritalem
1291 4416 1704 4485 perfectionem,
1739 4433 1802 4471 ac
1833 4434 1916 4473 vc-

2013 3234 2105 3288 νοῦ
2149 3236 2390 3297 ἐλθόντα,
2438 3237 2532 3290 καὶ
2578 3237 2635 3288 ὲν
2690 3236 2873 3306 μήτρᾳ
2919 3232 3197 3306 Παρθένου
3240 3232 3460 3305 Μαρίας
3506 3232 3599 3285 τὸν

2014 3326 2202 3397 χρόνον
2258 3325 2365 3379 τῶν
2412 3326 2898 3396 ὲγκυμονουμένων
2945 3325 3151 3378 παίδων
3200 3340 3349 3394 παρα
3359 3340 3602 3395 μεμενη-

2014 3418 2167 3480 κότα,
2214 3417 2319 3480 ἕως
2359 3416 2578 3480 τελείως
2621 3416 2729 3470 ἀπὸ
2765 3417 2863 3486 τῆς
2903 3413 3234 3486 παρθενικῆς
3263 3414 3473 3488 μήτρας
3502 3411 3600 3488 τὴν

2015 3508 2279 3578 ἔνσαρκον
2319 3506 2733 3579 ἐνανθρώπησιν
2778 3507 2957 3577 ἐαυτῷ
2990 3506 3082 3560 καὶ
3121 3507 3431 3577 οἰκονομίαν
3457 3508 3601 3561 οἱκο-

2013 3604 2247 3673 νομήσῃ,
2278 3603 2335 3654 ἐν
2431 3604 2521 3655 καὶ
2566 3602 2906 3673 περιετμήθη
2952 3601 3223 3673 ἀληθινῶς
3243 3642 3257 3663 ,
3291 3604 3386 3655 καὶ
3420 3603 3479 3655 οὐ
3510 3602 3600 3655 δο-

2015 3697 2172 3764 κήσει
2198 3693 2379 3764 ἡμέρᾳ
2403 3698 2468 3766 τῇ
2496 3693 2672 3764 ὀγδόῃ.
2700 3689 2874 3745 ’Ἦλθε
2915 3693 3024 3763 γὰρ
3072 3693 3359 3765 πληρῶσαι
3399 3693 3489 3746 τὸν
3515 3694 3603 3745 νό-

2018 3802 2117 3853 μον
2148 3785 2241 3837 καὶ
2272 3786 2398 3848 τοὺς
2443 3786 2758 3855 προφήτας,
2804 3784 2897 3837 καὶ
2944 3784 3005 3836 οὑ
3050 3779 3351 3837 καταλῦσαι
3374 3802 3388 3814 ·
3416 3784 3511 3836 καὶ
3538 3784 3603 3837 οὐ

2014 3875 2106 3928 τὸν
2152 3876 2313 3946 νόμον
2366 3876 2643 3946 ἀλλότριον
2674 3876 2973 3945 ἀποφῆναι,
3018 3875 3153 3928 ἀλλὰ
3186 3874 3247 3940 ἐξ
3285 3874 3451 3928 αὑτοῦ
3501 3876 3602 3946 μὲν

2014 3967 2409 4038 δεδωρημένον,
2442 3968 2546 4031 ἕως
2584 3966 2640 4019 δὲ
2683 3967 2849 4020 αὑτοῦ
2893 3971 2951 4021 ὲν
2995 3968 3189 4030 τύποις
3232 3969 3601 4038 μεμενηκότα,

2014 4059 2162 4123 ὅπως
2186 4060 2242 4111 ἐν
2266 4058 2415 4128 αὐτῷ
2441 4059 2534 4111 καὶ
2554 4058 2621 4111 δι’
2642 4057 2807 4111 αὑτοῦ
2833 4058 2993 4112 πάλιν
3017 4060 3153 4130 ὅπερ
3179 4060 3420 4112 ἐνέλιπεν
3444 4061 3501 4112 ὲν
3525 4060 3605 4130 τῷ

2017 4147 2165 4219 νόμῳ
2199 4149 2483 4220 πληρωθῆ,
2509 4148 2596 4203 ἴνα
2630 4150 2679 4201 οἰ
2703 4147 2863 4201 τύποι
2889 4151 2967 4212 εἰς
2992 4150 3368 4220 πνευματικὴν
3389 4150 3608 4204 τελείωο

2020 4254 2102 4290 σιν
2131 4239 2375 4301 ἐλθόντες
2400 4240 2456 4290 ὲν
2486 4238 2733 4310 ἀληθείᾳ,
2769 4240 2859 4295 ὑπ’
2890 4240 3055 4293 αὐτοῦ
3085 4258 3144 4292 τε
3172 4240 3266 4293 καὶ
3298 4240 3403 4292 τῶν
3434 4239 3604 4293 αὐτοῦ

2016 4331 2331 4384 ἀποστόλων
2374 4331 2760 4401 κηρυχθῶσιν,
2815 4331 2997 4385 οὐκέτι
3046 4332 3198 4395 ὄντες
3247 4331 3440 4395 τύποι,
3488 4333 3604 4385 ἀλλ’

2017 4422 2262 4493 ἀλήθεια.
2300 4423 2426 4476 Ἐπὶ
2468 4423 2642 4493 τούτῳ
2686 4425 2792 4496 γάρ
2824 4423 3128 4495 ἐπληροῦτο
3171 4424 3232 4477 τὸ
3265 4422 3322 4476 ἐν
3352 4424 3429 4495 τῷ
3455 4425 3608 4495 νόμῳ

335 4508 548 4559 ritatem
597 4505 857 4575 perducta
914 4505 1115 4575 figuras
1156 4520 1281 4560 esse
1333 4504 1585 4570 desiisse,
1634 4515 1799 4576 atque
1848 4509 1903 4562 ad

2023 4510 2331 4582 εἰρημένον,
2369 4510 2471 4573 ἕως
2512 4511 2678 4564 αὑτοῦ
2722 4512 2815 4564 τοῦ
2849 4513 3041 4584 χρόνου
3079 4513 3394 4586 διαρκέσαι),
3424 4515 3518 4567 καὶ
3547 4515 3608 4566 ἐν

335 4599 620 4653 veritatem
665 4596 973 4662 transiisse,
1013 4605 1125 4650 tam
1160 4597 1275 4666 ipse
1311 4611 1475 4668 quam
1518 4598 1640 4668 ejus
1682 4600 1914 4668 apostoli

333 4688 715 4759 praedicarent.
753 4686 811 4741 In
849 4687 942 4740 illo
987 4689 1186 4757 quippe
1228 4687 1376 4757 quod
1412 4689 1675 4758 scriptum
1713 4702 1830 4744 erat
1862 4690 1914 4743 in

336 4782 469 4851 lege,
500 4779 802 4850 perfectum
832 4788 936 4843 est,
968 4780 1043 4846 id,
1070 4782 1314 4851 inquam,
1341 4781 1482 4852 quod
1510 4782 1577 4836 ad
1595 4781 1715 4852 ejus
1743 4797 1916 4850 usque

333 4882 578 4946 tempora
615 4874 950 4945 perduravit,
984 4881 1038 4930 et
1072 4875 1125 4929 in
1158 4875 1279 4945 ipso
1305 4876 1418 4945 jam
1464 4876 1774 4931 absolutum
1815 4875 1915 4928 im-

336 4969 650 5037 pletumque
675 4966 858 5029 desiit,
890 4966 1147 5021 nimirum
1189 4967 1336 5037 quod
1373 4966 1619 5036 Sephora
1648 4966 1864 5022 diccbat
1898 4984 1910 5021 :

337 5057 491 5113 Stetit
524 5058 739 5127 sanguis
766 5058 1188 5112 circumcisiouis
1220 5059 1320 5126 ﬁlii
1352 5060 1451 5111 mei
1487 5059 1527 5110 '.
1574 5056 1688 5111 Non
1725 5058 1863 5111 dixit
1902 5076 1914 5111 :

336 5144 663 5199 Circumcidi
724 5146 893 5199 filium
936 5163 1135 5203 meum.
1196 5146 1382 5217 Neque
1437 5148 1579 5201 enim
1626 5147 1677 5199 id
1730 5148 1923 5217 agebat

337 5233 598 5305 angelus,
652 5238 711 5287 ut
763 5235 1110 5291 circumcisio
1167 5236 1353 5304 fieret,
1406 5252 1581 5307 neque
1638 5236 1924 5307 sanguinis

408 5391 425 5420 ¹
464 5387 651 5442 Matth.
696 5403 749 5453 ν,
787 5388 872 5441 17.
948 5390 968 5419 ²
1004 5388 1173 5445 Exod.
1210 5408 1284 5456 tv,
1314 5391 1405 5446 25.
1474 5391 1506 5421 ⁴
1538 5389 1701 5446 Deest
1732 5390 1849 5443 καί.

411 5566 749 5639 (ΗγὊπερ
799 5563 913 5639 ἔφη
963 5566 1001 5632 ἠ
1046 5566 1353 5639 Σεπφᾼῴρα.
1406 5569 1651 5639 lliirifica
1686 5578 1770 5623 est
1800 5570 1906 5623 loci

340 5636 941 5708 istius__i_nterpretatio,
986 5650 1147 5708 quam
1206 5636 1541 5705 Epiphanius
1581 5638 1757 5696 affert.
1787 5655 1906 5708 quae

340 5724 405 5763 cx
442 5704 579 5757 LXX
632 5705 861 5760 lectione
910 5705 1139 5773 petitur;
1193 5704 1319 5755 n::.i
1360 5708 1562 5763 Hel-limi
1618 5719 1670 5763 et
1728 5704 1906 5763 Latini

2024 4600 2173 4669 αὑτῷ
2221 4600 2613 4671 ἀφιστάμενον,
2662 4605 2741 4666 εἰς
2775 4604 3049 4674 πλήρωμα
3085 4603 3141 4658 δὲ
3189 4604 3605 4675 μεθιστάμενον,

2022 4694 2159 4764 ὅπερ
2201 4693 2305 4764 ἔφη
2346 4697 2378 4765 ἡ
2425 4696 2699 4767 Σεπφώρει
2729 4696 2860 4767 (ΗΥ
2892 4697 2973 4748 ὅτι
3012 4698 3200 4763 Ἔστη
3237 4696 3299 4749 τὸ
3329 4692 3471 4766 αἷμα
3494 4695 3608 4764 τῆς

2023 4784 2344 4856 περιτομῆς
2389 4787 2495 4841 τοῦ
2545 4787 2785 4841 παιδίου
2811 4806 2950 4857 μου.
3002 4788 3112 4841 Καὶ
3155 4789 3254 4840 οὐκ
3293 4783 3479 4853 εἶπεν,
3524 4789 3609 4841 ὅτι

2018 4877 2352 4948 Περιέτεμόν
2411 4897 2513 4950 μου
2568 4881 2630 4933 τὸ
2693 4879 2926 4933 παιδίον.
2978 4880 3053 4931 Οὐ
3098 4878 3208 4950 γάρ
3257 4879 3527 4949 ᾠκονόμει
3579 4881 3609 4933 6

2023 4967 2351 5032 ἀποσταλεὶς
2414 4970 2677 5039 ἄγγελος,
2716 4970 2805 5024 ἵνα
2853 4971 3125 5042 περιτομὴ
3176 4972 3419 5041 γένηται·
3471 4969 3611 5023 ἀλλά

2026 5058 2145 5110 οὐδὲ
2180 5059 2240 5111 τὸ
2274 5053 2411 5130 αἷμα
2449 5061 2550 5130 τῆς
2582 5062 2884 5133 περιτομῆς
2916 5061 3174 5131 φοϐηθεὶς
3204 5062 3438 5130 ἀπέστη
3472 5060 3611 5114 ἀλλά

2029 5147 2384 5218 ὑπομνήσεως
2432 5150 2590 5221 χάριν
2638 5151 2732 5204 τοῦ
2780 5151 3065 5221 μέλλοντος
3116 5152 3328 5206 παιδίου
3363 5153 3424 5205 τὸ
3471 5147 3611 5223 αἷμα

2029 5238 2128 5308 τῆς
2167 5242 2468 5312 περιτομῆς
2505 5243 2676 5313 ἰστᾷν·
2715 5242 2851 5315 ὅπερ
2900 5242 3140 5307 ἀκούσας
3184 5244 3279 5297 καὶ
3323 5244 3612 5314 οἰκονομή-

2015 5570 2237 5641 codices
2273 5591 2285 5625 :
2322 5571 2554 5641 Sponsus
2581 5572 2899 5641 sauguinum
2938 5585 2992 5627 tu
3020 5573 3149 5628 mihi
3177 5592 3250 5637 es,
3276 5575 3346 5632 ob
3378 5577 3609 5629 circum.

2015 5640 2314 5766 eisipnem,
2359 5633 2575 5698 habent.
2631 5633 2773 5697 LXX
2821 5661 2951 5699 vero
3000 5646 3160 5716 lenge
3206 5633 3311 5699 alia
3360 5646 3609 5701 reddide-

2019 5725 2119 5764 run
2151 5752 2162 5764 .

2019 5725 2162 5764 runt.
