  <div class='ocr_page' id='page_1' title='image "/cluster/home/n/w/nwhite01/storage/ocr_20150623/41/mdp.39015008169818/248.png"; bbox 0 0 4018 6126; ppageno 0'>
   <div class='ocr_carea' id='block_1_1' title="bbox 474 308 579 366">
    <p class='ocr_par' dir='ltr' id='par_1_1' title="bbox 474 308 579 366">
     <span class='ocr_line' id='line_1_1' title="bbox 474 308 579 366; baseline 0 0"><span class='ocrx_word' id='word_1_1' title='bbox 474 308 579 366; x_wconf 69' lang='grc'><strong>653</strong></span> 
     </span>
    </p>
   </div>
   <div class='ocr_carea' id='block_1_2' title="bbox 1217 307 3146 373">
    <p class='ocr_par' dir='ltr' id='par_1_2' title="bbox 1217 307 3146 373">
     <span class='ocr_line' id='line_1_2' title="bbox 1217 307 3146 373; baseline 0.004 -9"><span class='ocrx_word' id='word_1_2' title='bbox 1217 307 1589 365; x_wconf 75' lang='lat' dir='ltr'><strong>ADVERSUS</strong></span> <span class='ocrx_word' id='word_1_3' title='bbox 1626 308 1972 365; x_wconf 66' lang='lat' dir='ltr'><strong>IIAIIIIESES</strong></span> <span class='ocrx_word' id='word_1_4' title='bbox 2010 310 2137 367; x_wconf 85' lang='lat' dir='ltr'><strong>LIB.</strong></span> <span class='ocrx_word' id='word_1_5' title='bbox 2170 314 2210 368; x_wconf 92' lang='grc'>1.</span> <span class='ocrx_word' id='word_1_6' title='bbox 2252 312 2415 370; x_wconf 76' lang='grc' dir='ltr'><strong>ΤΟΜ.</strong></span> <span class='ocrx_word' id='word_1_7' title='bbox 2456 313 2521 368; x_wconf 90' lang='lat' dir='ltr'><strong>II.</strong></span> <span class='ocrx_word' id='word_1_8' title='bbox 2560 343 2628 353; x_wconf 91' lang='lat'><strong><em>—</em></strong></span> <span class='ocrx_word' id='word_1_9' title='bbox 2670 313 2944 371; x_wconf 69' lang='lat' dir='ltr'><strong>HA-IRES.</strong></span> <span class='ocrx_word' id='word_1_10' title='bbox 2981 315 3146 373; x_wconf 71' lang='lat' dir='ltr'><strong>XXX.</strong></span> 
     </span>
    </p>
   </div>
   <div class='ocr_carea' id='block_1_3' title="bbox 3621 324 3727 378">
    <p class='ocr_par' dir='ltr' id='par_1_3' title="bbox 3621 324 3727 378">
     <span class='ocr_line' id='line_1_3' title="bbox 3621 324 3727 378; baseline 0 0"><span class='ocrx_word' id='word_1_11' title='bbox 3621 324 3727 378; x_wconf 63' lang='grc'><strong>454</strong></span> 
     </span>
    </p>
   </div>
   <div class='ocr_carea' id='block_1_4' title="bbox 475 426 2038 506">
    <p class='ocr_par' dir='ltr' id='par_1_4' title="bbox 475 426 2038 501">
     <span class='ocr_line' id='line_1_4' title="bbox 475 426 2038 501; baseline 0.001 -21"><span class='ocrx_word' id='word_1_12' title='bbox 475 442 574 491; x_wconf 85' lang='grc' dir='ltr'><strong>σας</strong></span> <span class='ocrx_word' id='word_1_13' title='bbox 619 426 851 498; x_wconf 79' lang='grc' dir='ltr'><strong>ἀπέστη.</strong></span> <span class='ocrx_word' id='word_1_14' title='bbox 884 427 996 481; x_wconf 73' lang='grc' dir='ltr'>Καὶ</span> <span class='ocrx_word' id='word_1_15' title='bbox 1029 427 1181 480; x_wconf 86' lang='grc' dir='ltr'>ποίου</span> <span class='ocrx_word' id='word_1_16' title='bbox 1210 426 1444 490; x_wconf 83' lang='grc' dir='ltr'><strong>παιδίου,</strong></span> <span class='ocrx_word' id='word_1_17' title='bbox 1474 427 1659 481; x_wconf 79' lang='grc' dir='ltr'>ἄκουε.</span> <span class='ocrx_word' id='word_1_18' title='bbox 1693 426 1832 481; x_wconf 82' lang='grc' dir='ltr'>Ἀλλ’</span> <span class='ocrx_word' id='word_1_19' title='bbox 1862 428 1895 498; x_wconf 85' lang='grc' dir='ltr'><strong>ἢ</strong></span> <span class='ocrx_word' id='word_1_20' title='bbox 1926 430 2038 501; x_wconf 73' lang='grc' dir='ltr'>περ¹</span> 
     </span>
    </p>
   </div>
   <div class='ocr_carea' id='block_1_5' title="bbox 2140 426 3731 506">
    <p class='ocr_par' dir='ltr' id='par_1_5' title="bbox 2158 431 3731 506">
     <span class='ocr_line' id='line_1_5' title="bbox 2158 431 3731 506; baseline 0.005 -23"><span class='ocrx_word' id='word_1_21' title='bbox 2158 441 2301 484; x_wconf 87' lang='lat' dir='ltr'><strong>metu</strong></span> <span class='ocrx_word' id='word_1_22' title='bbox 2330 431 2575 497; x_wconf 87' lang='lat' dir='ltr'><strong>recessit,</strong></span> <span class='ocrx_word' id='word_1_23' title='bbox 2611 431 2706 487; x_wconf 86' lang='lat' dir='ltr'><strong>sed</strong></span> <span class='ocrx_word' id='word_1_24' title='bbox 2744 440 2801 486; x_wconf 91' lang='lat' dir='ltr'><strong>ut</strong></span> <span class='ocrx_word' id='word_1_25' title='bbox 2831 448 2953 488; x_wconf 90' lang='lat' dir='ltr'><strong>eum</strong></span> <span class='ocrx_word' id='word_1_26' title='bbox 2991 432 3274 498; x_wconf 77' lang='lat' dir='ltr'><strong>infantem,</strong></span> <span class='ocrx_word' id='word_1_27' title='bbox 3302 449 3331 488; x_wconf 90' lang='lat' dir='ltr'><strong>a</strong></span> <span class='ocrx_word' id='word_1_28' title='bbox 3355 450 3464 506; x_wconf 91' lang='lat' dir='ltr'><strong>quo</strong></span> <span class='ocrx_word' id='word_1_29' title='bbox 3496 437 3731 493; x_wconf 84' lang='lat' dir='ltr'><strong>circum-</strong></span> 
     </span>
    </p>
   </div>
   <div class='ocr_carea' id='block_1_6' title="bbox 471 511 2051 591">
    <p class='ocr_par' dir='ltr' id='par_1_6' title="bbox 471 511 2051 591">
     <span class='ocr_line' id='line_1_6' title="bbox 471 511 2051 591; baseline -0.001 -18"><span class='ocrx_word' id='word_1_30' title='bbox 471 511 532 576; x_wconf 68' lang='grc' dir='ltr'>οὗ</span> <span class='ocrx_word' id='word_1_31' title='bbox 561 515 713 572; x_wconf 82' lang='grc' dir='ltr'>εἶπεν</span> <span class='ocrx_word' id='word_1_32' title='bbox 757 522 786 573; x_wconf 99' lang='lat'><strong>6</strong></span> <span class='ocrx_word' id='word_1_33' title='bbox 831 520 1115 591; x_wconf 82' lang='grc' dir='ltr'><strong>προφήτης</strong></span> <span class='ocrx_word' id='word_1_34' title='bbox 1136 556 1150 582; x_wconf 92' lang='grc'><strong>,</strong></span> <span class='ocrx_word' id='word_1_35' title='bbox 1181 520 1264 572; x_wconf 79' lang='grc' dir='ltr'>ὅτι</span> <span class='ocrx_word' id='word_1_36' title='bbox 1300 519 1684 585; x_wconf 77' lang='grc' dir='ltr'>Θελήσουσιν</span> <span class='ocrx_word' id='word_1_37' title='bbox 1724 521 1777 572; x_wconf 81' lang='grc' dir='ltr'><strong>εί</strong></span> <span class='ocrx_word' id='word_1_38' title='bbox 1813 519 2051 589; x_wconf 75' lang='grc' dir='ltr'>ἐγένον-</span> 
     </span>
    </p>
   </div>
   <div class='ocr_carea' id='block_1_7' title="bbox 470 611 2047 681">
    <p class='ocr_par' dir='ltr' id='par_1_7' title="bbox 470 611 2047 681">
     <span class='ocr_line' id='line_1_7' title="bbox 470 611 2047 681; baseline 0 -17"><span class='ocrx_word' id='word_1_39' title='bbox 470 627 538 665; x_wconf 83' lang='grc' dir='ltr'>το</span> <span class='ocrx_word' id='word_1_40' title='bbox 561 611 672 680; x_wconf 76' lang='grc'><strong>(45)</strong></span> <span class='ocrx_word' id='word_1_41' title='bbox 697 613 1118 680; x_wconf 78' lang='grc' dir='ltr'>πυρίκαυστοι.</span> <span class='ocrx_word' id='word_1_42' title='bbox 1145 612 1275 665; x_wconf 84' lang='grc' dir='ltr'><strong>Ὅτι</strong></span> <span class='ocrx_word' id='word_1_43' title='bbox 1308 611 1549 665; x_wconf 77' lang='grc' dir='ltr'><strong>παιδίον</strong></span> <span class='ocrx_word' id='word_1_44' title='bbox 1568 611 1861 681; x_wconf 80' lang='grc' dir='ltr'><strong>ἐγεννήθη</strong></span> <span class='ocrx_word' id='word_1_45' title='bbox 1885 612 2047 681; x_wconf 77' lang='grc' dir='ltr'>ἡμῖν,</span> 
     </span>
    </p>
   </div>
   <div class='ocr_carea' id='block_1_8' title="bbox 471 701 2051 773">
    <p class='ocr_par' dir='ltr' id='par_1_8' title="bbox 471 701 2051 773">
     <span class='ocr_line' id='line_1_8' title="bbox 471 701 2051 773; baseline -0.003 -14"><span class='ocrx_word' id='word_1_46' title='bbox 471 704 567 758; x_wconf 75' lang='grc' dir='ltr'>καὶ</span> <span class='ocrx_word' id='word_1_47' title='bbox 613 705 744 771; x_wconf 82' lang='grc' dir='ltr'>υίὸς</span> <span class='ocrx_word' id='word_1_48' title='bbox 773 704 950 771; x_wconf 78' lang='grc' dir='ltr'>ἐδόθη</span> <span class='ocrx_word' id='word_1_49' title='bbox 990 702 1156 773; x_wconf 74' lang='grc' dir='ltr'>ἡμῖν.</span> <span class='ocrx_word' id='word_1_50' title='bbox 1188 702 1262 755; x_wconf 86' lang='grc' dir='ltr'><strong>Τὸ</strong></span> <span class='ocrx_word' id='word_1_51' title='bbox 1292 703 1390 772; x_wconf 82' lang='grc' dir='ltr'><strong>μὲν</strong></span> <span class='ocrx_word' id='word_1_52' title='bbox 1419 701 1677 772; x_wconf 84' lang='grc' dir='ltr'>γεννηθὲν</span> <span class='ocrx_word' id='word_1_53' title='bbox 1710 702 1922 755; x_wconf 82' lang='grc' dir='ltr'>παιδίον</span> <span class='ocrx_word' id='word_1_54' title='bbox 1944 702 2051 755; x_wconf 87' lang='grc' dir='ltr'>δει-</span> 
     </span>
    </p>
   </div>
   <div class='ocr_carea' id='block_1_9' title="bbox 470 793 2050 867">
    <p class='ocr_par' dir='ltr' id='par_1_9' title="bbox 470 793 2050 867">
     <span class='ocr_line' id='line_1_9' title="bbox 470 793 2050 867; baseline -0.001 -18"><span class='ocrx_word' id='word_1_55' title='bbox 470 797 601 860; x_wconf 83' lang='grc' dir='ltr'>κνὺς</span> <span class='ocrx_word' id='word_1_56' title='bbox 644 796 702 849; x_wconf 87' lang='grc' dir='ltr'><strong>ἐν</strong></span> <span class='ocrx_word' id='word_1_57' title='bbox 745 795 994 867; x_wconf 78' lang='grc' dir='ltr'><strong>ἀληθείᾳ,</strong></span> <span class='ocrx_word' id='word_1_58' title='bbox 1036 796 1184 858; x_wconf 84' lang='grc' dir='ltr'>ὅπως</span> <span class='ocrx_word' id='word_1_59' title='bbox 1230 795 1446 865; x_wconf 79' lang='grc' dir='ltr'>σημάνῃ</span> <span class='ocrx_word' id='word_1_60' title='bbox 1475 793 1573 864; x_wconf 79' lang='grc' dir='ltr'>τὴν</span> <span class='ocrx_word' id='word_1_61' title='bbox 1608 793 1866 863; x_wconf 80' lang='grc' dir='ltr'>ἀληθινὴν</span> <span class='ocrx_word' id='word_1_62' title='bbox 1899 795 2050 847; x_wconf 83' lang='grc' dir='ltr'>ἐναν-</span> 
     </span>
    </p>
   </div>
   <div class='ocr_carea' id='block_1_10' title="bbox 470 884 2049 958">
    <p class='ocr_par' dir='ltr' id='par_1_10' title="bbox 470 884 2049 958">
     <span class='ocr_line' id='line_1_10' title="bbox 470 884 2049 958; baseline -0.002 -19"><span class='ocrx_word' id='word_1_63' title='bbox 470 885 783 958; x_wconf 86' lang='grc' dir='ltr'>θρώπησιν·</span> <span class='ocrx_word' id='word_1_64' title='bbox 815 886 875 940; x_wconf 84' lang='grc' dir='ltr'><strong>τὸ</strong></span> <span class='ocrx_word' id='word_1_65' title='bbox 900 886 984 950; x_wconf 83' lang='grc' dir='ltr'>δὲ,</span> <span class='ocrx_word' id='word_1_66' title='bbox 1016 886 1146 951; x_wconf 75' lang='grc' dir='ltr'>υίὸς</span> <span class='ocrx_word' id='word_1_67' title='bbox 1182 884 1358 952; x_wconf 83' lang='grc' dir='ltr'><strong>ἐδόθη</strong></span> <span class='ocrx_word' id='word_1_68' title='bbox 1401 885 1564 953; x_wconf 74' lang='grc' dir='ltr'>ἡμῖν,</span> <span class='ocrx_word' id='word_1_69' title='bbox 1593 886 1739 948; x_wconf 77' lang='grc' dir='ltr'>ὅπως</span> <span class='ocrx_word' id='word_1_70' title='bbox 1774 884 1920 955; x_wconf 77' lang='grc' dir='ltr'>δείξῃ</span> <span class='ocrx_word' id='word_1_71' title='bbox 1959 886 2049 938; x_wconf 82' lang='grc' dir='ltr'><strong>τὸν</strong></span> 
     </span>
    </p>
   </div>
   <div class='ocr_carea' id='block_1_11' title="bbox 468 975 2046 1045">
    <p class='ocr_par' dir='ltr' id='par_1_11' title="bbox 468 975 2046 1045">
     <span class='ocr_line' id='line_1_11' title="bbox 468 975 2046 1045; baseline -0.003 -14"><span class='ocrx_word' id='word_1_72' title='bbox 468 976 674 1031; x_wconf 79' lang='grc' dir='ltr'>ἄνωθεν</span> <span class='ocrx_word' id='word_1_73' title='bbox 702 977 836 1030; x_wconf 81' lang='grc' dir='ltr'>Θεοῦ</span> <span class='ocrx_word' id='word_1_74' title='bbox 871 978 1064 1045; x_wconf 86' lang='grc' dir='ltr'><strong>Λόγον,</strong></span> <span class='ocrx_word' id='word_1_75' title='bbox 1099 976 1192 1030; x_wconf 72' lang='grc' dir='ltr'>καὶ</span> <span class='ocrx_word' id='word_1_76' title='bbox 1228 976 1355 1029; x_wconf 85' lang='grc' dir='ltr'>Υἱὸν</span> <span class='ocrx_word' id='word_1_77' title='bbox 1390 975 1523 1029; x_wconf 87' lang='grc' dir='ltr'>Θεοῦ</span> <span class='ocrx_word' id='word_1_78' title='bbox 1557 975 1717 1029; x_wconf 78' lang='grc' dir='ltr'>αὐτὸν</span> <span class='ocrx_word' id='word_1_79' title='bbox 1749 976 2046 1045; x_wconf 78' lang='grc' dir='ltr'><strong>δειχθέντα,</strong></span> 
     </span>
    </p>
   </div>
   <div class='ocr_carea' id='block_1_12' title="bbox 468 1064 2048 1140">
    <p class='ocr_par' dir='ltr' id='par_1_12' title="bbox 468 1064 2048 1140">
     <span class='ocr_line' id='line_1_12' title="bbox 468 1064 2048 1140; baseline -0.003 -18"><span class='ocrx_word' id='word_1_80' title='bbox 468 1070 562 1122; x_wconf 78' lang='grc' dir='ltr'><strong>καὶ</strong></span> <span class='ocrx_word' id='word_1_81' title='bbox 612 1071 669 1121; x_wconf 90' lang='grc' dir='ltr'><strong>ἐν</strong></span> <span class='ocrx_word' id='word_1_82' title='bbox 726 1070 907 1140; x_wconf 75' lang='grc' dir='ltr'>μήτρᾳ</span> <span class='ocrx_word' id='word_1_83' title='bbox 942 1068 1232 1138; x_wconf 86' lang='grc' dir='ltr'>γενόμενον</span> <span class='ocrx_word' id='word_1_84' title='bbox 1279 1065 1807 1136; x_wconf 83' lang='grc' dir='ltr'>ἐνανθρωπήσαντα,</span> <span class='ocrx_word' id='word_1_85' title='bbox 1857 1064 2048 1134; x_wconf 80' lang='grc' dir='ltr'>ἔχοντα</span> 
     </span>
    </p>
   </div>
   <div class='ocr_carea' id='block_1_13' title="bbox 468 1154 2047 1231">
    <p class='ocr_par' dir='ltr' id='par_1_13' title="bbox 468 1154 2047 1231">
     <span class='ocr_line' id='line_1_13' title="bbox 468 1154 2047 1231; baseline -0.003 -18"><span class='ocrx_word' id='word_1_86' title='bbox 468 1160 755 1231; x_wconf 86' lang='grc' dir='ltr'>ἀμφότερα</span> <span class='ocrx_word' id='word_1_87' title='bbox 785 1159 916 1212; x_wconf 76' lang='grc' dir='ltr'>Θεὸν</span> <span class='ocrx_word' id='word_1_88' title='bbox 936 1159 1031 1212; x_wconf 76' lang='grc' dir='ltr'><strong>καὶ</strong></span> <span class='ocrx_word' id='word_1_89' title='bbox 1060 1158 1364 1230; x_wconf 84' lang='grc' dir='ltr'>ἄνθρωπον,</span> <span class='ocrx_word' id='word_1_90' title='bbox 1392 1156 1552 1210; x_wconf 77' lang='grc' dir='ltr'>αὐτὸν</span> <span class='ocrx_word' id='word_1_91' title='bbox 1582 1156 1736 1221; x_wconf 81' lang='grc' dir='ltr'>Θεὸν,</span> <span class='ocrx_word' id='word_1_92' title='bbox 1771 1154 1931 1208; x_wconf 85' lang='grc' dir='ltr'>αὐτὸν</span> <span class='ocrx_word' id='word_1_93' title='bbox 1952 1156 2047 1209; x_wconf 82' lang='grc' dir='ltr'><strong>ἄν-</strong></span> 
     </span>
    </p>
   </div>
   <div class='ocr_carea' id='block_1_14' title="bbox 469 1248 2047 1322">
    <p class='ocr_par' dir='ltr' id='par_1_14' title="bbox 469 1248 2047 1322">
     <span class='ocr_line' id='line_1_14' title="bbox 469 1248 2047 1322; baseline -0.001 -19"><span class='ocrx_word' id='word_1_94' title='bbox 469 1250 719 1322; x_wconf 87' lang='grc' dir='ltr'>θρωπον,</span> <span class='ocrx_word' id='word_1_95' title='bbox 755 1250 915 1304; x_wconf 80' lang='grc' dir='ltr'>αὐτὸν</span> <span class='ocrx_word' id='word_1_96' title='bbox 963 1251 1076 1305; x_wconf 81' lang='grc' dir='ltr'>υἱὸν</span> <span class='ocrx_word' id='word_1_97' title='bbox 1111 1249 1315 1305; x_wconf 78' lang='grc' dir='ltr'>ἄνωθεν</span> <span class='ocrx_word' id='word_1_98' title='bbox 1351 1249 1598 1313; x_wconf 85' lang='grc' dir='ltr'>δοθέντα,</span> <span class='ocrx_word' id='word_1_99' title='bbox 1640 1248 1801 1301; x_wconf 80' lang='grc' dir='ltr'>αὑτὸν</span> <span class='ocrx_word' id='word_1_100' title='bbox 1836 1248 2047 1301; x_wconf 84' lang='grc' dir='ltr'>παιδίον</span> 
     </span>
    </p>
   </div>
   <div class='ocr_carea' id='block_1_15' title="bbox 467 1334 2048 1412">
    <p class='ocr_par' dir='ltr' id='par_1_15' title="bbox 467 1334 2048 1412">
     <span class='ocr_line' id='line_1_15' title="bbox 467 1334 2048 1412; baseline 0.001 -20"><span class='ocrx_word' id='word_1_101' title='bbox 467 1340 817 1411; x_wconf 82' lang='grc' dir='ltr'>γεννηθέντα.</span> <span class='ocrx_word' id='word_1_102' title='bbox 859 1341 975 1411; x_wconf 84' lang='grc' dir='ltr'><strong>Ἐφ’</strong></span> <span class='ocrx_word' id='word_1_103' title='bbox 1014 1334 1075 1394; x_wconf 74' lang='grc' dir='ltr'>οὗ</span> <span class='ocrx_word' id='word_1_104' title='bbox 1109 1341 1237 1412; x_wconf 75' lang='grc' dir='ltr'>ἔστη</span> <span class='ocrx_word' id='word_1_105' title='bbox 1282 1340 1467 1394; x_wconf 84' lang='grc' dir='ltr'>λοιπὸν</span> <span class='ocrx_word' id='word_1_106' title='bbox 1511 1339 1572 1393; x_wconf 76' lang='grc' dir='ltr'>τὸ</span> <span class='ocrx_word' id='word_1_107' title='bbox 1601 1334 1742 1410; x_wconf 79' lang='grc' dir='ltr'>αἷμα</span> <span class='ocrx_word' id='word_1_108' title='bbox 1767 1340 1862 1410; x_wconf 78' lang='grc' dir='ltr'>τῆς</span> <span class='ocrx_word' id='word_1_109' title='bbox 1893 1357 2048 1411; x_wconf 89' lang='grc' dir='ltr'>περι-</span> 
     </span>
    </p>
   </div>
   <div class='ocr_carea' id='block_1_16' title="bbox 464 1428 2046 1504">
    <p class='ocr_par' dir='ltr' id='par_1_16' title="bbox 464 1428 2046 1504">
     <span class='ocr_line' id='line_1_16' title="bbox 464 1428 2046 1504; baseline 0.001 -19"><span class='ocrx_word' id='word_1_110' title='bbox 464 1433 669 1503; x_wconf 75' lang='grc' dir='ltr'>τομῆς,</span> <span class='ocrx_word' id='word_1_111' title='bbox 697 1433 775 1497; x_wconf 81' lang='grc' dir='ltr'>ὡς</span> <span class='ocrx_word' id='word_1_112' title='bbox 814 1434 908 1488; x_wconf 80' lang='grc' dir='ltr'><strong>καὶ</strong></span> <span class='ocrx_word' id='word_1_113' title='bbox 945 1434 1005 1489; x_wconf 86' lang='grc' dir='ltr'><strong>ἐν</strong></span> <span class='ocrx_word' id='word_1_114' title='bbox 1055 1433 1132 1504; x_wconf 82' lang='grc' dir='ltr'>τῷ</span> <span class='ocrx_word' id='word_1_115' title='bbox 1174 1432 1493 1504; x_wconf 86' lang='grc' dir='ltr'>Εὑαγγελίῳ</span> <span class='ocrx_word' id='word_1_116' title='bbox 1527 1432 1695 1500; x_wconf 80' lang='grc' dir='ltr'>λέγει·</span> <span class='ocrx_word' id='word_1_117' title='bbox 1732 1432 1861 1485; x_wconf 86' lang='grc' dir='ltr'>Ὅτε</span> <span class='ocrx_word' id='word_1_118' title='bbox 1885 1428 2046 1501; x_wconf 80' lang='grc' dir='ltr'>ἦλθον</span> 
     </span>
    </p>
   </div>
   <div class='ocr_carea' id='block_1_17' title="bbox 475 1518 2046 1595">
    <p class='ocr_par' dir='ltr' id='par_1_17' title="bbox 475 1518 2046 1595">
     <span class='ocr_line' id='line_1_17' title="bbox 475 1518 2046 1595; baseline 0.001 -19"><span class='ocrx_word' id='word_1_119' title='bbox 475 1524 729 1595; x_wconf 83' lang='grc' dir='ltr'>Έλληνες</span> <span class='ocrx_word' id='word_1_120' title='bbox 787 1524 1100 1595; x_wconf 84' lang='grc' dir='ltr'>βουλόμενοι</span> <span class='ocrx_word' id='word_1_121' title='bbox 1148 1524 1309 1579; x_wconf 82' lang='grc' dir='ltr'>αὑτὸν</span> <span class='ocrx_word' id='word_1_122' title='bbox 1364 1523 1659 1578; x_wconf 83' lang='grc' dir='ltr'>θεάσασθαι</span> <span class='ocrx_word' id='word_1_123' title='bbox 1680 1539 1694 1553; x_wconf 84' lang='grc'>⁶</span> <span class='ocrx_word' id='word_1_124' title='bbox 1743 1524 1835 1576; x_wconf 79' lang='grc' dir='ltr'><strong>καὶ</strong></span> <span class='ocrx_word' id='word_1_125' title='bbox 1884 1518 2046 1595; x_wconf 81' lang='grc' dir='ltr'>ἦλθον</span> 
     </span>
    </p>
   </div>
   <div class='ocr_carea' id='block_1_18' title="bbox 467 1615 2046 1689">
    <p class='ocr_par' dir='ltr' id='par_1_18' title="bbox 467 1615 2046 1689">
     <span class='ocr_line' id='line_1_18' title="bbox 467 1615 2046 1689; baseline -0.001 -20"><span class='ocrx_word' id='word_1_126' title='bbox 467 1618 604 1688; x_wconf 73' lang='grc' dir='ltr'>πρὸς</span> <span class='ocrx_word' id='word_1_127' title='bbox 636 1617 921 1683; x_wconf 78' lang='grc' dir='ltr'>Φίλιππον,</span> <span class='ocrx_word' id='word_1_128' title='bbox 963 1618 1060 1671; x_wconf 78' lang='grc' dir='ltr'><strong>καὶ</strong></span> <span class='ocrx_word' id='word_1_129' title='bbox 1100 1618 1350 1687; x_wconf 89' lang='grc' dir='ltr'>λέγουσιν</span> <span class='ocrx_word' id='word_1_130' title='bbox 1380 1617 1549 1689; x_wconf 81' lang='grc' dir='ltr'>αὐτῷ,</span> <span class='ocrx_word' id='word_1_131' title='bbox 1584 1616 1765 1683; x_wconf 79' lang='grc' dir='ltr'>Δεῖξον</span> <span class='ocrx_word' id='word_1_132' title='bbox 1792 1618 1921 1686; x_wconf 82' lang='grc' dir='ltr'>ἡμῖν</span> <span class='ocrx_word' id='word_1_133' title='bbox 1955 1615 2046 1668; x_wconf 87' lang='grc' dir='ltr'><strong>τὸν</strong></span> 
     </span>
    </p>
   </div>
   <div class='ocr_carea' id='block_1_19' title="bbox 467 1706 2043 1780">
    <p class='ocr_par' dir='ltr' id='par_1_19' title="bbox 467 1706 2043 1780">
     <span class='ocr_line' id='line_1_19' title="bbox 467 1706 2043 1780; baseline -0.001 -19"><span class='ocrx_word' id='word_1_134' title='bbox 467 1709 696 1777; x_wconf 79' lang='grc' dir='ltr'>Ἰησοῦν·</span> <span class='ocrx_word' id='word_1_135' title='bbox 739 1710 834 1763; x_wconf 75' lang='grc' dir='ltr'><strong>καὶ</strong></span> <span class='ocrx_word' id='word_1_136' title='bbox 862 1710 891 1762; x_wconf 90' lang='lat'><strong>6</strong></span> <span class='ocrx_word' id='word_1_137' title='bbox 916 1709 1180 1774; x_wconf 80' lang='grc' dir='ltr'>Φίλιππος</span> <span class='ocrx_word' id='word_1_138' title='bbox 1222 1708 1302 1780; x_wconf 83' lang='grc' dir='ltr'>τῷ</span> <span class='ocrx_word' id='word_1_139' title='bbox 1324 1709 1566 1780; x_wconf 81' lang='grc' dir='ltr'>Ἀνδρέᾳ,</span> <span class='ocrx_word' id='word_1_140' title='bbox 1602 1708 1697 1761; x_wconf 74' lang='grc' dir='ltr'><strong>καὶ</strong></span> <span class='ocrx_word' id='word_1_141' title='bbox 1726 1710 1754 1762; x_wconf 90' lang='lat'><strong>6</strong></span> <span class='ocrx_word' id='word_1_142' title='bbox 1788 1706 2043 1779; x_wconf 81' lang='grc' dir='ltr'>Ἀνδρέας</span> 
     </span>
    </p>
   </div>
   <div class='ocr_carea' id='block_1_20' title="bbox 2155 515 3730 585">
    <p class='ocr_par' dir='ltr' id='par_1_20' title="bbox 2155 515 3730 585">
     <span class='ocr_line' id='line_1_20' title="bbox 2155 515 3730 585; baseline 0.008 -17"><span class='ocrx_word' id='word_1_143' title='bbox 2155 515 2378 571; x_wconf 85' lang='lat' dir='ltr'><strong>cisionis</strong></span> <span class='ocrx_word' id='word_1_144' title='bbox 2416 532 2582 571; x_wconf 87' lang='lat' dir='ltr'><strong>cruor</strong></span> <span class='ocrx_word' id='word_1_145' title='bbox 2631 518 2958 575; x_wconf 88' lang='lat' dir='ltr'><strong>inhibendus</strong></span> <span class='ocrx_word' id='word_1_146' title='bbox 2991 529 3144 585; x_wconf 88' lang='lat' dir='ltr'><strong>erat,</strong></span> <span class='ocrx_word' id='word_1_147' title='bbox 3179 521 3235 576; x_wconf 90' lang='lat' dir='ltr'><strong>in</strong></span> <span class='ocrx_word' id='word_1_148' title='bbox 3272 524 3592 579; x_wconf 81' lang='lat' dir='ltr'><strong>memoriam</strong></span> <span class='ocrx_word' id='word_1_149' title='bbox 3638 542 3730 581; x_wconf 87' lang='lat' dir='ltr'><strong>re-</strong></span> 
     </span>
    </p>
   </div>
   <div class='ocr_carea' id='block_1_21' title="bbox 2153 606 3726 686">
    <p class='ocr_par' dir='ltr' id='par_1_21' title="bbox 2153 606 3726 686">
     <span class='ocr_line' id='line_1_21' title="bbox 2153 606 3726 686; baseline 0.006 -26"><span class='ocrx_word' id='word_1_150' title='bbox 2153 616 2390 661; x_wconf 87' lang='lat' dir='ltr'><strong>vocaret.</strong></span> <span class='ocrx_word' id='word_1_151' title='bbox 2443 606 2623 673; x_wconf 87' lang='lat' dir='ltr'><strong>Quare</strong></span> <span class='ocrx_word' id='word_1_152' title='bbox 2657 624 2779 663; x_wconf 84' lang='lat' dir='ltr'><strong>mox</strong></span> <span class='ocrx_word' id='word_1_153' title='bbox 2827 619 2885 663; x_wconf 92' lang='lat' dir='ltr'><strong>ut</strong></span> <span class='ocrx_word' id='word_1_154' title='bbox 2919 611 3052 664; x_wconf 91' lang='lat' dir='ltr'><strong>illud</strong></span> <span class='ocrx_word' id='word_1_155' title='bbox 3100 612 3309 667; x_wconf 85' lang='lat' dir='ltr'><strong>audivit</strong></span> <span class='ocrx_word' id='word_1_156' title='bbox 3350 628 3414 669; x_wconf 81' lang='lat' dir='ltr'><strong>ac</strong></span> <span class='ocrx_word' id='word_1_157' title='bbox 3455 617 3726 686; x_wconf 68' lang='lat' dir='ltr'><strong>praestitit,</strong></span> 
     </span>
    </p>
   </div>
   <div class='ocr_carea' id='block_1_22' title="bbox 2151 697 3726 771">
    <p class='ocr_par' dir='ltr' id='par_1_22' title="bbox 2151 697 3726 771">
     <span class='ocr_line' id='line_1_22' title="bbox 2151 697 3726 771; baseline 0.005 -21"><span class='ocrx_word' id='word_1_158' title='bbox 2151 710 2181 750; x_wconf 90' lang='lat' dir='ltr'><strong>e</strong></span> <span class='ocrx_word' id='word_1_159' title='bbox 2212 697 2392 750; x_wconf 91' lang='lat' dir='ltr'><strong>medio</strong></span> <span class='ocrx_word' id='word_1_160' title='bbox 2426 713 2485 750; x_wconf 89' lang='lat' dir='ltr'><strong>se</strong></span> <span class='ocrx_word' id='word_1_161' title='bbox 2517 697 2800 752; x_wconf 81' lang='lat' dir='ltr'><strong>subduxit.</strong></span> <span class='ocrx_word' id='word_1_162' title='bbox 2830 699 2898 753; x_wconf 88' lang='lat' dir='ltr'><strong>At</strong></span> <span class='ocrx_word' id='word_1_163' title='bbox 2924 701 3175 771; x_wconf 80' lang='lat' dir='ltr'><strong>quisnam</strong></span> <span class='ocrx_word' id='word_1_164' title='bbox 3210 702 3299 758; x_wconf 91' lang='lat' dir='ltr'><strong>ille</strong></span> <span class='ocrx_word' id='word_1_165' title='bbox 3328 702 3549 759; x_wconf 82' lang='lat' dir='ltr'><strong>futurus</strong></span> <span class='ocrx_word' id='word_1_166' title='bbox 3581 714 3726 760; x_wconf 81' lang='lat' dir='ltr'><strong>esset</strong></span> 
     </span>
    </p>
   </div>
   <div class='ocr_carea' id='block_1_23' title="bbox 2154 776 3725 865">
    <p class='ocr_par' dir='ltr' id='par_1_23' title="bbox 2154 776 3725 865">
     <span class='ocr_line' id='line_1_23' title="bbox 2154 776 3725 865; baseline 0.007 -26"><span class='ocrx_word' id='word_1_167' title='bbox 2154 786 2354 849; x_wconf 80' lang='lat' dir='ltr'><strong>infans,</strong></span> <span class='ocrx_word' id='word_1_168' title='bbox 2385 789 2591 858; x_wconf 81' lang='lat' dir='ltr'><strong>accipe.</strong></span> <span class='ocrx_word' id='word_1_169' title='bbox 2629 790 2681 844; x_wconf 92' lang='lat' dir='ltr'><strong>Is</strong></span> <span class='ocrx_word' id='word_1_170' title='bbox 2717 791 2860 845; x_wconf 90' lang='lat' dir='ltr'><strong>enim</strong></span> <span class='ocrx_word' id='word_1_171' title='bbox 2894 804 3011 846; x_wconf 90' lang='lat' dir='ltr'><strong>erat</strong></span> <span class='ocrx_word' id='word_1_172' title='bbox 3043 793 3109 847; x_wconf 88' lang='lat' dir='ltr'><strong>de</strong></span> <span class='ocrx_word' id='word_1_173' title='bbox 3142 807 3251 863; x_wconf 90' lang='lat' dir='ltr'><strong>quo</strong></span> <span class='ocrx_word' id='word_1_174' title='bbox 3284 776 3549 865; x_wconf 81' lang='lat' dir='ltr'><strong>preplieta</strong></span> <span class='ocrx_word' id='word_1_175' title='bbox 3576 798 3725 851; x_wconf 87' lang='lat' dir='ltr'><strong>locu-</strong></span> 
     </span>
    </p>
   </div>
   <div class='ocr_carea' id='block_1_24' title="bbox 2152 877 3724 953">
    <p class='ocr_par' dir='ltr' id='par_1_24' title="bbox 2152 877 3724 953">
     <span class='ocr_line' id='line_1_24' title="bbox 2152 877 3724 953; baseline 0.008 -24"><span class='ocrx_word' id='word_1_176' title='bbox 2152 886 2238 931; x_wconf 91' lang='lat' dir='ltr'><strong>tus</strong></span> <span class='ocrx_word' id='word_1_177' title='bbox 2287 886 2371 931; x_wconf 81' lang='lat' dir='ltr'><strong>est</strong></span> <span class='ocrx_word' id='word_1_178' title='bbox 2414 893 2427 929; x_wconf 89' lang='lat'><strong>:</strong></span> <span class='ocrx_word' id='word_1_179' title='bbox 2478 877 2547 931; x_wconf 84' lang='lat' dir='ltr'><strong>Et</strong></span> <span class='ocrx_word' id='word_1_180' title='bbox 2597 880 2765 934; x_wconf 84' lang='lat' dir='ltr'><strong>volent</strong></span> <span class='ocrx_word' id='word_1_181' title='bbox 2810 898 2921 935; x_wconf 83' lang='lat' dir='ltr'><strong>esse</strong></span> <span class='ocrx_word' id='word_1_182' title='bbox 2964 882 3080 953; x_wconf 87' lang='lat' dir='ltr'><strong>igne</strong></span> <span class='ocrx_word' id='word_1_183' title='bbox 3126 884 3402 941; x_wconf 79' lang='lat' dir='ltr'><strong>combusti.</strong></span> <span class='ocrx_word' id='word_1_184' title='bbox 3462 885 3724 951; x_wconf 80' lang='lat' dir='ltr'><strong>Quoniam</strong></span> 
     </span>
    </p>
   </div>
   <div class='ocr_carea' id='block_1_25' title="bbox 2148 970 3720 1045">
    <p class='ocr_par' dir='ltr' id='par_1_25' title="bbox 2148 970 3720 1045">
     <span class='ocr_line' id='line_1_25' title="bbox 2148 970 3720 1045; baseline 0.008 -25"><span class='ocrx_word' id='word_1_185' title='bbox 2148 970 2395 1036; x_wconf 78' lang='lat' dir='ltr'><strong>parvulus</strong></span> <span class='ocrx_word' id='word_1_186' title='bbox 2442 982 2597 1025; x_wconf 76' lang='lat' dir='ltr'><strong>natus</strong></span> <span class='ocrx_word' id='word_1_187' title='bbox 2641 983 2716 1027; x_wconf 82' lang='lat' dir='ltr'><strong>est</strong></span> <span class='ocrx_word' id='word_1_188' title='bbox 2749 976 2915 1037; x_wconf 72' lang='lat' dir='ltr'><strong>nobis,</strong></span> <span class='ocrx_word' id='word_1_189' title='bbox 2950 985 2998 1029; x_wconf 88' lang='lat' dir='ltr'><strong>et</strong></span> <span class='ocrx_word' id='word_1_190' title='bbox 3033 976 3179 1045; x_wconf 80' lang='lat' dir='ltr'><strong>ﬁlius</strong></span> <span class='ocrx_word' id='word_1_191' title='bbox 3209 978 3368 1030; x_wconf 82' lang='lat' dir='ltr'><strong>datus</strong></span> <span class='ocrx_word' id='word_1_192' title='bbox 3401 987 3478 1031; x_wconf 80' lang='lat' dir='ltr'><strong>est</strong></span> <span class='ocrx_word' id='word_1_193' title='bbox 3502 980 3649 1033; x_wconf 78' lang='lat' dir='ltr'><strong>nobis</strong></span> <span class='ocrx_word' id='word_1_194' title='bbox 3680 981 3720 1032; x_wconf 85' lang='grc'>³.</span> 
     </span>
    </p>
   </div>
   <div class='ocr_carea' id='block_1_26' title="bbox 2150 1060 3719 1138">
    <p class='ocr_par' dir='ltr' id='par_1_26' title="bbox 2150 1060 3719 1138">
     <span class='ocr_line' id='line_1_26' title="bbox 2150 1060 3719 1138; baseline 0.008 -26"><span class='ocrx_word' id='word_1_195' title='bbox 2150 1060 2360 1126; x_wconf 83' lang='lat' dir='ltr'><strong>Quibus</strong></span> <span class='ocrx_word' id='word_1_196' title='bbox 2397 1064 2576 1118; x_wconf 82' lang='lat' dir='ltr'><strong>verbis</strong></span> <span class='ocrx_word' id='word_1_197' title='bbox 2602 1065 2838 1134; x_wconf 91' lang='lat' dir='ltr'><strong>primum</strong></span> <span class='ocrx_word' id='word_1_198' title='bbox 2870 1075 3055 1120; x_wconf 88' lang='lat' dir='ltr'><strong>natum</strong></span> <span class='ocrx_word' id='word_1_199' title='bbox 3094 1082 3278 1123; x_wconf 79' lang='lat' dir='ltr'><strong>revera</strong></span> <span class='ocrx_word' id='word_1_200' title='bbox 3310 1070 3592 1138; x_wconf 90' lang='lat' dir='ltr'><strong>parvulum</strong></span> <span class='ocrx_word' id='word_1_201' title='bbox 3626 1070 3719 1123; x_wconf 90' lang='lat' dir='ltr'><strong>dc-</strong></span> 
     </span>
    </p>
   </div>
   <div class='ocr_carea' id='block_1_27' title="bbox 2151 1154 3724 1227">
    <p class='ocr_par' dir='ltr' id='par_1_27' title="bbox 2151 1154 3724 1227">
     <span class='ocr_line' id='line_1_27' title="bbox 2151 1154 3724 1227; baseline 0.005 -22"><span class='ocrx_word' id='word_1_202' title='bbox 2151 1154 2493 1218; x_wconf 88' lang='lat' dir='ltr'><strong>monstravit,</strong></span> <span class='ocrx_word' id='word_1_203' title='bbox 2540 1163 2598 1208; x_wconf 93' lang='lat' dir='ltr'><strong>ut</strong></span> <span class='ocrx_word' id='word_1_204' title='bbox 2632 1171 2758 1211; x_wconf 85' lang='lat' dir='ltr'><strong>vere</strong></span> <span class='ocrx_word' id='word_1_205' title='bbox 2806 1167 3115 1227; x_wconf 84' lang='lat' dir='ltr'><strong>susceptam</strong></span> <span class='ocrx_word' id='word_1_206' title='bbox 3147 1160 3215 1212; x_wconf 88' lang='lat' dir='ltr'><strong>ab</strong></span> <span class='ocrx_word' id='word_1_207' title='bbox 3244 1173 3309 1213; x_wconf 92' lang='lat' dir='ltr'><strong>eo</strong></span> <span class='ocrx_word' id='word_1_208' title='bbox 3346 1168 3595 1213; x_wconf 90' lang='lat' dir='ltr'><strong>naturam</strong></span> <span class='ocrx_word' id='word_1_209' title='bbox 3626 1160 3724 1213; x_wconf 57' lang='lat' dir='ltr'><strong>ho.</strong></span> 
     </span>
    </p>
   </div>
   <div class='ocr_carea' id='block_1_28' title="bbox 2151 1243 3724 1318">
    <p class='ocr_par' dir='ltr' id='par_1_28' title="bbox 2151 1243 3724 1318">
     <span class='ocr_line' id='line_1_28' title="bbox 2151 1243 3724 1318; baseline 0.006 -23"><span class='ocrx_word' id='word_1_210' title='bbox 2151 1243 2312 1298; x_wconf 87' lang='lat' dir='ltr'><strong>minis</strong></span> <span class='ocrx_word' id='word_1_211' title='bbox 2346 1246 2694 1315; x_wconf 84' lang='lat' dir='ltr'><strong>significaret.</strong></span> <span class='ocrx_word' id='word_1_212' title='bbox 2734 1247 2938 1303; x_wconf 68' lang='lat' dir='ltr'><strong>Deinde</strong></span> <span class='ocrx_word' id='word_1_213' title='bbox 2982 1250 3250 1318; x_wconf 76' lang='lat' dir='ltr'><strong>subjecit,</strong></span> <span class='ocrx_word' id='word_1_214' title='bbox 3287 1251 3432 1318; x_wconf 80' lang='lat' dir='ltr'><strong>ﬁlius</strong></span> <span class='ocrx_word' id='word_1_215' title='bbox 3461 1251 3618 1306; x_wconf 69' lang='lat' dir='ltr'><strong>datus</strong></span> <span class='ocrx_word' id='word_1_216' title='bbox 3647 1263 3724 1306; x_wconf 83' lang='lat' dir='ltr'><strong>est</strong></span> 
     </span>
    </p>
   </div>
   <div class='ocr_carea' id='block_1_29' title="bbox 2149 1333 3725 1400">
    <p class='ocr_par' dir='ltr' id='par_1_29' title="bbox 2149 1333 3725 1400">
     <span class='ocr_line' id='line_1_29' title="bbox 2149 1333 3725 1400; baseline 0.005 -13"><span class='ocrx_word' id='word_1_217' title='bbox 2149 1333 2331 1400; x_wconf 84' lang='lat' dir='ltr'><strong>nobis;</strong></span> <span class='ocrx_word' id='word_1_218' title='bbox 2361 1346 2417 1390; x_wconf 95' lang='lat' dir='ltr'><strong>ut</strong></span> <span class='ocrx_word' id='word_1_219' title='bbox 2464 1336 2713 1393; x_wconf 87' lang='lat' dir='ltr'><strong>eumdem</strong></span> <span class='ocrx_word' id='word_1_220' title='bbox 2764 1337 2859 1394; x_wconf 89' lang='lat' dir='ltr'><strong>Dei</strong></span> <span class='ocrx_word' id='word_1_221' title='bbox 2909 1355 3031 1396; x_wconf 85' lang='lat' dir='ltr'><strong>esse</strong></span> <span class='ocrx_word' id='word_1_222' title='bbox 3064 1339 3299 1395; x_wconf 83' lang='lat' dir='ltr'><strong>Verbum</strong></span> <span class='ocrx_word' id='word_1_223' title='bbox 3330 1358 3359 1396; x_wconf 88' lang='lat' dir='ltr'><strong>e</strong></span> <span class='ocrx_word' id='word_1_224' title='bbox 3392 1343 3531 1397; x_wconf 64' lang='lat' dir='ltr'><strong>caelo</strong></span> <span class='ocrx_word' id='word_1_225' title='bbox 3575 1342 3725 1397; x_wconf 83' lang='lat' dir='ltr'><strong>dela-</strong></span> 
     </span>
    </p>
   </div>
   <div class='ocr_carea' id='block_1_30' title="bbox 2148 1427 3722 1499">
    <p class='ocr_par' dir='ltr' id='par_1_30' title="bbox 2148 1427 3722 1499">
     <span class='ocr_line' id='line_1_30' title="bbox 2148 1427 3722 1499; baseline 0.003 -16"><span class='ocrx_word' id='word_1_226' title='bbox 2148 1444 2327 1499; x_wconf 89' lang='lat' dir='ltr'><strong>psum,</strong></span> <span class='ocrx_word' id='word_1_227' title='bbox 2359 1427 2564 1499; x_wconf 90' lang='lat' dir='ltr'><strong>Deique</strong></span> <span class='ocrx_word' id='word_1_228' title='bbox 2596 1427 2792 1483; x_wconf 90' lang='lat' dir='ltr'><strong>Filium</strong></span> <span class='ocrx_word' id='word_1_229' title='bbox 2828 1432 3162 1487; x_wconf 87' lang='lat' dir='ltr'><strong>declaratum</strong></span> <span class='ocrx_word' id='word_1_230' title='bbox 3208 1433 3553 1496; x_wconf 89' lang='lat' dir='ltr'><strong>ostenderet,</strong></span> <span class='ocrx_word' id='word_1_231' title='bbox 3582 1442 3636 1489; x_wconf 90' lang='lat' dir='ltr'><strong>et</strong></span> <span class='ocrx_word' id='word_1_232' title='bbox 3667 1436 3722 1487; x_wconf 92' lang='lat' dir='ltr'><strong>in</strong></span> 
     </span>
    </p>
   </div>
   <div class='ocr_carea' id='block_1_31' title="bbox 2149 1524 3723 1597">
    <p class='ocr_par' dir='ltr' id='par_1_31' title="bbox 2149 1524 3723 1597">
     <span class='ocr_line' id='line_1_31' title="bbox 2149 1524 3723 1597; baseline 0.003 -21"><span class='ocrx_word' id='word_1_233' title='bbox 2149 1532 2309 1593; x_wconf 76' lang='lat' dir='ltr'><strong>uterq</strong></span> <span class='ocrx_word' id='word_1_234' title='bbox 2344 1524 2619 1593; x_wconf 88' lang='lat' dir='ltr'><strong>genitum,</strong></span> <span class='ocrx_word' id='word_1_235' title='bbox 2670 1524 3052 1595; x_wconf 87' lang='lat' dir='ltr'><strong>hominemque</strong></span> <span class='ocrx_word' id='word_1_236' title='bbox 3099 1527 3334 1590; x_wconf 90' lang='lat' dir='ltr'><strong>factum,</strong></span> <span class='ocrx_word' id='word_1_237' title='bbox 3367 1526 3437 1580; x_wconf 86' lang='lat' dir='ltr'><strong>ita</strong></span> <span class='ocrx_word' id='word_1_238' title='bbox 3472 1526 3628 1597; x_wconf 72' lang='lat'><strong>153</strong></span> <span class='ocrx_word' id='word_1_239' title='bbox 3661 1534 3723 1581; x_wconf 79' lang='lat' dir='ltr'><strong>ut</strong></span> 
     </span>
    </p>
   </div>
   <div class='ocr_carea' id='block_1_32' title="bbox 2147 1612 3721 1689">
    <p class='ocr_par' dir='ltr' id='par_1_32' title="bbox 2147 1612 3721 1689">
     <span class='ocr_line' id='line_1_32' title="bbox 2147 1612 3721 1689; baseline 0.007 -25"><span class='ocrx_word' id='word_1_240' title='bbox 2147 1612 2416 1681; x_wconf 85' lang='lat' dir='ltr'><strong>duplicem</strong></span> <span class='ocrx_word' id='word_1_241' title='bbox 2454 1614 2505 1667; x_wconf 92' lang='lat' dir='ltr'><strong>in</strong></span> <span class='ocrx_word' id='word_1_242' title='bbox 2536 1630 2594 1669; x_wconf 86' lang='lat' dir='ltr'><strong>se</strong></span> <span class='ocrx_word' id='word_1_243' title='bbox 2627 1622 2897 1679; x_wconf 88' lang='lat' dir='ltr'><strong>naturam,</strong></span> <span class='ocrx_word' id='word_1_244' title='bbox 2941 1616 3033 1671; x_wconf 90' lang='lat' dir='ltr'><strong>Dei</strong></span> <span class='ocrx_word' id='word_1_245' title='bbox 3067 1618 3338 1683; x_wconf 83' lang='lat' dir='ltr'><strong>videlicet,</strong></span> <span class='ocrx_word' id='word_1_246' title='bbox 3374 1618 3721 1689; x_wconf 85' lang='lat' dir='ltr'><strong>hominisque</strong></span> 
     </span>
    </p>
   </div>
   <div class='ocr_carea' id='block_1_33' title="bbox 2147 1704 3720 1781">
    <p class='ocr_par' dir='ltr' id='par_1_33' title="bbox 2147 1704 3720 1781">
     <span class='ocr_line' id='line_1_33' title="bbox 2147 1704 3720 1781; baseline 0.006 -26"><span class='ocrx_word' id='word_1_247' title='bbox 2147 1704 2488 1769; x_wconf 87' lang='lat' dir='ltr'><strong>contineret,</strong></span> <span class='ocrx_word' id='word_1_248' title='bbox 2525 1708 2861 1776; x_wconf 87' lang='lat' dir='ltr'><strong>proindeqtte</strong></span> <span class='ocrx_word' id='word_1_249' title='bbox 2895 1706 3059 1763; x_wconf 88' lang='lat' dir='ltr'><strong>Deum</strong></span> <span class='ocrx_word' id='word_1_250' title='bbox 3101 1712 3305 1780; x_wconf 84' lang='lat' dir='ltr'><strong>pariter</strong></span> <span class='ocrx_word' id='word_1_251' title='bbox 3344 1720 3508 1781; x_wconf 85' lang='lat' dir='ltr'><strong>atque</strong></span> <span class='ocrx_word' id='word_1_252' title='bbox 3543 1713 3720 1767; x_wconf 89' lang='lat' dir='ltr'><strong>homi-</strong></span> 
     </span>
    </p>
   </div>
   <div class='ocr_carea' id='block_1_34' title="bbox 465 1796 2038 1875">
    <p class='ocr_par' dir='ltr' id='par_1_34' title="bbox 465 1801 2038 1875">
     <span class='ocr_line' id='line_1_34' title="bbox 465 1801 2038 1875; baseline 0.001 -21"><span class='ocrx_word' id='word_1_253' title='bbox 465 1801 543 1871; x_wconf 83' lang='grc' dir='ltr'>τῷ</span> <span class='ocrx_word' id='word_1_254' title='bbox 575 1802 751 1873; x_wconf 85' lang='grc' dir='ltr'>Ἰησοῦ</span> <span class='ocrx_word' id='word_1_255' title='bbox 790 1802 919 1875; x_wconf 81' lang='grc' dir='ltr'>ἔφη,</span> <span class='ocrx_word' id='word_1_256' title='bbox 954 1803 1035 1857; x_wconf 82' lang='grc' dir='ltr'>ὅτι</span> <span class='ocrx_word' id='word_1_257' title='bbox 1082 1802 1246 1869; x_wconf 74' lang='grc' dir='ltr'>Τινὲς</span> <span class='ocrx_word' id='word_1_258' title='bbox 1286 1804 1584 1869; x_wconf 78' lang='grc' dir='ltr'>Ἕλληνες</span> <span class='ocrx_word' id='word_1_259' title='bbox 1606 1801 1940 1865; x_wconf 77' lang='grc' dir='ltr'>,βούλονταί</span> <span class='ocrx_word' id='word_1_260' title='bbox 1969 1818 2038 1856; x_wconf 82' lang='grc' dir='ltr'><strong>σε</strong></span> 
     </span>
    </p>
   </div>
   <div class='ocr_carea' id='block_1_35' title="bbox 2140 1796 3720 1875">
    <p class='ocr_par' dir='ltr' id='par_1_35' title="bbox 2146 1796 3720 1872">
     <span class='ocr_line' id='line_1_35' title="bbox 2146 1796 3720 1872; baseline 0.006 -23"><span class='ocrx_word' id='word_1_261' title='bbox 2146 1809 2292 1861; x_wconf 90' lang='lat' dir='ltr'><strong>nem,</strong></span> <span class='ocrx_word' id='word_1_262' title='bbox 2328 1804 2381 1849; x_wconf 87' lang='lat' dir='ltr'><strong>et</strong></span> <span class='ocrx_word' id='word_1_263' title='bbox 2421 1796 2669 1850; x_wconf 87' lang='lat' dir='ltr'><strong>eumdem</strong></span> <span class='ocrx_word' id='word_1_264' title='bbox 2699 1798 2961 1853; x_wconf 87' lang='lat' dir='ltr'><strong>divinitus</strong></span> <span class='ocrx_word' id='word_1_265' title='bbox 2993 1800 3231 1854; x_wconf 86' lang='lat' dir='ltr'><strong>oblatum</strong></span> <span class='ocrx_word' id='word_1_266' title='bbox 3273 1801 3462 1865; x_wconf 86' lang='lat' dir='ltr'><strong>lilium,</strong></span> <span class='ocrx_word' id='word_1_267' title='bbox 3496 1817 3560 1855; x_wconf 88' lang='lat' dir='ltr'><strong>ae</strong></span> <span class='ocrx_word' id='word_1_268' title='bbox 3589 1819 3720 1872; x_wconf 88' lang='lat' dir='ltr'><strong>pue-</strong></span> 
     </span>
    </p>
   </div>
   <div class='ocr_carea' id='block_1_36' title="bbox 466 1889 2044 1967">
    <p class='ocr_par' dir='ltr' id='par_1_36' title="bbox 466 1889 2044 1967">
     <span class='ocr_line' id='line_1_36' title="bbox 466 1889 2044 1967; baseline 0 -21"><span class='ocrx_word' id='word_1_269' title='bbox 466 1889 816 1947; x_wconf 77' lang='grc' dir='ltr'>θεάσασθαι.</span> <span class='ocrx_word' id='word_1_270' title='bbox 862 1894 974 1946; x_wconf 76' lang='grc' dir='ltr'><strong>Καὶ</strong></span> <span class='ocrx_word' id='word_1_271' title='bbox 1021 1893 1179 1957; x_wconf 77' lang='grc' dir='ltr'>εὐθὺς</span> <span class='ocrx_word' id='word_1_272' title='bbox 1217 1895 1243 1947; x_wconf 92' lang='lat'><strong>6</strong></span> <span class='ocrx_word' id='word_1_273' title='bbox 1283 1893 1489 1965; x_wconf 83' lang='grc' dir='ltr'>Κύριος</span> <span class='ocrx_word' id='word_1_274' title='bbox 1534 1889 1907 1962; x_wconf 80' lang='grc' dir='ltr'>ἀποκρίνεται,</span> <span class='ocrx_word' id='word_1_275' title='bbox 1957 1893 2044 1967; x_wconf 80' lang='grc' dir='ltr'>λέ-</span> 
     </span>
    </p>
   </div>
   <div class='ocr_carea' id='block_1_37' title="bbox 465 1981 2046 2057">
    <p class='ocr_par' dir='ltr' id='par_1_37' title="bbox 465 1981 2046 2057">
     <span class='ocr_line' id='line_1_37' title="bbox 465 1981 2046 2057; baseline 0.003 -24"><span class='ocrx_word' id='word_1_276' title='bbox 465 1996 597 2048; x_wconf 86' lang='grc' dir='ltr'>γων·</span> <span class='ocrx_word' id='word_1_277' title='bbox 631 1981 745 2035; x_wconf 88' lang='grc' dir='ltr'>Νῦν</span> <span class='ocrx_word' id='word_1_278' title='bbox 784 1982 1018 2054; x_wconf 73' lang='grc' dir='ltr'>ἔφθασεν</span> <span class='ocrx_word' id='word_1_279' title='bbox 1046 1987 1079 2056; x_wconf 87' lang='grc' dir='ltr'><strong>ἡ</strong></span> <span class='ocrx_word' id='word_1_280' title='bbox 1111 1985 1236 2050; x_wconf 89' lang='grc' dir='ltr'>δόξα</span> <span class='ocrx_word' id='word_1_281' title='bbox 1262 1984 1356 2038; x_wconf 90' lang='grc' dir='ltr'><strong>τοῦ</strong></span> <span class='ocrx_word' id='word_1_282' title='bbox 1392 1985 1547 2039; x_wconf 84' lang='grc' dir='ltr'>Θεοῦ’</span> <span class='ocrx_word' id='word_1_283' title='bbox 1582 1985 1668 2037; x_wconf 81' lang='grc' dir='ltr'>ἵνα</span> <span class='ocrx_word' id='word_1_284' title='bbox 1712 1984 1860 2057; x_wconf 81' lang='grc' dir='ltr'>δείξῃ</span> <span class='ocrx_word' id='word_1_285' title='bbox 1890 2002 2046 2056; x_wconf 86' lang='grc' dir='ltr'>περι-</span> 
     </span>
    </p>
   </div>
   <div class='ocr_carea' id='block_1_38' title="bbox 463 2060 2043 2148">
    <p class='ocr_par' dir='ltr' id='par_1_38' title="bbox 463 2060 2043 2148">
     <span class='ocr_line' id='line_1_38' title="bbox 463 2060 2043 2148; baseline 0.003 -25"><span class='ocrx_word' id='word_1_286' title='bbox 463 2071 635 2143; x_wconf 81' lang='grc' dir='ltr'>τομὴν</span> <span class='ocrx_word' id='word_1_287' title='bbox 689 2074 789 2143; x_wconf 83' lang='grc' dir='ltr'><strong>μὲν</strong></span> <span class='ocrx_word' id='word_1_288' title='bbox 836 2076 1255 2148; x_wconf 81' lang='grc' dir='ltr'>παρερχομένην</span> <span class='ocrx_word' id='word_1_289' title='bbox 1298 2075 1395 2147; x_wconf 83' lang='grc' dir='ltr'><strong>τὴν</strong></span> <span class='ocrx_word' id='word_1_290' title='bbox 1442 2060 1726 2147; x_wconf 77' lang='grc' dir='ltr'>ἕνσαρκον,</span> <span class='ocrx_word' id='word_1_291' title='bbox 1762 2076 1857 2130; x_wconf 73' lang='grc' dir='ltr'><strong>καὶ</strong></span> <span class='ocrx_word' id='word_1_292' title='bbox 1886 2075 2043 2146; x_wconf 84' lang='grc' dir='ltr'>τύπῳ</span> 
     </span>
    </p>
   </div>
   <div class='ocr_carea' id='block_1_39' title="bbox 465 2160 2042 2236">
    <p class='ocr_par' dir='ltr' id='par_1_39' title="bbox 465 2160 2042 2236">
     <span class='ocr_line' id='line_1_39' title="bbox 465 2160 2042 2236; baseline 0.004 -24"><span class='ocrx_word' id='word_1_293' title='bbox 465 2160 887 2233; x_wconf 78' lang='grc' dir='ltr'>ὑπηρετήσασαν</span> <span class='ocrx_word' id='word_1_294' title='bbox 934 2164 1060 2236; x_wconf 80' lang='grc' dir='ltr'>ἄχρι</span> <span class='ocrx_word' id='word_1_295' title='bbox 1104 2164 1317 2236; x_wconf 87' lang='grc' dir='ltr'>χρόνου,</span> <span class='ocrx_word' id='word_1_296' title='bbox 1357 2163 1453 2235; x_wconf 79' lang='grc' dir='ltr'><strong>τὴν</strong></span> <span class='ocrx_word' id='word_1_297' title='bbox 1481 2164 1535 2218; x_wconf 84' lang='grc' dir='ltr'>δὲ</span> <span class='ocrx_word' id='word_1_298' title='bbox 1575 2166 1633 2218; x_wconf 88' lang='grc' dir='ltr'><strong>ἐν</strong></span> <span class='ocrx_word' id='word_1_299' title='bbox 1668 2164 1831 2236; x_wconf 72' lang='grc' dir='ltr'>σαρκὶ</span> <span class='ocrx_word' id='word_1_300' title='bbox 1875 2165 2042 2235; x_wconf 83' lang='grc' dir='ltr'>ἀκρο-</span> 
     </span>
    </p>
   </div>
   <div class='ocr_carea' id='block_1_40' title="bbox 462 2251 2036 2327">
    <p class='ocr_par' dir='ltr' id='par_1_40' title="bbox 462 2251 2036 2327">
     <span class='ocr_line' id='line_1_40' title="bbox 462 2251 2036 2327; baseline 0.002 -23"><span class='ocrx_word' id='word_1_301' title='bbox 462 2251 688 2306; x_wconf 82' lang='grc' dir='ltr'>6υστίαν</span> <span class='ocrx_word' id='word_1_302' title='bbox 734 2255 793 2307; x_wconf 90' lang='grc' dir='ltr'><strong>ἐν</strong></span> <span class='ocrx_word' id='word_1_303' title='bbox 837 2254 1108 2325; x_wconf 85' lang='grc' dir='ltr'>πνεύματι</span> <span class='ocrx_word' id='word_1_304' title='bbox 1158 2255 1385 2326; x_wconf 82' lang='grc' dir='ltr'>ἔχουσαν</span> <span class='ocrx_word' id='word_1_305' title='bbox 1440 2256 1661 2327; x_wconf 81' lang='grc' dir='ltr'>μείζονα</span> <span class='ocrx_word' id='word_1_306' title='bbox 1713 2255 2036 2326; x_wconf 81' lang='grc' dir='ltr'>περιτομὴν,</span> 
     </span>
    </p>
   </div>
   <div class='ocr_carea' id='block_1_41' title="bbox 465 2343 2040 2419">
    <p class='ocr_par' dir='ltr' id='par_1_41' title="bbox 465 2343 2040 2419">
     <span class='ocr_line' id='line_1_41' title="bbox 465 2343 2040 2419; baseline 0.001 -23"><span class='ocrx_word' id='word_1_307' title='bbox 465 2343 774 2417; x_wconf 83' lang='grc' dir='ltr'>θεωροῦσαν</span> <span class='ocrx_word' id='word_1_308' title='bbox 818 2347 1071 2419; x_wconf 80' lang='grc' dir='ltr'>Χριστὸν,</span> <span class='ocrx_word' id='word_1_309' title='bbox 1118 2347 1212 2402; x_wconf 77' lang='grc' dir='ltr'>καὶ</span> <span class='ocrx_word' id='word_1_310' title='bbox 1250 2347 1412 2401; x_wconf 78' lang='grc' dir='ltr'>αὐτὸν</span> <span class='ocrx_word' id='word_1_311' title='bbox 1438 2350 1495 2400; x_wconf 89' lang='grc' dir='ltr'><strong>ἐν</strong></span> <span class='ocrx_word' id='word_1_312' title='bbox 1528 2345 1755 2400; x_wconf 62' lang='grc' dir='ltr'>ἀληθεία</span> <span class='ocrx_word' id='word_1_313' title='bbox 1787 2345 2040 2417; x_wconf 85' lang='grc' dir='ltr'>κατειλη-</span> 
     </span>
    </p>
   </div>
   <div class='ocr_carea' id='block_1_42' title="bbox 465 2439 646 2503">
    <p class='ocr_par' dir='ltr' id='par_1_42' title="bbox 465 2439 646 2503">
     <span class='ocr_line' id='line_1_42' title="bbox 465 2439 646 2503; baseline 0.028 -15"><span class='ocrx_word' id='word_1_314' title='bbox 465 2439 646 2503; x_wconf 75' lang='grc' dir='ltr'>φυίαν.</span> 
     </span>
    </p>
   </div>
   <div class='ocr_carea' id='block_1_43' title="bbox 2147 1888 3720 1962">
    <p class='ocr_par' dir='ltr' id='par_1_43' title="bbox 2147 1888 3720 1962">
     <span class='ocr_line' id='line_1_43' title="bbox 2147 1888 3720 1962; baseline 0.004 -23"><span class='ocrx_word' id='word_1_315' title='bbox 2147 1888 2326 1940; x_wconf 90' lang='lat' dir='ltr'><strong>rnlum</strong></span> <span class='ocrx_word' id='word_1_316' title='bbox 2358 1895 2565 1941; x_wconf 90' lang='lat' dir='ltr'><strong>natum.</strong></span> <span class='ocrx_word' id='word_1_317' title='bbox 2596 1888 2651 1941; x_wconf 92' lang='lat' dir='ltr'><strong>In</strong></span> <span class='ocrx_word' id='word_1_318' title='bbox 2677 1903 2784 1957; x_wconf 81' lang='lat' dir='ltr'><strong>quo</strong></span> <span class='ocrx_word' id='word_1_319' title='bbox 2813 1889 3254 1946; x_wconf 83' lang='lat' dir='ltr'><strong>circumeisionis</strong></span> <span class='ocrx_word' id='word_1_320' title='bbox 3280 1891 3536 1962; x_wconf 78' lang='lat' dir='ltr'><strong>deinceps</strong></span> <span class='ocrx_word' id='word_1_321' title='bbox 3558 1909 3720 1947; x_wconf 89' lang='lat' dir='ltr'><strong>cruor</strong></span> 
     </span>
    </p>
   </div>
   <div class='ocr_carea' id='block_1_44' title="bbox 2146 1978 3717 2052">
    <p class='ocr_par' dir='ltr' id='par_1_44' title="bbox 2146 1978 3717 2052">
     <span class='ocr_line' id='line_1_44' title="bbox 2146 1978 3717 2052; baseline 0.002 -18"><span class='ocrx_word' id='word_1_322' title='bbox 2146 1980 2327 2045; x_wconf 88' lang='lat' dir='ltr'><strong>stetit,</strong></span> <span class='ocrx_word' id='word_1_323' title='bbox 2379 1988 2438 2033; x_wconf 92' lang='lat' dir='ltr'><strong>ut</strong></span> <span class='ocrx_word' id='word_1_324' title='bbox 2482 1980 2535 2033; x_wconf 89' lang='lat' dir='ltr'><strong>in</strong></span> <span class='ocrx_word' id='word_1_325' title='bbox 2584 1978 2879 2049; x_wconf 86' lang='lat' dir='ltr'><strong>Evangelio</strong></span> <span class='ocrx_word' id='word_1_326' title='bbox 2925 1982 3041 2052; x_wconf 88' lang='lat' dir='ltr'><strong>ipse</strong></span> <span class='ocrx_word' id='word_1_327' title='bbox 3080 1992 3332 2038; x_wconf 83' lang='lat' dir='ltr'><strong>testatur.</strong></span> <span class='ocrx_word' id='word_1_328' title='bbox 3386 1983 3520 2038; x_wconf 91' lang='lat' dir='ltr'><strong>Cum</strong></span> <span class='ocrx_word' id='word_1_329' title='bbox 3574 1985 3717 2038; x_wconf 88' lang='lat' dir='ltr'><strong>enim</strong></span> 
     </span>
    </p>
   </div>
   <div class='ocr_carea' id='block_1_45' title="bbox 2144 2072 3718 2143">
    <p class='ocr_par' dir='ltr' id='par_1_45' title="bbox 2144 2072 3718 2143">
     <span class='ocr_line' id='line_1_45' title="bbox 2144 2072 3718 2143; baseline 0.001 -17"><span class='ocrx_word' id='word_1_330' title='bbox 2144 2073 2375 2141; x_wconf 79' lang='lat' dir='ltr'><strong>gentiles</strong></span> <span class='ocrx_word' id='word_1_331' title='bbox 2409 2072 2625 2127; x_wconf 89' lang='lat' dir='ltr'><strong>videndi</strong></span> <span class='ocrx_word' id='word_1_332' title='bbox 2655 2075 2776 2143; x_wconf 86' lang='lat' dir='ltr'><strong>ejus</strong></span> <span class='ocrx_word' id='word_1_333' title='bbox 2806 2074 3078 2130; x_wconf 87' lang='lat' dir='ltr'><strong>desiderio</strong></span> <span class='ocrx_word' id='word_1_334' title='bbox 3122 2075 3490 2130; x_wconf 81' lang='lat' dir='ltr'><strong>accessissent</strong></span> <span class='ocrx_word' id='word_1_335' title='bbox 3517 2093 3531 2141; x_wconf 91' lang='lat'><strong>;</strong></span> <span class='ocrx_word' id='word_1_336' title='bbox 3568 2083 3622 2129; x_wconf 87' lang='lat' dir='ltr'><strong>et</strong></span> <span class='ocrx_word' id='word_1_337' title='bbox 3651 2074 3718 2128; x_wconf 89' lang='lat' dir='ltr'><strong>ad</strong></span> 
     </span>
    </p>
   </div>
   <div class='ocr_carea' id='block_1_46' title="bbox 2146 2164 3720 2233">
    <p class='ocr_par' dir='ltr' id='par_1_46' title="bbox 2146 2164 3720 2233">
     <span class='ocr_line' id='line_1_46' title="bbox 2146 2164 3720 2233; baseline 0.003 -17"><span class='ocrx_word' id='word_1_338' title='bbox 2146 2164 2451 2233; x_wconf 75' lang='lat' dir='ltr'><strong>Philippum</strong></span> <span class='ocrx_word' id='word_1_339' title='bbox 2488 2167 2754 2221; x_wconf 79' lang='lat' dir='ltr'><strong>adeuntes</strong></span> <span class='ocrx_word' id='word_1_340' title='bbox 2802 2167 3069 2221; x_wconf 78' lang='lat' dir='ltr'><strong>dixissent</strong></span> <span class='ocrx_word' id='word_1_341' title='bbox 3106 2182 3118 2218; x_wconf 90' lang='lat'><strong>:</strong></span> <span class='ocrx_word' id='word_1_342' title='bbox 3157 2165 3396 2221; x_wconf 89' lang='lat' dir='ltr'><strong>Ostende</strong></span> <span class='ocrx_word' id='word_1_343' title='bbox 3429 2167 3586 2221; x_wconf 89' lang='lat' dir='ltr'><strong>nobis</strong></span> <span class='ocrx_word' id='word_1_344' title='bbox 3630 2165 3720 2220; x_wconf 80' lang='lat' dir='ltr'><strong>Je-</strong></span> 
     </span>
    </p>
   </div>
   <div class='ocr_carea' id='block_1_47' title="bbox 2145 2254 3716 2326">
    <p class='ocr_par' dir='ltr' id='par_1_47' title="bbox 2145 2254 3716 2326">
     <span class='ocr_line' id='line_1_47' title="bbox 2145 2254 3716 2326; baseline 0.002 -18"><span class='ocrx_word' id='word_1_345' title='bbox 2145 2270 2300 2321; x_wconf 85' lang='lat' dir='ltr'><strong>smn;</strong></span> <span class='ocrx_word' id='word_1_346' title='bbox 2326 2270 2390 2309; x_wconf 88' lang='lat' dir='ltr'><strong>ac</strong></span> <span class='ocrx_word' id='word_1_347' title='bbox 2417 2254 2701 2326; x_wconf 83' lang='lat' dir='ltr'><strong>Philippus</strong></span> <span class='ocrx_word' id='word_1_348' title='bbox 2729 2258 2779 2311; x_wconf 92' lang='lat' dir='ltr'><strong>id</strong></span> <span class='ocrx_word' id='word_1_349' title='bbox 2816 2257 3063 2319; x_wconf 68' lang='lat' dir='ltr'><strong>Androm,</strong></span> <span class='ocrx_word' id='word_1_350' title='bbox 3104 2258 3345 2313; x_wconf 76' lang='lat' dir='ltr'><strong>Andreas</strong></span> <span class='ocrx_word' id='word_1_351' title='bbox 3378 2255 3598 2312; x_wconf 87' lang='lat' dir='ltr'><strong>Christo</strong></span> <span class='ocrx_word' id='word_1_352' title='bbox 3630 2272 3716 2311; x_wconf 82' lang='lat' dir='ltr'><strong>re-</strong></span> 
     </span>
    </p>
   </div>
   <div class='ocr_carea' id='block_1_48' title="bbox 2147 2347 3716 2419">
    <p class='ocr_par' dir='ltr' id='par_1_48' title="bbox 2147 2347 3716 2419">
     <span class='ocr_line' id='line_1_48' title="bbox 2147 2347 3716 2419; baseline 0.002 -20"><span class='ocrx_word' id='word_1_353' title='bbox 2147 2349 2359 2402; x_wconf 85' lang='lat' dir='ltr'><strong>tulisset</strong></span> <span class='ocrx_word' id='word_1_354' title='bbox 2403 2349 2487 2403; x_wconf 89' lang='lat' dir='ltr'><strong>his</strong></span> <span class='ocrx_word' id='word_1_355' title='bbox 2530 2349 2711 2403; x_wconf 86' lang='lat' dir='ltr'><strong>verbis</strong></span> <span class='ocrx_word' id='word_1_356' title='bbox 2743 2368 2755 2403; x_wconf 88' lang='lat'><strong>:</strong></span> <span class='ocrx_word' id='word_1_357' title='bbox 2783 2347 3010 2402; x_wconf 80' lang='lat' dir='ltr'><strong>Gentiles</strong></span> <span class='ocrx_word' id='word_1_358' title='bbox 3054 2350 3269 2419; x_wconf 85' lang='lat' dir='ltr'><strong>quidam</strong></span> <span class='ocrx_word' id='word_1_359' title='bbox 3322 2348 3493 2403; x_wconf 65' lang='lat' dir='ltr'><strong>videre</strong></span> <span class='ocrx_word' id='word_1_360' title='bbox 3540 2359 3587 2403; x_wconf 86' lang='lat' dir='ltr'><strong>te</strong></span> <span class='ocrx_word' id='word_1_361' title='bbox 3627 2364 3716 2402; x_wconf 82' lang='lat' dir='ltr'><strong>cu-</strong></span> 
     </span>
    </p>
   </div>
   <div class='ocr_carea' id='block_1_49' title="bbox 2142 2437 3717 2509">
    <p class='ocr_par' dir='ltr' id='par_1_49' title="bbox 2142 2437 3717 2509">
     <span class='ocr_line' id='line_1_49' title="bbox 2142 2437 3717 2509; baseline 0.002 -20"><span class='ocrx_word' id='word_1_362' title='bbox 2142 2438 2291 2506; x_wconf 86' lang='lat' dir='ltr'><strong>piunt</strong></span> <span class='ocrx_word' id='word_1_363' title='bbox 2338 2437 2379 2501; x_wconf 77' lang='grc'>⁸,</span> <span class='ocrx_word' id='word_1_364' title='bbox 2418 2437 2683 2493; x_wconf 87' lang='lat' dir='ltr'><strong>Dominus</strong></span> <span class='ocrx_word' id='word_1_365' title='bbox 2730 2438 2877 2493; x_wconf 92' lang='lat' dir='ltr'><strong>illico</strong></span> <span class='ocrx_word' id='word_1_366' title='bbox 2925 2439 3432 2509; x_wconf 84' lang='lat' dir='ltr'><strong>respondit:Nunc</strong></span> <span class='ocrx_word' id='word_1_367' title='bbox 3472 2441 3717 2509; x_wconf 85' lang='lat' dir='ltr'><strong>pervenit</strong></span> 
     </span>
    </p>
   </div>
   <div class='ocr_carea' id='block_1_50' title="bbox 461 2530 3716 2603">
    <p class='ocr_par' dir='ltr' id='par_1_50' title="bbox 461 2530 3716 2603">
     <span class='ocr_line' id='line_1_50' title="bbox 461 2530 3716 2603; baseline 0.001 -21"><span class='ocrx_word' id='word_1_368' title='bbox 461 2531 635 2599; x_wconf 88' lang='lat' dir='ltr'><strong>gloria</strong></span> <span class='ocrx_word' id='word_1_369' title='bbox 684 2532 800 2598; x_wconf 81' lang='lat' dir='ltr'><strong>Dei,</strong></span> <span class='ocrx_word' id='word_1_370' title='bbox 852 2542 910 2588; x_wconf 89' lang='lat' dir='ltr'><strong>nt</strong></span> <span class='ocrx_word' id='word_1_371' title='bbox 947 2536 1425 2591; x_wconf 88' lang='lat' dir='ltr'><strong>circnmcisionem</strong></span> <span class='ocrx_word' id='word_1_372' title='bbox 1473 2549 1659 2589; x_wconf 83' lang='lat' dir='ltr'><strong>carnis</strong></span> <span class='ocrx_word' id='word_1_373' title='bbox 1705 2531 2034 2603; x_wconf 64' lang='lat' dir='ltr'><strong>praeteriisse</strong></span> <span class='ocrx_word' id='word_1_374' title='bbox 2061 2530 2173 2601; x_wconf 88' lang='lat' dir='ltr'><strong>jam</strong></span> <span class='ocrx_word' id='word_1_375' title='bbox 2205 2532 2444 2598; x_wconf 84' lang='lat' dir='ltr'><strong>doceret,</strong></span> <span class='ocrx_word' id='word_1_376' title='bbox 2477 2542 2529 2586; x_wconf 90' lang='lat' dir='ltr'><strong>et</strong></span> <span class='ocrx_word' id='word_1_377' title='bbox 2566 2530 2632 2586; x_wconf 85' lang='lat' dir='ltr'><strong>ad</strong></span> <span class='ocrx_word' id='word_1_378' title='bbox 2662 2539 2869 2587; x_wconf 86' lang='lat' dir='ltr'><strong>certum</strong></span> <span class='ocrx_word' id='word_1_379' title='bbox 2930 2543 3141 2603; x_wconf 85' lang='lat' dir='ltr'><strong>tempus</strong></span> <span class='ocrx_word' id='word_1_380' title='bbox 3209 2534 3391 2603; x_wconf 69' lang='lat' dir='ltr'><strong>figurae</strong></span> <span class='ocrx_word' id='word_1_381' title='bbox 3434 2532 3716 2595; x_wconf 85' lang='lat' dir='ltr'><strong>serviisse,</strong></span> 
     </span>
    </p>
   </div>
   <div class='ocr_carea' id='block_1_51' title="bbox 460 2622 3712 2699">
    <p class='ocr_par' dir='ltr' id='par_1_51' title="bbox 460 2622 3712 2699">
     <span class='ocr_line' id='line_1_51' title="bbox 460 2622 3712 2699; baseline 0.001 -24"><span class='ocrx_word' id='word_1_382' title='bbox 460 2622 646 2676; x_wconf 84' lang='lat' dir='ltr'><strong>carnis</strong></span> <span class='ocrx_word' id='word_1_383' title='bbox 708 2639 837 2679; x_wconf 89' lang='lat' dir='ltr'><strong>vero</strong></span> <span class='ocrx_word' id='word_1_384' title='bbox 880 2626 1200 2695; x_wconf 65' lang='lat' dir='ltr'><strong>praeputium</strong></span> <span class='ocrx_word' id='word_1_385' title='bbox 1250 2624 1522 2694; x_wconf 91' lang='lat' dir='ltr'><strong>spirituali</strong></span> <span class='ocrx_word' id='word_1_386' title='bbox 1569 2639 1634 2680; x_wconf 90' lang='lat' dir='ltr'><strong>ac</strong></span> <span class='ocrx_word' id='word_1_387' title='bbox 1702 2623 2068 2699; x_wconf 65' lang='lat' dir='ltr'><strong>prmstantiori</strong></span> <span class='ocrx_word' id='word_1_388' title='bbox 2139 2623 2559 2679; x_wconf 89' lang='lat' dir='ltr'><strong>circumcisione</strong></span> <span class='ocrx_word' id='word_1_389' title='bbox 2620 2623 2905 2694; x_wconf 68' lang='lat' dir='ltr'><strong>praeditum</strong></span> <span class='ocrx_word' id='word_1_390' title='bbox 2965 2625 3320 2695; x_wconf 89' lang='lat' dir='ltr'><strong>contemplari</strong></span> <span class='ocrx_word' id='word_1_391' title='bbox 3396 2626 3712 2695; x_wconf 87' lang='lat' dir='ltr'><strong>Christum,</strong></span> 
     </span>
    </p>
   </div>
   <div class='ocr_carea' id='block_1_52' title="bbox 460 2710 1429 2783">
    <p class='ocr_par' dir='ltr' id='par_1_52' title="bbox 460 2710 1429 2783">
     <span class='ocr_line' id='line_1_52' title="bbox 460 2710 1429 2783; baseline 0.001 -16"><span class='ocrx_word' id='word_1_392' title='bbox 460 2710 693 2779; x_wconf 87' lang='lat' dir='ltr'><strong>ejusque</strong></span> <span class='ocrx_word' id='word_1_393' title='bbox 732 2714 908 2782; x_wconf 90' lang='lat' dir='ltr'><strong>reipsa</strong></span> <span class='ocrx_word' id='word_1_394' title='bbox 948 2722 1251 2783; x_wconf 90' lang='lat' dir='ltr'><strong>compotem</strong></span> <span class='ocrx_word' id='word_1_395' title='bbox 1294 2714 1429 2768; x_wconf 80' lang='lat' dir='ltr'><strong>fieri.</strong></span> 
     </span>
    </p>
   </div>
   <div class='ocr_carea' id='block_1_53' title="bbox 531 2793 2034 2872">
    <p class='ocr_par' dir='ltr' id='par_1_53' title="bbox 531 2793 2034 2872">
     <span class='ocr_line' id='line_1_53' title="bbox 531 2793 2034 2872; baseline -0.004 -14"><span class='ocrx_word' id='word_1_396' title='bbox 531 2804 665 2858; x_wconf 84' lang='lat' dir='ltr'><strong>KH’.</strong></span> <span class='ocrx_word' id='word_1_397' title='bbox 702 2802 766 2854; x_wconf 83' lang='grc' dir='ltr'><strong>Εἰ</strong></span> <span class='ocrx_word' id='word_1_398' title='bbox 799 2800 854 2853; x_wconf 77' lang='grc' dir='ltr'>δὲ</span> <span class='ocrx_word' id='word_1_399' title='bbox 894 2800 1171 2871; x_wconf 80' lang='grc' dir='ltr'>βούλονται</span> <span class='ocrx_word' id='word_1_400' title='bbox 1203 2793 1349 2854; x_wconf 76' lang='grc' dir='ltr'>οὗτοι</span> <span class='ocrx_word' id='word_1_401' title='bbox 1379 2801 1575 2869; x_wconf 88' lang='grc' dir='ltr'>λέγειν,</span> <span class='ocrx_word' id='word_1_402' title='bbox 1618 2800 1742 2865; x_wconf 85' lang='grc' dir='ltr'><strong>Πῶς</strong></span> <span class='ocrx_word' id='word_1_403' title='bbox 1771 2795 1863 2855; x_wconf 70' lang='grc' dir='ltr'><strong>οὖν</strong></span> <span class='ocrx_word' id='word_1_404' title='bbox 1898 2801 2034 2872; x_wconf 85' lang='grc' dir='ltr'>Χρι-</span> 
     </span>
    </p>
   </div>
   <div class='ocr_carea' id='block_1_54' title="bbox 462 2886 2033 2965">
    <p class='ocr_par' dir='ltr' id='par_1_54' title="bbox 462 2886 2033 2965">
     <span class='ocr_line' id='line_1_54' title="bbox 462 2886 2033 2965; baseline -0.003 -15"><span class='ocrx_word' id='word_1_405' title='bbox 462 2895 585 2959; x_wconf 81' lang='grc' dir='ltr'>στὸς</span> <span class='ocrx_word' id='word_1_406' title='bbox 613 2892 992 2965; x_wconf 82' lang='grc' dir='ltr'>περιετμήθη;</span> <span class='ocrx_word' id='word_1_407' title='bbox 1028 2892 1391 2957; x_wconf 78' lang='grc' dir='ltr'>ἀκούσονται,</span> <span class='ocrx_word' id='word_1_408' title='bbox 1425 2893 1506 2946; x_wconf 86' lang='grc' dir='ltr'><strong>ὄτι</strong></span> <span class='ocrx_word' id='word_1_409' title='bbox 1543 2892 1680 2964; x_wconf 84' lang='grc' dir='ltr'>Ἤδη</span> <span class='ocrx_word' id='word_1_410' title='bbox 1719 2894 1817 2962; x_wconf 86' lang='grc' dir='ltr'><strong>μὲν</strong></span> <span class='ocrx_word' id='word_1_411' title='bbox 1840 2888 1952 2956; x_wconf 72' lang='grc' dir='ltr'>οὖν,</span> <span class='ocrx_word' id='word_1_412' title='bbox 1987 2886 2033 2945; x_wconf 81' lang='grc' dir='ltr'><strong>ὦ</strong></span> 
     </span>
    </p>
   </div>
   <div class='ocr_carea' id='block_1_55' title="bbox 461 2983 2032 3057">
    <p class='ocr_par' dir='ltr' id='par_1_55' title="bbox 461 2983 2032 3057">
     <span class='ocr_line' id='line_1_55' title="bbox 461 2983 2032 3057; baseline -0.004 -15"><span class='ocrx_word' id='word_1_413' title='bbox 461 2986 887 3057; x_wconf 79' lang='grc' dir='ltr'>πεπλανημένοι,</span> <span class='ocrx_word' id='word_1_414' title='bbox 928 2984 1210 3054; x_wconf 77' lang='grc' dir='ltr'>ἐδείξαμεν</span> <span class='ocrx_word' id='word_1_415' title='bbox 1257 2985 1384 3055; x_wconf 81' lang='grc' dir='ltr'>ὑμῖν</span> <span class='ocrx_word' id='word_1_416' title='bbox 1433 2983 1498 3036; x_wconf 85' lang='grc' dir='ltr'>δι’</span> <span class='ocrx_word' id='word_1_417' title='bbox 1538 2985 1602 3054; x_wconf 79' lang='grc' dir='ltr'>ἢν</span> <span class='ocrx_word' id='word_1_418' title='bbox 1641 2984 1819 3037; x_wconf 79' lang='grc' dir='ltr'>αἰτίαν</span> <span class='ocrx_word' id='word_1_419' title='bbox 1873 3001 2032 3054; x_wconf 87' lang='grc' dir='ltr'>περι-</span> 
     </span>
    </p>
   </div>
   <div class='ocr_carea' id='block_1_56' title="bbox 460 3069 2036 3149">
    <p class='ocr_par' dir='ltr' id='par_1_56' title="bbox 460 3069 2036 3149">
     <span class='ocr_line' id='line_1_56' title="bbox 460 3069 2036 3149; baseline -0.001 -19"><span class='ocrx_word' id='word_1_420' title='bbox 460 3069 696 3149; x_wconf 80' lang='grc' dir='ltr'>ετμήθη.</span> <span class='ocrx_word' id='word_1_421' title='bbox 733 3076 1079 3147; x_wconf 86' lang='grc' dir='ltr'>Περιετμήθη</span> <span class='ocrx_word' id='word_1_422' title='bbox 1115 3075 1223 3147; x_wconf 85' lang='grc' dir='ltr'><strong>γὰρ</strong></span> <span class='ocrx_word' id='word_1_423' title='bbox 1257 3076 1344 3129; x_wconf 82' lang='grc' dir='ltr'><strong>διὰ</strong></span> <span class='ocrx_word' id='word_1_424' title='bbox 1380 3074 1608 3139; x_wconf 72' lang='grc' dir='ltr'>πολλοὺς</span> <span class='ocrx_word' id='word_1_425' title='bbox 1634 3075 1886 3146; x_wconf 81' lang='grc' dir='ltr'>τρόπους.</span> <span class='ocrx_word' id='word_1_426' title='bbox 1924 3076 2036 3129; x_wconf 71' lang='lat' dir='ltr'><strong>Kal.</strong></span> 
     </span>
    </p>
   </div>
   <div class='ocr_carea' id='block_1_57' title="bbox 461 3164 2034 3239">
    <p class='ocr_par' dir='ltr' id='par_1_57' title="bbox 461 3164 2034 3239">
     <span class='ocr_line' id='line_1_57' title="bbox 461 3164 2034 3239; baseline -0.003 -18"><span class='ocrx_word' id='word_1_427' title='bbox 461 3167 698 3239; x_wconf 84' lang='grc' dir='ltr'>πρῶτον,</span> <span class='ocrx_word' id='word_1_428' title='bbox 726 3167 813 3219; x_wconf 80' lang='grc' dir='ltr'>ἵνα</span> <span class='ocrx_word' id='word_1_429' title='bbox 853 3165 1001 3238; x_wconf 86' lang='grc' dir='ltr'>δείξῃ</span> <span class='ocrx_word' id='word_1_430' title='bbox 1034 3168 1091 3219; x_wconf 90' lang='grc' dir='ltr'><strong>ἐν</strong></span> <span class='ocrx_word' id='word_1_431' title='bbox 1126 3166 1352 3236; x_wconf 78' lang='grc' dir='ltr'>ἀληθείᾳ</span> <span class='ocrx_word' id='word_1_432' title='bbox 1386 3165 1562 3236; x_wconf 85' lang='grc' dir='ltr'>σάρκα</span> <span class='ocrx_word' id='word_1_433' title='bbox 1604 3164 1792 3218; x_wconf 83' lang='grc' dir='ltr'>ἐαυτὸν</span> <span class='ocrx_word' id='word_1_434' title='bbox 1819 3164 2034 3236; x_wconf 82' lang='grc' dir='ltr'>ἀνειλη-</span> 
     </span>
    </p>
   </div>
   <div class='ocr_carea' id='block_1_58' title="bbox 462 3257 2036 3328">
    <p class='ocr_par' dir='ltr' id='par_1_58' title="bbox 462 3257 2036 3328">
     <span class='ocr_line' id='line_1_58' title="bbox 462 3257 2036 3328; baseline -0.001 -17"><span class='ocrx_word' id='word_1_435' title='bbox 462 3259 638 3328; x_wconf 67' lang='grc' dir='ltr'>φέναι,</span> <span class='ocrx_word' id='word_1_436' title='bbox 675 3257 765 3312; x_wconf 79' lang='grc' dir='ltr'>διὰ</span> <span class='ocrx_word' id='word_1_437' title='bbox 812 3259 1110 3328; x_wconf 63' lang='grc' dir='ltr'>Μανιχαῶν</span> <span class='ocrx_word' id='word_1_438' title='bbox 1160 3258 1253 3310; x_wconf 73' lang='grc' dir='ltr'><strong>καὶ</strong></span> <span class='ocrx_word' id='word_1_439' title='bbox 1287 3257 1412 3322; x_wconf 81' lang='grc' dir='ltr'>τοὺς</span> <span class='ocrx_word' id='word_1_440' title='bbox 1453 3258 1706 3327; x_wconf 83' lang='grc' dir='ltr'>λέγοντας</span> <span class='ocrx_word' id='word_1_441' title='bbox 1736 3259 1792 3310; x_wconf 89' lang='grc' dir='ltr'><strong>ἐν</strong></span> <span class='ocrx_word' id='word_1_442' title='bbox 1818 3257 2036 3328; x_wconf 84' lang='grc' dir='ltr'>δοκήσει</span> 
     </span>
    </p>
   </div>
   <div class='ocr_carea' id='block_1_59' title="bbox 460 3344 2035 3422">
    <p class='ocr_par' dir='ltr' id='par_1_59' title="bbox 460 3344 2035 3422">
     <span class='ocr_line' id='line_1_59' title="bbox 460 3344 2035 3422; baseline -0.002 -19"><span class='ocrx_word' id='word_1_443' title='bbox 460 3351 790 3422; x_wconf 70' lang='grc' dir='ltr'>πεφηνέναι·</span> <span class='ocrx_word' id='word_1_444' title='bbox 839 3349 1063 3417; x_wconf 77' lang='grc' dir='ltr'>ἔπειτα,</span> <span class='ocrx_word' id='word_1_445' title='bbox 1120 3350 1207 3403; x_wconf 80' lang='grc' dir='ltr'><strong>ἵνα</strong></span> <span class='ocrx_word' id='word_1_446' title='bbox 1257 3349 1424 3422; x_wconf 83' lang='grc' dir='ltr'>δείξῃ,</span> <span class='ocrx_word' id='word_1_447' title='bbox 1461 3349 1536 3414; x_wconf 84' lang='grc' dir='ltr'>ὼς</span> <span class='ocrx_word' id='word_1_448' title='bbox 1586 3350 1685 3402; x_wconf 82' lang='grc' dir='ltr'><strong>οὑκ</strong></span> <span class='ocrx_word' id='word_1_449' title='bbox 1733 3344 1801 3419; x_wconf 80' lang='grc' dir='ltr'>ἦν</span> <span class='ocrx_word' id='word_1_450' title='bbox 1843 3348 2035 3419; x_wconf 79' lang='grc' dir='ltr'>ὁμοσύ-</span> 
     </span>
    </p>
   </div>
   <div class='ocr_carea' id='block_1_60' title="bbox 356 3439 2032 3513">
    <p class='ocr_par' dir='ltr' id='par_1_60' title="bbox 356 3439 2032 3513">
     <span class='ocr_line' id='line_1_60' title="bbox 356 3439 2032 3513; baseline 0.002 -23"><span class='ocrx_word' id='word_1_451' title='bbox 356 3481 367 3490; x_wconf 93' lang='grc'><strong>.</strong></span> <span class='ocrx_word' id='word_1_452' title='bbox 461 3460 573 3495; x_wconf 87' lang='grc' dir='ltr'>σιον</span> <span class='ocrx_word' id='word_1_453' title='bbox 606 3442 716 3513; x_wconf 65' lang='grc'><strong>(46)</strong></span> <span class='ocrx_word' id='word_1_454' title='bbox 750 3441 809 3496; x_wconf 86' lang='grc' dir='ltr'>τὺ</span> <span class='ocrx_word' id='word_1_455' title='bbox 844 3440 1004 3513; x_wconf 86' lang='grc' dir='ltr'>σῶμα</span> <span class='ocrx_word' id='word_1_456' title='bbox 1037 3444 1103 3513; x_wconf 84' lang='grc' dir='ltr'>τῇ</span> <span class='ocrx_word' id='word_1_457' title='bbox 1140 3441 1373 3513; x_wconf 86' lang='grc' dir='ltr'>θεότητι,</span> <span class='ocrx_word' id='word_1_458' title='bbox 1435 3440 1510 3504; x_wconf 86' lang='grc' dir='ltr'>ὡς</span> <span class='ocrx_word' id='word_1_459' title='bbox 1550 3440 1714 3511; x_wconf 69' lang='grc' dir='ltr'>φησιν</span> <span class='ocrx_word' id='word_1_460' title='bbox 1754 3439 2032 3494; x_wconf 84' lang='grc' dir='ltr'>Ἀπολινά-</span> 
     </span>
    </p>
   </div>
   <div class='ocr_carea' id='block_1_61' title="bbox 460 3527 2033 3602">
    <p class='ocr_par' dir='ltr' id='par_1_61' title="bbox 460 3527 2033 3602">
     <span class='ocr_line' id='line_1_61' title="bbox 460 3527 2033 3602; baseline -0.003 -17"><span class='ocrx_word' id='word_1_461' title='bbox 460 3548 603 3602; x_wconf 69' lang='grc' dir='ltr'>ριοςο</span> <span class='ocrx_word' id='word_1_462' title='bbox 634 3531 750 3585; x_wconf 84' lang='grc' dir='ltr'>ἀλλ’</span> <span class='ocrx_word' id='word_1_463' title='bbox 783 3529 906 3584; x_wconf 72' lang='grc' dir='ltr'>οὔτε</span> <span class='ocrx_word' id='word_1_464' title='bbox 938 3530 1145 3585; x_wconf 82' lang='grc' dir='ltr'>ἄνωθεν</span> <span class='ocrx_word' id='word_1_465' title='bbox 1184 3530 1315 3584; x_wconf 84' lang='grc' dir='ltr'>αὐτὸ</span> <span class='ocrx_word' id='word_1_466' title='bbox 1355 3530 1730 3600; x_wconf 80' lang='grc' dir='ltr'>κατενήνοχεν,</span> <span class='ocrx_word' id='word_1_467' title='bbox 1779 3529 1855 3592; x_wconf 84' lang='grc' dir='ltr'>ὡς</span> <span class='ocrx_word' id='word_1_468' title='bbox 1884 3527 2033 3597; x_wconf 87' lang='grc' dir='ltr'>λέγει</span> 
     </span>
    </p>
   </div>
   <div class='ocr_carea' id='block_1_62' title="bbox 459 3620 2036 3693">
    <p class='ocr_par' dir='ltr' id='par_1_62' title="bbox 459 3620 2036 3693">
     <span class='ocr_line' id='line_1_62' title="bbox 459 3620 2036 3693; baseline -0.003 -16"><span class='ocrx_word' id='word_1_469' title='bbox 459 3625 807 3687; x_wconf 82' lang='grc' dir='ltr'>υῦαλεντῖνος</span> <span class='ocrx_word' id='word_1_470' title='bbox 827 3641 840 3655; x_wconf 74' lang='grc'><strong><em>⁸</em></strong></span> <span class='ocrx_word' id='word_1_471' title='bbox 874 3623 969 3677; x_wconf 73' lang='grc' dir='ltr'><strong>καὶ</strong></span> <span class='ocrx_word' id='word_1_472' title='bbox 993 3623 1079 3676; x_wconf 81' lang='grc' dir='ltr'><strong>ἵνα</strong></span> <span class='ocrx_word' id='word_1_473' title='bbox 1106 3621 1382 3692; x_wconf 78' lang='grc' dir='ltr'>βεϐαιώσῃ</span> <span class='ocrx_word' id='word_1_474' title='bbox 1402 3624 1468 3693; x_wconf 79' lang='grc' dir='ltr'>ἢν</span> <span class='ocrx_word' id='word_1_475' title='bbox 1498 3622 1666 3675; x_wconf 80' lang='grc' dir='ltr'>πάλαι</span> <span class='ocrx_word' id='word_1_476' title='bbox 1687 3620 1850 3674; x_wconf 75' lang='grc' dir='ltr'>ἔδωκε</span> <span class='ocrx_word' id='word_1_477' title='bbox 1879 3638 2036 3692; x_wconf 85' lang='grc' dir='ltr'>περι-</span> 
     </span>
    </p>
   </div>
   <div class='ocr_carea' id='block_1_63' title="bbox 456 3710 2031 3786">
    <p class='ocr_par' dir='ltr' id='par_1_63' title="bbox 456 3710 2031 3786">
     <span class='ocr_line' id='line_1_63' title="bbox 456 3710 2031 3786; baseline -0.003 -17"><span class='ocrx_word' id='word_1_478' title='bbox 456 3714 628 3786; x_wconf 83' lang='grc' dir='ltr'>τομὴν</span> <span class='ocrx_word' id='word_1_479' title='bbox 656 3713 880 3778; x_wconf 82' lang='grc' dir='ltr'>δικαίως</span> <span class='ocrx_word' id='word_1_480' title='bbox 904 3713 1329 3784; x_wconf 82' lang='grc' dir='ltr'>ὑπηρετήσασαν</span> <span class='ocrx_word' id='word_1_481' title='bbox 1359 3712 1463 3775; x_wconf 79' lang='grc' dir='ltr'><strong>ἓως</strong></span> <span class='ocrx_word' id='word_1_482' title='bbox 1493 3712 1592 3782; x_wconf 79' lang='grc' dir='ltr'>τῆς</span> <span class='ocrx_word' id='word_1_483' title='bbox 1626 3710 1792 3766; x_wconf 83' lang='grc' dir='ltr'>αὐτοῦ</span> <span class='ocrx_word' id='word_1_484' title='bbox 1822 3728 2031 3783; x_wconf 87' lang='grc' dir='ltr'>παρου-</span> 
     </span>
    </p>
   </div>
   <div class='ocr_carea' id='block_1_64' title="bbox 457 3800 2029 3876">
    <p class='ocr_par' dir='ltr' id='par_1_64' title="bbox 457 3800 2029 3876">
     <span class='ocr_line' id='line_1_64' title="bbox 457 3800 2029 3876; baseline -0.002 -16"><span class='ocrx_word' id='word_1_485' title='bbox 457 3806 600 3871; x_wconf 88' lang='grc' dir='ltr'>σίας,</span> <span class='ocrx_word' id='word_1_486' title='bbox 628 3808 721 3860; x_wconf 72' lang='grc' dir='ltr'><strong>καὶ</strong></span> <span class='ocrx_word' id='word_1_487' title='bbox 751 3806 839 3860; x_wconf 83' lang='grc' dir='ltr'>διὰ</span> <span class='ocrx_word' id='word_1_488' title='bbox 873 3805 932 3859; x_wconf 81' lang='grc' dir='ltr'><strong>τὸ</strong></span> <span class='ocrx_word' id='word_1_489' title='bbox 958 3800 1032 3876; x_wconf 70' lang='grc' dir='ltr'>μή</span> <span class='ocrx_word' id='word_1_490' title='bbox 1065 3804 1212 3874; x_wconf 80' lang='grc' dir='ltr'>ἔχειν</span> <span class='ocrx_word' id='word_1_491' title='bbox 1234 3804 1358 3868; x_wconf 83' lang='grc' dir='ltr'>τοὺς</span> <span class='ocrx_word' id='word_1_492' title='bbox 1393 3803 1679 3867; x_wconf 84' lang='grc' dir='ltr'>Ἰουδαίους</span> <span class='ocrx_word' id='word_1_493' title='bbox 1713 3802 2029 3872; x_wconf 88' lang='grc' dir='ltr'>ἀπολογίαν.</span> 
     </span>
    </p>
   </div>
   <div class='ocr_carea' id='block_1_65' title="bbox 457 3889 2032 3969">
    <p class='ocr_par' dir='ltr' id='par_1_65' title="bbox 457 3889 2032 3969">
     <span class='ocr_line' id='line_1_65' title="bbox 457 3889 2032 3969; baseline -0.002 -18"><span class='ocrx_word' id='word_1_494' title='bbox 457 3900 518 3952; x_wconf 85' lang='grc' dir='ltr'><strong>Εἰ</strong></span> <span class='ocrx_word' id='word_1_495' title='bbox 552 3898 660 3969; x_wconf 79' lang='grc' dir='ltr'>γὰρ</span> <span class='ocrx_word' id='word_1_496' title='bbox 696 3897 770 3969; x_wconf 81' lang='grc' dir='ltr'>μὴ</span> <span class='ocrx_word' id='word_1_497' title='bbox 819 3895 1187 3967; x_wconf 85' lang='grc' dir='ltr'>περιετμήθη,</span> <span class='ocrx_word' id='word_1_498' title='bbox 1242 3889 1388 3966; x_wconf 85' lang='grc' dir='ltr'>εἶχον</span> <span class='ocrx_word' id='word_1_499' title='bbox 1429 3895 1640 3963; x_wconf 87' lang='grc' dir='ltr'>λέγειν·</span> <span class='ocrx_word' id='word_1_500' title='bbox 1687 3895 1801 3948; x_wconf 83' lang='grc' dir='ltr'>Οὐκ</span> <span class='ocrx_word' id='word_1_501' title='bbox 1835 3894 2032 3964; x_wconf 74' lang='grc' dir='ltr'>ἠδυνά-</span> 
     </span>
    </p>
   </div>
   <div class='ocr_carea' id='block_1_66' title="bbox 459 3983 2033 4057">
    <p class='ocr_par' dir='ltr' id='par_1_66' title="bbox 459 3983 2033 4057">
     <span class='ocr_line' id='line_1_66' title="bbox 459 3983 2033 4057; baseline -0.002 -17"><span class='ocrx_word' id='word_1_502' title='bbox 459 3986 597 4055; x_wconf 85' lang='grc' dir='ltr'>μεθα</span> <span class='ocrx_word' id='word_1_503' title='bbox 629 3986 866 4057; x_wconf 82' lang='grc' dir='ltr'>Χριστὸν</span> <span class='ocrx_word' id='word_1_504' title='bbox 886 3984 1139 4052; x_wconf 86' lang='grc' dir='ltr'>δέξασθαι</span> <span class='ocrx_word' id='word_1_505' title='bbox 1165 3987 1222 4037; x_wconf 87' lang='grc' dir='ltr'><strong>ἐν</strong></span> <span class='ocrx_word' id='word_1_506' title='bbox 1248 3983 1600 4055; x_wconf 79' lang='grc' dir='ltr'>ἀκροϐυστίᾳ.</span> <span class='ocrx_word' id='word_1_507' title='bbox 1626 3984 1834 4049; x_wconf 75' lang='grc' dir='ltr'>Ἄλλως</span> <span class='ocrx_word' id='word_1_508' title='bbox 1857 4001 1916 4037; x_wconf 87' lang='grc' dir='ltr'><strong>τε</strong></span> <span class='ocrx_word' id='word_1_509' title='bbox 1939 3985 2033 4040; x_wconf 70' lang='grc' dir='ltr'>καὶ</span> 
     </span>
    </p>
   </div>
   <div class='ocr_carea' id='block_1_67' title="bbox 453 4075 2029 4148">
    <p class='ocr_par' dir='ltr' id='par_1_67' title="bbox 453 4075 2029 4148">
     <span class='ocr_line' id='line_1_67' title="bbox 453 4075 2029 4148; baseline 0.001 -19"><span class='ocrx_word' id='word_1_510' title='bbox 453 4078 559 4131; x_wconf 82' lang='grc' dir='ltr'>ὲδει</span> <span class='ocrx_word' id='word_1_511' title='bbox 594 4077 755 4132; x_wconf 78' lang='grc' dir='ltr'>αὐτὸν</span> <span class='ocrx_word' id='word_1_512' title='bbox 789 4076 1162 4148; x_wconf 75' lang='grc' dir='ltr'>ἐντειλάμενον</span> <span class='ocrx_word' id='word_1_513' title='bbox 1192 4075 1269 4146; x_wconf 83' lang='grc' dir='ltr'><strong>τῷ</strong></span> <span class='ocrx_word' id='word_1_514' title='bbox 1314 4076 1565 4148; x_wconf 80' lang='grc' dir='ltr'>Ἀϐραὰμ</span> <span class='ocrx_word' id='word_1_515' title='bbox 1604 4076 2029 4148; x_wconf 83' lang='grc' dir='ltr'>περιτμηθῆναι,</span> 
     </span>
    </p>
   </div>
   <div class='ocr_carea' id='block_1_68' title="bbox 458 4165 2032 4240">
    <p class='ocr_par' dir='ltr' id='par_1_68' title="bbox 458 4165 2032 4240">
     <span class='ocr_line' id='line_1_68' title="bbox 458 4165 2032 4240; baseline -0.002 -19"><span class='ocrx_word' id='word_1_516' title='bbox 458 4168 750 4240; x_wconf 79' lang='grc' dir='ltr'>σφραγῖδος</span> <span class='ocrx_word' id='word_1_517' title='bbox 784 4166 946 4220; x_wconf 73' lang='grc' dir='ltr'>ἕνεκα</span> <span class='ocrx_word' id='word_1_518' title='bbox 980 4167 1333 4236; x_wconf 85' lang='grc' dir='ltr'>φαινομένης,</span> <span class='ocrx_word' id='word_1_519' title='bbox 1368 4166 1448 4229; x_wconf 88' lang='grc' dir='ltr'>εἰς</span> <span class='ocrx_word' id='word_1_520' title='bbox 1476 4165 1645 4219; x_wconf 85' lang='grc' dir='ltr'>τύπον</span> <span class='ocrx_word' id='word_1_521' title='bbox 1678 4166 1736 4219; x_wconf 81' lang='grc' dir='ltr'>δὲ</span> <span class='ocrx_word' id='word_1_522' title='bbox 1770 4165 2032 4236; x_wconf 84' lang='grc' dir='ltr'>ἀληθινῆς</span> 
     </span>
    </p>
   </div>
   <div class='ocr_carea' id='block_1_69' title="bbox 454 4256 2027 4332">
    <p class='ocr_par' dir='ltr' id='par_1_69' title="bbox 454 4256 2027 4332">
     <span class='ocr_line' id='line_1_69' title="bbox 454 4256 2027 4332; baseline -0.001 -20"><span class='ocrx_word' id='word_1_523' title='bbox 454 4261 547 4313; x_wconf 73' lang='grc' dir='ltr'>καὶ</span> <span class='ocrx_word' id='word_1_524' title='bbox 583 4259 815 4332; x_wconf 80' lang='grc' dir='ltr'>ἀοράτου</span> <span class='ocrx_word' id='word_1_525' title='bbox 868 4256 1146 4329; x_wconf 83' lang='grc' dir='ltr'>δοθείσης,</span> <span class='ocrx_word' id='word_1_526' title='bbox 1194 4256 1290 4308; x_wconf 83' lang='grc' dir='ltr'><strong>νῦν</strong></span> <span class='ocrx_word' id='word_1_527' title='bbox 1332 4256 1736 4328; x_wconf 80' lang='grc' dir='ltr'>περιτμηθῆναι</span> <span class='ocrx_word' id='word_1_528' title='bbox 1781 4256 1984 4328; x_wconf 80' lang='grc' dir='ltr'>ταύτην</span> <span class='ocrx_word' id='word_1_529' title='bbox 2011 4258 2027 4288; x_wconf 88' lang='grc'>¹</span> 
     </span>
    </p>
   </div>
   <div class='ocr_carea' id='block_1_70' title="bbox 457 4348 2103 4425">
    <p class='ocr_par' dir='ltr' id='par_1_70' title="bbox 457 4348 2103 4425">
     <span class='ocr_line' id='line_1_70' title="bbox 457 4348 2103 4425; baseline -0.002 -20"><span class='ocrx_word' id='word_1_530' title='bbox 457 4351 774 4422; x_wconf 70' lang='grc' dir='ltr'>βεϐαιῶσαι.</span> <span class='ocrx_word' id='word_1_531' title='bbox 808 4350 1058 4419; x_wconf 79' lang='grc' dir='ltr'>Ἐγένετο</span> <span class='ocrx_word' id='word_1_532' title='bbox 1087 4349 1194 4419; x_wconf 78' lang='grc' dir='ltr'><strong>γὰρ</strong></span> <span class='ocrx_word' id='word_1_533' title='bbox 1222 4350 1255 4418; x_wconf 84' lang='grc' dir='ltr'><strong>ὴ</strong></span> <span class='ocrx_word' id='word_1_534' title='bbox 1290 4348 1587 4419; x_wconf 86' lang='grc' dir='ltr'>φαινομένη</span> <span class='ocrx_word' id='word_1_535' title='bbox 1620 4348 1891 4420; x_wconf 85' lang='grc' dir='ltr'>περιτομὴ</span> <span class='ocrx_word' id='word_1_536' title='bbox 1914 4348 2029 4402; x_wconf 81' lang='grc' dir='ltr'>ἐνε-</span> <span class='ocrx_word' id='word_1_537' title='bbox 2061 4371 2103 4425; x_wconf 79' lang='grc' dir='ltr'><strong>ι)</strong></span> 
     </span>
    </p>
   </div>
   <div class='ocr_carea' id='block_1_71' title="bbox 457 4434 2028 4512">
    <p class='ocr_par' dir='ltr' id='par_1_71' title="bbox 457 4434 2028 4512">
     <span class='ocr_line' id='line_1_71' title="bbox 457 4434 2028 4512; baseline -0.003 -16"><span class='ocrx_word' id='word_1_538' title='bbox 457 4459 552 4497; x_wconf 85' lang='grc' dir='ltr'>κεν.</span> <span class='ocrx_word' id='word_1_539' title='bbox 580 4440 879 4512; x_wconf 82' lang='grc' dir='ltr'>δισταγμοῦ</span> <span class='ocrx_word' id='word_1_540' title='bbox 916 4440 1011 4493; x_wconf 88' lang='grc' dir='ltr'><strong>τοῦ</strong></span> <span class='ocrx_word' id='word_1_541' title='bbox 1054 4440 1324 4510; x_wconf 78' lang='grc' dir='ltr'>Ἀδραὰμ,</span> <span class='ocrx_word' id='word_1_542' title='bbox 1367 4440 1454 4493; x_wconf 83' lang='grc' dir='ltr'>ὅτε</span> <span class='ocrx_word' id='word_1_543' title='bbox 1489 4434 1643 4492; x_wconf 77' lang='grc' dir='ltr'>εἶπεν</span> <span class='ocrx_word' id='word_1_544' title='bbox 1672 4441 1701 4492; x_wconf 89' lang='lat'><strong>6</strong></span> <span class='ocrx_word' id='word_1_545' title='bbox 1742 4441 1897 4507; x_wconf 74' lang='grc' dir='ltr'>ἅγιος</span> <span class='ocrx_word' id='word_1_546' title='bbox 1934 4440 2028 4494; x_wconf 76' lang='grc' dir='ltr'><strong>καὶ</strong></span> 
     </span>
    </p>
   </div>
   <div class='ocr_carea' id='block_1_72' title="bbox 455 4531 2023 4603">
    <p class='ocr_par' dir='ltr' id='par_1_72' title="bbox 455 4531 2023 4603">
     <span class='ocr_line' id='line_1_72' title="bbox 455 4531 2023 4603; baseline -0.003 -14"><span class='ocrx_word' id='word_1_547' title='bbox 455 4537 661 4599; x_wconf 83' lang='grc' dir='ltr'>δίκαιος</span> <span class='ocrx_word' id='word_1_548' title='bbox 696 4534 772 4599; x_wconf 80' lang='grc' dir='ltr'>ὡς</span> <span class='ocrx_word' id='word_1_549' title='bbox 809 4536 867 4587; x_wconf 86' lang='grc' dir='ltr'><strong>ἐν</strong></span> <span class='ocrx_word' id='word_1_550' title='bbox 899 4533 1210 4603; x_wconf 73' lang='grc' dir='ltr'>δισταγμῷο</span> <span class='ocrx_word' id='word_1_551' title='bbox 1234 4534 1302 4586; x_wconf 85' lang='lat' dir='ltr'><strong>El</strong></span> <span class='ocrx_word' id='word_1_552' title='bbox 1330 4531 1407 4597; x_wconf 77' lang='grc' dir='ltr'>τῷ</span> <span class='ocrx_word' id='word_1_553' title='bbox 1436 4531 1874 4586; x_wconf 60' lang='grc' dir='ltr'>ἐκατονταέτεμ</span> <span class='ocrx_word' id='word_1_554' title='bbox 1898 4531 2023 4597; x_wconf 82' lang='grc' dir='ltr'>υίὸς</span> 
     </span>
    </p>
   </div>
   <div class='ocr_carea' id='block_1_73' title="bbox 458 4622 2033 4696">
    <p class='ocr_par' dir='ltr' id='par_1_73' title="bbox 458 4622 2033 4696">
     <span class='ocr_line' id='line_1_73' title="bbox 458 4622 2033 4696; baseline -0.003 -17"><span class='ocrx_word' id='word_1_555' title='bbox 458 4627 810 4696; x_wconf 58' lang='grc' dir='ltr'>αενήσετιικ</span> <span class='ocrx_word' id='word_1_556' title='bbox 854 4626 952 4680; x_wconf 79' lang='grc' dir='ltr'>καὶ</span> <span class='ocrx_word' id='word_1_557' title='bbox 1000 4628 1052 4679; x_wconf 83' lang='grc' dir='ltr'>εὶ</span> <span class='ocrx_word' id='word_1_558' title='bbox 1097 4624 1295 4693; x_wconf 78' lang='grc' dir='ltr'><strong>Σὰρῤα</strong></span> <span class='ocrx_word' id='word_1_559' title='bbox 1324 4623 1363 4690; x_wconf 72' lang='grc' dir='ltr'><strong>ἡ</strong></span> <span class='ocrx_word' id='word_1_560' title='bbox 1402 4623 1723 4693; x_wconf 81' lang='grc' dir='ltr'>πρεσϐῦτις</span> <span class='ocrx_word' id='word_1_561' title='bbox 1749 4622 2033 4692; x_wconf 73' lang='grc' dir='ltr'>γεννήσει</span> 
     </span>
    </p>
   </div>
   <div class='ocr_carea' id='block_1_74' title="bbox 459 4712 2035 4786">
    <p class='ocr_par' dir='ltr' id='par_1_74' title="bbox 459 4712 2035 4786">
     <span class='ocr_line' id='line_1_74' title="bbox 459 4712 2035 4786; baseline -0.003 -15"><span class='ocrx_word' id='word_1_562' title='bbox 459 4720 626 4781; x_wconf 80' lang='grc' dir='ltr'>υίόν;</span> <span class='ocrx_word' id='word_1_563' title='bbox 652 4718 761 4771; x_wconf 71' lang='grc' dir='ltr'>Καὶ</span> <span class='ocrx_word' id='word_1_564' title='bbox 782 4716 942 4781; x_wconf 81' lang='grc' dir='ltr'>εὐθὺς</span> <span class='ocrx_word' id='word_1_565' title='bbox 972 4718 1000 4770; x_wconf 93' lang='lat'><strong>6</strong></span> <span class='ocrx_word' id='word_1_566' title='bbox 1041 4715 1240 4786; x_wconf 80' lang='grc' dir='ltr'>Κύριος</span> <span class='ocrx_word' id='word_1_567' title='bbox 1260 4732 1274 4745; x_wconf 86' lang='grc'><strong>·</strong></span> <span class='ocrx_word' id='word_1_568' title='bbox 1314 4712 1467 4768; x_wconf 80' lang='grc' dir='ltr'>Λάϐε</span> <span class='ocrx_word' id='word_1_569' title='bbox 1499 4731 1601 4784; x_wconf 78' lang='grc' dir='ltr'><strong>μοι</strong></span> <span class='ocrx_word' id='word_1_570' title='bbox 1631 4714 1800 4783; x_wconf 78' lang='grc' dir='ltr'>κριὸν</span> <span class='ocrx_word' id='word_1_571' title='bbox 1827 4714 2035 4782; x_wconf 77' lang='grc' dir='ltr'>τριετί-</span> 
     </span>
    </p>
   </div>
   <div class='ocr_carea' id='block_1_75' title="bbox 456 4800 2027 4878">
    <p class='ocr_par' dir='ltr' id='par_1_75' title="bbox 456 4800 2027 4878">
     <span class='ocr_line' id='line_1_75' title="bbox 456 4800 2027 4878; baseline -0.004 -16"><span class='ocrx_word' id='word_1_572' title='bbox 456 4808 625 4867; x_wconf 75' lang='grc' dir='ltr'>ζοντα</span> <span class='ocrx_word' id='word_1_573' title='bbox 651 4807 785 4878; x_wconf 68' lang='grc'><strong>(4⁸7),</strong></span> <span class='ocrx_word' id='word_1_574' title='bbox 832 4806 932 4860; x_wconf 81' lang='grc' dir='ltr'>καὶ</span> <span class='ocrx_word' id='word_1_575' title='bbox 973 4800 1117 4874; x_wconf 61' lang='lat' dir='ltr'><strong>alyn</strong></span> <span class='ocrx_word' id='word_1_576' title='bbox 1153 4803 1253 4856; x_wconf 78' lang='grc' dir='ltr'>καὶ</span> <span class='ocrx_word' id='word_1_577' title='bbox 1295 4802 1575 4872; x_wconf 75' lang='grc' dir='ltr'>δάμαλιν,</span> <span class='ocrx_word' id='word_1_578' title='bbox 1619 4802 1714 4855; x_wconf 83' lang='grc' dir='ltr'>καὶ</span> <span class='ocrx_word' id='word_1_579' title='bbox 1761 4802 1832 4855; x_wconf 80' lang='grc' dir='ltr'><strong>τά</strong></span> <span class='ocrx_word' id='word_1_580' title='bbox 1880 4802 2027 4873; x_wconf 80' lang='grc' dir='ltr'>ἑξῆς.</span> 
     </span>
    </p>
   </div>
   <div class='ocr_carea' id='block_1_76' title="bbox 450 4889 2029 4968">
    <p class='ocr_par' dir='ltr' id='par_1_76' title="bbox 450 4889 2029 4968">
     <span class='ocr_line' id='line_1_76' title="bbox 450 4889 2029 4968; baseline -0.004 -14"><span class='ocrx_word' id='word_1_581' title='bbox 450 4899 561 4953; x_wconf 76' lang='grc' dir='ltr'><strong>Καὶ</strong></span> <span class='ocrx_word' id='word_1_582' title='bbox 590 4899 721 4968; x_wconf 78' lang='grc' dir='ltr'>περὶ</span> <span class='ocrx_word' id='word_1_583' title='bbox 749 4898 863 4966; x_wconf 73' lang='grc' dir='ltr'><strong>τὴν</strong></span> <span class='ocrx_word' id='word_1_584' title='bbox 887 4896 993 4951; x_wconf 77' lang='grc' dir='ltr'><strong>τοῦ</strong></span> <span class='ocrx_word' id='word_1_585' title='bbox 1021 4898 1202 4964; x_wconf 74' lang='grc' dir='ltr'>ἡλίου</span> <span class='ocrx_word' id='word_1_586' title='bbox 1229 4895 1430 4961; x_wconf 83' lang='grc' dir='ltr'>δύσιν,</span> <span class='ocrx_word' id='word_1_587' title='bbox 1456 4895 1537 4959; x_wconf 87' lang='grc' dir='ltr'>ὡς</span> <span class='ocrx_word' id='word_1_588' title='bbox 1565 4889 1687 4947; x_wconf 81' lang='grc' dir='ltr'>εἶδε</span> <span class='ocrx_word' id='word_1_589' title='bbox 1711 4894 2029 4964; x_wconf 72' lang='grc' dir='ltr'>λαμπάδας</span> 
     </span>
    </p>
   </div>
   <div class='ocr_carea' id='block_1_77' title="bbox 521 5050 1547 5125">
    <p class='ocr_par' dir='ltr' id='par_1_77' title="bbox 521 5050 1547 5125">
     <span class='ocr_line' id='line_1_77' title="bbox 521 5050 1547 5125; baseline -0.012 -11"><span class='ocrx_word' id='word_1_590' title='bbox 521 5059 536 5088; x_wconf 78' lang='grc'>⁸</span> <span class='ocrx_word' id='word_1_591' title='bbox 568 5075 661 5125; x_wconf 79' lang='grc' dir='ltr'><strong>γρ.</strong></span> <span class='ocrx_word' id='word_1_592' title='bbox 691 5058 786 5110; x_wconf 74' lang='grc' dir='ltr'>καὶ</span> <span class='ocrx_word' id='word_1_593' title='bbox 813 5053 1037 5123; x_wconf 78' lang='grc' dir='ltr'>ταύτην.</span> <span class='ocrx_word' id='word_1_594' title='bbox 1116 5053 1135 5082; x_wconf 81' lang='grc'>²</span> <span class='ocrx_word' id='word_1_595' title='bbox 1163 5050 1547 5121; x_wconf 78' lang='grc' dir='ltr'>ἐκατονταέτῃ.</span> 
     </span>
    </p>
   </div>
   <div class='ocr_carea' id='block_1_78' title="bbox 2214 2792 3714 2877">
    <p class='ocr_par' dir='ltr' id='par_1_78' title="bbox 2214 2792 3714 2877">
     <span class='ocr_line' id='line_1_78' title="bbox 2214 2792 3714 2877; baseline 0.01 -31"><span class='ocrx_word' id='word_1_596' title='bbox 2214 2792 2452 2849; x_wconf 78' lang='lat' dir='ltr'><strong>XXVIII.</strong></span> <span class='ocrx_word' id='word_1_597' title='bbox 2496 2794 2653 2861; x_wconf 86' lang='lat' dir='ltr'><strong>Quod</strong></span> <span class='ocrx_word' id='word_1_598' title='bbox 2680 2796 2727 2851; x_wconf 88' lang='lat' dir='ltr'><strong>si</strong></span> <span class='ocrx_word' id='word_1_599' title='bbox 2773 2796 2917 2851; x_wconf 89' lang='lat' dir='ltr'><strong>istud</strong></span> <span class='ocrx_word' id='word_1_600' title='bbox 2955 2798 3115 2853; x_wconf 90' lang='lat' dir='ltr'><strong>nobis</strong></span> <span class='ocrx_word' id='word_1_601' title='bbox 3143 2799 3406 2869; x_wconf 85' lang='lat' dir='ltr'><strong>objiciant</strong></span> <span class='ocrx_word' id='word_1_602' title='bbox 3431 2820 3443 2857; x_wconf 95' lang='lat'><strong>:</strong></span> <span class='ocrx_word' id='word_1_603' title='bbox 3471 2802 3582 2859; x_wconf 89' lang='lat' dir='ltr'><strong>Cur</strong></span> <span class='ocrx_word' id='word_1_604' title='bbox 3611 2807 3714 2877; x_wconf 76' lang='lat' dir='ltr'><strong>igi—</strong></span> 
     </span>
    </p>
   </div>
   <div class='ocr_carea' id='block_1_79' title="bbox 2141 2885 3708 2953">
    <p class='ocr_par' dir='ltr' id='par_1_79' title="bbox 2141 2885 3708 2953">
     <span class='ocr_line' id='line_1_79' title="bbox 2141 2885 3708 2953; baseline 0.01 -15"><span class='ocrx_word' id='word_1_605' title='bbox 2141 2893 2231 2939; x_wconf 90' lang='lat' dir='ltr'><strong>tur</strong></span> <span class='ocrx_word' id='word_1_606' title='bbox 2261 2885 2624 2940; x_wconf 90' lang='lat' dir='ltr'><strong>eircumcisns</strong></span> <span class='ocrx_word' id='word_1_607' title='bbox 2657 2895 2739 2941; x_wconf 90' lang='lat' dir='ltr'><strong>est</strong></span> <span class='ocrx_word' id='word_1_608' title='bbox 2773 2886 3065 2943; x_wconf 86' lang='lat' dir='ltr'><strong>Christus?</strong></span> <span class='ocrx_word' id='word_1_609' title='bbox 3096 2889 3166 2943; x_wconf 92' lang='lat' dir='ltr'><strong>ita</strong></span> <span class='ocrx_word' id='word_1_610' title='bbox 3199 2904 3228 2943; x_wconf 87' lang='lat' dir='ltr'><strong>a</strong></span> <span class='ocrx_word' id='word_1_611' title='bbox 3263 2892 3423 2947; x_wconf 89' lang='lat' dir='ltr'><strong>nobis</strong></span> <span class='ocrx_word' id='word_1_612' title='bbox 3451 2896 3708 2953; x_wconf 88' lang='lat' dir='ltr'><strong>audient:</strong></span> 
     </span>
    </p>
   </div>
   <div class='ocr_carea' id='block_1_80' title="bbox 2139 2975 3708 3051">
    <p class='ocr_par' dir='ltr' id='par_1_80' title="bbox 2139 2975 3708 3051">
     <span class='ocr_line' id='line_1_80' title="bbox 2139 2975 3708 3051; baseline 0.01 -22"><span class='ocrx_word' id='word_1_613' title='bbox 2139 2975 2467 3031; x_wconf 84' lang='lat' dir='ltr'><strong>Jamdudum</strong></span> <span class='ocrx_word' id='word_1_614' title='bbox 2494 2977 2734 3046; x_wconf 85' lang='lat' dir='ltr'><strong>quidem,</strong></span> <span class='ocrx_word' id='word_1_615' title='bbox 2754 2993 2787 3033; x_wconf 90' lang='grc' dir='ltr'><strong>ο</strong></span> <span class='ocrx_word' id='word_1_616' title='bbox 2810 2979 3059 3035; x_wconf 84' lang='lat' dir='ltr'><strong>homines</strong></span> <span class='ocrx_word' id='word_1_617' title='bbox 3082 2981 3338 3051; x_wconf 87' lang='lat' dir='ltr'><strong>opinione</strong></span> <span class='ocrx_word' id='word_1_618' title='bbox 3366 2982 3502 3041; x_wconf 86' lang='lat' dir='ltr'><strong>falsa</strong></span> <span class='ocrx_word' id='word_1_619' title='bbox 3528 2987 3708 3044; x_wconf 88' lang='lat' dir='ltr'><strong>ducti!</strong></span> 
     </span>
    </p>
   </div>
   <div class='ocr_carea' id='block_1_81' title="bbox 2140 3069 3709 3136">
    <p class='ocr_par' dir='ltr' id='par_1_81' title="bbox 2140 3069 3709 3136">
     <span class='ocr_line' id='line_1_81' title="bbox 2140 3069 3709 3136; baseline 0.008 -13"><span class='ocrx_word' id='word_1_620' title='bbox 2140 3083 2363 3123; x_wconf 88' lang='lat' dir='ltr'><strong>causam</strong></span> <span class='ocrx_word' id='word_1_621' title='bbox 2402 3069 2555 3125; x_wconf 92' lang='lat' dir='ltr'><strong>vobis</strong></span> <span class='ocrx_word' id='word_1_622' title='bbox 2601 3085 2701 3124; x_wconf 86' lang='lat' dir='ltr'><strong>cur</strong></span> <span class='ocrx_word' id='word_1_623' title='bbox 2745 3080 2892 3127; x_wconf 89' lang='lat' dir='ltr'><strong>esset</strong></span> <span class='ocrx_word' id='word_1_624' title='bbox 2932 3072 3293 3128; x_wconf 87' lang='lat' dir='ltr'><strong>circumcisus</strong></span> <span class='ocrx_word' id='word_1_625' title='bbox 3344 3078 3709 3136; x_wconf 85' lang='lat' dir='ltr'><strong>ostendimus.</strong></span> 
     </span>
    </p>
   </div>
   <div class='ocr_carea' id='block_1_82' title="bbox 2140 3156 3711 3231">
    <p class='ocr_par' dir='ltr' id='par_1_82' title="bbox 2140 3156 3711 3231">
     <span class='ocr_line' id='line_1_82' title="bbox 2140 3156 3711 3231; baseline 0.008 -21"><span class='ocrx_word' id='word_1_626' title='bbox 2140 3156 2324 3212; x_wconf 79' lang='lat' dir='ltr'><strong>Multis</strong></span> <span class='ocrx_word' id='word_1_627' title='bbox 2358 3157 2503 3212; x_wconf 83' lang='lat' dir='ltr'><strong>enim</strong></span> <span class='ocrx_word' id='word_1_628' title='bbox 2533 3158 2588 3212; x_wconf 92' lang='lat' dir='ltr'><strong>id</strong></span> <span class='ocrx_word' id='word_1_629' title='bbox 2628 3158 2914 3217; x_wconf 70' lang='lat' dir='ltr'><strong>de,causis</strong></span> <span class='ocrx_word' id='word_1_630' title='bbox 2943 3163 3231 3216; x_wconf 79' lang='lat' dir='ltr'><strong>sustinuit.</strong></span> <span class='ocrx_word' id='word_1_631' title='bbox 3268 3162 3532 3231; x_wconf 84' lang='lat' dir='ltr'><strong>Primum,</strong></span> <span class='ocrx_word' id='word_1_632' title='bbox 3570 3178 3624 3221; x_wconf 90' lang='lat' dir='ltr'><strong>nt</strong></span> <span class='ocrx_word' id='word_1_633' title='bbox 3652 3186 3711 3229; x_wconf 66' lang='lat' dir='ltr'><strong>se</strong></span> 
     </span>
    </p>
   </div>
   <div class='ocr_carea' id='block_1_83' title="bbox 2136 3251 3712 3328">
    <p class='ocr_par' dir='ltr' id='par_1_83' title="bbox 2136 3251 3712 3328">
     <span class='ocr_line' id='line_1_83' title="bbox 2136 3251 3712 3328; baseline 0.008 -25"><span class='ocrx_word' id='word_1_634' title='bbox 2136 3263 2357 3303; x_wconf 88' lang='lat' dir='ltr'><strong>carnem</strong></span> <span class='ocrx_word' id='word_1_635' title='bbox 2416 3264 2605 3304; x_wconf 85' lang='lat' dir='ltr'><strong>revera</strong></span> <span class='ocrx_word' id='word_1_636' title='bbox 2663 3251 2910 3308; x_wconf 89' lang='lat' dir='ltr'><strong>induisse</strong></span> <span class='ocrx_word' id='word_1_637' title='bbox 2952 3262 3302 3318; x_wconf 81' lang='lat' dir='ltr'><strong>monstraret,</strong></span> <span class='ocrx_word' id='word_1_638' title='bbox 3344 3269 3570 3328; x_wconf 86' lang='lat' dir='ltr'><strong>propter</strong></span> <span class='ocrx_word' id='word_1_639' title='bbox 3598 3261 3712 3316; x_wconf 76' lang='lat' dir='ltr'><strong>Ma-</strong></span> 
     </span>
    </p>
   </div>
   <div class='ocr_carea' id='block_1_84' title="bbox 2136 3335 3710 3420">
    <p class='ocr_par' dir='ltr' id='par_1_84' title="bbox 2136 3335 3710 3420">
     <span class='ocr_line' id='line_1_84' title="bbox 2136 3335 3710 3420; baseline 0.01 -26"><span class='ocrx_word' id='word_1_640' title='bbox 2136 3335 2428 3408; x_wconf 28' lang='lat' dir='ltr'><strong>nichaau&#39;m,</strong></span> <span class='ocrx_word' id='word_1_641' title='bbox 2463 3350 2823 3414; x_wconf 66' lang='lat' dir='ltr'><strong>caeterosque,</strong></span> <span class='ocrx_word' id='word_1_642' title='bbox 2862 3346 2953 3415; x_wconf 86' lang='lat' dir='ltr'><strong>qui</strong></span> <span class='ocrx_word' id='word_1_643' title='bbox 2986 3346 3347 3405; x_wconf 85' lang='lat' dir='ltr'><strong>similitudine</strong></span> <span class='ocrx_word' id='word_1_644' title='bbox 3381 3354 3616 3420; x_wconf 87' lang='lat' dir='ltr'><strong>quadam</strong></span> <span class='ocrx_word' id='word_1_645' title='bbox 3647 3370 3710 3409; x_wconf 91' lang='lat' dir='ltr'><strong>ac</strong></span> 
     </span>
    </p>
   </div>
   <div class='ocr_carea' id='block_1_85' title="bbox 2135 3433 3709 3505">
    <p class='ocr_par' dir='ltr' id='par_1_85' title="bbox 2135 3433 3709 3505">
     <span class='ocr_line' id='line_1_85' title="bbox 2135 3433 3709 3505; baseline 0.008 -18"><span class='ocrx_word' id='word_1_646' title='bbox 2135 3433 2325 3501; x_wconf 89' lang='lat' dir='ltr'><strong>specie</strong></span> <span class='ocrx_word' id='word_1_647' title='bbox 2352 3433 2616 3488; x_wconf 78' lang='lat' dir='ltr'><strong>duntaxat</strong></span> <span class='ocrx_word' id='word_1_648' title='bbox 2658 3438 2986 3505; x_wconf 89' lang='lat' dir='ltr'><strong>apparuisse</strong></span> <span class='ocrx_word' id='word_1_649' title='bbox 3024 3437 3356 3495; x_wconf 86' lang='lat' dir='ltr'><strong>docuerunt.</strong></span> <span class='ocrx_word' id='word_1_650' title='bbox 3399 3440 3607 3499; x_wconf 89' lang='lat' dir='ltr'><strong>Deinde</strong></span> <span class='ocrx_word' id='word_1_651' title='bbox 3652 3454 3709 3499; x_wconf 91' lang='lat' dir='ltr'><strong>ut</strong></span> 
     </span>
    </p>
   </div>
   <div class='ocr_carea' id='block_1_86' title="bbox 2134 3524 3710 3593">
    <p class='ocr_par' dir='ltr' id='par_1_86' title="bbox 2134 3524 3710 3593">
     <span class='ocr_line' id='line_1_86' title="bbox 2134 3524 3710 3593; baseline 0.007 -14"><span class='ocrx_word' id='word_1_652' title='bbox 2134 3539 2336 3593; x_wconf 88' lang='lat' dir='ltr'><strong>corpus</strong></span> <span class='ocrx_word' id='word_1_653' title='bbox 2371 3524 2644 3580; x_wconf 84' lang='lat' dir='ltr'><strong>divinitati</strong></span> <span class='ocrx_word' id='word_1_654' title='bbox 2681 3529 3155 3583; x_wconf 88' lang='lat' dir='ltr'><strong>consubstantiale</strong></span> <span class='ocrx_word' id='word_1_655' title='bbox 3182 3545 3295 3585; x_wconf 88' lang='lat' dir='ltr'><strong>non</strong></span> <span class='ocrx_word' id='word_1_656' title='bbox 3334 3546 3459 3587; x_wconf 89' lang='lat' dir='ltr'><strong>esse</strong></span> <span class='ocrx_word' id='word_1_657' title='bbox 3483 3533 3710 3591; x_wconf 83' lang='lat' dir='ltr'><strong>demon-</strong></span> 
     </span>
    </p>
   </div>
   <div class='ocr_carea' id='block_1_87' title="bbox 2135 3618 3709 3689">
    <p class='ocr_par' dir='ltr' id='par_1_87' title="bbox 2135 3618 3709 3689">
     <span class='ocr_line' id='line_1_87' title="bbox 2135 3618 3709 3689; baseline 0.008 -18"><span class='ocrx_word' id='word_1_658' title='bbox 2135 3624 2359 3681; x_wconf 86' lang='lat' dir='ltr'><strong>straret,</strong></span> <span class='ocrx_word' id='word_1_659' title='bbox 2393 3626 2451 3672; x_wconf 89' lang='grc' dir='ltr'><strong>ιιι</strong></span> <span class='ocrx_word' id='word_1_660' title='bbox 2485 3618 2821 3689; x_wconf 82' lang='lat' dir='ltr'><strong>Apollinaris</strong></span> <span class='ocrx_word' id='word_1_661' title='bbox 2854 3621 3169 3689; x_wconf 81' lang='lat' dir='ltr'><strong>existimat;</strong></span> <span class='ocrx_word' id='word_1_662' title='bbox 3201 3638 3303 3679; x_wconf 89' lang='lat' dir='ltr'><strong>nec</strong></span> <span class='ocrx_word' id='word_1_663' title='bbox 3333 3640 3363 3679; x_wconf 92' lang='lat' dir='ltr'><strong>e</strong></span> <span class='ocrx_word' id='word_1_664' title='bbox 3394 3626 3535 3682; x_wconf 67' lang='lat' dir='ltr'><strong>cmlo</strong></span> <span class='ocrx_word' id='word_1_665' title='bbox 3562 3628 3709 3683; x_wconf 90' lang='lat' dir='ltr'><strong>dela-</strong></span> 
     </span>
    </p>
   </div>
   <div class='ocr_carea' id='block_1_88' title="bbox 2133 3708 3709 3780">
    <p class='ocr_par' dir='ltr' id='par_1_88' title="bbox 2133 3708 3709 3780">
     <span class='ocr_line' id='line_1_88' title="bbox 2133 3708 3709 3780; baseline 0.008 -19"><span class='ocrx_word' id='word_1_666' title='bbox 2133 3714 2250 3762; x_wconf 89' lang='lat' dir='ltr'><strong>tum</strong></span> <span class='ocrx_word' id='word_1_667' title='bbox 2295 3708 2350 3762; x_wconf 93' lang='lat' dir='ltr'><strong>in</strong></span> <span class='ocrx_word' id='word_1_668' title='bbox 2406 3717 2605 3773; x_wconf 83' lang='lat' dir='ltr'><strong>terras,</strong></span> <span class='ocrx_word' id='word_1_669' title='bbox 2648 3710 2740 3780; x_wconf 93' lang='lat' dir='ltr'><strong>qui</strong></span> <span class='ocrx_word' id='word_1_670' title='bbox 2796 3710 3073 3766; x_wconf 85' lang='lat' dir='ltr'><strong>Valentini</strong></span> <span class='ocrx_word' id='word_1_671' title='bbox 3115 3728 3273 3768; x_wconf 87' lang='lat' dir='ltr'><strong>error</strong></span> <span class='ocrx_word' id='word_1_672' title='bbox 3306 3714 3427 3769; x_wconf 85' lang='lat' dir='ltr'><strong>fuit.</strong></span> <span class='ocrx_word' id='word_1_673' title='bbox 3474 3714 3612 3773; x_wconf 89' lang='lat' dir='ltr'><strong>Tum</strong></span> <span class='ocrx_word' id='word_1_674' title='bbox 3651 3732 3709 3773; x_wconf 90' lang='lat' dir='ltr'><strong>ut</strong></span> 
     </span>
    </p>
   </div>
   <div class='ocr_carea' id='block_1_89' title="bbox 2134 3798 3706 3871">
    <p class='ocr_par' dir='ltr' id='par_1_89' title="bbox 2134 3798 3706 3871">
     <span class='ocr_line' id='line_1_89' title="bbox 2134 3798 3706 3871; baseline 0.008 -20"><span class='ocrx_word' id='word_1_675' title='bbox 2134 3798 2297 3868; x_wconf 87' lang='lat' dir='ltr'><strong>cujus</strong></span> <span class='ocrx_word' id='word_1_676' title='bbox 2342 3800 2470 3854; x_wconf 87' lang='lat' dir='ltr'><strong>olim</strong></span> <span class='ocrx_word' id='word_1_677' title='bbox 2524 3801 2971 3857; x_wconf 84' lang='lat' dir='ltr'><strong>circumcisionis</strong></span> <span class='ocrx_word' id='word_1_678' title='bbox 3015 3813 3211 3857; x_wconf 89' lang='lat' dir='ltr'><strong>auctor</strong></span> <span class='ocrx_word' id='word_1_679' title='bbox 3257 3804 3456 3871; x_wconf 90' lang='lat' dir='ltr'><strong>fuerat,</strong></span> <span class='ocrx_word' id='word_1_680' title='bbox 3489 3824 3608 3862; x_wconf 90' lang='lat' dir='ltr'><strong>eam</strong></span> <span class='ocrx_word' id='word_1_681' title='bbox 3640 3812 3706 3863; x_wconf 88' lang='lat' dir='ltr'><strong>ad</strong></span> 
     </span>
    </p>
   </div>
   <div class='ocr_carea' id='block_1_90' title="bbox 2133 3889 3707 3959">
    <p class='ocr_par' dir='ltr' id='par_1_90' title="bbox 2133 3889 3707 3959">
     <span class='ocr_line' id='line_1_90' title="bbox 2133 3889 3707 3959; baseline 0.008 -16"><span class='ocrx_word' id='word_1_682' title='bbox 2133 3889 2426 3945; x_wconf 83' lang='lat' dir='ltr'><strong>adventum</strong></span> <span class='ocrx_word' id='word_1_683' title='bbox 2475 3905 2648 3959; x_wconf 85' lang='lat' dir='ltr'><strong>usque</strong></span> <span class='ocrx_word' id='word_1_684' title='bbox 2696 3906 2856 3945; x_wconf 92' lang='lat' dir='ltr'><strong>suum</strong></span> <span class='ocrx_word' id='word_1_685' title='bbox 2897 3893 3240 3949; x_wconf 87' lang='lat' dir='ltr'><strong>observatam</strong></span> <span class='ocrx_word' id='word_1_686' title='bbox 3303 3896 3473 3953; x_wconf 88' lang='lat' dir='ltr'><strong>fuisse</strong></span> <span class='ocrx_word' id='word_1_687' title='bbox 3509 3902 3707 3955; x_wconf 86' lang='lat' dir='ltr'><strong>merito</strong></span> 
     </span>
    </p>
   </div>
   <div class='ocr_carea' id='block_1_91' title="bbox 2133 3980 3707 4052">
    <p class='ocr_par' dir='ltr' id='par_1_91' title="bbox 2133 3980 3707 4052">
     <span class='ocr_line' id='line_1_91' title="bbox 2133 3980 3707 4052; baseline 0.005 -17"><span class='ocrx_word' id='word_1_688' title='bbox 2133 3980 2552 4051; x_wconf 88' lang='lat' dir='ltr'><strong>comprobaret,</strong></span> <span class='ocrx_word' id='word_1_689' title='bbox 2595 3990 2758 4051; x_wconf 87' lang='lat' dir='ltr'><strong>atque</strong></span> <span class='ocrx_word' id='word_1_690' title='bbox 2801 3989 2859 4035; x_wconf 88' lang='lat' dir='ltr'><strong>ut</strong></span> <span class='ocrx_word' id='word_1_691' title='bbox 2890 3998 3107 4038; x_wconf 91' lang='lat' dir='ltr'><strong>omnem</strong></span> <span class='ocrx_word' id='word_1_692' title='bbox 3143 3984 3348 4042; x_wconf 80' lang='lat' dir='ltr'><strong>Judaeis</strong></span> <span class='ocrx_word' id='word_1_693' title='bbox 3387 3991 3707 4052; x_wconf 76' lang='lat' dir='ltr'><strong>excusatio-</strong></span> 
     </span>
    </p>
   </div>
   <div class='ocr_carea' id='block_1_92' title="bbox 2133 4070 3705 4141">
    <p class='ocr_par' dir='ltr' id='par_1_92' title="bbox 2133 4070 3705 4141">
     <span class='ocr_line' id='line_1_92' title="bbox 2133 4070 3705 4141; baseline 0.008 -17"><span class='ocrx_word' id='word_1_694' title='bbox 2133 4086 2261 4127; x_wconf 89' lang='lat' dir='ltr'><strong>nem</strong></span> <span class='ocrx_word' id='word_1_695' title='bbox 2289 4071 2544 4141; x_wconf 87' lang='lat' dir='ltr'><strong>eriperet.</strong></span> <span class='ocrx_word' id='word_1_696' title='bbox 2578 4070 2692 4127; x_wconf 87' lang='lat' dir='ltr'><strong>Nisi</strong></span> <span class='ocrx_word' id='word_1_697' title='bbox 2720 4072 2865 4126; x_wconf 90' lang='lat' dir='ltr'><strong>enim</strong></span> <span class='ocrx_word' id='word_1_698' title='bbox 2899 4072 3264 4131; x_wconf 83' lang='lat' dir='ltr'><strong>circumcisus</strong></span> <span class='ocrx_word' id='word_1_699' title='bbox 3297 4076 3457 4139; x_wconf 87' lang='lat' dir='ltr'><strong>foret,</strong></span> <span class='ocrx_word' id='word_1_700' title='bbox 3495 4079 3603 4134; x_wconf 87' lang='lat' dir='ltr'><strong>hoc</strong></span> <span class='ocrx_word' id='word_1_701' title='bbox 3636 4082 3705 4136; x_wconf 84' lang='lat' dir='ltr'><strong>ad</strong></span> 
     </span>
    </p>
   </div>
   <div class='ocr_carea' id='block_1_93' title="bbox 2133 4160 3705 4231">
    <p class='ocr_par' dir='ltr' id='par_1_93' title="bbox 2133 4160 3705 4231">
     <span class='ocr_line' id='line_1_93' title="bbox 2133 4160 3705 4231; baseline 0.006 -16"><span class='ocrx_word' id='word_1_702' title='bbox 2133 4161 2217 4215; x_wconf 91' lang='lat' dir='ltr'><strong>sui</strong></span> <span class='ocrx_word' id='word_1_703' title='bbox 2259 4161 2639 4231; x_wconf 80' lang='lat' dir='ltr'><strong>purgationem</strong></span> <span class='ocrx_word' id='word_1_704' title='bbox 2673 4160 2870 4216; x_wconf 77' lang='lat' dir='ltr'><strong>afferre</strong></span> <span class='ocrx_word' id='word_1_705' title='bbox 2889 4164 3198 4231; x_wconf 78' lang='lat' dir='ltr'><strong>potuissent</strong></span> <span class='ocrx_word' id='word_1_706' title='bbox 3238 4165 3389 4223; x_wconf 85' lang='lat' dir='ltr'><strong>:Nos</strong></span> <span class='ocrx_word' id='word_1_707' title='bbox 3419 4167 3705 4225; x_wconf 88' lang='lat' dir='ltr'><strong>Christum</strong></span> 
     </span>
    </p>
   </div>
   <div class='ocr_carea' id='block_1_94' title="bbox 2132 4251 3703 4323">
    <p class='ocr_par' dir='ltr' id='par_1_94' title="bbox 2132 4251 3703 4323">
     <span class='ocr_line' id='line_1_94' title="bbox 2132 4251 3703 4323; baseline 0.008 -20"><span class='ocrx_word' id='word_1_708' title='bbox 2132 4251 2402 4321; x_wconf 51' lang='lat' dir='ltr'><strong>pra&#39;putio</strong></span> <span class='ocrx_word' id='word_1_709' title='bbox 2432 4252 2719 4320; x_wconf 70' lang='lat' dir='ltr'><strong>praeditum</strong></span> <span class='ocrx_word' id='word_1_710' title='bbox 2760 4253 2996 4322; x_wconf 86' lang='lat' dir='ltr'><strong>probare</strong></span> <span class='ocrx_word' id='word_1_711' title='bbox 3032 4256 3398 4323; x_wconf 89' lang='lat' dir='ltr'><strong>nequivimus.</strong></span> <span class='ocrx_word' id='word_1_712' title='bbox 3438 4257 3703 4316; x_wconf 60' lang='lat' dir='ltr'><strong>Praeterea</strong></span> 
     </span>
    </p>
   </div>
   <div class='ocr_carea' id='block_1_95' title="bbox 2131 4344 3705 4415">
    <p class='ocr_par' dir='ltr' id='par_1_95' title="bbox 2131 4344 3705 4415">
     <span class='ocr_line' id='line_1_95' title="bbox 2131 4344 3705 4415; baseline 0.007 -18"><span class='ocrx_word' id='word_1_713' title='bbox 2131 4358 2261 4398; x_wconf 91' lang='lat' dir='ltr'><strong>vero</strong></span> <span class='ocrx_word' id='word_1_714' title='bbox 2291 4358 2415 4398; x_wconf 89' lang='lat' dir='ltr'><strong>eum</strong></span> <span class='ocrx_word' id='word_1_715' title='bbox 2442 4348 2757 4413; x_wconf 85' lang='lat' dir='ltr'><strong>oportebat,</strong></span> <span class='ocrx_word' id='word_1_716' title='bbox 2790 4345 2880 4415; x_wconf 89' lang='lat' dir='ltr'><strong>qui</strong></span> <span class='ocrx_word' id='word_1_717' title='bbox 2927 4344 3240 4401; x_wconf 78' lang='lat' dir='ltr'><strong>Abrahamo</strong></span> <span class='ocrx_word' id='word_1_718' title='bbox 3268 4350 3705 4408; x_wconf 79' lang='lat' dir='ltr'><strong>circumcidendi</strong></span> 
     </span>
    </p>
   </div>
   <div class='ocr_carea' id='block_1_96' title="bbox 2134 4436 3705 4512">
    <p class='ocr_par' dir='ltr' id='par_1_96' title="bbox 2134 4436 3705 4512">
     <span class='ocr_line' id='line_1_96' title="bbox 2134 4436 3705 4512; baseline 0.006 -22"><span class='ocrx_word' id='word_1_719' title='bbox 2134 4436 2223 4490; x_wconf 92' lang='lat' dir='ltr'><strong>sui</strong></span> <span class='ocrx_word' id='word_1_720' title='bbox 2276 4437 2595 4491; x_wconf 85' lang='lat' dir='ltr'><strong>mandatum</strong></span> <span class='ocrx_word' id='word_1_721' title='bbox 2637 4437 2917 4504; x_wconf 70' lang='lat' dir='ltr'><strong>ediderat,</strong></span> <span class='ocrx_word' id='word_1_722' title='bbox 2954 4447 3010 4492; x_wconf 92' lang='lat' dir='ltr'><strong>ut</strong></span> <span class='ocrx_word' id='word_1_723' title='bbox 3053 4438 3120 4492; x_wconf 87' lang='lat' dir='ltr'><strong>ad</strong></span> <span class='ocrx_word' id='word_1_724' title='bbox 3176 4442 3287 4495; x_wconf 88' lang='lat' dir='ltr'><strong>veri</strong></span> <span class='ocrx_word' id='word_1_725' title='bbox 3324 4450 3377 4496; x_wconf 91' lang='lat' dir='ltr'><strong>et</strong></span> <span class='ocrx_word' id='word_1_726' title='bbox 3421 4454 3705 4512; x_wconf 86' lang='lat' dir='ltr'><strong>aspectum</strong></span> 
     </span>
    </p>
   </div>
   <div class='ocr_carea' id='block_1_97' title="bbox 2134 4526 3704 4603">
    <p class='ocr_par' dir='ltr' id='par_1_97' title="bbox 2134 4526 3704 4603">
     <span class='ocr_line' id='line_1_97' title="bbox 2134 4526 3704 4603; baseline 0.006 -22"><span class='ocrx_word' id='word_1_727' title='bbox 2134 4526 2395 4598; x_wconf 87' lang='lat' dir='ltr'><strong>fugientis</strong></span> <span class='ocrx_word' id='word_1_728' title='bbox 2444 4529 2882 4584; x_wconf 87' lang='lat' dir='ltr'><strong>adumbrandam</strong></span> <span class='ocrx_word' id='word_1_729' title='bbox 2927 4532 3216 4601; x_wconf 88' lang='lat' dir='ltr'><strong>imaginem</strong></span> <span class='ocrx_word' id='word_1_730' title='bbox 3247 4548 3517 4603; x_wconf 85' lang='lat' dir='ltr'><strong>apparens</strong></span> <span class='ocrx_word' id='word_1_731' title='bbox 3573 4538 3704 4591; x_wconf 88' lang='lat' dir='ltr'><strong>illud</strong></span> 
     </span>
    </p>
   </div>
   <div class='ocr_carea' id='block_1_98' title="bbox 2133 4617 3703 4689">
    <p class='ocr_par' dir='ltr' id='par_1_98' title="bbox 2133 4617 3703 4689">
     <span class='ocr_line' id='line_1_98' title="bbox 2133 4617 3703 4689; baseline 0.006 -17"><span class='ocrx_word' id='word_1_732' title='bbox 2133 4617 2353 4689; x_wconf 86' lang='lat' dir='ltr'><strong>signum</strong></span> <span class='ocrx_word' id='word_1_733' title='bbox 2387 4628 2438 4672; x_wconf 88' lang='lat' dir='ltr'><strong>et</strong></span> <span class='ocrx_word' id='word_1_734' title='bbox 2480 4619 2815 4687; x_wconf 85' lang='lat' dir='ltr'><strong>aspectabile</strong></span> <span class='ocrx_word' id='word_1_735' title='bbox 2859 4635 2974 4689; x_wconf 73' lang='lat' dir='ltr'><strong>pra:</strong></span> <span class='ocrx_word' id='word_1_736' title='bbox 3008 4635 3067 4675; x_wconf 85' lang='lat' dir='ltr'><strong>se</strong></span> <span class='ocrx_word' id='word_1_737' title='bbox 3110 4620 3299 4685; x_wconf 86' lang='lat' dir='ltr'><strong>ferret,</strong></span> <span class='ocrx_word' id='word_1_738' title='bbox 3344 4636 3522 4678; x_wconf 88' lang='lat' dir='ltr'><strong>ratum</strong></span> <span class='ocrx_word' id='word_1_739' title='bbox 3570 4627 3703 4681; x_wconf 89' lang='lat' dir='ltr'><strong>illud</strong></span> 
     </span>
    </p>
   </div>
   <div class='ocr_carea' id='block_1_99' title="bbox 2132 4711 3705 4771">
    <p class='ocr_par' dir='ltr' id='par_1_99' title="bbox 2132 4711 3705 4771">
     <span class='ocr_line' id='line_1_99' title="bbox 2132 4711 3705 4771; baseline 0.003 -5"><span class='ocrx_word' id='word_1_740' title='bbox 2132 4725 2232 4766; x_wconf 89' lang='lat' dir='ltr'><strong>sua</strong></span> <span class='ocrx_word' id='word_1_741' title='bbox 2257 4711 2680 4766; x_wconf 83' lang='lat' dir='ltr'><strong>circumcisione</strong></span> <span class='ocrx_word' id='word_1_742' title='bbox 2704 4713 2903 4767; x_wconf 77' lang='lat' dir='ltr'><strong>facere.</strong></span> <span class='ocrx_word' id='word_1_743' title='bbox 2930 4712 3064 4766; x_wconf 89' lang='lat' dir='ltr'><strong>Nam</strong></span> <span class='ocrx_word' id='word_1_744' title='bbox 3092 4722 3320 4769; x_wconf 76' lang='lat' dir='ltr'><strong>externa</strong></span> <span class='ocrx_word' id='word_1_745' title='bbox 3350 4716 3441 4769; x_wconf 89' lang='lat' dir='ltr'><strong>illa</strong></span> <span class='ocrx_word' id='word_1_746' title='bbox 3467 4717 3705 4771; x_wconf 79' lang='lat' dir='ltr'><strong>circurn-</strong></span> 
     </span>
    </p>
   </div>
   <div class='ocr_carea' id='block_1_100' title="bbox 2131 4802 3703 4877">
    <p class='ocr_par' dir='ltr' id='par_1_100' title="bbox 2131 4802 3703 4877">
     <span class='ocr_line' id='line_1_100' title="bbox 2131 4802 3703 4877; baseline 0.004 -19"><span class='ocrx_word' id='word_1_747' title='bbox 2131 4803 2268 4858; x_wconf 89' lang='lat' dir='ltr'><strong>cisio</strong></span> <span class='ocrx_word' id='word_1_748' title='bbox 2322 4802 2638 4856; x_wconf 84' lang='lat' dir='ltr'><strong>Abrahamo</strong></span> <span class='ocrx_word' id='word_1_749' title='bbox 2694 4804 2765 4857; x_wconf 85' lang='lat' dir='ltr'><strong>oh</strong></span> <span class='ocrx_word' id='word_1_750' title='bbox 2816 4803 2938 4872; x_wconf 89' lang='lat' dir='ltr'><strong>ejus</strong></span> <span class='ocrx_word' id='word_1_751' title='bbox 2980 4804 3378 4860; x_wconf 63' lang='lat' dir='ltr'><strong>haesitationem</strong></span> <span class='ocrx_word' id='word_1_752' title='bbox 3444 4808 3703 4877; x_wconf 84' lang='lat' dir='ltr'><strong>imposita</strong></span> 
     </span>
    </p>
   </div>
   <div class='ocr_carea' id='block_1_101' title="bbox 2129 4894 3703 4965">
    <p class='ocr_par' dir='ltr' id='par_1_101' title="bbox 2129 4894 3703 4965">
     <span class='ocr_line' id='line_1_101' title="bbox 2129 4894 3703 4965; baseline 0.004 -16"><span class='ocrx_word' id='word_1_753' title='bbox 2129 4894 2265 4961; x_wconf 91' lang='lat' dir='ltr'><strong>fuit;</strong></span> <span class='ocrx_word' id='word_1_754' title='bbox 2311 4910 2436 4948; x_wconf 87' lang='lat' dir='ltr'><strong>cum</strong></span> <span class='ocrx_word' id='word_1_755' title='bbox 2468 4896 2551 4948; x_wconf 90' lang='lat' dir='ltr'><strong>vir</strong></span> <span class='ocrx_word' id='word_1_756' title='bbox 2599 4903 2827 4949; x_wconf 82' lang='lat' dir='ltr'><strong>sanctus</strong></span> <span class='ocrx_word' id='word_1_757' title='bbox 2872 4910 2938 4950; x_wconf 90' lang='lat' dir='ltr'><strong>ac</strong></span> <span class='ocrx_word' id='word_1_758' title='bbox 2986 4895 3172 4965; x_wconf 87' lang='lat' dir='ltr'><strong>justus</strong></span> <span class='ocrx_word' id='word_1_759' title='bbox 3219 4898 3365 4952; x_wconf 85' lang='lat' dir='ltr'><strong>velut</strong></span> <span class='ocrx_word' id='word_1_760' title='bbox 3396 4898 3703 4956; x_wconf 86' lang='lat' dir='ltr'><strong>dubitando</strong></span> 
     </span>
    </p>
   </div>
   <div class='ocr_carea' id='block_1_102' title="bbox 1626 5049 2599 5117">
    <p class='ocr_par' dir='ltr' id='par_1_102' title="bbox 1626 5049 2599 5117">
     <span class='ocr_line' id='line_1_102' title="bbox 1626 5049 2599 5117; baseline 0 -14"><span class='ocrx_word' id='word_1_761' title='bbox 1626 5050 1646 5081; x_wconf 89' lang='grc'>³</span> <span class='ocrx_word' id='word_1_762' title='bbox 1679 5049 1782 5105; x_wconf 90' lang='lat' dir='ltr'><strong>Isa.</strong></span> <span class='ocrx_word' id='word_1_763' title='bbox 1815 5066 1891 5115; x_wconf 81' lang='lat' dir='ltr'><strong>ix,</strong></span> <span class='ocrx_word' id='word_1_764' title='bbox 1932 5050 1985 5116; x_wconf 82' lang='lat'><strong>5,</strong></span> <span class='ocrx_word' id='word_1_765' title='bbox 2017 5051 2070 5106; x_wconf 88' lang='lat'><em>6.</em></span> <span class='ocrx_word' id='word_1_766' title='bbox 2147 5054 2167 5082; x_wconf 77' lang='grc'><strong>⁸</strong></span> <span class='ocrx_word' id='word_1_767' title='bbox 2193 5049 2351 5107; x_wconf 82' lang='lat' dir='ltr'><strong>Joan.</strong></span> <span class='ocrx_word' id='word_1_768' title='bbox 2384 5068 2482 5117; x_wconf 69' lang='grc' dir='ltr'>χιι,</span> <span class='ocrx_word' id='word_1_769' title='bbox 2508 5051 2599 5106; x_wconf 68' lang='lat' dir='ltr'><strong>2L</strong></span> 
     </span>
    </p>
   </div>
   <div class='ocr_carea' id='block_1_103' title="bbox 515 5161 3702 5248">
    <p class='ocr_par' dir='ltr' id='par_1_103' title="bbox 515 5161 3702 5248">
     <span class='ocr_line' id='line_1_103' title="bbox 515 5161 3702 5248; baseline 0.002 -26"><span class='ocrx_word' id='word_1_770' title='bbox 515 5168 640 5248; x_wconf 44' lang='grc' dir='ltr'><strong>(ἢ).</strong></span> <span class='ocrx_word' id='word_1_771' title='bbox 669 5169 789 5248; x_wconf 64' lang='grc' dir='ltr'>’ςΟτι</span> <span class='ocrx_word' id='word_1_772' title='bbox 838 5165 1214 5248; x_wconf 42' lang='grc' dir='ltr'>(ξεέίῖῄσουσιν</span> <span class='ocrx_word' id='word_1_773' title='bbox 1234 5167 1308 5248; x_wconf 60' lang='grc' dir='ltr'><strong>Δεὶ</strong></span> <span class='ocrx_word' id='word_1_774' title='bbox 1354 5163 1653 5248; x_wconf 61' lang='grc' dir='ltr'>ῥγεὲγοντο.</span> <span class='ocrx_word' id='word_1_775' title='bbox 1694 5161 1878 5248; x_wconf 85' lang='lat' dir='ltr'><strong>Neque</strong></span> <span class='ocrx_word' id='word_1_776' title='bbox 1928 5164 2019 5248; x_wconf 57' lang='lat' dir='ltr'><strong>hic</strong></span> <span class='ocrx_word' id='word_1_777' title='bbox 2123 5167 2315 5248; x_wconf 46' lang='grc' dir='ltr'>σάρκα.</span> <span class='ocrx_word' id='word_1_778' title='bbox 2327 5167 2447 5221; x_wconf 86' lang='grc' dir='ltr'>κατ’</span> <span class='ocrx_word' id='word_1_779' title='bbox 2464 5167 2773 5248; x_wconf 71' lang='grc' dir='ltr'>οἰκονομίαν</span> <span class='ocrx_word' id='word_1_780' title='bbox 2798 5167 2905 5222; x_wconf 79' lang='grc' dir='ltr'><strong>ὑπὸ</strong></span> <span class='ocrx_word' id='word_1_781' title='bbox 2927 5168 3021 5248; x_wconf 76' lang='grc' dir='ltr'><strong>τοῦ</strong></span> <span class='ocrx_word' id='word_1_782' title='bbox 3050 5172 3369 5248; x_wconf 73' lang='grc' dir='ltr'>μονογενοῦς</span> <span class='ocrx_word' id='word_1_783' title='bbox 3389 5173 3520 5229; x_wconf 86' lang='grc' dir='ltr'>Υίοῦ</span> <span class='ocrx_word' id='word_1_784' title='bbox 3538 5193 3702 5248; x_wconf 75' lang='grc' dir='ltr'>προσ-</span> 
     </span>
    </p>
   </div>
   <div class='ocr_carea' id='block_1_104' title="bbox 444 5232 2038 5316">
    <p class='ocr_par' dir='ltr' id='par_1_104' title="bbox 444 5232 2018 5316">
     <span class='ocr_line' id='line_1_104' title="bbox 444 5232 2018 5316; baseline -0.003 -23"><span class='ocrx_word' id='word_1_785' title='bbox 444 5232 569 5316; x_wconf 77' lang='lat' dir='ltr'><strong>cnm</strong></span> <span class='ocrx_word' id='word_1_786' title='bbox 597 5232 824 5293; x_wconf 62' lang='lat' dir='ltr'><strong>Hebrazo</strong></span> <span class='ocrx_word' id='word_1_787' title='bbox 851 5232 991 5316; x_wconf 53' lang='lat' dir='ltr'><strong>CXX</strong></span> <span class='ocrx_word' id='word_1_788' title='bbox 1023 5232 1403 5315; x_wconf 68' lang='lat' dir='ltr'><strong>consentiunt.</strong></span> <span class='ocrx_word' id='word_1_789' title='bbox 1428 5232 1655 5314; x_wconf 73' lang='lat' dir='ltr'><strong>Vulgata</strong></span> <span class='ocrx_word' id='word_1_790' title='bbox 1685 5232 1872 5316; x_wconf 75' lang='lat' dir='ltr'><strong>nostra</strong></span> <span class='ocrx_word' id='word_1_791' title='bbox 1900 5253 1913 5288; x_wconf 90' lang='lat'><strong>:</strong></span> <span class='ocrx_word' id='word_1_792' title='bbox 1949 5233 2018 5288; x_wconf 85' lang='lat' dir='ltr'><strong>Et</strong></span> 
     </span>
    </p>
   </div>
   <div class='ocr_carea' id='block_1_105' title="bbox 2140 5232 3698 5316">
    <p class='ocr_par' dir='ltr' id='par_1_105' title="bbox 2140 5232 3698 5316">
     <span class='ocr_line' id='line_1_105' title="bbox 2140 5232 3698 5316; baseline -0.003 0"><span class='ocrx_word' id='word_1_793' title='bbox 2140 5232 2416 5316; x_wconf 52' lang='grc' dir='ltr'>δηὲξθεῖρεν</span> <span class='ocrx_word' id='word_1_794' title='bbox 2464 5239 2569 5316; x_wconf 61' lang='grc' dir='ltr'>ἐπὶ.</span> <span class='ocrx_word' id='word_1_795' title='bbox 2595 5232 3071 5316; x_wconf 56' lang='grc' dir='ltr'>μέτρεῑτρξχειώσεὶ</span> <span class='ocrx_word' id='word_1_796' title='bbox 3119 5232 3227 5316; x_wconf 60' lang='grc' dir='ltr'><strong>τῆξ</strong></span> <span class='ocrx_word' id='word_1_797' title='bbox 3265 5232 3478 5313; x_wconf 55' lang='lat' dir='ltr'><strong>sociam;</strong></span> <span class='ocrx_word' id='word_1_798' title='bbox 3523 5232 3698 5316; x_wconf 75' lang='grc' dir='ltr'><strong>ήιὶῶν,</strong></span> 
     </span>
    </p>
   </div>
   <div class='ocr_carea' id='block_1_106' title="bbox 446 5304 2015 5364">
    <p class='ocr_par' dir='ltr' id='par_1_106' title="bbox 446 5304 2015 5364">
     <span class='ocr_line' id='line_1_106' title="bbox 446 5304 2015 5364; baseline -0.006 -1"><span class='ocrx_word' id='word_1_799' title='bbox 446 5311 805 5363; x_wconf 76' lang='lat' dir='ltr'><strong>vestimentum</strong></span> <span class='ocrx_word' id='word_1_800' title='bbox 838 5308 1052 5360; x_wconf 81' lang='lat' dir='ltr'><strong>mistum</strong></span> <span class='ocrx_word' id='word_1_801' title='bbox 1084 5306 1339 5364; x_wconf 75' lang='lat' dir='ltr'><strong>sanguine</strong></span> <span class='ocrx_word' id='word_1_802' title='bbox 1372 5304 1472 5357; x_wconf 85' lang='lat' dir='ltr'><strong>erit</strong></span> <span class='ocrx_word' id='word_1_803' title='bbox 1507 5306 1560 5356; x_wconf 87' lang='lat' dir='ltr'><strong>in</strong></span> <span class='ocrx_word' id='word_1_804' title='bbox 1585 5304 2015 5364; x_wconf 84' lang='lat' dir='ltr'><strong>combustionem,</strong></span> 
     </span>
    </p>
   </div>
   <div class='ocr_carea' id='block_1_107' title="bbox 443 5322 1214 5447">
    <p class='ocr_par' dir='ltr' id='par_1_107' title="bbox 443 5322 1214 5447">
     <span class='ocr_line' id='line_1_107' title="bbox 446 5322 1214 5430; baseline -0.009 -67"><span class='ocrx_word' id='word_1_805' title='bbox 446 5322 805 5363; x_wconf 75' lang='lat' dir='ltr'><strong>vestimentum</strong></span> <span class='ocrx_word' id='word_1_806' title='bbox 838 5322 1052 5360; x_wconf 78' lang='lat' dir='ltr'><strong>nimum</strong></span> <span class='ocrx_word' id='word_1_807' title='bbox 1084 5322 1214 5430; x_wconf 72' lang='grc' dir='ltr'>εαηᾶ</span> 
     </span>
     <span class='ocr_line' id='line_1_108' title="bbox 443 5376 1137 5447; baseline -0.006 -14"><span class='ocrx_word' id='word_1_808' title='bbox 443 5391 492 5433; x_wconf 89' lang='lat' dir='ltr'><strong>et</strong></span> <span class='ocrx_word' id='word_1_809' title='bbox 522 5379 670 5433; x_wconf 75' lang='lat' dir='ltr'><strong>cibus</strong></span> <span class='ocrx_word' id='word_1_810' title='bbox 698 5378 855 5447; x_wconf 76' lang='lat' dir='ltr'><strong>ignis.</strong></span> <span class='ocrx_word' id='word_1_811' title='bbox 893 5376 999 5431; x_wconf 87' lang='lat' dir='ltr'><strong>Pro</strong></span> <span class='ocrx_word' id='word_1_812' title='bbox 1028 5390 1137 5446; x_wconf 90' lang='lat' dir='ltr'><strong>quo</strong></span> 
     </span>
    </p>
   </div>
   <div class='ocr_carea' id='block_1_108' title="bbox 444 5450 822 5520">
    <p class='ocr_par' dir='ltr' id='par_1_108' title="bbox 444 5450 822 5520">
     <span class='ocr_line' id='line_1_109' title="bbox 444 5450 822 5520; baseline -0.011 -17"><span class='ocrx_word' id='word_1_813' title='bbox 444 5450 822 5520; x_wconf 81' lang='grc' dir='ltr'>πυρίκαυστοι.</span> 
     </span>
    </p>
   </div>
   <div class='ocr_carea' id='block_1_109' title="bbox 515 5509 2012 5601">
    <p class='ocr_par' dir='ltr' id='par_1_109' title="bbox 515 5509 2012 5601">
     <span class='ocr_line' id='line_1_110' title="bbox 515 5509 2012 5601; baseline -0.003 -29"><span class='ocrx_word' id='word_1_814' title='bbox 515 5509 626 5601; x_wconf 59' lang='grc' dir='ltr'><strong>(4ίῇ</strong></span> <span class='ocrx_word' id='word_1_815' title='bbox 669 5521 911 5601; x_wconf 29' lang='grc' dir='ltr'>Ἕθπειτα</span> <span class='ocrx_word' id='word_1_816' title='bbox 953 5517 1053 5569; x_wconf 84' lang='grc' dir='ltr'><strong>ἵνα</strong></span> <span class='ocrx_word' id='word_1_817' title='bbox 1078 5515 1274 5601; x_wconf 58' lang='grc' dir='ltr'>δείξῃ,</span> <span class='ocrx_word' id='word_1_818' title='bbox 1296 5514 1376 5601; x_wconf 74' lang='grc' dir='ltr'>ὡς</span> <span class='ocrx_word' id='word_1_819' title='bbox 1406 5509 1630 5601; x_wconf 12' lang='grc' dir='ltr'>,οῦξιῂῇις</span> <span class='ocrx_word' id='word_1_820' title='bbox 1669 5515 2012 5601; x_wconf 65' lang='grc' dir='ltr'>όμοούσιον.</span> 
     </span>
    </p>
   </div>
   <div class='ocr_carea' id='block_1_110' title="bbox 447 5585 2020 5658">
    <p class='ocr_par' dir='ltr' id='par_1_110' title="bbox 447 5585 2020 5658">
     <span class='ocr_line' id='line_1_111' title="bbox 447 5585 2020 5658; baseline -0.003 -17"><span class='ocrx_word' id='word_1_821' title='bbox 447 5585 777 5658; x_wconf 81' lang='lat' dir='ltr'><strong>Apollinaris</strong></span> <span class='ocrx_word' id='word_1_822' title='bbox 823 5601 1041 5641; x_wconf 88' lang='lat' dir='ltr'><strong>carnem</strong></span> <span class='ocrx_word' id='word_1_823' title='bbox 1075 5586 1277 5641; x_wconf 88' lang='lat' dir='ltr'><strong>Christi</strong></span> <span class='ocrx_word' id='word_1_824' title='bbox 1324 5588 1392 5658; x_wconf 76' lang='lat' dir='ltr'><strong>ab</strong></span> <span class='ocrx_word' id='word_1_825' title='bbox 1433 5593 1638 5658; x_wconf 69' lang='lat' dir='ltr'><strong>aeterno</strong></span> <span class='ocrx_word' id='word_1_826' title='bbox 1692 5585 1888 5658; x_wconf 73' lang='lat' dir='ltr'><strong>fuisse,</strong></span> <span class='ocrx_word' id='word_1_827' title='bbox 1923 5600 2020 5637; x_wconf 72' lang='lat' dir='ltr'><strong>nec</strong></span> 
     </span>
    </p>
   </div>
   <div class='ocr_carea' id='block_1_111' title="bbox 446 5651 2018 5728">
    <p class='ocr_par' dir='ltr' id='par_1_111' title="bbox 446 5651 2018 5728">
     <span class='ocr_line' id='line_1_112' title="bbox 446 5651 2018 5728; baseline -0.004 -19"><span class='ocrx_word' id='word_1_828' title='bbox 446 5651 511 5712; x_wconf 64' lang='lat' dir='ltr'><strong>ei</strong></span> <span class='ocrx_word' id='word_1_829' title='bbox 541 5660 783 5728; x_wconf 11' lang='lat' dir='ltr'><strong>Virgine,</strong></span> <span class='ocrx_word' id='word_1_830' title='bbox 810 5668 991 5728; x_wconf 83' lang='lat' dir='ltr'><strong>natam</strong></span> <span class='ocrx_word' id='word_1_831' title='bbox 1039 5657 1293 5711; x_wconf 88' lang='lat' dir='ltr'><strong>asseruit.</strong></span> <span class='ocrx_word' id='word_1_832' title='bbox 1330 5654 1555 5728; x_wconf 70' lang='lat' dir='ltr'><strong>Cregor.</strong></span> <span class='ocrx_word' id='word_1_833' title='bbox 1588 5651 1844 5728; x_wconf 62' lang='lat' dir='ltr'><strong>Nazianz.</strong></span> <span class='ocrx_word' id='word_1_834' title='bbox 1877 5662 2018 5728; x_wconf 76' lang='lat' dir='ltr'><strong>orat.</strong></span> 
     </span>
    </p>
   </div>
   <div class='ocr_carea' id='block_1_112' title="bbox 448 5719 2018 5800">
    <p class='ocr_par' dir='ltr' id='par_1_112' title="bbox 448 5719 2018 5800">
     <span class='ocr_line' id='line_1_113' title="bbox 448 5719 2018 5800; baseline -0.004 -19"><span class='ocrx_word' id='word_1_835' title='bbox 448 5745 571 5784; x_wconf 64' lang='lat' dir='ltr'><strong>xtvt</strong></span> <span class='ocrx_word' id='word_1_836' title='bbox 612 5719 1068 5800; x_wconf 60' lang='grc' dir='ltr'>εᾌιαόεϐαιοῦται</span> <span class='ocrx_word' id='word_1_837' title='bbox 1129 5728 1236 5797; x_wconf 76' lang='grc' dir='ltr'>γὰρ</span> <span class='ocrx_word' id='word_1_838' title='bbox 1284 5724 1358 5795; x_wconf 80' lang='grc' dir='ltr'>μὴ</span> <span class='ocrx_word' id='word_1_839' title='bbox 1407 5719 1697 5792; x_wconf 74' lang='grc' dir='ltr'>ἐπίκτητον</span> <span class='ocrx_word' id='word_1_840' title='bbox 1743 5719 1879 5777; x_wconf 72' lang='grc' dir='ltr'>εἶναι</span> <span class='ocrx_word' id='word_1_841' title='bbox 1923 5721 2018 5791; x_wconf 70' lang='grc' dir='ltr'>τὴν</span> 
     </span>
    </p>
   </div>
   <div class='ocr_carea' id='block_1_113' title="bbox 2122 5308 3701 5387">
    <p class='ocr_par' dir='ltr' id='par_1_113' title="bbox 2122 5308 3701 5387">
     <span class='ocr_line' id='line_1_114' title="bbox 2122 5308 3701 5387; baseline 0.007 -29"><span class='ocrx_word' id='word_1_842' title='bbox 2122 5308 2236 5387; x_wconf 63' lang='grc' dir='ltr'>ἀλλ’</span> <span class='ocrx_word' id='word_1_843' title='bbox 2272 5308 2331 5373; x_wconf 87' lang='grc' dir='ltr'><strong>ἐξ</strong></span> <span class='ocrx_word' id='word_1_844' title='bbox 2354 5310 2527 5379; x_wconf 84' lang='grc' dir='ltr'>ἀρχῆς</span> <span class='ocrx_word' id='word_1_845' title='bbox 2554 5309 2610 5361; x_wconf 86' lang='grc' dir='ltr'><strong>ἐν</strong></span> <span class='ocrx_word' id='word_1_846' title='bbox 2638 5308 2715 5379; x_wconf 85' lang='grc' dir='ltr'>τῷ</span> <span class='ocrx_word' id='word_1_847' title='bbox 2747 5308 2863 5380; x_wconf 79' lang='grc' dir='ltr'>Υίῴ</span> <span class='ocrx_word' id='word_1_848' title='bbox 2880 5308 2990 5382; x_wconf 78' lang='grc' dir='ltr'>τὴν</span> <span class='ocrx_word' id='word_1_849' title='bbox 3019 5308 3287 5384; x_wconf 73' lang='grc' dir='ltr'>σαρκώδη</span> <span class='ocrx_word' id='word_1_850' title='bbox 3301 5308 3515 5387; x_wconf 82' lang='grc' dir='ltr'>ἐκείνην</span> <span class='ocrx_word' id='word_1_851' title='bbox 3541 5308 3701 5385; x_wconf 69' lang='grc' dir='ltr'>φύσιν</span> 
     </span>
    </p>
   </div>
   <div class='ocr_carea' id='block_1_114' title="bbox 1221 5371 2507 5443">
    <p class='ocr_par' dir='ltr' id='par_1_114' title="bbox 1221 5371 2507 5443">
     <span class='ocr_line' id='line_1_115' title="bbox 1221 5371 2507 5443; baseline 0.005 -16"><span class='ocrx_word' id='word_1_852' title='bbox 1221 5376 1367 5438; x_wconf 73' lang='lat' dir='ltr'><strong>neci,</strong></span> <span class='ocrx_word' id='word_1_853' title='bbox 1400 5374 1494 5426; x_wconf 74' lang='grc' dir='ltr'><strong>καὶ</strong></span> <span class='ocrx_word' id='word_1_854' title='bbox 1523 5373 1840 5443; x_wconf 82' lang='grc' dir='ltr'>θελήσουσιν</span> <span class='ocrx_word' id='word_1_855' title='bbox 1877 5371 2016 5427; x_wconf 83' lang='grc' dir='ltr'>εἶναι</span> <span class='ocrx_word' id='word_1_856' title='bbox 2122 5375 2283 5438; x_wconf 73' lang='grc' dir='ltr'>εἶναι,</span> <span class='ocrx_word' id='word_1_857' title='bbox 2315 5371 2507 5438; x_wconf 58' lang='lat' dir='ltr'><strong>adi”.</strong></span> 
     </span>
    </p>
   </div>
   <div class='ocr_carea' id='block_1_115' title="bbox 2196 5448 3701 5523">
    <p class='ocr_par' dir='ltr' id='par_1_115' title="bbox 2196 5448 3701 5523">
     <span class='ocr_line' id='line_1_116' title="bbox 2196 5448 3701 5523; baseline 0.003 -22"><span class='ocrx_word' id='word_1_858' title='bbox 2196 5449 2307 5523; x_wconf 64' lang='lat'><strong>(47)</strong></span> <span class='ocrx_word' id='word_1_859' title='bbox 2348 5448 2632 5523; x_wconf 60' lang='lat' dir='ltr'><strong>Ad6’_8_g:qt</strong></span> <span class='ocrx_word' id='word_1_860' title='bbox 2658 5449 2845 5523; x_wconf 68' lang='grc' dir='ltr'>τόμον</span> <span class='ocrx_word' id='word_1_861' title='bbox 2884 5450 3128 5519; x_wconf 81' lang='grc' dir='ltr'>χάρτου.</span> <span class='ocrx_word' id='word_1_862' title='bbox 3172 5451 3283 5506; x_wconf 79' lang='lat' dir='ltr'><strong>Vox</strong></span> <span class='ocrx_word' id='word_1_863' title='bbox 3314 5453 3513 5523; x_wconf 82' lang='grc' dir='ltr'>χάρτου</span> <span class='ocrx_word' id='word_1_864' title='bbox 3547 5455 3701 5508; x_wconf 71' lang='lat' dir='ltr'><strong>alit-st</strong></span> 
     </span>
    </p>
   </div>
   <div class='ocr_carea' id='block_1_116' title="bbox 2123 5517 3701 5590">
    <p class='ocr_par' dir='ltr' id='par_1_116' title="bbox 2123 5517 3701 5590">
     <span class='ocr_line' id='line_1_117' title="bbox 2123 5517 3701 5590; baseline 0.007 -22"><span class='ocrx_word' id='word_1_865' title='bbox 2123 5531 2151 5568; x_wconf 90' lang='lat' dir='ltr'><strong>a</strong></span> <span class='ocrx_word' id='word_1_866' title='bbox 2187 5520 2417 5590; x_wconf 79' lang='lat' dir='ltr'><strong>vulgata</strong></span> <span class='ocrx_word' id='word_1_867' title='bbox 2468 5517 2605 5570; x_wconf 75' lang='lat' dir='ltr'><strong>LXX</strong></span> <span class='ocrx_word' id='word_1_868' title='bbox 2657 5517 3014 5590; x_wconf 84' lang='lat' dir='ltr'><strong>interpretum</strong></span> <span class='ocrx_word' id='word_1_869' title='bbox 3064 5517 3459 5577; x_wconf 67' lang='lat' dir='ltr'><strong>etlitione.&quot;Sed</strong></span> <span class='ocrx_word' id='word_1_870' title='bbox 3491 5526 3542 5578; x_wconf 89' lang='lat' dir='ltr'><strong>in</strong></span> <span class='ocrx_word' id='word_1_871' title='bbox 3578 5528 3701 5579; x_wconf 82' lang='lat' dir='ltr'><strong>aliis</strong></span> 
     </span>
    </p>
   </div>
   <div class='ocr_carea' id='block_1_117' title="bbox 2126 5588 3700 5667">
    <p class='ocr_par' dir='ltr' id='par_1_117' title="bbox 2126 5588 3700 5667">
     <span class='ocr_line' id='line_1_118' title="bbox 2126 5588 3700 5667; baseline 0.006 -27"><span class='ocrx_word' id='word_1_872' title='bbox 2126 5588 2278 5667; x_wconf 52' lang='lat' dir='ltr'><strong>olim,</strong></span> <span class='ocrx_word' id='word_1_873' title='bbox 2312 5595 2643 5667; x_wconf 35' lang='lat' dir='ltr'><strong>ut‘apparct,</strong></span> <span class='ocrx_word' id='word_1_874' title='bbox 2680 5588 2836 5645; x_wconf 76' lang='lat' dir='ltr'><strong>lecta.</strong></span> <span class='ocrx_word' id='word_1_875' title='bbox 2882 5592 3116 5648; x_wconf 80' lang='lat' dir='ltr'><strong>Basilius</strong></span> <span class='ocrx_word' id='word_1_876' title='bbox 3162 5601 3343 5648; x_wconf 89' lang='lat' dir='ltr'><strong>autem</strong></span> <span class='ocrx_word' id='word_1_877' title='bbox 3386 5594 3551 5666; x_wconf 83' lang='grc' dir='ltr'>τόμον</span> <span class='ocrx_word' id='word_1_878' title='bbox 3582 5612 3700 5650; x_wconf 62' lang='grc' dir='ltr'>και-</span> 
     </span>
    </p>
   </div>
   <div class='ocr_carea' id='block_1_118' title="bbox 2127 5660 3211 5729">
    <p class='ocr_par' dir='ltr' id='par_1_118' title="bbox 2127 5660 3211 5729">
     <span class='ocr_line' id='line_1_119' title="bbox 2127 5660 3211 5729; baseline 0.006 -19"><span class='ocrx_word' id='word_1_879' title='bbox 2127 5660 2216 5710; x_wconf 87' lang='grc' dir='ltr'><strong>νοῦ</strong></span> <span class='ocrx_word' id='word_1_880' title='bbox 2254 5660 2509 5729; x_wconf 83' lang='grc' dir='ltr'>μεγάλου.</span> <span class='ocrx_word' id='word_1_881' title='bbox 2646 5703 2652 5708; x_wconf 86' lang='grc'><strong>.</strong></span> <span class='ocrx_word' id='word_1_882' title='bbox 3201 5698 3211 5709; x_wconf 78' lang='grc' dir='ltr'><strong><em>ο</em></strong></span> 
     </span>
    </p>
   </div>
  </div>
