  <div class='ocr_page' id='page_1' title='image "/cluster/home/n/w/nwhite01/storage/ocr_20150623/41/mdp.39015008169818/249.png"; bbox 0 0 4004 6158; ppageno 0'>
   <div class='ocr_carea' id='block_1_1' title="bbox 277 354 380 411">
    <p class='ocr_par' dir='ltr' id='par_1_1' title="bbox 277 354 380 411">
     <span class='ocr_line' id='line_1_1' title="bbox 277 354 380 411; baseline -0.058 0"><span class='ocrx_word' id='word_1_1' title='bbox 277 354 380 411; x_wconf 63' lang='grc'><strong><em>855</em></strong></span> 
     </span>
    </p>
   </div>
   <div class='ocr_carea' id='block_1_2' title="bbox 1668 320 2113 383">
    <p class='ocr_par' dir='ltr' id='par_1_2' title="bbox 1668 320 2113 383">
     <span class='ocr_line' id='line_1_2' title="bbox 1668 320 2113 383; baseline -0.02 1"><span class='ocrx_word' id='word_1_2' title='bbox 1668 328 1728 383; x_wconf 75' lang='grc'><strong>5.</strong></span> <span class='ocrx_word' id='word_1_3' title='bbox 1772 320 2113 380; x_wconf 71' lang='grc' dir='ltr'><strong><em>ΕΡΙΡΠΑΝῙΙ</em></strong></span> 
     </span>
    </p>
   </div>
   <div class='ocr_carea' id='block_1_3' title="bbox 3429 312 3538 370">
    <p class='ocr_par' dir='ltr' id='par_1_3' title="bbox 3429 312 3538 370">
     <span class='ocr_line' id='line_1_3' title="bbox 3429 312 3538 370; baseline 0.018 -2"><span class='ocrx_word' id='word_1_4' title='bbox 3429 312 3538 370; x_wconf 68' lang='grc' dir='ltr'><strong><em>ιξίὓ</em></strong></span> 
     </span>
    </p>
   </div>
   <div class='ocr_carea' id='block_1_4' title="bbox 275 429 1896 524">
    <p class='ocr_par' dir='ltr' id='par_1_4' title="bbox 275 442 1896 524">
     <span class='ocr_line' id='line_1_4' title="bbox 275 442 1896 524; baseline -0.019 1"><span class='ocrx_word' id='word_1_5' title='bbox 275 470 552 524; x_wconf 74' lang='lat' dir='ltr'><strong><em>dixisset:</em></strong></span> <span class='ocrx_word' id='word_1_6' title='bbox 590 462 671 517; x_wconf 79' lang='lat' dir='ltr'><strong><em>An</em></strong></span> <span class='ocrx_word' id='word_1_7' title='bbox 731 456 1031 513; x_wconf 77' lang='lat' dir='ltr'><strong><em>centenario</em></strong></span> <span class='ocrx_word' id='word_1_8' title='bbox 1088 458 1331 506; x_wconf 84' lang='lat' dir='ltr'><strong><em>nascetur</em></strong></span> <span class='ocrx_word' id='word_1_9' title='bbox 1359 446 1550 518; x_wconf 81' lang='lat' dir='ltr'><strong><em>ﬁlius?</em></strong></span> <span class='ocrx_word' id='word_1_10' title='bbox 1593 452 1641 498; x_wconf 86' lang='lat' dir='ltr'><strong><em>et</em></strong></span> <span class='ocrx_word' id='word_1_11' title='bbox 1689 442 1856 498; x_wconf 84' lang='lat' dir='ltr'><strong><em>Sarra</em></strong></span> <span class='ocrx_word' id='word_1_12' title='bbox 1891 486 1896 508; x_wconf 39' lang='grc' dir='ltr'><em>λ</em></span> 
     </span>
    </p>
   </div>
   <div class='ocr_carea' id='block_1_5' title="bbox 1999 429 3543 524">
    <p class='ocr_par' dir='ltr' id='par_1_5' title="bbox 1999 429 3543 506">
     <span class='ocr_line' id='line_1_5' title="bbox 1999 429 3543 506; baseline -0.005 -13"><span class='ocrx_word' id='word_1_13' title='bbox 1999 438 2149 506; x_wconf 51' lang='grc' dir='ltr'>πυρὸς</span> <span class='ocrx_word' id='word_1_14' title='bbox 2199 431 2299 488; x_wconf 74' lang='grc' dir='ltr'>καὶ</span> <span class='ocrx_word' id='word_1_15' title='bbox 2337 435 2646 497; x_wconf 76' lang='grc' dir='ltr'>κλίϐανον,</span> <span class='ocrx_word' id='word_1_16' title='bbox 2682 431 2777 486; x_wconf 71' lang='grc' dir='ltr'>καὶ</span> <span class='ocrx_word' id='word_1_17' title='bbox 2825 429 3015 486; x_wconf 74' lang='grc' dir='ltr'>τᾶλλα.</span> <span class='ocrx_word' id='word_1_18' title='bbox 3065 430 3249 503; x_wconf 62' lang='lat' dir='ltr'><strong><em>Mea:</em></strong></span> <span class='ocrx_word' id='word_1_19' title='bbox 3304 430 3453 502; x_wconf 72' lang='grc' dir='ltr'>αὐτῷ</span> <span class='ocrx_word' id='word_1_20' title='bbox 3511 435 3543 486; x_wconf 80' lang='grc' dir='ltr'><strong>ὁ</strong></span> 
     </span>
    </p>
   </div>
   <div class='ocr_carea' id='block_1_6' title="bbox 269 534 1856 635">
    <p class='ocr_par' dir='ltr' id='par_1_6' title="bbox 269 534 1856 635">
     <span class='ocr_line' id='line_1_6' title="bbox 269 534 1856 635; baseline -0.018 -19"><span class='ocrx_word' id='word_1_21' title='bbox 269 578 386 635; x_wconf 73' lang='grc' dir='ltr'>μιηι</span> <span class='ocrx_word' id='word_1_22' title='bbox 442 573 575 613; x_wconf 84' lang='lat' dir='ltr'><strong><em>anus</em></strong></span> <span class='ocrx_word' id='word_1_23' title='bbox 626 553 801 622; x_wconf 82' lang='lat' dir='ltr'><strong><em>[ilium</em></strong></span> <span class='ocrx_word' id='word_1_24' title='bbox 857 545 1128 618; x_wconf 78' lang='lat' dir='ltr'><strong><em>pariet“?</em></strong></span> <span class='ocrx_word' id='word_1_25' title='bbox 1185 542 1495 614; x_wconf 72' lang='lat' dir='ltr'><strong><em>Statimque</em></strong></span> <span class='ocrx_word' id='word_1_26' title='bbox 1546 534 1856 590; x_wconf 84' lang='lat' dir='ltr'><strong><em>Dominus:</em></strong></span> 
     </span>
    </p>
   </div>
   <div class='ocr_carea' id='block_1_7' title="bbox 276 630 1863 715">
    <p class='ocr_par' dir='ltr' id='par_1_7' title="bbox 276 630 1863 715">
     <span class='ocr_line' id='line_1_7' title="bbox 276 630 1863 715; baseline -0.021 -7"><span class='ocrx_word' id='word_1_27' title='bbox 276 630 458 712; x_wconf 63' lang='lat' dir='ltr'><strong><em>Sume,</em></strong></span> <span class='ocrx_word' id='word_1_28' title='bbox 494 645 693 715; x_wconf 84' lang='lat' dir='ltr'><strong><em>inquit,</em></strong></span> <span class='ocrx_word' id='word_1_29' title='bbox 725 640 856 696; x_wconf 80' lang='lat' dir='ltr'><strong><em>mihi</em></strong></span> <span class='ocrx_word' id='word_1_30' title='bbox 906 638 1125 692; x_wconf 86' lang='lat' dir='ltr'><strong><em>arietem</em></strong></span> <span class='ocrx_word' id='word_1_31' title='bbox 1175 648 1438 687; x_wconf 86' lang='lat' dir='ltr'><strong><em>annorum</em></strong></span> <span class='ocrx_word' id='word_1_32' title='bbox 1481 630 1664 691; x_wconf 87' lang='lat' dir='ltr'><strong><em>trium,</em></strong></span> <span class='ocrx_word' id='word_1_33' title='bbox 1692 634 1740 679; x_wconf 87' lang='lat' dir='ltr'><strong><em>et</em></strong></span> <span class='ocrx_word' id='word_1_34' title='bbox 1772 641 1863 677; x_wconf 90' lang='lat' dir='ltr'><strong><em>ca-</em></strong></span> 
     </span>
    </p>
   </div>
   <div class='ocr_carea' id='block_1_8' title="bbox 275 718 1863 814">
    <p class='ocr_par' dir='ltr' id='par_1_8' title="bbox 275 718 1863 814">
     <span class='ocr_line' id='line_1_8' title="bbox 275 718 1863 814; baseline -0.02 -18"><span class='ocrx_word' id='word_1_35' title='bbox 275 758 450 814; x_wconf 85' lang='lat' dir='ltr'><strong><em>pram,</em></strong></span> <span class='ocrx_word' id='word_1_36' title='bbox 486 749 535 793; x_wconf 85' lang='lat' dir='ltr'><strong><em>et</em></strong></span> <span class='ocrx_word' id='word_1_37' title='bbox 572 750 809 797; x_wconf 81' lang='lat' dir='ltr'><strong><em>vaccam,</em></strong></span> <span class='ocrx_word' id='word_1_38' title='bbox 836 739 944 787; x_wconf 90' lang='lat' dir='ltr'><strong><em>etc.</em></strong></span> <span class='ocrx_word' id='word_1_39' title='bbox 979 728 1210 796; x_wconf 85' lang='lat' dir='ltr'><strong><em>Cumque</em></strong></span> <span class='ocrx_word' id='word_1_40' title='bbox 1245 723 1327 778; x_wconf 82' lang='lat' dir='ltr'><strong><em>sol</em></strong></span> <span class='ocrx_word' id='word_1_41' title='bbox 1368 718 1715 779; x_wconf 86' lang='lat' dir='ltr'><strong><em>occumberet,</em></strong></span> <span class='ocrx_word' id='word_1_42' title='bbox 1745 730 1863 768; x_wconf 87' lang='lat' dir='ltr'><strong><em>cum</em></strong></span> 
     </span>
    </p>
   </div>
   <div class='ocr_carea' id='block_1_9' title="bbox 280 810 1863 903">
    <p class='ocr_par' dir='ltr' id='par_1_9' title="bbox 280 810 1863 903">
     <span class='ocr_line' id='line_1_9' title="bbox 280 810 1863 903; baseline -0.019 -12"><span class='ocrx_word' id='word_1_43' title='bbox 280 810 551 903; x_wconf 79' lang='lat' dir='ltr'><strong><em>lampades</em></strong></span> <span class='ocrx_word' id='word_1_44' title='bbox 582 830 717 900; x_wconf 86' lang='lat' dir='ltr'><strong><em>ignis</em></strong></span> <span class='ocrx_word' id='word_1_45' title='bbox 742 837 791 881; x_wconf 87' lang='lat' dir='ltr'><strong><em>et</em></strong></span> <span class='ocrx_word' id='word_1_46' title='bbox 822 824 1087 879; x_wconf 88' lang='lat' dir='ltr'><strong><em>clibanum</em></strong></span> <span class='ocrx_word' id='word_1_47' title='bbox 1116 819 1350 880; x_wconf 78' lang='lat' dir='ltr'><strong><em>vidisset,</em></strong></span> <span class='ocrx_word' id='word_1_48' title='bbox 1380 825 1511 880; x_wconf 90' lang='lat' dir='ltr'><strong><em>etc.,</em></strong></span> <span class='ocrx_word' id='word_1_49' title='bbox 1546 813 1665 882; x_wconf 87' lang='lat' dir='ltr'><strong><em>ejus</em></strong></span> <span class='ocrx_word' id='word_1_50' title='bbox 1696 810 1863 865; x_wconf 89' lang='lat' dir='ltr'><strong><em>casti-</em></strong></span> 
     </span>
    </p>
   </div>
   <div class='ocr_carea' id='block_1_10' title="bbox 282 905 1868 996">
    <p class='ocr_par' dir='ltr' id='par_1_10' title="bbox 282 905 1868 996">
     <span class='ocr_line' id='line_1_10' title="bbox 282 905 1868 996; baseline -0.018 -15"><span class='ocrx_word' id='word_1_51' title='bbox 282 926 445 996; x_wconf 81' lang='lat' dir='ltr'><strong><em>gandi</em></strong></span> <span class='ocrx_word' id='word_1_52' title='bbox 486 936 656 978; x_wconf 87' lang='lat' dir='ltr'><strong><em>causa</em></strong></span> <span class='ocrx_word' id='word_1_53' title='bbox 701 918 845 971; x_wconf 86' lang='lat' dir='ltr'><strong><em>Deus</em></strong></span> <span class='ocrx_word' id='word_1_54' title='bbox 879 913 1053 970; x_wconf 78' lang='lat' dir='ltr'><strong><em>edixit</em></strong></span> <span class='ocrx_word' id='word_1_55' title='bbox 1090 930 1103 967; x_wconf 94' lang='lat'><strong><em>:</em></strong></span> <span class='ocrx_word' id='word_1_56' title='bbox 1160 908 1506 978; x_wconf 83' lang='lat' dir='ltr'><strong><em>Peregrinum</em></strong></span> <span class='ocrx_word' id='word_1_57' title='bbox 1546 905 1647 959; x_wconf 87' lang='lat' dir='ltr'><strong><em>erit</em></strong></span> <span class='ocrx_word' id='word_1_58' title='bbox 1693 918 1868 957; x_wconf 85' lang='lat' dir='ltr'><strong><em>semen</em></strong></span> 
     </span>
    </p>
   </div>
   <div class='ocr_carea' id='block_1_11' title="bbox 286 996 1869 1072">
    <p class='ocr_par' dir='ltr' id='par_1_11' title="bbox 286 996 1869 1072">
     <span class='ocr_line' id='line_1_11' title="bbox 286 996 1869 1072; baseline -0.017 0"><span class='ocrx_word' id='word_1_59' title='bbox 286 1031 436 1072; x_wconf 89' lang='lat' dir='ltr'><strong><em>tuum</em></strong></span> <span class='ocrx_word' id='word_1_60' title='bbox 466 1017 519 1068; x_wconf 79' lang='lat' dir='ltr'><strong><em>in</em></strong></span> <span class='ocrx_word' id='word_1_61' title='bbox 555 1026 696 1067; x_wconf 79' lang='lat' dir='ltr'><strong><em>terra</em></strong></span> <span class='ocrx_word' id='word_1_62' title='bbox 732 1011 930 1068; x_wconf 86' lang='lat' dir='ltr'><strong><em>aliena,</em></strong></span> <span class='ocrx_word' id='word_1_63' title='bbox 964 1015 1014 1060; x_wconf 92' lang='lat' dir='ltr'><strong><em>et</em></strong></span> <span class='ocrx_word' id='word_1_64' title='bbox 1050 1003 1325 1072; x_wconf 83' lang='lat' dir='ltr'><strong><em>subjicient</em></strong></span> <span class='ocrx_word' id='word_1_65' title='bbox 1362 1016 1447 1053; x_wconf 83' lang='lat' dir='ltr'><strong><em>eos</em></strong></span> <span class='ocrx_word' id='word_1_66' title='bbox 1471 996 1709 1052; x_wconf 85' lang='lat' dir='ltr'><strong><em>servituti</em></strong></span> <span class='ocrx_word' id='word_1_67' title='bbox 1737 1011 1869 1064; x_wconf 86' lang='lat' dir='ltr'><strong><em>qua-</em></strong></span> 
     </span>
    </p>
   </div>
   <div class='ocr_carea' id='block_1_12' title="bbox 282 1084 1867 1176">
    <p class='ocr_par' dir='ltr' id='par_1_12' title="bbox 282 1084 1867 1176">
     <span class='ocr_line' id='line_1_12' title="bbox 282 1084 1867 1176; baseline -0.016 -15"><span class='ocrx_word' id='word_1_68' title='bbox 282 1107 574 1176; x_wconf 85' lang='lat' dir='ltr'><strong><em>dringentis</em></strong></span> <span class='ocrx_word' id='word_1_69' title='bbox 600 1103 756 1155; x_wconf 82' lang='lat' dir='ltr'><strong><em>annis</em></strong></span> <span class='ocrx_word' id='word_1_70' title='bbox 776 1104 819 1154; x_wconf 82' lang='grc'><strong><em>².</em></strong></span> <span class='ocrx_word' id='word_1_71' title='bbox 844 1096 1209 1164; x_wconf 80' lang='lat' dir='ltr'><strong><em>Quamobrem</em></strong></span> <span class='ocrx_word' id='word_1_72' title='bbox 1234 1088 1549 1145; x_wconf 90' lang='lat' dir='ltr'><strong><em>stabilitatis</em></strong></span> <span class='ocrx_word' id='word_1_73' title='bbox 1580 1084 1867 1155; x_wconf 73' lang='lat' dir='ltr'><strong><em>cujusdam</em></strong></span> 
     </span>
    </p>
   </div>
   <div class='ocr_carea' id='block_1_13' title="bbox 286 1174 1870 1262">
    <p class='ocr_par' dir='ltr' id='par_1_13' title="bbox 286 1174 1870 1262">
     <span class='ocr_line' id='line_1_13' title="bbox 286 1174 1870 1262; baseline -0.016 -9"><span class='ocrx_word' id='word_1_74' title='bbox 286 1216 349 1253; x_wconf 90' lang='lat' dir='ltr'><strong><em>ac</em></strong></span> <span class='ocrx_word' id='word_1_75' title='bbox 384 1174 659 1250; x_wconf 67' lang='lat' dir='ltr'><strong><em>firmitatis</em></strong></span> <span class='ocrx_word' id='word_1_76' title='bbox 708 1192 921 1262; x_wconf 83' lang='lat' dir='ltr'><strong><em>gratia,</em></strong></span> <span class='ocrx_word' id='word_1_77' title='bbox 979 1202 1078 1259; x_wconf 86' lang='lat' dir='ltr'><strong><em>pro</em></strong></span> <span class='ocrx_word' id='word_1_78' title='bbox 1112 1182 1273 1255; x_wconf 64' lang='grc' dir='ltr'><strong><em>154Ι</em></strong></span> <span class='ocrx_word' id='word_1_79' title='bbox 1319 1196 1386 1236; x_wconf 85' lang='lat' dir='ltr'><strong><em>eo</em></strong></span> <span class='ocrx_word' id='word_1_80' title='bbox 1442 1178 1588 1250; x_wconf 89' lang='lat' dir='ltr'><strong><em>quod</em></strong></span> <span class='ocrx_word' id='word_1_81' title='bbox 1619 1174 1870 1232; x_wconf 81' lang='lat' dir='ltr'><strong><em>nonnihil</em></strong></span> 
     </span>
    </p>
   </div>
   <div class='ocr_carea' id='block_1_14' title="bbox 287 1267 1873 1345">
    <p class='ocr_par' dir='ltr' id='par_1_14' title="bbox 287 1267 1873 1345">
     <span class='ocr_line' id='line_1_14' title="bbox 287 1267 1873 1345; baseline -0.014 -3"><span class='ocrx_word' id='word_1_82' title='bbox 287 1290 617 1345; x_wconf 89' lang='lat' dir='ltr'><strong><em>addubitans</em></strong></span> <span class='ocrx_word' id='word_1_83' title='bbox 639 1284 867 1338; x_wconf 75' lang='lat' dir='ltr'><strong><em>dixisset</em></strong></span> <span class='ocrx_word' id='word_1_84' title='bbox 896 1299 908 1334; x_wconf 93' lang='lat'><strong><em>:</em></strong></span> <span class='ocrx_word' id='word_1_85' title='bbox 930 1278 1074 1333; x_wconf 79' lang='lat' dir='ltr'><strong><em>Num</em></strong></span> <span class='ocrx_word' id='word_1_86' title='bbox 1101 1275 1399 1330; x_wconf 88' lang='lat' dir='ltr'><strong><em>centenario</em></strong></span> <span class='ocrx_word' id='word_1_87' title='bbox 1421 1278 1669 1324; x_wconf 80' lang='lat' dir='ltr'><strong><em>nascetur</em></strong></span> <span class='ocrx_word' id='word_1_88' title='bbox 1686 1267 1873 1337; x_wconf 83' lang='lat' dir='ltr'><strong><em>ﬁlius?</em></strong></span> 
     </span>
    </p>
   </div>
   <div class='ocr_carea' id='block_1_15' title="bbox 288 1358 1873 1448">
    <p class='ocr_par' dir='ltr' id='par_1_15' title="bbox 288 1358 1873 1448">
     <span class='ocr_line' id='line_1_15' title="bbox 288 1358 1873 1448; baseline -0.015 -14"><span class='ocrx_word' id='word_1_89' title='bbox 288 1398 357 1434; x_wconf 90' lang='lat' dir='ltr'><strong><em>ne</em></strong></span> <span class='ocrx_word' id='word_1_90' title='bbox 398 1380 523 1448; x_wconf 85' lang='lat' dir='ltr'><strong><em>ejus</em></strong></span> <span class='ocrx_word' id='word_1_91' title='bbox 561 1374 766 1446; x_wconf 86' lang='lat' dir='ltr'><strong><em>posteri</em></strong></span> <span class='ocrx_word' id='word_1_92' title='bbox 805 1370 1123 1427; x_wconf 82' lang='lat' dir='ltr'><strong><em>infidelibus</em></strong></span> <span class='ocrx_word' id='word_1_93' title='bbox 1155 1367 1543 1432; x_wconf 85' lang='lat' dir='ltr'><strong><em>idolorumque</em></strong></span> <span class='ocrx_word' id='word_1_94' title='bbox 1569 1358 1873 1413; x_wconf 87' lang='lat' dir='ltr'><strong><em>cultoribus</em></strong></span> 
     </span>
    </p>
   </div>
   <div class='ocr_carea' id='block_1_16' title="bbox 290 1453 1876 1540">
    <p class='ocr_par' dir='ltr' id='par_1_16' title="bbox 290 1453 1876 1540">
     <span class='ocr_line' id='line_1_16' title="bbox 290 1453 1876 1540; baseline -0.014 -15"><span class='ocrx_word' id='word_1_95' title='bbox 290 1469 565 1540; x_wconf 64' lang='lat' dir='ltr'><strong><em>Egyptiis</em></strong></span> <span class='ocrx_word' id='word_1_96' title='bbox 616 1470 671 1520; x_wconf 91' lang='lat' dir='ltr'><strong><em>in</em></strong></span> <span class='ocrx_word' id='word_1_97' title='bbox 732 1463 1055 1520; x_wconf 78' lang='lat' dir='ltr'><strong><em>servitutem</em></strong></span> <span class='ocrx_word' id='word_1_98' title='bbox 1092 1459 1226 1522; x_wconf 75' lang='lat' dir='ltr'><strong><em>dati,</em></strong></span> <span class='ocrx_word' id='word_1_99' title='bbox 1286 1455 1353 1510; x_wconf 87' lang='lat' dir='ltr'><strong><em>ad</em></strong></span> <span class='ocrx_word' id='word_1_100' title='bbox 1397 1453 1620 1510; x_wconf 86' lang='lat' dir='ltr'><strong><em>eosdem</em></strong></span> <span class='ocrx_word' id='word_1_101' title='bbox 1653 1465 1791 1520; x_wconf 89' lang='lat' dir='ltr'><strong><em>quos</em></strong></span> <span class='ocrx_word' id='word_1_102' title='bbox 1823 1457 1876 1503; x_wconf 88' lang='lat' dir='ltr'><strong><em>et</em></strong></span> 
     </span>
    </p>
   </div>
   <div class='ocr_carea' id='block_1_17' title="bbox 290 1541 1876 1630">
    <p class='ocr_par' dir='ltr' id='par_1_17' title="bbox 290 1541 1876 1630">
     <span class='ocr_line' id='line_1_17' title="bbox 290 1541 1876 1630; baseline -0.015 -12"><span class='ocrx_word' id='word_1_103' title='bbox 290 1565 438 1618; x_wconf 85' lang='lat' dir='ltr'><strong><em>illius</em></strong></span> <span class='ocrx_word' id='word_1_104' title='bbox 464 1560 700 1630; x_wconf 83' lang='lat' dir='ltr'><strong><em>majores</em></strong></span> <span class='ocrx_word' id='word_1_105' title='bbox 728 1554 972 1611; x_wconf 83' lang='lat' dir='ltr'><strong><em>venerati</em></strong></span> <span class='ocrx_word' id='word_1_106' title='bbox 1009 1552 1248 1613; x_wconf 82' lang='lat' dir='ltr'><strong><em>fuerant,</em></strong></span> <span class='ocrx_word' id='word_1_107' title='bbox 1285 1549 1416 1604; x_wconf 89' lang='lat' dir='ltr'><strong><em>deos</em></strong></span> <span class='ocrx_word' id='word_1_108' title='bbox 1448 1562 1569 1602; x_wconf 83' lang='lat' dir='ltr'><strong><em>sese</em></strong></span> <span class='ocrx_word' id='word_1_109' title='bbox 1609 1541 1876 1598; x_wconf 81' lang='lat' dir='ltr'><strong><em>transfer-</em></strong></span> 
     </span>
    </p>
   </div>
   <div class='ocr_carea' id='block_1_18' title="bbox 288 1636 1874 1715">
    <p class='ocr_par' dir='ltr' id='par_1_18' title="bbox 288 1636 1874 1715">
     <span class='ocr_line' id='line_1_18' title="bbox 288 1636 1874 1715; baseline -0.015 -6"><span class='ocrx_word' id='word_1_110' title='bbox 288 1662 432 1715; x_wconf 82' lang='lat' dir='ltr'><strong><em>rent,</em></strong></span> <span class='ocrx_word' id='word_1_111' title='bbox 483 1660 594 1704; x_wconf 88' lang='lat' dir='ltr'><strong><em>tam</em></strong></span> <span class='ocrx_word' id='word_1_112' title='bbox 641 1648 959 1703; x_wconf 79' lang='lat' dir='ltr'><strong><em>Abrahaino</em></strong></span> <span class='ocrx_word' id='word_1_113' title='bbox 1009 1643 1136 1714; x_wconf 87' lang='lat' dir='ltr'><strong><em>ipsi,</em></strong></span> <span class='ocrx_word' id='word_1_114' title='bbox 1173 1656 1338 1711; x_wconf 87' lang='lat' dir='ltr'><strong><em>quam</em></strong></span> <span class='ocrx_word' id='word_1_115' title='bbox 1393 1640 1514 1708; x_wconf 84' lang='lat' dir='ltr'><strong><em>ejus</em></strong></span> <span class='ocrx_word' id='word_1_116' title='bbox 1555 1636 1712 1704; x_wconf 78' lang='lat' dir='ltr'><strong><em>stirpi</em></strong></span> <span class='ocrx_word' id='word_1_117' title='bbox 1760 1637 1874 1687; x_wconf 89' lang='lat' dir='ltr'><strong><em>eir-</em></strong></span> 
     </span>
    </p>
   </div>
   <div class='ocr_carea' id='block_1_19' title="bbox 290 1729 1875 1799">
    <p class='ocr_par' dir='ltr' id='par_1_19' title="bbox 290 1729 1875 1799">
     <span class='ocr_line' id='line_1_19' title="bbox 290 1729 1875 1799; baseline -0.014 0"><span class='ocrx_word' id='word_1_118' title='bbox 290 1743 691 1799; x_wconf 87' lang='lat' dir='ltr'><strong><em>cumcisionem</em></strong></span> <span class='ocrx_word' id='word_1_119' title='bbox 729 1738 875 1792; x_wconf 84' lang='lat' dir='ltr'><strong><em>illam</em></strong></span> <span class='ocrx_word' id='word_1_120' title='bbox 911 1735 1101 1789; x_wconf 89' lang='lat' dir='ltr'><strong><em>carnis</em></strong></span> <span class='ocrx_word' id='word_1_121' title='bbox 1148 1731 1370 1795; x_wconf 89' lang='lat' dir='ltr'><strong><em>inussit,</em></strong></span> <span class='ocrx_word' id='word_1_122' title='bbox 1402 1740 1461 1784; x_wconf 92' lang='lat' dir='ltr'><strong><em>ut</em></strong></span> <span class='ocrx_word' id='word_1_123' title='bbox 1494 1729 1615 1797; x_wconf 90' lang='lat' dir='ltr'><strong><em>ejus</em></strong></span> <span class='ocrx_word' id='word_1_124' title='bbox 1653 1732 1875 1796; x_wconf 84' lang='lat' dir='ltr'><strong><em>aspectu</em></strong></span> 
     </span>
    </p>
   </div>
   <div class='ocr_carea' id='block_1_20' title="bbox 1960 520 3542 595">
    <p class='ocr_par' dir='ltr' id='par_1_20' title="bbox 1960 520 3542 595">
     <span class='ocr_line' id='line_1_20' title="bbox 1960 520 3542 595; baseline -0.004 -12"><span class='ocrx_word' id='word_1_125' title='bbox 1960 530 2092 592; x_wconf 74' lang='grc' dir='ltr'>Θεὸς</span> <span class='ocrx_word' id='word_1_126' title='bbox 2120 527 2242 581; x_wconf 87' lang='grc' dir='ltr'>κατ’</span> <span class='ocrx_word' id='word_1_127' title='bbox 2278 526 2593 595; x_wconf 75' lang='grc' dir='ltr'><strong><em>ἐπιτίμησιν</em></strong></span> <span class='ocrx_word' id='word_1_128' title='bbox 2614 540 2626 554; x_wconf 92' lang='grc'><strong>·</strong></span> <span class='ocrx_word' id='word_1_129' title='bbox 2664 523 2961 593; x_wconf 74' lang='grc' dir='ltr'>Πάροικον</span> <span class='ocrx_word' id='word_1_130' title='bbox 2995 523 3169 577; x_wconf 79' lang='grc' dir='ltr'>ἔσται</span> <span class='ocrx_word' id='word_1_131' title='bbox 3203 522 3272 576; x_wconf 85' lang='grc' dir='ltr'>τὸ</span> <span class='ocrx_word' id='word_1_132' title='bbox 3301 520 3542 591; x_wconf 74' lang='grc' dir='ltr'>σπέρμα</span> 
     </span>
    </p>
   </div>
   <div class='ocr_carea' id='block_1_21' title="bbox 1961 612 3545 690">
    <p class='ocr_par' dir='ltr' id='par_1_21' title="bbox 1961 612 3545 690">
     <span class='ocr_line' id='line_1_21' title="bbox 1961 612 3545 690; baseline -0.006 -14"><span class='ocrx_word' id='word_1_133' title='bbox 1961 638 2078 677; x_wconf 82' lang='grc' dir='ltr'><strong><em>σου</em></strong></span> <span class='ocrx_word' id='word_1_134' title='bbox 2103 622 2173 674; x_wconf 75' lang='grc' dir='ltr'>ἐν</span> <span class='ocrx_word' id='word_1_135' title='bbox 2198 618 2273 690; x_wconf 74' lang='grc' dir='ltr'><strong><em>τῇ</em></strong></span> <span class='ocrx_word' id='word_1_136' title='bbox 2306 618 2616 686; x_wconf 65' lang='grc' dir='ltr'>ἀλλοτρίᾳ,</span> <span class='ocrx_word' id='word_1_137' title='bbox 2650 616 2751 669; x_wconf 76' lang='grc' dir='ltr'>καὶ</span> <span class='ocrx_word' id='word_1_138' title='bbox 2785 612 3359 668; x_wconf 69' lang='grc' dir='ltr'>καταδουλώσουσιν</span> <span class='ocrx_word' id='word_1_139' title='bbox 3384 613 3545 679; x_wconf 83' lang='grc' dir='ltr'>αὐτῷ</span> 
     </span>
    </p>
   </div>
   <div class='ocr_carea' id='block_1_22' title="bbox 1961 704 3545 780">
    <p class='ocr_par' dir='ltr' id='par_1_22' title="bbox 1961 704 3545 780">
     <span class='ocr_line' id='line_1_22' title="bbox 1961 704 3545 780; baseline -0.006 -12"><span class='ocrx_word' id='word_1_140' title='bbox 1961 715 2066 780; x_wconf 80' lang='grc' dir='ltr'>ἐτη</span> <span class='ocrx_word' id='word_1_141' title='bbox 2090 711 2465 779; x_wconf 75' lang='grc' dir='ltr'>τετρακόσια,</span> <span class='ocrx_word' id='word_1_142' title='bbox 2490 707 2793 777; x_wconf 79' lang='grc' dir='ltr'><strong><em>ἀσφαλείας</em></strong></span> <span class='ocrx_word' id='word_1_143' title='bbox 2813 706 2978 759; x_wconf 73' lang='grc' dir='ltr'>ἕνεκα</span> <span class='ocrx_word' id='word_1_144' title='bbox 3002 705 3091 759; x_wconf 79' lang='grc' dir='ltr'><strong><em>διὰ</em></strong></span> <span class='ocrx_word' id='word_1_145' title='bbox 3111 704 3204 759; x_wconf 81' lang='grc' dir='ltr'><strong><em>τὸν</em></strong></span> <span class='ocrx_word' id='word_1_146' title='bbox 3225 706 3545 776; x_wconf 82' lang='grc' dir='ltr'><strong><em>δισταγμὸν,</em></strong></span> 
     </span>
    </p>
   </div>
   <div class='ocr_carea' id='block_1_23' title="bbox 1963 795 3548 866">
    <p class='ocr_par' dir='ltr' id='par_1_23' title="bbox 1963 795 3548 866">
     <span class='ocr_line' id='line_1_23' title="bbox 1963 795 3548 866; baseline -0.005 -10"><span class='ocrx_word' id='word_1_147' title='bbox 1963 805 2029 857; x_wconf 81' lang='grc' dir='ltr'>δι’</span> <span class='ocrx_word' id='word_1_148' title='bbox 2061 798 2323 862; x_wconf 81' lang='grc' dir='ltr'>ὃνέἷπεν,</span> <span class='ocrx_word' id='word_1_149' title='bbox 2362 803 2427 853; x_wconf 80' lang='lat' dir='ltr'><strong><em>Ei</em></strong></span> <span class='ocrx_word' id='word_1_150' title='bbox 2466 796 2546 865; x_wconf 78' lang='grc' dir='ltr'>τῷ</span> <span class='ocrx_word' id='word_1_151' title='bbox 2579 795 2976 865; x_wconf 78' lang='grc' dir='ltr'>ἐκατονταέτῃ</span> <span class='ocrx_word' id='word_1_152' title='bbox 3019 797 3151 863; x_wconf 79' lang='grc' dir='ltr'>υίὸς</span> <span class='ocrx_word' id='word_1_153' title='bbox 3191 795 3548 866; x_wconf 60' lang='lat' dir='ltr'><strong><em>Mearm;</em></strong></span> 
     </span>
    </p>
   </div>
   <div class='ocr_carea' id='block_1_24' title="bbox 1967 885 3549 963">
    <p class='ocr_par' dir='ltr' id='par_1_24' title="bbox 1967 885 3549 963">
     <span class='ocr_line' id='line_1_24' title="bbox 1967 885 3549 963; baseline -0.006 -16"><span class='ocrx_word' id='word_1_154' title='bbox 1967 895 2052 947; x_wconf 85' lang='grc' dir='ltr'><strong><em>ῐνα</em></strong></span> <span class='ocrx_word' id='word_1_155' title='bbox 2085 892 2159 963; x_wconf 85' lang='grc' dir='ltr'>μὴ</span> <span class='ocrx_word' id='word_1_156' title='bbox 2188 888 2593 945; x_wconf 81' lang='grc' dir='ltr'>καταδουλωθὲν</span> <span class='ocrx_word' id='word_1_157' title='bbox 2640 888 2702 940; x_wconf 80' lang='grc' dir='ltr'><strong><em>τὸ</em></strong></span> <span class='ocrx_word' id='word_1_158' title='bbox 2746 887 2967 958; x_wconf 85' lang='grc' dir='ltr'>σπέρμα</span> <span class='ocrx_word' id='word_1_159' title='bbox 2999 885 3105 940; x_wconf 76' lang='grc' dir='ltr'>ὑπὸ</span> <span class='ocrx_word' id='word_1_160' title='bbox 3147 885 3549 957; x_wconf 77' lang='grc' dir='ltr'>εἰδωλολατρῶν</span> 
     </span>
    </p>
   </div>
   <div class='ocr_carea' id='block_1_25' title="bbox 1914 976 3553 1048">
    <p class='ocr_par' dir='ltr' id='par_1_25' title="bbox 1914 976 3553 1048">
     <span class='ocr_line' id='line_1_25' title="bbox 1914 976 3553 1048; baseline -0.004 -12"><span class='ocrx_word' id='word_1_161' title='bbox 1914 988 1923 991; x_wconf 82' lang='grc'><strong>’</strong></span> <span class='ocrx_word' id='word_1_162' title='bbox 1969 983 2063 1036; x_wconf 74' lang='grc' dir='ltr'><strong><em>καὶ</em></strong></span> <span class='ocrx_word' id='word_1_163' title='bbox 2098 983 2341 1036; x_wconf 86' lang='grc' dir='ltr'>ἀπίστων</span> <span class='ocrx_word' id='word_1_164' title='bbox 2365 979 2678 1046; x_wconf 79' lang='grc' dir='ltr'><strong><em>Αἰγυπτίων</em></strong></span> <span class='ocrx_word' id='word_1_165' title='bbox 2708 978 3029 1048; x_wconf 74' lang='grc' dir='ltr'>ἐπιλάθηται</span> <span class='ocrx_word' id='word_1_166' title='bbox 3061 976 3199 1030; x_wconf 79' lang='grc' dir='ltr'>Θεοῦ</span> <span class='ocrx_word' id='word_1_167' title='bbox 3241 977 3352 1032; x_wconf 88' lang='grc' dir='ltr'><strong><em>τῶν</em></strong></span> <span class='ocrx_word' id='word_1_168' title='bbox 3382 976 3553 1030; x_wconf 80' lang='grc' dir='ltr'>πατέ-</span> 
     </span>
    </p>
   </div>
   <div class='ocr_carea' id='block_1_26' title="bbox 1973 1069 3553 1146">
    <p class='ocr_par' dir='ltr' id='par_1_26' title="bbox 1973 1069 3553 1146">
     <span class='ocr_line' id='line_1_26' title="bbox 1973 1069 3553 1146; baseline -0.003 -18"><span class='ocrx_word' id='word_1_169' title='bbox 1973 1092 2081 1146; x_wconf 87' lang='grc' dir='ltr'><strong><em>ρων</em></strong></span> <span class='ocrx_word' id='word_1_170' title='bbox 2109 1074 2294 1139; x_wconf 77' lang='grc' dir='ltr'>αὑτοῦ,</span> <span class='ocrx_word' id='word_1_171' title='bbox 2330 1072 2598 1141; x_wconf 82' lang='grc' dir='ltr'>ἐπέθηκεν</span> <span class='ocrx_word' id='word_1_172' title='bbox 2627 1070 2777 1140; x_wconf 79' lang='grc' dir='ltr'>αὐτῷ</span> <span class='ocrx_word' id='word_1_173' title='bbox 2815 1071 2911 1123; x_wconf 74' lang='grc' dir='ltr'>καὶ</span> <span class='ocrx_word' id='word_1_174' title='bbox 2944 1071 3128 1134; x_wconf 83' lang='grc' dir='ltr'>αὐτοῖς</span> <span class='ocrx_word' id='word_1_175' title='bbox 3156 1071 3257 1141; x_wconf 85' lang='grc' dir='ltr'>τὴν</span> <span class='ocrx_word' id='word_1_176' title='bbox 3289 1069 3553 1140; x_wconf 80' lang='grc' dir='ltr'>ἐνσαρκον</span> 
     </span>
    </p>
   </div>
   <div class='ocr_carea' id='block_1_27' title="bbox 1972 1157 3555 1236">
    <p class='ocr_par' dir='ltr' id='par_1_27' title="bbox 1972 1157 3555 1236">
     <span class='ocr_line' id='line_1_27' title="bbox 1972 1157 3555 1236; baseline -0.006 -19"><span class='ocrx_word' id='word_1_177' title='bbox 1972 1164 2297 1236; x_wconf 68' lang='grc' dir='ltr'>περιτομὴν,</span> <span class='ocrx_word' id='word_1_178' title='bbox 2328 1162 2417 1214; x_wconf 76' lang='grc' dir='ltr'><strong><em>ἵνα</em></strong></span> <span class='ocrx_word' id='word_1_179' title='bbox 2448 1160 2681 1231; x_wconf 84' lang='grc' dir='ltr'>ὁρῶντες</span> <span class='ocrx_word' id='word_1_180' title='bbox 2711 1159 3235 1228; x_wconf 76' lang='grc' dir='ltr'>ὑπομιμνήσκωνται</span> <span class='ocrx_word' id='word_1_181' title='bbox 3256 1198 3271 1221; x_wconf 87' lang='grc'><strong><em>,</em></strong></span> <span class='ocrx_word' id='word_1_182' title='bbox 3301 1157 3397 1210; x_wconf 74' lang='grc' dir='ltr'>καὶ</span> <span class='ocrx_word' id='word_1_183' title='bbox 3428 1157 3555 1209; x_wconf 82' lang='grc' dir='ltr'>δυσ-</span> 
     </span>
    </p>
   </div>
   <div class='ocr_carea' id='block_1_28' title="bbox 1971 1250 3556 1324">
    <p class='ocr_par' dir='ltr' id='par_1_28' title="bbox 1971 1250 3556 1324">
     <span class='ocr_line' id='line_1_28' title="bbox 1971 1250 3556 1324; baseline -0.007 -13"><span class='ocrx_word' id='word_1_184' title='bbox 1971 1258 2225 1311; x_wconf 80' lang='grc' dir='ltr'>ωπῶνται</span> <span class='ocrx_word' id='word_1_185' title='bbox 2251 1296 2264 1319; x_wconf 92' lang='grc'><strong><em>,</em></strong></span> <span class='ocrx_word' id='word_1_186' title='bbox 2314 1257 2406 1308; x_wconf 78' lang='grc' dir='ltr'><strong><em>καὶ</em></strong></span> <span class='ocrx_word' id='word_1_187' title='bbox 2450 1254 2525 1324; x_wconf 83' lang='grc' dir='ltr'>μὴ</span> <span class='ocrx_word' id='word_1_188' title='bbox 2574 1251 2845 1322; x_wconf 77' lang='grc' dir='ltr'><strong><em>ἀρνῶνται</em></strong></span> <span class='ocrx_word' id='word_1_189' title='bbox 2886 1250 3068 1303; x_wconf 77' lang='grc' dir='ltr'>αὐτόν.</span> <span class='ocrx_word' id='word_1_190' title='bbox 3118 1251 3228 1304; x_wconf 73' lang='grc' dir='ltr'><strong><em>Καὶ</em></strong></span> <span class='ocrx_word' id='word_1_191' title='bbox 3267 1251 3556 1319; x_wconf 76' lang='grc' dir='ltr'><strong><em>διήρκεσεν</em></strong></span> 
     </span>
    </p>
   </div>
   <div class='ocr_carea' id='block_1_29' title="bbox 1974 1340 3557 1420">
    <p class='ocr_par' dir='ltr' id='par_1_29' title="bbox 1974 1340 3557 1420">
     <span class='ocr_line' id='line_1_29' title="bbox 1974 1340 3557 1420; baseline -0.006 -18"><span class='ocrx_word' id='word_1_192' title='bbox 1974 1349 2101 1420; x_wconf 80' lang='grc' dir='ltr'>ἄχρι</span> <span class='ocrx_word' id='word_1_193' title='bbox 2149 1346 2388 1420; x_wconf 78' lang='grc' dir='ltr'>Χριστοῦ</span> <span class='ocrx_word' id='word_1_194' title='bbox 2433 1345 2626 1399; x_wconf 82' lang='grc' dir='ltr'>τοῦτο’</span> <span class='ocrx_word' id='word_1_195' title='bbox 2674 1345 2768 1397; x_wconf 76' lang='grc' dir='ltr'><strong><em>καὶ</em></strong></span> <span class='ocrx_word' id='word_1_196' title='bbox 2799 1343 2990 1397; x_wconf 84' lang='grc' dir='ltr'>τούτου</span> <span class='ocrx_word' id='word_1_197' title='bbox 3039 1342 3202 1397; x_wconf 73' lang='grc' dir='ltr'>ἕνεκα</span> <span class='ocrx_word' id='word_1_198' title='bbox 3257 1342 3350 1394; x_wconf 77' lang='grc' dir='ltr'>καὶ</span> <span class='ocrx_word' id='word_1_199' title='bbox 3394 1340 3557 1404; x_wconf 83' lang='grc' dir='ltr'>αὐτὺς</span> 
     </span>
    </p>
   </div>
   <div class='ocr_carea' id='block_1_30' title="bbox 1975 1432 3559 1510">
    <p class='ocr_par' dir='ltr' id='par_1_30' title="bbox 1975 1432 3559 1510">
     <span class='ocr_line' id='line_1_30' title="bbox 1975 1432 3559 1510; baseline -0.006 -16"><span class='ocrx_word' id='word_1_200' title='bbox 1975 1441 2187 1494; x_wconf 74' lang='grc' dir='ltr'>εὐδοκεῖ</span> <span class='ocrx_word' id='word_1_201' title='bbox 2239 1437 2644 1510; x_wconf 82' lang='grc' dir='ltr'>περιτμηθῆναι</span> <span class='ocrx_word' id='word_1_202' title='bbox 2668 1453 2680 1466; x_wconf 84' lang='grc'><strong>·</strong></span> <span class='ocrx_word' id='word_1_203' title='bbox 2733 1435 2827 1488; x_wconf 74' lang='grc' dir='ltr'><strong><em>καὶ</em></strong></span> <span class='ocrx_word' id='word_1_204' title='bbox 2885 1434 3171 1506; x_wconf 77' lang='grc' dir='ltr'>ἄνθρωπος</span> <span class='ocrx_word' id='word_1_205' title='bbox 3230 1432 3455 1502; x_wconf 80' lang='grc' dir='ltr'>γέγονεν</span> <span class='ocrx_word' id='word_1_206' title='bbox 3499 1434 3559 1485; x_wconf 82' lang='grc' dir='ltr'>ὲν</span> 
     </span>
    </p>
   </div>
   <div class='ocr_carea' id='block_1_31' title="bbox 1977 1525 3561 1603">
    <p class='ocr_par' dir='ltr' id='par_1_31' title="bbox 1977 1525 3561 1603">
     <span class='ocr_line' id='line_1_31' title="bbox 1977 1525 3561 1603; baseline -0.004 -18"><span class='ocrx_word' id='word_1_207' title='bbox 1977 1533 2224 1603; x_wconf 77' lang='grc' dir='ltr'><strong><em>ἀληθείᾳ,</em></strong></span> <span class='ocrx_word' id='word_1_208' title='bbox 2261 1529 2466 1586; x_wconf 79' lang='grc' dir='ltr'>ἄνωθεν</span> <span class='ocrx_word' id='word_1_209' title='bbox 2501 1528 2672 1582; x_wconf 74' lang='grc' dir='ltr'>ἐλθὼν</span> <span class='ocrx_word' id='word_1_210' title='bbox 2719 1529 2785 1582; x_wconf 78' lang='grc' dir='ltr'>ἐκ</span> <span class='ocrx_word' id='word_1_211' title='bbox 2825 1527 3036 1598; x_wconf 77' lang='grc' dir='ltr'>Πατρὸς</span> <span class='ocrx_word' id='word_1_212' title='bbox 3066 1526 3199 1589; x_wconf 77' lang='grc' dir='ltr'>Θεὸς</span> <span class='ocrx_word' id='word_1_213' title='bbox 3239 1526 3430 1595; x_wconf 81' lang='grc' dir='ltr'>Λόγος,</span> <span class='ocrx_word' id='word_1_214' title='bbox 3465 1525 3561 1580; x_wconf 74' lang='grc' dir='ltr'><strong><em>καὶ</em></strong></span> 
     </span>
    </p>
   </div>
   <div class='ocr_carea' id='block_1_32' title="bbox 1978 1617 3564 1692">
    <p class='ocr_par' dir='ltr' id='par_1_32' title="bbox 1978 1617 3564 1692">
     <span class='ocr_line' id='line_1_32' title="bbox 1978 1617 3564 1692; baseline -0.006 -14"><span class='ocrx_word' id='word_1_215' title='bbox 1978 1623 2078 1677; x_wconf 78' lang='grc' dir='ltr'>οὐκ</span> <span class='ocrx_word' id='word_1_216' title='bbox 2113 1621 2448 1692; x_wconf 81' lang='grc' dir='ltr'><strong><em>ἀποθέμενος</em></strong></span> <span class='ocrx_word' id='word_1_217' title='bbox 2488 1620 2588 1691; x_wconf 77' lang='grc' dir='ltr'><strong><em>την</em></strong></span> <span class='ocrx_word' id='word_1_218' title='bbox 2634 1619 2896 1690; x_wconf 78' lang='grc' dir='ltr'>θεότητα·</span> <span class='ocrx_word' id='word_1_219' title='bbox 2935 1618 3071 1673; x_wconf 86' lang='grc' dir='ltr'>ἀλλὰ</span> <span class='ocrx_word' id='word_1_220' title='bbox 3108 1620 3288 1690; x_wconf 83' lang='grc' dir='ltr'>σάρκα</span> <span class='ocrx_word' id='word_1_221' title='bbox 3326 1617 3564 1689; x_wconf 84' lang='grc' dir='ltr'>φορέσας</span> 
     </span>
    </p>
   </div>
   <div class='ocr_carea' id='block_1_33' title="bbox 1979 1707 3565 1787">
    <p class='ocr_par' dir='ltr' id='par_1_33' title="bbox 1979 1707 3565 1787">
     <span class='ocr_line' id='line_1_33' title="bbox 1979 1707 3565 1787; baseline -0.005 -18"><span class='ocrx_word' id='word_1_222' title='bbox 1979 1719 2038 1769; x_wconf 87' lang='grc' dir='ltr'>ὲν</span> <span class='ocrx_word' id='word_1_223' title='bbox 2072 1714 2330 1787; x_wconf 81' lang='grc' dir='ltr'><strong><em>ἀληθείᾳ,</em></strong></span> <span class='ocrx_word' id='word_1_224' title='bbox 2367 1712 2579 1766; x_wconf 75' lang='grc' dir='ltr'>τελείαν</span> <span class='ocrx_word' id='word_1_225' title='bbox 2615 1728 2674 1765; x_wconf 86' lang='grc' dir='ltr'><strong><em>τε</em></strong></span> <span class='ocrx_word' id='word_1_226' title='bbox 2720 1710 3135 1782; x_wconf 78' lang='grc' dir='ltr'>ὲνανθρώπησιν</span> <span class='ocrx_word' id='word_1_227' title='bbox 3169 1709 3309 1780; x_wconf 76' lang='grc' dir='ltr'>ἔχων</span> <span class='ocrx_word' id='word_1_228' title='bbox 3344 1707 3565 1780; x_wconf 78' lang='grc' dir='ltr'>περιτέο</span> 
     </span>
    </p>
   </div>
   <div class='ocr_carea' id='block_1_34' title="bbox 291 1794 1896 1894">
    <p class='ocr_par' dir='ltr' id='par_1_34' title="bbox 291 1818 1880 1894">
     <span class='ocr_line' id='line_1_34' title="bbox 291 1818 1880 1894; baseline -0.013 -4"><span class='ocrx_word' id='word_1_229' title='bbox 291 1833 661 1890; x_wconf 85' lang='lat' dir='ltr'><strong><em>commonitos</em></strong></span> <span class='ocrx_word' id='word_1_230' title='bbox 708 1828 1015 1883; x_wconf 89' lang='lat' dir='ltr'><strong><em>reverentia</em></strong></span> <span class='ocrx_word' id='word_1_231' title='bbox 1062 1823 1311 1894; x_wconf 63' lang='lat' dir='ltr'><strong><em>quaedam</em></strong></span> <span class='ocrx_word' id='word_1_232' title='bbox 1359 1821 1604 1875; x_wconf 85' lang='lat' dir='ltr'><strong><em>numinis</em></strong></span> <span class='ocrx_word' id='word_1_233' title='bbox 1646 1818 1880 1878; x_wconf 84' lang='lat' dir='ltr'><strong><em>subiret,</em></strong></span> 
     </span>
    </p>
   </div>
   <div class='ocr_carea' id='block_1_35' title="bbox 1999 1794 3567 1894">
    <p class='ocr_par' dir='ltr' id='par_1_35' title="bbox 1999 1800 3567 1878">
     <span class='ocr_line' id='line_1_35' title="bbox 1999 1800 3567 1878; baseline -0.006 -17"><span class='ocrx_word' id='word_1_234' title='bbox 1999 1826 2214 1878; x_wconf 58' lang='grc' dir='ltr'>ινεται,</span> <span class='ocrx_word' id='word_1_235' title='bbox 2255 1805 2325 1859; x_wconf 85' lang='grc' dir='ltr'>τὰ</span> <span class='ocrx_word' id='word_1_236' title='bbox 2378 1805 2556 1860; x_wconf 83' lang='grc' dir='ltr'>πάντα</span> <span class='ocrx_word' id='word_1_237' title='bbox 2608 1803 2910 1874; x_wconf 83' lang='grc' dir='ltr'>οἰκονομῶν</span> <span class='ocrx_word' id='word_1_238' title='bbox 2948 1804 3006 1855; x_wconf 84' lang='grc' dir='ltr'>ὲν</span> <span class='ocrx_word' id='word_1_239' title='bbox 3051 1801 3300 1873; x_wconf 77' lang='grc' dir='ltr'>ἀληθείᾳ,</span> <span class='ocrx_word' id='word_1_240' title='bbox 3339 1801 3426 1853; x_wconf 81' lang='grc' dir='ltr'>ἴνα</span> <span class='ocrx_word' id='word_1_241' title='bbox 3472 1800 3567 1853; x_wconf 82' lang='grc' dir='ltr'>καὶ</span> 
     </span>
    </p>
   </div>
   <div class='ocr_carea' id='block_1_36' title="bbox 294 1909 1882 1998">
    <p class='ocr_par' dir='ltr' id='par_1_36' title="bbox 294 1909 1882 1998">
     <span class='ocr_line' id='line_1_36' title="bbox 294 1909 1882 1998; baseline -0.012 -16"><span class='ocrx_word' id='word_1_242' title='bbox 294 1943 407 1998; x_wconf 90' lang='lat' dir='ltr'><strong><em>quo</em></strong></span> <span class='ocrx_word' id='word_1_243' title='bbox 457 1923 643 1979; x_wconf 90' lang='lat' dir='ltr'><strong><em>minus</em></strong></span> <span class='ocrx_word' id='word_1_244' title='bbox 693 1921 913 1990; x_wconf 89' lang='lat' dir='ltr'><strong><em>ejurare</em></strong></span> <span class='ocrx_word' id='word_1_245' title='bbox 960 1918 1094 1972; x_wconf 91' lang='lat' dir='ltr'><strong><em>illud</em></strong></span> <span class='ocrx_word' id='word_1_246' title='bbox 1146 1914 1433 1969; x_wconf 87' lang='lat' dir='ltr'><strong><em>auderent.</em></strong></span> <span class='ocrx_word' id='word_1_247' title='bbox 1476 1913 1549 1967; x_wconf 83' lang='lat' dir='ltr'><strong><em>Ea</em></strong></span> <span class='ocrx_word' id='word_1_248' title='bbox 1593 1924 1759 1981; x_wconf 89' lang='lat' dir='ltr'><strong><em>porro</em></strong></span> <span class='ocrx_word' id='word_1_249' title='bbox 1815 1909 1882 1963; x_wconf 85' lang='lat' dir='ltr'><strong><em>ad</em></strong></span> 
     </span>
    </p>
   </div>
   <div class='ocr_carea' id='block_1_37' title="bbox 293 2001 1882 2083">
    <p class='ocr_par' dir='ltr' id='par_1_37' title="bbox 293 2001 1882 2083">
     <span class='ocr_line' id='line_1_37' title="bbox 293 2001 1882 2083; baseline -0.011 -11"><span class='ocrx_word' id='word_1_250' title='bbox 293 2018 577 2072; x_wconf 76' lang='lat' dir='ltr'><strong><em>Christum</em></strong></span> <span class='ocrx_word' id='word_1_251' title='bbox 623 2027 801 2083; x_wconf 89' lang='lat' dir='ltr'><strong><em>usque</em></strong></span> <span class='ocrx_word' id='word_1_252' title='bbox 835 2009 1182 2081; x_wconf 85' lang='lat' dir='ltr'><strong><em>permansit:</em></strong></span> <span class='ocrx_word' id='word_1_253' title='bbox 1226 2006 1460 2075; x_wconf 84' lang='lat' dir='ltr'><strong><em>ideoque</em></strong></span> <span class='ocrx_word' id='word_1_254' title='bbox 1490 2012 1544 2059; x_wconf 85' lang='lat' dir='ltr'><strong><em>et</em></strong></span> <span class='ocrx_word' id='word_1_255' title='bbox 1584 2003 1730 2056; x_wconf 90' lang='lat' dir='ltr'><strong><em>ultro</em></strong></span> <span class='ocrx_word' id='word_1_256' title='bbox 1772 2001 1882 2056; x_wconf 84' lang='lat' dir='ltr'><strong><em>cir-</em></strong></span> 
     </span>
    </p>
   </div>
   <div class='ocr_carea' id='block_1_38' title="bbox 256 2092 1884 2185">
    <p class='ocr_par' dir='ltr' id='par_1_38' title="bbox 256 2092 1884 2185">
     <span class='ocr_line' id='line_1_38' title="bbox 256 2092 1884 2185; baseline -0.012 -21"><span class='ocrx_word' id='word_1_257' title='bbox 256 2168 266 2185; x_wconf 34' lang='grc' dir='ltr'><strong>λ</strong></span> <span class='ocrx_word' id='word_1_258' title='bbox 296 2108 537 2163; x_wconf 88' lang='lat' dir='ltr'><strong><em>cumcidi</em></strong></span> <span class='ocrx_word' id='word_1_259' title='bbox 566 2106 683 2177; x_wconf 90' lang='lat' dir='ltr'><strong><em>ipse</em></strong></span> <span class='ocrx_word' id='word_1_260' title='bbox 707 2105 902 2167; x_wconf 90' lang='lat' dir='ltr'><strong><em>voluit,</em></strong></span> <span class='ocrx_word' id='word_1_261' title='bbox 923 2110 977 2157; x_wconf 91' lang='lat' dir='ltr'><strong><em>et</em></strong></span> <span class='ocrx_word' id='word_1_262' title='bbox 1003 2101 1166 2155; x_wconf 89' lang='lat' dir='ltr'><strong><em>homo</em></strong></span> <span class='ocrx_word' id='word_1_263' title='bbox 1191 2099 1375 2169; x_wconf 90' lang='lat' dir='ltr'><strong><em>reipsa</em></strong></span> <span class='ocrx_word' id='word_1_264' title='bbox 1405 2096 1585 2151; x_wconf 87' lang='lat' dir='ltr'><strong><em>factus</em></strong></span> <span class='ocrx_word' id='word_1_265' title='bbox 1608 2103 1712 2158; x_wconf 88' lang='lat' dir='ltr'><strong><em>est,</em></strong></span> <span class='ocrx_word' id='word_1_266' title='bbox 1741 2092 1884 2146; x_wconf 89' lang='lat' dir='ltr'><strong><em>idem</em></strong></span> 
     </span>
    </p>
   </div>
   <div class='ocr_carea' id='block_1_39' title="bbox 296 2191 1885 2274">
    <p class='ocr_par' dir='ltr' id='par_1_39' title="bbox 296 2191 1885 2274">
     <span class='ocr_line' id='line_1_39' title="bbox 296 2191 1885 2274; baseline -0.013 -17"><span class='ocrx_word' id='word_1_267' title='bbox 296 2203 391 2274; x_wconf 94' lang='lat' dir='ltr'><strong><em>qui</em></strong></span> <span class='ocrx_word' id='word_1_268' title='bbox 432 2210 487 2256; x_wconf 91' lang='lat' dir='ltr'><strong><em>et</em></strong></span> <span class='ocrx_word' id='word_1_269' title='bbox 524 2199 667 2255; x_wconf 85' lang='lat' dir='ltr'><strong><em>Deus</em></strong></span> <span class='ocrx_word' id='word_1_270' title='bbox 707 2197 941 2253; x_wconf 83' lang='lat' dir='ltr'><strong><em>Verbum</em></strong></span> <span class='ocrx_word' id='word_1_271' title='bbox 973 2211 1004 2249; x_wconf 89' lang='lat' dir='ltr'><strong><em>a</em></strong></span> <span class='ocrx_word' id='word_1_272' title='bbox 1034 2193 1196 2248; x_wconf 86' lang='lat' dir='ltr'><strong><em>Patre</em></strong></span> <span class='ocrx_word' id='word_1_273' title='bbox 1226 2192 1295 2247; x_wconf 89' lang='lat' dir='ltr'><strong><em>de</em></strong></span> <span class='ocrx_word' id='word_1_274' title='bbox 1318 2192 1460 2246; x_wconf 73' lang='lat' dir='ltr'><strong><em>cmlo</em></strong></span> <span class='ocrx_word' id='word_1_275' title='bbox 1493 2191 1742 2260; x_wconf 90' lang='lat' dir='ltr'><strong><em>lapsum,</em></strong></span> <span class='ocrx_word' id='word_1_276' title='bbox 1776 2200 1885 2239; x_wconf 90' lang='lat' dir='ltr'><strong><em>non</em></strong></span> 
     </span>
    </p>
   </div>
   <div class='ocr_carea' id='block_1_40' title="bbox 297 2277 1887 2362">
    <p class='ocr_par' dir='ltr' id='par_1_40' title="bbox 297 2277 1887 2362">
     <span class='ocr_line' id='line_1_40' title="bbox 297 2277 1887 2362; baseline -0.013 -12"><span class='ocrx_word' id='word_1_277' title='bbox 297 2310 416 2351; x_wconf 88' lang='lat' dir='ltr'><strong><em>eam</em></strong></span> <span class='ocrx_word' id='word_1_278' title='bbox 455 2307 621 2362; x_wconf 86' lang='lat' dir='ltr'><strong><em>quam</em></strong></span> <span class='ocrx_word' id='word_1_279' title='bbox 666 2289 902 2343; x_wconf 84' lang='lat' dir='ltr'><strong><em>habebat</em></strong></span> <span class='ocrx_word' id='word_1_280' title='bbox 927 2285 1270 2362; x_wconf 78' lang='lat' dir='ltr'><strong><em>divinitatem</em></strong></span> <span class='ocrx_word' id='word_1_281' title='bbox 1310 2281 1591 2354; x_wconf 81' lang='lat' dir='ltr'><strong><em>depOsuit,</em></strong></span> <span class='ocrx_word' id='word_1_282' title='bbox 1633 2277 1727 2334; x_wconf 90' lang='lat' dir='ltr'><strong><em>sed</em></strong></span> <span class='ocrx_word' id='word_1_283' title='bbox 1759 2291 1887 2331; x_wconf 88' lang='lat' dir='ltr'><strong><em>vere</em></strong></span> 
     </span>
    </p>
   </div>
   <div class='ocr_carea' id='block_1_41' title="bbox 299 2358 1887 2449">
    <p class='ocr_par' dir='ltr' id='par_1_41' title="bbox 299 2358 1887 2449">
     <span class='ocr_line' id='line_1_41' title="bbox 299 2358 1887 2449; baseline -0.013 -9"><span class='ocrx_word' id='word_1_284' title='bbox 299 2400 523 2440; x_wconf 87' lang='lat' dir='ltr'><strong><em>carnem</em></strong></span> <span class='ocrx_word' id='word_1_285' title='bbox 556 2383 815 2444; x_wconf 84' lang='lat' dir='ltr'><strong><em>induens,</em></strong></span> <span class='ocrx_word' id='word_1_286' title='bbox 852 2358 1021 2449; x_wconf 82' lang='lat' dir='ltr'><strong><em>atque</em></strong></span> <span class='ocrx_word' id='word_1_287' title='bbox 1045 2393 1110 2431; x_wconf 83' lang='lat' dir='ltr'><strong><em>ex</em></strong></span> <span class='ocrx_word' id='word_1_288' title='bbox 1146 2375 1392 2447; x_wconf 88' lang='lat' dir='ltr'><strong><em>perfecta</em></strong></span> <span class='ocrx_word' id='word_1_289' title='bbox 1424 2371 1662 2427; x_wconf 90' lang='lat' dir='ltr'><strong><em>hominis</em></strong></span> <span class='ocrx_word' id='word_1_290' title='bbox 1689 2376 1887 2424; x_wconf 88' lang='lat' dir='ltr'><strong><em>natura</em></strong></span> 
     </span>
    </p>
   </div>
   <div class='ocr_carea' id='block_1_42' title="bbox 1998 1890 3568 1969">
    <p class='ocr_par' dir='ltr' id='par_1_42' title="bbox 1998 1890 3568 1969">
     <span class='ocr_line' id='line_1_42' title="bbox 1998 1890 3568 1969; baseline -0.006 -16"><span class='ocrx_word' id='word_1_291' title='bbox 1998 1901 2274 1963; x_wconf 87' lang='grc' dir='ltr'>Ἰουδαῖοι,</span> <span class='ocrx_word' id='word_1_292' title='bbox 2311 1897 2389 1960; x_wconf 83' lang='grc' dir='ltr'>ὡς</span> <span class='ocrx_word' id='word_1_293' title='bbox 2432 1898 2694 1969; x_wconf 83' lang='grc' dir='ltr'>προεῖπον</span> <span class='ocrx_word' id='word_1_294' title='bbox 2719 1934 2735 1959; x_wconf 92' lang='grc'><strong><em>,</em></strong></span> <span class='ocrx_word' id='word_1_295' title='bbox 2782 1892 3179 1964; x_wconf 79' lang='grc' dir='ltr'>ἀναπολόγητοι</span> <span class='ocrx_word' id='word_1_296' title='bbox 3231 1892 3416 1957; x_wconf 72' lang='grc' dir='ltr'>ὄντες,</span> <span class='ocrx_word' id='word_1_297' title='bbox 3470 1890 3568 1945; x_wconf 83' lang='grc' dir='ltr'>καὶ</span> 
     </span>
    </p>
   </div>
   <div class='ocr_carea' id='block_1_43' title="bbox 1985 1983 3570 2061">
    <p class='ocr_par' dir='ltr' id='par_1_43' title="bbox 1985 1983 3570 2061">
     <span class='ocr_line' id='line_1_43' title="bbox 1985 1983 3570 2061; baseline -0.008 -14"><span class='ocrx_word' id='word_1_298' title='bbox 1985 1994 2298 2061; x_wconf 84' lang='grc' dir='ltr'>Μανιχαῖοι,</span> <span class='ocrx_word' id='word_1_299' title='bbox 2338 1988 2434 2058; x_wconf 71' lang='grc' dir='ltr'><strong><em>καὶ</em></strong></span> <span class='ocrx_word' id='word_1_300' title='bbox 2479 1987 2627 2042; x_wconf 76' lang='grc' dir='ltr'>ἄλλοι</span> <span class='ocrx_word' id='word_1_301' title='bbox 2662 1987 3116 2057; x_wconf 75' lang='grc' dir='ltr'>ἐλεγχθήσωνται,</span> <span class='ocrx_word' id='word_1_302' title='bbox 3149 1983 3243 2039; x_wconf 87' lang='grc' dir='ltr'>καὶ</span> <span class='ocrx_word' id='word_1_303' title='bbox 3278 1985 3370 2037; x_wconf 76' lang='grc' dir='ltr'><strong><em>ἵνα</em></strong></span> <span class='ocrx_word' id='word_1_304' title='bbox 3411 1998 3570 2054; x_wconf 80' lang='grc' dir='ltr'>περι-</span> 
     </span>
    </p>
   </div>
   <div class='ocr_carea' id='block_1_44' title="bbox 1984 2077 3569 2154">
    <p class='ocr_par' dir='ltr' id='par_1_44' title="bbox 1984 2077 3569 2154">
     <span class='ocr_line' id='line_1_44' title="bbox 1984 2077 3569 2154; baseline -0.005 -17"><span class='ocrx_word' id='word_1_305' title='bbox 1984 2083 2215 2154; x_wconf 75' lang='grc' dir='ltr'>τμηθεὶς</span> <span class='ocrx_word' id='word_1_306' title='bbox 2245 2081 2482 2149; x_wconf 79' lang='grc' dir='ltr'><strong><em>εὐλόγως</em></strong></span> <span class='ocrx_word' id='word_1_307' title='bbox 2509 2081 2788 2151; x_wconf 82' lang='grc' dir='ltr'>καταλύσῃ</span> <span class='ocrx_word' id='word_1_308' title='bbox 2811 2081 2909 2150; x_wconf 83' lang='grc' dir='ltr'><strong><em>τὴν</em></strong></span> <span class='ocrx_word' id='word_1_309' title='bbox 2941 2079 3261 2151; x_wconf 78' lang='grc' dir='ltr'>περιτομὴν,</span> <span class='ocrx_word' id='word_1_310' title='bbox 3285 2078 3378 2131; x_wconf 78' lang='grc' dir='ltr'>καὶ</span> <span class='ocrx_word' id='word_1_311' title='bbox 3403 2077 3569 2146; x_wconf 77' lang='grc' dir='ltr'>ἀλλην</span> 
     </span>
    </p>
   </div>
   <div class='ocr_carea' id='block_1_45' title="bbox 1989 2166 3573 2248">
    <p class='ocr_par' dir='ltr' id='par_1_45' title="bbox 1989 2166 3573 2248">
     <span class='ocr_line' id='line_1_45' title="bbox 1989 2166 3573 2248; baseline -0.004 -20"><span class='ocrx_word' id='word_1_312' title='bbox 1989 2176 2213 2248; x_wconf 75' lang='grc' dir='ltr'>μείζονα</span> <span class='ocrx_word' id='word_1_313' title='bbox 2239 2172 2417 2246; x_wconf 80' lang='grc' dir='ltr'>δείξῃ·</span> <span class='ocrx_word' id='word_1_314' title='bbox 2449 2173 2547 2243; x_wconf 81' lang='grc' dir='ltr'>οὐχ</span> <span class='ocrx_word' id='word_1_315' title='bbox 2579 2170 2655 2234; x_wconf 81' lang='grc' dir='ltr'>ὡς</span> <span class='ocrx_word' id='word_1_316' title='bbox 2694 2171 2767 2241; x_wconf 87' lang='grc' dir='ltr'><strong><em>μὴ</em></strong></span> <span class='ocrx_word' id='word_1_317' title='bbox 2798 2168 2957 2241; x_wconf 75' lang='grc' dir='ltr'>ἔχων,</span> <span class='ocrx_word' id='word_1_318' title='bbox 2985 2170 3078 2223; x_wconf 83' lang='grc' dir='ltr'>καὶ</span> <span class='ocrx_word' id='word_1_319' title='bbox 3105 2168 3284 2238; x_wconf 79' lang='grc' dir='ltr'>ἑαυτῷ</span> <span class='ocrx_word' id='word_1_320' title='bbox 3318 2166 3573 2221; x_wconf 80' lang='grc' dir='ltr'>συνιστά-</span> 
     </span>
    </p>
   </div>
   <div class='ocr_carea' id='block_1_46' title="bbox 1993 2261 3576 2341">
    <p class='ocr_par' dir='ltr' id='par_1_46' title="bbox 1993 2261 3576 2341">
     <span class='ocr_line' id='line_1_46' title="bbox 1993 2261 3576 2341; baseline -0.004 -19"><span class='ocrx_word' id='word_1_321' title='bbox 1993 2287 2175 2341; x_wconf 83' lang='grc' dir='ltr'>μενος,</span> <span class='ocrx_word' id='word_1_322' title='bbox 2208 2266 2345 2321; x_wconf 86' lang='grc' dir='ltr'><strong><em>ἀλλά</em></strong></span> <span class='ocrx_word' id='word_1_323' title='bbox 2385 2265 2523 2337; x_wconf 79' lang='grc' dir='ltr'>ἔχων</span> <span class='ocrx_word' id='word_1_324' title='bbox 2560 2265 2680 2336; x_wconf 86' lang='grc' dir='ltr'>μὲν,</span> <span class='ocrx_word' id='word_1_325' title='bbox 2715 2266 2929 2327; x_wconf 75' lang='grc' dir='ltr'>δεικνὺς</span> <span class='ocrx_word' id='word_1_326' title='bbox 2960 2264 3039 2321; x_wconf 83' lang='grc' dir='ltr'>δὲ,</span> <span class='ocrx_word' id='word_1_327' title='bbox 3069 2264 3151 2315; x_wconf 85' lang='grc' dir='ltr'>ὅτι</span> <span class='ocrx_word' id='word_1_328' title='bbox 3184 2261 3390 2333; x_wconf 80' lang='grc' dir='ltr'>ταύτης</span> <span class='ocrx_word' id='word_1_329' title='bbox 3444 2262 3576 2315; x_wconf 77' lang='grc' dir='ltr'>οὐκ·</span> 
     </span>
    </p>
   </div>
   <div class='ocr_carea' id='block_1_47' title="bbox 1992 2355 3005 2431">
    <p class='ocr_par' dir='ltr' id='par_1_47' title="bbox 1992 2355 3005 2431">
     <span class='ocr_line' id='line_1_47' title="bbox 1992 2355 3005 2431; baseline -0.008 -15"><span class='ocrx_word' id='word_1_330' title='bbox 1992 2363 2073 2416; x_wconf 84' lang='grc' dir='ltr'><strong><em>έτι</em></strong></span> <span class='ocrx_word' id='word_1_331' title='bbox 2095 2361 2212 2415; x_wconf 75' lang='grc' dir='ltr'>ἐστὶ</span> <span class='ocrx_word' id='word_1_332' title='bbox 2244 2359 2423 2431; x_wconf 82' lang='grc' dir='ltr'>χρεία,</span> <span class='ocrx_word' id='word_1_333' title='bbox 2450 2357 2586 2411; x_wconf 87' lang='grc' dir='ltr'><strong><em>ἀλλά</em></strong></span> <span class='ocrx_word' id='word_1_334' title='bbox 2611 2356 2712 2426; x_wconf 82' lang='grc' dir='ltr'>τῆς</span> <span class='ocrx_word' id='word_1_335' title='bbox 2744 2355 3005 2427; x_wconf 80' lang='grc' dir='ltr'>μείζονος.</span> 
     </span>
    </p>
   </div>
   <div class='ocr_carea' id='block_1_48' title="bbox 301 2446 3577 2539">
    <p class='ocr_par' dir='ltr' id='par_1_48' title="bbox 301 2446 3577 2539">
     <span class='ocr_line' id='line_1_48' title="bbox 301 2446 3577 2539; baseline -0.01 -6"><span class='ocrx_word' id='word_1_336' title='bbox 301 2478 638 2539; x_wconf 87' lang='lat' dir='ltr'><strong><em>coalescens,</em></strong></span> <span class='ocrx_word' id='word_1_337' title='bbox 680 2446 1165 2528; x_wconf 86' lang='lat' dir='ltr'><strong><em>circumcisionem</em></strong></span> <span class='ocrx_word' id='word_1_338' title='bbox 1203 2468 1513 2539; x_wconf 77' lang='lat' dir='ltr'><strong><em>usurpavit.</em></strong></span> <span class='ocrx_word' id='word_1_339' title='bbox 1552 2465 1708 2531; x_wconf 88' lang='lat' dir='ltr'><strong><em>Quod</em></strong></span> <span class='ocrx_word' id='word_1_340' title='bbox 1737 2471 1911 2518; x_wconf 90' lang='lat' dir='ltr'><strong><em>totum</em></strong></span> <span class='ocrx_word' id='word_1_341' title='bbox 1951 2474 2017 2513; x_wconf 79' lang='lat' dir='ltr'><strong><em>ex</em></strong></span> <span class='ocrx_word' id='word_1_342' title='bbox 2062 2458 2141 2511; x_wconf 86' lang='lat' dir='ltr'><strong><em>rei</em></strong></span> <span class='ocrx_word' id='word_1_343' title='bbox 2180 2457 2413 2509; x_wconf 81' lang='lat' dir='ltr'><strong><em>veritate</em></strong></span> <span class='ocrx_word' id='word_1_344' title='bbox 2443 2460 2659 2523; x_wconf 86' lang='lat' dir='ltr'><strong><em>gestum</em></strong></span> <span class='ocrx_word' id='word_1_345' title='bbox 2702 2461 2823 2514; x_wconf 91' lang='lat' dir='ltr'><strong><em>est,</em></strong></span> <span class='ocrx_word' id='word_1_346' title='bbox 2854 2460 2914 2504; x_wconf 92' lang='lat' dir='ltr'><strong><em>ut</em></strong></span> <span class='ocrx_word' id='word_1_347' title='bbox 2952 2458 3006 2503; x_wconf 91' lang='lat' dir='ltr'><strong><em>et</em></strong></span> <span class='ocrx_word' id='word_1_348' title='bbox 3050 2448 3248 2511; x_wconf 81' lang='lat' dir='ltr'><strong><em>Judaei,</em></strong></span> <span class='ocrx_word' id='word_1_349' title='bbox 3313 2446 3577 2517; x_wconf 81' lang='lat' dir='ltr'><strong><em>quemad-</em></strong></span> 
     </span>
    </p>
   </div>
   <div class='ocr_carea' id='block_1_49' title="bbox 303 2542 3576 2633">
    <p class='ocr_par' dir='ltr' id='par_1_49' title="bbox 303 2542 3576 2633">
     <span class='ocr_line' id='line_1_49' title="bbox 303 2542 3576 2633; baseline -0.01 -6"><span class='ocrx_word' id='word_1_350' title='bbox 303 2572 526 2627; x_wconf 88' lang='lat' dir='ltr'><strong><em>modum</em></strong></span> <span class='ocrx_word' id='word_1_351' title='bbox 595 2568 803 2623; x_wconf 82' lang='lat' dir='ltr'><strong><em>dietum</em></strong></span> <span class='ocrx_word' id='word_1_352' title='bbox 831 2575 937 2633; x_wconf 87' lang='lat' dir='ltr'><strong><em>est,</em></strong></span> <span class='ocrx_word' id='word_1_353' title='bbox 977 2574 1031 2620; x_wconf 91' lang='lat' dir='ltr'><strong><em>et</em></strong></span> <span class='ocrx_word' id='word_1_354' title='bbox 1065 2561 1548 2630; x_wconf 71' lang='lat' dir='ltr'><strong><em>Manichazi,omni</em></strong></span> <span class='ocrx_word' id='word_1_355' title='bbox 1586 2555 2046 2629; x_wconf 78' lang='lat' dir='ltr'><strong><em>tergiversatione</em></strong></span> <span class='ocrx_word' id='word_1_356' title='bbox 2084 2550 2327 2616; x_wconf 87' lang='lat' dir='ltr'><strong><em>sublata,</em></strong></span> <span class='ocrx_word' id='word_1_357' title='bbox 2397 2546 2654 2603; x_wconf 83' lang='lat' dir='ltr'><strong><em>convinci</em></strong></span> <span class='ocrx_word' id='word_1_358' title='bbox 2729 2546 2991 2599; x_wconf 87' lang='lat' dir='ltr'><strong><em>facillime</em></strong></span> <span class='ocrx_word' id='word_1_359' title='bbox 3050 2551 3301 2615; x_wconf 85' lang='lat' dir='ltr'><strong><em>possent,</em></strong></span> <span class='ocrx_word' id='word_1_360' title='bbox 3350 2556 3415 2595; x_wconf 84' lang='lat' dir='ltr'><strong><em>ac</em></strong></span> <span class='ocrx_word' id='word_1_361' title='bbox 3462 2542 3576 2594; x_wconf 86' lang='lat' dir='ltr'><strong><em>cir-</em></strong></span> 
     </span>
    </p>
   </div>
   <div class='ocr_carea' id='block_1_50' title="bbox 306 2635 3578 2731">
    <p class='ocr_par' dir='ltr' id='par_1_50' title="bbox 306 2635 3578 2731">
     <span class='ocr_line' id='line_1_50' title="bbox 306 2635 3578 2731; baseline -0.009 -16"><span class='ocrx_word' id='word_1_362' title='bbox 306 2662 586 2717; x_wconf 66' lang='lat' dir='ltr'><strong><em>cumcisus</em></strong></span> <span class='ocrx_word' id='word_1_363' title='bbox 625 2661 746 2731; x_wconf 79' lang='lat' dir='ltr'><strong><em>ipse</em></strong></span> <span class='ocrx_word' id='word_1_364' title='bbox 795 2658 1056 2728; x_wconf 83' lang='lat' dir='ltr'><strong><em>abrogata</em></strong></span> <span class='ocrx_word' id='word_1_365' title='bbox 1138 2656 1339 2711; x_wconf 90' lang='lat' dir='ltr'><strong><em>merito</em></strong></span> <span class='ocrx_word' id='word_1_366' title='bbox 1396 2651 1821 2709; x_wconf 87' lang='lat' dir='ltr'><strong><em>circumcisione</em></strong></span> <span class='ocrx_word' id='word_1_367' title='bbox 1883 2646 2149 2716; x_wconf 86' lang='lat' dir='ltr'><strong><em>majorem</em></strong></span> <span class='ocrx_word' id='word_1_368' title='bbox 2196 2641 2490 2715; x_wconf 87' lang='lat' dir='ltr'><strong><em>quamdam</em></strong></span> <span class='ocrx_word' id='word_1_369' title='bbox 2530 2641 2836 2695; x_wconf 80' lang='lat' dir='ltr'><strong><em>induceret.</em></strong></span> <span class='ocrx_word' id='word_1_370' title='bbox 2911 2637 3029 2692; x_wconf 89' lang='lat' dir='ltr'><strong><em>Non</em></strong></span> <span class='ocrx_word' id='word_1_371' title='bbox 3056 2637 3215 2707; x_wconf 77' lang='lat' dir='ltr'><strong><em>quasi</em></strong></span> <span class='ocrx_word' id='word_1_372' title='bbox 3256 2638 3439 2706; x_wconf 83' lang='lat' dir='ltr'><strong><em>priore</em></strong></span> <span class='ocrx_word' id='word_1_373' title='bbox 3486 2635 3578 2688; x_wconf 76' lang='lat' dir='ltr'><strong><em>i=la</em></strong></span> 
     </span>
    </p>
   </div>
   <div class='ocr_carea' id='block_1_51' title="bbox 307 2729 3577 2823">
    <p class='ocr_par' dir='ltr' id='par_1_51' title="bbox 307 2729 3577 2823">
     <span class='ocr_line' id='line_1_51' title="bbox 307 2729 3577 2823; baseline -0.01 -10"><span class='ocrx_word' id='word_1_374' title='bbox 307 2764 544 2819; x_wconf 84' lang='lat' dir='ltr'><strong><em>careret,</em></strong></span> <span class='ocrx_word' id='word_1_375' title='bbox 584 2754 921 2823; x_wconf 85' lang='lat' dir='ltr'><strong><em>minimeque</em></strong></span> <span class='ocrx_word' id='word_1_376' title='bbox 948 2752 1284 2821; x_wconf 87' lang='lat' dir='ltr'><strong><em>suscepisset</em></strong></span> <span class='ocrx_word' id='word_1_377' title='bbox 1318 2749 1375 2804; x_wconf 92' lang='lat' dir='ltr'><strong>in</strong></span> <span class='ocrx_word' id='word_1_378' title='bbox 1407 2763 1564 2814; x_wconf 88' lang='lat' dir='ltr'><strong><em>sese;</em></strong></span> <span class='ocrx_word' id='word_1_379' title='bbox 1598 2745 1693 2802; x_wconf 89' lang='lat' dir='ltr'><strong><em>sed</em></strong></span> <span class='ocrx_word' id='word_1_380' title='bbox 1734 2752 1795 2798; x_wconf 90' lang='lat' dir='ltr'><strong><em>ut</em></strong></span> <span class='ocrx_word' id='word_1_381' title='bbox 1823 2758 1887 2798; x_wconf 89' lang='lat' dir='ltr'><strong><em>ea</em></strong></span> <span class='ocrx_word' id='word_1_382' title='bbox 1929 2740 2256 2812; x_wconf 81' lang='lat' dir='ltr'><strong><em>perfunctus</em></strong></span> <span class='ocrx_word' id='word_1_383' title='bbox 2296 2737 2434 2791; x_wconf 89' lang='lat' dir='ltr'><strong><em>nihil</em></strong></span> <span class='ocrx_word' id='word_1_384' title='bbox 2469 2736 2585 2806; x_wconf 88' lang='lat' dir='ltr'><strong><em>jam</em></strong></span> <span class='ocrx_word' id='word_1_385' title='bbox 2614 2748 2739 2790; x_wconf 85' lang='lat' dir='ltr'><strong><em>esse</em></strong></span> <span class='ocrx_word' id='word_1_386' title='bbox 2802 2734 3172 2789; x_wconf 86' lang='lat' dir='ltr'><strong><em>necessariam</em></strong></span> <span class='ocrx_word' id='word_1_387' title='bbox 3240 2729 3577 2791; x_wconf 81' lang='lat' dir='ltr'><strong><em>ostenderet,</em></strong></span> 
     </span>
    </p>
   </div>
   <div class='ocr_carea' id='block_1_52' title="bbox 308 2843 1427 2915">
    <p class='ocr_par' dir='ltr' id='par_1_52' title="bbox 308 2843 1427 2915">
     <span class='ocr_line' id='line_1_52' title="bbox 308 2843 1427 2915; baseline -0.01 -10"><span class='ocrx_word' id='word_1_388' title='bbox 308 2849 407 2906; x_wconf 82' lang='lat' dir='ltr'><strong><em>sed</em></strong></span> <span class='ocrx_word' id='word_1_389' title='bbox 445 2850 608 2903; x_wconf 83' lang='lat' dir='ltr'><strong><em>aliain</em></strong></span> <span class='ocrx_word' id='word_1_390' title='bbox 648 2848 807 2915; x_wconf 89' lang='lat' dir='ltr'><strong><em>longe</em></strong></span> <span class='ocrx_word' id='word_1_391' title='bbox 839 2845 929 2899; x_wconf 91' lang='lat' dir='ltr'><strong><em>illa</em></strong></span> <span class='ocrx_word' id='word_1_392' title='bbox 963 2843 1427 2913; x_wconf 64' lang='lat' dir='ltr'><strong><em>praestantiorem.</em></strong></span> 
     </span>
    </p>
   </div>
   <div class='ocr_carea' id='block_1_53' title="bbox 386 2907 1896 3004">
    <p class='ocr_par' dir='ltr' id='par_1_53' title="bbox 386 2907 1893 3004">
     <span class='ocr_line' id='line_1_53' title="bbox 386 2907 1893 3004; baseline -0.01 -10"><span class='ocrx_word' id='word_1_393' title='bbox 386 2939 579 2997; x_wconf 71' lang='lat' dir='ltr'><strong>XXIX.</strong></span> <span class='ocrx_word' id='word_1_394' title='bbox 608 2907 771 3004; x_wconf 80' lang='lat' dir='ltr'><strong><em>Quod</em></strong></span> <span class='ocrx_word' id='word_1_395' title='bbox 798 2907 982 2990; x_wconf 79' lang='lat' dir='ltr'><strong><em>autem</em></strong></span> <span class='ocrx_word' id='word_1_396' title='bbox 1006 2933 1244 2988; x_wconf 82' lang='lat' dir='ltr'><strong><em>subinde</em></strong></span> <span class='ocrx_word' id='word_1_397' title='bbox 1266 2933 1322 2986; x_wconf 92' lang='lat' dir='ltr'><strong>in</strong></span> <span class='ocrx_word' id='word_1_398' title='bbox 1343 2930 1521 2985; x_wconf 89' lang='lat' dir='ltr'><strong><em>lucem</em></strong></span> <span class='ocrx_word' id='word_1_399' title='bbox 1543 2928 1725 2983; x_wconf 89' lang='lat' dir='ltr'><strong><em>editus</em></strong></span> <span class='ocrx_word' id='word_1_400' title='bbox 1751 2926 1893 2980; x_wconf 89' lang='lat' dir='ltr'><strong><em>Deus</em></strong></span> 
     </span>
    </p>
   </div>
   <div class='ocr_carea' id='block_1_54' title="bbox 1999 2907 3585 3004">
    <p class='ocr_par' dir='ltr' id='par_1_54' title="bbox 2068 2907 3585 2985">
     <span class='ocr_line' id='line_1_54' title="bbox 2068 2907 3585 2985; baseline -0.004 -14"><span class='ocrx_word' id='word_1_401' title='bbox 2068 2916 2200 2972; x_wconf 78' lang='lat' dir='ltr'><strong><em>KG’.</em></strong></span> <span class='ocrx_word' id='word_1_402' title='bbox 2238 2915 2347 2969; x_wconf 71' lang='grc' dir='ltr'>Καὶ</span> <span class='ocrx_word' id='word_1_403' title='bbox 2379 2915 2461 2968; x_wconf 86' lang='grc' dir='ltr'>ὅτι</span> <span class='ocrx_word' id='word_1_404' title='bbox 2513 2913 2612 2985; x_wconf 81' lang='grc' dir='ltr'>μὲν</span> <span class='ocrx_word' id='word_1_405' title='bbox 2644 2911 2806 2975; x_wconf 77' lang='grc' dir='ltr'>εὐθὺς</span> <span class='ocrx_word' id='word_1_406' title='bbox 2851 2911 3135 2982; x_wconf 73' lang='grc' dir='ltr'>γεννηθεὶς</span> <span class='ocrx_word' id='word_1_407' title='bbox 3180 2911 3314 2976; x_wconf 76' lang='grc' dir='ltr'>Θεὸς</span> <span class='ocrx_word' id='word_1_408' title='bbox 3353 2907 3455 2984; x_wconf 77' lang='grc' dir='ltr'>ἦν,</span> <span class='ocrx_word' id='word_1_409' title='bbox 3490 2914 3585 2965; x_wconf 77' lang='grc' dir='ltr'>καὶ</span> 
     </span>
    </p>
   </div>
   <div class='ocr_carea' id='block_1_55' title="bbox 315 3002 1896 3091">
    <p class='ocr_par' dir='ltr' id='par_1_55' title="bbox 315 3002 1896 3091">
     <span class='ocr_line' id='line_1_55' title="bbox 315 3002 1896 3091; baseline -0.013 -6"><span class='ocrx_word' id='word_1_410' title='bbox 315 3032 501 3091; x_wconf 85' lang='lat' dir='ltr'><strong><em>fuerit,</em></strong></span> <span class='ocrx_word' id='word_1_411' title='bbox 545 3002 655 3083; x_wconf 83' lang='lat' dir='ltr'><strong><em>non</em></strong></span> <span class='ocrx_word' id='word_1_412' title='bbox 699 3027 861 3080; x_wconf 88' lang='lat' dir='ltr'><strong><em>homo</em></strong></span> <span class='ocrx_word' id='word_1_413' title='bbox 901 3023 1192 3086; x_wconf 78' lang='lat' dir='ltr'><strong><em>duntaxat,</em></strong></span> <span class='ocrx_word' id='word_1_414' title='bbox 1237 3034 1267 3074; x_wconf 88' lang='lat' dir='ltr'><strong><em>a</em></strong></span> <span class='ocrx_word' id='word_1_415' title='bbox 1311 3019 1487 3090; x_wconf 88' lang='lat' dir='ltr'><strong><em>magis</em></strong></span> <span class='ocrx_word' id='word_1_416' title='bbox 1519 3023 1707 3088; x_wconf 83' lang='lat' dir='ltr'><strong><em>aperte</em></strong></span> <span class='ocrx_word' id='word_1_417' title='bbox 1745 3029 1896 3068; x_wconf 88' lang='lat' dir='ltr'><strong><em>eom-</em></strong></span> 
     </span>
    </p>
   </div>
   <div class='ocr_carea' id='block_1_56' title="bbox 1999 3002 3586 3091">
    <p class='ocr_par' dir='ltr' id='par_1_56' title="bbox 2001 3002 3586 3079">
     <span class='ocr_line' id='line_1_56' title="bbox 2001 3002 3586 3079; baseline -0.004 -15"><span class='ocrx_word' id='word_1_418' title='bbox 2001 3011 2062 3064; x_wconf 81' lang='grc' dir='ltr'><strong><em>οὐ</em></strong></span> <span class='ocrx_word' id='word_1_419' title='bbox 2092 3008 2246 3079; x_wconf 68' lang='grc' dir='ltr'>ψιλδς</span> <span class='ocrx_word' id='word_1_420' title='bbox 2278 3005 2585 3077; x_wconf 80' lang='grc' dir='ltr'>ἅνθρωπος,</span> <span class='ocrx_word' id='word_1_421' title='bbox 2622 3004 2673 3057; x_wconf 84' lang='lat' dir='ltr'><strong><em>ol</em></strong></span> <span class='ocrx_word' id='word_1_422' title='bbox 2712 3005 2877 3073; x_wconf 82' lang='grc' dir='ltr'>μάγοι</span> <span class='ocrx_word' id='word_1_423' title='bbox 2912 3003 3099 3072; x_wconf 78' lang='grc' dir='ltr'>σαφῶς</span> <span class='ocrx_word' id='word_1_424' title='bbox 3138 3002 3392 3068; x_wconf 79' lang='grc' dir='ltr'>δείξουσι.</span> <span class='ocrx_word' id='word_1_425' title='bbox 3431 3005 3586 3057; x_wconf 71' lang='grc' dir='ltr'>Μετὰ</span> 
     </span>
    </p>
   </div>
   <div class='ocr_carea' id='block_1_57' title="bbox 314 3093 1896 3195">
    <p class='ocr_par' dir='ltr' id='par_1_57' title="bbox 314 3101 1889 3195">
     <span class='ocr_line' id='line_1_57' title="bbox 314 3101 1889 3195; baseline -0.013 -18"><span class='ocrx_word' id='word_1_426' title='bbox 314 3122 604 3195; x_wconf 87' lang='lat' dir='ltr'><strong><em>probatum</em></strong></span> <span class='ocrx_word' id='word_1_427' title='bbox 632 3126 738 3174; x_wconf 85' lang='lat' dir='ltr'><strong><em>est.</em></strong></span> <span class='ocrx_word' id='word_1_428' title='bbox 775 3114 1060 3186; x_wconf 86' lang='lat' dir='ltr'><strong><em>Siquidem</em></strong></span> <span class='ocrx_word' id='word_1_429' title='bbox 1092 3112 1282 3181; x_wconf 90' lang='lat' dir='ltr'><strong><em>elapso</em></strong></span> <span class='ocrx_word' id='word_1_430' title='bbox 1315 3110 1428 3179; x_wconf 90' lang='lat' dir='ltr'><strong><em>jam</em></strong></span> <span class='ocrx_word' id='word_1_431' title='bbox 1470 3106 1714 3169; x_wconf 89' lang='lat' dir='ltr'><strong><em>biennio,</em></strong></span> <span class='ocrx_word' id='word_1_432' title='bbox 1745 3101 1889 3174; x_wconf 89' lang='lat' dir='ltr'><strong><em>quod</em></strong></span> 
     </span>
    </p>
   </div>
   <div class='ocr_carea' id='block_1_58' title="bbox 1999 3093 3589 3195">
    <p class='ocr_par' dir='ltr' id='par_1_58' title="bbox 1999 3093 3589 3172">
     <span class='ocr_line' id='line_1_58' title="bbox 1999 3093 3589 3172; baseline -0.005 -19"><span class='ocrx_word' id='word_1_433' title='bbox 1999 3101 2103 3172; x_wconf 71' lang='grc' dir='ltr'>γὶρ</span> <span class='ocrx_word' id='word_1_434' title='bbox 2131 3098 2225 3151; x_wconf 85' lang='grc' dir='ltr'>δύο</span> <span class='ocrx_word' id='word_1_435' title='bbox 2254 3096 2390 3150; x_wconf 76' lang='grc' dir='ltr'>ἐτῶν</span> <span class='ocrx_word' id='word_1_436' title='bbox 2413 3097 2626 3168; x_wconf 85' lang='grc' dir='ltr'>χρόνον,</span> <span class='ocrx_word' id='word_1_437' title='bbox 2656 3096 2733 3159; x_wconf 83' lang='grc' dir='ltr'>ὡς</span> <span class='ocrx_word' id='word_1_438' title='bbox 2764 3093 2970 3158; x_wconf 74' lang='grc' dir='ltr'>ἔδειξαν</span> <span class='ocrx_word' id='word_1_439' title='bbox 2998 3094 3074 3165; x_wconf 83' lang='grc' dir='ltr'>τῷ</span> <span class='ocrx_word' id='word_1_440' title='bbox 3106 3093 3318 3165; x_wconf 81' lang='grc' dir='ltr'>Ἡρώδῃ</span> <span class='ocrx_word' id='word_1_441' title='bbox 3348 3094 3438 3147; x_wconf 73' lang='grc' dir='ltr'>τὸν</span> <span class='ocrx_word' id='word_1_442' title='bbox 3460 3095 3589 3167; x_wconf 79' lang='grc' dir='ltr'>χρό-</span> 
     </span>
    </p>
   </div>
   <div class='ocr_carea' id='block_1_59' title="bbox 316 3185 1896 3284">
    <p class='ocr_par' dir='ltr' id='par_1_59' title="bbox 316 3185 1896 3284">
     <span class='ocr_line' id='line_1_59' title="bbox 316 3185 1896 3284; baseline -0.014 -16"><span class='ocrx_word' id='word_1_443' title='bbox 316 3185 496 3284; x_wconf 78' lang='lat' dir='ltr'><strong><em>ipsum</em></strong></span> <span class='ocrx_word' id='word_1_444' title='bbox 530 3210 704 3266; x_wconf 77' lang='lat' dir='ltr'><strong><em>stella:</em></strong></span> <span class='ocrx_word' id='word_1_445' title='bbox 725 3185 942 3278; x_wconf 81' lang='lat' dir='ltr'><strong><em>tempus</em></strong></span> <span class='ocrx_word' id='word_1_446' title='bbox 967 3203 1167 3260; x_wconf 89' lang='lat' dir='ltr'><strong><em>Herodi</em></strong></span> <span class='ocrx_word' id='word_1_447' title='bbox 1200 3201 1598 3273; x_wconf 85' lang='lat' dir='ltr'><strong><em>significarunt,</em></strong></span> <span class='ocrx_word' id='word_1_448' title='bbox 1620 3213 1650 3252; x_wconf 90' lang='lat' dir='ltr'><strong><em>a</em></strong></span> <span class='ocrx_word' id='word_1_449' title='bbox 1679 3196 1896 3252; x_wconf 74' lang='lat' dir='ltr'><strong><em>biennio</em></strong></span> 
     </span>
    </p>
   </div>
   <div class='ocr_carea' id='block_1_60' title="bbox 1999 3185 3589 3284">
    <p class='ocr_par' dir='ltr' id='par_1_60' title="bbox 2002 3185 3589 3259">
     <span class='ocr_line' id='line_1_60' title="bbox 2002 3185 3589 3259; baseline -0.005 -14"><span class='ocrx_word' id='word_1_450' title='bbox 2002 3209 2095 3247; x_wconf 82' lang='lat' dir='ltr'><strong><em>vov</em></strong></span> <span class='ocrx_word' id='word_1_451' title='bbox 2116 3190 2210 3243; x_wconf 80' lang='grc' dir='ltr'>τοῦ</span> <span class='ocrx_word' id='word_1_452' title='bbox 2239 3190 2489 3259; x_wconf 84' lang='grc' dir='ltr'>ἀστέρος,</span> <span class='ocrx_word' id='word_1_453' title='bbox 2521 3187 2631 3241; x_wconf 74' lang='grc' dir='ltr'>ἀπὸ</span> <span class='ocrx_word' id='word_1_454' title='bbox 2663 3185 2871 3249; x_wconf 81' lang='grc' dir='ltr'>διετοῦς</span> <span class='ocrx_word' id='word_1_455' title='bbox 2896 3185 2991 3238; x_wconf 76' lang='grc' dir='ltr'>καὶ</span> <span class='ocrx_word' id='word_1_456' title='bbox 3024 3186 3318 3255; x_wconf 80' lang='grc' dir='ltr'>κατωτέρω</span> <span class='ocrx_word' id='word_1_457' title='bbox 3344 3185 3589 3249; x_wconf 72' lang='grc' dir='ltr'>ἐλθόντες</span> 
     </span>
    </p>
   </div>
   <div class='ocr_carea' id='block_1_61' title="bbox 317 3290 1897 3371">
    <p class='ocr_par' dir='ltr' id='par_1_61' title="bbox 317 3290 1897 3371">
     <span class='ocr_line' id='line_1_61' title="bbox 317 3290 1897 3371; baseline -0.013 -12"><span class='ocrx_word' id='word_1_458' title='bbox 317 3304 568 3359; x_wconf 82' lang='lat' dir='ltr'><strong><em>videlicet</em></strong></span> <span class='ocrx_word' id='word_1_459' title='bbox 609 3311 771 3371; x_wconf 87' lang='lat' dir='ltr'><strong><em>atque</em></strong></span> <span class='ocrx_word' id='word_1_460' title='bbox 824 3297 1041 3364; x_wconf 73' lang='lat' dir='ltr'><strong><em>infra’,</em></strong></span> <span class='ocrx_word' id='word_1_461' title='bbox 1090 3295 1529 3364; x_wconf 77' lang='lat' dir='ltr'><strong><em>Hierosolymam</em></strong></span> <span class='ocrx_word' id='word_1_462' title='bbox 1575 3290 1897 3351; x_wconf 85' lang='lat' dir='ltr'><strong><em>venientes,</em></strong></span> 
     </span>
    </p>
   </div>
   <div class='ocr_carea' id='block_1_62' title="bbox 318 3378 1906 3463">
    <p class='ocr_par' dir='ltr' id='par_1_62' title="bbox 318 3378 1906 3463">
     <span class='ocr_line' id='line_1_62' title="bbox 318 3378 1906 3463; baseline -0.014 -14"><span class='ocrx_word' id='word_1_463' title='bbox 318 3397 835 3463; x_wconf 75' lang='lat' dir='ltr'><strong><em>interrogantes-que</em></strong></span> <span class='ocrx_word' id='word_1_464' title='bbox 864 3387 1030 3458; x_wconf 88' lang='lat' dir='ltr'><strong><em>magi,</em></strong></span> <span class='ocrx_word' id='word_1_465' title='bbox 1059 3402 1185 3441; x_wconf 88' lang='lat' dir='ltr'><strong><em>cum</em></strong></span> <span class='ocrx_word' id='word_1_466' title='bbox 1211 3382 1545 3439; x_wconf 87' lang='lat' dir='ltr'><strong><em>Bethlehcmi</em></strong></span> <span class='ocrx_word' id='word_1_467' title='bbox 1571 3379 1722 3434; x_wconf 86' lang='lat' dir='ltr'><strong><em>nasci</em></strong></span> <span class='ocrx_word' id='word_1_468' title='bbox 1748 3378 1906 3431; x_wconf 88' lang='lat' dir='ltr'><strong><em>Chri-</em></strong></span> 
     </span>
    </p>
   </div>
   <div class='ocr_carea' id='block_1_63' title="bbox 319 3470 1900 3552">
    <p class='ocr_par' dir='ltr' id='par_1_63' title="bbox 319 3470 1900 3552">
     <span class='ocr_line' id='line_1_63' title="bbox 319 3470 1900 3552; baseline -0.014 -12"><span class='ocrx_word' id='word_1_469' title='bbox 319 3498 466 3541; x_wconf 90' lang='lat' dir='ltr'><strong><em>stum</em></strong></span> <span class='ocrx_word' id='word_1_470' title='bbox 517 3492 773 3552; x_wconf 81' lang='lat' dir='ltr'><strong><em>oportere</em></strong></span> <span class='ocrx_word' id='word_1_471' title='bbox 803 3479 1149 3541; x_wconf 90' lang='lat' dir='ltr'><strong><em>didicisseut,</em></strong></span> <span class='ocrx_word' id='word_1_472' title='bbox 1193 3476 1261 3529; x_wconf 91' lang='lat' dir='ltr'><strong><em>ab</em></strong></span> <span class='ocrx_word' id='word_1_473' title='bbox 1307 3474 1441 3528; x_wconf 86' lang='lat' dir='ltr'><strong><em>urbe</em></strong></span> <span class='ocrx_word' id='word_1_474' title='bbox 1476 3470 1711 3542; x_wconf 82' lang='lat' dir='ltr'><strong><em>digressi</em></strong></span> <span class='ocrx_word' id='word_1_475' title='bbox 1749 3475 1900 3530; x_wconf 88' lang='lat' dir='ltr'><strong><em>sunt,</em></strong></span> 
     </span>
    </p>
   </div>
   <div class='ocr_carea' id='block_1_64' title="bbox 319 3558 1904 3645">
    <p class='ocr_par' dir='ltr' id='par_1_64' title="bbox 319 3558 1904 3645">
     <span class='ocr_line' id='line_1_64' title="bbox 319 3558 1904 3645; baseline -0.013 -13"><span class='ocrx_word' id='word_1_476' title='bbox 319 3577 626 3645; x_wconf 81' lang='lat' dir='ltr'><strong><em>eademque</em></strong></span> <span class='ocrx_word' id='word_1_477' title='bbox 656 3573 796 3628; x_wconf 90' lang='lat' dir='ltr'><strong><em>duce</em></strong></span> <span class='ocrx_word' id='word_1_478' title='bbox 820 3571 974 3627; x_wconf 86' lang='lat' dir='ltr'><strong><em>stella</em></strong></span> <span class='ocrx_word' id='word_1_479' title='bbox 994 3568 1407 3624; x_wconf 81' lang='lat' dir='ltr'><strong><em>Bethlehemum</em></strong></span> <span class='ocrx_word' id='word_1_480' title='bbox 1436 3566 1749 3634; x_wconf 88' lang='lat' dir='ltr'><strong><em>aspirarunt</em></strong></span> <span class='ocrx_word' id='word_1_481' title='bbox 1804 3558 1904 3622; x_wconf 90' lang='lat' dir='ltr'><strong><em>lbi,</em></strong></span> 
     </span>
    </p>
   </div>
   <div class='ocr_carea' id='block_1_65' title="bbox 323 3651 1906 3739">
    <p class='ocr_par' dir='ltr' id='par_1_65' title="bbox 323 3651 1906 3739">
     <span class='ocr_line' id='line_1_65' title="bbox 323 3651 1906 3739; baseline -0.012 -16"><span class='ocrx_word' id='word_1_482' title='bbox 323 3675 685 3739; x_wconf 80' lang='lat' dir='ltr'><strong><em>posteaquam</em></strong></span> <span class='ocrx_word' id='word_1_483' title='bbox 722 3662 1050 3734; x_wconf 83' lang='lat' dir='ltr'><strong><em>introgressi</em></strong></span> <span class='ocrx_word' id='word_1_484' title='bbox 1083 3667 1235 3723; x_wconf 90' lang='lat' dir='ltr'><strong><em>sunt,</em></strong></span> <span class='ocrx_word' id='word_1_485' title='bbox 1268 3658 1551 3713; x_wconf 89' lang='lat' dir='ltr'><strong><em>Christum</em></strong></span> <span class='ocrx_word' id='word_1_486' title='bbox 1579 3671 1703 3709; x_wconf 87' lang='lat' dir='ltr'><strong><em>cum</em></strong></span> <span class='ocrx_word' id='word_1_487' title='bbox 1738 3651 1906 3706; x_wconf 81' lang='lat' dir='ltr'><strong><em>Maria</em></strong></span> 
     </span>
    </p>
   </div>
   <div class='ocr_carea' id='block_1_66' title="bbox 323 3750 1905 3828">
    <p class='ocr_par' dir='ltr' id='par_1_66' title="bbox 323 3750 1905 3828">
     <span class='ocr_line' id='line_1_66' title="bbox 323 3750 1905 3828; baseline -0.011 -14"><span class='ocrx_word' id='word_1_488' title='bbox 323 3768 500 3814; x_wconf 89' lang='lat' dir='ltr'><strong><em>matre</em></strong></span> <span class='ocrx_word' id='word_1_489' title='bbox 528 3763 853 3828; x_wconf 89' lang='lat' dir='ltr'><strong><em>repererunt</em></strong></span> <span class='ocrx_word' id='word_1_490' title='bbox 877 3773 893 3821; x_wconf 88' lang='lat'><strong>;</strong></span> <span class='ocrx_word' id='word_1_491' title='bbox 913 3760 967 3809; x_wconf 91' lang='lat' dir='ltr'><strong><em>et</em></strong></span> <span class='ocrx_word' id='word_1_492' title='bbox 991 3750 1342 3823; x_wconf 89' lang='lat' dir='ltr'><strong><em>procidentes</em></strong></span> <span class='ocrx_word' id='word_1_493' title='bbox 1366 3750 1734 3804; x_wconf 87' lang='lat' dir='ltr'><strong><em>adoraverunt</em></strong></span> <span class='ocrx_word' id='word_1_494' title='bbox 1758 3760 1905 3805; x_wconf 88' lang='lat' dir='ltr'><strong><em>eum,</em></strong></span> 
     </span>
    </p>
   </div>
   <div class='ocr_carea' id='block_1_67' title="bbox 323 3836 1906 3920">
    <p class='ocr_par' dir='ltr' id='par_1_67' title="bbox 323 3836 1906 3920">
     <span class='ocr_line' id='line_1_67' title="bbox 323 3836 1906 3920; baseline -0.01 -17"><span class='ocrx_word' id='word_1_495' title='bbox 323 3853 757 3920; x_wconf 78' lang='lat' dir='ltr'><strong><em>obtuleruntque</em></strong></span> <span class='ocrx_word' id='word_1_496' title='bbox 810 3860 1058 3901; x_wconf 88' lang='lat' dir='ltr'><strong><em>munera.</em></strong></span> <span class='ocrx_word' id='word_1_497' title='bbox 1109 3842 1476 3909; x_wconf 85' lang='lat' dir='ltr'><strong><em>Quamobrem</em></strong></span> <span class='ocrx_word' id='word_1_498' title='bbox 1531 3855 1656 3893; x_wconf 88' lang='lat' dir='ltr'><strong><em>cum</em></strong></span> <span class='ocrx_word' id='word_1_499' title='bbox 1720 3836 1906 3890; x_wconf 86' lang='lat' dir='ltr'><strong><em>statim</em></strong></span> 
     </span>
    </p>
   </div>
   <div class='ocr_carea' id='block_1_68' title="bbox 321 3928 1908 4014">
    <p class='ocr_par' dir='ltr' id='par_1_68' title="bbox 321 3928 1908 4014">
     <span class='ocr_line' id='line_1_68' title="bbox 321 3928 1908 4014; baseline -0.011 -14"><span class='ocrx_word' id='word_1_500' title='bbox 321 3946 582 4000; x_wconf 85' lang='lat' dir='ltr'><strong><em>adoretur</em></strong></span> <span class='ocrx_word' id='word_1_501' title='bbox 614 3943 707 4014; x_wconf 89' lang='lat' dir='ltr'><strong><em>qui</em></strong></span> <span class='ocrx_word' id='word_1_502' title='bbox 756 3953 919 3995; x_wconf 87' lang='lat' dir='ltr'><strong><em>natus</em></strong></span> <span class='ocrx_word' id='word_1_503' title='bbox 952 3949 1059 4003; x_wconf 90' lang='lat' dir='ltr'><strong><em>est,</em></strong></span> <span class='ocrx_word' id='word_1_504' title='bbox 1100 3954 1212 3991; x_wconf 89' lang='lat' dir='ltr'><strong><em>non</em></strong></span> <span class='ocrx_word' id='word_1_505' title='bbox 1253 3937 1437 3990; x_wconf 86' lang='lat' dir='ltr'><strong><em>nudus</em></strong></span> <span class='ocrx_word' id='word_1_506' title='bbox 1482 3941 1565 3988; x_wconf 92' lang='lat' dir='ltr'><strong><em>est</em></strong></span> <span class='ocrx_word' id='word_1_507' title='bbox 1590 3933 1775 3994; x_wconf 90' lang='lat' dir='ltr'><strong><em>homo,</em></strong></span> <span class='ocrx_word' id='word_1_508' title='bbox 1813 3928 1908 3984; x_wconf 90' lang='lat' dir='ltr'><strong><em>sed</em></strong></span> 
     </span>
    </p>
   </div>
   <div class='ocr_carea' id='block_1_69' title="bbox 324 4022 1907 4104">
    <p class='ocr_par' dir='ltr' id='par_1_69' title="bbox 324 4022 1907 4104">
     <span class='ocr_line' id='line_1_69' title="bbox 324 4022 1907 4104; baseline -0.012 -14"><span class='ocrx_word' id='word_1_509' title='bbox 324 4038 510 4093; x_wconf 83' lang='lat' dir='ltr'><strong><em>Deus:</em></strong></span> <span class='ocrx_word' id='word_1_510' title='bbox 547 4049 725 4104; x_wconf 85' lang='lat' dir='ltr'><strong><em>neque</em></strong></span> <span class='ocrx_word' id='word_1_511' title='bbox 770 4041 895 4102; x_wconf 88' lang='lat' dir='ltr'><strong><em>post</em></strong></span> <span class='ocrx_word' id='word_1_512' title='bbox 944 4046 1123 4085; x_wconf 87' lang='lat' dir='ltr'><strong><em>annos</em></strong></span> <span class='ocrx_word' id='word_1_513' title='bbox 1158 4030 1405 4099; x_wconf 75' lang='lat' dir='ltr'><strong><em>triginta,</em></strong></span> <span class='ocrx_word' id='word_1_514' title='bbox 1447 4024 1529 4079; x_wconf 85' lang='lat' dir='ltr'><strong><em>vel</em></strong></span> <span class='ocrx_word' id='word_1_515' title='bbox 1557 4022 1907 4093; x_wconf 88' lang='lat' dir='ltr'><strong><em>baptismum,</em></strong></span> 
     </span>
    </p>
   </div>
   <div class='ocr_carea' id='block_1_70' title="bbox 250 4112 1911 4191">
    <p class='ocr_par' dir='ltr' id='par_1_70' title="bbox 250 4112 1911 4191">
     <span class='ocr_line' id='line_1_70' title="bbox 250 4112 1911 4191; baseline -0.01 -12"><span class='ocrx_word' id='word_1_516' title='bbox 250 4181 257 4191; x_wconf 64' lang='grc'><strong><em>,</em></strong></span> <span class='ocrx_word' id='word_1_517' title='bbox 325 4127 583 4180; x_wconf 75' lang='lat' dir='ltr'><strong><em>Christus</em></strong></span> <span class='ocrx_word' id='word_1_518' title='bbox 631 4124 906 4178; x_wconf 77' lang='lat' dir='ltr'><strong><em>t-lIicitur:</em></strong></span> <span class='ocrx_word' id='word_1_519' title='bbox 963 4121 1060 4176; x_wconf 90' lang='lat' dir='ltr'><strong><em>sed</em></strong></span> <span class='ocrx_word' id='word_1_520' title='bbox 1116 4119 1348 4175; x_wconf 89' lang='lat' dir='ltr'><strong><em>subinde</em></strong></span> <span class='ocrx_word' id='word_1_521' title='bbox 1379 4117 1636 4172; x_wconf 79' lang='lat' dir='ltr'><strong><em>Christus</em></strong></span> <span class='ocrx_word' id='word_1_522' title='bbox 1676 4130 1705 4166; x_wconf 94' lang='lat' dir='ltr'><strong><em>e</em></strong></span> <span class='ocrx_word' id='word_1_523' title='bbox 1744 4112 1911 4165; x_wconf 86' lang='lat' dir='ltr'><strong><em>Maria</em></strong></span> 
     </span>
    </p>
   </div>
   <div class='ocr_carea' id='block_1_71' title="bbox 333 4203 1914 4286">
    <p class='ocr_par' dir='ltr' id='par_1_71' title="bbox 333 4203 1914 4286">
     <span class='ocr_line' id='line_1_71' title="bbox 333 4203 1914 4286; baseline -0.011 -16"><span class='ocrx_word' id='word_1_524' title='bbox 333 4216 733 4286; x_wconf 69' lang='lat' dir='ltr'><strong><em>Virgine&#39;Deus</em></strong></span> <span class='ocrx_word' id='word_1_525' title='bbox 779 4213 984 4282; x_wconf 82' lang='lat' dir='ltr'><strong><em>patiter</em></strong></span> <span class='ocrx_word' id='word_1_526' title='bbox 1019 4220 1183 4279; x_wconf 87' lang='lat' dir='ltr'><strong><em>atque</em></strong></span> <span class='ocrx_word' id='word_1_527' title='bbox 1215 4211 1378 4264; x_wconf 84' lang='lat' dir='ltr'><strong><em>homo</em></strong></span> <span class='ocrx_word' id='word_1_528' title='bbox 1420 4216 1584 4261; x_wconf 87' lang='lat' dir='ltr'><strong><em>natus</em></strong></span> <span class='ocrx_word' id='word_1_529' title='bbox 1628 4214 1730 4259; x_wconf 87' lang='lat' dir='ltr'><strong><em>est.</em></strong></span> <span class='ocrx_word' id='word_1_530' title='bbox 1777 4203 1914 4255; x_wconf 78' lang='lat' dir='ltr'><strong><em>Pin-</em></strong></span> 
     </span>
    </p>
   </div>
   <div class='ocr_carea' id='block_1_72' title="bbox 331 4296 1910 4376">
    <p class='ocr_par' dir='ltr' id='par_1_72' title="bbox 331 4296 1910 4376">
     <span class='ocr_line' id='line_1_72' title="bbox 331 4296 1910 4376; baseline -0.008 -18"><span class='ocrx_word' id='word_1_531' title='bbox 331 4319 516 4376; x_wconf 88' lang='lat' dir='ltr'><strong><em>pterea</em></strong></span> <span class='ocrx_word' id='word_1_532' title='bbox 571 4304 756 4356; x_wconf 88' lang='lat' dir='ltr'><strong><em>statim</em></strong></span> <span class='ocrx_word' id='word_1_533' title='bbox 807 4302 985 4370; x_wconf 77' lang='lat' dir='ltr'><strong><em>angeli</em></strong></span> <span class='ocrx_word' id='word_1_534' title='bbox 1028 4302 1254 4354; x_wconf 74' lang='lat' dir='ltr'><strong><em>twleste</em></strong></span> <span class='ocrx_word' id='word_1_535' title='bbox 1295 4314 1516 4351; x_wconf 85' lang='lat' dir='ltr'><strong><em>carmen</em></strong></span> <span class='ocrx_word' id='word_1_536' title='bbox 1572 4296 1910 4349; x_wconf 71' lang='lat' dir='ltr'><strong><em>concinunt:</em></strong></span> 
     </span>
    </p>
   </div>
   <div class='ocr_carea' id='block_1_73' title="bbox 331 4384 1914 4456">
    <p class='ocr_par' dir='ltr' id='par_1_73' title="bbox 331 4384 1914 4456">
     <span class='ocr_line' id='line_1_73' title="bbox 331 4384 1914 4456; baseline -0.01 -3"><span class='ocrx_word' id='word_1_537' title='bbox 331 4399 516 4454; x_wconf 78' lang='lat' dir='ltr'><strong><em>Gloria</em></strong></span> <span class='ocrx_word' id='word_1_538' title='bbox 550 4399 603 4451; x_wconf 87' lang='lat' dir='ltr'><strong><em>in</em></strong></span> <span class='ocrx_word' id='word_1_539' title='bbox 640 4395 861 4449; x_wconf 77' lang='lat' dir='ltr'><strong><em>excelsis</em></strong></span> <span class='ocrx_word' id='word_1_540' title='bbox 893 4393 1028 4456; x_wconf 86' lang='lat' dir='ltr'><strong><em>Deo,</em></strong></span> <span class='ocrx_word' id='word_1_541' title='bbox 1066 4403 1117 4445; x_wconf 88' lang='lat' dir='ltr'><strong><em>et</em></strong></span> <span class='ocrx_word' id='word_1_542' title='bbox 1165 4392 1218 4443; x_wconf 87' lang='lat' dir='ltr'><strong><em>in</em></strong></span> <span class='ocrx_word' id='word_1_543' title='bbox 1256 4400 1397 4443; x_wconf 84' lang='lat' dir='ltr'><strong><em>terra</em></strong></span> <span class='ocrx_word' id='word_1_544' title='bbox 1440 4403 1568 4456; x_wconf 74' lang='lat' dir='ltr'><strong><em>pax,</em></strong></span> <span class='ocrx_word' id='word_1_545' title='bbox 1615 4384 1914 4439; x_wconf 86' lang='lat' dir='ltr'><strong><em>hominibus</em></strong></span> 
     </span>
    </p>
   </div>
   <div class='ocr_carea' id='block_1_74' title="bbox 329 4478 1914 4560">
    <p class='ocr_par' dir='ltr' id='par_1_74' title="bbox 329 4478 1914 4560">
     <span class='ocr_line' id='line_1_74' title="bbox 329 4478 1914 4560; baseline -0.011 -15"><span class='ocrx_word' id='word_1_546' title='bbox 329 4505 591 4560; x_wconf 79' lang='lat' dir='ltr'><strong><em>propensa</em></strong></span> <span class='ocrx_word' id='word_1_547' title='bbox 621 4486 867 4539; x_wconf 80' lang='lat' dir='ltr'><strong><em>voluntas</em></strong></span> <span class='ocrx_word' id='word_1_548' title='bbox 890 4484 929 4535; x_wconf 70' lang='lat'><strong><em>‘.</em></strong></span> <span class='ocrx_word' id='word_1_549' title='bbox 968 4481 1073 4537; x_wconf 88' lang='lat' dir='ltr'><strong><em>Sed</em></strong></span> <span class='ocrx_word' id='word_1_550' title='bbox 1113 4491 1167 4537; x_wconf 93' lang='lat' dir='ltr'><strong><em>et</em></strong></span> <span class='ocrx_word' id='word_1_551' title='bbox 1202 4481 1346 4534; x_wconf 85' lang='lat' dir='ltr'><strong><em>felici</em></strong></span> <span class='ocrx_word' id='word_1_552' title='bbox 1379 4480 1473 4533; x_wconf 92' lang='lat' dir='ltr'><strong><em>illo</em></strong></span> <span class='ocrx_word' id='word_1_553' title='bbox 1501 4478 1694 4532; x_wconf 91' lang='lat' dir='ltr'><strong><em>nuntio</em></strong></span> <span class='ocrx_word' id='word_1_554' title='bbox 1730 4485 1914 4547; x_wconf 87' lang='lat' dir='ltr'><strong><em>pasto-</em></strong></span> 
     </span>
    </p>
   </div>
   <div class='ocr_carea' id='block_1_75' title="bbox 333 4567 1918 4651">
    <p class='ocr_par' dir='ltr' id='par_1_75' title="bbox 333 4567 1918 4651">
     <span class='ocr_line' id='line_1_75' title="bbox 333 4567 1918 4651; baseline -0.01 -15"><span class='ocrx_word' id='word_1_555' title='bbox 333 4598 424 4638; x_wconf 85' lang='lat' dir='ltr'><strong><em>res</em></strong></span> <span class='ocrx_word' id='word_1_556' title='bbox 456 4578 891 4651; x_wconf 87' lang='lat' dir='ltr'><strong><em>impertiuntur:</em></strong></span> <span class='ocrx_word' id='word_1_557' title='bbox 929 4571 1107 4626; x_wconf 84' lang='lat' dir='ltr'><strong><em>Natus</em></strong></span> <span class='ocrx_word' id='word_1_558' title='bbox 1145 4580 1223 4627; x_wconf 86' lang='lat' dir='ltr'><strong><em>est</em></strong></span> <span class='ocrx_word' id='word_1_559' title='bbox 1258 4570 1429 4632; x_wconf 87' lang='lat' dir='ltr'><strong><em>nobis,</em></strong></span> <span class='ocrx_word' id='word_1_560' title='bbox 1454 4569 1730 4638; x_wconf 89' lang='lat' dir='ltr'><strong><em>inquiunt,</em></strong></span> <span class='ocrx_word' id='word_1_561' title='bbox 1766 4567 1918 4621; x_wconf 81' lang='lat' dir='ltr'><strong><em>hodie</em></strong></span> 
     </span>
    </p>
   </div>
   <div class='ocr_carea' id='block_1_76' title="bbox 332 4656 1921 4731">
    <p class='ocr_par' dir='ltr' id='par_1_76' title="bbox 332 4656 1921 4731">
     <span class='ocr_line' id='line_1_76' title="bbox 332 4656 1921 4731; baseline -0.011 -5"><span class='ocrx_word' id='word_1_562' title='bbox 332 4671 581 4731; x_wconf 81' lang='lat' dir='ltr'><strong><em>Christus</em></strong></span> <span class='ocrx_word' id='word_1_563' title='bbox 627 4667 890 4721; x_wconf 83' lang='lat' dir='ltr'><strong><em>Dominus</em></strong></span> <span class='ocrx_word' id='word_1_564' title='bbox 933 4665 989 4717; x_wconf 88' lang='lat' dir='ltr'><strong><em>in</em></strong></span> <span class='ocrx_word' id='word_1_565' title='bbox 1036 4663 1245 4717; x_wconf 80' lang='lat' dir='ltr'><strong><em>civitate</em></strong></span> <span class='ocrx_word' id='word_1_566' title='bbox 1297 4659 1468 4714; x_wconf 77' lang='lat' dir='ltr'><strong><em>David</em></strong></span> <span class='ocrx_word' id='word_1_567' title='bbox 1486 4661 1529 4714; x_wconf 83' lang='grc'><strong><em>⁵.</em></strong></span> <span class='ocrx_word' id='word_1_568' title='bbox 1579 4657 1767 4727; x_wconf 83' lang='lat' dir='ltr'><strong><em>Neque</em></strong></span> <span class='ocrx_word' id='word_1_569' title='bbox 1817 4656 1921 4710; x_wconf 88' lang='lat' dir='ltr'><strong><em>hoc</em></strong></span> 
     </span>
    </p>
   </div>
   <div class='ocr_carea' id='block_1_77' title="bbox 334 4750 1918 4827">
    <p class='ocr_par' dir='ltr' id='par_1_77' title="bbox 334 4750 1918 4827">
     <span class='ocr_line' id='line_1_77' title="bbox 334 4750 1918 4827; baseline -0.012 -8"><span class='ocrx_word' id='word_1_570' title='bbox 334 4765 552 4827; x_wconf 86' lang='lat' dir='ltr'><strong><em>solum,</em></strong></span> <span class='ocrx_word' id='word_1_571' title='bbox 591 4759 784 4815; x_wconf 76' lang='lat' dir='ltr'><strong><em>infelix</em></strong></span> <span class='ocrx_word' id='word_1_572' title='bbox 846 4756 1054 4810; x_wconf 83' lang='lat' dir='ltr'><strong><em>Ebion!</em></strong></span> <span class='ocrx_word' id='word_1_573' title='bbox 1120 4754 1188 4808; x_wconf 90' lang='lat' dir='ltr'><strong><em>de</em></strong></span> <span class='ocrx_word' id='word_1_574' title='bbox 1237 4752 1462 4808; x_wconf 81' lang='lat' dir='ltr'><strong><em>Christo</em></strong></span> <span class='ocrx_word' id='word_1_575' title='bbox 1508 4750 1918 4821; x_wconf 87' lang='lat' dir='ltr'><strong><em>comprobatur,</em></strong></span> 
     </span>
    </p>
   </div>
   <div class='ocr_carea' id='block_1_78' title="bbox 339 4842 1924 4910">
    <p class='ocr_par' dir='ltr' id='par_1_78' title="bbox 339 4842 1924 4910">
     <span class='ocr_line' id='line_1_78' title="bbox 339 4842 1924 4910; baseline -0.008 -3"><span class='ocrx_word' id='word_1_576' title='bbox 339 4870 529 4910; x_wconf 84' lang='lat' dir='ltr'><strong><em>verum</em></strong></span> <span class='ocrx_word' id='word_1_577' title='bbox 571 4852 737 4905; x_wconf 89' lang='lat' dir='ltr'><strong><em>etiam</em></strong></span> <span class='ocrx_word' id='word_1_578' title='bbox 768 4862 916 4902; x_wconf 90' lang='lat' dir='ltr'><strong><em>anno</em></strong></span> <span class='ocrx_word' id='word_1_579' title='bbox 955 4846 1134 4901; x_wconf 76' lang='lat' dir='ltr'><strong><em>aetatis</em></strong></span> <span class='ocrx_word' id='word_1_580' title='bbox 1162 4845 1490 4899; x_wconf 88' lang='lat' dir='ltr'><strong><em>duodecimo</em></strong></span> <span class='ocrx_word' id='word_1_581' title='bbox 1532 4842 1732 4899; x_wconf 87' lang='lat' dir='ltr'><strong><em>sedens</em></strong></span> <span class='ocrx_word' id='word_1_582' title='bbox 1781 4842 1924 4895; x_wconf 86' lang='lat' dir='ltr'><strong><em>inter</em></strong></span> 
     </span>
    </p>
   </div>
   <div class='ocr_carea' id='block_1_79' title="bbox 336 4933 1923 5006">
    <p class='ocr_par' dir='ltr' id='par_1_79' title="bbox 336 4933 1923 5006">
     <span class='ocr_line' id='line_1_79' title="bbox 336 4933 1923 5006; baseline -0.011 -4"><span class='ocrx_word' id='word_1_583' title='bbox 336 4944 655 5003; x_wconf 85' lang='lat' dir='ltr'><strong><em>sacerdotes</em></strong></span> <span class='ocrx_word' id='word_1_584' title='bbox 684 4958 749 4996; x_wconf 87' lang='lat' dir='ltr'><strong><em>ac</em></strong></span> <span class='ocrx_word' id='word_1_585' title='bbox 777 4940 1027 4995; x_wconf 85' lang='lat' dir='ltr'><strong><em>seniores</em></strong></span> <span class='ocrx_word' id='word_1_586' title='bbox 1056 4946 1306 5006; x_wconf 85' lang='lat' dir='ltr'><strong><em>repertus</em></strong></span> <span class='ocrx_word' id='word_1_587' title='bbox 1330 4945 1435 4999; x_wconf 91' lang='lat' dir='ltr'><strong><em>est,</em></strong></span> <span class='ocrx_word' id='word_1_588' title='bbox 1465 4950 1591 4989; x_wconf 87' lang='lat' dir='ltr'><strong><em>cum</em></strong></span> <span class='ocrx_word' id='word_1_589' title='bbox 1625 4949 1720 4989; x_wconf 91' lang='lat' dir='ltr'><strong><em>eos</em></strong></span> <span class='ocrx_word' id='word_1_590' title='bbox 1750 4933 1923 4985; x_wconf 83' lang='lat' dir='ltr'><strong><em>inter-</em></strong></span> 
     </span>
    </p>
   </div>
   <div class='ocr_carea' id='block_1_80' title="bbox 339 5024 1922 5110">
    <p class='ocr_par' dir='ltr' id='par_1_80' title="bbox 339 5024 1922 5110">
     <span class='ocr_line' id='line_1_80' title="bbox 339 5024 1922 5110; baseline -0.011 -17"><span class='ocrx_word' id='word_1_591' title='bbox 339 5046 586 5110; x_wconf 77' lang='lat' dir='ltr'><strong><em>rogaret,</em></strong></span> <span class='ocrx_word' id='word_1_592' title='bbox 641 5032 800 5106; x_wconf 79' lang='lat'><strong><em>155</em></strong></span> <span class='ocrx_word' id='word_1_593' title='bbox 844 5048 909 5087; x_wconf 88' lang='lat' dir='ltr'><strong><em>ac</em></strong></span> <span class='ocrx_word' id='word_1_594' title='bbox 940 5046 1065 5085; x_wconf 91' lang='lat' dir='ltr'><strong><em>cum</em></strong></span> <span class='ocrx_word' id='word_1_595' title='bbox 1113 5030 1222 5083; x_wconf 88' lang='lat' dir='ltr'><strong><em>illis</em></strong></span> <span class='ocrx_word' id='word_1_596' title='bbox 1270 5028 1614 5097; x_wconf 86' lang='lat' dir='ltr'><strong><em>inquireret:</em></strong></span> <span class='ocrx_word' id='word_1_597' title='bbox 1674 5024 1813 5078; x_wconf 88' lang='lat' dir='ltr'><strong><em>adeo</em></strong></span> <span class='ocrx_word' id='word_1_598' title='bbox 1862 5030 1922 5076; x_wconf 92' lang='lat' dir='ltr'><strong><em>ut</em></strong></span> 
     </span>
    </p>
   </div>
   <div class='ocr_carea' id='block_1_81' title="bbox 341 5116 1925 5195">
    <p class='ocr_par' dir='ltr' id='par_1_81' title="bbox 341 5116 1925 5195">
     <span class='ocr_line' id='line_1_81' title="bbox 341 5116 1925 5195; baseline -0.01 -9"><span class='ocrx_word' id='word_1_599' title='bbox 341 5134 675 5187; x_wconf 83' lang='lat' dir='ltr'><strong><em>mirarentur</em></strong></span> <span class='ocrx_word' id='word_1_600' title='bbox 731 5128 788 5181; x_wconf 87' lang='lat' dir='ltr'><strong>in</strong></span> <span class='ocrx_word' id='word_1_601' title='bbox 821 5124 988 5180; x_wconf 80' lang='lat' dir='ltr'><strong><em>verbo</em></strong></span> <span class='ocrx_word' id='word_1_602' title='bbox 1023 5125 1247 5195; x_wconf 73' lang='lat' dir='ltr'><strong><em>gratiae,</em></strong></span> <span class='ocrx_word' id='word_1_603' title='bbox 1291 5119 1436 5190; x_wconf 88' lang='lat' dir='ltr'><strong><em>quod</em></strong></span> <span class='ocrx_word' id='word_1_604' title='bbox 1486 5116 1819 5189; x_wconf 85' lang='lat' dir='ltr'><strong><em>procedebat</em></strong></span> <span class='ocrx_word' id='word_1_605' title='bbox 1857 5116 1925 5170; x_wconf 83' lang='lat' dir='ltr'><strong><em>de</em></strong></span> 
     </span>
    </p>
   </div>
   <div class='ocr_carea' id='block_1_82' title="bbox 339 5208 1922 5287">
    <p class='ocr_par' dir='ltr' id='par_1_82' title="bbox 339 5208 1922 5287">
     <span class='ocr_line' id='line_1_82' title="bbox 339 5208 1922 5287; baseline -0.011 -10"><span class='ocrx_word' id='word_1_606' title='bbox 339 5238 438 5277; x_wconf 91' lang='lat' dir='ltr'><strong><em>ore</em></strong></span> <span class='ocrx_word' id='word_1_607' title='bbox 476 5224 619 5287; x_wconf 75' lang='lat' dir='ltr'><strong><em>eius.</em></strong></span> <span class='ocrx_word' id='word_1_608' title='bbox 638 5217 758 5272; x_wconf 82' lang='lat' dir='ltr'><strong><em>Non</em></strong></span> <span class='ocrx_word' id='word_1_609' title='bbox 792 5216 900 5271; x_wconf 88' lang='lat' dir='ltr'><strong><em>hoc</em></strong></span> <span class='ocrx_word' id='word_1_610' title='bbox 926 5230 1074 5270; x_wconf 87' lang='lat' dir='ltr'><strong><em>anno</em></strong></span> <span class='ocrx_word' id='word_1_611' title='bbox 1101 5215 1325 5269; x_wconf 78' lang='lat' dir='ltr'><strong><em>demum</em></strong></span> <span class='ocrx_word' id='word_1_612' title='bbox 1358 5210 1636 5266; x_wconf 84' lang='lat' dir='ltr'><strong><em>tricesimo</em></strong></span> <span class='ocrx_word' id='word_1_613' title='bbox 1668 5208 1922 5271; x_wconf 83' lang='lat' dir='ltr'><strong><em>faciebat,</em></strong></span> 
     </span>
    </p>
   </div>
   <div class='ocr_carea' id='block_1_83' title="bbox 344 5303 1927 5379">
    <p class='ocr_par' dir='ltr' id='par_1_83' title="bbox 344 5303 1927 5379">
     <span class='ocr_line' id='line_1_83' title="bbox 344 5303 1927 5379; baseline -0.008 -11"><span class='ocrx_word' id='word_1_614' title='bbox 344 5323 406 5369; x_wconf 89' lang='lat' dir='ltr'><strong><em>ut</em></strong></span> <span class='ocrx_word' id='word_1_615' title='bbox 431 5311 615 5367; x_wconf 84' lang='lat' dir='ltr'><strong><em>dicere</em></strong></span> <span class='ocrx_word' id='word_1_616' title='bbox 653 5309 866 5379; x_wconf 86' lang='lat' dir='ltr'><strong><em>possis,</em></strong></span> <span class='ocrx_word' id='word_1_617' title='bbox 910 5323 975 5363; x_wconf 76' lang='lat' dir='ltr'><strong><em>ex</em></strong></span> <span class='ocrx_word' id='word_1_618' title='bbox 1026 5323 1136 5376; x_wconf 89' lang='lat' dir='ltr'><strong><em>quo</em></strong></span> <span class='ocrx_word' id='word_1_619' title='bbox 1162 5303 1407 5375; x_wconf 84' lang='lat' dir='ltr'><strong><em>Spiritus</em></strong></span> <span class='ocrx_word' id='word_1_620' title='bbox 1447 5303 1500 5357; x_wconf 89' lang='lat' dir='ltr'><strong>in</strong></span> <span class='ocrx_word' id='word_1_621' title='bbox 1530 5316 1655 5356; x_wconf 90' lang='lat' dir='ltr'><strong><em>eum</em></strong></span> <span class='ocrx_word' id='word_1_622' title='bbox 1700 5312 1927 5355; x_wconf 86' lang='lat' dir='ltr'><strong><em>sanctus</em></strong></span> 
     </span>
    </p>
   </div>
   <div class='ocr_carea' id='block_1_84' title="bbox 347 5390 1930 5475">
    <p class='ocr_par' dir='ltr' id='par_1_84' title="bbox 347 5390 1930 5475">
     <span class='ocr_line' id='line_1_84' title="bbox 347 5390 1930 5475; baseline -0.009 -16"><span class='ocrx_word' id='word_1_623' title='bbox 347 5407 576 5475; x_wconf 90' lang='lat' dir='ltr'><strong><em>illapsus</em></strong></span> <span class='ocrx_word' id='word_1_624' title='bbox 612 5411 720 5463; x_wconf 86' lang='lat' dir='ltr'><strong><em>est,</em></strong></span> <span class='ocrx_word' id='word_1_625' title='bbox 776 5399 1055 5453; x_wconf 88' lang='lat' dir='ltr'><strong><em>Christum</em></strong></span> <span class='ocrx_word' id='word_1_626' title='bbox 1090 5413 1211 5453; x_wconf 90' lang='lat' dir='ltr'><strong><em>esse</em></strong></span> <span class='ocrx_word' id='word_1_627' title='bbox 1245 5394 1511 5465; x_wconf 71' lang='lat' dir='ltr'><strong><em>cmpisse’;</em></strong></span> <span class='ocrx_word' id='word_1_628' title='bbox 1548 5391 1644 5448; x_wconf 88' lang='lat' dir='ltr'><strong><em>sed</em></strong></span> <span class='ocrx_word' id='word_1_629' title='bbox 1666 5406 1696 5444; x_wconf 91' lang='lat' dir='ltr'><strong><em>a</em></strong></span> <span class='ocrx_word' id='word_1_630' title='bbox 1722 5390 1930 5445; x_wconf 87' lang='lat' dir='ltr'><strong><em>duode-</em></strong></span> 
     </span>
    </p>
   </div>
   <div class='ocr_carea' id='block_1_85' title="bbox 345 5482 1895 5558">
    <p class='ocr_par' dir='ltr' id='par_1_85' title="bbox 345 5482 1895 5558">
     <span class='ocr_line' id='line_1_85' title="bbox 345 5482 1895 5558; baseline -0.009 -9"><span class='ocrx_word' id='word_1_631' title='bbox 345 5496 492 5551; x_wconf 86' lang='lat' dir='ltr'><strong><em>cimo</em></strong></span> <span class='ocrx_word' id='word_1_632' title='bbox 529 5495 741 5558; x_wconf 87' lang='lat' dir='ltr'><strong><em>statim,</em></strong></span> <span class='ocrx_word' id='word_1_633' title='bbox 771 5491 849 5546; x_wconf 91' lang='lat' dir='ltr'><strong><em>uti</em></strong></span> <span class='ocrx_word' id='word_1_634' title='bbox 882 5489 1146 5549; x_wconf 79' lang='lat' dir='ltr'><strong><em>diximus,</em></strong></span> <span class='ocrx_word' id='word_1_635' title='bbox 1174 5497 1370 5557; x_wconf 84' lang='lat' dir='ltr'><strong><em>estque</em></strong></span> <span class='ocrx_word' id='word_1_636' title='bbox 1415 5500 1447 5539; x_wconf 89' lang='lat' dir='ltr'><strong><em>a</em></strong></span> <span class='ocrx_word' id='word_1_637' title='bbox 1478 5485 1625 5539; x_wconf 86' lang='lat' dir='ltr'><strong><em>Luca</em></strong></span> <span class='ocrx_word' id='word_1_638' title='bbox 1661 5486 1716 5539; x_wconf 92' lang='lat' dir='ltr'><strong><em>in</em></strong></span> <span class='ocrx_word' id='word_1_639' title='bbox 1748 5482 1895 5536; x_wconf 77' lang='lat' dir='ltr'><strong><em>Evan</em></strong></span> 
     </span>
    </p>
   </div>
   <div class='ocr_carea' id='block_1_86' title="bbox 352 5578 1932 5659">
    <p class='ocr_par' dir='ltr' id='par_1_86' title="bbox 352 5578 1932 5659">
     <span class='ocr_line' id='line_1_86' title="bbox 352 5578 1932 5659; baseline -0.009 -19"><span class='ocrx_word' id='word_1_640' title='bbox 352 5589 492 5658; x_wconf 73' lang='lat' dir='ltr'><strong><em>geho</em></strong></span> <span class='ocrx_word' id='word_1_641' title='bbox 530 5586 806 5659; x_wconf 86' lang='lat' dir='ltr'><strong><em>proditum</em></strong></span> <span class='ocrx_word' id='word_1_642' title='bbox 831 5581 873 5636; x_wconf 81' lang='grc'><strong><em>⁸.</em></strong></span> <span class='ocrx_word' id='word_1_643' title='bbox 903 5579 1048 5646; x_wconf 89' lang='lat' dir='ltr'><strong><em>Quin</em></strong></span> <span class='ocrx_word' id='word_1_644' title='bbox 1078 5579 1242 5634; x_wconf 73' lang='lat' dir='ltr'><strong><em>etiam</em></strong></span> <span class='ocrx_word' id='word_1_645' title='bbox 1285 5578 1449 5648; x_wconf 86' lang='lat' dir='ltr'><strong><em>paulo</em></strong></span> <span class='ocrx_word' id='word_1_646' title='bbox 1495 5584 1624 5632; x_wconf 90' lang='lat' dir='ltr'><strong><em>ante</em></strong></span> <span class='ocrx_word' id='word_1_647' title='bbox 1678 5590 1803 5631; x_wconf 88' lang='lat' dir='ltr'><strong><em>cum</em></strong></span> <span class='ocrx_word' id='word_1_648' title='bbox 1825 5614 1839 5638; x_wconf 93' lang='lat'><strong><em>,</em></strong></span> <span class='ocrx_word' id='word_1_649' title='bbox 1874 5586 1932 5627; x_wconf 83' lang='lat' dir='ltr'><strong><em>ut</em></strong></span> 
     </span>
    </p>
   </div>
   <div class='ocr_carea' id='block_1_87' title="bbox 434 5732 1527 5801">
    <p class='ocr_par' dir='ltr' id='par_1_87' title="bbox 434 5732 1527 5801">
     <span class='ocr_line' id='line_1_87' title="bbox 434 5732 1527 5801; baseline -0.011 -4"><span class='ocrx_word' id='word_1_650' title='bbox 434 5741 451 5773; x_wconf 82' lang='grc'>⁸</span> <span class='ocrx_word' id='word_1_651' title='bbox 475 5740 611 5796; x_wconf 84' lang='lat' dir='ltr'><strong><em>Gen.</em></strong></span> <span class='ocrx_word' id='word_1_652' title='bbox 641 5756 771 5801; x_wconf 78' lang='lat' dir='ltr'><strong><em>xvii,</em></strong></span> <span class='ocrx_word' id='word_1_653' title='bbox 816 5740 903 5793; x_wconf 72' lang='lat' dir='ltr'><strong><em>l2.</em></strong></span> <span class='ocrx_word' id='word_1_654' title='bbox 975 5738 995 5767; x_wconf 85' lang='grc'>²</span> <span class='ocrx_word' id='word_1_655' title='bbox 1032 5732 1166 5787; x_wconf 85' lang='lat' dir='ltr'><strong><em>Cen.</em></strong></span> <span class='ocrx_word' id='word_1_656' title='bbox 1195 5748 1284 5786; x_wconf 74' lang='lat' dir='ltr'><strong><em>xv.</em></strong></span> <span class='ocrx_word' id='word_1_657' title='bbox 1316 5732 1379 5785; x_wconf 64' lang='grc' dir='ltr'><strong><em>ΡΞ</em></strong></span> <span class='ocrx_word' id='word_1_658' title='bbox 1410 5747 1527 5801; x_wconf 79' lang='lat' dir='ltr'><strong><em>sqq.</em></strong></span> 
     </span>
    </p>
   </div>
   <div class='ocr_carea' id='block_1_88' title="bbox 1607 5727 2155 5796">
    <p class='ocr_par' dir='ltr' id='par_1_88' title="bbox 1607 5727 2155 5796">
     <span class='ocr_line' id='line_1_88' title="bbox 1607 5727 2155 5796; baseline -0.016 -12"><span class='ocrx_word' id='word_1_659' title='bbox 1607 5731 1626 5761; x_wconf 84' lang='grc'><strong><em>⁸</em></strong></span> <span class='ocrx_word' id='word_1_660' title='bbox 1659 5730 1847 5783; x_wconf 78' lang='lat' dir='ltr'><strong><em>Matth.</em></strong></span> <span class='ocrx_word' id='word_1_661' title='bbox 1883 5745 1939 5790; x_wconf 91' lang='grc' dir='ltr'><strong><em>ιι,</em></strong></span> <span class='ocrx_word' id='word_1_662' title='bbox 1973 5727 2035 5780; x_wconf 66' lang='grc'><strong><em>16</em></strong></span> <span class='ocrx_word' id='word_1_663' title='bbox 2058 5743 2155 5796; x_wconf 71' lang='lat' dir='ltr'><strong><em>s-n</em></strong></span> 
     </span>
    </p>
   </div>
   <div class='ocr_carea' id='block_1_89' title="bbox 2005 3277 3587 3350">
    <p class='ocr_par' dir='ltr' id='par_1_89' title="bbox 2005 3277 3587 3350">
     <span class='ocr_line' id='line_1_89' title="bbox 2005 3277 3587 3350; baseline -0.003 -16"><span class='ocrx_word' id='word_1_664' title='bbox 2005 3283 2084 3344; x_wconf 90' lang='grc' dir='ltr'>εἰς</span> <span class='ocrx_word' id='word_1_665' title='bbox 2133 3278 2519 3350; x_wconf 82' lang='grc' dir='ltr'>Ἰερουσαλὴμ,</span> <span class='ocrx_word' id='word_1_666' title='bbox 2571 3279 2664 3331; x_wconf 72' lang='grc' dir='ltr'><strong><em>καὶ</em></strong></span> <span class='ocrx_word' id='word_1_667' title='bbox 2698 3278 3076 3349; x_wconf 74' lang='grc' dir='ltr'>ἐρωτήσαντες</span> <span class='ocrx_word' id='word_1_668' title='bbox 3108 3277 3156 3330; x_wconf 80' lang='grc' dir='ltr'>οἱ</span> <span class='ocrx_word' id='word_1_669' title='bbox 3205 3277 3358 3329; x_wconf 75' lang='grc' dir='ltr'>αὐτοὶ</span> <span class='ocrx_word' id='word_1_670' title='bbox 3400 3277 3587 3347; x_wconf 87' lang='grc' dir='ltr'>μάγοι,</span> 
     </span>
    </p>
   </div>
   <div class='ocr_carea' id='block_1_90' title="bbox 2006 3369 3592 3440">
    <p class='ocr_par' dir='ltr' id='par_1_90' title="bbox 2006 3369 3592 3440">
     <span class='ocr_line' id='line_1_90' title="bbox 2006 3369 3592 3440; baseline -0.004 -13"><span class='ocrx_word' id='word_1_671' title='bbox 2006 3375 2100 3427; x_wconf 76' lang='grc' dir='ltr'>καὶ</span> <span class='ocrx_word' id='word_1_672' title='bbox 2128 3371 2367 3440; x_wconf 84' lang='grc' dir='ltr'>γνόντες,</span> <span class='ocrx_word' id='word_1_673' title='bbox 2401 3371 2482 3423; x_wconf 75' lang='grc' dir='ltr'><strong><em>ὅτι</em></strong></span> <span class='ocrx_word' id='word_1_674' title='bbox 2507 3372 2562 3422; x_wconf 79' lang='grc' dir='ltr'>ὲν</span> <span class='ocrx_word' id='word_1_675' title='bbox 2598 3369 2843 3439; x_wconf 86' lang='grc' dir='ltr'>Βηθλεὲμ</span> <span class='ocrx_word' id='word_1_676' title='bbox 2864 3370 3097 3439; x_wconf 81' lang='grc' dir='ltr'>Χριστος</span> <span class='ocrx_word' id='word_1_677' title='bbox 3126 3369 3404 3435; x_wconf 81' lang='grc' dir='ltr'>γεννᾶται,</span> <span class='ocrx_word' id='word_1_678' title='bbox 3435 3369 3592 3439; x_wconf 77' lang='grc' dir='ltr'>ἐξῆ).-</span> 
     </span>
    </p>
   </div>
   <div class='ocr_carea' id='block_1_91' title="bbox 2008 3456 3592 3532">
    <p class='ocr_par' dir='ltr' id='par_1_91' title="bbox 2008 3456 3592 3532">
     <span class='ocr_line' id='line_1_91' title="bbox 2008 3456 3592 3532; baseline -0.003 -14"><span class='ocrx_word' id='word_1_679' title='bbox 2008 3464 2098 3518; x_wconf 91' lang='grc' dir='ltr'><strong><em>θον</em></strong></span> <span class='ocrx_word' id='word_1_680' title='bbox 2130 3462 2291 3517; x_wconf 76' lang='grc' dir='ltr'>πάλιν</span> <span class='ocrx_word' id='word_1_681' title='bbox 2324 3462 2414 3515; x_wconf 74' lang='grc' dir='ltr'>τοῦ</span> <span class='ocrx_word' id='word_1_682' title='bbox 2455 3462 2683 3529; x_wconf 77' lang='grc' dir='ltr'>ἀστέρος</span> <span class='ocrx_word' id='word_1_683' title='bbox 2717 3459 3040 3532; x_wconf 78' lang='grc' dir='ltr'>ὁδηγοῦντος</span> <span class='ocrx_word' id='word_1_684' title='bbox 3067 3460 3273 3523; x_wconf 80' lang='grc' dir='ltr'>αὐτοῖς,</span> <span class='ocrx_word' id='word_1_685' title='bbox 3308 3462 3402 3513; x_wconf 69' lang='grc' dir='ltr'><strong><em>καὶ</em></strong></span> <span class='ocrx_word' id='word_1_686' title='bbox 3428 3456 3592 3531; x_wconf 76' lang='grc' dir='ltr'>ἦλθον</span> 
     </span>
    </p>
   </div>
   <div class='ocr_carea' id='block_1_92' title="bbox 2009 3548 3595 3626">
    <p class='ocr_par' dir='ltr' id='par_1_92' title="bbox 2009 3548 3595 3626">
     <span class='ocr_line' id='line_1_92' title="bbox 2009 3548 3595 3626; baseline -0.003 -16"><span class='ocrx_word' id='word_1_687' title='bbox 2009 3556 2117 3610; x_wconf 78' lang='grc' dir='ltr'><strong><em>ἀπὸ</em></strong></span> <span class='ocrx_word' id='word_1_688' title='bbox 2152 3554 2544 3626; x_wconf 83' lang='grc' dir='ltr'>Ἱεροσολύμων</span> <span class='ocrx_word' id='word_1_689' title='bbox 2571 3554 2650 3616; x_wconf 77' lang='grc' dir='ltr'>εἰς</span> <span class='ocrx_word' id='word_1_690' title='bbox 2690 3553 2958 3624; x_wconf 84' lang='grc' dir='ltr'>Βηθλεέμ.</span> <span class='ocrx_word' id='word_1_691' title='bbox 2993 3554 3104 3606; x_wconf 75' lang='grc' dir='ltr'><strong><em>Καὶ</em></strong></span> <span class='ocrx_word' id='word_1_692' title='bbox 3142 3552 3476 3616; x_wconf 70' lang='grc' dir='ltr'>εἰσελθόντες</span> <span class='ocrx_word' id='word_1_693' title='bbox 3504 3548 3595 3608; x_wconf 71' lang='grc' dir='ltr'>εὖ·</span> 
     </span>
    </p>
   </div>
   <div class='ocr_carea' id='block_1_93' title="bbox 2014 3646 3596 3722">
    <p class='ocr_par' dir='ltr' id='par_1_93' title="bbox 2014 3646 3596 3722">
     <span class='ocr_line' id='line_1_93' title="bbox 2014 3646 3596 3722; baseline -0.003 -18"><span class='ocrx_word' id='word_1_694' title='bbox 2014 3667 2104 3722; x_wconf 89' lang='grc' dir='ltr'><strong><em>ρον</em></strong></span> <span class='ocrx_word' id='word_1_695' title='bbox 2153 3648 2314 3701; x_wconf 76' lang='grc' dir='ltr'>αὐτὸν</span> <span class='ocrx_word' id='word_1_696' title='bbox 2366 3646 2505 3718; x_wconf 76' lang='grc' dir='ltr'>μετὰ</span> <span class='ocrx_word' id='word_1_697' title='bbox 2558 3646 2657 3716; x_wconf 77' lang='grc' dir='ltr'>τῆς</span> <span class='ocrx_word' id='word_1_698' title='bbox 2724 3646 2932 3717; x_wconf 78' lang='grc' dir='ltr'>μητρὸς</span> <span class='ocrx_word' id='word_1_699' title='bbox 2979 3646 3145 3699; x_wconf 79' lang='grc' dir='ltr'>αὑτοῦ</span> <span class='ocrx_word' id='word_1_700' title='bbox 3194 3647 3445 3718; x_wconf 71' lang='grc' dir='ltr'>Μαρίας-⁸</span> <span class='ocrx_word' id='word_1_701' title='bbox 3498 3650 3596 3701; x_wconf 70' lang='grc' dir='ltr'>καὶ</span> 
     </span>
    </p>
   </div>
   <div class='ocr_carea' id='block_1_94' title="bbox 2012 3737 3597 3813">
    <p class='ocr_par' dir='ltr' id='par_1_94' title="bbox 2012 3737 3597 3813">
     <span class='ocr_line' id='line_1_94' title="bbox 2012 3737 3597 3813; baseline -0.004 -17"><span class='ocrx_word' id='word_1_702' title='bbox 2012 3742 2270 3804; x_wconf 80' lang='grc' dir='ltr'>πεσόντες</span> <span class='ocrx_word' id='word_1_703' title='bbox 2314 3739 2732 3813; x_wconf 78' lang='grc' dir='ltr'>προσεκύνησαν</span> <span class='ocrx_word' id='word_1_704' title='bbox 2768 3737 2937 3809; x_wconf 72' lang='grc' dir='ltr'>αὐτῷ,</span> <span class='ocrx_word' id='word_1_705' title='bbox 2977 3740 3072 3792; x_wconf 77' lang='grc' dir='ltr'><strong><em>καὶ</em></strong></span> <span class='ocrx_word' id='word_1_706' title='bbox 3113 3740 3493 3810; x_wconf 82' lang='grc' dir='ltr'>προσήνεγκαν</span> <span class='ocrx_word' id='word_1_707' title='bbox 3523 3738 3597 3790; x_wconf 77' lang='grc' dir='ltr'>τὰ</span> 
     </span>
    </p>
   </div>
   <div class='ocr_carea' id='block_1_95' title="bbox 2010 3831 3599 3905">
    <p class='ocr_par' dir='ltr' id='par_1_95' title="bbox 2010 3831 3599 3905">
     <span class='ocr_line' id='line_1_95' title="bbox 2010 3831 3599 3905; baseline -0.001 -18"><span class='ocrx_word' id='word_1_708' title='bbox 2010 3835 2178 3905; x_wconf 83' lang='grc' dir='ltr'>δῶρα.</span> <span class='ocrx_word' id='word_1_709' title='bbox 2207 3835 2269 3886; x_wconf 81' lang='grc' dir='ltr'><strong><em>ΕΞ</em></strong></span> <span class='ocrx_word' id='word_1_710' title='bbox 2304 3832 2483 3885; x_wconf 82' lang='grc' dir='ltr'>τοίνυν</span> <span class='ocrx_word' id='word_1_711' title='bbox 2512 3832 2672 3895; x_wconf 63' lang='grc' dir='ltr'>εὐθὺς</span> <span class='ocrx_word' id='word_1_712' title='bbox 2697 3833 3104 3901; x_wconf 69' lang='grc' dir='ltr'>προσκυνεῖται,</span> <span class='ocrx_word' id='word_1_713' title='bbox 3135 3832 3193 3884; x_wconf 77' lang='grc' dir='ltr'><strong><em>οὐ</em></strong></span> <span class='ocrx_word' id='word_1_714' title='bbox 3212 3831 3366 3901; x_wconf 61' lang='grc' dir='ltr'>ψιλὸς</span> <span class='ocrx_word' id='word_1_715' title='bbox 3386 3832 3599 3904; x_wconf 82' lang='grc' dir='ltr'>ἄνθρω-</span> 
     </span>
    </p>
   </div>
   <div class='ocr_carea' id='block_1_96' title="bbox 2013 3923 3599 3996">
    <p class='ocr_par' dir='ltr' id='par_1_96' title="bbox 2013 3923 3599 3996">
     <span class='ocr_line' id='line_1_96' title="bbox 2013 3923 3599 3996; baseline -0.001 -17"><span class='ocrx_word' id='word_1_716' title='bbox 2013 3944 2114 3989; x_wconf 87' lang='grc' dir='ltr'><strong><em>πος</em></strong></span> <span class='ocrx_word' id='word_1_717' title='bbox 2138 3929 2166 3978; x_wconf 89' lang='grc' dir='ltr'>ὁ</span> <span class='ocrx_word' id='word_1_718' title='bbox 2199 3924 2503 3994; x_wconf 72' lang='grc' dir='ltr'>γεννηθεὶς,</span> <span class='ocrx_word' id='word_1_719' title='bbox 2545 3924 2682 3976; x_wconf 86' lang='grc' dir='ltr'><strong><em>ἀλλά</em></strong></span> <span class='ocrx_word' id='word_1_720' title='bbox 2712 3924 2844 3987; x_wconf 87' lang='grc' dir='ltr'>Θεός</span> <span class='ocrx_word' id='word_1_721' title='bbox 2863 3941 2875 3953; x_wconf 89' lang='grc'><strong>·</strong></span> <span class='ocrx_word' id='word_1_722' title='bbox 2911 3924 3006 3977; x_wconf 68' lang='grc' dir='ltr'><strong><em>καὶ</em></strong></span> <span class='ocrx_word' id='word_1_723' title='bbox 3037 3925 3099 3976; x_wconf 77' lang='grc' dir='ltr'>οὐ</span> <span class='ocrx_word' id='word_1_724' title='bbox 3139 3923 3277 3995; x_wconf 85' lang='grc' dir='ltr'><strong><em>μετά</em></strong></span> <span class='ocrx_word' id='word_1_725' title='bbox 3302 3925 3599 3996; x_wconf 85' lang='grc' dir='ltr'>τριάκοντα</span> 
     </span>
    </p>
   </div>
   <div class='ocr_carea' id='block_1_97' title="bbox 2014 4013 3600 4087">
    <p class='ocr_par' dir='ltr' id='par_1_97' title="bbox 2014 4013 3600 4087">
     <span class='ocr_line' id='line_1_97' title="bbox 2014 4013 3600 4087; baseline -0.001 -19"><span class='ocrx_word' id='word_1_726' title='bbox 2014 4017 2133 4087; x_wconf 75' lang='grc' dir='ltr'>ἐτη,</span> <span class='ocrx_word' id='word_1_727' title='bbox 2162 4017 2255 4069; x_wconf 74' lang='grc' dir='ltr'>καὶ</span> <span class='ocrx_word' id='word_1_728' title='bbox 2280 4016 2340 4068; x_wconf 79' lang='grc' dir='ltr'><strong><em>οὑ</em></strong></span> <span class='ocrx_word' id='word_1_729' title='bbox 2372 4013 2510 4085; x_wconf 83' lang='grc' dir='ltr'>μετὰ</span> <span class='ocrx_word' id='word_1_730' title='bbox 2542 4015 2603 4066; x_wconf 85' lang='grc' dir='ltr'><strong><em>τὸ</em></strong></span> <span class='ocrx_word' id='word_1_731' title='bbox 2634 4015 2919 4085; x_wconf 77' lang='grc' dir='ltr'>βάπτισμα</span> <span class='ocrx_word' id='word_1_732' title='bbox 2948 4014 3180 4083; x_wconf 84' lang='grc' dir='ltr'>Χριστὸς</span> <span class='ocrx_word' id='word_1_733' title='bbox 3214 4015 3438 4084; x_wconf 84' lang='grc' dir='ltr'>γίνεται,</span> <span class='ocrx_word' id='word_1_734' title='bbox 3462 4014 3600 4067; x_wconf 82' lang='grc' dir='ltr'><strong><em>ἀλλά</em></strong></span> 
     </span>
    </p>
   </div>
   <div class='ocr_carea' id='block_1_98' title="bbox 2015 4106 3599 4179">
    <p class='ocr_par' dir='ltr' id='par_1_98' title="bbox 2015 4106 3599 4179">
     <span class='ocr_line' id='line_1_98' title="bbox 2015 4106 3599 4179; baseline -0.001 -18"><span class='ocrx_word' id='word_1_735' title='bbox 2015 4108 2176 4171; x_wconf 72' lang='grc' dir='ltr'>εὐθὺς</span> <span class='ocrx_word' id='word_1_736' title='bbox 2210 4107 2441 4178; x_wconf 70' lang='grc' dir='ltr'>Χριστὸς</span> <span class='ocrx_word' id='word_1_737' title='bbox 2477 4107 2741 4176; x_wconf 73' lang='grc' dir='ltr'>ἐγεννήθη</span> <span class='ocrx_word' id='word_1_738' title='bbox 2780 4107 2887 4159; x_wconf 78' lang='grc' dir='ltr'><strong><em>ἀπὸ</em></strong></span> <span class='ocrx_word' id='word_1_739' title='bbox 2908 4107 3128 4179; x_wconf 85' lang='grc' dir='ltr'>Μαρίας</span> <span class='ocrx_word' id='word_1_740' title='bbox 3157 4107 3435 4179; x_wconf 81' lang='grc' dir='ltr'>Παρθένου</span> <span class='ocrx_word' id='word_1_741' title='bbox 3465 4106 3599 4172; x_wconf 81' lang='grc' dir='ltr'>Θεὸς</span> 
     </span>
    </p>
   </div>
   <div class='ocr_carea' id='block_1_99' title="bbox 2017 4198 3600 4271">
    <p class='ocr_par' dir='ltr' id='par_1_99' title="bbox 2017 4198 3600 4271">
     <span class='ocr_line' id='line_1_99' title="bbox 2017 4198 3600 4271; baseline -0.001 -17"><span class='ocrx_word' id='word_1_742' title='bbox 2017 4201 2112 4254; x_wconf 71' lang='grc' dir='ltr'>καὶ</span> <span class='ocrx_word' id='word_1_743' title='bbox 2162 4200 2469 4271; x_wconf 81' lang='grc' dir='ltr'>ἅνθρωπος.</span> <span class='ocrx_word' id='word_1_744' title='bbox 2517 4200 2611 4252; x_wconf 81' lang='grc' dir='ltr'>Διὸ</span> <span class='ocrx_word' id='word_1_745' title='bbox 2653 4200 2744 4252; x_wconf 74' lang='grc' dir='ltr'>καὶ</span> <span class='ocrx_word' id='word_1_746' title='bbox 2779 4202 2826 4252; x_wconf 91' lang='grc' dir='ltr'>οἱ</span> <span class='ocrx_word' id='word_1_747' title='bbox 2872 4198 3092 4269; x_wconf 79' lang='grc' dir='ltr'>ἄγγελοι</span> <span class='ocrx_word' id='word_1_748' title='bbox 3142 4200 3304 4264; x_wconf 74' lang='grc' dir='ltr'>εὐθὺς</span> <span class='ocrx_word' id='word_1_749' title='bbox 3348 4200 3600 4271; x_wconf 79' lang='grc' dir='ltr'>ὑμνοῦσι,</span> 
     </span>
    </p>
   </div>
   <div class='ocr_carea' id='block_1_100' title="bbox 2016 4291 3603 4364">
    <p class='ocr_par' dir='ltr' id='par_1_100' title="bbox 2016 4291 3603 4364">
     <span class='ocr_line' id='line_1_100' title="bbox 2016 4291 3603 4364; baseline 0.009 -19"><span class='ocrx_word' id='word_1_750' title='bbox 2016 4294 2300 4361; x_wconf 85' lang='grc' dir='ltr'>λέγοντες·</span> <span class='ocrx_word' id='word_1_751' title='bbox 2349 4293 2507 4357; x_wconf 80' lang='grc' dir='ltr'>Δόξα</span> <span class='ocrx_word' id='word_1_752' title='bbox 2556 4293 2626 4345; x_wconf 80' lang='grc' dir='ltr'>ἐν</span> <span class='ocrx_word' id='word_1_753' title='bbox 2665 4293 2950 4360; x_wconf 71' lang='grc' dir='ltr'>ὑψίστοις</span> <span class='ocrx_word' id='word_1_754' title='bbox 3002 4291 3152 4358; x_wconf 80' lang='grc' dir='ltr'><strong><em>Θεῷ.</em></strong></span> <span class='ocrx_word' id='word_1_755' title='bbox 3206 4295 3305 4348; x_wconf 69' lang='grc' dir='ltr'><strong><em>καὶ</em></strong></span> <span class='ocrx_word' id='word_1_756' title='bbox 3357 4294 3454 4357; x_wconf 66' lang='grc' dir='ltr'><strong><em>ἐπὶ</em></strong></span> <span class='ocrx_word' id='word_1_757' title='bbox 3489 4294 3603 4364; x_wconf 76' lang='grc' dir='ltr'>γῆς</span> 
     </span>
    </p>
   </div>
   <div class='ocr_carea' id='block_1_101' title="bbox 2017 4383 3603 4454">
    <p class='ocr_par' dir='ltr' id='par_1_101' title="bbox 2017 4383 3603 4454">
     <span class='ocr_line' id='line_1_101' title="bbox 2017 4383 3603 4454; baseline 0 -15"><span class='ocrx_word' id='word_1_758' title='bbox 2017 4386 2249 4453; x_wconf 70' lang='grc' dir='ltr'>εἰρήνη,</span> <span class='ocrx_word' id='word_1_759' title='bbox 2275 4386 2345 4437; x_wconf 69' lang='grc' dir='ltr'>ἐν</span> <span class='ocrx_word' id='word_1_760' title='bbox 2372 4383 2703 4453; x_wconf 78' lang='grc' dir='ltr'>ἀνθρώποις</span> <span class='ocrx_word' id='word_1_761' title='bbox 2726 4383 2989 4437; x_wconf 77' lang='grc' dir='ltr'>εὐδοκία.</span> <span class='ocrx_word' id='word_1_762' title='bbox 3022 4385 3130 4437; x_wconf 68' lang='grc' dir='ltr'><strong><em>Καὶ</em></strong></span> <span class='ocrx_word' id='word_1_763' title='bbox 3161 4384 3603 4454; x_wconf 69' lang='grc' dir='ltr'>εὐαγγελίζονται</span> 
     </span>
    </p>
   </div>
   <div class='ocr_carea' id='block_1_102' title="bbox 2018 4475 3604 4548">
    <p class='ocr_par' dir='ltr' id='par_1_102' title="bbox 2018 4475 3604 4548">
     <span class='ocr_line' id='line_1_102' title="bbox 2018 4475 3604 4548; baseline -0.001 -18"><span class='ocrx_word' id='word_1_764' title='bbox 2018 4481 2143 4542; x_wconf 73' lang='grc' dir='ltr'>τοὶς</span> <span class='ocrx_word' id='word_1_765' title='bbox 2173 4478 2455 4548; x_wconf 80' lang='grc' dir='ltr'>ποιμένας,</span> <span class='ocrx_word' id='word_1_766' title='bbox 2490 4475 2743 4545; x_wconf 86' lang='grc' dir='ltr'>λέγοντες</span> <span class='ocrx_word' id='word_1_767' title='bbox 2762 4493 2775 4506; x_wconf 91' lang='grc'><strong>·</strong></span> <span class='ocrx_word' id='word_1_768' title='bbox 2823 4476 3151 4544; x_wconf 75' lang='grc' dir='ltr'><strong><em>Ἐγεννήθη</em></strong></span> <span class='ocrx_word' id='word_1_769' title='bbox 3183 4475 3328 4545; x_wconf 77' lang='grc' dir='ltr'>ἡμῖν</span> <span class='ocrx_word' id='word_1_770' title='bbox 3350 4476 3604 4544; x_wconf 79' lang='grc' dir='ltr'>Χριστὸς</span> 
     </span>
    </p>
   </div>
   <div class='ocr_carea' id='block_1_103' title="bbox 2020 4565 3604 4638">
    <p class='ocr_par' dir='ltr' id='par_1_103' title="bbox 2020 4565 3604 4638">
     <span class='ocr_line' id='line_1_103' title="bbox 2020 4565 3604 4638; baseline -0.001 -16"><span class='ocrx_word' id='word_1_771' title='bbox 2020 4571 2235 4635; x_wconf 73' lang='grc' dir='ltr'>Κύριος</span> <span class='ocrx_word' id='word_1_772' title='bbox 2276 4568 2545 4638; x_wconf 73' lang='grc' dir='ltr'>σήμερον</span> <span class='ocrx_word' id='word_1_773' title='bbox 2591 4568 2662 4621; x_wconf 80' lang='grc' dir='ltr'><strong><em>ἐν</em></strong></span> <span class='ocrx_word' id='word_1_774' title='bbox 2703 4568 2879 4620; x_wconf 77' lang='grc' dir='ltr'>πόλει</span> <span class='ocrx_word' id='word_1_775' title='bbox 2925 4565 3121 4620; x_wconf 78' lang='grc' dir='ltr'><strong><em>Δαΰίὸ.</em></strong></span> <span class='ocrx_word' id='word_1_776' title='bbox 3174 4568 3284 4620; x_wconf 81' lang='grc' dir='ltr'>Καὶ</span> <span class='ocrx_word' id='word_1_777' title='bbox 3326 4568 3387 4620; x_wconf 80' lang='grc' dir='ltr'><strong><em>οὐ</em></strong></span> <span class='ocrx_word' id='word_1_778' title='bbox 3444 4567 3604 4635; x_wconf 83' lang='grc' dir='ltr'>μόνον</span> 
     </span>
    </p>
   </div>
   <div class='ocr_carea' id='block_1_104' title="bbox 2021 4654 3605 4731">
    <p class='ocr_par' dir='ltr' id='par_1_104' title="bbox 2021 4654 3605 4731">
     <span class='ocr_line' id='line_1_104' title="bbox 2021 4654 3605 4731; baseline -0.003 -17"><span class='ocrx_word' id='word_1_779' title='bbox 2021 4663 2194 4725; x_wconf 70' lang='grc' dir='ltr'>τοῦτο,</span> <span class='ocrx_word' id='word_1_780' title='bbox 2220 4654 2264 4714; x_wconf 81' lang='grc' dir='ltr'>ὧ</span> <span class='ocrx_word' id='word_1_781' title='bbox 2294 4661 2616 4731; x_wconf 80' lang='grc' dir='ltr'>ὴπατημένε</span> <span class='ocrx_word' id='word_1_782' title='bbox 2653 4658 2864 4721; x_wconf 80' lang='grc' dir='ltr'>Ἐϐίων,</span> <span class='ocrx_word' id='word_1_783' title='bbox 2893 4659 3187 4722; x_wconf 83' lang='grc' dir='ltr'>δείκνυται,</span> <span class='ocrx_word' id='word_1_784' title='bbox 3215 4658 3349 4711; x_wconf 82' lang='grc' dir='ltr'><strong><em>ἀλλά</em></strong></span> <span class='ocrx_word' id='word_1_785' title='bbox 3376 4658 3471 4711; x_wconf 80' lang='grc' dir='ltr'><strong><em>καὶ</em></strong></span> <span class='ocrx_word' id='word_1_786' title='bbox 3497 4659 3605 4711; x_wconf 84' lang='grc' dir='ltr'><strong><em>ἀπὸ</em></strong></span> 
     </span>
    </p>
   </div>
   <div class='ocr_carea' id='block_1_105' title="bbox 2022 4748 3606 4823">
    <p class='ocr_par' dir='ltr' id='par_1_105' title="bbox 2022 4748 3606 4823">
     <span class='ocr_line' id='line_1_105' title="bbox 2022 4748 3606 4823; baseline -0.004 -17"><span class='ocrx_word' id='word_1_787' title='bbox 2022 4749 2387 4815; x_wconf 75' lang='grc' dir='ltr'>δωδεκαετοῦς</span> <span class='ocrx_word' id='word_1_788' title='bbox 2434 4750 2749 4823; x_wconf 80' lang='grc' dir='ltr'>εὑρίσκεται</span> <span class='ocrx_word' id='word_1_789' title='bbox 2808 4748 3118 4820; x_wconf 77' lang='grc' dir='ltr'>καθήμενος</span> <span class='ocrx_word' id='word_1_790' title='bbox 3170 4749 3440 4819; x_wconf 76' lang='grc' dir='ltr'>ἀναμέτον</span> <span class='ocrx_word' id='word_1_791' title='bbox 3496 4748 3606 4800; x_wconf 88' lang='grc' dir='ltr'><strong><em>τῶν</em></strong></span> 
     </span>
    </p>
   </div>
   <div class='ocr_carea' id='block_1_106' title="bbox 2028 4839 3606 4915">
    <p class='ocr_par' dir='ltr' id='par_1_106' title="bbox 2028 4839 3606 4915">
     <span class='ocr_line' id='line_1_106' title="bbox 2028 4839 3606 4915; baseline -0.003 -20"><span class='ocrx_word' id='word_1_792' title='bbox 2028 4844 2215 4915; x_wconf 78' lang='grc' dir='ltr'>ἱερέων</span> <span class='ocrx_word' id='word_1_793' title='bbox 2246 4843 2338 4897; x_wconf 71' lang='grc' dir='ltr'><strong><em>καὶ</em></strong></span> <span class='ocrx_word' id='word_1_794' title='bbox 2372 4841 2779 4914; x_wconf 74' lang='grc' dir='ltr'>πρεσϐυτέρων,</span> <span class='ocrx_word' id='word_1_795' title='bbox 2811 4841 3029 4912; x_wconf 84' lang='grc' dir='ltr'>ἐρωτῶν</span> <span class='ocrx_word' id='word_1_796' title='bbox 3048 4840 3263 4903; x_wconf 63' lang='grc' dir='ltr'>αὐτοὺς,</span> <span class='ocrx_word' id='word_1_797' title='bbox 3301 4840 3395 4893; x_wconf 75' lang='grc' dir='ltr'>καὶ</span> <span class='ocrx_word' id='word_1_798' title='bbox 3427 4839 3606 4911; x_wconf 75' lang='grc' dir='ltr'>ζητῶν</span> 
     </span>
    </p>
   </div>
   <div class='ocr_carea' id='block_1_107' title="bbox 2029 4931 3608 5006">
    <p class='ocr_par' dir='ltr' id='par_1_107' title="bbox 2029 4931 3608 5006">
     <span class='ocr_line' id='line_1_107' title="bbox 2029 4931 3608 5006; baseline -0.003 -16"><span class='ocrx_word' id='word_1_799' title='bbox 2029 4937 2143 5006; x_wconf 82' lang='grc' dir='ltr'>μετ’</span> <span class='ocrx_word' id='word_1_800' title='bbox 2178 4934 2357 4990; x_wconf 77' lang='grc' dir='ltr'>αὐτῶν</span> <span class='ocrx_word' id='word_1_801' title='bbox 2379 4955 2394 4968; x_wconf 89' lang='grc'><strong>·</strong></span> <span class='ocrx_word' id='word_1_802' title='bbox 2419 4935 2513 4988; x_wconf 74' lang='grc' dir='ltr'>καὶ</span> <span class='ocrx_word' id='word_1_803' title='bbox 2546 4933 2935 4998; x_wconf 82' lang='grc' dir='ltr'>ἐξεπλάττοντο</span> <span class='ocrx_word' id='word_1_804' title='bbox 2963 4934 3055 4986; x_wconf 71' lang='grc' dir='ltr'><strong><em>ἐπὶ</em></strong></span> <span class='ocrx_word' id='word_1_805' title='bbox 3085 4931 3164 5000; x_wconf 85' lang='grc' dir='ltr'>τῷ</span> <span class='ocrx_word' id='word_1_806' title='bbox 3205 4932 3348 5002; x_wconf 85' lang='grc' dir='ltr'>λόγῳ</span> <span class='ocrx_word' id='word_1_807' title='bbox 3376 4934 3475 5003; x_wconf 77' lang='grc' dir='ltr'>τῆς</span> <span class='ocrx_word' id='word_1_808' title='bbox 3507 4932 3608 5002; x_wconf 78' lang='grc' dir='ltr'>χά-</span> 
     </span>
    </p>
   </div>
   <div class='ocr_carea' id='block_1_108' title="bbox 2031 5022 3607 5100">
    <p class='ocr_par' dir='ltr' id='par_1_108' title="bbox 2031 5022 3607 5100">
     <span class='ocr_line' id='line_1_108' title="bbox 2031 5022 3607 5100; baseline -0.004 -18"><span class='ocrx_word' id='word_1_809' title='bbox 2031 5045 2196 5100; x_wconf 85' lang='grc' dir='ltr'>ριτος,</span> <span class='ocrx_word' id='word_1_810' title='bbox 2218 5028 2298 5099; x_wconf 84' lang='grc' dir='ltr'><strong><em>τῷ</em></strong></span> <span class='ocrx_word' id='word_1_811' title='bbox 2321 5026 2738 5099; x_wconf 75' lang='grc' dir='ltr'>ἐκπορευομένῳ</span> <span class='ocrx_word' id='word_1_812' title='bbox 2766 5027 2830 5078; x_wconf 83' lang='grc' dir='ltr'><strong><em>ὲκ</em></strong></span> <span class='ocrx_word' id='word_1_813' title='bbox 2861 5025 2956 5077; x_wconf 77' lang='grc' dir='ltr'>τοῦ</span> <span class='ocrx_word' id='word_1_814' title='bbox 2986 5025 3251 5096; x_wconf 80' lang='grc' dir='ltr'>στόματος</span> <span class='ocrx_word' id='word_1_815' title='bbox 3281 5022 3464 5077; x_wconf 76' lang='grc' dir='ltr'>αὑτοῦ.</span> <span class='ocrx_word' id='word_1_816' title='bbox 3497 5024 3607 5076; x_wconf 76' lang='grc' dir='ltr'>Καὶ</span> 
     </span>
    </p>
   </div>
   <div class='ocr_carea' id='block_1_109' title="bbox 2026 5114 3607 5189">
    <p class='ocr_par' dir='ltr' id='par_1_109' title="bbox 2026 5114 3607 5189">
     <span class='ocr_line' id='line_1_109' title="bbox 2026 5114 3607 5189; baseline -0.004 -17"><span class='ocrx_word' id='word_1_817' title='bbox 2026 5120 2148 5189; x_wconf 70' lang='grc' dir='ltr'>οὐχὶ</span> <span class='ocrx_word' id='word_1_818' title='bbox 2177 5119 2315 5189; x_wconf 87' lang='grc' dir='ltr'><strong><em>μετά</em></strong></span> <span class='ocrx_word' id='word_1_819' title='bbox 2342 5119 2402 5171; x_wconf 82' lang='grc' dir='ltr'><strong><em>τὸ</em></strong></span> <span class='ocrx_word' id='word_1_820' title='bbox 2428 5119 2748 5189; x_wconf 80' lang='grc' dir='ltr'>τριακοστὸν</span> <span class='ocrx_word' id='word_1_821' title='bbox 2772 5117 2890 5181; x_wconf 76' lang='grc' dir='ltr'>ἔτος</span> <span class='ocrx_word' id='word_1_822' title='bbox 2918 5117 3091 5169; x_wconf 82' lang='grc' dir='ltr'>ἐποίει</span> <span class='ocrx_word' id='word_1_823' title='bbox 3117 5116 3293 5179; x_wconf 79' lang='grc' dir='ltr'>τοῦτο,</span> <span class='ocrx_word' id='word_1_824' title='bbox 3317 5117 3405 5168; x_wconf 79' lang='grc' dir='ltr'>ἵνα</span> <span class='ocrx_word' id='word_1_825' title='bbox 3422 5114 3607 5186; x_wconf 76' lang='grc' dir='ltr'>εἴπῃς,</span> 
     </span>
    </p>
   </div>
   <div class='ocr_carea' id='block_1_110' title="bbox 2028 5202 3610 5278">
    <p class='ocr_par' dir='ltr' id='par_1_110' title="bbox 2028 5202 3610 5278">
     <span class='ocr_line' id='line_1_110' title="bbox 2028 5202 3610 5278; baseline -0.004 -17"><span class='ocrx_word' id='word_1_826' title='bbox 2028 5210 2132 5273; x_wconf 83' lang='grc' dir='ltr'>ὅτι,</span> <span class='ocrx_word' id='word_1_827' title='bbox 2157 5209 2252 5277; x_wconf 83' lang='grc' dir='ltr'><strong><em>ἀφ’</em></strong></span> <span class='ocrx_word' id='word_1_828' title='bbox 2284 5203 2346 5262; x_wconf 74' lang='grc' dir='ltr'>οὗ</span> <span class='ocrx_word' id='word_1_829' title='bbox 2373 5203 2505 5278; x_wconf 82' lang='grc' dir='ltr'>ἦλθε</span> <span class='ocrx_word' id='word_1_830' title='bbox 2543 5207 2604 5259; x_wconf 80' lang='grc' dir='ltr'>τὸ</span> <span class='ocrx_word' id='word_1_831' title='bbox 2634 5206 2858 5277; x_wconf 78' lang='grc' dir='ltr'>Πνεῦμα</span> <span class='ocrx_word' id='word_1_832' title='bbox 2892 5207 2971 5268; x_wconf 84' lang='grc' dir='ltr'>εἰς</span> <span class='ocrx_word' id='word_1_833' title='bbox 3012 5204 3193 5266; x_wconf 76' lang='grc' dir='ltr'>αὑτὸν,</span> <span class='ocrx_word' id='word_1_834' title='bbox 3227 5203 3460 5274; x_wconf 83' lang='grc' dir='ltr'>Χριστὸς</span> <span class='ocrx_word' id='word_1_835' title='bbox 3488 5202 3610 5270; x_wconf 60' lang='grc' dir='ltr'>ἐγέση</span> 
     </span>
    </p>
   </div>
   <div class='ocr_carea' id='block_1_111' title="bbox 2029 5290 3612 5363">
    <p class='ocr_par' dir='ltr' id='par_1_111' title="bbox 2029 5290 3612 5363">
     <span class='ocr_line' id='line_1_111' title="bbox 2029 5290 3612 5363; baseline -0.006 -11"><span class='ocrx_word' id='word_1_836' title='bbox 2029 5316 2171 5362; x_wconf 88' lang='grc' dir='ltr'>νετο,</span> <span class='ocrx_word' id='word_1_837' title='bbox 2200 5297 2336 5351; x_wconf 80' lang='grc' dir='ltr'>ἀλλὰ</span> <span class='ocrx_word' id='word_1_838' title='bbox 2366 5297 2528 5359; x_wconf 80' lang='grc' dir='ltr'>εὐθὺς</span> <span class='ocrx_word' id='word_1_839' title='bbox 2560 5295 2669 5349; x_wconf 78' lang='grc' dir='ltr'>ἀπὸ</span> <span class='ocrx_word' id='word_1_840' title='bbox 2697 5294 3082 5357; x_wconf 81' lang='grc' dir='ltr'>δωδεκαετοῦς,</span> <span class='ocrx_word' id='word_1_841' title='bbox 3111 5293 3183 5357; x_wconf 84' lang='grc' dir='ltr'><strong><em>ὡς</em></strong></span> <span class='ocrx_word' id='word_1_842' title='bbox 3218 5294 3497 5363; x_wconf 80' lang='grc' dir='ltr'>προεῖπον,</span> <span class='ocrx_word' id='word_1_843' title='bbox 3532 5290 3612 5353; x_wconf 80' lang='grc' dir='ltr'>ὡς</span> 
     </span>
    </p>
   </div>
   <div class='ocr_carea' id='block_1_112' title="bbox 2029 5379 3611 5463">
    <p class='ocr_par' dir='ltr' id='par_1_112' title="bbox 2029 5379 3611 5463">
     <span class='ocr_line' id='line_1_112' title="bbox 2029 5379 3611 5463; baseline -0.006 -20"><span class='ocrx_word' id='word_1_844' title='bbox 2029 5392 2341 5463; x_wconf 84' lang='grc' dir='ltr'>γέγραπται</span> <span class='ocrx_word' id='word_1_845' title='bbox 2371 5391 2428 5444; x_wconf 81' lang='grc' dir='ltr'>ἐν</span> <span class='ocrx_word' id='word_1_846' title='bbox 2478 5386 2555 5458; x_wconf 83' lang='grc' dir='ltr'>τῷ</span> <span class='ocrx_word' id='word_1_847' title='bbox 2602 5387 2742 5441; x_wconf 87' lang='grc' dir='ltr'><strong><em>κατά</em></strong></span> <span class='ocrx_word' id='word_1_848' title='bbox 2782 5388 2999 5440; x_wconf 78' lang='grc' dir='ltr'>Λουκᾶν</span> <span class='ocrx_word' id='word_1_849' title='bbox 3044 5382 3382 5452; x_wconf 65' lang='grc' dir='ltr'>Εὑαγγελίῳ.</span> <span class='ocrx_word' id='word_1_850' title='bbox 3448 5379 3611 5434; x_wconf 83' lang='grc' dir='ltr'><strong><em>Ἀλλά</em></strong></span> 
     </span>
    </p>
   </div>
   <div class='ocr_carea' id='block_1_113' title="bbox 2032 5473 3619 5551">
    <p class='ocr_par' dir='ltr' id='par_1_113' title="bbox 2032 5473 3619 5551">
     <span class='ocr_line' id='line_1_113' title="bbox 2032 5473 3619 5551; baseline -0.008 -14"><span class='ocrx_word' id='word_1_851' title='bbox 2032 5484 2125 5537; x_wconf 72' lang='grc' dir='ltr'><strong><em>καὶ</em></strong></span> <span class='ocrx_word' id='word_1_852' title='bbox 2165 5481 2245 5535; x_wconf 77' lang='grc' dir='ltr'>ἔτι.</span> <span class='ocrx_word' id='word_1_853' title='bbox 2282 5480 2561 5551; x_wconf 83' lang='grc' dir='ltr'>ἀνωτέρω,</span> <span class='ocrx_word' id='word_1_854' title='bbox 2588 5480 2679 5533; x_wconf 85' lang='grc' dir='ltr'>ὅτε</span> <span class='ocrx_word' id='word_1_855' title='bbox 2720 5478 3078 5550; x_wconf 79' lang='grc' dir='ltr'>νηπιάζοντος</span> <span class='ocrx_word' id='word_1_856' title='bbox 3123 5474 3376 5545; x_wconf 77' lang='grc' dir='ltr'>ἀνῆλθον,</span> <span class='ocrx_word' id='word_1_857' title='bbox 3423 5473 3619 5545; x_wconf 59' lang='grc' dir='ltr'>φησὶν,</span> 
     </span>
    </p>
   </div>
   <div class='ocr_carea' id='block_1_114' title="bbox 2030 5550 3619 5644">
    <p class='ocr_par' dir='ltr' id='par_1_114' title="bbox 2030 5550 3619 5644">
     <span class='ocr_line' id='line_1_114' title="bbox 2030 5550 3619 5644; baseline -0.006 -18"><span class='ocrx_word' id='word_1_858' title='bbox 2030 5576 2078 5627; x_wconf 82' lang='grc' dir='ltr'>οἱ</span> <span class='ocrx_word' id='word_1_859' title='bbox 2109 5574 2239 5644; x_wconf 76' lang='grc' dir='ltr'>περὶ</span> <span class='ocrx_word' id='word_1_860' title='bbox 2267 5571 2464 5642; x_wconf 83' lang='grc' dir='ltr'>Ἰωσὴφ</span> <span class='ocrx_word' id='word_1_861' title='bbox 2491 5570 2589 5625; x_wconf 70' lang='grc' dir='ltr'><strong><em>καὶ</em></strong></span> <span class='ocrx_word' id='word_1_862' title='bbox 2610 5570 2847 5640; x_wconf 82' lang='grc' dir='ltr'>Μαριὰμ</span> <span class='ocrx_word' id='word_1_863' title='bbox 2875 5572 2956 5633; x_wconf 77' lang='grc' dir='ltr'><strong><em>εἰς</em></strong></span> <span class='ocrx_word' id='word_1_864' title='bbox 2985 5566 3338 5638; x_wconf 84' lang='grc' dir='ltr'>ἰεοουσαλὴμ</span> <span class='ocrx_word' id='word_1_865' title='bbox 3365 5550 3619 5638; x_wconf 59' lang='lat' dir='ltr'><strong><em>apocrou</em></strong></span> 
     </span>
    </p>
   </div>
   <div class='ocr_carea' id='block_1_115' title="bbox 2260 5719 3549 5789">
    <p class='ocr_par' dir='ltr' id='par_1_115' title="bbox 2260 5719 3549 5789">
     <span class='ocr_line' id='line_1_115' title="bbox 2260 5719 3549 5789; baseline -0.003 -11"><span class='ocrx_word' id='word_1_866' title='bbox 2260 5727 2279 5759; x_wconf 75' lang='grc'><strong>⁸</strong></span> <span class='ocrx_word' id='word_1_867' title='bbox 2308 5726 2440 5779; x_wconf 84' lang='lat' dir='ltr'><strong><em>an.</em></strong></span> <span class='ocrx_word' id='word_1_868' title='bbox 2481 5740 2543 5789; x_wconf 90' lang='grc' dir='ltr'><strong><em>ιι,</em></strong></span> <span class='ocrx_word' id='word_1_869' title='bbox 2582 5725 2667 5780; x_wconf 79' lang='lat' dir='ltr'><strong><em>M.</em></strong></span> <span class='ocrx_word' id='word_1_870' title='bbox 2730 5727 2752 5758; x_wconf 85' lang='grc'>⁸</span> <span class='ocrx_word' id='word_1_871' title='bbox 2785 5723 2919 5778; x_wconf 88' lang='lat' dir='ltr'><strong><em>ibid.</em></strong></span> <span class='ocrx_word' id='word_1_872' title='bbox 2960 5724 3045 5777; x_wconf 82' lang='lat' dir='ltr'><strong><em>lt.</em></strong></span> <span class='ocrx_word' id='word_1_873' title='bbox 3092 5760 3105 5774; x_wconf 64' lang='grc' dir='ltr'><strong><em>ι</em></strong></span> <span class='ocrx_word' id='word_1_874' title='bbox 3135 5724 3154 5755; x_wconf 84' lang='grc'><strong>⁶</strong></span> <span class='ocrx_word' id='word_1_875' title='bbox 3188 5721 3322 5777; x_wconf 74' lang='lat' dir='ltr'><strong><em>an.‘</em></strong></span> <span class='ocrx_word' id='word_1_876' title='bbox 3349 5737 3425 5786; x_wconf 85' lang='lat' dir='ltr'><strong><em>tv,</em></strong></span> <span class='ocrx_word' id='word_1_877' title='bbox 3455 5719 3549 5775; x_wconf 76' lang='lat'><strong><em>22.</em></strong></span> 
     </span>
    </p>
   </div>
  </div>
