4018 6150
463 369 566 424 457

1200 385 1570 445 ADVERSUS
1611 381 1955 441 HERESES
1988 380 2117 435 LIB.
2160 383 2199 436 l.
2245 381 2406 437 TOM.
2454 384 2517 438 ll.
2559 416 2625 425 --
2667 385 2941 444 l-l/ERES.
2981 389 3148 449 XXX.

3613 391 3720 450 ‘58

460 493 622 562 v'ﬁm
657 497 715 546 ἐν
750 499 814 568 τῇ
839 498 1018 571 ἑορτῇ,
1052 505 1143 557 καὶ
1170 506 1539 579 ἁνέκαμπτον,
1559 508 1772 578 ἔμεινεν
1796 504 2002 576 Ἰησοῦς
2025 523 2038 534 ·

2147 503 2409 558 adorandi
2465 506 2638 574 gratia
2681 506 3114 579 Hierosolymam
3166 510 3303 563 festo
3334 510 3418 562 ilic
3451 508 3719 578 perrexis-

463 587 556 638 καὶ
589 586 816 658 ἐζήτουν
847 592 1009 647 αὑτὸν
1044 596 1101 647 ἐν
1131 601 1197 669 τῇ
1229 600 1525 674 ὁδοιπορίᾳ,
1553 601 1647 654 καὶ
1684 601 1740 652 ὲν
1769 601 1882 662 τοῖς
1915 613 2044 666 συγ-

465 677 673 744 γενέσιν
706 682 908 746 αὐτῶν,
936 687 1029 740 καὶ
1058 689 1157 761 οὐχ
1194 690 1466 762 εὕρισκον.
1507 689 1630 763 Εἶχε
1655 692 1762 762 γὰρ
1797 692 1830 761 ἡ
1857 689 2044 761 Μαρία

463 773 800 840 συγγένειαν.
841 777 1237 851 ’Δνακάμψασα
1263 783 1319 837 δὲ
1347 785 1443 838 καὶ
1477 784 1711 857 εὑροῦσα
1734 784 1914 844 αὐτὸν,
1940 782 2042 853 ἔφη

462 862 645 934 αὐτῷ·
695 867 757 921 Τί
788 869 934 939 ἡμῖν
963 870 1281 942 ἐποίησας,
1309 875 1557 941 tererer;
1602 875 1757 932 Ἰδοὺ
1794 874 1908 945 ἐγὼ
1943 875 2042 928 καὶ

461 959 496 1010 ό
532 958 729 1028 πατήρ
758 976 875 1016 σου
905 963 1271 1035 ὀδυνώμενοι
1299 968 1622 1038 ἐζητοῦμέν
1653 983 1746 1022 σε.
1783 967 1871 1020 Ἐν
1892 965 2043 1032 τάξει

460 1051 571 1122 γὰρ
617 1053 824 1123 πατρὸς
875 1055 904 1108 ὁ
948 1056 1145 1128 Ἰωσὴφ
1202 1059 1350 1130 αὐτῷ
1394 1060 1669 1130 ὑπῆρχεν
1718 1058 1779 1111 οὐ
1823 1056 1933 1128 γάρ
1976 1052 2045 1128 ἦν

461 1142 610 1214 αὐτῷ
639 1146 821 1216 πατὴρ
851 1147 992 1202 κατὰ
1018 1149 1199 1218 φύσιν.
1224 1148 1356 1205 Εἶτα
1393 1153 1421 1205 6
1453 1151 1658 1223 Κύριος
1682 1149 1817 1222 πρὸς
1837 1149 2009 1220 αὐτήν
2027 1164 2040 1177 ⁸

465 1233 533 1287 Τί
573 1234 663 1290 ὅτι
698 1236 951 1305 ἐζῆτεῖτέ
987 1257 1099 1310 res;
1132 1243 1244 1297 οὐκ
1274 1242 1493 1312 ᾔδειτε,
1538 1242 1627 1296 ὅτι
1676 1243 1747 1296 ἐν
1779 1240 1904 1307 τοῖς
1938 1242 2045 1295 τοῦ

2146 604 2291 661 sent,
2333 593 2693 654 redeuntibus
2737 599 2865 661 illis,
2908 601 3170 655 remansit
3223 599 3421 666 Jesus;
3455 616 3618 668 quem
3668 602 3727 655 iu

2148 687 2365 751 itinere,
2397 697 2451 742 et
2477 676 2627 757 apud
2661 703 2927 760 cognatos
2965 691 3041 745 illi
3072 692 3457 761 qumitabant,
3504 705 3607 745 nec
3639 706 3726 745 rc-
3796 740 3803 746 .

2149 779 2330 848 perire
2362 787 2641 849 poterant.
2696 780 2864 833 Maria
2900 783 3102 851 quippe
3134 782 3516 851 cognationem
3559 780 3726 835 habe-

2150 870 2264 925 bat.
2317 870 2484 940 Igitur
2518 887 2641 926 cum
2677 873 2742 925 ad
2776 873 2964 927 urbem
3018 873 3352 936 revertisset,
3390 885 3455 925 ac
3504 870 3721 939 tandem

2148 960 2693 1027 illmuoﬁeudissct,
2736 963 2818 1019 sic
2867 978 2992 1043 eum
3040 963 3383 1033 alloquitur:
3432 961 3562 1027 Fili,
3597 960 3723 1031 quid

2146 1052 2321 1120 fecisti
2348 1052 2537 1108 nobis?
2575 1052 2706 1127 Ecce
2744 1071 2835 1125 ego
2881 1050 2931 1108 et
2967 1067 3117 1122 pater
3151 1065 3269 1108 tuus
3307 1053 3542 1109 dolentes
3580 1068 3726 1123 qun:-

2148 1144 2388 1197 rebamus
2420 1152 2486 1197 te.
2517 1142 2792 1214 Josephus
2821 1146 2968 1199 enim
3002 1146 3120 1200 loco
3161 1146 3209 1200 ei
3245 1145 3417 1214 patris
3448 1150 3584 1208 erat,
3612 1158 3725 1198 non

2148 1236 2419 1291 naturalis
2444 1246 2617 1306 pater.
2646 1237 2727 1291 Ad
2761 1240 2874 1291 lucc
2908 1237 3168 1293 Dominus
3194 1257 3206 1293 :
3234 1237 3376 1306 Quid
3404 1246 3503 1302 est,
3521 1237 3722 1308 inquit,

2145 1328 2283 1398 quod
2343 1328 2662 1399 qua'rebatis
2713 1331 2837 1385 me?
2886 1330 3196 1385 uesciebatis
3234 1329 3373 1401 quod
3410 1331 3466 1384 in
3515 1330 3581 1383 iis
3608 1345 3725 1399 qua:

2146 1419 2332 1475 Patris
2381 1421 2482 1475 mei
2526 1432 2651 1476 sunt
2705 1432 2908 1491 oportet
2942 1439 3024 1476 me
3064 1424 3252 1478 esse’?
3295 1423 3416 1490 Quo
3459 1437 3726 1493 responso

2147 1512 2516 1584 signiﬁcabat,
2562 1516 2823 1585 templum
2863 1517 2918 1570 in
2962 1515 3078 1581 Dei,
3117 1516 3222 1570 hoc
3269 1525 3356 1571 est
3399 1515 3579 1572 P-atris
3613 1515 3723 1580 sui,

460 1620 560 1667 πος
592 1606 619 1658 6
652 1605 934 1677 γεννηθεὶς
985 1608 1213 1680 Ἰησοῦς,
1261 1611 1383 1663 οὐδὲ
1434 1610 1574 1679 μετά
1614 1610 1675 1662 τὸ
1729 1607 2039 1680 τριακοστὸν

2148 1622 2349 1661 nomen
2386 1605 2561 1661 fuisse
2590 1615 2997 1663 constructum.
3030 1606 3396 1674 Quamobrem
3433 1608 3477 1662 si
3508 1608 3578 1662 ab
3606 1607 3726 1677 ipsa

458 1694 614 1759 ἔτος,
653 1697 790 1767 μετὰ
822 1696 884 1751 τὸ
924 1698 1102 1753 ἐλθεῖν
1134 1702 1216 1765 εἰς
1261 1700 1427 1755 αὑτὸν
1464 1702 1524 1755 τὸ
1571 1699 1709 1764 εἶδος
1752 1701 1854 1771 τῆς
1884 1717 2039 1770 περι-

2151 1696 2547 1765 propemodum
2580 1694 2816 1751 infantia
2845 1697 3111 1767 templum
3162 1695 3491 1767 Patremque
3520 1712 3726 1768 cogno-

461 1788 689 1859 στερᾶς,
728 1788 852 1853 Υἱὸς
884 1790 978 1843 καὶ
1014 1792 1250 1862 Χριστὸς
1300 1793 1566 1859 ἐκαλεῖτο,
1604 1792 1740 1848 ἀλλὰ
1778 1794 1940 1858 εὐθὺς
1987 1795 2039 1846 ἐν

2149 1796 2322 1851 verat,
2351 1789 2542 1857 utique
2571 1802 2683 1842 non
2712 1803 2902 1844 merus
2942 1789 3105 1844 homo
3130 1797 3294 1843 natus
3320 1788 3410 1844 ille
3432 1787 3595 1844 Jesus
3625 1804 3725 1844 ex-

458 1879 571 1940 τοίς
612 1876 706 1929 τοῦ
756 1879 971 1951 Πατρὸς
1003 1880 1170 1934 αὑτοῦ
1209 1881 1319 1936 δεῖν
1359 1884 1522 1937 αὐτὸν
1564 1878 1705 1937 εἶναι
1738 1884 2039 1938 ἐδίδασκεν.

2150 1878 2315 1945 stitit,
2346 1893 2524 1949 neque
2551 1888 2676 1948 post
2709 1893 2915 1933 annum
2961 1878 3182 1934 demum
3227 1894 3359 1938 xxx,
3395 1893 3519 1932 cum
3563 1894 3622 1934 se
3670 1880 3727 1934 in

463 1969 583 2022 Ὅτι
612 1969 668 2022 δὲ
692 1973 721 2024 6
749 1971 944 2045 Ἰωσὴφ
978 1960 1098 2044 οὐχ).
1131 1974 1314 2046 πατὴρ
1343 1975 1509 2029 αὐτοῦ
1534 1971 1623 2046 ἦν,
1643 1975 1779 2029 ἀλλά
1808 1977 1867 2030 ἐν
1893 1976 2039 2042 τάξει

2150 1985 2276 2024 cum
2304 1969 2578 2025 columba:
2615 1970 2799 2040 specie
2830 1967 3070 2039 Spiritus
3101 1978 3328 2025 sanctus
3367 1969 3725 2033 insinuasset.

463 1327 690 1395 Πατρός
712 1345 828 1397 μου
866 1330 962 1383 δεῖ
1000 1328 1157 1386 εἶναι
1180 1349 1293 1402 ys;
1321 1332 1620 1403 σημαίνων,
1650 1332 1733 1385 ὃτι
1764 1334 1792 1385 6
1820 1330 1944 1393 ναὸς
1965 1332 2046 1394 είς

459 1418 628 1489 ὗνομα
653 1418 788 1473 Θεοῦ
812 1421 1028 1494 Πατρὸς
1066 1424 1411 1495 ᾠκοδομήθη.
1432 1425 1493 1478 Εἰ
1515 1424 1696 1477 τοίνυν
1719 1421 1827 1476 ἀπὸ
1847 1421 2043 1492 νηπίου

459 1509 565 1564 οἶδε
598 1510 687 1563 τὸν
715 1512 847 1566 ναὸν
872 1514 966 1567 καὶ
994 1514 1084 1568 τὸν
1118 1517 1358 1589 Πατέρα,
1388 1517 1489 1570 οὐκ
1519 1517 1629 1589 ἄρα
1654 1515 1808 1585 ψιλὸς
1835 1514 2047 1588 ἄνθρω-

460 2058 683 2130 πατρὸς,
710 2060 874 2115 ἄκουε
908 2060 1002 2115 τοῦ
1036 2063 1201 2116 αὑτοῦ
1230 2064 1616 2134 εὐαγγελιστοῦ
1645 2064 1914 2134 λέγοντος,
1948 2067 2043 2121 τοῦ

460 2150 764 2221 γράψαντος
801 2152 910 2205 ἀπὸ
958 2155 1250 2226 προσώπου
1296 2157 1537 2228 Μαρίας,
1574 2158 1658 2210 ὅτι
1694 2158 1842 2227 Ἐγὼ
1884 2158 1983 2212 καὶ
2012 2161 2045 2213 ό

460 2240 651 2310 πατήρ
688 2258 804 2297 σου
834 2243 1197 2315 ὀδυνώμενοι
1225 2246 1546 2319 ἐζητοῦμέν
1583 2264 1692 2303 σε·
1730 2250 1892 2304 πάλιν
1929 2250 2045 2314 πῶς

459 2333 659 2404 γράφει
720 2335 927 2406 λέγων·
972 2333 1085 2392 Ἦν
1131 2338 1200 2393 δὲ
1249 2341 1480 2409 Ἰησοῦς
1516 2343 1850 2413 ἀρχόμενος
1892 2339 2045 2397 εἶναι

456 2424 539 2492 ὡς
594 2425 747 2480 ἐτῶν
801 2427 1156 2497 τριάκοντα,
1218 2431 1304 2486 ὢν
1359 2433 1525 2500 υίὸς,
1579 2434 1660 2500 ὡς
1712 2433 2041 2504 ἐνομίζετο,

471 2516 713 2588 Ἰωσήφ.
750 2520 841 2574 Ἐν
877 2520 935 2574 δὲ
992 2521 1066 2593 τῷ
1107 2525 1301 2587 εἰπεῖν,
1335 2525 1416 2591 ὡς
1464 2525 1797 2595 ἐνομίζετο,
1845 2525 2041 2592 ἔδειξεν

457 2608 619 2664 αὐτὸν
659 2611 734 2682 μὴ
761 2607 900 2666 εἶναι
937 2614 1102 2668 αὑτοῦ
1130 2617 1265 2683 υἱὸν,
1289 2617 1425 2671 ἀλλὰ
1447 2617 1785 2689 νομίζεσθαι.

2151 2060 2327 2117 Filius
2360 2076 2425 2116 ac
2452 2060 2710 2116 Christus
2742 2060 3009 2131 appellari
3039 2061 3246 2131 erepit;
3282 2060 3378 2116 sed
3409 2060 3643 2115 subinde
3670 2059 3728 2113 in

2151 2152 2237 2208 his
2274 2167 2397 2221 qute
2452 2150 2518 2204 ad
2568 2150 2786 2205 Patrem
2842 2165 3001 2205 suum
3057 2151 3375 2213 attinerent,
3423 2150 3633 2206 versari
3668 2164 3777 2204 se"

2150 2242 2408 2314 cportére
2455 2243 2664 2298 docuit.
2696 2242 2856 2310 Quod
2908 2257 3042 2298 vero
3093 2241 3369 2312 Josephus
3416 2257 3526 2297 non
3577 2243 3727 2295 illius

2153 2345 2307 2409 pater
2337 2345 2506 2403 esset,
2546 2338 2641 2395 sed
2671 2339 2845 2393 vicem
2879 2340 3055 2409 patris
3084 2346 3320 2410 gereret,
3358 2337 3486 2393 audi
3526 2354 3593 2394 ex
3635 2339 3728 2392 illo

2147 2430 2339 2484 eodem
2365 2428 2835 2498 evangelista.qui
2864 2428 3084 2483 Mariam
3121 2429 3193 2482 ita
3215 2429 3524 2500 loquentem
3559 2430 3723 2483 facit:

2149 2521 2259 2594 Ego
2283 2530 2332 2576 et
2358 2528 2509 2591 pater
2539 2530 2660 2575 tuus
2690 2519 2923 2575 dolentes
2957 2519 3322 2592 quatrebamus
3357 2519 3608 2584 te.Audi,
3641 2520 3726 2574 in-

2143 2610 2469 2684 quam,quid
2501 2610 2610 2664 alio
2635 2612 2756 2664 loco
2778 2611 3103 2682 scripserit:
3142 2610 3277 2665 Erat
3309 2619 3506 2674 autem,
3526 2610 3727 2681 inquit,

453 2700 613 2760 Iesus
643 2706 895 2775 incipiens
925 2724 1038 2763 esse
1065 2711 1221 2778 quasi
1247 2726 1508 2764 annorum
1541 2725 1676 2774 xxx,
1698 2711 1787 2780 qui
1811 2720 1947 2773 erat,
1972 2718 2030 2764 ut
2069 2694 2391 2779 putbbatur,
2432 2701 2653 2772 Josepln'
2703 2702 2853 2771 ﬁlius
2871 2703 2913 2757 ³.
2948 2700 3050 2757 Ubi
3085 2718 3210 2757 cum
3237 2716 3334 2758 eas
3405 2718 3566 2759 voces
3632 2704 3728 2759 ad-

455 2796 618 2865 didit,
640 2807 698 2851 ut
726 2801 1040 2867 putabatur,
1074 2813 1184 2852 non
1219 2799 1395 2870 ipsius
1424 2814 1613 2855 revera
1645 2799 1816 2857 fuisse
1848 2801 2041 2863 ﬁlium,
2083 2796 2179 2852 sed
2213 2795 2289 2849 ita
2325 2792 2596 2847 duntaxat
2631 2791 2877 2847 habitum
2911 2791 3082 2847 fuisse
3116 2791 3485 2850 demonstrat.

527 2891 608 2943 A'.
652 2888 948 2958 Ἐπιλείψει
1003 2889 1060 2942 δέ
1102 2908 1190 2961 μοι
1241 2892 1269 2943 ὁ
1321 2892 1511 2964 χρόνος
1566 2894 1908 2966 διηγουμένῳ
1956 2895 2036 2956 εἰς

458 2981 802 3053 παράστασιν
835 2981 935 3052 τῆς
978 2981 1262 3053 ἀληθείας,
1294 2986 1387 3038 καὶ
1429 2986 1509 3049 εἰς
1542 2985 1763 3058 ἔλεγχον
1799 2989 1899 3058 τῆς
1934 3005 2037 3058 μα-

456 3068 853 3142 ταιοφροσύνης
892 3069 1166 3138 Ἐἦίωνος,
1198 3074 1294 3126 καὶ
1328 3073 1423 3127 τοῦ
1456 3075 1619 3129 αὐτοῦ
1647 3093 2025 3148 παραπεποιηο

2200 2884 2360 2957 156
2374 2882 2466 2938 XX
2476 2883 2538 2937 Χ.
2552 2881 2770 2939 Deﬁciet
2783 2899 2868 2937 me
2884 2884 3166 2953 tempus,si
3181 2883 3247 2938 ad
3263 2871 3726 2956 comprobandam

2143 2980 2450 3044 veritatem,
2474 2994 2537 3033 ac
2558 2991 2666 3031 tam
2694 2976 3118 3046 Ehionis,quam
3143 2976 3554 3035 absurdissima:
3578 2982 3726 3039 illius

2146 3070 2348 3127 scholae
2393 3069 2744 3126 refellendam
2792 3071 3107 3132 amentiam,
3150 3069 3402 3140 pluribus
3447 3071 3726 3143 disputare

462 3164 626 3236 μένου
665 3164 1061 3237 ματαιόιρρονος
1107 3165 1479 3221 διδασκαλείου
1506 3170 1543 3221 ¹.
1603 3169 1771 3223 Πόθεν
1800 3170 1930 3242 ,γὰρ
1977 3170 2036 3224 οὐ

2147 3162 2394 3217 voluero.
2431 3161 2568 3228 Quis
2608 3161 2755 3215 enim
2787 3161 2945 3216 facile
2993 3177 3103 3216 non
3144 3162 3397 3234 intelligit
3426 3161 3723 3236 Joscplium
3772 3188 3778 3195 ο

459 3256 629 3325 σαφὲς
660 3257 861 3328 ἂνεῖη,
893 3259 975 3311 ὅτι
1007 3258 1066 3310 οὐ
1096 3258 1281 3330 πατὴρ
1306 3254 1373 3330 ἦν
1394 3259 1616 3332 Ἰωσὴφ,
1652 3260 1767 3314 ἀλλ’
1799 3263 1856 3314 ἐν
1888 3261 2040 3328 τάξει

458 3347 664 3419 πατρὸς
694 3346 1005 3419 ὲνομίζετο;
1034 3347 1190 3402 Ἰδοὺ
1219 3349 1348 3420 γὰρ,
1380 3351 1566 3420 φησὶν,
1595 3352 1633 3421 ἡ
1656 3351 1950 3419 παρθένος
1972 3351 2041 3404 ἐν

455 3440 666 3508 γαστρὶ
718 3439 863 3505 ἕξει,
921 3441 1020 3495 καὶ
1073 3440 1303 3505 τέξεται
1344 3444 1496 3497 υἱόν.
1550 3444 1657 3497 Καὶ
1706 3446 1805 3497 οὐκ
1851 3442 2037 3499 εἶπενσ

455 3522 603 3584 Ἰδοὺ
650 3532 689 3600 ἠ
744 3532 921 3602 γυνή.
973 3532 1082 3585 Καὶ
1138 3532 1300 3586 πάλιν
1330 3516 1413 3587 ὲνλ
1444 3534 1616 3605 ἑτέρῳ
1655 3534 1805 3605 τόπῳ
1854 3534 2036 3603 λέγει’

455 3624 564 3678 Καὶ
599 3623 824 3689 τέξεται
847 3624 887 3692 ἡ
925 3623 1198 3694 δάμαλις,
1229 3626 1328 3679 καὶ
1355 3626 1633 3693 ἐροῦσιν·
1666 3630 1748 3682 Οὐ
1777 3627 2036 3681 τέτοκεν.

468 3715 687 3788 Ἐπειδὴ
715 3717 823 3788 γάρ
846 3733 988 3780 τινες
1009 3716 1118 3770 τῶν
1145 3718 1459 3788 Μανιχαίων
1489 3720 1584 3772 καὶ
1607 3720 2039 3791 Μαρκιωνιστῶν

454 3807 706 3879 λέγουσιν
741 3810 904 3865 αὑτὸν
935 3812 1012 3882 μὴ
1043 3811 1315 3883 τετέχθαι.
1351 3812 1440 3867 διὰ
1471 3814 1631 3867 τοῦτο
1656 3814 1906 3880 τέξεται,
1941 3815 2041 3868 καὶ

454 3902 730 3971 ἐροῦσιν·
770 3905 852 3958 Οὐ
896 3902 1176 3957 τέτοκενο
1226 3904 1412 3974 ἐπειδὴ
1445 3906 1506 3958 οὐ
1537 3907 1756 3961 τέτοκεν
1798 3906 2040 3979 ἡΜαρία

458 3994 521 4046 ἐκ
570 3993 887 4066 σπέρματος
927 3994 1140 4066 ἀνδρός.
1180 3996 1292 4047 Καὶ
1333 3989 1477 4049 οὗτοι
1529 3996 1792 4067 μανέντες
1822 3997 2039 4066 λέγουσι

454 4085 664 4157 ψευδῶς
704 4088 770 4140 ἐκ
822 4087 1138 4159 σπέρματος
1190 4088 1384 4158 ἀνδρὸς
1428 4089 1598 4160 αὐτὴν
1631 4090 2035 4159 γεγεννηκέναι.

458 4180 788 4251 Γεγὲννηκεν
834 4175 927 4234 οὖν
960 4182 993 4251 ὴ
1036 4180 1269 4251 δάμαλις
1300 4180 1457 4245 Θεὸν,
1488 4181 1775 4251 άνθρωπτλν
1806 4184 1863 4235 ἐν
1903 4182 2037 4253 ἀλη-

458 4270 596 4343 θεία.
634 4273 749 4327 Καὶ
777 4273 977 4344 ὅτιμὲν
1015 4272 1246 4343 δάμαλις
1283 4274 1316 4345 ἡ
1343 4272 1619 4345 Παρθένος
1649 4274 1912 4338 καλεῖται,
1944 4274 2037 4328 καὶ

456 4363 516 4417 τὸ
566 4363 772 4435 ταύτης
813 4363 1063 4435 λείψανον
1093 4365 1435 4437 καθαρισμὸς
1461 4361 1529 4438 ἦν
1560 4365 1671 4419 τῶν
1704 4368 2039 4438 κεκοινωμέ-

455 4474 584 4523 νων,
618 4458 781 4512 ἄκουε
813 4456 908 4510 τοῦ
942 4457 1107 4528 νόμου
1134 4456 1387 4525 λέγοντος
1410 4475 1426 4490 ·
1463 4456 1618 4512 Λάϐε
1648 4476 1747 4528 μοι
1779 4457 2038 4528 δάμαλιν

2144 3255 2373 3309 minime
2405 3255 2893 3326 illiusiparenteln,
2936 3254 3029 3310 sed
3058 3255 3301 3324 parentis
3332 3257 3450 3312 loco
3479 3257 3723 3314 habitum

2146 3347 2358 3404 fuisse?
2384 3346 2518 3403 Ecce
2548 3348 2711 3411 enim,
2741 3347 2940 3417 inquit,
2979 3348 3126 3418 virgo
3162 3349 3441 3417 concipiet,
3478 3358 3528 3404 et
3555 3352 3725 3421 pariet

2144 3440 2381 3509 ﬁlium‘.
2435 3439 2552 3494 Non
2585 3440 2723 3494 dixit
2754 3459 2767 3493 :
2808 3439 2942 3495 Ecce
2988 3441 3201 3496 mulier.
3236 3442 3315 3496 Ae
3347 3458 3568 3498 rursum
3620 3445 3726 3499 alio

2146 3532 2264 3586 loco
2289 3551 2303 3588 :
2342 3530 2412 3586 Et
2442 3533 2612 3601 pariet
2640 3532 2826 3598 vitula,
2857 3541 2907 3587 et
2937 3531 3111 3587 dicent
3138 3550 3156 3588 :
3183 3531 3309 3588 Non
3340 3536 3559 3605 peperit.
3589 3533 3724 3590 Nam

2144 3641 2267 3678 cum
2293 3623 2720 3679 Manichaeorum
2773 3640 2838 3680 ac
2866 3623 3345 3681 Marcionistarum
3375 3627 3597 3697 quidam
3629 3634 3726 3683 ne-

2142 3725 2270 3785 gent
2306 3717 2457 3770 illum
2500 3724 2661 3786 partu
2709 3719 2763 3770 in
2815 3717 2995 3772 lucem
3033 3719 3266 3783 editum,
3300 3718 3372 3774 ob
3406 3720 3482 3783 id,
3528 3721 3722 3789 pariet,

2144 3810 2341 3879 inquit,
2366 3820 2416 3864 et
2438 3810 2641 3864 dicent:
2668 3812 2788 3887 Non
2802 3811 3021 3880 peperit,
3038 3811 3295 3881 quoniam
3314 3812 3381 3867 de
3397 3812 3499 3867 viri
3517 3814 3722 3869 semine

2145 3899 2311 3953 Maria
2348 3916 2457 3954 non
2490 3902 2727 3970 peperit.
2756 3899 2827 3955 At
2884 3902 3081 3956 furiosi
3136 3902 3228 3956 isti
3277 3902 3344 3957 de
3375 3903 3477 3957 viri
3511 3906 3723 3960 semine

2146 3992 2286 4046 falso
2311 3993 2458 4046 illam
2496 3991 2779 4062 peperisse
2818 3991 3094 4046 dictitant.
3133 3992 3303 4062 Igitur
3334 3992 3501 4046 vitula
3547 3993 3723 4049 homi-

2143 4101 2266 4141 nem
2294 4086 2544 4140 eumdem
2584 4099 2649 4139 ac
2699 4083 2869 4139 Deum
2903 4099 3028 4141 vere
3077 4085 3167 4139 illa
3207 4084 3425 4155 quidem
3470 4087 3718 4157 peperit;

2146 4179 2328 4233 vitula:
2362 4192 2531 4247 porro
2573 4178 2794 4234 nomine
2832 4176 3111 4250 Virginem
3152 4178 3458 4247 nominari,
3492 4181 3722 4252 ejusque

2143 4271 2408 4341 reliquias
2436 4271 2505 4325 ad
2541 4286 2639 4326 eos
2668 4271 2761 4341 qui
2794 4270 2996 4341 impuri
3040 4279 3247 4336 essent,
3283 4272 3588 4344 expiandos
3627 4276 3723 4332 ad-

2142 4361 2316 4416 hiberi
2350 4363 2727 4427 cunsuevisse,
2769 4362 3232 4432 quemadmodum
3275 4364 3359 4420 lex
3403 4366 3522 4438 ipsa
3552 4376 3721 4426 teste-

2144 4460 2256 4517 tur,
2297 4454 2524 4524 accipe:
2585 4452 2764 4519 Sume,
2799 4454 3001 4523 inquit,
3057 4454 3283 4509 vitulam
3330 4457 3510 4527 rufam
3556 4460 3599 4514 ⁸.
3652 4460 3722 4516 Ut
3816 4476 3821 4481 '

454 4546 719 4615 πιιόῥάνο
754 4547 842 4600 ἵνα
877 4546 1027 4620 δείξῃ
1051 4548 1112 4600 τὸ
1146 4547 1401 4600 ἐκλεκτὸν
1438 4547 1633 4612 σκεῦος
1672 4549 1769 4617 τῆς
1797 4548 2035 4620 Μαρίας,

2145 4545 2375 4600 electum
2406 4560 2504 4601 vas
2536 4544 2719 4599 Maria“:
2757 4544 3114 4615 signiﬁcaret,
3146 4555 3366 4616 propter
3398 4548 3611 4619 igneam
3662 4551 3717 4605 in

453 4636 542 4692 διὰ
568 4639 629 4692 τὸ
661 4638 942 4710 πυροειδὲς
967 4639 1065 4709 τῆς
1090 4637 1183 4692 τοῦ
1218 4639 1472 4710 Σωτῆρος
1506 4639 1758 4709 θεότητος
1789 4639 2037 4712 χωρηθὲν

453 4731 511 4783 ὲν
545 4733 612 4802 τῇ
655 4730 937 4803 Παρθένῳ.
971 4730 1096 4799 Πῦρ
1128 4729 1240 4799 γὰρ
1292 4734 1325 4785 ό
1366 4731 1543 4798 Θεὸς,
1607 4732 1771 4804 φησὶ,
1819 4748 2038 4786 καταν-

452 4823 735 4877 αλίσκον.
754 4824 864 4876 Καὶ
894 4822 1057 4894 φησὶν
1074 4825 1102 4875 6
1121 4823 1284 4894 νόμος
1309 4822 1571 4893 δάμαλιν
1593 4824 1849 4892 πυρρὰν,
1874 4824 1965 4894 ἐφ’
1996 4824 2034 4893 ᾖ

368 4908 375 4914 ’
452 4913 625 4986 ζυγὸς
673 4917 785 4969 οὐκ
844 4915 1214 4984 ἀναϐέϐηκεν
1258 4916 1357 4970 ἐπὶ
1405 4917 1513 4969 τὸν
1560 4915 1897 4984 τράχηλον
1950 4915 2036 4968 ἵνα

450 5003 600 5078 δείξῃ
649 5006 748 5074 τὴν
801 5003 1080 5074 Παρθένον
1131 5003 1399 5075 δάμαλιν,
1454 5005 1528 5078 μὴ
1581 5003 1819 5074 γνοῦσαν
1872 5004 2036 5074 ζυγὸν

453 5096 630 5167 γάμου
651 5095 865 5169 ἀνδρός.
904 5095 1066 5149 Ἀλλὰ
1102 5095 1155 5148 τί
1195 5114 1285 5167 μοι
1317 5095 1386 5149 τὰ
1410 5097 1638 5150 πλεῖστα
1653 5097 2032 5164 διαλέγεσθαι;

445 5194 523 5252 ὡς
547 5187 710 5242 πάλιν
753 5188 979 5251 Ἡσαΐας
1006 5186 1110 5259 ἔφη
1139 5187 1204 5240 ὲκ
1236 5187 1530 5259 προσώπου
1563 5188 1658 5243 τοῦ
1681 5189 1917 5263 Κυρίουο
1952 5190 2035 5242 ὅτι

455 5279 605 5336 Λάϐε
651 5295 752 5335 σοι
785 5280 969 5350 τόμον
1015 5278 1240 5349 χάρτου
1292 5280 1504 5334 καινοῦ
1535 5278 1805 5349 μεγάλου
1825 5297 1838 5311 ·
1870 5279 2035 5351 τόμον

444 5370 536 5425 διὰ
570 5372 633 5425 τὸ
660 5368 799 5425 εἶναι
834 5371 931 5443 μὲν
955 5369 1052 5442 τὴν
1080 5369 1358 5442 Παρθένον
1392 5372 1456 5425 ἐκ
1481 5371 1797 5443 σπέρματος
1819 5372 2033 5444 ἀνδρὸς,

446 5464 752 5537 τετμῆσθαι
798 5464 855 5517 δὲ
896 5463 1004 5517 ἀπὸ
1036 5464 1236 5535 μίξεως
1269 5463 1500 5535 ἀνδρῶν,
1538 5463 1632 5518 καὶ
1669 5463 1729 5516 τὸ
1748 5456 2034 5535 ’τμηθῆναι

449 5556 557 5611 ἀπὸ
582 5557 682 5628 τῆς
715 5555 823 5610 τῶν
843 5555 1146 5628 ἀνθρώπων
1175 5556 1316 5611 κατὰ
1349 5556 1511 5627 φύσιν
1542 5554 1854 5628 συνηθείας.
1880 5555 2032 5610 Πάν-

517 5737 536 5769 ¹
570 5737 1046 5809 ματαιοφροσύνης
1083 5736 1214 5809 διδκ
1259 5734 1432 5789 ‘Luc.
1466 5749 1526 5809 tt.
1551 5733 1619 5789 48
1659 5749 1783 5805 sqq.

443 5810 537 5867 29.
571 5804 584 5809 ’
615 5809 633 5842 '
666 5804 826 5863 Num.
856 5823 972 5873 xu,
1001 5804 1059 5862 Ξ.
1136 5807 1158 5837 ⁸
1198 5804 1302 5860 lsa.
1334 5820 1455 5869 vm,
1489 5806 1544 5863 1.

770 5903 1043 5964 ΡΑτιιοι..
1069 5902 1187 5963 Gtt.
1224 5898 1390 5961 XLI.

1860 5734 1880 5765 ³
1912 5732 2043 5789 Luc.
2076 5748 2159 5801 ul,
2185 5732 2279 5788 23.
2357 5733 2378 5764 δ
2416 5732 2520 5790 lsa.
2556 5736 2749 5802 vn,M.

2144 4636 2430 4694 Salvatore
2448 4640 2556 4692 vim
2581 4637 2905 4702 divinitatis,
2922 4652 3085 4707 quam
3109 4638 3264 4707 virgo
3283 4641 3552 4710 capiebat.
3579 4642 3719 4698 Deus

2139 4731 2301 4793 enim,
2328 4730 2528 4800 inquit,
2567 4730 2707 4800 ignis
2737 4745 3050 4783 consumens
3087 4731 3223 4784 est“.
3264 4730 3357 4784 Ait
3409 4732 3576 4803 igitur
3633 4737 3719 4791 lex

2138 4821 2363 4874 vitulam
2401 4820 2580 4889 rufam
2604 4859 2619 4882 ,
2668 4820 2820 4889 cujus
2861 4819 3253 4876 collonondum
3299 4824 3603 4893 impositum
3641 4836 3720 4881 est

2128 4913 2320 4984 jugum
2354 4914 2407 4978 7;
2462 4920 2522 4966 ut
2570 4911 2849 4983 Virginem
2912 4913 3059 4967 illam
3118 4929 3242 4969 esse
3271 4914 3495 4969 vitulam
3543 4918 3709 4988 signi.

2141 5007 2283 5069 licet,
2318 5021 2438 5074 quze
2486 5006 2799 5074 nuptiarum
2834 5005 2967 5077 jugo
3008 5007 3276 5062 cervicem
3308 5009 3550 5063 nondum
3588 5017 3719 5066 suti-

2142 5098 2374 5152 miserit.
2398 5095 2598 5152 Verum
2623 5098 2754 5168 quid
2778 5098 2870 5153 hic
2901 5099 3153 5170 pluribus
3179 5099 3462 5171 disputare
3491 5119 3717 5159 necesse

2137 5189 2255 5244 est?
2285 5196 2380 5244 aut
2419 5189 2552 5244 illud
2587 5190 2766 5259 ipsum
2800 5205 3258 5258 commemorare,
3290 5193 3435 5263 quod
3470 5194 3574 5249 sub
3609 5195 3716 5249 Du-

2137 5280 2270 5334 mini
2297 5296 2531 5351 persona
2554 5282 2693 5337 dixit
2723 5280 2896 5339 Isaias
2921 5302 2934 5338 :
2961 5286 3152 5356 Accipe
3182 5299 3502 5358 segmentum
3521 5290 3718 5345 charta:

2138 5375 2360 5428 recentis
2394 5390 2458 5428 ac
2487 5374 2710 5443 maioris
2733 5376 2792 5429 8?
2827 5375 2928 5432 Ubi
2960 5380 3227 5449 segmenti
3268 5397 3403 5437 usus
3446 5390 3527 5435 est
3559 5399 3717 5438 voca-

2137 5465 2291 5528 bulo,
2325 5466 2471 5535 quod
2502 5466 2607 5521 etsi
2634 5481 2665 5522 e
2695 5466 2839 5522 virili
2863 5470 3073 5525 semine
3103 5482 3399 5542 propagata
3432 5472 3504 5529 sit
3533 5472 3718 5543 Vin-gn,

2139 5556 2330 5630 eadem
2365 5566 2549 5613 tamen
2580 5558 2652 5614 sit
2679 5558 2749 5615 ab
2774 5558 3016 5618 humano
3050 5564 3343 5619 concubitu
3370 5567 3720 5639 naturalique

2841 5738 2863 5769 ⁸
2890 5737 3056 5796 Num.
3088 5758 3205 5808 xIx,
3236 5742 3290 5797 2.
3371 5744 3390 5773 ⁸
3423 5744 3586 5801 llebr.
3626 5761 3709 5800 xit.

3376 5909 3453 5971 15
