4018 6172
322 332 423 392 459

1724 337 1778 392 S.
1820 331 2161 389 EPIPHANH

3505 332 3611 389 ιθο

327 451 606 509 hominum
632 455 1031 511 consuetudine
1058 457 1207 512 velut
1234 468 1406 513 secta.
1432 459 1680 514 L‘uiversi
1710 462 1901 529 quippc

2016 471 2106 518 τες
2145 454 2253 524 γὰρ
2287 453 2564 523 ἄνθρωποι
2610 452 2674 504 ἐκ
2707 451 3018 522 σπέρματος
3061 449 3253 521 ἀνδρὸς
3286 449 3608 519 γεννῶνται.

325 546 577 601 homines
613 561 644 601 e
678 546 821 600 virili
850 548 1061 605 semine
1107 550 1430 622 gignuntur.
1465 552 1535 606 At
1582 554 1785 608 Christi
1816 569 1909 622 ge-

324 637 540 691 neratio
568 638 646 690 uti
696 641 1028 694 naturaliter
1077 655 1141 696 ex
1185 643 1434 706 muliere,
1484 641 1652 699 Maria
1701 646 1912 699 scilicet

327 726 571 799 Virgine,
610 739 868 784 naturam
913 732 1070 787 duxit
1108 733 1430 802 humanam,
1464 735 1537 790 ita
1573 742 1771 806 praeter
1817 751 1912 788 na-

321 827 499 873 turam
547 819 618 874 ab
655 821 886 893 originis
935 823 1192 880 humanae
1243 827 1647 883 consuetudine
1702 835 1911 881 resecta

322 920 440 965 est:
472 910 525 964 id
553 911 700 981 quod
734 911 979 969 Jacobus
1019 916 1085 969 «le
1114 931 1181 971 eo
1215 918 1541 987 pronuntiat
1574 918 1660 972 his
1690 918 1909 971 verbis:

329 1000 408 1053 Ea:
429 1003 682 1071 germine,
707 1003 789 1072 ﬁli
814 1005 906 1070 mi,
923 1007 1211 1060 ascendiin
1233 1008 1272 1062 ¹.
1304 1005 1420 1061 Non
1449 1008 1584 1062 dixit
1609 1025 1621 1060 :
1644 1006 1690 1060 E
1720 1010 1913 1061 semine

325 1095 628 1151 ascendisti.
669 1098 848 1167 Atque
894 1098 1100 1154 idcirco
1131 1098 1300 1157 Isaias
1344 1102 1630 1172 propheta.
1664 1102 1777 1156 sive
1818 1117 1913 1170 po-

326 1189 435 1243 tius
476 1190 629 1244 Isaiae
674 1189 944 1246 Dominus
977 1191 1122 1246 hunc
1158 1193 1213 1246 iu
1246 1192 1468 1247 modum
1522 1193 1741 1248 locutus
1783 1201 1909 1248 est:

326 1280 485 1334 Sume
513 1280 610 1334 tibi
637 1278 841 1337 chartae
866 1292 1209 1350 segmentum.
1242 1281 1365 1349 Quo
1394 1282 1615 1353 quidem
1650 1284 1911 1337 usitatum

325 1372 644 1427 hominibus
671 1372 951 1429 scribendi
975 1389 1180 1429 morem
1207 1389 1273 1429 ac
1303 1375 1570 1430 rationem
1603 1390 1665 1430 es
1678 1375 1909 1444 pressit:

324 1481 432 1536 quo
474 1466 709 1536 pertinet
742 1465 876 1520 illud
907 1481 937 1520 e
990 1456 1202 1536 psalmo
1234 1481 1476 1522 exitum
1507 1485 1518 1521 :
1556 1465 1621 1519 In
1654 1467 1788 1520 libro
1823 1477 1912 1521 tuo

321 1574 499 1613 omnes
529 1559 978 1621 scribentur,dics
1020 1559 1419 1628 formabuntur,
1440 1572 1487 1615 cl
1514 1576 1664 1614 nemo
1688 1561 1740 1613 in
1778 1562 1907 1615 eis’.

322 1648 454 1704 Nam
503 1666 626 1705 cum
682 1652 826 1706 libro
881 1658 1103 1707 uterum
1154 1652 1517 1722 comparavit.
1574 1650 1906 1721 Propterea:

322 1743 719 1813 Imperfectum,
766 1745 865 1808 ait,
919 1761 1093 1800 meum
1131 1745 1375 1799 uiderunt
1406 1745 1549 1799 oculi
1598 1744 1759 1798 iui”:
1808 1744 1912 1799 boc

322 1843 425 1901 est,
446 1836 891 1892 Proseminatum
924 1853 1011 1894 me
1042 1845 1339 1909 antequam
1368 1838 1601 1908 llngerer
1622 1837 1869 1909 cognosti
1894 1855 1906 1890 :

326 1930 435 1983 imo
465 1930 630 1984 etiam
664 1937 960 2000 antequam
1002 1932 1414 2002 proseminatus
1445 1929 1636 1986 forem.

393 2104 587 2160 XXXI.
642 2105 749 2160 Sed
803 2104 1072 2161 ilcbraica
1140 2120 1245 2161 vox
1295 2104 1613 2177 expressius
1646 2105 1906 2175 quiddam

321 2209 500 2254 scinat.
555 2196 663 2253 Pro
693 2213 760 2253 eo
807 2199 953 2254 enim
990 2197 1137 2270 quod
1194 2197 1464 2269 legimus:
1509 2195 1904 2267 Imperfectum,

323 2291 523 2345 habent
558 2288 658 2354 illi,
689 2286 892 2352 Golme,
934 2287 1083 2358 quod
1112 2287 1256 2342 idem
1283 2296 1368 2343 est
1400 2293 1564 2357 atque
1600 2286 1762 2353 alica,
1792 2285 1908 2341 sive

320 2398 545 2451 granum
593 2379 809 2445 similar,
845 2380 990 2450 quod
1025 2378 1284 2435 videlicet
1332 2379 1572 2433 nondum
1621 2379 1676 2433 in
1710 2392 1906 2449 panem

323 2477 548 2540 coaluit,
586 2490 652 2531 ac
690 2476 979 2531 subactum
1001 2481 1106 2537 est,
1143 2472 1300 2544 157
1336 2473 1435 2530 sed
1461 2489 1493 2528 e
1530 2480 1762 2529 contuso
1789 2471 1907 2524 l‘ru-

323 2569 491 2623 menti
534 2583 708 2638 grano
749 2568 896 2623 velut
947 2567 1184 2621 medulla
1233 2566 1481 2636 quaedam
1531 2564 1794 2627 crassior,
1843 2580 1907 2619 ac

327 2661 520 2716 minuti
554 2660 749 2716 calculi
776 2661 955 2715 instar
977 2667 1081 2714 est.
1116 2657 1207 2713 Sic
1239 2659 1405 2728 igitur
1424 2673 1487 2712 ea
1507 2673 1642 2713 voce
1671 2657 1905 2728 idipsum

324 2753 472 2824 quod
508 2752 564 2807 in
604 2752 814 2807 semine
850 2752 1090 2806 hominis
1127 2752 1271 2806 inest
1304 2749 1647 2805 simillimum
1682 2764 1908 2804 accura-

326 2847 439 2898 tius
468 2842 777 2915 exprimere
817 2842 1008 2906 voluit,
1043 2856 1171 2897 cum
1205 2840 1344 2895 dixit
1377 2859 1389 2895 :
1425 2838 1820 2910 Imperfectum,
1852 2840 1906 2892 id

323 2946 408 2994 est
448 2933 684 2991 informe
712 2934 827 3003 jam
857 2944 969 2989 tum
1013 2950 1081 2990 ex
1120 2944 1295 3000 utero,
1347 2934 1456 2988 imo
1494 2940 1621 2989 ante
1667 2940 1904 2998 uterum,

320 3033 564 3086 uiderunt
588 3027 732 3082 oculi
757 3029 853 3082 tui.
877 3026 1040 3083 Novit
1069 3029 1214 3083 enim
1242 3027 1425 3082 omnia
1451 3026 1594 3083 Deus
1614 3036 1905 3098 antequam

325 3126 476 3188 (lauit,
512 3129 573 3177 ut
608 3129 695 3177 est
723 3121 993 3191 scriptum
1015 3121 1056 3176 ⁸.
1108 3122 1188 3175 Ac
1236 3121 1384 3188 libri,
1441 3122 1775 3193 segmentive
1802 3138 1904 3177 no-

324 3217 471 3271 mine
520 3223 805 3269 maternus
855 3221 1044 3269 uterus
1090 3212 1386 3271 indicatur.
1437 3213 1623 3284 Neque
1668 3229 1799 3271 vero
1833 3213 1905 3268 ita

324 3308 539 3361 locutus
569 3314 685 3362 est:
722 3306 891 3361 Sume
913 3305 1011 3360 tibi
1033 3305 1264 3369 librum,
1298 3306 1382 3361 vel
1429 3305 1598 3363 Sume
1615 3306 1716 3362 tibi
1744 3306 1905 3360 cbar.

322 3406 435 3451 tam
461 3410 478 3450 :
509 3411 698 3451 verum
740 3405 963 3461 tomum,
1012 3397 1118 3451 hoc
1159 3404 1244 3451 est
1285 3404 1648 3468 segmentum,
1682 3408 1904 3468 propter

320 3488 494 3549 illam,
524 3505 648 3559 quze
683 3491 736 3544 in
778 3490 1179 3545 consuetudine
1220 3490 1503 3545 hominum
1553 3499 1796 3561 apparet,
1828 3491 1905 3545 si-

319 3576 709 3639 militudinem.
747 3581 853 3638 Sed
882 3583 1117 3647 addidit,
1155 3583 1376 3651 chartae,
1412 3593 1471 3638 ut
1501 3586 1648 3639 illam
1672 3585 1726 3639 in
1750 3593 1906 3639 utero

318 3674 468 3730 velut
518 3676 799 3731 scribendi
848 3676 958 3731 vim
1000 3675 1327 3732 declararet.
1382 3676 1689 3744 Postremo,
1736 3694 1903 3741 novw,

317 3768 575 3839 subjecit,
635 3768 707 3823 ob
741 3776 1017 3824 recentem
1066 3768 1500 3840 inviolatumque
1544 3770 1818 3826 castitatis
1849 3771 1901 3824 iu

322 3859 547 3932 Virgine
592 3859 805 3935 liorem.
860 3860 1054 3930 Magna
1090 3861 1293 3932 quippe
1332 3876 1517 3916 coram
1558 3860 1668 3917 Deo
1697 3863 1905 3932 pariter

316 3962 372 4010 et
411 3953 728 4010 hominibus
767 3952 937 4009 Maria
982 3951 1149 4025 Virgo
1184 3954 1414 4010 exstitit.
1453 3954 1588 4021 Quis
1615 3956 1761 4010 enim
1792 3970 1900 4009 non

318 4053 437 4094 eam
476 4054 728 4110 magnam
764 4038 1043 4110 praedicet,
1079 4056 1202 4110 quae
1246 4041 1400 4095 illum
1453 4041 1544 4112 qui
1582 4041 1702 4111 capi
1750 4041 1903 4095 nullo

316 4129 481 4185 modo
515 4137 717 4201 potest,
739 4132 968 4201 ceperit,
1004 4133 1417 4202 eum,inquam,
1439 4134 1531 4203 qui
1563 4135 1702 4189 coelo
1729 4135 1903 4189 ter'ra-

315 4235 423 4289 que
474 4219 751 4275 contineri
803 4219 1031 4288 nequit?
1084 4220 1186 4284 Qui
1239 4220 1512 4289 ejusmodi
1566 4235 1690 4275 cum
1733 4226 1898 4283 esset,

316 4320 512 4381 sponte
542 4326 644 4366 sua
681 4324 746 4365 ac
788 4310 1093 4374 voluntate,
1127 4326 1239 4366 non
1280 4311 1616 4367 necessitate
1653 4326 1901 4382 compre-

318 4403 575 4458 hendi'se
600 4416 801 4472 passus
841 4411 945 4456 est.
976 4401 1120 4472 Ergo
1160 4418 1417 4474 magnum
1470 4404 1600 4459 illud
1643 4405 1899 4459 volumen

2032 550 2096 602 ’Π
2126 548 2183 602 δὲ
2217 546 2310 600 τοῦ
2345 545 2583 618 Χριστοῦ
2614 545 2868 616 γέννησις
2920 543 3062 599 κατὰ
3088 544 3250 614 φύσιν
3291 544 3391 614 μὲν
3422 560 3609 611 γυναι-η

2018 640 2113 704 κὸς
2168 638 2449 709 Παρθένου
2503 638 2722 709 Μαρίας
2765 635 2865 707 τὴν
2916 634 3332 707 ἐνανθρὼπησιν
3384 635 3609 706 ἔσχηκε,

2017 731 2168 803 παρὰ
2203 731 2367 800 φύσιν
2397 730 2453 783 δὲ
2487 729 2701 801 ἐτμήθη
2736 728 2843 782 ἀπὸ
2867 729 2966 799 τῆς
3008 727 3152 781 κατὰ
3177 729 3278 796 τὴν
3319 727 3612 798 ἅνθρωποι

2015 840 2153 894 τητα
2180 821 2503 885 ἀκολουθίας
2529 838 2543 852 ·
2576 821 2652 885 ὼς
2692 821 2789 874 καὶ
2831 818 3028 873 Ἰακὼϐ
3064 820 3193 891 περὶ
3228 818 3395 872 αὑτοῦ
3426 818 3605 886 λέγει·

2014 913 2111 965 Ἐκ
2161 910 2467 978 βλαστοῦ,
2511 909 2604 963 υἱέ
2646 926 2787 978 μου,
2828 908 3082 976 ἁνέὅηςο
3132 909 3226 961 καὶ
3270 908 3374 961 οὐκ
3418 903 3607 960 εἶπεν

2014 1006 2117 1058 Ἐκ
2157 1004 2500 1072 σπέρματος
2537 1001 2780 1069 ἁνέϐης.
2806 1000 2916 1053 Καὶ
2951 999 3143 1053 τούτου
3185 1000 3345 1072 χάριν
3383 999 3551 1070 φησιν
3581 1000 3613 1053 6

2015 1097 2170 1165 ἅγιος
2206 1095 2433 1158 Ἡσαΐας
2455 1097 2484 1149 6
2515 1097 2822 1167 προφήτης,
2853 1093 3053 1163 μᾶλλον
3086 1094 3144 1147 δὲ
3173 1096 3199 1146 6
3226 1091 3431 1163 Κύριος
3460 1090 3610 1162 αὑτῷ

2013 1189 2191 1257 λέγει·
2233 1186 2390 1242 Λάϐε
2434 1185 2671 1252 σεαυτῷ
2706 1186 2895 1256 νόμον
2941 1185 3164 1255 χάρτου
3189 1204 3202 1217 θ
3250 1184 3312 1238 τὸ
3341 1180 3483 1249 εἶδος
3511 1184 3609 1255 τῆς

2018 1280 2307 1352 συνηθείας
2339 1279 2642 1350 σημαίνων,
2670 1280 2728 1332 ὲν
2768 1272 2811 1346 ᾧ
2836 1278 2907 1332 τὰ
2953 1271 3137 1332 πάντα
3164 1279 3469 1351 γρᾶτουσιν
3500 1278 3609 1331 υἱοὶ

2014 1374 2121 1427 τῶν
2152 1371 2479 1445 ἀνθρώπων,
2515 1373 2590 1437 ὡς
2625 1374 2722 1425 καὶ
2770 1373 2828 1424 ὲν
2861 1371 2937 1441 τῷ
2975 1370 3255 1442 ἐκατοετῴ
3300 1369 3610 1440 τριακοστῷ

2013 1468 2185 1537 ὀγδόῳ
2222 1465 2423 1537 ψαλμῷ
2454 1465 2633 1533 λέγει·
2682 1465 2815 1519 Ἐπὶ
2850 1464 2916 1517 τὸ
2945 1463 3191 1528 βιϐλίον
3235 1480 3352 1518 σου
3384 1462 3608 1530 πάντες

2016 1557 2454 1629 τραφήσονται,
2485 1556 2710 1627 ἡμέρας
2751 1556 3238 1623 «lucronem-tat,
3278 1555 3373 1609 καὶ
3406 1554 3610 1623 οὐδεὶς

2014 1652 2084 1705 ἐν
2111 1648 2336 1716 αὐτοῖς.
2387 1648 2590 1719 Βιϐλίῳ
2619 1647 2730 1720 γὰρ
2773 1648 3046 1702 ἀπείκασε
3093 1648 3193 1719 τὴν
3240 1650 3473 1719 μήτραν.
3506 1647 3607 1701 Διὰ

2014 1742 2171 1796 τοῦτο
2211 1744 2239 1794 6
2276 1740 2442 1796 Δαϐὶδ
2481 1740 2633 1809 λέγει
2654 1759 2667 1770 ·
2702 1739 2773 1794 Τὸ
2812 1739 3265 1809 ἀκατέρταστόν
3287 1758 3408 1810 μου
3439 1735 3608 1793 εἶδον

1944 1811 1987 1866 Β
2016 1840 2068 1891 οὶ
2099 1835 2397 1906 ὀφθαλμοί
2439 1851 2557 1889 σου
2580 1850 2594 1863 ·
2640 1831 2890 1887 τουτέστι
2912 1874 2926 1894 ,
2961 1831 3246 1905 Σπαρέντα
3285 1831 3415 1905 πρὶν
3448 1832 3606 1885 ἀπει-

2014 1927 2332 1999 κονισθῆναί
2368 1944 2434 1998 με
2478 1926 2649 1995 ἔγνως
2678 1943 2776 1996 με·
2813 1925 3102 1997 πρότερον,
3149 1925 3279 1995 πρὶν
3319 1924 3412 1978 τοῦ
3464 1940 3604 1978 σπα-

2014 2021 2172 2094 ρῆναί
2205 2038 2269 2089 με
2282 2061 2294 2073 .
2410 2026 2418 2035 ’
2803 2013 2810 2019 ’

2084 2110 2210 2166 AA’.
2249 2112 2307 2164 '0
2341 2110 2398 2163 δὲ
2446 2108 2728 2181 Ἐϐραῐκδς
2766 2107 3094 2179 θαυμαστῶς
3142 2106 3201 2160 τὸ
3235 2106 3387 2178 ῥῆμα
3432 2123 3607 2177 σαφη-

2011 2204 2163 2268 νίζει.
2198 2203 2265 2257 Τὸ
2294 2201 2745 2271 ἀκατέργαστον
2776 2201 2886 2272 γὰρ
2933 2198 3129 2271 γολμὴ
3165 2199 3275 2269 (i8)
3306 2199 3598 2264 ἐκάλεσαν,

2006 2299 2143 2368 ὅπερ
2166 2295 2524 2368 ἑρμηνεύεται
2568 2292 2840 2363 χόνδρος,
2879 2294 2913 2365 ἢ
2951 2290 3322 2364 σεμιδάλεως
3353 2291 3599 2359 κόκκος,

2009 2384 2171 2455 δῆθεν
2207 2384 2265 2437 τὸ
2314 2384 2538 2455 μηδέπω
2575 2386 2655 2447 εἰς
2701 2384 2862 2454 ἄρτον
2912 2381 3162 2436 συνελθὸν
3198 2383 3292 2435 καὶ
3333 2380 3605 2453 φυραθὲν,

2010 2474 2124 2529 ἀλλ’
2148 2475 2223 2538 ὡς
2247 2475 2353 2529 ἀπὸ
2371 2476 2570 2530 κόκκου
2597 2477 2743 2529 σίτου
2770 2475 2976 2547 τμηθὲν
2998 2475 3217 2548 χόνδρον
3239 2476 3272 2548 ἢ
3298 2476 3603 2547 χονδρίτης,

2010 2566 2246 2639 ἦλεπτὴ
2274 2567 2464 2637 ψηφὶς,
2501 2568 2627 2638 ἥτις
2663 2567 2727 2619 ἐκ
2779 2566 3111 2636 σεμιδάλεως
3149 2566 3378 2635 γίνεται.
3417 2564 3603 2631 Οὕτως

2009 2665 2069 2713 τὸ
2101 2658 2355 2712 ίσότυπον
2388 2658 2485 2712 τοῦ
2530 2658 2704 2723 εἴδους
2745 2658 2804 2712 τὸ
2851 2658 3181 2729 τεμνόμενον
3221 2656 3281 2722 ἐξ
3311 2657 3603 2730 ἀνθρώπου

2009 2753 2089 2815 εἰς
2113 2750 2211 2823 τὴν
2242 2748 2451 2821 σπορὰν
2484 2748 2857 2823 ἁκριϐολογῶν
2887 2748 3158 2816 ἀπέδειξε,
3194 2749 3286 2802 καὶ
3310 2750 3497 2822 φησὶν,
3521 2750 3602 2814 εἰς

2020 2844 2248 2898 Ὶιλλάδα
2300 2841 2576 2896 διάλεκτον
2631 2842 3069 2913 ὲρμηνευομένου
3117 2841 3211 2896 τοῦ
3256 2841 3416 2910 λόγου
3446 2883 3461 2907 ,
3530 2841 3602 2895 T6

2009 2936 2477 3006 dxurépraa'tor,
2500 2934 2749 2988 τουτέστι
2772 2933 2831 2987 τὸ
2856 2934 3131 3013 ἄπλαστον
3153 2934 3232 2987 ἔτι
3254 2937 3311 2988 ὲν
3335 2934 3531 3005 κοιλία,
3564 2934 3603 3005 ἡ

2011 3030 2119 3100 πρὸ
2148 3028 2353 3091 κοιλίας
2378 3025 2542 3083 εἶδον
2566 3030 2619 3081 οἱ
2651 3028 2949 3097 ὀφθαλμοί
2976 3044 3114 3082 σου.
3143 3021 3266 3080 Οἵδε
3288 3026 3398 3098 γὰρ
3422 3026 3601 3080 πάντα

2011 3118 2143 3182 Θεὸς
2175 3120 2302 3190 πρὶν
2326 3116 2603 3187 γενέσθαι,
2629 3117 2705 3181 ὡς
2729 3116 3060 3188 γέγραπται.
3098 3116 3244 3190 Πλὴν
3279 3117 3479 3187 βιϐλίον
3508 3120 3601 3173 καὶ

2012 3209 2177 3279 τόμος
2224 3210 2408 3279 μήτρα
2453 3208 2600 3260 ἐστὶν
2634 3209 2667 3277 ἡ
2706 3207 3101 3278 σημαινομένη.
3147 3208 3254 3261 Καὶ
3305 3208 3404 3261 οὐκ
3454 3202 3598 3260 εἶπε·

2009 3298 2157 3353 Λάϐε
2216 3291 2455 3369 σεαυτῷ
2499 3296 2727 3368 βιϐλίον,
2795 3298 2827 3370 ἢ
2898 3298 3044 3355 Λάϐε
3098 3301 3310 3372 σεαυτῷ
3367 3301 3600 3372 χάρτην,

2010 3390 2146 3445 ἀλλὰ
2177 3392 2384 3461 τόμον,
2414 3389 2504 3443 διὰ
2527 3390 2588 3443 τὸ
2626 3388 2822 3454 ἰδιάζον
2855 3390 3004 3464 παρὰ
3036 3390 3133 3464 τὴν
3159 3391 3267 3444 τῶν
3294 3391 3599 3462 ἀνθρώπων

2011 3482 2316 3553 συνήθειαν.
2368 3480 2619 3550 Χάρτου,
2658 3481 2747 3535 διὰ
2791 3482 2853 3535 τὸ
2902 3483 3174 3555 γραφικὸν
3216 3485 3314 3555 τῆς
3361 3485 3597 3556 μήτρας.

2014 3574 2259 3640 Καινοῦ,
2294 3574 2382 3628 διὰ
2410 3575 2471 3629 τὸ
2510 3574 2695 3628 καινὸν
2725 3576 2821 3644 τῆς
2851 3574 3153 3647 Παρθένου,
3185 3578 3278 3630 καὶ
3303 3576 3595 3649 ἄχραντον.

2006 3665 2236 3736 Μεγάλη
2281 3665 2389 3738 γὰρ
2430 3665 2506 3730 ὡς
2539 3666 2755 3737 ἀληθῶς
2794 3669 3028 3741 Μαριάμ
3060 3670 3096 3739 ἡ
3143 3669 3275 3737 ἁγία
3321 3668 3596 3741 Ιὶαρθένος

2007 3761 2238 3814 ἐνώπιον
2268 3760 2402 3814 θεοῦ
2439 3763 2534 3814 καὶ
2567 3761 2890 3833 ἀνθρώπων.
2927 3762 3051 3826 Πῶς
3080 3763 3188 3835 γὰρ
3220 3764 3322 3816 οὐκ
3352 3764 3418 3817 ἂν
3445 3764 3597 3818 εἵπο-

2010 3870 2108 3924 μεν
2141 3851 2347 3923 ταύτην
2386 3852 2652 3923 μεγάλην,
2683 3855 3014 3926 χωρήσασαν
3053 3854 3144 3907 τὸν
3187 3854 3491 3926 ἀχώρητον,
3534 3856 3595 3907 ὃν

2005 3944 2231 4018 οὐρανὸς
2261 3945 2357 3998 καὶ
2395 3946 2465 4016 γῆ
2499 3950 2698 4016 χωρεῖν
2723 3947 2784 4001 οὐ
2814 3946 3095 4012 δύνανται;
3135 3947 3308 4011 Αὐτὸς
3335 3946 3412 4010 δὲ,
3447 3946 3595 4018 ἀχώ-

2007 4056 2169 4111 ρητος
2209 4037 2306 4103 ὢν,
2349 4039 2493 4093 κατὰ
2530 4039 2666 4092 ἰδίαν
2696 4038 3015 4111 προαίρεσιν
3044 4042 3140 4094 καὶ
3171 4041 3418 4097 εὐδοκίαν
3456 4043 3597 4113 ἐχω-

2010 4128 2149 4201 ρήθη
2204 4128 2554 4200 βουλόμενος,
2594 4129 2691 4183 καὶ
2726 4131 2785 4182 οὐ
2842 4131 2986 4185 κατὰ
3029 4132 3294 4203 ἀνάγκην.
3345 4132 3435 4185 Διὸ
3496 4134 3593 4204 μὲ-

2005 4238 2109 4289 γας
2159 4222 2187 4273 6
2245 4222 2411 4291 τόμος
2480 4221 2576 4274 καὶ
2634 4221 2858 4285 καινός·
2913 4223 3087 4293 μέγας
3133 4223 3223 4277 διὰ
3260 4223 3321 4276 τὸ
3361 4223 3544 4295 θαῦμα
3573 4241 3589 4256 ·

2004 4314 2209 4377 καινὸς,
2238 4314 2320 4367 ὅτι
2343 4311 2631 4385 παρθένος.
2668 4314 2800 4388 Καὶ,
2824 4315 3096 4384 Γράψον,
3125 4317 3307 4388 φησιν,
3336 4317 3406 4371 ἐν
3426 4317 3591 4384 αὐτῷ

2003 4390 2241 4476 γραςείδι
2274 4405 2610 4473 ἀνθρώπου.
2647 4387 2758 4461 Kal.
2793 4409 2895 4461 οὐκ
2933 4404 3077 4462 εἷπε·
3110 4410 3151 4462 Γ
3156 4387 3321 4481 ράψει
3354 4413 3411 4463 ὲν
3440 4411 3589 4482 αὑτῷ

314 4504 398 4552 est
464 4510 527 4549 ac
580 4509 793 4550 recens.
857 4493 1134 4565 Magnum,
1185 4496 1255 4549 ob
1290 4497 1649 4551 miraculum:
1686 4512 1897 4560 recens,

2008 4515 2086 4561 τις
2115 4496 2337 4568 γραφίδι
2382 4495 2692 4569 ἁνϐρὼποψ
2741 4498 2864 4553 οὐδὲ
2911 4492 3054 4552 εἶπε·
3105 4501 3145 4553 Γ
3150 4501 3310 4572 ράιξρει
3343 4502 3402 4554 ἐν
3440 4502 3588 4573 αὑτῷ

312 4591 439 4661 quia
491 4588 644 4659 virgo
701 4587 824 4643 fuit.
890 4586 1143 4644 Deinde:
1204 4590 1408 4654 Scribe,
1470 4591 1666 4659 inquit,
1722 4593 1779 4644 in
1832 4607 1890 4644 eo

320 4685 452 4753 πιείίο
509 4672 779 4737 Ιιοηιίηίεί
815 4681 933 4737 Non
969 4682 1105 4738 dicit
1169 4703 1182 4738 :
1250 4682 1485 4749 Scribet,
1520 4684 1574 4737 in
1624 4699 1689 4739 eo
1742 4684 1894 4754 quis«

318 4775 458 4847 piam
504 4772 743 4829 hominis
783 4773 959 4845 stylo;
1013 4790 1211 4846 neque,
1260 4774 1476 4831 Scribet
1504 4775 1567 4830 in
1609 4791 1674 4831 eo
1706 4775 1893 4835 homo.

315 4883 379 4922 ne
411 4881 572 4936 quam
605 4866 733 4922 inde
762 4865 937 4922 Ebion
976 4869 1325 4926 occasionem
1359 4869 1646 4939 arriperet.
1678 4869 1814 4924 Nam
1844 4871 1893 4924 si

309 4960 382 5012 ita
434 4960 685 5023 dixisset,
741 4958 959 5015 Scribet
1010 4960 1066 5014 in
1109 4976 1175 5016 eo
1228 4961 1413 5024 homo,
1446 4962 1704 5032 colligere
1730 4977 1793 5016 ex
1826 4976 1891 5015 eo

310 5057 518 5120 posset,
550 5055 786 5105 saturem
826 5049 1001 5107 fuisse
1035 5048 1358 5122 Josephum,
1387 5049 1776 5122 Christumque
1809 5053 1888 5106 vi-

378 5169 393 5198 ²
428 5160 567 5222 Gen.
602 5183 756 5234 xux,
781 5168 836 5222 4.
915 5172 937 5201 ¹
962 5168 1111 5226 Psal.
1147 5185 1415 5239 cxxxvm,
1454 5170 1542 5225 16.

375 5260 485 5332 (48)
531 5262 603 5315 Τὸ
635 5261 1081 5333 ἁκατέργαστον
1116 5262 1226 5336 γὶὰρ
1265 5267 1478 5337 τολμή.
1520 5265 1716 5321 Mirum
1743 5268 1890 5324 unde

306 5351 448 5406 hanc
477 5350 759 5407 llebraica:
781 5355 936 5408 vocis
968 5358 1245 5410 notionem
1275 5342 1689 5427 acceperitn'm
1715 5359 1887 5428 magi-

304 5442 436 5538 stris
488 5452 574 5498 est
615 5453 764 5506 una:
812 5429 905 5506 δίη
938 5456 1149 5507 uri-nu:
1186 5427 1250 5508 5:
1287 5458 1346 5508 τι
1381 5458 1521 5538 raw
1557 5459 1669 5534 τευ,
1724 5461 1780 5505 ιιι
1813 5427 1889 5504 ait

304 5530 611 5591 Kimchius.
648 5537 775 5591 Item
829 5552 927 5593 vas
973 5540 1215 5603 nondum
1268 5530 1594 5609 perlectum.
1630 5542 1783 5598 Unde
1833 5554 1886 5601 et

306 5639 400 5719 per
431 5628 1030 5719 translationemrnnnn
1058 5639 1198 5704 Vm:
1232 5644 1351 5719 PT;
1389 5645 1567 5704 D'mn,
1605 5636 1772 5691 Homo
1799 5656 1885 5693 sa-

303 5712 513 5775 pientia?
535 5714 729 5778 inanis,
749 5734 810 5770 ac
834 5718 1034 5793 fatuus.
1058 5712 1367 5791 Radix'ipsa
1398 5726 1721 5794 glomerare,
1740 5739 1792 5783 et
1826 5732 1880 5787 in

305 5818 543 5859 massam
561 5806 804 5876 redigere
828 5810 1118 5881 Significat.
1139 5814 1258 5879 Quo
1282 5830 1447 5872 sensu
1472 5802 1598 5878 ciu
1624 5835 1721 5889 pro
1746 5839 1882 5880 mas-

1999 4591 2307 4662 ἄνθρωπος,
2340 4590 2426 4643 ἵνα
2461 4592 2535 4663 μὴ
2574 4590 2711 4663 εὕρῃ
2750 4592 3022 4664 πρόφασιν
3054 4595 3083 4646 6
3137 4592 3347 4647 Ἐϐίων.
3388 4596 3447 4648 El
3480 4596 3588 4666 γάρ

1998 4680 2142 4746 εἷπε,
2194 4682 2401 4754 Γράφει
2452 4686 2509 4736 ὲν
2557 4683 2707 4754 αὐτῷ
2739 4683 3047 4755 ἄνθρωπος,
3084 4681 3229 4757 εἶχεν
3271 4688 3466 4750 εἰπεῖν,
3504 4688 3583 4741 ὅτι

1997 4774 2285 4846 ἄνθρωπος
2324 4773 2523 4844 Ἰωσὴφ
2553 4773 2795 4847 ἔσπειρε,
2830 4778 2925 4830 καὶ
2953 4778 3017 4831 ὲκ
3046 4776 3365 4847 σπέρματος
3394 4777 3585 4849 ἀνδρὸς

1998 4865 2260 4937 ἐγεννήθη
2287 4865 2541 4941 Χριστός.
2571 4866 2662 4936 Τῷ
2683 4866 2740 4920 δὲ
2773 4867 2970 4939 Ἡσαΐᾳ
2991 4868 3096 4940 πρὸ
3116 4867 3458 4923 ἑπτακοσίων
3472 4869 3584 4939 (49)

1999 4958 2507 5030 πεντηκοντατριῶν
2541 4959 2678 5012 ἐτῶν
2713 4958 2883 5013 πλείω
2910 4960 2943 5032 ἣ
2976 4960 3193 5015 ἐλάσσω
3224 4948 3397 5030 ἔλεγε,
3428 4962 3587 5030 Γρά-

1996 5056 2139 5122 ψον,
2165 5052 2251 5105 ἵνα
2277 5051 2385 5105 ἀπὸ
2405 5050 2501 5106 τοῦ
2532 5053 2727 5125 καιροῦ
2752 5052 2846 5107 τοῦ
2871 5054 3235 5128 διαστήματος
3263 5056 3401 5128 δερθῇ
3442 5060 3586 5111 πᾶσα

1642 5170 1661 5203 ³
1687 5170 1817 5225 ibid.
1897 5173 1921 5204 ⁸
1952 5171 2086 5224 Dan.
2117 5184 2238 5233 xui,
2269 5170 2358 5226 42.

1992 5284 2055 5346 sa
2088 5267 2361 5321 incondita
2380 5284 2409 5346 _:_
2427 5268 2787 5346 undeLatina
2824 5286 2929 5324 vox
2957 5272 3183 5342 glomus.
3212 5273 3318 5329 Sed
3340 5290 3439 5345 pro
3460 5276 3578 5346 χόν-

1991 5338 2318 5417 δριρ-ιειιμιθ
2341 5341 2515 5417 alica},
2549 5341 2809 5417 similaeve
2838 5338 3010 5411 grano
3035 5360 3313 5417 nunquam
3340 5338 3467 5417 legi.

2075 5357 2122 5394 ι).
2156 5357 2318 5417 atque
2343 5357 2515 5402 alica),
2549 5357 2809 5394 snmlaive
2838 5357 3010 5411 grano
3035 5360 3313 5414 nunquam
3342 5357 3467 5417 legl.

2058 5357 2173 5479 1(49)
2220 5413 2303 5474 Τῳ
2329 5407 2399 5482 δέ
2418 5409 2623 5482 ᾙσαΐςι
2644 5414 2758 5478 πρὸ
2783 5413 3179 5469 ἑπτακοσίων.
3221 5415 3397 5482 Quam
3415 5419 3580 5472 chro-

1991 5482 2267 5553 nologiam
2316 5479 2628 5553 adhibuerit
2663 5482 3021 5552 Epiphanius.
3058 5479 3312 5553 equidem
3364 5491 3570 5544 nescio.

1991 5549 2259 5627 Eusebius
2290 5566 2418 5627 vero
2443 5551 2532 5627 ab
2586 5549 2730 5609 anno
2769 5549 3065 5627 ’Arhazitx.
3102 5549 3154 5610 in
3190 5575 3348 5627 quem
3382 5561 3575 5614 vatici-

1990 5621 2140 5673 nium
2175 5620 2305 5673 illud
2333 5621 2557 5685 conjicit
2600 5632 2808 5689 noster,
2859 5631 2923 5678 ad
2959 5620 3222 5681 Natalcuf
3242 5628 3447 5684 Christi
3484 5646 3572 5683 an-

1990 5706 2091 5745 nos
2116 5692 2321 5759 colligit
2355 5693 2485 5756 748;
2518 5708 2643 5746 nam
2677 5712 2854 5751 nonus
2887 5697 3069 5750 Acha:
3101 5701 3396 5753 ascribitur
3426 5716 3575 5756 anno

1991 5760 2169 5885 17338,
2233 5761 2441 5818 Natalis
2497 5765 2701 5823 Christi
2783 5766 2960 5833 2015,
3021 5768 3369 5825 interulluni
3437 5774 3568 5827 anui
