4004 6192
304 340 412 400 467

1685 336 1742 392 S.
1785 335 2130 393 EPIPHANII

3480 336 3587 392 168

307 476 566 532 magnum
595 467 812 522 vocant,
837 474 937 514 nec
976 473 1086 512 non
1122 467 1178 513 et
1209 457 1442 514 alterum
1475 457 1622 528 quod
1662 473 1887 530 parvum

1997 475 2221 512 πτουσιν
2260 453 2420 513 αὗται
2463 459 2521 512 αί
2565 457 2792 530 ἡμέραι,
2831 459 2948 529 ἦτοι
2997 458 3054 512 ἐν
3098 457 3330 529 δευτέρᾳ
3369 456 3584 512 Σαϐϐά-

305 554 602 624 appellant.
635 553 859 620 Quoties
879 551 1048 622 igitur
1067 551 1186 624 dies
1203 551 1472 620 ejusmodi
1506 552 1560 604 in
1593 551 1890 606 secundam

305 654 432 716 post
457 644 758 701 Sabbatum
791 644 960 707 diem,
995 643 1082 698 vel
1117 643 1358 706 tertiam,
1394 649 1489 696 aut
1518 650 1770 714 quartam
1805 643 1858 698 in

307 734 518 797 ridunt,
572 733 721 790 istud
772 734 953 804 ipsum
1002 733 1222 790 illorum
1277 733 1532 790 instituto
1590 732 1890 788 Sabbutum

304 836 584 884 rensetur.
619 826 804 895 Quare
833 827 1140 884 secundum
1173 826 1506 894 Azymornm
1543 828 1766 885 festum.
1805 829 1892 881 de-

306 918 630 990 linitumque
661 920 889 976 Sabbati
913 919 1078 983 diem,
1111 934 1178 975 eo
1219 919 1480 984 Sabbato,
1511 923 1657 992 quod
1686 931 1740 977 et
1768 937 1892 992 pro-

308 1009 424 1081 prie
457 1012 530 1066 ita
575 1011 782 1068 dictum
828 1022 934 1078 est,
977 1025 1032 1069 et
1063 1013 1396 1084 AzymOrum
1435 1013 1579 1068 diem
1615 1015 1888 1084 sequitur,

307 1118 430 1172 qua:
446 1111 500 1159 et
520 1104 637 1175 ipsa
662 1119 762 1176 pro
789 1103 1030 1160 Sabban
1049 1115 1328 1167 censetur,
1353 1103 1492 1160 forte
1520 1107 1622 1161 iter
1650 1123 1746 1177 per
1771 1115 1890 1162 sata

310 1193 580 1262 fecerunt,
606 1213 669 1252 ac
690 1199 874 1254 vulsas
903 1200 1087 1268 spicas
1112 1197 1493 1261 ali‘ricuerunt.
1518 1209 1682 1272 atque
1710 1216 1893 1256 come-

310 1290 528 1358 derunt,
565 1300 623 1346 ut
662 1293 878 1348 vincula
915 1293 1004 1347 illa
1053 1293 1278 1348 Sabbaii
1329 1295 1614 1348 sanctione
1663 1295 1895 1349 astricta

309 1387 490 1440 soluta
541 1401 665 1443 esse
715 1395 1091 1443 monstrarent
1141 1389 1320 1456 magni
1375 1389 1527 1444 illius
1573 1387 1891 1443 accessione

307 1476 556 1548 Sabbati,
607 1479 711 1535 hoc
742 1491 828 1535 cst
857 1481 1056 1537 Christi
1095 1481 1332 1546 Domini,
1366 1481 1458 1550 qui
1497 1489 1558 1534 nt
1588 1497 1616 1534 a
1649 1481 1890 1552 peccatis

305 1572 515 1628 nostris
544 1572 957 1642 quiesceremus
991 1574 1241 1629 indulsit.
1285 1572 1458 1640 Cujus
1489 1575 1712 1637 insuper
1747 1573 1886 1640 ligu-

301 1679 422 1720 ram
457 1664 696 1728 Noemus
725 1665 855 1720 olim
911 1666 1170 1737 pra‘tulit.
1223 1666 1272 1720 is
1317 1681 1478 1734 quem
1515 1674 1703 1719 natum
1738 1671 1892 1734 pater

1993 549 2250 620 cmv(55),
2275 549 2308 620 ἢ
2335 552 2392 604 ἐν
2411 550 2592 630 τρίτῃ,
2621 550 2654 622 ἢ
2676 553 2734 606 ὲν
2758 550 2998 623 τετράδι,
3031 549 3309 604 Σάϐϐατον
3333 550 3430 603 καὶ
3454 550 3584 604 aut);

1994 645 2178 706 αὐτοῖς
2205 642 2464 712 ὁρίζεται.
2493 643 2584 696 Διὸ
2612 643 2750 716 μετὰ
2765 643 2864 714 τὴν
2887 643 2997 697 τῶν
3013 640 3265 714 Ἀζύμων
3287 641 3585 711 γενομένη-ι

1933 699 1974 750 δ
1997 699 2225 808 ἡμέραν,
2241 699 2339 790 ὶωξι
2357 699 2666 808 ὁρισθεῖσάν
2687 699 2899 809 ἡμέραν
2915 699 3216 796 Σαῆὄάτου,
3232 699 3312 806 τῶ
3325 699 3558 788 Σαέϐάτ
3606 779 3608 784 .

1993 829 2154 898 φύσει
2173 829 2252 900 τῷ
2279 829 2415 901 μετὰ
2435 829 2534 902 τὴν
2567 831 2782 902 ἡμέραν
2809 831 2920 884 τῶν
2935 829 3064 894 Ἀζύ
3073 846 3189 900 μων
3211 830 3290 892 είς
3307 827 3556 881 Σάϐϐατο

1993 921 2404 994 λελογισμένην.
2435 923 2738 995 εὑρέθησαν
2758 921 3126 986 διαϐαίνοντες
3154 919 3243 974 διὰ
3267 920 3374 974 τῶν
3397 919 3560 988 σπορί
3579 951 3591 958 -

1997 1034 2133 1086 μων,
2159 1016 2256 1070 καὶ
2289 1015 2495 1069 έτιλλον
2527 1015 2789 1086 στάχυας,
2836 1015 2934 1068 καὶ
2978 1012 3211 1084 ἔψωχον,
3245 1011 3342 1065 καὶ
3374 1010 3581 1082 ἤσθιον,

1992 1107 2318 1170 δεικνύντες,
2371 1105 2454 1160 ὅτι
2501 1103 2722 1158 λέλυται
2773 1105 2802 1158 ὁ
2832 1103 3028 1174 δεσμὸς
3056 1102 3087 1154 ὁ
3119 1103 3177 1154 ὲν
3213 1099 3292 1172 τῷ
3323 1099 3590 1168 Σαϐϐάτῳ

1991 1201 2326 1273 ὁριζόμενος,
2355 1200 2601 1265 ὲλθόντος
2622 1197 2716 1252 τοῦ
2743 1197 2980 1270 μεγάλου
3013 1195 3314 1260 Σαϐϐάτου,
3338 1193 3588 1248 τουτέστι

1991 1292 2255 1366 Χριστοῦ,
2288 1293 2383 1348 τοῦ
2419 1294 2841 1356 ἀναπαύσαντος
2877 1293 3028 1363 ἡμᾶς
3058 1289 3168 1344 άπὸ
3196 1287 3304 1342 τῶν
3333 1289 3586 1358 ἁμαρτηε-

1997 1386 2182 1457 μάτων
2211 1385 2388 1458 ἡμῶν,
2419 1381 2480 1440 οὗ
2509 1385 2680 1450 τύπος
2703 1381 2772 1456 ἧν
2801 1386 2838 1438 ὁ
2867 1382 3014 1447 Νῶε,
3041 1382 3102 1436 ὃν
3141 1383 3171 1434 ὁ
3205 1379 3389 1451 πατὴρ
3417 1378 3586 1434 αὑτοῦ

1993 1479 2323 1551 γεννηθέντα
2383 1477 2650 1551 ἑωρακὼς
2717 1476 2859 1531 κατὰ
2919 1473 3290 1548 προφητείαν,
3357 1471 3588 1526 ἐπέθετο

1991 1571 2142 1643 αὐτῷ
2186 1573 2358 1643 ὄνομα
2405 1571 2550 1636 Νῶε,
2604 1572 2814 1641 λέγων’
2869 1571 2990 1624 Ὅτι
3023 1565 3204 1636 οὗτος
3242 1567 3586 1622 ἀναπαύσει

1992 1665 2152 1737 ἡμᾶς
2175 1667 2244 1720 ἐκ
2272 1665 2392 1719 τῶν
2415 1663 2716 1734 ἁμαρτιῶν
2746 1663 2938 1733 ἡμῶν,
2962 1664 3084 1734 1ἦτοι
3123 1659 3378 1732 σκληρῶν
3404 1659 3585 1731 ἔργων

300 1765 364 1814 ut
389 1758 549 1824 vidit,
577 1759 898 1829 prephetico
929 1758 1168 1829 quodam
1203 1759 1384 1813 alllatu
1417 1757 1678 1812 Nocnmm
1709 1759 1888 1828 appel-

1995 1759 2170 1830 ήμῶν.
2211 1759 2268 1812 Ὀ
2296 1758 2418 1811 Νῶε
2444 1757 2501 1811 δὲ
2526 1757 2634 1810 ἀπὸ
2655 1755 2942 1828 ἁμαρτιῶν
2962 1757 3063 1809 οὐκ
3085 1754 3414 1817 ἀνέπαυσεν,
3447 1751 3584 1805 ἀλλὰ

303 1849 407 1906 lari
433 1851 636 1906 voluit:
677 1851 962 1917 Quoniam,
1005 1851 1206 1920 inquit,
1232 1852 1345 1920 ipse
1370 1852 1596 1920 requiem
1622 1849 1772 1904 dabit
1807 1867 1893 1902 uo-

303 1941 382 1996 bis
412 1959 446 1996 α
489 1942 716 2011 peccatis
761 1943 1020 2002 nostris‘.
1071 1942 1174 1997 hoc
1219 1951 1303 1996 est
1349 1941 1644 1996 laboriosis
1688 1941 1893 1996 nostris

301 2032 584 2103 operibus.
614 2031 777 2102 Atqui
807 2027 1048 2088 Noemus
1079 2033 1285 2086 nullam
1321 2047 1352 2086 a
1385 2031 1622 2101 peccatis
1649 2031 1890 2100 requiem

301 2123 509 2187 attulit,
559 2133 619 2180 ut
662 2125 934 2196 intelligas
985 2126 1052 2179 de
1096 2125 1318 2180 Clu-isto
1365 2124 1722 2178 vaticinatum
1771 2139 1893 2178 esse

299 2213 657 2282 Lameclmm,
690 2215 744 2270 in
776 2230 937 2286 quem
964 2215 1129 2270 eliam
1160 2215 1277 2276 ipsa
1313 2215 1550 2270 nominis
1583 2214 1724 2268 ratio
1757 2229 1890 2268 con-

296 2309 468 2365 venit.
493 2307 735 2365 Noemus
760 2310 904 2366 enim
933 2309 1162 2380 requiem
1185 2307 1482 2378 signiﬁcat,
1506 2320 1565 2364 ut
1584 2315 1639 2361 et
1662 2306 1884 2367 Sebeth.

296 2417 422 2473 quae
460 2417 564 2457 vox
602 2412 712 2458 tam
758 2401 904 2459 istud
939 2403 1116 2472 ipsum
1162 2417 1325 2472 quam
1375 2399 1670 2456 Sabbatum
1703 2400 1884 2469 expri-

296 2495 417 2548 mit.
453 2492 611 2560 Quod
644 2496 893 2566 apprime
923 2494 1147 2548 Christo
1187 2496 1465 2564 congruit,
1502 2494 1556 2547 in
1585 2509 1694 2562 quo
1725 2492 1886 2546 Pater

295 2600 425 2640 cum
475 2584 688 2656 Spiritu
745 2595 938 2641 sancto
997 2575 1330 2654 requiescit;
1388 2584 1888 2654 requieveruntque

297 2676 574 2752 sancliad
599 2693 770 2732 unum
809 2691 1024 2742 omnes,
1075 2683 1431 2746 posteaquam
1474 2690 1504 2729 a
1537 2688 1761 2746 peccato
1792 2675 1888 2728 de-

295 2770 579 2826 stiterunt.
615 2768 715 2824 Hic
741 2777 1106 2838 estmagnum
1133 2767 1644 2838 sempiternumque
1671 2767 1850 2822 Sahba
1869 2797 1884 2807 -

295 2869 436 2924 tum.
469 2862 630 2932 cujus
656 2877 884 2934 parvqu
937 2862 1067 2917 illud
1120 2863 1403 2931 exemplar
1443 2861 1574 2926 fuit;
1618 2860 1684 2915 ad
1736 2859 1884 2914 illius

294 2954 592 3012 adventum
622 2972 798 3026 usque
821 2956 875 3010 in
901 2971 1059 3010 usum
1089 2955 1420 3019 adhibitum,
1447 2964 1500 3010 et
1523 2954 1592 3010 ab
1615 2955 1735 3024 ipso
1767 2967 1882 3024 lege

291 3049 685 3116 constitutum;
726 3049 795 3104 ab
827 3048 1130 3118 eodemque
1165 3049 1427 3112 solutum,
1460 3055 1514 3100 ct
1548 3047 1602 3100 in
1637 3045 1881 3115 Evange-

290 3141 368 3196 lio
395 3139 616 3195 demum
647 3141 948 3210 impletum.
989 3142 1067 3194 Ita
1098 3139 1242 3194 enim
1275 3139 1367 3192 ille
1398 3137 1537 3192 dixit
1569 3157 1582 3192 :
1621 3137 1876 3192 Dominus
1909 3157 1948 3208 α

289 3241 368 3286 est
399 3232 580 3288 Filius
625 3233 852 3286 heminis
881 3234 1042 3286 etiam
1082 3231 1370 3286 Sabbati'.
1407 3231 1478 3284 lix
1518 3246 1630 3300 quo
1675 3231 1876 3284 factum

289 3333 399 3392 est,
429 3333 490 3378 ut
511 3323 776 3379 audacter
797 3323 1049 3394 discipuli
1085 3323 1385 3379 Sabbatum
1412 3324 1712 3387 solverent,
1738 3338 1877 3392 prm-

289 3415 482 3469 scrtim
530 3430 656 3470 cum
705 3424 761 3470 et
810 3415 1126 3471 sacerdotes
1157 3427 1284 3471 ante
1325 3416 1448 3471 illos
1491 3415 1631 3470 idem
1667 3414 1880 3470 sacrifi-

288 3505 492 3570 cando,
524 3505 915 3576 olferendoque
950 3506 1211 3570 facerent,
1244 3521 1314 3561 ne
1343 3506 1476 3576 juge
1521 3504 1654 3560 illud
1693 3503 1876 3573 quoti-

1994 1851 2075 1914 εἰς
2098 1848 2333 1910 Χριστὸν
2365 1847 2770 1920 προεφήτευσεν
2798 1845 2828 1897 ὁ
2865 1843 3060 1915 Λάμεχ
3096 1842 3196 1914 τὴν
3244 1839 3585 1912 προφητείαν

1993 1941 2069 2013 τῷ
2094 1942 2115 1974 ³
2146 1941 2268 1995 Νῶε
2298 1941 2737 2012 ἑρμηνευόμενον
2767 1938 2842 1991 ἐν’
2865 1935 3117 2008 ἀληθείᾳ.
3150 1935 3276 1990 Νῶε
3305 1933 3416 2004 γὰρ
3439 1931 3584 1986 ἀνά-

1993 2048 2220 2099 παυσις
2249 2031 2634 2104 ἑρμηνεύεται,
2661 2031 2757 2084 καὶ
2782 2027 3114 2098 Σεϐὲθ.ὄπερ
3130 2025 3478 2089 ἀνάπαυσις
3489 2024 3580 2076 καὶ

1992 2124 2296 2180 Σάϐϐατον
2319 2122 2705 2196 ἑρμηνεύεται,
2738 2121 2766 2176 ὃ
2795 2117 3179 2190 ἐστιΧριστὺς,
3211 2118 3270 2170 ὲν
3301 2109 3346 2184 ᾧ
3379 2112 3577 2168 ἀναπέ-

1993 2235 2200 2272 παυται
2244 2219 2272 2270 ὁ
2317 2217 2526 2289 Πατὴρ.
2560 2214 2746 2270 καὶτὸ
2775 2213 2929 2282 ἆγιον
2972 2210 3200 2282 Πνεῦμα
3241 2207 3428 2271 αὐτοῦ,
3485 2205 3582 2260 καὶ
3667 2236 3689 2253 .

1991 2310 2195 2373 πάντες
2237 2311 2382 2379 ἅγιοι
2422 2309 2700 2380 ἄνθρωποι
2734 2309 2792 2361 ὲν
2832 2304 2982 2376 αὐτῷ
3012 2303 3414 2364 ἀνεπαύσαντο,
3441 2317 3581 2352 παυ-

1991 2403 2216 2474 σάμενοι
2236 2402 2345 2456 ἀπὸ
2367 2399 2803 2472 ἁμαρτημάτων.
2839 2389 3009 2460 Οὗτός
3039 2397 3154 2449 ἐστι
3182 2394 3244 2447 τὸ
3271 2392 3414 2465 μέγα
3440 2389 3579 2444 Σάὸο

1988 2495 2151 2549 ϐάτον
2186 2496 2280 2549 καὶ
2308 2495 2496 2554 ἀΐδιον,
2539 2485 2598 2546 οὗ
2645 2491 2813 2556 τύπος
2857 2485 2924 2562 ἦν
2968 2487 3030 2544 τὸ
3075 2487 3270 2560 μικρὸν
3301 2485 3576 2540 Σάϐϐατον·

1987 2584 2494 2656 ἐξυπηρετούμενον
2541 2583 2671 2654 ἄχρι
2697 2583 2799 2652 τῆς
2841 2580 3004 2636 αὐτοῦ
3037 2577 3364 2650 παρουσίας,
3401 2591 3577 2647 προση

1986 2679 2186 2751 ταχθὲν
2223 2680 2315 2732 ὑπ’
2373 2678 2540 2732 αὑτοῦ
2575 2676 2718 2732 κατὰ
2752 2677 2844 2732 τὸν
2878 2677 3063 2748 νόμον,
3095 2675 3190 2728 καὶ
3221 2676 3278 2727 ἐν
3307 2671 3456 2744 αὐτῷ
3484 2671 3578 2726 λυ-

1987 2769 2100 2836 θὲν,
2155 2771 2249 2824 καὶ
2296 2769 2581 2840 πληρωθὲν
2617 2770 2676 2821 ἐν
2714 2765 2792 2838 τῷ
2845 2765 3184 2836 Εύαγγελίῳ.
3239 2765 3427 2827 Οὕτως
3464 2765 3577 2834 γάρ

1983 2857 2158 2918 εἶπεν.
2204 2864 2288 2916 ὅτι
2313 2863 2530 2930 Κύριός
2557 2861 2730 2915 ἐστιν
2755 2863 2790 2914 ό
2827 2861 2962 2926 Υἱὸς
2994 2860 3101 2914 τοῦ
3129 2857 3445 2928 ἀνθρώπου
3475 2858 3575 2910 καὶ

1983 2956 2088 3010 τοῦ
2112 2957 2438 3010 Σαόϐάτου.
2471 2953 2634 3008 Ὅθεν
2673 2951 2990 3024 θαρσαλέως
3028 2954 3074 3006 οἱ
3109 2953 3353 3024 μαθηταὶ
3385 2951 3576 3006 λύουσι

1981 3047 2043 3101 τὸ
2069 3044 2368 3102 Σάϐϐατοψ
2397 3047 2584 3116 ἐπειδὴ
2609 3047 2700 3101 καὶ
2726 3049 2774 3100 οἱ
2806 3045 2912 3116 πρὸ
2935 3045 3116 3099 αὐτῶν
3145 3047 3310 3117 ἱερεῖς
3335 3045 3490 3098 ἔλυον
3515 3042 3576 3096 se

1983 3138 2257 3192 Σάϐϐατόν
2284 3139 2522 3202 θύοντες.
2556 3139 2653 3193 καὶ
2675 3137 2796 3208 Θεῷ
2821 3137 3011 3201 θυσίας
3041 3137 3462 3208 προσφέροντες,
3487 3137 3576 3190 ἵνα

1985 3229 2060 3300 μὴ
2113 3230 2334 3302 άργὴσῃ
2385 3231 2544 3284 θυσία
2590 3233 2624 3302 ἡ
2680 3229 2986 3302 ἐνδελεχὴς,
3041 3231 3137 3284 καὶ
3187 3229 3312 3284 καθ’
3355 3231 3576 3302 ἡμέραν

1981 3323 2421 3394 προσφερομένη.
2449 3324 2523 3377 Οὐ
2557 3323 2718 3395 μόνον
2745 3323 2798 3376 δὲ
2833 3323 2987 3376 αὐτοὶ
3018 3323 3391 3395 προεφήτευον
3413 3323 3460 3376 οί
3494 3322 3573 3376 ίεο

1983 3418 2094 3486 psi;
2144 3415 2473 3486 λυθήσεσθαι
2527 3416 2588 3470 τὸ
2637 3416 2917 3470 Σάϐϐατον
2961 3415 3050 3472 διά
3092 3416 3188 3470 τοῦ
3241 3417 3315 3488 μὴ
3357 3419 3571 3487 ἀργεῖν·

1977 3505 2114 3560 ἀλλὰ
2144 3505 2240 3559 καὶ
2273 3506 2410 3578 αὐτὴ
2435 3509 2469 3578 ἠ
2507 3507 2781 3580 περιτομὴ
2811 3508 2932 3561 ἔλυε
2961 3506 3022 3560 τὸ
3042 3507 3342 3562 Σάϐϐατόν.
3373 3509 3574 3562 Γεννωο

287 3599 624 3670 dianumque
652 3599 984 3656 sacriﬁcium
1031 3598 1480 3654 intermitterent.
1522 3598 1602 3651 Ac
1637 3610 1746 3650 non
1786 3610 1876 3650 sa-

1989 3597 2143 3670 μένου
2167 3597 2224 3650 δὲ
2253 3598 2440 3661 παιδὸς
2464 3598 2723 3664 πολλάκις
2743 3601 2800 3652 ὲν
2817 3599 3102 3669 Σαϐϐάτῳ.
3126 3599 3407 3670 ἀναίρεσις
3431 3598 3572 3652 Σαϐ-

287 3691 542 3748 cerdotes
573 3693 753 3748 solum
791 3691 896 3746 hoc
925 3693 1066 3763 ipso.
1098 3689 1246 3762 quod
1280 3705 1349 3744 ne
1377 3688 1618 3744 Sabbato
1651 3687 1872 3758 quidem

1989 3690 2143 3744 Βάτου
2181 3690 2269 3744 διὰ
2311 3691 2616 3762 περιτομῆς
2637 3690 2866 3760 ἐγίνετο.
2898 3691 3056 3745 Οὕτω
3079 3692 3200 3754 ταῖς
3227 3690 3572 3763 ἀμφοτέραις

283 3791 474 3840 essent
504 3781 708 3848 feriati,
739 3783 980 3839 solutum
1012 3782 1146 3838 illud
1169 3782 1234 3836 iri
1269 3781 1364 3836 diu
1387 3789 1514 3836 ante
1539 3779 1873 3850 praenuntia-

1989 3784 2190 3856 ᾐλύσις
2227 3783 2673 3856 προεθεσπίξετο.
2721 3785 3006 3838 Δείκνυται
3034 3783 3162 3856 γὰρ,
3195 3783 3279 3838 ὅτι
3317 3783 3367 3838 οἱ
3409 3799 3570 3854 περι-

284 3873 453 3938 bant;
491 3873 585 3929 sed
615 3882 670 3929 et
695 3875 1051 3930 circumcisio
1081 3875 1198 3944 ipsa
1237 3872 1508 3929 solvebat.
1544 3872 1705 3944 160
1732 3871 1869 3928 Cum

1989 3879 2262 3950 τέμνοντες
2291 3877 2424 3932 αὐτὸ
2461 3878 2523 3932 τὸ
2567 3877 2824 3948 γεννηθὲν
2864 3879 2922 3931 ὲν
2961 3877 3245 3948 Σαϐϐάτῳ,
3277 3877 3374 3931 ἐὰν
3408 3876 3568 3948 θελήο

281 3965 430 4021 enim
482 3965 728 4022 Sabbato
777 3983 916 4038 puer
962 3982 1340 4038 saapenumero
1371 3975 1712 4031 nasceretur,
1747 3965 1870 4035 ejus

1989 3985 2141 4021 rwow
2187 3966 2720 4040 άκριϐολογήσασθαι
2770 3969 2870 4036 τὴν
2911 3969 3104 4038 ὀγδόην
3137 3967 3372 4039 ἡμέραν,
3413 3969 3568 4041 εὑρί-

283 4055 390 4111 diei
417 4055 735 4128 religionem
772 4057 1126 4113 circumcisio
1157 4058 1417 4124 tollebat;
1445 4064 1609 4126 atque
1639 4057 1715 4110 ita
1740 4056 1871 4111 dua-

1989 4074 2197 4120 τκοντες
2225 4058 2608 4129 ἐμπίπτουσαν
2635 4059 2692 4110 ἐν
2720 4058 3002 4128 Σαϐϐάτῳ,
3039 4057 3133 4111 καὶ
3157 4058 3565 4130 περιτεμόντες,

279 4149 386 4204 bus
427 4149 536 4203 illis
567 4150 736 4204 rebus
776 4148 999 4205 Sabhati
1050 4151 1334 4221 abrogatio
1382 4149 1690 4220 signiﬁcata
1741 4155 1869 4201 ante

1989 4147 2132 4220 Ξργον
2165 4150 2493 4221 εἰργάσαντο
2546 4150 2641 4203 καὶ
2672 4150 2734 4202 τὸ
2767 4149 3042 4204 Σάϐϐατον
3080 4149 3298 4206 ἔλυσαν.
3347 4151 3473 4204 Ἐάν
3506 4151 3565 4205 δὲ

279 4237 522 4295 videtur.
562 4239 680 4295 Hoc
711 4241 857 4296 enim
894 4247 1148 4304 constat,
1175 4255 1272 4296 eos
1295 4241 1386 4310 qui
1414 4250 1602 4294 natum
1636 4240 1690 4292 in
1725 4241 1865 4291 Sal:-

1989 4239 2313 4312 inépﬂwvmt
2343 4241 2432 4295 διὰ
2461 4243 2521 4295 τὸ
2551 4241 2628 4313 μὴ
2657 4241 2817 4296 λῦσαι
2845 4242 2905 4296 τὸ
2934 4243 3233 4304 Σάϐϐατον,
3267 4243 3432 4316 ἐνάτῃ
3453 4243 3566 4298 λοι-

281 4332 413 4385 hato
462 4345 690 4400 puerum
747 4331 1232 4394 circumciderent,
1287 4333 1402 4386 sive
1435 4339 1690 4384 octavum
1721 4331 1862 4383 diem

1989 4332 2072 4386 τὸν
2123 4334 2514 4405 περιτέμνουσι
2561 4335 2660 4406 τὴν
2713 4338 3040 4408 περιτομήνο
3091 4338 3188 4392 καὶ
3235 4336 3432 4390 ἔλυσαν
3461 4339 3562 4409 τὴν

281 4431 540 4490 accurate
591 4424 889 4478 observare
935 4424 1155 4485 vellent,
1206 4425 1350 4492 quod
1395 4425 1440 4478 is
1475 4427 1528 4500 in
1565 4421 1862 4478 Sahbatum

1989 4423 2292 4494 περιτομὴν,
2344 4425 2438 4478 καὶ
2485 4424 2577 4478 τὸν
2623 4425 2753 4498 περὶ
2797 4427 2970 4498 αὐτῆς
3007 4425 3115 4480 τῶν
3154 4425 3300 4481 ὀκτὼ
3333 4427 3560 4499 ἡμερῶν

281 4514 627 4577 incurrisset,
655 4514 848 4570 eodem
895 4513 1014 4584 ipso
1057 4514 1510 4576 circumcidisse,
1537 4529 1602 4569 ac
1637 4515 1866 4584 proinde

1989 4516 2094 4584 ipov
2119 4515 2213 4568 τοῦ
2245 4517 2689 4588 προστάγματος.

277 4610 460 4681 operis
498 4609 700 4682 aliquid
751 4610 952 4682 egisse.
1009 4609 1420 4681 Sahbatumque
1454 4612 1710 4666 violasse.
1747 4610 1842 4665 Sin
1880 4611 2176 4680 abrogandi
2216 4611 2436 4665 Sabbali
2480 4621 2624 4668 metu
2674 4613 2976 4680 differrent,
3031 4631 3176 4669 nono
3214 4616 3430 4670 demum
3471 4619 3561 4671 die

275 4708 756 4764 circumcisionem
803 4706 1142 4772 adhibuisse,
1196 4719 1361 4778 atque
1425 4707 1591 4778 hujus
1659 4706 1795 4761 adeo
1859 4707 1888 4760 h

1989 4723 2049 4768 τι,
2105 4710 2576 4778 ρι-ςιιεῑξιιιιιιιιιιμιο
2613 4710 2821 4764 dierum
2857 4719 2981 4763 orto
3015 4727 3300 4767 numerum
3334 4715 3560 4766 minium

273 4802 539 4859 tenuisse.

347 4894 586 4952 XXXIII.
631 4894 738 4952 Sed
771 4913 838 4952 ne
870 4897 991 4968 ipsa
1021 4896 1243 4967 quidem
1273 4898 1450 4968 prima
1474 4906 1592 4952 erat
1619 4896 1862 4968 perfecta

2037 4895 2160 4948 Al".
2215 4895 2376 4949 Ἀλλὰ
2409 4895 2533 4949 οὔτε
2581 4892 2650 4968 ἦν
2694 4897 2875 4952 τελεία
2930 4901 2962 4970 ἡ
3013 4901 3206 4972 πρώτη
3260 4900 3554 4974 περιτομὴ,

272 4987 648 5050 circumcisio,
703 5003 892 5044 verum
953 4987 1095 5058 signi
1143 4989 1322 5042 instar
1369 4989 1437 5043 ad
1496 5004 1688 5043 eorum
1741 5002 1863 5057 qua:

1989 4986 2101 5042 ιλλὰ
2132 4987 2358 5059 σημείου
2393 4987 2552 5062 χάριν
2581 4989 2758 5063 ἐδόθη,
2805 4993 2886 5054 εἷς
2924 5009 2984 5046 τε
3025 4995 3332 5066 ὑπόμνησιν
3376 4995 3556 5048 αὐτῶν

278 5087 464 5150 postea
516 5080 1003 5150 consequebantur
1051 5078 1486 5135 recordationem
1546 5093 1853 5134 concessa:

1989 5081 2106 5136 ιετὰ
2131 5081 2324 5135 ταῦτα’
2361 5083 2456 5136 καὶ
2481 5082 2570 5135 διὰ
2591 5083 2682 5135 τὸν
2710 5083 3010 5154 δισταγμὸν
3034 5085 3130 5138 τοῦ
3174 5085 3448 5158 Ἀϐραὰμ,
3476 5086 3554 5150 ὡς

273 5187 339 5226 ac
372 5171 675 5240 pmsertim
706 5171 777 5226 ob
797 5171 1119 5234 Abrahami,
1149 5171 1228 5225 uti
1259 5169 1522 5232 diximus.
1561 5170 1860 5226 hmsitatio-

1989 5171 2307 5243 προείρηται,
2344 5173 2782 5245 ἐπιτιμηθέντος,
2819 5177 2912 5228 καὶ
2945 5177 3118 5229 τύπου
3142 5177 3306 5231 ἕνεκα
3331 5179 3430 5248 τῆς
3458 5184 3555 5248 μ.εέ

273 5280 418 5328 nem,
451 5279 575 5316 cum
611 5263 765 5316 illum
814 5261 958 5318 Deus
998 5261 1315 5332 redarguit:
1364 5269 1478 5314 tum
1515 5259 1583 5316 ad
1629 5261 1858 5329 majoris

1989 5263 2132 5333 ’άλης
2157 5265 2252 5334 τῆς
2281 5264 2348 5317 τὰ
2387 5263 2560 5318 πάντα
2595 5265 2716 5318 κατ’
2751 5267 2976 5338 ἰσότητα
3007 5265 3323 5340 πληρούσης
3353 5269 3414 5322 ὲν
3437 5271 3553 5334 τοῖς

335 5418 356 5451 ¹
391 5418 528 5473 Gen.
560 5435 612 5483 ν,
645 5417 737 5473 29.
814 5419 834 5448 '
871 5416 1057 5472 Matth.
1094 5433 1193 5485 xu,
1219 5419 1274 5472 8.
1349 5417 1370 5448 ³
1393 5415 1456 5472 F.
1489 5417 1600 5471 τόν.

338 5572 454 5652 ςδβ)
484 5573 642 5652 Ἦεοι
669 5571 1024 5652 ξίν-δευτέρᾳ
1048 5569 1550 5652 Σαϐϐάιςων.ΑΤι;ςξε
1578 5573 1844 5652 duntagtat

1989 5578 2090 5652 {tes
2124 5575 2614 5652 arceantu_r._Nam
2647 5578 3184 5652 certurum‘dicruln»
3223 5582 3549 5652 superstitio

271 5641 626 5716 hebdomadis
667 5643 831 5697 ferias
869 5643 1346 5716 commemoravit,
1378 5642 1442 5716 2,
1477 5643 1511 5698 5
1544 5652 1599 5697 et
1625 5643 1679 5716 4.
1733 5643 1840 5716 ﬁed
1952 5642 2063 5704 illa,
2092 5658 2269 5716 quam
2293 5643 2462 5700 Judaei
2497 5647 2814 5713 observant,
2851 5659 2908 5704 et
2939 5649 2990 5703 in
3020 5649 3120 5704 Jad
3156 5641 3424 5708 Rambam
3449 5667 3547 5707 ex-

270 5729 377 5767 una
397 5712 556 5792 etiam
589 5723 815 5793 αξιοι-ἒς
835 5711 1228 5793 συνεκδοχικῶς
1253 5713 1568 5793 complexus
1593 5710 1693 5793 est.
1734 5710 1842 5793 Ne-
1949 5710 2150 5793 posuit,
2198 5715 2337 5769 nihil
2388 5717 2456 5771 ad
2504 5717 2651 5772 hunc
2698 5710 2878 5775 locum
2933 5721 3086 5776 facit.
3137 5721 3211 5778 De
3260 5738 3370 5793 qua
3401 5722 3544 5778 alias

267 5797 376 5858 que
404 5781 550 5839 enim
589 5789 674 5837 est
709 5782 819 5836 ulla
851 5781 1013 5848 ratio,
1043 5796 1143 5836 cur
1176 5795 1204 5834 a
1235 5781 1445 5838 caeteris
1477 5799 1552 5837 cm
1581 5783 1839 5839 solemni-
1947 5781 2302 5840 disseremus.
