4004 6160
446 294 550 350 377

1188 292 1560 349 ADVERSUS
1601 292 1941 350 "xEl‘aESES
1978 296 2011 349 L

2148 296 2189 354 ι.
2232 298 2396 356 ron.
2439 302 2591 357 ιι.--
2629 304 2901 361 ιιΑειιΕε.
2941 294 3134 363 xxxi.

3594 310 3699 369 478

446 410 588 477 Νοῦς
619 414 713 465 καὶ
753 411 1023 482 Ἀλήθεια,
1060 411 1230 479 Λόγος
1267 410 1359 464 καὶ
1380 410 1525 481 Ζωὴ,
1565 410 1886 480 Ἀνθρωπος
1925 410 2011 464 καῖ

2126 412 2425 472 Masemon.
2478 418 2721 485 Quorum
2758 422 2871 478 haec
2906 433 2991 481 est
3031 425 3433 492 interpretatio,
3474 422 3697 495 Bythos,

446 502 761 576 Ἐκκλησία,
817 503 1192 579 Παράκλητοςλ
1220 501 1316 557 καὶ
1357 502 1567 567 Πίστις,
1612 501 1885 574 Πατρικδς
1929 503 2023 556 καὶ

444 596 652 659 Ἐλπὶς,
678 593 954 666 Μητρικὸς
983 592 1078 647 καὶ
1109 592 1347 666 Ἀγάπη,
1379 592 1619 656 Ἀείνους
1652 593 1745 647 καὶ
1776 592 2020 661 Σύνεσις,

444 685 684 757 Θελητὸς
707 687 736 737 ὁ
755 685 847 738 καὶ
868 684 1006 749 Φῶς,
1033 685 1127 737 καὶ
1147 682 1518 755 Μακαριότης’
1539 681 2022 754 Ἐκκλησιαστικδς

444 777 540 832 καί
559 776 750 847 Eocpia,
777 774 969 839 Βύθιος
998 776 1090 829 καὶ
1111 775 1291 842 Μίξις,
1323 775 1624 846 Ἀγήρατος
1643 776 1737 828 καὶ⁵
1764 776 2020 837 Ἕνωσις,

446 870 730 942 Δὺτοφδὴς
770 868 865 922 καὶ
908 866 1237 937 Σύγκρασις,
1282 866 1591 936 Μονογενὴς
1637 866 1729 919 καὶ
1779 865 2018 935 Ἐνότης,

450 966 727 1036 ’Δκίνητος
760 962 853 1017 καὶ
885 960 1093 1031 Ἡδονή.

513 1053 670 1109 Κατὰ
695 1053 753 1107 δὲ
783 1049 1016 1124 ἀριθμὸν
1037 1049 1289 1120 διαδοχῆς
1317 1048 1411 1102 καὶ
1447 1047 1769 1111 ἀκολουθίας
1794 1047 1901 1101 ἀπὸ
1925 1046 2018 1100 τοῦ

444 1148 702 1203 ἀνωτάτω
727 1141 1170 1214 ἀκατονομάστου
1198 1138 1411 1211 Πατρὸς
1442 1140 1535 1192 καὶ
1568 1137 1739 1191 Βυθοῦ
1766 1140 1896 1209 παρ’
1925 1139 2020 1191 ati-

444 1244 555 1305 τοῖς
577 1238 976 1310 ὀνομαζομένου
1005 1234 1113 1299 ιἕως
1144 1234 1334 1287 τούτου
1378 1232 1473 1285 τοῦ
1506 1232 1630 1285 καθ’
1673 1233 1823 1304 ἡμᾶς
1850 1232 2018 1301 οὐρα-

442 1333 534 1388 νοῦ
583 1334 612 1386 ὁ
658 1330 767 1385 τῶν
807 1330 1101 1401 τριάκοντα
1146 1324 1375 1397 ἀριθμὸς
1420 1323 1592 1388 οὕτως
1625 1324 1765 1395 ἔχει’
1813 1322 2017 1388 Βυθὸς,

444 1427 605 1498 Σιγὴ,
649 1423 828 1488 Νοῦς,
876 1419 1162 1491 Ἀλήθεια,
1205 1419 1414 1486 Λόγος,
1462 1417 1617 1487 Ζωὴ,
1662 1418 2015 1485 Ἀνθρωπος,

455 1515 771 1588 Ἐκκλησία,
812 1512 1190 1585 Παράκλητος,
1235 1510 1447 1573 Πίστις,
1482 1508 1775 1580 Πατρικὸς.
1806 1507 2017 1571 Ἐλπὶς,

442 1608 742 1682 Μητρικὸς,
805 1606 1051 1676 Ἀγάπη,
1093 1603 1360 1665 Ἀείνους,
1413 1600 1653 1663 Σύνεσις,
1693 1599 1947 1670 Θελητὸς.
1990 1600 2020 1651 ό

442 1703 536 1757 καὶ
560 1699 700 1764 Φῶς,
732 1696 1108 1768 Μακαριότης,
1140 1692 1642 1763 Ἐκκλησιαστικὸς,
1683 1691 1867 1759 Σοφία,
1908 1690 2015 1743 Βύ-

2134 503 2289 574 Sige:
2322 505 2434 563 Nus
2462 517 2517 563 et
2554 500 2796 567 Veritas:
2824 513 3002 585 Logos
3031 523 3084 570 et
3114 512 3236 568 Vita
3256 533 3267 568 :
3290 512 3485 577 llonm,
3515 514 3701 570 Eccle-

2125 598 2239 651 sia:
2274 597 2609 668 Paracletus,
2642 601 2835 660 Fides:
2862 604 3150 670 Paternus,
3184 604 3322 675 Spes
3350 625 3363 660 :
3394 605 3693 671 Maternus,

2123 689 2409 744 (Zharitas:
2442 692 2638 756 Ainns.
2665 692 2920 764 Synesis:
2948 695 3380 765 Theletus,quod
3412 706 3465 751 et
3489 697 3698 753 Lumen

2125 782 2345 849 dicitur,
2378 783 2662 840 Bcatitudo
2693 802 2708 841 :
2740 787 3182 853 Ecclesiasticns,
3227 789 3544 859 Sapientia:
3591 790 3696 861 By-

2124 875 2292 940 thins,
2333 877 2527 935 Miris:
2560 880 2850 952 Agerinus,
2887 880 3063 938 Uuio:
3100 881 3441 952 Autophyes,
3466 881 3697 952 Tempe-

2125 970 2297 1022 ratio:
2325 969 2631 1041 Unigenita,
2658 971 2848 1027 Uuitas
2879 990 2891 1025 :
2927 973 3246 1035 lmmobilis,
3275 971 3563 1042 Voluptas.

2192 1058 2346 1126 Quod
2388 1062 2433 1117 si
2469 1064 2836 1119 successionis
2880 1064 3073 1118 ordine
3119 1077 3411 1118 numerare
3452 1063 3615 1124 velis,
3667 1075 3699 1113 a

2122 1168 2378 1222 supremo
2415 1154 2507 1208 illo
2538 1170 2637 1208 nec
2669 1154 2868 1210 elfabili
2920 1154 3102 1218 Patre,
3140 1171 3299 1225 quem
3346 1153 3556 1225 Bython
3599 1169 3701 1206 no-
3738 1172 3749 1183 ί

2122 1246 2352 1308 minant,
2380 1247 2445 1300 ad
2475 1248 2718 1302 titimum
2752 1264 2927 1318 usque
2966 1248 3185 1310 caelum,
3223 1246 3551 1301 tricenarius
3582 1261 3699 1298 nu-

2122 1351 2307 1391 merus
2360 1337 2462 1391 hoc
2522 1338 2681 1391 modo
2727 1338 3002 1408 colligitur
3034 1357 3048 1392 :
3079 1336 3307 1408 Bythus,
3350 1338 3502 1406 Sige,
3560 1334 3696 1394 Nus.

2126 1426 2355 1492 Veritas,
2385 1428 2582 1498 Logos,
2615 1427 2759 1492 Vita,
2792 1429 2983 1489 llomo,
3027 1429 3268 1483 Ecclesia
3290 1470 3302 1493 ,
3353 1428 3693 1487 l’aracletns.

2122 1516 2304 1580 Fides,
2343 1519 2629 1585 Palernus,
2660 1519 2815 1590 Spes,
2856 1519 3157 1581 Maternus,
3187 1520 3466 1582 Charitas,
3496 1519 3694 1580 Ainns,

2122 1609 2367 1681 Synesis,
2416 1610 2695 1671 Theletus.
2732 1613 2846 1666 sive
2876 1611 3107 1672 Lumen,
3163 1610 3472 1669 Boatitudo,
3509 1606 3696 1661 Eccle-

2121 1704 2420 1767 siasticus,
2480 1702 2790 1774 Sapientia,
2858 1703 3101 1774 Bythius,
3148 1701 3347 1761 Mistlo,
3402 1704 3694 1768 Aget-atus,

442 1794 574 1859 θιος,
596 1793 777 1860 Μίξις,
809 1792 1129 1862 Ἀγήρατος,
1156 1787 1410 1847 Ἔνωσις,
1438 1785 1740 1854 Astacum.
1766 1782 2011 1855 Σύγκρα-

2124 1795 2287 1859 Unio,
2343 1794 2680 1865 Antophyes,
2734 1792 3117 1864 Temperatio,
3168 1792 3435 1861 Unigena,
3483 1787 3694 1851 Unitas,

442 1905 545 1953 σις,
579 1883 913 1953 Μονογενὴς,
957 1880 1193 1950 Ένότης,
1231 1876 1533 1946 Ἀκίνητος,
1575 1874 1786 1942 Ἡδονή.

509 1980 583 2037 Γ.
625 1978 733 2032 Καὶ
766 1975 904 2045 αὕτη
935 1974 1030 2044 μὲν
1077 1974 1109 2043 ἡ
1152 1970 1259 2023 τῶν
1291 1969 1583 2041 τριάκοντα
1630 1965 1840 2020 αἰώνων
1886 1968 2012 2033 παρ’

439 2071 625 2131 αὐτοῖς
651 2064 1091 2139 μυθοποιουμένη
1126 2059 1425 2133 τραγῳδία,
1463 2057 1559 2113 καὶ
1601 2061 1633 2129 ἡ
1670 2061 1810 2110 κατὰ
1859 2059 2014 2122 συζυ-

436 2161 559 2232 γίαν
586 2156 956 2229 πνευματικοῦ
989 2154 1151 2226 δῆθεν
1183 2151 1552 2224 πληρώματος
1591 2148 1914 2218 κενοφωνία.
1946 2149 2012 2220 ἢν

437 2256 532 2311 ἐάν
556 2271 640 2318 τις
668 2251 973 2322 συγκρίνων
999 2251 1066 2321 τῇ
1094 2247 1243 2318 παρὰ
1282 2246 1526 2316 Ἡσιόδῳ,
1554 2244 1649 2297 καὶ
1676 2243 2009 2313 Στησιχόρῳ,

436 2348 531 2402 καὶ
577 2347 690 2409 τοῖς
720 2343 897 2406 ἄλλοις
936 2342 1187 2411 ποιηταῖς
1221 2336 1331 2392 τῶν
1369 2336 1636 2407 Ἑλλήνων
1673 2334 2008 2406 παράθηται,

436 2438 584 2511 εὖροι
628 2437 696 2490 ἂν
740 2439 805 2489 ἐκ
846 2432 1191 2504 παραλλήλου
1244 2429 1313 2484 τὰ
1356 2428 1496 2483 αὐτὰ
1526 2427 1684 2487 ὄντα,
1732 2426 1825 2479 καὶ
1858 2424 2011 2478 οὐδὲν

370 2572 383 2579 -
434 2531 638 2601 ἕτερον,
656 2528 750 2581 καὶ
779 2530 841 2580 ἐκ
871 2525 1060 2580 τούτου
1079 2522 1461 2593 γνώσεταιηὼς
1487 2519 1637 2573 οὐδὲν
1669 2519 1854 2590 ἕτερον
1875 2516 2008 2570 θαυ-

439 2621 640 2693 μαστὸν
671 2622 720 2673 οἰ
766 2619 874 2671 τῶν
903 2616 1193 2688 θαυμάτων
1223 2614 1568 2686 αίρεσιάρχαι
1600 2608 2010 2683 ,μυστηριωδῶς

434 2711 857 2782 ἐπαγγέλλονται
900 2708 1102 2778 λέγειν.
1127 2706 1290 2760 Οὐδὲν
1324 2704 1433 2777 γὰρ
1475 2703 1622 2767 ἄλλο,
1659 2702 1693 2774 ἢ
1741 2701 2009 2771 Ἑλλήνων

433 2802 782 2873 ἁπεμάξαντο
832 2798 930 2870 τὴν
983 2797 1316 2851 ἐπίπλαστον
1377 2792 1488 2859 ῑξιν
1543 2792 1644 2863 τῆς
1708 2791 2007 2862 ὲθνομύθου

434 2894 640 2963 πλάνης
672 2893 767 2945 καὶ
811 2888 1192 2952 διδασκαλίας,
1228 2886 1378 2940 οὐδὲν
1410 2884 1824 2948 άλλοιῶσαντες,
1867 2882 2009 2955 πλὴν

436 2984 532 3054 τῆς
555 2984 687 3056 παρ’
718 2982 904 3044 αὐτοῖς
937 2977 1473 3050 παραπεποιημένης
1505 2974 1845 3046 βαρϐαρικῆς
1893 2976 2009 3027 ὀνο-

435 3075 773 3147 ματοποιίας.
845 3071 1003 3126 Οὕτω
1048 3073 1158 3143 γάρ
1212 3087 1342 3139 φασι
1395 3070 1489 3123 καὶ
1540 3069 1590 3121 ot
1635 3064 1763 3138 περὶ
1826 3067 2007 3119 Ἠσίο-

2122 1885 2440 1950 Itnmobilis,
2475 1885 2755 1955 Voluptas.

2194 1978 2284 2034 Ill.
2328 1976 2611 2048 Ejusmodi
2680 1986 2758 2030 est
2815 1972 3047 2029 celebris
3102 1970 3189 2025 illa
3239 1970 3461 2041 triginta
3485 1983 3696 2023 menum

2121 2071 2327 2136 fabula,
2360 2070 2792 2139 inanissiinaque
2819 2065 3106 2136 spiritalis,
3142 2074 3201 2119 ut
3226 2071 3443 2128 vocant,
3463 2062 3701 2130 comple-

2122 2164 2285 2219 menti
2302 2163 2577 2234 conjugia.
2593 2161 2724 2228 Quae
2737 2163 2784 2217 si
2813 2161 2939 2230 quis
2960 2174 3087 2214 cum
3109 2157 3352 2218 llesiodi,
3375 2154 3697 2217 Stesichori,

2119 2254 2460 2325 aliorumque
2493 2253 2806 2308 Graecorum
2837 2260 3120 2321 poetarum
3162 2249 3381 2313 fabulis,
3421 2247 3695 2307 conferat,

2119 2345 2308 2400 eadem
2358 2360 2482 2398 cum
2542 2343 2649 2399 illis
2706 2342 2924 2414 penitus
2975 2356 3117 2402 esse,
3155 2356 3333 2410 neque
3370 2339 3478 2393 ulla
3534 2339 3587 2391 in
3640 2352 3699 2390 re

2121 2434 2436 2504 discrepare
2463 2433 2795 2504 conipcriet:
2828 2431 3179 2502 indidemque
3206 2440 3525 2501 cognoscet,
3560 2429 3694 2481 nihil

2120 2525 2267 2579 aliud
2297 2538 2421 2579 esse
2453 2521 2817 2577 admiratione
2845 2520 3096 2591 dignum,
3126 2519 3393 2591 quod-isti
3431 2518 3691 2572 miriﬁca-

2120 2633 2240 2672 rum
2268 2617 2529 2671 hcreseon
2576 2612 2911 2680 conditores,
2956 2613 3104 2667 velut
3135 2627 3337 2667 arcana
3360 2610 3607 2682 quaedam
3634 2626 3698 2663 ae

2114 2707 2399 2780 mysteria,
2450 2721 2618 2778 penes
2664 2720 2724 2760 se
2756 2719 2881 2759 esse
2913 2702 3275 2775 'prolitentur.
3327 2704 3487 2776 136
3550 2701 3697 2755 Nihil

2117 2801 2262 2856 enim
2298 2797 2924 2864 aliud,nisiGrzecorum
2965 2788 3437 2866 poeticas/nugas,
3474 2811 3538 2849 ac
3568 2810 3698 2864 gen-

2117 2891 2294 2945 tilium
2322 2889 2539 2956 deliria,
2582 2898 2636 2947 et
2670 2891 2887 2946 inanem
2944 2891 3233 2948 scientiam
3284 2896 3693 2958 expresserunt.

2118 2996 2298 3050 neque
2343 2981 2641 3052 quidquam
2685 2991 2889 3052 praeter
2921 2998 3086 3039 voces
3148 2982 3501 3041 innovarunt,
3557 2994 3698 3047 quas

2117 3072 2193 3128 illi
2234 3073 2486 3131 barbaris
2507 3076 2966 3146 appellationibus
2995 3089 3281 3147 perperam
3314 3073 3692 3127 detorserunt.

430 3137 519 3224 δον
547 3168 683 3241 (62).
736 3166 962 3238 Πρῶτον
995 3137 1456 3233 πάντωνήγίνεται
1486 3163 1653 3225 Χάος,
1692 3137 1780 3214 ἵνα
1812 3160 2007 3213 εἴπωσι

2120 3163 2190 3217 Ita
2216 3162 2362 3218 enim
2399 3164 2482 3218 vel
2512 3137 2630 3236 ipse
2664 3137 3410 3238 philoSOpbainr-Hesiodus.
3447 3164 3692 3217 Primum

432 3260 621 3315 Βυθόνο
663 3255 785 3312 εἶτα
825 3256 978 3324 Νὺξ,
1010 3255 1272 3328 Ἔρεϐος,
1328 3253 1439 3324 Γῆ,
1493 3252 1708 3324 Αίθὴρ,
1762 3250 2006 3322 Ἦμέῥα,

436 3353 616 3424 Ἔρως
636 3393 651 3417 ,
682 3351 894 3422 Μῆτις,
926 3348 1140 3421 Μόρος,
1179 3348 1363 3413 Ὀῖζὺς
1384 3388 1399 3411 ,
1453 3347 1701 3417 Πότμος,
1745 3345 2007 3416 Νέμεσις,

430 3442 662 3514 Μῶμος,
693 3440 943 3512 Φιλότης,
978 3439 1241 3503 Θάνατος,
1280 3439 1575 3510 Δυσνομία,
1599 3439 1811 3510 Γήρως,
1845 3439 2006 3509 Ἄτη,

431 3535 673 3606 Ἵμερος,
697 3532 873 3604 Λήθη,
892 3531 1120 3596 ’Υπνος,
1153 3530 1407 3601 ’Υσμίνη,
1434 3527 1765 3599 Λυσιμελὴς,
1789 3526 2005 3599 Ὕϐρις,

430 3626 749 3698 Εὐφρόνιος,
786 3623 991 3694 Αἴγλη,
1038 3621 1514 3694 Παυςιμέριμνος,
1561 3620 1805 3691 Ἀπάτη,
1852 3619 2009 3672 Ἡδυ-

435 3717 609 3788 μελὶς,
643 3713 816 3787 Ἔρις.
850 3715 961 3768 Καὶ⁸
1002 3706 1155 3777 οὗτος
1179 3714 1208 3766 ὁ
1240 3713 1337 3783 μὲν
1362 3712 1593 3784 ἀριθμὸς
1621 3712 1764 3764 κατὰ
1787 3710 2011 3765 ἀκολου-

431 3809 554 3863 θίαν
604 3806 997 3879 ἀρρενοθήλεος
1024 3804 1196 3869 οὕτως
1242 3804 1355 3875 ἔχει
1398 3803 1495 3874 τὴν
1533 3802 1892 3875 τριακοντάδα
1914 3818 1927 3832 ⁸
1962 3805 2010 3856 εί

430 3901 488 3956 δέ
521 3917 605 3965 τις
648 3898 922 3970 θελήσειεν
958 3899 1106 3960 ίδεῖν,
1145 3896 1259 3959 πῶς
1302 3896 1660 3965 πλαττόμενοι
1705 3886 1850 3947 οὗτοι
1883 3912 2009 3948 συν·

431 3995 692 4062 ἅπτουσιν
728 3990 787 4044 ἓν
840 3990 975 4061 πρὸς
1019 3989 1079 4042 τὸ
1112 3988 1189 4050 ἒν,
1224 3986 1374 4058 εὕροι
1419 3986 1484 4041 ἂν
1524 3986 1697 4049 οὕτως
1743 3986 2011 4039 συναπτό-

435 4103 570 4157 μενα
616 4085 713 4139 καὶ
765 4082 1171 4153 συνεζευγμένα
1214 4080 1487 4152 ἀλλήλοις,
1528 4079 1563 4133 ἃ
1599 4081 1710 4142 τοῖς
1757 4079 2009 4148 ποιηταῖς

431 4177 632 4245 ἔδοξεν,
670 4176 747 4241 ὡς
779 4176 870 4230 τὸν
912 4175 1011 4247 μὲν
1055 4173 1225 4226 Βυθὺν
1259 4171 1429 4226 Νυκτε
1463 4188 1523 4225 τε
1563 4173 1658 4224 καὶ
1705 4172 1839 4240 Σιγῇ
1881 4189 2009 4222 συν-

431 4270 667 4341 άψαντες
719 4267 979 4340 ἐποίησαν
1016 4266 1124 4339 Γῆν
1168 4264 1498 4336 γεννᾶσθαι.⁸
1530 4263 1678 4319 ἄλλοι
1724 4263 1782 4316 δὲ
1827 4262 2011 4334 Οὐρα-

430 4364 540 4429 νὸν,
572 4363 634 4417 ὃν
678 4362 742 4434 δὴ
789 4362 882 4416 καὶ
921 4361 1213 4433 Ὑπερίονα
1266 4358 1587 4431 κεκλήκασι.
1619 4358 1724 4412 Τὸν
1751 4357 1807 4411 δὲ
1844 4357 2011 4413 αὑτὸν

2110 3253 2354 3308 onmium
2387 3253 2570 3311 Chaos
2601 3255 2901 3324 exstitisse,
2940 3272 3038 3327 pro
3091 3271 3202 3328 quo
3247 3255 3324 3309 illi
3356 3252 3694 3309 Profundum

2114 3345 2478 3403 substituunt.
2507 3347 2707 3403 Secuta
2730 3361 2814 3405 est
2841 3347 2981 3412 Nox,
3004 3348 3237 3415 Erebus,
3264 3346 3457 3411 Terra,
3477 3344 3696 3413 Ether,

2114 3436 2260 3504 Dies,
2303 3440 2493 3504 Amor,
2526 3438 2855 3507 Consilium,
2894 3439 3112 3506 Fatum,
3169 3440 3463 3506 jErnnma,
3496 3439 3695 3504 Casus,

2110 3531 2379 3597 Nemesis,
2416 3531 2649 3597 Momus,
2685 3534 2965 3599 Amicitia,
3002 3534 3167 3600 Mors,
3190 3534 3457 3595 Licentia,
3522 3532 3697 3588 Sene-

2111 3635 2255 3691 ctus,
2295 3626 2420 3692 Ate,
2460 3623 2825 3689 Desiderium,
2857 3623 3098 3692 Oblivio,
3162 3624 3425 3689 Somnus,
3484 3623 3698 3694 Pugna,

2111 3715 2435 3785 Lysimeles,
2486 3718 2854 3780 Contumelia,
2894 3717 3266 3789 Euphronios,
3315 3716 3494 3788 Ᾰίειε,
3531 3717 3700 3769 Cura-

2112 3827 2235 3866 rum
2292 3811 2571 3877 solatium,
2630 3809 2825 3874 Fraus,
2879 3809 3245 3880 lledymeles,
3307 3809 3418 3864 Lis.
3463 3807 3563 3861 llic
3607 3809 3698 3862 ille

2111 3918 2379 3958 numerus
2434 3911 2543 3966 est,
2594 3901 2688 3973 qui
2725 3901 2958 3954 marium
3013 3900 3453 3969 feminarumque
3510 3899 3696 3952 conti-

2112 4004 2278 4063 nuata
2334 3995 2478 4051 serie
2517 3995 2875 4050 tricenarium
2910 3994 3094 4049 eﬂicit.
3144 3991 3300 4058 Quod
3344 3992 3391 4047 si
3425 3991 3551 4061 quis
3580 3992 3699 4045 ani-

2112 4091 2452 4145 madvertere
2478 4091 2629 4158 velit,
2658 4089 3121 4161 quemadmodum
3143 4088 3230 4143 isti
3255 4087 3697 4156 uniuscujusque

2112 4198 2234 4237 cum
2268 4183 2443 4237 altero
2479 4183 2883 4253 copulationem
2932 4182 3246 4245 instituant,
3277 4181 3350 4234 ita
3384 4180 3697 4249 composita

2112 4285 2536 4344 comparataque
2576 4277 2718 4330 inter
2754 4291 2814 4330 se
2860 4276 2951 4328 illa
2979 4284 3296 4344 cognoscet,
3338 4272 3698 4343 quemadmo-

2113 4365 2242 4420 dum
2278 4382 2308 4421 a
2342 4368 2519 4436 poetis
2549 4368 2915 4423 constitutum
2982 4365 3239 4436 legimus.
3287 4363 3447 4419 Velut
3475 4379 3597 4417 cum
3630 4378 3695 4416 es

430 4459 494 4527 τῇ
533 4457 605 4527 γῇ
652 4454 989 4525 συναφθέντα
1040 4454 1175 4524 φασὶ
1222 4453 1611 4524 γεγεννηκέναι
1670 4452 1904 4524 ἄρσενάς
1948 4470 2006 4504 τε

2120 4457 2276 4529 Bythi
2300 4476 2426 4514 cum
2458 4454 2639 4515 Nocte
2664 4475 2728 4515 ac
2764 4459 2997 4515 Silentio
3028 4458 3420 4528 conjunctione
3450 4471 3701 4527 procrra-

432 4550 524 4603 καὶ
552 4548 795 4620 θηλείας,
817 4549 912 4602 καὶ
939 4548 1065 4611 τοὺς
1094 4547 1330 4617 καθεξῆς
1351 4546 1551 4617 ὁμοίως
1579 4545 1684 4608 ἕως
1709 4545 1806 4615 τῆς
1831 4543 2013 4616 πάσης

430 4642 608 4695 αὐτῶν
655 4642 956 4713 ποιήσεως,
1005 4640 1081 4704 ὡς
1116 4640 1228 4711 ἔχει
1262 4642 1296 4712 ἡ
1350 4640 1653 4708 ἀπέραντος
1692 4638 1786 4692 τοῦ
1837 4636 2011 4691 Βυθοῦ

414 4731 676 4803 ληρώδης
705 4730 966 4802 φλυαρία.
1014 4729 1210 4802 Εὖροις
1238 4730 1284 4783 δ’
1334 4729 1401 4783 ἂν
1427 4729 1601 4793 οὕτως
1631 4728 2014 4799 συναπτόμενά

431 4841 489 4876 τε
529 4825 623 4877 καὶ
668 4822 1099 4893 συζευγνύμενα,
1131 4821 1226 4876 καὶ
1277 4820 1553 4890 δυνάμενα
1583 4818 1729 4873 οὕτω
1764 4819 2010 4873 συντίθε-

434 4915 588 4970 σθαι·
617 4916 799 4981 Χάος,
858 4913 1009 4980 Νὺξ,
1045 4913 1311 4986 Ἔρεϐος,
1363 4912 1471 4985 Γῆ,
1517 4911 1722 4985 Αἰθὴρ,
1762 4911 2009 4984 Ἡμέρα,

437 5007 645 5080 Ἔρως,
694 5009 895 5079 Μῆτις,
940 5006 1157 5077 Μόρος,
1192 5006 1403 5071 Ὀῖζὺς,
1451 5006 1698 5077 Πότμος,
1738 5006 2009 5077 Νέμεσις,

432 5097 656 5168 Μῶμος,
696 5096 942 5168 Φιλότης,
975 5097 1234 5159 Θάνατος,
1267 5097 1561 5165 Δυσνομία,
1602 5097 1638 5148 Γ
1642 5098 1811 5168 ήρως,
1849 5097 2008 5166 Ἀτη,

428 5190 670 5261 Ἵμερος,
696 5187 871 5259 Λήθη,
897 5189 1127 5251 ⁸’Υπνο;.
1163 5187 1416 5258 ’λ’σμξνη,
1438 5188 1765 5258 Λυσιμελὴς,
1791 5187 2008 5255 ”Υϐρις,

431 5281 746 5352 Εὐφρόνιος,
781 5278 976 5349 Αἴγλη,
1010 5279 1472 5349 Παυσιμέριμνος,
1515 5279 1744 5351 Ἀπάτη,
1779 5278 2011 5348 Ἰιδυμε-

428 5372 543 5443 sig,
583 5373 759 5443 Ἔρις.
795 5371 859 5424 Εἰ
890 5371 948 5424 δὲ
980 5370 1234 5442 προσέχοι
1263 5387 1348 5434 τις
1386 5369 1465 5439 τῷ
1493 5369 1672 5424 αὐτῶν
1705 5369 2007 5440 πλάσματι,

430 5530 592 5599 Σιγὴ,
614 5538 679 5599 ut
703 5530 755 5583 in
787 5531 1002 5585 caeteris
1036 5529 1277 5598 paribus.
1309 5529 1387 5585 Ac
1418 5547 1542 5585 cum
1576 5539 1688 5585 tota
1720 5531 1810 5585 illa
1838 5535 2008 5587 series

432 5598 571 5673 apud
598 5598 869 5673 ‘Ircnazum
915 5610 970 5655 et
997 5599 1394 5673 Tertullianum
1429 5602 1661 5673 legatur,
1695 5602 1826 5671 quid
1862 5604 2007 5673 apud

428 5670 678 5737 singulos
706 5670 984 5725 diversum
1019 5673 1092 5726 sit
1123 5685 1225 5726 suo
1258 5671 1377 5725 loco
1411 5670 1719 5726 dooebitur.

500 5740 616 5803 (6‘2)
660 5740 823 5794 Οὕτω
855 5739 966 5809 γάρ
999 5756 1144 5810 φασι
1177 5740 1276 5796 καὶ
1315 5745 1365 5795 οἱ
1404 5741 1535 5809 περὶ
1566 5743 1674 5797 τὸν
1708 5741 2003 5799 Ἡσίοδον.

2116 4558 2228 4604 tam
2287 4565 2412 4605 esse
2461 4549 2689 4605 Terram
2737 4550 3031 4616 aliirmant,
3065 4552 3172 4614 vel,
3206 4558 3265 4603 ut
3299 4549 3414 4615 alii,
3460 4548 3696 4608 C(BItttn,

2112 4657 2276 4711 quem
2299 4650 2353 4696 et
2388 4639 2758 4712 Hyperionem
2779 4648 2997 4695 vocant.
3017 4637 3391 4707 Eumdemque
3409 4652 3531 4690 cum
3551 4645 3697 4690 terra

2112 4735 2426 4805 copulatum
2474 4749 2653 4789 mares
2707 4732 3047 4803 feminasque
3095 4734 3370 4802 genuisse,
3408 4737 3571 4798 atque
3622 4729 3697 4781 ita

2112 4843 2211 4897 per
2256 4834 2423 4881 totam
2482 4825 2721 4881 fabulam
2798 4827 3055 4881 omnibus
3105 4823 3375 4877 accidisse
3410 4820 3690 4892 'reliquis;

2112 4919 2419 4987 cujusmodi
2482 4922 2641 4987 plane
2688 4930 2772 4976 est
2834 4918 3121 4991 nugatoria
3167 4919 3259 4973 illa
3307 4916 3466 4987 Bythi
3535 4926 3700 4986 atque

2115 5011 2512 5067 inextricabilis
2559 5013 2810 5067 historia.
2858 5010 3095 5066 Possunt
3136 5025 3266 5065 vero
3306 5009 3451 5063 hunc
3481 5008 3537 5061 in
3580 5024 3696 5062 mo-

2113 5105 2243 5159 dum
2284 5103 2501 5160 lereilla
2521 5104 2662 5160 inter
2682 5119 2803 5159 sese
2819 5119 2912 5173 per
2933 5103 3186 5173 conjugia
3219 5101 3692 5172 copulari:Chaos.

2114 5196 2253 5262 Nox,
2283 5195 2718 5261 Ercbus,Terra,
2743 5193 2955 5259 Ether,
2980 5193 3125 5258 Dies,
3152 5195 3339 5256 Amor,
3366 5194 3693 5251 Consilium,

2119 5290 2334 5355 Fatum,
2372 5289 2657 5354 Erumna,
2688 5286 3168 5354 Casus,Nemesis,
3210 5288 3443 5352 Monius,
3473 5288 3691 5341 Concu-

2115 5386 2284 5449 bitus,
2323 5383 2489 5445 Mors,
2513 5380 2779 5444 Licentia,
2813 5378 3101 5447 Senectus,
3139 5379 3261 5446 Alc,
3324 5378 3688 5443 Desiderium,

2114 5538 2251 5592 Cum
2302 5536 2565 5593 vocabula
2619 5534 2760 5605 ipsa,
2813 5545 2927 5588 tum
2971 5535 3106 5589 ordo
3149 5534 3362 5605 illorum
3413 5546 3477 5585 ac
3522 5529 3694 5605 series

2114 5609 2410 5678 plurimum
2446 5607 2515 5661 ab
2541 5601 2802 5678 llesiodio
2826 5605 3190 5678 illocatalogo
3225 5604 3561 5673 discrepant.
3586 5601 3694 5656 Sed

2117 5675 2170 5732 in
2208 5678 2367 5748 nugis
2407 5676 2753 5749 μικρολογείγ
2777 5675 3026 5748 putidum
3060 5683 3164 5730 cst.
