4004 6158
296 297 397 355 479

1702 298 1760 353 S.
1810 295 2151 351 EPIPIIANII

3450 299 3562 357 430

291 413 529 475 Ubiivio,
566 412 822 476 Somnus,
873 409 1081 481 Pugna,
1135 411 1457 484 Lysimcles,
1514 414 1875 478 Contumelia,

1991 415 2077 467 καὶ
2116 413 2403 488 βουληθείη
2452 419 2676 487 γνῶναι,
2709 420 2785 484 ὡς
2818 420 2926 473 ἀπὸ
2969 418 3076 472 τῶν
3120 417 3420 488 κοσμικῶν,
3462 418 3562 471 καὶ

294 503 662 574 Euphronios,
693 503 982 573 Splendor,
1038 504 1310 560 Curarum
1362 506 1637 569 solatium,
1672 504 1867 567 Fraus,

293 594 650 666 Hedymeles,
714 594 825 651 Lis.
879 595 958 651 Ac
1006 597 1323 668 quicunque
1380 598 1447 652 ad
1491 598 1613 653 illas
1661 595 1871 651 fabulas

291 688 530 742 animum
569 687 854 756 adjecerit,
896 705 962 746 ac
1008 704 1340 761 cognoscere
1393 689 1538 745 istud
1602 688 1868 755 voluerit;

289 778 751 849 quemadmodum
785 781 854 835 ab
876 780 1099 848 exteris,
1126 796 1191 835 ac
1223 780 1555 837 Graecanicis
1587 795 1870 835 commen-

1990 505 2318 577 Ἑλληνικῶν
2353 512 2622 581 ποιήσεων
2643 514 2682 576 ¹,
2708 513 2766 576 ἐξ
2786 506 2860 567 ὧν
2886 506 3033 566 οὗτοι
3065 508 3555 583 ὲνεϐροντήθησαν,

1984 598 2159 668 μάτην
2193 599 2578 667 ἐνθουσιῶντες
2624 603 2659 657 ἃ
2706 603 2780 675 μὴ
2816 604 2916 668 δεῖ,
2957 605 3038 666 είς
3079 601 3469 674 ματαιοπονίαν
3500 618 3562 654 τε

1979 689 2073 740 καὶ
2108 690 2352 761 κάματον
2401 695 2685 768 ἀνωφελῆ,
2745 696 2891 770 εὕροι
2948 697 3014 751 ἂν
3072 694 3268 758 αὐτοὺς
3322 693 3560 762 τοσούτῳ

1981 779 2183 846 μᾶλλον
2218 784 2463 858 πεπλανη
2473 786 2688 858 μένους.

290 870 383 937 tis,
411 872 557 927 unde
573 871 652 926 illi
676 871 882 927 frustra
906 872 1146 927 fanatico
1173 873 1321 928 velut
1372 871 1557 926 furore
1586 870 1650 925 ad
1685 870 1907 941 indigna
1936 870 2186 940 quaedam
2222 873 2433 930 incitati
2462 889 2610 943 sunt,
2651 879 2705 933 in
2773 878 2962 933 irritos
3023 885 3274 943 conatus,
3331 878 3564 933 vanissi-

290 978 547 1035 mamque
584 964 752 1020 animi
776 964 1178 1020 contentionem
1212 963 1525 1031 inciderint,
1550 963 1713 1033 longe
1731 977 1827 1018 eos
1866 960 2073 1017 Graecis
2104 965 2237 1033 ipsis
2278 968 2492 1037 turpius
2529 970 2814 1026 aberrasse
2843 970 3104 1041 reperiet.

362 1078 454 1137 IV.
486 1078 567 1134 Ab
602 1079 669 1135 iis
703 1079 1017 1151 primordiis
1070 1079 1234 1137 altius
1282 1076 1594 1149 indagando
1646 1076 1873 1137 sublati.

293 1171 441 1226 aliud
471 1168 747 1241 quoddam
811 1184 985 1239 genus
1045 1168 1189 1239 quod
1251 1166 1595 1239 llysterema,
1643 1166 1748 1221 hoc
1794 1173 1880 1220 est

292 1265 552 1334 defectum
584 1264 668 1318 vel
690 1264 967 1333 penuriam
998 1269 1217 1324 vocant,
1240 1260 1464 1315 furiosis
1490 1260 1607 1315 suis
1640 1258 1876 1329 ingeniis

294 1359 571 1414 invenisse
603 1372 662 1411 se
693 1363 1043 1426 putaverunt.
1085 1354 1241 1409 llunc
1263 1354 1539 1410 defectum
1573 1355 1711 1408 alias
1740 1351 1873 1407 Oui-

293 1450 659 1519 nipotentcm,
690 1455 855 1517 atque
890 1445 1154 1518 Opiﬁcem
1187 1458 1409 1511 vocant,
1444 1459 1874 1515 naturarumque

296 1539 637 1594 conditorem
670 1552 686 1592 :
720 1553 749 1591 a
773 1553 883 1608 quo
912 1547 965 1593 et
1000 1540 1359 1609 posteriorem
1399 1537 1701 1610 ogdoadem
1756 1543 1878 1607 post

294 1641 551 1702 septenos
583 1626 746 1685 orbes
776 1631 898 1684 οωιί
938 1631 1004 1684 ad
1047 1632 1248 1701 prioris
1301 1630 1566 1701 ogdoadis
1601 1628 1871 1698 exetnplat

2052 1075 2124 1130 A'.
2165 1078 2327 1132 Ὅθεν
2376 1081 2467 1134 καὶ
2497 1080 2576 1135 ἔτι
2610 1082 2954 1153 ὑψηλοτέρως
2985 1083 3377 1153 ἐξερευνῶντες
3403 1083 3564 1154 δῆθεν

1980 1167 2276 1240 ᾠήθησαν,
2325 1174 2419 1226 καὶ
2458 1174 2773 1247 ’Υστέρημα
2809 1177 2886 1247 τῷ
2936 1176 3051 1247 ἰδίῳ
3098 1176 3277 1229 αὐτῶν
3316 1177 3562 1246 δαίμονι-

1980 1259 2162 1315 σθέντι
2213 1262 2533 1335 διανοήματι
2586 1265 2864 1335 ἐξευρεῖν,
2907 1266 3042 1336 ὅπερ
3097 1264 3411 1335 ’Υστέρημα
3469 1265 3566 1316 καὶ

1980 1354 2407 1426 Παντοκράτορα
2438 1357 2533 1409 καὶ
2567 1357 2911 1429 Δημιουργὸν
2942 1356 3189 1422 καλοῦσι,
3215 1357 3310 1409 καὶ
3335 1356 3563 1425 κτίστην

1979 1447 2207 1501 οὐσιῶν
2236 1449 2328 1516 ἀφ’
2361 1443 2529 1520 οὗπερ
2562 1449 2724 1503 πάλιν
2755 1449 2851 1503 καὶ
2878 1449 3108 1519 ὑστέραν
3151 1446 3377 1517 ὀγδοάδα
3424 1447 3566 1517 μετὰ

1981 1539 2123 1593 ἑπτὰ
2167 1542 2434 1613 οὐρανοὺς
2476 1541 2700 1596 καλοῦσι
2736 1542 2877 1596 κατὰ
2915 1541 3011 1613 τὴν
3059 1540 3277 1612 πρώτην
3301 1539 3566 1609 ’(»γδοάῑα

1980 1632 2415 1704 ἁφομοιωθεῖσαν
2495 1634 2785 1688 ὲκτίσθαι²
2815 1674 2830 1698 ,
2899 1634 3064 1686 αὑτοῦ
3142 1633 3295 1696 ὄντος
3376 1634 3432 1685 ἐν
3495 1634 3569 1702 τῇ

290 1725 525 1780 cliictam
556 1728 845 1787 asserunt;
887 1723 1045 1795 167
1069 1739 1192 1778 cum
1228 1724 1282 1778 in
1308 1723 1554 1795 ogdoade
1590 1727 1880 1777 censeatur

1991 1726 2248 1795 Ὀγδοάδι,
2274 1726 2367 1781 καὶ
2385 1727 2524 1782 ἑπτὰ
2556 1729 2818 1800 οὐρανοὺς
2838 1729 2956 1799 μετ’
2985 1726 3146 1780 αὑτὸν
3176 1725 3559 1793 πεποιηκότος.

294 1818 431 1888 ipse,
456 1833 521 1872 ac
544 1823 747 1887 septem
765 1827 885 1884 post
914 1833 972 1872 se
993 1817 1131 1873 alios
1154 1816 1317 1872 orbes
1340 1815 1677 1887 produxerit.
1692 1813 1880 1868 Eidem

294 1912 659 1983 llysteremati
698 1913 974 1969 sincerum
1009 1910 1194 1965 nescio
1212 1925 1374 1979 quem
1396 1923 1626 1973 aeonem,
1659 1922 1723 1962 ac
1742 1906 1883 1962 dete-

296 2003 461 2057 rioris
488 2020 652 2059 sexus
680 2011 959 2075 expertem
996 2011 1270 2057 conantur
1310 2002 1647 2074 adjungere;
1687 1999 1781 2070 qui
1814 2014 1880 2055 eo

296 2093 364 2148 ad
397 2096 856 2166 complementum
894 2094 1123 2160 venerit,
1162 2101 1220 2148 ut
1253 2095 1493 2149 animam
1549 2091 1872 2163 requireret,

294 2203 418 2258 quae
448 2205 478 2242 a
505 2196 746 2244 materna
784 2186 1063 2258 Sapientia
1094 2201 1157 2241 ex
1190 2186 1301 2240 alto
1332 2184 1711 2240 descenderat.
1756 2180 1876 2236 Jam

295 2290 427 2331 vero
459 2276 627 2330 etiam
660 2274 967 2330 Achamoth
998 2274 1124 2329 ﬁcto
1147 2274 1368 2329 nomine
1399 2274 1698 2329 commenti
1728 2280 1877 2337 sunt,

295 2384 455 2436 quem
487 2376 542 2423 et
578 2367 935 2433 Salvatorem,
975 2372 1030 2422 rt
1063 2364 1407 2430 Terminum,
1440 2374 1493 2421 et
1524 2364 1761 2420 Crucem
1782 2406 1797 2426 .
1827 2372 1881 2418 et

296 2457 617 2525 Fiuilorem,
645 2466 700 2513 ct
729 2456 1218 2523 Transductorem,
1259 2464 1313 2513 et
1347 2455 1536 2511 Jesum
1579 2455 1878 2526 appellant.

296 2551 387 2612 qui
417 2566 512 2620 per
538 2548 763 2603 Mariam
786 2550 933 2602 velut
967 2547 1157 2602 tubqu
1178 2546 1526 2616 listulamque
1552 2544 1876 2615 permearit.

298 2641 455 2695 llunc
482 2655 608 2696 esse
633 2640 815 2695 lumen
858 2656 888 2695 a
926 2638 1213 2708 superiore
1233 2636 1457 2693 Christo
1490 2635 1773 2700 diffusum,
1810 2633 1881 2688 ob

299 2733 463 2803 idque
514 2732 694 2804 patrio
744 2732 968 2788 nomine
1004 2729 1215 2786 Lumen
1264 2729 1336 2785 ob
1381 2728 1512 2783 illud
1546 2729 1883 2784 cmlesteno-

300 2822 518 2891 minari,
552 2838 618 2877 ac
648 2821 716 2877 de
749 2823 1037 2893 superiore
1081 2820 1342 2884 Christo,
1378 2816 1670 2890 Verboque
1718 2817 1880 2873 Chri-
1936 2817 1939 2820 ’

301 2925 446 2972 stum
467 2917 656 2973 itidem
695 2926 751 2972 ct
789 2916 1049 2983 Verbum,
1102 2915 1197 2973 sed
1237 2924 1292 2969 et
1337 2912 1572 2968 Mentem
1593 2919 1876 2983 praeterea,

299 3025 365 3065 ac
406 3009 746 3065 Salvatorem
799 3007 1007 3063 vocari.
1054 3005 1320 3062 Eumdem
1374 3019 1539 3075 porro
1585 3002 1876 3059 Parentem

1987 1819 2195 1888 Ὥσπερ
2235 1819 2603 1892 ’Υστερήματι
2634 1819 2914 1890 βούλονται
2943 1820 3234 1873 συνάπτειν
3261 1818 3357 1888 μὲν
3386 1817 3563 1887 ἀμιγῆ

1979 1928 2100 1965 τινα
2128 1910 2301 1966 αίῶνα
2341 1913 2432 1966 καὶ
2467 1912 2793 1983 ἀθήλυντονο
2829 1914 2907 1974 είς
2939 1909 3211 1981 πλήρωμα
3240 1910 3296 1963 δὲ
3328 1906 3566 1961 ἐνταῦθα

1980 2004 2234 2071 ὲλθόντα,
2268 2006 2363 2060 καὶ
2419 2005 2754 2076 ἀναζήτησιν
2782 2004 2802 2035 ³
2844 2003 2944 2075 τῆς
2994 2002 3166 2074 ψυχῆς
3223 2002 3322 2073 τῆς
3355 2000 3565 2056 ἄνωθεν

1979 2097 2088 2151 ἀπὸ
2116 2100 2217 2169 τῆς
2250 2098 2523 2169 μητρικῆς
2566 2096 2765 2166 Σοφίας
2799 2088 3079 2166 ἐλθούσης.
3110 2094 3250 2165 Ἤδη
3277 2094 3372 2148 καὶ
3401 2094 3566 2164 Ἀχα-

1983 2189 2101 2261 μὼθ
2138 2188 2417 2261 βούλονται
2445 2190 2505 2242 τὸ
2531 2189 2701 2259 ὄνομα
2727 2188 3128 2250 ἀνατυποῦντες
3160 2187 3250 2240 καὶ
3281 2186 3561 2248 πλάττειν,

1979 2281 2038 2335 ὃν
2071 2280 2135 2352 δὴ
2166 2281 2261 2334 καὶ
2290 2280 2521 2351 Σωτῆρα
2563 2278 2749 2343 καλεῖ,
2786 2280 2881 2333 καὶ
2915 2279 3082 2345 Ὄρον
3103 2319 3117 2343 ,
3163 2278 3257 2330 καὶ
3297 2277 3562 2348 Σταυρὸν,

1980 2372 2076 2427 καὶ
2110 2371 2421 2444 Ὀροθέτην,
2457 2372 2553 2424 καὶ
2582 2371 2945 2439 Μεταγωγέα,
2982 2371 3075 2423 καὶ
3117 2369 3325 2439 Ἰησοῦν
3353 2370 3442 2422 τὸν
3476 2368 3564 2421 διὰ

1980 2464 2219 2536 Μαρίας,
2240 2464 2316 2528 ὡς
2341 2464 2429 2517 διὰ
2458 2462 2717 2533 σωλῆνος,
2756 2462 3113 2535 παρελθόντα.
3148 2458 3299 2516 Εἶναι
3323 2461 3377 2513 δὲ
3400 2460 3565 2514 αὑτὸν

1982 2556 2098 2626 φῶς
2130 2555 2237 2610 ἀπδ
2270 2555 2363 2609 τοῦ
2424 2555 2539 2609 ἄνω
2580 2554 2847 2627 Χριστοῦ,
2876 2555 2971 2610 καὶ
3016 2554 3102 2609 διὰ
3148 2552 3306 2611 τοῦτο
3338 2570 3563 2622 πατρω-

1980 2648 2228 2720 νυμικῶς
2274 2647 2556 2703 καλεῖσθαι
2597 2648 2718 2712 Φῶς
2754 2648 2845 2703 διὰ
2875 2648 2937 2702 τὺ
2971 2649 3083 2703 ἄνω
3131 2646 3265 2717 φῶς,
3297 2647 3391 2698 καὶ
3424 2646 3562 2716 Χρι-

1984 2740 2107 2793 στὸν
2133 2738 2222 2793 διὰ
2258 2738 2350 2793 τὸν
2379 2739 2492 2795 ἄνω
2528 2741 2782 2811 Χριστὸν,
2832 2740 2926 2795 καὶ
2972 2740 3144 2807 Λόγον
3182 2735 3270 2790 διὰ
3316 2736 3409 2790 τὸν
3453 2737 3569 2789 ἄνω

1981 2829 2174 2899 Λόγον,
2207 2829 2302 2883 καὶ
2324 2829 2468 2884 Νοῦν
2492 2829 2756 2895 ὡσαύτως
2786 2831 3014 2901 Σωτῆρα
3053 2828 3329 2899 λέγεσθαι.
3366 2826 3477 2879 Ἀεὶ
3506 2823 3568 2879 δὲ

1983 2920 2335 2992 ὑπερϐαίνειν
2357 2920 2451 2977 τὸν
2479 2921 2646 2976 αὑτοῦ
2671 2922 2903 2993 πατέρα,
2927 2922 3018 2976 τδν
3041 2921 3385 2993 Δημιουργόν
3405 2938 3418 2951 ·
3443 2936 3568 2972 συν-

1983 3012 2276 3083 αναφέρειν
2297 3013 2354 3066 δὲ
2378 3013 2505 3078 τοὺς
2531 3012 2681 3085 αὐτῷ
2710 3013 3066 3085 πειθομένους
3095 3012 3211 3084 ἅμα
3247 3009 3396 3080 αὐτῷ
3430 3009 3569 3080 πρὸς

301 3119 460 3158 suum
483 3142 499 3167 ,
536 3102 641 3157 hoc
675 3110 758 3157 est
792 3099 1145 3156 Conditorem
1199 3095 1632 3154 transcendere:
1680 3108 1746 3149 ac
1789 3093 1883 3164 qui

1991 3104 2091 3168 τὰς
2108 3105 2221 3159 ἄνω
2256 3104 2519 3175 συζυγίας
2548 3104 2642 3159 τοῦ
2679 3105 3064 3177 πληρώματος.
3095 3106 3203 3159 Καὶ
3228 3098 3274 3157 ὦ
3309 3104 3409 3172 τῆς
3439 3101 3566 3156 τοὺ·

300 3195 404 3251 sibi
449 3194 608 3249 iidem
660 3194 937 3257 habeant,
987 3190 1053 3246 ad
1108 3204 1367 3260 suprema
1420 3188 1513 3243 illa
1568 3187 1884 3257 pleromatis

301 3287 530 3358 collegia
554 3301 739 3342 secum
771 3285 1023 3340 evehere.
1055 3282 1101 3338 0
1123 3298 1296 3354 nugas
1316 3281 1599 3351 anilesque
1634 3277 1880 3333 fabulas!

302 3376 418 3449 Ego
448 3393 579 3434 vero
609 3376 970 3432 nihilominus
990 3390 1077 3439 ea,
1105 3375 1183 3430 uti
1217 3390 1338 3431 sum
1363 3372 1671 3445 pollicitus,
1709 3384 1884 3440 expo-

302 3486 465 3536 nam;
492 3477 661 3540 utque
704 3468 810 3540 ipsi
864 3467 931 3523 ad
977 3477 1354 3539 poetarumac
1392 3464 1684 3537 gentilium
1736 3477 1887 3517 com-

304 3568 491 3618 menta
529 3561 721 3617 deliria
756 3577 856 3617 sua
887 3559 1116 3632 propius
1149 3556 1642 3615 accommodarint.
1681 3553 1888 3610 Praeter

305 3652 442 3718 haec,
484 3652 787 3709 secundum
826 3651 1209 3708 Tricenarium
1269 3651 1447 3717 illum,
1482 3648 1725 3705 medium
1768 3645 1888 3701 uni-

304 3760 431 3800 cum
470 3760 667 3801 nomen
723 3759 787 3801 ac
832 3744 952 3801 sine
991 3741 1207 3799 feminae
1239 3745 1527 3798 consortio
1577 3739 1886 3796 solitarium

303 3842 715 3910 cxcogitarunt;
743 3847 858 3894 tum
902 3837 1066 3892 aliam
1132 3851 1355 3893 rursum
1383 3851 1413 3889 a
1443 3834 1742 3890 Couditore
1770 3847 1892 3903 pro-

303 3931 546 3998 ductam,
577 3945 641 3986 ac
676 3931 902 4003 perinde
945 3930 1000 3991 in
1046 3928 1198 4001 paria
1245 3928 1510 3999 digestam
1546 3923 1887 3997 ()gdoadem.

304 4022 479 4095 Cujus
512 4023 632 4079 hate
654 4032 785 4080 sunt
811 4023 1117 4078 vocabula:
1162 4019 1515 4091 Exepapbus,
1553 4015 1887 4090 Porphyrio,

290 4113 542 4179 .Clotho,
590 4115 866 4181 Rbuaces,
919 4113 1204 4178 Lachesis,
1257 4111 1580 4183 Epiphaon,
1630 4109 1890 4178 All‘oplts,

308 4210 603 4283 llyperion,
652 4210 937 4278 Asterope.
992 4205 1275 4276 Ejusmodi
1328 4214 1611 4274 poetarum
1660 4202 1889 4256 istorum

307 4311 395 4359 est
424 4316 608 4363 scena,
634 4315 755 4369 qua:
789 4307 843 4353 et
873 4299 1010 4353 alias
1048 4295 1484 4366 quamplurimas
1523 4295 1779 4357 deorum,
1833 4300 1894 4347 ut

309 4399 531 4454 vocant,
573 4390 969 4460 appellationes
1003 4388 1270 4450 continet,
1302 4387 1537 4440 marium
1573 4400 1638 4439 ac
1670 4385 1892 4439 femina-

310 4499 457 4547 rum,
492 4498 613 4553 qua:
649 4481 807 4536 aliter
835 4480 903 4534 ab
938 4480 1061 4534 aliis
1094 4488 1377 4547 conceptm
1414 4479 1479 4531 ad
1528 4491 1733 4531 cecuv
1772 4492 1892 4547 per-

310 4576 557 4632 veniunt.
586 4573 730 4640 Quin
752 4572 914 4627 etiam
959 4571 1024 4625 ad
1057 4570 1289 4624 aliarum
1327 4569 1608 4623 lnereseon
1634 4583 1752 4637 qua!
1786 4568 1890 4623 sibi

310 4666 579 4736 tragicam
615 4660 926 4719 istiusmodi
962 4676 1214 4732 pompam
1252 4662 1555 4725 asciscunt,
1590 4675 1894 4731 propagan-

312 4760 411 4815 das
439 4757 703 4830 origines,
740 4771 878 4811 nova
906 4754 1153 4827 quaedam
1180 4753 1441 4809 addidere
1477 4754 1711 4810 somnia.

372 4875 579 4932 Etenim
593 4876 1005 4947 poslsuperiora
1019 4870 1107 4925 illa
1124 4872 1340 4925 nomina
1354 4866 1895 4938 llesiodus.0rpheus

312 4977 368 5024 et
382 4967 733 5023 Stesichorus
752 4973 1042 5021 natosesse
1072 4963 1484 5019 dicutitleum
1503 4968 1558 5016 el.
1577 4959 1892 5022 Tartarum,

316 5058 616 5114 Saturnum
647 5073 714 5114 ac
730 5056 962 5123 Rheam,
1007 5054 1195 5111 Jovem
1240 5061 1295 5108 et.
1330 5052 1636 5116 Iunonem,
1674 5052 1897 5120 Apollo-

316 5163 463 5204 nem.
498 5144 829 5216 Neptunum,
877 5158 1039 5215 atque
1070 5143 1384 5206 Plutonem,
1421 5142 1705 5209 aliosque,
1753 5153 1895 5207 quos

316 5237 635 5309 singillatim
666 5247 973 5302 recensent,
1022 5236 1365 5291 innumeros.
1402 5232 1693 5288 Fecumlus
1746 5230 1891 5285 enim

321 5328 539 5382 illorum
574 5342 731 5382 crror
758 5335 862 5387 est,
894 5342 959 5381 ac
993 5310 1413 5397 ntultiplequui
1435 5323 1677 5380 absurda
1707 5321 1895 5375 nescio

320 5434 444 5489 qua:
464 5417 853 5474 vocabulorum
887 5426 1132 5472 monstra
1163 5416 1497 5487 parturiens,
1527 5425 1691 5485 atque
1729 5429 1896 5467 cxco-

325 5505 528 5575 gitans,
549 5505 819 5560 infinitam
866 5505 1172 5560 fabularum
1198 5518 1433 5577 segetem
1468 5504 1727 5577 profudit.
1753 5503 1884 5570 Quae

407 5705 421 5737 ⁸
459 5722 540 5774 rp.
573 5705 826 5775 ποιητῶν.
905 5709 920 5735 ²
954 5703 1015 5759 ν.
1059 5704 1236 5760 Codex
1272 5707 1512 5761 ἐκτίσθαι
1550 5709 1782 5778 λέγουσι.

1984 3213 2092 3249 των
2121 3196 2393 3267 ληρῳδίας
2418 3199 2513 3252 καί⁵
2539 3197 2807 3271 τοσαύτης
2851 3199 3269 3269 ματαιολογίαςί
3309 3196 3575 3268 Παραθήο

1988 3305 2152 3360 σομαι
2181 3289 2260 3350 δὲ,
2284 3289 2361 3354 ὡς
2394 3292 2674 3361 προεῖπον,
2700 3291 2792 3345 καὶ
2820 3290 2896 3355 ὡς
2921 3292 3074 3347 αὑτοὶ
3109 3287 3435 3355 συνέζευξαν
3455 3292 3572 3352 τοῖς

1987 3384 2293 3451 ποιητικοῖς
2355 3382 2451 3436 καὶ
2522 3382 2837 3454 ὲθνομὺθοις
2896 3383 3179 3454 πλάσμασι
3245 3382 3349 3453 τὴν,
3391 3380 3573 3434 αὐτῶν

1986 3471 2330 3543 ληρολογίαν.
2369 3473 2528 3528 Μετὰ
2556 3473 2653 3546 τὴν
2700 3474 3074 3547 Τριακοντὰδα
3103 3472 3160 3527 δὲ
3198 3472 3259 3526 τὸ
3290 3471 3349 3526 ἓν
3400 3470 3575 3541 ὄνομα

1992 3564 2159 3637 μέσον
2202 3563 2296 3617 καὶ
2348 3563 2678 3630 ἀθὴλυντον,
2738 3565 2835 3618 καὶ
2901 3566 3018 3637 μετ’
3070 3563 3233 3619 αὑτὸν
3279 3563 3378 3635 τὴν
3430 3562 3576 3616 κατὰ

1990 3634 2256 3724 συζυγίαν
2312 3653 2747 3725 πάλινὌγδοάδα
2785 3634 3101 3728 εὑρεθέίσαν
3152 3655 3261 3710 ἀπὸ
3314 3634 3410 3709 τοῦ
3466 3661 3574 3725 Δη-

1993 3742 2254 3817 μιουργοῦ
2306 3744 2469 3799 πάλιν
2519 3744 2825 3816 δυναμένην
2873 3745 2968 3799 καὶ
3018 3744 3160 3799 οὕτω
3203 3745 3572 3802 συντίθεσθαι.

1989 3838 2101 3892 Καὶ
2129 3838 2245 3891 ἔστι
2283 3835 2355 3890 τὰ
2375 3836 2613 3907 ὀνόματα
2641 3836 2787 3890 τάδε·
2823 3837 3041 3908 πρῶτος
3071 3837 3399 3908 Ἐξέπαφος,
3434 3839 3576 3909 [Iop-

1992 3930 2221 4003 φυρίων,
2248 3927 2472 3993 Κλωθὼ,
2502 3927 2755 3994 Ῥὑακος,
2779 3930 3033 4001 Λάχεσις,
3053 3930 3354 4001 Ἐπιφὰων,
3382 3931 3578 4003 Ἀτρο-

1993 4037 2130 4085 πος,
2190 4018 2490 4090 Ὑπερίων,
2524 4018 2852 4090 Ἀστεροπή.
2915 4021 3025 4075 Καὶ
3065 4020 3202 4094 αῦτη
3247 4021 3346 4092 μὲν
3394 4021 3428 4091 η
3468 4021 3579 4074 τῶν

1994 4109 2237 4183 ποιητῶν
2268 4111 2476 4166 τούτων
2526 4111 2740 4183 σκηνὴ,
2776 4111 2976 4183 ἔχουσα
3009 4112 3104 4166 καὶ
3158 4112 3324 4178 ἄλλας
3374 4113 3578 4176 πολλάς

1992 4203 2311 4275 ὀνομασίας,
2336 4201 2473 4256 θεῶν
2507 4190 2634 4276 παρ’
2667 4203 2852 4267 αὐτοῖς
2884 4203 3301 4276 ὀνομαζομένων
3331 4205 3580 4277 ἀρρένων

1993 4311 2054 4347 τε
2086 4296 2180 4349 καὶ
2213 4293 2462 4365 θηλειῶν,
2499 4293 2671 4357 ἄλλως
2700 4294 2853 4365 παρά
2888 4312 3001 4348 τισι
3044 4295 3375 4367 λεγομένων,
3419 4296 3580 4349 δυνα-

2000 4374 2180 4456 μένων
2210 4385 2437 4456 ποιῆσαι
2484 4387 2579 4440 καὶ
2614 4388 2944 4457 τριακοσίων
2979 4386 3413 4459 ὲξηκονταπέντε
3458 4390 3580 4460 ἀρι-

2002 4476 2159 4547 θμὸν,
2191 4478 2283 4531 καὶ
2309 4477 2387 4530 ἑτι
2418 4479 2499 4542 είς
2525 4478 2796 4549 πρόφασιν
2821 4478 2929 4531 τῶν
2970 4479 3145 4533 ἄλλων
3178 4482 3440 4551 αἱρέσεων
3472 4482 3580 4534 τῶν

2000 4567 2205 4640 ταύτην
2233 4568 2393 4622 πάλιν
2422 4568 2519 4641 τὴν
2545 4569 2813 4641 τραγικὴν
2856 4569 3111 4623 ὑπόθεσιν
3154 4571 3580 4642 ἐνστησαμένων

2000 4659 2452 4730 ὀνειρωττόντων.

2072 4859 2227 4913 Μετὰ
2264 4861 2370 4934 γὰρ
2406 4862 2475 4914 τὰ
2504 4861 2874 4932 προειρημένα
2918 4860 3159 4929 ὀνόματα
3190 4858 3355 4929 φασιν
3378 4860 3425 4912 οἱ
3457 4860 3585 4931 περὶ

2013 4952 2257 5005 Ἡσίοδον
2274 4953 2369 5005 καὶ
2385 4952 2590 5024 Ὀρφέα
2620 4954 2711 5006 καὶ
2729 4951 3058 5024 Στησίχορον
3075 4950 3438 5022 γεγεννῆσθαι
3476 4951 3584 5005 ()6-

2006 5043 2167 5115 ρανόν
2195 5060 2257 5096 τε
2285 5045 2379 5098 καὶ
2410 5044 2713 5115 Τάρταρον,
2732 5045 2938 5116 Κρόνον
2968 5061 3027 5096 τε
3058 5045 3154 5097 καὶ
3190 5044 3368 5108 Ῥέαν,
3397 5045 3495 5098 Δία
3526 5063 3584 5097 τε

2005 5136 2100 5190 καὶ
2128 5124 2450 5207 Ἤρανξκαὶ
2477 5136 2808 5202 Ἀπόλλωνα,
2842 5136 3151 5190 Ποσειδῶνά
3186 5153 3246 5189 τε
3290 5138 3378 5189 καὶ
3416 5136 3591 5189 Πλού-

2004 5245 2175 5288 τωνα.
2206 5229 2301 5281 καὶ
2336 5230 2561 5298 μυρίους
2598 5228 2785 5282 λοιπὸν
2826 5229 2953 5292 τοὺς
2997 5229 3125 5301 παρ’
3171 5230 3355 5294 αὑτοῖς
3389 5229 3590 5299 ὀνομαο

2006 5319 2286 5390 ζομένους.
2322 5320 2498 5392 Πολλὴ
2529 5320 2636 5393 γὰρ
2663 5321 2868 5374 τούτων
2900 5324 2932 5393 ἡ
2960 5321 3215 5393 ἀπατηλὴ
3245 5321 3304 5387 ἐξ
3333 5323 3591 5385 ὑπονοίας

2010 5412 2208 5482 πλάνη,
2245 5414 2279 5482 ἥ
2312 5430 2397 5475 τις
2440 5413 2772 5481 κενοφωνίαν
2806 5414 3203 5484 ἐγκισσήσασα,
3236 5414 3331 5466 καὶ
3361 5413 3591 5484 ἑξευρα-

1997 5505 2134 5575 μένη
2171 5505 2398 5569 πολλοὺς
2444 5506 2645 5576 μύθους
2682 5504 3091 5577 ὲποιητεπατο.
3122 5506 3233 5559 Kal.
3270 5503 3403 5575 αῦτη
3440 5504 3595 5559 ἐστὶν

1863 5711 1880 5740 ³
1916 5708 1972 5761 F.
2012 5708 2118 5761 ἀπὸ
2152 5708 2516 5781 πληρώματος
2550 5709 2627 5774 δέ,
2661 5718 2713 5763 et
2745 5710 2862 5761 κατ’
2905 5709 3254 5779 ἀναζήτησιν.
