4018 6124
398 359 503 417 485

1792 357 1853 413 S.
1896 357 2237 413 ΕΡΙΡΠΛΝΙΙ

3535 359 3646 418 486

398 473 465 526 iis
507 472 597 541 qui
630 487 693 525 ex
746 472 864 540 ipso
899 480 951 524 et
1004 470 1057 524 in
1100 485 1221 540 ipso
1263 485 1411 531 sunt,
1442 484 1562 525 sese
1616 469 1961 539 patefaceret.

2068 471 2232 542 θηλυν
2262 471 2548 524 ἀντίτυπον
2579 472 2674 541 τῆς
2705 452 3010 544 προσούσης
3044 474 3058 503 ¹
3087 472 3374 544 Τετράδος.
3419 473 3541 542 ἥτις
3572 469 3651 546 ἦν

394 563 588 617 Postea
648 560 903 617 Veritatis
952 573 1254 616 maternam
1318 561 1622 631 pruniciam
1677 561 1964 631 proferens

394 663 670 724 parentem
732 669 891 708 suum
942 654 1009 708 ad
1053 652 1213 725 169
1256 654 1341 707 sui
1403 668 1643 707 amorem
1678 656 1961 722 pertraxit.

392 742 570 812 Quare
598 743 761 798 ambo
818 728 1136 813 incorrupta
1187 744 1559 812 copulatione,
1587 757 1652 796 ac
1680 756 1962 813 nunquam

393 847 709 893 senescente
743 838 1131 906 conjunctione
1164 837 1440 892 commisti
1487 846 1642 891 sunt.
1674 835 1828 891 Unde
1851 836 1966 903 spi-

395 931 571 984 ritalis
616 929 848 983 marium
910 944 973 982 ac
1016 928 1338 983 feminarum
1420 928 1683 998 quadriga
1741 929 1962 998 prodi‘t,

396 1021 595 1092 prioris
644 1022 871 1075 alterius
927 1021 1155 1086 similis,
1205 1036 1328 1091 qua:
1385 1021 1453 1075 iis
1480 1028 1734 1090 quatuor,
1771 1020 1961 1092 Bytho,

396 1109 540 1180 Sige,
571 1110 751 1174 Patre,
793 1127 856 1164 ac
883 1108 1123 1165 Veritate
1164 1110 1477 1165 consxabat.
1514 1108 1797 1164 Posterior
1834 1126 1965 1165 vero

396 1204 486 1256 illa
538 1218 605 1257 ex
648 1202 808 1259 Patre
861 1218 925 1257 ac
982 1203 1108 1273 Sige
1153 1202 1415 1273 producta
1453 1202 1565 1256 luce
1609 1210 1726 1256 est:
1769 1201 1961 1265 llomo,

397 1292 675 1360 Ecclesia,
723 1293 959 1358 Sermo,
1016 1293 1160 1347 Vita.
1225 1292 1382 1347 Tune
1442 1293 1965 1363 eomprehendcutis

392 1386 575 1439 oumia
606 1386 764 1458 Bythi
790 1387 1070 1440 voluntate
1098 1385 1270 1439 Homo
1320 1393 1485 1452 atque
1523 1384 1765 1440 Ecclesia
1785 1396 1964 1455 pater-

391 1491 586 1529 norum
617 1493 933 1531 sermonum
992 1492 1261 1531 memores
1307 1476 1651 1545 inyiremque
1680 1477 1964 1547 congressi

392 1568 750 1623 Pruuicorum
800 1570 1035 1627 marium
1101 1583 1165 1621 ac
1238 1568 1560 1622 feminarum
1622 1567 1961 1624 Dodet-adem

388 1656 790 1728 procrearuut:
827 1675 1006 1713 mares
1057 1659 1310 1714 videlicet
1387 1659 1545 1716 istos.
1600 1656 1962 1722 Paraeletum,

390 1750 720 1812 Paternum,
789 1751 1115 1813 Maternum,
1168 1749 1388 1809 Ainum,
1452 1746 1759 1811 Thelctum,
1819 1749 1963 1818 quod

2068 564 2234 627 Βυθὸς
2256 602 2269 627 ,
2316 564 2476 634 Σιγὴ,
2510 564 2728 634 Πατὴρ,
2759 564 3030 635 Ἀλήθεια.
3079 563 3228 634 Αὕτη
3270 563 3327 616 δὲ
3362 565 3395 635 ἡ
3444 566 3507 618 ὲκ
3544 563 3643 620 τοῦ

2066 657 2277 726 Πατρὸς
2316 658 2409 710 καὶ
2440 657 2538 726 τῆς
2578 658 2742 727 Σιγῆς
2786 656 3014 729 Τετρὰς,
3046 655 3385 727 Ἀνθρωπος,
3414 656 3647 728 Ἐκκλη-

2067 749 2173 812 σὲα,
2210 748 2400 817 Λόγος,
2437 751 2579 819 Ζωή.
2608 749 2741 801 Τότε
2768 747 2861 801 τοῦ
2898 749 3074 802 πάντα
3101 748 3446 820 περιέχοντος
3470 748 3643 803 Βυθοῦ

2065 840 2327 910 θελήματι
2371 842 2399 894 ὁ
2438 841 2752 912 Ἀνθρωπος
2795 841 2891 894 καὶ
2935 843 2969 912 ἡ
3016 839 3312 909 Ἐκκλησία
3360 838 3643 911 πατρικῶν

2069 933 2396 1004 μνησθέντες
2424 933 2597 1001 λόγων
2624 932 2888 1003 συνῄεσαν
2911 932 3143 995 ἑαυτοῖς,
3173 931 3267 985 καὶ
3296 932 3642 986 ἀναδεικνῠσι
3685 1002 3692 1008 ι

2065 1025 2347 1078 Δωδεκάδα
2392 1025 2731 1096 Προυνείκων
2770 1023 3150 1096 ἀρῤενόθηλυν.
3185 1024 3248 1077 Οί
3295 1019 3387 1077 οὖν
3417 1023 3644 1096 ἀρῤενές

2066 1116 2172 1167 εἰσι
2222 1114 2605 1185 Παράκλητος,
2658 1113 2969 1184 Πατρικὸς,
3013 1111 3323 1185 Μητρικός,
3374 1112 3640 1176 Ἀείνους,

2064 1205 2317 1277 Θελητὺς,
2354 1205 2382 1258 ὃ
2411 1206 2526 1257 ἐστι
2549 1205 2688 1270 Φῶς,
2720 1203 3221 1274 Ἐκκλησιαστικός.
3255 1204 3322 1256 Ai
3349 1202 3406 1256 δὲ
3432 1202 3643 1274 θήλειαι

2066 1299 2255 1361 Πίστις
2275 1338 2289 1362 ,
2318 1298 2505 1357 Ἐλπὶς
2524 1340 2538 1362 ,
2568 1298 2781 1368 ’Λγάπη
2804 1339 2818 1362 ,
2858 1296 3109 1360 Σύνεσις,
3147 1294 3418 1366 Μακαρία,
3451 1296 3641 1364 Σοφία.

2069 1389 2360 1459 μετέπειτα
2391 1390 2449 1443 δὲ
2498 1388 2667 1457 Λόγος
2712 1388 2808 1441 καὶ
2853 1390 2997 1457 Ζωή.
3051 1388 3159 1441 Καὶ
3206 1387 3379 1451 αὐτοὶ,
3435 1386 3495 1439 τὸ
3542 1386 3644 1455 τῆς

2065 1482 2321 1545 αἰνέσεως
2366 1481 2775 1544 ἀναπλάσάντες
2820 1479 3082 1550 δώρημα,
3114 1480 3327 1541 ἑαυτοῖς
3360 1476 3646 1548 ἐκοινώνη-

2067 1589 2165 1625 σαν
2210 1568 2319 1626 Ἶῐν
2357 1573 2412 1625 δὲ
2444 1575 2476 1644 ή
2516 1572 2769 1625 κοινωνία
2810 1571 2988 1653 αὐτῶν
3026 1570 3087 1623 τὸ
3115 1568 3347 1640 θέλημα,
3383 1569 3487 1620 Καὶ
3519 1584 3646 1619 συν-

2064 1659 2306 1724 ελθόντες
2339 1661 2673 1726 ἀνεδείξαντο
2699 1659 2909 1713 Δεχάδα
2949 1659 3313 1729 Προυνείκων,
3342 1657 3435 1711 καὶ
3462 1656 3645 1710 αὐτῶν

2066 1751 2512 1822 ἀρῤενοθηλειῶν.
2569 1745 2669 1804 Ὧν
2718 1753 2766 1804 oi
2817 1751 2918 1820 μὲν
2965 1750 3192 1821 ἀρῤενές
3249 1750 3357 1802 είσι
3413 1746 3641 1812 Βύθιος,

389 1842 531 1896 idem
567 1851 651 1897 est
694 1856 758 1895 ac
792 1842 1020 1905 Lumen,
1050 1839 1528 1903 Ecclesiasticum;
1558 1838 1784 1893 feminas
1818 1855 1960 1907 vero,

2068 1843 2396 1915 Ἀγήρατος,
2448 1844 2731 1913 Αὐτοφυὴς
2751 1884 2765 1907 ,
2797 1842 3126 1913 Μονογενὴς,
3152 1841 3449 1913 Ἀκίνητος.
3482 1833 3644 1895 Οὗτοι

390 1930 601 1996 Fidem,
624 1933 808 2002 Spem,
840 1932 1197 1993 Charitatem,
1223 1930 1660 2001 Intelligentiam,
1695 1930 1963 1986 Fortuna-

2066 1936 2166 2006 τὴν
2193 1936 2574 2007 προσωνυμίαν
2607 1935 2705 2005 τὴν
2735 1937 2755 1966 ³
2784 1933 2940 2000 δόξαν
2970 1934 3064 1987 τοῦ
3096 1933 3273 1987 πάντα
3302 1933 3645 2005 περιέχοντος

388 2030 522 2087 tam,
556 2023 910 2093 Sapientiam.
947 2022 1150 2079 Deinde
1181 2020 1375 2077 Sermo
1406 2037 1470 2075 ac
1503 2021 1621 2075 Vita
1651 2023 1814 2077 etiam
1856 2024 1959 2093 ipsi

2071 2030 2410 2098 ἐποιήσαντο.
2450 2029 2512 2080 Ai
2545 2028 2602 2080 δὲ
2641 2027 2871 2097 θήλειαι,
2902 2025 3083 2090 Μίξις,
3109 2026 3361 2089 Ἕνωσις,
3394 2024 3646 2095 Σύγκρα-

389 2116 567 2171 laudis
596 2131 793 2170 inunus
814 2115 1151 2185 eningentes,
1179 2129 1364 2167 secum
1389 2114 1620 2169 invicem
1656 2118 1961 2172 consociati

2073 2137 2176 2183 σις,
2216 2120 2467 2189 Ἑνότης,
2516 2118 2850 2188 Ἠδονήοκαὶ
2898 2112 3054 2171 αὗται
3107 2116 3205 2187 τὴν
3258 2114 3645 2187 προσωνυμίαν

389 2216 538 2262 sunt.
558 2207 689 2274 Quae
711 2209 929 2278 quidem
947 2209 1286 2263 consociatio
1307 2208 1586 2263 voluntate
1604 2208 1719 2262 sola
1740 2216 1961 2278 peracta

2069 2212 2148 2272 είς
2183 2210 2340 2277 δόξαν
2368 2209 2468 2280 τῆς
2492 2210 2657 2280 Σιγῆς
2692 2210 3163 2281 περιεποιήσαντο.

387 2311 485 2355 est.
512 2299 652 2369 Ergo
683 2298 825 2352 inter
849 2312 972 2352 sese
1001 2299 1275 2353 commisti
1304 2295 1663 2353 Prunicorum
1695 2298 1957 2353 decadem
1995 2315 2060 2354 ex
2118 2302 2361 2356 maribus
2387 2315 2635 2370 peraque
2671 2316 2735 2355 ac
2769 2300 2987 2354 feminis
3033 2308 3377 2355 constantem
3442 2316 3646 2370 genue-

388 2405 536 2450 runt.
591 2394 764 2463 Cujus
824 2394 874 2447 hi
925 2400 1056 2448 sunt
1110 2408 1326 2447 mares:
1364 2392 1614 2462 Bythius,
1673 2394 1963 2463 Ageratus,
2002 2395 2640 2467 Autophyes.Unigena,
2693 2393 3010 2448 Immobilis.
3038 2391 3102 2447 Hi
3180 2395 3248 2448 ad
3313 2393 3645 2448 continentis

387 2489 568 2541 omnia
603 2486 1016 2540 contestandam
1049 2485 1276 2553 gloriam
1330 2484 1549 2538 sibimet
1604 2485 1725 2553 ejus
1781 2486 2198 2555 appellationem
2228 2487 2563 2542 indiderunt.
2598 2486 2836 2542 Femina:
2865 2502 2991 2540 vero
3019 2496 3174 2541 sunt:
3210 2487 3425 2550 Mistio,
3480 2486 3642 2550 Unio,

391 2575 1002 2647 'l'emperatio,Unitas,
1037 2575 1324 2646 Voluptas.
1383 2576 1522 2641 Quae
1579 2592 1770 2631 omnes
1829 2578 1894 2632 ad
1948 2578 2211 2633 honorem
2279 2580 2433 2651 Siges
2492 2582 2819 2651 pertinentia
2867 2579 3129 2635 vocabula
3176 2581 3419 2636 similiter
3484 2597 3645 2635 usur-

391 2687 455 2743 pa
465 2681 610 2726 runt.

464 2765 548 2822 Vl.
586 2766 721 2820 Cum
745 2767 910 2837 igitur
941 2767 1226 2822 absolutus
1257 2766 1361 2821 hoc
1394 2767 1557 2822 modo
1590 2765 1849 2821 Veritatis
1880 2780 1970 2837 pa-

392 2859 562 2914 rentis
622 2857 976 2915 Tricenarius
1024 2859 1198 2925 foret,
1249 2874 1409 2930 quem
1476 2859 1678 2914 terreni
1723 2858 1970 2913 homines

392 2953 705 3022 ignorantes
748 2959 1078 3015 numerant,
1120 2960 1330 3007 etcum
1383 2950 1449 3005 ad
1494 2951 1674 3021 ipsum
1709 2963 1972 3021 pervene-

2142 2767 2232 2832 ς’.
2264 2763 2699 2835 Τετελειωμένης
2721 2758 2813 2817 οὖν
2842 2762 2940 2832 τῆς
2964 2763 3103 2817 κατά
3127 2764 3342 2835 Πατέρα
3365 2765 3646 2837 Ἀληθείας

2073 2855 2390 2927 Τριακάδος,
2428 2857 2493 2927 ἢν
2521 2856 2570 2908 οἱ
2595 2854 2822 2924 ἐπίγειοι
2852 2855 2925 2927 μὴ
2949 2856 3298 2926 ἐπιστάμενοι
3333 2855 3646 2928 ἀριθμοῦσι,

2074 2947 2167 2999 καὶ
2210 2947 2408 3000 ὁπόταν
2444 2946 2670 2998 ἔλθωσιν
2705 2946 2791 2998 ἐπ’
2819 2945 3018 3015 αὐτὴν,
3056 2946 3253 3016 μηκέτι
3290 2945 3519 3017 ἀριθμὸν
3558 2947 3652 3003 εὑ·-

390 3044 522 3105 rint,
553 3043 704 3095 nullo
739 3044 973 3113 amplius
1002 3050 1219 3113 reperto
1260 3057 1510 3107 numero,
1550 3042 1745 3097 iterato
1770 3041 1823 3095 in
1851 3055 1963 3096 sese

2079 3037 2389 3108 ρίσκοντες,
2436 3036 2799 3089 ἀνακυκλοῦσι
2846 3036 3007 3090 πάλιν
3047 3035 3405 3107 ἀριθμοῦντες
3454 3037 3645 3110 αὑτήν.

392 3142 664 3188 retexunt.
710 3133 988 3203 Ejusmodi
1023 3142 1205 3189 autem
1251 3134 1341 3189 ille
1375 3143 1495 3189 est:
1527 3134 1768 3205 Bytlms,
1811 3130 1971 3202 Sige,

391 3224 593 3289 Pater,.
615 3225 853 3291 Veritas,
899 3225 1092 3285 llomo.
1134 3226 1402 3291 Ecclesia,
1435 3225 1646 3288 Sermo,
1682 3224 1823 3290 Vita,
1867 3223 1973 3278 Pa-

393 3326 605 3377 tet-nus,
635 3316 936 3383 Maternus,
971 3315 1307 3383 Paracletus,
1346 3316 1542 3383 Ainus,
1564 3314 1844 3378 Theletus.
1881 3315 1975 3370 Ec-

394 3407 772 3471 elesiasticus,
805 3406 1000 3470 Fides,
1033 3406 1203 3478 Spes,
1242 3407 1496 3462 Charitas
1518 3446 1533 3470 ,
1576 3406 1969 3478 Intelligentia,

395 3498 735 3565 Fortunata,
788 3499 1099 3570 Sapientia,
1145 3499 1393 3571 Bythius,
1446 3499 1742 3570 Ageratus,
1808 3499 1972 3555 Auto-

396 3590 582 3662 phyes,
620 3590 886 3662 Unigena,
918 3591 1242 3655 Immobilis,
1284 3590 1478 3654 Mistio,
1510 3589 1782 3660 Cognitio,
1812 3590 1972 3646 Tem-

392 3684 621 3752 peratio,
650 3681 864 3747 Unitas,
900 3681 1183 3753 Voluptas.
1205 3681 1341 3736 Tum
1364 3683 1456 3752 qui
1481 3683 1734 3738 universa
1759 3696 1968 3738 summa

389 3791 490 3830 sua
513 3776 778 3846 sapientia
812 3777 1052 3830 continet
1084 3754 1392 3845 Ogdoadem
1424 3776 1648 3830 alteram
1679 3775 1798 3830 loco
1826 3775 1972 3845 prio-

392 3867 467 3919 ris
499 3866 644 3920 illius
689 3881 753 3919 ac
793 3866 1066 3935 primariae
1114 3863 1492 3935 appellandam
1529 3879 1652 3920 esse
1688 3870 1966 3925 statuens.

389 3972 511 4028 qua!
540 3956 593 4009 in
628 3955 947 4011 Tricenario
992 3963 1274 4026 permanet
1313 3957 1511 4024 (neque
1555 3955 1699 4009 enim
1725 3955 1970 4023 ingentes

390 4046 785 4117 Magnitudinis
818 4046 1046 4115 spiritus
1075 4044 1317 4100 coerceri
1348 4046 1461 4097 ullo
1489 4059 1548 4099 se
1570 4059 1799 4099 numero
1823 4043 1969 4099 sine-

392 4140 565 4201 bant).
600 4153 699 4207 pro
726 4138 970 4191 maribus
1010 4151 1188 4191 mares
1216 4136 1353 4190 alios
1397 4135 1709 4203 substituit,
1752 4134 1967 4198 Unum,

391 4231 655 4292 Tertium,
685 4228 972 4292 Quintum,
991 4226 1291 4296 Septimum
1314 4243 1326 4279 :
1355 4227 1691 4296 totidemque
1714 4226 1965 4288 feminas.

392 4317 705 4382 Binarimu,
776 4316 1142 4382 Ternarium,
1204 4317 1533 4378 Senarium,
1589 4317 1961 4373 Octonarium.

2079 3130 2235 3181 Ἔστι
2260 3128 2315 3181 δὲ
2345 3128 2533 3191 Βυθὸς,
2564 3127 2718 3198 Σιγὴ,
2762 3128 2970 3199 Πατὴρ,
2997 3127 3269 3199 Ἀλήθεια,
3305 3128 3645 3200 Ἄνθρωπος,

2074 3220 2389 3291 Ἐκκλησία,
2414 3219 2607 3288 Λόγος,
2639 3218 2781 3290 Ζωὴ,
2815 3218 3106 3290 Πατρικὸς,
3131 3218 3433 3290 Μητρικδς,
3462 3221 3651 3292 Παρὰ-

2075 3313 2292 3384 κλητος,
2318 3312 2574 3376 Ἀείνους,
2606 3310 2858 3383 Θελητδς,
2891 3310 3400 3380 Ἐκκλησιαστικὺς,
3434 3312 3647 3379 Πίστις,

2075 3404 2284 3469 Ἐλπὶς,
2319 3403 2555 3475 Ἀγάπη,
2597 3401 2841 3466 Σύνεσις,
2884 3402 3177 3473 Μακαρία,
3214 3401 3402 3470 Σοφία,
3431 3402 3645 3467 Βύθιος,

2075 3495 2395 3566 Ἀγήρατος,
2428 3494 2731 3564 Αὐτοφυὴς,
2760 3492 3044 3564 Ὀλογενὴς
3064 3491 3107 3558 ³,
3135 3490 3434 3560 Ἀκίνητος,
3460 3491 3647 3558 Μίξις,

2073 3580 2299 3644 Γνῶσις,
2343 3580 2671 3651 Σύγκρασις,
2713 3580 2953 3651 Ἐνότης,
2992 3579 3212 3651 ζΗδονή.
3245 3581 3379 3633 Τότε
3417 3582 3446 3634 6
3471 3582 3651 3636 πάντα

2072 3674 2342 3746 περιέχων
2386 3675 2599 3727 συνέσει
2647 3676 2711 3744 τῇ
2757 3673 3168 3745 ἀνυπερϐλήτῳ,
3214 3673 3546 3745 δογματίσας
3588 3693 3648 3728 ’τε

2072 3764 2338 3834 κληθῆναι
2367 3765 2561 3837 ἑτέραν
2589 3764 2853 3833 Ὀγδοάδα
2886 3765 3005 3818 ἀντὶ
3029 3764 3129 3834 τῆς
3157 3764 3430 3836 προούσης
3454 3765 3650 3819 αὐθω-

2070 3860 2227 3929 τικῆς
2254 3858 2556 3927 Ὀγδοάδος,
2587 3858 2706 3929 ἥτις
2747 3859 2804 3909 ἐν
2845 3856 2923 3927 τῷ
2972 3857 3190 3929 ἀριθμῷ
3226 3857 3324 3928 τῆς
3347 3857 3650 3926 Τριακάδ-ῖις

2065 3951 2223 4021 ’μένει
2273 3938 2352 4021 (οὐ
2404 3949 2513 4023 γάρ
2555 3945 2624 4022 ἦν
2664 3950 2944 4019 Μεγέθους
2989 3950 3242 4022 φρόνημα
3289 3952 3382 4024 είς,
3414 3951 3650 4021 ἀριθμὸν

2071 4040 2333 4112 πίπτειν)ο
2367 4042 2695 4112 ἀντέστησεν
2742 4042 2864 4094 ἀντὶ
2907 4042 3014 4094 τῶν
3062 4041 3303 4114 ἀρσένων
3331 4042 3460 4106 τοὺς
3489 4043 3649 4114 ἀρσε-

2069 4150 2165 4195 νας
2181 4171 2195 4195 ,
2240 4132 2415 4186 Μόνον
2435 4172 2450 4193 ,
2496 4131 2689 4204 Τρίτον
2708 4173 2722 4197 ,
2767 4132 3023 4201 Πέμπτον
3043 4171 3057 4194 ,
3099 4130 3363 4201 Ἔϐδομον
3381 4149 3396 4162 ο
3424 4132 3519 4184 καὶ
3545 4133 3647 4196 τὰς

2071 4222 2309 4293 θηλείας,
2350 4224 2545 4288 Δυάδα,
2587 4223 2860 4295 Τετράδα,
2908 4223 3133 4289 Ἑξάδα,
3177 4222 3453 4291 Ὀγδοάδα.
3495 4223 3648 4295 Αὕτη

2068 4312 2160 4369 οὖν
2192 4317 2224 4386 ἡ
2264 4317 2485 4384 Ὀγδοάς
2519 4317 2666 4368 ἐστιν
2694 4318 2726 4387 ὴ
2762 4314 3144 4384 ἀντικληθείσα
3172 4315 3292 4368 ἀντὶ
3319 4318 3418 4387 τῆς
3448 4318 3649 4389 προού-

394 4407 555 4477 170
584 4405 707 4460 Haec
735 4415 817 4460 est
861 4406 1075 4477 Ogdoas
1112 4408 1225 4474 illa,
1261 4423 1381 4473 qua:
1420 4408 1723 4477 superioris
1752 4408 1963 4478 Ogdoa-

2071 4423 2169 4477 σης
2208 4406 2517 4475 Ὀγδοὰδος·
2558 4402 2749 4471 Βυθοῦ,
2793 4406 3025 4477 Πατρὺς,
3072 4404 3414 4477 Ἀνθρώπου,
3446 4407 3645 4475 Λόγου,

389 4499 475 4552 dis
502 4514 699 4551 nomen
729 4498 794 4551 ad
839 4513 960 4552 sese
986 4499 1302 4553 transtulit:
1336 4498 1514 4570 Bythi,
1544 4498 1744 4565 Patris,
1775 4498 1961 4552 liomio

391 4592 496 4652 nis,
540 4589 842 4654 Sermonis,
895 4589 1079 4659 Siges,
1133 4588 1417 4657 Veritatis,
1466 4590 1759 4655 Ecclesiae,
1806 4589 1957 4645 Vita).

387 4683 519 4751 Quae
551 4683 767 4752 quidem
810 4674 1101 4752 conjuncta
1132 4680 1453 4738 Luminibus
1486 4693 1601 4748 est,
1649 4693 1702 4738 et
1736 4684 1958 4739 absolu-

388 4790 476 4833 tus
504 4778 858 4835 Tricenarius
896 4779 1091 4844 evasit,
1140 4783 1203 4831 a‘c
1242 4777 1391 4846 prior
1431 4774 1759 4830 Octonarius
1804 4776 1959 4845 quie-

387 4854 567 4935 scens,
588 4889 711 4926 cum
736 4881 792 4928 et
821 4872 1025 4943 Bythus
1051 4887 1146 4942 per
1169 4869 1553 4941 Magnitudinis
1583 4868 1955 4924 fulcimentum

383 4965 535 5027 exiit,
574 4973 634 5018 ut
676 4982 799 5018 cum
829 4963 1147 5019 Tricenario
1174 4978 1296 5018 sese
1318 4962 1619 5030 copularet.
1649 4960 1786 5016 Vere
1814 4962 1961 5017 enim

380 5064 436 5106 et
457 5053 718 5108 Veritatis
748 5054 910 5110 Pater
956 5070 1082 5110 cum
1122 5054 1366 5109 Ecclesia
1395 5068 1727 5125 congressus
1755 5061 1840 5106 est
1859 5092 1873 5116 ,
1902 5064 1957 5108 et

384 5146 665 5198 Maternus
691 5142 868 5198 Vitam
916 5146 1145 5200 sortitus
1187 5155 1304 5207 est,
1339 5150 1393 5196 et
1417 5142 1732 5197 Paracletus
1766 5142 1947 5197 Unita—

380 5245 512 5299 tem,
551 5244 607 5289 et
647 5236 843 5290 Unitas
873 5252 995 5290 cum
1018 5236 1274 5291 Veritatis
1302 5233 1531 5290 Parente
1560 5234 1810 5305 copulata
1849 5243 1953 5298 est,

376 5336 433 5384 et
471 5341 594 5381 cum
627 5324 753 5397 Sige
787 5324 1048 5382 Veritatis
1083 5327 1172 5383 ille
1202 5326 1406 5382 Parens
1438 5327 1558 5381 fuit.
1588 5326 1658 5379 At
1685 5325 1949 5396 spiritalis

462 5504 478 5534 ¹
509 5501 572 5559 F.
603 5502 898 5577 προούσης.
971 5506 993 5535 ⁹
1028 5500 1089 5559 F.
1126 5505 1207 5569 είς
1235 5505 1357 5576 τήν.
1433 5503 1455 5535 ³
1479 5502 1606 5558 Cor.
1641 5501 1968 5575 Μονογενής.

2068 4498 2163 4550 καὶ
2188 4496 2373 4567 Σιγῆς,
2399 4497 2704 4568 Ἀληθείας,
2735 4496 3084 4567 Ἐκκλησίας,
3112 4497 3286 4567 Ζωῆς·
3314 4497 3436 4568 ἥτις
3459 4496 3644 4569 ὴνώθη

2065 4594 2178 4654 τοῖς
2204 4592 2349 4643 Φωσὶ
2385 4592 2531 4663 (68),
2572 4591 2664 4644 καὶ
2703 4590 2920 4659 ἐγένετο
2963 4587 3206 4660 Τριακάς
3236 4588 3643 4661 ἀπηρτισμένη,

2066 4686 2159 4737 καὶ
2193 4687 2226 4755 ἡ
2262 4684 2504 4756 προοῠσα
2549 4683 2773 4752 Ὀγδοάς
2818 4682 3205 4753 ἀναπαυομένη
3228 4721 3242 4744 ,
3290 4680 3319 4733 6
3360 4697 3421 4733 τε
3474 4679 3640 4743 Βυθδς

2064 4773 2253 4845 ἐξῆλθε
2295 4774 2570 4842 Μεγέθους
2614 4772 2945 4844 στηρίγματι
2978 4772 3241 4841 ἐνωθῆναι
3271 4772 3339 4842 τῇ
3380 4770 3644 4843 Τριακάδι

2064 4866 2202 4939 αὑτὴ
2243 4862 2310 4937 ἦν
2337 4867 2378 4920 δ.
2413 4867 2492 4938 Τῇ
2524 4867 2633 4937 γὰρ
2678 4865 2907 4937 ἀληθείᾳ
2949 4865 3045 4918 καὶ
3074 4867 3103 4919 6
3131 4863 3318 4936 Πατὴρ
3361 4866 3458 4935 τῆς
3486 4863 3646 4935 Ἀλη-

2060 4957 2209 5021 θείας
2247 4958 2546 5029 συνήρχετο
2576 4960 2646 5029 τῇ
2675 4956 3006 5029 Ἐκκλησία,
3038 4956 3133 5009 καὶ
3159 4958 3191 5019 6
3218 4954 3499 5026 Μητρικὸς
3529 4948 3645 5025 εἶχε

2056 5050 2155 5121 τὴν
2185 5049 2356 5120 Ζωὴν,
2383 5051 2478 5102 καὶ
2498 5051 2527 5102 6
2550 5049 2910 5121 Παρὰκλητος
2936 5049 3034 5120 τὴν
3067 5048 3280 5112 Ἐνάδα,
3305 5047 3399 5100 καὶ
3422 5046 3455 5117 ἠ
3483 5044 3639 5108 Ἐνάς

2052 5141 2246 5212 ήνοῦτο
2278 5140 2354 5212 τῷ
2401 5142 2578 5212 Πατρὶ
2621 5141 2725 5212 τῆς
2747 5140 3070 5212 Ἀληθείας,
3113 5140 3206 5193 καὶ
3233 5141 3261 5192 6
3302 5137 3492 5208 Πατὴρ
3538 5134 3642 5206 τῆς

2053 5231 2331 5304 Ἀληθείας
2357 5230 2425 5306 ἦν
2452 5232 2589 5305 μετὰ
2613 5233 2712 5304 τῆς
2728 5233 2914 5302 Σιγῆς.
2933 5233 2991 5287 '0
3016 5233 3186 5301 Λόγος
3206 5226 3261 5286 ὄὲ
3286 5232 3316 5284 6
3343 5245 3641 5300 πνευματι-

2051 5327 2145 5391 κὺς
2157 5328 2430 5381 ἐκοινώνει
2456 5325 2594 5379 Πνεύ
2603 5341 2752 5395 ματι,
2769 5326 2862 5379 καὶ
2881 5318 3142 5395 ἀφθάρτῳ
3160 5322 3457 5394 συγκράσει
3470 5318 3643 5375 ποιῶν

2047 5504 2068 5532 ⁸
2099 5501 2159 5556 F.
2198 5505 2232 5573 ἡ
2266 5503 2512 5574 Τριακὰς
2551 5501 2692 5574 αὕτη
2714 5497 2803 5574 ἦν,
2830 5501 2925 5558 sed
2955 5501 3070 5556 hac
3101 5505 3380 5566 corrupta.

451 5673 561 5753 (68)
587 5676 744 5753 ᾟτις
779 5676 980 5744 ήνώθη
1007 5677 1131 5753 τοῖς
1165 5679 1347 5733 Φωσί.
1385 5679 1527 5744 Quid
1580 5681 1625 5736 si
1661 5679 1822 5733 αἰῶσι
1861 5695 1960 5752 pro

2067 5681 2141 5733 nt
2186 5681 2470 5753 legendum
2507 5681 2610 5737 sit?
2651 5679 2765 5735 Sed
2833 5695 2956 5752 quae
3015 5687 3321 5750 sequuntur
3374 5671 3635 5744 perplexa

388 5752 516 5800 sunt
549 5745 861 5814 admodum,
893 5756 947 5802 et
981 5748 1235 5802 obscura.
