4004 6184
357 404 464 459 485

1100 392 1472 451 Αυνιῑιιευε
1513 368 1857 450 tiaiueses
1897 392 1959 447 ω

2069 393 2106 446 1.
2148 393 2315 448 ΤΟΜ.
2360 394 2424 448 ll.
2468 424 2535 435 —
2577 394 2853 450 ιιίΕιιΕΞ.
2894 393 3087 449 XXXI.

3567 388 3676 452 486

328 533 346 540 ’
368 525 431 579 τὸ
450 519 605 583 τέλος
640 516 737 571 τοῦ
764 518 1116 587 Αύτομήτρος
1144 516 1184 581 ¹,
1222 516 1609 588 ἁδιχοτὸμητον
1644 515 1742 586 τὴν
1766 514 1961 568 ἑαυτοῦ

2071 515 2263 570 Sermo
2314 532 2438 570 cum
2509 515 2718 586 Spiritu
2775 517 3091 585 incorrupta
3139 511 3373 586 quadam
3429 511 3669 571 commi-

366 612 695 665 ἀνάπαυσιν.
715 609 777 662 Ἠ
802 603 895 661 οὖν
916 607 1183 678 Τριακὰς,
1206 606 1558 679 ἁπαρτίσασα
1588 604 1744 676 βύθια
1761 606 1966 687 μυστή-

363 720 474 774 ρια,
512 700 734 765 τελείως
773 701 987 770 ἄγαμον
1017 700 1037 730 ¹
1080 700 1140 752 ἐν
1178 699 1476 769 ἀφθάρτοις
1516 698 1768 765 ἀπέδειξε
1811 696 1966 767 φῶτα

366 792 647 864 ἄφθαρτα,
693 791 854 845 ἆτινα
886 789 1105 861 Ἐνότης
1130 789 1150 820 ³
1188 788 1587 862 ὠνομάσθησαν
1623 789 1822 853 τέκνα,
1872 789 1968 843 καὶ

361 885 837 957 ἀχαρακτήριστα.
867 878 1046 936 Ἦσαν
1079 876 1172 937 οὖν
1210 882 1408 956 μικροῦ
1446 882 1520 953 μὴ
1554 881 1965 957 παρακειμένου

359 978 517 1039 ἐκτὸς
554 978 869 1048 φρονήσεως
894 974 1285 1047 άναπαυόμενα
1329 976 1498 1047 χωρὶς
1527 974 1786 1039 Ἐννοίας.
1829 974 1968 1044 Περὶ

360 1071 469 1144 γὰρ
492 1065 553 1126 οὗ
572 1088 655 1135 τις
671 1070 929 1142 πράσσει,
951 1070 1044 1123 ἐὰν
1071 1070 1145 1141 μὴ
1163 1071 1256 1140 νοῇ
1273 1067 1599 1134 καθολικῶς,
1621 1069 1682 1122 οὐ
1709 1068 1963 1139 πράσσει.

363 1166 498 1220 Τότε
517 1164 826 1235 γενομένων
839 1163 949 1216 τῶν
972 1163 1184 1232 φώτων,
1204 1155 1278 1216 ὧν
1291 1162 1390 1234 τὴν
1405 1161 1806 1233 πολυπλήθειαν
1828 1161 1968 1232 πρὸς

361 1256 592 1330 ἀριθμὸν
615 1254 850 1320 ἐξειπεῖν
865 1254 966 1307 οὐκ
982 1253 1300 1322 ἀναγκαῖον,
1318 1253 1591 1325 περινοεῖν
1608 1251 1685 1305 δέ’
1710 1250 1966 1319 (ἕκαστον

362 1349 470 1420 γὰρ
488 1349 549 1402 τὸ
587 1348 716 1402 ῖδιον
743 1346 914 1417 δνομα
936 1344 1281 1418 κεκλήρωται
1311 1345 1377 1398 δι’
1395 1343 1691 1414 ἐπίγνωσιν
1710 1344 1965 1415 ἀρρήτων

365 1441 732 1513 μυστηρίων)
757 1441 791 1509 ἡ
823 1433 915 1491 οὖν
945 1436 1100 1508 Σιγὴ,
1129 1435 1453 1509 βουληθεῖσα
1473 1437 1553 1498 εἰς
1575 1433 1804 1503 ἐκλογὴν
1826 1431 1970 1502 γνώο

365 1551 502 1598 σεως
526 1532 773 1594 ἅπαντας
800 1522 966 1589 ὦσαι,
1008 1527 1209 1597 συνῆγε
1253 1529 1320 1597 τῇ
1356 1524 1583 1598 δευτέρᾳ
1621 1523 1965 1595 ὰντιτεθείσῃ

365 1624 605 1693 Ὄγδοάδι
652 1622 914 1693 ἀφθάρτῳ
960 1618 1142 1690 μίξει,
1182 1621 1335 1689 νοῖκῇ
1367 1618 1423 1671 δὲ
1460 1616 1730 1688 βουλήσει.
1767 1609 1876 1668 Ἦν
1908 1615 1964 1667 δὲ

367 1717 541 1786 αὐτῆς
571 1717 605 1787 ἡ
636 1712 791 1784 νοῖκὴ
818 1712 1069 1783 βούλησις
1090 1709 1316 1780 Πνεῦμα
1333 1709 1395 1761 τὸ
1425 1708 1599 1775 ἅγιον,
1633 1707 1693 1760 τὸ
1723 1709 1780 1760 ἐν
1811 1706 1961 1777 μέσῳ

366 1811 473 1864 τῶν
504 1809 673 1878 ἁγίων
706 1806 1066 1874 Ἐκκλησιῶν.
1116 1800 1288 1855 Τοῦτο
1328 1796 1419 1855 οὖν
1451 1801 1530 1864 εἰς
1563 1799 1662 1869 τὴν
1699 1798 1960 1869 δευτέραν

2077 607 2255 663 stioue
2287 607 2618 677 coniunctus
2665 618 2780 672 est,
2823 614 2878 662 et
2909 605 3281 662 Autometoris
3321 605 3523 670 linem,
3570 604 3676 663 hoc

2077 710 2164 756 est
2203 716 2520 771 perennem,
2544 714 2648 756 nec
2686 700 3048 769 interruptam
3077 699 3313 770 quietem
3346 712 3502 753 suam
3534 697 3670 754 elle-

2069 792 2164 846 cit.
2201 792 2568 859 Quamobrem
2598 791 2691 847 ubi
2720 789 3075 845 Tricenarius
3107 788 3377 859 profunda
3413 790 3505 846 illa
3552 805 3672 862 my-

2071 882 2242 936 steria
2275 882 2525 952 peregit,
2572 882 2694 937 sine
2729 882 2855 937 ullis
2886 880 3112 937 omnino
3145 880 3375 951 nuptiis,
3409 888 3467 935 ut
3485 881 3672 937 ineor-

2069 983 2231 1045 rupto
2276 980 2719 1046 sempiternoqne
2768 973 2955 1046 generi
3007 973 3302 1037 convenit,
3348 973 3668 1044 incorrupta

2068 1064 2256 1121 itidem
2284 1067 2508 1131 lmnina,
2541 1083 2663 1137 qua:
2696 1064 2889 1120 Uuitas
2928 1065 3295 1136 appellantur,
3327 1072 3585 1137 tanquam
3617 1065 3674 1118 ll-

2067 1157 2172 1215 lios
2204 1158 2483 1231 produxit,
2519 1168 2574 1215 et
2608 1158 2826 1228 quidem
2870 1159 3156 1213 informes.
3202 1155 3468 1213 Jacebant
3500 1157 3670 1228 igitur

2069 1252 2462 1322 propemodum
2510 1252 2870 1321 intelligentia
2899 1251 3052 1305 otnni
3098 1250 3363 1305 destituta
3390 1292 3405 1317 ,
3449 1265 3514 1306 ac
3548 1250 3670 1306 sine

2069 1346 2179 1400 ulla
2226 1345 2393 1400 animi
2441 1345 2664 1399 notione
2711 1344 3087 1414 quiescebant.
3127 1342 3402 1414 Quidquid
3450 1345 3596 1399 enim
3635 1359 3667 1399 a

2068 1437 2322 1509 quopiam
2368 1437 2581 1508 agitur,
2638 1436 2708 1492 ab
2768 1452 2874 1494 eo.
2919 1436 3028 1491 nisi
3077 1437 3335 1492 universe
3374 1437 3665 1507 intelligat,

2066 1531 2246 1600 agitur
2276 1528 2435 1583 nihil.
2478 1527 2635 1582 Hunc
2672 1528 2723 1581 in
2752 1526 2976 1582 modum
3007 1528 3315 1599 procreatis
3341 1530 3664 1594 luminibus,

2066 1637 2299 1692 quorum
2331 1620 2740 1675 multitudinem
2772 1620 3116 1675 numerando
3156 1636 3490 1691 percensere
3518 1623 3664 1678 nihil

2069 1728 2296 1768 necesse
2345 1721 2459 1778 est,
2510 1712 2696 1769 animo
2739 1728 2871 1768 vero
2929 1713 3401 1784 comprehendere
3446 1723 3666 1786 oportet

2067 1806 2216 1872 (nam
2250 1805 2682 1876 unumquodque
2732 1820 2889 1860 suam
2942 1805 3363 1885 appellationem
3409 1808 3665 1865 sortitum

367 1902 624 1971 Ὀγδοάδα
649 1899 870 1971 πέμψας
891 1898 933 1959 ’⁵,
958 1897 1144 1950 ἔπεισε
1175 1896 1270 1947 καὶ
1301 1894 1471 1963 αὐτὴν
1505 1892 1768 1963 ένωθῆναι
1793 1893 1951 1964 αὐτῇ.

2069 1906 2166 1961 est,
2194 1913 2317 1969 quae
2348 1913 2413 1954 ex
2442 1913 2774 1953 arcanorum
2806 1898 3193 1968 mysteriorum
3240 1900 3557 1971 cognitione
3594 1900 3683 1960 de-

368 1995 547 2063 Γάμος
576 1988 670 2046 οὖν
704 1988 1003 2044 ἐτελειοῦτο
1034 1990 1089 2041 ἐν
1120 1990 1232 2049 τοῖς
1260 1986 1361 2055 τῆς
1402 1984 1682 2054 Ὀγδοάδος
1713 1985 1955 2056 μέρεσιν,

367 2083 656 2152 ἐνουμένου
698 2079 792 2134 τοῦ
842 2078 995 2149 ἁγίου
1044 2076 1363 2147 Πνεύματος
1406 2075 1483 2145 τῷ
1515 2076 1697 2147 Μὸνῳ,
1736 2077 1829 2128 καὶ
1861 2076 1960 2147 τῆς

366 2174 567 2238 Δυάδος
593 2173 672 2244 τῷ
705 2172 907 2242 Τρίτῳ,
938 2170 1032 2223 καὶ
1058 2168 1153 2222 τοῦ
1184 2169 1227 2221 Τ
1235 2167 1382 2240 ρίτου
1409 2170 1475 2239 τῇ
1518 2166 1717 2244 Ἐξάδι,
1744 2167 1835 2221 καὶ
1862 2168 1960 2237 τῆς

367 2236 654 2334 cyaneae;
686 2236 767 2335 τιῖὶ
809 2236 1089 2334 Ἑβδόμῳ,
1118 2261 1214 2316 και
1236 2236 1340 2314 ’τοῦ
1379 2236 1736 2332 Ἑϐδόμου⁴τῇ
1772 2236 1956 2325 Δυάδε,

368 2362 465 2413 καὶ
516 2359 872 2427 τῆς·⁹Εξάδος
918 2358 996 2428 τῷ
1043 2357 1307 2427 Πέμπτῳ.
1361 2354 1500 2425 Ὅλη
1553 2355 1610 2408 δὲ
1654 2355 1688 2424 ἡ
1738 2351 1960 2421 Ὀγδοὰς

372 2450 598 2522 συνῆλθε
626 2451 763 2522 μετὰ
790 2438 986 2521 ἦδονῆς
1023 2448 1301 2520 ἁγηράτου
1323 2448 1416 2501 καὶ
1433 2445 1710 2517 ἀφθάρτου
1739 2444 1958 2516 μίξεως.

369 2545 444 2597 Οὐ
478 2545 588 2617 γὰρ
619 2539 686 2614 ἦν
713 2543 993 2614 χωρισμὸς
1028 2541 1289 2611 ἀλλήλων
1319 2535 1387 2609 ἦν
1415 2539 1469 2592 δὲ
1506 2538 1808 2609 σύγκρασις
1840 2535 1958 2608 μεθ’

369 2635 559 2708 ⁴ἡδονῆς
603 2634 858 2706 ἀμώμου,
905 2635 1001 2688 καὶ
1043 2633 1281 2697 ἀνέδειξε
1330 2630 1573 2685 Πεντάδα
1619 2628 1963 2700 Προυνείκων

370 2726 707 2798 ἀνθηλύντων,
738 2719 812 2780 ὧν
845 2725 914 2778 τὰ
942 2724 1182 2797 ὀνόματά
1214 2725 1330 2776 ἐστι
1365 2722 1538 2776 ταῦτα.
1558 2738 1571 2751 ·
1613 2719 1960 2792 Καρπιστὴς,

382 2819 690 2892 Ὀροθέτης,
720 2818 1108 2890 Χαριστήριος,
1145 2817 1378 2885 Ἀφετος
1398 2854 1413 2878 ,
1444 2810 1832 2881 Μεταγωγεύς.
1862 2806 1963 2865 Οὖ-

368 2930 451 2966 τοι
492 2913 593 2984 τῆς
634 2913 947 2981 Μεσότητος
997 2908 1395 2982 ὠνομάσθησαν
1445 2907 1571 2960 υἱοί.
1604 2893 1874 2976 Βούλὸμαι
1906 2904 1962 2958 δὲ

372 3005 519 3077 ὑμᾶς
552 3004 873 3074 γινώσκειν,
926 3003 1191 3075 Ἀμιζαίου,
1239 3001 1452 3073 Αὐρὰν,
1493 2998 1768 3063 Κουκουὰ,
1814 2997 1959 3069 Θαρ-

370 3098 546 3164 δοοοῦ,
583 3096 922 3163 Ούϐουκουὰ,
953 3094 1289 3167 Θαρδεδδεῖν,
1318 3092 1560 3165 Μερεξὰ,
1605 3090 1791 3163 Ἀτάρ,
1817 3091 1961 3163 Βαρ-

372 3186 442 3240 ϐἐι
474 3186 527 3251 ⁵,
577 3186 858 3250 Ούδουκὰ,
901 3185 1140 3255 Κέστην,
1182 3182 1447 3254 Ούδουὰχ,
1491 3182 1707 3254 Ἐσλὴν,
1761 3182 1958 3252 Ἀμφε,

2065 1990 2354 2061 promitur)
2392 2005 2406 2042 :
2447 1991 2515 2046 ad
2564 1990 2807 2049 scientia:
2857 1989 3130 2046 delectqu
3183 1993 3486 2062 perpellere
3536 1994 3664 2048 uni-

2064 2097 2253 2137 versos
2281 2081 2409 2154 Sige
2437 2082 2686 2154 cupiens,
2736 2083 2802 2137 ad
2855 2086 3157 2138 secundam
3190 2085 3666 2156 sulistitutamqne

2066 2173 2213 2226 illam
2259 2174 2376 2228 loco
2411 2174 2636 2228 alterius
2670 2174 2985 2244 Ogdoadem
3035 2175 3284 2245 adjunxit
3307 2217 3323 2240 ,
3353 2177 3665 2247 corruptela

2064 2266 2246 2320 omnis
2277 2276 2498 2336 experte
2536 2266 2972 2335 conjunctione,
3033 2267 3129 2323 sed
3180 2269 3461 2325 voluntate
3513 2270 3664 2340 ejus-

2068 2356 2215 2411 modi
2269 2373 2391 2427 quae
2434 2358 2537 2414 sub
2593 2358 3014 2428 intelligentiam
3063 2358 3303 2415 caderet.
3338 2359 3665 2431 Cuiusmodi

2065 2448 2361 2502 voluntatis
2393 2448 2632 2518 impetus
2668 2449 2912 2518 Spiritus
2943 2458 3171 2504 sanctus
3212 2456 3317 2513 est,
3343 2451 3439 2521 qui
3470 2451 3525 2504 in
3554 2467 3666 2508 me-

2064 2540 2155 2594 dio
2190 2549 2505 2595 sanctarum
2543 2540 2912 2595 Eeclesiarum
2946 2541 3172 2595 residet.
3211 2541 3385 2608 Quem
3419 2558 3543 2597 cum
3577 2558 3668 2600 se-

2064 2632 2302 2686 cundam
2338 2630 2406 2685 ad
2428 2628 2741 2701 Ogdoadem
2773 2630 3086 2701 allegasset,
3104 2633 3153 2687 ei
3177 2634 3451 2703 persuasit
3471 2650 3663 2691 secum

2064 2731 2126 2778 ut
2154 2723 2270 2793 ipsa
2304 2723 2678 2794 copularetur.
2718 2722 2991 2789 Quocirca
3038 2724 3090 2779 in
3131 2726 3362 2797 singulis
3391 2724 3667 2799 Ogdoadis

2067 2813 2315 2882 partibus
2343 2813 2636 2867 celebratm
2657 2814 2863 2883 nuptiae
2892 2822 3043 2868 sunt.
3069 2812 3351 2885 Siquidem
3379 2831 3505 2872 cum
3540 2816 3668 2875 Uno

2066 2903 2305 2976 Spiritus
2337 2913 2561 2959 sanctus
2590 2906 2920 2976 eonjunctus
2947 2913 3033 2960 est
3067 2924 3080 2960 :
3112 2921 3239 2961 cum
3270 2906 3459 2963 Tertio
3487 2907 3659 2983 Dyas,

2065 2996 2282 3053 Tertius
2312 3013 2436 3054 cum
2473 2996 2691 3053 llexade
2713 3038 2727 3059 ,
2766 3006 2824 3054 et
2852 3013 2978 3053 eum
3007 2996 3254 3069 Septimo
3284 2998 3525 3073 Ogdoas,
3562 3002 3666 3059 Se-

2065 3090 2272 3161 ptimus
2305 3106 2429 3145 cum
2472 3089 2676 3162 Dyade,
2712 3106 2837 3145 cum
2862 3091 3068 3158 Quinto
3102 3090 3301 3149 ﬂexas.
3330 3093 3408 3148 Ita
3445 3093 3670 3164 Ogdoas

2066 3182 2323 3237 universa
2357 3198 2635 3253 nunquam
2664 3191 3037 3239 marcescente
3067 3185 3366 3256 voluptate,
3389 3196 3554 3259 atque
3581 3190 3665 3244 in-

371 3277 707 3348 Ναισουμὲν,
773 3277 1064 3341 υύαναν“ιν,
1100 3275 1441 3348 Λαμεταρδέ,
1475 3274 1952 3346 Ἀθαμεσσουμὴν,

2069 3286 2227 3346 [ρεπι-
2277 3275 2705 3346 ineorruptaque
2754 3277 3014 3332 mistione
3069 3256 3665 3350 cetijungitur._Nulla

372 3370 641 3442 Ἀλλωρὰ,
686 3369 997 3434 Κουϐιαθὰ,
1033 3367 1331 3440 Ναδδαρία,
1371 3365 1603 3438 Δαμμὰ,
1637 3366 1818 3437 Ὠρὴν.
1852 3366 1958 3418 Λα-

372 3465 564 3534 ναςρέκ,
609 3463 909 3533 Ούδανφὲχ,
963 3460 1351 3531 Ἐνεξοιοιϐοχὲ,
1381 3458 1592 3531 Βαρῤὰ,
1621 3458 1956 3529 Ἀσσιουαχέ,

373 3555 560 3626 Βελὶμ,
591 3555 917 3626 Δεξαριχὲμ,
946 3552 1170 3623 Μασέμ.

2068 3368 2267 3437 quippe
2316 3366 2385 3419 ali
2425 3366 2660 3420 invicem
2708 3368 2986 3437 separatio
3017 3367 3117 3423 fuit
3145 3384 3160 3421 :
3194 3371 3289 3425 sed
3323 3381 3510 3428 mutua
3542 3387 3668 3428 om-

2066 3457 2217 3511 nium
2243 3471 2367 3511 cum
2390 3457 2781 3512 honestissima
2808 3459 3088 3527 voluptate
3124 3462 3465 3531 temperatio.
3502 3463 3664 3535 171

2066 3547 2143 3602 Ex
2183 3563 2291 3618 qua
2334 3547 2696 3603 Prunicorum
2728 3549 2979 3605 muliebri
3008 3566 3142 3607 sexu
3184 3555 3487 3608 carentium
3523 3555 3666 3622 Qui-

375 3651 564 3705 narius
592 3651 873 3711 exoritur,
910 3648 1069 3716 cujus
1117 3645 1231 3700 lncc
1262 3653 1392 3699 sunt
1456 3643 1721 3697 vocabula
1758 3662 1771 3697 :
1813 3641 2117 3714 Carpistes,
2185 3640 2514 3698 llorothetes
2539 3683 2552 3703 .
2608 3642 3011 3710 Cliaristerius,
3051 3646 3333 3716 Aplietus,
3387 3647 3665 3722 Mtthago-

374 3761 532 3813 gens.
564 3743 629 3799 Hi
679 3742 1071 3799 Mediocritatis
1098 3741 1189 3795 t'ilii
1220 3741 1395 3795 vocati
1420 3748 1570 3796 sunt.
1597 3739 1770 3795 Velim
1798 3748 1978 3793 autem
2020 3753 2048 3791 a
2074 3738 2227 3793 vobis
2256 3739 2537 3809 cognosci,
2564 3738 2815 3808 Ampsiu,
2851 3733 3060 3803 'Auran.
3121 3740 3331 3808 Cueua,
3384 3744 3663 3825 'l'hardus,

375 3835 627 3903 Ubucua,
661 3835 1033 3897 Tliardeddin,
1066 3832 1303 3893 Merexa,
1335 3832 1490 3895 Atar,
1533 3830 1729 3893 Barba,
1761 3829 1971 3893 Uduea,
2016 3827 2238 3894 Cesten,
2270 3828 2536 3893 Uduacli,
2600 3827 2797 3893 Eslen,
2841 3830 3076 3901 Amplie,
3122 3832 3433 3901 Niesumen,
3477 3834 3663 3893 Vana-

376 3937 490 3999 nin,
515 3931 860 3996 Lametarde,
907 3930 1366 3985 Athamessumen
1389 3967 1404 3991 ,
1436 3926 1647 3991 Allora,
1678 3925 1970 3994 Cubiatlia,
2009 3923 2308 3990 Naddaria,
2345 3923 2604 3992 Damma,
2664 3922 2807 3979 Oren
2834 3963 2849 3989 ,
2923 3922 3249 3996 Lanaphee,
3291 3927 3666 4000 Udanphech,

377 4027 878 4102 Emphoetliiboehe.
932 4025 1126 4089 Barra,
1160 4022 1520 4090 Assiovache,
1560 4021 1755 4086 Belim,
1787 4018 2169 4090 Dexaricliean,
2202 4017 2429 4074 Masem.

536 4147 924 4216 Πεπλήρωται
954 4146 1026 4199 τὰ
1055 4144 1175 4199 ἀπὸ
1198 4143 1318 4198 τῶν
1357 4142 1799 4198 Οὑαλεντίνων.

448 4263 522 4315 Ζ’.
556 4231 667 4315 Καὶ
702 4259 875 4314 ταῦτα
910 4259 1008 4331 μὲν
1051 4258 1159 4312 ἀπὸ
1205 4258 1408 4329 μέρους
1449 4256 1559 4310 τῶν
1612 4255 1832 4326 βιϐλίων
1864 4256 1960 4308 αὒ-

375 4356 480 4409 τῶν
510 4353 885 4426 παρατεθέντα
927 4352 1033 4415 ἕως
1067 4344 1169 4404 ὧδέ
1215 4368 1304 4421 μοι
1342 4350 1601 4420 εἰρήσθω.
1637 4349 1965 4419 Ἐποιήσατο

373 4444 428 4498 δὲ
472 4437 628 4506 οὗτος
670 4442 731 4495 τὸ
776 4442 1038 4514 κήρυγμα
1068 4441 1163 4495 xui
1195 4441 1252 4492 ἐν
1296 4438 1578 4510 Αίγύπτῳ,
1612 4439 1735 4493 ὅθεν
1776 4438 1839 4510 δὴ
1867 4438 1963 4491 καὶ

374 4538 448 4598 ὡς
475 4535 703 4604 λείψανα
740 4533 952 4605 ἐχίδνης
981 4531 1184 4585 ὀστέων
1214 4530 1298 4584 ἔτι
1330 4533 1388 4583 ἐν
1423 4531 1685 4602 Αἰγύπτῳ
1720 4530 1961 4602 περιλεί-

376 4645 533 4681 πεται
562 4627 754 4679 τούτου
780 4628 813 4694 ἡ
844 4624 1041 4696 σπορὰ,
1072 4623 1128 4676 έν
1149 4641 1208 4676 τε
1238 4624 1315 4694 τῷ
1336 4623 1638 4694 Ἀθριϐίτῃ,
1665 4625 1758 4676 καὶ
1787 4624 1962 4694 Προσ-

374 4717 574 4787 omit-ﬂ,
614 4714 707 4768 καὶ
734 4713 1076 4785 Ἀρσενοῖτῃ,
1115 4712 1211 4765 καὶ
1240 4712 1505 4785 Θηϐαἲδῃ,
1535 4713 1629 4765 καὶ
1657 4716 1769 4776 τοῖς
1809 4713 1961 4765 κάτω

375 4806 567 4878 μέρεσι
602 4806 702 4876 τῆς
732 4804 1035 4875 παραλίας.
1063 4803 1157 4855 καλ⁸
1182 4803 1768 4876 Ἀλεξανδρειοπολίτῃ.
1799 4804 1961 4857 ’Λλλὰ

373 4898 465 4949 καὶ
499 4898 557 4949 ἐν
613 4894 802 4969 Ῥώμῃ
843 4892 1083 4947 ἀνελθὼν
1129 4894 1456 4966 κεκήρυχεν.
1508 4895 1600 4957 Εἰς
1647 4894 1869 4965 Κύπρον
1904 4894 1960 4948 δὲ

372 4985 668 5057 ἐληλυθὼς,
711 4986 788 5049 ὡς
832 4985 1093 5055 ναυάγιον
1137 4986 1378 5048 ὑποστὰς
1423 4985 1581 5054 φύσει
1610 4988 1956 5057 σωματικῶς,

372 5080 469 5149 τῆς
500 5079 740 5142 πίστεως
769 5079 962 5150 ἐξέστη
981 5118 995 5142 ,
1023 5079 1119 5132 καὶ
1144 5078 1236 5131 τὸν
1267 5076 1393 5130 νοῦν
1421 5077 1721 5150 ἐξετράπη.
1747 5078 1961 5149 Ἐνομί-

371 5170 494 5235 ζετο
527 5171 636 5243 γὰρ
662 5171 768 5240 πρὸ
790 5170 981 5224 τούτου
1011 5172 1176 5241 μέρος
1197 5167 1345 5238 ἔχειν
1364 5168 1648 5233 εὐσεϐείας
1671 5170 1765 5223 καὶ
1795 5168 1962 5241 ὀρθῆς

372 5263 607 5325 πίστεως
658 5263 718 5315 ἐν
764 5264 877 5325 τοῖς
932 5260 1354 5334 προειρημένοις
1396 5260 1604 5324 τόποις.
1665 5261 1752 5314 Ἐν
1796 5260 1852 5314 δὲ
1891 5263 1959 5332 τῇ

373 5355 583 5426 Κύπρῳ
626 5355 816 5408 λοιπὸν
858 5357 941 5419 εἰς
986 5354 1213 5425 ἔσχατον
1263 5353 1519 5417 ἀσεϐείας
1561 5353 1811 5425 ἐλήλακε,
1864 5354 1963 5408 καὶ

369 5446 633 5501 ἐϐάθυνεν
667 5447 861 5501 ἑαυτὸν
906 5450 965 5501 ὲν
1008 5446 1182 5519 ταύτῃ
1228 5449 1296 5518 τῇ
1339 5445 1821 5522 καταγγελλομένη
1864 5449 1957 5503 ὑπ’

369 5540 433 5591 ab
443 5538 535 5592 τοῦ
575 5539 868 5612 μοχθηρίᾳ.

439 5629 602 5698 Λέγει
632 5630 687 5683 δὲ
717 5630 882 5695 αὑτός
914 5648 973 5683 τε
1005 5629 1097 5684 καὶ
1131 5630 1201 5683 oi‘
1228 5628 1398 5683 αὐτοῦ
1428 5628 1521 5682 τδν
1559 5629 1767 5703 Κύριον
1798 5632 1958 5704 ἡμῶν

368 5721 580 5792 Ἰησοῦν
604 5723 858 5794 Χριστὸν,
884 5723 960 5787 ὡς
989 5722 1146 5794 ἔφην,
1187 5723 1279 5775 ποια)⁸
1304 5720 1536 5794 Σωτῆρα
1566 5722 1661 5781 καὶ
1693 5724 1953 5794 Χριστὸν,

2135 4141 2406 4195 Hactenus
2446 4156 2511 4194 ex
2557 4140 2776 4197 illorum
2835 4141 2986 4196 libris
3019 4159 3082 4195 ea
3137 4138 3582 4211 deprompsimus.

2135 4253 2247 4308 Vll.
2274 4253 2543 4309 Przcterea
2567 4254 2619 4307 in
2641 4253 2878 4326 Egypto
2907 4272 2993 4326 que
3019 4272 3124 4326 que
3149 4257 3405 4328 dogmata
3433 4260 3522 4314 illa
3556 4277 3660 4318 sua

2065 4349 2398 4419 prorogavit.
2438 4347 2517 4402 Ex
2556 4363 2667 4419 quo
2717 4356 2999 4419 tempore,
3037 4350 3117 4404 sic
3151 4358 3417 4422 tanquam
3453 4353 3662 4424 viperi-

2067 4455 2262 4494 norum
2296 4439 2509 4494 ossium
2556 4439 2843 4509 reliquize,
2885 4440 3137 4510 quaedam
3188 4442 3302 4496 illic
3343 4443 3557 4498 semina
3591 4444 3663 4500 il-

1998 4568 2036 4621 D
2070 4534 2173 4621 lius
2207 4531 2399 4587 relicta
2431 4538 2592 4594 sunt,
2627 4533 2932 4600 praesertim
2969 4534 3019 4586 in
3064 4533 3433 4602 Athribitide,
3458 4534 3663 4593 Proso-

2068 4605 2266 4693 pi'tide,
2303 4621 2691 4684 Arsenoitide,
2729 4636 2793 4675 ae
2820 4620 3098 4676 Thebaide
3150 4623 3515 4692 praefectura;
3552 4642 3660 4681 nec

2067 4729 2175 4765 non
2198 4714 2253 4766 in
2277 4713 2525 4768 inferiori
2560 4728 2627 4766 ac
2661 4714 2957 4774 maritima.
2989 4715 3236 4785 adeoque
3286 4716 3661 4773 Alexandrina

2064 4806 2307 4875 regione.
2370 4804 2515 4870 Quin
2566 4805 2729 4860 etiam
2790 4804 3019 4859 Romam
3077 4804 3358 4875 proiectus
3408 4824 3657 4866 errorem

2064 4914 2224 4953 suum
2266 4898 2321 4951 in
2356 4913 2420 4951 ea
2453 4898 2587 4952 urbe
2619 4897 2932 4967 dissipavit.
2967 4897 3071 4952 Sed
3106 4901 3175 4953 ad
3217 4900 3458 4972 Cyprum
3504 4902 3655 4958 dela-

2061 5000 2176 5054 tus,
2204 4991 2327 5045 ﬁdei
2359 4990 2737 5062 naufragium,
2779 4992 2926 5044 velut
2961 4993 3212 5062 Corporis
3260 4994 3512 5058 fecisset,
3550 4995 3656 5049 ibi-

2058 5083 2180 5140 dem
2210 5097 2433 5154 passus,
2466 5081 2711 5136 animum
2748 5083 2975 5136 omnino
3006 5081 3345 5153 depravavit.
3370 5082 3653 5153 Siquidem

2060 5179 2329 5231 hactenus
2360 5182 2569 5244 partem
2608 5174 2830 5244 pietatis
2871 5174 3143 5243 aliquam,
3168 5172 3511 5244 sinceraque
3530 5175 3651 5232 fidei

2059 5265 2297 5318 retinere
2332 5262 2440 5318 illis
2484 5263 2541 5317 in
2580 5262 2717 5318 locis
2760 5262 3067 5318 videbatur.
3107 5261 3166 5316 ln
3198 5262 3383 5334 Cypro
3414 5279 3546 5320 vero
3584 5268 3651 5320 ad

2060 5364 2364 5412 extremum
2403 5355 2700 5425 impietatis
2733 5355 3027 5426 prolapsus
3064 5362 3184 5421 est,
3235 5370 3404 5427 seque
3440 5357 3496 5411 in
3530 5372 3651 5412 eam

2062 5462 2227 5518 quam
2283 5454 2465 5501 tuetur
2527 5445 2856 5517 ﬂagitiorum
2905 5446 3259 5520 disciplinam
3319 5447 3490 5505 altius
3545 5449 3652 5502 im-

2064 5541 2275 5597 mersit.

2133 5633 2231 5690 Est
2264 5642 2444 5690 autem
2469 5634 2587 5689 haec
2632 5634 2850 5689 illorum
2886 5634 3074 5705 opinio
3106 5654 3121 5691 :
3151 5623 3341 5692 Iesum
3369 5634 3652 5694 Christum

2066 5724 2357 5781 Dominum
2411 5735 2660 5783 nostrum
2710 5724 3053 5783 Salvatorem
3089 5742 3234 5789 esse.
3260 5728 3341 5784 uti
3364 5728 3651 5797 diximus,

443 5879 459 5911 ¹
491 5875 552 5934 F.
579 5876 988 5951 Δῦτομήτορος.
1046 5878 1096 5957 δ’,
1122 5874 1185 5932 F.
1216 5856 1551 5935 ealcidicum:
1582 5878 1780 5951 γάμον.
1862 5882 1881 5915 ³
1908 5880 1961 5938 F.

2071 5881 2315 5957 νότητος.
2395 5884 2416 5917 ⁸
2443 5882 2505 5938 F.
2554 5882 2838 5956 πέμψασα.
2913 5887 2935 5923 ⁸
2970 5885 3034 5947 V.
3079 5886 3410 5963 ’Λταρϐασιι
