4004 6146
347 366 448 424 487

1768 362 1825 417 S.
1870 357 2208 414 EPIPHANII

3517 347 3629 408 488

346 500 410 540 ac
431 486 735 551 Christum,
753 492 807 539 et
834 482 1107 551 Verbum;
1140 500 1202 540 ac
1227 484 1657 550 Trazlueturem;
1688 492 1742 539 et
1773 482 1927 537 Fini-

2050 484 2127 537 ιαὶ
2156 480 2349 550 Λόγον,
2381 480 2475 534 καὶ
2517 478 2776 549 Σταυρὺν,
2806 476 2899 529 καὶ
2934 471 3306 542 Μεταγωγὲα,
3335 468 3427 522 καὶ
3473 468 3628 540 Ὅρος

345 585 519 631 torem
539 591 604 631 ac
635 574 976 631 Terminum.
1010 575 1271 632 Eumdem
1296 590 1497 645 corpus
1541 592 1573 632 e
1597 576 1740 630 cmlo
1777 575 1935 631 detu-

345 666 496 731 lisse,
527 680 589 720 ac
617 677 880 736 tanquam
911 681 1051 736 aqua
1089 683 1187 737 per
1217 668 1459 723 ﬁstulam
1481 706 1495 729 .
1530 666 1611 722 sic
1649 666 1800 721 illum
1839 681 1937 737 per

345 757 573 812 Mariam
612 758 880 814 transisse
934 759 1246 830 Virginem,
1301 776 1478 831 neque
1528 760 1825 831 quidquam
1868 773 1935 813 ex

343 852 467 921 ejus
511 861 670 909 utero
710 853 1044 925 sumpsisse,
1085 852 1181 910 sed
1211 869 1241 909 e
1270 854 1411 909 rcelo
1446 853 1683 909 traxisse
1706 866 1931 923 corpus.

348 944 536 1016 Neque
573 960 704 1001 vero
738 946 972 1017 primum
1013 947 1164 1001 illum
1208 944 1445 1001 Verbum
1510 961 1635 1001 esse
1679 951 1933 1008 censent,

349 1054 527 1110 neque
554 1040 861 1110 proximum
889 1041 958 1096 ab
976 1057 1042 1096 eo
1079 1041 1358 1096 Christum
1379 1082 1392 1103 .
1431 1041 1523 1112 qui
1556 1041 1611 1094 in
1661 1038 1804 1094 coelo
1834 1055 1935 1094 su-

351 1144 573 1200 pretnus
598 1131 740 1186 inter
762 1145 943 1187 aeoncs
984 1132 1216 1199 residet;
1259 1130 1355 1187 sed
1403 1132 1524 1202 ejus
1566 1132 1734 1186 unius
1765 1145 1935 1186 causa

352 1223 674 1292 productum
697 1264 710 1286 ,
747 1230 806 1277 ut
858 1225 911 1278 in
955 1232 1132 1279 terras
1168 1224 1423 1295 delapsus
1454 1225 1700 1296 spiritale
1724 1239 1897 1295 genus
1918 1262 1935 1288 ,

350 1315 494 1384 quod
535 1331 565 1369 e
599 1316 739 1369 (telo
773 1315 928 1369 duxit
959 1317 1262 1386 originem,
1292 1316 1568 1372 liberaret.
1599 1315 1937 1371 Mortuorum

352 1409 811 1464 resurrectionem
837 1410 1189 1465 inliciantur»:
1216 1410 1283 1465 dc
1302 1426 1410 1480 qua
1441 1410 1729 1464 ridiculam
1750 1425 1937 1479 quam-

350 1500 473 1553 dam
508 1500 747 1555 fabulam
790 1509 1016 1569 texunt;
1067 1502 1224 1574 172
1260 1519 1367 1558 non
1400 1503 1504 1558 hoc
1537 1503 1713 1573 ipsum
1751 1517 1935 1557 resur-

350 1605 479 1661 gere
523 1606 757 1662 corpus,
789 1593 883 1647 sed
929 1594 1163 1648 alterum
1198 1609 1263 1649 ex
1308 1594 1498 1649 eodem
1543 1602 1754 1660 ortum,
1789 1593 1937 1664 quod

311 1684 596 1757 ‘spiritale
645 1694 1003 1756 nuncupant:
1053 1698 1231 1757 neque
1278 1694 1460 1742 tamen
1507 1688 1788 1751 omnium,
1838 1687 1937 1744 sed

350 1788 541 1828 eorum
590 1775 891 1842 duntaxat,
939 1792 1079 1847 quos
1120 1778 1196 1831 illi
1252 1777 1528 1847 spiritales
1578 1787 1936 1848 nuncupant,

354 1874 520 1936 atque
545 1880 736 1920 eorum
770 1867 964 1931 etiam,
993 1882 1133 1937 quos
1154 1868 1420 1924 animales
1442 1876 1660 1933 vocant,
1686 1869 1939 1924 dummo-

353 1958 425 2011 do
452 1957 601 2024 juste
640 1958 978 2030 honesteque
1013 1977 1071 2017 se
1094 1970 1305 2033 gerant.
1337 1962 1611 2028 Caeteros,
1648 1964 1739 2033 qui
1772 1971 1943 2019 mate-

355 2049 519 2103 riales
563 2049 634 2104 ab
672 2050 779 2114 iis,
838 2058 893 2107 et
938 2068 1064 2107 cum
1118 2067 1284 2109 carne
1327 2055 1572 2111 concreti
1621 2070 1687 2110 ac
1739 2057 1941 2111 terreni

356 2143 722 2213 appellantur,
760 2144 986 2200 interire
1020 2144 1290 2210 funditus,
1328 2162 1508 2219 neque
1538 2146 1647 2202 ulla
1677 2148 1760 2203 sui
1788 2155 1944 2217 parte

352 2233 582 2290 servari.
611 2232 786 2289 Porro
803 2243 1055 2291 naturam
1086 2252 1380 2309 quamque,
1400 2253 1465 2294 eo
1491 2238 1635 2295 unde
1654 2239 1939 2310 prodierit,

354 2325 577 2395 rererti.
629 2323 788 2381 Velut
826 2322 949 2396 qua:
990 2342 1116 2383 cum
1149 2329 1379 2385 materia
1423 2338 1682 2385 concreta
1727 2337 1848 2395 est,
1887 2330 1942 2386 in

353 2429 474 2468 eam
521 2415 695 2486 ipsam
740 2417 993 2483 relundi;
1043 2434 1109 2474 ex
1146 2435 1313 2476 carne
1344 2436 1474 2474 vero
1508 2432 1764 2492 terraque
1795 2437 1946 2477 com-

354 2513 569 2575 pactam
595 2507 649 2561 in
674 2516 873 2563 terram
897 2510 1171 2565 recedere.
1189 2508 1399 2565 Etenim
1428 2518 1538 2567 tres
1564 2512 1637 2565 illi
1666 2513 1945 2567 hominum

353 2598 577 2656 ordines
612 2601 979 2666 constituunt,
1014 2601 1342 2671 spiritalium
1365 2643 1379 2662 .
1405 2603 1753 2669 animalium,
1788 2614 1949 2676 atque

354 2696 681 2749 carnalium.
728 2695 802 2750 Ex
841 2695 1042 2765 quibus
1089 2697 1320 2766 primum
1378 2712 1435 2753 se
1479 2697 1724 2753 ordinem
1771 2697 1950 2756 facere

355 2784 630 2851 dictitant,
656 2786 735 2840 uti
765 2794 819 2842 et
842 2782 1174 2853 Gno-ticos,
1215 2788 1307 2859 qui
1342 2775 1521 2858 neque
1554 2790 1755 2846 laboris
1787 2792 1950 2848 ullius

358 2875 669 2946 indigeant,
715 2887 1080 2949 praeterquam
1122 2879 1491 2951 cognitionis,
1536 2883 1947 2953 appell;.tionis-

357 2976 464 3039 que
495 2970 881 3040 mysteriorum
903 3012 919 3038 ,
943 2987 1067 3043 qua:
1108 2988 1275 3043 penes
1311 2974 1433 3030 illos
1459 2987 1589 3031 sunt
1607 3017 1621 3040 ,
1654 2984 1709 3032 et
1733 2978 1952 3048 quidvis

359 3061 582 3132 impune
606 3061 784 3119 facere
823 3070 922 3134 pro
959 3065 1189 3120 arbitrio
1229 3065 1458 3136 possint.
1494 3065 1637 3123 Fieri
1664 3070 1812 3124 enim
1843 3086 1949 3126 non

2038 574 2223 644 θέτην,
2260 572 2353 626 καὶ
2382 571 2570 643 Ὀρον.
2599 568 2738 622 Φασὶ
2778 567 2835 621 δὲ
2867 564 3077 622 ἄνωθεν
3117 559 3534 631 κατενηνοχέναι
3567 557 3633 611 τὸ

2039 666 2220 738 σῶμα,
2256 665 2351 720 καὶ
2394 665 2471 728 ὼς
2512 663 2600 717 διὰ
2652 660 2893 730 σωλῆνας
2939 657 3106 727 ὕδωρ,
3150 652 3239 739 διὰ
3282 650 3502 724 Μαρίας
3526 650 3632 720 τῆς

2038 758 2316 831 Παρθένου
2350 748 2745 826 διεληλυθέναι.
2795 750 2979 822 Μηδὲν
3028 748 3086 803 δὲ
3132 746 3241 801 ἀπὸ
3281 745 3381 816 τῆς
3425 742 3631 813 παρθεο

2037 851 2193 922 νικῆς
2228 850 2440 921 μήτρας
2465 846 2770 918 εἰληφέναι,
2796 841 2933 897 ἀλλὰ
2957 838 3162 896 ἄνωθεν
3191 836 3254 890 τὸ
3278 835 3438 906 σῶμα
3461 833 3630 904 ἔχειν,

2037 945 2114 1008 ὡς
2146 944 2426 1014 προεῖπον.
2459 939 2550 1011 Μὴ
2593 934 2732 992 εἶναι
2764 937 2823 991 δὲ
2855 934 3018 989 αὐτὸν
3041 932 3133 986 τὸν
3179 930 3397 1003 πρῶτον
3431 928 3631 996 Λόγον,

2043 1038 2177 1111 μηδὲ
2209 1037 2298 1091 τὸν
2329 1033 2468 1108 μετὰ
2503 1033 2594 1086 τὸν
2637 1031 2809 1100 Λόγον
2848 1025 3083 1099 Χριστὸν
3102 1066 3117 1092 ,
3144 1024 3235 1077 τὸν
3263 1023 3377 1078 ἄνω
3405 1022 3537 1075 ὄντα
3574 1022 3634 1073 ὲν

2037 1133 2149 1194 τοῖς
2195 1130 2307 1184 ἄνω
2343 1125 2525 1180 αἱῶσι.
2569 1122 2770 1177 Τοῦτον
2810 1120 2869 1173 δὲ
2906 1119 3175 1189 φάσκουσι
3217 1111 3633 1187 προϐεϐλῆσθαι
3722 1134 3731 1143 μ

2037 1221 2105 1276 δι’
2141 1220 2293 1273 οὐδὲν
2339 1218 2523 1289 ἕτερον
2557 1215 2591 1287 ἢ
2629 1214 2786 1285 μόνον
2833 1212 2913 1275 εἰς
2947 1209 3008 1263 τὸ
3055 1207 3229 1261 ἐλθεῖν
3274 1206 3370 1260 καὶ
3414 1202 3635 1258 ἀνασώ-

2042 1316 2237 1369 σασθαι
2266 1315 2280 1345 ¹
2313 1311 2375 1364 τὸ
2422 1309 2579 1378 γένος
2623 1306 2683 1358 τὸ
2732 1302 2936 1361 ἄνωθεν
2983 1298 3372 1370 πνευματικόν.
3422 1295 3536 1367 Τὴν
3576 1294 3634 1346 δὲ

2038 1407 2146 1461 τῶν
2191 1402 2400 1474 νεκρῶν
2450 1398 2748 1454 ἀνάστασιν
2789 1390 3192 1465 ἀπαρνοῦνται,
3232 1386 3535 1459 φάσκοντες
3579 1400 3633 1437 τι

2044 1496 2287 1571 μυθῶδες
2313 1494 2406 1548 καὶ
2429 1489 2693 1563 ληρῶδες,
2723 1486 2798 1559 μὴ
2822 1484 2884 1538 τὸ
2914 1482 3075 1553 σῶμα
3100 1480 3260 1534 τοῦτο
3281 1474 3633 1571 ἀνίστασθαι,

2039 1568 2153 1647 ἀλλ’
2179 1590 2367 1662 ἕτερον
2400 1586 2498 1657 μὲν
2525 1582 2585 1648 ἐξ
2616 1578 2802 1641 αὐτοῦ,
2827 1577 2855 1631 ὃ
2881 1576 2945 1648 δὴ
2980 1572 3349 1644 πνευματικὸν
3381 1568 3631 1662 καλοῦσι·

2043 1687 2200 1760 μόνον
2232 1660 2289 1737 δὲ
2322 1680 2544 1736 ἐκείνων
2581 1675 2691 1729 τῶν
2723 1673 2851 1743 παρ’
2885 1671 3070 1732 αὐτοῖς
3102 1663 3511 1737 πνευματικῶν,
3537 1660 3636 1717 xui.
3692 1721 3696 1725 ,

2039 1758 2147 1834 τῶν
2190 1779 2368 1833 ἄλλων
2394 1771 2643 1845 ψυχικῶν
2677 1766 3062 1838 καλουμένων,
3089 1762 3184 1818 ἐάν
3219 1778 3284 1831 γε
3317 1760 3367 1813 οἱ
3406 1758 3632 1829 ψυχικοὶ

2043 1870 2590 1943 δικαιοπραγήσειαν.
2638 1863 2777 1926 Τοὺς
2820 1860 2877 1913 δὲ
2928 1856 3145 1919 ὑλικοὺς
3191 1853 3287 1908 καὶ
3337 1849 3637 1943 σαρκικοὺς

2046 1968 2142 2022 καὶ
2182 1941 2406 2037 γηίνους
2456 1954 2828 2027 καλουμένους
2883 1950 3232 2004 παντάπασιν
3273 1941 3633 2037 ἀπόλλυσθαι,

2046 2059 2142 2115 καὶ
2323 2054 2459 2116 ὅλως
2497 2047 2790 2115 σώζεσθαι.
2817 2043 3032 2115 Χωρεῖν
3077 2040 3136 2094 δὲ
3179 2038 3415 2108 ἑκάστην
3443 2034 3637 2128 οῦσίαν

2046 2124 2185 2225 {pomi
2208 2124 2333 2211 τοὺς
2370 2145 2533 2208 ἰδίους
2575 2141 2750 2210 αὐτῆς
2778 2133 3098 2209 προϐολὰκς,
3122 2131 3233 2225 τὴν
3272 2223 3281 2225 ᾉ
3294 2129 3393 2200 μὲν
3441 2124 3637 2225 haud?)

2047 2219 2111 2317 τῇ
2145 2242 2246 2315 ὕλῃ
2280 2236 2652 2308 ὲκδιδομένην,
2695 2230 2791 2285 καὶ
2825 2228 2887 2282 τὸ
2918 2223 3409 2317 σαρκικδνᾷγίγινον
3442 2221 3510 2289 τῇ
3536 2219 3634 2289 γῇ.

2047 2311 2187 2409 Ἱίρία
2219 2311 2329 2405 γὰρ
2359 2330 2626 2401 τάγματα.
2656 2320 2911 2409 καλοῦσιν
2940 2311 3440 2409 εἶναιΔάνθρώπωνῖ
3473 2324 3609 2361 πνευ

2051 2399 2318 2501 ματικῶντ,
2353 2399 2622 2492 ψυχικῶν,
2653 2408 2953 2505 σαρκικῶν.
2981 2407 3055 2459 Τὸ
3081 2405 3138 2458 δὲ
3173 2404 3360 2505 τάγμα
3385 2399 3447 2453 τὸ
3474 2414 3640 2505 meu-

2053 2494 2281 2593 ματικὸν
2317 2512 2541 2573 ἑαυτοὺς
2585 2507 2861 2584 λέγουσιν,
2895 2500 3086 2571 ὥσπερ
3128 2496 3222 2551 καὶ
3270 2494 3636 2597 Γνωστικοὺς,

2051 2583 2144 2666 καὶ
2181 2608 2319 2680 μήτε
2363 2602 2612 2673 καμάτου
2646 2583 3062 2665 ὲπιδεομένους,
3091 2588 3125 2659 ἢ
3165 2586 3324 2680 μδνον
3357 2583 3456 2653 τῆς
3496 2583 3640 2680 γνῶ·

2053 2674 2211 2767 σεως,
2244 2674 2340 2751 καὶ
2367 2695 2475 2749 τῶν
2519 2688 2915 2762 ἐπιρρημάτων
2945 2682 3054 2738 τῶν
3082 2678 3259 2736 αὐτῶν
3297 2674 3634 2749 μυστηρίων,

2053 2797 2169 2850 Πᾶν
2197 2793 2255 2846 δὲ
2283 2788 2463 2844 ὁτιοῦν
2500 2786 2671 2838 ποιεῖν
2699 2778 2870 2843 ἀδεῶς
2903 2777 3132 2830 ἕκαστον
3170 2769 3370 2832 αὐτῶν,
3402 2767 3496 2820 καὶ
3533 2782 3641 2835 μη-

2051 2890 2138 2942 δὲν
2173 2878 2612 2957 πεφροντικέναι.
2643 2872 2977 2940 Ἐξάπαντος
3005 2867 3112 2936 γάρ
3298 2855 3643 2957 σωθήσεσθαι

2054 2949 2420 3050 πνευματικὸν
2459 2971 2539 3037 ὃν,
2568 2969 2630 3023 τὸ
2661 2964 2842 3037 αὐτῶν
2875 2962 3084 3055 τάγμα.
3120 2956 3208 3055 Τὸ-
3225 2955 3283 3008 δὲ
3320 2949 3642 3055 Egepov‘tiﬁ-

2054 3091 2171 3145 γμα
2195 3043 2306 3125 τῶν
2335 3066 2432 3121 ἀνθ
2444 3063 2639 3138 ρώπων
2669 3061 2726 3114 ἐν
2769 3056 2991 3145 κόσμῳ)
3020 3053 3155 3145 ὅπερ
3181 3045 3407 3145 ψυχικὸν
3428 3043 3640 3145 ⁵καλοῦ-

357 3167 521 3224 posse
542 3192 556 3218 ,
579 3155 709 3226 quin
744 3156 970 3211 omnino
1008 3172 1198 3211 eorum
1228 3157 1385 3221 ordo,
1422 3166 1611 3229 utpote
1649 3159 1914 3230 spiritalis
1935 3198 1947 3221 ς

2059 3131 2163 3233 σίν,
2196 3161 2288 3233 ἀφ’
2316 3131 2510 3213 ἑαυτοῦ
2537 3149 2809 3249 σώζεσθαι
2845 3144 2919 3249 μη
2945 3135 3450 3249 δυνάμενονζείῌμή
3573 3131 3643 3249 ἓν

358 3246 589 3302 salutem
621 3248 888 3302 obtineat.
925 3246 1239 3304 Secundum
1268 3249 1549 3306 hominum
1581 3255 1673 3323 qni
1701 3253 1754 3307 in
1787 3270 1948 3307 mun-

357 3340 429 3394 do
464 3348 592 3395 sunt
624 3340 907 3402 ordinem,
939 3356 1102 3411 quem
1135 3338 1429 3397 animalem
1453 3355 1801 3419 vocant,per
1830 3361 1952 3402 sese

359 3434 594 3488 salutem
620 3434 853 3503 assequi
895 3448 1059 3504 posse
1104 3443 1340 3504 negant,
1380 3436 1484 3489 nisi
1525 3436 1836 3500 laboribus,
1862 3453 1949 3493 rc—

358 3534 556 3595 cteque
588 3525 746 3579 laetis
779 3524 883 3580 sibi
931 3540 1051 3579 eam
1084 3525 1347 3581 vindicet.
1387 3527 1457 3581 At
1503 3527 1597 3598 qui
1652 3529 1952 3585 tnaterialis

359 3617 642 3671 hominum
691 3616 828 3673 ordo
860 3617 1083 3682 dicitur,
1116 3634 1240 3673 eum
1268 3634 1441 3688 neque
1464 3634 1718 3690 capacem
1758 3624 1950 3693 cogni-

359 3705 528 3760 tionis
549 3721 673 3762 csse
724 3714 952 3776 putant;
1008 3723 1185 3778 neque
1233 3710 1453 3764 tametsi
1499 3711 1663 3779 velit,
1708 3713 1951 3784 recipere

358 3810 478 3853 eam
519 3814 680 3869 posse
701 3799 793 3869 qui
826 3814 889 3854 ex
945 3800 1038 3855 illo
1085 3816 1283 3873 genere
1317 3801 1389 3856 sit
1419 3821 1431 3856 :
1470 3803 1811 3876 proindeqne
1840 3815 1950 3862 tam

357 3889 540 3945 anima
584 3905 749 3961 quam
784 3907 1015 3963 corpore
1050 3893 1269 3962 penitus
1308 3894 1557 3949 interire.
1608 3895 1765 3961 Quod
1820 3913 1952 3953 vero

356 3994 561 4037 coetum
599 3983 665 4038 ad
700 3999 860 4038 suum
891 3987 1166 4055 pertinet,
1204 4002 1329 4040 cum
1378 3987 1643 4057 spiritalis
1684 3989 1794 4053 sit,
1842 4005 1953 4044 una

356 4089 486 4128 cum
535 4076 713 4130 altero
756 4079 995 4147 quodam
1030 4079 1277 4133 interiori
1309 4094 1542 4150 corpore
1587 4081 1799 4136 servari
1828 4098 1956 4137 scn-

313 4164 320 4169 ’
358 4165 523 4232 tiunt,
560 4166 708 4235 quod
760 4167 867 4237 ipsi
917 4168 1162 4236 spiritale
1205 4185 1408 4240 corpus
1444 4171 1593 4225 inani
1625 4172 1956 4241 peruasione

360 4264 705 4326 nuncupant.
747 4259 1028 4313 Animales
1064 4275 1230 4329 porro
1276 4270 1401 4331 post
1443 4263 1766 4318 diuturnam
1800 4280 1958 4321 exer-

363 4348 721 4413 citationem,
765 4349 856 4403 ubi
900 4350 1258 4406 Conditorem
1297 4355 1784 4420 transcenderint,
1827 4372 1955 4412 sur-

338 4455 485 4515 ,sum
542 4447 763 4497 evectos
816 4443 1025 4513 angelis
1079 4442 1284 4501 Christi
1328 4447 1625 4504 comitibus
1686 4452 1952 4521 attribui,

2053 3223 2287 3330 καμάτῷ
2318 3250 2415 3306 καὶ
2458 3239 2849 3314 δικαιοπραγίᾳ
2898 3234 3075 3331 ἑαυτδ
3105 3227 3447 3331 άνασῶσειε..
3470 3223 3642 3331 Τδιδὲ

2053 3317 2236 3406 enim
2259 3317 2455 3415 ’τάγμα
2482 3337 2589 3393 τῶν
2620 3338 2676 3389 ἐν
2716 3330 2797 3402 τῷ
2827 3330 3014 3399 κόσμῳ
3052 3325 3147 3380 ἀνθ
3159 3322 3353 3423 ρώπων
3384 3320 3520 3423 μήτε
3550 3317 3645 3423 διὲο

2054 3440 2248 3497 νασθαι
2280 3410 2479 3509 χωρεῖν
2507 3428 2606 3500 τὴν
2630 3422 2830 3496 γνῶσίν
2870 3418 3194 3519 φασι,¹μήτε
3232 3410 3483 3519 δέξεσθαι
3507 3410 3612 3462 ταύ
3633 3436 3645 3449 -

2053 3552 2173 3606 την,
2205 3507 2313 3584 κᾶν
2336 3524 2479 3580 θέλοι
2508 3523 2536 3575 ὁ
2565 3523 2630 3574 ὲκ
2655 3514 2846 3570 τούτου
2873 3511 2968 3566 τοῦ
2994 3510 3272 3606 τάγματος
3298 3507 3640 3606 ὁρμώμενοςέ

2056 3591 2390 3681 ἀπόλλυσθαι
2437 3615 2494 3669 δὲ
2540 3613 2656 3683 ἅμα
2706 3608 2803 3661 σὺν
2847 3604 2992 3699 ψυχῇ
3043 3601 3155 3699 καὶ·
3178 3597 3413 3699 irrepant.
3439 3592 3537 3699 ‘Tb
3583 3591 3646 3699 es

2058 3716 2265 3773 ἑαυτῶν
2309 3711 2520 3781 τάγμα,
2562 3698 2932 3773 πνευματικὸν
2961 3694 3049 3762 ὃν,
3092 3689 3359 3756 σώζεσθαι
3404 3688 3500 3740 σὺν
3521 3688 3643 3790 ρώ-

2059 3828 2190 3883 ματι
2238 3805 2382 3876 ἄλλῳ
2427 3797 2695 3868 ὲνδοτέρῳ
2740 3792 2849 3847 τινὶ
2899 3790 3040 3883 ὄντι,
3093 3788 3237 3883 ὅπερ
3273 3782 3429 3883 αὐτοι
3480 3782 3648 3883 σῶμα

2057 3870 2428 3972 πνευματικὸν
2472 3888 2698 3947 καλοῦσι
2744 3882 3160 3955 φανταζόμενοι.
3195 3876 3333 3972 ΓΙῖοῦς
3377 3873 3434 3972 δε
3480 3870 3645 3972 ψῦξι-

2056 3963 2219 4058 κοὺς,
2257 3983 2611 4058 κεκμηκότας
2644 3976 2779 4032 πολὺ
2827 3973 2923 4029 καὶ
2967 3966 3519 4041 ὑπεραναϐεϐηκότας
3549 3963 3648 4017 τὸν

2057 4083 2431 4159 Δημιουργδν,
2478 4078 2591 4133 ἄνω
2628 4071 2864 4128 δίδοσθαι
2911 4070 3023 4131 τοῖς
3070 4064 3322 4159 άγγέλοις
3362 4061 3489 4159 τοῖς.
3524 4058 3648 4130 ἅμα

2058 4153 2281 4252 Χριστῷ
2312 4172 2487 4239 οὖσιν,
2528 4168 2680 4224 οὐδέν
2708 4183 2762 4219 τι
2788 4163 2894 4217 τῶν
2927 4158 3194 4231 σωμάτων
3227 4153 3643 4227 κομιζομένους,

2058 4246 2195 4328 ἀλλὰ
2227 4246 2386 4342 μόνον
2412 4267 2513 4330 τὰς
2540 4261 2720 4334 ψυχὰς
2752 4261 2811 4313 ἐν
2837 4253 3164 4326 πληρώματι
3197 4249 3512 4342 εὑρεθείσας
3542 4246 3647 4342 τῆς

2058 4339 2238 4418 αὐτῶν
2274 4359 2552 4430 γνώσεως,
2583 4354 2679 4407 καὶ
2705 4351 2796 4404 τὸν
2829 4343 3168 4419 Δημιουργδν
3200 4339 3648 4415 ὑπερϐεϐηκυίας

2057 4429 2296 4508 δίδοσθαι
2328 4451 2439 4515 τοῖς
2472 4443 2608 4518 μετὰ
2635 4440 2728 4495 τοῦ
2753 4435 2988 4511 Χριστοῦ
3016 4433 3268 4503 ἀγγέλοις
3299 4433 3377 4494 είς
3401 4429 3645 4500 νύμφας.

362 4552 541 4608 neque
617 4537 914 4609 qllidquam
968 4555 1196 4594 δυονυω
1246 4541 1440 4597 εποντθ
1488 4558 1817 4615 corporum.
1872 4550 1968 4605 sed
2011 4550 2223 4604 animas
2275 4545 2422 4602 solas
2473 4540 2787 4597 absolutum
2845 4542 3048 4589 statum
3122 4524 3449 4598 cognitionis
3517 4522 3648 4578 adc-

365 4641 520 4706 ptas,
558 4631 855 4689 Conditore
877 4644 1170 4706 superato.
1202 4636 1404 4693 Christi
1448 4641 1807 4709 stipatoribus
1850 4647 2062 4717 angelis
2098 4646 2152 4699 in
2189 4640 2542 4697 matrimonio
2561 4630 2841 4691 collocari.

436 4724 573 4780 VIII.
608 4725 888 4796 Ejusmodi
928 4727 1041 4783 fere
1068 4738 1154 4783 est
1185 4730 1403 4787 illorum
1433 4732 1653 4803 fabula;
1684 4736 1787 4793 etsi
1829 4710 1947 4808 plu:

2129 4737 2210 4790 Ην.
2248 4735 2484 4800 Τοιαύτη
2518 4728 2664 4782 ἐστὶν
2692 4720 2867 4796 ἡκατ⁸
2896 4717 3090 4780 αὐτοὺς
3117 4712 3413 4788 τραγῳδία,
3444 4710 3646 4780 ἔχουσα

365 4815 520 4871 ribus
569 4815 796 4885 insuper
852 4816 1013 4887 nugis
1071 4827 1325 4873 contexta
1390 4821 1480 4877 sit.
1541 4821 1653 4894 Ego
1711 4841 1842 4880 vero
1890 4841 1955 4881 ea

363 4908 631 4964 duntaxat
658 4909 949 4980 proposui,
980 4925 1102 4980 qua:
1148 4911 1202 4964 in
1233 4913 1471 4968 medium
1523 4915 1757 4983 proferri
1795 4932 1959 4988 opor-

264 5024 275 5037 ~
365 5007 481 5054 tere
505 4998 660 5064 dtixi,
680 5015 914 5071 quorum
938 5001 1004 5055 ad
1046 5017 1148 5055 nos
1178 5003 1372 5055 notitia
1412 5006 1762 5072 pervenerit,
1796 5008 1959 5061 nimi-

367 5108 488 5146 rum
534 5092 809 5148 undenam
856 5094 1126 5150 oriundus
1177 5095 1281 5150 iste
1320 5096 1511 5164 fuerit,
1558 5114 1668 5167 quo
1709 5106 1985 5168 tempore

367 5181 598 5248 \ixerit;
624 5182 771 5238 unde
790 5186 999 5241 erroris
1032 5198 1352 5258 argumenta
1384 5189 1701 5257 sumpserit,
1734 5206 1859 5259 quae
1887 5190 1958 5244 sit

368 5275 515 5331 illius
550 5273 800 5330 doctrina
821 5318 835 5343 ,
866 5293 972 5347 qua
1018 5279 1072 5333 in
1117 5297 1176 5335 re
1206 5290 1417 5335 tantum
1458 5283 1658 5335 malum
1685 5290 1958 5337 terrarum

367 5367 487 5422 orbi
524 5367 833 5439 pullularit,
868 5371 1025 5441 1'73
1070 5373 1167 5428 sed
1205 5374 1352 5445 quod
1386 5376 1453 5429 ad
1490 5375 1799 5430 doctrinam
1827 5390 1960 5446 spc-

367 5467 504 5525 ctat,
530 5475 673 5527 eam,
699 5468 761 5515 ut
791 5461 998 5518 dictum
1029 5472 1147 5531 est,
1181 5466 1446 5522 duntaxat
1475 5484 1542 5524 ex
1572 5480 1726 5540 parte
1770 5468 1961 5524 decla-

369 5553 649 5617 ravimus;
682 5562 879 5613 caetera
915 5572 1013 5627 per
1046 5573 1134 5613 me
1168 5560 1425 5617 subtilius
1456 5562 1735 5632 explicare
1765 5561 1919 5617 nolui
1946 5605 1960 5629 ,

367 5660 492 5702 cum
537 5649 801 5704 adversus
839 5650 1154 5713 luere-ticum
1197 5654 1447 5709 eumdem
1497 5655 1873 5708 elucubratam
1927 5671 1957 5708 a

412 5799 419 5805 ⁷
443 5801 459 5834 ¹
484 5816 574 5876 γρ.
603 5799 901 5858 ἀνασῶσαι.

2059 4828 2156 4899 μὲν
2203 4826 2299 4881 ml.
2348 4823 2519 4878 πλείω
2560 4817 2786 4873 τούτων·
2837 4811 2946 4881 ἐγὼ
2979 4810 3036 4863 δὲ
3081 4809 3239 4878 μόνον
3282 4806 3439 4859 ἅτινα
3483 4802 3646 4873 φύσει
3690 4804 3698 4811 “

2055 4895 2351 4989 αναγκαῖον
2400 4913 2538 4970 εἶναι
2589 4907 2885 4982 ἡγησάμην
2936 4904 3012 4965 εἰς
3067 4895 3641 5005 τούμιρανὲῖἐλθεῖνἰ

2055 4987 2210 5066 ταῦθ’
2242 5009 2625 5083 ὑπηγόρευσα,
2656 5003 2732 5066 ὡς
2768 5002 2801 5071 ἠ
2840 5000 2920 5061 εἰς
2949 4995 3096 5066 ἡμᾶς
3128 4991 3327 5061 γνῶσις
3363 4987 3516 5060 ἦλθε,
3547 4987 3643 5083 τοῦ

2059 5103 2221 5157 πόθεν
2271 5079 2518 5174 ὡρμᾶτο,
2568 5100 2625 5150 ἐν
2672 5092 2845 5153 ποίοις
2895 5086 3196 5179 δὲγκαιροῖς
3243 5083 3478 5179 ῦπῇρχε,

2060 5195 2170 5249 ἀπὸ
2203 5171 2373 5247 ποίων
2414 5191 2512 5255 τὰς
2562 5185 2864 5260 προφάσεις
2910 5178 3130 5248 εἴληφε,
3176 5173 3270 5228 καὶ
3297 5171 3380 5235 τίς
3406 5171 3571 5223 αὑτοῦ
3608 5171 3644 5239 ἠ

2056 5284 2410 5349 διδασκαλία,
2457 5282 2574 5352 ἆμα
2611 5295 2673 5332 τε
2709 5275 2850 5329 τίσιν
2881 5269 3180 5340 ἐϐλάστησε
3206 5266 3283 5337 τῷ
3310 5265 3410 5336 βίῳ
3449 5263 3642 5327 κακὸν,

2058 5375 2168 5430 ἀπὸ
2218 5376 2414 5447 μέρους
2451 5389 2545 5438 τε,
2596 5370 2672 5432 ὡς
2716 5367 2882 5437 ἔφην,
2926 5362 3024 5433 τῆς
3062 5358 3253 5413 τούτου
3298 5354 3646 5415 διδασκαλίας

2056 5446 2460 5540 ἐμνημόνευσα.
2509 5462 2591 5517 Τὰ
2640 5461 2697 5515 δὲ
2743 5455 2903 5513 λοιπὰ
2938 5455 3037 5525 τῆς
3079 5448 3245 5507 αὐτοῦ
3288 5446 3647 5540 λεπτολιιγίας

2057 5538 2157 5615 οῦκ
2185 5538 2497 5631 ἠϐουλήθην
2537 5556 2632 5609 ἀπ’
2679 5548 2918 5624 ἐμαυτοῦ
2965 5544 3244 5610 συντάξαι,
3287 5538 3462 5612 εὑρὼν
3492 5538 3647 5639 ποιρέ

2056 5652 2133 5724 τῷ
2173 5651 2462 5722 ἁγιωτάτῳ
2492 5644 2773 5719 Εἰρηναίῳ
2817 5640 2893 5697 τῶ
2934 5638 3145 5712 ἀρχαίῳ
3176 5635 3272 5708 τὴν
3313 5632 3433 5687 κατ’
3473 5631 3647 5687 αὐτοῦ
