4018 6142
344 368 455 426 439
1055 366 1427 424 ADVERSUS
1468 365 1811 423 HERESES
1850 366 1931 421 Lll

2031 366 2068 420 ι.
2110 365 2274 425 Ton.
2322 365 2386 424 ιι.
2428 396 2496 410 η-
2536 366 2810 426 "mnes.
2847 368 3038 424 xxxt.
3503 336 3609 422 4‘90

345 485 729 567 πραγματείαν
764 483 1157 558 γεγενημένην.
1191 486 1335 550 "Em;
1360 486 1415 540 δὲ
1445 486 1638 542 τούτου
1672 487 1739 540 τὰ
1771 486 1927 557 ὀλίγα

2031 487 2386 543 sanctissimo
2428 485 2632 541 lrcnaeo
2667 487 3094 557 disputationem
3140 485 3435 542 inveniam.
3474 482 3615 549 Quo-

343 575 517 631 ταῦτα
553 576 867 644 διεξελθὼν,
901 577 970 630 τὰ
1016 576 1141 648 ἑξῆς
1170 578 1279 631 ἀπὸ
1314 576 1425 632 τῶν
1454 578 1550 632 τοῦ
1592 579 1929 652 προειρημέο

2030 579 2176 633 circa
2194 578 2382 647 paucis
2405 577 2509 631 huc
2546 591 2717 645 usque
2750 591 2779 629 a
2808 591 2894 635 me
2914 575 3379 640 commemoratis,
3405 573 3614 644 reliqua

345 685 438 721 νου
466 668 657 739 ἀνδρὸς
685 667 871 721 δούλου
899 667 1058 732 Θεοῦ,
1087 668 1381 741 Είρηναίου
1412 668 1466 722 δέ
1510 686 1675 741 φημι,
1700 670 1800 743 τὴν
1833 687 1931 723 πα-

2030 684 2095 725 ex
2138 668 2285 723 illius
2333 667 2509 737 ipsius
2562 665 2655 721 Dei
2697 668 2840 721 servi
2886 681 3050 737 opere
3092 674 3407 738 pertexam;
3452 672 3615 733 atque

350 759 568 832 ράθεσιν
593 753 893 833 ὁλοσχερῶς
917 761 1232 834 ποιήσομαι.
1265 762 1417 833 Ἔχει
1444 760 1499 814 δὲ
1526 759 1717 827 οῦτωςο

2032 762 2266 835 ipsamet
2294 758 2481 816 lremei
2512 760 2711 825 verba,
2758 777 2826 816 ne
2856 766 3064 815 mutata
3105 759 3325 830 quidem
3368 756 3575 834 syllaba
3598 796 3613 825 ,

546 864 551 871 '
1898 853 1907 859 ’
2032 852 2341 924 subjiciam.
2369 850 2508 908 Sunt
2534 853 2648 907 haec
2677 852 2948 924 ejusmodi
2986 870 3002 907 :

584 961 678 1014 Ἐκ
715 958 834 1014 τῶν
860 960 966 1015 τοῦ
990 960 1173 1033 ἁγίου
1205 960 1315 1034 (69)
1348 963 1693 1031 Εἰρηναίου.

1513 963 1693 1018 ναίου.
2529 964 2610 1019 Ea:
2650 974 2834 1021 sancto
2876 963 3100 1019 Irenaeo.

414 1078 493 1131 8’.
519 1077 634 1131 Ἐπὶ
654 1077 755 1151 τὴν
768 1077 1024 1149 ἀλήθειαν
1046 1079 1545 1150 παραπεμπόμενοί
1560 1098 1723 1147 τινες,
1743 1083 1931 1138 ἐπεισ-

2104 1078 2197 1134 1X.
2225 1078 2360 1135 Cum
2392 1078 2640 1148 plerique
2669 1079 2898 1134 veritate
2925 1084 3235 1148 contempta
3261 1076 3428 1133 falsas
3450 1090 3618 1146 quas-

342 1169 536 1236 άγουσι
586 1167 776 1236 λόγους
820 1168 1034 1238 ψευδεῖς
1064 1170 1160 1224 καὶ
1183 1170 1532 1239 γενεαλογίας
1557 1176 1820 1243 ματαίας,
1850 1178 1929 1231 αἴ-

2034 1170 2160 1224 dam
2192 1172 2540 1228 narrationes
2592 1181 2647 1227 et
2686 1172 2880 1227 inanes
2911 1170 3257 1242 genealogias
3297 1168 3616 1234 obtrudant,

346 1278 488 1324 τινες
506 1258 763 1331 ζητήσεις
796 1261 995 1331 μᾶλλον
1023 1261 1342 1332 παρέχουσι,
1366 1262 1550 1328 καθὼς
1614 1266 1933 1333 Ἀπόστολός

2035 1278 2157 1332 qua:
2173 1264 2501 1333 quaestiones
2526 1271 2794 1334 prastant
2821 1262 3017 1334 magis,
3040 1270 3100 1317 ut
3117 1259 3412 1332 Apostolus
3437 1258 3618 1328 loqui-

343 1367 533 1422 φησιν’
566 1349 600 1421 ἦ
631 1349 919 1421 οἰκοδομὴν
948 1348 1083 1403 Θεοῦ
1116 1351 1215 1420 τὴν
1246 1351 1303 1403 ὲν
1332 1350 1512 1404 πίστει
1537 1368 1551 1381 ⁸
1593 1352 1687 1405 καὶ
1720 1353 1806 1406 διὰ
1834 1355 1930 1426 τῆς

2037 1362 2126 1409 ιιιι·
2143 1354 2185 1421 ⁸,
2208 1370 2371 1425 quam
2393 1355 2811 1411 aediﬁcationem
2834 1355 2943 1419 Dei,
2965 1370 3087 1425 quae
3109 1360 3194 1409 est
3215 1353 3270 1408 in
3285 1351 3422 1407 lide:
3457 1359 3620 1420 atque

348 1440 675 1512 πανούργως
697 1457 1035 1513 συγκεκροτη
1045 1441 1214 1511 μένης
1242 1440 1599 1513 πιθανότητος
1627 1445 1935 1514 παράγουσι

2038 1447 2200 1502 iidem
2225 1448 2299 1502 illi
2323 1448 2949 1519 callidaarlilieiosaque
2970 1449 3217 1504 oratione
3242 1445 3619 1516 imperitorqu

341 1536 434 1594 τὸν
463 1535 586 1590 νοῦν
616 1534 727 1588 τῶν
759 1535 1152 1606 ἀπειροτέρων,
1187 1534 1282 1589 καὶ
1310 1535 1810 1606 αἱχμαλωτίζουσιν
1839 1539 1928 1592 αὐ-

2038 1540 2250 1595 animos
2274 1541 2573 1612 decipiant,
2607 1556 2672 1595 ac
2701 1542 2850 1596 velut
2872 1542 3118 1612 captivos
3149 1539 3460 1609 abripiant;
3487 1536 3618 1592 dum

341 1634 489 1698 τοὺς,
518 1631 966 1704 ῥᾴδιουργοῦντες
996 1633 1065 1685 τὰ
1094 1632 1250 1700 λόγια
1278 1633 1506 1705 Κυρίου,
1539 1632 1803 1705 ἐξηγηταὶ
1832 1654 1928 1691 κα-

2037 1640 2091 1687 et
2108 1632 2332 1686 oracula
2356 1633 2544 1688 divina
2567 1634 2889 1703 depravant,
2915 1641 2967 1688 et
2991 1640 3139 1688 recte
3164 1631 3311 1687 dicta
3335 1643 3619 1701 perperam

340 1727 429 1780 κο).
479 1724 588 1778 τῶν
638 1723 818 1788 καλῶς
858 1725 1167 1796 εἰρημένων
1209 1726 1509 1796 γινόμενοι,
1569 1728 1663 1781 καὶ
1710 1727 1927 1791 πολλοῦς

2038 1723 2503 1795 interpretantur:
2550 1708 2664 1779 tuin
2703 1740 2834 1780 vero
2867 1708 3031 1794 quam
3063 1725 3332 1794 plurimos
3365 1721 3431 1775 ab
3455 1719 3620 1788 hujus

339 1816 739 1888 ἀνατρέπουσιν
784 1817 1090 1885 ἀπάγοντες
1133 1817 1333 1880 αὐτοὺς
1376 1819 1648 1890 προφάσει
1681 1819 1926 1889 γνώσεως

2040 1815 2282 1875 universi
2301 1818 2587 1873 conditore
2633 1825 2687 1873 et
2715 1818 3030 1872 ordinatore
3059 1816 3191 1881 Deo,
3222 1814 3356 1870 falsa
3384 1812 3618 1884 quadam

342 1912 450 1965 ἀπὸ
480 1910 575 1964 τοῦ
619 1911 739 1965 τόδε
771 1911 832 1965 τὸ
864 1913 975 1965 πᾶν
1006 1911 1419 1984 συστησαμένου
1469 1916 1563 1967 καὶ
1592 1914 1929 1985 κεκοσμηκό-

2039 1908 2308 1966 abductos
2350 1911 2534 1980 specie
2570 1911 2921 1982 cognitionis,
2954 1911 3006 1965 in
3042 1908 3338 1981 perniciem
3368 1906 3620 1972 trahant;

341 2020 452 2068 τος,
487 2003 565 2067 ὡς
597 2003 930 2075 ὑψηλότερόν
962 2020 1036 2067 τι,
1069 2002 1163 2057 καὶ
1195 2002 1383 2074 μεῖζον
1421 2002 1638 2074 ἔχοντες
1672 2004 1928 2071 ἐπιδεῖξαι

2037 2003 2193 2071 quasi
2232 2002 2523 2058 sublimius
2569 2003 2776 2073 aliquid
2815 2018 2879 2058 ac
2918 2003 3098 2071 majus
3135 2016 3200 2056 eo
3243 1999 3624 2055 demonstrare

342 2090 435 2143 τοῦ
465 2089 558 2143 τὸν
585 2090 840 2162 οὐρανὸν,
872 2091 969 2145 καὶ
993 2091 1092 2162 τὴν
1114 2092 1239 2161 γῆν,
1263 2092 1358 2146 καὶ
1379 2092 1556 2149 πάντα
1577 2093 1646 2148 τά
1674 2095 1732 2148 ὲν
1752 2095 1929 2161 αὐτοῖς

2037 2093 2272 2164 possint,
2310 2094 2404 2164 qui
2453 2095 2655 2150 coelum
2707 2104 3039 2165 terramque,
3083 2109 3149 2148 ac
3189 2108 3314 2164 quae
3346 2094 3413 2147 iis
3441 2091 3622 2146 conti-

342 2182 701 2253 πεποιηκότος
720 2182 855 2235 Θεοῦ
875 2201 888 2213 ·
910 2182 1160 2247 πιθανῶς
1186 2184 1284 2253 μὲν
1298 2170 1633 2257 ἐπαγόμενοι
1650 2188 1741 2242 διὰ
1763 2188 1929 2258 λόγων

2039 2192 2241 2240 nentur
2272 2184 2456 2239 omnia
2499 2187 2841 2256 procreat-it:
2897 2186 3036 2241 adeo
3065 2192 3124 2240 ut
3155 2183 3433 2254 simplices
3461 2183 3622 2237 mini.

339 2272 536 2344 τέχνης
555 2273 682 2337 τοὺς
696 2275 996 2353 ἀκεραίους
1016 2276 1097 2339 είς
1119 2275 1210 2328 τὸν
1225 2275 1320 2329 τοῦ
1345 2276 1528 2348 ζητεῖν
1549 2278 1773 2350 τρόπον,
1803 2282 1926 2335 ἀπι-

2038 2293 2237 2348 meque
2268 2279 2444 2334 malos
2488 2279 2742 2334 homines
2771 2278 2972 2333 fucatis
3004 2276 3351 2333 sermoni-bus
3380 2274 3449 2329 ad
3478 2273 3623 2331 veri,

341 2363 519 2428 θάνως
556 2365 615 2418 δὲ
649 2366 981 2430 ἀπολλύντες
1022 2367 1223 2431 αὐτοὺς
1263 2370 1321 2426 ὲν
1365 2370 1444 2441 τῷ
1488 2371 1802 2445 βλάσφημον
1844 2376 1928 2428 καὶ

2040 2371 2168 2426 tatis
2188 2370 2591 2441 indagationem
2616 2370 2816 2426 blande
2838 2370 3134 2426 admodum
3171 2370 3622 2437 illiciant,’neque

341 2456 516 2527 ἀσεϐῆ
546 2456 645 2529 τὴν
677 2457 906 2529 γνώμην
942 2458 1124 2514 αὐτῶν
1144 2461 1574 2528 κατασκευάζειν
1600 2466 1680 2529 είς
1712 2464 1804 2519 τὸν
1828 2468 1928 2536 Δη-

2042 2474 2219 2520 tamen
2256 2464 2454 2520 blande
2496 2464 2620 2519 illos
2667 2464 2722 2519 in
2760 2464 2988 2520 exitium
3022 2463 3330 2535 impellant,
3362 2461 3492 2516 dum
3523 2460 3617 2513 ad-

344 2550 623 2622 μιουργὸν,
647 2551 780 2621 μηδὲ
800 2551 859 2603 ὲν
878 2551 954 2621 τῷ
970 2551 1267 2623 διακρίνειν
1280 2554 1296 2584 ί
1323 2554 1639 2625 δυναμένων
1662 2556 1722 2610 τὸ
1739 2557 1931 2627 ψεῦδος

2039 2572 2235 2613 versus
2287 2571 2470 2612 rerum
2513 2556 2764 2626 opiﬁcem
2810 2570 3037 2627 pronam
3081 2555 3148 2610 ad
3188 2553 3623 2609 inalediccndum

341 2641 451 2694 ἀπὸ
472 2642 566 2695 τοῦ
603 2641 862 2713 ἀληθοῦς·
907 2644 942 2714 ή
992 2642 1101 2714 γὰρ
1140 2643 1317 2716 πλάνη
1363 2646 1485 2701 καθ’
1509 2648 1680 2721 αὐτὴν
1712 2650 1812 2721 μὲν
1837 2652 1928 2705 οὐκ

2039 2633 2373 2720 impiamque
2408 2657 2646 2705 mentem
2688 2650 2963 2720 injiciunt,
3009 2650 3154 2720 quod
3198 2663 3387 2705 verum
3422 2661 3453 2701 a
3484 2645 3625 2701 falso

342 2733 728 2802 ἐπιδείκνυται,
747 2736 833 2789 ἵνα
858 2735 932 2807 μὴ
959 2736 1307 2805 γυμνωθείσα
1332 2739 1553 2811 γένηται
1581 2740 1929 2814 κατάφωρος·

2038 2742 2354 2800 discernere
2386 2743 2720 2813 quibuscum
2757 2748 2924 2814 agunt
2980 2747 3300 2814 nequeant:
3338 2754 3445 2793 non
3478 2739 3623 2797 enim

343 2826 557 2897 πιθανῷ
581 2826 638 2880 δὲ
667 2828 1039 2900 περιϐλήματι
1074 2830 1400 2901 πανούργως
1432 2834 1806 2906 κοσμουμένη,
1844 2836 1930 2888 καὶ

2040 2834 2252 2890 falsitas
2282 2835 2432 2890 nuda
2481 2850 2549 2889 ac
2580 2834 2811 2904 simplex
2843 2834 3190 2905 proponitur,
3228 2848 3301 2887 ne
3340 2831 3457 2887 suis
3487 2831 3627 2885 intc~

342 2915 517 2986 αὐτῆς
550 2916 649 2988 τῆς
693 2918 953 2989 ἀληθείας
1012 2919 1387 2993 ἀληθεστέραν
1431 2923 1631 2995 ἑαυτὴν
1675 2926 1929 2997 παρέχειν

2041 2930 2315 2996 gumentis
2347 2927 2564 2983 evoluta
2595 2926 2931 2998 deprehendi
2958 2925 3115 2981 facile
3140 2925 3344 2996 possit;
3377 2924 3471 2980 sed
3504 2940 3628 2994 spe-

344 3008 631 3076 φαίνεσθαι
653 3010 673 3041 ³
707 3008 796 3067 διὰ
820 3008 921 3080 τῆς
940 3010 1144 3075 ,ἔξωθεν
1170 3014 1471 3082 φαντασίας
1503 3018 1619 3080 τοῖς
1650 3017 1931 3090 ἀπειροτέ-

2040 3019 2209 3075 eiosis
2233 3019 2534 3076 involucris
2558 3021 2700 3077 miro
2723 3019 2953 3074 artificio
2986 3006 3275 3091 perpolita,
3313 3028 3373 3072 ut
3400 3026 3624 3073 externa

346 3114 462 3167 ροις
476 3114 492 3128 ⁸
517 3096 700 3162 καθὼς
716 3098 821 3153 ὑπὸ
843 3099 936 3152 τοῦ
963 3100 1271 3171 κρείττονος
1294 3102 1454 3174 ὴμῶν
1477 3103 1693 3176 εἴρηται
1716 3107 1933 3160 ἐπὶτῶν

2042 3124 2238 3181 pompa
2282 3118 2445 3182 atque
2482 3111 2634 3167 cultu
2666 3111 2896 3166 veritate
2936 3111 3057 3182 ipsa
3087 3107 3494 3180 quodammodo
3534 3122 3628 3162 ve-

343 3189 624 3254 τοιούτων,
657 3191 740 3244 ὅτι
767 3190 932 3248 Λίθον
968 3192 1064 3249 τὸν
1100 3192 1281 3265 τίμιον
1318 3195 1632 3267 σμάραγδον
1649 3197 1808 3265 οντα,
1845 3200 1930 3252 καὶ

2044 3201 2245 3258 riorem
2277 3218 2401 3259 sese
2423 3202 2707 3258 rudiorum
2739 3203 2916 3259 oculis
2945 3202 3237 3272 subjiciat:
3271 3200 3619 3271 quemadmo-

345 3285 713 3357 πολυτίμητόν
737 3303 877 3339 τισιν
907 3285 1069 3350 ὕαλος
1097 3286 1401 3359 ἐνυϐρίζειν
1428 3287 1522 3342 διά
1546 3288 1740 3360 τέχνης
1764 3308 1932 3363 παρο-

2043 3295 2171 3350 dum
2195 3295 2265 3349 ab
2288 3296 2471 3367 aliquo
2495 3296 2655 3368 longe
2673 3311 2837 3367 quam
2867 3311 2967 3351 nos
2989 3296 3368 3367 praestantiore
3395 3293 3463 3348 de
3481 3294 3628 3364 ejus-

348 3377 670 3448 μοιουμένη,
697 3378 900 3458 ὁπόταν
927 3376 1002 3449 μὴ
1036 3380 1186 3451 παρῇ
1216 3380 1244 3432 ὁ
1266 3378 1474 3438 σθένων
1500 3381 1813 3453 δοκιμάσαι,
1844 3384 1935 3439 καὶ

2043 3386 2189 3443 modi
2222 3388 2640 3458 pronuntiatum
2676 3398 2791 3444 est:
2828 3387 3132 3459 Exquisitae
3153 3400 3382 3458 gemma:
3410 3400 3473 3440 ae
3499 3399 3627 3455 pre~

344 3467 512 3540 τέχνῃ
532 3466 802 3535 διελέγξαι
836 3468 936 3539 τὴν
971 3468 1297 3539 πανούργως
1346 3470 1671 3542 γενομένην·
1705 3473 1836 3527 ὅταν
1883 3472 1931 3527 δὲ

2039 3472 2350 3531 tiosissimae
2414 3477 2703 3548 smaragdo
2752 3477 2989 3533 similem
3036 3478 3105 3530 ab
3145 3470 3448 3531 artiﬁcibus
3509 3472 3623 3530 ﬁeri

347 3563 580 3631 ὲπιμιγῇ
610 3562 638 3614 ὁ
681 3560 880 3630 χαλκὸς
922 3560 1003 3623 είς
1040 3560 1135 3619 τὸν
1162 3561 1428 3634 ἄργυρον,
1467 3560 1552 3625 τίς
1584 3561 1819 3627 εὐκόλως
1851 3562 1934 3617 δυ-

2041 3566 2274 3621 vitreum
2303 3567 2569 3638 lapillum,
2614 3583 2723 3622 non
2765 3567 2885 3623 sine
2918 3565 3157 3638 quadam
3200 3565 3348 3624 illius
3388 3564 3625 3643 injuria;

347 3653 570 3723 νήσεται
600 3651 788 3705 τοῦτον
813 3650 1087 3724 ἀκεραίως
1118 3651 1443 3722 domitant;

2045 3658 2151 3719 nisi
2185 3667 2387 3729 praesto
2420 3660 2513 3725 sit,
2548 3661 2640 3731 qui
2673 3659 3022 3715 discernendi
3049 3658 3245 3732 peritia
3276 3658 3473 3724 valeat,
3501 3657 3628 3733 qui--

349 3762 458 3818 que
482 3756 599 3802 arte
642 3763 744 3803 sua
795 3747 968 3805 fretus
1013 3748 1376 3804 adulterinam
1428 3749 1578 3804 illam
1627 3765 1898 3821 gemmam
1963 3752 2388 3835 simulatamque
2429 3757 2757 3832 dignoscat:
2796 3757 2891 3819 sed
2915 3772 3039 3813 cum
3105 3771 3177 3821 tes
3247 3762 3476 3837 argento
3526 3754 3630 3817 mi»

351 3847 557 3905 scetur,
590 3840 717 3909 quis
742 3839 848 3895 hoc
877 3839 1038 3896 facile
1063 3841 1393 3911 sineereque
1425 3842 1745 3898 discernat?

422 3932 540 3987 Ἵνα
576 3928 669 3987 οῦν
707 3931 782 4004 μὴ
825 3932 926 4004 τὴν
955 3934 1232 4005 ἡμετέραν
1268 3934 1445 3988 αἰτίαν
1482 3933 1942 4006 συναρπάζωνταί

2119 3937 2482 4005 Quamobrem
2518 3950 2587 3991 ne
2618 3936 2711 4006 qui
2740 3936 2901 4006 culpa
2932 3936 3129 3991 nostra
3148 3946 3407 4009 tanquam
3434 3953 3564 3994 oves
3591 3954 3622 4002 α

348 4041 516 4089 τινες,
533 4024 611 4088 ὡς
630 4024 880 4095 πρόϐατα
907 4025 1013 4078 ὑπὸ
1037 4024 1238 4089 λύκων,
1279 4024 1601 4095 ἀγνοοῦντες
1629 4028 1825 4091 αὐτους
1852 4028 1935 4083 διὰ

2050 4024 2213 4094 lupis,
2242 4024 2321 4079 sic
2349 4025 2419 4079 ab
2445 4024 2939 4094 illis‘abripiantur,
2969 4025 3131 4097 174Ι
3153 4041 3290 4096 quos
3313 4028 3493 4082 ovium
3512 4031 3622 4099 pel.

351 4113 453 4186 τὴν
493 4114 694 4180 ἔξωθεν
738 4115 837 4186 τῆς
886 4115 1213 4187 προϐατείου
1254 4116 1417 4187 δορᾶς
1452 4117 1743 4189 ἐπιϐουλὴν
1762 4118 1804 4182 ³,
1849 4117 1938 4182 οὓς

2049 4116 2192 4171 libus
2240 4122 2413 4170 lectos
2461 4115 2804 4186 ignorarint;
2843 4115 3157 4187 cujusmodi
3192 4117 3464 4176 cavendos
3503 4137 3628 4185 esse

353 4206 647 4277 φυλάσσειν
714 4207 1099 4280 παρήγγελκεν
1141 4210 1276 4280 ἡμῖν
1312 4211 1341 4262 ό
1372 4208 1599 4280 Κύριος,
1639 4210 1801 4281 ὃμοια
1845 4211 1940 4281 μὲν

2048 4205 2314 4261 Dominus
2339 4205 2601 4277 praecipit,
2630 4220 2863 4279 quorum
2889 4206 3086 4262 similis
3108 4221 3310 4272 sermo,
3343 4207 3626 4273 dissimilis

352 4296 672 4361 λαλοῦντας,
704 4299 935 4370 ἀνόμοια
965 4299 1025 4352 δὲ
1063 4298 1429 4372 φρονοῦντας·
1471 4301 1767 4371 ἀναγκαῖον
1801 4303 1939 4374 ήγη-

2046 4305 2132 4354 est
2161 4298 2410 4353 animus:
2446 4298 2821 4353 necessarium
2855 4300 3059 4369 putavi,
3093 4315 3218 4357 eum
3253 4298 3308 4355 in
3328 4299 3625 4374 Valentini,

356 4392 560 4464 σάμην,
598 4390 834 4463 ἐντυχὼν
860 4394 972 4456 τοῖς
1018 4392 1375 4465 ὑπομνήμασι
1401 4393 1533 4460 τῶν,
1568 4395 1645 4459 ὡς
1670 4396 1826 4449 αὐτοὶ
1849 4395 1935 4449 λέ-

2049 4399 2109 4446 ut
2139 4400 2413 4452 asserunt.
2442 4391 2836 4463 discipulorum
2864 4392 3288 4450 commentarios
3315 4394 3624 4461 ineiderim,

357 4475 929 4553 γουσιν,οὺαλεντίνου
951 4485 1228 4558 μαθητῶν,
1250 4486 1415 4551 ἐνίοις
1434 4487 1477 4540 δ’
1496 4488 1783 4541 αὐτῶνκαὶ
1806 4505 1944 4558 συμ-

2050 4497 2172 4537 cum
2209 4483 2417 4553 aliquot
2457 4482 2624 4537 etiam
2658 4497 2724 4537 ex
2758 4482 2977 4538 illorum
3022 4499 3252 4538 numero
3298 4500 3630 4561 congressus

356 4572 559 4639 ϐαλὼν,
594 4575 690 4627 καὶ
719 4574 1161 4646 καταλαϐόμενος
1194 4573 1293 4646 τὴν
1330 4575 1558 4646 γνώμην
1593 4575 1795 4641 αὐτῶν,
1834 4595 1943 4649 μη-

2053 4572 2270 4638 fuerim,
2314 4574 2441 4638 tibi,
2478 4588 2511 4627 ο
2537 4574 2881 4639 cbarissimc,
2939 4583 3256 4644 portentosa
3287 4577 3376 4629 illa
3414 4592 3479 4632 ac
3504 4593 3629 4648 pro-

355 4665 514 4721 νῦσαί
532 4672 638 4731 σοι,
654 4668 927 4739 ἀγαπητὲ,
951 4666 1019 4720 τὰ
1039 4667 1320 4740 τερατώδη
1338 4668 1432 4721 καὶ
1453 4668 1624 4739 βαθέα
1650 4671 1942 4741 μυστήρια,

2053 4667 2222 4722 funda
2270 4667 2579 4737 significare
2619 4666 2913 4739 mysteria;
2970 4683 3092 4736 qua}
3140 4667 3355 4737 quidem
3405 4685 3513 4723 non
3560 4673 3625 4725 ad

357 4756 394 4811 ἃ
424 4758 485 4810 οὐ
522 4757 722 4822 πάντες
750 4757 1041 4831 χωροῦσιν,
1069 4759 1192 4812 ἐπεὶ
1217 4758 1291 4831 μὴ
1313 4760 1517 4824 πάντες
1534 4749 1626 4813 τὸν
1648 4760 1944 4830 ἐγκέφαλον

2051 4767 2271 4828 captum
2295 4757 2539 4811 omnium
2565 4755 2794 4821 faciunt,
2821 4758 2963 4825 quod
2990 4773 3100 4811 non
3128 4773 3320 4819 omnes
3342 4758 3624 4814 cerebrum

359 4845 739 4912 ὲξεπτύκασιν,
789 4850 940 4913 ὅπως
975 4850 1071 4904 καὶ
1109 4851 1196 4916 σὺ,
1235 4849 1421 4921 μαθὼν
1461 4850 1620 4917 αὐτὰ,
1671 4842 1803 4905 πᾶσι
1831 4854 1946 4914 τοῖς

2053 4851 2543 4919 exspuerint,utet
2572 4857 2627 4902 tu
2659 4849 2893 4918 cognitis
2917 4850 3294 4910 iis,universis
3322 4851 3412 4928 qui
3444 4859 3624 4907 tecum

363 4940 503 5010 μετὰ
531 4941 626 4994 σοῦ
649 4942 860 5013 φανερά
883 4943 1138 5015 ποιήσῃς,
1154 4944 1251 4996 καὶ
1274 4944 1612 5015 παραινέσῃς
1639 4943 1819 5007 αὐτοῖς
1838 4961 1944 5013 φυ-

2056 4948 2186 4998 sunt
2232 4939 2420 4994 eadem
2472 4938 2739 5003 declares,
2779 4953 2843 4992 ac
2885 4954 3130 5002 moneas,
3178 4940 3253 4992 uti
3298 4941 3624 4997 altissimum

360 5029 624 5097 λάξασθαι
654 5032 745 5085 τὸν
778 5032 938 5103 βυθὸν
966 5033 1066 5103 τῆς
1099 5034 1306 5100 ἀνοίας,
1341 5035 1436 5087 καὶ
1462 5033 1564 5102 τῆς
1597 5027 1678 5097 εἰς
1707 5034 1941 5105 Χριστὸν

2052 5034 2202 5088 illum
2241 5032 2486 5088 stultitia:
2531 5040 2693 5101 atque
2722 5032 2780 5084 in
2808 5031 3083 5087 Christum
3126 5033 3478 5102 blasphemiae
3501 5050 3628 5105 gur-

364 5122 709 5195 βλασφημίας
730 5141 746 5159 ’
783 5125 896 5190 καὶ,
929 5122 1111 5188 καθὼς
1132 5125 1363 5196 δύναμις
1391 5128 1544 5197 ἡμῖν,
1586 5127 1684 5197 τήν
1711 5142 1769 5179 τε
1800 5124 1943 5194 γνώ-

2049 5124 2211 5195 gitem
2254 5122 2518 5177 devitcnt.
2572 5120 2778 5191 Itaque,
2824 5122 3005 5191 quoad
3053 5123 3106 5175 in
3156 5123 3455 5179 mesitnm
3504 5124 3627 5190 erit,

365 5231 477 5287 μην
499 5214 679 5268 αὐτῶν
706 5215 816 5269 τῶν
844 5215 939 5271 νῦν
975 5216 1507 5288 παραδιδασκόντων,
1548 5216 1692 5286 λέγω
1731 5217 1795 5289 δὴ
1837 5217 1944 5270 τῶν

2051 5230 2239 5269 eorum
2284 5213 2375 5283 qui
2424 5212 2630 5267 erroris
2676 5213 2837 5267 hodie
2878 5213 3128 5283 magistri
3174 5221 3322 5280 sunt,
3369 5215 3625 5268 nimirum

362 5322 491 5376 περι
520 5304 877 5391 Πτολεμαῖον,
912 5306 1232 5379 ἀπάνθισμα
1270 5303 1436 5361 οὖσαν
1460 5307 1558 5377 τῆς
1591 5306 1943 5363 Οὐαλεντίνου

2051 5306 2360 5370 Ptolemaei,
2409 5306 2639 5376 ejusque
2690 5313 3054 5368 sectatorum,
3111 5305 3203 5376 qui
3249 5322 3313 5361 cx
3358 5304 3624 5361 Valentini

437 5442 455 5474 ί
488 5440 631 5497 lren.
671 5442 746 5516 μὴ
769 5442 1085 5513 διακρίνειν.
1160 5444 1180 5474 ²
1213 5441 1273 5499 F.
1312 5444 1541 5516 παρέχει
1576 5445 1657 5501 vel
1693 5445 1963 5514 φαίνεται.

1459 5462 1541 5516 χει
1576 5445 1657 5501 vel
1693 5445 1963 5514 φαίνεται.
2040 5445 2060 5477 ⁸
2089 5442 2151 5502 1",
2184 5443 2463 5514 ἐπιϐολήν.
2541 5441 2601 5499 ⁸1
2635 5441 2773 5497 Tim.
2808 5457 2848 5505 ι,
2885 5443 2937 5496 4.
3028 5444 3040 5463 ‘

439 5558 553 5628 (69)
593 5559 688 5629 Ἐκ
718 5555 840 5609 τῶν
869 5556 977 5610 τοῦ
1017 5556 1209 5625 ἁγίου.
1252 5557 1555 5629 Plurimum
1578 5559 1663 5629 vel
1697 5559 1802 5615 hoc
1833 5573 1946 5613 uno

2052 5558 2201 5629 quod
2234 5558 2364 5629 olim
2390 5557 2581 5614 Billius
2617 5558 2842 5619 fecerat,
2871 5558 3160 5627 diligenter
3188 5557 3543 5629 contulimus,
3573 5564 3628 5629 et

368 5627 682 5699 mutinede
708 5629 853 5699 omni
880 5635 1200 5699 posteritate
1223 5628 1456 5683 meritus
1471 5638 1556 5684 est
1578 5627 1939 5699 Epiphanius,
2051 5627 2271 5684 nostras
2312 5627 2566 5698 Billiique
2612 5629 2959 5697 conjecturas
2997 5628 3063 5681 ad
3096 5628 3397 5696 marginem
3451 5628 3627 5681 ascri-

364 5695 521 5780 quod
547 5697 668 5763 ejus
711 5695 895 5780 studio
933 5696 1135 5780 factum
1178 5708 1283 5763 est,
1325 5707 1386 5753 nt
1414 5699 1600 5780 Irenazi
1626 5695 1932 5780 'fragiiienta
2050 5700 2284 5780 psimus.
2335 5695 2514 5780 neque
2555 5695 2851 5780 quidquam
2904 5700 3006 5780 nisi
3053 5714 3114 5752 ex
3166 5695 3407 5778 reti-rum
3462 5713 3626 5756 manu

366 5766 732 5840 qua-dam__ex
780 5774 932 5820 tanto
979 5767 1123 5840 illius
1158 5784 1382 5837 operum
1419 5766 1943 5840 naui’ragio'supcr-
2049 5766 2399 5824 exaratorum
2424 5766 2538 5825 'lide
2569 5766 2624 5824 in
2649 5766 2908 5825 contextu
2943 5770 3061 5839 ipse
3094 5769 3446 5823 mutavimus.

363 5835 576 5896 essent.
620 5835 734 5891 Nos
762 5852 825 5891 ea
857 5852 980 5891 cum
1015 5835 1207 5891 Latina
1234 5840 1415 5897 ,vctcri
1468 5835 1936 5912 interpretatione,

649 5931 902 5991 Parnm.
958 5932 1073 5994 Gn.
1104 5933 1238 5995 XLI
3162 5933 3223 5993 16
