4018 6138
396 304 490 362 491

1768 289 1826 346 S.
1867 285 2208 343 ΕΡιΡΗΑΝιι

3549 284 3656 342 499

399 423 587 482 schola
608 418 979 482 efﬂoruerunt,
1004 415 1332 476 sententiam
1361 418 1618 468 accurate
1643 425 1707 466 ac
1734 410 1972 467 breviter

2092 408 2288 481 ι’χολῆς,
2309 407 2587 480 συντόμως
2607 409 2698 462 καὶ
2724 407 2906 478 σαφῶς
2927 402 3366 476 ἀπαγγελοῦμεν,
3385 405 3474 459 καὶ
3493 406 3666 477 ἀφορ-

388 529 703 586 exponam;
752 518 806 567 et
850 509 918 564 ad
950 522 1068 564 eam
1100 504 1447 562 refutandam
1490 503 1684 558 idonea
1719 517 1837 575 .pro
1871 501 1978 558 mei

402 614 592 679 captus
617 602 913 674 exiguitate
939 605 1257 670 argumenta
1285 611 1603 666 suggeram:
1631 594 1830 665 quibus
1857 609 2018 674 quae.

393 694 629 750 .ab-illis
683 691 942 746 dicuntur
987 686 1322 758 perabsurda
1374 685 1706 754 minimeque
1763 683 1978 738 veritati

406 790 774 838 consentanea
820 794 943 834 esse
987 775 1470 838 demonstrabitur,
1523 774 1743 830 tametsi
1798 790 1980 845 neque

407 873 628 944 scriptis
661 871 958 942 quidquam
997 868 1319 923 elucubrare
1358 868 1759 930 consucverim,
1804 882 1980 936 neque

409 966 625 1021 dicendi
651 965 773 1019 sita
802 978 887 1017 me
917 962 1146 1016 facultas
1173 959 1564 1015 exercitatione
1585 961 1832 1029 quresita.
1873 958 1980 1014 Sed

398 1071 498 1112 .me
531 1055 770 1111 charitas
808 1054 1079 1116 hortatur,
1128 1058 1186 1105 ut
1224 1065 1288 1104 ea
1334 1050 1432 1104 tibi
1479 1051 1699 1119 tuisque
1727 1050 1982 1119 dogmata

395 1146 766 1220 patefaciant,
823 1159 946 1216 quae
989 1143 1056 1198 ad
1102 1144 1251 1198 hunc
1293 1142 1564 1196 occultata
1607 1142 1751 1197 diem
1797 1142 1982 1197 divina

407 1242 567 1298 modo
588 1239 759 1310 gratia
781 1243 1028 1309 prompta
1050 1237 1303 1292 omnibus
1327 1242 1624 1305 apertaque
1647 1243 1792 1290 sunt.
1830 1233 1880 1288 Ν
1888 1235 1982 1289 ihit

391 1334 545 1386 enim
574 1340 649 1385 est
681 1329 964 1386 occultum,
1000 1323 1138 1396 quod
1169 1341 1272 1378 non
1299 1323 1580 1389 reveletur,
1615 1335 1666 1378 et
1698 1323 1983 1380 abscondi-

393 1435 540 1486 !mm,
575 1422 712 1492 quod
749 1438 853 1475 non
877 1420 1084 1474 sciatur
1101 1417 1141 1472 ¹.
1861 1481 1866 1485 _

481 1513 549 1568 X.
575 1515 864 1568 Enimvero
880 1512 1014 1566 nihil
1032 1510 1137 1566 erit
1153 1524 1253 1564 cur
1276 1523 1305 1562 a
1327 1507 1505 1571 nobis,
1523 1508 1615 1579 qui
1641 1509 1781 1564 inter
1801 1507 1984 1564 Gallos

392 1604 674 1675 «legimus,
707 1610 870 1673 atque
890 1603 942 1657 in
959 1603 1205 1658 barbara:
1224 1601 1422 1671 lingua:
1443 1599 1796 1656 meditatione
1813 1601 1986 1670 pluri-

397 1710 559 1750 :mum
593 1695 844 1766 occupati
887 1709 1096 1757 sumus,
1119 1694 1414 1748 oratoriam
1431 1693 1617 1763 exigas
1644 1692 1979 1756 facultatem,

2083 502 2188 572 μάς
2233 499 2474 570 δώσομεν
2512 501 2648 556 κατά
2689 501 2788 574 τὴν
2832 500 3102 571 ἡμετέραν
3138 497 3481 569 μετριότητα,
3518 497 3656 568 πρὸς

2079 593 2139 646 τὸ
2168 593 2494 663 ἀνατρέπειν
2540 592 2729 663 αὐτὴν,
2783 591 3046 644 ἀλλόκοτα
3093 592 3186 644 καὶ
3233 589 3550 658 ἀνάρμοστα
3589 590 3657 659 τῇ

2079 685 2305 758 ἀληθείᾳ
2342 684 2739 748 ἐπιδεικνύντες
2769 683 2836 736 τὰ
2868 683 2958 736 ὑπ’
2993 681 3172 735 αὐτῶν
3198 681 3483 751 λεγόμενα,
3518 681 3658 751 μήτε

2082 778 2416 850 συγγράφειν
2459 777 2771 848 εἰθισμένοι,
2809 777 2948 847 μήτε
2983 775 3155 843 λόγων
3190 774 3383 842 τέχνην
3416 772 3660 842 ἠσκηκό-

2079 886 2167 933 τες
2189 888 2202 900 ·
2233 871 2451 940 ἀγάπης
2474 869 2530 922 δὲ
2552 869 2695 940 ἡμᾶς
2727 866 3175 939 προτρεπομένης
3209 863 3288 916 σοί
3318 881 3374 916 τε
3402 863 3494 916 καὶ
3516 864 3661 916 πᾶσι

2079 963 2194 1024 τοῖς
2222 961 2359 1031 μετὰ
2383 957 2474 1012 σοῦ
2502 959 2736 1030 μηνῦσαι
2756 959 2824 1011 τά
2851 957 3008 1028 μέχρι
3037 955 3133 1020 μὲν
3156 954 3250 1009 νῦν
3272 953 3654 1024 κεκρυμμένα,

2081 1052 2182 1123 ἤδη
2204 1051 2261 1104 δὲ
2287 1049 2427 1104 κατὰ
2455 1051 2552 1120 τὴν
2581 1050 2738 1120 χάριν
2775 1047 2868 1101 τοῦ
2900 1046 3035 1100 Θεοῦ
3071 1049 3150 1109 είς
3199 1045 3429 1116 φανερὸν
3458 1045 3654 1115 ἐληλυ-

2084 1142 2212 1196 θότα
2251 1143 2573 1212 διδάγματα.
2635 1139 2824 1193 Οὐδὲν
2859 1142 2968 1208 γάρ
3006 1138 3139 1191 ἐστι
3183 1135 3659 1205 κεκαλυμμένον,

2083 1232 2115 1287 ὃ
2144 1234 2253 1287 οὐκ
2282 1229 2872 1300 ἀποκαλυφθήσεται,
2891 1229 2987 1282 καὶ
3015 1225 3301 1296 κρυπτὸν,
3341 1225 3372 1279 ὃ
3413 1227 3486 1279 οὑ
3509 1243 3662 1295 γνω-

2082 1325 2392 1392 σθήσεται.

2155 1501 2209 1558 Ι’.
2240 1498 2357 1556 Οὐκ
2389 1497 2740 1570 ὲπιζητήσεις
2760 1497 2816 1550 δὲ
2849 1499 2979 1568 παρ’
3003 1497 3158 1567 ήμῶν
3178 1497 3289 1570 (70)
3313 1500 3419 1553 τῶν
3443 1501 3501 1554 ἐν
3523 1501 3661 1554 Κελ-

2084 1594 2196 1656 τοῖς
2226 1591 2628 1664 διατριϐόντων,
2678 1589 2770 1641 καὶ
2814 1588 2941 1658 περὶ
2986 1587 3259 1660 βάρϐαρον
3300 1591 3574 1646 διάλεκτον
3602 1593 3664 1644 τὸ

2086 1685 2334 1739 πλεῖστον
2367 1680 2774 1764 ἀσχολουμένων
2803 1679 2976 1748 λόγων
3011 1680 3230 1752 τέχνην,
3282 1684 3349 1754 ἣν
3389 1685 3488 1737 οὐκ
3525 1686 3664 1755 ἐμά-

410 1801 574 1856 quam
593 1755 872 1856 nunquam
891 1784 1180 1840 didicimus
1196 1801 1211 1851 ;
1226 1798 1403 1852 neque
1424 1783 1694 1838 scribendi
1713 1784 1981 1853 peritiam,

2092 1780 2270 1850 θομεν,
2297 1777 2420 1831 οὔτε
2442 1757 2670 1847 δύναμιν
2693 1773 3074 1844 συγγραφέως,
3101 1775 3169 1845 ἣν
3194 1776 3294 1829 οὐκ
3317 1777 3661 1849 ἠσκήσαμεν,

399 1879 502 1933 cui
521 1892 798 1946 nunquam
819 1876 1155 1942 studuimus;
1182 1890 1358 1945 neque
1374 1875 1630 1930 dictionis
1644 1883 1891 1930 ornatum
1922 1891 1986 1931 ac

405 1968 620 2032 'fucum,
653 1982 817 2038 quem
841 1968 1058 2037 penitus
1079 1967 1416 2038 ignoramus.
1444 1966 1584 2033 Quin
1613 1968 1791 2038 potius
1821 1982 1984 2038 quaea

415 2059 573 2114 nobis
609 2057 948 2127 simpliciter,
966 2072 1030 2112 ac
1059 2073 1186 2113 vere
1212 2057 1531 2126 vulgar-ique
1559 2073 1812 2114 sermone
1837 2063 1900 2115 ad
1934 2069 1987 2118 te

419 2164 489 2204 ex
511 2147 777 2204 cbaritate
798 2148 1138 2213 scribuntur,
1182 2164 1247 2204 ea
1278 2165 1344 2204 ex
1392 2149 1664 2204 charitate
1696 2153 1985 2221 suscipies,

417 2247 584 2310 atque
625 2246 815 2309 utpote
855 2240 1028 2311 magis
1062 2240 1126 2294 ad
1157 2240 1210 2294 id
1253 2241 1614 2310 praestandum
1635 2243 1882 2307 idoneus,
1907 2247 1988 2301 sic

415 2336 679 2400 tanquam
708 2328 916 2384 semina
933 2329 1180 2399 quaedam
1207 2337 1260 2384 et
1283 2331 1436 2384 initia
1459 2346 1488 2384 a
1511 2331 1670 2388 nobis
1687 2338 1985 2404 acceperis,

407 2435 556 2478 nova
589 2419 732 2490 apud
773 2427 829 2475 te
857 2420 1174 2476 accessione
1216 2420 1575 2490 locupletiora
1617 2422 1805 2489 facies,
1845 2434 1899 2482 et
1934 2429 1988 2482 in

409 2512 615 2568 mentis
643 2519 751 2567 tua:
775 2512 1074 2581 spatiosum
1103 2512 1285 2568 sinum
1310 2514 1610 2581 recondita,
1645 2533 1765 2587 qua:
1799 2520 1988 2590 paucis

412 2616 449 2655 :a
475 2617 562 2657 me
589 2602 878 2671 perstricta
909 2609 1060 2666 sunt,
1085 2601 1338 2656 uberiore
1365 2601 1542 2658 fructu
1573 2609 1988 2676 compensabis:

408 2705 486 2745 .ac
508 2690 749 2761 denique
775 2690 1041 2761 quidquid
1084 2706 1115 2744 a
1147 2706 1232 2746 me
1263 2706 1453 2761 parum
1492 2695 1721 2750 viriliter
1749 2699 1994 2768 explica-
2023 2707 2033 2716 ‘

410 2787 535 2834 'tum
560 2778 744 2844 fuerit,
769 2780 911 2850 apud
931 2787 1055 2835 tuos
1069 2776 1296 2835 nervose
1322 2779 1639 2853 fortiterque
1661 2782 1987 2856 disputabis.

419 2871 596 2942 Atque
627 2879 685 2926 ut
714 2887 811 2944 ego
838 2871 933 2927 tibi
963 2873 1180 2927 illorum
1212 2875 1534 2928 sententiam
1561 2877 1867 2945 perdiscere
1896 2895 1994 2935 cu-

412 2962 611 3032 pienti,
647 2979 756 3018 non
797 2977 915 3018 eam
955 2963 1117 3017 modo
1149 2961 1430 3018 declarare
1463 2965 1667 3033 studui,
1709 2969 1866 3040 175
1896 2972 1992 3026 sed

2085 1869 2208 1924 οὔτε
2242 1866 2624 1939 καλλωπισμὸν
2653 1867 2870 1934 λέξεων,
2905 1865 3026 1919 οὔτε
3061 1865 3417 1939 πιθανότητα,
3467 1869 3534 1937 ἣν
3562 1869 3664 1922 ούκ

2085 1961 2322 2033 οἴδαμεν.
2373 1960 2532 2014 Ἀλλά
2561 1959 2747 2023 ἁπλῶς
2774 1958 2868 2014 καὶ
2911 1961 3123 2031 ἀληθῶς
3152 1964 3246 2016 καὶ⁹
3283 1959 3563 2025 ἰδιωτικῶς
3595 1961 3666 2014 τά

2091 2056 2228 2128 μετά
2256 2055 2477 2124 ἀγάπης
2514 2070 2594 2135 cpt
2624 2053 2921 2123 γραφέντα,
2969 2050 3106 2118 μετά
3149 2051 3369 2122 ἀγάπης
3399 2052 3462 2106 σὺ
3494 2069 3666 2122 προσ-

2087 2148 2230 2219 δέξῃ,
2254 2148 2347 2201 καὶ
2368 2145 2528 2208 αὐτὸς
2551 2145 2805 2213 αὐξήσεις
2832 2142 2971 2198 αύτά
2992 2143 3141 2215 παρὰ
3168 2142 3396 2214 σεαυτῷ,
3421 2143 3516 2197 ac;
3545 2145 3664 2198 ικα-

2088 2239 2316 2309 νώτερος
2343 2236 2498 2308 ήμῶν
2532 2234 2833 2304 τυγχάνων,
2870 2235 3031 2288 οἱονεὶ
3066 2233 3353 2306 σπέρματα
3369 2235 3463 2287 καὶ
3491 2235 3666 2306 ἀρχὰς

2088 2329 2264 2384 λαϐὼν
2283 2345 2359 2381 πα
2367 2329 2410 2399 ρ’
2424 2325 2601 2398 ἡμῶν,
2615 2326 2707 2377 καὶ
2718 2324 2875 2395 ,ὲνζτῷ
2891 2325 3081 2378 πλάτει
3100 2341 3193 2377 σου
3211 2324 3301 2376 τοῦ
3316 2323 3406 2378 νοῦ
3421 2324 3512 2378 ἐπὶ
3530 2325 3665 2378 πολὺ

2090 2420 2533 2491 καρποφορήσεις
2553 2415 2621 2469 τά
2644 2415 2712 2468 δι’
2738 2414 2934 2483 ὀλίγων
2957 2407 3044 2482 ὑφ’
3075 2413 3230 2484 ἡμῶν
3259 2412 3541 2484 εἰρημένα,
3573 2415 3668 2466 καὶ

2089 2509 2329 2574 δυνατῶς
2352 2507 2726 2581 παραστήσεις
2765 2509 2876 2568 τοῖς
2909 2505 3045 2575 μετά
3076 2504 3167 2557 σοῦ
3212 2503 3280 2557 τὰ
3311 2503 3549 2567 ἀσθενῶς
3574 2506 3666 2574 ὑφ’

2090 2602 2246 2675 ἡμῶν
2275 2598 2677 2672 ἐπηγγελμένα.
2732 2599 2842 2650 Καὶ
2879 2597 2952 2660 ὠς
2986 2598 3144 2668 ἡμεῖς
3176 2586 3663 2667 ὲφιλοτιμήθημεν,

2090 2696 2256 2752 πάλαι
2285 2691 2573 2764 ζητοῦντός
2616 2706 2710 2743 σου
2762 2688 2952 2760 μαθεῖν
2985 2687 3082 2758 τὴν
3112 2686 3337 2758 γνώμην
3365 2688 3562 2754 αὐτῶν,
3591 2689 3670 2759 μὴ

2095 2789 2254 2859 μόνον
2302 2803 2384 2838 σοι
2419 2783 2638 2853 ποιῆσαι
2668 2779 2922 2850 φανερὰν,
2977 2778 3110 2833 ἀλλὰ
3141 2779 3232 2832 καὶ
3270 2781 3456 2849 ἐφόδια
3485 2781 3671 2834 δοῦναι

2093 2878 2229 2950 πρὸς
2256 2877 2315 2930 τὺ
2351 2873 2707 2928 ἐπιδεικνύειν
2735 2871 2903 2943 αὐτὴν
2949 2870 3146 2942 ψευδῆ·
3202 2870 3346 2925 οὕτω
3382 2871 3438 2924 δὲ
3469 2872 3567 2925 καὶ
3602 2873 3672 2926 σὺ

2093 2969 2384 3041 φιλοτίμως
2411 2969 2524 3029 τοῖς
2562 2965 2766 3026 λοιποῖς
2797 2963 3158 3034 διακονήσεις,
3187 2963 3329 3017 κατά
3365 2964 3464 3035 τὴν
3506 2963 3674 3034 χάριν

419 3052 614 3108 idonea
645 3045 863 3122 quoque
895 3053 1148 3122 praesidia
1177 3053 1241 3107 ad
1273 3054 1418 3107 illam
1449 3057 1875 3114 convincendam
1909 3071 1992 3116 at-

2093 3063 2192 3134 τὴν
2222 3060 2359 3132 πρὸς
2388 3058 2480 3112 τοῦ
2499 3056 2703 3129 Κυρίου
2730 3072 2811 3108 σοι
2834 3055 3144 3125 δεδομένην,
3170 3058 3249 3118 είς
3269 3055 3329 3108 τὸ
3355 3056 3551 3126 μηκέτι
3568 3074 3673 3108 πα-

419 3142 549 3197 tuli:
602 3143 676 3198 ita
729 3151 784 3198 et
824 3151 883 3198 tu
913 3158 1011 3214 pro
1040 3157 1102 3198 ea
1131 3158 1253 3212 qua:
1280 3151 1456 3199 tecum
1493 3160 1524 3198 a
1554 3145 1664 3202 Deo
1687 3154 1992 3207 communi-

407 3243 542 3292 ecata
575 3235 748 3304 gratia
784 3243 887 3299 est,
926 3241 1248 3289 caeterorum
1303 3236 1548 3305 impense
1594 3241 1900 3299 rationibus
1938 3255 1992 3302 et

2103 3152 2428 3226 ρασύρεσθαι
2447 3149 2572 3212 τοὺς
2597 3147 2914 3217 ἀνθρώπους
2941 3146 3045 3200 ὑπὸ
3074 3148 3178 3217 τῆς
3203 3145 3424 3200 ἐκείνων
3451 3146 3672 3200 πιθανο-

2097 3246 2280 3316 λογίας
2308 3243 2472 3312 οὔσης
2501 3239 2777 3308 τοιαύτης

414 3329 637 3384 utilitati
664 3327 888 3392 servies,
909 3344 976 3383 ne
1003 3328 1055 3381 in
1075 3336 1350 3397 posterum
1373 3331 1660 3402 quisquam
1685 3335 1879 3392 blanda
1898 3342 2111 3410 illorum
2138 3340 2383 3399 oratione
2397 3339 2662 3408 capiatur.
2683 3335 2815 3401 Quae
2844 3333 2898 3388 in
2919 3333 3066 3390 hunc
3087 3335 3448 3402 modumsese
3471 3336 3631 3392 habet
3653 3352 3672 3388 Δε

487 3419 767 3493 Principio
807 3423 861 3476 in
889 3423 1314 3478 sublimitatibus
1344 3425 1472 3492 illis,
1521 3444 1642 3498 quae
1671 3446 1846 3501 neque
1870 3437 1996 3493 visu

413 3515 649 3585 .percipi,
697 3529 873 3584 neque
912 3514 1278 3584 appellatione
1307 3515 1414 3570 ulla
1443 3521 1829 3589 comprehendi
1863 3541 1992 3596 pos-

422 3613 576 3670 sunt,
612 3605 913 3676 perfectum
941 3606 1116 3661 inesse
1144 3607 1435 3676 quemdam
1461 3608 1694 3667 IEonem
1718 3629 1993 3686 asserunt,

415 3711 587 3766 .qucm
620 3701 675 3750 et
710 3695 944 3765 primum
990 3693 1297 3760 Parentem,
1329 3705 1384 3750 et
1410 3696 1646 3768 Bytbum
1686 3705 1995 3763 nominant.

417 3781 584 3838 Hunc
623 3799 746 3838 cum
789 3783 938 3837 nullo
991 3784 1111 3838 loco
1141 3785 1408 3841 contineri
1449 3803 1550 3842 nec
1588 3791 1759 3847 videri
1791 3805 1993 3864 posset,

423 3873 812 3944 sempiternum
845 3889 947 3929 nec
975 3875 1214 3946 genitum
1245 3876 1300 3930 in
1335 3878 1517 3946 quiete
1540 3887 1704 3950 atque
1735 3884 1848 3939 otio
1875 3885 1999 3940 infi-

427 3967 558 4021 nitis
598 3980 980 4036 perseverasse
1043 3967 1281 4023 saeculis.
1324 3969 1570 4035 Quocum
1607 3971 1866 4028 Ennoeam
1899 3991 1997 4030 ex-

424 4056 633 4112 stitisse
657 4057 881 4127 pariter,
909 4071 1074 4126 quam
1105 4056 1198 4111 isti
1229 4057 1472 4112 Gratiam
1497 4075 1562 4115 ac
1583 4061 1748 4132 Sigen
1779 4067 1997 4120 voca’nt.

418 4151 504 4200 .Ac
520 4145 690 4201 fuisse
705 4154 920 4215 tempus
939 4146 1253 4215 aliquando,
1275 4162 1398 4201 cum
1419 4149 1626 4219 Bythus
1645 4151 1733 4206 ille
1753 4153 1998 4208 omnium

415 4251 494 4290 ex
529 4250 651 4290 sese
681 4235 978 4304 primordia
999 4237 1302 4305 producere
1332 4240 1603 4308 voluerit,
1639 4257 1702 4296 ac
1740 4251 2004 4313 tanquam

428 4324 655 4388 semina,
688 4339 810 4393 quae
836 4324 891 4378 in
916 4324 1076 4396 Sigen
1106 4328 1366 4396 aequalem
1401 4345 1466 4384 ac
1505 4346 1813 4402 comparem
1841 4351 1996 4390 suam

2168 3436 2398 3504 Λέγουσι
2426 3432 2535 3501 γάρ
2557 3428 2678 3484 τινὰ
2699 3426 2838 3482 εἶναι
2861 3429 2918 3482 ἐν
2944 3428 3194 3499 ἀοράτοις
3222 3429 3314 3481 καὶ
3337 3429 3673 3499 ἀκατονομά-

2099 3544 2243 3590 στοις
2265 3524 2519 3595 ύψώμασι
2550 3522 2752 3575 τέλειον
2778 3519 2959 3574 Αίῶνα
2981 3520 3214 3590 προόντα
3233 3535 3248 3550 °
3281 3521 3469 3573 τοῦτον
3490 3521 3547 3573 δὲ
3579 3523 3672 3574 καὶ

2097 3619 2423 3692 Προπάτορα
2439 3618 2481 3679 ¹,
2501 3615 2594 3667 καὶ
2614 3613 2780 3666 Βυθὺν
2799 3613 3074 3666 καλοῦσιν.
3092 3611 3435 3683 Ὑπάρχοντα
3451 3613 3494 3666 δ’
3510 3613 3676 3666 αὐτὸν

2098 3703 2378 3775 ἀχώρητον
2423 3702 2520 3754 καὶ
2565 3701 2814 3771 ἀόρατον,
2853 3700 3025 3753 ἀΐδιόν
3055 3717 3114 3754 τε
3137 3701 3232 3755 καὶ
3264 3701 3579 3773 ἀγέννητον,
3615 3698 3682 3756 ὲν,

2098 3791 2324 3866 ἡσυχίᾳ,
2377 3791 2470 3846 καὶ
2519 3790 2724 3863 ἠρεμίᾳ
2781 3790 2946 3861 πολλῇ
2997 3791 3278 3860 γεγονέναι
3322 3792 3380 3846 ἐν
3427 3793 3677 3864 ἀπείροις

2107 3885 2266 3939 αἰῶσι
2297 3882 2519 3953 χρόνων.
2565 3881 2937 3952 Συνυπάρχειν
2961 3881 3004 3933 δ’
3027 3881 3175 3952 αύτῷ
3197 3883 3293 3936 καὶ
3314 3885 3580 3949 Ἐννοιαν,
3606 3887 3676 3958 ἦν

2101 3975 2166 4046 δὴ
2188 3975 2281 4027 καὶ
2309 3973 2502 4042 Χάριν,
2539 3972 2633 4025 καὶ
2653 3971 2819 4041 Σιγὴν
2847 3970 3171 4041 ὀνομάζουσι
3193 3991 3206 4004 ·
3226 3974 3321 4027 καὶ
3355 3975 3675 4047 ὲννοηθῆναί

2105 4083 2232 4118 ποτε
2256 4066 2350 4132 ἀφ’
2379 4063 2571 4116 ἑαυτοῦ
2597 4062 2961 4133 προϐαλέσθαι
2987 4064 3078 4118 τὸν
3101 4064 3268 4119 Βυθὺν
3289 4065 3477 4120 τοῦτον
3498 4069 3676 4140 ἀρχὴν

2103 4155 2210 4208 τῶν
2235 4154 2474 4212 πάντων,
2499 4152 2592 4205 καὶ
2619 4151 2868 4222 καθάπερ
2892 4152 3111 4224 σπέρμα
3133 4153 3231 4224 τὴν
3254 4155 3520 4227 προϐολὴν
3544 4158 3677 4210 ταύ-

2103 4262 2222 4316 την,
2265 4243 2331 4315 ἥν
2362 4243 2724 4314 προϐαλέσθαι
2757 4243 3030 4314 ἐνενοήθη,
3069 4245 3164 4297 καὶ
3204 4245 3486 4313 καθέσθαι,
3513 4249 3589 4312 ὡς
3615 4251 3690 4302 ὲν·

2107 4335 2289 4405 μήτρᾳ
2321 4334 2454 4404 (71),
2495 4335 2562 4403 τῇ
2604 4332 3018 4405 συνυπαρχούσῃ
3051 4335 3230 4406 ἑαυτῷ
3263 4337 3417 4407 Σιγῇ.
3454 4338 3676 4410 Ταύτην

417 4414 588 4483 ,quasi
623 4414 905 4469 matricem
940 4414 1160 4471 infudit.
1199 4417 1329 4471 Eam
1362 4435 1526 4490 porro
1554 4425 1762 4482 semine
1787 4427 1880 4481 illo
1903 4444 1992 4483 cx-

2102 4423 2157 4476 δὲ
2189 4423 2588 4494 ὑποδεξαμένην
2615 4422 2675 4475 τὸ
2700 4423 2921 4493 σπέρμα
2949 4423 3124 4487 τοῦτο,
3160 4425 3250 4478 καὶ
3283 4422 3558 4498 ἐγκύμονα
3582 4446 3677 4498 γερ

417 4507 584 4575 cep'to
617 4506 918 4576 gravidam,
946 4510 1164 4564 demum
1197 4510 1431 4566 similem
1461 4514 1692 4583 genitori
1718 4519 2000 4587 suo,Nun,

425 4598 800 4668 mqualemque
830 4599 1125 4670 peperisse,
1158 4602 1250 4671 qui
1283 4602 1433 4658 solus
1450 4603 1703 4663 Parentis
1732 4611 2005 4679 magnitu-

419 4687 606 4743 dinem
630 4698 868 4760 caperet.
900 4689 1161 4747 Eumdem
1181 4691 1303 4747 Nun
1320 4695 1480 4749 etiam
1503 4695 1802 4768 Unigenam
1825 4703 2003 4756 nomi—

427 4787 579 4844 nant,
623 4791 676 4835 et
722 4780 959 4847 Patrem,
1013 4791 1068 4838 et
1110 4782 1446 4856 Principium
1485 4802 1668 4843 rerum
1713 4793 2002 4859 omnium;

427 4887 660 4941 quocum
693 4889 799 4928 una
833 4882 1119 4944 procreata
1150 4877 1222 4931 sit
1253 4875 1491 4934 Veritas.
1554 4880 1707 4936 llanc
1735 4897 1857 4938 esse
1887 4885 2002 4953 pri-

427 4978 569 5016 uiam
589 4977 651 5018 ac
671 4964 966 5035 principem
994 4966 1144 5020 illam
1160 4966 1638 5040 Pythagoreorum
1659 4972 2001 5043 quadrigam,

425 5071 586 5125 quam
610 5065 663 5112 et
679 5057 1055 5113 universorum
1081 5058 1319 5114 radicem
1343 5061 1633 5130 appellant.
1660 5063 1799 5116 Sunt
1820 5071 1999 5118 autem

426 5147 630 5220 Bytlius
661 5163 723 5202 ac
751 5148 910 5218 Sige;
961 5159 1075 5204 tum
1108 5148 1222 5204 Nus
1265 5165 1328 5204 ac
1364 5148 1600 5205 Veritas.
1635 5150 1846 5217 Postea,
1874 5168 1998 5208 cum

429 5236 625 5306 quibus
651 5235 716 5290 de
731 5237 919 5292 causis
935 5238 1240 5306 productus
1266 5247 1412 5293 esset
1442 5237 1688 5310 Uuigena
1707 5240 1994 5306 sensisset,

2099 4515 2329 4585 νομένην
2357 4515 2668 4585 ἀποκυῆσαι
2701 4514 3054 4585 Νοῦν,ὅμοιόν
3084 4533 3145 4570 τε
3171 4517 3264 4571 καὶ
3292 4517 3404 4571 ἴσον
3435 4519 3514 4590 τῷ
3541 4539 3676 4592 προ-

2100 4605 2332 4668 ϐαλόντι,
2369 4605 2462 4658 καὶ
2493 4605 2652 4674 μόνον
2679 4605 2956 4676 χωροῦντα
2982 4607 3043 4660 τὸ
3074 4609 3301 4678 μέγεθος
3322 4609 3416 4663 τοῦ
3440 4611 3672 4680 Πατρός.

2100 4696 2202 4748 Τὸν
2245 4694 2302 4748 δὲ
2333 4693 2476 4749 Νοῦν
2508 4695 2695 4749 τοῦτον
2738 4697 2828 4749 καὶ
2855 4697 3129 4767 Μονογενῆ
3162 4697 3407 4764 καλοῦσι,
3443 4702 3535 4754 καὶ
3562 4703 3676 4754 Πα-

2097 4786 2251 4856 τέρα,
2285 4786 2380 4838 καὶ
2421 4787 2617 4858 Ἀρχὴν
2646 4788 2752 4841 τῶν
2783 4788 3029 4842 πάντων·
3073 4791 3588 4861 συμπροϐεϐλῆσθαι
3617 4795 3674 4850 δὲ

2097 4877 2242 4949 αὐτῷ
2259 4877 2557 4948 Ἀλήθειαν.
2577 4880 2684 4932 Καὶ
2701 4878 2838 4932 εἶναι
2859 4881 3060 4950 ταύτην
3090 4865 3304 4950 πρῶτον
3325 4882 3346 4913 ³
3397 4884 3491 4935 καὶ
3509 4884 3676 4954 ἀρχέ-

2099 4986 2253 5037 γονον
2297 4969 2676 5043 Πυθαγορικὴν
2731 4971 3064 5041 τετρακτὺν,
3118 4973 3184 5042 ἢν
3229 4973 3322 5026 καὶ
3367 4973 3522 5043 ῥίζαν
3563 4975 3675 5027 τῶν

2099 5059 2315 5113 πάντων
2336 5041 2614 5113 καλοῦσιν.
2667 5061 2823 5114 Ἔστι
2851 5060 2957 5133 γὰρ
2983 5041 3151 5126 Βυοδξ
3176 5064 3268 5117 καὶ
3295 5041 3455 5133 Σιγὴ,
3483 5063 3676 5117 ἔπειτα

2097 5151 2241 5214 Νοῦς
2268 5151 2360 5204 καὶ
2391 5151 2665 5223 Ἀλήθεια.
2701 5153 3033 5225 Αἰσιθόμενόν
3053 5171 3112 5206 τε
3135 5155 3225 5212 τὸν
3247 5156 3527 5224 Μονογενῆ
3546 5155 3678 5208 τοῦ-ο

2096 5260 2186 5296 τον
2219 5243 2304 5312 ἐφ’
2343 5239 2423 5308 οἷς
2464 5244 2795 5316 προεϐλήθη,
2836 5246 3128 5316 προϐαλεῖν
3173 5245 3266 5300 καὶ
3315 5246 3478 5298 αὑτὸν
3503 5246 3675 5314 Λόγον

454 5411 482 5444 ’⁸
519 5411 707 5467 Matth.
741 5427 797 5478 ι,
831 5411 921 5468 26.
997 5415 1017 5444 ²
1042 5413 1182 5471 l—rcn.
1212 5416 1304 5468 καί
1329 5417 1629 5489 προαρχὴν,
1661 5418 1773 5472 καί.
1842 5419 1862 5451 ³
1885 5421 1967 5474 An
1997 5418 2256 5493 πρώτηνῖ

503 5593 607 5662 ΠΟ)
649 5595 771 5648 Οὐκ
806 5595 1178 5669 ἐπι-ζητήσεις
1207 5597 1282 5669 δὲ-
1309 5600 1444 5665 παρ’
1471 5598 1654 5667 ἡμῶν.
1684 5599 1838 5664 Quod
1867 5616 1990 5669 per-

2094 5603 2218 5658 cod.
2253 5607 2578 5660 auctoritate
2614 5607 2958 5661 sustulimus.

427 5677 610 5722 peram
645 5672 798 5719 antea
830 5666 1050 5736 Δέλφοις
1070 5682 1169 5736 pro
1194 5667 1413 5732 Κελτοῖς
1438 5666 1735 5738 legebatur,
1755 5687 1818 5726 ex
1847 5666 1978 5743 Reg.

2162 5675 2266 5744 (71)
2316 5677 2419 5730 Καὶ
2463 5677 2747 5733 καθέσθαι
2786 5679 2866 5743 ὠς
2898 5678 3203 5748 ἑνμήτρῃ.
3249 5678 3498 5752 Ενριιηε.
3547 5679 3667 5741 καί.
