4018 6110
470 257 574 314 ἰεθὸ

1849 266 1907 323 S.
1950 268 2293 326 EPIPHANII

3620 290 3731 347 ‘96

460 375 639 431 fanda
671 388 982 447 arcanaque
1017 378 1304 448 mysteria,
1345 395 1506 450 quem
1538 396 1697 437 suum
1732 385 1897 440 veluti
1928 386 2014 441 {ru

2117 388 2304 460 ηὼρῶν
2332 390 2459 454 τοὺς
2487 391 2697 457 Αἰῶνας
2743 396 3087 468 μεμηνῦσθαι
3132 398 3380 454 θέλουσν
3436 401 3532 456 καὶ
3567 403 3731 460 ταῦτ’

466 472 614 518 ctum
640 463 957 535 proferunt;
990 481 1055 520 ac
1078 469 1124 522 si
1153 469 1286 538 quid
1309 469 1455 524 aliud
1480 478 1586 537 est,
1613 472 1760 542 quod
1784 474 1837 527 in
1872 476 2044 532 sacris

466 554 684 610 Litteris
702 562 852 611 certo
869 571 1097 613 numero
1116 560 1571 630 comprehensum
1590 564 1654 617 ad
1676 562 1883 620 lutilem
1895 581 2043 622 com-

458 644 873 718 mentitiamque
905 648 1144 705 fabulam
1177 654 1582 709 accommodari
1610 656 1803 726 possit.

490 817 584 874 X1.
603 819 787 877 Hisita
799 827 1373 898 constitutis,primum
1387 829 1829 888 illumParentem
1842 833 2041 890 abUni-

456 925 596 980 gena
612 914 750 980 solo,
771 932 931 986 quem
949 918 996 973 is
1012 920 1291 988 produxit,
1317 920 1411 990 qui
1442 920 1583 975 idem
1601 931 1656 977 et
1683 920 1798 979 Nus
1812 924 2033 991 dicitur,

457 1007 713 1074 cognosci
733 1008 1004 1068 deﬁniunt
1022 1028 1039 1077 ι
1058 1010 1126 1065 ab
1144 1012 1370 1081 reliquis
1386 1013 1641 1069 omnibus
1665 1030 1841 1086 neque
1864 1016 2034 1072 videri
2054 1064 2074 1074 -

460 1108 643 1163 posse,
681 1114 860 1169 neque
892 1100 1075 1156 animo
1116 1102 1584 1175 intelligentiaque
1620 1108 2031 1177 comprehendi.

444 1186 820 1253 Quamobrem
845 1207 971 1247 cum
1003 1191 1255 1249 Parentis
1293 1199 1754 1267 contemplatione
1784 1215 1908 1255 sese
1946 1202 2035 1257 ille

438 1295 599 1335 unus
629 1282 946 1349 oblectaret,
984 1293 1146 1356 atque
1182 1287 1445 1343 immensa
1477 1288 1623 1347 illius
1658 1294 2034 1362 magnitudine

454 1372 835 1441 cognoscenda
860 1374 1208 1429 vehementer
1233 1377 1555 1444 exsultaret,
1603 1383 1865 1439 statuisse
1907 1387 2034 1440 reli-

451 1462 576 1541 quis
590 1461 860 1520 IEonibus
874 1462 1124 1521 Parentis
1142 1468 1356 1537 aperire
1373 1469 1804 1540 magnitudinem
1821 1492 1836 1540 ;
1851 1491 2030 1546 quan-

446 1557 540 1603 tus
567 1548 675 1615 hic,
716 1566 991 1622 quamque
1022 1553 1364 1611 admirabilis
1394 1556 1565 1625 foret;
1602 1548 1771 1631 utque
1795 1573 1849 1618 et
1881 1567 2031 1635 prin-

448 1638 593 1709 cipio
634 1650 868 1709 eareret,
908 1651 962 1696 et
1007 1643 1157 1696 nullo
1192 1646 1372 1713 spatio
1440 1663 1503 1701 ac
1547 1652 1861 1720 cognitione
1908 1657 2030 1726 capi

2145 474 2282 533 εἶναι
2314 480 2382 533 τά
2406 483 2618 553 μεγάλα
2639 487 2733 539 καὶ
2753 487 3044 559 θαυμαστὰ
3073 490 3168 543 καὶ
3201 492 3489 563 ἀπόρρητα
3519 496 3730 568 μυστή-

2145 587 2258 645 ρια,
2310 572 2345 627 θ.
2387 575 2830 646 καρποφοροῦσιν
2867 579 3042 639 αὐτοὶ,
3092 582 3185 634 καὶ
3224 582 3278 635 εἷ
3314 582 3418 636 πού
3449 601 3501 638 τι
3534 586 3642 640 τῶν
3665 590 3730 643 ἐν

2143 663 2337 734 πλήθει
2378 667 2685 738 εἰρημένων
2724 670 2782 723 ἐν
2820 673 2939 734 ταῖς
2973 671 3222 743 Γραφαῖς
3255 674 3507 748 δυνηθείη
3549 693 3725 750 προσ-

2142 752 2400 823 αρμόσαι,
2431 756 2524 809 καὶ
2549 757 2765 812 εἰκάσαι
2793 758 2870 830 τῷ
2903 760 3181 831 πλάσματι
3218 764 3418 819 αὐτῶν.

2204 844 2305 897 IA’.
2321 845 2423 899 Τὸν
2438 847 2537 917 μὲν
2551 844 2643 902 οῦν
2655 850 2984 922 Προπάτορα
3000 852 3177 908 αὐτῶν
3192 855 3554 923 γινώσκεσθαι
3573 858 3726 930 μόνῳ

2139 935 2354 1005 λέγουσι
2376 940 2454 1009 τῷ
2485 939 2544 1005 ἐξ
2569 942 2731 995 αὑτοῦ
2755 945 2999 1013 γεγονότι
3020 947 3334 1015 Μονογενεῑ,
3368 948 3614 1003 τουτέστι
3639 952 3725 1022 τῷ

2137 1028 2253 1098 Νῷ,
2281 1033 2398 1093 τοῖς
2436 1031 2493 1084 δὲ
2519 1032 2725 1097 λοιποῖς
2751 1037 2916 1089 πᾶσιν
2940 1038 3170 1108 ἀόρατον
3205 1040 3298 1092 καὶ
3330 1040 3721 1111 ἀκατάληπτον

2138 1119 2421 1191 ὑπάρχειν.
2475 1124 2653 1188 Μόνος
2699 1125 2759 1178 δέ
2805 1130 2834 1180 ό
2874 1127 3018 1191 Νοῦς
3056 1130 3178 1183 κατ’
3219 1132 3419 1196 αὐτοὺς
3456 1133 3722 1205 ἐτέρπετο

2137 1209 2355 1282 θεωρῶν
2399 1213 2489 1267 τὸν
2520 1206 2759 1289 Πατέρα,
2809 1219 2902 1272 καὶ
2940 1220 3000 1274 τὸ
3042 1221 3271 1292 μέγεθος
3314 1223 3375 1276 τὸ
3407 1224 3721 1299 ἀμέτρητον

2135 1302 2300 1356 αὑτοῦ
2349 1308 2648 1374 κατανοῶν,
2703 1310 2989 1380 ἠγάλλετο,
3039 1314 3133 1368 καὶ
3172 1314 3427 1371 διενοεῖτο
3466 1320 3561 1372 καὶ
3603 1323 3720 1385 τοῖς

2133 1390 2338 1458 λοιποῖς
2372 1395 2573 1450 Αἰῶσιν
2610 1399 3078 1456 ἀνακοινώσασθαι
3119 1405 3179 1457 τὸ
3215 1405 3443 1475 μέγεθος
3480 1408 3575 1461 τοῦ
3601 1410 3720 1462 Πα-

2132 1484 2277 1553 τρδς,
2314 1486 2500 1557 ήλξκος
2526 1507 2589 1543 τε
2611 1492 2704 1546 καὶ
2729 1493 2852 1556 ὅσος
2891 1494 3126 1567 ὑπῆρχε.
3169 1498 3279 1551 Καὶ
3302 1499 3377 1562 ὡς
3394 1495 3461 1571 ἦν
3478 1501 3718 1573 ἄναρχός

2130 1591 2190 1627 τε
2224 1580 2317 1632 καὶ
2350 1581 2654 1653 ἁχώρητος,
2687 1586 2783 1638 καὶ
2806 1589 2867 1639 οὐ
2902 1587 3247 1659 καταληπτδς
3274 1592 3418 1647 ἰδεῖν.
3463 1596 3716 1669 Κατέσχε

2130 1666 2185 1721 δὲ
2211 1670 2373 1724 αὐτὸν
2400 1674 2432 1744 ή
2456 1674 2590 1745 Σιγὴ
2614 1675 2865 1749 βουλήσει
2904 1678 2998 1732 τοῦ
3030 1681 3263 1752 Πατρὸς,
3314 1684 3403 1738 διὰ
3444 1686 3505 1739 τὸ
3533 1666 3717 1742 θέλειν

446 1738 651 1801 posset.
687 1731 793 1789 Sed
839 1733 893 1801 id
932 1751 1042 1805 quo
1071 1735 1253 1792 minus
1290 1747 1594 1808 praestaret,
1641 1741 1803 1813 Sigen
1828 1745 1895 1800 de
1920 1745 2014 1801 Pa-

2421 1731 2432 1744 .
2531 1731 2626 1746 ...
2765 1731 2775 1749 .
2948 1731 2987 1732 κν
3319 1731 3403 1738 --ε
3457 1731 3504 1739 --
3539 1731 3713 1742 --..-.-

2132 1761 2338 1826 πάντας
2376 1766 2573 1830 αὐτοὺς
2599 1769 2679 1831 εις
2722 1767 2931 1824 ἔννοιαν
2973 1773 3065 1825 καὶ
3096 1774 3261 1828 πόθον
3304 1774 3580 1847 ζητήσεως
3615 1782 3715 1835 τεῦ

447 1825 620 1879 rentis
664 1826 997 1894 repressisse
1030 1829 1290 1883 consilio:
1339 1831 1481 1899 quod
1517 1832 1607 1887 ille
1640 1835 1796 1906 177
1820 1836 2024 1895 [lienes

445 1931 645 1990 omnes
669 1918 871 1973 summi
897 1918 964 1973 ad
996 1918 1252 1976 Parentis
1289 1923 1537 1978 notitiam
1578 1926 2025 2000 desideriumque

351 1992 357 2001 ’
444 2003 743 2073 perducere
783 2007 1071 2064 niteretur.
1124 2012 1202 2065 Ac
1231 2012 1413 2069 caeteri
1442 2014 1661 2084 quidem
1688 2032 1757 2072 ex
1781 2018 2021 2075 xEonum

440 2110 602 2166 grege
642 2105 921 2154 auctorem
950 2112 1296 2173 satoremque
1333 2121 1517 2172 suum,
1546 2106 1649 2162 hoc
1680 2117 1765 2165 est
1796 2112 2021 2183 stirpem

441 2187 592 2241 illam
634 2188 984 2262 radicemque
1012 2195 1269 2265 principii
1318 2207 1594 2268 expertem
1626 2203 1826 2265 omnis,
1857 2220 2021 2262 nosse

432 2278 671 2335 comiter
693 2294 759 2336 ac
783 2282 1063 2340 moderate
1102 2287 1419 2356 cupiebant.
1456 2288 1562 2346 Sed
1589 2290 1866 2363 Sapientia
1893 2297 2022 2351 ulti-

436 2385 561 2425 mus
599 2378 843 2444 natuque
876 2376 1137 2433 minimus
1165 2377 1311 2433 ann
1340 2395 1406 2435 ex
1440 2380 1530 2436 illa
1557 2382 1863 2451 Dodecade,
1896 2404 2020 2458 quae

428 2462 505 2516 ab
529 2462 762 2520 Homine
789 2466 1144 2539 Ecclesiaque
1160 2481 1459 2543 propagata
1486 2484 1591 2540 est,
1621 2478 1778 2548 longe
1798 2484 2017 2539 caneris

433 2554 899 2624 intemperantius
918 2573 1040 2615 sese
1061 2561 1279 2616 extulit.
1298 2562 1496 2635 Itaque
1522 2568 1641 2623 sine
1664 2569 1872 2627 Theleti
1894 2588 2018 2630 con-

431 2642 582 2715 jugis
609 2649 957 2717 copulatione
977 2649 1317 2710 affectionem
1345 2657 1401 2711 in
1431 2673 1490 2714 se
1510 2662 1802 2730 quamdam
1830 2681 2017 2723 susce-

434 2735 533 2804 pit,
559 2753 683 2809 qua:
718 2739 774 2795 in
806 2739 987 2798 Mente
1017 2756 1083 2797 ac
1108 2742 1348 2804 Veritate
1376 2758 1555 2822 empta
1583 2754 1757 2823 prius,
1783 2758 1839 2811 in
1872 2758 2012 2815 infe-

434 2830 590 2885 licem
626 2832 776 2886 iltum
810 2840 866 2887 et
917 2835 1262 2893 aberrantem
1293 2839 1524 2898 Eonem
1557 2845 1843 2902 incubuit:
1893 2866 2015 2920 quae

432 2921 613 2990 specie
633 2923 851 2992 quidem
876 2926 1162 2984 charitatis
1188 2933 1449 2999 excitata,
1476 2949 1666 2991 revera
1689 2940 2012 2999 temeritatis

2127 1858 2525 1927 προειρημένου
2544 1860 2897 1934 Προπάτορος
2912 1865 3091 1918 αὐτῶν
3113 1868 3360 1937 ἀγαγεῖν.
3391 1873 3499 1925 Καὶ
3531 1875 3581 1926 οἱ
3611 1876 3715 1945 μὲν

2124 1942 2300 1998 λοιποὶ
2324 1948 2526 2016 ὁμοίως
2555 1949 2762 2015 Αιῶνες
2793 1955 2966 2026 ἡσυχῇ
2996 1969 3114 2021 πως
3141 1959 3440 2015 ἐπεπόθουν
3464 1963 3556 2016 τὸν
3582 1942 3715 2037 προ-

2124 2033 2283 2105 βολέα
2320 2038 2413 2092 τοῦ
2454 2040 2768 2113 σπέρματος
2812 2046 2990 2100 αὐτῶν
3024 2048 3173 2113 ἰδεῖν,
3218 2053 3312 2105 καὶ
3342 2053 3440 2125 τὴν
3467 2033 3707 2127 ἄναρέον

2124 2127 2278 2196 ῥίζαν
2312 2130 2595 2211 ἐπορῆσαι
2615 2151 2628 2165 ’
2663 2136 2933 2207 προήλατο
2969 2139 3023 2193 δὲ
3056 2141 3189 2195 πολὺ
3211 2147 3240 2197 ό
3275 2145 3580 2213 τελευταῖος
3610 2153 3710 2205 καὶ

2121 2219 2385 2287 νεώτατος
2421 2226 2519 2295 τῆς
2547 2228 2855 2292 Δωδεκάδος
2876 2231 2976 2301 τῆς
3012 2233 3115 2286 ὑπὸ
3146 2234 3239 2288 τοῦ
3273 2237 3585 2310 Ἀνθρώπου
3611 2243 3711 2295 καὶ

2118 2310 2217 2381 τῆς
2232 2312 2552 2383 Ἐκκλησίας
2565 2319 2834 2392 προΰεόλη
2844 2322 3496 2401 μένοςΑἰὼν,τουτέστινή
3514 2332 3706 2401 Σοφία.

2119 2403 2230 2456 Καὶ
2257 2403 2424 2458 ἔπαθε
2447 2407 2622 2472 πάθος
2646 2411 2774 2487 ἄνευ
2808 2413 2906 2482 τῆς
2936 2415 3238 2486 ἐπιπλοκῆς
3262 2418 3356 2472 τοῦ
3380 2418 3545 2489 ζυγοῦ
3564 2425 3580 2453 ¹
3605 2424 3705 2477 τοῦ

2118 2491 2352 2564 Θελητοῦ
2373 2512 2385 2526 ο
2432 2497 2461 2550 ὃ
2486 2499 2752 2571 ἐνήρξατο
2792 2504 2893 2575 μὲν
2929 2507 2987 2560 ἐν
3012 2511 3125 2569 τοῖς
3156 2513 3285 2581 περὶ
3312 2512 3403 2566 τὸν
3434 2514 3580 2569 Νοῦν
3605 2519 3704 2572 καὶ

2115 2583 2213 2656 τήν
2237 2586 2543 2659 Ἀλήθειαν,
2584 2594 2868 2666 ἁπέσκηψε
2888 2596 2943 2651 δὲ
2980 2600 3064 2664 εἰς
3088 2599 3278 2656 τοῦτον
3300 2603 3391 2657 τὸν
3414 2622 3701 2679 παρατρα-

2117 2678 2308 2745 πέντα,
2363 2682 2635 2753 πρόφασιν
2672 2686 2771 2756 μὲν
2807 2689 3048 2761 ἀγάπης,
3089 2692 3296 2764 τόλμης
3322 2696 3377 2750 δὲ
3413 2697 3500 2751 διὰ
3528 2678 3700 2773 τὸμὴ

2116 2773 2542 2844 κεκοινωνῆσθαι
2562 2775 2638 2846 τῷ
2654 2778 2827 2848 Πατρὶ
2844 2779 2920 2850 τῷ
2940 2781 3149 2854 τελείῳ,
3173 2786 3358 2850 καθὼς
3377 2790 3470 2841 καὶ
3489 2790 3696 2855 όΝοῦς.

2116 2857 2188 2913 Τὸ
2208 2860 2264 2913 δὲ
2294 2862 2464 2928 πάθος
2494 2860 2633 2920 εἶναι
2664 2867 2891 2940 ζήτησιν
2919 2872 3012 2925 τοῦ
3044 2875 3278 2947 Πατρός.
3339 2879 3534 2934 Ἤθελε
3563 2881 3696 2956 γάρ,

2112 2947 2188 3011 ὡς
2215 2949 2455 3020 λέγουσι,
2486 2954 2548 3007 τὸ
2570 2955 2798 3025 μέγεθος
2825 2960 2991 3014 αὐτοῦ
3023 2965 3379 3021 καταλαϐεῖνο
3409 2947 3599 3025 ἔπειτα

1915 3123 2005 3179 imi
2037 3123 2078 3142 ν
2112 3131 2171 3186 ἐν
2213 3132 2392 3205 πολλῷ
2427 3137 2568 3191 πάνυ
2615 3139 2787 3208 ἀγῶνι
2827 3144 3140 3216 γενόμενον,
3174 3148 3262 3203 διά
3282 3123 3340 3205 τε
3464 3123 3699 3226 μέγεθος

425 3196 739 3259 commotio,
764 3196 1021 3255 Parentis
1064 3201 1375 3272 inquirendi
1415 3207 1677 3276 studium,
1720 3211 1902 3282 cujus,
1946 3222 2005 3270 ut

424 3283 605 3353 aiunt,
647 3289 1077 3360 magnitudinem
1120 3297 1430 3366 cognitione
1455 3303 1675 3373 assequi
1705 3308 2004 3363 contende-

423 3373 537 3429 bat.
554 3373 756 3433 Verum
775 3379 979 3437 frustra
1004 3384 1305 3453 laborabat,
1331 3391 1474 3460 quod
1508 3408 1630 3448 eam
1650 3409 1773 3451 rem
1793 3412 2000 3454 concu-

2110 3222 2203 3276 τοῦ
2236 3224 2452 3295 βάθους,
2483 3230 2577 3283 καὶ
2598 3231 2658 3285 τδ
2678 3231 3079 3306 ἀνεξιχνίαστον
3098 3240 3192 3294 τοῦ
3217 3243 3447 3313 Πατρός,
3466 3222 3571 3301 ’καλ
3592 3249 3695 3321 τὴν

2109 3315 2245 3385 πρὸς
2273 3318 2435 3374 αὐτὸν
2466 3322 2698 3395 στοργήν
2727 3327 3100 3400 ἐκτεινόμενον
3133 3332 3219 3387 ἀεὶ
3247 3335 3342 3388 ἐπὶ
3370 3337 3431 3389 τὸ
3455 3315 3694 3410 πρόσθεν

2108 3406 2212 3460 ὑπὸ
2254 3409 2354 3480 τῆς
2393 3411 2727 3487 γλυκύτητος
2772 3418 2958 3487 αὐτοῦ,
3004 3422 3314 3480 τελευταῖον
3350 3426 3416 3483 ἂν
3439 3446 3694 3484 καταπε-

423 3463 654 3531 piverat,
670 3481 792 3536 qua}
812 3469 1045 3527 obtineri
1067 3475 1218 3530 nullo
1242 3477 1404 3532 modo
1426 3491 1633 3548 posset.
1659 3484 1848 3556 Itaque
1873 3502 1996 3544 cum

423 3554 476 3597 in
545 3564 779 3597 cummn’
824 3566 1175 3597 nnnlonlhsnn
1217 3575 1267 3597 AI
1306 3573 1587 3597 Δηυιλο-.-
1642 3587 1880 3597 μ------.

2117 3463 2841 3597 πόσθαιζκάίάναλέλύῶαι
2872 3463 2958 3577 εἰς
2990 3515 3088 3586 τὴν
3116 3516 3244 3589 ὃλην
3271 3519 3480 3585 οὐσίαν,
3520 3524 3571 3576 εἰ
3609 3525 3691 3597 μὴ

422 3554 479 3608 in
544 3564 779 3613 summa’
824 3566 1175 3621 contentione
1216 3575 1270 3623 et
1302 3573 1589 3629 anxietate
1642 3554 1995 3650 versaretur;

420 3655 486 3694 ac
510 3653 737 3715 propter
752 3655 813 3703 et
842 3650 1113 3707 inﬁnitam
1142 3656 1510 3725 altitudinem,
1542 3670 1597 3718 et
1624 3663 1875 3725 Parentis
1899 3685 1998 3724 na-

419 3739 603 3789 turam
634 3737 930 3808 ejusmodi,
969 3751 1027 3798 ut
1070 3745 1139 3800 ad
1172 3763 1300 3802 eam
1336 3751 1502 3809 nullis
1534 3757 1780 3829 vestigiis
1810 3775 1998 3830 perve-

416 3823 580 3892 niret,
622 3836 676 3883 et
704 3830 776 3885 ob
797 3847 953 3888 suam
983 3835 1039 3890 in
1059 3837 1222 3892 illum
1243 3839 1480 3912 denique
1515 3823 1856 3916 chariratem,
1885 3869 1995 3924 prae

2103 3789 2196 3843 μιν
2223 3778 2316 3828 καὶ
2338 3778 2502 3849 Ὄρον
2526 3782 2803 3852 καλοῦσιν,
2836 3787 2925 3858 ὑφ’
2948 3784 3017 3861 ἦς
3042 3791 3376 3865 ἐπεσχῆσθαι
3404 3798 3500 3851 καὶ
3520 3799 3688 3872 ἐστη-

2137 3865 2281 3920 ίγθαι

567 3881 580 3892 ,
633 3881 670 3883 _,
713 3881 768 3885 ,η
797 3881 953 3888 -....-"
983 3881 1039 3890 -..
1059 3881 1222 3892 -...-...-
1243 3881 1480 3912 “un-qum
1515 3881 1856 3916 uua-uatum,
1885 3881 1995 3924 plus
2099 3881 2302 3937 ριχυαι,

412 3916 843 3987 ejussuavitate
864 3941 1087 3998 semper
1128 3931 1270 3985 ultra
1313 3949 1680 4004 procurreret,
1712 3951 1994 4011 postremo
2098 3957 2315 4025 σθέντα,

2348 3870 2443 3923 καὶ
2476 3874 2635 3944 μόγις
2662 3879 3069 3953 ἐπιστρέψαντα
3098 3886 3177 3949 εἰς
3204 3886 3400 3942 ἑαυτὸν
3429 3891 3524 3944 καὶ
3558 3870 3685 3947 πει-

2360 3963 2441 4053 ὃτι
2476 3966 2859 4040 ἀκατάληπτὸς
2891 3975 3035 4028 ἐστιν
3072 3980 3101 4031 ό
3140 3980 3349 4053 Πατὴρ,
3380 3984 3685 4043 ἀποθέσθαι

414 4009 552 4064 nihil
588 4027 712 4069 esse
742 4018 969 4087 propius
1019 4019 1247 4087 factum,
1289 4040 1452 4095 quam
1493 4036 1553 4082 ut
1582 4029 1644 4084 in
1680 4033 1992 4090 universam

414 4100 669 4147 :lhﬁnl‘nla
717 4116 964 4147 nnlnrnm
1006 4127 1066 4147 an
1106 4115 1345 4147 poeninen
1383 4132 1693 4147 ......M...-..-.
1725 4140 1738 4147 -
1785 4128 1888 4147 _:-:
1938 4129 1985 4147 se

2176 4009 2315 4025 ,,-_-,
2363 4009 2440 4016 ---
2478 4009 2767 4040 -..νην-...ιη
2782 4009 2857 4035 νυν
2891 4009 3034 4028 ςυυιν
3072 4009 3101 4031 υ
3140 4009 3349 4053 nun”),
3380 4009 3681 4043 a'ICOUEOOll

2117 4044 2193 4115 τήν
2237 4051 2509 4123 προτέραν
2549 4056 2846 4131 ἐνθύμησιν
2877 4066 2974 4118 σὺν
3004 4067 3081 4138 τῷ
3121 4070 3483 4147 ἐπιγινομένῳ
3514 4079 3681 4135 πάθει

412 4100 670 4173 absorpta
714 4116 964 4163 naturam
1006 4127 1066 4167 se
1106 4115 1346 4170 resoluta
1383 4132 1739 4189 vanesceret;
1785 4128 1891 4181 nisi
1937 4129 1993 4184 in

412 4205 527 4218 non“
567 4192 829 4218 L':-n..a__u
880 4199 1042 4218 !__e,p
1146 4212 1159 4218 -
1315 4207 1326 4218 ι
1530 4211 1542 4218 .
1731 4215 1741 4218 -

2149 4100 2161 4115 ι
2248 4100 2502 4123 ⁷ι⁷““Τ’⁷’
2549 4100 2738 4130 """t‘"

2117 4150 2161 4189 ix
2189 4139 2283 4191 τοῦ
2315 4143 2620 4218 ἐκπλήκτου
2649 4152 2741 4204 ἐκε

2750 4153 2859 4208 ίνου
2895 4156 3193 4231 θαύματος.

409 4205 529 4245 eam
567 4192 834 4250 Virtutem
878 4199 1185 4269 incidisset,
1239 4207 1329 4260 cui
1360 4211 1933 4283 eorroborandorum,
1965 4229 2019 4275 et
2053 4192 2490 4300 inexplicabilem
2519 4250 2670 4295 extra
2712 4248 2968 4300 maenitm

473 4658 591 4716 XII.
636 4661 741 4718 Sed
769 4664 1005 4723 istorum
1040 4672 1262 4742 quidam
1308 4677 1457 4735 illam
1506 4681 1801 4756 Sapientiae
1849 4658 1968 4764 per-

404 4753 790 4824 turbationem,
826 4773 890 4814 ac
917 4763 1317 4824 restitutionem
1366 4753 1768 4850 quibus—nugis
1798 4753 1979 4840 in-vol-

402 4846 571 4900 vunt?
613 4845 883 4907 Nimirum
925 4869 1049 4911 cum
1092 4858 1362 4927 ejusmodi
1403 4867 1607 4938 aliquid
1655 4845 1976 4947 appetisset,

399 4937 545 5007 quod
596 4940 717 5011 ejus
760 4953 1089 5017 potestatem
1141 4937 1619 5031 cognitionemque
1670 4937 1976 5037 superaret,

396 5027 685 5085 informem
710 5038 999 5101 quamdam
1030 5050 1194 5112 atque
1221 5027 1551 5107 inconditam
1583 5055 1824 5114 edidisse
1850 5063 1977 5118 sub-

396 5122 669 5193 stantiam,
705 5124 1074 5201 ejusdemque,
1105 5147 1264 5204 quam
1299 5139 1553 5211 habebat,
1581 5154 1789 5205 naturae
1817 5153 1975 5210 lenii-

394 5226 521 5267 nam
549 5216 845 5285 peperisse.
879 5213 1053 5286 Quam
1086 5234 1155 5281 ut
1196 5231 1596 5306 animadvertit,
1629 5242 1870 5311 primum
1897 5250 1968 5304 ob

2014 4708 2055 4761 l)
2155 4704 2254 4810 ιε’,
2302 4709 2471 4766 Ἔνιοι
2522 4715 2581 4768 δὲ
2632 4721 2813 4777 αὐτῶν
2860 4726 3015 4792 πῶς’
3043 4730 3103 4783 τὸ
3135 4732 3306 4798 πάθος
3339 4736 3440 4807 τῆς
3467 4740 3670 4810 Σοφίας

2091 4797 2185 4898 καὶι
2212 4799 2310 4871 τήν
2338 4804 2675 4881 ἐπιστροφὴν
2704 4815 3111 4887 μυθολογοῦσιν,
3140 4797 3506 4898 άδυνάτῳάᾱὶ
3530 4797 3670 4887 arca:

2086 4889 2345 4965 ταλήπτῳ
2374 4898 2657 4971 πράγματι
2688 4905 2854 4979 αὐτὴν
2897 4911 3321 4987 ἐπιχειρήσασαν
3351 4926 3531 4978 τεκεῖν
3570 4927 3667 4978 οὺ-

2088 4979 2209 5088 σίαν
2254 4984 2519 5059 ἄμορφον,
2548 4994 2665 5048 οἷαν
2693 4996 2853 5067 φύσιν
2895 4979 3247 5078 εἷχε-θήλειαν
3269 5011 3289 5042 ⁸
3320 5017 3499 5068 τεκεῖν
3526 5016 3663 5088 (τό),

2085 5070 2151 5174 ήν
2178 5076 2270 5174 καὶ
2300 5083 2712 5153 κατανοήσασαν
2743 5070 2978 5160 πρῶτον*
2997 5070 3098 5166 μὲν
3125 5099 3430 5174 λυπηθῆναι
3472 5070 3562 5162 διά

2081 5162 2267 5269 ἀτελὲς
2307 5170 2408 5241 τῆς
2450 5177 2749 5244 γενέσεως
2785 5183 2974 5239 ἔπειτα
2999 5162 3338 5263 ’φοϐηθῆναί
3363 5197 3496 5269 μηδὲ
3530 5162 3665 5258 αὐτό

3028 5250 3044 5258 -
3148 5250 3158 5261 .
3217 5250 3228 5263 ι
3363 5250 3375 5267 ι
3424 5250 3435 5269 ι
3480 5250 3489 5251 ί
3533 5250 3659 5258 ⁷⁷⁷⁷*

2079 5250 2218 5311 εἶναι
2252 5260 2473 5329 τελείως
2509 5267 2724 5340 ἔχεινδο
2771 5272 2889 5332 εἶτα
2936 5281 3193 5353 ἐκστῆναι
3238 5288 3333 5341 καὶ
3378 5291 3659 5365 ἀπορῆσαι

465 5363 859 5508 ἰοξὶῗξύγου.
940 5374 1051 5431 'F.
1105 5383 1222 5448 πῶς
1290 5395 1385 5442 aut
1438 5398 1700 5464 interrog.
1758 5400 2014 5463 adhibent

2179 5412 2200 5444 ³
2249 5416 2318 5474 Ir.
2375 5418 2437 5479 F.
2503 5424 2710 5495 θήλεια.
2796 5431 2815 5462 ⁸
2849 5431 2912 5490 F.
2979 5435 3053 5508 μὴ
3091 5441 3183 5495 καὶ
3240 5444 3371 5499 αὐτὸ
3404 5445 3467 5499 τὸ
3515 5446 3656 5508 εἶναι
