4004 6152
296 339 398 394 ιςιτ

1003 347 1371 407 ADVERSUS
1411 351 1755 409 ILEIIESES
1792 353 1917 410 LIB.
1964 355 2002 410 Ι.
2047 353 2211 411 ΤΟΜ.
2254 355 2316 411 ll.
2362 390 2429 399 —
2469 360 2746 421 II:ERES.
2776 336 2966 421 XXXl.

3463 369 3566 425 898

297 456 567 529 ζητοῦσαν
609 462 710 534 τὴν
753 466 952 531 αἰτίαν,
989 469 1082 524 καὶ
1113 470 1294 525 ὅντινα
1334 473 1532 544 τρόπον
1575 474 1885 546 ἀποκρυνζκει

2010 494 2239 534 nancam
2306 479 2727 551 inchoatamque
2779 481 3184 551 generationem
3235 481 3422 540 animo
3471 484 3571 540 do-

294 550 356 603 τὸ
402 551 576 620 γένος.
611 555 1143 635 Ἐγκαταγενομένην
1185 564 1242 618 δὲ
1285 567 1396 627 τοῖς
1440 564 1639 618 πάθεσι
1690 565 1875 621 λαϐεῖν

296 644 654 718 ἐπιστροφὴν,
688 650 782 703 καὶ
816 651 907 705 ἐπὶ
952 653 1044 707 τὸν
1080 656 1292 729 Πατέρα
1320 657 1650 727 ἀναδραμεῖν
1681 674 1876 729 πειραο

300 733 514 804 σθῆναι,
549 737 644 791 καὶ
690 740 851 814 μέχρι
897 743 1044 808 τινὸς
1099 744 1441 818 τολμήσασαν
1495 748 1875 818 ὲξασθενῆσαι,

300 825 395 878 καὶ
434 828 601 882 ἱκέτιν
630 829 725 889 τρῦ
759 833 971 906 Πατρὸς
995 837 1266 905 γενέσθαι.
1302 839 1660 911 Συνδεηθῆναι
1692 841 1749 894 δὲ
1779 843 1877 895 αὺ-

299 917 364 985 τῇ
399 916 644 983 καὶτοὺς
676 921 896 988 λοιποὺς
920 927 1153 995 Αίῶνας,
1189 929 1422 999 μάλιστα
1465 929 1522 983 δέ
1571 930 1663 985 τὸν
1713 932 1875 987 Νοῦν.

316 1005 593 1093 Ἐντεῦθεν
625 1011 843 1082 λέγουσι
876 1018 1097 1091 πρώτην
1121 1021 1294 1093 ἀρχὴν
1328 1023 1621 1093 ἐσχηκέναι
1654 1025 1752 1095 τῆν
1786 1026 1878 1078 οὺ-

303 1097 424 1151 οίαν
448 1102 516 1155 ὲκ
540 1103 669 1174 τῆς¹
705 1106 947 1175 ἀγνοίας,
986 1112 1080 1164 καὶ
1121 1115 1219 1182 τῆς
1246 1112 1444 1184 λύπης,
1472 1116 1567 1169 καὶ
1591 1114 1685 1168 τοῦ
1714 1116 1879 1184 φόϐου

1982 572 2153 628 luisse
2181 592 2194 627 :
2231 580 2347 627 tum
2380 574 2554 628 vereri
2583 575 2838 643 coepisse,
2873 590 2943 631 ne
2974 577 3061 631 vel
3090 576 3209 646 ipsa
3242 590 3364 632 esse
3392 576 3571 632 omni-

1980 677 2052 717 no
2105 662 2399 719 desineret.
2452 663 2798 733 Proiudeque
2855 666 3142 720 attonitam
3204 674 3257 722 ot
3315 665 3569 721 haesitan-

1980 764 2088 812 tem
2114 771 2338 812 causam
2370 756 2632 827 indagare
2662 757 2990 823 instituisse,
3024 773 3088 812 ac
3108 758 3566 829 quemadmodum

1946 847 2150 903 .f'clum
2184 863 2343 904 suum
2373 851 2653 906 occultare
2682 857 2889 920 posset.
2928 850 3072 921 Ergo
3111 850 3167 905 in
3214 851 3445 920 pristina
3476 851 3567 905 illa

1982 942 2351 997 commotione
2380 948 2824 1012 perseverantem
2875 943 3215 998 convertisse
3238 958 3381 1009 sese,
3416 950 3471 997 et
3502 942 3568 997 ad

1984 1031 2266 1088 Parentem
2302 1034 2583 1091 studuisse
2610 1050 2919 1097 recurrere,
2948 1035 3111 1105 178
3129 1034 3285 1101 Quod
3312 1050 3437 1089 cum
3470 1035 3573 1089 ali-

1984 1136 2190 1196 quanto
2226 1134 2469 1197 tempore
2500 1129 2899 1193 contendisset,
2932 1129 3294 1184 succubuisse
3320 1127 3572 1195 demum,

304 1190 397 1298 fixi.
426 1191 529 1263 τῆς
558 1195 988 1298 ἐκπ).ήξεως.ί’0
1034 1201 1091 1254 δὲ
1141 1203 1325 1276 Πατὴρ
1363 1205 1457 1260 τὸν
1490 1207 1883 1278 προειρημένον

2010 1190 2151 1287 itque
2193 1217 2259 1273 ad
2303 1190 2591 1275 P-arentem
2624 1236 2749 1277 sese
2780 1190 3081 1292 supplicem
3113 1220 3422 1291 abiecisse;
3475 1190 3572 1276 ad;

329 1284 472 1381 υρρν
501 1286 593 1339 ἐπὶ
611 1287 820 1353 τούτοις
845 1290 932 1345 διὰ
957 1293 1052 1346 τοῦ
1077 1296 1417 1369 Μονογενοῢς
1444 1297 1808 1369 προϐάλλεται
1827 1301 1884 1353 ἐν

2010 1306 2159 1363 uisse
2204 1316 2259 1362 et
2309 1307 2604 1364 advocatos
2647 1308 2856 1367 Eonas
2908 1308 3174 1381 reliquos,
3211 1324 3276 1364 ac
3337 1308 3568 1365 Mentem

300 1376 470 1473 tiatth
507 1378 632 1473 tot;
687 1382 982 1453 ἀσύζυγον,
1010 1386 1325 1458 ἀθήλυντον.
1358 1389 1461 1444 Τὸν
1508 1389 1617 1462 γὰρ
1670 1391 1887 1462 Πατέρα

2013 1414 2044 1452 ιι
2075 1398 2286 1468 primis.
2308 1399 2485 1470 Atque
2513 1401 2655 1456 hanc
2689 1402 2919 1472 primam
2947 1376 3270 1457 substantia:
3300 1402 3564 1473 originem

305 1466 435 1564 ποτὲ
464 1467 563 1538 μὲν
586 1471 724 1564 μετὰ
752 1472 1014 1564 συζυγίας
1039 1477 1138 1564 τῆς
1167 1476 1353 1548 Σιγῆς,
1385 1480 1513 1533 ποτέ
1541 1481 1599 1534 δὲ
1630 1482 1723 1534 καὶ
1746 1482 1887 1553 ὑπὲρ

2010 1490 2287 1556 exstitisse,
2319 1507 2439 1560 quae
2464 1508 2527 1547 ex
2561 1492 2890 1564 ignorantia,
2915 1500 2969 1548 et
3003 1493 3210 1560 dolore,
3249 1508 3314 1548 ac
3340 1500 3487 1548 metu
3513 1502 3571 1550 et

303 1557 493 1655 ἄρρεν,
531 1561 625 1664 καί
672 1562 813 1635 ὑπὲρ
858 1565 994 1635 θῆλυ
1042 1563 1182 1622 εἶναι
1231 1569 1462 1624 θέλουσι.
1492 1571 1596 1627 Τὸν
1639 1573 1697 1626 δέ
1722 1573 1888 1644 Ὄρον

2010 1588 2215 1652 stupore
2245 1557 2527 1652 prodierit.
2558 1557 2627 1639 A't
2648 1585 2811 1640 Pater
2830 1585 3060 1651 Horum,
3090 1557 3205 1641 sive
3227 1584 3573 1649 Terminum,

306 1649 494 1745 τοῦτον
538 1649 631 1702 καὶ
660 1651 1083 1727 Συλλυτρωτὴν²
1115 1658 1208 1711 καὶ
1241 1659 1565 1730 Καρπιστὴν
1597 1660 1692 1713 καὶ
1733 1660 1889 1733 Ὀρο-

2010 1688 2153 1741 piem
2199 1673 2459 1739 diximus,
2487 1682 2609 1745 post
2645 1676 2770 1732 illos
2803 1692 2999 1732 omnes
3022 1691 3176 1731 suam
3227 1674 3294 1729 ad
3344 1674 3568 1744 cﬂigiem

298 1736 467 1809 θέτην
499 1740 594 1793 καὶ
620 1741 967 1813 Μεταγωγέα
996 1746 1237 1803 καλοῦσι.
1263 1750 1360 1802 Διὰ
1380 1750 1439 1802 δὲ
1457 1750 1551 1804 τοῦ
1576 1751 1744 1824 Ὅρου
1770 1751 1892 1805 τού-

2010 1763 2251 1817 ποᾶυιίι
2272 1766 2546 1835 comparis
2569 1780 2634 1820 ac
2664 1764 2883 1821 feminei
2909 1781 3073 1822 sexus
3092 1773 3392 1835 expertem.
3414 1763 3572 1818 Hunc

304 1843 398 1932 του
429 1831 562 1899 φασὶ
587 1834 922 1906 κεκαθάρθαι
947 1839 1041 1892 καὶ
1071 1840 1392 1912 ἐστηρίχθαι
1424 1841 1521 1914 τὴν
1557 1843 1773 1913 Σοφίαν,
1801 1845 1896 1899 καὶ

2010 1853 2146 1907 enim
2195 1853 2372 1921 ipsum
2428 1855 2715 1912 Parentem
2773 1858 2907 1913 alias
2941 1872 3065 1912 cum
3117 1854 3243 1927 Sige
3294 1856 3571 1925 copulant,

300 1924 823 2011 ἀποκατασταθῆναι
856 1930 923 1999 τῇ
961 1926 1213 2001 συζυγίᾳ.
1249 1932 1626 2003 Χωρισθείσης
1658 1934 1767 2005 γὰρ
1796 1934 1893 2006 τῆς

2010 1942 2132 1995 Ilias
2161 1957 2323 2011 supra
2359 1945 2528 2000 maris
2559 1960 2623 1999 ac
2651 1944 2866 2000 feminae
2895 1924 3260 2000 conditionem
3282 1924 3572 2000 extollunt.

320 2007 700 2107 Ἐνθυμήσεως
731 2013 826 2067 ἀπ’
860 2017 1033 2087 αὐτῆς
1073 2019 1169 2072 σὺν
1198 2018 1276 2091 τῷ
1309 2022 1674 2094 ἐπιγινομένῳ
1697 2023 1891 2089 Πάθει,

2010 2030 2202 2086 Horum
2235 2048 2364 2089 vero
2399 2035 2563 2089 etiam
2598 2034 3042 2107 Redemptorem,
3083 2051 3146 2090 ac
3189 2035 3498 2106 Carpisten,
3524 2044 3579 2091 et

306 2102 475 2174 αὐτὴν
500 2107 597 2175 μὲν
630 2108 781 2172 ἐντὸς
811 2110 1174 2183 πληρώματος
1203 2113 1364 2177 εἶναι,
1395 2116 1495 2186 τὴν
1524 2117 1581 2169 δὲ
1628 2117 1897 2189 Ἐνθύμη-

2010 2122 2357 2209 Horothetenz
2386 2141 2450 2181 ac
2483 2102 2986 2183 Circumduclorem
3020 2136 3237 2183 vocant.
3257 2102 3438 2197 A—quo
3459 2102 3582 2197 per-

309 2211 395 2287 σιν
428 2197 602 2269 αὐτῆς
632 2200 730 2255 σὺν
756 2201 835 2273 τῷ
863 2204 1029 2257 Πάθει
1066 2206 1170 2259 ὑπὸ
1210 2205 1305 2260 τοῦ
1336 2208 1503 2280 ’Όρου
1534 2209 1895 2281 ἀφορισθῆναι

2010 2226 2280 2285 purgatam
2336 2197 2410 2269 ac
2467 2211 2849 2271 conﬁrmatam
2881 2217 3216 2287 Sapientiam
3246 2227 3494 2282 narrant,
3524 2225 3583 2273 et

307 2284 403 2338 καὶ
428 2287 904 2363 ἀποστερηθῆναι³
925 2309 938 2324 ·
973 2296 1068 2349 καὶ
1094 2296 1251 2361 ἐκτὸς
1285 2297 1451 2351 αὐτοῦ
1486 2301 1784 2371 γενομένην
1816 2297 1896 2354 εἶ-

2010 2284 2254 2375 :onjugio
2280 2307 2610 2360 restitutam.
2645 2284 3007 2377 Posteaquam
3037 2308 3181 2361 enim
3210 2307 3577 2379 Enthymcsis,

307 2393 398 2431 ναι
451 2379 550 2450 μὲν
601 2387 977 2460 πνευματικὴν
1020 2388 1230 2455 οὐσίαν,
1258 2392 1497 2462 φυσικήν
1542 2410 1664 2446 τινα
1692 2392 1897 2455 Αίῶνος

2010 2397 2103 2450 hoc
2157 2403 2242 2451 est
2288 2397 2567 2466 cogitatio,
2602 2397 2670 2452 ab
2712 2398 2804 2452 illa
2852 2406 2938 2453 est
2988 2413 3110 2453 cum
3163 2401 3582 2469 superveniente

306 2470 485 2542 ὁρμὴν
526 2475 920 2545 τυγχάνουσαν,
956 2480 1202 2552 ἄμορφον
1243 2481 1302 2535 δὲ
1345 2483 1438 2536 καὶ
1464 2483 1699 2538 ἀνείδεον
1722 2484 1810 2538 διά
1837 2485 1901 2538 τὸ

2010 2484 2375 2540 Dommotione
2425 2495 2670 2542 secreta:
2707 2496 2821 2541 tum
2855 2487 2972 2557 ipsa
2999 2488 3219 2557 quidem
3270 2489 3413 2542 intra
3467 2489 3585 2555 ple-

312 2562 482 2634 μηδὲν
510 2566 856 2624 καταλαϐεῖν.
892 2572 1004 2625 Καὶ
1038 2572 1127 2626 διά
1157 2571 1317 2627 τοῦτο
1344 2574 1555 2646 καρπὸν
1578 2574 1776 2648 ἀσθενῆ
1804 2576 1896 2631 καὶ

2010 2588 2153 2628 roma
2187 2582 2427 2644 recepta,
2456 2575 2807 2646 Enthymesis
2851 2592 2980 2632 vero
3029 2592 3152 2632 cum
3203 2577 3586 2633 Commotione

308 2653 481 2727 θῆλυν
510 2659 673 2715 αὐτὸν
691 2662 935 2731 λέγουσι.

2010 2667 2073 2722 ab
2104 2666 2252 2723 Hero
2277 2668 2538 2738 relegata,
2575 2675 2629 2723 et
2682 2670 2739 2723 in
2787 2685 2952 2739 cruce
2991 2670 3202 2733 sutiixa,
3233 2680 3398 2743 atque
3431 2679 3585 2727 extra

311 2747 781 2820 Complementum
827 2758 1019 2825 procul
1053 2759 1346 2816 amandata
1378 2761 1645 2827 constitit,
1683 2768 1743 2815 ut
1772 2759 2080 2816 substantia
2143 2760 2236 2813 illa
2269 2759 2489 2831 quidem
2540 2760 2808 2832 spiritalis
2840 2773 3008 2831 esset,
3069 2772 3258 2835 utpote
3321 2764 3587 2820 naturalis

311 2846 563 2915 quaedam
594 2848 678 2904 vis
701 2849 897 2908 dionis
928 2861 984 2909 et
1025 2854 1280 2925 impetus,
1318 2857 1413 2912 sed
1443 2857 1600 2913 rudis
1626 2856 1815 2912 eadem
1843 2862 1897 2911 et
1932 2852 2209 2919 informis,
2279 2854 2426 2925 quod
2471 2855 2609 2910 nihil
2653 2864 2800 2913 esset
2853 2858 3078 2912 omnino
3128 2867 3443 2914 consecuta.
3502 2856 3587 2913 Ob

314 2936 477 3005 Mque
503 2952 802 3007 praecocem
851 2943 1000 2997 illum
1046 2944 1283 3001 fructum
1336 2954 1499 3017 atque
1530 2946 1885 3011 imbecillum,
1923 2953 1977 2999 et
2008 2944 2290 2999 muliebris
2322 2944 2654 3002 conditionis
2681 2961 2803 3001 esse
2830 2951 3159 3015 memorant.

384 3032 483 3085 ll".
525 3034 680 3090 Μετά
720 3036 777 3090 δέ
828 3037 890 3091 τὸ
931 3040 1291 3113 ἀφορισθῆναι
1343 3042 1548 3113 ταύτην
1595 3042 1748 3105 ἐκτὸς
1802 3039 1898 3094 τοῦ

2076 3037 2215 3092 XIII.
2258 3038 2528 3095 Caeterum
2563 3040 2653 3095 ubi
2678 3040 2795 3095 haec
2825 3039 3182 3095 aPleromate
3222 3039 3450 3111 depulsa
3479 3047 3585 3107 est,

315 3123 685 3196 πληρώματος
717 3128 826 3183 τῶν
851 3129 1092 3196 Αίώνων,
1116 3135 1215 3204 τήν
1242 3151 1302 3186 τε
1332 3134 1561 3204 Μητέρα
1584 3132 1751 3203 αὐτῆς
1771 3132 1905 3185 ἀπο-

2010 3131 2180 3188 Mater
2203 3148 2333 3188 vero
2364 3131 2430 3186 ad
2456 3133 2774 3204 conjugium
2803 3148 2962 3189 suum
2986 3134 3329 3205 postliminio
3345 3148 3586 3195 reversa.

320 3219 726 3291 κατασταθῆναι
755 3225 820 3293 τῇ
856 3222 962 3295 ἰδίᾳ
991 3222 1246 3295 συζυγίᾳ,
1280 3225 1370 3278 τὸν
1414 3224 1693 3295 Μονογενῆ
1741 3223 1904 3277 πάλιν

318 3310 512 3382 ἑτέραν
552 3313 918 3383 προϐαλέσθαι
960 3314 1221 3385 συζυγίαν
1254 3316 1395 3370 κατὰ
1427 3315 1770 3387 προμήθειαν
1811 3313 1905 3368 τοῦ

321 3404 554 3475 Πατρὸς,
589 3405 676 3459 ἵνα
709 3406 782 3477 μὴ
806 3406 1007 3478 ὁμοίως
1029 3406 1202 3478 ταύτῃ
1238 3406 1384 3480 πάοῃ
1413 3424 1493 3471 τις
1527 3406 1636 3461 τῶν
1660 3405 1906 3472 Αίώνων,

268 3490 282 3501 ’
324 3493 558 3565 Χριστὸν
605 3496 700 3549 καὶ
735 3495 960 3568 Πνεῦμα
995 3498 1150 3566 ἅγιον
1179 3499 1257 3561 είς
1288 3497 1449 3568 πῆξιν
1477 3498 1572 3551 καὶ
1636 3496 1909 3569 στηργμὸν

323 3584 419 3639 τοῦ
463 3586 850 3659 πληρώματος,
897 3590 988 3660 ὑφ’
1020 3583 1094 3643 ὧν
1128 3588 1557 3661 καταρτισθῆναι
1597 3592 1724 3652 τοὺς
1768 3588 1909 3641 Λῑῶο

324 3693 443 3742 νας.
474 3679 579 3733 Τὸν
631 3681 730 3751 μὲν
776 3681 884 3751 γὰρ
914 3682 1149 3753 Χριστὸν
1187 3682 1395 3745 διδάξαι
1424 3682 1620 3746 αὐτοὺς
1651 3682 1912 3750 συζυγίας

328 3765 510 3836 φύσιν,
560 3769 851 3842 ἀγεννήτου
890 3771 1194 3841 κατάληψιν
1230 3770 1618 3837 γινώσκοντας,
1659 3771 1913 3834 ίκανοὺςδ

329 3854 490 3925 εῖναι,
518 3860 879 3931 ἀναγορεῦσαί
906 3879 966 3915 τε
1000 3864 1057 3917 ἐν
1092 3865 1275 3925 αὐτοῖς
1302 3863 1401 3932 τὴν
1434 3861 1528 3915 τοῦ
1557 3862 1771 3933 Πατρὸς
1794 3863 1915 3916 ἐπίο

331 3967 554 4020 τνωσιν,
582 3953 664 4006 ὅτι
688 3970 750 4006 τε
779 3953 1065 4026 ἀχώρητός
1098 3955 1219 4007 ἐστι
1248 3956 1343 4007 καῖ
1372 3955 1779 4026 ἀκατάληπτος,
1821 3956 1918 4007 καὶ

332 4044 432 4097 οὐκ
454 4043 599 4098 ἔστιν
621 4045 746 4099 οὔτε
778 4047 904 4100 ἰδεῖν
937 4047 1061 4100 οὔτε
1099 4046 1327 4101 ἀκοῦσαι
1361 4048 1539 4108 αὑτὸν,
1572 4047 1604 4118 ἦ
1635 4048 1722 4101 διὰ
1754 4048 1913 4119 μόνου

2008 3234 2122 3279 tum
2175 3224 2244 3280 de
2290 3223 2540 3280 Parentis
2572 3225 2826 3289 consilio,
2862 3240 2933 3280 ne
2972 3224 3104 3295 quid
3137 3224 3316 3280 simile
3362 3223 3592 3294 posthac

2008 3314 2175 3370 ,Εοηί
2223 3316 2385 3370 alicui
2435 3317 2811 3388 contingeret,
2865 3315 3160 3382 fulcienda,
3219 3315 3597 3386 ﬁrmandaque

2008 3401 2293 3471 pleromati
2323 3416 2524 3457 novum
2544 3415 2645 3470 par
2674 3400 2859 3455 ferunt
2882 3401 2951 3456 ab
2971 3399 3217 3471 Unigena
3239 3400 3594 3470 productum,

2007 3488 2286 3544 Christum
2319 3506 2381 3545 ac
2410 3489 2675 3560 Spiritum
2706 3501 2956 3547 sanctum
2979 3509 2994 3557 ;
3020 3506 3253 3561 quorum
3281 3505 3447 3561 apera
3465 3489 3599 3545 Eo-

2011 3597 2110 3637 nes
2136 3584 2420 3639 ordinatos
2444 3598 2509 3638 ac
2538 3584 2877 3653 compositos
2906 3598 3048 3639 esse.
3076 3581 3288 3653 Quippe
3318 3581 3594 3659 Christum

2013 3672 2255 3743 conjugii
2288 3681 2484 3728 natura
2532 3683 2696 3745 atque
2726 3673 2959 3744 lngeniti
2993 3660 3484 3744 comprehensione
3513 3689 3601 3729 co-

2013 3762 2163 3833 gnita
2209 3764 2464 3820 docuisse
2512 3773 2802 3821 contentos
2853 3780 2976 3820 esse
3008 3764 3129 3819 illos
3159 3772 3412 3834 oportere
3442 3784 3454 3818 :
3488 3764 3599 3818 Pa-

2015 3854 2224 3923 trisque
2275 3854 2417 3910 inter
2461 3856 2583 3910 illos
2627 3856 2958 3925 praedicasse
3014 3856 3294 3923 notitiam;
3336 3856 3601 3910 nimirum

2017 3948 2162 4001 hunc
2188 3962 2364 4016 neque
2400 3947 2778 4002 circumscribi
2806 3947 3047 4001 locorum
3077 3946 3275 4014 spatio,
3295 3961 3472 4015 neque
3500 3961 3599 4000 co-

2017 4039 2260 4109 gnitione
2291 4053 2455 4108 posse
2482 4038 2714 4108 percipi,
2747 4053 2809 4092 ac
2862 4053 2930 4092 ne
2960 4038 3081 4091 visu
3118 4036 3339 4106 quidem
3385 4037 3470 4092 vel
3497 4052 3600 4091 au-

334 4136 427 4189 τοῦ
456 4138 797 4213 Μονογενοῦς
826 4139 1176 4209 γινώσκεται.
1222 4142 1333 4194 Καὶ
1372 4141 1433 4193 τὸ
1462 4140 1561 4210 μὲν
1603 4141 1774 4193 αἴτιον
1819 4141 1905 4211 τῆς

2018 4132 2133 4185 ditu
2167 4131 2520 4196 contrectari,
2553 4130 2647 4186 sed
2680 4146 2775 4201 per
2810 4130 3111 4201 Unigenam
3142 4130 3411 4184 duntaxat
3437 4129 3602 4184 intel-

334 4226 557 4280 αἰωνίου
612 4227 873 4299 διαμονῆς
916 4233 1031 4293 τοῖς
1083 4230 1293 4295 λοιποῖς
1324 4229 1383 4284 τὸ
1413 4230 1626 4301 πρῶτον
1679 4229 1905 4301 καταλη-

2022 4225 2134 4295 ligi.
2164 4224 2240 4280 Ac
2270 4224 2416 4295 quod
2443 4224 2681 4295 primum
2711 4225 2855 4279 inest
2886 4226 2941 4277 in
2968 4222 3152 4290 Patre,
3179 4221 3325 4292 quod
3360 4236 3605 4291 compre-

339 4316 469 4369 πτδν
509 4318 775 4388 ὑπάρχειν
832 4321 943 4391 (75)
981 4320 1076 4374 τοῦ
1134 4321 1348 4392 Πατρὸς
1374 4361 1388 4386 ,
1427 4322 1525 4392 τῆς
1561 4321 1617 4374 δέ
1656 4321 1905 4390 γενέσεως

2023 4316 2188 4371 hcndi
2238 4332 2347 4371 non
2395 4323 2595 4387 potest,
2627 4314 2678 4369 id
2723 4330 2944 4371 causam
2983 4329 3107 4370 esse
3144 4313 3379 4377 caeteris,
3412 4328 3513 4368 cur
3548 4315 3604 4367 in

340 4409 503 4463 αὑτοῦ
561 4412 656 4463 καὶ
713 4412 1046 4485 μορφώσεως
1102 4413 1163 4466 τδ
1218 4413 1565 4484 καταληπτὸν
1613 4413 1779 4467 αὐτοῦ
1811 4453 1825 4477 ,
1875 4408 1905 4482 ιζ

2026 4409 2417 4478 sempiternum
2446 4417 2658 4479 tempus
2682 4416 3069 4480 permaneant;
3095 4406 3239 4477 quod
3269 4421 3398 4462 vero
3428 4407 3482 4461 in
3514 4405 3608 4460 illo

338 4500 403 4572 δὴ
428 4501 593 4566 1⁵ἴσος
640 4503 777 4560 ἐστί.
845 4504 955 4557 Καὶ
998 4503 1170 4557 ταῦτα
1205 4505 1301 4575 μὲν
1351 4506 1379 4556 ὁ
1422 4505 1547 4575 ἄρτί
1596 4506 1905 4577 προϐληθεὶς

2027 4499 2150 4569 ipso
2179 4501 2567 4570 comprehendi
2600 4509 2804 4579 potest,
2824 4508 2977 4555 ortus
3008 4514 3201 4555 eorum
3232 4513 3297 4553 ac
3324 4496 3609 4553 formatio-

339 4591 576 4662 Χριστὸς
624 4593 681 4646 ὲν
730 4594 912 4658 αὐτοῖς
957 4595 1386 4667 ἐδημιούργησε·
1430 4596 1490 4649 τὸ
1541 4596 1596 4649 δέ
1646 4596 1905 4650 ἒνιΠνεῦ·

2027 4594 2114 4649 nis
2165 4608 2288 4647 esse
2337 4608 2581 4659 causam,
2609 4594 2715 4649 hoc
2767 4603 2850 4649 est
2892 4591 3107 4665 Filium.
3144 4590 3269 4645 Haec
3316 4594 3446 4645 sunt
3486 4602 3611 4657 qua:

345 4700 422 4754 μα
465 4684 527 4737 τὸ
572 4683 726 4753 ἅγιον
769 4686 1126 4752 ἐξισωθέντας
1185 4688 1382 4750 αὐτοὺς
1434 4687 1641 4751 πάντας
1699 4689 1924 4760 εὐχαρι-

343 4779 489 4831 στεῖν
538 4778 742 4843 ἐδίδαξε
776 4818 792 4841 ,
838 4781 932 4834 καὶ
974 4780 1073 4853 τὴν
1120 4781 1379 4852 ἀληθινὴν
1431 4782 1738 4836 ἀνάπαυσιν
1783 4784 1923 4854 ἡγή-

344 4887 493 4924 σατο.
522 4870 709 4934 Οὕτως
734 4890 795 4925 τε
829 4876 1015 4945 μορφῇ
1037 4875 1131 4927 καὶ
1160 4874 1352 4946 γνώμῃ
1401 4874 1548 4939 ἴσους
1576 4876 1923 4947 κατασταθῆ-

343 4981 431 5018 ναι
460 4966 589 5028 τοὺς
619 4965 831 5029 Αἰῶνας
860 4965 1098 5035 λέγουσι,
1127 4966 1335 5029 πάντας
1388 4967 1712 5037 γενομένους
1754 4967 1921 5032 Νόας,

346 5056 441 5109 καὶ
486 5056 695 5121 πάντας
746 5057 973 5126 Λόγους,
1023 5058 1119 5112 καὶ
1177 5056 1382 5121 πάντας
1414 5056 1780 5128 Ἀνθρώπους,
1829 5058 1926 5112 καὶ

347 5146 555 5210 πάντας
601 5147 902 5219 Χριστούς·
943 5147 1037 5200 καὶ
1086 5147 1184 5211 τὰς
1240 5147 1459 5218 θηλείας
1496 5148 1698 5218 ὁμοίως
1750 5149 1933 5215 πάσας

357 5235 664 5307 Ἀληθείας,
699 5237 793 5290 καὶ
825 5238 1005 5301 πάσας
1026 5238 1199 5302 Ζωάς,
1223 5239 1316 5292 καὶ
1343 5236 1658 5308 Πνεύματα,
1691 5237 1784 5291 καὶ
1808 5239 1932 5293 Ἐκ-

349 5324 598 5396 κλησίας.
628 5326 995 5399 Στηριχθέντα
1029 5327 1085 5381 δέ
1114 5328 1207 5382 ἐπὶ
1224 5327 1399 5399 τούτῳ
1429 5328 1497 5380 τὰ
1525 5325 1642 5394 ὅλα,
1675 5328 1769 5381 καὶ
1795 5328 1929 5383 ἀνα-

2027 4689 2283 4745 Christus
2334 4706 2527 4746 recens
2561 4690 2616 4745 in
2646 4690 2755 4746 illis
2782 4690 2963 4745 editus
2993 4687 3216 4741 molitus
3241 4690 3345 4739 est.
3380 4682 3451 4736 At
3483 4680 3607 4751 Spi-

2030 4784 2170 4841 ritus
2200 4792 2429 4841 sanctus
2461 4799 2653 4839 omnes
2692 4785 2760 4838 ad
2797 4782 3164 4853 aequalitatem
3205 4777 3458 4833 redactas
3492 4787 3610 4843 gra.

2029 4877 2134 4931 tias
2159 4877 2360 4931 habere
2386 4874 2694 4946 perdocuit,
2714 4890 2778 4930 ac
2803 4889 2983 4929 veram
3003 4872 3164 4942 179
3191 4869 3427 4940 quietem
3457 4878 3608 4919 com-

2031 4968 2375 5023 monstravit.
2401 4968 2481 5021 Ita
2507 4969 2725 5051 dem’um
2760 4965 3003 5037 ejusdem
3035 4970 3088 5018 et
3122 4961 3311 5016 formae
3350 4968 3404 5014 et
3437 4956 3608 5011 animi

2032 5059 2239 5115 Eones
2284 5075 2406 5115 esse
2445 5048 2642 5123 factost,
2674 5068 2736 5113 ut
2776 5060 3019 5113 universi
3063 5054 3269 5125 pariter
3313 5057 3373 5125 et!
3399 5048 3610 5103 Mentes

2028 5160 2234 5215 essent,
2271 5161 2323 5206 et
2355 5150 2672 5218 Sermones,
2705 5157 2758 5203 et
2785 5147 3062 5211 Homines,
3096 5159 3161 5198 ac
3186 5141 3430 5207 Christi;
3456 5138 3613 5194 simi-

2027 5236 2261 5309 literque
2316 5237 2531 5292 feminae
2586 5253 2776 5291 omnes
2827 5251 2893 5290 ex
2943 5248 3121 5303 atquo,
3154 5242 3208 5287 et
3239 5229 3514 5284 Veritatcs
3559 5230 3612 5279 ct

2029 5327 2167 5385 Vitae
2192 5329 2391 5398 forent,
2444 5344 2510 5385 ac
2561 5326 2819 5399 Spiritus,
2865 5333 2920 5382 et
2960 5322 3236 5379 Ecclesite.
3297 5317 3611 5376 Secundum

424 5506 443 5581 ξ
477 5505 621 5564 Iren.
661 5508 759 5580 τῆς
787 5509 943 5580 ὕλης.
1016 5511 1038 5541 ³
1066 5506 1130 5561 F.
1159 5508 1389 5581 σταυρὸν
1439 5509 1532 5563 καὶ
1589 5506 1893 5581 λυτρωτὴν.
1967 5507 1990 5538 ³
2020 5505 2080 5562 F.
2135 5506 2661 5578 dnaamupwiiﬁvatt.
2730 5505 2762 5536 δλ
2788 5505 2931 5561 Iren.
2966 5500 3211 5563 ἑαυτούς.
3288 5493 3612 5565 ⁵1τθη.ὃδὴ

355 5575 492 5641 υίὸς.

426 5701 542 5772 (75)
581 5703 652 5757 Τὸ
694 5702 1353 5778 πρώτον-καταληπτὸν
1384 5703 1698 5776 ὑπάρχειν.
1751 5705 1829 5761 Ita
1875 5704 1905 5762 il

2010 5707 2103 5775 dit.
2136 5704 2302 5763 Basil.
2344 5711 2398 5759 et
2443 5701 2500 5756 in
2525 5696 2717 5770 Regio.
2744 5692 2851 5751 Sed
2885 5688 3268 5761 ἀκατάληπτον
3312 5698 3378 5741 cx
3428 5679 3643 5737 Ircnmi.

357 5769 657 5844 interprete
683 5769 747 5831 et
765 5772 992 5830 Tertull.
1025 5769 1328 5839 legendum.
