4004 6150
450 324 555 382 499
1079 359 1103 382 χ
1836 315 1890 372 S.
1934 312 2272 370 EPIPHANII
3600 312 3708 368 500

454 445 559 501 hoc
609 440 853 500 solidatis
902 438 1385 511 corroboratisque
1427 437 1704 503 omnibus,
1734 453 1797 494 ac
1835 439 2017 508 quiete

2123 436 2447 508 παυσάμενα
2485 435 2686 500 τελέως
2728 435 2865 507 μετά
2884 434 3125 506 μεγάλης
3145 435 3320 506 χαρᾶς
3339 449 3503 504 φησιν
3526 432 3704 503 ὑμνῆ-

452 535 678 603 otioque
725 530 1068 591 constituto.
1118 530 1427 587 vehementi
1472 529 1596 585 illos
1650 543 1772 584 cum
1824 526 2020 598 gaudio

2131 545 2221 582 σαι
2252 527 2344 581 τὸν
2376 528 2726 600 Προπάτορα,
2765 527 2964 599 πολλῆς
3004 526 3304 598 εὐφρασίας
3340 526 3702 596 μετασχόντα.

453 636 725 680 summum
755 620 1039 677 Parcutem
1071 621 1322 677 laudibus
1344 620 1626 688 extulisse,
1653 620 1747 690 qui
1777 634 1840 675 ex
1875 634 1938 674 ea
1963 634 2021 674 re

2123 616 2232 672 Καὶ
2261 617 2401 689 ὑπὲρ
2438 618 2537 688 τῆς
2568 618 2813 683 εὐποιίας
2840 618 3043 689 ταύτης
3066 616 3226 688 βουλῇ
3258 618 3357 687 μιᾷ
3385 619 3479 670 καὶ
3505 616 3706 689 γνώμῃ

451 716 724 786 ingentem
756 712 922 767 animi
954 711 1190 767 fructum
1220 728 1285 767 ac
1317 713 1644 782 voluptatem
1674 710 1898 782 ceperit.
1919 710 2021 780 lgi-

2126 708 2187 763 τὸ
2233 710 2341 763 πᾶν
2380 709 2652 782 πλήρωμα
2694 711 2803 764 τῶν
2845 710 3086 781 Αὶῴνων,
3122 707 3567 772 συνευδοκοῦντος
3605 708 3705 762 τοῦ

454 815 540 859 tur
570 810 628 858 ut
656 803 707 859 ei
737 803 927 875 gratia:
956 803 1161 874 aliquid
1193 802 1481 868 referrent,
1501 802 1573 863 ,de
1598 801 1873 857 communi
1902 815 2019 856 om-

2125 800 2365 873 Χριστοῦ
2414 802 2507 855 καὶ
2549 801 2645 855 τοῦ
2697 800 3032 872 Πνεῦματος.
3064 799 3156 854 τοῦ
3190 800 3246 853 δὲ
3280 800 3495 872 [ἰατρὸς
3520 799 3708 853 αὐτῶν

451 899 602 952 nium
640 896 861 953 decreto
908 912 974 951 ac
1019 896 1309 959 sententia,
1342 895 1670 966 suﬂragante
1709 894 1928 951 Christo
1958 910 2023 950 ac

453 987 685 1060 Spiritu,
708 986 869 1044 Patre
894 1001 1023 1044 vero
1051 988 1461 1058 comprobante,
1493 986 1718 1051 factum,
1738 999 1797 1042 ut
1822 987 2023 1057 stnguli

452 1078 770 1149 pleromatis
790 1075 1019 1143 IEones,
1052 1078 1197 1147 quod
1227 1079 1283 1132 in
1317 1093 1376 1133 se
1404 1077 1922 1148 praestantissimum
1958 1090 2021 1130 ac

453 1163 902 1221 ﬂorentissimum
936 1166 1217 1232 haberent,
1251 1165 1303 1220 id
1336 1165 1648 1219 inmedium
1680 1162 1936 1219 aﬂ‘errent
1959 1176 2024 1216 ac

456 1256 886 1312 contribuerent.
917 1254 1125 1323 Quibus
1148 1256 1404 1311 omnibus
1438 1255 1574 1310 scite
1598 1254 1916 1325 compositis
1941 1261 2022 1308 at-

454 1362 560 1417 que
588 1347 864 1421 eleganter
894 1349 1186 1412 contextis,
1212 1362 1410 1401 novum
1443 1346 1729 1417 quemdam
1759 1346 1927 1402 fetum
1954 1346 2022 1401 ad

450 1436 609 1506 Bytbi
648 1439 818 1495 decus
847 1446 901 1495 et
936 1440 1164 1510 gloriam
1200 1440 1515 1511 protulisse,
1549 1440 1653 1495 hoc
1692 1452 1778 1496 est
1804 1441 2027 1496 absolu-

2129 891 2761 964 συνεπισφραγιζομένου
2789 931 2804 956 ,
2854 893 2954 947 ἕνα
3005 893 3232 947 ἕκαστον
3271 891 3380 945 τῶν
3429 890 3660 946 Αίώνων
3686 932 3704 957 ,

2126 985 2264 1056 ὅπερ
2291 983 2435 1056 εἶχεν
2460 987 2516 1038 ὲν
2541 985 2720 1055 ἑαυτῷ
2744 983 3026 1038 κάλλιπον
3050 984 3142 1037 καὶ
3170 982 3537 1055 ἀνθηρότατον
3574 999 3704 1035 συν-

2126 1075 2524 1145 ενεγκαμένους
2570 1076 2665 1129 καὶ
2711 1075 3151 1145 έρανισαμένους,
3195 1075 3290 1128 καὶ
3322 1072 3494 1127 ταῦτα
3526 1074 3708 1145 ἁρμο-

2125 1170 2252 1234 δίως
2280 1168 2597 1233 πλέξαντας,
2630 1168 2723 1222 καὶ
2765 1166 3021 1239 ἐμμελῶς
3065 1166 3390 1231 ὲνώσαντας,
3432 1165 3710 1238 πρώαλὲι

2129 1260 2252 1315 σθαι
2279 1260 2672 1332 προϐλήματα⁵
2707 1261 2786 1323 εἰς
2817 1260 2982 1331 τιμὴν
3027 1259 3122 1313 καὶ
3169 1258 3327 1324 δόξαν
3376 1257 3472 1310 τοῦ
3503 1255 3707 1322 Βυθοῦ,

2124 1352 2457 1408 τελειότατον
2506 1350 2701 1415 κάλλος
2738 1368 2798 1404 τε
2840 1352 2934 1405 καὶ
2961 1351 3158 1421 ἄστρον
3187 1348 3281 1402 τοῦ
3328 1346 3709 1420 Πληρὼματος

2125 1444 2330 1505 τέλειον
2361 1444 2574 1515 καρπὸν
2599 1443 2689 1498 τὸν
2722 1443 2952 1515 Ἰησοῦν,
2977 1444 3036 1498 ὃν
3062 1443 3156 1497 καὶ
3178 1443 3408 1514 Σωτῆρα
3430 1460 3708 1515 προσαγο-

450 1530 717 1589 tissimam
749 1531 1231 1600 pulchritudinem,
1261 1546 1327 1587 ac
1359 1531 1533 1600 sidus,
1563 1529 1861 1603 perfectum
1912 1531 2021 1602 ple-

2128 1534 2411 1608 ρευθῆναι,
2448 1536 2544 1589 καὶ
2590 1536 2846 1606 Χριστὸν,
2880 1536 2972 1589 καὶ
3018 1535 3190 1603 Λόγον
3241 1535 3707 1606 πατρωνυμικῶς,

444 1620 672 1676 romatis
698 1619 962 1689 fructum,
990 1621 1177 1678 Jesum
1209 1622 1442 1697 scilicet,
1468 1623 1560 1693 qui
1593 1630 1646 1678 et
1680 1621 1934 1676 Salvator
1954 1623 2021 1678 sit

2128 1627 2222 1681 καὶ
2256 1626 2439 1697 (κατὰ)
2470 1626 2665 1689 πάντα,
2689 1626 2778 1681 διὰ
2812 1627 2874 1680 τὸ
2898 1626 3005 1681 ἀπὸ
3033 1626 3248 1680 πάντων
3281 1622 3442 1691 εἶναι,
3477 1627 3710 1698 δορυφό-

443 1708 648 1772 dictus,
676 1716 731 1765 et
757 1710 1031 1778 Christus,
1052 1719 1107 1766 et
1125 1710 1385 1777 Verbum,
1418 1725 1484 1766 ac
1512 1711 2021 1782 deniquepatcrnis

2131 1734 2260 1790 ρους
2293 1734 2353 1770 τε
2385 1717 2563 1771 αὐτῶν
2594 1719 2675 1780 εἰς
2704 1718 2868 1789 τιμὴν
2894 1720 2994 1790 τὴν
3019 1717 3198 1771 αὐτῶν
3224 1718 3505 1790 ὁμογενεῖς
3535 1719 3707 1788 ἀγγέ-

444 1802 688 1861 Eanum
736 1807 982 1863 omnium
1038 1807 1353 1863 nominibus
1406 1807 1720 1879 insignitus,
1759 1807 1904 1879 quod
1958 1809 2021 1864 ab

2126 1809 2251 1873 λους
2283 1807 2822 1880 συμπροϐεϐλῆσθαι.

445 1896 702 1953 omnibus
730 1899 932 1968 pariter
956 1900 1028 1956 sit
1053 1899 1108 1954 in
1137 1900 1314 1956 lucem
1346 1901 1544 1957 editus.
1579 1900 1686 1956 Sed
1713 1910 1767 1957 et
1825 1901 2147 1957 honorarios
2210 1902 2331 1972 ejus
2364 1900 2645 1969 satellites,
2679 1899 2923 1971 ejusdem
2958 1916 3080 1957 cum
3104 1901 3197 1957 illo
3258 1901 3471 1973 generis
3532 1916 3706 1972 ange-

436 1982 530 2049 los
550 1988 743 2045 eodem
770 1997 1018 2061 tempore
1044 1991 1364 2062 productos.

512 2077 658 2135 XIV.
696 2078 811 2136 Hoc
841 2082 1004 2153 igitur
1031 2081 1143 2138 fere
1176 2090 1349 2138 totum
1378 2092 1463 2140 est
1489 2084 1718 2140 interius
1741 2083 2017 2140 Pleroma-

442 2170 515 2229 tis
545 2171 1006 2241 instrumentum;
1041 2174 1153 2229 hac
1202 2176 1344 2231 male
1387 2174 1587 2239 affecti,
1617 2161 1680 2230 a'c
1726 2191 2016 2246 propemo-

439 2262 573 2319 dum
607 2265 864 2320 exstincti
909 2263 1104 2323 :Eo‘nis
1134 2267 1442 2333 calamitas,
1473 2266 1604 2322 dum
1630 2266 1685 2320 in
1716 2266 2023 2335 inquisitio-

439 2364 565 2407 nem
594 2366 717 2407 sese
744 2349 925 2407 Patris
947 2351 1235 2408 intendens
1254 2352 1607 2423 multiplicem
1648 2353 1702 2406 in
1738 2353 2019 2407 materiam

438 2444 791 2515 dispergitur.
822 2442 947 2500 Haec
970 2445 1265 2517 sexangula
1296 2444 1560 2509 Termini,
1595 2445 1756 2517 Styli,
1790 2446 2022 2501 Redem-

438 2531 637 2601 ptoris,
668 2530 955 2601 Carpistae,
1006 2530 1269 2588 Finitoris
1296 2548 1359 2589 ac
1388 2532 1747 2588 Traductoris
1796 2546 2025 2601 compa-

438 2621 570 2678 ctio.
605 2621 731 2677 Haec
758 2622 961 2691 prioris
988 2622 1189 2678 Christi
1219 2623 1504 2692 sanctique
1539 2621 1776 2692 Spiritus
1817 2638 1881 2677 ex
1915 2636 2024 2692 pm-

442 2713 674 2769 nitentia
718 2712 899 2770 Patris
953 2716 1163 2770 caeteris
1225 2715 1495 2771 Aﬂonibus
1546 2722 1707 2770 aetate
1754 2715 2026 2785 posterior

441 2802 719 2874 generatio
749 2819 763 2857 :
789 2817 852 2857 ac
883 2803 1111 2859 secundi
1142 2803 1372 2870 Christi,
1406 2818 1568 2873 quem
1600 2811 1654 2858 et
1685 2799 2021 2859 Salvatorem

437 2893 746 2959 nominant,
790 2908 857 2950 ex
909 2895 1136 2951 collecta
1184 2896 1325 2965 stipe
1369 2894 1600 2949 molitio.
1628 2893 1759 2961 Quae
1806 2895 2010 2960 omnia,

440 2994 542 3055 pro
571 3000 638 3042 eo
662 2985 810 3056 quod
839 3001 949 3040 non
984 3000 1175 3040 omnes
1195 2967 1263 3040 ad
1294 3000 1412 3040 eam
1446 2986 1811 3058 cognitionem
1834 2985 2015 3042 idonei

441 3074 642 3141 forent,
671 3091 784 3130 non
812 3084 998 3147 aperte
1028 3074 1353 3147 signiﬁcata,
1380 3076 1474 3131 sed
1498 3079 1733 3133 obscure
1755 3077 2017 3132 duntaxat
2045 3085 2089 3146 ο

439 3182 505 3222 ac
531 3182 627 3238 per
650 3169 937 3239 aenigmata
972 3168 1040 3224 iis
1072 3169 1163 3238 qui
1193 3169 1493 3241 intelligere
1515 3178 1739 3240 possent
1768 3184 1799 3224 a
1829 3167 2019 3224 Salva-

437 3263 559 3312 tore
610 3258 933 3314 adumbrata
982 3259 1311 3329 praedicant,
1358 3257 1427 3313 ad
1458 3275 1581 3315 eum
1618 3260 1867 3315 videlicet
1897 3273 2017 3312 mo-

439 3343 594 3401 dum.
625 3346 864 3403 Primum
896 3349 1121 3421 triginta
1155 3349 1279 3404 illos
1319 3347 1523 3408 Eones
1558 3351 1804 3417 totidem,
1837 3356 1897 3404 ut
1935 3349 2021 3401 di-

440 3436 643 3506 ximus,
671 3454 938 3494 anuorum
982 3440 1212 3494 indicari
1246 3457 1497 3504 numero.
1531 3442 1731 3513 quibus
1763 3440 1895 3494 nihil
1925 3454 2021 3510 pa-

441 3527 548 3582 lam
580 3535 795 3598 gestum
823 3543 853 3583 a
881 3527 1165 3586 Salvatore
1208 3530 1421 3595 dicunt,
1452 3530 1507 3586 in
1536 3532 1827 3586 vinitorum
1862 3546 2020 3601 para-

438 3617 564 3673 bola
608 3618 1095 3675 demonstratum‘.
1145 3620 1351 3679 Deinde
1396 3622 1622 3677 Paulum
1675 3623 2018 3690 apertissime

439 3708 660 3764 eosdem
692 3709 853 3780 180
891 3710 1013 3766 illos
1037 3711 1261 3778 Eones,
1292 3727 1356 3768 ac
1397 3727 1638 3783 persaepe
1680 3711 2015 3776 nominasse,

440 3804 605 3865 atque
633 3795 719 3851 bis
745 3798 907 3852 etiam
944 3798 1119 3855 verbis
1148 3815 1335 3854 eorum
1369 3800 1612 3854 ordinem
1638 3814 1887 3855 servasse
1911 3818 1925 3854 :
1950 3797 2017 3852 In

439 3902 616 3941 omnes
672 3890 1028 3958 generationes
1083 3891 1401 3946 sa'culorum
1445 3892 1627 3945 swculi
1668 3894 1710 3945 '.
1751 3890 2016 3949 Praeterea

439 3991 567 4031 cum
599 3978 654 4031 in
691 3979 988 4048 gratiarum
1023 3981 1239 4036 actione
1273 3996 1376 4037 nos
1411 3980 1485 4035 ita
1527 3980 1782 4044 dicimus.
1815 3979 1883 4034 In
1911 3996 2018 4034 sa:-

440 4068 563 4124 cula
612 4070 947 4136 sa'culorum,
993 4071 1173 4127 nullos
1217 4070 1353 4129 alios
1401 4072 1606 4129 {Eoues
1659 4072 2014 4142 signiﬁcare:

440 4157 771 4227 omninoque
814 4160 1028 4228 quoties
1073 4159 1218 4215 Eon
1268 4158 1543 4217 Eonesve
1583 4176 2020 4216 commemoran-

441 4258 555 4313 tur.
586 4265 717 4306 suos
758 4251 825 4306 ad
866 4251 989 4307 illos
1042 4252 1233 4309 referri
1282 4265 1506 4310 censent
1549 4263 1822 4325 oportere.
1866 4255 2017 4308 Illam

443 4355 573 4395 vero
602 4341 898 4397 dodecadis
926 4341 1165 4397 :Eonum
1200 4346 1643 4416 propagationem
1679 4345 2018 4402 duodenario

2188 2081 2285 2132 IA'.
2326 2078 2475 2149 Αὕτη
2512 2078 2610 2149 μὲν
2639 2072 2732 2133 οῦν
2762 2080 2908 2133 ἔστιν
2950 2080 2983 2151 ή
3029 2080 3181 2144 ἐντὸς
3207 2079 3580 2152 πληρώματος
3608 2084 3706 2145 ὐπ’

2120 2170 2298 2224 αὐτῶν
2343 2170 2608 2240 λεγομένη
2654 2171 3029 2242 πραγματεία.
3056 2173 3150 2226 καὶ
3176 2159 3221 2243 η’
3239 2172 3332 2226 τοῦ
3372 2173 3708 2240 πεπονθότος

2119 2262 2344 2327 Αίῶνος,
2377 2262 2470 2315 καὶ
2503 2259 2640 2331 μετὰ
2676 2261 2872 2333 μικρὸν
2891 2262 2913 2293 ⁸
2939 2261 3297 2326 ἀπολωλότος,
3330 2261 3407 2326 ὡς
3445 2266 3506 2317 ὲν
3532 2263 3705 2335 πολλῇ

2123 2350 2223 2422 ὕλῃ
2272 2349 2361 2404 διὰ
2408 2350 2636 2422 ζήτησιν
2675 2349 2773 2427 τοῦ
2819 2350 3032 2421 Πατρδς
3077 2351 3351 2423 συμφορὰ,
3381 2354 3479 2406 καὶ
3520 2354 3554 2425 ἡ
3605 2355 3705 2409 τοῦ

2126 2439 2316 2510 Ὅρου,
2345 2439 2439 2492 καὶ
2481 2438 2702 2499 Στύλου.
2733 2439 2829 2493 καὶ
2877 2439 3190 2510 Λυτρωτοῦ,
3222 2440 3316 2493 καὶ
3359 2442 3703 2513 Καρπιστοῦ,

2123 2528 2217 2581 καὶ
2258 2527 2559 2599 Ὀροθέτου,
2596 2530 2690 2583 καὶ
2719 2528 3099 2599 Μεταγωγέως
3124 2530 3233 2599 (76)
3255 2531 3527 2599 ὲξάγωνος
3563 2534 3706 2603 σύμ-

2123 2618 2330 2690 πηξιςτ,
2351 2621 2444 2672 καὶ
2478 2621 2510 2691 ή
2537 2620 2629 2672 τοῦ
2670 2619 2886 2691 πρώτου
2916 2621 3152 2692 Χριστοῦ
3185 2623 3280 2677 σὺν
3310 2622 3390 2693 τῷ
3420 2624 3706 2694 Πνεῦματι

2119 2708 2198 2779 τῷ
2235 2708 2376 2780 ἁγίῳ
2410 2711 2475 2762 ὲκ
2507 2710 2793 2780 μετανοίας
2825 2710 2929 2763 ὐπὸ
2966 2710 3058 2763 τοῦ
3080 2711 3308 2781 »Πατρὸς
3331 2710 3512 2764 αὐτῶν
3544 2729 3707 2782 μετα-

2118 2801 2413 2872 γενεστέρα
2459 2802 2568 2854 τῶν
2607 2801 2825 2855 Aldiva
2862 2802 3094 2870 γένεσις,
3125 2802 3217 2855 καὶ
3248 2804 3282 2873 ή
3324 2800 3420 2855 τοῦ
3445 2801 3704 2873 δευτέρου

2118 2892 2377 2965 Χριστοῦ,
2400 2893 2459 2946 ὃν
2488 2892 2581 2946 καὶ
2596 2892 2821 2965 Σωτῆρα
2849 2892 3120 2961 λέγουσιν,
3145 2893 3203 2961 ἐξ
3228 2895 3420 2965 ἐράνου
3448 2894 3705 2961 σύνθετος

2122 2987 2457 3056 κατασκευή.
2496 2983 2680 3037 Ταῦτα
2708 2984 2763 3037 δὲ
2793 2984 3043 3055 φανερῶς
3074 2985 3171 3055 μὲν
3209 2985 3283 3056 μὴ
3317 2985 3593 3057 εἰρῆσθαι,
3615 2987 3706 3040 διὰ

2118 3076 2180 3129 τὸ
2231 3076 2304 3147 μὴ
2340 3075 2549 3138 πάντας
2590 3076 2786 3147 χωρεῖν
2818 3074 2916 3145 τὴν
2936 3072 3166 3144 γνῶσιν,
3208 3075 3603 3146 μυστηριωδῶς
3645 3076 3704 3131 δὲ

2122 3167 2226 3221 ὐπὸ
2269 3165 2364 3219 τοῦ
2411 3166 2664 3237 Σωτῆρος
2708 3165 2798 3219 διὰ
2842 3164 3163 3237 παραϐολῶν
3215 3165 3557 3237 μεμηνῦσθαι
3590 3171 3705 3230 τοῖς

2123 3262 2322 3312 συνιεῖν
2370 3258 2688 3329 δυναμένοις
2731 3255 2923 3320 οὕτως.
2954 3256 3093 3320 Τοὺς
3147 3255 3245 3327 μὲν
3270 3256 3378 3326 γὰρ
3404 3256 3705 3325 τριάκοντα

2119 3351 2332 3414 Αίῶνας
2361 3349 2707 3421 μεμηνῦσθαι
2732 3348 2819 3402 διὰ
2842 3347 2949 3401 τῶν
2974 3348 3267 3420 τριάκοντα
3294 3347 3542 3411 ὲτῶν,ὠς
3569 3365 3704 3419 προ-

2121 3442 2356 3513 έφαμεν,
2382 3442 2438 3495 ὲν
2477 3434 2557 3503 οἷς
2587 3438 2739 3491 οὐδὲν
2768 3439 2825 3491 ἐν
2855 3437 3072 3509 φανερῷ
3101 3438 3366 3508 φάσκουσι
3393 3439 3704 3511 πεποιηκέ-

2119 3548 2208 3585 ναι
2240 3531 2331 3584 τὸν
2358 3530 2606 3601 Σωτῆρα,
2636 3529 2729 3583 καὶ
2750 3528 2839 3582 διά
2859 3529 2958 3598 τῆς
2983 3528 3295 3599 παραϐολῆς
3318 3528 3425 3581 τῶν
3449 3530 3705 3601 ἐργατῶν

2118 3621 2212 3675 τοῦ
2245 3619 2586 3692 ἀμπελῶνος.
2612 3618 2722 3672 Καὶ
2741 3618 2833 3672 τὸν
2853 3617 3063 3672 Παῦλον
3094 3617 3449 3689 φανερώτατα
3481 3619 3705 3687 λέγουσι

2118 3712 2308 3766 τούσδε
2360 3712 2570 3775 ⁴Αίῶνας
2606 3711 2890 3781 ὀνομάζειν
2924 3710 3202 3775 πολλάκις,
3234 3711 3315 3764 ἔτι
3360 3711 3418 3765 δὲ
3465 3711 3558 3765 καὶ
3600 3713 3705 3782 τὴν

2118 3806 2269 3869 τάξιν
2292 3804 2471 3858 αὐτῶν
2493 3802 2851 3873 τετηρηκέναι
2879 3802 3051 3867 οὕτως
3080 3803 3301 3857 εἰπόντα
3319 3820 3333 3832 ·
3366 3807 3473 3871 Εἰς
3499 3805 3708 3872 πάσας

2118 3897 2227 3961 τὰς
2254 3894 2462 3965 γενεὰς
2484 3893 2604 3947 τῶν
2630 3892 2859 3947 αἰώνων
2880 3894 2987 3948 τοῦ
3007 3892 3238 3959 αἰῶνος.
3258 3893 3417 3947 Ἀλλά
3436 3894 3530 3947 καὶ
3556 3896 3708 3967 ἡμᾶς

2121 3988 2215 4042 ἐπὶ
2241 3987 2340 4058 τῆς
2378 3985 2731 4056 εὐχαριστίας
2755 3984 3031 4054 λέγοντας,
3060 3989 3163 4052 Εἰς
3187 3985 3329 4051 τοὺς
3348 3985 3570 4052 αἰῶνας
3592 3985 3707 4040 τῶν

2119 4078 2368 4143 αἰώνων,
2404 4077 2646 4140 ἐκείνους
2675 4076 2804 4140 τοὺς
2839 4075 3052 4141 Αῑῶνας
3082 4077 3384 4149 σημαίνειν.
3422 4078 3535 4132 Καὶ
3566 4077 3707 4131 ὅπου

2119 4172 2264 4227 Aith
2298 4174 2330 4246 ἢ
2365 4174 2571 4236 Αἰῶνες
2598 4170 2973 4241 ὀνομάζονται,
3006 4168 3105 4239 τὴν
3140 4167 3415 4240 ἀναφορὰν
3442 4169 3523 4231 είς
3556 4168 3706 4251 ὲκεί-

2119 4282 2242 4328 νους
2272 4260 2411 4318 εἶναι
2441 4264 2652 4318 θέλουσι
2676 4280 2688 4293 ·
2721 4262 2817 4333 τὴν
2865 4260 2924 4313 δὲ
2952 4260 3053 4330 τῆς
3097 4259 3392 4323 δωδεκάδος
3424 4259 3533 4311 τῶν
3559 4260 3705 4313 Δίων

2120 4370 2226 4406 νων
2256 4351 2526 4424 προϐολὴν
2565 4350 2862 4423 μηνύεσθαι
2890 4349 2977 4404 διὰ
3001 4347 3093 4403 τοῦ
3119 4347 3420 4418 δωδεκαετῆ
3449 4347 3581 4402 ὅντα
3611 4348 3707 4403 τὸν

442 4446 712 4487 annorum
743 4432 972 4488 indicari
1008 4450 1256 4501 numero,
1283 4443 1416 4506 quot
1459 4451 1633 4492 annos
1676 4452 1800 4492 cum
1855 4445 2018 4495 natus

2123 4414 2327 4513 Κύριον
2356 4414 2704 4512 διαλεχθῆναι
2723 4444 2833 4505 τοῖς
2857 4439 3348 4511 νομοδιδασκάλοις,
3370 4414 3466 4493 καὶ
3491 4439 3583 4493 διὰ
3603 4442 3706 4511 τῆς

440 4532 590 4582 esset
642 4523 905 4581 Dominus
947 4542 1073 4582 cum
1126 4528 1259 4598 legis
1292 4528 1608 4583 doctoribus
1639 4526 2015 4599 disputabat’.

2123 4532 2231 4587 τῶν
2259 4532 2569 4586 ἀποστόλων
2602 4532 2853 4602 ἐκλογῆς.
2882 4530 3101 4585 Δώδεκα
3128 4530 3236 4602 γάρ
3262 4530 3571 4586 ἀπόστολοι.
3590 4532 3707 4585 Καὶ

439 4611 652 4680 Quibus
699 4621 753 4668 et
800 4615 1175 4684 apostolorum
1208 4617 1477 4672 delectum
1527 4617 1811 4687 adjiciunt,
1843 4619 2017 4688 siqui-

2123 4626 2247 4689 τοὺς
2275 4625 2495 4689 λοιποὺς
2536 4625 2810 4679 δεκαοκτὼ
2842 4624 3055 4687 Αἰῶνας
3088 4622 3449 4694 φανεροῦσθαι
3483 4620 3574 4675 διά
3605 4621 3704 4676 τοῦ

436 4705 559 4762 dem
579 4698 654 4762 illi
677 4704 965 4762 duodecim
996 4707 1384 4763 exstiterunt‘.
1417 4707 1675 4779 Reliquos
1698 4724 1860 4779 porro
1882 4709 2016 4765 Aio-

2124 4711 2261 4785 μετά
2292 4714 2392 4785 τὴν
2437 4716 2501 4768 ἐκ
2531 4715 2741 4785 νεκρῶν
2768 4714 3062 4768 ἀνάστασιν
3105 4711 3379 4766 δεκαοκτὼ
3430 4712 3567 4784 μησὶ⁹
3617 4711 3702 4765 λέ-
3748 4720 3754 4725 ’

438 4813 538 4853 nes
566 4797 936 4869 duodeviginti
965 4800 1019 4855 in
1043 4816 1107 4855 eo
1127 4801 1529 4871 repraesentari,
1549 4801 1693 4871 quod
1725 4800 1794 4856 ab
1822 4817 2008 4857 resur-

2123 4822 2231 4874 γειν
2278 4804 2677 4878 διατετριφέναι
2725 4805 2887 4860 αὐτὸν
2942 4806 3037 4859 σὺν
3088 4808 3199 4868 τοῖς
3233 4804 3521 4875 μαθηταῖς.
3540 4803 3704 4858 Ἀλλά

439 4888 682 4945 rectione
710 4906 810 4946 sua
842 4891 1086 4956 totidem,
1125 4900 1183 4945 ut
1217 4903 1490 4960 asserunt,
1524 4906 1742 4950 menses
1771 4909 1897 4951 cum
1928 4892 2012 4952 di-

2123 4897 2213 4949 καὶ
2244 4894 2332 4949 διὰ
2362 4895 2469 4949 τῶν
2500 4896 2925 4969 προηγουμένων
2966 4895 3059 4948 τοῦ
3099 4895 3359 4966 ὀνόματος
3398 4892 3563 4947 αὐτοῦ
3611 4894 3704 4947 δύο

437 4982 665 5052 scipulis
722 4990 1094 5039 commoratus
1136 4992 1240 5038 est.
1270 4983 1381 5039 lmo
1440 4992 1494 5039 et
1552 4983 1829 5055 prioribus
1876 4986 2011 5043 dua-

2123 4988 2481 5059 γραμμάτων,
2517 4988 2611 5043 τοῦ
2639 5007 2699 5041 τε
2756 4989 2888 5043 ἰῶτα
2939 4988 3032 5042 καὶ
3078 4988 3172 5042 τοῦ
3217 4982 3342 5058 ἦτα,
3379 4987 3503 5051 τοὺς
3539 4987 3701 5041 δεκα-

435 5071 540 5128 bus
586 5072 731 5129 illius
777 5075 1013 5131 nominis
1059 5075 1254 5131 litteris
1284 5094 1301 5128 l.
1334 5082 1385 5130 et
1417 5094 1449 5146 η
1484 5076 1772 5132 manifeste
1795 5079 2016 5135 octode-

2123 5076 2260 5131 οκτὼ
2300 5078 2512 5143 Λὶῶνας
2552 5080 2809 5151 εὐσήμως
2867 5079 3186 5150 μηνύεσθαι.
3235 5079 3348 5132 Καὶ
3393 5077 3520 5142 τοὺς
3566 5077 3698 5132 δέκα

436 5162 543 5217 cim
570 5157 777 5219 Eones
804 5166 1058 5236 exprimi.
1098 5163 1235 5221 Nam
1268 5166 1415 5221 illam
1466 5166 1705 5221 Eanum
1755 5169 2015 5228 decadem

2123 5170 2327 5237 Λίῶνας
2356 5174 2619 5238 ὡσαύτως
2660 5174 2748 5228 διά
2791 5172 2886 5229 τοῦ
2952 5174 3086 5228 ἰῶτα
3116 5174 3465 5245 γράμματος,
3496 5170 3524 5225 ὃ
3557 5188 3693 5243 προ.

437 5250 614 5321 pritno
664 5253 900 5309 nominis
934 5255 1205 5312 elemento
1244 5254 1558 5311 adumbrari
1598 5264 1793 5329 putant
1832 5260 2014 5317 :ideo—

2123 5268 2327 5336 ηγεῖται
2370 5266 2463 5321 τοῦ
2501 5268 2761 5340 ὀνόματος
2808 5267 3001 5323 αὐτοῦ.
3025 5268 3346 5339 σημαίνουσι
3377 5263 3697 5334 λέγεσθαικ·

511 5404 758 5495 ξῌξίαιιὴη.
786 5378 1122 5495 ξξζιειιιη..
1146 5412 1175 5495 ξ
1206 5409 1405 5495 Ephrs:
1441 5425 1522 5473 Ill,
1556 5409 1680 5495 θρα
1702 5412 1723 5443 ³
1752 5409 2021 5495 Lucan...

2123 5486 2137 5495 _
2165 5418 2202 5495 f
2233 5418 2417 5474 Matth.
2485 5438 2540 5490 ι,
2594 5423 2629 5477 2
2676 5439 2797 5495 sqq.
2892 5423 2914 5454 ⁸
2939 5420 2997 5475 F.
3034 5422 3343 5494 πρόϐλημα.
3415 5421 3436 5452 ⁸
3464 5418 3525 5474 F.
3555 5420 3700 5475 κατὰ

437 5474 656 5547 μικρόν.
730 5475 749 5506 ⁷
785 5474 926 5531 iren.
948 5474 1517 5550 καὶάἱώνων.’σύμπ.
1592 5480 1615 5512 ⁸
1638 5478 1701 5536 Ρ.
1734 5474 2090 5554 σημαίνεσθαι
2123 5486 2359 5559 λέγουσι.

492 5629 622 5714 ⁹(76)
642 5630 804 5714 ,Ἒέᾴ

492 5633 622 5714 ⁹(76)
658 5633 992 5756 Ἐειῇθωνος
1024 5633 1348 5713 σύμπηξις.
1384 5634 1545 5689 Vetus
1571 5635 1713 5691 lt'en.
1747 5636 2012 5709 interpres

440 5699 739 5769 συμπηξις.
824 5718 908 5757 am
936 5706 1003 5760 de
1032 5700 1301 5759 Eoutbus
1334 5708 1447 5769 par‘
1568 5720 1648 5760 ηις
1714 5706 1915 5765 dictum
1972 5729 2021 5769 ea

2123 5651 2136 5701 ι
2182 5649 2400 5707 Δίώνων
2447 5652 2643 5723 legisse
2706 5650 2938 5707 videtur.
2983 5648 3142 5705 Forte
3172 5647 3274 5716 ἔξω
3300 5646 3408 5701 τῶν
3467 5644 3697 5701 Aid-Vw

824 5718 908 5757 am
936 5700 1003 5760 de
1032 5700 1301 5759 Eouibus
1334 5708 1447 5769 put"
1568 5720 1648 5760 ηις
1714 5700 1915 5765 dictum
1972 5722 2075 5770 est.
