4004 6152
48 0 455 33 --ν-ὲ--ῂ--τ-ἮἹ.

404 195 507 253 505

344 366 358 383 η
400 324 512 370 tum
589 330 713 375 cum
762 304 969 378 diceret
1012 343 1024 378 :
1088 318 1453 387 Vcnlilabrum
1494 336 1546 390 in
1596 356 1753 396 manu
1789 346 1839 415 ε]

393 405 641 476 purgabit
686 417 887 478 arcam,
941 427 988 469 et
1033 417 1366 493 congregabit
1415 431 1649 486 triticum
1674 435 1728 489 in
1778 440 1988 509 horrea,

393 494 572 559 paleas
601 509 777 553 autent
802 502 1068 561 comburat
1097 511 1206 581 igni
1230 514 1654 589 inexstinguibili
1692 529 1732 583 ⁸.
1778 529 1989 597 Quibus

397 581 673 656 proprium
698 586 830 648 Ποιὶ
854 612 1054 656 munus
1081 607 1429 674 exprimitur.
1458 612 1593 669 Nam
1620 620 1983 681 ventilabrum

394 676 527 735 illud
560 699 684 740 esse
718 701 939 746 crucem
974 685 1406 767 interpretantur
1442 726 1455 761 :
1496 726 1619 780 quae
1647 730 1834 772 crassa
1867 734 1987 776 om-

394 769 505 834 nia,
530 782 726 831 etcum
746 782 972 836 materia
999 797 1278 855 concreta,
1310 796 1459 851 velut
1480 800 1711 870 stipulas
1745 804 1980 878 ﬂamma,

392 864 713 932 consumit;
758 883 853 925 eos
900 887 1027 928 vero
1060 876 1151 945 qui
1196 879 1426 937 salutem
1472 864 1874 962 adipiscuntur,
1903 900 1980 952 uti

394 968 605 1012 vannus
637 958 933 1030 frumenta,
974 980 1290 1042 perpurgat.
1327 974 1406 1031 Ad
1446 958 1820 1045 ‘haeciPaulum
1844 1005 1980 1060 quo-

392 1061 498 1113 que
526 1046 593 1104 de
637 1066 702 1106 ea
744 1067 909 1112 cruce
958 1061 1291 1121 mentionem
1324 1065 1518 1126 fecisse
1558 1075 1650 1131 illo
1706 1078 1825 1135 loco
1852 1098 1980 1138 nar-

392 1146 561 1195 rant:
609 1158 735 1199 nam
788 1149 970 1206 crucis
1012 1154 1329 1222 praedicatio
1360 1166 1713 1230 pereuntibus
1754 1171 1974 1239 quidem

390 1232 621 1290 stultitia
645 1244 750 1304 est,
782 1239 853 1296 iis
882 1253 1064 1300 autem
1092 1248 1188 1318 qui
1221 1251 1527 1321 salvantur,
1561 1266 1619 1311 ut
1650 1261 1832 1326 nobis,
1865 1266 1975 1319 vir-

391 1334 477 1381 tus
517 1325 609 1382 Dei
635 1332 654 1361 ’
686 1348 702 1397 ;
737 1345 801 1388 ac
853 1349 1071 1393 rursum
1103 1340 1276 1397 :Milu'
1310 1361 1426 1400 vero
1452 1349 1589 1404 absit
1614 1352 1840 1421 gloriari
1872 1359 1976 1414 nisi

386 1418 441 1471 in
475 1435 627 1476 cruce
648 1421 797 1491 Iesu,
826 1443 920 1496 per
945 1447 1096 1500 quem
1129 1435 1260 1490 mihi
1289 1440 1514 1495 mundus
1552 1445 1837 1506 cruciﬁxus
1869 1461 1969 1517 est,

384 1521 433 1563 et
463 1529 556 1583 ego
599 1516 794 1572 mundo
821 1520 861 1577 ³.
908 1520 1193 1593 Ejusmodi
1238 1538 1371 1584 sunt
1412 1549 1533 1602 quae
1576 1533 1639 1590 de
1673 1538 1972 1607 pleromate

383 1613 508 1663 suo,
534 1616 599 1656 ac
623 1609 998 1665 commentitia
1028 1611 1211 1670 fabula
1237 1622 1601 1677 communiter
1622 1626 1690 1680 ab
1711 1632 1967 1688 omnibus

382 1692 717 1764 traduntur;
762 1700 965 1770 quibus
1010 1707 1247 1774 pessime
1294 1724 1325 1764 a
1368 1728 1428 1769 se
1459 1717 1780 1789 echgitatis
1832 1738 1970 1795 prae-

378 1784 529 1841 clare
561 1784 633 1841 ab
668 1790 792 1847 aliis
826 1794 969 1849 dicta
1001 1798 1270 1856 violenter
1300 1809 1742 1866 accommodant.
1779 1812 1969 1885 Neque

377 1889 444 1929 ex
474 1881 809 1950 evangelicis
838 1886 1015 1940 solum
1065 1894 1495 1966 apostolicisque
1526 1901 1684 1972 182
1712 1881 1964 1976 ‘scriptis,

379 1982 616 2035 quorum
671 1972 1156 2046 interpretationes
1217 1986 1584 2060 detorquent,
1643 2004 1710 2052 a‘c
1767 2013 1964 2057 sensus

378 2057 726 2133 adulteram,
780 2068 1023 2128 rationes
1082 2082 1137 2129 et
1204 2057 1529 2149 argumenta
1583 2090 1960 2164 conquirunt;

375 2164 564 2206 verum
593 2155 759 2211 etiam
787 2173 851 2214 ex
883 2160 999 2233 lege
1028 2179 1091 2220 ac
1114 2171 1395 2249 prophetis
1423 2191 1734 2248 arcessunt,
1775 2193 1964 2256 utpote

375 2256 609 2309 quorum
663 2246 788 2303 libri
826 2253 1106 2320 parabolis
1144 2268 1199 2316 et
1245 2246 1527 2337 allekoriis
1584 2246 1773 2331 referti
1808 2246 1958 2349 sunt,

369 2613 660 2671 trocinium
694 2618 1016 2693 abutantur,
1048 2645 1255 2702 eosque
1290 2639 1387 2707 qui
1425 2640 1478 2695 in
1524 2643 1694 2702 Deum
1740 2648 1955 2715 Patrem

367 2706 816 2780 omnipotentem,
847 2724 903 2773 et
933 2735 1100 2778 unum
1132 2724 1424 2787 Dominum
1449 2732 1633 2793 Jesum
1675 2740 1954 2802 Christum

368 2793 563 2852 Filium
617 2799 710 2858 Dei
758 2807 1011 2867 stabilem
1058 2812 1385 2892 firmamque
1424 2824 1584 2883 fidem
1627 2847 1738 2888 non
1768 2844 1955 2893 custo-

363 2888 543 2958 diunt,
579 2907 612 2948 a
644 2899 870 2957 veritate
908 2905 1053 2962 velut
1082 2888 1330 2982 captivos
1364 2928 1634 2980 avertant.

434 2982 574 3038 XVI.
607 2986 726 3044 Jam
780 3009 901 3064 quae
929 3007 1085 3056 extra
1135 3004 1376 3074 pleroma
1411 3022 1541 3069 sunt
1588 3019 1658 3075 ab

363 3076 526 3133 modo
557 3083 1012 3147 constituuntur:
1046 3093 1430 3170 Enthymesin,
1463 3105 1566 3163 hoc
1600 3121 1683 3167 est

362 3171 586 3236 tionem,
630 3176 873 3236 caelestis
908 3182 1056 3242 illius
1107 3188 1402 3260 Sapientia:
1450 3200 1648 3271 ferunt,
1691 3171 1855 3279 quam
1895 3223 1949 3268 ct

358 3260 663 3320 Achamoth
694 3283 1038 3343 nuncupant,
1072 3295 1103 3333 a
1142 3282 1442 3352 pleromate
1486 3307 1608 3348 cum
1663 3260 1948 3367 perturba-

358 3352 508 3410 tione
533 3369 874 3432 segregatam
908 3365 963 3421 in
995 3373 1252 3430 umbrosa
1282 3387 1336 3433 et
1372 3381 1557 3440 inania
1589 3387 1708 3442 loca
1747 3392 1948 3449 violen-

359 3455 442 3502 ter
466 3449 701 3518 ejectam
758 3456 947 3515 fuisse.
983 3461 1263 3536 Siquidem
1294 3482 1449 3530 extra
1499 3478 1684 3536 lumen
1725 3499 1789 3539 ac
1825 3487 1942 3556 ple-

357 3554 532 3610 roma,
568 3544 716 3601 velut
747 3549 974 3611 abortus
1006 3559 1252 3629 quidam,
1285 3564 1536 3627 informis
1568 3581 1733 3645 atque
1767 3544 1944 3650 inipo-

356 3627 452 3686 lita
488 3638 834 3707 constiterat,
890 3627 1039 3716 quod
1081 3627 1486 3713 nihilomnino
1523 3627 1807 3734 percipere
1841 3627 1940 3739 po-

328 3724 573 3782 »tuisset.
599 3730 781 3801 Hujus
809 3735 1188 3797 misericordia
1205 3724 1858 3826 permotum-Christum:
1874 3777 1940 3819 ac

353 3831 448 3883 per
479 3831 701 3876 crucem
732 3838 946 3883 suamet
984 3831 1187 3891 virtute
1217 3850 1554 3911 porrectum,
1586 3862 1707 3904 eam
1736 3865 1935 3913 natura

348 3915 510 3964 tenus
534 3927 643 3967 non
670 3914 857 3973 itidem
880 3926 1193 3995 cognitione
1219 3930 1513 4006 figurasse;
1540 3955 1714 4013 eaque
1739 3961 1798 4002 re
1820 3964 1936 4018 per-

1257 3997 1282 4003 -
1499 3997 1511 4006 ι
1622 3997 1641 4013 ι
1693 3997 1709 4000 '
1742 3997 1754 3999 “
1775 3997 1794 4002 '
1820 3997 1905 4018 Ι’“”“

350 3997 510 4065 t'ecta,
561 4017 627 4058 ac
660 4006 863 4066 virtute
910 4027 1010 4069 sua
1055 4026 1363 4090 contracta,
1423 4031 1608 4085 statim
1660 4038 1930 4105 evolasse,

344 4104 468 4144 cum
504 4092 579 4148 ita
608 4110 727 4151 eam
758 4101 1098 4177 reliquisset,
1129 4118 1187 4165 ut
1212 4115 1543 4175 calamitatis
1571 4138 1684 4179 sua:
1705 4140 1928 4183 sensum

343 4182 592 4251 capiens,
626 4190 773 4256 quod
804 4208 833 4245 ιι
870 4195 1172 4263 pleromate
1197 4215 1344 4260 esset
1375 4213 1634 4281 extorris,
1665 4231 1931 4285 praesuin-

343 4273 547 4329 tiorum
586 4280 887 4348 cupiditate
924 4296 1225 4360 teneretur,
1262 4312 1385 4353 cum
1423 4301 1540 4370 jam
1577 4307 1747 4363 odore
1794 4328 1930 4381 quo-

1726 3117 1949 3189 Cogita-

340 4462 462 4511 stus
496 4472 561 4511 ac
584 4458 822 4529 Spiritus
852 4477 1080 4527 sanctus
1102 4475 1373 4546 reliquera

338 4547 604 4615 appellari
653 4554 989 4616 nominibus.
1041 4561 1177 4619 Nam
1221 4576 1275 4623 et
1321 4569 1360 4625 S

334 4642 704 4710 appellatione
741 4646 871 4718 dici,
910 4654 1057 4723 quod
1106 4658 1226 4728 ejus
1264 4642 1470 4725 Parens
1507 4642 1788 4745 Sapietitia
1824 4642 1920 4736 vo:

326 4738 529 4788 cetur:
557 4743 611 4791 et
648 4736 911 4809 Spiritum
938 4761 1210 4823 sanctum,
1236 4758 1303 4813 ab
1324 4774 1390 4815 eo
1417 4763 1511 4832 qui
1541 4736 1666 4821 cum
1696 4768 1919 4829 Christo

331 4825 668 4895 conjunctus
697 4841 785 4889 est
817 4835 1042 4907 Spiritu.
1079 4843 1124 4897 Α
1154 4850 1355 4915 quibus
1387 4825 1584 4927 edicta,
1616 4860 1919 4935 intelligcn~

333 4918 515 4988 tiaque
545 4920 826 4993 decorata,
873 4931 969 4986 sed
1001 4950 1067 4991 eo
1115 4940 1368 5012 subinde,
1418 4951 1562 5017 quod
1608 4953 1663 5009 iu
1695 4957 1785 5010 illa
1816 4974 1916 5015 nec

330 5015 666 5080 nspeetabile
700 5020 895 5093 inerat,
920 5022 1123 5098 Verbo,
1147 5026 1251 5089 hoc
1278 5046 1362 5092 est
1383 5015 1625 5109 Christo,
1657 5050 1910 5119 spoliata,

332 5204 449 5250 nem
487 5198 751 5270 impetum
782 5213 1115 5283 contulisse;
1150 5219 1247 5275 sed
1277 5223 1348 5277 ab
1393 5198 1542 5282 [loro
1580 5232 1910 5299 prohibitam

328 5285 459 5342 nihil
503 5297 766 5365 consequi
806 5305 1068 5368 potuisse.
1118 5309 1237 5377 Quo
1292 5322 1537 5388 tempore
1577 5325 1895 5397 contigisse,

480 5498 668 5579 Matth:
722 5518 803 5570 ιιι,
849 5506 952 5573 12;
1009 5506 1140 5570 Luc.
1176 5534 1256 5579 ut.
1319 5516 1404 5577 16.

324 5564 344 5599 ³
370 5564 505 5643 ire".
541 5564 874 5643 κενώματος.
942 5564 966 5609 ³⁷
1004 5582 1143 5640 lreu.

322 5654 353 5693 α
366 5639 577 5712 ιρὰτως.

1510 5529 1528 5557 ³
1560 5525 1578 5580 1
1608 5528 1733 5584 Cor.
1786 5546 1824 5593 1,
1855 5534 1945 5591 23.

1789 226 1843 283 8.
1889 228 2132 290 ΕΡΙΡΠΑ
2145 236 2235 292 Nil

3585 269 3696 334 θοι

1842 363 1903 403 us
1946 358 1996 403 et
2026 356 2070 413 Α
2100 356 2172 411 ἐν
2214 359 2291 429 τῇ
2322 366 2474 432 χειρὶ
2527 369 2735 438 αὐτοῦ,
2768 376 2864 431 καὶ
2908 378 3276 452 διακαθαριεῖ
3300 385 3405 455 τὴν
3458 388 3693 456 ἅλωνα,

2095 450 2194 504 καὶ
2220 454 2478 521 συνάξει
2507 462 2614 516 τὸν
2644 465 2819 522 σῖτον
2844 472 2933 535 εἰς
2967 472 3085 541 τὴν
3115 476 3432 549 ἀποθήκην
3458 486 3652 542 αὐτοῦ
3668 507 3687 522 ·

2092 541 2157 593 τὸ
2192 541 2261 596 δὲ
2288 545 2521 617 ἄχυρον
2549 560 2915 614 κατακαύσει
2941 565 3084 629 πυρὶ
3122 541 3417 635 ἀσϐέστῷ.
3447 575 3557 628 Καὶ
3595 541 3687 634 διὰ

2089 635 2282 691 τούτου
2306 640 2404 713 τὴν
2438 646 2722 717 ἐνέργειαν
2748 652 2842 706 τοῦ
2877 656 3045 728 Ὄρου
3081 666 3475 732 μεμηνυκέναι.
3506 669 3684 723 Πτύον

2086 727 2197 805 ⁸γὰρ
2256 731 2466 789 ἐκεῖνον
2494 742 2516 769 ⁵
2554 740 2646 794 τὸν
2688 745 2918 815 σταυρὸν
2952 727 3364 821 ἑρμηνεύουσιν
3411 753 3570 823 εἶναι,
3627 754 3681 814 δυ

2084 804 2149 892 δὴ
2175 822 2271 876 καὶ
2301 825 2614 886 ἀναλίσκειν
2646 835 2715 889 τὰ
2762 804 2922 893 ὑλικά
2955 804 3156 910 πάντα,
3184 844 3272 909 ὡς
3312 846 3491 920 ἄχυρα
3528 804 3643 922 τέῦρ
3662 870 3677 883 ο

2084 913 2367 987 ιταθαίρειν
2408 921 2467 975 δὲ
2495 925 2623 989 τοὺς
2666 929 3025 1001 σωζομένους,
3061 936 3133 999 ὡς
3168 937 3229 991 τι
3273 939 3440 994 πτύον
3466 941 3559 995 τὸν
3596 946 3677 997 σῖ-
3756 978 3763 987 ι

2080 1021 2192 1060 τον.
2232 1008 2444 1064 Παῦλον
2490 1013 2545 1068 δὲ
2573 1016 2667 1071 τὸν
2702 1020 3004 1079 ἀπόστολον
3048 1028 3143 1081 καὶ
3168 1030 3332 1085 αὐτὸν
3372 1032 3677 1108 ἐπιμεμνῆ-

2083 1098 2307 1155 σκεσθαι
2328 1102 2518 1158 τούτου
2537 1107 2630 1160 τοῦ
2657 1112 2888 1184 σταυροῦ
2912 1114 3159 1186 λέγουσιν
3179 1119 3353 1186 οὕτως
3375 1140 3389 1155 ο
3434 1125 3491 1179 '0
3514 1125 3677 1194 λόγος

2080 1174 2189 1263 γάρ
2235 1195 2264 1246 ὁ
2295 1194 2389 1247 τοῦ
2438 1198 2675 1271 σταυροῦ
2723 1174 2837 1269 rei;
2887 1174 2995 1276 μὲν.
3040 1210 3435 1285 ἀπολλυμένοις
3489 1220 3675 1290 μωρέα

2078 1279 2218 1347 ἐστὶ,
2270 1287 2382 1349 τοῖς
2419 1287 2478 1340 δὲ
2531 1289 2861 1363 σωζομένοις
2909 1300 3041 1370 ἡμῖν
3092 1301 3324 1375 δύναμις
3361 1307 3531 1361 Θεοῦ·
3577 1311 3673 1364 καὶ

2076 1371 2241 1429 πάλιν
2261 1390 2273 1402 ·
2320 1377 2480 1446 Ἐμοὶ
2511 1380 2580 1433 δὲ
2601 1382 2688 1452 μὴ
2716 1385 2947 1454 γένοιτο
2986 1391 3058 1445 ἐν
3076 1371 3297 1464 μηδενὶ
3325 1399 3669 1469 καυχᾶσθαι

2072 1461 2127 1514 εὶ
2153 1461 2240 1532 μὴ
2278 1464 2349 1518 ἐν
2377 1466 2458 1533 τῷ
2490 1471 2732 1539 σταυρῷ
2769 1477 2896 1531 τοῦ.
2925 1461 3159 1549 Ἰησοῦ,
3186 1484 3263 1539 δι’
3291 1483 3364 1543 οὖ
3402 1461 3533 1558 sit-ot
3566 1496 3670 1545 xc?-

2072 1569 2228 1624 σμος
2273 1558 2661 1629 ἐσταύρωται,
2694 1567 2857 1637 κάγὼ
2895 1571 2978 1637 τῷ
3031 1578 3257 1645 κόσμῳ.
3297 1580 3535 1636 Τοιαῦτα
3565 1584 3667 1654 μὲν

2071 1644 2177 1708 οὖν⁵
2193 1652 2321 1722 περὶ
2347 1653 2711 1728 πληρώματος
2733 1661 2914 1717 αὐτῶν
2940 1667 3034 1720 καὶ
3057 1666 3153 1720 τοῦ
3186 1670 3503 1743 πλάσματος
3528 1677 3667 1730 πάν-

2071 1758 2161 1806 τες
2193 1743 2461 1814 λέγουσιν,
2487 1750 2806 1822 ὲφορμίζειν
2830 1757 2851 1788 ⁸
2875 1758 3185 1831 βιαζόμενοι
3207 1764 3276 1818 τὰ
3305 1766 3489 1830 καλῶς
3518 1771 3667 1841 εἰρη-

2074 1832 2211 1903 μένα
2243 1839 2358 1902 τοῖς
2401 1842 2588 1906 κακῶς
2618 1845 3061 1920 ὲπινενοημένοις
3094 1853 3187 1907 ὑπ’
3226 1856 3427 1911 αὐτῶν.
3460 1860 3572 1914 Καὶ
3599 1862 3662 1915 οὐ

2074 1926 2234 1994 μόνον
2258 1929 2323 1982 ἐκ
2351 1931 2459 1986 τῶν
2491 1935 2868 2006 εὐαγγελικῶν
2891 1942 2985 1996 καὶ
3011 1944 3119 1999 τῶν
3138 1947 3517 2007 ἀποστολικῶν
3543 1970 3665 2006 πει-

2072 2017 2272 2088 ρῶνται
2300 2022 2400 2087 τὰς
2429 2025 2734 2095 ἀποδείξεις
2765 2035 3057 2102 ποιεῖσθαι,
3092 2040 3536 2113 παρατρέποντες
3561 2045 3664 2110 τὰς

2066 2111 2383 2185 ἑρμηνείας,
2418 2121 2513 2173 καὶ
2547 2123 2997 2197 ρᾳδιουργοῦντες
3022 2132 3121 2195 τὰς
3161 2111 3486 2207 ἐξηνήσειςο
3521 2137 3664 2196 ἀλλά

2065 2205 2162 2258 καὶ
2190 2209 2256 2261 ἐκ
2276 2208 2440 2281 νόμου
2465 2215 2560 2267 καὶ
2584 2219 2902 2290 προερητῶν,
2935 2220 3031 2275 ἆτε
3072 2224 3285 2279 πολλῶν
3327 2230 3659 2298 παραϐολῶν

2065 2300 2157 2352 καὶ
2187 2300 2527 2375 ἀλληγοριῶν
2557 2309 2884 2381 εἰρημένων,
2917 2315 3011 2368 καὶ
3036 2318 3117 2381 εἰς
3153 2319 3326 2373 πολλά
3365 2321 3548 2379 ἕλκειν
3568 2326 3661 2380 δυο

2062 2390 2313 2463 ναμένων
2354 2397 2415 2451 τὸ
2460 2400 2760 2470 ἀμφίϐολον
2801 2404 2887 2459 διὰ
2918 2408 3018 2478 τῆς
3064 2407 3396 2483 ἐξηγήσεως.
3436 2416 3659 2489 Ἕτεροι

2059 2480 2136 2547 δὲ,
2165 2483 2353 2550 δεινῶς
2398 2488 2476 2560 τῷ
2517 2490 2796 2564 πλάσματι
2829 2497 3008 2551 αὐτῶν
3048 2502 3144 2553 καὶ
3175 2502 3364 2568 δολίως
3410 2506 3646 2579 ἐφαρμὸυ

1936 2593 1958 2604 ο
2060 2568 2267 2642 ζοντες,
2302 2577 2796 2649 αἰχμαλωτίζουσιν
2835 2588 2943 2641 ἀπὸ
2989 2590 3092 2661 τῆς
3128 2591 3387 2663 ἀληθείας
3415 2568 3654 2671 τόὺῖμὴ

2059 2664 2281 2735 ἑδραίαν
2319 2670 2419 2742 τὴν
2447 2672 2628 2728 πίστιν
2656 2677 2736 2740 είς
2773 2679 2869 2733 ἕνα
2911 2682 3044 2736 Θεὸν
3072 2684 3293 2758 Πατέρα
3337 2664 3657 2763 παποκράλ

2055 2774 2209 2830 τορα,
2236 2761 2332 2814 καὶ⁵
2359 2765 2442 2827 είς
2480 2765 2576 2820 ἕνα
2612 2768 2819 2842 Κύριον
2861 2772 3069 2845 Ἰησοῦν
3098 2777 3336 2849 Χριστὸν
3382 2780 3515 2837 Υἰὺν
3556 2761 3653 2840 τοῦ

2055 2849 2191 2904 θεοῦ
2220 2851 2706 2925 διαφυλάσσοντας.

1707 3023 1814 3081 illis
1846 3025 1949 3085 hoc
1975 3052 2020 3112 ε
2127 3038 2246 3106 ις’.
2274 3039 2355 3094 Τὰ
2385 3040 2443 3094 δὲ
2489 3042 2648 3109 ἐκτὸς
2683 3044 2778 3099 τοῦ
2827 3045 3193 3122 πληρώματος
3239 3052 3513 3127 λεγόμενα
3553 3058 3651 3111 ὑπ’

2054 3129 2232 3184 αὐτῶν
2265 3133 2378 3186 ἐστι
2433 3136 2697 3192 τοιαῦτα⁸
2743 3140 2843 3210 τὴν
2886 3141 3214 3216 Ἐνθύμησιν
3258 3148 3359 3219 τῆς
3390 3149 3503 3203 ἄνω
3549 3151 3648 3204 Σο-

2051 3222 2200 3291 φίας.
2236 3224 2303 3294 ἣν
2355 3226 2452 3281 καὶ
2492 3228 2746 3300 ’Λχαμὼθ
2784 3232 3063 3299 καλοῦσιν,
3109 3237 3500 3310 ἀφορισθεῖσαν
3546 3243 3647 3299 τοῦ

2050 3313 2422 3387 πληρώματος
2478 3321 2575 3374 σὺν
2602 3321 2681 3393 τῷ
2718 3323 2881 3378 πάθει
2934 3324 3186 3395 λέγουσιν
3216 3332 3275 3383 ἐν
3321 3336 3503 3398 σκιαῖς
3549 3338 3645 3391 καὶ

2051 3407 2407 3479 σκηνώματος
2452 3412 2473 3443 ⁸
2518 3413 2704 3479 τόποις
2752 3417 3120 3490 ἐκϐεϐράσθαι
3176 3423 3320 3476 κατά
3369 3425 3641 3500 ἀνάγκην.

2051 3498 2198 3563 Ἔξω
2229 3500 2337 3571 γὰρ
2375 3504 2553 3571 φωτὸς
2594 3507 2810 3575 ἐγένετο
2844 3511 2940 3564 καὶ
2981 3512 3349 3585 πληρώματος
3393 3498 3642 3590 ἄμορφος

2046 3590 2141 3644 καὶ
2172 3591 2428 3658 ἀνείδεος,
2463 3593 2652 3669 ὥσπερ
2691 3599 2973 3673 ἕκτρωμα,
3010 3603 3100 3658 διὰ
3138 3605 3200 3660 τὸ
3240 3608 3410 3680 μηδὲν
3454 3627 3640 3665 κατει-

2043 3682 2293 3754 ληφέναι.
2350 3687 2710 3760 υἰκτείραντά
2736 3709 2797 3745 τε
2846 3695 3016 3768 αὐτὴν
3054 3697 3147 3752 τὸν
3174 3700 3412 3771 Χριστὸν
3443 3703 3491 3769 ⁷,
3543 3706 3636 3758 καὶ

2040 3774 2130 3830 διὰ
2167 3775 2533 3849 τοῦσταυροῦ
2568 3782 2939 3841 ὲπεκταθέντα
2968 3791 3033 3861 τῇ
3072 3790 3178 3863 ἰδίᾳ
3215 3790 3463 3863 δυνάμει,
3503 3813 3634 3869 μορο

2040 3866 2221 3934 φῶσαι
2251 3869 2534 3941 μόρφωσιν
2568 3873 2669 3945 τὴν
2699 3877 2820 3928 κατ’
2850 3876 3038 3931 οὐσίαν
3073 3881 3254 3951 μόνον,
3285 3882 3402 3937 ἀλλ’
3430 3887 3490 3938 οὐ
3534 3887 3636 3958 τὴν

2041 3957 2180 4011 κατά
2204 3960 2407 4028 γνῶσιν
2430 3976 2443 3990 ·
2478 3963 2573 4018 καὶ
2622 3966 2905 4035 πράξαντα
2932 3970 3111 4038 τοῦτο,
3156 3974 3490 4047 ἀναδραμεῖν

2040 4049 2321 4106 στείλαντα
2349 4054 2516 4109 αὐτοῦ
2536 4056 2635 4128 τὴν
2664 4057 2896 4131 δύναμιν
2928 4063 3024 4116 καὶ
3050 4066 3388 4133 καταλιπεῖν,
3416 4069 3568 4136 ὅπως
3588 4073 3633 4138 ⁸,

2039 4142 2339 4216 αἰσθομένη
2379 4147 2473 4200 τοῦ
2507 4149 2638 4220 περὶ
2680 4150 2849 4223 αὐτὴν
2878 4154 3086 4220 πάθους
3125 4158 3213 4212 διὰ
3249 4159 3349 4231 τὴν
3389 4162 3627 4218 ἀπαλλα-

2185 4234 2279 4287 τοῦ
2328 4237 2730 4308 πληρώματος,
2789 4242 2987 4316 ὀρεχθῇ
3061 4247 3167 4302 τῶν
3227 4250 3631 4323 διαφερόντων,

2033 4324 2232 4396 ἐχουσά
2257 4343 2376 4378 τινα
2405 4326 2574 4399 ὀδμὴν
2612 4330 2943 4402 ἀφθαρσίας,
2984 4336 3503 4409 ἐγκαταλειφθεῖσαν
3530 4345 3627 4397 αὐο

1327 4430 1340 4452 ,
1375 4408 1537 4461 quem
1574 4397 1627 4451 in
1669 4417 1733 4455 ea
1766 4402 1924 4462 Chri-

1327 4489 1436 4502 μμ
1490 4483 1550 4502 η.
1596 4487 1647 4502 ..
1721 4498 1729 4502 .
1773 4494 1784 4502 .

2056 4422 2129 4492 τὴν
2158 4418 2252 4472 τοῦ
2288 4397 2539 4490 Χριστοῦ
2559 4422 2578 4454 ⁸
2610 4397 2702 4476 καὶ
2730 4397 2823 4479 τοῦ
2853 4426 3011 4496 ἁγίου
3025 4397 3378 4502 ’Πνεῦματοᾳ
3410 4435 3503 4489 Διὸ
3531 4438 3628 4492 καὶ

1380 4489 1458 4537 nt.
1488 4483 1571 4542 0b
1594 4487 1647 4542 id
1678 4494 1925 4567 utrisque

2062 4483 2194 4585 ῦτὴν
2223 4483 2355 4577 τοῖς·
2376 4515 2712 4588 ἀμφοτέροις
2747 4483 2976 4590 ὀνόμασι
3009 4483 3307 4592 καλεῖσθαι,
3335 4527 3536 4597 Σοφίαν
3563 4544 3625 4585 τε

1362 4574 1657 4643 apicntiam
1694 4593 1922 4653 paterna

1362 4681 1469 4689 ,η-
1507 4669 1569 4689 ο,
1622 4673 1633 4686 .
1716 4678 1751 4689 _.

2056 4574 2486 4677 εατρωνυμικώς,
2514 4609 2542 4660 ὁ
2564 4574 2673 4680 γ’ὰρ
2692 4574 2892 4682 illaqu
2922 4613 3090 4684 αὐτῆς
3115 4574 3622 4689 Σοφίαικληξζεται,

2939 4704 2952 4721 1

2021 4698 2114 4751 καὶ
2146 4697 2370 4768 Πνεῦμα
2396 4698 2549 4766 ἅγιον
2583 4699 2691 4753 ἀπὸ
2720 4701 2814 4754 τοῦ
2834 4704 2962 4774 περὶ
2984 4705 3074 4759 τὸν
3103 4709 3338 4778 Χριστὸν
3362 4712 3621 4783 Πνεῦμα-

2020 4804 2131 4852 τος.
2157 4788 2555 4860 Μορφωοεῖσάν
2581 4809 2641 4844 τε
2661 4793 2849 4865 αὐτὴν,
2874 4797 2970 4851 καὶ
2994 4797 3241 4870 ἔμφρονα
3271 4803 3618 4872 γενηθεῖσαν,

2017 4876 2332 4947 παραυτίκα
2364 4877 2421 4931 δὲ
2453 4880 2785 4937 κενωθείσαν
2809 4885 2904 4938 τοῦ
2930 4885 3225 4957 ἀοράτου¹⁰
3257 4892 3394 4964 αὐτῇ
3426 4895 3623 4951 συνόν-

2013 4986 2106 5033 τος
2131 4969 2330 5039 Λόγου,
2362 4971 2609 5027 τουτέστι
2634 4974 2728 5027 τοῦ
2761 4974 3027 5048 Χριστοῦ,
3060 4981 3153 5034 ἐπὶ
3183 4982 3410 5055 ζήτησιν
3435 4986 3616 5058 ὁρμῆ-

2015 5078 2106 5115 σαι
2129 5062 2224 5115 τοῦ
2255 5062 2652 5129 καταλιπόντος
2694 5068 2867 5140 αὐτὴν
2898 5072 3098 5140 φωτὸς,
3133 5075 3225 5128 καὶ
3266 5075 3343 5147 μὴ
3375 5076 3616 5150 δυνηθῆ..

328 5104 392 5156 ad
433 5104 656 5165 luminis
690 5112 838 5172 illius
863 5121 1008 5189 quod
1032 5136 1331 5182 evanuerat
1363 5130 1773 5202 inquisitionem
1796 5159 1917 5199 om-

2056 5168 2102 5205 ιι
2156 5155 2485 5209 καταλαϐεῖν

2535 5158 2693 5222 αὐτὸ,
2732 5159 2821 5214 διὰ
2877 5162 2941 5215 τὸ
2991 5163 3299 5236 κωλυθῆναι
3352 5168 3459 5221 ὑπὸ
3515 5170 3613 5226 τοῦ

2013 5244 2203 5316 Ὅρου.
2254 5246 2366 5300 Καὶ
2401 5249 2639 5304 ἐνταῦθα
2665 5252 2756 5305 τὸν
2786 5254 2950 5325 ’Όρον
2985 5257 3262 5311 κωλύοντα
3301 5260 3474 5331 αὐτὴν
3509 5263 3607 5333 τῆς

2027 5337 2107 5400 εἰς
2143 5336 2525 5409 τοῦμπροσθεν
2566 5344 2745 5416 ὁρμῆς
2789 5347 2967 5401 εἰπεῖν
3012 5347 3441 5487 Ἰαώοίὸθενλτδ
3481 5354 3601 5409 Ἰαώ

2055 5539 2076 5572 ³
2099 5539 2218 5627 Gai.
2252 5558 2349 5628 με,
2580 5547 2620 5628 ³.
2660 5547 2725 5628 |_r.
2760 5551 2999 5628 _éuai’vo._
3046 5555 3111 5628 __‘
3145 5554 3205 5609 Ρ.
3241 5555 3595 5628 ἐφαρμόζειν.

1932 5589 1942 5591 -
2107 5589 2218 5595 ν-.-
2286 5589 2323 5596 ..
2395 5589 2475 5598 -..
2660 5589 2725 5601 -..
2784 5589 2977 5605 υυδῦεπνο
3145 5589 3205 5609 ι-.
3241 5589 3595 5628 ιγυιμμυδιιν.

1198 5589 1287 5643 τὸν
1329 5594 1437 5648 ἄνω
1470 5596 1571 5669 Χρ.
1653 5602 1674 5631 ⁸
1704 5601 1771 5655 Ir.
1813 5589 2094 5666 uacuam.
2138 5589 2349 5685 αὐτήν.ν
2406 5615 2510 5670 ’⁸ιῆ
2564 5618 2697 5691 αὐτῇ
2751 5620 2856 5676 ὑπὸ
2910 5623 3002 5677 τοῦ
3045 5622 3301 5697 Χριστοῦ.
3381 5630 3424 5660 ¹⁰
3446 5627 3595 5691 lien.
