4004 6160
380 304 504 373 -ειυῡ
1084 299 1457 359 ADVERSUS
1498 300 1845 357 [IIERESES
1882 301 2011 357 LIB.
2054 304 2095 357 Ι.
2140 303 2309 362 TUM.
2351 307 2418 364 ll.
2462 339 2527 349 —
2567 300 2841 364 IIIRES.
2881 309 3067 365 XXXI.

3568 317 3675 375 506

398 423 571 490 δνομα
606 418 719 490 (79)
757 418 1084 492 γεγενῆσθαι
1118 421 1408 491 φάσκουσι.
1445 421 1538 492 Μὴ
1584 420 1904 492 δυνηθεῖσαν
1928 420 1971 474 δὲ

2090 432 2149 477 ut
2174 438 2301 479 cum
2331 425 2498 493 illam,
2531 442 2601 481 ne
2632 426 2770 481 ultra
2791 427 3170 495 contenderet,
3205 426 3387 484 llorus
3416 443 3676 490 coercere

399 508 667 565 διοδεῦσαι
688 509 779 564 τὸν
807 511 992 583 Ὅρον,
1023 512 1112 567 διὰ
1144 512 1205 567 τὸ
1241 512 1766 585 συμπεπλέχθαι,τῴ
1799 513 1981 580 πάθει,

402 602 494 657 καί
542 603 710 675 μόνην
738 602 1161 673 ἀπολειφθεῖσαν
1207 603 1312 671 ἔξω
1354 604 1519 659 παντὶ
1557 606 1714 679 μέρει
1756 604 1850 659 τοῦ
1887 606 1988 661 πά-

399 691 546 756 θους,
577 693 871 746 ὑποπεσεῖν
900 693 1246 765 πολυμεροῦς
1274 696 1369 748 καὶ
1392 693 1776 748 πολυποικίλου
1807 695 1985 767 ὑπάρ-

398 802 602 856 χοντος,
630 786 725 840 καὶ
746 784 940 841 παθεῖν
963 786 1140 859 λύπην
1166 788 1286 859 μὲν,
1310 789 1392 842 ὅτι
1416 787 1478 841 οὐ
1500 787 1765 843 κατέλαϐε
1781 804 1794 819 ο
1820 788 1984 867 φόϐον

397 876 474 945 δὲ,
508 881 580 954 μὴ
608 880 860 954 καθάπερ
885 882 1056 955 αὐτὴν
1088 883 1150 936 τὸ
1177 882 1313 955 φῶς,
1345 883 1487 937 οὕτω
1518 883 1613 937 καὶ
1640 882 1702 937 τὸ
1733 882 1832 956 ζῇν
1861 886 1981 937 ἐπι-

397 971 548 1043 λίπῃ,
577 972 812 1045 ἀπορίαν
824 991 882 1026 τε
905 975 997 1028 ἐπὶ
1029 974 1261 1040 τούτοις,
1312 977 1371 1030 ἐν
1395 976 1589 1048 ἀγνοίᾳ
1613 976 1669 1030 δὲ
1693 975 1763 1029 τά
1779 976 1979 1043 πάντα,

397 1061 492 1115 καὶ
512 1061 574 1115 οὐ
604 1061 856 1138 καθάπερ
878 1065 894 1096 ¹
920 1066 954 1137 ἡ
988 1066 1173 1140 μήτηρ
1195 1067 1365 1139 αὐτῆς
1395 1069 1428 1139 ή
1467 1066 1657 1140 πρώτη
1687 1069 1855 1137 Σοφία
1885 1068 1981 1123 καὶ

395 1150 557 1217 Αίὼν,
593 1154 903 1226 ἐτεροίωσιν
932 1156 990 1209 ἐν
1028 1160 1140 1222 τοῖς
1174 1158 1403 1212 πάθεσιν
1449 1156 1613 1230 εἶχεν,
1646 1158 1782 1213 ἀλλά
1826 1161 1980 1213 ἐναν-

393 1244 634 1315 τιότητα.
654 1245 846 1300 Ἐπισυ
854 1248 1027 1321 μϐεϐη
1037 1251 1188 1304 κέναι
1202 1251 1248 1304 δ’
1265 1251 1402 1324 αὐτῇ
1426 1253 1517 1305 καὶ
1535 1251 1729 1323 ἑτέραν
1739 1250 1978 1307 διάθεσιν

390 1331 492 1404 τὴν
524 1335 624 1405 τῆς
664 1337 998 1415 ἐπιστροφῆς
1027 1341 1121 1394 ἐπὶ
1159 1340 1252 1395 τὸν
1290 1341 1703 1414 ζωοποιήσαντα
1727 1344 1747 1373 ¹
1774 1342 1976 1415 ταύτην

393 1423 652 1479 σύστασιν
691 1412 785 1480 καῖ
813 1429 1002 1484 οὐσίαν
1040 1433 1138 1503 τῆς
1168 1430 1300 1504 ὕλης
1341 1434 1671 1506 γεγενῆσθαι
1703 1434 1972 1505 λέγουσιν,

390 1513 451 1579 ἐξ
492 1510 561 1587 ἧς
587 1517 675 1570 ὅδε
718 1520 746 1572 ὁ
792 1521 996 1592 κόσμος
1036 1523 1391 1595 συνέστηκεν.
1439 1528 1534 1580 Ἐκ
1590 1527 1689 1598 μὲν
1718 1526 1828 1599 γὰρ
1872 1527 1975 1597 τῆς

385 1608 723 1681 ἐπιστροφῆς
748 1612 848 1684 τὴν
878 1613 974 1667 τοῦ
1007 1600 1215 1687 κόσμου
1249 1618 1342 1670 καὶ
1366 1616 1460 1671 τοῦ
1495 1618 1840 1690 Δημιουργοῦ
1870 1620 1973 1673 πᾶ-

387 1717 488 1754 σαν
518 1702 538 1733 ³
567 1702 744 1776 ψυχὴν
771 1705 869 1778 τὴν
901 1708 1115 1776 γένεσιν
1144 1710 1445 1782 εἰληφέναι,
1477 1711 1543 1764 ἐκ
1583 1711 1641 1764 δέ
1673 1711 1767 1767 τοῦ
1801 1713 1970 1784 φόϐου

2089 517 2272 583 vellet,
2318 516 2413 572 Iao
2445 520 2768 575 vocabulum
2803 522 3106 592 proferret;
3140 537 3203 577 ex
3236 536 3346 592 quo
3374 523 3527 577 vocis
3556 522 3673 578 ori-

2087 607 2269 679 ginem
2311 608 2632 679 profectam.
2681 609 2818 666 Cum
2869 613 3037 683 igitur
3082 628 3435 684 perrumpere
3464 612 3672 670 Horum

2087 701 2401 771 nequisset,
2434 702 2557 758 ideo
2602 704 2749 774 quod
2784 706 3193 775 perturbatione
3223 706 3498 776 implicata
3533 707 3674 762 deti-

2086 801 2330 857 neretur,
2371 795 2529 865 183
2558 810 2623 851 ac
2676 798 2795 852 sola
2825 805 2979 855 extra
3027 799 3403 865 remansisset,
3451 809 3670 869 pertur-

2085 882 2327 940 bationis
2358 885 2524 955 hujus
2563 902 2685 957 quae
2714 888 3001 959 multiplex
3034 896 3155 943 erat
3187 905 3253 943 ac
3286 889 3457 955 varia,
3494 891 3669 958 parti-

2083 977 2189 1033 bus
2258 979 2519 1036 omnibus
2583 982 2983 1050 succubuisse;
3055 981 3416 1051 allectamque
3480 981 3670 1039 dolore

2082 1069 2344 1142 primum,
2379 1071 2527 1141 quod
2565 1074 2701 1128 nihil
2734 1083 2988 1131 assecuta
3027 1076 3127 1143 sit;
3160 1081 3277 1129 tum
3306 1083 3473 1140 metu,
3502 1089 3572 1128 ne
3609 1082 3670 1129 ut

2083 1165 2258 1232 ipsam
2313 1163 2533 1229 lumen,-
2565 1164 2638 1219 ita
2680 1167 2790 1220 vita
2846 1166 3150 1222 deﬁceret:
3195 1167 3393 1223 deinde
3449 1167 3667 1223 consilii

2080 1253 2285 1326 inepia,
2334 1271 2399 1310 ac
2446 1259 2667 1312 demum
2700 1258 3023 1328 ignorantiae
3056 1260 3279 1331 penitus
3327 1261 3663 1317 immersam.

2077 1344 2269 1417 Neque
2297 1349 2469 1414 enim,
2502 1359 2560 1403 ut
2599 1350 2720 1421 ejus
2771 1350 2943 1405 Mater
2982 1352 3158 1421 prima
3205 1352 3295 1405 illa
3330 1368 3397 1407 ex
3423 1352 3664 1408 Eonum

2078 1442 2312 1513 collegio
2345 1440 2647 1513 Sapientia,
2681 1444 3014 1500 alternorum
3050 1446 3317 1499 duntaxat
3345 1446 3666 1503 diversitate

2073 1541 2353 1600 motuum,
2419 1537 2515 1591 sed
2576 1537 2981 1592 contrariorum
3060 1536 3292 1592 dissidio
3356 1538 3669 1594 laborasse.

2075 1625 2220 1693 Quin
2249 1635 2303 1683 et
2325 1643 2521 1683 novam
2546 1628 2770 1699 insuper
2784 1628 2959 1684 eidem
2979 1627 3317 1684 aﬂ‘ectionem
3341 1629 3660 1699 contigisse,

2074 1718 2456 1774 conversionis
2494 1719 2560 1773 ad
2594 1734 2721 1774 eum
2751 1718 2961 1774 scilicet
3003 1720 3093 1790 qui
3130 1720 3234 1775 sibi
3264 1719 3431 1774 vitam
3461 1720 3662 1789 imper-

386 1793 604 1866 καὶτῆς
631 1795 805 1870 λύπης
830 1799 900 1852 τὰ
944 1800 1106 1855 λοιπὰ
1140 1802 1241 1874 τὴν
1281 1803 1458 1876 ἀρχὴν
1482 1805 1791 1877 ἐσχηκέναι.
1838 1806 1970 1860 Ἀπὸ

2077 1809 2258 1865 tierat.
2318 1808 2471 1864 Hanc
2507 1825 2637 1865 vero
2680 1812 2922 1866 materia:
2958 1811 3156 1896 molept
3196 1826 3261 1866 ac
3296 1810 3661 1866 substantiam

382 1886 495 1958 γὰρ
530 1886 641 1941 τῶν
686 1889 939 1963 δακρύων
972 1893 1144 1963 αὐτῆς
1174 1896 1456 1963 γεγονέναι
1511 1898 1692 1951 πᾶσαν
1741 1896 1968 1969 ένυγρον
2000 1942 2008 1949 .

378 1977 604 2032 οὐσίαν·
653 1980 763 2034 ἀπὸ
802 1981 857 2036 δὲ
889 1984 983 2037 τοῦ
1016 1985 1252 2054 γέλωτος
1291 1987 1392 2058 τὴν
1422 1990 1727 2060 φωτεινήν“
1757 1989 1866 2043 ἀπὸ
1909 1990 1968 2044 δὲ

380 2067 483 2138 τῆς
513 2067 692 2139 λύπης
722 2072 942 2143 καὶτῆς
978 2077 1291 2147 ἐκπλήξεως
1319 2076 1389 2131 τὰ
1423 2079 1709 2150 σωματικὰ
1735 2078 1832 2133 τοῦ
1876 2081 1965 2134 χόα

383 2179 521 2233 σμου
547 2169 805 2236 στοιχεῖα.
838 2168 976 2222 Ποτέ
1005 2167 1104 2241 μὲν
1126 2170 1235 2241 γὰρ
1264 2171 1448 2225 ἔκλαιε
1478 2173 1572 2225 καὶ
1594 2173 1866 2239 ἐλυπεῖτο,
1892 2173 1969 2237 ὼς

378 2251 618 2322 λέγουσι,
643 2254 733 2310 διὰ
755 2257 817 2311 τὸ
841 2256 1262 2327 καταλελεῖφθαι
1287 2259 1456 2331 μόνην
1481 2261 1539 2314 ἐν
1562 2259 1640 2331 τῷ
1671 2261 1850 2314 σκότει
1875 2261 1985 2335 καὶ,

377 2343 456 2415 τῷ
490 2346 769 2419 κενώματι
791 2366 807 2381 ·
844 2349 975 2403 ποτὲ
1002 2349 1059 2403 δὲ
1089 2351 1171 2414 εἰς
1203 2349 1411 2405 ἔννοιαν
1442 2352 1650 2424 ἥκουσα
1671 2352 1765 2407 τοῦ
1794 2371 1969 2408 κατα-

377 2435 626 2502 λιπόντος
670 2439 841 2512 αὐτὴν
891 2441 1089 2511 φωτὸς,
1123 2442 1351 2513 διεχεῖτο
1390 2443 1484 2496 καὶ
1521 2443 1687 2513 ἐγέλα
1707 2461 1722 2476 ο
1762 2446 1893 2498 ποτὲ
1919 2445 1966 2499 δ’

376 2524 445 2583 αὖ
484 2531 647 2586 πάλιν
671 2533 944 2602 ἐφοϐεῖτο·
974 2534 1163 2588 ἄλλοτε
1185 2534 1242 2588 δέ
1270 2536 1539 2608 διηπόρει,
1569 2537 1665 2590 καὶ
1694 2534 1963 2602 ἐξίστατο.

2074 1915 2217 1965 esse,
2245 1917 2311 1956 ex
2341 1916 2449 1972 qua
2496 1902 2736 1959 mundus
2769 1903 2877 1959 iste
2924 1903 3150 1959 coaluit.
3188 1900 3399 1957 Etenim
3432 1918 3499 1958 ex
3542 1902 3662 1973 ipsa

2028 2018 2037 2025 ο
2073 1992 2461 2055 conversione,
2510 1992 2701 2047 mundi
2739 2000 2793 2049 et
2824 1993 3160 2081 Conditoris,
3203 1993 3449 2064 adeoque
3498 1992 3662 2047 aliam

2073 2094 2292 2137 omnem
2339 2083 2578 2137 animam
2608 2099 2732 2139 esse
2771 2085 3040 2155 genitam;
3076 2092 3272 2140 caetera
3304 2100 3370 2139 ex
3419 2092 3566 2139 metu
3596 2099 3661 2138 ac

2072 2171 2262 2228 dolore
2290 2173 2508 2229 initium
2539 2176 2838 2245 accepisse.
2864 2174 3059 2232 Nam‘e
3087 2177 3342 2248 lacrymis
3373 2175 3659 2231 humidum

2066 2278 2248 2329 omne,
2268 2279 2305 2319 e
2329 2265 2445 2320 risu
2476 2266 2740 2333 lucidum,
2757 2283 2788 2323 e
2814 2268 3004 2323 dolore
3037 2282 3104 2323 ac
3133 2276 3362 2338 stupore
3388 2282 3657 2338 corporea

2066 2357 2258 2413 mundi
2308 2358 2578 2415 elementa
2625 2374 2903 2417 manasse.
2940 2360 3226 2417 Accidissc
3279 2361 3560 2427 nimirum,
3598 2366 3660 2414 ut

2064 2448 2481 2519 collacrymaret
2513 2444 2789 2504 interdum
2846 2465 2910 2505 ac
2939 2450 3173 2515 doleret,
3203 2438 3359 2521 quod
3387 2464 3447 2506 se
3483 2450 3659 2506 solam

2066 2539 2122 2594 in
2169 2540 2408 2596 tenebris
2442 2548 2497 2594 et
2551 2540 2816 2597 inanitate
2862 2541 3113 2597 relictam
3166 2540 3651 2597 animadverteret.

376 2618 778 2695 Nonnunquam
798 2641 930 2681 vero
959 2642 1087 2682 mox
1120 2634 1181 2683 ut
1210 2627 1358 2685 illius
1416 2631 1659 2696 luminis,
1692 2633 1838 2702 quod
1872 2648 1996 2689 sese
2030 2635 2353 2706 reliquerat,
2392 2635 2602 2691 veniret
2641 2637 2697 2692 in
2738 2637 3084 2704 memeriam,
3135 2637 3249 2692 risu
3283 2651 3343 2692 se
3388 2650 3451 2691 ac
3501 2634 3660 2690 volu-

377 2722 525 2786 ptate
571 2716 920 2787 perfudisse;
967 2716 1355 2793 interdumque
1396 2738 1594 2779 rursus
1640 2721 1711 2777 ad
1755 2731 1961 2779 metum
2002 2725 2254 2791 rediisse,
2311 2727 2449 2784 alias
2484 2730 2725 2794 anxiam,
2777 2726 3107 2797 consiliique
3155 2727 3374 2797 inopem
3407 2734 3470 2781 et
3512 2731 3657 2781 atto-

376 2811 546 2864 nitam
577 2809 770 2867 fuisse.

447 2899 549 2958 IZ'.
584 2904 695 2958 Kal.
725 2904 780 2957 τί
825 2905 969 2978 γάρ;
1006 2907 1298 2980 Τραγῳδία
1347 2908 1515 2980 πολλὴ
1548 2910 1734 2964 λοιπὸν
1778 2906 1846 2982 ἦν
1879 2912 1967 2965 ἐνς

374 2993 523 3058 θάδε,
560 2996 655 3048 καὶ¹
688 2998 960 3066 φαντασία
992 2998 1110 3064 ἐνὸς
1158 3000 1389 3053 ἑκάστου
1435 3001 1638 3068 αὐτῶν,
1667 3002 1841 3066 ἄλλως
1871 3003 1967 3057 καὶ

375 3083 552 3148 ἄλλως
594 3084 841 3157 σοϐαρῶς
890 3086 1315 3159 ἐκδιηγουμένου
1362 3089 1424 3141 ἐκ
1455 3089 1700 3143 ποταποῦ
1733 3089 1961 3152 πάθους,

375 3173 443 3228 ἐκ
477 3175 634 3229 ποίου
677 3177 941 3249 στοιχείου
982 3179 1015 3250 ἡ
1056 3178 1211 3232 οὐσία
1242 3179 1343 3249 τὴν
1380 3180 1596 3247 γένεσιν
1648 3178 1889 3250 εἴληφεν,
1930 3177 1968 3232 ὃ.

374 3267 472 3322 καὶ
514 3268 741 3333 εἰκότως
785 3269 1001 3323 δοκοῦσί
1033 3288 1123 3342 μοι
1166 3269 1240 3342 μὴ
1268 3270 1515 3333 ἅπαντας
1542 3269 1717 3323 θέλειν
1757 3271 1815 3323 ἐν
1860 3287 1965 3339 φα-

373 3358 517 3430 νερῷ
545 3359 837 3425 διδάσκειν,
870 3361 986 3415 ἀλλ’
1020 3361 1053 3433 ἢ
1089 3362 1284 3432 μόνους
1318 3361 1563 3425 ἐκείνους
1591 3361 1719 3424 τοὺς
1751 3360 1842 3415 καὶ
1870 3378 1967 3432 με-

369 3449 575 3520 γάλους
605 3450 833 3521 μισθοὺς
874 3453 1018 3525 ὑπὲρ
1058 3452 1394 3525 τηλικούτων
1446 3452 1762 3523 μυστηρίων
1793 3451 1965 3505 τελεῖν

370 3541 727 3614 δυναμένους.
760 3547 956 3599 Οὐκέτι
985 3545 1096 3619 γὰρ
1140 3546 1314 3600 ταῦτα
1355 3546 1516 3616 ὃμοια
1559 3545 1811 3608 ἐκείνοις,
1840 3544 1969 3615 περὶ

370 3626 446 3687 ὧν
467 3635 496 3687 ὁ
521 3635 727 3708 Κύριος
757 3637 914 3713 ἡμῶν
944 3638 1135 3710 εἴρηκε
1152 3655 1166 3669 ’
1190 3638 1423 3707 Δωρεὰν
1448 3636 1712 3702 ἐλάϐετε,
1742 3636 1969 3704 δωρεὰν

372 3726 540 3782 δότεο
574 3726 710 3781 ἀλλά
733 3729 1218 3801 ἀνακεχωρηκότα,
1242 3730 1336 3783 καί
1357 3726 1634 3800 τερατώδη
1671 3728 1767 3781 καὶ
1798 3727 1967 3798 βαθέα

378 3820 654 3893 μυστήρια
705 3819 846 3891 μετὰ
884 3820 1079 3874 πολλοῦ
1132 3821 1380 3892 καμάτου
1418 3820 1811 3891 περιγινόμενα
1856 3821 1967 3883 τοῖς

373 3911 743 3982 φιλοψευδέσι.
774 3911 872 3977 Τίς
899 3912 1006 3985 γὰρ
1037 3914 1138 3968 οὐκ
1171 3914 1238 3968 ἂν
1263 3913 1658 3985 ἐκδαπανήσειε
1694 3912 1872 3966 πάντα
1900 3911 1970 3966 τὰ

373 4003 687 4074 ὑπάρχοντα
732 4002 921 4068 αὐτοῦ,
958 4004 1047 4058 ἵνα
1094 4005 1262 4077 μάθῃ,
1298 4007 1382 4060 ὅτι
1423 4005 1533 4059 ἀπὸ
1562 4004 1671 4057 τῶν
1716 4003 1968 4076 δακρύων

370 4092 468 4162 τῆς
505 4093 889 4166 Ἐνθυμήσεως
911 4093 1007 4148 τοῦ
1052 4095 1387 4159 πεπονθότος
1413 4094 1640 4158 Αίῶνος,
1682 4094 1967 4159 θάλασσαι,

373 4185 467 4238 καὶ
495 4186 691 4255 πηγαὶ,
727 4186 822 4239 καὶ⁵
853 4186 1111 4258 ποταμοὶ,
1140 4186 1233 4240 καὶ
1260 4188 1412 4240 πᾶσα
1437 4185 1658 4257 ἔνυδρος
1691 4184 1848 4238 οὐσία
1869 4184 1970 4257 τὴν

372 4276 587 4344 γένεσιν
637 4276 884 4350 εἴληφεν,
924 4280 991 4332 ἐκ
1021 4278 1079 4332 δὲ
1127 4278 1221 4333 τοῦ
1252 4279 1489 4348 γέλωτος
1530 4279 1703 4350 αὐτῆς
1738 4275 1800 4330 τὸ
1830 4277 1967 4346 φῶς,

374 4366 470 4420 καὶ
497 4368 563 4421 ἐκ
603 4367 708 4438 τῆς
738 4368 1056 4440 ἐκπλήξεως
1080 4369 1175 4422 καὶ
1203 4368 1303 4439 τῆς
1332 4367 1645 4439 ἀμηχανίας
1672 4366 1741 4419 τά
1784 4383 1968 4437 σωμα-

370 4458 499 4513 τικά
517 4458 610 4513 τοῦ
638 4459 844 4530 κόσμου
879 4463 1150 4531 στοιχεῖα;
1173 4459 1444 4530 Βούλομαι
1465 4460 1521 4512 δὲ
1542 4460 1635 4513 καὶ
1657 4459 1819 4521 αὐτὸς
1845 4475 1970 4511 συν-

369 4554 704 4620 εισενεγκεῖν
748 4569 802 4605 τι
835 4554 903 4623 τῇ
966 4551 1318 4624 καρποφορία
1348 4549 1548 4604 αὐτῶν.
1590 4548 1810 4621 Ἐπειδὴ
1856 4547 1965 4623 γὰρ

368 4642 480 4716 ὁρῶ
505 4644 573 4698 τά
607 4645 709 4715 μὲν
741 4644 949 4713 γλυκέα
980 4644 1149 4698 ὕδατα
1179 4645 1329 4710 ὄντα,
1361 4638 1473 4697 οἷον
1509 4642 1711 4715 πηγὰς,
1742 4641 1838 4696 καὶ
1868 4659 1967 4695 1w-

370 4737 596 4806 ταμοὺς,
629 4735 725 4790 καὶ
752 4735 1013 4807 ὄμϐρους,
1041 4739 1137 4791 καὶ
1158 4736 1228 4790 τά
1257 4735 1506 4799 τοιαῦτα,
1538 4735 1609 4788 τά
1639 4735 1699 4789 δὲ
1727 4735 1819 4787 ἐπὶ
1842 4735 1969 4797 ταῖς

370 4830 673 4895 θαλάσσαις
719 4831 970 4904 ἀλμυρά⁶
999 4830 1201 4886 ἐπινοῶ
1252 4830 1328 4903 μὴ
1369 4831 1548 4885 πάντα
1575 4829 1685 4884 ἀπὸ
1722 4829 1831 4883 τῶν
1869 4828 1964 4882 δα-

374 4919 554 4991 κρύων
585 4922 759 4992 αὐτῆς
791 4920 1218 4995 προϐεϐλῆσθαι,
1252 4922 1386 4976 διότι
1420 4923 1482 4976 τὸ
1513 4922 1749 4994 δάκρυον
1787 4921 1965 4991 ἁλμυ-

370 5013 464 5085 ρὸν
483 5016 551 5085 τῇ
576 5015 821 5086 ποιότητι
848 5016 1102 5087 ὑπάρχει.
1129 5016 1368 5087 Φανερὺν
1394 5011 1509 5081 οὖν,
1533 5018 1616 5069 ὅτι
1642 5015 1712 5069 τά
1741 5012 1963 5085 ἁλμυρά

369 5104 538 5160 ὕδατα
558 5106 735 5162 ταῦτά
767 5109 888 5161 ἐστι
911 5109 979 5163 τά
1011 5110 1121 5164 ἀπὸ
1139 5109 1250 5164 τῶν
1279 5109 1551 5182 δακρύων.
1592 5109 1756 5173 Εἰκὸς
1779 5108 1836 5162 δὲ
1861 5108 1962 5162 αύ-

364 5198 466 5269 τὴν
497 5202 557 5254 ἐν
602 5200 815 5273 ἀγωνίᾳ
854 5202 1151 5275 πολλῇ’καὶ
1197 5204 1483 5275 ἀμηχανία
1529 5204 1818 5274 γεγονυῖαν
1866 5200 1964 5254 καὶ

367 5291 681 5361 ἐόρωκέναι.
730 5295 1014 5350 Ἐντεῦθεν
1052 5295 1119 5369 δὴ
1157 5295 1302 5351 κατά
1339 5296 1439 5367 τὴν
1484 5294 1743 5348 ὑπόθεσιν
1782 5292 1964 5347 αὐτῶν

2143 2896 2307 2961 XVII.
2346 2905 2488 2973 Quid
2522 2914 2636 2961 tum
2682 2905 2844 2960 inde?
2871 2902 3135 2958 Maximas
3162 2902 3421 2973 deinceps
3448 2904 3522 2960 illi
3556 2914 3664 2961 tra-

2072 2998 2281 3070 gazdias
2322 2998 2562 3064 faciunt;
2596 3013 2660 3052 ac
2699 3012 2799 3069 pro
2852 3013 2954 3052 suu
2988 2996 3224 3067 quisque
3270 2995 3448 3064 capite
3498 2996 3660 3053 aliter

2071 3103 2236 3166 atque
2268 3093 2424 3148 aliter
2451 3107 2668 3148 summa
2702 3106 2825 3146 cum
2855 3088 3168 3160 arrogantia
3200 3087 3444 3157 disputat
3476 3107 3489 3142 :
3522 3103 3662 3158 qua-

2070 3197 2197 3237 nam
2231 3197 2295 3237 ex
2328 3179 2757 3250 perturbatione,
2791 3188 2884 3232 aut
2907 3193 2973 3232 ex
3003 3191 3238 3247 quonam
3268 3177 3537 3232 elemento
3567 3193 3661 3232 na-

2070 3281 2193 3328 tura
2229 3271 2569 3342 prolluxcrit.
2603 3270 2848 3337 Quorum
2874 3269 3007 3324 mihi
3037 3268 3233 3323 merito
3257 3268 3514 3323 videntur
3544 3285 3656 3325 non

2069 3366 2247 3437 palam
2276 3364 2534 3419 omnibus
2563 3361 2911 3432 disciplinam
2963 3361 3102 3416 velle
3140 3362 3484 3416 committere
3516 3379 3529 3416 :
3563 3363 3659 3419 sed

2070 3456 2139 3512 iis
2191 3455 2392 3518 solum,
2443 3455 2537 3525 qui
2593 3453 2927 3508 luculentam
2983 3455 3290 3507 mercedem
3338 3469 3439 3523 pro
3488 3456 3661 3511 tantis
3765 3501 3771 3507 .

2070 3546 2350 3619 mysteriis
2410 3553 2803 3615 repraesentare
2837 3542 3070 3614 possint.
3125 3541 3313 3613 Neque
3360 3543 3508 3598 enim
3555 3544 3660 3600 ista

2069 3653 2258 3694 eorum
2297 3637 2499 3692 similia
2540 3645 2692 3704 sunt,
2743 3636 2812 3692 de
2867 3635 3070 3705 quibus
3108 3650 3137 3688 a
3179 3634 3411 3691 Domino
3450 3636 3659 3691 dictum

2070 3739 2200 3787 est:
2244 3728 2425 3784 Gratis
2467 3730 2772 3797 accepistis,
2820 3733 2993 3799 gratis
3039 3728 3240 3783 date‘:
3271 3729 3366 3783 sed
3390 3729 3470 3783 ab
3509 3729 3659 3787 omni

2070 3832 2281 3876 remota
2315 3836 2504 3885 sensu,
2546 3836 2610 3875 ac
2651 3820 2990 3893 prodigiosa,
3025 3821 3411 3891 prol‘undaque
3453 3835 3658 3875 arcana

2071 3911 2164 3965 illa
2195 3918 2344 3973 sunt,
2381 3925 2503 3979 qum
2528 3926 2557 3963 a
2590 3910 2846 3966 falsitatis
2872 3911 3214 3966 amatoribus
3245 3925 3442 3981 magno
3472 3911 3659 3965 labore

2070 4013 2482 4074 comparantur.
2516 4003 2650 4070 Quis
2683 4003 2828 4058 enim
2855 4019 2962 4057 non
2991 4003 3175 4057 omnia
3201 4003 3342 4057 bona
3366 4016 3464 4057 sua
3490 4002 3658 4058 liben-

2070 4105 2155 4151 ter
2194 4097 2249 4151 in
2280 4096 2415 4151 illud
2444 4096 2741 4167 impendat,
2773 4102 2832 4149 ut
2870 4094 3065 4158 discat,
3101 4093 3560 4164 quemadmodum
3590 4109 3656 4149 ex

2071 4186 2469 4257 Enthymeseos
2496 4185 2774 4257 Iacrymis,
2816 4183 3018 4249 aﬂ'ecti,
3066 4184 3311 4253 inquam,
3353 4183 3499 4238 illius
3525 4182 3653 4239 ᾸΞοο

2071 4281 2182 4345 nis,
2227 4279 2421 4345 maria,
2468 4279 2646 4335 fontes
2688 4293 2753 4333 ac
2807 4277 3056 4341 ﬂumina,
3117 4277 3426 4348 humorque
3477 4279 3659 4339 omnis

2072 4372 2343 4427 clllnxerit
2367 4389 2381 4427 :
2417 4371 2781 4441 similiterque
2808 4378 2862 4425 et
2891 4385 2959 4426 ex
2988 4370 3101 4423 risu
3132 4369 3349 4435 lumen;
3378 4376 3432 4423 et
3459 4384 3523 4423 ex
3550 4376 3656 4423 stu-

2073 4479 2206 4534 pore
2243 4478 2309 4518 ac
2350 4464 2551 4519 mentis
2604 4462 2788 4534 in0pia
2842 4476 3109 4533 corporea
3160 4460 3350 4515 mundi
3393 4462 3658 4517 elementa

2076 4554 2319 4624 profecta
2350 4554 2494 4610 sint?
2524 4552 2686 4624 184
2715 4552 2848 4608 Volo
2879 4552 3132 4623 equidem
3163 4551 3413 4607 nonnihil
3441 4552 3658 4605 illorum

2074 4644 2312 4704 inventis
2357 4660 2456 4715 pro
2486 4646 2629 4700 virili
2674 4644 2949 4701 conferre.
3001 4643 3271 4710 Quoniam
3300 4642 3444 4696 enim
3490 4656 3658 4711 aqua-

2070 4754 2194 4794 rum
2228 4740 2416 4795 dulces
2443 4739 2579 4794 alias
2627 4738 2808 4803 video,
2852 4745 3041 4808 utpote
3092 4735 3273 4789 l‘ontes
3318 4742 3372 4787 et
3408 4730 3657 4798 ﬂumina,

2070 4832 2305 4902 pluvias,
2337 4841 2391 4886 et
2419 4830 2472 4885 id
2503 4845 2675 4901 genus
2708 4829 2980 4900 reliquas;
3013 4827 3172 4889 alias,
3217 4825 3362 4880 velut
3389 4823 3653 4895 marinas,

2070 4925 2268 4987 salsas,
2297 4922 2553 4993 suspicor
2586 4936 2695 4977 non
2735 4934 2803 4976 ex
2847 4919 2969 4989 ejus
3016 4918 3278 4989 lacrymis
3309 4931 3501 4971 omnes
3527 4930 3654 4970 eru-

2071 5014 2240 5084 pisse.
2270 5013 2414 5083 quod
2450 5020 2642 5067 natura
2676 5011 2835 5067 salsae
2864 5010 2975 5065 sint
3013 5008 3286 5079 lacrymae,
3319 5005 3654 5076 proindeque

2070 5107 2250 5161 salsas
2272 5103 2539 5159 duntaxat
2561 5118 2734 5175 aquas
2757 5118 2822 5158 ex
2848 5104 2969 5172 ejus
2998 5099 3255 5171 lacrymis
3287 5104 3480 5153 enatas
3506 5110 3650 5151 esse.

2068 5197 2207 5254 Cum
2234 5197 2453 5253 interim
2489 5204 2919 5253 consentaneum
2951 5192 3043 5257 sit,
3069 5189 3316 5247 eamdem
3348 5187 3651 5244 vehementi

2071 5289 2241 5346 animi
2277 5303 2484 5359 angore
2537 5303 2602 5344 ac
2633 5286 2852 5343 consilii
2893 5283 3079 5356 inopia
3114 5282 3398 5354 praeditam
3451 5277 3653 5336 sudore

446 5447 469 5522 ¹Α
493 5447 561 5504 Ir.
590 5450 862 5522 ἀγνοοῦσα
887 5453 944 5507 δὲ
981 5452 1051 5507 τὰ
1076 5450 1278 5521 πάντα,
1307 5453 1369 5509 οὐ
1394 5450 1517 5507 καθ.
1598 5453 1618 5484 ²
1645 5450 1777 5507 Post
1808 5448 1971 5517 ζωοπι

2074 5464 2213 5504 ταντα
2246 5444 2711 5519 distinguendum.
2787 5441 2809 5475 ³
2841 5441 2986 5498 lren.
3017 5441 3111 5495 καὶ
3130 5439 3329 5494 πᾶσαν.
3406 5435 3427 5467 ⁸
3453 5434 3643 5490 Matth.

372 5532 427 5582 ιι,
458 5519 512 5574 S.

442 5671 772 5745 (79)]Ϊοθεν
817 5671 883 5725 τὸ
928 5670 1069 5745 γἸαὼ
1107 5671 1313 5744 ὄνομα.
1361 5670 1531 5738 Quem
1568 5667 1824 5726 Liberum
1871 5678 1971 5743 pat:

2074 5688 2106 5741 I,
2140 5678 2195 5728 et
2262 5668 2446 5730 Solem
2505 5673 2709 5730 ethnici
2750 5672 3048 5745 scriptores
3110 5667 3474 5741 appellarunt.
3509 5660 3645 5739 (Ma-

369 5743 525 5801 crob.
565 5743 658 5798 lib.
691 5760 728 5811 t,
764 5758 886 5813 cap.
924 5744 1032 5812 l6.)
