4018 6116
413 256 516 315 507

1818 249 1876 305 S.
1920 245 2258 305 EPIPIIANII
2294 262 2301 267 '

3552 248 3668 312 ’508

416 378 694 422 manasse.
721 361 799 417 Ex
826 376 937 431 quo
965 373 1307 431 consequens
1332 367 1439 427 est,
1469 361 1698 416 fontium
1730 375 1795 416 ac
1822 362 1996 418 ﬂumi-

2108 362 2494 434 ὅπολαμόάνειν
2529 364 2612 417 δεῖ
2639 363 2823 434 πηγὰς
2866 363 2961 422 καὶ
2994 364 3292 435 ποταμοὺς,
3336 364 3430 419 καὶ
3468 367 3522 420 ετ
3539 384 3671 424 τινα

417 472 550 515 num
579 457 835 525 liquores,
872 467 935 507 ac
973 453 1017 508 si
1045 452 1178 524 quid
1215 454 1366 510 aliud
1407 463 1493 509 est
1522 453 1787 510 dulcioris
1814 466 1987 524 aquai,

417 547 641 603 minime
670 559 737 601 ex
763 543 883 613 ejus
932 543 1189 615 lacrymis
1218 543 1464 600 ﬂuxisse.
1493 543 1592 600 Est
1619 544 1765 600 enim
1796 546 1992 615 perab-

417 636 665 699 surdum,
696 649 821 689 eum
848 649 955 689 una
991 635 1333 705 simplexque
1366 636 1438 690 sit
1463 635 1825 706 lacrymarum
1859 648 2027 705 qua-'

417 727 564 791 litas,
597 724 804 781 salsum
844 739 953 778 non
985 724 1170 780 minus
1209 724 1519 787 humorem,
1550 737 1714 793 quam
1753 724 1990 787 dulcem,

417 819 483 874 ad
510 816 758 873 eamdem
787 815 1054 886 originem
1085 815 1321 884 referre;
1352 833 1476 872 cum
1501 816 1670 872 multo
1696 817 1769 871 sit
1797 814 1994 886 proba-

418 911 603 974 bilius,
642 908 907 979 quasdam
939 923 970 963 e
1012 909 1271 980 lacrymis
1315 924 1564 980 aquas,e
1615 907 1815 964 sudore
1859 905 1995 960 alias

419 1001 709 1057 excitatas.
744 999 809 1053 Et
855 999 1114 1069 quoniam
1143 1000 1334 1055 calida:
1361 1016 1580 1072 quoque
1612 1000 1815 1056 alicubi
1842 1005 1993 1065 sunt,

420 1099 475 1148 et
506 1091 696 1156 acida,
727 1090 1018 1145 videndum
1063 1104 1227 1160 porro
1247 1132 1263 1157 ,
1293 1093 1431 1163 quid
1460 1107 1628 1165 agens
1661 1093 1775 1155 illa,
1819 1106 1996 1161 quave

420 1200 487 1240 ex
518 1195 671 1254 parte
719 1182 1029 1239 istiusmodi
1060 1197 1229 1253 aquas
1275 1184 1601 1254 profuderit.
1635 1184 1797 1239 Tales
1845 1183 1993 1238 enim

421 1276 781 1347 qumstionum
811 1290 987 1345 nugae,
1012 1276 1157 1329 velut
1182 1276 1490 1346 dignissimi
1522 1277 1753 1343 fructus,
1779 1276 1994 1331 illorum

421 1368 657 1424 inventis
688 1367 1134 1437 argumentisque
1162 1375 1494 1438 congruunt.

492 1456 601 1511 Sed
665 1464 723 1510 ut
754 1455 823 1509 ad
854 1454 1079 1509 Matrem
1112 1455 1287 1526 ipsam
1322 1456 1560 1522 redeam,
1594 1455 1795 1522 ferunt,
1825 1456 1996 1520 illam,

420 1563 545 1605 cum
580 1547 694 1618 jam
741 1548 922 1601 omnia
949 1538 1422 1618 perturbationum
1451 1563 1652 1610 genera
1692 1549 1999 1621 percurris-

420 1646 525 1701 set,
565 1652 708 1707 aegre
742 1636 961 1691 tandem
1006 1651 1274 1691 emersam
1308 1636 1374 1691 ad
1420 1638 1552 1693 illud
1602 1639 1806 1704 lumen,
1831 1652 1862 1692 a
1892 1653 1999 1709 quo

2089 453 2224 507 ἄλλα
2253 454 2458 525 γλυκέα
2489 454 2659 509 ὕδατα
2687 455 2939 527 ὑπάρχει,
2974 453 3075 525 τὴν
3096 456 3309 523 γένεσιν
3334 456 3409 528 μῆ
3433 458 3670 529 ἐσχηκέ-

2089 563 2178 599 ναι
2222 545 2331 599 ἀπὸ
2373 546 2482 599 τῶν
2523 545 2771 615 δακρύων
2814 545 3006 614 αὑτῆς.
3050 544 3335 600 Ἀπέθανον
3366 547 3495 620 γὰρ,
3538 552 3671 620 μιᾶς

2089 636 2374 706 ποιότητος
2403 634 2568 705 οὔσης
2597 635 2708 688 τῶν
2748 634 3020 707 δακρύων,
3054 635 3124 689 τά
3174 636 3272 707 μὲν
3317 638 3556 710 ἁλμυρά,
3599 640 3675 692 τὰ

2089 727 2146 780 δὲ
2170 727 2379 796 γλυκέα
2411 725 2578 780 ὕδατα
2597 725 2658 792 ἐξ
2685 726 2865 781 αὐτῶν
2893 726 3195 798 προελθεῖν.
3233 727 3404 782 Τοῦτο
3424 730 3481 783 δὲ
3504 729 3670 782 πιθα-

2091 817 2345 890 νώτερον,
2374 818 2444 873 τά
2487 818 2586 890 μὲν
2615 814 2754 871 ε’ίναι
2793 816 2901 871 ἀπὸ
2927 817 3039 871 τῶν
3072 818 3346 890 δακρύων,
3377 819 3446 874 τά
3477 821 3534 874 δὲ
3560 821 3673 874 ἀπὸ

2089 910 2202 965 τῶν
2243 910 2500 983 ίδρώτων.
2539 909 2756 981 Ἐπειδὴ
2784 910 2799 940 ¹
2826 909 2918 963 καὶ
2962 909 3142 981 θερμά
3182 912 3278 965 aut
3305 911 3502 983 δριμέα
3547 913 3674 965 τινὰ

2093 1002 2261 1057 ῦδατά
2279 1004 2427 1055 ἐστιν
2447 1003 2504 1055 ἐν
2523 1002 2603 1074 τῷ
2618 1001 2829 1071 κόσμῳ,
2852 1002 2993 1054 νοεῖν
3013 1000 3271 1070 ὀφείλεις,
3295 1002 3348 1055 τί
3374 1001 3670 1073 ποιήσασα,

2093 1096 2188 1149 καὶ
2230 1096 2294 1148 ἐκ
2340 1094 2494 1148 ποίου
2542 1094 2730 1166 μορίου
2778 1094 3058 1164 προήκατο
3105 1093 3300 1149 ταῦτα.
3348 1094 3674 1166 ’Δρμόζουσι

2093 1189 2202 1259 γὰρ
2221 1187 2451 1241 τοιοῦτοι
2481 1187 2684 1259 καρποὶ
2709 1188 2776 1257 τῇ
2805 1186 3057 1239 ὑποθέσει
3082 1185 3283 1241 αὐτῶν.

2167 1456 2524 1511 Διοδεύσασαν
2553 1451 2648 1510 οῦν
2695 1457 2804 1510 πᾶν
2848 1456 3023 1521 πάθος
3054 1456 3153 1528 τὴν
3194 1457 3427 1527 Μητέρα
3466 1455 3673 1523 αὐτῶν,

2098 1548 2194 1602 καὶ
2230 1546 2387 1616 μόγις
2430 1544 2849 1616 ὑπερκύψασαν,
2885 1545 2979 1599 ἐπὶ
3020 1544 3227 1599 ἱκεσίαν
3268 1546 3546 1617 τραπῆναι
3577 1546 3676 1601 τοῦ

2100 1634 2490 1699 καταλιπόντος
2534 1634 2706 1706 αὐτὴν
2749 1636 2946 1703 φωτὸς,
2991 1634 3236 1688 τουτέστι
3278 1636 3377 1689 τοῦ
3415 1637 3676 1708 Χριστοῦ,

420 1727 681 1785 destituta
713 1726 906 1791 fuerat,
936 1727 1277 1782 exorandum
1310 1744 1433 1785 sese
1462 1732 1820 1793 convertisse,
1852 1730 2003 1786 vide-

2108 1728 2368 1797 λέγουσιν.
2406 1728 2523 1791 Ὃς,
2568 1725 2806 1780 ἀνελθὼν
2837 1727 2937 1798 μὲν
2974 1727 3054 1791 εἰς
3087 1728 3149 1780 τὸ
3191 1726 3484 1799 πλήρωμα,
3514 1729 3680 1793 αὐτὸς

424 1819 551 1875 licet
571 1819 871 1874 Christum.
899 1818 949 1874 ιε
983 1818 1039 1873 in
1094 1819 1335 1888 pleroma
1378 1822 1776 1884 conscendens,
1804 1836 1868 1876 ac
1906 1821 2002 1877 de-

424 1909 685 1966 scendere
714 1910 830 1978 ipse
859 1908 1039 1964 denuo
1076 1919 1356 1979 gravatus,
1396 1912 1661 1967 vicariqu
1707 1896 2000 1967 sibi'Parao

424 2003 625 2057 cletum
663 2001 938 2068 submisit,
973 2017 1135 2071 quem
1165 2013 1220 2058 et
1252 2003 1588 2060 Salvatorcm
1611 2013 1842 2072 vocant;
1875 2020 1999 2061 cum

425 2093 607 2150 omnis
662 2093 718 2149 in
772 2093 949 2164 ipsum
993 2092 1076 2148 vis
1120 2103 1265 2149 esset
1308 2102 1589 2165 congesta,
1641 2097 2004 2164 universaque

423 2185 668 2257 ejusdem
712 2184 970 2256 potestati
1001 2192 1111 2238 tam
1153 2200 1183 2240 a
1213 2184 1394 2250 Patre,
1429 2200 1592 2256 quam
1625 2187 1693 2242 ab
1735 2184 2005 2242 IEonibtis

422 2277 738 2342 conmissa,
761 2283 819 2340 ut
851 2292 946 2346 per
970 2276 1146 2346 ipsum
1177 2285 1285 2330 tam
1313 2292 1432 2347 quae
1463 2276 1634 2331 videri
1665 2277 1841 2332 oculis
1872 2292 2003 2348 pos-

424 2377 568 2430 sent,
600 2382 764 2437 quam
798 2380 919 2436 qua:
945 2366 1117 2420 aciem
1158 2361 1476 2436 eﬂugerent,
1519 2366 1773 2421 universa
1811 2366 2007 2420 conde-

426 2466 651 2525 rentur;
679 2456 938 2511 nimirum
972 2456 1177 2521 throni,
1210 2457 1549 2521 divinitales,
1577 2457 2001 2513 dominationes.

425 2552 791 2605 Accesserant
814 2557 867 2601 et
902 2546 1185 2601 Paracleto
1214 2549 1445 2603 comites
1473 2548 1710 2619 aequales
1734 2550 1881 2605 illius
1909 2565 2007 2604 an-

427 2642 554 2714 geli.
582 2640 662 2693 Ad
694 2640 853 2709 cujus
886 2637 1176 2693 adventum
1202 2638 1506 2694 Achamotb
1540 2640 1745 2711 pudore
1777 2639 2003 2712 perfusa

428 2733 593 2804 capiti
626 2733 804 2787 velum
834 2730 1081 2785 obduxit.
1117 2730 1256 2785 Tum
1285 2732 1375 2787 ubi
1407 2732 1558 2786 illum
1591 2750 1713 2787 cum
1739 2735 1886 2788 omni
1906 2750 2004 2790 suo

430 2836 695 2896 proventu
727 2828 1035 2897 conspexit,
1069 2841 1135 2881 ex
1164 2824 1328 2894 hujus
1358 2825 1647 2895 praesentia
1685 2830 2005 2880 conﬁrmata

428 2914 495 2969 ad
528 2930 652 2971 eum
685 2918 943 2971 accurrit.
964 2918 1009 2970 Α
1036 2931 1145 2986 quo
1171 2916 1448 2970 elaborata
1481 2921 1534 2967 et
1558 2913 1732 2968 eﬂicta
1756 2930 1878 2970 cum
1904 2913 2009 2970 for-

430 3023 571 3061 mam
607 3008 954 3078 cognitionis,
984 3015 1099 3061 tum
1127 3005 1292 3059 animi
1314 3004 1626 3059 morborum
1656 3006 1899 3058 omnium
1929 3020 2007 3059 rc-

2107 1820 2207 1890 μέν
2237 1819 2406 1883 εἰκὸς,
2439 1818 2523 1872 ὅτι
2556 1817 2804 1888 ὤκνησεν
2844 1819 2911 1871 ἐκ
2948 1819 3201 1888 δευτέρου
3250 1819 3545 1885 κατελθεῖν,
3585 1821 3681 1874 τὸν

2103 1910 2466 1982 Παράκλητον
2491 1910 2549 1963 δὲ
2576 1908 2882 1979 ἐξέπεμψεν
2911 1909 3080 1981 αὐτὴν
3112 1913 3155 1973 ⁸,
3184 1910 3428 1964 τουτέστι
3453 1910 3545 1965 τὸν
3568 1912 3684 1965 Σιω-

2102 2003 2265 2075 τῆρα,
2300 2001 2541 2065 ἐνδόντος
2573 2002 2720 2072 αὐτῷ
2747 2002 2926 2055 πᾶσαν
2954 2002 3053 2074 τὴν
3074 2000 3300 2073 δύναμιν
3324 2000 3419 2055 τοῦ
3442 2002 3680 2073 Πατρδς,

2102 2094 2197 2150 καὶ
2237 2094 2345 2147 πᾶν
2392 2094 2483 2147 ὑπ’
2514 2091 2761 2158 ἐξουσίαν
2795 2092 3151 2164 παραδόντος,
3181 2094 3277 2147 καὶ
3310 2092 3684 2165 15v_Abbm

2102 2185 2353 2256 δεόμενος
2380 2185 2420 2249 ⁸,
2447 2185 2595 2249 ὅπως
2618 2186 2676 2238 ἐν
2708 2185 2857 2255 αὐτῷ
2883 2186 2953 2240 τὰ
2987 2186 3165 2241 πάντα
3193 2184 3386 2257 κτισθῇ
3413 2185 3481 2239 τὰ
3509 2184 3687 2255 όρατά

2105 2278 2198 2331 καὶ
2226 2277 2295 2329 τὰ
2335 2277 2563 2348 ἀόρατα,
2613 2276 2814 2347 θρόνοι,
2861 2277 3133 2347 θεότητες,
3173 2277 3514 2349 κυριότητες.
3556 2277 3686 2331 Ἐκ-

2104 2365 2381 2436 πέμπεται
2419 2365 2476 2418 δὲ
2506 2365 2643 2437 πρὸς
2685 2366 2855 2436 αὐτὴν
2881 2367 3022 2436 μετὰ
3049 2366 3158 2420 τῶν
3185 2366 3488 2436 ἡλικιωτῶν
3516 2367 3686 2421 αὐτοῦ

2102 2455 2211 2509 τῶν
2251 2455 2519 2526 ἀγγέλων.
2560 2456 2672 2527 Τὴν
2704 2455 2763 2510 δὲ
2814 2455 3069 2527 Ἀχαμὼθ
3119 2457 3483 2527 ἐντραπεῖσαν
3522 2457 3687 2511 αὑτὸν

2104 2545 2340 2613 λέγουσι,
2373 2547 2587 2616 πρῶτον
2639 2545 2737 2616 μὲν
2787 2545 3050 2617 κάλυμμα
3095 2546 3378 2602 ἐπιθέσθαι
3438 2548 3684 2611 διἀίδὼ,

2108 2637 2401 2711 μετέπειτα
2444 2639 2500 2691 δὲ
2547 2637 2760 2692 ίδοῦσαν
2800 2638 2962 2691 αὐτὸν
2988 2639 3084 2691 σὺν
3125 2639 3224 2711 ὅλῃ
3252 2640 3689 2713 τῇκαρποφορία

2106 2730 2292 2790 αὑτοῦ,
2336 2731 2707 2803 προσδραμεῖν
2734 2730 2901 2800 αὐτῷ,
2932 2730 3161 2802 δύναμιν
3193 2730 3463 2785 λαϐοῦσαν
3485 2733 3551 2784 ἐκ
3590 2731 3691 2802 τῆς

2106 2823 2427 2890 ἐπιφανείας
2476 2822 2662 2877 αὐτοῦ.
2703 2822 2969 2876 Κάκείνον
3017 2823 3305 2894 μορφῶσαι
3351 2821 3523 2893 αὐτὴν
3552 2821 3689 2893 μόρ-

2106 2930 2276 2982 φωσιν
2303 2913 2398 2984 τὴν
2426 2911 2566 2966 κατά
2585 2912 2806 2981 γνῶσιν,
2840 2913 2935 2967 καὶ⁸
2960 2912 3103 2966 ἴασιν
3129 2912 3238 2967 τῶν
3262 2912 3448 2968 παθῶν
3468 2913 3694 2984 ποιήσαι

2108 3005 2232 3060 σθαι
2273 3006 2463 3075 αὐτῆς.
2511 3004 2839 3076 Χωρίσαντα
2882 3004 2927 3057 δ’
2958 3004 3099 3058 αὐτὰ
3131 3003 3324 3076 αὐτῆς,
3373 3006 3447 3076 μὴ
3485 3003 3699 3075 ἀμελή-

430 3099 606 3154 media
650 3101 912 3169 percepit.
946 3098 1095 3165 Quos
1136 3097 1355 3168 quidem
1408 3098 1630 3152 morbos
1679 3097 1754 3150 ita
1796 3097 1886 3151 ille
1923 3112 2008 3151 sc-

2110 3112 2278 3149 σαντα
2304 3096 2360 3149 δέ
2388 3095 2567 3149 αὐτῶν
2589 3109 2601 3122 '
2644 3095 2705 3147 οὐ
2729 3095 2836 3166 γὰρ
2858 3089 2925 3166 ἦν
2970 3094 3173 3148 δυνατά
3198 3094 3579 3164 ἀφανισθῆναι,
3615 3094 3693 3158 ὡς

430 3193 623 3257 crevit,
655 3200 714 3246 ut
742 3207 850 3246 non
881 3193 1098 3261 penitus
1123 3189 1435 3260 negligeret.
1468 3188 1654 3260 Neque
1679 3189 1823 3245 enim
1861 3192 2008 3245 velut

2108 3188 2179 3243 τά
2206 3188 2304 3257 τῆς
2332 3187 2625 3259 προτέρας,
2657 3186 2745 3240 διὰ
2763 3187 2824 3239 τὸ
2844 3187 3037 3253 ἐκτικά
3060 3186 3161 3258 ἤδη
3186 3188 3281 3240 καὶ
3308 3185 3508 3239 δυνατά
3527 3181 3693 3240 εἶναι’

433 3279 632 3354 prioris
682 3284 827 3337 illius
873 3282 1043 3337 deleri
1088 3281 1337 3356 funditus
1381 3289 1657 3353 poterant,
1706 3283 1851 3352 quod
1905 3299 2008 3337 usu

2108 3278 2244 3331 ἀλλὰ
2280 3278 2652 3350 ἀποκρίναντα
2682 3279 2920 3350 χωρήσει
2958 3277 3053 3331 τοῦ
3085 3277 3311 3349 συγχέαι
3331 3276 3352 3307 ⁸
3376 3279 3469 3331 καὶ
3502 3277 3696 3346 πῆξαι,

430 3376 737 3430 conﬁrmati
771 3375 1224 3443 corroboratique
1246 3373 1359 3443 jam
1402 3375 1815 3430 occalluissent.
1851 3370 2010 3444 185

434 3469 576 3539 Ergo
601 3467 722 3521 illos
740 3472 979 3522 secretos
998 3465 1246 3520 confudit
1262 3480 1325 3519 ac
1346 3465 1615 3526 deusavit,
1639 3464 1773 3518 etab
1794 3474 2013 3533 experte

432 3558 681 3629 corporis
709 3556 996 3612 aﬂ‘ectione
1026 3557 1081 3611 in
1116 3570 1433 3626 corpoream
1462 3556 1743 3609 materiam
1782 3570 2012 3610 convcr-

435 3650 523 3704 tit.
559 3647 763 3703 Deinde
809 3655 1062 3701 naturam
1112 3646 1328 3709 indidit,
1377 3646 1734 3717 idoneamque
1770 3646 1916 3712 fecit,
1954 3656 2013 3700 ut

437 3738 666 3796 conﬂari
716 3747 880 3810 atque
925 3738 1207 3809 corporari
1259 3743 1467 3807 posset,
1507 3745 1836 3808 naturasque
1876 3738 2015 3792 duas

432 3826 691 3898 ediceret,
725 3831 953 3885 alteram
995 3828 1343 3884 affectionum
1386 3814 1603 3890 r'nalam,
1639 3828 2015 3884 conversionis

433 3927 683 3988 alteram,
709 3938 940 3993 eamque
964 3921 1378 3993 perturbatione
1412 3917 1716 3989 praeditam.
1744 3917 1917 3985 Quam
1944 3918 2017 3973 ob

438 4030 659 4070 causam
689 4012 980 4077 Salvatori,
1010 4014 1055 4069 si
1100 4012 1209 4066 vim
1246 4009 1543 4065 [unctionis
1579 4010 1725 4064 illius
1762 4010 2034 4064 eonside-‘

435 4122 549 4174 res,
580 4105 894 4162 Conditoris
930 4115 1111 4175 partes
1156 4103 1487 4160 attribuunt.
1540 4100 1658 4155 Jam
1716 4100 2016 4157 Achamoth

437 4197 507 4251 ab
538 4195 687 4252 omni
719 4194 1130 4264 perturbatione
1177 4193 1366 4255 libera,
1398 4207 1524 4245 cum
1580 4191 1870 4254 luminum,
1896 4206 2018 4261 quze

437 4278 564 4338 eum
595 4285 715 4353 ipso
750 4291 928 4347 erant,
964 4283 1067 4338 hoc
1097 4290 1180 4337 est
1202 4283 1463 4336 comitum
1509 4282 1851 4351 angelorum,
1882 4297 2017 4336 con-

441 4374 848 4445 templationem
896 4389 1022 4428 cum
1054 4374 1255 4443 ingenti
1288 4374 1488 4446 gaudio
1532 4373 1895 4443 concepisset,
1931 4380 2015 4428 at-

2110 3369 2203 3422 καὶ
2251 3368 2309 3435 ἐξ
2345 3368 2636 3439 ἀσωμάτου
2683 3367 2889 3433 πάθους
2931 3370 3011 3431 είς
3050 3367 3344 3438 ἀσώματον
3368 3370 3389 3400 ⁵
3419 3368 3518 3439 τὴν
3560 3367 3700 3438 ὓλην

2114 3459 2437 3532 μεταὸαλεῖν
2474 3460 2633 3516 αὑτά.
2664 3457 2781 3514 Εἶθ’
2810 3459 2983 3523 οὕτως
3016 3460 3428 3531 ἐπιτηδειότητα
3460 3459 3554 3514 καὶ
3597 3458 3700 3530 φύ-

2113 3568 2199 3605 σιν
2232 3552 2665 3622 ἐμπεποιηκέναι
2688 3553 2893 3617 αὐτοῖς,
2934 3552 3076 3605 ὥστε
3105 3554 3185 3616 είς
3225 3553 3572 3625 συγκρίματα
3600 3553 3701 3607 καὶ

2114 3642 2341 3714 σώματα
2392 3644 2567 3698 ἐλθεῖν
2614 3645 2752 3717 πρὸς
2797 3644 2859 3697 τὸ
2908 3644 3160 3714 γενέσθαι
3203 3644 3296 3699 δύο
3342 3645 3550 3712 οὐσίας,
3592 3645 3699 3716 τὴν

2114 3734 2326 3805 φαύλην
2364 3733 2473 3789 τῶν
2500 3735 2709 3801 παθῶν,
2733 3737 2832 3808 τήν
2857 3752 2917 3788 τε
2957 3734 3060 3805 τῆς
3089 3737 3424 3808 ἐπιστροφῆς
3449 3736 3696 3807 ἐμπαθῆ.

2117 3827 2229 3880 Καὶ
2257 3826 2348 3881 διά
2378 3827 2534 3881 τοῦτο
2555 3828 2782 3899 δυνάμει
2810 3826 2903 3881 τὸν
2930 3826 3159 3899 Σωτῆρα
3178 3828 3699 3901 δεδεμιουργηκέναι

2118 3919 2421 3989 φάσκουσιο
2452 3921 2550 3991 τήν
2576 3937 2636 3973 τε
2681 3920 2936 3993 Ἀχαμὼθ
2966 3920 3121 3985 ἐκτὸς
3150 3920 3352 3984 πάθους
3374 3921 3707 3993 γενομένην,

2116 4011 2210 4064 καὶ
2238 4009 2611 4065 συλλαϐοῦσαν
2641 4014 2706 4083 τῇ
2737 4015 2881 4085 χαρᾷ
2905 4014 3014 4068 τῶν
3048 4016 3106 4068 ἐν
3142 4012 3291 4084 αῦτῷ
3322 4013 3343 4044 ⁶
3378 4011 3571 4083 φώτων
3598 4012 3711 4084 τὴν

2117 4099 2371 4172 θεωρίαν,
2400 4101 2650 4155 τουτέστι
2678 4101 2786 4157 τῶν
2816 4104 3063 4174 ἀγγέλων
3099 4103 3209 4158 τῶν
3238 4104 3355 4177 μετ’
3385 4102 3571 4169 αὐτοῦ,
3602 4105 3700 4158 καὶ

2117 4193 2524 4264 ἐγκισσήσασαν
2558 4194 2780 4259 αὐτοὺς,
2814 4196 3145 4268 κεκυηκέναι
3168 4198 3411 4267 καρποὺς
3435 4196 3700 4267 ητᾶτὴν

2117 4285 2300 4340 εἰκόνα
2324 4284 2657 4353 διδάσκουσι,
2685 4287 2787 4359 κύῃ
2797 4306 2876 4359 μα
2901 4290 3265 4359 πνευματικὸν
3294 4288 3415 4343 καθ’
3440 4288 3715 4359 ὁμοίωσιν.

2118 4376 2416 4443 γεγονότως
2452 4376 2472 4407 ⁷
2505 4375 2613 4430 τῶν
2643 4376 2953 4449 δορυφόρων
2984 4379 3079 4432 τοῦ
3119 4380 3372 4451 Σωτῆρος

442 4482 549 4539 que
579 4466 647 4520 ad
696 4465 912 4519 illorum
958 4464 1410 4523 consuetudinem
1438 4462 1757 4543 exarsisset,
1781 4461 1848 4516 ad
1902 4477 2091 4517 eorum
2126 4464 2406 4535 exemplar
2449 4462 2619 4521 fetum
2658 4467 2844 4521 nescio
2882 4482 3045 4537 quem
3086 4468 3385 4538 spiritalem
3421 4467 3715 4549 parturiit,

440 4559 533 4630 qui
569 4557 637 4613 ad
690 4556 1018 4626 slipatorum
1067 4553 1364 4610 Salvatoris
1415 4561 1562 4609 esset
1606 4552 2019 4609 similitudinem
2053 4568 2374 4627 expressus.

508 4671 695 4728 XVIII.
742 4672 1107 4740 Quamobrem
1149 4671 1344 4742 triplici
1378 4671 1490 4741 jam
1538 4671 1841 4727 substantia
1872 4686 2008 4731 ,con-

2187 4674 2296 4729 IH’.
2332 4672 2513 4746 Τριῶν
2537 4667 2628 4727 οῦν
2666 4672 2767 4745 ῆδη
2803 4673 3008 4728 τούτων
3036 4674 3415 4746 ὑποκειμένων
3443 4675 3570 4730 κατ’
3602 4677 3704 4729 αὑ-

439 4767 648 4830 stituta,
684 4766 860 4835 prima
898 4779 1018 4835 qua;
1064 4779 1131 4820 ex
1186 4764 1591 4836 perturbatione
1640 4763 1863 4835 prodiit.
1898 4778 2022 4834 qua:

437 4866 524 4915 est
587 4858 861 4925 materia;
943 4856 1183 4914 secunda
1260 4871 1325 4911 ex
1407 4857 1801 4920 conversione,
1876 4854 2024 4927 quod

437 4958 525 5006 est
570 4948 918 5015 animalium;
966 4950 1126 5005 tertia
1177 4946 1444 5017 spiritali,
1487 4963 1649 5017 quam
1693 4953 2022 5017 postremam

439 5042 691 5113 peperit,
752 5050 868 5095 tum
929 5056 988 5097 se
1039 5041 1273 5110 denique
1333 5039 1401 5094 ad
1472 5039 1660 5094 eadem
1724 5038 2022 5109 ellingenda

440 5133 691 5190 contulit.
740 5132 1060 5203 Quanquam
1119 5132 1266 5203 quod
1318 5131 1561 5201 spiritale
1621 5140 1778 5198 erat,
1836 5139 2022 5201 utpote

441 5226 685 5297 ejusdem
730 5240 855 5280 cum
902 5226 1019 5295 ipsa
1070 5235 1316 5293 naturae,
1366 5225 1600 5297 ﬁgurare
1644 5224 1867 5280 minime
1918 5238 2020 5293 po-

444 5322 565 5374 tuit.
612 5316 768 5373 Unde
807 5333 866 5373 se
899 5318 1190 5373 animatam
1238 5318 1306 5373 ad
1344 5317 1705 5373 substantiam
1729 5355 1743 5380 ,
1782 5329 1904 5385 qua;
1953 5330 2021 5370 ex

442 5409 617 5484 ipsius
655 5408 1015 5465 conversione
1059 5409 1303 5481 profecta
1349 5410 1561 5479 fuerat,
1611 5396 2031 5480 perpoliendam'

2125 4764 2271 4829 τοὺς,
2303 4762 2397 4817 τοῦ
2434 4762 2533 4834 μὲν
2559 4764 2623 4817 ἐκ
2663 4763 2757 4816 τοῦ
2801 4763 3025 4829 πάθους,
3075 4762 3105 4815 ὃ
3146 4758 3215 4835 ἦν
3255 4761 3390 4833 ὓλη·
3430 4762 3526 4816 τοῦ
3555 4763 3614 4817 δέ
3641 4766 3705 4817 ἐκ

2128 4855 2227 4926 τῆς
2252 4855 2604 4926 ἐπιστροφῆς,
2627 4854 2657 4907 ὃ
2683 4850 2752 4927 ἦν
2779 4855 2839 4908 τὸ
2860 4853 3090 4924 ψυχικόν
3107 4870 3123 4885 ·
3145 4853 3239 4909 τοῦ
3259 4854 3316 4908 δὲ
3339 4853 3369 4906 ὃ
3399 4853 3702 4926 ἀπεκύησε,

2128 4947 2372 5001 τουτέστι
2398 4947 2459 5001 τὸ
2484 4946 2873 5018 πνευματικὸν,
2895 4944 3069 5009 οὕτως
3102 4945 3313 5016 ἐτράπη
3339 4945 3431 4998 ἐπὶ
3452 4944 3549 5016 τὴν
3576 4944 3707 5015 μόρα

2129 5054 2302 5109 φωσιν
2332 5039 2536 5095 αὐτῶν.
2583 5038 2744 5093 ’Λλλά
2783 5038 2844 5091 τὸ
2891 5037 2991 5109 μὲν
3037 5037 3405 5109 πνευματικὸν
3445 5037 3520 5109 μὴ
3549 5036 3708 5089 δεδυ-

2128 5132 2319 5203 νῆσθαι
2345 5133 2482 5203 αὐτῇ
2513 5132 2536 5164 ⁸
2572 5131 2877 5203 μορφῶσαι,
2912 5129 3101 5201 ἐπειδὴ
3138 5129 3421 5201 όμοούσιον
3459 5127 3719 5199 ὑπῆρχεν,

2126 5223 2289 5295 αὐτῇο
2317 5221 2617 5295 τετράφθαι
2668 5222 2727 5275 δέ
2772 5224 2867 5276 ἐπὶ
2880 5221 2985 5294 τὴν·
3028 5222 3308 5293 μόρφωσιν
3351 5220 3451 5291 τῆς
3480 5217 3706 5289 γενομέ-

2130 5332 2237 5387 μης
2266 5318 2330 5368 ἐκ
2358 5316 2455 5387 τῆς
2485 5314 2821 5385 ἐπιστροφῆς
2867 5316 3036 5386 αὐτῆς
3067 5312 3305 5385 ψυχικῆς
3331 5311 3540 5374 οὐσίας,
3577 5327 3705 5382 προ-

2126 5405 2311 5459 εαλεῖν
2348 5421 2409 5458 τε
2452 5402 2523 5458 τά
2568 5401 2721 5476 παρὰ
2759 5405 2853 5460 τοῦ
2911 5405 3163 5477 Σωτῆρος
3216 5402 3529 5475 μαθήματα.
3596 5402 3705 5455 Καὶ

521 5586 539 5670 ξ
571 5585 962 5670 ἐτεηκέπεὶιδέ.
1040 5589 1072 5670 ³-
1187 5588 1346 5658 αὐτῇ.
1417 5587 1439 5619 ³
1461 5586 1543 5670 Ἰν.
1577 5585 1883 5670 δέίξμοίςυς,
1913 5596 2008 5654 pro

2108 5581 2325 5656 opem.
2402 5583 2425 5618 δ
2462 5581 2524 5638 F.
2568 5582 2737 5656 χωρὶς
2796 5581 3040 5653 συγχέαι.
3118 5581 3139 5614 ⁸
3169 5578 3307 5638 Ircn.
3368 5576 3712 5649 ὲνσώματον..

450 5653 473 5687 ⁸
511 5653 649 5709 Ircn.
682 5657 777 5710 σὺν
808 5655 975 5727 αῢτῴ.
1052 5656 1072 5688 ⁷
1107 5656 1247 5713 lrcn.
1284 5653 1526 5725 γεγονός.
1600 5657 1621 5689 ⁸
1651 5653 1712 5710 I“.
1741 5653 1930 5725 αὐτὴν.
