4004 6154
315 335 413 390 5H

1700 324 1757 379 8.
1804 320 2144 379 EPINIANII

3489 315 3601 371 5l2

391 451 529 511 XIX.
579 452 742 523 Igitur
787 445 1227 519 quandoquidem
1289 452 1536 499 naturam
1593 444 1738 499 illam
1782 459 1903 513 qua}

2079 439 2181 495 19'.
2221 439 2374 492 Ἐπεὶ
2429 432 2522 492 οὗν
2569 436 2667 510 τὴν
2721 435 2913 509 ύλικὴν
2958 433 3146 490 οὐσίαν
3182 436 3247 489 ὲκ
3282 434 3451 509 τριῶν
3491 452 3599 490 πα-

315 548 544 603 materia
603 552 837 607 constat,
896 540 1097 610 triplici
1164 538 1578 610 perturbatione
1632 536 1903 591 contineri

317 643 593 702 asserunt,
620 641 789 699 metu,
826 633 1015 688 dolore
1048 648 1114 687 ac
1161 631 1361 686 mentis
1400 630 1612 701 inopia;
1662 645 1727 685 ex
1757 637 1904 684 metu

316 747 380 785 ac
410 728 773 785 conversione
816 726 1074 781 animalia
1117 741 1348 796 quaeque
1385 734 1741 795 componunt.
1766 722 1903 777 Nam

314 838 380 878 ex
412 822 771 877 conversione
804 818 1153 874 Conditorem
1186 818 1429 888 genitum
1472 833 1537 873 ex
1598 825 1747 872 metu
1777 815 1906 870 reli-

316 926 477 982 quam
513 911 672 982 187
704 924 919 965 omnem
965 908 1254 964 animalem
1300 907 1666 964 substantiam
1716 905 1907 961 existi-
1947 902 1964 911 ’

315 1012 506 1058 niant:
538 1000 846 1072 cujusmodi
870 1008 999 1056 sunt
1023 1000 1234 1055 ratione
1260 1000 1564 1055 carentium
1585 998 1903 1061 bestiarum,

316 1102 372 1149 et
398 1094 635 1150 ferarum
667 1102 831 1165 atque
872 1092 1154 1148 hominum
1201 1092 1415 1146 animm.
1459 1090 1750 1161 Propterea
1780 1105 1903 1145 cum

313 1185 386 1240 ad
419 1186 689 1257 spiritalia
737 1184 999 1257 quaedam
1033 1184 1409 1255 pernoscenda
1446 1181 1775 1238 imbecillior
1827 1180 1908 1235 l‘o-

317 1283 421 1341 ret,
450 1276 628 1332 solum
670 1291 730 1331 se
762 1290 886 1330 esse
919 1273 1087 1329 Deum
1132 1274 1477 1337 arbitratum,
1530 1287 1593 1326 ac
1634 1288 1729 1341 per
1780 1285 1908 1342 pro-

316 1370 510 1436 phetas
538 1368 776 1425 edixisse
813 1386 827 1422 :
862 1365 973 1439 Ego
1012 1366 1177 1433 Deus,
1204 1375 1399 1436 printer
1425 1382 1506 1421 me
1549 1365 1728 1420 nullus
1766 1364 1906 1420 alius

313 1470 393 1515 est
429 1462 467 1517 ¹.
499 1459 575 1514 Ex
607 1460 817 1531 reliquo
846 1475 1010 1531 porro
1037 1459 1511 1530 perturbationum
1542 1472 1761 1529 genere,
1796 1456 1907 1526 spi-

317 1554 534 1610 ritualia
586 1554 843 1625 nequitia:
890 1564 1174 1624 procreata
1210 1572 1224 1609 :
1268 1553 1503 1624 indeque
1540 1559 1594 1607 et
1630 1551 1906 1606 diabolum

313 1652 587 1709 exortum,
629 1660 790 1715 quem
847 1645 1247 1700 moderatorem
1295 1646 1485 1700 mundi
1539 1643 1766 1708 faciunt,
1801 1658 1947 1699 una.

313 1752 439 1791 cuin
472 1736 757 1793 daemoniis
786 1745 840 1791 et
884 1736 1115 1806 angelis,
1157 1746 1463 1807 cmteraque
1492 1736 1641 1790 omni
1673 1736 1907 1806 spiritali

311 1828 575 1900 nequitia:
604 1828 935 1884 substantia.
964 1826 1165 1882 Verum
1198 1827 1547 1883 Conditorem
1584 1828 1759 1898 ipsum
1790 1828 1908 1881 ani-

314 1924 512 1979 malem
543 1924 732 1980 Matris
760 1924 925 1979 lilium
948 1938 1069 1979 esse
1103 1923 1315 1990 dicunt,
1346 1918 1745 1979 moderatorem
1778 1938 1906 1978 vero

315 2011 507 2065 mundi
541 2012 817 2082 quoddam
852 2029 989 2085 opus
1033 2012 1370 2071 Conditoris.
1416 2015 1495 2070 Ac
1545 2015 1732 2069 mundi
1774 2029 1907 2069 sane

315 2110 584 2159 rectorem
616 2121 736 2175 qua!
768 2120 933 2178 supra
966 2124 1026 2164 se
1077 2109 1208 2176 sint,
1245 2115 1432 2178 utpote
1460 2108 1717 2179 nequitiae
1751 2108 1907 2178 spiri-

315 2203 454 2260 tum,
501 2194 837 2267 intelligere;
891 2198 1266 2269 Conditorem,
1316 2200 1460 2270 quod
1509 2200 1761 2255 animalis
1812 2199 1904 2264 sit,

318 2288 572 2357 ignorare
614 2287 934 2346 defendunt.
976 2290 1220 2358 Quorum
1266 2292 1428 2347 etiam
1471 2290 1696 2367 Matrem
1740 2306 1907 2363 supra

314 2379 515 2434 cmlum
555 2380 801 2438 habitare
846 2384 1025 2439 medio
1070 2383 1307 2456 quodam
1358 2384 1517 2450 loco;
1553 2383 1904 2440 Conditorem

312 2486 445 2528 vero
475 2473 532 2528 in
560 2473 680 2545 ipso
706 2475 866 2542 celo,
908 2476 1165 2532 nimirum
1214 2476 1270 2531 in
1305 2476 1668 2532 hebdomade.
1719 2475 1904 2532 Mundi

315 2570 585 2619 rectorem
617 2564 856 2634 denique
893 2565 948 2619 in
1002 2565 1108 2621 hoc
1146 2564 1407 2622 inferiore
1441 2566 1646 2621 mundo
1688 2574 1908 2620 nostro-

316 2667 425 2722 que
452 2652 681 2707 versari.
713 2651 834 2706 Jam
867 2668 998 2708 vero
1027 2668 1057 2708 e
1088 2661 1313 2724 stupore
1346 2669 1412 2709 ac
1454 2654 1667 2710 consilii
1701 2655 1905 2726 inopia,

316 2749 576 2813 tanquam
606 2759 670 2799 ex
702 2743 1042 2813 ignobiliora,
1073 2761 1364 2817 corporea,
1397 2753 1457 2801 ut
1487 2755 1615 2803 ante
1643 2746 1904 2814 diximus,

317 2833 508 2888 mundi
545 2834 814 2890 elementa
851 2837 1142 2906 prodiisse.
1189 2838 1266 2893 Ita
1317 2854 1384 2894 ex
1419 2839 1663 2894 attonitae
1707 2840 1906 2896 mentis

317 2931 465 2980 statu
505 2932 749 2983 terram:
783 2944 979 2999 aquam
1023 2946 1056 2986 e
1110 2930 1367 3002 lacrymis
1407 2946 1546 3002 quas
1595 2938 1773 2987 metus
1812 2947 1909 2987 er-

317 3025 591 3083 cusserat,
622 3033 801 3073 aerem
835 3034 901 3075 ex
935 3019 1146 3077 doloris
1186 3021 1559 3089 concretione,
1589 3022 1766 3095 ignem
1806 3021 1907 3078 de-

318 3107 487 3179 nique
529 3110 786 3167 omnibus
832 3110 1232 3184 ingeneratum,
1266 3114 1417 3169 velut
1468 3125 1697 3170 mortem
1743 3121 1909 3185 atque
1936 3143 1977 3200 ο

317 3202 570 3271 exitium,
599 3205 826 3275 perinde
856 3214 1019 3277 atque
1061 3207 1239 3263 tribus
1278 3207 1784 3278 perturbationibus
1821 3210 1909 3264 in-

321 3302 522 3350 sertam
557 3295 921 3368 ignorantiam
951 3297 1169 3354 docent.

389 3385 471 3441 Ad
496 3387 631 3452 haec,
654 3388 905 3445 absoluta
928 3391 1116 3445 mundi
1143 3391 1370 3455 fabrica,
1398 3392 1603 3447 luteum
1631 3392 1907 3447 hominem

318 3488 351 3528 a
384 3473 681 3532 Conditore
712 3478 922 3543 ﬂetum,
956 3494 1063 3533 non
1094 3496 1159 3534 ex
1200 3483 1346 3537 sicca
1377 3482 1466 3536 illa
1501 3491 1684 3536 tamen
1722 3482 1908 3542 humo.

319 3565 415 3619 Sed
446 3580 512 3619 ex
548 3566 727 3622 visum
763 3566 1002 3638 fugiente
1043 3569 1377 3636 substantia,
1432 3587 1556 3627 cum
1611 3587 1679 3627 ex
1713 3570 1912 3626 dillusa

319 3656 637 3728 liquidaque
688 3660 933 3715 materiae
974 3670 1128 3731 parte
1180 3663 1527 3733 sumpsisset,
1576 3672 1630 3719 et
1681 3664 1736 3717 in
1787 3679 1911 3719 eum

321 3746 598 3803 hominem
645 3749 934 3805 animalem
979 3751 1210 3807 alterum
1256 3751 1600 3823 inspirasset.
1647 3749 1913 3821 Hnneque

320 3839 459 3895 adeo
493 3840 670 3911 ipsum
698 3841 850 3896 illum
883 3856 1027 3907 esse,
1063 3843 1155 3913 qui
1186 3844 1253 3899 ad
1285 3844 1577 3915 imaginem
1624 3860 1689 3899 ac
1724 3843 1916 3899 simili-

323 3930 570 3989 tudinem
600 3932 671 3987 sit
693 3948 1007 4004 expressus.
1034 3933 1171 3991 Nam
1213 3935 1281 3991 ad
1318 3937 1607 4009 imaginem
1636 3953 1761 3993 eum
1791 3952 1916 3992 esse

321 4020 548 4089 factum,
575 4024 669 4096 qui
705 4025 1198 4105 materia‘constat,
1225 4028 1430 4100 quique
1463 4028 1537 4082 ita
1585 4026 1681 4081 Dei
1718 4025 1915 4083 similis

322 4112 416 4178 sit,
443 4121 503 4167 ut
527 4115 773 4170 eamdem
797 4131 918 4171 cum
943 4117 1062 4186 ipso
1082 4125 1335 4171 naturam
1368 4118 1589 4173 minime
1611 4117 1913 4181 sortiatur;

323 4200 619 4256 animalem
666 4219 796 4258 vero
851 4206 918 4259 ad
974 4205 1388 4260 similitudinem
1445 4204 1716 4272 edictum;
1771 4203 1919 4259 unde

2006 531 2116 584 θῶν
2148 531 2405 601 συστῆναι
2431 529 2669 599 λέγουσι,
2701 528 2870 599 φό6ου
2906 544 2968 580 τε
3011 527 3106 581 καὶ¹
3127 526 3303 599 λύπης
3331 527 3427 580 καὶ
3463 526 3602 580 ﬁm-

2009 621 2149 695 ρίας,
2177 623 2241 676 ὲκ
2273 622 2370 693 μὲν
2397 620 2491 674 τοῦ
2539 621 2706 692 φόϐου
2752 622 2849 675 καὶ
2884 621 2986 692 τῆς
3025 620 3360 691 ἐπιστροφῆς
3396 619 3466 673 τά
3494 619 3601 689 ψυ-

2005 714 2137 787 χικά
2167 713 2267 785 τὴν
2298 713 2559 767 σύστασιν
2608 712 2910 784 εἰληφέναι,
2954 714 3021 766 ὲκ
3057 712 3156 784 μὲν
3200 712 3303 783 τῆς
3345 713 3604 781 ἐπιστρο-

2007 805 2113 876 φῆς
2147 803 2240 857 τὸν
2279 802 2618 875 Δημιουργδν
2649 802 2930 873 βούλονται
2973 802 3073 873 τὴν
3114 803 3327 871 γένεσιν
3366 800 3603 873 ἐσχηκέ-

2006 910 2116 961 ναι,
2151 895 2216 948 ὲκ
2244 894 2301 948 δὲ
2333 891 2441 947 τοῦ·
2459 893 2627 962 φόϐου
2652 896 2753 965 τὴν
2775 892 2968 965 λοιπὴν
3000 895 3183 948 πᾶσαν
3208 892 3444 965 ψυχικὴν
3472 892 3604 949 ὑπό-

2009 1005 2221 1053 στασιν,
2271 988 2348 1053 ὡς
2380 988 2559 1061 ψυχὰς
2600 988 2812 1058 ἀλόγων
2865 986 3041 1053 ζώων,
3084 988 3188 1044 καὶ
3225 986 3451 1058 θηρίων,
3504 986 3603 1040 καὶ

2007 1079 2347 1152 ἀνθρώπωντ
2366 1080 2467 1134 Διά
2508 1080 2667 1135 τοῦτο
2713 1078 3048 1152 ἀτονώτερον
3089 1078 3252 1133 αὐτὸν
3285 1079 3604 1150 ὑπάρχοντα

2008 1170 2149 1243 πρὸς
2173 1171 2236 1225 τὸ
2260 1170 2550 1241 γινώσκειν
2572 1171 2693 1226 τινὰ
2722 1171 3093 1243 πνευματικὰ,
3122 1170 3286 1225 αὐτὸν
3317 1171 3605 1242 νενομικέ-

2007 1280 2099 1318 ναι
2112 1263 2297 1333 ,μόνον
2328 1257 2471 1317 εἶναι
2495 1262 2650 1328 Θεὸν,
2680 1264 2774 1317 καὶ
2804 1264 2893 1319 διά
2926 1263 3036 1321 τῶν
3066 1264 3360 1336 προφητῶν
3383 1263 3606 1336 εἰρηκέ-

2007 1368 2128 1408 ναι·
2191 1352 2336 1422 Ἐνὼ
2385 1351 2552 1419 Θεὸς,
2602 1351 2772 1421 πλὴν
2811 1351 2961 1423 ἐμοῦ
3004 1351 3225 1418 οὐδείς.
3267 1350 3361 1404 Ἐκ
3403 1350 3462 1404 δὲ
3502 1350 3606 1422 τῆς

2007 1442 2202 1513 λοιπῆς
2236 1442 2308 1495 τὰ
2348 1440 2695 1513 πνευματικά
2724 1440 2825 1512 τῆς
2859 1440 3125 1513 πονηρίας
3163 1440 3471 1495 διδάσκουσι
3509 1457 3605 1509 γε-

2008 1531 2253 1601 γονέναιο
2292 1530 2416 1586 ὅθεν
2458 1531 2552 1585 τὸν
2596 1530 2842 1585 διάϐολον
2881 1530 2981 1603 τὴν
3029 1531 3248 1600 γένεσιν
3286 1527 3603 1602 ἐσχηκέναι,

2008 1622 2069 1676 δν
2097 1624 2191 1677 καὶ
2231 1622 2647 1696 κοσμοκράτορα
2676 1622 2930 1693 καλοῦσιε,
2974 1622 3073 1677 καὶ
3124 1623 3193 1678 τά
3222 1622 3475 1694 δαιμόνια
3507 1623 3607 1676 καὶ

2010 1715 2138 1778 τοὺς
2170 1714 2457 1783 ἀγγέλους,
2481 1716 2577 1769 καὶ
2605 1716 2789 1769 πᾶσαν
2825 1715 2926 1787 τὴν
2953 1714 3331 1785 πνευματικὴν
3363 1713 3462 1784 τῆς
3501 1730 3603 1766 πο-

1941 1787 1984 1843 Β
2008 1805 2204 1876 νηρίας
2235 1805 2553 1859 ὑπόστασιν.
2602 1805 2765 1859 Ἀλλά
2799 1805 2892 1859 τὸν
2929 1804 3028 1876 μὲν
3060 1802 3403 1875 Δημιουργδν
3442 1803 3557 1856 υἱὸν
3582 1805 3604 1833 ¹

2008 1899 2108 1968 τῆς
2148 1896 2369 1968 Μητρὸς
2420 1896 2602 1951 αὐτῶν
2654 1895 2909 1966 λέγουσι’
2958 1896 3051 1949 τὸν
3087 1895 3146 1949 δὲ
3184 1894 3607 1967 κοσμοκράτορα

2008 1986 2215 2057 κτίσμα
2238 1985 2332 2039 τοῦ
2357 1987 2723 2059 Δημιουργοῦ.
2761 1988 2871 2041 Καὶ
2909 1987 3001 2041 τὸν
3051 1987 3149 2058 μὲν
3179 1987 3605 2061 κοσμοκράτορα
3698 2006 3709 2015 ·

2006 2078 2299 2149 γινώσκειν
2333 2079 2401 2133 τά
2451 2080 2591 2152 ὑπὲρ
2610 2081 2793 2147 αὑτὸν,
2824 2081 2906 2135 ὅτι
2934 2079 3155 2152 πνεῦμά
3200 2082 3317 2134 ἐστι
3348 2081 3447 2150 τῆς
3507 2097 3609 2134 πο-

2006 2174 2232 2246 νηρίαςο
2260 2172 2352 2228 τὸν
2385 2174 2443 2227 δὲ
2480 2175 2820 2248 Δημιουργὺν
2844 2175 3059 2244 ἀγνοεῖν
3086 2175 3182 2230 ἆτε
3211 2173 3417 2247 ψυχικά
3434 2176 3474 2207 ³⁸
3507 2175 3608 2228 ύπ-

2007 2267 2264 2339 άρχοντα.
2299 2267 2485 2320 υίκείν
2506 2265 2563 2320 δὲ
2594 2267 2695 2339 τὴν
2728 2266 2942 2339 μητέρα
2983 2267 3165 2322 αὐτῶν
3205 2269 3285 2331 είς
3320 2267 3414 2322 τὸν
3441 2268 3610 2338 ὑπερ-

2007 2358 2260 2429 ουράνιον
2331 2357 2522 2422 τόπον,
2576 2357 2857 2411 τουτέστιν
2905 2357 2965 2411 ὲν
3010 2360 3076 2430 τῇ
3142 2358 3420 2429 μεσότητι.
3499 2358 3606 2412 Τὸν

2006 2448 2349 2521 Δημιουργδν
2377 2448 2434 2502 δὲ
2451 2450 2530 2512 είς
2559 2448 2654 2503 τὸν
2676 2451 3071 2522 ύπερουράνιον
3104 2450 3126 2483 ³
3156 2451 3293 2522 (8υ),
3323 2450 3607 2505 τουτέστιν

2007 2540 2066 2595 ὲν
2103 2542 2170 2611 τῇ
2205 2538 2495 2611 ὲόδομάδι²
2537 2538 2630 2593 τὸν
2671 2539 2729 2593 δὲ
2777 2539 3254 2613 παντοκράτορα.⁶
3282 2541 3341 2594 ὲν
3372 2537 3454 2611 τῷ
3479 2537 3606 2592 καθ’

2006 2635 2159 2705 ἡμᾶς
2189 2632 2400 2704 κόσμῳ.
2443 2631 2539 2685 Ἐκ
2567 2631 2625 2685 δὲ
2672 2632 2774 2705 τῆς
2813 2633 3133 2703 ἐκπλήξεως
3181 2633 3277 2688 καὶ
3315 2632 3417 2704 τῆς
3459 2632 3609 2704 ἀμη-

2007 2725 2220 2796 χανίας,
2254 2724 2331 2790 ὡς
2359 2726 2425 2778 ὲκ
2451 2723 2548 2778 τοῦ
2581 2724 2924 2797 ἀσημοτέρου
2970 2726 3043 2781 τά
3075 2725 3385 2796 σωματικὰ,
3421 2722 3608 2789 καθὼς

2010 2819 2376 2893 προείπαμεν,
2403 2816 2498 2871 τοῦ
2520 2817 2725 2890 κόσμου
2750 2822 2991 2890 στοιχεῖα
3018 2818 3321 2889 γεγονέναι,
3342 2817 3439 2889 τὴν
3465 2816 3565 2889 μιν
3581 2817 3605 2851 ⁸

2008 2913 2153 2966 κατά
2174 2912 2274 2984 τῆς
2309 2909 2628 2983 ἐκπλήξεως
2666 2910 2877 2976 στάσιν,
2920 2909 3066 2983 ὕδωρ
3100 2910 3159 2965 δὲ
3194 2908 3339 2965 κατά
3363 2908 3463 2980 τὴν
3505 2906 3607 2962 τοῦ

2009 3003 2178 3073 φόϐου
2214 3003 2344 3075 (τῶν
2393 3002 2670 3076 δακρύων)
2720 3002 2938 3075 κίνησιν
2963 3042 2979 3069 ,
3022 3002 3162 3074 ἀέρα
3204 3018 3266 3055 τε
3308 2999 3453 3056 κατὰ
3504 2999 3606 3073 τὴν

2009 3091 2189 3165 λύπης
2215 3093 2399 3164 πῆξιν.
2434 3092 2593 3146 Τδ-δὲ
2636 3091 2752 3165 πῦρ
2781 3092 2986 3146 ἅπασιν
3012 3092 3199 3154 αὐτοῖς
3231 3088 3607 3160 ἐκπεφυκέναι

2012 3184 2242 3241 θάνατον
2281 3185 2377 3240 καὶ
2415 3185 2647 3258 φθορὰν,
2677 3183 2753 3249 ὼς
2794 3185 2891 3239 καὶ
2922 3184 3023 3256 τὴν
3052 3185 3278 3255 ἄγνοιαν
3314 3185 3429 3248 τοῖς
3454 3183 3609 3255 τρισὶ

2010 3277 2238 3332 πάθεσιν
2270 3277 2649 3350 ὲγκεκρύφθαι
2682 3277 3019 3332 διδάσκουσι.

2082 3370 2578 3442 Δημιουργήσαντα
2618 3368 2683 3441 δὴ
2721 3368 2814 3423 τὸν
2851 3368 3057 3439 κόσμον
3104 3366 3466 3440 πεποιηκέναι
3505 3365 3605 3420 καὶ

2009 3459 2102 3514 τὸν
2150 3461 2436 3532 ἄνθρωπον
2482 3460 2576 3514 τὸν
2621 3459 2837 3532 χοῖκόν·
2871 3458 2973 3512 οὐκ
3018 3458 3127 3513 ἀπὸ
3173 3459 3377 3529 ταύτης
3419 3457 3479 3510 δὲ
3505 3459 3607 3528 τῆς

2014 3552 2186 3626 ξηρᾶς
2232 3553 2359 3624 γῆς,
2401 3553 2516 3607 ἀλλ’
2549 3553 2657 3608 ἀπὸ
2702 3553 2803 3625 τῆς
2844 3552 3078 3625 ἀοράτου
3110 3553 3333 3616 οὐσίας,
3366 3549 3477 3604 ἀπὸ
3509 3548 3608 3603 τσῦ

2013 3642 2320 3715 κεχυμένου
2358 3642 2453 3698 καὶ
2488 3642 2717 3715 ρευστοῦ
2756 3644 2856 3715 τῆς
2908 3643 3047 3715 ὕλης
3085 3642 3339 3705 λαῦόντα,
3387 3641 3484 3695 καὶ
3526 3644 3612 3707 είς

2012 3734 2201 3789 τοῦτον
2234 3735 2550 3807 ἐμφυσῆσαι
2573 3735 2665 3789 τὸν
2695 3733 2927 3806 ψυχικὸν
2961 3734 3310 3807 διορίζονται.
3348 3735 3458 3788 Καὶ
3485 3733 3613 3787 τοῦ-

2012 3845 2106 3881 τον
2153 3823 2293 3883 εἶναι
2333 3828 2425 3881 τὸν
2474 3829 2593 3883 κατ’
2635 3829 2823 3883 εἰκόνα
2868 3829 2966 3883 καὶ
3005 3828 3264 3900 ὁμοίωσιν
3314 3827 3607 3895 γεγονότα·

2014 3920 2135 3973 κατ’
2162 3920 2349 3974 εἰκόνα
2398 3920 2497 3989 μὲν
2535 3919 2627 3974 τόν
2671 3919 2854 3973 ὑλικὸν
2889 3920 3180 3992 ὑπάρχειν,
3220 3917 3613 3991 παραπλήσιον

2019 4013 2139 4084 μὲν,
2176 4013 2294 4068 ἀλλ’
2330 4014 2431 4085 οὐχ
2470 4012 2758 4086 όμοούσιον
2793 4012 2871 4085 τῷ
2916 4012 3067 4085 Θεῷο
3108 4013 3232 4067 καθ’
3267 4012 3525 4084 ὁμοίωσιν
3552 4012 3614 4066 δὲ

2013 4106 2108 4161 τὸν
2134 4107 2403 4178 ψυχικόν·
2433 4106 2557 4162 ὅθεν
2595 4107 2690 4162 καὶ
2735 4106 2957 4178 πνεῦμα
2993 4106 3140 4177 ζωῆς
3174 4106 3270 4179 τὴν
3297 4106 3486 4159 οὐσίαν
3513 4105 3615 4158 αύ-

2013 4197 2109 4253 τοῦ
2162 4198 2457 4270 εἰρῆσθαι,
2515 4201 2582 4254 ὲκ
2641 4198 3020 4271 πνευματικῆς
3071 4197 3372 4270 ἀπορροίας
3418 4192 3611 4252 οὖσαν.

322 4293 487 4346 etiam
510 4293 635 4348 vitae
660 4295 915 4363 spiritum
939 4295 1060 4364 ejus
1089 4296 1350 4368 appellari
1375 4296 1765 4363 substantiam,
1797 4309 1912 4366 qua:

2018 4292 2287 4363 Ὕστερον
2318 4292 2375 4344 δὲ
2405 4292 2812 4364 περιτεθεῖσθαι
2841 4293 3093 4362 λέγουσιν
3118 4290 3267 4363 αύτῷ
3294 4292 3388 4345 τὸν
3408 4290 3616 4362 δερμά-

324 4397 392 4436 ex
424 4381 654 4451 spiritali
692 4384 927 4453 quadam
956 4386 1193 4443 tlnxione
1225 4390 1468 4459 profecta
1503 4391 1595 4447 sit.
1628 4389 1912 4447 Postremo

2014 4398 2160 4435 τινον
2214 4380 2440 4452 χιτῶνα.
2484 4381 2656 4435 Τοῦτο
2693 4382 2750 4436 δὲ
2787 4383 2851 4436 τὸ
2898 4383 3156 4455 αἰσθητὸν
3198 4382 3421 4454 σαρκίον
3471 4377 3616 4435 εἶναι

327 4470 612 4541 pellicearn
649 4470 726 4524 illi
759 4473 1024 4539 tunicam,
1056 4474 1160 4530 hoc
1205 4484 1289 4531 est
1315 4492 1539 4534 carnem
1571 4479 1720 4534 illam
1749 4495 1912 4550 quam

2017 4473 2257 4542 λέγουσι.
2294 4474 2367 4527 Τὸ
2390 4472 2447 4526 δὲ
2473 4472 2665 4545 κύημα
2699 4475 2799 4545 τῆς
2837 4474 3061 4545 Μητρὸς
3101 4474 3275 4545 αὐτῆς
3310 4477 3411 4544 τῆς
3446 4473 3617 4543 Ἀχα-

325 4558 623 4624 cernimus,
662 4573 785 4614 esse
814 4560 1229 4617 circumdatam.
1258 4563 1414 4631 Quod
1457 4583 1585 4622 vero
1626 4569 1691 4621 ad
1726 4568 1914 4626 Matris

325 4647 628 4703 Achamoth
678 4646 848 4702 fctum
889 4649 1054 4704 alium
1089 4653 1345 4722 pertinet,
1383 4671 1546 4725 quem
1583 4672 1646 4711 ex
1696 4659 1916 4728 angelo-

326 4754 449 4795 rum
497 4738 798 4795 Salvatoris
852 4743 1110 4804 comitum
1172 4748 1632 4817 contemplatione
1684 4752 1915 4820 peperit,

325 4842 520 4902 estque
549 4830 835 4900 spiritalis,
861 4841 1024 4904 atque
1050 4834 1296 4905 ejusdem
1332 4854 1455 4893 cum
1487 4839 1657 4897 Matre
1685 4850 1914 4911 naturae,

331 4923 497 4994 188
522 4923 684 4978 etiam
716 4922 863 4980 hunc
910 4926 1153 4998 ignotum
1192 4929 1364 4988 fuisse
1393 4932 1673 4989 Conditori
1700 4944 1914 5007 putant,

327 5029 392 5067 ac
422 5012 563 5066 clam
592 5012 713 5083 ipso
757 5016 1036 5072 nesciente
1087 5016 1143 5071 in
1182 5020 1436 5076 eumdem
1476 5022 1809 5090 demissum,
1856 5033 1917 5082 ut

327 5118 426 5173 per
460 5102 606 5158 hunc
654 5105 712 5160 in
758 5107 1057 5178 profectam
1092 5112 1175 5181 ,ab
1202 5128 1268 5168 eo
1307 5115 1543 5170 animam
1583 5132 1917 5188 corpusque,

326 5192 474 5264 quod
497 5209 622 5249 cum
653 5199 880 5254 materia
911 5212 1225 5258 concretum
1250 5214 1356 5274 est,
1381 5214 1584 5276 satum,
1612 5210 1680 5265 ab
1706 5192 1922 5265 iisdem-

327 5302 438 5358 que
456 5285 605 5341 velut
632 5295 788 5341 utero
809 5297 1081 5359 gestatum
1112 5302 1276 5367 atque
1309 5308 1554 5363 auctum,
1590 5300 1656 5355 ad
1686 5301 1738 5355 id
1773 5303 1917 5371 quod

330 5380 635 5451 perfectum
677 5387 762 5436 est
819 5383 1189 5452 recipiendum
1262 5388 1515 5444 idoneum
1572 5391 1913 5447 redderetur.

330 5475 502 5548 Igitur
523 5474 831 5532 admirabili
851 5475 1108 5547 quadam,
1142 5480 1313 5551 aiunt,
1338 5482 1678 5553 providentia
1712 5484 1916 5539 factum

2025 4564 2167 4636 μὼο,
2197 4564 2225 4618 ὃ
2252 4565 2393 4619 κατά
2429 4563 2531 4637 τὴν
2569 4564 2805 4633 θεωρίαν
2836 4565 2951 4620 τῶν
2983 4567 3111 4637 περὶ
3138 4565 3230 4619 τὸν
3254 4565 3481 4635 Σωτῆρα
3513 4563 3617 4633 ἀγα-

2021 4657 2197 4727 γέλων
2250 4655 2602 4728 ἀπεκύησεν,
2658 4655 2945 4728 όμοούσιον
2996 4657 3255 4729 ύπάρχον-
3293 4659 3360 4728 τῇ
3426 4656 3617 4727 Μητρὶ

2023 4748 2416 4821 πνευματικὸν,
2451 4749 2543 4803 καὶ
2577 4750 2741 4804 αὑτὸν
2771 4750 3097 4823 ἠγνοηκέναι
3137 4750 3229 4803 τὸν
3269 4746 3616 4819 Δημιουργόν

2023 4842 2263 4912 λέγουσι,
2295 4841 2392 4896 καὶ
2424 4841 2726 4914 λεληθότως
2754 4842 3173 4899 κατατεθεῖσθαι
3211 4843 3291 4906 είς
3323 4841 3504 4905 αὐτὸν,
3537 4840 3616 4912 μὴ

2024 4931 2433 5008 είδότοςιαύτοῦ,
2470 4934 2559 4988 ἵνα
2608 4933 2674 4987 δι’
2707 4934 2875 4988 αύτοῦ
2920 4936 3004 5001 είς
3042 4935 3140 5003 τὴν
3178 4934 3273 4988 ἀπ’
3308 4931 3474 4988 αὐτοῦ
3507 4931 3616 5002 ψυε-

2017 5027 2120 5099 χὴν
2154 5026 2382 5100 σπαρὲν,
2405 5026 2499 5082 καὶ
2528 5028 2610 5090 εἰς
2640 5027 2702 5080 τὸ
2727 5026 2916 5081 ὑλικὸν
2958 5026 3117 5080 τοῦτο
3153 5026 3312 5098 σῶμα
3339 5041 3619 5096 κυοφορη-

2020 5118 2112 5173 θὲν
2169 5120 2227 5173 ἐν
2272 5119 2487 5183 τούτοις
2540 5117 2634 5172 καὶ
2691 5118 2949 5191 αύξηθὲν,
2998 5119 3218 5190 ἕτοιμον
3259 5118 3486 5189 γένηται
3535 5117 3620 5180 εἰς

2022 5209 2293 5282 ὑποδοχὴν
2334 5209 2431 5264 τοῦ
2477 5211 2732 5266 τελείουθ.
2770 5211 2999 5265 Ἔλαϐεν
3039 5207 3133 5265 οὖν
3174 5251 3188 5275 ,
3220 5209 3294 5274 ὥς
3328 5226 3482 5280 φασι,
3524 5208 3620 5261 τὸν

2021 5302 2369 5374 Δημιουργδν
2405 5304 2435 5357 ό
2478 5304 2962 5376 συγκατασπαρεὶς
3007 5302 3085 5373 τῷ
3114 5302 3619 5373 ἐμφυσήματιπαύ-

2021 5394 2115 5449 τοῦ
2161 5394 2266 5448 ὑπὸ
2322 5394 2423 5466 τῆς
2478 5396 2678 5466 Σοφίας
2729 5396 3097 5466 πνευματικὸς
3129 5394 3435 5468 ἀνθρώπων
3463 5394 3484 5425 ’⁷
3515 5394 3622 5464 ἀβ-

2027 5488 2174 5559 ρήτῳ
2221 5487 2448 5561 προνοίᾳ
2476 5488 2517 5542 ⁸.
2560 5488 2651 5552 Ὠς
2695 5488 2805 5560 γάρ
2854 5488 2952 5560 τὴν
3003 5488 3215 5561 μητέρα
3265 5484 3615 5558 ἠγνοηκέναι,

408 5636 576 5720 ⁸⁸193ἱ
593 5652 741 5720 XLvt.
764 5634 822 5720 9ζ
856 5705 872 5720 Ι
896 5637 917 5668 ³
944 5634 1022 5720 ἰν..
1039 5635 1270 5720 ψυχικὸν
1300 5639 1436 5720 υἱόν.
1465 5641 1689 5720 ..ν-ἀτε⁸
1709 5641 1908 5713 ψυχικό

2016 5640 2121 5720 ξιτ.
2146 5644 2489 5720 ἐπουράνιον.
2540 5641 2683 5720 μιν.
2718 5644 3158 5720 κοσμοκράτορα.
3226 5643 3247 5675 ⁸
3279 5638 3342 5695 ιτ.
3366 5640 3466 5713 γῆν
3489 5637 3621 5711 μένα

339 5716 390 5764 et
416 5709 520 5764 del.
547 5706 824 5779 δακρύων⁶
854 5705 923 5761 Ir.
958 5705 1326 5776 addit—16701;.
1406 5712 1425 5742 ⁷
1459 5710 1524 5767 F.
1563 5705 1901 5781 Ἀνθρωπος.

2027 5713 2169 5771 lrcn.
2200 5705 2428 5787 δυνάμει
2468 5716 2562 5771 καὶ
2595 5705 2843 5788 προνοίᾳξ

415 5826 525 5899 (80)
578 5825 686 5881 Τὸν
721 5824 1087 5895 Δημιουργὸν
1111 5823 1186 5897 ’δὲ
1215 5827 1300 5897 εἰς
1328 5826 1443 5899 td)"
1472 5829 1545 5881 in:

1752 5830 1917 5887 imm.
1958 5832 2113 5889 Corr.
2157 5832 2505 5903 ἑπουράνιον;
