4004 6158
343 327 450 382 513

993 319 1363 377 ADVERSUS
1403 319 1745 376 ΙΙᾹΞΒΕΒΕΞ
1785 317 1914 373 LIB.

2044 317 2206 373 TOM.
2253 316 2313 372 ll.
2361 349 2428 357 -—
2463 316 2738 374 HAERES.
2778 317 2974 373 XXXI.

3527 324 3632 381 5M

343 443 487 514 οὕτω
517 458 612 495 και
645 438 706 493 τὸ
737 437 961 511 σπέρμα
1005 439 1197 510 αὐτῆς,
1228 441 1257 492 ὃ
1286 440 1351 511 δὴ
1401 441 1494 493 καὶ
1539 439 1671 494 αὐτὸ
1712 438 1937 509 Ἐκκλη-

2044 446 2145 502 est,
2178 438 2442 508 spiritalis
2467 447 2525 492 ut
2558 438 2720 492 homo
2746 439 3094 494 Conditorem
3123 415 3339 506 lateret,
3373 455 3496 496 cum
3525 459 3630 498 una

346 533 465 586 σίαν
491 529 629 585 εἶναι
659 531 928 600 λέγουσιν,
962 529 1253 584 ἀντίτυπον
1293 530 1392 600 τῆς
1433 529 1548 582 ἄνω
1591 527 1934 598 Ἐκκλησίας.

347 623 453 676 Καὶ
478 621 601 675 τότε
638 617 779 674 εἶναι
815 619 907 672 τὸν
944 620 1004 672 ἐν
1043 619 1228 682 αὐτοῖς
1267 617 1514 682 ἀξιοῦσιν
1547 617 1587 684 ⁸,
1617 617 1757 670 ὥστε
1793 616 1938 686 ἔχειν

343 713 540 776 αὐτοὺς
581 712 681 781 τὴν
721 710 820 782 μὲν
853 709 1032 781 ψυχὴν
1083 710 1192 762 ἀπὸ
1238 708 1334 762 τοῦ
1383 706 1747 780 Δημιουργοῦ,
1781 708 1843 760 τὸ
1880 707 1937 760 δὲ

347 806 506 878 σῶμα
533 806 641 860 ἀπὸ
669 803 763 856 τοῦ
794 804 939 874 χοὸς,
977 803 1072 856 καὶ
1101 802 1162 854 τὸ
1209 801 1472 873 σαρκικὸν
1508 800 1617 854 ἀπὸ
1653 801 1754 871 τῆς
1783 799 1938 872 ὕλης,

343 900 434 953 τὸν
465 899 521 952 δὲ
557 895 929 968 πνευματικὸν
975 893 1262 966 ἄνθρωπον
1300 893 1412 948 ἀπὸ
1450 894 1550 964 τῆς
1594 893 1801 966 μητρὸς
1836 893 1939 964 τῆς

359 989 638 1063 Ἀχαμώθ.

412 1262 498 1313 Κ’.
545 1257 726 1330 Τριῶν
759 1250 851 1310 οὖν
885 1255 1077 1318 ὄντων,
1133 1255 1194 1309 τὸ
1241 1253 1338 1326 μὲν
1389 1252 1595 1317 ὑλικὸν,
1622 1252 1651 1306 ὃ
1689 1251 1784 1305 καὶ
1813 1251 1936 1322 ἀρι-

347 1349 540 1421 στερὸν
577 1348 823 1411 γαλοῠσι,
853 1346 992 1400 κατὰ
1020 1347 1269 1416 ἀνάγκην
1296 1344 1630 1400 ἀπόλλυσθαι
1659 1343 1934 1412 λέγουσιν,

351 1444 450 1499 ἆτε
504 1441 774 1514 μηδεμίαν
821 1439 1196 1504 ἐπιδείξασθαι
1237 1441 1256 1469 ¹
1286 1439 1454 1509 πνοὴν
1495 1438 1804 1510 ἀφθαρσίας
1846 1438 1938 1491 δυ-

347 1537 610 1606 νάμενον·
654 1537 718 1589 τὸ
762 1533 820 1586 δὲ
858 1531 1108 1603 ψυχικὸν,
1144 1532 1171 1584 ὃ
1212 1532 1310 1586 καὶ
1347 1530 1517 1596 δεξιὸν
1561 1530 1938 1602 προσαγορεύ-

342 1643 516 1688 ουσιν,
561 1622 656 1677 ἆτε
690 1624 852 1693 μέσον
885 1621 943 1674 ὃν
976 1620 1070 1674 τοῦ
1105 1639 1164 1673 τε
1197 1619 1570 1691 πνευματικοῦ
1602 1621 1696 1674 καὶ
1728 1619 1938 1688 ὑλικοῦ,

343 1720 523 1772 ἐκεῖσε
551 1718 770 1787 χωρεῖν,
804 1717 939 1768 ὅπου
979 1713 1044 1768 ἂν
1079 1715 1174 1768 καὶ
1215 1715 1313 1784 τὴν
1348 1713 1668 1785 πρόσκλισιν
1705 1715 1939 1784 ποιήση-

2041 547 2138 601 per
2166 532 2286 600 ejus
2317 531 2553 584 amatum
2590 547 2618 584 a
2651 531 2926 601 Sapientia
2953 544 3352 591 consereretur.
3383 533 3454 589 Ut
3484 537 3632 591 enim

2039 621 2221 690 ignota
2266 620 2343 674 illi
2376 619 2546 675 Mater
2580 619 2701 683 fuit.
2737 624 2817 675 sic
2867 622 3030 680 etiam
3081 621 3221 678 fetus
3260 623 3428 689 illius,
3468 641 3634 694 quam

2039 710 2342 767 Ecclesiam
2389 721 2606 777 vocant,
2664 710 2924 766 Ecclesiae
2984 715 3213 771 alterius
3264 731 3329 770 ac
3390 719 3634 774 cmlestis

2039 804 2333 874 imaginem
2366 819 2703 874 expressam.
2737 804 2916 873 Atque
2960 805 3104 860 hunc
3149 807 3326 876 ipsum
3359 808 3632 863 hominem

2040 894 2192 949 illum
2239 910 2362 950 esse
2409 904 2635 950 censent
2679 897 2774 965 qui
2813 897 2864 950 in
2913 895 3048 965 ipsis
3091 898 3320 954 exsistat
3353 917 3366 953 :
3397 900 3534 954 adeo
3577 911 3632 954 ut

2037 988 2274 1040 animam
2305 987 2611 1053 Conditori,
2643 1003 2845 1058 corpus
2891 988 3082 1055 humo,
3119 1004 3343 1046 carnem
3373 993 3633 1056 materiae,

2039 1078 2341 1147 spiritalem
2383 1078 2657 1134 hominem
2700 1079 2860 1134 Matri
2907 1080 3188 1135 Achamoh
3224 1091 3508 1153 acceptum
3549 1101 3635 1138 re.

2038 1169 2236 1224 ferant.

2109 1258 2226 1312 ΧΧ.
2259 1261 2335 1315 Ex
2388 1260 2456 1316 iis
2498 1261 2698 1328 tribus,
2750 1262 2896 1332 quod
2941 1264 3172 1319 materia
3213 1270 3450 1330 constat,
3499 1263 3636 1319 sini-

2038 1361 2323 1424 strumque
2350 1365 2574 1409 vocatur
2619 1360 2800 1424 perire
2824 1359 3159 1412 'necessario
3190 1358 3512 1429 praedicant,
3546 1364 3635 1411 ut.

2039 1453 2162 1513 pote
2189 1445 2333 1516 quod
2385 1461 2454 1500 ne
2499 1446 2783 1500 minimum
2815 1448 3036 1517 quidem
3087 1448 3520 1503 immortalitatis
3552 1447 3635 1500 af-

2038 1533 2224 1590 ﬂatum
2253 1538 2428 1606 possit
2456 1537 2733 1606 recipere;
2763 1538 2999 1592 animale
3030 1553 3181 1601 vero,
3211 1538 3326 1594 sive
3354 1538 3632 1601 dextrum,

2039 1627 2183 1696 quod
2213 1628 2448 1683 medium
2485 1629 2625 1683 inter
2664 1628 2910 1698 spiritale
2957 1644 3022 1682 ac
3068 1629 3298 1684 materia
3339 1629 3632 1700 praeditum

2042 1719 2348 1793 inter-jacet“,
2376 1720 2506 1773 illuc
2541 1735 2652 1789 quo
2695 1727 2892 1789 su0ple
2935 1729 3068 1773 nuttt
3119 1721 3471 1793 propenderit
3508 1736 3634 1791 pro-

341 1825 465 1863 ταιο
495 1809 556 1862 τὸ
593 1808 648 1861 δὲ
689 1805 1057 1878 πνευματικὸν
1106 1805 1517 1876 ὲκπεπέμφθαι,
1557 1805 1706 1868 ὅπως
1749 1804 1934 1858 ἐνθάδε

2044 1808 2230 1888 licisci,
2280 1808 2436 1875 Quod
2483 1817 2666 1864 autem
2709 1810 2958 1880 spiritale
3001 1811 3072 1864 sit
3127 1811 3337 1865 ideirco
3375 1813 3538 1876 mitti,
3575 1819 3636 1866 ut

341 1900 420 1970 τῷ
457 1899 674 1970 ψυχικῷ
727 1897 958 1970 συζυγὲν
1007 1898 1292 1970 μορφωθῇ,
1340 1899 1742 1969 συμπαιδευθὲν
1789 1898 1938 1970 αὐτῷ

343 1965 403 2043 ὲν
424 1965 488 2062 τῇ
533 1965 884 2062 ιὶιναιςτρδφῇ.⁷
918 1965 1027 2044 Kal.
1071 1965 1216 2044 τοῦτ’
1243 1965 1386 2044 εἶναι
1414 1965 1642 2059 λέγουσι
1678 1991 1740 2044 τὸ
1778 1965 1933 2058 ἅλας,

343 2085 438 2138 καὶ
469 2084 528 2136 τὸ
567 2083 681 2154 φῶς
719 2083 812 2136 τοῦ
860 2083 1090 2155 κόσμου.
1127 2083 1276 2137 Ἔδει
1319 2083 1426 2154 γὰρ
1465 2083 1573 2138 τῶν
1614 2083 1862 2154 ψυχικῶν
1889 2084 1932 2149 ⁸,

344 2177 438 2230 καὶ
477 2175 752 2247 αἰσθητῶν
781 2177 1188 2248 παιδευμάτων.
1221 2178 1302 2229 Δι’
1333 2171 1408 2230 ὧν
1445 2179 1539 2231 καὶ
1581 2178 1784 2247 κόσμον
1809 2194 1939 2230 κατ-

342 2267 674 2322 εσκευάσθαι
708 2267 948 2337 λέγουσι,
989 2269 1085 2322 καὶ
1129 2267 1220 2322 τὸν
1254 2269 1484 2340 Σωτῆρα
1533 2267 1588 2321 δὲ
1634 2268 1728 2321 ἐπὶ
1779 2267 1938 2320 τοῦτο

343 2359 778 2431 παραγεγονέναι
829 2359 888 2412 τὸ
928 2359 1200 2430 ψυχικὸν,
1261 2361 1383 2413 ἐπεὶ
1439 2359 1536 2414 καὶ
1590 2359 1937 2424 αὐτεξούσιόν

342 2454 512 2518 ἐστιν,
543 2455 693 2516 ὅπως
725 2451 859 2505 αὐτὸ
891 2449 1063 2524 σώσῃ.
1094 2444 1193 2505 Ὧν
1219 2451 1328 2522 γὰρ
1365 2451 1569 2523 ἤμελλε
1597 2451 1814 2516 σώζειν,
1837 2451 1937 2516 τὰς

343 2543 599 2617 ἀπαρχὰς
634 2542 815 2598 αὐτῶν
860 2541 1139 2614 εἰληφέναι
1190 2543 1511 2612 φάσκουσιν,
1539 2542 1648 2595 ἀπὸ
1691 2543 1790 2613 μὲν
1838 2542 1938 2613 τῆς

357 2634 611 2707 Ἀχαμὼθ
655 2633 716 2687 τὸ
747 2633 1140 2704 πνευματικὸν,
1195 2633 1303 2686 ἀπὸ
1355 2633 1412 2686 δὲ
1451 2633 1545 2686 τοῦ
1591 2633 1936 2706 Δημιουργοῦ

345 2727 652 2782 ἐνδεδύσθαι
684 2725 776 2779 τὸν
804 2723 1035 2794 ψυχικὸν
1069 2725 1326 2796 Χριστὸν,
1365 2724 1473 2778 ἀπὸ
1516 2725 1573 2778 δὲ
1602 2726 1703 2796 τῆς
1732 2728 1937 2780 οἰκονο-

348 2820 476 2892 μίας
501 2817 906 2892 περιτεθεῖσθαι
941 2817 1104 2890 σῶμα.
1139 2817 1377 2889 ψυχικὴν
1407 2817 1528 2889 ἔχον
1559 2818 1769 2881 οὐσίαν,
1808 2836 1941 2872 κατ-

344 2911 746 2982 εσκευασμὲνον
789 2909 846 2962 δὲ
885 2910 1113 2982 ἀρρήτῳ
1143 2908 1329 2981 τέχνῃ,
1375 2909 1511 2981 πρὸς
1542 2909 1601 2962 τὸ
1633 2911 1728 2963 καὶ
1774 2911 1941 2983 ἀόρα-

345 3023 457 3071 τον,
501 3004 596 3057 καὶ
642 3001 1001 3073 ἀψηλάφητον
1058 3001 1102 3068 ⁸,
1158 3003 1253 3055 καὶ
1304 3000 1545 3072 παθητὸν
1589 3002 1935 3074 γεγενῆσθαι.

347 3097 457 3152 Καὶ
489 3095 672 3149 ὑλικόν
705 3093 761 3147 δὲ
787 3095 892 3148 οὐδ’
926 3093 1104 3147 ὁτιοῦν
1134 3093 1412 3163 εἰληφέναι
1447 3092 1698 3162 λέγουσιν
1739 3093 1902 3147 αὐτόν
1925 3111 1938 3124 ’

350 3188 426 3260 μὴ
450 3186 560 3260 γὰρ
592 3181 729 3240 εἶναι
777 3185 877 3258 τὴν
924 3186 1058 3256 ὓλην
1101 3185 1353 3257 δεκτικὴν
1401 3188 1692 3257 σωτηρίας.
1742 3185 1852 3256 Τὴν
1883 3187 1939 3240 δὲ

348 3278 658 3332 συντέλειαν
715 3276 970 3342 ἔσεσθαι,
1025 3276 1153 3332 ὅταν
1215 3276 1476 3348 μορφωθῇ
1531 3276 1625 3328 καὶ
1675 3275 1938 3349 τελειωθῇ

347 3369 548 3440 γνώσει
579 3370 687 3423 πᾶν
714 3369 774 3422 τὸ
804 3367 1198 3441 πνευματικὸν,
1231 3368 1513 3422 τουτέστιν
1545 3370 1594 3422 οἱ
1644 3386 1942 3442 πνευματι-

349 3464 437 3518 κιοὶ
479 3462 776 3534 ἄνθρωποι,
816 3463 866 3514 οἱ
909 3461 1009 3531 τὴν
1055 3460 1268 3515 τελείαν
1313 3459 1517 3530 γνῶσιν
1559 3460 1774 3532 ἔχοντες
1812 3462 1943 3534 περὶ

349 3553 484 3608 Θεοῦ
524 3555 619 3607 καὶ
648 3554 750 3625 τῆς
789 3551 1064 3624 Ἀχαμώθ.
1113 3551 1519 3624 Μεμυημένους
1563 3551 1622 3606 δὲ
1665 3555 1942 3625 μυστήρια

351 3642 486 3700 εἶναι
524 3644 745 3708 τούτους
783 3644 803 3676 ⁸
835 3643 1203 3699 ὑποτίθενται.
1242 3643 1673 3716 Ἐπαιδεύθησαν
1713 3646 1822 3718 γὰρ
1873 3647 1944 3699 τὰ

351 3737 556 3808 ψυχικὰ
606 3736 657 3788 οἰ
705 3735 926 3806 ψυχικοὶ
975 3735 1273 3806 ἄνθρωποι,
1305 3737 1354 3789 οἰ
1403 3736 1469 3789 δι’
1503 3735 1680 3807 ἔργων
1714 3738 1808 3790 καὶ
1853 3739 1944 3790 πί-

353 3842 527 3891 στεως
551 3827 712 3898 ψιλῆς
741 3824 958 3898 βεϐαιού
969 3842 1142 3895 μενοι,
1181 3824 1277 3877 καὶ
1327 3823 1402 3895 μὴ
1440 3823 1538 3896 τὴν
1571 3823 1783 3877 τελείαν
1805 3825 1944 3893 γνῶ-

355 3937 438 3973 σιν
470 3919 706 3990 ἔχοντες.
753 3914 908 3970 Εἶναι
954 3917 1011 3968 δὲ
1055 3915 1279 3978 τούτους
1318 3916 1426 3970 ἀπὸ
1475 3916 1574 3985 τῆς
1622 3916 1946 3986 Ἐκκλησίας

352 4013 501 4083 ἡμᾶς
529 4010 776 4079 λέγουσι·
806 4008 884 4062 διὸ
919 4007 1012 4060 καὶ
1040 4009 1173 4078 ἡμῖν
1208 4007 1307 4078 μὲν
1345 4007 1638 4076 ἀναγκαῖον
1670 4002 1808 4061 εἶναι
1847 4008 1944 4079 τὴν

356 4102 565 4174 ἀγαθὴν
606 4101 804 4173 πρᾶξιν
848 4099 1270 4168 ἀποφαίνονται·
1313 4099 1488 4164 ἄλλως
1527 4100 1636 4172 γὰρ
1687 4100 1944 4154 ἀδύνατον

358 4194 628 4265 σωθῆναι·
678 4193 874 4257 αὐτοὺς
919 4193 974 4246 δὲ
1012 4191 1086 4263 μὴ
1131 4191 1219 4245 διὰ
1257 4192 1532 4263 πράξεως,
1584 4190 1720 4245 ἀλλὰ
1765 4190 1851 4244 διὰ
1884 4191 1944 4245 τὸ

329 4309 332 4311 λ
357 4287 514 4357 φύσει
539 4285 942 4357 πνευματικοὺς
972 4279 1131 4348 εἶναι,
1165 4283 1343 4355 πάντη
1369 4301 1427 4336 τε
1461 4283 1558 4336 καὶ
1585 4283 1804 4347 πάντως
1842 4301 1947 4336 aw-

307 4414 310 4417 -
357 4378 618 4451 θήσεσθαι
651 4377 1084 4448 δογματίζουσιν.
1125 4375 1211 4438 Ὠς
1235 4374 1344 4446 γὰρ
1381 4377 1441 4428 τὸ
1475 4375 1655 4446 χοῖκὸν
1684 4375 1944 4429 ἀδύνατον

2042 1901 2130 1955 hic
2166 1918 2289 1956 cum
2327 1903 2545 1956 animali
2578 1903 2918 1973 copulatum,
2947 1919 3070 1958 cum
3104 1919 3278 1972 eoque
3321 1907 3375 1959 in
3416 1905 3635 1960 vivendi

2039 1993 2252 2048 ratione
2303 1994 2509 2064 pariter
2546 1995 2822 2048 eruditum
2871 1995 2996 2064 litigi
3056 1993 3389 2064 formarique
3438 1996 3632 2066 possit.

2040 2085 2219 2156 Atque
2255 2085 2400 2140 hunc
2435 2085 2656 2140 demum
2707 2087 2877 2141 salem
2928 2087 3101 2151 illum,
3133 2101 3197 2140 ac
3241 2086 3426 2139 mundi
3462 2087 3635 2140 lucem

2040 2191 2164 2230 esse
2211 2175 2512 2229 dictitant:
2556 2176 2623 2230 de
2671 2175 2872 2244 quibus
2912 2175 3205 2244 Evangelia
3253 2175 3554 2244 ioquuntur
3591 2179 3633 2240 ⁷,

2040 2267 2242 2322 etenim
2297 2267 2531 2323 animale
2581 2275 2805 2322 externa
2854 2283 3116 2322 sensuum
3161 2269 3448 2337 disciplina
3494 2283 3635 2338 opus

2039 2359 2250 2414 habuit.
2300 2360 2473 2425 Quam
2519 2360 2590 2414 ob
2635 2375 2856 2414 causam
2904 2367 2958 2414 et
2988 2359 3252 2414 mundum
3307 2359 3632 2414 fabricatum

2039 2468 2163 2509 esse
2203 2453 2539 2508 contendunt
2581 2472 2594 2508 :
2632 2460 2796 2523 atque
2827 2454 2893 2508 ad
2925 2453 3158 2509 animale
3189 2454 3354 2514 istud.
3383 2453 3631 2523 quando-

2041 2543 2263 2614 quidem
2294 2546 2543 2599 libertate
2582 2545 2869 2615 prreditum
2903 2553 3010 2612 est,
3049 2561 3158 2615 quo
3204 2545 3253 2601 ei
3289 2546 3518 2600 salutem
3553 2545 3637 2598 af-

2042 2635 2228 2701 ferret,
2263 2637 2598 2693 Salvatorem
2629 2653 2752 2694 esse
2790 2639 3094 2708 delapsum.
3126 2638 3260 2692 Nam
3296 2654 3482 2694 eorum
3514 2653 3638 2708 qua:

2043 2744 2262 2785 servare
2309 2729 2648 2797 decreverat,
2699 2731 2943 2784 omnium
2986 2733 3043 2786 in
3091 2747 3213 2787 sese
3261 2731 3443 2786 ferunt
3482 2731 3635 2786 illum

2042 2819 2300 2876 habuisse
2348 2821 2664 2891 primitias:
2698 2828 2828 2890 puta
2876 2822 2944 2875 ab
2993 2821 3298 2876 Achamotb
3337 2823 3634 2892 spiritum;

2043 2912 2334 2968 animalem
2362 2927 2391 2965 a
2424 2911 2717 2968 Conditore
2745 2904 3024 2968 Christum
3059 2931 3073 2969 :
3107 2928 3172 2968 ac
3203 2913 3502 2970 {unctionis
3523 2929 3638 2969 sua:

2042 3003 2490 3059 administrandae
2522 3006 2697 3075 gratia
2745 3021 2946 3076 corpus
3004 3005 3227 3060 animali
3270 3014 3464 3060 natura
3503 3020 3638 3060 con-

2044 3103 2198 3152 stans
2237 3096 2501 3164 induisse,
2547 3105 2601 3151 et
2639 3097 2856 3168 quidem
2902 3098 3207 3152 incredibili
3249 3097 3481 3167 quadam
3521 3104 3640 3151 arte

2041 3186 2121 3241 sic
2148 3186 2511 3252 elaboratum,
2549 3193 2607 3241 ut
2647 3187 2839 3253 videri,
2879 3188 3208 3242 contrectari
3251 3188 3471 3258 patique
3509 3202 3640 3256 pos-

2041 3285 2146 3332 set.
2198 3277 2380 3344 Quare
2417 3279 2552 3332 nihil
2595 3279 2772 3334 eidem
2819 3292 2942 3333 cum
2994 3278 3220 3334 materia
3273 3279 3442 3334 fuisse
3485 3293 3640 3332 com-

2039 3383 2253 3424 mune:
2290 3369 2490 3439 quippe
2546 3383 2672 3423 cum
2731 3369 2963 3423 materia
3015 3369 3418 3439 consequenda:
3465 3368 3632 3424 saluti

2040 3477 2387 3532 nequaquam
2416 3461 2610 3516 idonea
2635 3461 2726 3517 sit.
2750 3460 3021 3516 Praeterea
3043 3469 3160 3517 tum
3193 3478 3374 3518 rerum
3395 3463 3640 3518 omnium

2043 3556 2204 3612 ﬁnem
2250 3564 2415 3624 atque
2465 3553 2670 3609 e'xitum
2723 3552 2860 3618 fore,
2914 3568 3038 3608 cum
3082 3555 3348 3624 quidquid
3396 3555 3642 3623 spiritale

2043 3657 2147 3707 est.
2181 3645 2232 3700 id
2259 3655 2344 3702 est
2373 3646 2648 3717 spiritales
2679 3645 2952 3710 homines,
2975 3647 3069 3715 qui
3105 3647 3404 3716 perfectam
3435 3645 3502 3702 de
3529 3645 3640 3700 Deo

2044 3735 2329 3790 scientiam
2359 3735 2580 3800 habent,
2613 3740 2668 3788 et
2700 3734 2768 3788 ab
2793 3733 3099 3786 Achamoth
3130 3734 3406 3804 mysteriis
3439 3733 3641 3788 initiati

2045 3833 2192 3880 sunt.
2227 3823 2547 3892 Cuiusmodi
2589 3838 2649 3878 se
2687 3839 2812 3878 esse
2856 3824 3006 3893 ipsos
3037 3831 3310 3878 asserunt.
3346 3823 3510 3892 189
3542 3823 3639 3876 Et.

2044 3916 2187 3971 enim
2223 3914 2487 3970 animales
2523 3914 2774 3970 homines
2811 3915 3033 3968 animali
3067 3914 3305 3984 quadam
3344 3913 3636 3983 disciplina

2047 4008 2324 4064 institutos
2348 4022 2494 4072 esse,
2525 4007 2616 4078 qui
2644 4006 2861 4080 quidem
2888 4006 3146 4076 operibus
3176 4020 3241 4058 ac
3267 4003 3504 4074 simplici
3533 4003 3638 4060 (ide

2047 4100 2430 4167 stabiliuntur,
2500 4114 2679 4170 neque
2740 4097 3039 4169 perfectam
3100 4097 3385 4154 scientiam
3453 4095 3635 4167 adepti

2047 4201 2196 4248 sunt.
2237 4192 2520 4262 Ejusmodi
2549 4207 2652 4246 nos
2680 4206 2821 4255 esse,
2851 4192 2943 4261 qui
2979 4191 3035 4245 in
3064 4190 3321 4245 Ecclesiae
3349 4204 3510 4260 grege
3534 4203 3640 4243 nu-

2049 4302 2355 4350 meramur;
2413 4285 2644 4354 ideoque
2702 4290 2849 4338 recte
2912 4283 3071 4338 factis
3118 4297 3256 4352 opus
3312 4297 3436 4338 esse
3477 4282 3640 4338 nobis

2049 4379 2370 4450 pranlicant,
2396 4393 2571 4447 neque
2593 4377 2752 4432 aliter
2777 4391 2936 4446 posse
2966 4391 3067 4431 nos
3098 4377 3329 4432 salutem
3357 4375 3638 4439 obtinere;

359 4469 634 4540 σωτηρίας
678 4470 1003 4539 μετασχεῖν·
1056 4467 1115 4519 ού
1157 4466 1264 4537 γὰρ
1301 4461 1440 4520 εἶναι
1495 4466 1744 4535 λέγουσιν
1792 4467 1941 4521 αὐτοὶ

2052 4486 2111 4527 se
2142 4485 2272 4524 vero
2300 4484 2406 4522 non
2433 4468 2598 4522 ullius
2632 4467 2864 4522 actionis
2914 4465 3196 4529 benelicio,
3248 4465 3343 4520 sed
3375 4463 3520 4535 quod
3553 4480 3644 4518 na-

356 4560 600 4614 δεκτικὸν
627 4559 826 4630 αὐτῆς·
857 4557 1028 4621 οὕτως
1066 4557 1228 4612 πάλιν
1265 4557 1324 4611 τὸ
1356 4559 1729 4629 πνευματικὸν
1763 4558 1948 4612 θέλου-

361 4670 444 4705 σιν
485 4653 533 4705 οἰ
580 4651 733 4704 αὐτοὶ
767 4651 786 4682 ⁸
817 4646 954 4703 εἶναι
999 4649 1258 4703 ἀδύνατον
1293 4649 1500 4720 φθορὰν
1531 4650 1946 4714 καταδέξασθαι,

359 4744 462 4798 κᾶν
515 4743 732 4804 ὁποίαις
790 4741 1298 4810 συγκαταγὲνωνται
1353 4742 1638 4811 πράξεσιν.
1693 4745 1789 4796 Ὃν
1839 4742 1949 4814 γὰρ

360 4835 559 4906 τρόπον
587 4834 788 4906 χρυσὸς
822 4835 879 4885 ὲν
912 4832 1155 4905 βορϐόρῳ
1184 4833 1502 4897 κατατεθείς
1527 4835 1628 4887 οὐκ
1653 4834 1950 4890 ἀποϐάλλει

371 4925 458 4998 τὴν
496 4925 759 4998 καλλονὴν
788 4924 976 4990 αὑτοῦ,
1003 4925 1140 4978 ἀλλὰ
1165 4926 1263 4996 τὴν
1293 4926 1428 4979 ἰδίαν
1459 4926 1620 4997 φύσιν
1657 4929 1950 4998 διαφυλάτ-

363 5033 479 5080 τει,
532 5016 625 5070 τοῦ
681 5015 941 5087 βορῦὸρου
995 5015 1163 5087 μηδὲν
1205 5017 1462 5087 ἀδικῆσαι
1515 5017 1814 5089 δυναμένου
1859 5021 1950 5074 τὸν

364 5108 592 5181 χρυσόν·
623 5106 766 5162 οὕτω
804 5107 858 5160 δὲ
898 5108 988 5160 καὶ
1027 5108 1223 5170 αὐτοὺς
1267 5108 1503 5178 λέγουσι,
1546 5109 1648 5163 κᾶν
1681 5111 1740 5166 ὲν
1773 5111 1952 5175 ποίαις

366 5201 576 5267 ύλικαῖς
607 5200 838 5272 πράξεσι
868 5200 1293 5269 καταγένωνται,
1328 5201 1494 5272 μηδὲν
1538 5203 1736 5266 αὐτοὺς
1774 5221 1954 5274 παρα-

367 5293 724 5360 ϐλάπτεσθαι,
752 5293 891 5365 μηδὲ
916 5291 1240 5347 ἀποϐάλλειν
1276 5293 1374 5366 τὴν
1414 5294 1788 5366 πνευματικὴν
1814 5295 1952 5352 ὑπό-

372 5401 580 5441 στασιν.

2053 4568 2175 4614 tura
2212 4559 2486 4629 spiritales
2521 4559 2653 4623 sint,
2699 4558 2923 4612 omnino
2969 4555 3167 4610 salutis
3213 4565 3492 4623 compotes
3528 4553 3643 4608 fore

2053 4650 2353 4706 conﬁdunt.
2408 4647 2544 4701 Nam
2594 4647 2707 4712 uti,
2767 4646 2912 4716 quod
2957 4653 3234 4699 terrenum
3278 4651 3382 4705 est,
3433 4643 3640 4696 servari

2053 4741 2204 4795 nullo
2252 4738 2414 4793 modo
2458 4745 2655 4808 potest,
2692 4752 2869 4805 neque
2923 4744 3118 4790 natura
3162 4737 3225 4789 ad
3276 4734 3330 4788 id
3385 4733 3640 4789 idoneum

2053 4841 2169 4898 est;
2202 4834 2282 4889 sic
2310 4837 2501 4886 contra
2527 4829 2674 4899 quod
2705 4836 2786 4883 est
2808 4829 3072 4897 Spiritalc,
3097 4826 3405 4897 cujusmodi
3437 4841 3494 4881 se
3519 4841 3644 4880 esse

2052 4926 2260 4989 volunt,
2287 4930 2561 4992 utcunque
2591 4936 2712 4976 sese
2727 4921 2973 4990 gesserit,
3001 4919 3277 4988 corrumpi
3298 4932 3641 4987 nequaquam

2052 5032 2236 5086 posse.
2288 5015 2358 5068 At
2405 5011 2862 5084 quemadmodum
2903 5026 3096 5064 aurum
3137 5011 3190 5064 in
3244 5025 3460 5064 omnum
3493 5009 3644 5078 abje-

2055 5117 2202 5164 ctum
2249 5110 2704 5186 pulchritudinem
2745 5124 2854 5163 non
2904 5109 3124 5169 amittit.
3165 5107 3259 5162 sed
3300 5108 3438 5161 citra
3479 5107 3643 5161 ullam

2057 5202 2272 5258 decoris
2323 5203 2580 5273 injuriam
2631 5210 2881 5256 naturam
2934 5202 3170 5267 retinet;
3203 5201 3276 5253 ita
3321 5201 3646 5270 semetipsos

2061 5302 2337 5358 asserunt,
2368 5294 2580 5349 tametsi
2615 5293 2900 5363 quibusvis
2940 5291 2994 5344 in
3037 5291 3369 5354 actionibus,
3402 5291 3646 5358 adeoque

2061 5387 2332 5442 concretis
2359 5403 2482 5443 cum
2514 5387 2760 5451 materia,
2787 5394 3095 5452 versentur,
3121 5385 3328 5440 nullum
3359 5399 3426 5439 ex
3462 5397 3528 5438 eo
3555 5381 3650 5436 de-

372 5482 684 5536 trimentum
739 5494 962 5549 capere,
1020 5493 1198 5546 neque
1241 5477 1541 5548 spiritalem
1595 5479 1959 5537 substantiam
2003 5497 2167 5552 posse
2195 5483 2441 5554 perdere.

436 5639 452 5710 ἰ
493 5636 634 5710 Iren.
661 5636 758 5710 καί
779 5636 978 5710 τοῦτονΔ
1009 5633 1170 5710 εἶναι-
1201 5635 1391 5710 τὸνῖὲν
1416 5638 1598 5702 αὐτοῖς
1623 5640 1932 5710 ἄνθρωπον.

2011 5641 2030 5672 ⁸
2053 5639 2195 5696 Iren.
2225 5641 2598 5727 ἐπιδέξασθαι.
2676 5639 3276 5727 ἶῘΙ’81ι.ιτ(ὶέξκυχίκίξ),ὒξ
3312 5652 3478 5727 ‘mox.
3503 5705 3524 5727 ῃ
3542 5634 3644 5727 διό,

373 5696 394 5785 ξ
423 5709 564 5762 lren.
614 5708 827 5785 δρα-ξὺν,
853 5706 1323 5785 -φηλαφητόνκλ
1355 5709 1494 5766 lrert.
1561 5696 1667 5765 ὗπὸ
1709 5696 1809 5782 τῆς
1889 5696 1941 5766 Ἀ

2044 5730 2084 5766 ι.
2137 5730 2342 5784 μεμυη.
2381 5696 2449 5766 τὰ
2492 5731 2621 5785 μυσ.
2681 5713 2911 5775 ἑαυτοὺς
2931 5696 3006 5766 ’δὲ’
3029 5696 3214 5764 ’ἁδύ-εἶ’
3257 5712 3277 5742 θ
3312 5709 3452 5764 lren.
3500 5705 3530 5761 ὃ
3557 5696 3646 5761 θέὲ

363 5779 545 5850 ,ὶοισιν
584 5777 756 5834 αὐτοί.
853 5779 872 5808 ⁷
906 5777 1094 5831 Matth.
1130 5792 1181 5837 ν.
1217 5777 1307 5834 1'5.
