4004 6180
340 346 447 404 515

1672 366 1688 380 δ
1709 348 1767 407 S.
1810 348 2153 407 EPII’HANII

3510 348 3615 409 Ξὶῧ

412 459 550 516 XXI.
589 434 856 529 Quocirca
895 459 988 532 qui
1027 458 1171 517 inter
1207 459 1331 517 illos
1370 460 1757 533 perfectissimi
1792 480 1922 521 cen-

2095 466 2227 520 KA'.
2263 464 2356 517 Διὸ
2398 462 2463 535 δὴ
2496 463 2592 517 καὶ
2636 460 2706 516 τὰ
2755 461 3106 534 ἀπειρημένα
3143 460 3324 517 πάντα
3367 462 3541 528 ἀδεῶς
3570 465 3623 521 οἱ

341 561 571 617 sentur,
618 552 805 607 illicita
856 553 1075 618 omnia,
1125 553 1446 625 legibusque
1487 556 1652 635 vetita
1700 557 1928 614 licenter

339 650 682 715 perpetrant,
717 643 787 699 de
823 643 1023 714 quibus
1048 645 1266 701 Litterae
1299 660 1470 701 sacrae
1496 657 1799 712 testantur;
1829 666 1925 719 qui

338 733 606 804 ejusmodi
638 735 1005 804 committant,
1038 735 1108 790 ab
1137 736 1455 794 hmreditate
1493 741 1646 810 regni
1682 743 1926 799 caelestis

337 827 587 883 excidere
610 829 651 883 ¹.
684 827 852 899 Igitur
879 839 932 884 et
966 844 1087 901 qua!
1126 830 1286 889 idolis
1311 832 1585 888 immolata
1620 842 1747 889 sunt
1776 836 1930 891 nulla

339 920 659 976 discrimine
675 921 988 988 comedunt,
1008 922 1252 993 nihilque
1264 939 1329 979 ex
1343 939 1405 979 ea
1422 940 1481 979 re
1498 926 1839 997 contagionis
1857 925 1926 982 ad

339 1025 461 1067 sese
487 1011 723 1066 derivari
758 1019 980 1081 putant;
1020 1018 1075 1067 et
1104 1013 1168 1066 ad
1202 1013 1384 1068 omnia
1421 1014 1702 1084 gentilium
1746 1015 1886 1072 festa
1907 1055 1922 1081 ,

339 1118 461 1174 quae
492 1104 559 1159 ad
591 1103 859 1160 idolorum
893 1105 1099 1159 cultum
1128 1106 1381 1160 instituta
1414 1114 1576 1173 sunt,
1619 1107 1780 1177 primi
1806 1120 1928 1162 om-

341 1199 491 1253 nium
517 1206 815 1252 accurrunt
853 1213 866 1248 :
902 1206 1147 1267 utneque
1177 1197 1246 1252 ab
1276 1214 1488 1265 eorum,
1524 1200 1617 1270 qui
1658 1215 1782 1255 cum
1832 1199 1928 1254 be-

341 1289 461 1346 stiis
479 1290 809 1361 depugnant,
843 1298 936 1345 aut
965 1290 1326 1361 gladiatorum
1353 1291 1514 1347 fmdis
1548 1293 1677 1357 illis,
1719 1306 1785 1347 ac
1815 1291 1925 1347 Deo

341 1380 548 1450 pariter
600 1389 763 1451 atque
794 1380 1105 1437 hominibus
1133 1381 1489 1437 cxsecrandis
1523 1382 1918 1453 parricidiique

338 1475 515 1545 plenis
545 1474 874 1547 spectaculis
922 1473 1144 1545 quidam
1188 1474 1404 1528 illorum
1435 1474 1768 1530 abstineant.
1817 1473 1929 1529 Alii

339 1567 469 1623 dum
500 1568 554 1622 in
587 1567 962 1638 voluptatibus
991 1566 1243 1637 corporis
1270 1580 1334 1620 ac
1363 1565 1681 1622 libidinibus
1706 1565 1931 1623 assidue

337 1661 686 1726 volutantur,
723 1656 967 1715 carnalia
999 1673 1060 1714 se
1088 1659 1433 1726 carnalibus,
1474 1673 1538 1713 ac
1583 1659 1925 1735 spiritalibus

336 1751 607 1820 spiritalia
657 1748 922 1814 reddere,
962 1748 1309 1817 profitentur.
1365 1746 1734 1814 Quamobrem
1786 1765 1923 1805 non-

2028 558 2359 614 τελειότατοι
2407 555 2743 627 πράττουσιν
2794 555 2997 622 αὐτῶν,
3045 555 3176 628 περὶ
3208 551 3286 613 ὧν
3312 558 3369 610 al
3402 557 3623 629 l‘pacpal

2027 644 2488 712 διαϐεϐαιοῦνται,
2518 645 2647 708 τοὺς
2680 644 2970 710 ποιοῦντας
3003 645 3142 700 αὐτὰ
3174 646 3453 718 βασιλείαν
3480 648 3622 703 Θεοῦ

2031 734 2106 806 μὴ
2135 734 2593 807 κληρονομήσειν.
2635 735 2747 788 Καὶ
2777 733 2888 807 γὰρ
2914 735 3260 804 ⁸εἰδωλόθυτα
3295 738 3573 810 διαφόρως
3602 742 3627 772 ⁸

1992 894 2005 909 κ
2027 828 2290 892 ἐσθίουσι,
2327 829 2461 900 μηδὲ
2487 826 2810 899 μολύνεσθαι
2843 829 2939 883 ὑπ’
2972 830 3154 886 αὐτῶν
3184 830 3501 903 ἡγούμενοι·
3527 833 3627 887 καῖ¹

2027 922 2120 975 iul
2153 923 2333 977 πᾶσαν
2369 922 2697 994 ἑορτάσιμον
2737 922 2848 978 τῶν
2886 922 3061 977 ὲθνῶν
3102 923 3295 995 τέρψιν
3333 927 3414 989 εἰς
3450 925 3622 998 τιμὴν

2026 1013 2135 1068 τῶν
2158 1013 2393 1068 εἰδώλων
2416 1013 2709 1086 γινομένην
2730 1014 2937 1086 πρῶτοι
2960 1015 3226 1081 συνίασιν,
3255 1015 3332 1079 ὡς
3364 1016 3500 1088 μηδὲ
3524 1017 3627 1088 τῆς

2027 1105 2179 1177 παρὰ
2209 1105 2328 1176 Θεῷ
2362 1106 2456 1158 καὶ
2490 1104 2801 1175 ἀνθρώποις
2845 1106 3232 1177 μεμισημένης
3262 1107 3361 1177 τῆς
3388 1107 3497 1161 τῶν
3529 1107 3628 1180 θη-

2030 1197 2310 1270 ριομάχων
2334 1197 2427 1251 καὶ
2452 1198 2791 1269 μονομαχίας
2811 1197 3140 1270 ἀνδροφόνου
3165 1198 3295 1262 θέας
3320 1199 3627 1271 ἀπέχεσθαι

2026 1290 2205 1353 ἐνίους
2234 1288 2436 1343 αὐτῶν.
2472 1290 2534 1342 Ol
2565 1289 2622 1342 δὲ
2652 1289 2746 1344 καὶ
2773 1291 2896 1354 ταῖς
2924 1290 3025 1361 τῆς
3052 1290 3258 1361 σαρκὸς
3278 1290 3493 1361 ἡδοναῖς
3518 1308 3625 1345 κα-

2026 1381 2271 1454 τακόρως
2299 1380 2647 1446 δουλεύοντες
2671 1381 2741 1436 τὰ
2776 1382 3020 1455 σαρκικὰ
3046 1385 3161 1447 τοῖς
3190 1385 3497 1454 σαρκικοῖς,
3526 1384 3627 1438 καὶ

2024 1474 2095 1528 τά
2141 1473 2492 1546 πνευματικά
2546 1474 2659 1537 τοῖς
2700 1477 3095 1545 πνευματικοῖς
3136 1474 3487 1529 ἀποδίδοσθαι
3533 1473 3628 1529 λέ-

2025 1582 2203 1636 γουσι.
2233 1564 2345 1619 Kal
2376 1566 2425 1618 oi
2463 1564 2563 1635 μὲν
2593 1555 2775 1617 αὖτῶν
2798 1564 2974 1637 λάθρα
3000 1564 3101 1630 τὰς
3116 1565 3506 1638 διδασκομένας
3528 1569 3625 1623 ὑπ’

2026 1656 2207 1713 αὐτῶν
2248 1658 2347 1730 τὴν
2384 1657 2608 1731 διδαχὴν
2650 1657 2855 1730 ταύτην
2886 1662 3152 1729 γυναῖκας
3189 1645 3623 1734 διαφθείρουσιν,

2025 1749 2102 1810 ὡς
2131 1748 2394 1813 πολλάκις
2420 1749 2512 1802 ὑπ’
2545 1748 2702 1802 ἐνίων
2740 1750 2919 1804 αὐτῶν
2947 1750 3395 1824 ἐξαπατηθεῖσαι.
3429 1755 3629 1810 ἔπειτα

336 1846 474 1900 nulli
508 1846 649 1901 clam
676 1853 866 1914 stupra
909 1857 1036 1897 cum
1068 1841 1409 1898 mulierculis
1437 1841 1742 1912 disciplinae
1765 1842 1927 1913 hujus

2034 1834 2434 1907 ὲπιστρὲψασαι
2469 1839 2729 1905 γυναῖκες
2752 1839 2834 1902 είς
2853 1837 2954 1910 τὴν
3001 1840 3331 1912 Ἐκκλησίαν
3357 1842 3453 1897 τοῦ
3483 1844 3625 1899 Θεοῦ

339 1950 453 1991 sua:
489 1935 727 1990 alumnis
764 1941 1058 1999 exercent,
1108 1933 1162 1989 id
1197 1932 1341 2004 quod
1384 1933 1657 2004 pleraeque
1698 1935 1828 1990 olim
1860 1937 1929 1990 ab

339 2029 450 2084 illis
474 2027 737 2105 deceptae,
768 2042 832 2082 ac
853 2034 1132 2098 postremo
1150 2026 1219 2087 ad
1246 2025 1550 2081 Eeclesiam
1579 2025 1671 2082 Dei
1696 2042 1931 2083 reversae

340 2119 483 2174 inter
519 2119 655 2174 alios
688 2134 905 2174 errores
940 2133 1184 2190 persaepe
1213 2118 1480 2175 confessa:
1517 2125 1666 2175 sunt.
1701 2117 1842 2173 Sunt
1874 2129 1931 2175 et

337 2212 432 2281 qui
467 2211 679 2281 pudore
713 2210 865 2265 omni
903 2210 1105 2281 posito,
1139 2225 1497 2281 quascunque
1538 2209 1800 2265 mulieres
1831 2209 1925 2265 ad~

336 2303 589 2365 amarint,
625 2302 797 2372 palam
832 2317 862 2355 a
899 2301 1033 2357 viris
1062 2302 1329 2358 abductas
1358 2317 1460 2374 pro
1491 2301 1750 2372 legitimis
1791 2316 1926 2371 ugto-

339 2394 495 2449 ribus
531 2395 754 2449 habent.
815 2391 921 2449 Sed
971 2393 1097 2458 alii,
1140 2394 1231 2464 qui
1270 2409 1331 2450 se
1361 2394 1633 2465 principio
1674 2406 1926 2448 sororum

254 2506 260 2515 -
338 2485 462 2542 illas
482 2487 643 2556 190
673 2488 795 2540 loco
826 2485 1111 2540 honestius
1136 2485 1341 2541 habere
1373 2485 1765 2541 simulaverant
1793 2499 1928 2555 pau-

338 2579 491 2633 latim
522 2578 720 2634 detecti
760 2588 909 2642 sunt,
941 2593 1005 2632 ac
1034 2591 1329 2648 praegnans
1379 2577 1614 2646 denique
1655 2591 1817 2632 soror
1856 2592 1926 2631 ex

338 2669 704 2726 contubernio
735 2669 921 2723 fratris
951 2669 1194 2724 inventa.
1229 2667 1345 2722 Dici
1379 2683 1487 2722 non
1533 2674 1716 2737 potest
1760 2681 1935 2737 quam

337 2759 505 2831 impia
546 2772 613 2813 ac
636 2756 958 2813 detestanda
987 2758 1092 2812 alia
1143 2757 1344 2827 ﬂagitia
1391 2757 1774 2824 committant;
1807 2771 1937 2827 qua

336 2851 467 2907 dum
504 2849 733 2916 faciunt,
775 2865 879 2906 nos
918 2850 1165 2914 scilicet,
1215 2849 1307 2920 qui
1347 2864 1458 2920 prae
1495 2848 1591 2903 Dei
1624 2849 1823 2905 timore
1862 2864 1935 2905 ne

336 2946 667 3017 cogitatione
699 2944 784 3000 vel
835 2958 1089 3000 sermone
1130 2942 1350 3012 quidem
1402 2943 1584 2998 scelus
1624 2943 1793 2998 ullum
1829 2943 1935 2997 ad-

337 3038 555 3092 mittere
580 3036 865 3091 studemus
884 3076 898 3101 ,
929 3043 1191 3105 tanquam
1220 3032 1425 3090 idiotas
1454 3042 1618 3105 atque
1650 3034 1937 3105 imperitos

338 3127 607 3195 derident,
651 3143 711 3185 se
750 3141 883 3182 vero
916 3126 1148 3180 miriﬁce
1177 3125 1514 3196 praedicant,
1559 3139 1622 3181 ac
1652 3125 1933 3197 perfectos

338 3217 621 3283 homines,
652 3217 992 3285 eiectamque
1020 3214 1249 3285 stirpem
1294 3215 1603 3272 nominant.
1635 3214 1748 3271 Nos
1772 3217 1921 3271 enim

337 3310 488 3367 velut
540 3316 732 3364 mutuo
782 3307 1016 3379 gratiam
1076 3305 1144 3361 ad
1200 3322 1361 3363 usum
1414 3307 1694 3378 accipere,
1751 3321 1937 3379 eaque-

338 3409 625 3472 propterea
663 3397 981 3469 spoliandos
1016 3396 1325 3465 afﬁrmant;
1367 3399 1470 3455 sibi
1502 3400 1653 3454 velut
1684 3399 1927 3469 peculia-

2031 1923 2135 1977 σὺν
2160 1925 2227 1995 τῇ
2267 1923 2429 1996 λοιπῇ
2463 1925 2664 1998 πλάνῃ,
2703 1926 2800 1980 καὶ
2831 1927 2992 1982 τοῦτο
3020 1927 3522 2003 ἐξωμολογήσαντο.
3558 1937 3625 1990 ὑί

2028 2015 2087 2069 δὲ
2119 2015 2215 2069 xal
2250 2016 2392 2071 κατά
2422 2018 2482 2070 τὸ
2504 2018 2740 2091 φανερὸν
2769 2020 3276 2092 ἀπερυθριάσαντες
3304 2018 3379 2079 ὧν
3408 2026 3475 2079 ἀν
3501 2027 3627 2098 ἐρα-

2030 2104 2201 2160 σθῶσι
2234 2106 2532 2177 γυναικῶν,
2567 2109 2774 2176 ταύτας
2805 2112 2915 2175 ἀπ’,
2935 2113 3147 2185 ἀνδρῶν
3179 2115 3623 2185 ἀποσπάσαντες,
3692 2102 3713 2121 ⁸

2034 2198 2171 2263 ἰδίας
2194 2200 2442 2272 γαμετὰς
2469 2203 2765 2274 ἡγήσαντο.
2798 2203 2982 2257 Ἀλλοι
3012 2204 3068 2257 δὲ
3103 2201 3170 2259 αὖ
3201 2207 3382 2276 πάλιν,
3410 2208 3627 2280 σεμνῶς

2029 2293 2153 2347 κατ’
2183 2294 2358 2366 ἀρχὰς
2392 2294 2468 2358 ὡς
2498 2296 2637 2365 μετὰ
2665 2295 2911 2365 ἀδελφῶν
2944 2299 3408 2371 προσποιούμενοι
3439 2318 3627 2356 συνοι-

2030 2387 2170 2450 κεῖν,
2217 2386 2498 2458 προϊόντος
2527 2386 2625 2440 τοῦ
2666 2386 2865 2460 χρόνου
2907 2388 3273 2464 ἠλέγχθησαν,
3318 2391 3627 2464 ἐγκύμονος

2030 2479 2131 2550 τῆς
2164 2479 2401 2552 ἀδελφῆς
2431 2481 2536 2534 ὑπὸ
2562 2480 2658 2534 τοῦ
2695 2481 2927 2552 ἀδελφοῦ
2957 2482 3303 2557 γενηθείσης.
3339 2486 3451 2540 Kal
3484 2486 3628 2542 ἀλλα

2029 2569 2086 2625 δὲ
2122 2570 2295 2626 πολλά
2328 2572 2548 2644 μυσαρά
2589 2573 2685 2627 xal
2726 2573 2862 2628 ἄθεα
2910 2577 3270 2645 πράσσοντες,
3320 2578 3481 2649 ήμῶν
3524 2579 3628 2651 μὲν

2030 2660 2117 2715 διὰ
2161 2661 2257 2716 τὸν
2302 2663 2465 2733 φόϐον
2501 2664 2596 2718 τοῦ
2642 2665 2777 2719 Θεοῦ
2823 2664 3253 2739 φυλασσομένων
3286 2669 3381 2723 καὶ
3427 2670 3627 2743 μέχρις

2031 2753 2246 2816 ἐννοίας
2275 2754 2371 2808 καὶ
2392 2754 2550 2823 λόγου
2583 2756 2851 2827 ἁμαρτεῖν
2878 2759 3333 2831 κατατρέχουσιν,
3366 2762 3446 2826 ὡς
3479 2764 3628 2819 ἰδιω-

2032 2844 2175 2912 τῶν,
2225 2847 2320 2899 καὶ
2372 2846 2540 2918 μηδὲν
2592 2849 3012 2920 ἐπισταμένων,
3068 2852 3298 2917 ἑαυτοὺς
3347 2854 3404 2908 δὲ
3456 2856 3635 2929 ὑπερ⁴

2035 2938 2253 3009 υψοῦσι,
2285 2939 2524 3004 τελείους
2551 2940 2977 3007 ἀποκαλοῦντες,
3020 2944 3117 2997 καὶ
3150 2944 3445 3016 σπέρματα
3472 2932 3645 3001 ὲκλοέ

2033 3033 2157 3103 γῆς.
2204 3032 2385 3103 ,Ημᾶς
2419 3032 2518 3119 PE?
2549 3031 2659 3104 γὰρ
2694 3034 2752 3085 ὲν
2782 3034 2979 3106 χρήσει
3006 3034 3107 3106 τὴν
3131 3035 3293 3107 χάριν
3329 3035 3631 3108 λαμϐάνειν

2033 3120 2270 3190 λέγουσι·
2322 3120 2404 3175 διὸ
2447 3122 2541 3175 καὶ
2581 3122 3053 3195 ἀφαιρεθήσεσθαι
3106 3124 3298 3194 αὐτῆς·
3338 3125 3539 3191 αὐτοὺς
3569 3127 3633 3181 δὲ

1978 3200 2000 3234 ³
2038 3212 2338 3283 ιδι6κτητον
2363 3214 2571 3269 ἄνωθεν
2603 3214 2713 3267 ἀπὸ
2743 3215 2841 3285 τῆς
2865 3215 3107 3287 ἀρρήτου
3138 3216 3234 3269 καὶ
3254 3215 3637 3289 ἀνονομάστου

2036 3304 2307 3375 συζυγίας¹
2329 3304 2870 3377 συγκατεληλυθυῖαν
2899 3306 3045 3378 ἒχειν
3076 3306 3177 3379 τὴν
3203 3308 3386 3385 χάρινο
3418 3308 3513 3363 καὶ
3540 3308 3633 3365 διὰ

2031 3397 2200 3453 τοῦτο,
2223 3396 2700 3470 προστεθήσεσθαι
2723 3398 2927 3462 αὐτοῖς.

338 3512 456 3552 rem
490 3496 758 3552 accidisse
799 3494 1233 3574 possessionem,
1265 3511 1389 3566 quae
1453 3494 1521 3552 de
1578 3495 1788 3552 caelesti
1825 3494 2104 3567 coniugio,
2139 3492 2287 3565 quod
2321 3509 2497 3564 neque
2558 3492 2744 3550 verbis
2800 3492 3066 3565 exprimi,
3129 3509 3310 3563 neque
3353 3495 3632 3551 nominari

338 3599 539 3663 potest,
570 3605 680 3646 una
709 3591 763 3645 in
793 3605 853 3647 se
866 3590 1242 3657 descenderit;
1274 3591 1396 3648 ideo
1430 3606 1626 3648 novam
1657 3591 1825 3646 etiam
1856 3591 1924 3647 ad
1962 3608 2081 3648 eam
2126 3605 2292 3661 quam
2319 3590 2527 3644 habent
2554 3589 2931 3645 accessionem
2968 3586 3231 3643 futuram.

408 3684 682 3740 Interesse
713 3684 878 3756 igitur
907 3698 1007 3739 sua
1033 3683 1354 3755 plurimum,
1387 3695 1449 3739 ut
1476 3699 1805 3756 quacunque
1846 3700 1929 3743 ra-

338 3773 489 3831 tione
522 3782 757 3845 possunt
789 3774 1032 3846 conjugii
1060 3777 1384 3847 mysterium
1428 3775 1562 3832 illud
1598 3783 1923 3843 exerceant,

337 3868 504 3938 idque
532 3868 710 3939 ipsum
736 3866 952 3923 stolidis
974 3866 1296 3923 hominibus
1326 3866 1414 3923 his
1447 3867 1562 3924 fere
1590 3868 1775 3924 verbis
1803 3884 1928 3940 per-

337 3955 589 4017 suadent.
618 3959 945 4030 Quicunque
977 3973 1103 4015 cum
1136 3959 1191 4014 in
1234 3958 1443 4016 mundo
1464 3968 1611 4017 esset
1639 3960 1925 4016 mulierem

338 4070 449 4110 non
481 4052 766 4118 amaverit,
799 4059 861 4108 ut
899 4067 1017 4109 eam
1048 4052 1117 4109 ad
1146 4067 1391 4110 amorem
1422 4067 1583 4110 suum
1614 4052 1924 4123 pelliceret,

339 4159 373 4200 a
399 4145 633 4200 veritate
669 4144 884 4201 alienus
921 4152 1027 4210 est,
1058 4160 1163 4200 nec
1203 4145 1272 4200 ad
1319 4159 1440 4201 eam
1482 4146 1789 4218 perveniet.
1820 4143 1929 4200 Sed

337 4236 591 4307 quisquis
624 4228 781 4290 ortus
819 4251 850 4290 e
902 4234 1112 4289 mundo
1154 4235 1412 4291 muliebri
1455 4252 1565 4291 non
1614 4244 1700 4291 est
1742 4251 1930 4291 amore

342 4333 659 4394 correptus,
694 4339 765 4379 ne
804 4325 921 4394 ipse
949 4323 1173 4395 quidem
1215 4326 1285 4379 ad
1317 4327 1599 4381 veritatem
1629 4326 1928 4395 perveniet,

340 4416 488 4489 quod
516 4431 627 4470 non
655 4416 900 4470 mulieris
923 4416 1228 4485 cupiditate
1260 4416 1592 4486 ﬂagraverit.
1617 4415 1727 4475 Nos
1746 4419 1933 4490 itaque

341 4523 481 4580 quos
510 4506 777 4562 animales
820 4505 1148 4573 nominant,
1189 4519 1425 4575 esseque
1466 4509 1534 4561 de
1569 4508 1777 4563 mundo
1819 4521 1930 4565 sta-
1963 4492 2006 4548 θ

341 4603 539 4661 tuunt,
574 4591 975 4664 temperantia.
1029 4600 1084 4646 et
1134 4592 1383 4649 honestis
1434 4595 1745 4651 actionibus
1788 4597 1931 4652 indi-

340 4703 507 4761 gere,
552 4687 758 4758 quibus
802 4684 1131 4741 mediocrem
1167 4684 1234 4741 ad
1283 4687 1561 4755 regionem
1600 4687 1927 4759 efferamur,

341 4797 467 4837 cum
499 4780 740 4851 ipsimet,
773 4786 962 4849 utpote
989 4776 1265 4846 spiritales
1300 4793 1363 4833 ac
1390 4777 1636 4848 perfecti,
1671 4779 1807 4834 nihil
1838 4782 1930 4837 ho-

338 4889 461 4928 rum
516 4872 822 4943 requirant.
883 4868 1003 4926 Non
1055 4871 1201 4926 enim
1254 4871 1522 4927 actionem
1570 4871 1638 4927 ad
1683 4873 1926 4942 plcroma

341 4965 668 5038 provehere,
703 4964 799 5020 sed
827 4978 1013 5020 semen
1044 4963 1222 5034 ipsum
1251 5003 1267 5025 ,
1303 4965 1447 5036 quod
1484 4966 1635 5022 illinc
1673 4976 1923 5023 tenerum

340 5074 405 5113 ac
431 5060 579 5113 velut
617 5058 801 5115 infans
833 5059 1158 5126 demissum,
1188 5059 1274 5114 hic
1296 5060 1440 5130 apud
1474 5076 1575 5116 nos
1609 5062 1925 5117 absolutum

343 5149 613 5206 redditur.
657 5151 835 5221 Atque
862 5151 956 5206 ubi
988 5167 1174 5207 semen
1216 5167 1377 5207 ouune
1408 5151 1710 5222 perfectum
1737 5153 1923 5223 fuerit,

344 5245 458 5291 tum
490 5238 735 5309 ipsorum
773 5239 999 5295 Matrem
1029 5241 1337 5296 Achamoth
1370 5258 1433 5297 ex
1467 5243 1643 5297 media
1673 5243 1765 5297 illa
1796 5244 1925 5299 sede

343 5330 665 5395 transferri,
714 5339 769 5385 et
805 5331 948 5386 intra
987 5333 1228 5402 plcroma
1274 5332 1442 5402 recipi
1494 5341 1748 5403 oportere
1780 5352 1793 5388 :
1825 5349 1927 5390 nec

345 5436 452 5477 non
470 5432 525 5479 et
542 5438 807 5494 sponsum
824 5438 985 5479 suum
1005 5440 1360 5496 recuperare,
1385 5425 1723 5483 Salvatorem
1752 5428 1926 5494 illum,

342 5518 473 5586 quia
498 5517 567 5572 ah
593 5516 866 5573 universis
894 5516 947 5571 in
975 5516 1150 5572 lucem
1175 5527 1259 5574 est
1282 5520 1495 5575 editus:
1516 5526 1576 5572 ut
1604 5517 1924 5588 Salvatoris,

342 5619 394 5665 et
434 5607 728 5677 Sapientiae
761 5608 1069 5665 Achamoth
1108 5610 1425 5681 conjugium
1459 5611 1801 5668 instituatur.
1834 5614 1925 5669 ld-

2104 3685 2197 3740 Διδ
2232 3685 2327 3738 καὶ
2356 3684 2422 3737 ὲκ
2452 3681 2654 3746 παντὸς
2694 3682 2898 3756 τρόπου
2945 3683 3056 3736 δεῖν
3094 3681 3295 3746 αὐτοὺς
3320 3681 3406 3735 ἀεὶ
3440 3681 3503 3734 τὸ
3529 3682 3635 3751 τῆς

2035 3776 2299 3846 συζυγίας
2322 3775 2555 3848 μελετᾷν
2582 3775 2899 3847 μυστήριον·
2928 3775 3025 3828 καὶ
3049 3772 3208 3827 τοῦτο
3236 3771 3480 3826 πείθουσι
3501 3773 3633 3837 τοὺς

2032 3870 2295 3941 ἀνοήτους
2327 3867 2522 3931 αὐταῖς
2562 3863 2742 3930 λέξεσι
2790 3864 3043 3934 λέγοντες
3087 3863 3283 3928 οὕτως·
3332 3867 3432 3929 Ὃς
3462 3849 3539 3918 ¹ἂν
3570 3865 3634 3916 ὲν

2034 3961 2225 4032 κόσμῳ
2256 3958 2549 4031 γενόμενος
2581 3960 2818 4029 γυναῖκα
2846 3958 2944 4011 οὐκ
2976 3957 3255 4028 ἐφίλησεν,
3282 3956 3425 4010 ὥστε
3457 3955 3633 4027 αὐτὴν

2035 4051 2395 4124 κρατηθῆναι,
2429 4050 2531 4105 οὐκ
2568 4049 2716 4103 ἔστιν
2756 4050 2815 4117 ἐξ
2845 4048 3127 4120 ἀληθείας,
3164 4050 3260 4104 καὶ
3293 4050 3356 4103 οὐ
3384 4051 3632 4121 χωρήσει

2030 4144 2112 4207 εἰς
2136 4141 2416 4213 ἀλήθειαν.
2460 4140 2520 4194 ’0
2552 4140 2610 4195 δὲ
2637 4139 2746 4195 ἀπὸ
2774 4141 2982 4213 κόσμου
3002 4141 3295 4212 γενόμενος
3317 4140 3362 4206 ³,
3392 4140 3468 4213 μὴ
3499 4157 3634 4212 κρα-

2029 4235 2216 4308 τηθεὶς
2246 4235 2488 4304 γυναικὶ,
2522 4234 2583 4287 οὒ
2613 4235 2856 4305 χωρήσει
2897 4234 2979 4297 εἰς
3007 4233 3289 4305 ἀλήθειαν,
3333 4232 3424 4287 διὰ
3456 4235 3520 4287 τὸ
3551 4237 3630 4304 μὴ

2032 4328 2091 4384 ὲν
2136 4326 2404 4398 ἐπιθυμίᾳ
2452 4325 2792 4398 κρατηθῆναι
2844 4328 3123 4396 γυναικός.
3174 4327 3273 4381 Διά
3322 4326 3480 4382 τοῦτο
3533 4326 3632 4384 οῦν

2035 4420 2184 4490 ἡμᾶς
2224 4419 2425 4482 καλοὺς
2468 4418 2737 4490 ψυχικοὺς
2758 4418 2787 4451 ⁸η
2811 4419 3158 4491 ὀνομάζουσι,
3200 4418 3293 4473 καὶ
3321 4420 3384 4472 ὲκ
3417 4420 3628 4494 κόσμου
3688 4422 3691 4423 ⁷

2033 4508 2174 4567 εἶναι
2218 4512 2456 4582 λέγουσι,
2492 4512 2589 4566 καὶ
2637 4512 2943 4580 ἀναγκαίαν
2989 4515 3123 4583 ἡμῖν
3166 4512 3264 4583 τὴν
3295 4513 3629 4585 ἐγκράτειαν

2032 4604 2128 4659 καὶ
2154 4603 2362 4676 ἀγαθὴν
2387 4604 2606 4676 πρᾶξιν,
2644 4605 2730 4657 ἵνα
2756 4604 2825 4657 δι’
2848 4605 3019 4676 αὐτῆς
3045 4604 3286 4676 ἔλθωμεν
3306 4607 3387 4670 είς
3411 4606 3504 4661 τὸν
3520 4607 3627 4679 τῆς

2035 4697 2334 4770 μεσότητος
2376 4698 2562 4765 τόπον,
2604 4699 2789 4762 αὐτοῖς
2816 4698 2873 4752 δὲ
2906 4701 3297 4769 πνευματικοῖς
3323 4716 3385 4751 τε
3415 4701 3512 4758 καὶ
3535 4718 3629 4757 τε·

2031 4789 2196 4869 λείοις
2226 4789 2584 4861 καλουμένοις
2604 4789 2887 4863 μηδαμῶς.
2912 4791 2986 4844 Οὐ
3017 4790 3126 4862 γὰρ
3153 4789 3353 4863 πρᾶξις
3379 4793 3461 4855 εἰς
3490 4792 3631 4866 πλή-

2033 4897 2192 4954 ρωμα
2244 4881 2476 4950 εἰσάγει,
2527 4882 2666 4936 ἀλλά
2713 4882 2774 4936 τὸ
2822 4881 3045 4956 σπέρμα
3088 4883 3149 4935 τὸ
3190 4882 3401 4937 ἐκεῖθεν
3428 4885 3629 4956 νήπιον

2029 4952 2478 5044 ἐκπεμπόμενον,
2524 4974 2712 5028 ἐνθάδε
2755 4952 3153 5045 τελειούμενον.
3200 4975 3373 5028 ’Όταν
3415 4952 3627 5030 δέ’πᾶν

2027 5063 2090 5116 τὸ
2124 5065 2345 5137 σπέρμα
2370 5052 2659 5139 τελειωθῇ,
2702 5066 2801 5138 τὴν
2845 5067 2943 5138 μὲν
2988 5065 3244 5137 Ἀχαμὼθ
3267 5065 3365 5138 τὴν
3391 5068 3628 5140 Μητέρα

2028 5153 2208 5207 αὐτῶν
2240 5155 2542 5227 μεταϐῆναι
2575 5155 2670 5209 τοῦ
2713 5157 2813 5227 τῆς
2850 5158 3147 5228 μεσότητος
3184 5161 3348 5211 τόπου
3379 5158 3623 5229 λέγουσι,

2033 5248 2130 5301 καὶ
2159 5247 2311 5313 ἐντὸς
2345 5247 2713 5321 πληρώματος
2742 5249 3027 5314 εἰσελθεῖν,
3065 5251 3157 5303 καὶ
3194 5251 3494 5306 ἀπολαὸεῖν
3536 5254 3626 5308 τὸν

2026 5338 2260 5410 νυμφίον
2284 5340 2459 5410 αὐτῆς
2481 5341 2573 5394 τὸν
2597 5341 2848 5414 Σωτῆρα,
2877 5342 2969 5394 τὸν
2989 5343 3054 5396 ὲκ
3079 5342 3298 5396 πάντων
3332 5345 3621 5411 γεγονότασ

2029 5431 2116 5485 ἵνα
2146 5430 2377 5500 συζυγία
2403 5433 2735 5505 γένηταιτοῦ
2757 5433 3012 5505 Σωτῆρος
3039 5434 3133 5487 καὶ
3164 5433 3264 5503 τῆς
3285 5434 3491 5505 Σοφίας
3525 5436 3626 5505 τῆς

2040 5524 2316 5597 Ἀχαμώθ.
2341 5527 2453 5583 Kal
2473 5528 2633 5582 τοῦτο
2661 5525 2801 5583 εἶναι
2831 5529 3067 5600 νυμφίον
3088 5528 3184 5583 καὶ
3210 5526 3453 5601 νύμφην,
3485 5548 3626 5603 νυμ-

2031 5616 2186 5687 φῶνα
2215 5619 2273 5673 δὲ
2301 5621 2363 5675 τὸ
2410 5622 2520 5675 πᾶν
2567 5622 2864 5694 πλήρωμα.
2899 5623 3039 5685 Τοὺς
3083 5620 3141 5678 δὲ
3185 5622 3620 5695 πνευματωοοὺς,

420 5764 436 5795 ί
461 5761 619 5818 fiunt.
647 5779 684 5830 ι,
708 5764 797 5819 '52.
874 5767 894 5797 ¹
927 5764 1065 5819 lren.
1104 5764 1432 5838 ἀδιαφόρως.
1513 5768 1532 5799 ³
1570 5787 1656 5836 rp.
1697 5770 1806 5826 ἀπὸ
1834 5770 1927 5825 κόσ

2030 5773 2158 5832 νῶν.
2243 5775 2425 5833 ‘lrcn.
2464 5780 2596 5849 ἡμῖν
2630 5776 2724 5843 οὓς
2750 5776 2883 5850 dux.
