4018 6120
363 282 473 341 εις

1742 277 1803 334 S'.
1845 277 2194 335 FPII‘IIAKII

3522 279 3641 337 580

364 416 490 457 esse
522 400 717 464 velint,
759 399 862 454 alia
897 399 968 454 ab
1002 397 1212 454 semine
1234 439 1248 463 ,
1289 397 1395 453 alia
1430 413 1460 451 a
1498 397 1796 455 Conditore
1826 414 1952 470 pro-

2069 420 2247 468 αατος,
2275 404 2336 458 τὸ
2367 383 2516 458 δέ’τι
2547 402 2657 458 ἀπὸ
2688 401 2783 457 τοῦ
2820 401 3186 475 Δημιουργοῦ.
3233 399 3394 455 Ἀ)λά
3418 401 3513 455 καὶ
3541 402 3641 455 τὸν

368 495 531 550 fceta.
570 493 749 564 Ipsum
785 493 947 548 etiam
979 490 1166 547 Jesutn
1201 494 1396 562 partim
1437 506 1467 544 a
1515 491 1798 546 Salvatore
1840 502 1961 546 ιτα-ι

366 585 501 645 dita.
529 584 725 644 partim
768 599 796 635 a
827 580 1035 649 Matre;
1079 584 1276 653 partim
1309 583 1547 653 denique
1588 598 1617 636 a
1657 582 1954 638 Conditore

367 677 592 739 dixisse,
629 676 682 729 id
712 675 861 746 quod
898 675 956 729 in
999 676 1355 745 sequentibus
1391 674 1766 731 ostendemus.
1806 676 1954 729 Con-

367 770 599 825 ditorem
629 786 757 824 vero
796 785 989 825 eorum
1021 784 1144 839 quae
1174 783 1339 839 supra
1372 784 1431 824 se
1463 780 1618 824 erant
1666 770 1948 840 ignarum,

370 865 436 918 iis
463 879 595 919 sane
634 878 756 933 qua:
782 864 1328 918 commemoravimus
1368 861 1542 917 fuisse
1578 869 1948 927 commotum,

369 956 465 1011 sed
494 955 684 1010 eadem
712 955 1112 1025 contempsisse
1139 956 1516 1021 nihilominus,
1543 966 1594 1011 et
1618 958 1756 1013 alias
1787 959 1948 1012 aliam

317 1068 323 1087 ι
370 1062 493 1103 esse
522 1061 745 1102 causam
768 1086 783 1110 ,
829 1046 1208 1110 existimasse,
1257 1047 1374 1102 sive
1407 1049 1729 1119 praphetico
1765 1050 1948 1105 alllatu

373 1139 659 1210 praeditum
699 1139 993 1209 Spiritum,
1046 1138 1193 1209 quod
1245 1141 1468 1210 proprio
1507 1143 1745 1210 quodam
1795 1155 1949 1197 motu

371 1235 582 1301 cietur;
624 1234 740 1288 sive
770 1232 1069 1297 hominem,
1114 1232 1229 1288 sive
1266 1232 1598 1289 deteriorum
1627 1236 1955 1305 complexio-

374 1341 519 1382 nem.
556 1326 613 1380 ln
646 1340 819 1396 eaque
850 1324 1035 1379 tandiu
1065 1326 1408 1396 ignoratione
1436 1336 1734 1392 versatum,
1770 1330 1949 1398 quoad

374 1418 638 1475 Dominus
672 1419 970 1475 advenerit.
1001 1416 1175 1472 Simul
1206 1419 1351 1473 enim
1385 1434 1450 1474 ac
1478 1419 1731 1475 Salvator
1756 1437 1950 1477 acces-

374 1513 464 1574 sit,
501 1509 649 1564 abeo
679 1516 878 1563 cuncta
907 1506 1168 1564 didicisse
1201 1516 1413 1579 putant,
1448 1518 1502 1563 et
1532 1511 1596 1564 ad
1626 1526 1749 1565 eum
1780 1512 1954 1566 liben-

375 1613 458 1657 ter
487 1617 613 1656 cum
653 1602 909 1658 omnibus
946 1604 1062 1657 suis
1090 1603 1262 1672 copiis
1293 1605 1588 1668 transisse;
1621 1618 1856 1670 cumque
1887 1602 1953 1656 il-

2065 495 2274 566 Ἰησοῦν
2300 496 2584 560 ὡσαύτως,
2617 495 2679 548 τὸ
2714 495 2831 567 μέν,
2849 512 2901 547 τι
2933 494 3043 548 ἀπὸ
3069 492 3163 547 τοῦ
3197 495 3452 565 Σωτῆρος
3484 494 3637 563 εἷρηο

2050 586 2227 651 κέναι,
2269 588 2331 641 τὸ
2374 586 2432 641 δέ
2462 606 2514 641 τι
2555 587 2663 641 ἀπδ
2703 587 2804 657 τῆς
2846 586 3089 658 Μητρὸς,
3135 586 3199 638 τὸ
3226 584 3284 637 δέ
3312 602 3365 637 τι
3400 584 3510 638 ἀπὸ
3538 585 3640 638 τοῦ

2049 680 2417 751 Δημιουργοῦ.
2461 678 2646 743 καθὼς
2675 678 3015 749 ἐπιδείξομεν
3055 679 3339 750 προϊόντος
3376 678 3507 746 ἡμῖν
3541 676 3640 730 τοῦ

2049 768 2232 839 λόγου.
2283 771 2388 824 Τὸν
2428 771 2486 825 δὲ
2535 770 2896 843 Δημιουργὸν,
2941 770 3038 824 ἅτε
3067 767 3365 839 ἀγνοοῦντα
3393 768 3462 821 τὰ
3494 769 3640 840 ὑπὲρ

2049 864 2231 929 αὐτὸν,
2278 862 2543 917 κινεῖσθαι
2595 863 2695 935 μὲν
2738 864 2830 917 ὲπὶ
2873 866 2986 926 τοῖς
3018 860 3350 933 λεγομένοις,
3394 877 3641 914 καταπεο

2050 956 2378 1029 φρονηκέναι
2401 956 2457 1009 δὲ
2483 954 2663 1010 αὐτῶν
2695 954 2883 1010 ἄλλοτε
2912 954 3077 1026 ἄλλην
3110 953 3291 1007 αἰτίαν
3313 952 3639 1023 νομίσαντα,

2049 1049 2083 1119 ἢ
2118 1048 2178 1101 τὸ
2210 1048 2437 1119 Πνεῦμα
2484 1048 2546 1101 τὸ
2596 1047 2942 1120 προφητεῦον
2992 1045 3138 1116 ἕχον,
3180 1044 3275 1098 καὶ
3318 1042 3453 1097 αὐτὸ
3501 1043 3641 1097 ἰδίαν

2048 1141 2172 1195 τινά
2201 1141 2435 1211 κίνησιν,
2465 1141 2499 1212 ἢ
2533 1140 2623 1194 τὸν
2649 1141 2954 1211 ἄνθρωπον,
2984 1140 3017 1211 ἦ
3042 1139 3140 1211 τὴν
3162 1136 3510 1209 προσπλοκὴν
3528 1137 3641 1191 τῶν

2051 1234 2249 1305 χειρῶν
2272 1235 2313 1289 ¹.
2360 1215 2470 1288 Kal.
2509 1234 2683 1297 οὓτως
2714 1233 3015 1301 ἀγνοοῦντα
3044 1230 3474 1284 διατετελεκέναι
3509 1230 3641 1299 ἄχρι

2051 1323 2150 1392 τῆς
2170 1322 2472 1395 παρουσίας
2492 1322 2586 1376 τοῦ
2613 1323 2841 1394 Κυρίου.
2881 1321 3157 1385 Ἐλθόντος
3185 1320 3242 1373 δὲ
3265 1319 3359 1374 τοῦ
3383 1320 3642 1391 Σωτῆρος

2057 1414 2250 1485 μαθεῖν
2281 1414 2443 1469 αὐτὸν
2476 1415 2605 1486 παρ’
2644 1414 2811 1470 αὑτοῦ
2853 1415 3030 1468 πάντα
3056 1413 3297 1483 λέγουσι,
3336 1412 3432 1467 καὶ
3468 1412 3645 1482 ἀσμε-

2053 1524 2141 1560 νον
2174 1506 2323 1578 αὑτῷ
2355 1507 2827 1579 προσχωρήσαντα
2857 1504 2994 1576 μετά
3025 1505 3208 1576 πάσης
3234 1505 3334 1575 τῆς
3358 1503 3643 1574 δυνάμεως

2052 1598 2243 1661 αὐτοῦ,
2272 1600 2366 1652 καὶ
2394 1600 2556 1653 αὐτὸν
2586 1595 2726 1653 εἶναι
2757 1600 2852 1653 τὸν
2880 1601 2937 1651 ὲν
2966 1598 3045 1669 τῷ
3071 1596 3389 1666 Εὑαγγελίῳ
3417 1594 3643 1649 ἑκατόν-

374 1695 484 1747 Ιιιηι
512 1710 635 1750 esse
662 1694 1035 1749 centurionem
1057 1732 1073 1758 ,
1105 1693 1196 1762 qui
1232 1694 1287 1746 in
1332 1692 1626 1763 Evangelia
1656 1694 1727 1746 ita
1763 1694 1954 1747 Salva-

2069 1707 2276 1761 ταρχον,
2322 1690 2549 1760 λέγοντα
2590 1693 2669 1763 τῷ
2710 1693 2945 1763 Σωτῆρι·
2984 1692 3095 1745 Καὶ
3132 1689 3241 1762 γὰρ
3276 1688 3385 1758 ἐγὼ
3408 1689 3514 1742 ὑπὸ
3538 1688 3643 1758 τὴν

371 1790 545 1838 torem
599 1784 895 1853 alloquitur
942 1803 953 1837 :
984 1782 1117 1837 Nam
1149 1790 1204 1837 et
1229 1782 1400 1853 egoin
1426 1798 1542 1837 mea
1562 1791 1828 1853 potestate
1861 1785 1957 1838 ha-

2069 1782 2299 1852 ἐμαυτοῦ
2328 1782 2573 1848 ἐξουσίαν
2605 1783 2715 1854 εχω
2743 1782 3080 1854 στρατιώτας
3109 1784 3205 1835 καὶ
3228 1782 3467 1845 δούλους,
3496 1781 3645 1834 καὶὸ

376 1873 478 1927 lico
505 1873 739 1939 milites,
783 1882 836 1927 et
880 1888 1089 1939 servos,
1124 1882 1177 1928 ct
1218 1873 1586 1944 quodcunque
1617 1876 1957 1945 imperavero

377 1964 721 2035 perficiunt‘.
754 1966 972 2021 Addunt
1020 1966 1210 2020 mundi
1259 1967 1409 2020 illum
1458 1970 1834 2037 procurationi
1887 1969 1955 2023 ad

378 2056 632 2112 idoneum
660 2073 833 2128 usque
869 2066 1083 2128 tempus
1128 2058 1509 2129 praefuturum,
1554 2060 1855 2129 przesertim
1884 2063 1957 2118 ob

379 2147 640 2203 Ecclesia:
677 2149 1235 2213 administrationem,
1260 2150 1495 2220 ejusque
1534 2153 1740 2221 praemii
1769 2155 1957 2225 oognI-

376 2240 613 2305 tionetn,
659 2241 805 2312 quod
854 2241 1030 2296 eidem
1073 2251 1158 2297 est
1183 2250 1565 2311 constitutum,
1601 2243 1863 2300 nimirum
1896 2254 1956 2300 ut

376 2332 446 2386 ad
485 2332 671 2388 Matris
697 2333 882 2389 sedem
916 2334 1198 2412 evehatur.

446 2420 636 2477 XXIII.
682 2422 970 2480 Ilomiuum
1013 2442 1175 2496 porro
1222 2429 1325 2483 tria
1380 2445 1580 2499 genera
1614 2439 1952 2502 statuuntur,

379 2513 637 2584 spiritale,
676 2521 978 2580 terrenum,
1017 2518 1271 2583 animale,
1305 2536 1426 2589 quae
1482 2523 1537 2576 in
1565 2523 1758 2588 Caino,
1791 2527 1958 2582 Abele

380 2619 445 2659 ac
474 2601 642 2658 Sctho
669 2614 990 2661 cernuntur.
1023 2607 1069 2660 Α
1108 2610 1308 2679 quibus
1341 2612 1569 2667 totidem
1600 2623 1811 2670 natura:
1846 2632 1954 2672 non

375 2694 489 2765 jam
523 2697 577 2749 in
605 2696 857 2766 singulis,
891 2696 985 2752 sed
1021 2713 1117 2769 per
1137 2714 1333 2770 genera
1359 2714 1668 2775 prepagataa
1700 2715 1847 2764 sunt.
1880 2707 1955 2763 Ex

379 2785 450 2843 iis
479 2798 751 2843 terrenum
794 2792 1148 2861 corruptione
1183 2791 1411 2850 dissolvi
1444 2813 1459 2863 ;
1521 2798 1756 2854 animale
1785 2816 1914 2858 vero
1939 2841 1954 2866 ,

380 2877 503 2935 sise
538 2879 846 2951 potioribus
874 2880 1168 2949 dediderit,
1202 2885 1462 2940 mediocri
1495 2887 1548 2941 in
1579 2889 1799 2959 regione
1824 2906 1959 2946 con-

381 2972 701 3042 quiescere,
733 2973 820 3030 sin
853 2973 1125 3031 deteriora
1169 2976 1364 3045 eligat,
1416 2978 1481 3032 ad
1523 2980 1728 3035 similia
1771 2990 1957 3039 trans-

382 3063 532 3119 ferri.
590 3065 870 3137 Spiritalia
920 3069 1157 3139 denique
1211 3084 1333 3140 qua;
1380 3072 1599 3141 quidem
1650 3072 1955 3130 Aeliamoth

381 3159 713 3222 conseverit,
739 3174 803 3212 ex
830 3159 921 3215 illo
944 3170 1187 3230 tempore
1219 3161 1274 3215 in
1299 3161 1624 3219 hodiernum
1657 3181 1829 3240 usque
1852 3170 1963 3238 pia-

382 3260 505 3300 rum
542 3247 846 3303 animarum
897 3250 1202 3322 disciplina:
1246 3256 1540 3311 commissa
1588 3269 1642 3312 et
1685 3258 1916 3313 educata
1943 3299 1959 3325 ,

382 3338 529 3407 quod
579 3338 757 3395 adhuc
793 3339 1022 3395 infantia
1068 3343 1236 3399 missa
1282 3348 1429 3414 sint;
1479 3357 1670 3419 postea
1716 3350 1805 3404 ubi
1838 3366 1963 3420 pcr-

385 3426 677 3483 fectionem
711 3429 905 3500 adepta
954 3431 1191 3501 fuerint,
1242 3432 1547 3493 Salvatoris
1607 3440 1817 3509 angelis
1848 3456 1963 3495 ma-

384 3523 646 3578 trimonio
677 3523 956 3588 collocari,
988 3538 1113 3578 eum
1150 3525 1367 3580 interim
1403 3528 1599 3582 anima:
1635 3529 1792 3600 193
1832 3531 1965 3601 ipsa:

384 3631 509 3670 cum
538 3615 835 3673 Conditore
879 3619 1192 3674 necessario
1227 3618 1409 3676 medio
1439 3622 1491 3674 in
1527 3623 1646 3678 loco
1677 3638 1798 3678 sese
1829 3640 1963 3680 con-

385 3710 613 3766 tineant.
650 3708 914 3767 Praeterea
960 3712 1172 3769 animas
1206 3714 1401 3769 iterum
1450 3715 1556 3772 hoc
1612 3718 1776 3775 uiodo
1821 3722 1963 3775 divi-

385 3802 543 3857 dunt.
594 3801 869 3869 Quasdam
920 3806 1063 3861 enim
1114 3814 1309 3861 natura
1346 3807 1557 3875 bonas,
1591 3811 1728 3866 alias
1769 3822 1964 3868 natura

384 3893 556 3949 malas
606 3909 750 3950 esse.
811 3893 991 3952 Bonas
1036 3896 1309 3968 ejusmodi
1343 3916 1503 3968 esse,
1539 3917 1660 3973 quae
1693 3904 1761 3959 ad
1811 3906 1964 3960 exci-

385 3984 644 4056 piendum
711 4000 900 4042 semen
956 3988 1169 4045 idonea:
1226 3991 1383 4046 sint:
1422 3993 1567 4063 quod
1619 3995 1776 4050 mala:
1812 3996 1965 4052 nullo

387 4077 550 4134 modo
584 4087 817 4147 possunt
847 4084 1156 4152 percipere.

455 4164 650 4223 XXIV.
686 4168 811 4225 Ilaec
851 4180 937 4227 est
983 4173 1201 4229 illorum
1249 4175 1495 4230 doctrina
1521 4219 1536 4244 ,
1588 4193 1751 4248 quam
1790 4193 1968 4250 neque

386 4258 661 4326 prophetae
690 4259 1074 4328 praedicarunt,
1104 4279 1281 4334 neque
1310 4264 1571 4321 Dominus
1600 4268 1843 4336 tradidit,
1868 4285 1969 4325 nec

390 4349 623 4418 apostoli
663 4352 1019 4421 reliquerunt.
1063 4354 1180 4420 Qua
1224 4357 1444 4426 quidem
1500 4360 1723 4414 minime
1764 4363 1966 4434 scripta

2062 1874 2157 1928 ὲάν
2192 1875 2481 1946 προστάξω
2510 1877 2741 1931 ποιοῦσι.
2787 1877 3036 1931 Τελέσειν
3076 1876 3135 1929 δὲ
3164 1875 3324 1929 αὑτὸν
3359 1874 3461 1945 τὴν
3497 1873 3645 1926 κατὰ

2060 1967 2152 2019 τὸν
2181 1967 2382 2038 κόσμον
2409 1968 2721 2039 οἰκονομίαν
2753 1968 2915 2039 μέχρι
2937 1967 3031 2021 τοῦ
3054 1968 3265 2030 δέοντος
3289 1965 3505 2036 καιροῦ,
3539 1965 3645 2034 μά-
3724 2020 3735 2030 ,

2061 2055 2222 2109 λιστα
2261 2057 2317 2110 δὲ
2356 2057 2445 2111 διὰ
2472 2059 2572 2130 τήν
2599 2059 2697 2129 τῆς
2753 2057 3079 2128 Ἐκκλησίας
3124 2056 3461 2128 ἐπιμέλειαν,
3505 2055 3646 2109 ἀλλά

2063 2149 2158 2203 καὶ
2182 2148 2269 2202 διὰ
2293 2151 2394 2222 τὴν
2426 2150 2723 2219 ἐπίγνωσιν
2752 2150 2852 2207 τοῦ,
2886 2149 3298 2221 ὲτοιμασθέντος
3326 2147 3475 2219 αὐτῷ
3505 2140 3646 2202 Eta-

2063 2240 2212 2308 θλου,
2242 2242 2323 2297 ὃτι
2351 2243 2431 2307 εἰς
2456 2243 2548 2296 τὸν
2574 2244 2674 2315 τῆς
2700 2228 2923 2316 Μητρὸς
2947 2242 3109 2296 τόπον
3132 2241 3393 2313 χωρήσει.

2133 2424 2262 2480 KI".
2304 2424 2634 2496 ’Δνθρώπων
2676 2424 2734 2478 δὲ
2768 2424 2896 2497 τρία
2936 2424 3070 2494 γένη
3100 2422 3446 2492 ὑφίστανται,
3476 2438 3645 2475 πνευ-

2067 2516 2317 2587 ματικὸν,
2379 2517 2582 2589 χοῖκδν,
2636 2516 2889 2588 ψυχικὸν,
2946 2514 3130 2579 καθὼς
3187 2515 3433 2585 ἐγένοντο
3480 2516 3643 2577 nam,

2067 2608 2255 2675 Ἅϐελ,
2287 2609 2419 2681 Σήθο
2446 2611 2542 2664 καὶ
2570 2613 2632 2662 ὲκ
2657 2610 2863 2664 τούτων
2890 2608 2989 2672 τὰς
3013 2611 3164 2680 τρεῖς
3190 2608 3380 2678 φύσεις
3400 2608 3441 2671 ⁸,
3463 2607 3647 2661 οὐκέτι

2064 2700 2185 2754 καθ’
2215 2700 2294 2768 ἓν,
2328 2701 2464 2756 ἀλλά
2493 2701 2636 2754 κατὰ
2665 2704 2840 2771 γένος.
2866 2702 2979 2755 Καὶ
3001 2700 3065 2754 τὸ
3088 2701 3186 2773 μὲν
3208 2700 3389 2771 χοῖκδν
3408 2702 3489 2763 εἰς
3517 2698 3647 2767 φθοο

2066 2791 2166 2863 ρὰν
2198 2795 2418 2863 χωρεῖν,
2446 2794 2542 2846 καὶ
2568 2793 2629 2846 τὸ
2658 2793 2909 2864 ψυχικὸν,
2938 2791 3034 2847 ἐὰν
3062 2792 3132 2845 τά
3161 2790 3406 2868 βελτίονα
3432 2791 3644 2864 ἕληται.

2066 2887 2124 2938 ὲν
2153 2884 2233 2955 τῷ
2260 2885 2359 2956 τῆς
2387 2885 2684 2956 μεσότητος
2724 2886 2876 2956 τόπῳ
2921 2883 3311 2940 ἀναπαύεσθαι·
3356 2883 3454 2938 ὲάν
3488 2884 3545 2937 δὲ
3583 2887 3649 2937 τὰ

2064 2977 2256 3049 χείρω,
2306 2978 2579 3049 χωρήσειν
2624 2976 2720 3030 καὶ
2764 2977 2894 3032 αὐτὸ
2941 2976 3078 3048 πρὸς
3121 2975 3191 3029 τά
3236 2977 3416 3048 ὃμοια.
3472 2976 3554 3029 Τὰ
3591 2977 3650 3029 δὲ

2066 3070 2431 3143 πνευματικὰ,
2463 3070 2501 3125 ἃ
2517 3070 2583 3125 ἂν
2610 3069 2952 3143 κατασπείρῃ
2967 3072 3001 3142 ἡ
3043 3070 3322 3142 Ἀχαμὼθ,
3341 3069 3523 3123 ἔκτοτε
3545 3069 3650 3134 ἓως

2066 3159 2159 3217 τοῦ
2190 3162 2286 3239 νῦν
2311 3163 2549 3226 δικαίαις
2585 3161 2785 3232 ψυχαῖς
2826 3162 3185 3216 παιδευθέντα
3213 3161 3402 3215 ἐνθάδε
3432 3161 3530 3214 καὶ
3561 3161 3655 3212 ἐκ*

2069 3258 2363 3330 τραφέντα,
2388 3258 2475 3312 διὰ
2499 3257 2561 3310 τὸ
2582 3258 2751 3329 νήπια
2773 3256 3184 3328 ὲκπεπέμφθαι,
3212 3255 3438 3327 ὕστερον
3459 3254 3656 3308 τελειό-

2067 3367 2230 3421 τητος
2273 3347 2598 3416 ἀξιωθέντα,
2643 3347 2862 3419 νύμφας
2920 3347 3354 3419 ἀποδοθήσεσθαι
3398 3349 3512 3410 τοῖς
3555 3344 3657 3400 τοῦ

2069 3443 2323 3514 Σωτῆρος
2346 3442 2600 3512 ἀγγέλοις
2621 3441 3030 3513 δογματίζουσι,
3052 3440 3162 3495 τῶν
3179 3440 3366 3512 ψυχῶν
3394 3441 3575 3495 αὐτῶν
3599 3444 3660 3496 ὲν

2073 3536 2331 3606 μεσότητι
2368 3534 2489 3588 κατ’
2515 3534 2765 3604 ἀνάγκην
2811 3534 2889 3604 (ὲν
2937 3532 3219 3604 μεσότητι)
3255 3532 3395 3602 μετά
3424 3532 3518 3585 τοῦ
3544 3535 3657 3603 Δη-

2073 3625 2338 3700 μιουργοῦ
2361 3627 2836 3698 ἀναπαυσαμένων
2862 3625 2943 3689 εἰς
2966 3625 3029 3678 τὸ
3051 3624 3334 3690 παντελές.
3358 3627 3470 3679 Kal.
3486 3627 3661 3690 αὐτὰς

2074 3719 2173 3790 μὲν
2199 3717 2300 3781 τάς
2328 3716 2566 3787 ψυχικὰς
2596 3717 2618 3749 ⁵
2651 3715 2815 3769 πάλιν
2850 3715 3274 3789 ὑπομερίξοντες
3313 3714 3561 3784 λέγουσιν
3588 3716 3659 3779 ἃς

2074 3811 2174 3883 μὲν
2199 3810 2359 3881 φύσει
2384 3809 2616 3878 ἀγαθὰς,
2644 3807 2712 3872 ἀς
2740 3808 2795 3861 δὲ
2827 3807 2986 3877 φύσει
3015 3807 3277 3878 πονηράς·
3307 3807 3402 3860 καὶ
3431 3806 3531 3870 τὰς
3556 3806 3657 3876 μὲν

2070 3901 2281 3971 ἁγαθάς
2323 3899 2527 3964 ταύτας
2572 3895 2736 3964 εἶναι,
2782 3898 2882 3961 τὰς
2922 3898 3180 3962 δεκτικὰς
3211 3896 3307 3951 τοῦ
3344 3895 3661 3968 σπέρματος

2071 3995 2381 4066 γινομέναςσ
2417 3994 2517 4059 τὰς
2541 3994 2598 4048 δὲ
2621 3993 2780 4064 φύσει
2812 3991 3055 4064 πονηρὰς
3090 3991 3359 4063 μηδέποτε
3388 3991 3454 4045 ἂν
3478 3991 3664 4048 mea

1974 4124 1979 4130 ι
2075 4085 2268 4151 ξασθαι
2303 4090 2479 4141 ἐκεῖνο
2509 4086 2570 4140 τὸ
2596 4086 2837 4157 σπέρμα.

2146 4179 2271 4235 ΚΔ’.
2324 4180 2590 4251 Τοιαύτης
2646 4179 2701 4232 δὲ
2740 4180 2839 4250 τῆς
2890 4175 3197 4240 ὑποθέσεως
3234 4175 3415 4231 αὐτῶν
3469 4175 3661 4245 οὔσης,

2073 4268 2140 4340 ἣν
2171 4266 2293 4321 οὔτε
2321 4269 2593 4338 προφῆται
2627 4266 2928 4337 ἐκήρυξαν,
2957 4264 3082 4318 οὔτε
3113 4266 3141 4318 ὁ
3165 4264 3368 4336 Κύριος
3396 4263 3659 4331 ἐδίδαξεν,

2074 4360 2197 4414 οὔτε
2231 4359 2516 4416 ἀπόστολοι
2574 4360 2915 4431 παρέδωκαν,
2965 4358 3033 4429 ἣν
3074 4359 3203 4431 περὶ
3234 4357 3343 4411 τῶν
3387 4358 3525 4413 ὅλων
3562 4358 3662 4411 αὖ·

388 4455 454 4494 ex
486 4440 765 4497 auditione
792 4443 873 4499 sic
902 4456 1114 4516 arrepta
1142 4487 1155 4512 ,
1191 4456 1250 4501 ut
1284 4449 1426 4518 quod
1461 4450 1514 4504 in
1546 4454 1833 4521 proverbio
1862 4463 1960 4521 est,

2075 4451 2230 4522 χοῦσι
2257 4452 2437 4506 πλεῖον
2461 4451 2571 4505 τῶν
2592 4450 2766 4505 ἄλλων
2793 4450 3109 4518 ἐγνωκέναι,
3145 4451 3203 4516 ἐξ
3235 4449 3499 4521 ἀγράφων
3530 4450 3662 4503 ἀνα-

391 4529 598 4587 Funem
615 4550 681 4588 ex
702 4551 865 4590 arena
892 4546 1061 4593 texere
1085 4549 1350 4595 conentur
1373 4559 1388 4609 ;
1418 4543 1538 4613 plus
1562 4560 1621 4598 se
1658 4547 1869 4602 caeteris
1900 4549 1968 4603 de

392 4626 774 4682 universorum
825 4639 1019 4685 natura
1060 4634 1203 4688 scire
1246 4635 1567 4708 gloriantur.
1618 4637 1697 4692 Ad
1732 4655 1794 4694 ca
1839 4656 1967 4696 vero

390 4732 511 4787 qua:
539 4716 775 4774 diximus
805 4723 1212 4791 comprobanda
1239 4766 1252 4789 ,
1304 4730 1547 4797 quaidam
1590 4745 1620 4784 e
1644 4732 1817 4787 sacris
1850 4733 1968 4787 Lit-

392 4810 523 4865 teris
569 4816 1024 4871 accommodant:
1078 4818 1386 4886 cujusmodi
1438 4833 1565 4878 sunt
1620 4837 1893 4895 usurpata:
1938 4844 1970 4883 ιι

392 4902 623 4960 Domino
655 4907 960 4975 parabolae,
1013 4916 1107 4963 aut
1154 4913 1483 4982 prophetica:
1521 4920 1839 4984 sententiae,
1877 4931 1972 4976 aut

392 5000 763 5065 apostolorum
794 5001 977 5068 verba,
1019 5018 1088 5058 ue
1124 5007 1370 5060 conIictae
1400 5009 1468 5061 ab
1498 5009 1565 5063 iis
1598 5008 1791 5066 fabulae
1817 5029 1977 5082 pror-

394 5105 490 5143 sus
521 5092 835 5148 testimonio
881 5109 1069 5151 carere
1120 5096 1428 5155 videantur.
1459 5099 1784 5173 Quanquam
1835 5106 1976 5159 divi-

395 5197 591 5234 norum
615 5185 959 5239 oraculorum
998 5188 1244 5243 ordinem
1285 5190 1592 5263 seriemque
1619 5198 1983 5262 conturbant,’

396 5289 459 5328 ac
492 5275 670 5345 quoad
702 5275 757 5329 in
789 5276 921 5345 ipsis
954 5279 1116 5333 situm
1140 5287 1246 5347 est,
1273 5284 1545 5351 veritatis,
1575 5293 1634 5339 ut
1666 5287 1738 5341 ita
1767 5288 1970 5358 dicam,

398 5365 638 5419 membra
667 5365 992 5421 dissolvunt.
1029 5367 1162 5423 Nam
1204 5371 1259 5424 in
1289 5371 1526 5427 alienum
1575 5373 1755 5429 locum
1790 5385 1974 5434 trans-

398 5453 505 5511 lata
552 5471 618 5511 ac
642 5467 975 5514 commutata
1019 5462 1278 5534 pleraque
1298 5505 1312 5529 ,
1352 5473 1405 5519 et
1435 5467 1539 5522 alia
1583 5484 1650 5523 ex
1676 5468 1798 5526 aliis
1827 5470 1971 5525 facta

2075 4542 2472 4613 γινώσκοντες,
2527 4542 2621 4596 καὶ
2673 4544 2735 4597 τὸ
2787 4542 2851 4613 δὴ
2920 4542 3208 4613 λεγόμενον
3236 4581 3251 4604 ,
3312 4541 3408 4606 Ἐξ
3461 4541 3661 4612 ἄμμου

2076 4638 2319 4705 σχοινία
2367 4635 2617 4690 πλέκειν
2637 4633 3045 4707 ἐπιτηδεύοντες
3075 4678 3089 4701 ,
3130 4634 3458 4699 ἀξιοπίστως
3491 4652 3663 4707 προσ-

2078 4728 2342 4801 αρμόζειν
2407 4728 2706 4801 πειρῶνται
2745 4732 2857 4791 ταῖς
2885 4728 3228 4800 εἰρημένοις,
3261 4728 3379 4800 ἤτοι
3412 4728 3655 4801 παραϐο-

2078 4822 2176 4884 λὰς
2211 4821 2515 4899 Κυριακάς,
2543 4820 2577 4891 ἢ
2612 4822 2798 4892 ῥήσεις
2832 4819 3176 4890 προφητικὰς
3196 4860 3210 4884 ,
3242 4819 3490 4890 ἢλόγους
3521 4822 3660 4874 ἁπο-

2081 4911 2356 4974 στολικοὺς
2381 4952 2396 4977 ,
2443 4911 2528 4964 ἵνα
2554 4912 2614 4964 τὸ
2641 4911 2866 4981 πλάσμα
2902 4910 3083 4965 αὐτῶν
3131 4912 3205 4983 μὴ
3236 4912 3555 4983 ἀμάρτυρον
3582 4908 3659 4965 εἴ·

2076 5019 2164 5056 ναι
2196 5002 2357 5073 δοκῇ,
2392 5002 2491 5074 τὴν
2540 5004 2637 5073 μὲν
2681 5002 2833 5066 τάξιν
2871 5003 2965 5056 καὶ
3015 5002 3106 5056 τὸν
3145 5004 3337 5075 εἰρμδν
3384 5004 3492 5057 τῶν
3523 5005 3664 5075 Γρα-

2077 5094 2193 5163 φῶν
2229 5094 2648 5166 ὑπερϐαίνοντες
2669 5137 2683 5163 ,
2720 5096 2811 5148 καὶ
2841 5096 2964 5149 ὅσον
2998 5097 3082 5164 ἐφ’
3107 5099 3318 5158 ἑαυτοῖς
3349 5094 3568 5161 λύοντες
3596 5096 3665 5151 τὰ

2083 5186 2217 5259 μέλη
2260 5186 2362 5256 τῆς
2394 5186 2670 5261 ἀληθείας.
2709 5187 3094 5256 Μεταφέρουσι
3132 5187 3189 5240 δὲ
3216 5188 3309 5241 καὶ
3350 5188 3662 5259 μεταπλάτ-

2079 5299 2266 5346 τουσι,
2299 5282 2395 5334 καὶ
2431 5280 2558 5334 ἄλλο
2591 5281 2648 5348 ἐξ
2682 5281 2839 5335 ἄλλου
2871 5279 3152 5345 ποιοῦντες
3191 5279 3502 5346 ἐξαπατῶσι
3538 5281 3665 5334 πολ-

2079 5376 2203 5439 λοὺς
2234 5377 2301 5445 τῇ
2351 5371 2460 5425 τῶν
2501 5371 2962 5453 ἐφαρμοζομένων
3005 5373 3300 5446 Κυριακῶν
3334 5373 3532 5443 λογίων
3565 5390 3667 5426 κα-

2079 5469 2387 5540 κοσυνθέτῳ
2435 5450 2613 5539 σοφίᾳ.
2674 5450 2885 5538 Ὂνπερ
2927 5468 3126 5535 τρόπον
3176 5467 3230 5521 εἰ
3272 5484 3356 5533 τις
3403 5465 3663 5541 βασιλέως

471 5613 491 5646 ⁸
520 5613 708 5673 Matth.
746 5634 861 5686 riu,
889 5620 943 5676 9.
1017 5622 1038 5655 ²
1067 5620 1207 5679 Iren.
1243 5623 1524 5697 χειρόνων.
1602 5629 1623 5661 ³
1646 5627 1788 5688 Iren.
1824 5630 1911 5686 ἵνα
1940 5632 1960 5686 ἐ

2069 5630 2249 5697 είξωσι
2279 5628 2395 5685 καί.
2469 5627 2492 5659 δ
2525 5626 2668 5683 Iren.
2702 5625 2902 5698 ψυχάς.
