4018 6152
362 340 460 397 set
514 326 521 333 ’

1028 336 1393 394 ADVERSUS
1435 336 1779 425 ﬂASRESES
1814 335 1957 394 LIB.

2082 306 2243 390 ron.
2287 334 2352 389 ιι.
2393 364 2462 375 -
2499 334 2768 391 names.
2800 317 2970 392 xx’xr

3521 340 3622 397 52%

360 456 565 519 εἰκόνος
593 455 763 528 καλῆς
794 455 1305 527 κατεσκευασμένης
1352 456 1417 535 ἐκ
1461 455 1709 528 ψηφίδων
1740 455 1942 527 ἐπισή-

2066 453 2124 509 ic
2177 438 2503 524 proferunt,
2553 462 2611 508 ut
2653 454 2957 511 divinarum
3009 456 3439 525 sententiarum,
3485 473 3621 529 quas

361 566 478 620 μων
507 547 613 601 ὑπὸ
638 547 803 616 σοφοῦ
834 546 1098 618 τεχνίτου,
1129 548 1296 613 λύσας
1324 548 1425 620 τὴν
1451 548 1826 619 ὑποκειμένην
1850 548 1944 602 τοῦ

362 637 649 708 ἀνθρώπου
685 637 852 703 ἰδέαν,
879 637 1179 709 μετενέγκῃ
1204 637 1303 702 τάς
1329 637 1566 710 ψηφίδας
1590 640 1815 701 ὲκείνας
1849 638 1948 691 καὶ⁵

364 728 699 801 μεθαρμόσοι
736 730 831 783 καὶ
859 731 1076 800 ποιήσει
1117 729 1330 800 μορφὴν
1370 729 1531 793 κυνὸς
1559 727 1594 799 ἢ
1633 725 1942 794 ἀλώπεκος,

363 821 456 876 καὶ
483 820 686 893 ταύτην
724 819 943 890 φαύλως
968 820 1510 891 κατεσκευασμένην,
1553 824 1751 876 ἒπειτα
1783 821 1948 893 διορὶ-

363 909 506 975 ζοιτο
531 949 547 976 ,
587 910 682 964 καὶ
730 909 880 979 λέγοι
929 908 1133 981 ταύτην
1187 904 1327 964 εἶναι
1376 911 1477 981 τὴν
1528 912 1625 964 τοῦ
1686 910 1948 981 βασιλέως

364 1002 578 1073 ἐκείνην
609 1001 793 1059 εἰκόνα
827 1000 926 1074 τὴν
955 1001 1147 1074 καλὴν,
1182 1002 1247 1074 ῆν
1276 1003 1305 1057 ό
1332 1002 1494 1070 σοφὸς
1526 1002 1780 1075 τεχνίτης
1819 1020 1951 1057 κατ-

368 1093 659 1160 εσκεύασε,
704 1093 914 1157 δεικνὺς
948 1093 1046 1158 τὰς
1088 1093 1327 1165 ψηφῖδας
1356 1094 1454 1158 τὰς
1503 1093 1689 1157 καλῶς
1720 1091 1825 1146 ὑπὸ
1853 1092 1949 1146 τοῦ

367 1187 608 1258 τεχνίτου
658 1184 753 1239 τοῦ
789 1184 1006 1257 πρώτου
1062 1185 1145 1249 είς
1195 1185 1295 1255 τὴν
1338 1184 1431 1238 τοῦ
1466 1182 1736 1254 βασιλέως
1765 1182 1951 1237 εἰκόνα

369 1275 714 1340 συντεθείσας
740 1315 756 1341 ,
813 1275 992 1339 καλῶς
1042 1274 1100 1329 δὲ
1134 1275 1238 1329 ὑπὸ
1266 1274 1362 1329 τοῦ
1415 1274 1642 1346 ὑστέρου
1676 1273 1759 1337 εἰς
1793 1271 1950 1336 κυνὸς

370 1368 583 1443 μορφὴν
618 1366 1030 1439 μετενεχθείσας
1051 1406 1065 1431 ,
1126 1367 1223 1420 καὶ
1276 1365 1364 1420 διὰ
1412 1365 1514 1435 τῆς
1544 1366 1659 1420 τῶν
1700 1363 1949 1436 ψηφίδων

370 1459 669 1529 φαντασίας
697 1458 972 1530 μεθοδεύοι
999 1459 1124 1523 τοὺς
1157 1457 1575 1530 ἀπειροτέρους,
1612 1458 1744 1522 τοὺς
1781 1457 1948 1512 κατά-

370 1552 529 1623 ληψιν
562 1551 845 1623 βασιλικῆς
902 1551 1116 1622 μορφῆς
1149 1552 1249 1607 οὐκ
1297 1551 1551 1623 ἔχοντας,
1595 1549 1692 1604 καὶ
1749 1548 1947 1615 πείθοι,

371 1644 447 1697 ὅτι
471 1641 610 1713 αὔτη
644 1642 678 1713 ἡ
704 1638 890 1712 σαπρὰ
919 1639 1018 1711 τῆς
1048 1638 1329 1705 ἀλώπεκος
1362 1639 1477 1693 ἰδέα
1505 1634 1685 1706 ἐκείνη
1728 1634 1876 1688 ἐστὶν
1915 1636 1949 1707 ή

372 1731 509 1804 καλὴ
538 1730 633 1786 τοῦ
665 1730 930 1801 βασιλέως
960 1728 1149 1783 εἰκών·
1197 1729 1286 1783 τὸν
1332 1727 1494 1785 αὐτὸν
1533 1727 1596 1801 δὴ
1622 1725 1826 1798 τρόπον
1855 1725 1951 1780 καὶ

373 1801 514 1879 ὦτοι
542 1822 728 1894 γραῶν
765 1818 983 1893 μύθους
1003 1818 1510 1889 συγκαττύσαντες,
1544 1817 1739 1872 ἔπειτα
1769 1816 1949 1887 ρήμα-
1985 1801 2025 1856 Β

377 1931 437 1969 τα
467 1915 561 1967 καὶ
604 1911 777 1980 λέξεις
810 1911 905 1966 καὶ
937 1909 1248 1982 παραϐολὰς
1287 1908 1409 1963 ὅθεν
1454 1909 1549 1963 καὶ
1600 1909 1769 1960 πόθεν
1813 1906 1950 1959 ἀπο-

374 2005 646 2068 σπῶντες,
683 1999 1014 2074 ἐφαρμόζειν
1048 1998 1328 2071 βούλονται
1380 2000 1492 2062 τοῖς
1532 1996 1724 2068 μύθοις
1771 1993 1952 2049 αὐτῶν

376 2095 442 2149 τὰ
473 2093 628 2163 λόγια
664 2091 758 2146 τοῦ
801 2089 958 2145 Θεοῦ.
996 2089 1102 2143 Καὶ
1126 2090 1229 2144 ὅσα
1279 2087 1380 2161 μὲν
1412 2089 1470 2142 ἐν
1505 2090 1617 2153 τοῖς
1663 2084 1759 2141 τοῦ
1804 2085 1952 2156 Πλη-

377 2185 628 2259 ρώματος
657 2182 1079 2257 ἐφαρμόζουσιν,
1110 2182 1425 2255 εἰρήκαμεν.

445 2453 574 2510 KE'.
605 2454 744 2509 Ὀσα
776 2452 833 2506 δὲ
863 2446 1092 2514 καὶτοῖς
1134 2450 1290 2514 ἐκτὸς
1319 2447 1413 2503 τοῦ
1448 2446 1823 2519 Πληρώματος
1854 2446 1954 2500 αύ-

380 2546 486 2602 τῶν
534 2542 908 2620 προσοικειοῢν
950 2542 1246 2615 πειρῶνται
1292 2542 1360 2595 ἐκ
1399 2540 1506 2595 τῶν
1548 2537 1813 2611 Γραφῶν,
1842 2535 1958 2591 ἔστι

382 2640 625 2695 τοιαῦτα.
660 2638 766 2693 Τὸν
812 2635 1014 2709 Κύριον
1048 2635 1107 2688 ἐν
1158 2634 1271 2697 τοῖς
1320 2632 1571 2703 ἐσχάτοις
1612 2627 1708 2684 τοῦ
1753 2630 1959 2699 κόσμου

2048 545 2502 609 accommodant,
2530 546 2730 602 callido
2766 546 3002 617 quodam
3054 549 3462 619 artiticiosoque
3492 564 3616 604 con-

2049 643 2201 691 textu
2233 638 2434 694 multos
2475 637 2531 692 in
2561 652 2804 694 errorem
2836 639 3115 695 inducant.
3157 639 3622 706 Quemadmodum

2048 727 2094 783 si
2124 729 2470 799 imperatoris
2504 730 2682 799 imago
2728 729 3113 799 pulcherrimis
3158 746 3222 786 ex
3256 732 3541 787 tesserulis
3594 747 3622 785 a

2048 820 2221 889 perito
2257 820 2494 889 quodam
2541 819 2755 876 artiﬁce
2793 819 2958 876 fuerit
3008 821 3326 889 elaborata;
3379 836 3444 877 ac
3476 823 3627 892 quis.

2048 911 2215 982 piam,
2246 911 2484 968 hominis
2513 912 2687 983 elligie
2715 912 3003 979 dissoluta,
3032 929 3095 969 ac
3121 915 3490 985 transpositis,
3522 915 3622 968 ali-

2050 1012 2241 1075 terque
2282 1005 2566 1061 collocatis
2604 1006 2890 1064 tesserulis
2916 1045 2933 1072 ,
2971 1007 3128 1062 canis
3182 1014 3276 1060 aut
3327 1006 3622 1077 vulpecula:

2050 1096 2287 1167 speciem
2318 1097 2628 1168 exprimat,
2665 1109 2734 1153 ne
2758 1113 2876 1154 eam
2908 1098 3129 1168 quidem
3159 1105 3308 1153 recte
3352 1102 3622 1168 composi-
3714 1140 3723 1153 ι

2051 1197 2194 1252 tam;
2226 1194 2342 1242 tum
2369 1187 2598 1243 amrmet
2630 1189 2736 1244 hoc
2777 1189 2954 1259 ipsum
2995 1203 3117 1244 esse
3147 1188 3424 1260 egregium
3459 1188 3622 1258 impe-

2050 1281 2252 1336 ratoris
2285 1281 2636 1337 simulacrum
2665 1318 2681 1343 ,
2715 1280 2787 1334 ab
2814 1280 3015 1335 eximio
3057 1279 3267 1335 artiﬁce
3300 1280 3502 1336 aﬂ‘abre
3550 1281 3625 1335 fa-

2050 1376 2232 1437 ctum;
2264 1369 2519 1426 ostendat
2569 1377 2625 1426 et
2659 1371 2780 1425 illas
2831 1370 2901 1425 ab
2933 1370 3125 1425 eodem
3180 1370 3248 1425 ad
3290 1369 3627 1426 referendam

2049 1460 2314 1530 principis
2339 1460 2564 1531 ﬁguram
2588 1467 2995 1531 coagmentatas
3020 1461 3337 1526 tesserulas,
3366 1474 3396 1513 a
3423 1476 3481 1516 se
3500 1474 3628 1516 vero

2050 1556 2241 1621 postea
2270 1552 2525 1605 caninam
2568 1550 2626 1605 in
2659 1551 2890 1606 fo‘rmam
2923 1551 3250 1615 translatas,
3282 1558 3448 1621 atque
3478 1550 3625 1620 ejus-

2050 1639 2199 1695 modi
2251 1640 2644 1696 tesserularum
2699 1641 2883 1711 specie
2926 1639 3193 1709 imperitis
3224 1641 3485 1705 ‘illudat,
3532 1640 3625 1710 qui

2052 1730 2317 1802 principis
2362 1730 2654 1801 imaginem
2723 1729 2965 1784 nondum
3022 1732 3207 1785 animo
3256 1730 3628 1800 conceperint,

2050 1821 2489 1891 persuadeatque
2521 1834 2684 1890 quam
2727 1819 2803 1874 illi
2835 1819 3023 1874 vident
3052 1828 3263 1890 turpem
3310 1820 3489 1889 vulpis
3515 1819 3630 1874 clli-

2049 1913 2227 1983 giem,
2264 1911 2585 1984 praeclaram
2619 1911 2766 1965 illam
2812 1910 3160 1980 imperatoris
3199 1925 3323 1966 esse
3370 1918 3628 1966 statuam.

2053 2002 2147 2058 Sic
2175 2003 2270 2059 isti
2300 2001 2367 2063 ad
2402 2001 2666 2058 ridiculas
2716 2001 3000 2072 anilesque
3048 2015 3186 2072 quas
3220 2009 3498 2056 consuunt
3531 2018 3634 2056 nu-

2051 2108 2185 2167 gas,
2219 2099 2508 2164 corrogata
2541 2092 2670 2147 hinc
2708 2099 2763 2148 et
2801 2091 2955 2146 illinc
3002 2092 3203 2155 verba,
3251 2098 3306 2146 et
3345 2092 3635 2162 parabolas

2053 2186 2307 2250 trahunt,
2363 2199 2428 2239 ac
2474 2182 2663 2237 divina
2709 2196 2973 2253 responsa
3017 2181 3218 2237 fabulis
3265 2182 3383 2238 suis
3427 2182 3637 2254 illigare

2053 2277 2417 2334 contendunt.
2452 2275 2529 2331 Ex
2587 2275 2789 2346 quibus
2815 2291 2937 2346 quae
2962 2274 3029 2329 ad
3068 2274 3318 2331 Pleroma
3362 2275 3637 2345 pertinere

2054 2366 2501 2437 videntur‘paulo
2534 2373 2662 2421 ante
2690 2366 2996 2421 retulimus.

2131 2457 2292 2531 194
2320 2456 2486 2513 XXV.
2527 2457 2660 2524 Quae
2686 2471 2816 2513 vero
2846 2457 2915 2512 ad
2945 2470 3007 2512 ea
3054 2472 3177 2528 quae
3206 2465 3359 2513 extra
3387 2455 3638 2512 Pleroma

2059 2558 2186 2606 sunt
2212 2549 2386 2607 sacris
2427 2564 2492 2604 ex
2524 2547 2744 2605 Litteris
2778 2547 3211 2617 accommodant,
3230 2548 3499 2618 ejusmodi
3530 2548 3641 2605 fere

2059 2647 2212 2698 sunt.
2239 2639 2520 2696 Christum
2554 2637 2844 2695 Dominum
2878 2639 3173 2709 postremis
3206 2639 3395 2695 mundi
3435 2646 3641 2710 tempo-

383 2730 593 2801 χρόνοις
618 2726 706 2781 διὰ
739 2724 897 2780 τοῦτο
930 2721 1252 2795 ἐληλυθέναι
1280 2722 1374 2776 ἐπὶ
1402 2721 1465 2774 τὸ
1488 2719 1659 2784 πάθος
1689 2719 1958 2789 λέγουσιν,

2066 2736 2216 2791 ribus
2267 2733 2507 2806 patiendi
2558 2730 2733 2804 gratia
2767 2730 3054 2786 advenisse
3097 2730 3324 2797 dicunt,
3377 2730 3551 2785 ultimi
3585 2738 3643 2784 ut

384 2820 450 2874 ἵν’
488 2816 730 2891 ἐπιδείξῃ
749 2817 809 2872 τὸ
829 2816 958 2887 περί
984 2816 1075 2871 τὸν
1102 2812 1464 2886 έσχατονλτῶν
1495 2810 1715 2866 Αἰώνων
1738 2808 1960 2879 γεγονὸς

2066 2827 2260 2884 Illonis
2293 2830 2482 2883 Casum
2513 2839 2578 2881 ac
2606 2824 2971 2880 calamitatem
3003 2822 3338 2884 ostenderet,
3375 2837 3442 2878 ac
3475 2822 3643 2878 totius

387 2909 558 2974 πάθος
579 2948 596 2975 ,
644 2908 739 2962 καὶ
768 2907 835 2962 δι’
871 2905 1036 2961 αύτοῦ
1078 2903 1172 2959 τοῦ
1225 2903 1410 2968 τέλους
1446 2898 1666 2975 ἐμφήνῃ
1714 2900 1777 2954 τὸ
1810 2898 1964 2962 τέλος

2066 2919 2306 2976 Eanum
2358 2916 2563 2988 negotii
2608 2916 2814 2972 exitum
2862 2928 2964 2973 suo
2993 2913 3087 2969 illo
3134 2913 3284 2969 exitu
3317 2913 3642 2969 declararet.

387 3002 486 3073 τῆς
538 2999 666 3071 περὶ
692 3000 816 3062 τοὺς
852 2997 1067 3063 Δίῶνας
1099 2994 1502 3069 πραγματείας.
1543 2994 1654 3062 Τὴν
1702 2992 1760 3047 δὲ
1804 2991 1965 3047 δωδεμ

2066 3009 2273 3067 Deinde
2310 3008 2576 3079 virginem
2625 3006 2772 3060 illam
2826 3003 3244 3075 archisynagogi
3293 3001 3458 3058 ﬁliam
3505 3003 3643 3060 duo-

389 3092 560 3163 καετῆ
593 3090 860 3162 παρθένον
888 3089 1105 3161 ἐκείνην
1128 3088 1224 3159 τὴν
1258 3084 1352 3141 τοῦ
1382 3083 1826 3158 ἀρχισυναγώγου
1872 3082 1965 3137 θυ-

2069 3100 2243 3158 decim
2281 3114 2456 3155 annos
2504 3105 2688 3153 natam
2719 3136 2735 3163 ,
2787 3110 2948 3167 quam
3008 3094 3270 3173 Dominus
3314 3094 3585 3151 accedens
3614 3109 3645 3147 a

391 3154 599 3251 γατέρα
619 3219 635 3243 ,
664 3154 732 3249 ῆν
758 3178 983 3241 ἐπιστὰς
1008 3180 1036 3231 ὁ
1059 3154 1264 3249 Κύριος
1292 3174 1358 3228 ἐκ
1384 3154 1591 3247 νεκρῶν
1618 3154 1808 3246 ἤγειρε
1835 3211 1851 3237 ,
1875 3173 1965 3226 τύ-

2071 3199 2247 3248 morte
2288 3190 2568 3247 revocavit
2605 3190 2627 3221 ²
2652 3229 2667 3256 ,
2703 3186 3058 3243 Achamothis
3091 3163 3379 3257 imaginem
3421 3188 3646 3248 referre,

393 3286 495 3324 πον
518 3265 656 3323 εἶναι
684 3268 994 3340 διηγοῦνται
1030 3269 1125 3339 τῆς
1167 3265 1423 3339 Ἀχαμὼθ
1448 3305 1463 3330 ,
1491 3265 1559 3337 ἢν
1590 3264 1912 3329 ἐπεκταθείς
1942 3266 1973 3318 ό

396 3360 629 3434 Χριστὸς
665 3360 827 3416 αὑτὸν
857 3361 871 3391 ¹
907 3359 1197 3433 ἐμόρφωσε
1219 3398 1233 3424 ,
1262 3359 1357 3412 καὶ
1403 3359 1483 3421 εἰς
1512 3356 1762 3429 αἴσθησιν
1795 3357 1970 3429 ἤγαγε

396 3452 491 3506 τοῦ
519 3438 907 3516 καταλιπόντος
936 3450 1105 3522 αὐτὴν
1138 3450 1333 3522 φωτός.
1364 3449 1484 3504 ’Ότι
1513 3448 1570 3503 δὲ
1598 3450 1736 3521 αὐτῇ
1763 3448 1971 3519 ἐπέφα-

399 3565 489 3604 νεν
517 3550 546 3601 ὁ
561 3546 752 3619 Σωτὴρ
775 3545 932 3612 ἐκτὸς
947 3543 1110 3616 οὔσης
1129 3546 1167 3577 ³⁸
1188 3542 1282 3598 τοῦ
1304 3541 1676 3616 Πληρώματος
1692 3542 1750 3597 ὲν
1770 3541 1975 3615 ἐκτρώ-

402 3657 570 3712 ματος
612 3639 776 3712 μοίρᾳ
799 3679 815 3702 ,
844 3639 936 3693 τὸν
962 3638 1174 3694 Παῦλον
1217 3639 1469 3709 λέγουσιν
1514 3635 1791 3709 εἰρηκέναι
1812 3636 1876 3689 ἐν
1904 3635 1970 3705 τῇ

401 3733 538 3804 πρὸς
568 3731 912 3804 Κορινθίους
964 3733 1271 3801 Ἕσχατον
1300 3732 1370 3785 δὲ
1412 3730 1654 3785 πάντων
1716 3725 1974 3796 ὠσπερεί

398 3822 479 3891 τῷ
505 3823 825 3896 ἐκτρώματι
855 3822 1020 3895 ὤφθη
1069 3823 1264 3894 κάμοί.
1300 3823 1410 3895 Τήν
1441 3839 1501 3875 τε
1548 3819 1688 3893 μετὰ
1714 3819 1822 3874 τῶν
1856 3817 1973 3890 ἡλι-

399 3916 611 3970 κιωτῶν
637 3916 732 3970 τοῦ
757 3912 1009 3988 Σωτῆρος
1053 3914 1354 3986 παρουσίαν
1388 3913 1526 3985 πρὸς
1551 3913 1653 3982 τὴν
1717 3907 1972 3982 Ἀχαμὼθ

396 4006 599 4076 ὁμοίως
628 4005 1073 4078 πεφανερωκέναι
1118 4005 1281 4059 αὐτὸν
1311 4005 1369 4059 ἐν
1399 4007 1466 4076 τῇ
1501 4003 1639 4075 αὐτῇ
1687 4000 1971 4073 Ἐπιστολῇ

399 4099 651 4154 εἰπόντα·
709 4100 803 4152 Δεῖ
852 4098 949 4171 τὴν
983 4100 1216 4169 γυναῖκα
1267 4097 1531 4168 κάλυμμα
1560 4094 1704 4166 ἔχειν
1746 4094 1840 4147 ἐπὶ
1872 4093 1974 4163 τῆς

398 4192 639 4263 κεφαλῆς
669 4190 756 4247 διὰ
803 4193 930 4254 τοὺς
960 4191 1244 4262 ἀγγέλους.
1277 4189 1389 4244 Kal
1437 4189 1520 4243 ὃτι
1543 4227 1559 4251 ,
1602 4188 1831 4259 ἥκοντος
1881 4182 1973 4239 τοῦ

397 4283 649 4355 Σωτῆρος
698 4282 836 4354 πρὸς
861 4282 1061 4352 αὐτὴν,
1112 4283 1178 4338 δι’
1221 4280 1354 4337 αἰδὼ
1385 4280 1649 4352 κάλυμμα
1686 4276 1910 4333 ἐπέθετο
1939 4277 1974 4348 ἠ

409 4376 663 4449 ’Δχαμὼθ
691 4415 707 4442 ,
745 4376 947 4432 Μωσέα
1002 4373 1359 4446 πεποιηκέναι
1396 4371 1627 4445 φανερὸν
1657 4409 1673 4434 ,
1712 4369 1976 4439 κάλυμμα

399 4466 624 4538 θέμενον
656 4463 750 4518 ἐπὶ
786 4463 848 4517 τὺ
902 4463 1192 4536 πρόσωπον
1224 4461 1411 4516 αὐτοῦ.
1462 4460 1575 4515 Καὶ
1610 4459 1680 4513 τὰ
1725 4458 1873 4529 πάθη
1917 4457 1974 4511 δὲ

398 4559 598 4630 αὐτῆς.
628 4557 664 4612 ἃ
689 4556 924 4621 ἔπαθεν,
975 4553 1473 4625 ἐπισεσημειῶσθαι
1505 4553 1596 4607 τὸν
1638 4552 1839 4624 Κύριον
1869 4550 1974 4622 φά-

400 4669 619 4707 σκουσιν
656 4652 714 4705 ἐν
758 4648 838 4720 τῷ
885 4647 1124 4720 σταυρῷ.
1160 4648 1270 4701 Καὶ
1304 4649 1362 4701 ἐν
1411 4646 1508 4718 μὲν
1546 4643 1625 4716 τῷ
1659 4645 1833 4698 εἰπ;ἰν
1858 4682 1874 4709 ,
1918 4643 1980 4696 Ὀ

401 4747 544 4811 Θεός
568 4760 710 4815 μου,
733 4745 822 4808 εἰς
850 4744 907 4797 τί
924 4739 1309 4812 ἐγκατέλιπές
1329 4755 1448 4810 ps;
1484 4737 1854 4810 μεμηνυκέναι
1879 4737 1981 4791 αύ-

398 4836 488 4889 τὸν
511 4875 528 4901 ,
570 4836 653 4889 ὃτι
689 4833 992 4905 ἀπελείφθη
1045 4832 1157 4888 ἀπὸ
1187 4831 1280 4887 τοῦ
1331 4831 1508 4903 φωτὸς
1560 4831 1594 4901 ή
1643 4828 1813 4898 Σοφία
1836 4870 1851 4895 ,
1887 4823 1981 4881 καὶ

401 4928 647 4999 ἐκωλύθη
675 4928 780 4983 ὑπὸ
809 4926 904 4983 τοῦ
939 4930 1104 5000 Ὅρου
1137 4928 1236 4999 τῆς
1265 4928 1346 4990 εἰς
1374 4924 1750 4997 τοῦμπροσθεν
1776 4923 1978 4995 όρμῆςο

401 5022 501 5091 τὴν
535 5021 593 5074 δὲ
618 5019 795 5091 λύπην
824 5020 1016 5092 αὐτῆς,
1037 5021 1094 5073 ἐν
1116 5019 1195 5091 τῷ
1222 5019 1413 5073 εἰπεῖν’
1438 5016 1774 5086 Περίλυπός
1807 5015 1980 5070 ἐστιν

401 5115 440 5182 ἡ
465 5112 638 5182 ψυχή
665 5130 785 5182 μου
818 5111 928 5178 ἕως
953 5110 1214 5167 θανάτου
1233 5127 1246 5142 ·
1277 5109 1369 5163 τὸν
1392 5109 1448 5163 δὲ
1469 5108 1634 5177 φόὸον
1656 5147 1672 5173 ,
1707 5108 1764 5161 ἐν
1793 5105 1873 5176 τῷ
1903 5107 1982 5159 εἰ·

401 5204 524 5257 πεῖν
536 5204 557 5234 ὀ
585 5203 799 5271 Πάτερ,
828 5204 880 5256 εἰ
912 5200 1175 5256 δυνατόν
1196 5239 1212 5266 ,
1242 5193 1579 5269 παρελθέτω
1608 5198 1708 5255 ἀπ’
1737 5196 1884 5267 ἐμοῦ
1913 5197 1980 5252 τὸ

358 5322 367 5327 -
401 5293 715 5364 ποτήριον-ο
746 5295 840 5349 καὶ
863 5295 962 5367 τὴν
990 5293 1225 5364 ἀπορίαν
1252 5294 1310 5347 δὲ
1332 5292 1610 5355 ὡσαύτως,
1631 5292 1688 5344 ἐν
1716 5289 1794 5361 τῷ
1819 5291 1975 5360 εἰρη-

402 5388 556 5442 κέναι
575 5405 589 5418 θ
620 5386 728 5441 Kal
756 5386 812 5440 τι
839 5386 987 5440 εἴπω
1011 5387 1122 5440 οὐκ
1153 5383 1304 5439 οἰδα.
1333 5383 1473 5453 Τρία
1499 5381 1558 5436 δὲ
1589 5382 1721 5452 γένη
1764 5378 1978 5451 ἀνθρώ-

401 5499 520 5536 πων
564 5479 708 5534 οὕτω
754 5477 1046 5548 δεδειχέναι
1093 5475 1434 5530 διδάσκουσιν
1481 5472 1676 5528 αὐτόν’
1734 5472 1827 5526 τὸν
1879 5471 1980 5540 μὲν

402 5569 607 5636 ὑλικὸν,
636 5571 696 5623 ἐν
717 5568 793 5641 τῷ
831 5569 1001 5622 εἰπεῖν
1030 5565 1108 5638 τῷ
1152 5566 1486 5638 ἐρωτήσαντι
1509 5579 1523 5593 ⁸
1566 5563 1981 5629 Ἀκολουθήσω

480 5687 495 5717 ¹
530 5686 669 5740 Iren.
702 5683 902 5738 αὐτῶν.
979 5685 1016 5716 ³⁸
1050 5682 1374 5755 Ἐοινιιούσῃ.

1474 5683 1495 5714 ¹
1529 5680 1659 5739 Luc.
1701 5696 1818 5740 vm.
1850 5680 1921 5752 ,ιι
1950 5695 2070 5752 sqq.
2150 5680 2170 5712 ³
2199 5681 2217 5734 1
2250 5679 2497 5752 Cor._x_v,
2523 5678 2574 5752 8ζ

2070 3297 2233 3354 quam
2271 3279 2576 3338 extendens
2623 3292 2749 3334 sese
2786 3276 3004 3332 illorum
3034 3275 3289 3333 Christus
3316 3275 3522 3333 cﬂinxit
3547 3317 3564 3344 ,
3595 3286 3650 3331 et

2073 3373 2296 3431 luminis
2346 3371 2493 3442 quod
2542 3385 2663 3427 eam
2698 3368 3024 3425 destituerat
3073 3383 3297 3425 sensum
3333 3367 3548 3423 indidit.
3585 3367 3652 3421 Et

2071 3462 2331 3539 quoniam
2365 3465 2494 3521 huic
2523 3462 2703 3520 adhuc
2749 3467 2904 3518 extra
2955 3458 3203 3516 Pleroma
3237 3460 3430 3531 positae
3452 3500 3468 3525 ,
3500 3459 3652 3516 velut

2072 3559 2321 3616 abortivo
2349 3558 2589 3623 cuidam,
2623 3554 2877 3611 Salvator
2903 3554 3177 3627 apparuit,
3204 3552 3435 3609 Paulum
3459 3560 3653 3623 putant

2073 3646 2141 3701 ad
2171 3645 2488 3702 Corinthios
2522 3643 2853 3701 scribentem
2879 3643 2992 3698 haec
3029 3655 3367 3712 usurpasse:
3411 3639 3656 3696 Novissi-

2075 3754 2155 3793 me
2186 3746 2364 3794 autem
2394 3738 2632 3793 omnium
2658 3734 2796 3790 velut
2830 3734 3066 3816 abortivo
3100 3734 3242 3789 visus
3268 3742 3345 3789 est
3372 3743 3422 3788 et
3448 3733 3579 3787 mihi
3608 3734 3652 3789 ³.

2076 3831 2182 3887 Sed
2211 3838 2267 3888 et
2295 3830 2485 3887 eadem
2504 3830 2562 3885 in
2590 3827 2832 3900 Epistola
2863 3827 3163 3884 Salvatoris
3194 3840 3318 3880 cum
3350 3828 3655 3896 aequalibus

2074 3921 2193 3978 suis
2220 3921 2290 3976 ad
2341 3919 2735 3975 Achatnothem
2775 3932 3058 3975 accessum
3103 3915 3481 3987 signiﬁcasse,
3528 3932 3652 3971 cum

2074 4012 2248 4070 dixit:
2279 4009 2505 4083 Oportet
2533 4009 2816 4066 mulierem
2854 4009 3032 4066 velato
3053 4021 3176 4063 esse
3200 4007 3399 4077 capite,
3430 4015 3655 4078 propter

2075 4103 2297 4176 angelos
2320 4101 2367 4155 ⁸.
2417 4099 2670 4158 Eamdem
2727 4094 2872 4153 illam
2913 4099 3305 4155 Achamotbem
3347 4097 3413 4153 ad
3452 4100 3657 4152 adven-

2075 4201 2191 4250 tum
2231 4190 2530 4248 Salvatoris
2582 4190 2790 4262 pudore
2831 4188 3079 4246 affectam
3117 4189 3237 4244 velo
3271 4197 3438 4260 caput
3480 4187 3657 4244 obdu-

2076 4285 2251 4348 xisse,
2284 4280 2617 4336 declaratum
2649 4294 2680 4333 a
2708 4277 2858 4335 Mose
2880 4318 2895 4343 ,
2923 4293 3047 4334 cum
3080 4276 3271 4333 faciem
3302 4277 3580 4348 obtegeret
3607 4278 3653 4331 ⁵.

2075 4371 2212 4428 Nam
2245 4373 2368 4429 illas
2395 4387 2532 4443 quas
2575 4380 2660 4428 est
2700 4385 2961 4442 perpessa
2999 4371 3340 4426 calamitates
3377 4370 3657 4441 animique

2078 4466 2473 4522 commotiones
2528 4463 2820 4520 Dominum
2877 4461 3060 4519 ferunt
3097 4463 3152 4517 in
3201 4477 3365 4519 cruce
3428 4462 3656 4518 demon-

2077 4564 2305 4614 strasse.
2348 4554 2510 4611 Velut
2545 4569 2670 4611 cum
2710 4554 2880 4608 dixit:
2917 4553 3055 4609 Deus
3087 4569 3253 4618 meus,
3288 4571 3451 4625 quare
3467 4553 3657 4608 dereli-

2076 4649 2235 4720 quisti
2266 4663 2348 4702 me
2382 4647 2441 4701 6?
2473 4645 2784 4702 ostendisse
2827 4642 3159 4714 Sapientiam
3183 4660 3213 4699 a
3251 4645 3457 4699 lumine
3485 4645 3658 4700 desti-

2079 4748 2285 4802 tutam,
2315 4743 2370 4793 et
2403 4736 2472 4791 ab
2511 4735 2656 4790 ﬂoro
2702 4750 2772 4791 ne
2815 4735 2955 4790 ultra
2996 4743 3246 4807 pergeret
3301 4735 3653 4806 prohibitam.

2081 4830 2335 4900 Ejusdem
2368 4841 2498 4882 vero
2523 4827 2765 4882 dolorem
2799 4840 2923 4881 cum
2959 4825 3129 4881 dixit:
3162 4827 3350 4882 Tristis
3371 4836 3448 4881 est
3474 4828 3659 4881 anima

2074 4938 2193 4977 mea
2230 4935 2392 4990 usque
2419 4918 2489 4973 ad
2527 4928 2747 4972 mortem
2776 4917 2796 4948 "
2824 4934 2839 4984 ;
2888 4917 3161 4981 timorem,
3191 4932 3314 4973 cum
3344 4917 3419 4971 ita
3440 4916 3656 4972 Patrem

2077 5013 2345 5067 allocutus
2371 5017 2496 5065 est:
2533 5008 2718 5073 Pater,
2737 5010 2784 5064 si
2819 5007 3067 5078 possibile
3094 5017 3206 5074 est,
3239 5016 3474 5063 transeat
3512 5026 3546 5063 a
3578 5025 3659 5063 me

2077 5103 2221 5158 catis:
2268 5102 2376 5156 iste
2418 5099 2463 5155 ⁸.
2513 5098 2593 5154 lta
2639 5099 2857 5155 consilii
2906 5098 3144 5168 inopiam
3192 5098 3280 5155 his
3329 5098 3549 5155 verbis:
3589 5098 3659 5153 Et

2078 5191 2203 5264 quid
2232 5191 2413 5253 dicam
2441 5190 2636 5246 nescia.
2674 5189 2830 5256 Quod
2866 5188 2934 5243 ad
2971 5188 3077 5244 tria
3127 5196 3338 5261 spectat
3373 5189 3659 5245 hominum

2081 5300 2310 5357 genera,
2349 5284 2431 5341 sic
2479 5283 2634 5338 illum
2688 5282 2960 5337 indicasse
2995 5281 3369 5349 contendunt;
3418 5281 3663 5338 materia:

2081 5376 2301 5453 quidem
2334 5375 2576 5443 aﬂixum,
2604 5389 2727 5431 cum
2753 5375 3147 5445 interroganti:
3189 5373 3332 5429 Num
3355 5383 3403 5428 te
3429 5375 3662 5444 sequar!

2083 5470 2416 5541 respondit:
2481 5467 2605 5525 Non
2655 5467 2809 5523 habet
2859 5467 3037 5524 Filius
3076 5468 3303 5523 hominis
3355 5467 3445 5521 ubi
3502 5477 3663 5534 caput

2087 5563 2300 5616 reclinet
2333 5563 2395 5629 ';
2436 5560 2726 5615 animalem
2758 5567 2938 5616 autem
2962 5600 2977 5626 ,
3018 5576 3142 5615 cum
3190 5558 3242 5615 ei
3292 5558 3383 5621 qui
3416 5557 3661 5614 dixerat:

2682 5678 2741 5731 *Ι
2775 5678 2903 5733 Cor.
2938 5693 3016 5745 x1,
3052 5678 3137 5734 10.
3213 5679 3233 5709 ⁸
3269 5676 3440 5733 Exod.
3476 5689 3665 5743 xxxtv,

406 5756 498 5813 29.
571 5758 594 5788 ⁵
625 5755 815 5815 Matth.
840 5770 1007 5821 xxvu,
1039 5755 1142 5819 4:6;
1198 5741 1364 5809 Mat-6'.
1395 5767 1487 5818 xv,
1516 5752 1605 5809 3.5.
1690 5753 1719 5819 ,⁷
1754 5744 1949 5807 Matth.

2066 5768 2135 5813 τι,
2160 5752 2247 5808 58.
2321 5749 2345 5782 ⁸
2377 5750 2512 5806 ibid.
2549 5749 2636 5805 59.
2713 5751 2734 5781 ’
2761 5748 2895 5807 Luc.
2927 5741 3013 5815 lx;
3047 5751 3135 5816 57,
3162 5749 3252 5807 58.

728 5851 996 5911 Parnm.
1034 5848 1149 5907 Ga.
1188 5850 1351 5912 XLI.

3312 5845 3382 5904 Π
