4018 6108
435 272 540 336 593

1843 273 1904 329 S.
1944 275 2287 332 EPIPHANII

3596 291 3708 349 59.4

433 411 637 480 Sequar
654 419 731 465 te:
747 408 836 464 sed
847 408 1088 477 permitte
1107 406 1233 460 mihi
1254 408 1400 476 prius
1425 415 1482 461 ut
1501 410 1791 464 renuntiem
1815 411 1879 465 iis
1897 428 2010 482 qua:

2120 413 2218 452 σοι
2238 413 2328 462 ;-
2351 399 2470 453 Οὐκ
2496 401 2617 470 ἔχει
2653 403 2686 457 ὁ
2713 402 2838 469 Πὸ(
2871 402 2973 458 τοῦ
2995 403 3311 473 ἀνθρώπου
3332 404 3452 460 ποῦ
3481 404 3594 476 τὴν
3607 423 3706 462 κε-

430 502 486 554 in
514 502 671 556 domo
695 517 808 554 mea
829 510 950 553 sunt
975 502 989 532 ⁸
1013 501 1113 565 ;ita
1127 500 1342 554 loculus
1357 507 1441 555 est
1459 520 1472 555 :
1490 499 1657 555 Nemo
1675 503 1880 557 mittens
1899 521 2015 557 ma-

429 607 552 645 num
569 591 636 644 ad
647 600 906 654 aratrum,
921 591 1239 660 etaspiciens
1256 599 1411 657 retro,
1427 601 1578 659 aptus
1592 602 1668 646 est
1687 610 1839 664 regno
1859 594 1950 648 Dei
1965 597 2009 650 '.

429 681 586 736 llunc
610 682 753 736 enim
778 683 969 738 media:
989 681 1321 737 conditionis
1347 697 1469 737 esse
1498 684 1708 738 dicunt.
1741 686 1898 757 195
1923 686 2013 741 Si-

431 771 634 827 militer
655 787 779 826 eum
799 773 890 842 qui
919 788 978 826 se
999 773 1284 844 plerasque
1309 771 1537 842 iustitiae
1556 783 1738 844 partes
1761 777 2014 846 implesse

429 862 666 928 dixerat,
687 863 784 918 sed
814 864 968 934 sequi
1000 863 1272 926 noluerat,
1307 870 1361 916 et
1393 877 1504 932 quo
1531 864 1711 919 minus
1743 866 2015 932 perfectus

431 967 554 1008 esse
591 954 784 1019 vellet,
820 953 1133 1007 divitiarum
1182 953 1478 1022 cupiditate
1514 953 1689 1009 fuerat
1725 956 2011 1022 infractus,

434 1043 580 1098 hunc
603 1044 781 1115 ipsum
802 1061 868 1100 ex
896 1043 1114 1098 animali
1145 1058 1340 1115 genere
1365 1043 1535 1100 fuisse
1556 1047 1766 1101 volunt.
1785 1045 2014 1117 Spirita-

437 1142 538 1194 lem
556 1138 772 1194 demum
794 1155 859 1193 eo
875 1140 1020 1194 dicto
1041 1138 1493 1208 comprehensum
1511 1157 1525 1192 :
1540 1138 1667 1194 Sine
1684 1149 1916 1194 mortuos
1935 1155 2016 1194 se-

433 1231 594 1297 pelire
625 1239 859 1284 mortuos
888 1246 1012 1284 suos
1037 1245 1054 1292 ,'
1080 1238 1136 1282 tu
1166 1237 1340 1282 autem
1353 1228 1530 1284 abiens
1551 1229 1782 1298 prwdica
1802 1246 2014 1300 regnum

437 1321 534 1375 Dei
548 1323 587 1386 ³;
611 1323 736 1377 item
755 1338 876 1376 cum
891 1321 1148 1376 Zacchrco
1164 1323 1453 1390 publicano
1465 1320 1910 1377 dixitzFestinans
1931 1322 2017 1376 de-

435 1413 657 1478 scende,
701 1414 826 1483 quia
864 1413 1016 1468 hodie
1056 1414 1110 1467 in
1160 1414 1317 1469 dumo
1373 1425 1467 1468 tua
1519 1424 1718 1484 oportet
1769 1432 1849 1470 me
1895 1432 2015 1469 ma-

435 1522 556 1560 nere
591 1507 632 1560 ’⁸.
671 1505 812 1560 Istos
861 1506 1004 1560 enim
1051 1520 1240 1561 omnes
1285 1521 1316 1560 e
1355 1507 1583 1575 spiritali
1613 1522 1811 1577 genere
1847 1509 2018 1562 exsti-

433 1597 568 1653 tisse
595 1604 842 1652 narrant.
862 1595 1001 1661 Quin
1032 1597 1195 1650 etiam
1226 1595 1474 1650 fermenti
1503 1597 1842 1666 parabolam,
1869 1598 2016 1667 quod

435 1687 791 1742 abscondisse
843 1687 1035 1742 mulier
1062 1688 1112 1740 in
1146 1686 1338 1742 farina:
1369 1688 1503 1742 satis
1549 1689 1723 1744 tribus
1762 1689 2013 1760 legitur',

2121 493 2326 561 φαλὴν
2362 493 2596 550 κλῖναι·
2632 497 2692 550 τὸ
2727 497 2783 551 δὲ
2805 497 3054 568 ψυχικὸν,
3094 500 3152 552 ὲν
3183 499 3261 570 τῷ
3305 499 3584 571 εἰρηκέναι
3622 500 3707 571 τῷ

2121 587 2346 652 εἰπόντι,
2380 587 2791 658 Ἀκολουθήσω
2815 607 2916 646 σοι
2935 610 2948 624 ·
2980 592 3306 661 ἐπίτρεψον
3326 592 3394 646 δέ
3413 611 3513 662 μοι
3544 593 3705 662 πρῶ-

2121 693 2228 730 τον
2262 677 2674 743 ἀποτάξασθαι
2703 680 2827 747 τοῖς
2859 681 2928 734 ἐν
2947 679 3027 746 τῷ
3049 683 3191 746 οἵκφ
3206 700 3326 752 μου
3351 699 3366 712 ·
3391 712 3464 724 —
3489 685 3705 750 Οὐδεὶς

2121 767 2213 820 ἐπ’
2243 766 2494 838 ἄροτρον
2528 769 2643 837 τὴν
2675 763 2842 841 χεῖρα
2872 771 3191 837 ἐπιϐαλὼν,
3226 773 3320 826 καὶ
3349 775 3436 840 εις
3467 774 3541 828 τὰ
3573 776 3704 827 ὀπί-

2121 873 2209 911 σω
2241 859 2527 925 βλέπων,
2563 863 2804 927 εὐθετός
2839 864 3014 916 ἐστιν
3058 863 3130 916 ἐν
3165 862 3238 931 τῇ
3267 865 3558 935 ,ϐασιλείᾳ
3584 865 3705 920 τῶν

2121 952 2412 1018 οὐρανῶν.
2443 952 2644 1006 Τοῦτον
2674 954 2782 1025 γὰρ
2823 955 3040 1023 λέγουσι
3072 956 3162 1010 τὸν
3194 956 3358 1024 μέσον
3393 953 3552 1013 εἶναι.
3581 961 3705 1013 Κά-

2121 1045 2298 1095 κεῖνον
2346 1043 2402 1097 δὲ
2457 1043 2718 1108 ὡσαύτως
2771 1045 2862 1100 τὸν
2917 1046 2987 1100 τὰ
3038 1047 3263 1101 πλεῖστα
3315 1049 3455 1121 μέρη
3493 1050 3591 1121 τῆς
3622 1051 3706 1104 δι-

2123 1131 2414 1204 καιοσύνης
2444 1133 2852 1207 ὁμολογήσαντα
2884 1139 3264 1208 πεποιηκέναι,
3292 1139 3481 1193 ἔπειτα
3512 1143 3586 1212 μὴ
3613 1141 3706 1194 θε-

2121 1223 2361 1294 λήσαντα
2385 1225 2764 1297 ἀκολουθῆσαι,
2799 1227 2934 1281 ἀλλά
2960 1230 3065 1282 ὑπὸ
3102 1231 3334 1285 πλούτου
3375 1235 3700 1305 ἡττηθέντα,

2121 1315 2259 1385 πρὸς
2285 1314 2347 1367 τὸ
2392 1315 2468 1388 μὴ
2505 1317 2706 1372 τέλειον
2737 1319 2988 1388 γενέσθαι
3016 1360 3034 1386 ,
3073 1324 3166 1375 καὶ
3203 1325 3390 1377 τοῦτον
3419 1326 3512 1378 τοῦ
3541 1327 3704 1398 ψυχι-

2122 1405 2220 1460 κοῦ
2249 1409 2437 1476 γένους
2465 1411 2742 1478 γεγονέναι
2775 1410 3006 1469 θέλουσι.
3033 1414 3106 1468 Τὸ
3140 1415 3196 1468 δὲ
3219 1419 3603 1487 πνευματικὸν,
3642 1421 3705 1474 ἐν

2121 1498 2199 1568 τῷ
2238 1501 2444 1553 ειπεῖν·
2483 1503 2656 1570 Ἄφες
2691 1503 2832 1569 τοὺς
2873 1506 3122 1574 νεκροὺς
3158 1506 3342 1576 θάψαι
3381 1509 3522 1574 τοὺς
3560 1510 3701 1564 ἐαυ-

2121 1587 2243 1642 τῶν
2291 1592 2574 1659 νεκρούς*
2619 1593 2701 1647 σὺ
2757 1593 2826 1647 δὲ
2870 1597 3180 1664 πορευθεὶς
3227 1597 3543 1668 διάγγελλε
3584 1603 3704 1669 τὴν

2118 1681 2448 1744 βασιλειαν
2481 1683 2586 1736 τοῦ
2619 1685 2765 1739 Θεοῦ
2787 1702 2800 1717 ο
2842 1688 2936 1739 καὶ⁵
2976 1687 3068 1740 ἐπὶ
3106 1690 3377 1758 Ζακχαιου
3405 1691 3498 1743 τοῦ
3530 1691 3703 1744 τελώ-

437 1777 630 1846 triplex
683 1777 814 1830 illud
873 1792 1044 1845 genus
1098 1776 1360 1831 indicare.
1415 1776 1695 1848 Siquidem
1738 1780 2010 1835 mulierem

2120 1787 2211 1822 νου
2256 1771 2460 1827 εἰπών·
2491 1775 2772 1840 Σπεύσας
2814 1773 3098 1842 κατάϐηθι
3122 1815 3137 1840 ,
3189 1776 3278 1830 ὅτι
3333 1777 3598 1848 σήμερον
3629 1779 3704 1832 ἐν

437 1873 595 1928 istam
621 1871 993 1940 Sapientiam;
1028 1873 1214 1927 farinae
1255 1882 1370 1929 sata
1396 1913 1410 1939 ,
1452 1875 1554 1929 tria
1587 1875 1863 1931 hominum
1895 1893 2010 1933 esse

2121 1863 2201 1931 τῷ
2232 1868 2377 1930 οἴκῳ
2415 1882 2532 1921 σου
2573 1867 2669 1921 δεῖ
2691 1885 2767 1937 με
2790 1868 2990 1936 μεῖναι
3012 1887 3026 1900 ·
3061 1870 3286 1935 τούτους
3315 1872 3424 1942 γάρ
3452 1889 3699 1943 πνευμα-

436 1976 635 2031 genera
666 2001 679 2026 ,
738 1962 984 2031 spiritale
1010 2002 1024 2026 ,
1087 1963 1317 2019 animale
1341 2005 1356 2030 ,
1409 1971 1703 2019 terrenum.
1739 1964 2010 2020 Fermenti

2122 1955 2276 2009 τικοῦ
2315 1957 2501 2026 γένους
2534 1958 2959 2026 καταγγέλλουσι
2986 1960 3285 2028 γεγονέναι.
3331 1961 3432 2014 Καὶ
3470 1961 3566 2031 τὴν
3598 1963 3702 2032 τῆς

435 2070 601 2126 porro
661 2054 882 2110 nomine
954 2053 1295 2111 Salvatorem
1349 2056 1527 2127 ipsum
1589 2057 1868 2127 appellari.
1925 2057 2018 2113 Sic

434 2147 596 2201 etiam
630 2155 905 2212 terrenos,
940 2146 1206 2203 animales
1238 2162 1302 2202 ac
1345 2147 1618 2218 Spiritales
1645 2163 1675 2202 a
1706 2148 1874 2203 Paulo
1920 2149 2018 2204 ho-

435 2238 612 2292 mines
665 2253 789 2293 esse
845 2245 1338 2304 commemoratos,
1395 2239 1592 2308 partim
1655 2239 1739 2294 his
1789 2241 2011 2296 verbis:

436 2329 626 2395 Qualis
675 2340 945 2392 terrenus,
991 2328 1120 2382 tales
1180 2339 1229 2382 et
1276 2332 1467 2383 terreni
1501 2331 1573 2393 ',°
1622 2331 1818 2400 partim
1855 2331 2010 2388 istis:

437 2418 699 2472 Animalis
730 2419 883 2472 homo
914 2434 1015 2470 non
1058 2419 1275 2486 percipit
1304 2435 1366 2472 ea
1404 2435 1519 2488 quae
1545 2430 1665 2474 sunt
1699 2422 1917 2490 spiritus
1947 2423 1967 2452 ⁷
1998 2440 2013 2488 ;

432 2509 630 2578 partim
661 2507 1037 2578 denique_cum
1063 2508 1175 2563 ait:
1202 2507 1477 2578 Spiritatis
1503 2510 1678 2564 omnia
1699 2511 2015 2580 dijudicat'.

438 2601 514 2655 Ex
550 2601 752 2670 quibus
780 2602 1014 2670 primum
1046 2600 1204 2665 illud,
1255 2601 1517 2656 Animalis
1570 2621 1671 2658 non
1700 2607 1915 2674 percipit
1955 2624 2017 2662 ea

435 2707 554 2760 qua
609 2700 731 2746 sunt
778 2692 1034 2760 spiritus,
1107 2692 1173 2746 ad
1232 2691 1579 2750 Conditorem
1624 2704 1814 2766 putant
1852 2700 2018 2768 perti-

437 2799 596 2839 nere:
631 2784 722 2854 qui
752 2799 875 2838 cum
907 2783 978 2838 sit
1023 2784 1274 2839 animalis
1301 2825 1316 2848 ,
1350 2801 1526 2855 neque
1561 2786 1783 2842 Matrem
1833 2796 2018 2858 utpote

436 2874 734 2945 spiritalem
774 2873 1096 2943 cognoscit,
1148 2889 1324 2944 neque
1377 2877 1601 2946 stirpem
1659 2877 1830 2947 ipsius
1859 2918 1874 2944 ,
1915 2894 2017 2934 nec

433 2965 638 3022 xEones
662 2965 806 3031 illos,
851 2963 1274 3033 quiPleromate
1305 2968 1671 3021 continentur.
1717 2967 1871 3034 Quod
1921 2984 2017 3024 au-

434 3069 544 3114 tem
584 3074 805 3122 eorum,
839 3057 1038 3128 quibus
1065 3059 1294 3113 salutem
1330 3067 1448 3114 erat
1491 3061 1752 3117 allaturus
1776 3103 1790 3128 ,
1827 3064 2017 3132 primi-

2126 2044 2304 2116 ζύμης
2337 2047 2680 2120 παραϐολὴν,
2715 2049 2782 2118 ἢν
2810 2051 2842 2119 ἡ
2878 2050 3012 2119 γυνὴ
3048 2051 3444 2121 ὲγκεκρυφὲναι
3479 2051 3702 2119 λέγεται

2126 2141 2205 2202 εἰς
2235 2139 2462 2213 ἀλεύρου
2495 2141 2628 2194 σάτα
2658 2142 2804 2212 τρία,
2830 2140 2900 2193 τά
2924 2140 3048 2212 τρία
3075 2141 3205 2212 γένη
3235 2140 3427 2211 δηλοῦν
3455 2141 3700 2210 λέγουσι.

2125 2232 2364 2286 Γυναῖκα
2400 2231 2498 2302 μὲν
2527 2232 2635 2304 γὰρ
2664 2233 2762 2303 τὴν
2807 2233 3004 2301 Σοφίαν
3031 2231 3283 2300 λέγεσθαι
3315 2233 3653 2289 διδάσκουσιν
3683 2253 3698 2268 ο

2125 2323 2353 2395 ἀλεύρου
2388 2324 2544 2387 σάτα,
2571 2324 2638 2376 τά
2660 2323 2786 2394 τρία
2814 2325 2947 2394 γένη
2965 2325 3073 2377 τῶν
3095 2324 3417 2396 ἀνθρώπων⁹
3455 2343 3702 2398 πνευμα-

2121 2416 2291 2478 τικὸν,
2317 2414 2564 2485 ψυχικὸν,
2600 2415 2799 2484 χοῖκόν.
2841 2414 3026 2485 Ζύμην
3058 2415 3112 2468 δὲ
3147 2415 3307 2470 αὑτὸν
3333 2415 3424 2468 τὸν
3470 2417 3702 2486 Σωτῆρα

2124 2505 2374 2575 εἰρῆσθαι
2404 2504 2752 2558 διδάσκουσι·
2793 2505 2886 2559 καὶ
2915 2505 3006 2559 τὸν
3049 2505 3259 2559 Παῦλον
3288 2506 3580 2578 διαρρήδην
3624 2509 3701 2562 εἰ·

2126 2596 2351 2668 ρηκέναι
2403 2597 2620 2667 χοῖκοὺς
2649 2636 2664 2661 ,
2721 2597 3027 2667 ψυχικοῦς,
3081 2598 3512 2669 πνευματικούς·
3565 2599 3701 2654 ὅπου

2127 2687 2247 2756 μὲν,
2279 2680 2415 2752 Οἶος
2442 2689 2475 2740 ό
2509 2686 2714 2756 χοῖκὸς
2739 2726 2754 2748 ,
2789 2685 3045 2740 τοιοῦτοι
3079 2687 3178 2740 καὶ
3205 2689 3259 2740 οἱ
3289 2689 3482 2755 χοϊκοί
3504 2707 3518 2718 ·
3564 2690 3700 2742 ὅπου

2121 2778 2200 2841 δὲ,
2229 2777 2491 2847 Ψυχικὸς
2519 2778 2586 2830 δὲ
2610 2777 2919 2846 ἄνθρωπος
2944 2781 3015 2832 οὐ
3041 2777 3274 2848 δέχεται
3295 2779 3365 2831 τὰ
3387 2777 3494 2832 τοῦ
3521 2781 3697 2833 πνεύ-

2116 2883 2335 2938 ματος·
2370 2869 2503 2922 ὅπου
2551 2867 2608 2922 δὲ
2632 2908 2647 2933 ,
2696 2869 3101 2938 Πνευμιιτικός
3136 2870 3440 2939 ἀνακρίνει
3478 2871 3696 2924 πάντα.

2122 2961 2196 3014 Τὸ
2225 2961 2313 3028 δὲ,
2369 2961 2636 3029 Ψυχικὸς
2666 2961 2736 3015 οὐ
2784 2959 3019 3031 δέχεται
3063 2961 3135 3016 τὰ
3181 2961 3288 3016 τοῦ
3336 2962 3699 3031 πνεύματος,

2121 3051 2214 3104 ἐπὶ
2251 3050 2344 3105 τοῦ
2369 3051 2712 3124 Δημιουργοῦ
2749 3068 2909 3121 φασιν
2947 3051 3196 3124 εἰρῆσθαι
3221 3067 3235 3083 ·
3265 3053 3325 3106 δν
3354 3052 3587 3123 ψυχικὸν
3611 3053 3694 3106 δν-

433 3154 542 3205 tias
575 3148 827 3204 Salvator
875 3149 1211 3219 susceperit,
1243 3150 1313 3203 ob
1353 3149 1406 3204 id
1455 3154 1838 3221 pronuntiasse
1877 3153 2010 3209 Pau-

2121 3163 2188 3200 τα
2230 3149 2304 3218 μὴ
2333 3146 2632 3215 ἐγνωκέναι
2667 3145 2803 3216 μήτε
2835 3143 2933 3216 τὴν
2951 3145 3178 3216 Μητέρα
3204 3145 3576 3217 πνευματικὴν
3608 3141 3698 3200 οὗ-

438 3243 572 3304 lum,
621 3239 691 3293 Et
715 3242 760 3294 si
787 3240 1036 3309 primitiis
1064 3250 1280 3305 sanctas,
1309 3250 1359 3295 et
1407 3258 1584 3297 massa
1614 3244 1634 3276 ’
1661 3261 1678 3310 ;
1713 3244 1802 3299 ubi
1829 3246 2018 3316 primi-

435 3331 541 3384 tias
588 3330 654 3383 ad
705 3330 759 3384 id
797 3329 942 3399 quod
971 3338 1055 3384 est
1087 3331 1332 3400 spiritale
1365 3331 1642 3388 referunt:
1676 3350 1911 3390 massam
1946 3338 2014 3393 ad

437 3436 536 3476 nos
565 3460 580 3485 ,
609 3421 714 3474 hoc
757 3433 848 3484 est
885 3421 1171 3474 animalem
1207 3420 1505 3477 Ecclesium
1533 3440 1548 3489 ;
1581 3425 1740 3495 cujus
1774 3443 2010 3482 massam

437 3514 618 3567 abillo
658 3521 967 3583 susceptam
993 3555 1007 3579 ,
1043 3514 1095 3568 in
1128 3515 1326 3584 illoque
1355 3523 1687 3572 contractam
1713 3559 1728 3586 ,
1767 3522 2013 3591 quando-

436 3605 655 3676 quidem
685 3613 802 3659 erat
829 3605 944 3676 ipse
971 3605 1316 3661 fermentum.

2123 3256 2240 3305 σαν,
2283 3239 2420 3311 μήτε
2454 3237 2515 3291 τὸ
2548 3238 2769 3308 σπέρμα
2800 3237 2967 3308 αὐτῆς
2987 3277 3000 3301 ,
3031 3238 3170 3308 μήτε
3209 3238 3336 3302 τοὺς
3363 3240 3419 3291 ὲν
3445 3239 3522 3310 τῷ
3548 3241 3696 3311 Πλη-

2122 3331 2332 3403 ρώματι
2358 3331 2586 3394 Αἰῶνας.
2621 3331 2743 3384 Ὀτι
2777 3327 2898 3382 ἰδὼν
2930 3329 2974 3360 ⁸⁸
2993 3328 3191 3400 ἧμελλε
3224 3329 3416 3394 σώζειν
3440 3332 3468 3383 ὁ
3506 3329 3695 3402 Σωτὴρ

2113 3423 2319 3477 τούτων
2350 3423 2450 3486 τὰς
2483 3422 2733 3494 ἀπαρχὰς
2759 3420 3004 3484 ἀνέλαϐε,
3027 3419 3120 3474 τὸν
3149 3420 3358 3475 Παῦλον
3385 3423 3694 3492 εἰρηκέναι·

2118 3517 2230 3572 Καὶ
2258 3515 2337 3584 ἢν
2361 3515 2399 3583 ἢ
2428 3515 2669 3584 ἀπαρχὴ
2703 3514 2841 3582 ἁγία
2860 3552 2874 3575 ,
2904 3512 3002 3566 καὶ
3035 3512 3101 3566 τὸ
3133 3513 3374 3582 φύραμα
3396 3532 3410 3547 ο
3444 3514 3695 3585 ἀπαρχὴν

2121 3611 2221 3681 μὲν
2260 3608 2320 3661 τὸ
2351 3605 2717 3677 πνευματικὸν
2763 3603 3011 3676 εἰρῆσθαι
3051 3603 3422 3670 διδάσκοντες,
3465 3605 3697 3678 φύραμα

432 3696 489 3750 δὲ
519 3697 697 3767 ἡμᾶς,
742 3697 982 3748 τουτέστι
1022 3697 1119 3767 τὴν
1186 3695 1422 3768 ψυχικὴν
1461 3698 1784 3772 Ἐκκλησίαν
1813 3743 1828 3770 ,
1878 3699 1946 3776 ἧς
1987 3704 2048 3758 τὸ
2124 3703 2350 3774 φύραμα
2383 3696 2726 3767 ἀνειληφέναι
2767 3694 3005 3764 λέγουσιι
3055 3693 3247 3760 αὐτὸν,
3297 3696 3392 3748 καὶ
3441 3696 3500 3748 ὲν
3546 3697 3696 3766 αύτῷ

435 3791 851 3846 συνεσταλκέναι
872 3833 885 3854 ,
919 3791 1105 3861 ἐπειδὴ
1138 3786 1206 3863 ἦν
1237 3793 1397 3857 αὐτὸς
1419 3792 1584 3867 ζύμη.

501 3882 692 3937 XXVI.
723 3883 798 3936 De
834 3883 1169 3937 Achamothe
1199 3897 1383 3952 porro,
1428 3902 1548 3940 eam
1579 3896 1731 3944 extra
1760 3888 2010 3946 Pleroma

434 3979 775 4033 aberrantem
806 3991 836 4029 a
861 3975 1083 4030 Christo
1116 3973 1284 4030 fuisse
1307 3974 1615 4043 formatam,
1643 3988 1696 4035 et
1724 3982 1792 4036 ab
1819 3981 2010 4037 eodem

433 4071 736 4140 quaesitam,
775 4067 1066 4136 ipsummet
1093 4066 1420 4134 ostendisse,
1453 4083 1576 4122 cum
1607 4070 1764 4133 dixit.
1796 4070 2014 4126 venisse

434 4174 493 4212 se
515 4157 582 4210 ad
627 4171 782 4210 ovem
825 4171 946 4224 quae
990 4167 1267 4208 erraverat
1292 4156 1361 4208 ‘°.
1397 4155 1528 4211 Esse
1550 4159 1694 4212 enim
1733 4168 2006 4215 errantem

433 4262 588 4300 ovem
641 4245 865 4300 Matrem
911 4245 1057 4297 illam
1109 4258 1262 4298 suam
1304 4245 1768 4316 interpretantur,
1824 4266 1855 4306 a
1901 4267 2008 4321 qua

433 4346 621 4392 nostra
652 4336 768 4390 haec
801 4333 1042 4388 Ecclesia
1074 4335 1284 4389 consita
1337 4335 1520 4391 fuerit.
1574 4337 1826 4395 Errorem
1856 4359 2003 4409 vero,

434 4425 582 4480 illius
608 4425 749 4478 inter
771 4421 1208 4492 perturbationes
1233 4424 1380 4492 ipsas
1403 4434 1556 4480 extra
1584 4425 1832 4484 Pleroma
1861 4446 2006 4486 com-

2182 3886 2327 3952 κεῖν.
2368 3881 2476 3936 Καὶ
2509 3882 2588 3934 ὅτι
2647 3877 2923 3950 ἐπλανήθη
2979 3879 3014 3948 ἡ
3073 3877 3327 3948 ’Δχαμὼθ
3384 3879 3540 3942 ἐκτὸς
3597 3882 3692 3935 τοῦ

2113 3976 2515 4050 Πληρὼματος,
2547 3974 2643 4026 καὶ
2685 3970 2978 4042 ὲμορερὼθη
3018 3969 3122 4022 ὑπὸ
3163 3969 3256 4023 τοῦ
3288 3971 3523 4042 Χριστοῦ
3548 4013 3563 4036 ,
3599 3975 3692 4028 καὶ

2112 4067 2417 4140 ἀνεζητήθη
2450 4061 2571 4119 ὑπὸ
2593 4062 2687 4117 τοῦ
2732 4063 3012 4132 Σωτῆρος,
3048 4061 3270 4132 μηνύειν
3299 4063 3467 4116 αὑτὸν
3501 4063 3687 4133 λέγου-

2113 4175 2196 4210 σιν
2229 4159 2286 4209 ὲν
2314 4154 2393 4226 τῷ
2431 4156 2606 4208 εἰπεῖν
2639 4150 2798 4204 αὐτὸν
2826 4150 3142 4221 ἐληλυθέναι
3183 4150 3277 4202 ἐπὶ
3317 4151 3380 4204 τὸ
3409 4153 3687 4229 πεπλανη-

2117 4247 2276 4317 μένον
2309 4245 2373 4299 ¹⁸.
2401 4244 2676 4314 Πρόϐατον
2716 4243 2815 4313 μὲν
2842 4241 2951 4311 γὰρ
2992 4241 3403 4312 πεπλανημένον
3435 4243 3534 4315 τὴν
3563 4247 3683 4318 Mr}-

2111 4339 2245 4409 τέρα
2276 4336 2453 4392 αὐτῶν
2495 4333 2815 4404 ἐξηγοῦνται
2841 4330 3123 4398 λέγεσθαι,
3161 4333 3218 4398 ἐξ
3243 4329 3310 4403 ἦς
3340 4335 3439 4406 τὴν
3466 4329 3568 4390 ὦδε
3602 4337 3684 4390 θέ.

2110 4429 2293 4481 λουσιν
2338 4425 2606 4495 ὲσπὰρθαι
2644 4421 3004 4492 Ἐκκλησίαν
3057 4421 3265 4492 πλάνην
3300 4422 3357 4476 δὲ
3388 4423 3486 4494 τὴν
3531 4426 3684 4489 ὲκτὶς

429 4516 813 4578 morationem,
839 4514 982 4568 unde
997 4515 1236 4569 materiae
1257 4517 1520 4586 originem
1547 4531 1851 4579 arcessunt.
1869 4521 2004 4578 Nam

2118 4517 2483 4589 Πληρώματος
2515 4516 2574 4567 ὲν
2605 4516 2718 4576 τοῖς
2749 4513 2945 4566 πάθεσι
2978 4511 3256 4583 διατριϐὴν
3279 4553 3294 4578 ,
3333 4513 3393 4578 ἐξ
3422 4507 3497 4568 ὧν
3527 4533 3681 4585 γεγο-

429 4609 712 4663 mulierem
751 4605 911 4676 196
935 4605 1079 4660 illam
1104 4619 1224 4675 qum
1254 4605 1474 4660 domum
1511 4608 1742 4674 everrit,
1783 4619 1838 4664 et
1873 4612 2002 4667 dra-

429 4701 643 4756 chmam
675 4699 881 4753 invenit
900 4697 967 4750 ad
989 4697 1265 4752 cmlestem
1292 4695 1621 4768 Sapientiam
1646 4701 2001 4769 transferunt,

2109 4611 2258 4664 νέναι
2281 4609 2378 4680 τὴν
2404 4609 2535 4678 ὓλην
2563 4607 2922 4660 ὑποτίθενται.
2952 4605 3063 4674 Τὴν
3097 4605 3154 4658 δὲ
3188 4608 3420 4673 γυναῖκα
3459 4608 3558 4678 τὴν
3591 4627 3680 4663 σας

2110 4701 2309 4775 ροῦσαν
2361 4699 2460 4770 τὴν
2495 4699 2701 4762 οἰκίαν,
2734 4697 2829 4751 καὶ
2878 4696 3234 4767 εύρίσκουσαν
3265 4697 3363 4768 τὴν
3409 4697 3680 4769 δραχμὴν,

428 4805 551 4860 quae
584 4788 929 4860 Enthymesin
973 4802 1138 4857 quam
1180 4788 1437 4844 amiserat
1478 4799 1664 4860 postea
1695 4796 2004 4865 repurgatis

2118 4793 2205 4860 τὴν
2239 4791 2350 4844 ἄνω
2380 4789 2578 4859 Σοφίαν
2618 4787 2928 4856 διηγοῦνται
2961 4789 3250 4858 λέγεσθαι,
3297 4789 3452 4859 ἣτις,
3483 4791 3677 4844 ἀπολέ-

425 4880 682 4935 omnibus
711 4895 807 4950 per
841 4879 1130 4934 adventum
1165 4877 1464 4938 Salvatoris
1505 4887 1880 4954 recuperavit:
1931 4887 2003 4942 ob

2105 4896 2244 4941 σασα
2273 4881 2372 4952 τὴν
2427 4878 2756 4948 Ἐνθύμησιν
2785 4877 2955 4948 αὐτῆς
2980 4917 2994 4941 ,
3028 4877 3252 4949 ὕστερον
3272 4919 3285 4942 ,
3322 4875 3673 4949 καθαρισθέν-

427 4970 589 5040 idque
610 4967 900 5024 Pleromati
925 4974 1151 5023 censent
1173 4983 1295 5024 esse
1321 4971 1646 5026 restitutam.
1688 4971 1999 5030 Simeonem

2118 4988 2210 5024 των
2243 4972 2460 5024 πάντων
2485 4969 2574 5022 διὰ
2598 4971 2698 5039 τῆς
2725 4967 2819 5020 τοῦ
2871 4967 3119 5038 Σωτῆρος
3147 4965 3480 5036 παρουσίας,
3529 4965 3670 5037 εὑρί-

428 5063 578 5116 illum
633 5069 920 5130 prmterea,
957 5059 1050 5128 qui
1086 5059 1362 5114 Christum
1409 5062 1463 5115 in
1497 5063 1643 5119 ulnis
1685 5068 1998 5134 gestaverit,

424 5154 582 5222 eique
613 5152 816 5220 gratias
855 5151 941 5205 his
970 5151 1151 5206 verbis
1183 5153 1391 5223 egerit:
1426 5151 1584 5208 Nunc
1627 5155 1854 5212 dimittis
1884 5175 1995 5212 ser-

2103 5081 2220 5116 σκει
2245 5065 2414 5135 αὐτήν
2432 5081 2448 5097 ο
2473 5062 2554 5114 διὸ
2581 5061 2674 5114 καὶ
2715 5058 2918 5128 ταύτην
2943 5056 3408 5111 ἀποκαθίστασθαι
3442 5060 3560 5110 κατ’
3582 5060 3674 5111 αύ-

2098 5157 2224 5218 τοὺς
2256 5154 2406 5217 ἐντὸς
2429 5148 2809 5223 πληρώματος.
2840 5150 3099 5220 Συμεῶνα
3127 5151 3217 5203 τὸν
3257 5152 3335 5214 εἰς
3366 5152 3466 5216 τὰς
3503 5153 3670 5221 ἀγκάυ

424 5262 542 5300 rum
597 5253 782 5310 tuum,
837 5243 1100 5307 Domine,
1147 5245 1430 5298 secundum
1480 5246 1689 5301 verbum
1737 5259 1885 5303 tuum
1939 5253 1994 5306 in

2118 5264 2197 5310 ιας
2229 5246 2460 5300 λαϐόντα
2487 5245 2579 5297 τὸν
2603 5243 2855 5314 Χριστὸν,
2889 5243 2980 5295 καὶ
3005 5243 3474 5312 εὐχαριστήσαντα
3503 5243 3669 5314 αὐτῷ,

422 5352 550 5405 pace
582 5335 658 5386 “z
694 5332 1009 5388 Conditoris
1070 5333 1360 5402 imaginem
1395 5336 1598 5393 referre
1646 5339 1836 5394 dicunt
1873 5343 1988 5412 qui,

423 5425 740 5481 adveniente
754 5421 1060 5486 Salvatore,
1087 5422 1259 5492 ipsius
1289 5429 1806 5494 transportationem
1845 5431 1990 5486 didi-

491 5571 508 5600 ¹
547 5568 678 5620 Luc.
713 5583 796 5631 ιχ,
817 5566 905 5621 6|.

425 5652 488 5698 ιι,
517 5638 600 5687 15.
674 5637 696 5667 ⁸
733 5637 862 5690 ibid.
903 5635 990 5689 M.
1111 5637 1132 5667 ⁹
1165 5638 1321 5689 Rom.
1357 5653 1431 5700 xl,
1470 5638 1555 5692 16.

428 5705 738 5773 πεπλανημ.
771 5705 1058 5773 προδατον.
1084 5705 1251 5776 Πρόϐ.
1292 5706 1387 5774 μὲν
1421 5708 1550 5773 γάρ.

1003 5569 1022 5598 ²
1052 5566 1185 5620 ibid.
1217 5566 1305 5621 62.
1383 5568 1404 5597 ⁸
1435 5567 1566 5624 ibid.
1589 5572 1675 5627 60.
1755 5574 1775 5604 ⁸
1805 5573 1936 5628 Luc.
1968 5591 2078 5635 xix.
2111 5574 2162 5628 5.

1111 5637 1132 5667 ⁹
1165 5638 1321 5689 Rom.
1357 5653 1431 5698 xl,
1470 5638 1555 5692 16.
1639 5645 1680 5675 ²⁰
1705 5643 1834 5698 Luc.
1870 5661 1958 5698 xv.
1995 5647 2027 5698 4
2067 5661 2162 5698 sua

1751 5661 1834 5699 uc.
1870 5661 1958 5711 xv,
1995 5661 2027 5698 4
2067 5661 2188 5716 sqq.

2098 5339 2191 5390 καὶ
2233 5336 2485 5391 εἰπόντα·
2520 5334 2649 5388 Νῦν
2677 5333 2963 5396 ἀπολύεις
2998 5331 3105 5383 τὸν
3133 5330 3360 5385 δοῦλόν
3394 5345 3512 5386 σου
3531 5372 3546 5397 ,
3577 5331 3672 5384 Δέ-

2097 5444 2296 5485 σποτα
2316 5469 2330 5494 ,
2356 5429 2510 5482 κατὰ
2536 5427 2601 5479 τὸ
2617 5426 2786 5494 ρἦιὶ
2817 5439 2933 5478 σου
2964 5423 3034 5476 ἐν
3062 5422 3272 5493 εἰρήνῃ
3291 5439 3306 5453 ο
3334 5421 3505 5476 τύπον
3531 5421 3668 5477 εἶναι

2265 5574 2284 5605 ⁵
2313 5563 2508 5625 Matth.
2543 5586 2664 5634 xm,
2717 5569 2805 5624 33.
2881 5568 2902 5599 ⁸
2937 5565 3104 5620 ICor.
3137 5580 3224 5625 xv,
3251 5563 3341 5634 :58.
3433 5564 3451 5593 ⁷
3491 5561 3665 5634 lCor.

2294 5645 2334 5674 “
2373 5641 2508 5697 Luc.
2541 5656 2600 5708 ll,
2629 5627 2718 5695 i9.
2826 5640 2868 5671 “
2889 5638 3030 5695 lrcn.
3055 5637 3136 5690 ὃτι
3159 5634 3214 5687 δὲ
3242 5627 3338 5688 ὧν.
3457 5635 3500 5664 ⁸³
3525 5632 3665 5690 lreu.
