4004 6176
360 351 468 410 59.5

1108 343 1481 401 anvsusus
1516 320 1860 421 negasses
1900 339 2026 395 LIB.
2069 341 2108 396 l.
2140 318 2311 395 Ton.
2357 339 2419 394 ιι.
2446 370 2513 379 —
2552 336 2822 394 IUERES.
2859 336 3050 393 xxxr.

3515 336 3618 389 526

358 460 454 516 τοῦ
490 456 837 532 Δημιουργοῦ
870 457 1119 526 λέγουσιν
1142 496 1156 520 ,
1198 457 1275 521 ὡς
1298 459 1340 519 ί,
1373 446 1617 521 ἐλθόντος
1643 457 1737 510 τοῦ
1761 457 1941 526 Σωτῆ-

2065 453 2202 520 :erit,
2239 467 2303 509 ac
2332 451 2505 524 Dytbo
2547 436 2759 522 ετιιῑὶιιε
2780 451 2968 522 egerit.
3009 450 3090 505 Ad
3126 449 3238 504 haec
3274 464 3368 520 per
3405 450 3614 504 Annam

359 567 477 620 ρος,
498 548 669 622 ἔμαθε
696 547 795 620 τὴν
820 546 1106 618 μετάθεσιν
1127 546 1315 611 αὐτοῦ,
1348 548 1442 600 καὶ
1468 546 1836 619 ηὐχαρίστησε

363 640 539 712 uuae.
575 640 690 694 Kal.
716 638 805 692 διὰ
834 639 932 709 τῆς
969 638 1029 690 ὲν
1064 635 1144 708 τῷ
1181 636 1496 707 Εὐαγγελίῳ
1527 636 1940 709 κηρυσσομένης

362 731 690 806 προφήτιδας
711 768 727 791 ,
756 728 897 782 ἑπτὰ
924 728 1019 798 ἐτη
1058 727 1194 798 μετὰ
1221 727 1413 799 ἀνδρὸς
1438 727 1696 798 ὲζηκυίας
1715 765 1729 790 ,
1759 728 1852 781 τὸν
1883 728 1940 781 δὲ

360 821 546 875 λοιπὸν
567 821 782 875 ἅπαντα
811 818 1000 889 χρόνον
1028 818 1205 889 χήρας
1242 817 1510 887 μενούσης
1536 856 1552 881 ,
1576 816 1734 888 ἄχρις
1759 811 1823 871 οὗ
1850 815 1940 871 τὸν

364 911 593 984 Σωτῆρα
619 908 804 964 ἰδοῦσα
829 908 1045 977 ἐπέγνω
1070 907 1252 971 αὐτὸν,
1275 908 1371 961 καὶ
1397 907 1574 962 ὲλάλει
1610 925 1677 961 πε
1687 909 1741 979 9‘t
1775 906 1940 961 αὐτοῦ

363 1006 519 1069 πᾶσι,
547 999 905 1073 φανερώτατα
937 999 1036 1071 τὴν
1069 999 1322 1071 Ἀχαμὼθ
1361 998 1659 1071 μηνύεσθαι
1683 1000 1943 1071 διορίζον-

363 1112 455 1150 ται
482 1112 496 1126 ο
547 1093 705 1164 ἣτις,
758 1090 894 1162 πρὸς
938 1090 1118 1159 ὀλίγον
1160 1090 1343 1145 ἰδοῦσα
1382 1091 1474 1145 τὸν
1515 1091 1745 1162 Σωτῆρα
1804 1090 1942 1161 μετὰ

364 1187 474 1242 τῶν
517 1185 822 1257 ἡλικιωτῶν
857 1182 1048 1250 αὐτοῦ,
1096 1183 1175 1254 τῷ
1225 1183 1396 1255 λοιπῷ
1440 1183 1618 1256 χρόνῳ
1651 1185 1813 1238 παντὶ
1845 1185 1942 1256 μὲν

364 1276 537 1335 οῦσα¹
557 1282 615 1332 ὲν
642 1280 706 1349 τῇ
739 1276 996 1349 μεσότητι
1026 1277 1380 1347 προσεδέχετο
1400 1277 1582 1341 αὑτὸν,
1618 1277 1747 1332 πότε
1779 1278 1942 1333 πάλιν

367 1370 676 1434 ἐλεύσεται,
721 1370 815 1423 καὶ
845 1369 1290 1439 ἀποκαταστήσει
1337 1368 1507 1440 αὐτὴν
1536 1372 1602 1441 τῇ
1633 1370 1804 1440 αὐτῆς
1850 1387 1942 1423 συ-

367 1463 554 1535 ζυγία.
583 1462 694 1517 Καὶ
735 1461 796 1515 τὸ
827 1460 998 1531 ὄνομα
1029 1459 1087 1513 δὲ
1120 1459 1293 1530 αὐτῆς
1331 1460 1675 1531 μεμηνύσθαι
1714 1462 1819 1516 ὑπὸ
1848 1462 1941 1515 τοῦ

367 1554 619 1625 Σωτῆρος
645 1553 702 1604 ὲν
733 1550 812 1621 τῷ
845 1549 1122 1623 εἰρηκέναι
1147 1566 1162 1582 ο
1197 1551 1306 1604 Καὶ
1340 1551 1653 1619 ἐδικαιώθη
1682 1552 1720 1620 ἠ
1757 1553 1945 1622 σοφία

367 1643 488 1700 ἀπὸ
518 1642 636 1697 τῶν
661 1643 889 1697 τέκνων
926 1639 1137 1709 αὐτῆς.
1180 1642 1290 1695 Καὶ
1313 1641 1419 1695 ὑπὸ
1440 1640 1652 1697 Παύλου
1679 1643 1736 1696 δὲ
1760 1642 1904 1696 οὕτω
1926 1654 1942 1670 ⁸

367 1732 602 1801 Σοφίαν
635 1729 704 1784 δὲ
756 1729 1069 1798 ,λαλοῦμεν
1106 1729 1177 1783 ἐν
1205 1728 1329 1796 τοῖς
1360 1732 1635 1797 τελείοις.
1687 1732 1800 1785 Καὶ
1845 1730 1945 1796 τὰς

2026 545 2193 600 ~i|lam
2220 586 2237 611 ,
2289 560 2412 616 qua:
2451 543 2793 615 prophetissa
2843 544 2897 598 in
2935 542 3227 613 Evangelio
3271 542 3621 614 przedicatur.

2045 654 2274 710 quaeque
2302 648 2509 709 septem
2545 652 2720 692 annos
2743 650 2869 690 cum
2894 635 3013 689 viro
3053 635 3282 699 vixisse.
3347 635 3616 702 reliquum

2042 746 2173 787 vero
2203 738 2417 802 tempus
2445 746 2608 787 omne
2638 732 2692 785 in
2730 727 2993 783 viduitate
3039 728 3215 798 egisse
3246 726 3448 782 dicitur
3471 766 3485 790 ,
3518 725 3622 780 do-

2044 837 2147 877 nec
2188 822 2470 877 Salvatore
2518 827 2911 893 conspecto‘et
2960 819 3138 889 ipsum
3187 817 3508 887 agnoverit,
3565 821 3616 870 et

2043 912 2188 982 apud
2215 927 2408 967 omnes
2433 912 2500 969 de
2527 927 2593 966 eo
2622 912 2801 966 locuta
2833 910 2925 975 sit,
2957 908 3408 991 manifestissime
3439 907 3615 961 Acba-

2043 1004 2281 1061 motliem
2317 1003 2628 1059 adumbrari
2658 1003 2986 1058 conﬁrmant
3025 1021 3039 1057 :
3072 1017 3194 1072 quae
3243 1001 3331 1055 ubi
3373 1000 3618 1056 Salvalo-

2044 1112 2158 1171 rem
2188 1111 2311 1151 cum
2358 1096 2477 1165 ejus
2520 1093 2821 1165 :equalibus
2860 1093 3055 1163 raptim
3096 1093 3433 1162 aspexisset,
3466 1092 3620 1147 dein-

2043 1203 2173 1258 ceps
2225 1193 2342 1242 toto
2400 1186 2708 1257 insequenti
2758 1194 3001 1255 tempore
3052 1185 3230 1240 media
3289 1184 3345 1239 in
3400 1185 3621 1255 regione

2044 1279 2354 1335 consistens
2381 1278 2509 1333 dum
2536 1279 2732 1333 iterum
2762 1279 2967 1334 rediret
3004 1277 3433 1348 exspectaverit,
3477 1291 3540 1330 ac
3564 1291 3622 1332 se

2045 1371 2301 1444 conjugio
2325 1385 2425 1427 suo
2455 1370 2787 1427 restitueret.
2815 1368 2986 1438 Cujus
3017 1370 3180 1423 etiam
3218 1383 3414 1422 nomen
3445 1384 3473 1420 a
3499 1360 3621 1421 Sal-

2046 1474 2234 1519 vatore
2267 1462 2420 1519 hisce
2457 1461 2637 1516 verbis
2671 1474 3027 1530 expressum:
3084 1459 3152 1512 Et
3199 1459 3501 1529 iustiﬁcata
3549 1466 3625 1512 est

2048 1554 2309 1624 sapientia
2340 1570 2373 1607 a
2401 1552 2530 1621 ﬁliis
2554 1551 2666 1619 ejus
2699 1550 2741 1604 ‘.
2769 1549 2926 1606 Velut
2951 1565 2981 1603 a
3005 1547 3176 1604 Paulo
3206 1565 3330 1605 cum
3370 1549 3625 1618 scripsit:

2050 1645 2376 1716 Sapientiam
2408 1642 2672 1714 loquimur
2700 1642 2837 1696 inter
2855 1641 3111 1711 perfectos
3138 1641 3181 1696 ⁸.
3205 1640 3372 1706 Quem
3406 1639 3624 1710 insuper

2049 1735 2429 1805 conjugiorum
2467 1746 2589 1803 quae
2643 1731 2786 1785 intra
2817 1730 3067 1786 Pleroma
3123 1739 3250 1786 sunt
3298 1733 3626 1784 mentionem

371 1823 629 1892 συζυγίας
667 1821 725 1875 δὲ
748 1821 847 1886 τὰς
876 1821 1025 1885 ἐντὸς
1050 1820 1162 1892 Πλη
1173 1819 1420 1891 ρώματος
1448 1822 1540 1875 τὸν
1566 1821 1778 1876 Παῦλον
1803 1824 1953 1894 εἰρη-

2065 1823 2112 1876 in
2144 1836 2256 1877 uno
2304 1819 2535 1884 fecisse,
2570 1834 2694 1874 cum
2730 1819 2798 1874 de
2828 1820 3106 1875 hominum
3138 1821 3276 1875 inter
3298 1835 3358 1875 se
3404 1820 3628 1890 copula-

370 1915 523 1970 κέναι
579 1913 877 1983 φάσκουσιν
922 1913 1016 1966 ἐπὶ
1065 1912 1181 1975 ἑνὸς
1219 1912 1487 1979 δείξαντα.
1532 1914 1669 1985 Περὶ
1695 1913 1803 1985 γὰρ
1849 1914 1951 1982 τῆς

369 2010 500 2081 περὶ
525 2007 616 2062 τὸν
645 2006 758 2077 βίον
799 2005 1059 2073 συζυγίας
1082 2004 1310 2075 γράφων
1336 2003 1437 2077 ἔφη
1464 2022 1479 2037 ο
1514 2005 1584 2058 Τὸ
1613 2004 1953 2076 μυστήριον

368 2100 551 2154 τοῦτο
582 2098 735 2169 μέγα
761 2097 933 2152 ἐστίν
957 2114 971 2127 ·
1000 2096 1116 2166 ἐγὼ
1128 2096 1210 2150 δὲ
1246 2096 1402 2166 λέγω
1441 2099 1530 2164 εἰς
1556 2098 1813 2167 Χριστὸν
1855 2098 1954 2151 καὶ

375 2192 489 2260 τὴν
523 2191 914 2259 Ἐκκλησίαν.

445 2285 571 2338 KZ'.
608 2284 730 2338 Ἔτι
773 2300 832 2335 τε
894 2283 1146 2354 Ἰωάννην
1195 2283 1285 2337 τὸν
1335 2283 1585 2354 μαθητὴν
1620 2282 1715 2336 τοῦ
1747 2284 1952 2356 Κυρίου

372 2375 680 2429 διδάσκουσι
710 2373 811 2444 τὴν
855 2373 1079 2445 πρώτην
1129 2375 1387 2444 Ὀγδοάδα
1442 2373 1814 2444 μεμηνυκέναι
1855 2376 1955 2428 αὐ-
2005 2363 2013 2369 ’

373 2469 493 2529 ταῖς
522 2464 737 2530 λέξεσι,
792 2465 1041 2533 λέγοντες
1102 2465 1245 2521 οὕτω
1272 2482 1285 2496 ⁸
1346 2468 1598 2537 Ἰωάννης
1636 2469 1664 2520 6
1707 2465 1955 2539 μαθητὴς

371 2557 470 2610 τοῦ
503 2557 733 2628 Κυρίου,
761 2556 1080 2627 βουλόμενος
1108 2558 1281 2612 εἰπεῖν
1304 2558 1405 2628 τὴν
1431 2558 1539 2611 τῶν
1565 2559 1700 2612 ὃλων
1724 2559 1955 2628 γένεσιν,
1972 2622 1979 2631 Α,

376 2648 498 2703 καθ’
529 2649 597 2718 ἣν
642 2648 712 2703 τὰ
741 2649 921 2702 πάντα
961 2647 1261 2720 προέϐαλεν
1299 2649 1328 2702 6
1362 2649 1584 2721 Πατὴρ,
1620 2650 1795 2722 ἀρχήν
1838 2667 1960 2704 τινα

376 2739 692 2812 προτίθεται
718 2739 780 2792 τὸ
810 2737 1024 2809 πρῶτον
1052 2737 1311 2810 γεννηθὲν
1342 2739 1448 2794 ὑπὸ
1473 2739 1568 2793 τοῦ
1605 2740 1741 2794 Θεοῦ
1762 2780 1778 2804 ,
1809 2740 1870 2795 δν
1895 2741 1958 2813 δὴ

377 2834 474 2911 καὶ
515 2832 644 2885 Υἱὸν
684 2834 946 2903 μονογενῆ
1007 2831 1104 2886 καὶ
1154 2830 1288 2885 Θεὸν
1340 2832 1607 2903 κέκληκεν
1624 2872 1639 2895 ,
1700 2834 1758 2887 ὲν
1807 2825 1853 2900 ᾧ
1892 2832 1960 2886 τὰ

379 2924 556 2977 πάντα
589 2925 617 2976 6
639 2923 831 2995 Πατὴρ
849 2922 1118 2995 προέϐαλε
1140 2923 1550 2994 σπρματικῶς.
1592 2924 1726 2977 ’Υπὺ
1758 2924 1812 2978 δὲ
1840 2924 1963 2978 τού-

376 3033 473 3087 του
505 3017 641 3087 φησὶ
671 3015 764 3070 τὸν
790 3015 963 3083 Λόγον
1002 3015 1430 3087 προϐεϐλῆσθαι,
1462 3017 1556 3071 καὶ
1593 3018 1651 3069 ὲν
1684 3016 1834 3085 αὐτῷ
1864 3015 1963 3089 τὴν

379 3107 508 3177 ὃλην
536 3106 647 3159 τῶν
679 3104 898 3160 Αἰώνων
935 3106 1153 3170 οὐσίαν,
1204 3106 1271 3177 ἢν
1322 3107 1484 3171 αὐτὸς
1537 3107 1762 3179 ὕστερον
1799 3108 1964 3179 ὲμόρ-

2057 1913 2206 1967 tioue
2243 1912 2390 1966 hunc
2432 1911 2489 1965 in
2535 1910 2755 1965 modum
2794 1911 3046 1980 scripsit:
3098 1908 3499 1965 Sacramenlum
3535 1909 3631 1963 hoc

2059 2019 2307 2073 magnum
2346 2012 2453 2057 est:
2483 2019 2578 2073 ego
2615 2018 2734 2057 tero
2757 2002 2875 2056 dico
2902 2002 2957 2055 in
2995 2001 3208 2058 Christo
3238 2012 3286 2057 et
3321 2001 3559 2057 Ecclesia
3586 2005 3629 2053 ⁸.

2128 2272 2337 2328 XXVII.
2389 2273 2654 2328 Joannem
2709 2273 2920 2329 Domini
2998 2274 3326 2345 discipulum
3368 2274 3636 2334 aﬂirmant

2059 2367 2291 2437 primam
2340 2364 2653 2437 Ogdoadem
2705 2350 3026 2421 nominatim
3081 2367 3510 2423 demonstrasse.
3544 2368 3637 2425 Sic

2058 2458 2204 2512 enim
2234 2456 2535 2527 disputant.
2561 2454 2801 2512 Joannes
2827 2455 3041 2511 Domini
3064 2456 3364 2527 discipulus
3391 2459 3636 2515 omnium

2061 2564 2242 2604 rerum
2292 2548 2558 2619 originem
2598 2548 2869 2616 explicare
2914 2548 3179 2617 cupiens,
3230 2563 3337 2619 qua
3394 2564 3425 2603 ε
3476 2548 3639 2605 Patre

2061 2640 2314 2695 universa
2345 2646 2632 2709 procreata
2662 2647 2829 2706 sunt,
2875 2640 3204 2711 principium
3248 2641 3438 2696 statuit
3466 2655 3496 2695 a
3533 2644 3640 2697 Deo

2062 2731 2326 2803 genitum,
2357 2747 2517 2802 quem
2550 2740 2605 2786 et
2633 2730 2831 2786 Filium
2880 2732 3218 2803 unigenitum
3248 2744 3301 2789 et
3333 2733 3501 2791 Deum
3542 2749 3641 2806 ap-

2064 2824 2260 2894 pellat,
2289 2837 2388 2892 per
2414 2837 2576 2892 quem
2607 2822 2789 2876 omnia
2821 2820 2981 2877 Pater
3016 2824 3253 2894 quodam
3300 2826 3469 2881 veluti
3519 2839 3642 2883 satu

2064 2917 2405 2988 propagavit.
2434 2918 2515 2972 Ab
2540 2917 2646 2973 hoc
2672 2917 2997 2988 productum
3022 2934 3144 2975 esse
3158 2918 3395 2976 Verbum
3421 2924 3640 2991 asserit;

2066 3026 2162 3081 per
2186 3012 2334 3067 istud
2367 3026 2497 3067 vero
2526 3018 2695 3068 totam
2719 3009 2957 3066 Eonum
2988 3022 3236 3068 naturam
3269 3029 3431 3086 quam
3464 3015 3641 3086 ipsum

2065 3112 2253 3174 postea
2294 3100 2531 3158 Verbum
2590 3101 2926 3157 informavit.
2960 3101 3096 3157 Cum
3154 3104 3319 3176 igitur
3356 3109 3422 3162 de
3468 3107 3642 3178 prima

376 3214 562 3266 φωσεν
613 3199 642 3251 6
692 3195 883 3264 Λόγος.
936 3195 1089 3249 Ἐπεὶ
1126 3192 1220 3250 οῦν
1271 3196 1399 3268 περὶ
1428 3195 1650 3267 πρώτης
1697 3196 1963 3266 γενέσεως

2068 3194 2419 3267 generatione
2466 3209 2773 3251 sermonem
2819 3195 3115 3261 instituat,
3158 3205 3306 3254 recte
3355 3213 3385 3252 a
3434 3197 3647 3253 Princi-

380 3288 527 3357 λέγει
561 3286 742 3350 καλῶς
776 3285 884 3339 ἀπὺ
909 3285 1009 3356 τῆς
1041 3286 1253 3357 ἀρχῆς,
1292 3286 1539 3340 τουτέστι
1575 3287 1670 3340 τοῦ
1702 3287 1838 3341 Θεοῦ
1872 3288 1967 3341 καὶ

380 3379 477 3435 τοῦ
510 3379 687 3446 Λόγου
708 3419 724 3443 ,
755 3376 853 3447 τὴν
895 3376 1244 3431 διδασκαλίαν
1288 3380 1541 3431 ποιεῖται.
1577 3378 1739 3447 Λέγει
1768 3378 1825 3432 δὲ
1871 3378 1966 3432 οῦ-

382 3487 519 3534 τως·
566 3470 670 3524 Ἐν
698 3466 857 3537 ἀρχῇ
886 3463 967 3538 ἦν
996 3470 1029 3523 ό
1055 3469 1248 3539 Λόγος
1266 3508 1280 3532 ,
1308 3468 1407 3522 καὶ
1440 3471 1474 3523 ό
1502 3471 1694 3540 Λόγος
1714 3466 1794 3540 ἦν
1816 3469 1967 3539 πρὸς

379 3561 492 3618 τὸν
521 3560 672 3616 Θεὸν
698 3602 715 3628 ,
764 3561 868 3616 καὶ
916 3559 1062 3626 Θεὸς
1096 3556 1177 3630 ἦν
1206 3563 1239 3615 ό
1276 3561 1469 3630 Λόγος
1495 3579 1510 3593 ι
1552 3560 1741 3627 οὕτως
1769 3557 1849 3631 ἦν
1898 3562 1968 3615 ἐν

382 3654 544 3725 ἀρχῇ
581 3654 731 3725 πρὸς
756 3654 863 3709 τὸν
883 3655 1051 3709 Θεόν.
1075 3655 1347 3727 Πρότερον
1380 3655 1685 3721 διαστείλας
1721 3656 1792 3711 τὰ
1818 3644 1969 3731 τρία,

384 3747 519 3801 Θεδν
542 3786 558 3811 ,
603 3746 700 3800 καὶ
744 3745 938 3817 ἀρχὴν,
984 3747 1080 3803 καὶ
1112 3746 1305 3814 Λόγον,
1344 3747 1504 3801 πάλιν
1533 3747 1675 3802 αὐτὰ
1704 3749 1845 3813 ἑνοῖ,
1881 3749 1969 3802 ἵνα

386 3836 480 3890 καὶ
499 3837 600 3908 τὴν
620 3835 890 3906 προόολὴν
911 3836 1188 3908 ἑκατέρων
1214 3837 1394 3892 αὐτῶν
1416 3837 1588 3913 δείξῃ,
1617 3839 1711 3893 τοῦ
1728 3856 1787 3893 τε
1812 3838 1967 3906 Υἱοῦ,

388 3929 485 3984 καὶ
526 3928 621 3984 τοῦ
659 3928 866 3997 Λόγου,
918 3929 1013 3983 καὶ
1043 3929 1142 4001 τὴν
1195 3928 1333 4000 πρὸς
1382 3930 1643 4002 ἀλλήλους
1677 3930 1793 4002 ἅμα
1819 3970 1834 3995 ,
1879 3932 1972 3985 καὶ

389 4020 487 4092 τὴν
535 4018 672 4090 πρὸς
721 4017 813 4072 τὸν
860 4018 1081 4090 Πατέρα
1116 4019 1332 4073 ἕνωσιν.
1399 4020 1487 4073 Ἐν
1523 4019 1632 4091 γὰρ
1668 4020 1747 4091 τῷ
1773 4020 1977 4092 Ila-cpi,

391 4113 486 4166 καὶ
531 4113 597 4165 ὲκ
637 4110 732 4165 τοῦ
760 4112 974 4183 Πατρὸς
1011 4113 1044 4182 ἡ
1084 4113 1263 4185 ἀρχὴ,
1295 4112 1390 4167 καὶ
1418 4113 1481 4165 ὲκ
1530 4113 1551 4144 ³
1598 4112 1699 4183 τῆς
1740 4113 1916 4185 ἀρχῆς
1942 4115 1972 4167 6

390 4203 584 4271 Λόγος.
616 4203 810 4266 Καλῶς
841 4199 934 4258 οὖν
978 4199 1164 4257 εἶπεν·
1214 4206 1318 4260 Ἔν
1357 4202 1516 4274 ἀρχῇ
1547 4200 1627 4274 ἦν
1663 4207 1697 4258 ὁ
1735 4207 1928 4276 Λόγος
1956 4221 1969 4233 ·

389 4291 461 4366 ἦν
513 4296 626 4367 γὰρ
675 4297 734 4349 ὲν
765 4295 842 4367 τῷ
880 4295 1030 4367 Υίῷ·
1089 4296 1198 4352 Καὶ
1243 4300 1278 4352 ό
1322 4301 1516 4368 Λόγος
1545 4294 1625 4370 ἦν
1654 4298 1820 4367 ίπρὸς
1866 4298 1976 4353 τὸν

394 4389 576 4443 Θεόν’
608 4389 706 4442 καὶ
737 4390 844 4462 γὰρ
874 4392 908 4461 ἡ
939 4391 1081 4461 ἀρχή
1099 4406 1113 4423 ·
1143 4391 1253 4445 Καὶ
1283 4391 1427 4458 Θεὸς
1450 4387 1532 4463 ἦν
1558 4394 1592 4446 ό
1609 4393 1817 4461 Λόγος,
1845 4392 1974 4446 ἀκο-

398 4480 630 4546 λούθως·
651 4481 715 4535 τὸ
745 4483 858 4554 γὰρ
885 4484 950 4537 ὲκ
974 4484 1110 4539 Θεοῦ
1141 4483 1400 4555 γεννηθὲν
1442 4483 1582 4547 Θεός
1608 4486 1776 4539 ἐστιν.
1806 4478 1974 4550 Οὗτος

398 4569 474 4643 ἦν
503 4534 1632 4648 aspxﬁ'eaggsisa;1.4.13...
1646 4534 1747 4649 ὲέιξ
1762 4534 1978 4648 gae;
2008 4534 2051 4589 θ

396 4665 494 4736 λῆς
514 4666 691 4733 τάξιν.
715 4665 919 4721 Πάντα
945 4665 1020 4720 δι’
1042 4666 1230 4721 αὐτοῦ
1256 4664 1513 4735 ἐγένετο,
1540 4668 1639 4722 καὶ
1664 4669 1844 4738 χωρὶς
1872 4670 1979 4724 αὐ-

399 4758 505 4812 τοῦ
535 4758 776 4828 ἐγένετο
819 4758 966 4814 οὐδὲ
1007 4757 1078 4813 ἓν
1116 4775 1129 4789 ·
1188 4759 1321 4812 πᾶσι
1353 4757 1464 4831 γὰρ
1510 4760 1623 4823 τοῖς
1657 4761 1775 4832 μετ’
1816 4759 1977 4815 αὐτὸν

404 4849 568 4903 Δίῶσι
603 4849 817 4920 μορφῆς
850 4851 946 4904 καὶ
973 4850 1241 4919 γενέσεως
1273 4849 1446 4915 αἴτιος
1483 4853 1513 4905 6
1551 4852 1722 4920 Λόγος
1738 4854 1974 4921 ἐγένετο.

412 4941 597 5009 Ἀλλὰ,
636 4944 709 4996 Ὃ
738 4942 988 5014 γέγονεν
1006 4943 1256 5010 ἐναὺτῷ
1274 4984 1290 5003 ,
1317 4946 1477 5016 φησι,
1517 4945 1628 5013 ζωή
1660 4946 1865 5014 ἐστιν,
1899 4948 1979 5000 ὲν-

401 5033 528 5087 θάδε
561 5033 656 5086 καὶ
697 5032 958 5101 συζυγίαν
1007 5032 1267 5105 ἐμήνυσε.
1311 5034 1393 5088 Τὰ
1415 5036 1534 5105 μὲν
1560 5036 1670 5108 γὰρ
1719 5036 1835 5091 ὅλα
1874 5036 1977 5108 ἔφη

399 5125 473 5179 δι’
512 5124 732 5179 ἑαυτοῦ
783 5124 1140 5194 γεγενῆσθαι
1165 5166 1182 5193 ,
1225 5125 1343 5194 τὴν
1377 5126 1447 5180 δὲ
1479 5126 1636 5195 ζωὴν
1679 5128 1750 5181 ἐν
1796 5126 1978 5194 αὐτῷ.

401 5216 551 5288 Αὕτη
583 5212 678 5271 οῦν
720 5219 753 5288 ὴ
800 5218 858 5270 ὲν
887 5216 1034 5288 αὐτῷ
1061 5218 1329 5289 γενομένη
1371 5220 1680 5290 οἰκειοτέρα
1722 5219 1871 5272 ἐστὶν
1918 5220 1980 5272 ὲν

401 5305 550 5376 αὐτῷ
574 5305 684 5360 τῶν
702 5305 767 5359 δι’
791 5304 956 5359 αὑτοῦ
984 5306 1306 5377 γενομένων.

473 5399 696 5454 Σύνεστι
745 5398 853 5471 γὰρ
896 5398 1092 5470 αὐτῷ,
1147 5400 1244 5454 καὶ
1287 5399 1356 5453 δι’
1397 5399 1562 5454 αὐτοῦ
1617 5401 1975 5472 καρποφορεῖ.

415 5490 634 5565 Ἐπειδὴ
660 5490 770 5563 γὰρ
795 5490 1061 5562 ἐπιφέρει,
1098 5489 1207 5545 Καὶ
1233 5491 1274 5562 ἠ
1306 5488 1419 5560 ζωὴ
1460 5492 1528 5546 τὸ
1565 5490 1690 5562 φῶς
1720 5491 1841 5545 τῶν
1876 5491 1981 5545 ἀν-

2068 3287 2180 3357 pio,
2207 3287 2310 3341 hoc
2341 3294 2426 3343 est
2460 3285 2604 3352 Deo,
2646 3284 2933 3358 Verboque
2971 3286 3200 3343 docendi
3240 3288 3456 3344 initium
3486 3290 3645 3361 197

2070 3376 2220 3433 fecit.
2262 3375 2340 3432 Ita
2381 3393 2545 3448 porro
2583 3377 2776 3434 scribit
2808 3398 2822 3435 :
2860 3378 2925 3435 In
2954 3381 3215 3450 principio
3268 3390 3383 3436 erat
3422 3380 3649 3437 Verbum

2069 3479 2119 3523 et
2160 3468 2386 3524 Verbum
2415 3478 2530 3524 erat
2561 3469 2700 3539 apud
2733 3470 2930 3535 Deum,
2973 3480 3024 3526 et
3054 3471 3194 3527 Deus
3233 3482 3349 3527 erat
3398 3472 3644 3531 Verbum.

2071 3559 2161 3615 Sic
2190 3569 2304 3614 erat
2355 3561 2411 3615 in
2464 3561 2727 3633 principio
2761 3560 2904 3633 apud
2938 3562 3106 3617 Deum
3129 3564 3170 3618 ".
3216 3562 3511 3636 Postquam
3544 3567 3650 3622 tria

2072 3652 2162 3707 illa
2192 3652 2471 3719 discrevit,
2508 3652 2701 3717 Deum,
2741 3653 3076 3725 Principium
3106 3662 3161 3708 et
3192 3653 3427 3711 Verbum
3456 3698 3471 3722 ,
3529 3674 3650 3713 rur-

2073 3757 2169 3798 sus
2204 3744 2259 3797 in
2291 3759 2457 3798 unum
2487 3745 2793 3812 connectit,
2824 3753 2884 3800 ut
2914 3745 3201 3817 utriusque
3236 3747 3361 3802 Filii
3401 3749 3651 3804 videlicet

2072 3848 2137 3887 ac
2166 3832 2358 3899 Verbi,
2410 3834 2825 3903 productionem
2852 3875 2867 3899 ,
2904 3836 3299 3907 amborumque
3339 3854 3462 3894 cum
3509 3840 3652 3895 inter

2072 3938 2150 3990 se,
2192 3931 2306 3980 tum
2345 3939 2469 3979 cum
2497 3923 2659 3980 Patre
2695 3926 3136 3996 conjunctionem
3167 3928 3427 3984 declaret.
3463 3928 3650 4001 Siqui-

2072 4015 2193 4072 dem
2233 4016 2289 4070 in
2327 4013 2523 4079 Patre,
2570 4024 2733 4087 atque
2757 4032 2825 4072 ex
2858 4016 3019 4072 Patre
3053 4008 3386 4089 Principium
3431 4028 3543 4076 est:
3582 4037 3651 4076 ex
3750 4072 3756 4078 .

2072 4104 2349 4176 Principio
2378 4104 2638 4164 Verbum.
2671 4106 2937 4165 Praeclare
2964 4109 3129 4181 igitur
3156 4107 3332 4165 dixit:
3366 4109 3431 4165 In
3460 4113 3652 4182 princi-

2074 4199 2161 4268 pio
2204 4209 2320 4253 erat
2360 4198 2629 4264 Verbum;
2671 4209 2789 4256 erat
2818 4200 2961 4256 enim
3007 4202 3062 4257 in
3093 4199 3231 4258 Filio
3266 4221 3280 4256 :
3321 4201 3389 4257 Et
3428 4203 3652 4258 Verbum

2074 4303 2189 4346 erat
2225 4294 2368 4361 apud
2392 4293 2592 4359 Deum;
2621 4300 2739 4350 erat
2757 4294 2903 4350 enim
2935 4302 2991 4350 et
3014 4296 3339 4368 principium
3362 4316 3374 4352 :
3417 4296 3482 4351 Et
3510 4296 3652 4352 Deus

2074 4392 2191 4437 erat
2238 4381 2489 4439 Verbum.
2527 4385 2908 4442 Consentanee
2947 4389 3170 4444 omnino
3215 4389 3462 4444 dictum:
3509 4390 3655 4460 quod

2078 4475 2223 4530 enim
2276 4490 2306 4531 a
2347 4476 2458 4533 Deo
2493 4479 2735 4549 genitum
2773 4486 2896 4544 est,
2953 4479 3098 4537 Deus
3153 4488 3256 4537 est.
3301 4480 3394 4538 Sic
3436 4493 3551 4538 erat
3601 4484 3658 4537 in

2078 4569 2508 4643 principioapud
2543 4570 2751 4639 Deum,
2786 4572 3164 4642 productionis
3192 4573 3439 4629 ordinem
3468 4582 3656 4630 osten-

2076 4660 2179 4716 dit.
2206 4659 2402 4715 Omnia
2431 4678 2524 4733 per
2550 4663 2722 4732 ipsum
2755 4663 2903 4733 facta
2931 4673 3074 4732 sunt,
3102 4675 3151 4719 et
3178 4666 3292 4720 sine
3318 4666 3429 4734 ipso
3453 4665 3654 4735 factum

2075 4762 2154 4807 est
2186 4752 2353 4817 nihil;
2375 4754 2575 4809 etenim
2597 4754 2827 4809 Verbum
2851 4757 3127 4820 omnibus,
3152 4756 3243 4827 qui
3272 4765 3394 4827 post
3418 4772 3477 4812 se
3504 4769 3652 4824 sunt,

2076 4843 2346 4901 Eonibus
2398 4844 2802 4903 informationis
2876 4840 2951 4901 ac'
3008 4848 3417 4919 propagationis
3465 4860 3656 4905 auctor

2077 4937 2306 4992 exstitit.
2338 4934 2540 4993 Verum
2562 4919 2767 5005 ,'Quod
2799 4936 3001 5007 factum
3038 4951 3150 5007 est,
3192 4941 3401 5013 inquit,
3451 4944 3505 4997 in
3538 4946 3655 5013 ipso

2079 5029 2187 5083 vita
2215 5039 2365 5093 erat;
2408 5028 2499 5084 ubi
2536 5037 2592 5085 et
2647 5031 2963 5101 conjugium
3014 5031 3239 5087 indicat.
3296 5031 3434 5088 Nam
3478 5036 3658 5090 omnia

2078 5137 2172 5190 per
2214 5120 2384 5191 ipsum
2410 5121 2555 5193 facta
2587 5141 2697 5180 esse
2713 5124 2876 5192 dicit;
2903 5122 3062 5179 vitam
3085 5130 3258 5179 autem
3287 5127 3341 5180 in
3362 5127 3494 5196 ipso.
3533 5126 3659 5183 Haec

2080 5214 2246 5285 igitur
2277 5229 2399 5286 quae
2440 5215 2494 5270 in
2535 5216 2629 5272 illo
2672 5215 2813 5272 facta
2851 5225 2982 5281 est,
3036 5218 3259 5289 propius
3307 5220 3375 5275 ad
3412 5222 3562 5275 illum
3602 5222 3659 5276 in

2079 5305 2202 5375 ipso
2230 5306 2487 5376 pertinet,
2516 5321 2679 5377 quam
2709 5323 2772 5363 ea
2795 5324 2915 5378 qua:
2937 5324 3034 5379 per
3061 5311 3239 5391 ipsum
3274 5309 3417 5387 facta
3448 5322 3598 5367 sunt.

2151 5396 2287 5452 Cum
2331 5396 2425 5451 illo
2454 5399 2654 5469 quippe
2690 5407 2963 5465 versatur,
3005 5417 3068 5456 ac
3105 5417 3202 5472 per
3228 5404 3404 5473 ipsum
3446 5403 3659 5459 fruetus

2080 5489 2301 5547 emittit.
2331 5489 2468 5545 Nam
2501 5492 2626 5563 quia
2663 5493 2845 5549 statim
2878 5495 3140 5567 subiicit:
3179 5495 3248 5551 Et
3276 5497 3383 5551 vita
3419 5505 3536 5552 erat
3565 5497 3661 5552 lux

481 5672 497 5704 ί
526 5669 667 5728 lren.
844 5674 866 5704 ²
901 5671 1061 5730 Forte
1084 5673 1359 5745 μένουσα..
1439 5673 1459 5706 ¹
1482 5673 1625 5730 iren.
1650 5674 1706 5728 ἐν
1735 5674 1876 5746 ἀρχῇ
1912 5673 1963 5728 δὲ

2065 5673 2116 5727 αὶ
2138 5674 2222 5728 ὲκ.
2303 5675 2320 5707 ⁸
2348 5674 2484 5732 Luc.
2511 5690 2610 5743 vti,
2632 5675 2721 5733 35'.
2782 5676 2803 5709 ³
2832 5676 2851 5731 l
2881 5676 3094 5753 Cor._n,
3126 5678 3181 5735 6.
3224 5681 3245 5711 ⁶
3277 5680 3476 5752 pres.
3503 5681 3664 5750 v,‘52.

406 5750 425 5771 ⁷
450 5739 610 5797 Joan.
640 5759 677 5807 ι,
706 5743 728 5796 1
765 5758 887 5814 sqq.
