4004 6144
388 278 495 336 527

1735 269 1796 326 ὃ.
1835 264 2181 324 ΕΡΙΡΗΔΝῘΙ
3551 264 3589 318 5

383 401 684 465 hominum,
731 412 799 453 eo
848 395 968 466 ipso
1010 392 1156 466 quod
1219 390 1505 447 Hominem
1557 400 1967 453 commemorat,

2074 390 2337 460 θρώπων,
2364 391 2682 465 Ἄνθρωπον
2700 391 2872 447 εἰπὼν
2899 391 3047 466 ἄρτι,
3078 390 3174 446 καὶ
3191 389 3291 462 τὴν
3327 389 3664 463 Ἐκκλησίαν

377 495 581 550 eadem
623 505 753 546 voce
785 497 838 544 et
870 487 1172 542 Ecclesiam
1203 485 1605 555 complectitur,
1640 491 1698 536 ut
1725 483 1965 552 coniugii

372 585 706 640 societatem
733 580 1034 649 intelligas.
1067 577 1203 631 Nam
1227 592 1295 632 ex
1329 575 1507 631 Verbo
1529 573 1763 645 Vitaque
1793 573 1967 627 llomo

391 685 555 747 atque
588 673 832 729 Ecclesia
864 678 1192 728 nascuntur.

457 851 732 907 Caeterum
772 851 951 906 lucem
986 847 1271 903 hominum
1321 845 1530 900 idcirco
1572 845 1742 899 vitam
1791 843 1968 898 nomi-

391 938 561 1004 navit,
593 938 742 1007 quod
771 937 839 991 ab
871 952 934 991 ea
983 936 1058 989 illi
1105 935 1412 989 collustrati
1460 934 1591 996 sint,
1632 932 1776 1002 quod
1823 933 1966 987 idem

389 1035 475 1082 est
521 1043 584 1082 ac
639 1027 856 1099 ﬁgurari
893 1035 946 1081 et
987 1025 1342 1080 manifestum
1396 1025 1532 1079 ﬁeri.
1566 1024 1720 1090 Quod
1763 1023 1968 1079 Paulus

394 1123 509 1191 ipse
541 1119 1028 1184 testatum-Omne,
1064 1118 1264 1188 inquit,
1311 1117 1448 1186 quod
1479 1117 1854 1184 manifestatur
1881 1116 1966 1169 lu-

394 1230 509 1267 men
540 1223 616 1268 est
652 1215 692 1266 ³.
757 1211 941 1278 Quare
973 1225 1095 1266 cum
1125 1210 1419 1268 Hominem
1452 1219 1613 1278 atque
1664 1207 1965 1262 Ecclesiam

393 1303 515 1359 Vita
568 1303 889 1375 patefecerit
959 1317 1024 1357 ac
1078 1301 1345 1372 genuerit,
1401 1300 1596 1356 merito
1649 1300 1966 1355 eorumdem

394 1400 485 1453 lux
514 1413 638 1453 esse
684 1397 905 1452 dicitur.
943 1394 1212 1462 Quocirca
1260 1395 1547 1465 perspicue
1595 1392 1836 1450 Joannes
1881 1395 1968 1450 bis

393 1491 573 1546 verbis
609 1505 738 1544 cum
787 1489 916 1552 alia,
950 1495 1066 1542 tum
1100 1485 1332 1541 alterum
1373 1485 1788 1556 quaternionem
1838 1499 1970 1555 ape-

389 1583 524 1645 ruit,
556 1581 795 1636 Verbum
825 1590 878 1635 et
903 1578 1106 1646 Vitam,
1138 1578 1422 1635 Hominem
1445 1585 1609 1646 atque
1638 1576 1965 1633 Ecclesiam.

392 1672 502 1730 Nec
538 1676 720 1728 minus
755 1681 946 1726 tamen
986 1673 1223 1742 priorem
1275 1671 1688 1741 quaternionem
1742 1670 1965 1724 indicat.

2073 483 2378 555 ὁμωνύμως
2402 485 2481 555 τῷ
2503 486 2776 559 ἀνθρώπῳ
2807 485 3102 556 ἐμήνυσεν,
3127 484 3275 546 ὅπως
3301 482 3389 535 διὰ
3413 483 3506 536 τοῦ
3538 484 3663 547 ἐνὸς

2073 574 2335 645 ὀνόματος
2367 575 2585 650 δηλώσῃ
2622 579 2720 648 τὴν
2750 578 2852 647 τῆς
2897 576 3162 644 συζυγίας
3207 573 3514 628 κοινωνίαν.
3560 575 3663 628 Ἐκ

2073 665 2183 735 γάρ
2217 665 2311 718 τοῦ
2334 668 2506 736 Λόγου
2530 668 2624 721 καὶ
2649 667 2749 738 τῆς
2774 667 2950 737 Ζωῆς,
2982 665 3304 738 Ἄνθρωπος
3332 663 3541 734 γίνεται
3563 666 3663 718 καὶ

2087 756 2402 827 Ἐκκλησία.

2143 848 2263 913 Φῶς
2288 850 2345 903 δὲ
2376 845 2495 904 εἶπε
2519 850 2630 904 τῶν
2657 849 2962 922 ἀνθρώπων
3000 849 3098 921 τὴν
3134 849 3297 920 ζωὴν,
3333 847 3422 901 διὰ
3466 846 3531 900 τὸ
3557 863 3659 898 πε-

2075 942 2341 1011 φωτίσθαι
2376 943 2574 1006 αὐτοὺς
2605 943 2697 1006 ὑπ’
2733 943 2925 1013 αὐτῆς,
2963 941 2993 994 ὃ
3017 941 3081 1011 δή
3114 942 3231 993 ἐστι
3260 941 3660 1012 μεμορφῶσθαι

2073 1033 2170 1086 καὶ
2217 1033 2658 1104 πεφανερῶσθαι.
2704 1033 2876 1087 Τοῦτο
2923 1032 2983 1086 δὲ
3030 1033 3124 1085 καὶ
3165 1034 3194 1085 ὁ
3239 1031 3447 1094 Παῦλος
3484 1030 3658 1099 λέγει’

2073 1124 2205 1180 Πᾶν
2265 1126 2377 1195 τὰρ
2434 1125 2503 1178 τὸ
2533 1126 3002 1194 ’φανερούμενον
3057 1123 3184 1193 φῶς
3244 1124 3436 1177 ἐστιν.
3500 1121 3663 1176 Ἐπεὶ

2073 1218 2250 1270 τοίνυν
2301 1217 2616 1288 ἐφανέρωσε
2663 1218 2758 1272 καὶ⁵
2805 1217 3061 1288 ἐγέννησε
3108 1217 3200 1269 τόν
3239 1232 3300 1268 τε
3336 1215 3664 1286 Ἄνθρωπον

2074 1307 2168 1358 καὶ
2194 1305 2291 1377 τὴν
2337 1307 2666 1377 Ἐκκλησίαν
2715 1309 2750 1378 ἡ
2799 1308 2946 1379 Ζωὴ,
2983 1307 3100 1375 φῶς
3153 1305 3406 1377 εἰρῆσθαι
3450 1305 3657 1358 αὐτῶν.

2073 1397 2268 1466 Σαφῶς
2324 1393 2418 1451 οὖν
2453 1398 2757 1470 δεδήλωκεν
2808 1400 2838 1451 ό
2901 1398 3154 1468 Ἰωάννης
3186 1398 3273 1452 διὰ
3315 1397 3424 1450 τῶν
3481 1397 3661 1464 λόγων

2072 1490 2278 1543 τούτων
2309 1491 2379 1544 τά
2423 1507 2483 1542 τε
2515 1491 2651 1545 άλλα
2697 1491 2794 1544 καὶ
2823 1489 2922 1561 τὴν
2958 1490 3190 1562 τετράδα
3231 1489 3333 1559 τὴν
3371 1488 3659 1559 δευτέραν,

2073 1582 2245 1651 Λόγον
2286 1585 2383 1636 καὶ
2422 1583 2594 1653 Ζωὴν,
2628 1582 2946 1656 Ἄνθρωπον
2973 1583 3068 1636 καὶ
3102 1581 3447 1653 Ἐκκλησίαν.
3493 1581 3658 1635 Ἀλλά

2078 1673 2184 1745 μὴν
2218 1675 2313 1726 καὶ
2344 1674 2441 1745 τὴν
2473 1674 2698 1746 πρώτην
2735 1676 2975 1746 ἐμήνυσε
3005 1673 3257 1745 τετράδα.
3290 1671 3658 1743 Διηγούμενος

392 1767 530 1820 Cum
565 1766 710 1820 enim
767 1765 837 1819 de
886 1764 1170 1818 Salvatore
1218 1762 1460 1824 disserit,
1510 1761 1802 1831 omniaque
1847 1777 1967 1831 qua:

2074 1766 2179 1835 γὰρ
2211 1768 2342 1836 περὶ
2382 1766 2476 1819 τοῦ
2507 1767 2782 1836 Σωτῆρος,
2830 1767 2923 1820 καὶ
2969 1767 3144 1835 λέγων
3178 1766 3355 1819 πάντα
3396 1765 3465 1818 τὰ
3497 1765 3658 1828 ἐκτὸς

392 1865 548 1910 extra
579 1854 829 1908 Pleroma
869 1859 1005 1907 sunt
1039 1852 1120 1906 ab
1151 1852 1270 1922 ipso
1315 1867 1440 1907 esse
1473 1849 1704 1906 formata
1755 1851 1967 1915 scribit,

396 1946 564 2000 totius
598 1945 750 1998 illum
782 1942 1105 1998 Pleromatis
1135 1941 1373 1996 fructum
1405 1957 1530 1997 esse
1550 1949 1968 1997 commonstrat.

397 2036 528 2091 Nam
567 2037 716 2090 illum
749 2037 1075 2091 lucem-esse
1107 2035 1264 2100 dixit,
1291 2050 1411 2105 quae
1443 2035 1588 2089 lucet
1612 2035 1667 2088 in
1705 2035 1968 2096 tenebris,

397 2144 497 2184 nec
521 2128 590 2182 ab
621 2127 756 2199 ipsis
785 2127 1299 2197 comprehenditur;
1345 2143 1410 2182 eo
1429 2126 1577 2199 quod
1610 2141 1734 2181 cum
1760 2125 1968 2190 omnia,

393 2235 514 2290 qua:
542 2235 608 2273 ex
646 2217 1013 2272 commotione
1045 2225 1227 2270 ortum
1261 2217 1588 2282 habuerant,
1624 2214 1970 2284 composuis-

391 2324 495 2375 set,
532 2313 600 2368 ab
632 2312 739 2368 illis
781 2325 1122 2381 nequaquam
1152 2319 1235 2365 est
1277 2310 1518 2380 agnitus.
1567 2309 1729 2378 198
1777 2307 1884 2362 Sed
1915 2313 2002 2362 et‘

393 2404 588 2459 Filium
620 2403 870 2459 eumdem
901 2416 968 2458 ac
999 2399 1381 2463 Veritatem,et
1418 2400 1617 2466 Vitam,
1647 2409 1702 2454 et
1731 2399 1968 2454 Verbum

391 2497 535 2567 quod
553 2512 683 2551 caro
702 2494 904 2549 factum
927 2495 996 2550 sit
1014 2493 1268 2563 appellat.
1293 2491 1482 2561 Cujus,
1513 2493 1712 2561 inquit,
1743 2493 1969 2560 gloriam

393 2589 618 2641 vidimus
646 2603 664 2640 :
686 2594 898 2656 eratque
921 2586 1092 2654 gloria
1120 2586 1235 2653 ejus
1259 2584 1413 2653 quasi
1450 2582 1718 2653 Unigeniti
1745 2583 1912 2636 eidem
1934 2601 1970 2636 a

398 2681 557 2735 Patre
590 2695 859 2741 concessa,
882 2679 1037 2747 plena
1065 2677 1256 2746 gratia:
1286 2685 1338 2728 et
1363 2675 1624 2730 veritatis.
1669 2673 1781 2729 Hoc
1809 2675 1957 2728 enim

393 2774 556 2829 modo
584 2772 779 2829 scribit
811 2788 829 2825 :
863 2770 932 2824 Et
975 2769 1197 2824 Verbum
1243 2785 1365 2822 caro
1413 2768 1617 2836 factum
1657 2778 1757 2833 est,
1793 2775 1842 2820 et
1873 2766 1972 2820 ha-

394 2863 576 2916 bitavit
623 2861 677 2914 in
707 2859 878 2922 nobis,
915 2868 964 2912 et
1010 2859 1234 2912 vidimus
1280 2857 1510 2928 gloriam
1555 2857 1691 2924 ejus,
1737 2856 1966 2927 gloriam

392 2952 547 3020 quasi
580 2949 846 3021 Unigem'ti
885 2966 918 3001 a
953 2947 1136 3012 Patre,
1167 2948 1378 3016 plenum
1406 2947 1595 3017 gratim
1618 2956 1675 3000 et
1708 2947 1966 3000 veritatis.
2013 2959 2016 2963 ‘

2073 1857 2171 1909 τοῦ
2197 1857 2572 1929 Πληρώματος
2600 1859 2666 1912 δι’
2695 1859 2862 1912 αὐτοῦ
2896 1857 3308 1929 μεμορφῶσθαι,
3343 1857 3557 1928 καρπὸν
3580 1854 3660 1910 εἷ-

2069 1949 2160 2002 ναί
2201 1966 2364 2019 φησιν
2392 1950 2558 2003 αὐτὸν
2596 1950 2791 2012 παντὸς
2820 1949 2915 2002 τοῦ
2956 1947 3348 2020 Πληρώματος.
3387 1948 3502 2001 Καὶ
3547 1948 3658 2018 γάρ

2071 2039 2188 2108 φῶς
2218 2042 2440 2111 εἴρηκεν
2468 2042 2629 2094 αὐτὸν
2661 2041 2722 2093 τὸ
2756 2041 2814 2092 ἐν
2850 2043 2919 2112 τῇ
2947 2041 3136 2110 σκοτίᾳ
3175 2039 3522 2110 φαινόμενον,
3561 2037 3658 2092 καὶ

2073 2132 2149 2203 μὴ
2193 2132 2536 2200 καταληφθὲν
2577 2133 2667 2185 ὑπ’
2703 2131 2874 2203 αὐτῆς
2896 2149 2909 2161 ·
2961 2131 3150 2201 ἐπειδὴ
3183 2130 3361 2184 πάντα
3400 2130 3470 2182 τά
3504 2130 3658 2197 γενό-

2073 2241 2210 2298 μενα
2251 2225 2316 2276 ἐκ
2363 2225 2458 2277 τοῦ
2507 2223 2710 2288 πάθους
2737 2225 2987 2296 ἁρμόσας
3040 2222 3278 2294 ἡγνοήθη
3319 2223 3412 2276 ὑπ’
3462 2222 3654 2291 αὐτῆς.

2070 2317 2184 2370 Καὶ
2218 2317 2343 2370 Υίὸν
2384 2318 2463 2381 δὲ,
2497 2319 2592 2370 καὶ
2629 2317 2927 2389 Ἀλήθειαν,
2956 2317 3051 2370 καὶ
3101 2318 3254 2387 Ζωὴν
3281 2315 3428 2383 λέγει
3466 2314 3655 2379 αὑτὸν,

2071 2407 2166 2460 καὶ
2191 2407 2363 2474 Λόγον
2391 2408 2569 2476 σάρκα
2600 2409 2922 2479 γενόμενον·
2961 2403 3044 2462 Οὖ
3089 2406 3204 2474 τὴν
3256 2405 3446 2470 δόξαν
3489 2406 3656 2459 ἐθεα-

2070 2501 2323 2567 σάμεθα,
2358 2500 2528 2576 φησί’
2593 2501 2691 2553 καὶ
2738 2495 2821 2570 ἦν
2868 2500 2908 2567 ἡ
2951 2499 3103 2564 δόξα
3135 2498 3322 2552 αὑτοῦ
3373 2499 3466 2551 οἵα
3501 2493 3583 2567 ἦν
3612 2497 3654 2565 ἠ

2070 2590 2178 2644 τοῦ
2199 2591 2582 2660 Μονογενοῦς
2602 2591 2640 2659 ἡ
2674 2591 2792 2644 ὑπὸ
2814 2590 2920 2644 τοῦ
2944 2589 3176 2659 Πατρός
3199 2588 3442 2642 δοθεῖσα
3469 2587 3656 2654 αὐτῷ,

2069 2675 2311 2744 πλήρης
2357 2678 2599 2746 χάριτος
2642 2677 2743 2731 καὶ
2793 2678 3100 2746 ἀληθείας.
3147 2678 3310 2746 Λέγει
3357 2677 3415 2730 δὲ
3470 2676 3652 2731 οὕτωο

2071 2766 2182 2818 Καὶ
2235 2769 2270 2819 ὁ
2323 2767 2516 2836 Λόγος
2550 2766 2708 2836 σὰρξ
2754 2766 3009 2835 ἐγένετο,
3052 2768 3151 2822 καὶ
3199 2765 3556 2833 ἐσκήνωσεν
3581 2767 3659 2821 ἐν

2069 2858 2248 2928 ἡμῖν·
2301 2859 2399 2913 καὶ
2445 2857 2816 2928 ἐθεασάμεθα
2847 2858 2964 2926 τὴν
3001 2858 3190 2924 δόξαν
3224 2859 3434 2924 αὐτοῦ,
3463 2858 3659 2922 δόξαν

2071 2950 2152 3016 ὡς
2193 2949 2576 3020 Moverer-05c
2619 2953 2779 3020 παρὰ
2815 2952 3085 3020 Πατρός,
3140 2952 3382 3020 πλήρης
3411 2951 3658 3020 χάριτος

393 3045 513 3109 Quo
555 3043 609 3096 in
659 3045 780 3096 loco
806 3041 1044 3111 primum
1089 3043 1509 3109 quaternionem
1541 3039 1967 3094 accuratissime

2074 3041 2172 3094 καὶ
2201 3043 2511 3111 ἀληθείας.
2559 3041 2826 3115 Ἀκριϐῶς
2861 3038 2954 3096 οὖν
2995 3044 3090 3097 καὶ
3115 3042 3214 3113 τὴν
3253 3041 3475 3113 πρώτην
3510 3043 3656 3112 ἐμή-

361 3135 684 3205 ~descripsit
719 3153 732 3189 :
767 3149 891 3188 cum
924 3105 1144 3186 Patrem
1178 3132 1502 3195 nominavit,
1537 3141 1592 3186 et
1611 3131 1886 3196 Gratiam,
1917 3141 1967 3186 et

2074 3149 2200 3184 νυσε
2248 3134 2512 3204 τετράδα·
2571 3133 2791 3204 Πατέρα
2843 3132 3013 3185 εἰπὼν
3057 3133 3154 3186 καὶ
3187 3133 3385 3204 Χάριν,
3420 3133 3512 3186 καὶ
3559 3133 3657 3186 τὸν

402 3226 773 3297 Unigenituut,
807 3240 870 3279 ac
925 3222 1241 3279 Veritatem.
1296 3221 1372 3277 Ita
1427 3223 1588 3294 plane
1617 3223 1859 3280 Joannes
1902 3225 1967 3280 de

2074 3228 2375 3297 Μονογενῆ,
2413 3229 2507 3281 καὶ
2569 3227 2873 3298 Ἀλήθειαν.
2918 3227 3105 3292 Οὕτως
3147 3230 3176 3282 ό
3222 3228 3473 3298 Ἰωάννης
3523 3229 3656 3300 περὶ

401 3321 600 3390 prima,
632 3319 876 3387 adeoque
911 3326 1087 3372 matre
1123 3316 1367 3370 omnium
1417 3317 1654 3372 IEonum
1714 3315 1972 3386 Ogdoade

397 3413 615 3467 locutus
662 3417 769 3464 est.
813 3408 951 3464 Istos
993 3409 1138 3463 enim
1185 3408 1508 3462 nominatim
1545 3409 1819 3477 concepit,
1867 3407 1966 3461 Pa-

396 3513 559 3567 trem,
590 3499 854 3564 Gratiam,
891 3497 1215 3569 Unigenam,
1246 3497 1562 3566 Veritatem,
1590 3495 1849 3564 Verbum,
1879 3496 1973 3552 Vi-

395 3602 528 3655 tam,
563 3591 872 3657 Hominem,
909 3589 1232 3644 Ecclesiam.

467 3681 698 3738 XXVIIL
751 3681 932 3746 Vides,
957 3682 1313 3746 cbarissime,
1342 3692 1514 3736 artem
1551 3679 1698 3734 illam
1730 3694 1794 3735 ac
1827 3679 1973 3735 frau-

395 3774 539 3837 dem,
588 3787 697 3844 qua
729 3770 1089 3840 sibimetipsis
1121 3770 1359 3824 illudunt
1391 3769 1665 3834 haeretici,
1710 3768 1839 3823 dum
1889 3785 1974 3825 sa-

393 3864 506 3917 cris
537 3862 760 3917 Litteris
790 3877 888 3931 per
921 3861 1252 3915 calumniam
1301 3861 1620 3924 abutuntur,
1653 3870 1710 3914 ut
1751 3876 1816 3915 ex
1853 3861 1972 3914 illa-

393 3969 513 4007 rum
541 3953 854 4008 testimonio
884 3952 1082 4007 fabulis
1112 3954 1229 4009 suis
1253 3952 1475 4022 pondus
1505 3961 1558 4007 et
1587 3953 1969 4006 auctoritatem

392 4047 706 4101 concilient.
733 4045 1097 4112 Quamobrem
1120 4045 1372 4100 consulto
1393 4046 1611 4100 illorum
1642 4044 1698 4102 in
1731 4044 1969 4097 medium

391 4139 555 4192 verba
613 4139 834 4206 protuli,
888 4145 948 4191 ut
1007 4137 1300 4190 miriﬁcum
1357 4137 1599 4205 ipsorum
1649 4134 1970 4190 calliditatis

394 4229 682 4282 artiﬁcium
732 4235 895 4296 atque
914 4227 1116 4281 erroris
1139 4228 1460 4296 pravitatem
1484 4225 1966 4279 animadverteres.

391 4320 637 4372 Primum
685 4318 852 4380 enim,
884 4318 930 4370 si
981 4315 1176 4370 Joanni
1208 4332 1520 4388 supremam
1567 4317 1714 4369 illam
1756 4314 1970 4386 Ogdoa—

2070 3319 2171 3387 τῆς
2207 3317 2428 3388 πρώτης
2458 3319 2553 3372 καὶ
2582 3320 2787 3390 μητρὸς
2818 3319 2928 3373 τῶν
2953 3319 3088 3372 ὅλων
3111 3319 3332 3373 Aldran
3373 3322 3656 3389 Ὀγδοάδος

2071 3410 2282 3480 εῐρηκε.
2338 3411 2560 3481 Πατέρα
2605 3410 2714 3481 γὰρ
2761 3411 2951 3483 εἴρηκε
2987 3411 3081 3464 καὶ
3110 3411 3307 3481 Χάριν,
3349 3413 3446 3466 καὶ
3477 3413 3656 3466 Μονο-

2071 3501 2228 3571 γενῆ,
2287 3502 2383 3554 καὶ
2441 3502 2744 3572 Ἀλήθειαν,
2794 3504 2889 3557 καὶ
2938 3503 3132 3573 Λόγον,
3189 3504 3282 3559 καὶ
3329 3505 3505 3575 Ζωην,
3559 3505 3658 3559 καὶ

2076 3593 2418 3664 Ἄνθρωπον,
2455 3595 2548 3646 καὶ
2593 3593 2941 3666 Ἐκκλησίαν.

2143 3686 2277 3745 KH'.
2325 3688 2506 3757 Ὁρᾷς,
2526 3687 2804 3759 άγαπητὲ,
2829 3686 2926 3758 τὴν
2959 3686 3201 3758 μέθοδον,
3302 3687 3352 3738 οἱ
3379 3685 3656 3756 χρώμενοι

2073 3775 2508 3848 φρεναπατοῦσιν
2555 3779 2801 3840 ἑαυτοὺς,
2832 3775 3232 3847 ἐπηρεάζοντες
3276 3774 3377 3838 τὰς
3408 3775 3654 3845 Γραφὰς,

2070 3867 2132 3918 τὸ
2160 3865 2384 3935 πλάσμα
2419 3864 2599 3917 αὐτῶν
2630 3866 2690 3931 ἐξ
2718 3865 2896 3919 αὐτῶν
2929 3863 3268 3917 συνιστάνειν
3297 3862 3653 3934 πειρώμενοι.

2071 3958 2169 4010 Διὰ
2216 3957 2376 4010 τοῦτο
2426 3957 2534 4028 γάρ
2576 3959 2673 4010 καὶ
2729 3958 2893 4020 αὐτὸς
2939 3955 3262 4028 παρεθέμην
3309 3953 3489 4006 αὐτῶν
3554 3954 3656 4018 τὰς

2070 4047 2262 4111 λέξεις,
2291 4047 2378 4100 ἵνα
2403 4048 2463 4112 ἐξ
2488 4047 2669 4101 αὐτῶν
2698 4049 3037 4118 κατανοήσῃς
3066 4046 3165 4114 τὴν
3190 4042 3529 4114 πανουργίαν
3552 4045 3656 4114 τῆς

2073 4138 2376 4208 μεθοδείας,
2406 4140 2499 4191 καὶ
2531 4137 2631 4207 τὴν
2683 4135 2948 4207 πονηρίαν
2997 4135 3096 4204 τῆς
3146 4133 3373 4204 πλάνης.
3428 4131 3655 4202 Πρῶτον

2069 4232 2171 4302 μὲν
2221 4232 2331 4301 γὰρ
2377 4232 2428 4283 εί
2475 4232 2763 4302 προέκειτο
2815 4228 3035 4298 Ἰωάννῃ
3078 4227 3175 4298 τὴν
3218 4225 3333 4279 ἄνω
3391 4224 3650 4291 ὐγδοάδα

2073 4325 2355 4393 μηνύσειν,
2408 4321 2505 4392 τὴν
2560 4322 2714 4388 τάξιν
2748 4321 2814 4375 ἂν
2859 4322 3149 4391 τετηρήκει
3200 4319 3301 4389 τῆς
3357 4316 3651 4388 προϐολῆς,

394 4401 518 4463 clem
566 4408 845 4462 declarare
897 4407 1239 4477 propositum
1292 4407 1516 4471 luisset,
1568 4409 1964 4476 procreationis

2074 4417 2165 4468 καὶ
2192 4417 2291 4485 τὴν
2314 4414 2536 4484 πρώτην
2566 4415 2609 4466 Τ
2613 4414 2812 4485 ετράδα
2847 4411 3293 4482 σεϐασμιωτάτην
3325 4404 3514 4473 οὖσαν,
3549 4425 3647 4461 κα-

393 4501 638 4556 ordinem
675 4507 938 4563 servaret,
983 4513 1046 4552 ac
1079 4497 1314 4567 priorem
1365 4499 1539 4562 illum,
1572 4497 1650 4552 uti
1683 4508 1958 4564 asserunt,

393 4595 956 4667 augustissimumque
991 4592 1431 4661 qualernionem,
1470 4591 1524 4644 in
1567 4593 1746 4661 prima
1782 4594 1960 4647 nomi-

392 4704 523 4743 num
573 4688 714 4744 serie
763 4687 1089 4750 collocaret;
1142 4691 1256 4738 tum
1305 4684 1604 4739 secundum
1643 4686 1958 4754 subjiceret,

394 4788 452 4832 nt
501 4794 597 4849 per
643 4777 1032 4832 vocabulorum
1079 4773 1327 4830 ordinem
1379 4774 1656 4847 Ogdoadis
1702 4776 1838 4829 ordo
1870 4775 1962 4831 dc—

393 4876 790 4924 monstraretur
819 4885 834 4920 :
869 4882 1044 4936 neque
1071 4875 1222 4919 tanto
1249 4866 1552 4930 intervallo,
1584 4866 1729 4919 velut
1758 4866 1962 4920 oblitus

391 4976 455 5016 ac
494 4960 673 5016 denuo
713 4958 1054 5020 recordatus,
1103 4957 1512 5027 qualernionem
1558 4959 1794 5027 primunt
1830 4956 1961 5010 ulti-

393 5068 540 5107 tnum
570 5055 626 5107 in
674 5054 851 5106 locum
884 5051 1200 5119 conjiceret.
1236 5048 1438 5104 Deinde
1486 5050 1532 5104 si
1577 5051 1958 5120 conjugiorum

393 5145 722 5198 mentionem
753 5143 927 5198 facere
956 5144 1131 5201 vellet.
1167 5158 1447 5212 nunquam
1474 5142 1731 5198 Ecclesiae
1761 5159 1963 5198 nomen

391 5238 846 5305 praetermitteret.
905 5234 1009 5288 Sed
1050 5235 1136 5288 vel
1183 5236 1393 5289 cmteris
1427 5235 1590 5288 etiam
1637 5234 1691 5287 in
1736 5235 1963 5303 paribus

394 5326 741 5382 recensendis
793 5327 940 5380 solos
1000 5327 1261 5380 duntaxat
1321 5343 1500 5382 mares
1556 5327 1900 5396 nominasset
1947 5347 1959 5382 :

391 5435 516 5472 cum
560 5427 614 5474 et
655 5418 756 5489 ipsi
788 5418 1038 5472 similiter
1067 5436 1174 5474 una
1220 5420 1445 5490 intelligi
1498 5419 1751 5490 possint;
1809 5431 1867 5474 ut
1906 5421 1962 5474 in

393 5509 649 5563 omnibus
695 5506 1104 5561 similitudinem
1152 5509 1629 5577 aequalitatemque
1699 5519 1962 5564 servaret.

477 5705 494 5736 ⁸
519 5705 716 5778 Ephes.
749 5723 802 5768 ν.
833 5708 918 5762 15.
994 5710 1014 5740 ¹
1050 5708 1174 5761 For.
1205 5707 1238 5773 ἦ
1272 5710 1340 5761 εξ.

2069 4506 2176 4569 θὼς
2214 4506 2481 4572 λέγουσιν,
2514 4507 2572 4559 ἐν
2606 4504 2840 4576 πρώτοις
2874 4504 2942 4557 ἂν
2971 4503 3203 4556 τεθείκει
3243 4505 3358 4564 τοῖς
3386 4500 3647 4570 ὀνόμασι·

2069 4598 2164 4650 καὶ
2209 4597 2382 4661 οὕτως
2427 4597 2731 4668 ἐπεζεύχθη
2779 4599 2877 4667 τὴν
2935 4597 3228 4666 δευτέραν,
3280 4597 3366 4648 ἵνα
3408 4593 3498 4647 διὰ
3549 4593 3649 4662 τῆς

2067 4689 2274 4754 τάξεως
2307 4693 2412 4743 τῶν
2440 4691 2719 4761 ὀνομάτων
2744 4693 2778 4760 ἡ
2802 4689 2956 4753 τάξις
2981 4688 3164 4760 δειχθῇ
3193 4687 3294 4758 τῆς
3331 4686 3612 4755 Ὀγδοάδος
3631 4701 3646 4714 ·

2069 4783 2162 4835 καὶ
2219 4784 2319 4836 οὐκ
2363 4783 2429 4837 ἂν
2485 4783 2620 4854 μετὰ
2674 4781 2924 4836 τοσοῦτον
2965 4781 3272 4850 διάστημα,
3323 4779 3398 4841 ὡς
3423 4778 3649 4848 ἐκλέλη-

2071 4875 2285 4944 σμένος,
2317 4875 2507 4929 ἔπειτα
2538 4874 2901 4947 ἀναμνησθεὶς
2929 4875 3014 4926 ἐπ’
3037 4875 3246 4944 ἐσχάτῳ
3265 4871 3487 4942 πρώτης
3518 4871 3647 4940 ἐμέ-

2072 4983 2241 5036 μνητο
2271 4966 2558 5038 Τετράδος.
2609 4967 2838 5019 Ἔπειτα
2876 4964 2934 5016 δὲ
2981 4964 3075 5016 καὶ
3119 4963 3217 5025 τάς
3251 4960 3514 5029 συζυγίας
3545 4976 3645 5030 ση-

2071 5058 2238 5126 μᾶναι
2286 5058 2472 5124 θέλων,
2506 5058 2600 5112 καὶ
2628 5059 2689 5111 τὸ
2721 5059 2821 5128 τῆς
2893 5055 3218 5124 Ἐκκλησίας
3264 5053 3364 5105 οὐκ
3401 5052 3469 5104 ἂν
3504 5067 3642 5122 παρ-

2071 5145 2255 5200 έλιπεν
2277 5149 2466 5219 ὄνομα.
2505 5148 2642 5200 Ἀλλ’
2675 5148 2707 5217 ἢ
2742 5147 2837 5201 καὶ
2878 5146 2970 5198 ἐπὶ
3001 5146 3110 5197 τῶν
3138 5144 3341 5196 λοιπῶν
3373 5142 3646 5210 συζυγιῶν

2070 5235 2310 5306 ἠρκέσθη
2341 5241 2406 5308 τῇ
2448 5237 2555 5288 τῶν
2581 5237 2827 5308 ἀρρένων
2861 5234 3222 5304 προσηγορίᾳ,
3248 5232 3450 5302 ὁμοίως
3479 5231 3641 5284 δυνα-

2073 5328 2248 5398 μένων
2280 5329 2546 5382 κάκείνων
2568 5325 3057 5394 συνυπακούεσθαι,
3074 5326 3162 5378 ἵνα
3186 5323 3280 5393 τὴν
3305 5323 3532 5391 ἑνότητα
3558 5322 3650 5375 διὰ

2071 5418 2287 5472 πάντων
2378 5419 2726 5488 πεφυλακὼς,
2752 5420 2801 5472 εί
2830 5421 2850 5450 ³
2877 5416 2986 5470 τῶν
3014 5415 3217 5468 λοιπῶν
3255 5415 3351 5477 τὰς
3379 5413 3650 5482 συζύγους

2072 5510 2347 5580 κατέλεγε,
2398 5511 2493 5566 καὶ
2546 5511 2643 5582 τὴν
2688 5509 2780 5564 τοῦ
2845 5506 3157 5582 Ἀνθρώπου
3213 5505 3279 5561 ἂν
3339 5503 3645 5577 μεμηνύκει
