4018 6120
380 284 488 341 5‘29

1128 293 1498 352 ADVERSUS
1535 289 1878 352 H/ERESES
1917 291 2045 349 LIB.
2085 293 2130 352 1.
2170 293 2332 353 TOM.
2375 296 2441 353 il.
2478 329 2549 341 —
2585 298 2862 360 HASRES.
2897 301 3090 358 XXXI.

3539 302 3648 357 530

387 402 639 472 σύζυγον,
667 407 761 460 καὶ
794 409 895 462 οὐκ
929 409 996 464 ἂν
1022 412 1232 484 ἀφῆκεν
1257 413 1322 469 ὲκ
1354 408 1610 485 μαντείας
1648 417 1794 486 ἡμᾶς
1819 415 1939 486 λαμ·

2064 413 2159 472 Vel
2203 416 2249 472 si
2277 418 2608 490 reliquorum
2637 421 2894 493 conjugcs
2924 429 3290 486 enumeraret,
3320 424 3480 478 etiam
3529 420 3637 476 llo-

299 509 316 524 ι·
383 494 570 547 ϐάνειν
599 497 833 570 τοῦνομα
864 502 1054 574 αὐτῆς.
1085 505 1300 578 Φανερὰ
1331 503 1427 561 οὖν
1453 509 1486 578 ή
1513 508 1612 578 τῆς
1649 507 1939 580 ἐξηγήσεως

2065 508 2230 564 minis
2261 510 2562 582 attigisset;
2595 527 2771 582 neque
2792 513 3068 568 divinandi
3101 513 3247 570 illius
3273 513 3513 568 nominis
3544 530 3634 568 ne-

385 603 534 658 παρα
545 588 775 662 ποίησις.

451 763 557 818 Τοῦ
587 764 696 838 γὰρ
753 769 1001 825 Ἰωάννου
1043 772 1140 827 ἕνα
1191 774 1324 830 Θεὸν
1374 779 1807 851 παντοκράτορα,
1863 781 1959 834 καὶ

377 855 476 910 ἕνα
521 862 783 934 μονογενῆ
834 863 1069 935 Χριστὸν
1123 867 1329 938 Ἰησοῦν
1380 870 1768 942 κηρύσσοντος,
1795 873 1862 926 δι’
1893 865 1955 928 06

376 945 445 998 τὰ
473 947 651 1002 πάντα
681 952 962 1020 γεγονέναι
989 951 1158 1022 λέγει,
1187 957 1376 1013 τοῦτον
1409 959 1545 1014 Υίὸν
1575 963 1745 1028 Θεοῦ,
1765 963 1955 1018 τοῦτον

376 1041 708 1112 Μονογενῆ,
759 1043 947 1098 τοῦτον
993 1045 1237 1102 πάντων
1273 1050 1555 1121 ποιητὴν,
1598 1052 1785 1108 τοῦτον
1826 1055 1954 1125 φῶς

373 1131 699 1200 ἀληθινὸν,
750 1137 1076 1205 φωτίζοντα
1127 1140 1323 1197 πάντα
1372 1142 1707 1212 ἄνθρωπον,
1763 1147 1952 1202 τοῦτον

375 1223 611 1292 κόσμου
657 1228 934 1297 ποιητὴν,
971 1229 1160 1286 τοῦτον
1208 1235 1296 1299 είς
1327 1233 1402 1288 τὰ
1435 1235 1558 1289 ἴδια
1585 1237 1947 1307 ἐληλυθότα,

370 1314 562 1370 τοῦτον
599 1319 787 1373 αὑτὸν
817 1321 1016 1390 σάρκα
1062 1327 1368 1394 γεγονότα,
1424 1327 1524 1383 καί
1562 1329 1951 1398 ἐσκηνωκότα

371 1403 441 1455 ἑν
470 1404 632 1472 ἡμῖν,
662 1401 830 1473 οὗτοι,
859 1412 1303 1484 παρατρέποντες
1333 1416 1476 1471 κατὰ
1508 1417 1568 1471 16
1599 1419 1822 1475 πιθανὸν
1849 1423 1949 1493 τὴν

370 1495 651 1565 ἐξήγησιν,
687 1497 847 1554 ἄλλον
903 1502 1002 1572 μὲν
1048 1504 1140 1558 16v
1187 1508 1466 1580 Μονογενῆ
1515 1509 1758 1565 θέλουσιν
1809 1509 1947 1567 εἶναι

369 1583 511 1638 κατὰ
533 1588 633 1657 τὴν
655 1589 943 1663 προϐολὴν,
982 1593 1041 1647 ὃν
1070 1595 1133 1668 δὴ
1162 1599 1254 1652 καὶ
1296 1599 1492 1672 Ἀρχὴν
1515 1601 1790 1658 καλοῦσιν.
1821 1603 1949 1658 Ἀλ-

368 1675 460 1730 λον
490 1677 548 1730 δὲ
573 1678 664 1731 τὸν
695 1681 926 1754 Σωτῆρα
956 1688 1239 1755 γεγονέναι
1271 1689 1504 1757 θέλουσι,
1544 1694 1638 1748 καὶ
1665 1694 1822 1748 ἄλλον
1855 1697 1948 1751 τὸν

367 1768 541 1836 Λόγον
584 1771 698 1825 υἱὸν
730 1773 824 1826 τοῦ
853 1776 1214 1846 Μονογενοῦς,
1262 1782 1357 1836 καὶ
1398 1782 1558 1837 ἄλλον
1586 1784 1678 1838 τὸν
1711 1787 1945 1858 Χριστὸν

365 1860 448 1922 είς
491 1862 862 1934 ἐπανόρθωσιν
905 1867 999 1921 τοῦ
1053 1871 1424 1942 Πληρὼματος
1479 1876 1940 1948 προϐεϐλημένον.

367 1951 477 2006 Καὶ
525 1951 583 2005 ἓν
633 1953 863 2010 ἕκαστον
914 1959 1024 2014 τῶν
1073 1961 1380 2033 εἰρημένων
1422 1965 1654 2038 ἄραντες
1702 1969 1810 2022 ἀπὸ
1845 1971 1946 2040 τῆς

364 2041 644 2111 ἀληθείας,
696 2049 1175 2122 καταχρησάμενοι
1221 2056 1336 2118 τοῖς
1379 2057 1658 2128 ὀνόμασιν,
1716 2062 1796 2124 εἰς
1845 2061 1944 2133 τὴν

369 2133 506 2188 ίδίαν
559 2135 818 2191 ὑπόθεσιν
871 2143 1232 2212 μετήνεγκαν.
1268 2145 1429 2199 Ὥστε
1485 2151 1607 2203 κατ’
1661 2152 1854 2217 αὐτοὺς
1885 2154 1943 2207 ὲν

363 2227 775 2316 τοῖςγτοσούτοις
803 2230 894 2284 τὸν
936 2233 1190 2308 Ἰωάννην
1221 2238 1316 2291 τοῦ
1351 2240 1556 2311 Κυρίου
1601 2243 1782 2314 Ἰησοῦ,
1808 2246 1943 2316 Χρι-

367 2315 492 2406 στοῦ
524 2319 712 2387 μνείαν
744 2323 760 2353 ⁸
797 2325 1089 2380 ποιεῖσθαι.
1116 2328 1180 2381 Ei
1211 2329 1320 2402 γὰρ
1351 2332 1572 2404 Πατέρα
1603 2333 1813 2406 εἴρηκε,
1847 2315 1941 2391 καὶ

366 2404 558 2477 Χάριν,
613 2410 707 2462 καὶ
757 2412 1058 2487 Μονογενῆ,
1107 2420 1202 2496 καὶ
1267 2421 1568 2492 Ἀλήθειαν,
1605 2404 1722 2478 καί
1745 2427 1937 2496 Λόγον,

363 2497 456 2549 καὶ
488 2498 661 2570 Ζωὴν,
720 2505 813 2556 καὶ
869 2507 1211 2580 ¹Ἄνθρωπον,
1265 2514 1362 2566 καὶ
1403 2514 1748 2587 Ἐκκλησίαν,
1798 2521 1940 2576 κατὰ

360 2589 460 2680 τὴν
491 2591 717 2646 ἐκείνων
764 2595 1042 2680 ὐπόθεσιν,
1071 2602 1200 2672 περὶ
1247 2604 1349 2675 τῆς
1394 2606 1618 2680 πρώτης
1657 2607 1940 2679 Ὀγδοάδος

361 2679 618 2755 εἴρηκεν,
666 2686 726 2737 ὲν
776 2679 809 2758 ᾖ
856 2688 1068 2744 οὐδέπω
1108 2693 1335 2766 Ἰησοῦς,
1384 2679 1596 2769 οὐδέπω
1642 2701 1874 2771 Χριστὸς
1911 2706 1941 2759 6

359 2772 453 2828 106
495 2775 741 2830 Ἰωάννου
780 2779 1115 2846 διδάσκαλος.
1150 2787 1271 2840 Ὅτι
1303 2787 1359 2840 δὲ
1387 2790 1447 2843 οὐ
1482 2792 1610 2864 περὶ
1640 2793 1748 2847 τῶν
1779 2796 1941 2861 συζυτ-

361 2863 703 2958 ῘεῶνΑαύτῶν
733 2871 762 2923 ὁ
821 2872 1141 2940 Ἀπόστολος
1186 2878 1429 2950 εἴρηκεν,
1481 2863 1618 2938 ἀλλὰ
1669 2889 1794 2958 περὶ
1843 2888 1937 2942 τοῦ

362 2955 567 3026 Κυρίου
618 2959 775 3030 ἡμῶν
835 2962 1011 3034 Ἰησοῦ
1061 2967 1322 3036 Χριστοῦ,
1370 2971 1428 3024 ὃν
1487 2974 1585 3027 καὶ
1619 2955 1794 3045 Λόγον
1828 2975 1938 3032 οἶδε

357 3045 451 3098 τοῦ
490 3048 648 3117 Θεοῦ,
688 3053 850 3118 αὐτὸς
887 3058 1153 3129 πεποίηκε
1187 3063 1437 3134 φανερόν,
1479 3065 1932 3139 Ἀνακεφαλαιού-
1962 3103 2005 3160 C

566 3141 663 3160 μμ
832 3147 844 3160 .
951 3148 976 3159 ..
1045 3152 1057 3160 .
1194 3152 1204 3160 .
1393 3155 1405 3160 _
1461 3156 1485 3160 μ
1562 3159 1567 3160 ,

361 3155 522 3239 μένος
563 3141 701 3239 γὰρμ
725 3147 854 3217 περὶ
884 3148 978 3202 τοῦ
1008 3152 1303 3222 εἰρημένου
1347 3155 1496 3227 αὐτῴ
1537 3159 1650 3214 ἄνω
1695 3165 1754 3216 ὲν
1787 3166 1930 3239 ἀρχῇ

358 3226 517 3297 λόγου
569 3233 937 3305 ὲπεξηγείται·
988 3242 1100 3295 Καὶ
1145 3246 1181 3297 ὀ
1235 3245 1428 3316 Λόγος
1468 3226 1632 3317 Ῠσὰρξ

360 3321 866 3414 καί-ἐσκήνωσεν
917 3331 988 3386 ἐκ
1033 3333 1195 3402 ἡμῖν.
1248 3338 1406 3391 Κατὰ
1449 3338 1506 3394 δὲ
1557 3341 1657 3414 τὴν
1705 3321 1934 3403 ἐκείνων

357 3412 741 3510 ὐπόθεσινᾼούχ
772 3420 801 3472 6
827 3421 999 3490 Λόγος
1031 3423 1169 3496 σὰρξ
1202 3427 1438 3496 ἐγένετο,
1469 3432 1530 3495 ὃς
1557 3412 1622 3502 γε
1658 3436 1778 3490 οὐδὲ
1802 3435 1932 3510 ἦλθέ

357 3520 488 3558 ποτε
522 3507 677 3602 έκτὸς
714 3511 1107 3602 Πληρῴματος,
1142 3517 1276 3572 ἀλλὰ
1301 3520 1330 3571 6
1356 3522 1455 3594 τῆς
1483 3525 1796 3600 οἰκονομίας
1826 3507 1934 3602 ’με-

263 3660 276 3674 δ
354 3597 743 3670 ταγενέστερος
788 3601 882 3654 τοῦ
917 3604 1091 3674 Λόγου
1129 3607 1341 3680 Σωτήρ.

425 3780 554 3834 ΚΘ’.
595 3782 812 3837 Μάθετε
843 3781 955 3851 οῦν,
983 3788 1223 3860 ἀνόητοι,
1268 3792 1475 3864 Ἰησοῦς
1500 3795 1527 3847 6
1557 3794 1744 3849 παθὼν
1792 3797 1931 3870 ὑπὲρ

354 3871 534 3941 ἡμῶν,
569 3874 598 3925 6
631 3878 1061 3949 κατασκηνώσας
1081 3883 1138 3936 ἐν
1171 3885 1323 3954 ἡμῖν,
1356 3878 1508 3950 οὗτος
1539 3887 1698 3951 αὐτός
1731 3889 1879 3942 ἐστιν
1905 3891 1934 3943 6

353 3961 525 4030 Λόγος
552 3963 646 4017 τοῦ
677 3964 833 4023 Θεοῦ.
886 3969 947 4022 Et
980 3971 1079 4041 μὲν
1121 3974 1226 4048 γὰρ
1271 3977 1428 4042 ἄλλος
1459 3998 1541 4042 τις
1572 3981 1680 4036 τῶν
1712 3982 1932 4037 Λίώνων

357 4053 496 4143 saep
529 4059 626 4128 τῆς
655 4060 812 4129 ἡμῶν
840 4064 1020 4120 αὐτῶν
1051 4069 1324 4141 σωτηρίας
1357 4071 1494 4143 σὰρξ
1513 4073 1747 4142 ἐγένετο,
1786 4077 1932 4142 εἰκὸς

352 4142 422 4218 ἦν
453 4149 584 4219 περὶ
633 4150 794 4205 ἄλλου
848 4156 1124 4229 εἰρηκέναι
1168 4160 1258 4213 τὸν
1313 4142 1664 4219 Ἀπόστολονο
1722 4168 1771 4220 εἰ
1819 4168 1873 4221 δὲ
1903 4171 1930 4222 6

350 4239 524 4308 Λόγος
551 4244 580 4297 ὁ
607 4242 702 4296 τοῦ
751 4245 963 4319 Πατρὸς
1007 4251 1036 4302 6
1075 4253 1341 4318 καταϐὰς,
1393 4257 1557 4321 αὐτός
1603 4258 1720 4312 ἐστι
1765 4262 1860 4314 καὶ
1903 4265 1932 4316 6

354 4333 578 4400 ἀναϐὰς,
613 4339 641 4390 6
670 4338 761 4391 106
799 4341 962 4410 μόνου
991 4343 1125 4396 Θεοῦ
1157 4347 1453 4419 μονογενὴς
1479 4349 1608 4414 Υἱὸς
1653 4353 1793 4409 κατὰ
1832 4355 1932 4424 τὴν

2059 600 2374 655 cessitatem
2449 601 2608 657 nobis
2672 604 2966 660 attulisset.
3025 603 3122 660 Est
3186 604 3356 677 igitur
3412 603 3641 664 minima

2059 691 2296 746 obscura
2327 691 2474 749 illius
2513 693 2981 765 interpretationis
3009 697 3302 755 calumnia.

2127 783 2264 838 Cum
2300 785 2446 840 enim
2488 785 2728 844 Joannes
2767 803 2938 842 unum
2971 787 3139 843 Deum
3183 789 3630 858 omnipotentem,

2057 881 2334 944 unumque
2383 875 2664 934 Christum
2710 877 2897 935 Jesum
2944 879 3088 936 illius
3121 879 3458 951 unigenitum
3493 896 3632 952 prae-

2054 963 2223 1031 dicet,
2253 982 2347 1037 per
2373 983 2534 1039 quem
2565 970 2707 1025 iacta
2735 986 2860 1027 esse
2897 972 3080 1026 omnia
3108 972 3395 1026 confirmat
3422 990 3435 1027 :
3467 979 3632 1042 atque

2053 1057 2200 1114 hunc
2251 1075 2375 1116 esse
2440 1061 2542 1116 Dei
2596 1061 2820 1131 Filium,
2877 1063 3025 1118 hunc
3089 1063 3407 1136 Unigenam,
3483 1063 3630 1118 hunc

2053 1148 2388 1207 Conditorem
2429 1152 2682 1223 omnium,
2725 1155 2872 1210 hunc
2915 1173 3087 1211 veram
3118 1157 3306 1220 lucem,
3360 1172 3475 1226 qua:
3503 1157 3634 1209 illu-

2051 1245 2220 1297 minat
2253 1263 2454 1300 omnem
2486 1247 2766 1314 hominem,
2822 1250 2966 1303 hunc
3014 1249 3201 1303 mundi
3231 1249 3624 1319 fabricatorem,

2055 1333 2215 1404 199
2245 1335 2390 1390 hunc
2419 1338 2507 1407 qui
2534 1339 2587 1392 in
2613 1340 2828 1408 propria
2856 1340 2990 1394 venit
3012 1356 3032 1405 ;
3059 1340 3149 1411 qui
3171 1357 3295 1395 caro
3327 1340 3502 1410 factus
3526 1348 3624 1402 est,

2048 1433 2098 1477 et
2132 1425 2384 1482 habitavit
2426 1430 2483 1482 in
2530 1432 2698 1498 nobis,
2732 1447 2854 1488 esse
2897 1439 3164 1500 testatur;
3211 1432 3534 1488 isti'callida
3559 1446 3630 1486 ac

2048 1517 2318 1573 malitiosa
2351 1519 2802 1592 interpretatione
2841 1523 3256 1594 d‘etorquentes,
3297 1523 3461 1578 alium
3495 1537 3625 1593 pro-

2047 1607 2307 1666 ductione
2330 1611 2542 1683 lingunt
2565 1614 2864 1686 Unigcnam
2895 1616 3187 1680 exstitisse,
3219 1614 3364 1685 quod
3395 1612 3630 1670 etPrin-

2047 1700 2251 1770 cipium
2283 1715 2500 1770 vocant,
2533 1705 2699 1760 alium
2755 1707 3120 1772 Salvatorem,
3178 1707 3326 1762 aliud
3383 1705 3618 1761 Verbum

1977 1771 2018 1826 B
2050 1790 2308 1863 Unigenae
2357 1794 2549 1862 ﬁlium,
2581 1796 2746 1850 alium
2776 1796 3058 1853 Christum
3107 1771 3414 1866 corrigendi
3453 1809 3619 1852 causa

2046 1881 2368 1940 Pleromatis
2398 1895 2671 1942 exortum.
2728 1887 2929 1960 Sicque
2979 1903 3169 1944 eorum
3213 1903 3334 1958 quze
3363 1888 3635 1943 dicuntur

2047 1975 2258 2047 singula
2305 1992 2335 2031 a
2373 1979 2604 2034 veritate
2652 1988 2990 2050 promentcs,
3043 1995 3106 2034 ac
3152 1980 3466 2036 nominibus
3524 1979 3631 2033 ab--

2046 2075 2280 2135 utentes,
2313 2071 2380 2125 ad
2425 2086 2585 2127 usum
2626 2089 2785 2128 suum
2808 2075 3224 2145 opinionemque
3253 2071 3617 2128 transferunt:

2044 2155 2122 2210 Ex
2159 2173 2266 2227 qua
2320 2160 2537 2214 illorum
2592 2163 3167 2232 sententia'sequitur,
3203 2170 3283 2216 tet
3333 2163 3387 2215 in
3433 2161 3616 2216 verbis

2040 2247 2305 2305 Joannem
2355 2249 2484 2307 Jesu
2537 2252 2742 2308 Christi
2794 2255 3129 2309 mentionem
3164 2269 3232 2309 ne
3266 2254 3443 2309 littera
3496 2251 3618 2322 qui-

2041 2341 2162 2396 dem
2223 2343 2489 2413 attigisse.
2545 2343 2697 2401 Licet
2747 2347 2892 2401 cnim
2939 2345 3156 2402 Patrem
3208 2346 3525 2409 nominarit,
3561 2350 3616 2400 et

2041 2431 2307 2499 Gratiam,
2348 2433 2720 2505 Unigenitum,
2769 2446 2824 2493 et
2868 2436 3185 2504 Veritatem,
3234 2452 3298 2492 ac
3350 2435 3612 2498 Verbum,

2039 2521 2244 2587 Vitam,
2277 2523 2563 2581 Hominem
2618 2537 2671 2582 et
2705 2526 3042 2596 Ecclesiam;
3101 2529 3217 2584 haec
3268 2528 3344 2582 illi
3387 2533 3613 2582 censent

2039 2613 2106 2669 de
2144 2617 2318 2686 prima
2351 2615 2610 2686 Ogdoade
2644 2634 2766 2674 esse
2791 2618 2936 2674 dicta
2967 2639 2980 2675 :
3025 2620 3078 2675 in
3113 2635 3220 2692 qua
3250 2620 3490 2675 nondum
3521 2617 3614 2674 Je-

2041 2719 2155 2770 sus,
2192 2707 2433 2761 nondum
2461 2707 2715 2765 Christus
2741 2707 2974 2766 Joannis
2997 2711 3257 2782 magister
3277 2710 3606 2766 continetur.

2039 2795 2240 2853 Verum
2273 2798 2432 2870 longe
2460 2800 2654 2857 abesse
2684 2811 2745 2857 ut
2777 2803 2844 2858 de
2872 2803 3145 2874 conjugiis
3180 2804 3288 2858 illis
3315 2803 3612 2874 Apostolus

2040 2891 2190 2962 loqui
2234 2893 2488 2959 voluerit,
2519 2893 2694 2966 deque
2736 2896 2957 2951 Christo
3004 2895 3131 2952 Jesu
3169 2895 3396 2950 Domino
3423 2903 3612 2950 nostro

2040 2982 2451 3053 intelligendum
2482 2999 2624 3051 esse,
2649 2985 2794 3056 quod
2823 2994 2878 3040 et
2909 2985 3147 3041 Verbum
3177 2986 3311 3040 solet
3340 2985 3611 3055 appellare

2041 3071 2158 3140 Dei,
2204 3089 2314 3129 non
2363 3075 2597 3131 obscure
2643 3077 2760 3146 ipse
2804 3062 3064 3131 declarat.
3117 3075 3329 3130 Etenim
3371 3090 3495 3130 cum
3544 3076 3612 3132 de

2043 3153 2218 3217 Verbo
2270 3164 2384 3230 illo,
2419 3163 2566 3235 quod
2596 3176 2754 3221 antea
2781 3166 2837 3220 in
2877 3165 3147 3236 principio
3179 3164 3349 3221 fuisse
3377 3163 3610 3237 dixerat,

2036 3253 2350 3308 summatim
2415 3254 2694 3325 disputata
2740 3255 3052 3327 colligeret,
3118 3255 3190 3312 ita
3255 3257 3620 3326 pronuntiare.

2035 3343 2247 3413 pergit:
2283 3342 2349 3398 Et
2394 3343 2616 3399 Verbum
2649 3361 2775 3400 cara
2807 3345 3008 3415 factum
3051 3355 3150 3412 est,
3181 3357 3226 3401 el
3255 3346 3508 3400 habitavit
3554 3346 3610 3399 in

2034 3433 2204 3489 nobis.
2235 3434 2305 3489 At
2335 3435 2564 3492 istorum
2590 3437 2849 3507 opinione
2882 3435 3122 3491 Verbum
3164 3452 3341 3510 neque
3373 3451 3503 3492 caro
3532 3435 3613 3495 ias

2034 3531 2183 3580 ctum
2211 3533 2318 3591 est,
2370 3543 2549 3599 neque
2594 3543 2834 3599 unquam
2891 3543 2921 3583 a
2975 3528 3280 3584 Pleromate
3330 3528 3607 3590 discessit,

2036 3615 2130 3670 sed
2157 3615 2410 3673 Salvator
2433 3619 2657 3690 quidam
2683 3621 3207 3693 aliusprocurandae
3226 3636 3392 3676 causa
3415 3621 3627 3680 salutis.

2033 3709 2235 3773 editus,
2271 3709 2559 3783 Verboque
2589 3715 2878 3769 recentior.
3408 3755 3409 3760 η

2103 3798 2297 3854 XXIX.
2361 3801 2729 3869 Quamobrem
2764 3803 2959 3860 discite
3018 3803 3237 3860 tandem
3292 3804 3624 3875 aliquandog

2034 3891 2219 3948 stulti!
2257 3893 2450 3949 discite
2493 3893 2680 3951 Jesum
2717 3896 2868 3950 illum
2917 3899 3010 3968 qui
3060 3905 3251 3952 nostra
3285 3912 3450 3952 causa
3481 3913 3609 3969 pas-

2034 3999 2129 4039 sus
2163 3992 2267 4050 est,
2313 3984 2412 4056 qui
2456 3987 2719 4042 habitavit
2749 3988 2802 4041 in
2837 3989 3017 4055 nobis,
3052 3988 3304 4044 eumdem
3348 3987 3444 4043 Dei
3485 3995 3608 4046 esse

2035 4077 2294 4132 Verbum.
2341 4077 2476 4132 Nam
2510 4079 2554 4134 si
2585 4079 2723 4135 alius
2753 4095 2819 4134 ex
2867 4079 3104 4133 Eonum
3148 4095 3377 4134 numero
3411 4081 3624 4135 salutis.

2031 4175 2233 4222 nostrae
2278 4170 2453 4237 gratia
2491 4183 2712 4223 carnem
2769 4169 3056 4232 induisset,
3103 4185 3316 4240 acquum
3370 4178 3490 4225 erat
3537 4171 3624 4228 de,

2031 4258 2138 4312 alio
2167 4273 2384 4328 quoque
2415 4260 2746 4315 mentionem
2782 4260 2849 4314 ab
2885 4261 3145 4330 Apostolo
3174 4263 3309 4318 lieri.
3347 4261 3440 4317 Sin
3463 4263 3618 4316 idem.

2032 4349 2210 4406 Patris
2239 4349 2500 4416 Verbum,
2536 4352 2684 4422 quod
2718 4369 2748 4408 e
2779 4355 2919 4408 cmlo
2949 4354 3231 4425 delapsum
3260 4363 3364 4420 est,
3413 4356 3604 4410 eodem

350 4425 446 4479 106
476 4428 689 4498 Πατρὺς
725 4431 972 4487 εὐδοκίαν
1007 4436 1308 4506 σαρκωθεὶς
1338 4439 1480 4511 ὑπὲρ
1516 4441 1837 4514 ἀνθρώπων,
1866 4446 1925 4499 οὐ

2039 4443 2369 4512 postliminio
2420 4445 2602 4511 rediit,
2645 4447 2830 4512 unius,
2855 4449 3098 4518 inquam,
3133 4449 3223 4502 ille
3266 4446 3359 4502 Dei
3409 4448 3611 4502 unicus

352 4518 480 4589 περὶ
527 4518 685 4574 ἄλλου
718 4521 898 4586 τινὸς,
945 4523 1064 4576 οὐδὲ
1115 4527 1242 4597 περὶ
1303 4527 1586 4595 Ὀγδοάδος
1627 4530 1718 4584 τὸν
1768 4531 1926 4602 λόγον

351 4609 740 4682 έμπεποίηται,
775 4613 890 4666 ἀλλ’
929 4615 960 4685 ἢ
1013 4617 1261 4687 περὶτοῦ
1313 4620 1520 4691 Κυρίου
1582 4623 1756 4692 Ἰησοῦ
1787 4627 1924 4697 Χρι-

353 4701 498 4756 στοῦ.
557 4703 690 4757 Οὐδὲ
739 4704 848 4776 γὰρ
880 4707 909 4759 6
950 4707 1122 4777 Λόγος
1170 4710 1289 4762 κατ’
1344 4711 1540 4775 αὐτοὺς
1583 4717 1926 4787 προηγουμέ-

351 4812 456 4861 νως
503 4796 639 4869 σὰρξ
687 4798 898 4869 γέγονε.
945 4799 1176 4869 Λέγουσι
1208 4801 1265 4855 δὲ
1303 4803 1393 4858 τὸν
1439 4806 1668 4878 Σωτῆρα
1697 4808 1924 4863 ἐνδύσα-

353 4887 476 4943 σθαι
505 4889 665 4960 σῶμα
688 4890 916 4961 ψυχικὸν
939 4891 1004 4944 ὲκ
1026 4892 1124 4962 τῆς
1151 4894 1462 4964 οἰκονομίας
1488 4901 1925 4973 κατεσκευασμέ-

351 4995 439 5033 νον
469 4980 690 5051 ἀρῤήτῳ
724 4979 970 5052 προνοίᾳ,
1009 4980 1145 5050 πρὸς
1176 4981 1237 5035 τὸ
1281 4984 1471 5055 ὁρατὸν
1512 4987 1785 5054 γενέσθαι,
1833 4993 1928 5044 καὶ

350 5069 690 5140 ψηλαφητόν.
726 5071 870 5141 Σὰρξ
895 5072 950 5126 δέ
981 5074 1127 5125 ὲστιν
1156 5075 1189 5144 ἡ
1221 5074 1422 5145 ἀρχαία
1448 5077 1513 5129 ὲκ
1537 5077 1631 5130 τοῦ
1661 5079 1756 5150 χοῦ
1784 5081 1925 5136 κατὰ

349 5161 441 5214 τὸν
480 5161 651 5234 Ἀδὰμ
681 5165 714 5233 ἡ
736 5165 989 5232 γεγονυῖα
1020 5164 1218 5230 πλάσις
1253 5167 1356 5219 ὐπὸ
1385 5166 1479 5222 τοῦ
1512 5169 1667 5235 Θεοῦ,
1702 5166 1768 5242 ἥν
1792 5173 1926 5244 ἀλη-

351 5253 460 5317 θῶς
511 5255 794 5324 γεγονέναι
841 5257 934 5310 τὸν
998 5259 1170 5327 Λόγον
1229 5258 1324 5312 τοῦ
1386 5260 1521 5314 Θεοῦ
1582 5264 1848 5334 ἐμήνυσεν
1898 5271 1926 5321 6

363 5347 636 5416 Ἰωάννης.
694 5349 1066 5409 Καὶ,λέλυται
1119 5350 1363 5423 αὐτῶνὴ
1411 5352 1598 5424 πρώτη
1635 5355 1730 5408 καὶ
1761 5357 1928 5430 ἀρχέ-

2030 4535 2202 4589 Filius
2234 4551 2299 4590 ex
2334 4537 2594 4592 benevolo
2639 4538 2816 4593 Patris
2865 4542 3061 4595 atiectu
3109 4540 3386 4594 hominum
3435 4555 3603 4595 causa

2031 4641 2196 4681 carne
2225 4628 2481 4690 vestitus,
2533 4644 2641 4683 non
2678 4628 2744 4683 de
2779 4630 2886 4683 alio
2919 4630 3198 4700 quopiam,
3249 4645 3356 4684 non
3400 4630 3466 4683 de
3511 4631 3604 4684 illa

2028 4716 2217 4770 nescio
2249 4731 2356 4789 qua
2385 4713 2659 4785 Ogdoade.
2693 4718 2789 4772 sed
2832 4717 2901 4772 de
2943 4717 3073 4773 Jesu
3119 4719 3334 4775 Christo
3370 4719 3601 4775 Domino

2028 4816 2216 4863 nostro
2269 4812 2575 4862 sermonem
2620 4809 2882 4865 instituit.
2934 4809 3120 4879 Neque
3168 4808 3314 4865 enim
3359 4809 3604 4869 Verbum

2025 4899 2117 4953 isti
2169 4899 2443 4969 praecipue
2495 4907 2722 4955 censent
2771 4915 2993 4955 carnem
3037 4916 3162 4955 esse
3211 4899 3435 4956 factum.
3490 4901 3604 4960 Sed.

2028 4990 2368 5045 Salvatorem
2401 4991 2584 5046 ferunt
2616 4991 2852 5048 animale
2891 4992 3165 5064 quoddam
3193 4992 3437 5048 induisse
3472 5008 3599 5048 cor-

2025 5097 2149 5151 pus,
2185 5082 2329 5152 quod
2363 5082 2740 5140 incarnatione
2783 5085 2900 5153 ipsa
2930 5083 3297 5153 mexplica'oili
3329 5092 3604 5155 sapientia

2028 5174 2391 5229 constitutum
2451 5182 2557 5242 est,
2593 5183 2654 5230 ut
2698 5175 2871 5230 videri
2909 5179 3346 5247 contreetarique
3392 5187 3597 5247 possd.

2025 5265 2294 5322 Caeterum
2330 5283 2461 5323 caro
2505 5276 2663 5323 vetus
2686 5268 2821 5337 illud
2855 5284 2992 5339 opus
3047 5267 3140 5323 Del
3190 5276 3297 5334 est,
3325 5271 3438 5340 jam
3485 5278 3599 5324 tum

2026 5356 2096 5411 ab
2143 5357 2338 5412 Adami
2392 5359 2730 5429 temporibus
2774 5374 2840 5414 ex
2893 5359 3059 5414 hnmo
3103 5359 3394 5414 formatum
3436 5376 3598 5431 quam

352 5451 506 5502 γονος
549 5436 792 5505 Ὀγδοάς.
840 5439 990 5503 Ἐνὸς
1022 5441 1128 5512 γὰρ
1157 5441 1248 5494 καὶ
1277 5440 1369 5494 τοῦ
1395 5441 1560 5494 αὐτοῦ
1582 5443 1928 5516 δεικνυμένου

2039 5447 2122 5504 Dei
2159 5449 2391 5505 Verbum
2433 5451 2595 5522 200
2632 5449 2803 5508 fuisse
2830 5451 3116 5507 verissime
3138 5451 3377 5508 Joannes
3420 5447 3600 5521 prodi-

350 5525 551 5595 Λόγου,
588 5528 682 5582 καὶ
711 5530 1070 5600 Μονογενοῦς,
1122 5531 1216 5586 καὶ
1258 5532 1429 5604 Ζωῆς,
1477 5533 1569 5587 καὶ
1598 5535 1796 5603 Φωτέις,
1837 5539 1930 5593 καὶ

2039 5539 2125 5597 dit.
2170 5540 2247 5598 ita
2292 5542 2468 5613 prima
2515 5543 2731 5602 illorum
2774 5551 2828 5600 et
2875 5542 3257 5617 antiquissima
3285 5541 3504 5616 Ogdoas
3544 5543 3600 5598 in

427 5681 443 5714 ³
471 5679 632 5742 Deest
660 5681 740 5739 06.
