4018 6152
409 265 518 322 533

1161 269 1534 328 ADVERSUS
1571 269 1916 328 HASRESES
1956 271 2085 330 LIB.
2128 275 2170 327 l.
2217 274 2384 330 TOM.
2425 274 2567 330 ll.—
2607 275 2886 333 ll/ERES.
2923 276 3114 332 XXXI.

3585 280 3690 337 551.

409 385 700 457 λύτρωσις,
756 385 842 440 ῐνα
889 403 972 451 τις
1012 385 1101 440 τὸν
1147 390 1311 458 μῖμον
1348 388 1511 443 αὑτὸν
1551 386 1865 460 περαιώσας
1900 388 1981 445 τὸν

2097 391 2296 447 fabulae
2347 392 2566 460 exodio,
2605 392 2913 448 dimittendi
2962 399 3177 464 tempus
3223 400 3332 458 est,
3368 393 3682 453 consultum

410 483 854 548 ἁνασκευάζοντα
877 484 1032 553 λόγον
1063 486 1380 553 ἐπενεγκεῖν
1403 488 1445 548 ⁸,
1470 486 1652 551 καλῶς
1709 488 1855 558 ἔχειν
1898 489 2000 542 ὑπ-

411 573 682 645 ελάϐομεν
705 572 969 638 ἐπιδεῖξαι
993 574 1278 646 πρότερον,
1314 576 1374 628 ἐν
1401 570 1482 640 οἷς
1511 578 1558 630 oi
1581 576 1818 649 πατέρες
1845 579 2000 634 αὐτοὶ

410 665 564 720 τοῦδε
596 665 692 721 τοῦ
729 665 902 736 θυμοῦ
929 669 949 698 ⁸
982 666 1331 738 διαφέρονται
1356 668 1808 740 πρὸςάλλήλους,
1831 671 1908 734 ὡς
1935 672 1998 724 ἐκ

406 756 681 830 διαφόρων
705 756 1033 827 πνευμάτων
1053 756 1153 827 τῆς
1175 755 1383 827 πλάνης
1397 757 1568 821 ὄντες.
1595 758 1704 811 Καὶ
1724 760 1788 812 ἐκ
1807 757 1996 812 τούτου

409 849 519 920 γὰρ
551 848 796 920 ἀκριϐῶς
833 849 1063 903 συνιδεῖν
1085 848 1258 916 ἐσται,
1284 851 1378 903 καὶ
1406 850 1512 922 πρὸ
1536 851 1637 922 τῆς
1671 852 1997 918 ἀποδείξεως

410 941 634 1012 βεϐαίαν
650 941 749 1012 τὴν
775 939 880 994 ὑπὸ
901 941 1002 1012 τῆς
1045 940 1372 1012 Ἐκκλησίας
1419 959 1488 1014 κη
1499 943 1838 1016 ρυσσομένην
1870 945 1999 1016 ἀλή-

409 1034 582 1099 θειαν,
610 1033 706 1086 καὶ
737 1032 836 1102 τὴν
865 1031 969 1085 ὑπὸ
1001 1029 1206 1084 τούτων
1229 1033 1762 1110 παραπεποιημένην
1791 1033 1994 1106 ψευδη-

407 1127 616 1199 γορίαν.
651 1126 715 1179 Ἦ
755 1125 855 1196 μὲν
883 1123 992 1196 γάρ
1021 1123 1337 1196 Ἐκκλησία,
1371 1125 1570 1196 καίπερ
1593 1125 1714 1180 καθ’
1742 1126 1873 1197 ὅλης
1893 1127 1994 1199 τῆς

405 1217 731 1288 οἰκουμένης
759 1216 865 1278 ἕως
890 1215 1142 1287 περάτων
1167 1215 1268 1285 τῆς
1299 1215 1402 1283 γῆς
1422 1215 1818 1289 διεσπαρμένη,
1842 1218 1994 1289 παρά

404 1309 463 1362 δὲ
486 1309 594 1362 τῶν
636 1307 948 1361 ἀποστόλων
1001 1309 1096 1361 καὶ
1127 1306 1236 1360 τῶν
1262 1306 1485 1360 ἐκείνων
1521 1307 1780 1381 μαθητῶν
1813 1326 1992 1382 παρα-

405 1401 647 1455 λαϐοῦσα
674 1401 771 1472 τὴν
799 1401 878 1464 είς
907 1399 1004 1454 ’ἐνα
1044 1400 1176 1454 Θεὸν
1217 1401 1438 1473 Πατέρα
1462 1401 1878 1474 παντοκράτορα
1901 1402 1990 1456 τὸν

406 1490 746 1562 πεποιηκότα
782 1489 873 1543 τὸν
926 1489 1154 1562 οὐρανὸν
1208 1491 1300 1542 καὶ
1345 1489 1443 1561 τὴν
1473 1489 1599 1558 γῆν,
1636 1489 1732 1540 καὶ
1769 1489 1868 1552 τὰς
1896 1488 1990 1542 θαι

402 1583 630 1646 λάσσας,
665 1583 761 1635 καὶ
794 1581 972 1651 πάντα
999 1580 1071 1634 τὰ
1100 1581 1159 1634 ἐν
1183 1582 1388 1644 αὐτοῖς,
1426 1583 1632 1647 πίστιν,
1663 1582 1758 1634 καὶ
1784 1583 1864 1643 είς
1893 1582 1989 1635 ἕνα

402 1675 636 1744 Χριστὸν
685 1671 892 1743 Ἰησοῦν
925 1671 1014 1727 τὸν
1055 1671 1189 1725 Υίὸν
1224 1671 1318 1726 τοῦ
1349 1671 1482 1725 Θεοῦ
1509 1671 1600 1725 τὸν
1634 1671 1989 1743 σαρκωθέντα

403 1765 544 1837 ὑπὲρ
571 1765 671 1834 τῆς
695 1763 969 1834 ἡμετέρας
1001 1762 1297 1833 σωτηρίας.
1341 1762 1435 1816 καὶ
1479 1763 1559 1826 είς
1586 1761 1808 1833 Πνεῦμα
1832 1763 1985 1832 ἅγιον
2019 1752 2060 1806 Β

400 1858 462 1912 τὸ
488 1857 576 1911 διὰ
603 1857 713 1910 τῶν
743 1853 1040 1926 προφητῶν
1069 1853 1372 1926 κεκηρυχὸς
1399 1854 1499 1919 τὰς
1529 1853 1861 1926 οἰκονομίας,
1889 1857 1985 1910 καὶ

399 1949 499 2014 τὰς
529 1949 787 2013 ἐλεύσεις,
820 1948 916 2002 καὶ
953 1948 1052 2019 τὴν
1078 1948 1144 2001 ἐκ
1175 1947 1446 2018 παρθένου
1482 1947 1759 2019 γέννησιν,
1799 1947 1894 2002 καὶ
1923 1947 1984 2001 τὺ

399 2042 590 2107 πάθος,
617 2042 712 2095 καὶ
735 2041 834 2110 τὴν
860 2039 1080 2110 ἔγερσιν
1112 2041 1176 2092 ἐκ
1199 2037 1430 2110 νεκρῶν,
1466 2041 1562 2094 καὶ
1592 2039 1692 2110 τὴν
1718 2038 1983 2111 ένσαρκον

397 2134 478 2196 είς
498 2134 621 2196 τοὺς
647 2130 910 2204 οὐρανοὺς
939 2129 1203 2200 ἀνάληψιν
1232 2128 1327 2182 τοῦ
1358 2130 1719 2202 ἠγαπημένου
1743 2128 1981 2202 Χριστοῦ

409 2224 584 2296 Ἰησοῦ
605 2223 698 2278 τοῦ
739 2223 944 2295 Κυρίου
973 2222 1152 2294 ήμῶν,
1179 2221 1275 2276 καὶ
1305 2221 1403 2293 τὴν
1425 2225 1490 2276 ἐκ
1507 2223 1617 2276 τῶν
1647 2221 1891 2292 οὐρανῶν
1923 2223 1982 2278 ἐν

395 2325 459 2394 τῇ
485 2321 611 2392 δόξῃ
641 2318 736 2374 τοῦ
769 2319 982 2390 Πατρὺς
1014 2319 1318 2391 παρουσίαν
1350 2316 1538 2380 αὑτοῦ,
1575 2318 1667 2370 ἐπὶ
1685 2318 1746 2371 τὸ
1778 2319 1980 2372 ἀνακε-

395 2413 808 2486 φαλαιὼσασθαι
829 2412 897 2466 τὰ
932 2413 1129 2478 πάντα,
1156 2412 1252 2468 καὶ
1272 2412 1573 2482 ἀναστῆσαι
1602 2412 1767 2465 πᾶσιν
1801 2411 1980 2482 σάρκα

396 2508 576 2578 πάσης
608 2505 1048 2576 ἀνθρωπότητος,
1090 2504 1178 2558 ἵνα
1222 2503 1444 2576 Χριστῷ
1473 2502 1651 2574 Ἰησοῦ
1679 2503 1756 2574 τῷ
1791 2504 1981 2574 Κυρίῳ

394 2600 574 2673 ἡμῶν,
601 2602 696 2656 καὶ
714 2599 834 2670 Θεῷ
857 2601 950 2652 καὶ
979 2599 1192 2670 Σωτῆρι
1220 2599 1312 2652 καὶ
1344 2597 1554 2668 βασιλεῖ
1588 2597 1730 2662 κατὰ
1768 2597 1867 2668 τὴν
1890 2598 1982 2650 εὑ⁸

393 2695 577 2749 δοκίαν
634 2691 728 2746 τοῦ
782 2691 996 2763 Πατρὸς
1032 2689 1126 2744 τοῦ
1155 2692 1388 2763 ἀοράτου
1430 2688 1553 2744 πᾶν
1586 2691 1734 2759 γόνυ
1769 2689 1978 2759 κάμψῃ

392 2785 783 2852 ἐπουρανίων,
819 2783 918 2837 καί
955 2782 1256 2853 ἐπιγείων,
1283 2782 1384 2836 καὶ
1420 2782 1853 2850 καταχθονίων,
1879 2781 1978 2836 καὶ

391 2877 561 2933 πᾶσα
592 2875 848 2942 γλῶσσα
895 2873 1415 2944 ἐξομολογήσηται
1446 2871 1627 2939 αὐτῷ,
1678 2875 1770 2927 καὶ
1797 2873 1976 2942 κρίσιν

391 2971 602 3023 δικαίαν
634 2973 692 3022 ἐν
723 2971 836 3031 τοῖς
868 2969 1003 3021 πᾶσι
1043 2968 1369 3037 ποιήσηταιο
1407 2965 1476 3019 τά
1504 2965 1603 3036 μὲν
1630 2966 1977 3036 πνευματικά

391 3061 486 3132 τῆς
511 3060 797 3132 πονηρίας,
825 3060 918 3114 καὶ
945 3058 1206 3128 ἀγγέλους
1235 3058 1362 3122 τοὺς
1387 3057 1861 3128 παραϐεϐηκότας,
1882 3059 1977 3112 καὶ

389 3155 448 3206 ἐν
468 3154 775 3224 ἀποστασία
802 3153 1116 3222 γεγονότας,
1168 3151 1262 3205 καὶ
1297 3151 1424 3214 τοὺς
1456 3150 1695 3215 ἀσεϐεῖς,
1731 3151 1824 3204 καὶ
1857 3150 1976 3205 ἀδί-

389 3262 538 3308 κους,
572 3245 668 3298 καὶ
714 3245 969 3316 ἀνόμους,
1021 3243 1116 3296 καὶ
1147 3242 1501 3314 βλασφήμους
1528 3241 1637 3297 τῶν
1673 3242 1976 3314 ἀνθρώπων

389 3338 469 3400 είς
486 3336 547 3390 τὸ
574 3338 790 3390 αἰώνιον
811 3335 924 3407 πῦρ
941 3333 1132 3406 πέμψῃ
1157 3351 1171 3365 ο
1191 3337 1303 3398 τοῖς
1325 3334 1382 3387 δὲ
1406 3333 1655 3398 δικαίοις,
1675 3335 1770 3388 καὶ
1786 3335 1974 3398 ὁσίοις,

390 3428 606 3494 καὶτὰς
640 3427 861 3492 ἐντολὰς
891 3424 1055 3480 αὐτοῦ
1097 3427 1452 3499 τετηρηκόσι,
1481 3429 1577 3483 καὶ
1599 3429 1656 3480 ἐν
1687 3429 1755 3498 τῇ
1786 3427 1974 3498 ἀγάπῃ

389 3517 554 3572 αὑτοῦ
601 3517 1031 3590 διαμεμενηκόσι
1085 3520 1200 3580 τοῖς
1250 3517 1345 3570 ἀπ’
1394 3517 1593 3589 ἀρχῆς,
1643 3520 1755 3580 τοῖς
1794 3517 1851 3570 δὲ
1910 3520 1977 3572 ἐκ

392 3610 679 3679 μετανοίας
694 3611 714 3641 ³
732 3609 878 3674 ζωὴν
902 3607 1288 3679 χαρισάμενος,
1315 3608 1626 3680 ἀφθαρσίαν
1639 3608 1974 3681 δωρήσηται,

389 3701 658 3767 καὶδόξαν
692 3701 918 3756 αίωνίαν
950 3701 1306 3774 περιποιήσῃ.

458 3877 583 3932 AA'.
616 3875 788 3931 Τοῦτο
813 3875 874 3930 τὸ
915 3877 1178 3949 κήρυγμα
1215 3874 1608 3948 παρειληφυῖα,
1649 3875 1742 3928 καὶ
1771 3874 1974 3947 ταύτην

389 3969 486 4039 τὴν
529 3968 732 4034 πίστιν,
765 3969 841 4033 ὡς
887 3968 1226 4042 προέφαμεν,
1262 3969 1295 4038 ἡ
1333 3967 1648 4038 Ἐκκλησία,
1678 3967 1882 4040 καίπερ
1915 3968 1974 4022 ἐν

388 4061 493 4132 ὅλῳ
509 4060 588 4132 τῷ
618 4060 808 4133 κόσμῳ
830 4060 1226 4131 διεσπαρμένη,
1271 4059 1549 4129 ἐπιμελῶς
1578 4059 1864 4130 φυλάσσει,
1897 4060 1974 4125 ὡς

383 4155 480 4208 ἕνα
516 4148 664 4206 οἷκον
689 4152 936 4207 οἰκοῦσαο
983 4154 1076 4206 καὶ
1117 4152 1319 4222 ὁμοίως
1352 4152 1596 4205 πιστεύει
1643 4152 1872 4216 τούτοις,
1898 4151 1974 4216 ὠς

389 4245 516 4317 μίαν
535 4245 713 4316 ψυχὴν
739 4246 832 4304 καὶ
863 4245 964 4316 τὴν
983 4244 1150 4316 αὐτὴν
1187 4243 1388 4314 ἔχουσα
1421 4243 1670 4317 καρδίανο
1705 4244 1802 4298 καὶ
1837 4261 1975 4315 συμ-

388 4337 579 4405 φώνως
599 4337 773 4391 ταῦτα
799 4336 1087 4408 κηρύσσει,
1129 4337 1223 4389 καὶ
1246 4335 1508 4400 διδάσκει,
1543 4335 1638 4390 καὶ
1669 4335 1976 4407 παραδίδω-

2103 485 2220 541 fore
2244 485 2522 551 duximus,
2561 488 2607 543 si
2637 486 2704 540 ad
2748 487 2964 542 illorum
3002 485 3404 541 confutandum
3438 500 3687 541 errorem

2099 576 2304 648 aliquid
2357 577 2772 647 subjiceremus.
2807 575 2914 632 Sed
2947 577 3101 646 prius
3147 587 3329 632 tamen
3385 577 3675 632 ostenden-

2097 669 2226 725 dum
2259 670 2393 725 illud
2428 682 2531 736 est,
2569 669 2770 740 quibus
2815 670 2871 725 in
2901 670 3064 726 rebus
3094 669 3290 724 fabulae
3326 669 3476 724 illius
3499 678 3692 723 aucto-

2097 776 2186 818 res
2215 777 2247 817 a
2279 777 2338 818 se
2371 761 2610 817 invicem
2651 760 2976 827 dissideant,
3003 775 3142 832 quos
3171 745 3372 816 diversi
3405 759 3553 814 velut
3580 757 3674 812 l‘al-

2096 854 2274 910 sitatis
2305 855 2532 925 spiritus
2569 853 2878 908 contrarias
2917 853 2971 907 in
3016 861 3200 923 partes
3233 851 3529 922 abripiunt.
3567 847 3674 905 Hoc

2093 945 2238 1000 enim
2266 960 2331 1001 ex
2359 946 2538 1016 capite
2574 945 2657 1000 vel
2705 946 2840 1000 citra
2871 944 3246 1016 probationem
3279 943 3445 997 ullam
3487 941 3671 996 certis-

2096 1037 2235 1093 sime
2265 1037 2560 1101 constabit,
2592 1052 2716 1092 cum
2741 1036 2971 1092 solidam
3008 1051 3072 1090 ac
3101 1035 3353 1090 stabilem
3388 1048 3510 1090 esse
3538 1032 3672 1087 veri-

2094 1137 2259 1185 tatem
2298 1129 2470 1194 illam,
2503 1144 2667 1199 quam
2716 1127 2960 1184 Ecclesia
2992 1127 3273 1198 praedicat,
3319 1134 3432 1180 tum
3465 1125 3675 1180 adulte-

2094 1221 2269 1276 rinam
2298 1235 2363 1275 ac
2387 1219 2704 1298 mendacem
2732 1220 2949 1274 illorum
2986 1235 3110 1276 esse
3136 1218 3463 1275 doctrinam.
3498 1215 3686 1288 Siqui-

2092 1311 2214 1368 dem
2252 1310 2508 1368 Ecclesia
2562 1320 2674 1367 toto
2707 1311 2836 1367 licet
2887 1312 3023 1367 orbe
3078 1310 3149 1366 ad
3190 1320 3464 1367 extremos
3507 1323 3677 1380 usque

2092 1413 2366 1459 terrarum
2419 1403 2623 1458 limites
2674 1403 2948 1474 dispersa,
2987 1419 3111 1459 cum
3168 1401 3238 1458 ab
3283 1402 3545 1473 apostolis
3582 1418 3672 1458 eo-

2092 1510 2323 1565 rumque
2351 1495 2638 1565 discipulis
2697 1494 2856 1550 ﬁdem
2905 1495 3179 1565 acceperit
3221 1495 3274 1548 in
3310 1511 3480 1548 unum
3509 1494 3673 1550 Deum

2090 1587 2308 1643 Patrem
2355 1588 2811 1659 omnipotentem,
2862 1589 2958 1658 qui
3005 1587 3230 1652 caelum,
3265 1594 3580 1657 terramque
3614 1603 3679 1644 ac

2091 1679 2286 1745 maria,
2346 1694 2472 1734 cum
2529 1680 2804 1736 universis
2865 1695 2987 1750 quae
3039 1681 3095 1734 in
3139 1679 3248 1734 illis
3281 1678 3672 1749 comprehensa

2091 1780 2238 1838 sunt,
2275 1771 2561 1838 condidit;
2591 1781 2646 1828 et
2689 1771 2746 1826 in
2778 1787 2944 1826 unum
2979 1769 3166 1826 Jesum
3202 1769 3398 1826 Filium
3436 1771 3554 1834 Dei,
3583 1772 3673 1841 qui

2091 1881 2190 1937 pro
2226 1876 2414 1922 nostra
2443 1866 2622 1922 salute
2642 1879 2864 1920 carnem
2898 1863 3104 1929 induit;
3137 1865 3370 1934 atquein
3411 1863 3676 1933 Spiritum

2092 1967 2368 2025 sanctum,
2419 1958 2514 2029 qui
2544 1972 2761 2013 omnem
2825 1957 2975 2011 illam
3035 1956 3198 2011 unice
3245 1954 3431 2010 dilecti
3471 1953 3672 2011 Christi

2087 2040 2216 2106 Jesu
2249 2048 2466 2103 Domini
2496 2048 2672 2102 nostri
2695 2047 3254 2110 administrationem,
3283 2052 3338 2100 et
3357 2043 3673 2112 adventum,

2086 2150 2378 2212 ortumque
2417 2139 2486 2196 de
2520 2140 2748 2211 Virgine
2777 2154 2873 2210 per
2905 2139 3202 2210 prophetas
3247 2137 3674 2207 praenuntiavit;

2088 2249 2301 2290 necnon
2335 2239 2391 2288 et
2431 2232 2840 2302 perpessionem
2871 2245 2935 2286 ac
2970 2229 3471 2293 resurrectionem,
3533 2238 3588 2283 et
3621 2230 3674 2284 iu

2087 2326 2285 2380 coelum
2319 2322 2698 2379 ascensionem
2729 2335 2855 2378 cum
2877 2336 3142 2391 corpore;
3172 2320 3522 2389 futurumque
3543 2320 3672 2374 olim

2087 2416 2328 2472 indidem
2379 2425 2606 2485 paterna
2646 2429 2772 2468 cum
2818 2413 3108 2484 majestate
3137 2413 3484 2479 descensum,
3525 2423 3581 2469 ut
3617 2414 3671 2468 in

2087 2523 2356 2565 summam
2387 2508 2535 2562 velut
2572 2507 2827 2563 universa
2873 2506 3184 2572 contrahat,
3215 2514 3270 2563 et
3299 2507 3546 2564 onmium
3583 2509 3680 2564 ho-

2085 2599 2293 2653 minum
2322 2612 2556 2669 corpora
2588 2606 2810 2653 revocet
2832 2599 2898 2652 ad
2934 2598 3140 2662 vitam:
3168 2607 3332 2670 atque
3363 2607 3424 2655 ut
3453 2599 3673 2655 Christo

2085 2690 2216 2746 Jesu
2247 2689 2477 2746 Dowino
2506 2698 2699 2746 nostro
2726 2704 2790 2745 ac
2822 2689 2934 2746 Deo
2962 2699 3018 2746 et
3048 2690 3319 2748 Salvatori
3352 2689 3580 2764 regique
3605 2694 3671 2752 de

2083 2783 2233 2838 illius
2265 2782 2358 2853 qui
2391 2780 2564 2836 videri
2597 2796 2705 2836 non
2736 2789 2938 2852 potest,
2967 2784 3258 2839 voluntate
3286 2783 3488 2852 Patris,
3515 2803 3670 2840 οηιηο

2085 2872 2246 2941 208
2291 2887 2425 2942 genu
2469 2871 2716 2939 ﬂectatur
2754 2871 3076 2939 ccclestium,
3128 2876 3458 2929 terrestrium
3513 2885 3560 2930 et
3589 2877 3670 2931 in-

2085 2964 2378 3032 fernarum,
2408 2969 2457 3016 et
2495 2963 2664 3016 omnis
2697 2962 2871 3031 ipsum
2909 2963 3090 3032 lingua
3120 2965 3438 3035 conﬁteatur
3467 2965 3526 3034 δς
3562 2967 3669 3021 uti-

2083 3067 2190 3123 que
2222 3059 2432 3108 rectum
2466 3051 2520 3105 in
2560 3065 2753 3108 omnes
2782 3051 3054 3122 judicium
3103 3063 3380 3119 exerceat,
3413 3069 3478 3110 ac
3508 3055 3670 3126 spiri-

2080 3143 2210 3198 talia
2254 3142 2533 3213 nequitiae,
2569 3142 2672 3197 hoc
2726 3151 2812 3198 est
2844 3142 3156 3199 desertores
3201 3144 3426 3215 angelos
3485 3160 3553 3200 ac
3582 3161 3669 3202 re-

2078 3235 2271 3300 belles,
2305 3244 2359 3290 et
2391 3233 2589 3304 impios
2611 3248 2824 3298 omnes,
2855 3249 2919 3289 ac
2953 3235 3274 3302 sceleratos,
3309 3247 3364 3293 et
3393 3236 3668 3294 facinoro-

2079 3341 2195 3389 sos,
2233 3340 2297 3381 ac
2326 3325 2760 3382 contumeliosos
2784 3325 2840 3379 in
2877 3325 3049 3381 Deum
3091 3327 3344 3385 homines
3373 3329 3667 3400 sempiter-

2079 3419 2166 3474 nis
2213 3416 2448 3472 ﬂammis
2493 3417 2740 3484 addicat;
2772 3417 2943 3488 justis
2977 3434 3132 3482 vero,
3189 3420 3531 3492 sanctisque,
3561 3423 3660 3492 qui

2079 3511 2337 3566 mandata
2393 3524 2494 3566 sua
2541 3509 2835 3580 diligenter
2883 3510 3322 3576 observaverint,
3367 3523 3422 3568 et
3459 3512 3516 3568 in
3547 3513 3669 3583 ejus

2077 3601 2348 3657 charitate
2395 3602 2511 3657 sive
2555 3603 2672 3672 jam
2713 3600 2840 3657 inde
2885 3602 2956 3658 ab
2986 3603 3164 3667 initio,
3199 3604 3316 3660 sive
3349 3613 3473 3676 post
3495 3607 3670 3677 poeni-

2077 3694 2306 3748 tentiam
2340 3694 2849 3765 perseveraverint,
2885 3694 3055 3749 vitam
3091 3696 3668 3770 immortalitatemque

2078 3784 2366 3855 largiatur,
2419 3793 2585 3856 atque
2625 3793 2887 3841 aeternam
2937 3787 3046 3843 illis
3078 3788 3311 3858 gloriam
3361 3791 3661 3862 impertiat.

2147 3875 2339 3930 XXXI.
2373 3876 2508 3932 Cum
2538 3877 2704 3948 igitur
2733 3877 2985 3934 Ecclesia
3027 3879 3334 3934 doctrinam
3368 3883 3664 3951 ejusmodi,

2079 3964 2371 4036 ﬁdemque,
2439 3967 2519 4020 uti
2567 3965 2832 4033 diximus,
2888 3968 3182 4037 acceperit,
3235 3984 3354 4023 eam
3401 3971 3487 4025 vel
3533 3972 3668 4027 orbe

2077 4063 2194 4113 toto
2228 4055 2428 4120 dill‘usa
2463 4056 2711 4114 studiose
2753 4065 3064 4122 conservat,
3098 4059 3257 4129 quasi
3292 4060 3348 4113 in
3389 4075 3497 4114 una
3529 4077 3664 4132 qua-

2077 4151 2204 4207 dam
2237 4151 2400 4208 domo
2425 4150 2704 4217 habitans,
2745 4166 2810 4207 ac
2847 4152 3100 4208 similiter
3134 4152 3392 4208 omnibus
3420 4154 3532 4210 illis
3573 4169 3665 4212 asv

2079 4245 2336 4310 sentitur,
2367 4252 2624 4316 tanquam
2647 4246 2829 4300 anima
2848 4260 2978 4312 una,
3010 4245 3314 4316 eodemque
3340 4247 3506 4302 corde
3526 4263 3664 4318 prta-

2079 4337 2228 4404 dita;
2258 4337 2558 4408 eademque
2596 4337 3036 4394 concordissime
3067 4338 3169 4406 sic,
3205 4338 3364 4409 quasi
3391 4354 3559 4398 unum
3599 4357 3662 4398 us

388 4447 490 4495 σιν,
548 4431 624 4495 ὡς
673 4430 731 4484 ἓν
787 4430 960 4501 στόμα
989 4432 1323 4502 κεκτημένη.
1356 4429 1467 4483 Καὶ
1497 4429 1605 4501 γὰρ
1634 4430 1689 4483 αἱ
1713 4429 1856 4484 κατά
1881 4427 1971 4482 τὸν

2084 4428 2298 4495 habeat,
2329 4429 2488 4486 docet
2510 4445 2574 4485 ac
2590 4430 2871 4500 praedicat.
2899 4428 3110 4485 Etenim
3142 4431 3359 4487 tametsi
3375 4431 3661 4492 hominum

387 4521 589 4591 κόσμον
613 4521 882 4575 διάλεκτοι
910 4523 1186 4593 ἀνόμοιοι·
1210 4521 1323 4576 ἀλλ’
1355 4523 1388 4592 ἡ
1413 4521 1642 4592 δύναμις
1663 4522 1761 4592 τῆς
1788 4538 1969 4593 παρα-

387 4614 583 4678 δόσεως
632 4615 730 4685 μία
758 4615 854 4668 καὶ
895 4615 927 4686 ἡ
972 4615 1108 4687 αὐτή
1136 4631 1148 4643 ·
1186 4615 1282 4670 καὶ
1306 4614 1428 4668 οὔτε
1463 4617 1519 4669 αί
1554 4617 1611 4668 ἐν
1641 4615 1973 4686 Γερμανίαις

389 4704 670 4776 ἱδρυμέναι
708 4706 1022 4777 Ἐκκλησίαι
1055 4707 1231 4771 ἄλλως
1257 4705 1768 4778 πεπιστεύκασιν,ἢ
1798 4705 1974 4771 άλλως

390 4796 792 4867 παραδιδόασιν,
839 4797 964 4851 οῦτε
1015 4801 1074 4853 ἐν
1121 4802 1241 4864 ταῖς
1271 4797 1548 4870 Ἰϐερίαις,
1575 4797 1700 4852 οὕτε
1732 4799 1791 4853 ἐν
1831 4798 1972 4853 Κελ-

391 4892 514 4955 τοῖς,
541 4888 663 4944 οὕτε
695 4890 836 4945 κατά
854 4891 952 4956 τὰς
975 4892 1258 4959 ἀνατολάς,
1290 4893 1415 4948 οὔτε
1445 4895 1504 4946 ἐν
1518 4891 1817 4963 Ἀίγύπτῳ,
1847 4890 1972 4945 οὔτε

382 4984 442 5034 ἐν
471 4981 669 5054 Λιϐύῃ,
699 4982 823 5035 οῦτε
851 4985 907 5037 αἱ
932 4983 1073 5038 κατά
1110 4983 1252 5056 μέσα
1272 4985 1364 5038 τοῦ
1408 4985 1615 5056 κόσμου
1644 4983 1927 5056 ἱδρυμέναι
1952 4999 1968 5015 '

375 5071 498 5124 ἀλλ’
529 5071 718 5144 ὥσπερ
742 5073 941 5143 ὀῆλιος
981 5073 1042 5128 τὸ
1068 5075 1274 5147 κτίσμα
1308 5076 1402 5130 τοῦ
1445 5075 1582 5130 Θεοῦ
1634 5077 1693 5130 ἐν
1742 5075 1848 5148 ὅλῳ
1890 5074 1970 5146 τῷ

380 5167 576 5238 κόσμῳ
603 5161 684 5232 εἷς
749 5167 845 5221 καὶ
872 5168 900 5220 ὁ
948 5168 1111 5232 αὑτός
1135 5183 1150 5198 ο
1197 5167 1341 5222 οὕτω
1369 5168 1464 5223 καὶ
1496 5168 1558 5222 τὸ
1588 5168 1848 5241 κήρυγμα
1871 5167 1971 5239 τῆς

380 5256 642 5328 ἀληθείας
657 5261 907 5330 πανταχῆ
931 5259 1130 5330 φαίνει,
1158 5260 1254 5314 καί¹
1267 5258 1491 5328 φωτίζει
1519 5259 1728 5323 πάντας
1755 5254 1972 5329 ἀνθρὼ-

384 5364 521 5413 πους
568 5351 696 5414 τοὺς
733 5351 1091 5422 βουλομένους
1127 5353 1208 5415 είς
1255 5352 1550 5421 ἐπίγνωσιν
1579 5351 1839 5424 ἀληθείας
1881 5351 1971 5404 ἐλ-

457 5509 472 5539 ¹
502 5507 626 5564 For.
660 5510 955 5584 ἐπενέγκῃ.

385 5619 650 5694 cap._18_.
702 5619 810 5677 Nos
859 5630 1041 5678 autem
1091 5623 1236 5678 aliud
1277 5639 1402 5679 esse
1449 5628 1550 5679 hoc
1587 5622 1805 5694 quidem
1842 5624 1963 5694 loco

385 5690 830 5759 suspicabamur,
868 5709 1061 5760 nempe
1093 5694 1377 5753 exordium
1412 5690 1632 5753 fabulae.
1673 5693 1790 5752 Non
1822 5693 1966 5752 enim

2077 4522 2277 4593 lingua
2295 4522 2405 4578 sint
2420 4522 2736 4588 dissimiles,
2760 4523 2948 4578 eadem
2967 4531 3146 4578 tamen
3169 4523 3382 4578 traditae
3400 4524 3663 4582 doctrina:

2069 4613 2155 4669 vis
2181 4620 2266 4668 est
2297 4613 2500 4684 ubique
2534 4633 2547 4666 :
2577 4629 2756 4684 neque
2797 4623 2892 4668 aut
2930 4614 3246 4668 constitutae
3271 4613 3328 4670 in
3367 4613 3660 4672 Germania

2070 4703 2329 4761 Ecclesiae
2382 4704 2614 4759 credunt
2663 4705 2842 4770 aliter,
2886 4718 2951 4758 ac
2994 4719 3126 4759 suos
3170 4704 3499 4774 perdocent;
3561 4713 3658 4766 aut

2072 4811 2192 4867 quae
2219 4797 2275 4851 in
2290 4795 2569 4866 Hispaniis
2595 4809 2660 4850 ac
2687 4795 2900 4862 Galliis,
2925 4807 3018 4850 aut
3039 4795 3109 4854 ad
3146 4793 3445 4857 Orientem,
3480 4804 3575 4856 aut
3599 4797 3657 4852 in

2073 4888 2331 4960 IEgypto,
2395 4887 2481 4942 vel
2514 4886 2709 4958 Lybia,
2765 4886 3016 4944 mediove
3062 4888 3198 4943 orbe
3237 4887 3513 4944 stabilitze.
3549 4887 3658 4944 Sed

2073 4979 2538 5050 quemadmodum
2569 4981 2654 5036 sol
2687 4978 3094 5036 nobilissimum
3139 4978 3233 5034 Dei
3258 4994 3398 5049 opus
3431 4995 3573 5035 unus
3601 4981 3655 5034 in

2068 5079 2186 5128 toto
2230 5070 2440 5127 mundo
2493 5079 2659 5143 atque
2709 5069 2852 5127 idem
2893 5079 2978 5128 est
3017 5087 3270 5142 semper;
3305 5071 3386 5127 sic
3415 5073 3656 5128 veritatis

2069 5164 2384 5237 praedicatio
2406 5164 2609 5236 ubique
2653 5172 2924 5220 terrarum
2961 5163 3234 5220 illucescit
3286 5179 3350 5219 ac
3397 5164 3655 5219 mortales

2069 5273 2260 5315 omnes
2287 5258 2544 5321 illustrat,
2575 5257 2667 5327 qui
2701 5256 2922 5328 quidem
2968 5256 3118 5313 illius
3147 5255 3214 5312 ad
3248 5257 3498 5313 notitiam
3537 5273 3668 5327 per-

2070 5350 2258 5406 venire
2287 5348 2582 5405 voluerint.
2603 5347 2755 5404 Adeo
2786 5354 2845 5403 ut
2879 5363 3056 5420 neque
3087 5348 3135 5406 is
3174 5350 3267 5420 qui
3293 5348 3434 5404 inter
3473 5347 3652 5404 Eccle-

1033 5514 1053 5544 ’
1080 5509 1206 5567 For.
1241 5510 1332 5564 τοῦ
1357 5511 1413 5565 δὲ
1447 5510 1642 5583 μύθου.
1721 5509 1742 5542 ³
1775 5508 1905 5565 For.
1936 5527 1981 5564 τι

2084 5508 2197 5580 μέν.
2280 5508 2302 5540 ⁸
2331 5507 2565 5579 Philipp.
2601 5523 2657 5576 ιι,
2693 5507 2781 5572 10,
2818 5509 2902 5563 ll.

2072 5621 2154 5746 det
2169 5617 2544 5748 dtlno).urpd)cst
2576 5624 2667 5678 Illa
2699 5622 3080 5679 haereticorum
3111 5621 3343 5678 aliorum
3379 5619 3544 5678 verba
3575 5619 3648 5676 fa-

2075 5709 2127 5748 c:
2222 5707 2451 5748 retusus.

2075 5707 2154 5748 Cll.
2195 5707 2451 5749 ιτειιῑειιε.
