4018 6184
367 272 470 325 535

1766 274 1824 329 S.
1871 271 2211 328 EPIPHANII

3527 264 3635 322 536

368 394 577 448 siarnm
634 393 912 449 antistites
946 393 1164 448 dicendi
1201 393 1460 450 facultate
1506 394 1691 464 pollet,
1736 395 1805 451 ab
1839 394 1950 449 illis

2060 395 2187 450 θεῖν.
2227 393 2338 449 Καὶ
2389 393 2510 449 οὔτε
2539 396 2568 448 6
2610 393 2750 448 πάνυ
2775 393 2998 458 δυνατὸς
3024 393 3082 446 ἐν
3117 391 3261 464 λόγῳ
3282 389 3391 444 τῶν
3417 389 3474 444 ἐν
3512 390 3632 452 ταῖς

367 486 585 540 diversa
621 483 959 555 proﬁteatur.
990 483 1161 541 Nemo
1193 487 1337 542 enim
1368 495 1453 542 est
1485 494 1816 557 praeceptore
1843 501 1945 541 suo

369 577 639 645 superior.
670 575 858 647 Neque
888 579 983 648 qui
1016 578 1197 634 infans
1225 588 1309 634 est
1335 587 1390 633 et
1418 578 1716 634 indisertus
1739 576 1809 633 de
1838 586 1948 632 tra—

367 664 481 717 dita
526 665 630 720 sibi
671 665 961 737 disciplina
1000 668 1298 738 quidquam
1346 668 1636 723 diminuat.
1669 666 1945 733 Quoniam

366 754 510 809 enim
540 771 647 810 una
675 766 761 812 est
793 759 1092 830 eademque
1129 760 1295 825 ﬁdes;
1328 776 1505 830 neque
1532 759 1626 830 qui
1664 758 1732 814 de
1762 774 1825 814 ea
1861 773 1948 813 co-

367 845 520 914 piose
551 855 735 916 potest
757 849 941 905 dicere
971 850 1094 921 plus
1131 852 1337 922 aliquid
1371 852 1600 912 obtinet,
1634 865 1809 919 neque
1842 849 1947 904 mi-

368 954 494 1003 nus,
526 941 617 1010 qui
650 956 824 1010 pauca
849 943 1112 998 duntaxat
1145 944 1328 1014 eloqui
1359 951 1553 1015 potest.
1577 942 1735 1009 Quod
1765 947 1948 997 autem

369 1031 493 1101 plus
510 1034 758 1091 minusve
790 1037 1038 1092 nonnulli
1066 1037 1429 1108 intelligentia
1468 1051 1532 1091 ac
1559 1035 1790 1093 scientia
1819 1050 1952 1092 con-

372 1119 694 1195 sequantur,
746 1129 882 1184 nihil
928 1130 1031 1184 hoc
1081 1131 1148 1184 ad
1199 1128 1596 1184 immutandam
1641 1126 1948 1182 doctrinam

372 1219 606 1287 pertinet
639 1235 650 1268 :
686 1236 864 1291 neque
893 1223 1098 1279 idcirco
1125 1223 1294 1278 Deum
1331 1221 1497 1276 alium
1528 1229 1725 1290 przeter
1757 1219 1950 1274 condi-

372 1319 544 1365 torem
559 1311 893 1380 excogitant,
911 1319 1071 1382 atque
1089 1313 1251 1382 hujus
1267 1310 1644 1366 universitatis
1661 1308 1948 1372 artilicem,

372 1412 424 1458 et
446 1404 693 1466 altorem,
724 1403 882 1472 quasi
923 1405 1146 1461 minime
1194 1405 1305 1460 sint
1335 1403 1509 1458 altero
1540 1403 1634 1456 illo
1664 1392 1906 1457 contenti
1936 1417 1950 1466 ;

371 1511 550 1565 neque
579 1510 744 1565 porro
776 1493 1124 1567 Unigeuitum
1155 1497 1345 1552 alium.

443 1586 546 1640 Sed
573 1585 628 1640 in
658 1587 711 1640 id
738 1586 1005 1641 duntaxat
1040 1587 1264 1642 illorum
1306 1587 1554 1644 elaborat
1574 1585 1866 1648 industria,
1896 1593 1956 1639 ut

371 1694 492 1749 qua:
512 1679 859 1750 :cnigmatum
891 1680 1218 1751 quibusdam
1246 1681 1546 1736 involucris
1565 1680 1781 1735 obtecta
1806 1685 1955 1745 sunt,

371 1773 678 1841 exspoliant
709 1782 870 1844 atque
890 1774 1257 1844 explicent,et
1290 1773 1358 1828 ad
1387 1772 1696 1830 communis
1723 1771 1845 1827 ﬁdei
1872 1771 1956 1824 in-
1989 1751 2028 1805 Β

373 1864 622 1918 stitutum
648 1865 1098 1931 accommodent;
1128 1865 1243 1922 sive
1269 1874 1330 1920 ut
1356 1865 1515 1935 203
1551 1863 1795 1918 divinum
1818 1860 1950 1916 illud

371 1957 428 2009 in
458 1956 742 2011 hominum
801 1958 978 2013 salute
1007 1957 1352 2028 procuranda
1387 1957 1690 2028 negotium,
1719 1954 1954 2009 admini-

374 2049 806 2120 strationemque
856 2065 1075 2106 omnem
1105 2060 1412 2121 eXponant;
1454 2050 1620 2119 idque
1659 2049 1837 2120 ipsum
1861 2049 1952 2103 de-

373 2140 604 2204 clarent,
629 2140 900 2210 quomodo
951 2139 1098 2195 illam
1131 2139 1414 2196 rebellium
1459 2139 1752 2210 spirituum
1803 2138 1954 2194 defe-

372 2232 611 2286 ctionem
675 2231 1072 2302 hominumque
1128 2233 1532 2287 contumaciam
1562 2229 1704 2287 Deus
1744 2232 1954 2300 patien-

373 2323 585 2378 tissime
613 2322 799 2379 tulerit
829 2341 844 2389 ;
879 2322 1011 2394 quid
1050 2338 1231 2380 causae
1266 2324 1361 2392 sit,
1392 2338 1673 2379 cur.unus
1700 2323 1954 2392 idemque

375 2412 520 2470 Deus
572 2399 702 2468 alia?
742 2414 1114 2485 temporaria,
1177 2415 1286 2470 alia
1340 2414 1675 2485 sempiterna
1726 2413 1949 2469 fecerit:

375 2505 613 2576 itemque
665 2506 910 2562 coelestia
952 2506 1224 2577 quaedam,
1277 2506 1385 2560 alia
1437 2516 1700 2572 terrena;
1737 2519 1838 2560 cur
1861 2504 1953 2574 qui

373 2597 551 2650 oculis
594 2597 766 2666 aspici
820 2597 1032 2667 nequit,
1063 2598 1346 2668 prophetis
1376 2611 1488 2651 non
1522 2611 1630 2650 una
1662 2595 1845 2666 specie
1873 2594 1954 2648 vi-

375 2689 606 2743 sendum
634 2703 692 2743 se
721 2689 1035 2758 praebuerit,
1053 2688 1148 2744 sed
1175 2689 1298 2746 aliis
1329 2689 1437 2744 alio
1462 2688 1622 2744 modo
1651 2702 1776 2758 quae
1798 2687 1957 2742 vellet

375 2780 782 2852 signiﬁcaverit.
810 2781 921 2836 Cur
952 2779 1300 2836 Testamenta
1322 2781 1478 2850 plura
1508 2781 1618 2835 sint
1641 2777 1955 2834 hominibus

373 2870 616 2935 condita,
657 2885 845 2941 qureve
891 2869 1181 2940 utriusque
1229 2878 1374 2926 nota:
1427 2885 1492 2924 ac
1518 2868 1740 2939 propria
1787 2867 1953 2923 veluti

377 2964 704 3018 lineamenta
726 2963 856 3019 sint.
880 2959 948 3017 Ut
976 2961 1110 3017 illud
1128 2961 1292 3017 etiam
1325 2961 1629 3032 inquirant,
1647 2975 1746 3015 cur
1771 2958 1956 3014 omnia

2052 488 2403 560 Ἐκκλησίαις
2432 492 2788 560 προεστώτων
2836 487 3002 557 ἐτερα
3036 485 3243 540 τούτων
3275 485 3423 556 ἐρεῖ·
3456 482 3633 546 οὐδεὶς

2049 585 2162 657 γάρ
2190 587 2330 656 ὑπὲρ
2359 585 2450 638 τὸν
2479 584 2799 639 διδάσκαλον
2820 601 2833 616 ·
2865 581 2986 636 οὔτε
3011 586 3038 636 6
3063 582 3293 654 ἀσθενὴς
3313 582 3371 634 ἐν
3387 579 3464 648 τῷ
3487 579 3634 649 λόγῳ

2049 675 2343 731 ἐλαττώσει
2389 677 2489 746 τὴν
2523 675 2822 746 παράδοσιν
2846 692 2860 706 ο
2901 675 3029 746 μιᾶς
3057 672 3168 744 γάρ
3197 671 3294 725 καὶ
3330 671 3430 741 τῆς
3459 669 3632 739 αὐτῆς

2053 771 2289 835 πίστεως
2331 769 2518 840 οὔσης,
2548 768 2669 823 οὔτε
2713 769 2743 821 6
2780 767 2914 821 πολὺ
2959 766 3086 837 περὶ
3129 763 3298 834 αὐτῆς
3335 761 3633 832 δυνάμενος

2053 867 2229 918 εἰπεῖν
2271 862 2617 926 ἐπλεόνασεν,
2667 859 2790 914 οὔτε
2827 861 2856 912 6
2886 859 2946 912 τὸ
2969 857 3146 926 ὀλίγον
3171 855 3519 926 ἡλαττόνησε.
3554 852 3630 905 Τὸ

2053 955 2110 1009 δέ
2152 955 2334 1008 πλεῖον
2365 953 2398 1024 ἢ
2433 953 2651 1006 ἔλαττον
2681 950 2825 1005 κατά
2869 949 3086 1003 σύνεσιν
3116 946 3313 1001 είδέναι
3342 945 3495 1010 τινὰς
3527 943 3631 998 οὐκ

2054 1050 2112 1102 ἐν
2159 1046 2236 1118 τῷ
2291 1047 2392 1117 τὴν
2445 1045 2702 1099 ὑπόθεσιν
2751 1041 2921 1113 αὐτὴν
2952 1040 3241 1095 ἀλλάσσειν
3269 1039 3495 1107 γίνεται,
3531 1037 3629 1090 καὶ

2054 1139 2210 1195 ἄλλον
2269 1138 2401 1190 Θεὸν
2440 1135 2790 1205 παρεπινοεῖν
2821 1132 2973 1204 παρά
3011 1131 3104 1184 τὸν
3145 1128 3494 1200 δημιουργὸν,
3533 1126 3630 1179 καὶ

2055 1233 2304 1303 ποιητὴν,
2333 1231 2425 1284 ml.
2449 1229 2652 1301 τροφέα
2679 1227 2832 1281 τοῦδε
2862 1226 2955 1280 τοῦ
2979 1223 3197 1287 παντὸς,
3221 1222 3296 1286 ὡς
3326 1220 3398 1293 μὴ
3427 1221 3631 1291 ἀρκου-

2058 1325 2251 1396 μένους
2304 1322 2526 1386 τούτους
2549 1319 2654 1392 ﬁli)
2689 1319 2846 1374 ἄλλον
2889 1316 3145 1391 Χριστὸν,
3179 1315 3213 1370 il
3261 1313 3416 1368 ἀλλον
3463 1312 3632 1366 Μονο-

2054 1416 2204 1486 γενῆ.

2125 1595 2284 1650 Ἀλλά
2311 1597 2369 1648 ὲν
2393 1593 2472 1666 τῷ
2520 1593 2590 1649 τὰ
2620 1595 2718 1648 ὅσα
2747 1593 2806 1646 ἐν
2834 1589 3174 1662 παραδολαῖς
3215 1587 3430 1658 εἴρηται
3460 1599 3630 1654 προσ-

2057 1685 2475 1757 επεργάζεσθαι,
2500 1686 2594 1739 ml.
2625 1683 2936 1754 οίκειοῦντῇ
2970 1683 3068 1751 τῆς
3089 1680 3323 1740 πίστεως
3353 1674 3626 1729 ὑποθέσει·

2057 1781 2149 1833 ml.
2181 1779 2238 1833 tv
2270 1778 2348 1850 τῷ
2380 1779 2479 1850 τήν
2533 1795 2593 1831 τε
2643 1775 3021 1849 πραγματείαν
3053 1773 3147 1826 καὶ
3185 1767 3492 1840 οἰκονομίαν
3531 1764 3628 1818 τοῦ

2055 1868 2189 1923 Θεοῦ
2217 1868 2314 1939 τὴν
2336 1868 2426 1921 ἐπὶ
2446 1871 2511 1939 τῇ
2540 1867 2636 1921 ἀνθ
2645 1868 2917 1938 ρωπότητι
2931 1863 3221 1934 γινομένην
3239 1857 3626 1927 ἐκδιηγεῖσθαι,

2055 1963 2150 2015 “ml.
2176 1962 2257 2015 ὅτι
2295 1960 2752 2032 ἐμακροθύμησεν
2789 1961 2818 2012 6
2850 1957 2980 2021 Θεὸς
3013 1955 3104 2008 ἐπί
3131 1972 3192 2007 τε
3224 1957 3291 2024 τῇ
3313 1952 3420 2005 τῶν
3451 1967 3625 2020 παρα-

2056 2053 2368 2125 ϐεϐηκότων
2408 2053 2656 2123 ἀγγέλων
2683 2049 3007 2119 ἀποστασία,
3039 2047 3135 2112 καὶ
3165 2048 3257 2099 ἐπὶ
3283 2048 3348 2116 τῇ
3375 2046 3628 2116 παρακοῇ

2054 2145 2162 2200 τῶν
2218 2144 2518 2217 ἀνθρώπων
2547 2143 2892 2216 σαφηνίζειν·
2923 2140 3018 2194 ml.
3048 2139 3135 2192 διά
3155 2137 3207 2191 τί
3236 2136 3303 2191 τὰ
3334 2136 3432 2208 μὲν
3460 2135 3625 2206 πρόσ-

2057 2256 2245 2310 καιρα,
2277 2238 2346 2291 τὰ
2384 2238 2440 2291 δὲ
2481 2235 2692 2299 αἰώνια,
2728 2234 2822 2288 ml.
2849 2233 2918 2287 τὰ
2952 2233 3050 2304 μέν
3082 2229 3329 2301 οὐράνια,
3360 2227 3455 2281 ml.
3475 2226 3543 2279 τά
3571 2223 3628 2278 δέ

2056 2333 2273 2402 ἐπίγεια
2295 2326 2374 2395 εἷς
2402 2331 2495 2384 ml.
2519 2332 2547 2384 6
2575 2329 2735 2392 αὐτὸς
2754 2327 2886 2390 Θεὸς
2909 2324 3226 2396 πεποίηκεν,
3244 2317 3625 2388 ἀπαγγέλλειν·

2056 2427 2151 2480 ml
2176 2425 2266 2480 διά
2292 2425 2345 2478 τί
2378 2425 2610 2494 ἀόρατος
2635 2421 2711 2474 ὢν
2744 2421 2917 2490 ἐφάνη
2949 2420 3062 2481 τοῖς
3081 2415 3386 2488 προφήταις
3413 2413 3441 2464 6
3469 2410 3626 2473 Θεὸς.

2053 2517 2154 2569 οὐκ
2186 2517 2243 2568 ἐν
2270 2516 2369 2584 μιᾷ
2401 2513 2528 2584 ἰδέᾳ,
2555 2511 2689 2566 ἀλλὰ
2714 2509 2886 2574 ἄλλως
2934 2507 3132 2570 ἄλλοις,
3160 2506 3380 2558 συνιεῖν⁶
3409 2503 3504 2555 καὶ
3542 2499 3632 2553 διὰ

2055 2608 2107 2663 τί
2139 2607 2401 2678 Διαθῆκαι
2440 2605 2656 2668 πλείους
2694 2603 2946 2672 γεγόνασι
2990 2603 3057 2672 τῇ
3095 2597 3491 2669 ἀνθρωπότητι,
3534 2611 3638 2666 μη.-

2055 2698 2224 2759 νύειν,
2269 2697 2364 2750 καὶ
2395 2695 2480 2758 τίς
2527 2693 2764 2763 ἑκάστης
2790 2691 2899 2744 τῶν
2944 2686 3227 2760 Διαθηκῶν
3256 2689 3284 2740 6
3322 2682 3628 2756 χαρακτὴρ,

2055 2790 2328 2845 διδάσκειν
2346 2805 2360 2821 ο
2397 2787 2495 2842 καὶ
2518 2786 2606 2840 διὰ
2629 2786 2682 2837 τί
2710 2783 3019 2838 συνέκλεισε
3044 2781 3221 2834 πάντα
3247 2781 3326 2842 είς
3349 2777 3630 2831 ἀπείθειαν

2056 2884 2085 2936 6
2109 2881 2262 2945 Θεὸς,
2292 2879 2378 2932 ἵνα
2425 2878 2552 2940 τοὺς
2599 2875 2807 2938 πάντας
2834 2874 3052 2944 ἐλεήσῃ,
3080 2870 3387 2943 ἐξερευνᾷν,
3415 2869 3510 2921 καὶ
3546 2865 3632 2919 διὰ

2056 2974 2110 3028 τί
2137 2974 2166 3026 6
2213 2971 2385 3040 Λόγος
2416 2968 2510 3023 τοῦ
2542 2967 2680 3022 Θεοῦ
2727 2966 2862 3039 σὰρξ
2899 2965 3135 3034 ἐγένετο,
3166 2962 3261 3016 ml.
3287 2958 3509 3020 ἔπαθεν,
3541 2957 3632 3009 εὖ·

377 3055 521 3111 Dens
589 3055 965 3126 perduellione
1015 3052 1372 3116 concluserit,
1406 3060 1468 3107 ut
1508 3051 1754 3106 omnium
1790 3049 1957 3106 mise-

2060 3064 2361 3133 χαριστεῖν·
2424 3060 2515 3114 ml.
2564 3059 2654 3112 διὰ
2686 3058 2740 3110 τί
2793 3057 2878 3110 ἐπ’
2927 3056 3171 3126 ἐσχάτων
3206 3050 3314 3105 τῶν
3355 3047 3560 3119 καιρῶν
3599 3049 3634 3116 ὴ

379 3148 481 3202 reri
509 3155 716 3218 posset;
740 3155 906 3218 atque
933 3147 1004 3202 ob
1047 3147 1100 3200 id
1136 3146 1360 3214 insuper
1373 3145 1579 3215 gratias
1601 3149 1783 3214 agant,
1813 3140 1958 3212 quod

383 3235 616 3292 Verbum
643 3236 737 3291 Dei
768 3251 897 3291 caro
922 3234 1146 3300 factum,
1170 3249 1234 3289 ae
1264 3232 1539 3303 supplicio
1561 3239 1646 3288 est
1668 3230 1956 3286 allectum:

381 3327 514 3381 illud
550 3327 715 3383 etiam
739 3327 1068 3393 edisserant,
1091 3341 1191 3381 cur
1214 3325 1268 3379 in
1297 3334 1543 3381 extrema
1573 3331 1818 3393 tempora
1836 3320 1960 3376 Filii

382 3419 475 3475 Dei
539 3419 806 3475 adventus
836 3419 1115 3482 inciderit,
1149 3418 1254 3472 hoc
1303 3425 1388 3484 est
1433 3431 1532 3472 cur
1561 3416 1809 3470 omnium
1841 3427 1962 3468 sese

383 3510 718 3581 Principium
769 3512 825 3565 in
883 3511 991 3567 ﬁne
1047 3509 1374 3582 prodiderit.
1415 3509 1498 3564 Ad
1525 3508 1640 3563 haec
1671 3507 1740 3564 de
1771 3506 1959 3562 mundi

381 3605 548 3668 exitu,
580 3602 887 3674 futurisque
911 3604 1076 3659 rebus
1113 3617 1454 3674 quaecunque
1484 3600 1658 3657 sacris
1679 3601 1962 3670 reperiun-

375 3705 474 3752 tur
505 3697 556 3751 in
583 3696 782 3762 Libris,
798 3697 1112 3770 excutiant;
1141 3713 1241 3754 nec
1275 3696 1412 3752 illud
1446 3702 1684 3760 taceant,
1712 3710 1813 3751 cur
1865 3695 1962 3752 de-

381 3795 612 3859 speratae
636 3787 786 3859 prius
801 3796 992 3860 gentes
1022 3789 1075 3843 in
1109 3788 1250 3845 idem
1282 3802 1406 3843 eum
1436 3789 1643 3843 sanctis
1667 3788 1760 3857 jus
1791 3786 1962 3843 haere-

379 3877 591 3942 ditatis,
615 3892 678 3932 ac
703 3878 874 3933 veluti
904 3892 1107 3950 corpus
1133 3885 1187 3934 et
1209 3878 1526 3934 societatem
1560 3892 1589 3931 a
1619 3876 1730 3933 Deo
1759 3876 1962 3932 fuerint

381 3971 586 4024 ascitas.
621 3968 725 4036 Qui
763 3969 882 4024 ﬁeri
917 3970 1112 4039 possit,
1150 3978 1210 4025 ut
1242 3969 1491 4024 mortalis
1522 3969 1628 4024 ista
1663 3968 1961 4023 caruncula

385 4063 846 4118 immortalitatem
877 4071 933 4119 et
965 4064 1381 4134 incorruptibile
1433 4062 1538 4118 hoc
1589 4061 1961 4131 incorruptio-

383 4171 502 4210 nem
526 4155 718 4210 induat
747 4173 762 4222 ;
797 4164 892 4210 aut
921 4157 1384 4225 quemadmodum
1415 4156 1666 4210 dicturus
1688 4155 1797 4210 sit:
1836 4153 1963 4207 Non

378 4248 600 4315 populus
634 4247 858 4314 populus
887 4249 1010 4312 erit,
1051 4259 1100 4303 et
1138 4266 1241 4303 non
1275 4248 1490 4313 dilecta,
1517 4247 1712 4301 dilecta
1745 4248 1786 4313 ¹;
1825 4261 1964 4316 quo-

380 4340 545 4392 m‘odo
572 4339 750 4407 plures
768 4337 1008 4404 deserta,
1037 4357 1193 4408 quant
1221 4341 1392 4393 virum
1413 4339 1649 4394 habentis
1665 4339 1769 4392 sint
1791 4339 1894 4408 ﬁlii
1916 4341 1958 4394 ³.

2064 3152 2335 3224 παρουσία
2363 3151 2456 3204 τοῦ
2485 3149 2614 3204 Υίοῦ
2649 3148 2742 3202 τοῦ
2785 3146 2942 3212 Θεοῦ,
2973 3145 3248 3199 τουτέστιν
3275 3145 3334 3198 ἐν
3366 3141 3444 3212 τῷ
3469 3140 3634 3202 τέλει,

2063 3245 2232 3316 ἐφάνη
2263 3245 2294 3314 ἡ
2318 3242 2459 3314 ἁρχὴ
2475 3243 2516 3308 ⁵,
2535 3240 2895 3310 ἀπαγγέλλειν
2915 3255 2928 3268 ⁸
2943 3239 3037 3292 καὶ
3064 3234 3307 3308 περὶτοῦ
3335 3233 3521 3296 τέλους
3543 3232 3637 3286 καὶ

2062 3337 2170 3390 τῶν
2203 3333 2524 3406 μελλόντων,
2545 3333 2644 3386 ὅσα
2676 3347 2735 3383 τε
2768 3331 2944 3382 κεῖται
2973 3329 3031 3383 ἐν
3064 3327 3184 3390 ταῖς
3215 3325 3477 3397 Γραφαῖς,
3509 3323 3634 3376 ἀνα-

2063 3425 2324 3479 πτύσσειν
2350 3439 2365 3454 ο
2394 3423 2489 3476 καὶ
2517 3423 2570 3475 τί
2599 3423 2680 3475 ὃτι
2705 3421 2772 3474 τά
2803 3417 3201 3488 ἀπεγνωσμένα
3236 3415 3363 3486 ἔθνη
3385 3411 3633 3482 ’συγκλη-

2068 3517 2270 3593 ρονόμα
2299 3516 2393 3571 ml.
2421 3515 2702 3586 σύσσωμα,
2734 3512 2828 3567 καὶ
2867 3510 3183 3583 συμμέτοχα
3208 3506 3317 3562 τῶν
3341 3507 3512 3576 ἁγίων
3542 3521 3637 3557 πε-

2035 3599 2039 3604 .
2063 3611 2291 3682 ποίηκεν
2315 3611 2345 3663 6
2367 3607 2520 3671 Θεὸς,
2552 3605 2626 3678 μὴ
2657 3607 2870 3677 σιωπᾷν
2885 3621 2898 3636 ·
2931 3603 3023 3657 m‘t
3045 3601 3160 3666 πῶς
3179 3600 3239 3654 τὸ
3267 3600 3458 3669 θνητὸν
3481 3597 3640 3651 τοῦτο

2066 3705 2288 3776 σαρκίον
2309 3701 2588 3757 ἐνδύσεται
2618 3698 2937 3763 ἀθανασίαν,
2961 3696 3055 3752 καὶ
3083 3694 3142 3749 τὸ
3168 3693 3404 3766 φθαρτὸν
3428 3691 3637 3762 ἀφθαρ-

2065 3796 2203 3860 σίαν,
2233 3793 2595 3864 διαγγέλλεινο
2614 3791 2731 3856 πῶς
2763 3808 2822 3843 τε
2845 3791 2979 3861 ἐρεῖ,
3011 3789 3061 3841 '0
3090 3789 3160 3841 οὐ
3175 3785 3325 3852 λαὸς
3338 3783 3506 3848 λαὸς,
3539 3781 3636 3835 καί

2062 3885 2103 3954 ἠ
2131 3887 2242 3939 οὐκ
2263 3882 2618 3953 ἠγαπημένη
2656 3879 3013 3952 ἠγαπημένη
3032 3895 3047 3910 ο
3079 3878 3175 3932 ml.
3226 3877 3345 3940 πῶς
3389 3874 3638 3929 πλείονα

2063 3975 2176 4044 τῆς
2223 3973 2447 4043 ἐρήμου
2471 3975 2545 4028 τὰ
2567 3973 2746 4026 τέκνα
2764 3969 3005 4041 μᾶλλον
3040 3968 3078 4037 ἢ
3126 3967 3236 4036 τῆς
3252 3967 3516 4036 ἐχούσης
3535 3963 3639 4018 τὸν

2065 4068 2272 4136 ἄνδρα,
2292 4085 2363 4138 κη
2373 4067 2610 4140 ρύσσειν.
2628 4064 2752 4119 Ἐπὶ
2769 4063 2971 4117 τούτων
2988 4062 3097 4134 γὰρ
3109 4061 3202 4114 ml.
3215 4060 3307 4113 ἐπὶ
3325 4057 3428 4112 τῶν
3442 4056 3640 4128 ὁμοίιον

2065 4161 2249 4224 αὐτοῖς
2289 4160 2584 4230 ἐπεϐόησεν
2622 4161 2650 4212 6
2689 4158 3009 4220 Ἀπόστολος
3035 4173 3049 4188 ·
3079 4157 3139 4209 Ὦ
3156 4153 3348 4220 βάθος
3376 4150 3641 4205 πλούτου

2066 4253 2162 4307 καὶ
2192 4254 2414 4323 σοφίας
2442 4253 2542 4306 καὶ
2579 4251 2854 4322 γνώσεως
2886 4249 3072 4305 Θεοῦ]
3103 4249 3183 4315 ὠς
3209 4245 3639 4314 ἁνεξερεύνητο

2067 4347 2136 4401 τὰ
2153 4348 2406 4417 κρίματα
2426 4345 2634 4414 αὐτοῦ,
2678 4345 2780 4400 καὶ
2820 4342 3269 4412 ἀνεξιχνίαστοι
3303 4341 3362 4392 αι
3391 4335 3521 4392 ὁδοὶ
3544 4337 3652 4388 αὐ·-

381 4427 517 4482 Nam
563 4429 630 4484 de
687 4429 773 4483 his
813 4443 877 4482 ae
906 4430 1181 4485 similibus
1221 4432 1494 4484 exclamat
1533 4431 1832 4500 Apostolus
1866 4450 1878 4486 :
1917 4430 1957 4487 Ο

2067 4439 2194 4492 τοῦ.
2229 4437 2393 4491 Ἀλλά
2421 4437 2522 4490 οὐκ
2547 4439 2605 4491 ἐν
2625 4435 2702 4509 τῷ
2733 4435 2872 4506 ὑπὲρ
2891 4434 2983 4488 τὸν
3010 4433 3233 4503 κτίστην
3263 4429 3357 4483 καὶ
3379 4431 3639 4499 Δημιουρ-

383 4517 612 4572 altitudo
664 4518 973 4572 divitiarum
1021 4535 1082 4572 ac
1141 4521 1437 4588 sapientiai,
1484 4529 1534 4574 et
1569 4521 1802 4575 scientia:
1828 4517 1962 4575 Dei!

382 4625 541 4678 quam
569 4609 1110 4678 incomprehensibilia
1155 4621 1278 4665 sunt
1317 4611 1528 4680 judicia
1569 4613 1708 4682 ejus,
1750 4623 1799 4667 et
1822 4614 1964 4669 inve-

382 4701 651 4772 stigabiles
680 4703 775 4758 via:
801 4703 915 4773 ejus
946 4703 998 4757 ’ί
1036 4702 1155 4758 Non
1175 4701 1240 4759 'id
1275 4713 1455 4759 autem
1494 4714 1681 4777 agunt,
1712 4717 1772 4761 ut
1796 4721 1961 4779 supra

382 4794 699 4850 Creatorem
749 4811 814 4850 ac
842 4796 1215 4862 Conditorem,
1247 4797 1444 4853 horum
1475 4797 1723 4865 Matrem,
1751 4816 1815 4856 ac
1839 4801 1961 4872 vagi

385 4885 581 4942 JEonis
606 4887 1000 4958 Cogitatiouem
1033 4891 1173 4945 male
1209 4891 1723 4957 comminiscantur,
1758 4908 1822 4948 ac
1853 4902 1963 4947 tam

385 4978 654 5048 insignem
689 4977 802 5034 Deo
853 4981 1240 5036 contumeliam
1280 4979 1514 5048 faciant;
1559 4998 1738 5053 neque
1767 4991 1824 5038 ut
1853 4983 1967 5039 Ple-

388 5084 538 5122 roma
576 5071 763 5125 nescio
789 5070 934 5141 quod
973 5073 1065 5126 illa
1100 5073 1356 5142 superius
1389 5073 1550 5128 modo
1572 5090 1678 5128 xxx
1699 5073 1966 5130 duntaxat

383 5161 654 5219 monibus
701 5165 982 5229 deliniant,
1023 5165 1187 5219 modo
1218 5163 1487 5218 inﬁnitam
1529 5165 1748 5218 illorum
1784 5166 1963 5220 natio-

2069 4530 2163 4599 γὸν
2194 4530 2422 4603 Μητέρα
2449 4532 2652 4584 τούτων
2687 4531 2730 4594 ⁸,
2761 4530 2856 4583 καὶ
2884 4526 3048 4582 αὐτοῦ
3075 4522 3406 4594 Ἐνθύμησιν
3443 4516 3642 4579 Αίῶνος

2062 4622 2489 4694 μπεπλανημένου
2535 4624 2911 4694 παρεπινοεῖν,
2965 4619 3060 4673 καὶ
3089 4617 3167 4680 εἰς
3214 4612 3466 4667 τοσοῦτον
3490 4611 3651 4680 ἥκειν

2071 4711 2424 4783 βλασφημίας
2443 4727 2460 4744 ·
2488 4712 2608 4765 οὐδὲ
2638 4713 2699 4765 τὸ
2746 4711 2886 4782 ὑπὲρ
2918 4709 3121 4779 ταύτην
3156 4706 3317 4760 πάλιν
3348 4701 3652 4773 Πλήρωμα,

2066 4803 2128 4854 τὸ
2170 4802 2266 4872 μὲν
2303 4802 2400 4856 ἕνα
2449 4802 2492 4866 ⁷,
2537 4801 2632 4856 νῦν
2665 4801 2723 4854 δὲ
2758 4798 3060 4872 ἀνήριθμον
3086 4794 3250 4866 φῦλον
3282 4790 3502 4845 Ald)va
3533 4787 3653 4840 ἐπι-

2066 4893 2378 4963 ψεύδεσθαι,
2414 4892 2595 4954 καθὼς
2649 4892 2899 4961 λέγουσιν
2945 4885 3088 4943 οὗτοι
3120 4887 3171 4939 ot
3218 4881 3432 4953 άληθῶς
3456 4879 3651 4950 ἔρημοι

2067 4985 2218 5050 θείας
2263 4986 2535 5048 συνέσεως
2577 4983 2921 5044 διδάσκαλοι,
2969 4981 3066 5049 τῆς
3114 4976 3282 5045 οὔσης
3324 4967 3652 5038 Ἐκκλησίας

2069 5077 2252 5148 πάσης
2281 5077 2408 5147 μίαν
2444 5076 2540 5130 καὶ
2564 5075 2662 5147 τὴν
2699 5073 2868 5144 αὐτὴν
2891 5073 3074 5125 πίστιν
3107 5067 3338 5139 ἐχούσης
3366 5064 3446 5126 εἰς
3472 5058 3654 5113 πάντα.

2068 5169 2159 5221 τὸν
2187 5169 2411 5239 κόσμον,
2440 5166 2622 5231 καθὼς
2652 5166 2992 5237 προέφαμεν.

387 5255 509 5314 nem
544 5261 902 5326 constituant,
939 5270 998 5314 ut
1023 5261 1227 5332 egregii
1277 5262 1356 5317 illi
1390 5261 1641 5333 magistri
1686 5276 1751 5316 ac
1775 5261 1961 5317 divina
1999 5265 2161 5335 plane
2194 5266 2423 5323 scientia
2450 5265 2697 5322 destituti
2720 5263 2933 5317 faciunt
2970 5277 2982 5312 :
3027 5275 3151 5315 cum
3185 5270 3293 5311 una
3357 5250 3651 5318 eademqua

387 5352 480 5415 sit,
514 5359 569 5406 ut
611 5350 874 5414 diximus,
910 5359 1027 5406 toto
1060 5352 1193 5406 orbe
1210 5368 1482 5420 germana!
1517 5352 1776 5406 Ecclesiae
1812 5351 1963 5408 ﬁdes.

457 5440 672 5496 XXXII.
736 5443 849 5513 Age
910 5458 1039 5498 vero
1089 5443 1369 5499 videamus
1422 5444 1586 5500 modo
1639 5451 1845 5514 quanta
1888 5445 1960 5501 sit

2139 5445 2264 5499 AB'.
2302 5444 2530 5515 Ἵδωμεν
2563 5442 2657 5497 νῦν
2691 5441 2783 5496 καὶ
2808 5441 2907 5511 τὴν
2941 5438 3142 5491 τούτων
3171 5436 3401 5491 ἄστατον
3427 5428 3650 5501 γνώμην

511 5617 713 5694 05c._t,
748 5619 890 5694 ια-
914 5621 932 5651 ²
965 5619 1068 5694 lsa.
1112 5634 1221 5694 uv,
1258 5618 1306 5673 l.
1385 5620 1405 5694 ξ’
1439 5618 1596 5674 Rom.
1629 5637 1704 5689 ιι,
1733 5621 1821 5678 53.
1903 5621 1921 5654 ’⁵

2060 5639 2082 5677 υ.
2111 5621 2303 5694 τούτῳ.
2383 5624 2401 5656 ⁵
2442 5621 2582 5679 lrcn.
2617 5622 2709 5674 καὶ
2743 5621 2842 5673 οὐκ
2876 5619 2931 5673 ἐν
2964 5617 3124 5690 ἀρχῇ.
3205 5613 3224 5645 ε
3255 5612 3396 5668 lrcn.
3429 5606 3616 5662 τούτου

399 5689 489 5742 καῖ
529 5688 719 5742 αὐτῶν.
795 5691 812 5718 ⁷
853 5688 974 5743 For.
1012 5690 1129 5741 τότε
1167 5691 1260 5759 μὲν
1285 5691 1595 5759 τριάκοντα.
