4004 6150
392 303 498 363 £337

1137 304 1508 363 ADVERSUS
1547 306 1890 367 IIIERESES
1930 308 2061 371 LIB.
2098 312 2141 369 I.
2183 313 2347 370 TOM.
2390 312 2540 370 II.—
2582 309 2861 368 IIERES.
2895 306 3090 365 XXXI.

3553 305 3662 363 538

392 423 487 479 δύο
512 439 612 476 που
627 421 722 476 καὶ
751 420 918 492 τριῶν
945 419 1140 484 ὄντων,
1166 423 1283 488 πῶς
1318 425 1447 495 περί
1477 425 1586 480 τῶν
1611 427 1790 482 αὐτῶν
1817 431 1877 482 οὐ
1911 429 1974 484 τά

2081 432 2316 488 duorum
2347 434 2431 488 vel
2486 433 2654 488 trium
2691 431 2919 486 istorum
2959 427 3354 493 inconstantia,
3395 433 3559 496 atque
3590 425 3661 480 de

394 513 533 566 αὑτά
561 511 834 580 λέγουσιν,
860 509 994 566 ἀλλὰ
1020 513 1134 574 τοῖς
1154 514 1444 583 πράγμασι
1468 516 1565 568 καὶ
1585 519 1696 581 τοῖς
1718 517 1976 590 ὀνόμασιν

393 605 611 658 ἐναντία
652 603 1070 672 ἀποφαίνονται.
1109 605 1170 658 '0
1224 605 1322 675 μὲν
1351 605 1461 678 γὰρ
1500 608 1715 680 πρῶτος
1748 612 1856 665 ἀπὸ
1877 614 1976 683 τῆς

395 694 692 766 λεγομένης
738 696 1050 763 Γνωστικῆς
1081 696 1349 767 αἱρέσεως
1377 698 1474 761 τὰς
1505 696 1680 770 ἀρχάς
1724 703 1804 765 εἰς
1845 703 1975 757 ῐδιον

395 788 719 857 χαρακτῆρα
771 787 1141 840 διδασκαλείου
1173 789 1190 818 ί
1227 788 1580 860 μεθαρμόσας
1630 792 1975 858 Οὑαλεντῖνος

393 877 564 941 οὕτως
624 877 1030 950 ὲξηροφόρησεν
1070 878 1204 949 (82),
1245 880 1571 951 ὁρισάμενος
1607 877 1747 935 εἶναι
1795 885 1976 938 Δυάδα

392 967 782 1036 ἀνονόμαστον,
829 962 897 1038 ἦς
945 967 1007 1019 τὸ
1040 967 1138 1038 μέν
1175 985 1228 1020 τι
1278 967 1561 1024 καλεῖσθαι
1593 973 1884 1044 Ἀῥρητον,
1914 975 1975 1028 τὸ

394 1059 450 1111 δὲ
479 1058 666 1129 Σιγήν.
695 1061 928 1132 Ἔπειτα
958 1059 1022 1112 ὲκ
1050 1058 1254 1132 ταύτης
1279 1061 1480 1124 Δυάὸος
1507 1063 1772 1136 δευτέραν
1799 1067 1976 1121 Δυάδα

397 1151 820 1222 προϐεϐλῆσθαι,
854 1148 922 1224 ἦς
951 1152 1013 1205 τὸ
1052 1152 1151 1223 μέν
1183 1171 1236 1206 τι
1275 1155 1497 1226 Πατέρα
1528 1156 1802 1227 ὀνομάζει,
1830 1158 1892 1211 τὸ
1919 1159 1974 1212 δὲ

396 1243 696 1314 Ἀλήθειαν.
732 1245 829 1298 Ἐκ
872 1245 929 1298 δὲ
984 1245 1084 1314 τῆς
1129 1245 1396 1317 Τετράδος
1443 1249 1646 1319 ταύτης
1694 1268 1975 1322 καρποφο-

401 1335 606 1404 ρεῖσθαι
641 1335 813 1404 Λόγον
839 1336 931 1389 καὶ
953 1335 1126 1406 Ζωὴν,
1156 1337 1474 1408 ’Ἄνθρωπον
1497 1339 1592 1392 καὶ
1625 1341 1972 1413 Ἐκκλησίαν.

396 1425 549 1480 Εἶναί
583 1445 644 1481 τε
677 1427 878 1498 ταύτην
912 1429 1170 1497 Ὀγδοάδα
1203 1429 1446 1501 πρώτην.
1476 1432 1586 1484 Καὶ
1618 1433 1725 1486 ἀπὸ
1753 1433 1853 1502 μὲν
1879 1434 1974 1488 τοῦ

395 1519 570 1588 Λόγου
595 1519 690 1574 καὶ
709 1520 808 1591 τῆς
841 1521 995 1591 Ζωῆς
1022 1521 1153 1574 δέκα
1194 1522 1451 1594 δυνάμεις
1483 1524 1632 1592 λέγει
1667 1525 1974 1596 προϐεϐλῆ-

397 1614 536 1679 σθαι,
569 1609 752 1678 καθὼς
802 1618 1210 1688 προειρήκαμεν
1237 1634 1252 1649 ο
1287 1617 1396 1671 ἀπὸ
1429 1619 1486 1672 δὲ
1523 1619 1617 1672 τοῦ
1659 1619 1972 1690 Ἀνθρώπου

394 1705 488 1757 καὶ
517 1705 618 1775 τῆς
653 1703 982 1778 Ἐκκλησίας
1011 1705 1236 1772 δώδεκα,
1268 1702 1342 1764 ὧν
1375 1709 1502 1780 μίαν
1533 1713 1848 1764 ἀποστᾶσαν
1875 1711 1976 1784 τὴν

2078 523 2270 579 iisdem
2317 537 2428 578 non
2456 521 2646 578 eadem
2693 520 3085 590 pronuntient;
3123 518 3216 575 sed
3245 527 3300 575 et
3333 517 3498 573 rebus
3521 516 3661 586 ipsis

2075 622 2130 672 et
2156 615 2439 672 vocabulis
2484 629 2515 670 a
2545 629 2606 670 se
2654 613 2888 668 invicem
2929 613 3284 670 dissentiant.
3320 609 3536 665 Etenim
3561 611 3658 682 qui

2075 721 2107 763 a
2157 707 2540 763 Gnosticorum
2591 703 2785 758 haeresi
2829 702 3148 772 deprompta
3201 701 3364 773 205
3410 699 3658 771 quaedam

2075 800 2232 855 initia
2259 800 2468 869 primus
2490 794 2785 868 peculiaris
2810 793 2878 848 ad
2911 799 3075 848 sectae
3094 792 3323 846 formam
3353 789 3656 852 transtulit,

2078 890 2403 946 Valentinus
2468 889 2544 943 ita
2591 886 2823 942 deﬁniit.
2879 883 3165 938 Biuarium
3196 882 3492 952 quemdam
3538 881 3660 936 sine

2075 982 2297 1038 nomine
2335 980 2644 1044 constituit,
2671 993 2736 1032 ex
2764 976 2999 1030 Arrheto
3039 982 3094 1031 et
3127 975 3255 1045 Sige
3291 980 3658 1029 constantem.

2076 1075 2160 1129 Ab
2192 1075 2294 1129 hoc
2317 1073 2620 1128 secundum
2659 1075 3020 1141 propagatum
3046 1082 3183 1123 esse
3213 1067 3520 1131 Binarium,
3551 1079 3664 1134 quo

2076 1163 2259 1228 Pater,
2293 1179 2358 1218 ac
2411 1161 2626 1218 Veritas
2655 1160 2989 1216 continetur.
3023 1158 3163 1212 Tum
3201 1173 3272 1214 ex
3306 1157 3663 1228 quaternario

2076 1255 2316 1312 Verbum
2372 1264 2427 1312 et
2477 1254 2679 1322 Vitam,
2737 1253 3046 1319 Hominem,
3091 1251 3510 1321 Ecclesiamque
3535 1267 3664 1320 pro-

2076 1347 2243 1402 diisse
2268 1365 2282 1400 :
2313 1346 2456 1402 hanc
2479 1361 2602 1402 esse
2620 1344 2850 1416 primam
2881 1341 3213 1414 Ogdoadem.
3236 1340 3366 1398 Inde
3389 1358 3455 1397 ex
3483 1341 3664 1397 Verbo

2076 1457 2141 1496 ac
2185 1439 2307 1496 Vita
2371 1440 2560 1495 decem
2622 1436 2952 1510 proﬂuxisse
3002 1436 3258 1503 virtutes,
3309 1451 3447 1506 quas
3502 1443 3662 1490 antea

2076 1532 2386 1587 retulimus.
2411 1531 2491 1585 Ab
2520 1530 2750 1585 Ilomine
2774 1536 2828 1584 et
2851 1528 3097 1583 Ecclesia
3130 1526 3454 1593 duodecim;
3483 1542 3512 1580 a
3542 1526 3664 1596 qui-

2078 1622 2182 1678 bus
2221 1637 2328 1676 una
2355 1621 2636 1684 deficiens,
2673 1619 3033 1689 ordinemque
3076 1615 3339 1673 deserens
3384 1617 3660 1686 reliquum

2078 1726 2240 1766 omne
2259 1725 2398 1781 opus
2429 1708 2684 1765 absolvit.
2714 1707 3000 1777 Adjecitet
3026 1707 3204 1763 ﬂoros
3218 1706 3393 1762 duos:
3425 1707 3658 1761 alterum

394 1795 588 1866 λοιπὴν
616 1796 1000 1868 πραγματείαν
1026 1799 1375 1868 πεποιῆσθαι.
1404 1801 1606 1870 Ὄρους
1635 1819 1692 1855 τε
1735 1802 1828 1855 δύο
1869 1803 1974 1855 ὑπ-

2078 1804 2169 1874 qui
2204 1801 2434 1872 Bythum
2473 1801 2616 1855 inter
2645 1815 2710 1854 ac
2734 1799 2984 1855 Pleroma
3025 1799 3297 1869 reliquum
3348 1798 3662 1863 intercedit,

393 1884 566 1953 έθετο,
598 1887 694 1942 ἕνα
725 1889 824 1959 μὲν
882 1891 1084 1960 μεταξὺ
1130 1891 1240 1948 τοῦρ
1279 1891 1451 1946 Βυθοῦ
1496 1895 1591 1947 καὶ
1643 1894 1738 1948 τοῦ
1782 1894 1970 1950 λοιποῦ

395 1977 783 2049 Πληρώματος,
813 1981 1113 2053 διορίζοντα
1138 1982 1264 2047 τοὺς
1307 1986 1595 2055 γεννητοὺς
1625 1986 1838 2050 Λίὦνας
1865 1986 1974 2040 ἀπὸ

390 2068 484 2122 τοῦ
527 2071 824 2142 άγεννήτου
877 2072 1111 2144 Πατρὸς,
1159 2073 1345 2144 ἕτερον
1390 2076 1448 2129 δὲ
1495 2076 1588 2129 τὸν
1645 2077 1973 2148 ἀφορίζονται

333 2216 338 2220 _
390 2161 540 2232 αὐτῷ
575 2165 595 2194 ²
621 2162 718 2233 τὴν
772 2164 1004 2236 Μητέρα
1045 2165 1153 2219 άπὸ
1179 2164 1274 2218 τοῦ
1310 2165 1705 2238 Πληρώματος.
1740 2169 1848 2222 Καὶ
1877 2168 1970 2222 τὸν

391 2251 626 2325 Χριστὸν
653 2254 708 2308 δὲ
741 2255 842 2308 οὐκ
873 2256 980 2309 άπὸ
1016 2256 1124 2310 τῶν
1172 2259 1231 2312 ἐν
1259 2257 1337 2328 τῷ
1385 2258 1721 2331 Πληρώματι
1761 2261 1972 2314 αἰώνων
2007 2297 2010 2302 -

392 2343 968 2416 προϐεϐλῆσθαι,άλλὰ
1000 2344 1104 2398 ὑπὸ
1137 2348 1237 2418 τῆς
1267 2347 1488 2419 Μητρὸς
1531 2347 1634 2414 ἔξω
1670 2349 1974 2420 γενομένης

391 2435 531 2488 κατὰ
547 2435 649 2507 τὴν
665 2435 890 2508 γνώμην
912 2436 1019 2490 τῶν
1042 2439 1369 2510 κρειττόνων
1391 2440 1804 2510 άποκεκυῆσθαι
1830 2439 1972 2511 μετὰ

393 2528 550 2591 σκιᾶς
582 2544 748 2591 τινος.
785 2528 895 2582 Καὶ
941 2528 1101 2581 τοῦτο
1131 2530 1231 2599 μὲν
1277 2529 1372 2584 ἅτε
1419 2532 1624 2604 ἄρρενα
1657 2533 1972 2603 ὑπάρχοντα

390 2619 742 2688 ἀποκόψαντα
767 2621 858 2689 ἀφ’
885 2620 1078 2674 ἑαυτοῦ
1107 2621 1204 2692 τὴν
1229 2622 1407 2687 σκιάν,
1443 2624 1884 2695 ἁναδραμεῖν,εἰς
1909 2624 1971 2678 τὸ

391 2709 674 2782 Πλήρωμα
699 2728 713 2742 ·
748 2712 848 2784 τὴν
891 2712 949 2766 δὲ
999 2713 1230 2784 Μητέρα
1257 2715 1673 2785 ὑπολειφθεῖσαν
1711 2715 1850 2788 μετὰ
1869 2715 1972 2787 τῆς

392 2806 569 2868 σκιᾶς,
587 2805 970 2876 κεκενωμένην
989 2821 1049 2857 τε
1071 2806 1170 2873 τῆς
1196 2809 1573 2879 πνευματικῆς
1597 2808 1967 2872 ὑποστάσεως,

387 2897 573 2966 ἕτερον
622 2897 736 2950 υἱὸν
786 2899 1221 2970 προενέγκασθαι
1243 2916 1258 2931 ο
1290 2900 1394 2954 ικαὶ
1442 2901 1630 2954 τοῦτον
1689 2896 1829 2953 εἶναι
1877 2900 1970 2954 τὸν

388 2993 461 3060 Δη
472 2990 754 3062 μιουργὸν,
780 2991 840 3044 ὃν
868 2993 960 3046 καὶ
991 2995 1406 3066 παντοκράτορα
1445 2994 1595 3063 λέγει
1615 2993 1723 3048 τῶν
1746 2994 1970 3047 ὑποκει-

393 3080 570 3150 μένων
617 3083 657 3135 ³.
709 3083 1234 3156 Συμπροϐεϐλῆσθαι
1288 3084 1522 3156 δὲαύτῷ
1560 3085 1652 3139 καὶ
1703 3084 1971 3157 ᾶριστον¹⁵

386 3172 625 3242 ἄρχοντα
681 3174 1040 3244 ἐδογμάτισεν
1067 3176 1272 3247 ὁμοίως
1303 3178 1416 3240 τοῖς
1454 3177 1854 3248 ῥηθησομένοις
1881 3177 1971 3245 ὑφ’

387 3262 546 3333 ἡμῶν
571 3263 939 3336 ψευδωνύμως
968 3267 1006 3318 Γ
1009 3268 1314 3330 νωστικοῖς.
1352 3268 1463 3319 Καὶ
1486 3267 1578 3320 τὸν
1611 3266 1817 3338 Ἰησοῦν
1841 3283 1974 3319 ποτε

391 3356 491 3424 μὲν
509 3356 617 3409 άπὸ
637 3358 731 3410 τοῦ
760 3359 1114 3422 συσταλέντος
1146 3359 1255 3413 ἀπὸ
1280 3359 1382 3429 τῆς
1401 3359 1621 3432 Μητρὸς
1647 3360 1826 3414 αὐτῶν
1850 3376 1977 3413 συν-

387 3445 750 3516 αναχυθέντος
771 3450 882 3511 τοῖς
908 3448 1051 3512 ὅλοις
1091 3449 1496 3522 προϐεϐλῆσθαί
1539 3467 1691 3520 φασι,
1727 3450 1976 3505 τουτέστι

385 3534 483 3588 τοῦ
514 3535 752 3606 Θελητοῦ
771 3553 786 3567 ⁸
838 3540 969 3593 ποτὲ
1009 3540 1066 3594 δὲ
1111 3541 1220 3594 ἀπὸ
1252 3542 1346 3594 τοῦ
1378 3542 1784 3615 ἀναδραμόντος
1811 3543 1890 3605 εἰς
1915 3541 1977 3594 τὸ

390 3628 690 3700 Πλήρωμα,
751 3632 1000 3686 τουτέστι
1039 3633 1136 3687 τοῦ
1168 3634 1404 3706 Χριστοῦ
1428 3651 1441 3665 ’
1474 3636 1605 3688 ποτὲ
1634 3635 1692 3689 δὲ
1729 3635 1837 3688 ἀπὸ
1877 3633 1970 3687 τοῦ

400 3720 714 3790 Ἀνθρώπου
745 3723 954 3794 καὶτῆς
995 3726 1342 3798 Ἐκκλησίας.
1363 3726 1469 3781 Καὶ
1495 3727 1556 3780 τὸ
1582 3727 1806 3797 Πνεῦμα
1827 3726 1883 3780 δὲ
1909 3724 1969 3777 τὺ

388 3811 542 3881 ἅγιον
594 3814 700 3867 ὑπὸ
749 3818 848 3886 τῆς
875 3816 1204 3890 Ἐκκλησίας
1259 3820 1393 3889 φησὶ
1432 3817 1838 3890 προϐεϐλῆσθαι
1887 3817 1968 3880 εἰς

2075 1901 2129 1949 et
2156 1893 2370 1968 genitos
2430 1891 2638 1948 [Eouas
2667 1891 2737 1946 ab
2765 1890 3009 1962 ingenito
3039 1889 3202 1946 Patre
3236 1890 3469 1956 dirimit;
3526 1891 3661 1945 aite-

2073 2001 2196 2041 rum
2242 1985 2336 2055 qui
2399 1982 2627 2038 Matrem
2689 1983 2908 2037 illorum
2941 1996 2971 2036 a
3038 1981 3349 2037 Pleromate
3403 1983 3663 2038 secernit.

2073 2078 2352 2134 Christum
2388 2090 2552 2146 porro
2583 2091 2690 2131 non
2729 2090 2759 2129 a
2779 2075 3104 2130 Pleromatis
3131 2073 3404 2130 IEonibus
3435 2075 3663 2138 editum,

2073 2170 2170 2226 sed
2204 2169 2274 2223 ab
2300 2167 2506 2224 extorri
2535 2164 2704 2220 Matre
2723 2180 2792 2220 ex
2824 2165 3114 2221 meliorum
3141 2165 3518 2220 recordatione
3540 2179 3666 2220 cum

2073 2260 2307 2331 quadam
2331 2259 2523 2313 umbra
2554 2263 2923 2328 procreatum.
2952 2256 3346 2327 Eumdemque,
3375 2272 3501 2312 cum
3519 2267 3666 2311 esset

2072 2351 2374 2414 masculus,
2409 2349 2623 2420 abjecta
2649 2364 2678 2403 a
2701 2354 2875 2405 semet
2900 2349 3094 2402 umbra
3114 2348 3180 2401 ad
3206 2345 3458 2402 Pleroma
3485 2362 3670 2402 recur-

2071 2441 2242 2508 risse;
2279 2439 2505 2494 Matrem
2549 2455 2680 2495 vero
2711 2454 2837 2494 cum
2869 2439 3066 2493 umbra
3102 2439 3372 2505 relictam,
3406 2454 3470 2493 ac
3500 2439 3668 2509 spiri-

2071 2535 2165 2588 tali
2192 2531 2504 2588 substantia
2531 2532 2881 2595 exhaustam,
2915 2529 3081 2586 alium
3115 2545 3440 2600 procreasse
3467 2530 3663 2594 filium,

2071 2622 2324 2677 videlicet
2367 2619 2744 2686 Conditorem,
2788 2620 2874 2675 cui
2926 2619 2983 2674 in
3027 2619 3244 2685 omnia,
3285 2635 3408 2690 quae
3443 2619 3665 2688 quidem

2071 2711 2432 2785 ipsisubjecta
2455 2722 2603 2778 sunt,
2617 2712 2954 2768 dominatum
2973 2727 3036 2767 ac
3057 2719 3376 2782 potestatem
3395 2711 3666 2767 tribuunt.

2071 2807 2206 2862 Cum
2237 2806 2343 2860 hoc
2371 2814 2426 2861 et
2453 2805 2620 2859 alium
2644 2806 2968 2875 productum
2999 2822 3123 2862 esse
3145 2806 3429 2862 sinistrum
3465 2806 3667 2875 princi-

2072 2913 2194 2969 pem
2220 2897 2520 2952 arbitratus
2541 2904 2626 2952 cst
2645 2913 2660 2950 :
2680 2899 2907 2967 perinde
2939 2904 2998 2952 ut
3015 2897 3262 2953 Guostici
3288 2898 3386 2964 illi,
3422 2898 3560 2952 falso
3590 2897 3667 2952 ita

2073 2991 2229 3056 dicti,
2259 2990 2328 3046 de
2361 2990 2562 3062 quibus
2589 2995 2780 3059 postea
2808 2989 3074 3044 dicemus.
3109 2989 3295 3044 Jesum
3329 3005 3494 3060 porro
3525 3006 3666 3044 non-

2076 3097 2360 3153 nunquam
2419 3097 2450 3136 a
2502 3080 2730 3136 Theleto
2763 3080 2858 3135 illo
2900 3082 3143 3151 genitum
3179 3081 3433 3145 atlirmat,
3469 3081 3562 3151 qui
3596 3081 3669 3136 ab

2077 3177 2322 3249 ipsarum
2351 3175 2522 3230 Matre
2543 3181 2884 3238 contractus,
2915 3188 3134 3244 unaque
3159 3188 3282 3227 cum
3299 3171 3670 3227 Universitate

2079 3271 2341 3343 profusus
2375 3279 2490 3336 est;
2546 3268 2823 3325 interdum
2869 3268 2938 3323 ab
2967 3283 3054 3332 eo,
3088 3267 3180 3338 qui
3227 3283 3286 3323 se
3315 3267 3383 3322 ad
3414 3265 3669 3323 Pleroma

2079 3363 2374 3433 receperit,
2431 3360 2644 3416 scilicet
2698 3357 2946 3414 Christo.
2984 3359 3136 3414 Alias
3173 3373 3204 3411 a
3232 3357 3457 3412 Christo
3483 3365 3539 3411 et
3569 3359 3671 3414 Ec-

2083 3452 2270 3507 clesia.
2303 3450 2569 3522 Spiritum
2604 3449 2842 3519 denique
2882 3457 3138 3505 sanctum
3175 3447 3244 3502 ab
3276 3446 3525 3502 Ecclesia
3557 3447 3670 3500 ori-

2081 3544 2260 3614 ginem
2291 3543 2528 3597 traxisse
2561 3547 2736 3611 putat,
2761 3551 2814 3595 et
2848 3540 2915 3595 ad
2961 3538 3360 3595 examinandos
3391 3554 3454 3592 ac
3481 3537 3669 3593 fecun-

2081 3631 2253 3686 ditate
2298 3629 2588 3686 donandos
2641 3627 2851 3686 Aﬁonas
2899 3629 3127 3695 editum,
3169 3645 3294 3684 cum
3335 3630 3392 3684 in
3439 3629 3562 3684 illos
3595 3629 3668 3682 ita

2077 3724 2361 3785 subiisset,
2393 3729 2451 3776 ut
2493 3721 2665 3791 aspici
2706 3721 2858 3776 nullo
2887 3722 3047 3776 modo
3081 3731 3303 3792 posset;
3337 3721 3496 3794 cujus
3531 3720 3668 3776 adeo

2073 3813 2177 3883 ipsi
2205 3813 2469 3869 beneﬁcio
2495 3813 2741 3869 veritatis
2770 3813 2971 3882 stirpes
3005 3815 3284 3869 emittunt.

388 3906 676 3978 ἀνάκρισιν
733 3910 824 3963 καὶ
879 3912 1259 3985 καρποφορίαν
1297 3913 1408 3970 τῶν
1445 3911 1688 3980 Αἰώνων,
1742 3910 1991 3983 ἀοράτως
2051 3909 2132 3972 εἰς
2187 3907 2383 3971 αὐτοὺς
2412 3905 2611 3960 εἰσιόν’
2641 3904 2710 3958 δι’
2743 3896 2814 3958 ὀῦ
2867 3905 2994 3969 τοὺς
3042 3905 3258 3970 Αἰῶνας
3299 3905 3668 3978 καρποφορεῖν

387 4003 456 4057 τὰ
489 4003 633 4072 φυτὰ
660 4005 760 4076 τῆς
791 4003 1068 4078 ἀληθείας.

387 4120 818 4188 Πεπλήρωνται
869 4121 943 4176 τὰ
968 4123 1292 4192 Εἰρηναίου
1339 4126 1491 4180 κατὰ
1534 4124 1971 4178 Οὐαλεντίνων.

457 4227 580 4286 Al".
605 4231 716 4286 Καὶ
735 4233 908 4288 ταῦτα
931 4237 1029 4306 μὲν
1053 4236 1238 4292 καὶτὰ
1256 4237 1483 4292 τοιαῦτα
1508 4239 1536 4292 ὁ
1567 4235 1975 4309 προειρημένος

388 4324 527 4396 ἀνὴρ
552 4326 863 4400 πρεσϐύτης
911 4330 1221 4400 Εἰρηναῖος,
1245 4333 1274 4385 ὁ
1299 4330 1442 4386 κατὰ
1485 4331 1665 4385 πάντα
1691 4332 1756 4384 ὲκ
1801 4328 1973 4383 Πνεύ-

2259 4104 2532 4161 Hactenus
2559 4103 2799 4160 Irenwus
2828 4113 3016 4160 contra
3066 4105 3489 4164 Valentinianos.

2151 4223 2390 4281 XXXIII.
2427 4222 2552 4278 Ilaec
2574 4232 2741 4294 atque
2771 4222 2858 4278 his
2877 4222 3076 4278 similia
3117 4223 3358 4294 optimus
3387 4224 3479 4281 ille
3499 4240 3666 4282 senex

2080 4317 2320 4373 Irenaeus
2361 4317 2590 4372 totidem
2629 4315 2812 4384 verbis
2844 4316 2912 4371 de
2948 4316 3263 4380 vanissimis
3299 4317 3517 4372 illorum
3554 4319 3665 4389 Opi-

391 4431 559 4484 ματος
585 4415 738 4483 ἁγίου
760 4420 1196 4490 κεκοσμημένος,
1231 4419 1308 4484 ὡς
1327 4423 1572 4490 γενναῖος
1596 4419 1836 4490 ἀθλητὴς
1867 4418 1974 4473 ὑπὸ

2080 4410 2338 4465 nionibus
2363 4409 2644 4474 disseruit,
2681 4407 2841 4479 205
2871 4409 2957 4463 vir
2977 4409 3205 4465 omnino
3229 4408 3468 4481 Spiritus
3495 4411 3669 4466 sancti

397 4501 481 4555 τοῦ
532 4503 740 4573 Κυρίου
790 4507 1253 4579 προϐεϐλημένος,
1314 4510 1408 4562 καὶ
1460 4509 1810 4579 ὲπαλειφθεὶς
1862 4511 1974 4572 τοῖς

390 4593 729 4664 ἒπουρανίοις
749 4597 1052 4667 χαρίσμασι
1074 4600 1186 4662 τοῖς
1213 4598 1354 4652 κατὰ
1375 4598 1471 4670 τὴν
1504 4599 1763 4670 ἀληθινὴν
1791 4598 1974 4654 πίστιν

391 4683 483 4736 καὶ
505 4683 728 4752 γνῶσιν,
779 4687 1194 4752 καταπαλαίσας
1225 4706 1286 4742 τε
1326 4690 1420 4742 καὶ⁴
1459 4691 1976 4760 καταγωνισάμενος

390 4776 486 4849 τὴν
515 4777 700 4830 πᾶσαν
758 4778 938 4832 αὐτῶν
971 4779 1188 4852 ληρώδη
1222 4781 1501 4848 ὑπόθεσιν,
1551 4781 1795 4852 διεξῆλθε
1831 4781 1976 4836 κατὰ

389 4869 634 4940 λόγοντὰ
667 4869 758 4922 ὑπ’
785 4871 962 4925 αὐτῶν
1020 4875 1494 4944 κενοφωνούμενα.
1562 4874 1864 4946 Ἀκρότατα
1917 4875 1976 4928 δὲ

389 4961 581 5023 αὐτοὺς
598 4963 657 5015 ἐν
682 4979 759 5034 τῳ
786 4963 913 5034 ἑξῆς
935 4965 1170 5037 δευτέρῳ
1186 4965 1346 5020 αὑτοῦ
1379 4966 1522 5038 λόγῳ
1549 4968 1642 5021 καὶ
1666 4969 1779 5032 τοῖς
1798 4968 1978 5032 ἄλλοις

388 5050 634 5123 διήλεγξε
682 5054 1103 5124 περιττοτέρως,
1135 5054 1456 5128 βουλόμενός
1507 5075 1626 5121 πως
1663 5058 1755 5111 τὸν
1799 5059 1976 5129 χαμαὶ

390 5142 638 5212 Ιὸιςρέντα,
674 5144 766 5197 καὶ
795 5145 874 5207 εἰς
892 5140 1061 5217 ἧτταν
1090 5147 1372 5218 τραπέντα
1405 5147 1588 5222 σῦραι,
1619 5151 1714 5203 καὶ
1746 5150 1977 5205 ἐνώπιον

390 5234 608 5286 πάντων
655 5231 1022 5304 θριαμϐεῦσαί
1079 5254 1140 5289 τε
1189 5238 1284 5291 καὶ
1309 5238 1561 5310 φωράσαι
1602 5239 1702 5310 τὴν
1737 5241 1795 5293 ἐν
1828 5240 1978 5311 αὐτῴ

397 5323 464 5394 τῷ
513 5323 724 5394 ριφέντι
774 5327 1129 5396 άναίσχυντόν
1160 5345 1219 5381 τε
1251 5329 1344 5381 καὶ
1389 5329 1588 5400 ἀσθενῆ
1641 5330 1978 5402 προῦκλησιν

393 5416 889 5488 ματαιοφροσύνης.
948 5419 1140 5490 Ἡμεῖς
1203 5419 1291 5484 δὲ,
1345 5420 1706 5491 ἀρκεσθέντες
1757 5424 1869 5486 τοῖς
1912 5439 1972 5477 τε

461 5571 479 5602 ³
505 5571 645 5628 Ircn.
674 5571 903 5644 ἀρχαίας
933 5573 1304 5639 διδασκαλίας.

2079 4505 2240 4561 donis
2288 4505 2776 4569 instructissimus,
2827 4518 2892 4565 ac
2944 4512 3204 4574 tanquam
3253 4503 3411 4561 fortis
3469 4506 3669 4562 athleta

2080 4597 2384 4668 productus
2428 4612 2458 4650 a
2496 4595 2749 4660 Domino,
2783 4602 2838 4650 et
2865 4595 3184 4651 caalestibus
3215 4597 3576 4661 ornamentis,
3610 4604 3668 4651 ut

2079 4690 2153 4744 ita
2177 4687 2431 4752 dixerim,
2464 4687 2531 4742 ad
2588 4696 2867 4742 certamen
2909 4696 3238 4757 perunctus;
3285 4689 3378 4758 qui
3435 4688 3668 4743 sincera:

2080 4781 2204 4837 ﬁdei
2234 4796 2298 4836 ac
2324 4779 2568 4837 scientiae
2607 4777 2878 4848 praesidiis
2911 4779 3134 4832 illorum
3166 4778 3466 4847 prostravit
3506 4793 3667 4832 ever-

2085 4877 2260 4945 titque
2287 4872 2593 4928 mendacia.
2631 4869 2787 4937 Quod
2810 4871 2864 4924 in
2890 4869 3134 4926 secundo
3168 4870 3308 4925 libro
3342 4885 3407 4926 ac
3434 4886 3666 4940 sequenv

2079 4968 2228 5023 tibus
2288 4966 2408 5022 aliis
2471 4963 2816 5035 potissimum
2845 4963 3095 5034 perfecit,
3130 4961 3224 5016 ubi
3269 4963 3394 5018 illos
3416 4963 3665 5020 uberiore

2079 5058 2220 5129 stylo
2246 5056 2550 5112 confutavit
2581 5071 2594 5107 :
2630 5071 2755 5110 cum
2789 5056 2935 5110 velut
2961 5054 3113 5108 humi
3152 5053 3426 5124 abiectum
3487 5070 3551 5110 ac
3575 5070 3665 5110 su-

2079 5158 2330 5220 peratum
2394 5149 2776 5205 adversarium
2841 5147 3082 5211 trahere,
3141 5162 3206 5202 ac
3259 5147 3665 5217 quodammodo

2083 5241 2427 5312 triumphare
2477 5241 2630 5296 visus
2686 5247 2770 5295 est
2796 5240 2954 5304 velle,
2985 5246 3039 5294 et
3071 5239 3346 5310 profligati
3385 5240 3669 5311 nugatoris

2085 5333 2456 5404 impudentem
2489 5337 2664 5402 magis
2718 5346 2880 5400 quam
2916 5329 3108 5386 fortem
3150 5332 3218 5387 ad
3264 5331 3666 5402 provocandum

2081 5422 2368 5478 audaciam
2392 5422 2572 5492 palam
2603 5420 2860 5477 omnibus
2885 5420 3159 5493 detegere.
3193 5419 3304 5478 Nos
3332 5428 3511 5478 autem
3536 5435 3666 5495 par-

1383 5576 1405 5606 ²
1431 5575 1573 5633 Ircn.
1611 5577 1811 5633 αὐτῶν.
1891 5576 1911 5610 ³
1945 5578 1965 5632 ι

2078 5618 2090 5633 .
2124 5578 2386 5649 ἁποκειμ.
2422 5576 2593 5649 αὐτῷ.
2675 5576 2857 5634 l’It'en.
2885 5578 3190 5650 ἀριστερόν.

465 5733 575 5804 (82)
620 5733 815 5802 Οὕτως
837 5732 1305 5806 ἑξηροφόρίσεν.
1328 5736 1596 5809 Corrupta
1623 5755 1746 5806 vox,
1783 5738 1836 5797 in
1859 5754 1967 5808 qua

2078 5737 2402 5797 vinatieneut
2433 5738 2668 5803 experiri
2705 5755 2816 5798 non
2850 5745 3024 5794 vacat.
