4018 6112
373 253 479 308 539

1765 253 1822 308 ε.
1865 249 2210 334 tamenaut!

3544 259 3654 317 διο

373 361 473 414 tim
507 359 597 426 iis,
621 374 742 429 qua:
771 375 802 416 a
833 358 990 414 nobis
1020 358 1256 416 breviter
1285 372 1414 417 sunt
1434 363 1736 434 disputata,
1762 365 1957 436 partim

2070 369 2195 436 παρ’
2229 369 2390 438 ήμῶν
2423 368 2692 440 λεχθεῖσιν
2721 369 2946 440 ὀλίγοις,
2982 370 3078 426 καὶ
3126 372 3238 434 τοῖς
3271 369 3378 422 ὑπὸ
3408 369 3516 423 τῶν
3551 375 3653 440 τῆς

375 468 498 522 quae
540 452 608 506 ab
658 452 781 506 aliis
813 451 1048 507 sinceris
1084 452 1136 506 id
1171 469 1346 523 genus
1379 457 1746 526 scriptoribus
1774 460 1965 514 elucu-

377 546 530 598 brata
586 551 736 604 sunt,
781 541 1047 606 contenti,
1091 558 1216 597 cum
1273 547 1569 602 nonnullos
1608 563 1831 620 quoque
1875 550 1963 603 vi-

374 634 599 688 deamus
623 633 691 688 de
711 633 816 687 hoc
855 643 1180 703 argumento
1209 637 1525 705 scripsisse,
1552 641 1966 710 praesertimque

373 727 725 791 Clementem,
755 727 1015 782 Irenaeum
1070 734 1125 782 et
1150 726 1521 801 Hippolytum,
1540 732 1785 808 aliosque
1814 748 1966 789 com-

375 820 584 889 plures,
637 819 732 890 qui
785 819 1093 875 admirabili
1135 821 1373 891 quadam
1429 823 1693 881 facultate
1745 826 1964 882 illorum

374 913 632 981 dogmata
682 911 1016 977 refutat-unt,
1048 929 1159 968 non
1191 915 1422 968 multum
1455 917 1510 991 in
1545 933 1634 980 eo,
1671 926 1730 971 ut
1756 918 1963 973 dictum

376 1012 484 1066 est,
523 1004 809 1059 elaborare
871 1005 1206 1068 studuimus,
1235 1006 1374 1060 satis
1419 1022 1698 1078 superque
1745 1009 1962 1063 illorum

377 1111 542 1164 opera
581 1094 783 1150 factum
814 1096 1058 1150 arbitrati
1087 1116 1099 1148 :
1135 1097 1296 1167 idque
1328 1099 1507 1167 ipsum
1543 1100 1686 1171 apud
1721 1118 1819 1157 nos
1850 1103 1966 1158 exi-

377 1190 685 1253 stimantes,
731 1188 1002 1242 neminem
1049 1203 1171 1242 esse
1226 1190 1506 1258 paululum
1549 1193 1962 1265 intelligentem,

377 1279 465 1335 cui
507 1279 588 1332 vel
616 1294 682 1333 es
742 1278 876 1348 ipsis
911 1276 1128 1332 illorum
1179 1278 1335 1333 libris
1371 1295 1436 1334 ac
1470 1281 1818 1351 dogmatibus
1855 1298 1964 1337 non

375 1386 437 1424 ea
472 1369 628 1427 facile
653 1381 967 1439 occurrant,
995 1387 1118 1442 qua:
1157 1369 1226 1424 ad
1258 1371 1379 1428 illos
1411 1373 1738 1430 refellendos
1771 1374 1964 1430 idonea

376 1467 506 1518 sint.

446 1555 688 1612 XXXIV.
727 1555 783 1612 In
812 1557 1006 1628 primis
1037 1557 1183 1629 quod
1215 1559 1538 1629 opinionum
1573 1573 1603 1613 a
1633 1575 1693 1614 se
1726 1557 1964 1614 invicem

377 1652 641 1706 varietate
664 1653 1021 1716 dissentiant,
1046 1653 1298 1722 alterque
1332 1652 1561 1706 alterius
1587 1650 1807 1706 decreta
1831 1663 1962 1705 con-

377 1741 580 1797 vellere
630 1758 751 1797 sese
796 1744 1136 1811 profiteatur.
1191 1719 1397 1797 beinde
1446 1741 1592 1810 quod
1648 1741 1788 1796 tales
1849 1741 1960 1796 sint
1994 1719 2034 1774 Β

377 1831 599 1886 illorum
645 1831 866 1897 fabulae,
897 1841 956 1887 ut
1004 1833 1281 1888 cohaerere
1337 1831 1488 1886 nullo
1521 1831 1683 1886 modo
1726 1831 1960 1902 possint,

375 1939 500 1977 cum
534 1940 713 1994 neque
751 1926 805 1979 in
854 1928 1030 1982 sacris
1071 1925 1321 1991 Litteris,
1367 1941 1469 1981 nec
1507 1927 1563 1980 in
1619 1925 1788 1982 Mosis
1825 1927 1958 1996 lege,

377 2031 554 2085 neque
611 2017 753 2086 apud
807 2016 956 2073 Muse
1000 2019 1337 2074 recentiores
1388 2019 1686 2088 prophetas
1743 2015 1960 2072 illarum

377 2115 559 2162 exstet
595 2109 702 2162 ulla
744 2111 980 2174 mentio;
1029 2126 1205 2180 neque
1239 2125 1268 2163 a
1305 2109 1594 2165 Salvatore
1635 2109 1960 2180 quidquam,

375 2201 461 2253 vel
493 2199 615 2270 ejus
650 2202 1027 2272 evangelistis,
1053 2209 1148 2256 aut
1180 2200 1416 2270 denique
1443 2201 1709 2270 apostolis
1735 2201 1803 2255 de
1828 2200 1964 2256 iisce

375 2293 450 2347 sit
503 2293 813 2362 proditum:
876 2309 1001 2347 nam
1069 2293 1117 2348 si
1167 2293 1389 2348 veritati
1446 2293 1540 2346 illa
1592 2301 1963 2348 consentanea

379 2384 580 2449 forent,
606 2395 754 2439 certe
788 2384 1071 2448 Dominus,
1096 2385 1189 2454 qui
1220 2381 1285 2436 ad
1315 2382 1738 2436 illuminandum
1771 2382 1961 2438 orbem

376 2485 623 2540 venerat,
654 2486 709 2531 et
744 2486 870 2531 ante
905 2477 1058 2531 illum
1091 2475 1393 2545 prephetae,
1427 2483 1543 2529 tum
1579 2474 1834 2544 apostoli,
1868 2474 1962 2544 qui

379 2569 644 2624 falsorum
704 2567 934 2622 deorum
987 2567 1460 2636 superstitionem,
1511 2580 1576 2620 ac
1626 2566 1962 2636 flagitiorum

379 2661 763 2728 scelerumque
787 2675 960 2728 genus
984 2673 1147 2711 omne
1169 2656 1589 2728 redarguerunt,
1611 2672 1712 2712 nec
1743 2657 1963 2728 impiam

378 2767 598 2807 onmem
629 2750 1080 2820 contrariamque
1105 2748 1412 2804 doctrinam
1439 2747 1664 2818 scriptis
1693 2748 1810 2802 suis
1839 2761 1966 2815 pro-

378 2842 563 2913 fligare
597 2850 726 2896 sunt
753 2840 909 2895 veriti
943 2856 957 2904 ;
989 2839 1091 2902 illi,
1141 2839 1388 2908 inquam,
1443 2843 1631 2906 aperte
1671 2835 1830 2890 nobis
1871 2836 1965 2890 illa

379 2931 827 3001 significassent,
883 2929 1187 2998 prmsertim
1238 2943 1364 2982 ctnn
1420 2924 1678 2980 Salvator
1727 2925 1798 2979 ita
1850 2925 1967 2995 ipse

375 3024 644 3078 dixisset:
679 3021 900 3078 thcris
931 3021 1139 3091 quidem
1178 3022 1231 3075 in
1265 3019 1560 3090 parabolis,
1597 3018 1740 3072 vobis
1789 3027 1965 3072 autem

377 3114 647 3184 parabole:
673 3117 740 3168 ad
772 3103 916 3184 regni
941 3112 1165 3167 caelestis
1195 3113 1590 3166 enarrationem
1614 3109 1964 3164 edisserendas

375 3217 500 3262 sunt
528 3209 567 3260 '-.
587 3206 860 3273 Quocirca
879 3220 1222 3277 quaecunque
1265 3204 1319 3259 in
1367 3203 1660 3274 Evangelia
1693 3202 1966 3273 parabolae

375 3299 447 3353 ab
475 3313 539 3352 eo
571 3298 866 3368 propositae
905 3303 1058 3361 sunt,
1087 3296 1272 3352 statim
1315 3296 1533 3351 illarum
1575 3309 1800 3350 sensum
1840 3309 1968 3364 ape-

378 3391 561 3445 ruisse
597 3390 832 3447 videtur.
871 3391 1036 3461 206
1064 3387 1200 3442 Nam
1232 3397 1287 3444 et
1320 3403 1551 3458 granum
1597 3385 1810 3456 sinapis
1835 3385 1966 3456 quid

378 3483 484 3539 sibi
516 3483 676 3538 vellet
709 3483 987 3554 exposuit,
1012 3481 1145 3552 quid
1177 3481 1529 3544 fermentum,
1557 3496 1747 3550 qumve
1771 3479 1968 3534 mulier

379 3587 527 3633 esset
556 3576 666 3640 illa,
691 3591 814 3646 qua:
844 3575 896 3628 in
927 3576 1033 3628 tria
1065 3574 1260 3628 farina:
1293 3581 1412 3628 sata
1439 3572 1766 3626 fermentum
1790 3571 1969 3625 immi-

381 3671 542 3737 serit;
576 3668 706 3740 quid
743 3669 837 3722 illa
874 3668 1024 3730 vitis,
1063 3681 1127 3720 ac
1161 3666 1338 3731 licus;
1388 3663 1518 3734 quis
1553 3663 1643 3718 ille
1671 3664 1765 3734 qui
1806 3662 1970 3717 semi-

381 3771 496 3827 nat,
545 3775 735 3830 quaave
787 3758 996 3829 Optima
1059 3757 1132 3813 sit
1177 3764 1344 3812 terra.
1389 3755 1576 3824 Itaque
1623 3753 1832 3809 frustra
1887 3746 1966 3808 illi

377 3871 525 3910 caeco
550 3853 818 3909 dannonis
847 3854 1057 3923 impetu
1088 3849 1290 3905 conciti
1321 3847 1646 3918 rapiuntur;
1673 3848 1740 3902 de
1767 3845 1968 3916 quibus

382 3948 582 4002 merito
631 3955 857 4001 sanctus
906 3943 1110 3998 Paulus
1160 3943 1234 3998 ita
1283 3941 1526 4011 loquitur
1565 3958 1579 3994 :
1648 3937 1966 3992 Novissimis

381 4041 698 4109 temporibus
733 4047 967 4093 avertant
995 4053 1049 4091 se
1082 4036 1298 4106 quidam
1335 4052 1367 4088 a
1392 4032 1662 4095 doctrina,
1697 4031 1969 4085 intenden-

384 4145 455 4189 tes
485 4134 684 4204 fabulis
723 4141 771 4186 et
807 4130 1064 4184 doctrinis
1109 4128 1409 4182 daemonum
1434 4127 1478 4178 '.
1505 4122 1606 4178 Cui
1637 4133 1692 4178 et
1728 4121 1970 4177 Jacobus

384 4226 738 4294 astipulatur,
783 4223 851 4277 de
891 4219 1164 4292 ejusmodi
1201 4217 1554 4289 dogmatibus
1592 4216 1669 4270 ita
1706 4215 1965 4284 loquens:

385 4314 511 4370 Non
548 4325 626 4369 est
667 4316 806 4368 enim
848 4315 954 4366 ista
995 4313 1258 4379 sapientia
1303 4311 1583 4364 desursum
1616 4305 1969 4373 descendens;

2065 455 2321 528 ἀληθείας
2366 461 2728 532 συγγραφέων
2785 463 2994 516 τούτων
3045 461 3280 532 λεχθεῖσι
3312 478 3373 514 τε
3407 462 3502 515 καὶ
3536 478 3651 516 συν-

2063 550 2326 620 ταχθεῖσι,
2357 555 2451 606 καὶ
2487 554 2742 625 δρῶντες,
2796 557 2880 610 ἕντι
2912 555 3060 609 ἄλλοι
3097 556 3460 626 πεπονήκασι,
3505 553 3652 624 φημὶ

2062 641 2120 694 δὲ
2153 641 2386 714 Κλήμης
2427 645 2522 699 καὶ
2554 646 2840 717 Εἰρηναῖος
2867 646 2964 700 καὶ
3009 646 3347 711 Ἱππόλυτος,
3384 646 3480 699 καὶ
3500 646 3652 700 ἄλλοι

2065 734 2303 799 πλείους,
2351 737 2400 790 οἳ
2454 737 2549 791 καὶ
2594 737 2925 808 θαυμαστῶς
2976 737 3074 809 τὴν
3132 738 3255 792 κατ’
3313 739 3492 793 αὐτῶν
3551 756 3652 792 πε-

2065 827 2318 896 ποίηνται
2355 829 2691 900 ἀνατροπὴν,
2727 830 2790 883 ού
2846 830 2986 883 πάνυ
3032 846 3084 882 τι
3113 829 3192 900 τῷ
3221 828 3455 899 καμάτῳ
3485 845 3654 900 προσ-

2065 917 2260 982 θεῖναι,
2291 920 2367 983 ὠς
2401 923 2683 991 προεῖπον,
2718 921 3087 993 ἠθελήσαμεν,
3145 919 3501 984 ίκανωθέντες
3541 923 3655 984 τοῖς

2065 1012 2484 1083 προειρημένοις
2512 1013 2763 1084 ἀνδράσι,
2794 1013 2886 1066 καὶ
2915 1014 3046 1068 αὐτὸ
3073 1013 3231 1066 τοῦτο
3255 1012 3650 1082 διανοηθέντες,

2064 1104 2146 1157 ὅτι
2186 1103 2350 1156 παντὶ
2379 1103 2585 1176 συνετῷ
2616 1105 2711 1159 καὶ
2741 1104 2798 1172 ἐξ
2829 1104 3008 1158 αὐτῶν
3035 1105 3144 1158 τῶν
3165 1106 3222 1158 ὲν
3248 1106 3359 1167 τοῖς
3389 1103 3653 1172 διδάγμα-

2067 1213 2151 1249 σιν
2181 1196 2360 1250 αὐτῶν
2390 1197 2564 1266 λόγων
2591 1198 2625 1268 ή
2663 1197 2944 1269 ἀνατροπὴ
2979 1197 3157 1251 αὐτῶν
3191 1198 3309 1251 κατ’
3336 1194 3515 1250 αὐτῶν
3546 1211 3654 1264 φα-

2065 1302 2312 1356 νησεται.

2136 1547 2255 1602 AA'.
2283 1545 2502 1619 Πρῶτον
2527 1547 2624 1617 μὲν
2644 1549 2726 1601 ἔτι
2749 1545 2980 1618 διάφορα
3004 1547 3132 1617 παρ*
3154 1546 3336 1610 αὐτοῖς
3356 1545 3424 1600 τὰ
3446 1547 3652 1618 φρονή-

2069 1656 2232 1710 ματα,
2258 1638 2353 1692 καὶ
2376 1639 2561 1709 ἕτερος
2582 1636 2652 1690 τὰ
2673 1637 2766 1690 τοῦ
2791 1637 2977 1706 ἑτέρου
3005 1636 3296 1690 καταλύειν
3317 1637 3653 1706 ἐπαγγέλλε-

2063 1748 2180 1785 ται·
2197 1731 2446 1802 δεύτερον
2464 1731 2542 1796 δὲ,
2555 1732 2637 1784 ὅτι
2658 1730 2938 1784 ἀσύστατα
2957 1729 3024 1782 τὰ
3043 1731 3172 1800 παρ’
3191 1729 3373 1792 αὐτοῖς
3392 1729 3655 1800 μυθοποι-

2064 1825 2270 1894 ήματα,
2289 1823 2413 1876 οὔτε
2440 1841 2543 1877 που
2573 1823 2795 1896 Γραφῆς
2818 1822 3097 1894 εἰπούσης,
3117 1820 3241 1876 οὔτε
3262 1821 3356 1874 τοῦ
3374 1822 3652 1886 Μωῠσέως

2063 1915 2252 1986 νόμου,
2280 1914 2403 1969 οὔτε
2437 1916 2583 1980 τινὸς
2611 1917 2894 1988 προφήτου
2922 1913 3031 1968 τῶν
3081 1914 3221 1984 μετὰ
3247 1915 3507 1979 Μωῦσέα,
3534 1915 3655 1968 ἀλλ’

2061 2005 2187 2059 οὔτε
2225 2005 2320 2060 τοῦ
2362 2007 2647 2078 Σωτῆρος,
2687 2005 2810 2060 οὔτε
2844 2005 2952 2060 τῶν
2994 2005 3160 2060 αὐτοῦ
3209 2005 3651 2075 εύαγγελιστῶν,

2062 2098 2179 2153 ἀλλ’
2207 2097 2329 2152 οὔτε
2366 2100 2475 2170 μὴν
2504 2099 2612 2152 τῶν
2642 2099 2975 2154 ἀποστόλων.
3001 2099 3064 2152 Εἰ
3093 2098 3203 2170 γάρ
3225 2099 3399 2152 ταῦτα
3420 2099 3653 2172 ἀληθινά

2063 2191 2331 2262 ὑπῆρχεν,
2368 2194 2398 2246 ό
2441 2191 2611 2246 ἐλθὼν
2643 2193 2874 2262 φωτίσαι
2913 2191 3011 2264 τὴν
3057 2191 3380 2264 οἰκουμένην
3423 2191 3651 2264 Κύριος,

2065 2281 2160 2334 καὶ
2188 2282 2295 2354 πρὸ
2325 2281 2492 2336 αὑτοῦ
2524 2283 2573 2335 οἱ
2613 2283 2911 2354 προφῆται,
2947 2282 3140 2336 ἔπειτα
3185 2282 3243 2336 δὲ
3277 2282 3372 2336 καί¹
3415 2283 3466 2334 oi
3511 2282 3652 2336 ἀπό-

2065 2373 2240 2427 στολοι
2283 2375 2333 2426 οἰ
2364 2373 2681 2444 ὲλέγξαντες
2724 2375 2823 2445 τὴν
2872 2373 3346 2446 εἰδωλολατρείαν,
3381 2373 3562 2429 πᾶσάν
3591 2393 3653 2429 τε

2064 2467 2382 2538 παράνομον
2405 2466 2626 2537 πρᾶξιν,
2650 2467 2745 2519 καὶ
2769 2465 2844 2537 μὴ
2866 2465 3233 2529 δειλιάσαντες
3257 2466 3488 2538 γράφειν
3511 2467 3655 2521 κατά

2065 2558 2252 2630 ﬁdem;
2283 2559 2601 2630 παρανόμου
2636 2559 2984 2622 διδασκαλίας
3015 2560 3106 2612 καὶ
3134 2559 3528 2630 ἐναντιότητος,
3557 2577 3653 2612 σα-

2065 2649 2182 2719 φῶς
2214 2649 2281 2702 ἂν
2321 2649 2388 2702 τὰ
2427 2649 2652 2703 τοιαῦτα
2681 2651 2812 2720 ήμῖν
2842 2650 3214 2720 κατήγγελλον
3234 2666 3247 2681 ·
3292 2651 3388 2704 καὶ
3421 2650 3654 2722 μάλιστα

2066 2741 2230 2797 αὐτοῦ
2265 2741 2359 2796 τοῦ
2391 2742 2642 2812 Σωτῆρος
2687 2741 2960 2810 λέγοντος,
2996 2742 3080 2795 ὅτι
3114 2741 3242 2808 Τοῖς
3279 2742 3400 2812 μὲν
3423 2741 3539 2807 ἔξω
3584 2743 3656 2796 ἐν

2066 2834 2456 2902 παραϐολαῖς,
2489 2834 2634 2904 ὑμῖν
2661 2834 2859 2900 δὲτὰς
2884 2835 3230 2902 παραϐολὰς
3257 2838 3345 2901 εἰς
3366 2834 3655 2891 ἐπίλυσιν

2060 2927 2388 2993 βασιλείας
2416 2924 2692 2994 οὐρανῶν
2727 2926 2969 2994 ῥητέον.
3003 2927 3172 2990 Ὅσας
3203 2924 3334 2994 γοῦν
3379 2928 3438 2979 ὲν
3475 2925 3655 2993 Εὐαγ-

2066 3017 2269 3088 γελίοις
2295 3017 2612 3089 παραϐολὰς
2639 3019 2880 3088 εἴρηκεν,
2902 3016 3065 3082 εὐθὺς
3092 3017 3352 3081 ὲπιλύσας
3382 3017 3653 3086 φαίνεται.

2079 3110 2296 3181 Ἀμέλει
2324 3112 2418 3164 καὶ
2462 3110 2546 3174 τίς
2575 3112 2603 3163 ό
2650 3111 2848 3174 κόκκος
2890 3109 2982 3164 τοῦ
3020 3109 3316 3174 σινάπεως,
3346 3109 3442 3164 καὶ
3485 3109 3570 3172 τίς
3620 3110 3655 3178 ή

2067 3203 2214 3275 ζύμη
2237 3219 2250 3232 ο
2287 3203 2380 3257 καὶ
2410 3202 2494 3266 τίς
2526 3201 2765 3273 βαλοῦσα
2788 3204 2888 3274 τὴν
2924 3201 3104 3273 ζύμην
3125 3203 3205 3266 εἰς
3234 3200 3304 3254 τά
3334 3201 3462 3274 τρία
3493 3201 3652 3267 σάτα,

2067 3297 2150 3360 τίς
2182 3298 2212 3350 ό
2261 3294 2556 3368 ἀμπελὼν,
2597 3294 2684 3360 τίς
2717 3298 2752 3368 ή
2803 3296 2974 3366 συκῆ,
3014 3295 3100 3358 τίς
3135 3295 3164 3347 ὁ
3196 3295 3449 3366 σπορεὺς,
3502 3293 3589 3357 τίς
3622 3295 3656 3365 ή

2069 3389 2329 3462 καλλίστη
2373 3389 2468 3460 γῆ.
2524 3389 2633 3441 Καὶ
2682 3389 2858 3460 μάτην
2912 3382 3063 3442 οὗτοι
3113 3386 3497 3440 ἐνθουσιῶνται
3551 3387 3658 3440 ὑπὸ

2066 3480 2338 3552 δαιμόνων
2372 3481 2755 3553 ἐλαυνόμενοι⁹
2809 3481 2941 3552 περὶ
2969 3474 3043 3535 ὧν
3083 3497 3248 3550 φησιν
3280 3482 3309 3534 ό
3351 3480 3659 3548 ἀγιώτατος

2068 3571 2367 3636 ἀπόστολος
2401 3572 2646 3637 Παῦλος⁶
2681 3575 2785 3628 Ἐν
2809 3572 3095 3642 ὑστέροις
3126 3571 3354 3642 καιροῖς
3391 3571 3651 3638 ἀποστήο

2068 3665 2283 3719 σονταί
2312 3681 2472 3730 τινες
2504 3665 2616 3734 τῆς
2650 3664 3071 3730 διδασκαλίας,
3111 3664 3519 3734 προσέχοντες
3541 3665 3657 3733 μύ-

2070 3757 2196 3820 θοις
2247 3754 2346 3809 καί
2401 3754 2821 3822 διδασκαλίαις
2871 3755 3192 3826 δαιμόνων.
3250 3755 3362 3809 Καὶ
3408 3755 3572 3808 πάλιν
3628 3755 3658 3806 ὁ

2070 3847 2225 3916 ἅγιος
2267 3846 2526 3911 Ἰάκωϐος
2575 3847 2750 3918 λέγων
2800 3848 2928 3920 περὶ
2973 3848 3072 3918 τῆς
3119 3847 3374 3917 τοιαύτης
3411 3846 3658 3902 διδασκα-

2071 3939 2211 4003 λίας,
2247 3940 2330 3994 ὅτι
2355 3943 2479 3995 Οὐκ
2513 3940 2684 3994 ἐστιν
2716 3941 2948 3998 ἀνωθεν
2977 3942 3015 4008 ἡ
3055 3940 3209 4008 αὐτὴ
3240 3941 3428 4009 σοφία
3447 3956 3655 4007 κατερ-

2072 4034 2324 4105 χομένη,
2361 4035 2499 4090 ἀλλ’
2526 4036 2809 4106 ἐπίγειος,
2845 4033 3106 4104 ψυχικὴ,
3134 4031 3544 4104 δαιμονιώδης.
3589 4029 3656 4087 Ἣ

2070 4127 2140 4181 δὲ
2176 4129 2405 4184 ἄνωθεν
2421 4129 2609 4198 σοφία
2651 4129 2888 4198 πρῶτον
2907 4128 3025 4197 μὲν
3061 4127 3214 4198 ἁγνή
3237 4127 3425 4191 ἐστιν,
3453 4128 3659 4180 ἔπειτα

2071 4217 2378 4288 εἰρηνικὴ,
2430 4218 2741 4288 εὐπειθὴς,
2784 4219 3144 4288 ἀδιάκριτος,
3183 4217 3379 4289 μεστὴ
3425 4217 3654 4283 ἐλέους,

2072 4311 2170 4363 καὶ
2217 4310 2463 4380 καρπῶν
2495 4309 2767 4381 ἀγαθῶν,
2811 4312 2906 4367 καὶ
2952 4311 3020 4366 τὰ
3075 4313 3224 4380 ἑξῆς.
3254 4304 3360 4374 Ἧς
3413 4310 3534 4363 οὐδὲ
3580 4306 3657 4372 εἷς

382 4409 474 4460 sed
508 4416 736 4466 terrena,
773 4402 1046 4468 animalis,
1075 4401 1364 4455 diabolica.
1410 4401 1542 4467 Quo:
1573 4410 1748 4454 autem
1779 4398 1966 4454 desur-

2074 4403 2286 4474 καρπὸς
2325 4407 2382 4457 ὲν
2423 4407 2538 4468 τοῖς
2583 4405 3003 4476 προειρημένοις
3033 4405 3367 4476 εὑρίσκεται.
3402 4403 3536 4476 Παρ⁹
3567 4402 3657 4455 αύ-

381 4512 501 4549 sum
523 4503 600 4548 est
630 4493 890 4561 sapientia
916 4493 1146 4562 primum
1179 4491 1392 4560 quidem
1416 4489 1610 4557 pudica
1643 4499 1742 4552 est,
1779 4489 1966 4544 deinde

2073 4499 2185 4560 τοῖς
2212 4497 2322 4568 γὰρ
2352 4497 2753 4559 ἀκαταστασία,
2787 4497 2882 4549 καὶ
2917 4497 3026 4550 πᾶν
3065 4495 3378 4568 παράνομον
3405 4497 3658 4566 πρᾶγμα,

376 4586 627 4662 paciﬁca,
661 4584 920 4648 modesta,
940 4579 1246 4647 suadibilis,
1271 4583 1419 4637 bonis
1449 4582 1967 4649 consentiens,plena

2074 4587 2342 4657 δαιμόνων
2391 4605 2450 4640 τε
2483 4589 2769 4659 κυήματα,
2817 4590 2912 4642 καὶ
2958 4589 3274 4660 συρίγματα
3315 4587 3659 4659 δρακόντων,

393 4679 753 4733 misericordia
815 4688 864 4734 et
927 4676 1190 4748 fructibus
1236 4676 1388 4730 bonis
1419 4676 1474 4742 ³,
1516 4683 1647 4739 etc.,
1701 4676 1861 4744 cujus
1901 4691 1967 4731 ne

2076 4679 2266 4735 ἄλλοτε
2311 4679 2486 4746 ἄλλως
2523 4682 2618 4736 καὶ
2663 4681 2791 4736 ἄλλο
2848 4681 3080 4737 ἑκάστου
3125 4681 3303 4736 αὐτῶν
3350 4680 3656 4743 λαλοῦντος.

390 4771 648 4824 minimus
700 4769 921 4840 quidem
975 4769 1032 4822 in
1081 4768 1169 4824 his
1221 4782 1360 4837 quos
1417 4765 1967 4822 commemoravimus

2078 4771 2214 4842 Hap‘
2247 4765 2327 4836 οἷς
2358 4771 2459 4825 οὐκ
2492 4772 2661 4838 ἕλεος,
2686 4775 2787 4827 ούκ
2812 4771 2990 4838 οἶκτος
3015 4774 3356 4847 εὑρίσκεται,
3385 4773 3523 4827 ἀλλὰ
3548 4772 3656 4826 δια-

379 4860 598 4917 fructus
653 4857 920 4917 cernitur.
967 4862 1183 4931 Quippe
1233 4859 1376 4931 apud
1431 4861 1554 4916 illos
1600 4859 1967 4915 inconstantia

2079 4863 2290 4934 κρίσεις
2319 4863 2414 4918 καλ
2441 4864 2718 4936 διαφοραὶ,
2760 4864 2856 4919 καὶ⁵
2885 4865 3123 4936 οὐδαμοῦ
3151 4867 3384 4935 ἁγνεῖαι,
3422 4861 3658 4934 οὐδαμοῦ

375 4971 449 5008 .ac
493 4955 701 5012 nefaria
745 4957 932 5012 omnia
985 4955 1263 5019 facinora,
1317 4955 1741 5024 daamonumque
1787 4952 1967 5016 fetus.

2079 4955 2294 5026 εἰρήνη,
2335 4956 2573 5028 ούδιιμοῦ
2605 4958 2896 5012 ἐπιείκεια.

377 5055 440 5103 νει
469 5057 779 5118 serpentum
817 5050 962 5106 sibili
1005 5049 1374 5121 reperiuntur.
1407 5047 1580 5102 Aliter
1606 5047 1730 5102 aliis
1757 5047 2121 5118 temporibus,
2157 5058 2324 5121 atque
2352 5051 2502 5106 aliud
2553 5052 2937 5122 unusquisque
2991 5051 3272 5122 prazdicat.
3335 5049 3493 5105 Nulla
3555 5048 3667 5103 illic

389 5136 793 5203 misericordia,
863 5139 948 5194 vel
989 5138 1316 5205 clementia,
1363 5137 1460 5194 sed
1505 5137 1883 5195 dissensiones
1935 5152 2000 5194 ac
2039 5139 2362 5208 discordiae;
2407 5143 2556 5199 nulla
2612 5159 2844 5216 usquam
2893 5145 3256 5209 castimonia,
3303 5142 3454 5198 nulla
3523 5155 3660 5214 pas,

383 5231 616 5304 aequitas
649 5232 817 5286 animi
851 5233 1024 5287 nulla.

458 5323 678 5381 XXXV.
697 5325 775 5381 Ac
793 5327 923 5381 mihi
945 5343 1077 5383 sane
1092 5329 1246 5394 libet,
1263 5328 1523 5400 quoniam
1540 5327 1608 5383 ad
1627 5327 1679 5383 id
1699 5328 1973 5384 sermonis

383 5425 436 5469 et
459 5419 762 5488 argumenti
788 5434 874 5473 me
892 5421 1194 5476 necessitas
1214 5421 1462 5491 impellit,
1479 5421 1696 5476 tametsi
1723 5419 1884 5475 linem
1902 5419 1977 5474 fa.

384 5518 516 5560 cere
537 5507 952 5574 constitueram,
975 5526 1146 5580 pauca
1161 5526 1225 5565 ex
1250 5511 1470 5566 illorum
1487 5509 1724 5566 decretis
1744 5509 1811 5564 ad
1829 5509 1968 5566 refu-

468 5662 649 5719 "Luc.
686 5683 801 5728 νιιι.
846 5669 925 5724 10.
1005 5674 1021 5702 ²
1049 5671 1067 5725 ι
1094 5670 1212 5725 Tim
1262 5687 1334 5730 iv.
1369 5672 1415 5726 ί.
1497 5669 1655 5727 ’Jac.
1686 5687 1768 5732 Ill.
1805 5669 1984 5728 l5-l7.

2149 5327 2272 5382 AE'.
2315 5327 2587 5398 Βούλομαι
2632 5326 2690 5383 δὲ
2733 5329 2896 5382 πάλιν
2949 5327 3392 5397 ἀναγκαζόμενος
3433 5325 3539 5380 ὑπὸ
3571 5329 3662 5381 τοῦ

2075 5420 2261 5488 λόγου,
2298 5420 2346 5472 εί
2379 5419 2472 5472 καὶ
2523 5418 2837 5474 παύσασθαι
2881 5419 3231 5490 ὑπεσχόμην,
3281 5417 3477 5486 ὀλίγων
3532 5415 3661 5488 παρ’

2079 5511 2260 5577 αὐτοῖς
2305 5510 2612 5584 εἰρημένων
2651 5512 3033 5586 μνημονεύσας
3076 5510 3395 5583 ἀνατρέψαι.
3433 5509 3510 5564 Οὐ
3555 5509 3664 5580 γὰρ
