4018 6138
424 298 523 357 ειι

1162 296 1533 355 ADVERSUS
1572 298 1920 355 ιιΑῑιιΕεΕΒ
1952 298 2085 357 LIB.
2128 300 2149 356 Ι
2187 300 2352 357 ΤΟΜ.
2395 300 2459 357 ll.
2501 332 2571 342 -
2607 299 2889 358 HERES.
2923 300 3118 357 XXXI.

3580 292 3688 353 8-ίῖ

424 418 518 472 τοῦ
549 416 692 472 κατά
716 417 909 490 τέχνην
940 434 1030 488 μοι
1068 415 1225 488 λόγου
1260 419 1433 490 μέλει,
1474 417 1614 473 ἀλλά
1643 420 1745 489 τῆς
1783 415 1890 475 τῶν
1918 420 2008 473 ἐν-

2122 419 2338 476 landnm
2368 419 2619 491 seligere.
2642 420 2829 503 Neque
2855 423 3001 479 enim
3030 417 3297 476 orationis
3315 417 3566 485 artillcio,
3588 400 3685 476 sed

424 510 802 580 τυγχανόντων
833 508 1120 577 ὠφελείας.
1170 508 1403 577 Λέγουσι
1432 508 1632 577 τοίνυν,
1682 509 1764 562 ὅτι
1795 509 1824 561 6
1850 506 2007 564 δωδέ-

429 619 591 666 κατος
613 599 756 655 Αίὼν
788 601 817 654 6
842 602 901 655 ἐν
926 599 1128 671 ὑστερή
1138 615 1268 670 ματι
1292 599 1583 670 γενόμενος
1613 598 1892 663 παντελῶς
1912 600 2008 653 τοῦ

427 692 666 767 ἀριθμοῦ
702 692 810 747 τῶν
851 691 1057 746 δώδεκα
1086 689 1334 756 ἐξέπεσε,
1364 691 1459 744 καὶ
1490 690 1792 745 ἀπόλλυται
1831 692 1860 743 6
1887 690 2010 760 ἀρι-

429 786 564 862 θμὸς
591 787 620 839 6
652 782 971 848 δωδέκατος.
1003 781 1173 837 Τοῦτο
1207 782 1265 837 δέ
1307 799 1438 852 φασι
1461 781 1789 853 γεγενῖήσθαῖ⁸
1814 780 1892 853 τῷ
1918 782 2009 837 τὸν

443 877 643 933 Ἰούδαν
671 877 800 931 ὄντα
826 870 1126 931 δωδέκατον
1152 874 1588 951 ἐκπεπτωκέναι,
1619 876 1715 930 κα)⁵
1746 872 1890 928 οὕτω
1916 877 2011 928 -υῦν

428 971 729 1025 δωδέκατον
758 967 990 1041 ἀριθμὸν
1026 966 1341 1039 ἠφανίσθαι.
1385 967 1617 1038 Ὁμοίως
1645 966 1704 1020 δὲ
1744 967 1839 1020 καὶ
1881 964 2011 1036 περὶ

430 1061 530 1130 τῆς
560 1050 986 1132 αἱμορροούσης,
1027 1060 1123 1112 καὶ
1165 1059 1266 1130 τῆς
1300 1057 1400 1129 τὴν
1428 1057 1556 1129 μίαν
1606 1056 1856 1130 δραχμὴν
1902 1054 2011 1110 ἀπὸ

429 1152 538 1207 τῶν
572 1151 704 1205 δέκα
745 1150 1003 1223 δραχμῶν
1048 1149 1411 1222 ἀπλεσάσης.
1468 1149 1754 1202 Δείκνυται
1802 1147 1887 1212 δὲ,
1929 1148 2011 1201 ὅτι

431 1241 609 1297 οὕτειό
639 1240 937 1305 δωδέκατος
962 1240 1105 1294 Αίὼν
1148 1239 1438 1312 πρόσωπον
1469 1240 1643 1294 Ἰούδα
1675 1239 1820 1311 ἔχειν
1855 1238 2013 1310 δυνή-

434 1351 607 1399 σεται,
644 1335 718 1398 ὡς
744 1332 821 1404 τῷ
856 1332 1145 1403 ἁγιωτάτῳ
1172 1332 1449 1404 Εἰρηναίῳ
1481 1331 1807 1404 προείρηται
1828 1348 1842 1364 ·
1872 1330 2009 1384 ’ῐού-

430 1424 526 1488 δας
562 1424 659 1495 μὲν
692 1414 800 1495 γὰρ
832 1419 1109 1483 παντελῶς
1133 1420 1409 1475 ἀπόλωλεν
1432 1437 1445 1452 °
1479 1422 1508 1474 6
1534 1420 1835 1486 δωδέκατος
1859 1421 2007 1489 λεγόο

434 1531 594 1587 μενος
630 1512 775 1567 Alth
825 1512 966 1567 κατά
1006 1513 1066 1566 τὸ
1106 1512 1287 1566 αὐτῶν
1328 1512 1554 1584 πλάσμα
1585 1512 1686 1567 οὐκ
1731 1512 1972 1584 ἐκενώθη
1995 1529 2010 1545 ο

432 1604 564 1677 ἔστη
593 1604 701 1677 γάρ
731 1603 960 1658 ἐνώπιον
997 1603 1165 1658 αὐτοῦ
1202 1604 1231 1656 ό
1256 1605 1642 1673 Μεταγωγεὺς,
1672 1603 1706 1677 ἢ
1733 1606 1762 1659 6
1796 1605 2013 1676 Ὅροθέ·

430 1714 551 1771 της,
580 1699 756 1769 φήσας
789 1697 924 1770 πρὸς
968 1697 1152 1761 αὐτὸν,
1191 1694 1347 1751 Ἰαώτ
1368 1714 1381 1727 ·
1419 1695 1685 1760 ὡσαύτως
1727 1696 1885 1767 φασὶ,
1920 1697 2013 1752 καὶ

2115 513 2386 569 lectorum
2418 514 2645 568 utilitati
2677 513 2808 568 mihi
2840 512 3186 570 serviendum
3216 511 3475 577 arbitror.
3519 511 3690 567 Aiunt

2110 607 2285 676 igitur
2313 605 2697 669 duodecimum
2732 605 2987 671 Eonem,
3010 622 3135 663 cum
3158 606 3472 671 defecisset,
3492 620 3523 659 a
3551 605 3689 660 duo-

2113 696 2342 752 denario
2396 697 2492 752 illo
2536 711 2770 752 numero
2817 699 3036 768 penitus
3080 699 3370 763 excidisse,
3407 707 3570 770 atque
3611 699 3690 753 ita

2115 784 2504 842 duodecimum
2558 786 2706 843 hunc
2742 802 3029 844 numerum
3062 803 3187 844 esse
3231 788 3529 845 sublatum.
3573 786 3688 842 Hoc

2112 883 2296 931 autem
2330 885 2446 931 tum
2472 878 2790 949 contigisse,
2809 893 2934 934 cum
2962 876 3134 935 ludas
3160 880 3533 949 apostolorum
3559 878 3691 933 duo-

2114 963 2366 1020 decimus
2388 967 2650 1024 exclusus
2672 974 2789 1034 est;
2820 968 3011 1039 sicque
3043 967 3397 1025 duodecimus
3425 983 3688 1025 numerus

2113 1054 2205 1110 ille
2242 1057 2424 1127 periit.
2468 1056 2733 1115 Similiter
2761 1065 2817 1114 et
2845 1059 2901 1114 in
2934 1058 3161 1114 muliere
3188 1059 3301 1123 illa,
3328 1074 3449 1130 quae
3477 1059 3691 1130 sangui-

2112 1144 2201 1201 nis
2237 1144 2504 1215 proﬂuvio
2547 1146 2854 1214 laborabat,
2883 1157 2941 1204 et
2991 1148 3048 1203 in
3086 1149 3214 1213 alia,
3248 1164 3370 1220 quae
3396 1149 3583 1204 decem
3621 1164 3691 1205 ex

2112 1235 2414 1302 drachmis,
2432 1253 2597 1294 unam
2620 1239 2954 1310 perdiderat.
2977 1239 3143 1311 Atqui
3159 1240 3524 1296 demonstrari
3555 1241 3689 1296 illud

2113 1336 2315 1400 potest,
2350 1328 2582 1388 manem
2617 1331 2772 1387 illum
2804 1331 3191 1389 duodecimum
3217 1332 3370 1389 Iudae
3401 1348 3689 1404 personam

2117 1422 2344 1479 minime
2398 1439 2563 1495 posse
2619 1425 2929 1491 sustinere;
2981 1427 3184 1482 etenim
3227 1406 3398 1484 ludas
3444 1427 3692 1482 funditus

2114 1512 2316 1584 periit;
2349 1514 2711 1575 duodecimus
2767 1525 2950 1574 autem
2992 1523 3138 1574 mon
3181 1519 3293 1584 ille,
3336 1519 3420 1575 vel
3460 1527 3519 1574 ut
3562 1519 3695 1589 ipsi-

2114 1611 2227 1660 met
2258 1604 2398 1663 ﬁctis
2428 1607 2566 1664 iisre
2605 1609 2808 1665 fabulis
2839 1609 3061 1677 docent,
3102 1625 3212 1664 non
3246 1610 3464 1681 penitus
3486 1612 3696 1665 exstin-

2115 1702 2240 1752 ctus
2268 1704 2375 1753 est.
2411 1695 2574 1755 Stetit
2605 1699 2773 1767 enim,
2798 1701 2974 1768 aiunt,
3010 1715 3079 1755 ex
3110 1700 3232 1770 ejus
3260 1699 3493 1756 adverso
3522 1698 3693 1754 Meta-

432 1788 602 1853 οΰτως
628 1787 935 1860 έστερεώθη
953 1805 966 1818 ο
1001 1786 1126 1843 οὔτε
1157 1788 1190 1859 ὴ
1212 1787 1420 1841 δώδεκα
1447 1787 1625 1841 ἐτεσιν
1646 1788 2015 1859 αἱμορροοῦσα

2122 1802 2344 1857 gogeus,
2382 1787 2491 1844 hoc
2520 1796 2606 1845 est
2638 1789 2943 1854 traductor,
2973 1791 3067 1861 qui
3101 1800 3157 1846 et
3204 1789 3527 1855 llorotheta,
3581 1789 3696 1845 sive

432 1879 510 1950 τῷ
548 1877 726 1932 αὐτῶν
768 1877 1006 1949 δράματι
1052 1878 1483 1950 ὁμοιωθήσεταιο
1520 1877 1697 1950 ἐσώθη
1732 1878 1841 1951 γὰρ
1873 1878 2013 1950 μετά

431 1969 639 2024 δώδεκα
681 1968 798 2040 ἔτη,
825 1969 884 2022 ὲν
913 1964 994 2032 οἷς
1034 1969 1113 2042 τῷ
1146 1968 1336 2039 αἵματι
1364 1967 1466 2039 τῆς
1501 1967 1710 2040 ῥύσεως
1750 1969 1976 2043 ἐφέρετο
1995 1987 2009 2003 ο

432 2063 495 2115 οὐ
521 2061 629 2134 γάρ
672 2062 728 2114 ἐν
775 2064 890 2125 τοῖς
922 2060 1114 2115 ἕνδεκα
1166 2060 1341 2114 έτεσιν
1379 2060 1596 2133 ἀπαθὴς
1625 2060 1870 2129 διετέλει,
1917 2062 2013 2117 καὶ

434 2151 491 2203 ἐν
533 2148 611 2222 τῷ
656 2149 943 2221 δωδεκάτῳ
987 2148 1045 2204 δὲ
1092 2149 1394 2203 σέσωσται·
1459 2147 1583 2202 οὔτε
1630 2151 1665 2220 ή
1723 2148 1822 2214 τὰς
1880 2150 2014 2205 δέκα

432 2240 681 2314 δραχμάς
709 2242 1022 2313 κεκτημένη
1048 2241 1299 2297 ἀπώλεσε
1324 2241 1422 2314 τὴν
1454 2241 1583 2313 μίαν
1609 2243 1691 2306 είς
1719 2243 1890 2310 τέλος,
1927 2243 2013 2297 ἵνα

434 2336 463 2389 6
491 2334 634 2389 Αίὼν
673 2335 769 2406 τῆς
803 2333 935 2405 ὕλης
964 2332 1261 2396 ἀπολωλὼς
1292 2332 1595 2405 μυθεύηται
1634 2335 1767 2407 παρ’
1804 2334 2010 2399 αὐτοῖς.

434 2423 581 2501 Ἧψε
606 2430 714 2501 γάρ
742 2431 835 2485 τὸν
859 2429 1072 2501 λύχνον,
1097 2428 1191 2482 καὶ
1225 2423 1359 2500 ηὗρε
1388 2428 1485 2500 τὴν
1517 2416 1791 2500 δραχμήν.

2121 1874 2392 1933 Deﬁnitor
2420 1876 2645 1943 dicitur,
2690 1889 2744 1934 et
2791 1878 2860 1933 ad
2902 1894 3031 1934 eum
3062 1870 3185 1934 Jaot
3216 1880 3542 1944 inclamans,
3593 1879 3697 1934 hac

2119 1968 2275 2023 illum
2302 1984 2437 2026 voce
2483 1969 2743 2026 ﬁrmavit.
2772 1968 2960 2042 Neque
3005 1986 3137 2026 vero
3171 1970 3556 2026 duodecimum
3582 1970 3697 2040 iam

2118 2074 2322 2115 annum
2357 2062 2625 2132 sanguine
2657 2060 2837 2119 ﬂuens
2865 2062 3064 2118 mulier
3092 2062 3161 2118 ad
3190 2062 3423 2119 istorum
3458 2059 3698 2116 fabulam

2118 2153 2409 2223 convenit;
2448 2170 2570 2224 qua?
2599 2163 2846 2212 vertente
2893 2155 3112 2212 demum
3152 2170 3298 2211 anno
3343 2154 3695 2215 duodecimo,

2117 2252 2413 2314 postquam
2473 2252 2591 2301 toto
2641 2246 2738 2301 illo
2780 2252 3026 2316 tempore
3081 2245 3352 2317 proﬂuvio
3411 2242 3699 2314 sanguinis

2117 2336 2456 2403 laborasset,
2517 2345 2741 2408 repente
2794 2338 3109 2394 consanuit.
3162 2337 3321 2407 207
3379 2333 3500 2391 Non
3550 2333 3698 2389 enim

2117 2430 2377 2488 undecim
2417 2433 2579 2493 annis
2625 2447 2824 2502 expers
2872 2432 3074 2496 morbi,
3116 2430 3442 2487 duodecimo
3474 2427 3698 2483 demum

437 2525 724 2581 sanitatem
783 2524 1039 2580 obtinuit.
1096 2524 1176 2578 Ac
1231 2537 1408 2592 neque
1464 2523 1663 2578 mulier
1712 2522 1846 2588 illa,
1897 2537 2020 2593 quae
2057 2524 2230 2583 denas
2297 2527 2599 2583 drachmas
2632 2527 2886 2594 habebat,
2943 2541 3112 2582 unam
3142 2542 3208 2581 ex
3248 2526 3317 2582 iis
3356 2524 3542 2580 amisit
3576 2536 3699 2578 om-

438 2619 590 2684 nino,
622 2635 731 2690 quo
757 2618 1166 2676 c‘ornmentitius
1199 2618 1289 2674 ille
1320 2604 1386 2673 ac
1430 2617 1672 2673 materiae
1715 2626 2015 2673 concretus
2054 2617 2198 2675 ASon
2265 2628 2529 2678 constare
2567 2624 2767 2693 possit.
2805 2621 3070 2678 Accendit
3133 2622 3277 2677 enim
3314 2620 3618 2683 lucernam,
3645 2623 3702 2674 et

437 2710 752 2768 drachmam
785 2712 1012 2783 reperit.

506 2806 645 2871 ΑΕΓ.
689 2804 784 2858 Ἐκ
818 2803 1000 2857 τοίνυν
1031 2801 1138 2857 τῶν
1178 2800 1272 2857 δύο
1317 2803 1490 2873 λόγων
1532 2800 1737 2857 τούτων
1777 2801 1810 2873 ἢ
1848 2801 2018 2875 τριῶν

2199 2797 2442 2855 XXXVI.
2475 2799 2843 2868 Quamobrem
2871 2799 3091 2855 duobus
3120 2799 3272 2855 hisce
3304 2799 3554 2856 tribusve
3579 2815 3702 2857 ver-

438 2895 507 2950 τά
535 2895 713 2951 πάντα
753 2893 933 2949 αὐτῶν
975 2893 1138 2958 εὐθὺς
1171 2893 1494 2964 ἐλεγχθέντα
1528 2891 2017 2963 καταλειφθήσεται

2128 2892 2213 2948 bis
2250 2893 2473 2947 illorum
2499 2891 2756 2949 discussa
2786 2892 3004 2948 somnia
3033 2905 3199 2962 quam
3232 2892 3422 2962 putida
3451 2899 3506 2947 et
3538 2892 3703 2949 imbe‘

438 2988 999 3061 δραματουργήματα,
1042 2985 1137 3039 καὶ
1183 2984 1410 3058 ἀδρανῆ,
1446 2985 1543 3038 καὶ
1579 2983 1724 3039 ἕωλα
1758 2986 1870 3048 τοῖς
1914 2983 2017 3055 τῆς

2123 2985 2251 3041 cilla
2294 2985 2425 3049 sint,
2488 2983 2648 3040 facile
2700 2983 2941 3055 prudens
2986 2983 3245 3053 quilibet,
3278 2991 3333 3038 et
3382 2990 3589 3039 sanctae
3637 2998 3702 3040 ac

441 3079 752 3150 φρονήσεως
756 3079 913 3172 fici;
940 3076 1034 3132 καί⁵
1063 3077 1275 3140 τέκνοις
1305 3078 1417 3139 τοῖς
1439 3076 1539 3147 τῆς
1566 3075 1726 3144 ἁγίας
1758 3073 1852 3130 τοῦ
1879 3073 2014 3129 Θεοῦ

2122 3076 2411 3132 catholicae
2461 3075 2559 3132 Dei
2605 3075 2866 3133 Ecclesia:
2915 3075 3089 3131 filius~
3108 3075 3527 3132 animadvertet.
3577 3072 3699 3131 Jam

442 3169 732 3241 καθολικῆς
756 3156 1102 3243 Ἕκκλησίας.
1133 3168 1252 3221 Ἵνα
1283 3167 1393 3240 γάρ
1427 3166 1502 3240 μὴ
1532 3166 1672 3220 κατά
1700 3165 1809 3221 τῶν
1839 3165 2019 3221 αὐτῶν

2123 3170 2271 3231 enim
2303 3169 2515 3225 veritus
2559 3184 2682 3240 ego,
2728 3183 2799 3226 ne
2849 3168 2896 3225 si
2936 3168 3185 3239 pluribus
3233 3169 3290 3222 in
3328 3183 3450 3223 eam
3492 3176 3702 3224 sectam

442 3263 741 3336 φερόμενος
755 3263 835 3324 είς
861 3261 1032 3332 μῆκος
1053 3260 1279 3331 ἄπειρον
1305 3260 1480 3314 ὲλάσω
1501 3259 1598 3330 τὴν
1620 3258 2020 3329 πραγματείαν,

442 3355 546 3418 ἓως
578 3353 677 3424 τῆς
715 3350 947 3407 ἐνταῦθα
984 3351 1313 3423 ὑφηγήσεως
1356 3350 1722 3422 ποιησάμενος
1757 3350 1858 3420 τὴν
1890 3349 2024 3403 ὑπό-

447 3462 663 3517 μνησιν,
694 3446 787 3499 καὶ
810 3440 1018 3507 ἐπιθεὶς
1047 3443 1221 3515 πέρας
1250 3445 1316 3515 τῇ
1343 3442 1581 3516 τοσαύτῃ
1604 3441 1783 3496 αὐτῶν
1817 3441 2024 3514 μοχθη-

448 3537 577 3609 ρίᾳ,
610 3537 703 3591 ἐπὶ
741 3535 842 3602 τὰς
894 3535 1021 3607 ἐξῆς
1060 3533 1376 3606 βαδιοῦμαι,
1423 3534 1554 3588 Θεὸν
1600 3532 2027 3605 ἐπικαλούμενος

449 3627 644 3700 ὁδηγόν
661 3645 721 3682 τε
747 3627 844 3682 καὶ
872 3625 1166 3700 ἐπίκουρον
1204 3625 1304 3697 τῆς
1333 3627 1367 3697 ἡ
1377 3624 1491 3696 μῶν
1530 3624 1838 3691 ἀσθενείας,
1868 3624 1949 3697 είς
1965 3624 2028 3678 τὸ

448 3720 694 3792 σωθῆναι
708 3722 816 3775 ἀπὸ
848 3719 1048 3791 ταύτης
1064 3720 1158 3774 καὶ
1178 3718 1285 3772 τῶν
1306 3717 1720 3791 προειρημένων
1739 3716 2026 3790 αἱρέσεων,

448 3812 540 3866 καὶ
564 3812 672 3866 τῶν
701 3810 1008 3884 μελλουσῶν
1028 3809 1443 3865 ἀναδείκνυσθαι
1458 3812 1570 3873 τοῖς
1591 3807 1916 3879 φιλολόγοις,
1933 3809 2028 3863 καὶ⁸

450 3903 793 3976 βουλομένοις
817 3904 885 3959 τὰ
909 3903 1116 3976 ἀκριϐῆ
1139 3902 1336 3956 εἰδέναι
1355 3902 1463 3955 τῶν
1494 3904 1552 3954 ἐν
1576 3899 1656 3972 τῷ
1671 3900 1860 3973 κόσμῳ
1878 3918 2030 3955 κενο-

450 3996 665 4068 φωνιῶν
699 4014 760 4051 τε
810 3997 904 4051 καὶ
956 3996 1272 4051 ἀσυστάτων
1320 3995 1627 4066 δογμάτων.
1661 3994 1757 4057 Εἰς
1803 3991 2028 4057 πολλοὺς

447 4090 556 4161 γὰρ
587 4084 739 4153 οὗτος
764 4091 862 4162 τὴν
896 4089 1088 4144 ἑαυτοῦ
1117 4087 1489 4160 ὀνειροπολίαν
1515 4086 1865 4158 ἐπισπείρας,
1891 4086 2032 4140 Γνω-

450 4183 631 4237 στικὺν
660 4183 851 4237 ἐαυτὸν
880 4182 1155 4247 καλέσας,
1189 4180 1450 4246 πολλοὺς,
1504 4181 1580 4244 ὡς
1612 4181 1819 4245 εἰπεῖν,
1864 4196 2028 4251 σκορ-

450 4268 606 4334 πίους
629 4269 705 4333 ὡς
751 4269 877 4340 μίαν
926 4269 1115 4324 άλυσιν
1146 4267 1459 4341 συνέδησεν,
1495 4269 1571 4333 ὠς
1617 4270 1651 4340 ἡ
1695 4268 1901 4323 παλαιά
1939 4268 2032 4322 καὶ

449 4362 686 4435 ἐναργὴς
743 4361 1029 4436 παραϐολὴ
1080 4363 1350 4436 ὑπάρχει,
1400 4362 1517 4427 ὅτι,
1568 4359 1758 4416 ἅλυσίν
1802 4377 1925 4414 τινα
1979 4361 2031 4414 οἱ

2124 3262 2374 3318 invectus
2411 3259 2591 3327 fuero,
2624 3261 2682 3316 in
2713 3260 2992 3316 inﬁnitum
3024 3261 3181 3317 abeat
3222 3262 3420 3327 oratio,
3454 3260 3524 3316 ad
3556 3261 3703 3316 hunc

2125 3368 2304 3425 usque
2337 3355 2519 3410 locum
2570 3367 2898 3425 progressus
2947 3353 3169 3408 modum
3217 3352 3490 3409 adhibebo
3537 3350 3704 3409 refel-

2124 3444 2300 3501 lendae
2332 3445 2553 3501 illorum
2587 3444 2870 3515 nequitiae,
2903 3459 3099 3516 meque
3146 3444 3215 3500 ad
3251 3453 3479 3500 caeteras
3512 3444 3706 3501 redar—

2125 3537 2375 3608 guendas
2406 3534 2708 3592 conferam.
2748 3535 2856 3591 Sed
2907 3537 3144 3607 primum
3178 3536 3281 3592 viae
3310 3536 3443 3591 mihi
3485 3535 3702 3601 ducem,

2126 3639 2183 3684 et
2213 3627 2613 3685 imbecillitatis
2661 3626 2971 3699 adjutorem
3015 3643 3154 3684 mea:
3193 3625 3363 3684 Deum
3410 3629 3702 3688 invocabo.
3776 3638 3779 3639 '

2128 3721 2209 3777 uti
2246 3735 2334 3776 me
2357 3727 2413 3776 et
2444 3721 2513 3776 ab
2535 3721 2702 3792 hujus
2732 3729 2917 3786 sectae.
2945 3722 3405 3793 superiorumque
3434 3714 3725 3786 omnium,‘

2126 3816 2184 3868 et
2224 3809 2294 3866 ab
2349 3809 2766 3881 insequentium
2823 3810 3153 3880 contagione
3203 3809 3426 3873 liberet,
3460 3823 3599 3878 quas
3649 3808 3706 3861 in

2127 3899 2471 3955 eruditorum
2506 3899 2794 3956 hominum
2826 3899 3081 3970 gratiam,
3128 3896 3223 3968 qui
3255 3897 3492 3952 absurda
3529 3896 3620 3949 illa
3650 3902 3707 3951 et

2128 3992 2316 4048 inania
2353 3992 2643 4064 dogmata,
2684 4006 2808 4062 quae
2862 3992 2918 4045 in
2968 3991 3116 4045 hunc
3153 3989 3342 4044 orbem
3380 3995 3704 4058 eruperunt,

2130 4085 2449 4142 accuratius
2481 4084 2771 4159 explorare
2803 4083 3062 4148 student,
3102 4081 3363 4152 deinceps
3405 4093 3705 4151 perseque-

2129 4193 2275 4235 mur.
2326 4176 2607 4248 Siquidem
2648 4175 2973 4233 Valentinus
3010 4175 3117 4232 iste
3161 4175 3279 4231 suis
3318 4174 3374 4228 in
3415 4174 3707 4244 quamplu-

2133 4270 2302 4326 rimos
2325 4269 2538 4326 diﬂusis
2568 4267 3104 4338 communicatisque
3140 4265 3394 4331 somniis,
3426 4280 3551 4320 cum
3585 4279 3707 4322 sese

2131 4364 2454 4422 Gnosticum
2483 4362 2745 4446 appellari
2777 4362 3080 4428 maluisset,
3113 4360 3336 4424 multos,
3366 4367 3428 4416 ut
3454 4359 3528 4414 ita
3556 4358 3710 4414 dixe-

451 4453 701 4526 σκορπίοι
736 4454 846 4526 (85)
878 4455 986 4509 ἀπὸ
1033 4456 1152 4518 ἐνὸς
1187 4456 1267 4521 εἰς
1298 4454 1391 4508 τὸν
1431 4454 1619 4526 ἓτερον
1668 4452 2019 4524 δεσμοῦντες,

2134 4454 2275 4521 νίηι,
2337 4455 2586 4525 scorpios
2632 4453 2690 4508 in
2736 4466 2902 4507 unam
2952 4459 3201 4507 catenam
3248 4447 3609 4515 constrinxit;
3653 4446 3708 4503 id

450 4546 553 4610 ἕως
591 4547 725 4602 δέκα
777 4547 810 4618 ἢ
869 4547 963 4601 καὶ¹
1009 4546 1225 4611 πλείους
1284 4545 1391 4599 ἀπὸ
1451 4544 1651 4616 στέγης
1695 4545 1729 4615 ἢ
1777 4543 2026 4616 δώματος

450 4637 675 4701 ἑαυτοὺς
715 4637 942 4708 χαλῶσι,
997 4637 1092 4691 καλ⁵
1120 4636 1294 4700 οὕτως
1341 4636 1480 4707 μετὰ
1522 4635 1675 4689 δόλου
1712 4635 1811 4707 τὴν
1848 4634 2028 4707 λύμην

451 4733 560 4796 τοῖς
590 4731 897 4804 ἀνθρώποις
927 4731 1272 4802 ἐργάζονται.
1292 4727 1479 4793 Οΰτως
1514 4728 1609 4782 καὶ
1640 4720 1816 4792 οὗτος,
1854 4727 1949 4782 καὶ
1976 4728 2029 4781 ot

449 4823 613 4878 αὐτοῦ
656 4822 978 4894 καλούμενοι
1023 4821 1319 4877 Γνωστικοὶ
1346 4822 1445 4894 τῆς
1475 4820 1682 4891 πλάνης
1722 4819 2025 4891 ἀρχηγέται

456 4916 724 4987 γεγόνασι,
749 4916 842 4970 καὶ
867 4914 998 4987 παρ’
1019 4913 1180 4969 αὑτοῦ
1201 4912 1300 4976 τὰς
1319 4913 1619 4985 προφάσεις
1641 4911 2023 4991 ὑπειληφότες,

452 5011 633 5083 ἕτερος
667 5010 755 5080 ὑφ’
793 5010 981 5081 ἑτέρου
1015 5007 1373 5080 μαθητευθεὶς
1401 5006 1540 5078 μετά
1574 5005 1664 5060 τὸν
1706 5005 2026 5060 διδάσκαλον

453 5101 772 5173 προσθήκην
803 5102 901 5173 τῆς
941 5100 1149 5170 πλάνης
1178 5098 1496 5171 εἰργάσατο,
1532 5099 1626 5152 καὶ
1653 5097 1847 5171 έτέραν
1873 5097 2026 5168 αἶρε-

453 5210 537 5247 σιν
569 5193 924 5265 εἰσηγήσατο,
953 5192 1218 5264 ἐχομένης
1246 5193 1265 5224 ⁸
1296 5191 1398 5261 τῆς
1429 5190 1720 5264 προτέρας.
1743 5189 1856 5243 Καὶ
1882 5188 2026 5243 οὕτω

455 5288 591 5340 κατὰ
632 5286 732 5358 τὴν
769 5285 1021 5357 διαδοχὴν
1063 5286 1144 5348 είς
1181 5284 1467 5354 διαφόρους
1508 5283 1752 5354 αἱρέσεις
1789 5282 1944 5347 αὐτοὶ
1975 5283 2025 5335 οἱ

438 5377 739 5449 ’κληθέντες
754 5378 1076 5469 κΓνωστικοὶ
1125 5375 1492 5449 ἐμερίσθησαν
1514 5391 1529 5408 ’
1587 5375 1741 5449 παρά
1790 5375 2025 5431 Οὐαλεν-

537 5534 553 5565 ³
582 5531 710 5588 For.
743 5532 1026 5605 ἐχομένην.

2131 4545 2280 4618 quod
2302 4554 2487 4612 vetus,
2511 4560 2578 4600 ac
2609 4551 2808 4601 testata
2827 4543 3127 4599 similitudo
3155 4542 3415 4598 declarat.
3438 4539 3709 4595 Nimirum

2133 4641 2384 4711 scorpios
2415 4638 2484 4694 ad
2519 4639 2709 4695 decem
2743 4637 2996 4709 pluresve
3024 4642 3232 4690 catenae
3263 4632 3439 4689 instar
3468 4631 3608 4686 alios
3639 4630 3710 4685 ah

2133 4732 2258 4788 aliis
2288 4746 2593 4803 suspensos
2621 4744 2743 4786 sese
2770 4744 2838 4784 ex
2878 4735 3023 4784 tecto
3053 4741 3117 4781 ac
3162 4723 3367 4780 solario
3396 4721 3706 4786 demittere,
3787 4796 3793 4809 ‘

2135 4821 2324 4892 sicque
2348 4837 2417 4877 ex
2450 4820 2669 4877 insidiis
2704 4818 2953 4874 homines
2994 4815 3323 4886 opprimere.
3355 4812 3448 4867 Sic
3469 4811 3580 4879 ille,
3608 4826 3706 4882 po-

2132 4913 2377 4984 sterique
2399 4912 2520 4984 ejus
2534 4926 2727 4968 omnes
2750 4908 2997 4965 Gnostici
3015 4907 3139 4963 falsi
3163 4904 3433 4976 dogmatis
3452 4911 3709 4957 auctores

2129 5006 2427 5070 exstitere,
2471 5010 2527 5059 et
2579 5002 2650 5058 ab
2676 5002 2772 5058 illo
2815 4999 3023 5056 erroris
3069 5002 3391 5068 argumenta
3434 4991 3602 5057 nacti,
3643 5007 3713 5047 ac

2132 5096 2488 5155 successione
2515 5096 2759 5166 quadam
2790 5094 3025 5150 invicem
3065 5090 3266 5155 edocti,
3293 5088 3361 5142 ad
3393 5101 3515 5143 eam
3543 5099 3709 5156 quam

2133 5207 2168 5246 a
2194 5191 2460 5262 magistro
2499 5195 2786 5260 acceperat
2817 5201 2972 5244 suam
3018 5184 3248 5256 quilibet
3274 5182 3587 5254 opinionem
3614 5178 3714 5233 ad-

2130 5281 2286 5352 jecit,
2334 5298 2640 5361 novamque
2679 5289 2902 5338 sectam
2935 5294 3060 5334 cum
3118 5276 3301 5349 priore
3347 5274 3715 5331 cohaerentem

2138 5374 2368 5434 invexit.
2391 5373 2511 5443 Qua
2539 5390 2597 5430 re
2633 5373 2839 5430 factum
2867 5379 2975 5442 est,
3006 5380 3065 5428 ut
3093 5368 3340 5428 Gnostici
3360 5365 3510 5425 varia
3539 5364 3721 5421 haere-

532 5711 646 5778 (8'5)
689 5714 808 5768 ’Ὁτι
863 5713 1088 5771 ἅλυσίν
1140 5730 1267 5770 τινα
1325 5716 1377 5770 02
1434 5712 1730 5780 σκορπίοι.
1798 5709 2016 5768 Ᾰῖιὶίιιιιι

2122 5708 2183 5766 ί).
2222 5723 2272 5766 \’l
2311 5705 2476 5772 Ηὶδί..
2508 5722 2597 5762 an.
2638 5703 2754 5762 125.
