4018 6182
320 285 424 340 543

1709 290 1765 349 S.
1809 291 2150 350 EPIPHANII

3481 289 3582 344 5“

320 414 452 454 seon
479 400 714 456 divortia
746 402 1009 473 paulatim
1041 402 1277 461 fecerint
1299 423 1314 473 ;
1336 405 1429 476 qui
1465 406 1686 477 quidem
1711 422 1902 465 omnes

2029 409 2154 462 :ivou
2185 409 2390 479 μέντοι,
2424 409 2500 474 ὡς
2533 409 2690 481 ἔφην,
2723 409 2816 462 καὶ
2843 407 2951 462 τῶν
2981 406 3087 477 πρὸ
3112 403 3279 459 αὐτοῦ
3311 403 3408 466 τὰς
3449 419 3576 474 πρη-

321 506 347 544 a
397 487 712 557 Valentino,
773 501 832 548 ut
872 493 1136 559 diximus,
1173 498 1352 568 iisque
1407 498 1654 569 insuper,
1703 499 1798 570 qui
1837 514 1905 554 eo

2011 500 2204 569 φάσει-ς
2252 501 2570 571 εἰληφότες,
2623 502 2772 572 ὅμως
2818 500 2875 553 ai
2935 496 3328 569 προειρημέναι
3372 495 3470 547 σὺν
3518 495 3587 565 τῇ

321 584 637 651 superiores
686 585 1044 652 exstiterant,
1095 587 1312 643 initium
1365 599 1716 660 acceperunt.
1746 588 1905 645 Nunc

2029 593 2199 645 τούτου
2227 593 2323 646 τοῦ
2353 593 2703 647 Οὐαλεντίνου
2736 593 2801 663 τῇ
2825 590 2929 661 τῆς
2971 587 3232 659 ἀληθείας
3269 585 3591 656 διδασκαλίᾳ

322 672 592 726 universae
647 672 857 742 pariter
907 676 1159 733 veritatis
1205 677 1458 732 doctrina
1507 687 1798 748 prostrata:
1839 695 1906 736 ac

323 760 650 828 proculcata).
681 764 1078 831 praetereunda;
1118 773 1271 832 sunt,
1303 783 1414 838 quo
1443 768 1636 824 eadem
1669 767 1764 825 Dei
1801 784 1907 842 ope

321 865 385 904 ac
418 850 620 906 virtute
653 850 776 907 freti
807 853 1053 924 reliquas
1081 865 1517 926 perscrutemur.

555 965 721 1036 gos
757 965 1130 1023 anvsnsus
1170 967 1672 1038 SECUNDIANOS,

322 1077 406 1131 Ad
433 1095 560 1149 quos
593 1095 704 1133 sese
738 1077 1759 1157 Epiphaues__e_t_Isidorrtsgmljcarunt,
1791 1101 1909 1157 quia

663 1160 741 1205 est
773 1149 988 1205 haeresis
1018 1150 1135 1205 XII
1164 1154 1270 1206 sive
1309 1149 1560 1208 XXX-II.

395 1237 433 1291 l.
456 1237 815 1310 Posteaquam
834 1239 1212 1298 Valentiniana
1229 1244 1421 1301 haeresi
1437 1245 1677 1302 defuncti
1695 1262 1908 1316 sumus,

325 1340 380 1387 et
416 1348 471 1386 tn
502 1332 623 1402 ejus
654 1332 890 1389 dumetis
919 1349 982 1389 ac
1023 1337 1283 1406 vepribus
1315 1353 1649 1409 magnopere
1694 1340 1910 1394 labora~

325 1427 529 1489 vimus,
561 1425 822 1498 deinceps
859 1426 1171 1482 incredibili
1207 1444 1332 1484 cum
1377 1435 1579 1486 sudore
1617 1447 1682 1487 ac
1719 1433 1910 1502 cujus-

323 1516 451 1571 dam
504 1518 651 1573 velut
697 1520 1049 1590 agricultura:
1092 1522 1342 1577 molestia
1378 1523 1446 1577 ad
1485 1514 1728 1594 reliquas
1762 1525 1912 1582 illius

325 1608 637 1667 evellendas
665 1612 876 1680 spinas,
909 1629 975 1667 ac
1004 1622 1177 1669 tetras
1206 1622 1521 1684 serpentum
1551 1615 1752 1687 effigies
1779 1631 1912 1687 pro.

2011 687 2483 755 καταπατηθεῖσαι
2513 687 2603 756 ὑφ’
2644 686 2800 757 ἡμῶν
2845 682 3247 756 παρείσθωσαν.
3292 681 3482 751 Ἡμεῖς
3531 679 3590 731 δὲ

2010 779 2108 844 τὰς
2138 779 2264 850 ἑξῆς
2288 780 2347 833 ὲν
2372 781 2440 850 τῇ
2468 778 2560 833 τοῦ
2589 777 2725 832 Θεοῦ
2754 776 2978 848 δυνάμει
3007 775 3479 846 διασκοπήσωμεν.

2397 973 2589 1027 ΚΑΤΑ
2639 969 3169 1026 ΣΕΚΟΥΝΔΙΑΝΩΝ
3183 1011 3198 1037 ,

2012 1079 2120 1152 Οἷς
2146 1083 2430 1155 συνήφθη
2449 1084 2781 1154 Ἐπιφιίνης
2805 1085 2902 1138 καὶ
2923 1085 3246 1153 Ἰσίδωρος,
3269 1081 3589 1153 δωδεκάτη,

2201 1161 2206 1166 ’
2389 1157 2428 1224 ἠ
2464 1157 2562 1211 καὶ
2593 1157 2915 1225 τριακοστὴ
2950 1155 3218 1224 δευτέρα.

2082 1247 2161 1304 A'.
2215 1247 2586 1320 Παρελθόντες
2611 1248 2668 1301 δὲ
2695 1248 2792 1320 τὴν
2830 1248 2925 1301 τοῦ
2963 1247 3316 1301 Οὐαλεντίνου
3359 1246 3592 1318 αἵρεσιν,

2012 1341 2108 1395 καὶ
2168 1341 2338 1395 πολλά
2402 1340 2772 1412 μοχθήσαντες
2829 1341 2886 1393 ὲν
2945 1342 3012 1411 τῇ
3061 1338 3360 1394 ἀκανθώδει
3426 1337 3593 1392 αὐτοῦ

2015 1434 2214 1504 σπορᾷ,
2241 1432 2330 1486 διά
2365 1431 2580 1497 πολλοῦ,
2617 1431 2691 1495 ὡς
2724 1430 2920 1495 εἰπεῖν,
2949 1431 3198 1502 καμάτου
3230 1430 3323 1483 καὶ
3355 1445 3595 1499 γεωργι-

2016 1525 2117 1595 κῆς
2161 1524 2534 1587 κακοπαθείας
2587 1524 2681 1577 ὲπὶ
2725 1522 2794 1577 τά
2843 1521 3073 1593 λείψανα
3121 1523 3220 1594 τῆς
3252 1521 3599 1583 ἀκανθώδους

2013 1615 2176 1670 αὐτοῦ
2213 1602 2421 1688 σπορᾶς
2472 1616 2568 1669 καὶ
2611 1614 2949 1688 ἑρπετώδους
2987 1613 3151 1668 αὐτοῦ
3201 1611 3596 1688 θηριομορφίας

326 1697 592 1768 fligandas
634 1700 942 1756 veniemus.
989 1701 1096 1756 Sed
1139 1702 1411 1774 inprimis
1455 1700 1694 1772 Spiritus
1735 1703 1910 1758 sancti

2029 1708 2391 1779 ἐλευσόμεθα,
2444 1708 2504 1761 τὸ
2549 1709 2702 1777 ἅγιον
2759 1708 2986 1780 Πνεῦμα
3029 1707 3387 1780 αἰτησάμενοι
3445 1707 3597 1778 παρά

326 1804 484 1860 opem
513 1807 543 1846 a
571 1791 796 1848 Christo
828 1794 1253 1862 postulabimus,
1277 1804 1340 1847 ut
1369 1795 1532 1862 hujus
1564 1793 1717 1848 illum
1744 1795 1915 1850 inter-

2029 1801 2280 1876 Χριστοῦ,
2316 1803 2396 1865 είς
2434 1801 2495 1855 τὸ
2534 1801 2601 1854 δι’
2631 1800 2795 1855 αὐτοῦ
2820 1801 3122 1876 ἐπισπάσαι
3154 1801 3274 1862 ταῖς
3302 1797 3500 1869 ψυχαῖς
3528 1800 3596 1870 τῇ

329 1888 494 1935 ventu
533 1897 630 1952 per
669 1883 953 1938 cmlestem
1010 1882 1320 1940 doctrinam
1369 1884 1768 1956 religiososque
1802 1902 1916 1943 scr-

331 1987 520 2028 mones
567 1974 623 2027 in
650 1973 935 2029 hominum
975 1976 1192 2032 animos
1219 1977 1441 2043 elicere,
1477 1977 1546 2032 ab
1588 1978 1785 2048 iisque,
1819 1979 1914 2049 qui

332 2065 385 2118 id
412 2065 556 2120 ultro
583 2067 875 2133 voluerint,
919 2068 1239 2138 pestiferum
1269 2070 1422 2125 virus
1451 2072 1743 2128 extrahere
1790 2087 1916 2142 pos.

331 2156 527 2212 simus.
561 2155 769 2228 Sequar
796 2174 927 2214 vero
960 2160 1016 2214 in
1050 2161 1117 2217 iis
1145 2161 1484 2231 exponendis
1516 2172 1736 2217 aetatum
1763 2163 1916 2218 ordi-

333 2263 481 2313 nem,
510 2264 574 2304 ac
615 2251 776 2322 cujus
805 2254 1039 2324 quisque
1068 2269 1363 2313 successor
1400 2254 1676 2311 exstiterit
1711 2255 1766 2310 in
1808 2255 1916 2312 illis

332 2343 685 2398 recensendis
719 2346 981 2414 aperiam,
1018 2345 1112 2416 qui
1158 2345 1228 2400 ab
1275 2347 1369 2400 illo
1415 2344 1650 2417 profecti
1695 2345 1916 2403 diversa

331 2433 579 2503 quaedam
611 2435 876 2492 doctrinae
908 2437 1119 2492 semina
1145 2446 1491 2508 sparserunt.

402 2525 611 2582 Horum
651 2528 818 2598 igitur
844 2543 876 2584 e
923 2544 1156 2583 numero
1198 2528 1486 2584 Secundus
1531 2529 1753 2600 quidam
1789 2529 1915 2595 fuit,

333 2618 428 2690 qui
456 2619 578 2689 plus
628 2619 835 2689 aliquid
870 2633 1035 2689 quam
1078 2620 1260 2675 caeteri
1296 2634 1490 2689 sapere
1534 2620 1780 2686 studens,
1814 2621 1918 2676 etsi

334 2710 525 2767 eadem
553 2727 674 2786 quae
697 2709 1020 2767 Valentinus
1069 2712 1267 2768 asserit
1299 2713 1504 2780 omnia,
1535 2713 1798 2783 ampliore
1836 2721 1920 2768 ta-

337 2819 462 2858 men
495 2804 678 2860 sonitu
731 2803 1072 2860 furiosorum
1101 2819 1264 2860 aures
1293 2805 1552 2875 opplevit.
1595 2803 1697 2860 Hic
1725 2805 1918 2860 eodem

337 2909 447 2963 quo
480 2893 803 2953 Valentinus
839 2904 1083 2966 tempore
1115 2897 1370 2952 eumdem
1416 2898 1596 2967 ipsum
1641 2911 1785 2951 novo
1816 2897 1920 2951 ali-

337 3000 447 3056 quo
483 2986 706 3042 invento
745 3003 1008 3058 superare
1039 2989 1304 3060 gestiens,
1335 2988 1569 3058 primam
1605 2987 1918 3059 Ogdoadem

337 3095 404 3134 ex
435 3077 674 3135 Tetrade
706 3079 900 3135 dextra
939 3095 1005 3135 ac
1030 3081 1258 3136 sinistra
1290 3080 1520 3136 conflari
1550 3080 1758 3146 docuit,
1783 3096 1920 3152 qua-

343 3187 460 3225 rum
511 3172 737 3227 alteram
787 3172 1019 3240 Lumen,
1056 3173 1336 3229 Tenebras
1383 3174 1611 3228 alteram
1660 3173 1922 3243 appellari

339 3264 534 3318 voluit.
562 3263 682 3318 Jan]
726 3279 854 3320 vero
896 3263 1166 3321 Virtutem
1199 3266 1346 3320 illam
1389 3282 1511 3336 quae
1541 3265 1834 3330 defecisse,
1870 3274 1924 3320 et

342 3355 410 3409 ad
445 3355 685 3423 inopiam
717 3353 890 3411 fuisse
928 3355 1154 3412 redacta
1195 3356 1422 3422 dicitur,
1463 3364 1627 3427 negat
1665 3371 1733 3410 ex
1762 3355 1926 3409 trice-

345 3444 502 3498 nario
535 3443 628 3497 illo
657 3459 887 3500 numero
917 3443 1159 3499 Eanum
1188 3447 1494 3511 exstitisse,
1517 3445 1614 3501 sed
1642 3444 1924 3500 inferioris

344 3533 639 3605 cujusdam
669 3534 905 3600 ordinis,
937 3551 1001 3592 ex
1037 3551 1231 3592 eorum
1260 3537 1518 3593 videlicet
1539 3552 1700 3607 grege
1731 3537 1922 3600 fuisse,

344 3628 436 3698 qui
469 3627 612 3682 infra
649 3627 813 3682 aliam
851 3627 1164 3700 Ogdoadem
1195 3629 1556 3685 collocantur.
1599 3627 1675 3684 De
1704 3627 1927 3683 Christo

345 3720 578 3790 aliisque
618 3721 967 3793 dogmatibus
995 3723 1186 3779 eadem
1212 3738 1336 3778 cum
1371 3729 1595 3776 auctore
1619 3721 1813 3777 veneni
1840 3720 1926 3776 sui

347 3829 410 3870 ac
439 3816 818 3872 ministratore
845 3816 1130 3872 Valentino
1161 3815 1372 3871 statuit.
1405 3815 1589 3881 Quare
1615 3830 1739 3870 cum
1779 3813 1926 3892 haud

347 3908 420 3961 ita
456 3909 629 3963 multa
662 3909 772 3962 sint
801 3909 870 3964 ab
913 3909 1021 3964 isto
1050 3908 1284 3964 diversis
1322 3923 1388 3962 ac
1419 3908 1720 3978 peregrinis
1753 3907 1928 3978 expli-

345 4005 470 4054 cata
519 3999 764 4065 vocibus,
795 4013 968 4070 pauca
1013 4000 1128 4054 haac
1167 4015 1289 4070 quae
1333 3997 1478 4053 dicta
1509 4007 1640 4055 sunt
1683 3999 1932 4055 sufficere

348 4090 554 4160 putavi,
587 4105 711 4160 quae
747 4105 846 4160 per
883 4089 1062 4159 seipsa
1106 4088 1242 4144 satis
1277 4088 1343 4142 ad
1381 4087 1739 4144 refellendum
1772 4103 1934 4157 argu-

349 4188 658 4236 mentorum
689 4179 1062 4249 suppeditant.
1108 4177 1216 4232 Sed
1250 4178 1317 4232 de
1351 4178 1444 4230 illo
1472 4187 1651 4232 tamen
1692 4177 1932 4232 breviter

347 4288 566 4343 quoque
617 4271 1011 4341 disputandum
1058 4278 1174 4334 est,
1224 4284 1294 4324 ne
1346 4269 1507 4334 ideo,
1555 4270 1703 4340 quod
1741 4278 1933 4326 contra

349 4364 528 4433 ipsum
557 4361 752 4416 afferre
784 4362 923 4416 nihil
959 4375 1268 4432 possemus,
1298 4361 1715 4430 praetermisisse
1741 4362 1933 4417 videa-

2017 1874 2082 1950 ὲν
2106 1895 2226 1966 Θεῷ
2256 1894 2577 1966 διδασκαλίᾳ
2625 1894 2720 1947 καὶ
2765 1874 3152 1964 σεμνῷδιόγῳ,
3191 1891 3441 1955 καὶτοὺς
3485 1891 3598 1954 ἰοὺς

2018 1988 2330 2042 ἀνασπάσαι
2387 1986 2681 2057 δυνηθῆναι
2727 1985 2836 2039 ἀπὸ
2908 1984 3018 2038 τῶν
3072 1983 3215 2038 οῦτω
3263 1984 3597 2056 προειρημές

2017 2099 2125 2136 νων
2152 2081 2285 2153 (84).
2318 2080 2588 2152 Ἀρξομαι
2617 2079 2674 2132 δὲ
2708 2078 2836 2150 περὶ
2868 2077 3074 2130 τούτων
3111 2077 3291 2146 λέγειν
3321 2076 3459 2130 κατά
3485 2077 3598 2130 6w.-

2017 2172 2213 2243 δοχὴν,
2261 2171 2345 2234 τίς
2373 2171 2517 2233 τίνος
2547 2169 2786 2240 διάδοχος
2833 2169 3126 2238 γεγένηται
3171 2166 3280 2220 τῶν
3323 2166 3382 2233 ἐξ
3431 2163 3598 2220 αὐτοῦ

2017 2262 2375 2335 ὁρμωμένων,
2425 2263 2522 2317 καὶ
2561 2261 2753 2332 ἑτέραν
2805 2259 2956 2332 παρά
2998 2259 3098 2332 τὴν
3128 2256 3334 2312 ἐκείνου
3389 2256 3602 2328 σποράν

2017 2353 2399 2408 διδασκόντων.

2093 2530 2384 2594 Σεκοῦνδος
2412 2529 2588 2584 τοίνυν
2616 2547 2702 2595 τις
2732 2530 2791 2598 ὲξ
2819 2529 2999 2586 αὐτῶν
3027 2528 3123 2594 ῶν,
3150 2527 3246 2583 καὶ
3282 2528 3602 2601 περισσότε-

2027 2621 2117 2694 ρόν
2147 2638 2201 2674 τι
2228 2620 2548 2691 βουλόμενος
2576 2623 2863 2694 φρονῆσαι,
2899 2622 3079 2677 πάντα
3115 2620 3212 2692 μὲν
3246 2619 3314 2673 τά
3344 2620 3484 2674 κατά
3511 2619 3604 2672 τὸν

2023 2711 2375 2766 Οὐαλεντῖνον
2429 2711 2743 2783 ἐξηγεῖται,
2805 2711 3192 2783 περισσότερον
3238 2709 3295 2763 δὲ
3344 2705 3477 2781 ἦχον
3523 2711 3605 2772 είς

2023 2803 2194 2868 ἀκοὰς
2237 2802 2347 2856 τῶν
2378 2803 2900 2875 ὲμϐεὸροντημένων
2951 2803 3238 2875 ὲξήχησεν.
3283 2795 3454 2865 Οὗτος
3495 2801 3606 2873 γὰρ

2024 2895 2165 2948 κατά
2197 2893 2548 2948 Οὐαλεντῖνον
2581 2892 2676 2958 ὢν,
2702 2893 2777 2957 ὡς
2805 2895 3085 2964 προεῖπον,
3117 2891 3258 2962 ὑπὲρ
3281 2890 3337 2942 δὲ
3367 2889 3607 2943 Οὐαλεν-

2023 2989 2168 3040 τῖνον
2209 2985 2442 3057 φρονῶν,
2476 2985 2623 3054 λέγει
2656 2980 2796 3039 εἶναι
2830 2985 2930 3055 τὴν
2963 2982 3186 3054 πρώτην
3218 2981 3476 3052 Ὀγδοάδα
3507 2983 3611 3034 Τε-

2026 3079 2197 3150 τράδα
2223 3076 2428 3144 δεξιὰν,
2461 3078 2558 3132 καὶ
2585 3076 2832 3148 Τετράδα
2882 3075 3210 3147 ἀριστεράν⁸
3251 3073 3395 3128 οὕτω
3424 3090 3606 3146 παρα-

2023 3174 2198 3237 διδοὺς
2233 3172 2515 3226 καλεῖσθαι
2546 3170 2644 3240 τὴν
2697 3170 2799 3241 μὲν
2831 3171 2962 3241 μίαν
3003 3169 3160 3234 Φῶς,
3204 3167 3305 3240 τὴν
3349 3168 3408 3221 δὲ
3440 3167 3609 3238 ἀλλην

2024 3265 2223 3328 Σκότος
2246 3282 2260 3297 ο
2305 3264 2405 3337 τὴν
2446 3263 2504 3316 δὲ
2536 3261 2854 3315 ἀποστᾶσάν
2878 3277 2939 3315 τε
2983 3262 3087 3315 καὶ
3111 3261 3490 3332 ὑστερήσασαν
3517 3259 3609 3312 δύ-

2025 3376 2189 3431 ναμιν
2245 3355 2319 3428 μὴ
2368 3351 2509 3408 εἶναι
2543 3353 2652 3408 ἀπὸ
2696 3352 2806 3407 τῶν
2839 3352 3129 3424 τριάκοντα
3173 3351 3430 3417 Αίώνων,
3474 3351 3610 3404 ἀλλὰ

2029 3452 2165 3524 μετὰ
2193 3451 2319 3513 τοὺς
2347 3448 2640 3520 τριάκοντα
2671 3448 2904 3513 Αἰῶνας,
2928 3447 3004 3511 ὡς
3023 3442 3162 3500 εἶναι
3189 3445 3298 3500 ἀπὸ
3320 3445 3426 3500 τῶν
3469 3445 3613 3515 μετὰ

2024 3541 2124 3614 τὴν
2155 3541 2413 3610 Ὀγδοάδα
2437 3541 2538 3611 τὴν
2563 3538 2730 3610 ἀλλην
2764 3539 3058 3610 κατωτέρω
3084 3538 3411 3608 γενομένων.
3443 3536 3523 3590 Τά
3553 3535 3612 3589 δὲ

2027 3637 2204 3690 πάντα
2242 3652 2306 3687 πε
2317 3634 2369 3707 pi
2392 3631 2629 3706 Χριστοῦ
2655 3633 2747 3687 καὶ
2780 3631 2891 3685 τῶν
2915 3625 3092 3685 ἄλλων
3117 3631 3404 3702 δογμάτων
3433 3630 3613 3683 ὡσαύ-

2026 3747 2135 3793 τως
2172 3727 2249 3799 τῷ
2287 3727 2401 3798 ἰδίῳ
2430 3725 2653 3798 χορηγῷ
2691 3723 2767 3796 τῷ
2808 3724 2886 3778 ίοῦ
2936 3725 3028 3778 καὶ
3071 3725 3257 3794 δοτῆρι
3318 3723 3411 3777 τοῦ
3444 3723 3613 3794 δηλη-

2027 3823 2218 3894 τηρίου
2259 3819 2596 3890 Οὐαλεντίνῳ
2617 3817 2954 3888 δογματίζει.
2988 3817 3078 3886 Μὴ
3109 3815 3320 3870 πολλῶν
3353 3817 3410 3870 δὲ
3441 3816 3612 3870 όντων

2027 3914 2137 3967 τῶν
2186 3912 2292 3966 ὐπὸ
2339 3911 2527 3965 τούτου
2576 3909 2850 3980 διαφόρως
2886 3907 3400 3985 ξενολεκτουμένων,
3445 3908 3613 3978 ἀρκε-

2033 4005 2223 4077 σθῆναι
2254 4006 2352 4076 μὲν
2377 4004 2674 4077 ἡγησάμην
2698 4003 2807 4056 δεῖν
2830 4006 2943 4066 τοῖς
2967 4001 3406 4074 προειρημένοις,
3429 4001 3613 4070 ἔχουσι

2031 4095 2126 4148 καλ⁵
2149 4096 2254 4162 ἀφ’,
2271 4095 2479 4148 ἑαυτῶν
2502 4096 2602 4166 τὴν
2631 4093 2963 4165 ἀνατροπὴν,
2995 4093 3144 4162 ὅμως
3170 4091 3215 4144 δ’
3244 4086 3337 4145 οὖν
3364 4092 3457 4143 καὶ
3486 4091 3615 4162 περὶ

2034 4186 2200 4241 αὐτοῦ
2245 4187 2402 4257 ὀλίγα
2446 4186 2607 4254 λέξω,
2643 4187 2729 4240 ἵνα
2784 4185 2858 4257 μὴ
2915 4185 2981 4238 δι’
3027 4185 3264 4255 ἀπορίαν
3310 4182 3615 4255 παρεληλυ-

2034 4276 2186 4330 θέναι
2219 4294 2271 4330 τι
2323 4277 2443 4331 κατ’
2479 4275 2642 4330 αὐτὸν
2688 4274 2844 4340 δόξω.
2895 4273 2957 4326 Ei
2993 4273 3102 4344 γὰρ
3145 4272 3413 4342 Τετράδες
3445 4269 3617 4334 δεξιαὶ

2035 4371 2132 4424 καὶ
2163 4369 2431 4440 εὐώνυμοι
2463 4369 2595 4440 παρ’
2623 4368 2808 4432 αὐτοῖς
2834 4367 3145 4429 τάσσονται,
3181 4362 3534 4436 εὐρεθήσεταί
3563 4379 3618 4417 τι

349 4471 494 4509 mur.
532 4455 704 4525 Igitur
735 4454 781 4509 si
808 4451 1073 4509 Tetrades
1097 4469 1165 4508 ex
1197 4453 1413 4506 illorum
1447 4453 1704 4522 opinione
1728 4455 1922 4510 dextra

2037 4458 2202 4530 ζητού
2213 4475 2372 4531 μενον
2392 4457 2555 4530 μέσον
2575 4455 2670 4512 τοῦ
2687 4475 2746 4510 τε
2762 4455 2938 4522 δεξιοῦ
2954 4455 3154 4509 καὶτοῦ
3174 4453 3485 4527 ἀριστεροῦ·
3511 4454 3618 4506 πᾶν

352 4554 483 4602 sunt
513 4561 577 4602 ac
621 4545 883 4611 sinistra,
929 4545 1170 4601 medium
1202 4545 1346 4600 inter
1372 4560 1467 4600 eas
1497 4545 1754 4615 quiddam
1793 4548 1938 4602 assi-

351 4638 506 4710 gnari
561 4644 812 4706 oportet,
859 4643 1150 4710 propterea
1200 4635 1346 4706 qudd
1387 4635 1656 4706 quidQuid
1711 4637 1933 4693 dextros

350 4731 514 4787 habet
545 4745 609 4785 ac
645 4729 906 4786 sinistros
936 4726 1180 4793 ordines,
1220 4732 1278 4783 in
1315 4743 1505 4784 eorum
1539 4728 1722 4785 medio
1757 4729 1932 4786 collo-

357 4824 473 4878 cari
520 4837 743 4878 necesse
771 4829 893 4890 est;
941 4820 1105 4892 209
1132 4836 1308 4892 neque
1345 4820 1535 4877 dextra
1572 4822 1658 4878 vel
1704 4822 1926 4878 sinistra

352 4915 564 4986 uspiam
607 4931 732 4972 esse
780 4921 1045 4985 possunt,
1099 4914 1208 4969 nisi
1260 4930 1328 4970 ex
1372 4913 1662 4984 interjecto
1701 4929 1933 4986 corpore

354 5010 641 5080 utriusque
685 5009 860 5080 partis
907 5007 1206 5063 discrimen
1255 5014 1492 5079 petatur.
1539 5007 1929 5076 Quamobrem,

353 5103 712 5161 stolidissime
749 5102 1064 5157 mortalium
1120 5099 1412 5169 Secunde,
1455 5117 1663 5172 vosque
1717 5100 1931 5159 Secunt-

352 5198 499 5252 diani
529 5211 743 5260 omnes,
778 5196 1017 5251 medium
1047 5195 1154 5250 erit
1186 5211 1356 5250 unum
1391 5196 1616 5266 aliquid,
1655 5196 1746 5251 cui
1797 5197 1934 5253 sini-

355 5300 468 5346 stra
500 5288 802 5362 dextraque
834 5303 955 5357 quae
986 5286 1248 5342 dicuntur
1279 5287 1526 5358 subjecta
1567 5289 1680 5344 sint
1707 5307 1720 5344 :
1756 5306 1934 5361 neque

355 5383 428 5438 ab
464 5397 574 5437 uno
607 5381 701 5436 illo
738 5380 977 5434 alienum
1012 5379 1067 5433 id
1107 5394 1231 5436 esse
1278 5381 1504 5450 poterit,
1538 5381 1684 5452 quod
1719 5383 1768 5436 ei
1803 5382 1935 5438 sub-

357 5474 542 5541 jicitur
573 5473 828 5527 dextrum
865 5477 961 5524 aut.
988 5469 1274 5526 sinistrum
1305 5491 1319 5527 :
1362 5482 1529 5542 atque
1567 5473 1641 5526 ita
1674 5470 1742 5525 ad
1773 5487 1938 5527 unam

354 5565 646 5633 quamdam
677 5571 929 5619 naturam
977 5563 1236 5620 universa
1278 5565 1607 5632 referentur,
1648 5582 1756 5638 qua
1802 5567 1940 5622 nihil

2034 4551 2144 4622 γὰρ
2188 4549 2367 4604 ὁτιοῦν
2402 4547 2581 4614 δεξιὰς
2615 4547 2736 4618 ἔχον
2765 4547 2861 4600 καὶ
2893 4544 3210 4617 εὐωνύμους
3239 4543 3422 4609 τάξεις
3453 4542 3620 4615 μέσον

2034 4643 2234 4714 ἕστηκε
2263 4642 2374 4696 τῶν
2405 4641 2701 4712 εὐωνύμων
2746 4639 2912 4693 αὐτοῦ
2950 4641 3042 4692 καὶ
3077 4637 3265 4705 δεξιῶν
3286 4651 3301 4667 '
3331 4637 3424 4691 καὶ
3460 4637 3620 4691 οὐδα-

2038 4732 2140 4805 μοῦ
2173 4733 2464 4804 δυνήσεται
2486 4729 2788 4794 εἶναιδεξιά
2815 4729 3150 4801 ἥάριστερὰ,
3183 4729 3232 4780 εί
3263 4729 3336 4799 μή
3367 4745 3421 4780 τι
3457 4727 3524 4780 ἂν
3549 4729 3618 4780 ὲκ

2041 4821 2471 4898 μεσολαϐοῦντος
2495 4820 2746 4892 σώματος
2777 4819 3036 4891 ἑκατέρου
3057 4819 3257 4891 μέρους
3275 4820 3308 4888 ἡ
3343 4817 3620 4890 διάκρισις

2035 4913 2281 4984 γένηται.
2321 4913 2464 4984 "Aput
2497 4907 2611 4978 οὖν,
2639 4911 2833 4982 ἀνόητε
2872 4908 3154 4975 Σεκοῦνδε,
3192 4910 3286 4962 καὶ
3308 4910 3356 4961 oi
3377 4909 3485 4962 ἀπὸ
3515 4905 3612 4961 σοῦ

2037 5008 2404 5082 ἠπατημένοι,
2433 5005 2496 5061 τὸ
2526 5006 2870 5078 μεσαίτατον,
2895 5004 2988 5074 ἀφ’
3012 4999 3186 5075 οὐπερ
3216 5003 3309 5056 καὶ
3353 5001 3621 5074 ἀριστερά

2040 5102 2134 5156 καὶ
2171 5099 2323 5167 δεξιά
2362 5099 2784 5162 ὑποπίπτουσιν,
2819 5096 2971 5150 ἔσται
3019 5096 3078 5149 ἓν
3108 5112 3185 5158 τι,
3215 5095 3308 5148 καὶ
3350 5094 3411 5146 οὐ
3464 5094 3623 5166 δυνή-

2042 5212 2195 5249 σεται
2246 5193 2525 5265 ἀλλότριον
2572 5189 2710 5244 εἶναι
2754 5187 2849 5244 τοῦ
2889 5188 3008 5252 ἑνός
3048 5205 3194 5251 τινος
3234 5186 3296 5239 τὸ
3345 5186 3404 5251 ἐξ
3453 5185 3618 5240 αὐτοῦ
3675 5199 3688 5212 ⁶

2039 5285 2347 5340 ὐποπίπτον
2371 5283 2544 5348 δεξιόν
2575 5300 2638 5335 τε
2680 5281 2775 5336 καὶ
2822 5278 3102 5351 εὐώνυμον
3125 5294 3140 5309 ·
3172 5278 3265 5331 καὶ
3313 5277 3654 5350 ἐξάνάγκης,

2045 5378 2412 5449 ἀναχθήσεται
2453 5375 2515 5429 τὸ
2545 5377 2653 5428 πᾶν
2686 5377 2766 5438 είς
2796 5373 2858 5426 τὸ
2905 5371 2963 5427 ἓν
2994 5371 3074 5433 ὂν,
3103 5363 3162 5424 οὐ
3196 5367 3468 5423 ἀνώτατον
3502 5369 3623 5422 οὐδὲ

2044 5472 2102 5527 ἓν
2141 5474 2308 5534 ἐστιν,
2340 5467 2460 5522 οὗτε
2505 5465 2873 5538 ὐποδεϐηκὺς,
2922 5463 3046 5518 οὔτε
3083 5462 3412 5528 κατώτατον,
3449 5462 3499 5517 εί
3547 5462 3623 5533 μὴ

2045 5565 2111 5622 τὰ
2147 5563 2432 5618 ὑπἀὐτοῦ
2483 5560 2807 5633 ἐκτισμένα·
2847 5559 2939 5614 καὶ
2979 5557 3129 5614 ἔσται
3181 5555 3338 5610 τοῦτο
3389 5552 3623 5627 φανερὸν

432 5716 545 5785 (34)
600 5718 738 5773 Ἀπὸ
783 5719 898 5775 τῶν
940 5721 1089 5776 οὕτω
1140 5723 1589 5792 προειρημένων.
1626 5723 1750 5782 Cor.
1795 5723 2210 5798 προῃρημένων..
