4018 6154
439 328 544 384 545

1160 325 1530 383 ADVERSUS
1569 325 1913 382 [IEBESES
1952 324 2017 381 LI

2126 325 2170 383 ι.
2215 324 2379 382 TOM.
2423 286 2576 381 ηε
2612 324 2886 383 uanas.
2923 325 3139 383 xxx".

3592 329 3697 384 516

437 443 545 504 τοῖς
593 440 694 512 τὴν
743 439 1006 511 ἀλήθειαν
1053 441 1590 512 καταμανθάνουσιν,
1624 441 1707 495 ὅτι
1753 435 1835 506 εἷς
1882 441 2012 504 Θεός

2121 455 2296 510 neque
2345 438 2606 510 superius
2641 439 2749 506 sit,
2805 456 2985 512 neque
3048 440 3306 507 inferius,
3358 442 3696 513 infimumve,

434 535 602 596 ἐστιν,
632 535 662 586 ὁ
692 533 905 605 Πατὴρ,
937 533 1032 587 καὶ
1064 533 1213 598 Υἱὸς,
1249 533 1346 588 καὶ
1385 534 1538 604 ἅγιον
1581 534 1824 605 Πνεῦμα.
1863 535 1926 587 Εί
1956 533 2013 587 δὲ

435 621 516 690 εἷς
554 624 687 688 Θεός
732 625 902 687 ἐστιν,
939 625 1001 690 ἐξ
1041 618 1103 678 οὑ
1148 625 1219 678 τά
1260 625 1457 689 πάντα,
1487 623 1611 679 οὑτε
1648 643 1701 679 τι
1729 626 2015 698 ἀριστερόν

435 720 582 770 ἐστιν
612 717 670 769 ὲν
707 715 880 786 αὑτῷ,
916 715 1040 770 οὔτε
1079 716 1368 787 ἐλάττωμα
1401 718 1610 790 ἕτερον,
1641 716 1764 771 οὕτε
1799 735 1851 771 τι
1885 719 2017 770 ὑπο-

435 808 670 880 ϐεϐηκὸς
694 850 710 874 ,
752 809 892 881 πλὴν
943 808 1051 862 τῶν
1097 809 1191 862 ὑπ’
1232 809 1398 863 αὑτοῦ
1445 810 1800 880 ὲκτισμένων.
1834 809 1914 862 Τά
1959 809 2017 862 δὲ

437 899 580 972 μετὰ
625 899 866 972 Πατέρα,
915 899 1010 953 καὶ
1054 900 1203 964 Υἱὸν,
1237 900 1332 954 καὶ
1383 899 1536 969 ἅγιον
1570 899 1795 970 Πνεῦμα
1838 899 2017 953 πάντα

437 992 616 1056 καλῶς
651 991 967 1062 ἐκτισμένα,
1008 991 1103 1045 καὶ
1144 993 1224 1056 είς
1261 991 1518 1048 σύστασιν
1543 993 1633 1048 ὑπ’
1659 990 1824 1046 αὑτοῦ
1849 990 2018 1062 ἀφθό-

440 1102 547 1149 νως
574 1079 635 1138 εὖ
665 1081 1095 1155 προεληλυθότα.

508 1354 582 1409 B'.
623 1352 688 1404 Ei.
719 1350 776 1404 δὲ
809 1351 903 1404 καὶ
934 1349 1095 1404 πάλιν
1126 1348 1244 1422 ὲρεῖ
1286 1349 1316 1403 ὁ
1358 1346 1599 1412 τοιοῦτος
1637 1348 1770 1420 ἡμῖν
1817 1347 2013 1420 προελ-

437 1445 544 1498 οὼν
576 1445 760 1516 ἕτερος
799 1443 942 1512 ὄφις,
979 1444 1062 1496 ὅτι
1106 1442 1176 1495 τὰ
1209 1442 1306 1512 μὲν
1338 1440 1486 1506 δεξιὰ
1529 1440 1624 1494 καλ⁸
1664 1438 1920 1510 εὐώνυμα
1954 1441 2018 1493 ἐκ

435 1535 528 1590 τοῦ
563 1535 680 1598 ἑνὸς
707 1534 964 1606 ὑπάρχει,
996 1532 1156 1596 αὑτὸς
1185 1533 1242 1585 δὲ
1274 1529 1599 1602 μεσαίτατός
1621 1530 1757 1592 ἐστι,
1782 1529 1876 1583 καὶ
1899 1530 2020 1582 ἐαυ-

436 1631 514 1701 τῷ
549 1631 647 1703 μὲν
678 1629 1013 1701 προσάγεται
1042 1627 1110 1680 τὰ
1145 1624 1315 1690 δεξιὰ,
1344 1624 1438 1678 καὶ
1463 1624 1642 1696 χαίρει
1679 1622 1910 1686 τούτοις,
1933 1622 2019 1675 δε-

437 1720 528 1788 ξιά
557 1721 614 1775 δὲ
648 1720 803 1774 καλεῖ
843 1717 938 1772 καὶ
971 1717 1117 1788 φῶς·
1147 1716 1216 1770 τὰ
1249 1715 1306 1769 δὲ
1347 1714 1602 1786 εὐώνυμα
1647 1715 1722 1779 ὡς
1765 1714 2018 1785 ἀλλότρια

2117 540 2481 602 praeterquam
2517 545 2637 600 quae
2667 531 2736 585 ab
2759 545 2826 585 eo
2865 531 3084 586 condita
3111 541 3268 599 sunt;
3310 533 3524 603 eritque
3554 534 3698 588 veri-

2117 624 2248 678 tatis
2305 623 2495 695 gnaris
2549 621 2696 676 haud
2754 622 3073 690 obscurum,
3109 639 3276 678 unum
3339 623 3508 679 Deum
3553 639 3698 689 esse,

2116 713 2359 780 Patrem,
2393 713 2596 769 Filium
2629 723 2684 770 et
2715 713 2987 786 Spiritum
3019 725 3293 770 sanctum.
3319 715 3440 770 Jam
3474 716 3522 771 si
3555 733 3697 773 unus

2118 804 2263 861 Deus
2284 813 2390 870 est,
2415 821 2445 860 a
2477 821 2587 876 quo
2613 816 2741 861 sunt
2766 807 2984 862 omnia:
3017 807 3149 862 nihil
3176 820 3355 878 neque
3389 809 3694 874 sinistrum,

2118 911 2296 966 neque
2329 897 2436 950 alia
2469 898 2682 952 ratione
2704 897 2966 953 deﬁciens
2995 898 3158 952 inerit
3191 899 3318 969 ipsi,
3343 916 3520 970 neque
3559 901 3696 956 infe-

2117 989 2235 1044 rius
2286 998 2482 1059 praater
2525 991 2618 1044 illa
2657 1005 2778 1059 quae
2819 991 3148 1061 procreavit.
3196 993 3403 1047 Cretera
3438 1003 3561 1062 post
3605 993 3706 1046 Pa-

2118 1089 2258 1136 trem
2294 1081 2532 1148 Filium,
2583 1081 2960 1154 Spiritumque
3011 1092 3264 1140 sanctum
3315 1087 3578 1156 prazclare
3631 1085 3700 1139 ab

2117 1185 2183 1226 eo
2219 1171 2487 1240 producta
2525 1180 2676 1239 sunt,
2711 1188 2774 1228 ac
2820 1175 2961 1229 citra
2989 1176 3154 1230 ullam
3185 1175 3446 1231 invidiam
3483 1177 3700 1248 egregie

2117 1261 2442 1318 constituta.

2189 1352 2255 1406 ll.
2284 1352 2439 1418 Quod
2467 1352 2514 1408 si
2541 1353 2811 1422 ejusmodi
2834 1355 3054 1425 quidam
3086 1355 3246 1411 nobis
3269 1372 3299 1412 e
3318 1357 3542 1412 latebris
3566 1356 3701 1411 edu-

2117 1455 2240 1500 ctus
2272 1461 2498 1516 serpens
2527 1447 2767 1518 objiciat,
2801 1449 2869 1502 ab
2899 1464 3007 1504 uno
3036 1464 3160 1504 esse
3187 1451 3376 1505 dextra
3410 1449 3614 1520 pariter
3645 1456 3700 1503 et

2119 1536 2367 1604 sinistra,
2397 1539 2540 1607 quod
2579 1539 2756 1609 ipsum
2787 1540 2844 1594 in
2879 1557 3068 1595 eorum
3100 1543 3280 1597 medio
3314 1551 3583 1608 versetur,
3618 1543 3696 1597 si.

2120 1623 2286 1694 hique
2315 1641 2436 1696 quae
2487 1627 2679 1682 dextra
2725 1637 2853 1683 sunt
2895 1631 3163 1695 asciscat,
3225 1631 3401 1701 iisque
3443 1634 3700 1702 gaudeat,

2118 1724 2173 1771 et
2210 1717 2398 1771 eadem
2440 1716 2758 1774 dextrorum
2804 1733 2868 1773 ac
2902 1720 3124 1775 luminis
3165 1722 3398 1791 appellet
3444 1722 3699 1784 nomine,

436 1810 630 1872 αὑτοῦ,
657 1810 752 1865 καὶ
784 1811 878 1863 ἐπὶ
903 1807 1167 1880 ἀριστερὰ
1191 1806 1418 1876 κείμενα
1449 1805 1751 1859 ἀπωθεῖται
1773 1820 1786 1833 ·
1813 1804 2017 1874 λεγέτω

2121 1816 2312 1862 contra
2345 1823 2476 1862 vero
2508 1808 2732 1864 sinistra
2759 1818 3018 1880 tanquam
3051 1825 3082 1864 a
3123 1826 3181 1866 se
3212 1812 3409 1876 aliena,
3449 1819 3502 1865 et
3531 1811 3583 1863 in
3613 1811 3701 1864 I33-

440 1919 530 1972 μοι
558 1901 720 1956 πόθεν
753 1899 1018 1972 λαμϐάνει
1045 1898 1248 1969 ταύτην
1275 1897 1373 1968 τὴν
1400 1897 1766 1968 γεωμετρίαν,
1798 1896 1886 1950 ἵνα
1913 1913 2014 1949 κα-

437 1993 544 2058 λῶς
591 1991 828 2064 ῥυθμίσῃ
873 1990 1246 2062 ἀμετάστατον
1274 1978 1452 2054 δεξιάν
1483 2005 1542 2041 τε
1573 1988 1666 2041 καὶ
1711 1987 2010 2058 εὐώνυμον.

438 2089 575 2160 Παρ’
590 2089 724 2158 ἡμῖν
745 2087 853 2157 γὰρ
872 2085 1024 2151 δεξιὰ
1043 2083 1266 2147 εἰκότως
1291 2082 1634 2153 ὀνομάζεται,
1661 2083 1778 2154 ἦτοι
1800 2083 2016 2153 ἀριστε-

439 2180 530 2247 ρά,
569 2179 678 2233 ἀπὸ
717 2178 827 2231 τῶν
855 2179 912 2232 ὲν
945 2175 1022 2248 τῷ
1051 2175 1265 2247 σώματι
1314 2174 1681 2246 πεπηγμένων
1730 2174 1926 2246 μελῶν,
1957 2174 2015 2227 ὲν

433 2266 515 2335 οἷς
543 2269 794 2323 οὐδέποτε
815 2267 1082 2339 ὲναλλαγὴ
1102 2268 1330 2337 γίνεται.
1361 2266 1442 2319 Τά
1463 2267 1521 2320 δὲ
1549 2265 1705 2332 ἐκτὸς
1735 2264 1893 2337 ἡμῶν
1925 2263 2016 2317 δύ-

436 2379 591 2416 ναται
616 2356 756 2414 εἶναι
783 2360 912 2414 ποτὲ
949 2360 1049 2430 μὲν
1094 2358 1261 2425 δεξιά,
1301 2357 1432 2412 ποτὲ
1456 2357 1512 2411 δὲ
1539 2356 1816 2428 εὐώνυμα.
1848 2357 2016 2410 Παντὶ

439 2454 538 2526 μὲν
569 2453 676 2525 γὰρ
700 2452 777 2523 τῷ
801 2453 996 2524 ὁρῶντι
1018 2453 1157 2506 κατὰ
1179 2451 1442 2524 ἀνατολὴν
1469 2452 1641 2515 νότος,
1672 2451 1768 2504 εἴτ’
1791 2446 1884 2504 οὖν
1921 2467 2016 2521 με·

437 2545 707 2618 σημϐρία,
737 2544 890 2610 δεξιά
917 2543 1248 2615 κληθήσεται
1267 2561 1282 2576 ο
1317 2543 1379 2596 τὸ
1405 2542 1576 2613 κλίμα
1598 2542 1654 2596 δὲ
1687 2541 1748 2595 τὸ
1784 2541 2013 2613 βόρειον,

437 2638 554 2709 ἦτοι
585 2635 850 2709 άρκτῷον,
882 2635 1187 2707 ἀριστερόν.
1225 2635 1299 2688 Τὸ
1324 2635 1380 2688 δὲ
1409 2633 1796 2694 ἀνάπαλινὲπὶ
1835 2634 1904 2686 τά
1926 2632 2018 2685 δυ-

436 2727 564 2786 τικά
598 2727 736 2799 μέρη
765 2727 1200 2800 άναστραφέντος
1225 2725 1515 2798 ἀνθρώπου
1535 2725 1699 2790 τινὸς,
1727 2723 2017 2797 εὑρεθήσε-

437 2835 526 2872 ται
557 2815 915 2888 ὲτερωνύμως
940 2818 1006 2871 τὰ
1035 2816 1292 2888 κλίματα,
1324 2816 1461 2887 ὅπερ
1498 2816 1612 2888 ,πρὸ
1655 2815 1802 2888 ὥρας
1845 2813 2017 2879 δεξιὸν

439 2910 668 2981 ὑπῆρχε,
693 2910 867 2964 νότιόν
913 2925 974 2962 τε
1025 2907 1413 2980 μεσημϐρινὸν,
1444 2909 1524 2972 εἰς
1572 2907 1836 2979 ἀριστερὰ
1863 2903 2018 2970 αὖθις

441 3001 906 3072 μεταϐαλλόμενον
929 3019 940 3032 ·
973 3001 1067 3054 καὶ
1109 2999 1169 3053 τὸ
1203 2999 1283 3063 εἰς
1316 2998 1580 3072 ἀριστερά
1616 2998 1711 3053 τοῦ
1753 3016 1896 3064 τινος
1924 3018 2018 3054 κε.

439 3092 694 3164 κλιμένον
742 3091 1052 3165 ἀνθρώπου,
1081 3093 1177 3146 εἰτ’
1206 3087 1299 3146 οῦν
1349 3090 1619 3164 ἅρκτῷον,
1665 3091 1762 3144 εἴτ’
1797 3087 1891 3146 οὖν
1924 3091 2016 3162 βό-

2117 1916 2182 1955 va
2201 1907 2351 1969 parte
2371 1899 2636 1955 collocata
2666 1899 2928 1970 repudiet;
2950 1901 3117 1964 dicat,
3146 1917 3352 1970 quaso,
3381 1903 3524 1956 unde
3551 1903 3700 1956 illam

2117 1991 2467 2062 geometriam
2493 1991 2761 2055 hauserit,
2789 2000 2847 2046 ut
2875 1991 3122 2046 dextram
3163 1993 3553 2064 sinistramque
3583 1996 3702 2050 sine

2116 2084 2226 2137 ulla
2261 2084 2562 2138 mutatione
2591 2091 2933 2138 constantem
2953 2084 3240 2140 commode
3261 2085 3532 2140 metiatur.
3565 2086 3701 2142 Nam

2117 2174 2260 2244 apud
2310 2191 2412 2230 nos
2463 2175 2653 2230 dextra
2710 2176 3006 2232 sinistrave
3068 2180 3428 2247 quorumdam
3487 2181 3702 2236 ratione

2115 2266 2509 2331 membrorum,
2543 2281 2665 2337 qua
2698 2267 2805 2320 fixa
2843 2276 2993 2332 sunt,
3035 2270 3230 2324 merito
3264 2279 3547 2338 vocantur,
3579 2287 3701 2342 qua:

2116 2358 2414 2426 permutari
2449 2357 2680 2412 invicem
2733 2369 3032 2428 nequeunt.
3076 2358 3208 2425 Quae
3239 2377 3371 2417 vero
3405 2372 3558 2417 extra
3598 2381 3702 2420 nos

2117 2455 2268 2518 sunt,
2300 2450 2437 2505 alias
2469 2449 2660 2504 dextra
2693 2449 2860 2515 fiunt,
2905 2452 3040 2506 alias
3081 2452 3326 2508 sinistra.
3360 2455 3570 2508 Etenim
3597 2458 3700 2525 qui

2117 2555 2176 2596 se
2198 2541 2264 2594 ad
2297 2541 2566 2596 orientem
2595 2542 2914 2606 obverterit,
2946 2542 3036 2597 hic
3055 2544 3122 2598 ad
3144 2543 3424 2599 dexteram
3453 2557 3700 2602 austrum

2115 2631 2230 2688 sive
2255 2634 2537 2688 meridiem
2571 2633 2813 2699 habebit,
2853 2636 3256 2705 septentriones
3291 2636 3358 2691 ad
3391 2639 3692 2695 sinistram.

2119 2722 2214 2779 Sin
2245 2725 2586 2782 occidentem
2625 2742 2820 2782 versus
2849 2742 2970 2784 sese
3019 2731 3368 2796 converterit,
3397 2731 3586 2786 mundi
3623 2734 3700 2787 illi

2116 2815 2372 2872 cardines
2431 2815 2668 2873 diversis
2723 2818 3042 2874 nominibus
3092 2818 3428 2886 adicientur;
3474 2838 3701 2894 quaeque

2116 2907 2278 2978 paulo
2299 2915 2426 2963 ante
2452 2907 2644 2962 dextra
2669 2907 2847 2963 fuerat
2871 2908 3145 2976 meridies,
3178 2909 3233 2964 in
3268 2913 3548 2967 sinistram
3575 2928 3700 2967 mu-

2116 2999 2370 3054 tabitur:
2412 3014 2533 3070 quae
2585 3000 2652 3054 ad
2697 2999 2976 3056 sinistram
3023 3017 3246 3074 vergere
3279 3002 3565 3059 dicebatur
3596 3005 3701 3060 ho-

2120 3089 2285 3146 minis
2321 3089 2658 3159 aquilenaris
2685 3090 2858 3162 regio,
2895 3091 2960 3146 ad
3000 3091 3280 3147 dexteram
3310 3108 3434 3149 esse
3465 3094 3699 3153 dicetur.

441 3201 584 3254 pstov
631 3184 822 3256 κλίμα,
855 3186 936 3249 είς
966 3184 1146 3252 δεξιάν
1179 3182 1345 3236 αὑτοῦ
1377 3181 1864 3254 μεταϐαλλόμενον.
1904 3182 2015 3237 Ποῦ

2122 3181 2352 3237 Ubinam
2391 3197 2523 3252 ergo
2559 3191 2834 3238 veterator
2860 3185 2962 3240 iste
2990 3200 3145 3240 suam
3190 3187 3337 3241 illam
3371 3187 3700 3246 modulanda

437 3273 616 3332 τοίνυν
637 3278 666 3329 ό
686 3273 940 3330 ἀπατεὼν
969 3275 1196 3346 ἐφεῦρεν
1231 3273 1408 3345 ἑαυτῷ
1441 3273 1538 3345 τὴν
1562 3274 1704 3328 κατὰ
1728 3274 1862 3329 Θεὸν
1883 3292 2021 3343 γεω-

441 3370 708 3443 μετρίαν;
741 3369 852 3423 Καὶ
896 3368 942 3422 ὣ
984 3369 1083 3440 τῆς
1126 3367 1380 3438 τοιαύτης
1427 3368 1630 3439 πολλῆς
1677 3367 2017 3441 ληρολογίας,

440 3464 540 3534 τῆς
561 3462 630 3516 τὰ
657 3462 834 3516 πάντα
875 3460 1237 3532 συγχεούσηςι
1272 3462 1473 3516 Φάσκει
1511 3460 1566 3514 δὲ
1599 3459 1738 3531 μετὰ
1773 3460 1836 3513 τὸ
1865 3459 2023 3514 ὑστέ-

445 3569 598 3625 ρημα
621 3551 733 3624 (85)
763 3551 858 3604 τοῦ
889 3553 1179 3623 τριάκοντα
1200 3557 1216 3586 ⁸
1249 3553 1453 3619 Αἱῶνος
1479 3553 1826 3626 γεγενῆσθαι.
1847 3554 2020 3608 Πόθεν

441 3647 551 3721 ἄρα
575 3649 675 3719 τὴν
701 3647 795 3701 τοῦ
821 3649 1196 3720 ὑστερήματος
1223 3649 1383 3720 φύσιν
1403 3650 1754 3721 κατείληφας,
1776 3644 1822 3703 ὧ
1841 3643 2018 3713 οὗτος,

440 3741 476 3812 ἢ
507 3741 824 3794 ἀποστᾶσαν
845 3739 1092 3812 δύναμιν,
1111 3741 1272 3810 λέγες
1295 3743 1357 3796 Εἰ
1382 3741 1481 3813 μὲν
1507 3741 1618 3814 γὰρ
1642 3733 1801 3811 εὑρες
1814 3740 2019 3811 ταύτην

443 3830 552 3885 ἀπὸ
585 3829 964 3901 βλαστήματος
994 3827 1104 3882 τῶν
1130 3829 1262 3894 ἄνω,
1287 3830 1348 3883 οὑ
1381 3829 1626 3899 κτιστὴν,
1658 3827 1793 3881 ἀλλὰ
1827 3844 2019 3898 γεννη-

441 3922 563 3992 τὴν,
597 3920 783 3992 ἐπειδὴ
809 3921 890 3973 σοί
921 3937 982 3972 τε
1011 3920 1105 3974 καὶ
1123 3920 1202 3991 τῷ
1228 3937 1324 3973 σου
1357 3920 1622 3994 ἐπιστάτῃ
1645 3919 1744 3972 οὑκ
1767 3917 2020 3989 ἐκτισμέ-

441 4031 509 4067 να
534 4013 603 4067 τά
629 4014 822 4068 κτιστά
852 4013 1116 4085 ὁρίζεται,
1141 4011 1277 4066 ἀλλὰ
1303 4011 1565 4083 γεννητά·
1597 4012 1693 4066 καὶ
1737 4011 1844 4065 ἀπὸ
1887 4028 2019 4082 μετ-

441 4103 626 4168 ουσίας
659 4105 896 4176 ἑκάστης
938 4103 1152 4174 φύσεως
1197 4106 1325 4178 παρ’
1355 4105 1592 4174 ἑκάστης
1640 4102 1908 4174 λαϐούσης
1951 4103 2020 4158 τά

387 4264 402 4267 η
442 4188 598 4256 αὖθις
639 4193 953 4264 γεννώμενα
996 4191 1441 4265 άναφῦναι.¹¹Αρα
1472 4209 1536 4261 γε
1569 4191 1712 4246 κατὰ
1737 4194 1826 4245 τὸν
1854 4192 2019 4246 αὑτοῦ

444 4283 600 4352 λόγον
629 4284 771 4338 κατὰ
800 4283 1000 4338 σαυτοῦ
1026 4283 1243 4357 ὁπλίζῃ.
1279 4285 1344 4337 Et
1375 4284 1482 4356 γάρ
1507 4283 1618 4338 ἀπὸ
1641 4282 1750 4338 τῶν
1779 4283 1891 4338 ἄνω
1923 4284 2020 4338 καὶ

441 4376 477 4444 ἡ
512 4375 713 4447 ὑστέρα
754 4375 1002 4446 δύναμις,
1048 4375 1144 4428 καὶ
1172 4377 1207 4446 ἡ
1239 4374 1546 4428 ἀποστασία
1573 4372 1883 4445 γεγένηται,
1917 4373 2018 4443 ἔφυ

441 4467 521 4530 δὲ,
552 4468 628 4529 ὡς
653 4469 849 4531 εἰπεῖν,
877 4467 972 4521 καὶ
1015 4465 1344 4538 ὲϐλάστησε’
1376 4466 1592 4537 μετέχει
1633 4465 1740 4538 ἄρα
1767 4466 1878 4520 τῶν
1905 4467 2017 4522 ἄνω

441 4558 825 4630 χαρισμάτωνσ
872 4558 1057 4630 ἐπειδὴ
1099 4559 1440 4611 ἐπικοινωνεῖ
1480 4557 1558 4630 τῷ
1605 4558 1941 4630 Πληρώματι
1982 4560 2018 4630 ἡ

444 4645 665 4717 ὑστέρα,
693 4646 786 4699 καὶ
811 4645 873 4699 τὸ
898 4645 1180 4719 Πλήρωμα
1204 4649 1270 4719 τῇ
1297 4645 1526 4718 ὑστέρᾳ·
1557 4649 1652 4701 καὶ
1671 4648 1824 4704 οὐδὲν
1847 4666 2019 4720 προσ-

443 4737 795 4807 ενεχθήσεται
823 4736 979 4792 τοῦτο
1011 4739 1149 4810 πρὸς
1177 4739 1371 4804 ἐκεῖνο,
1400 4737 1524 4792 οὑτε
1543 4741 1717 4795 ἐκεῖνο
1745 4739 1880 4812 πρὸς
1899 4738 2019 4794 τοῦ·

443 4845 525 4894 το,
553 4828 828 4900 ἑκατέρων
860 4829 1000 4883 κατὰ
1045 4829 1116 4883 τά
1153 4830 1400 4902 τέρματα
1439 4830 1690 4902 ἀλλήλοις
1735 4831 2022 4885 ἐπικοινω-

440 4917 698 4974 νοὺντων.
725 4920 836 4973 Καὶ
886 4922 950 4974 ὲκ
1000 4921 1202 4986 παντὸς
1231 4922 1391 4990 λόγου
1419 4923 1775 4996 διελεγχθήσῃ
1802 4922 1865 4990 ἐξ
1894 4925 2019 4978 ἐπι-

446 5013 654 5082 σπορᾶς
680 5012 932 5089 δαίμονος
954 5011 1090 5082 ἔχων
1109 5014 1208 5085 τὴν
1236 5014 1334 5086 τῆς
1363 5014 1570 5088 πλάνης
1598 5032 1691 5069 σου
1725 5015 2018 5089 κόσμησιν,

444 5099 666 5154 πάντων
696 5100 944 5156 ἐλεεινῶν
973 5101 1330 5157 ὲλεεινὰτατει

517 5277 592 5331 1".
629 5277 748 5332 Ἵνα
779 5277 836 5332 δὲ
873 5277 947 5349 μὴ
981 5277 1401 5350 παραλείψωμαί
1424 5296 1477 5332 τι
1499 5278 1607 5332 τῶν
1632 5278 1782 5352 παρά
1807 5296 1914 5333 τισι
1932 5296 2018 5350 γιο

445 5369 686 5440 νομένων
708 5386 768 5422 τε
801 5369 896 5422 καὶ
921 5369 1250 5441 λεγομένων,
1283 5368 1385 5424 κάν
1413 5386 1473 5423 τε
1510 5371 1568 5424 ὲν
1599 5370 1804 5444 ἑκάστῃ
1833 5371 2019 5426 πολλοὶ

518 5523 536 5554 ⁸
567 5521 691 5578 For.
720 5523 899 5590 τοῦτο,
934 5531 988 5579 ct
1023 5543 1038 5581 :
1064 5523 1158 5578 τοῦ
1179 5525 1242 5580 ἐκ
1263 5524 1373 5578 τῶν
1403 5542 1585 5597 τριακ.

2121 3272 2232 3330 Deo
2282 3275 2636 3345 geometriam
2687 3276 2930 3346 reperit?
2963 3275 3007 3331 0
3042 3278 3416 3335 incredibilem
3473 3279 3702 3338 futilita-

2120 3373 2252 3429 tem,
2272 3375 2435 3438 atque
2453 3368 2706 3423 universa
2733 3369 3052 3425 miscentem
3074 3371 3087 3424 ι
3116 3369 3271 3436 Quod
3296 3389 3422 3428 vero
3445 3383 3568 3444 post
3597 3379 3701 3431 tri-

2120 3460 2270 3530 ginta
2293 3459 2417 3515 illos
2442 3459 2645 3516 {Bonas
2665 3460 2936 3516 defectum
2957 3463 3233 3519 exstitisse
3251 3473 3458 3533 narrat,
3486 3467 3616 3522 libet
3635 3469 3702 3525 de

2120 3565 2188 3606 eo
2215 3552 2484 3608 sciscitari
2513 3568 2526 3604 :
2551 3553 2715 3623 210
2733 3553 2881 3610 Heus
2901 3563 2957 3609 tu
2978 3557 2990 3609 !
3013 3555 3176 3613 Potes
3193 3558 3374 3613 dicere
3393 3560 3536 3616 unde
3552 3561 3702 3618 illius

2121 3638 2368 3696 defectus
2399 3649 2650 3696 naturam
2682 3658 2746 3698 ac
2782 3643 3176 3702 desciscentem
3209 3649 3464 3706 virtutem
3499 3667 3703 3723 cogno-

2119 3731 2301 3787 veris?
2325 3732 2383 3788 Si
2409 3736 2554 3789 enim
2589 3749 2619 3789 a
2651 3737 3024 3806 superioribus
3049 3739 3348 3810 pullulasse
3379 3743 3552 3811 dicas,
3588 3761 3699 3801 non

2119 3832 2380 3893 creatam,
2409 3827 2504 3882 sed
2531 3828 2766 3897 genitam
2803 3847 2819 3885 :
2851 3844 2996 3896 cum,
3029 3845 3096 3886 ex
3118 3839 3212 3886 tua
3238 3848 3304 3887 ae
3339 3836 3586 3906 magistri
3618 3837 3699 3892 tui

2121 3917 2391 3972 sententia
2417 3960 2433 3985 ,
2469 3933 2590 3988 quae
2633 3919 2854 3974 condita
2896 3928 3046 3987 sunt,
3087 3939 3196 3978 non
3227 3932 3411 3980 creata
3458 3925 3696 3994 fuerint,

2121 4010 2218 4067 sed
2258 4011 2438 4080 genita
2485 4029 2498 4066 :
2536 4025 2600 4066 ac
2651 4012 2858 4082 quaevis
2903 4020 3098 4069 natura
3141 4017 3374 4087 quadam
3422 4019 3489 4074 ab
3527 4021 3696 4078 altera

2121 4101 2618 4158 communicatione
2667 4102 3008 4160 transfusum
3061 4106 3112 4162 id
3161 4109 3306 4178 quod
3339 4110 3499 4166 habet
3537 4127 3698 4169 acce-

2119 4193 2284 4262 perit,
2328 4202 2490 4264 atque
2545 4193 2601 4249 in
2649 4194 2823 4250 lucem
2857 4196 3157 4266 prodierit;
3199 4199 3311 4270 jam
3342 4202 3458 4273 ipse
3485 4205 3697 4261 confes-

2121 4283 2278 4340 sione
2316 4292 2410 4339 tua
2459 4284 2707 4342 induaris
2736 4295 2974 4356 oportet.
3014 4287 3226 4345 Etenim
3256 4293 3300 4346 si
3335 4308 3365 4346 a
3400 4297 3700 4365 superiori-

2120 4374 2224 4430 bus
2254 4374 2523 4445 posterior
2554 4375 2645 4429 illa
2673 4376 2847 4432 virtus
2869 4391 2934 4430 ac
2962 4376 3214 4434 defectus
3241 4381 3530 4447 exstiterit,
3555 4384 3700 4441 inde-

2121 4477 2247 4534 que,
2281 4473 2339 4518 ut
2369 4464 2444 4520 ita
2483 4464 2698 4534 loquar,
2729 4465 3034 4536 pullularit,
3089 4469 3192 4523 erit
3210 4471 3368 4539 plane
3397 4473 3700 4528 ccelestium

2124 4563 2574 4611 ornamentorum
2606 4556 2911 4627 particeps,
2943 4561 3383 4630 quandoquidem
3415 4579 3703 4622 commune
3772 4572 3788 4632 f

2125 4646 2332 4716 aliquid
2369 4663 2496 4702 cum
2542 4649 2848 4706 Pleromate
2873 4651 3033 4706 habet
3062 4653 3151 4706 illa
3179 4655 3470 4723 posterior,
3499 4667 3701 4712 etcum

2127 4740 2432 4810 posteriore
2475 4739 2770 4808 Pleroma;
2806 4759 2981 4812 neque
3026 4745 3172 4799 aliud
3216 4746 3284 4800 ab
3314 4747 3487 4802 altero
3531 4749 3702 4804 dissi-

2127 4829 2299 4896 dehit,
2330 4845 2452 4885 cum
2485 4841 2715 4901 utraque
2746 4836 3130 4892 communibus
3169 4837 3402 4892 invicem
3451 4840 3703 4896 terminis

2127 4919 2472 4989 copulentur.
2526 4921 2889 4988 Quamobrem
2955 4924 3234 4980 hominum
3288 4926 3699 4986 infelicissimel

2129 5023 2238 5063 non
2265 5009 2486 5064 aliunde
2522 5026 2684 5082 quam
2715 5027 2780 5067 ex
2811 5013 3073 5068 daemonis
3101 5015 3367 5072 instinctu
3413 5027 3586 5074 totam
3633 5021 3703 5074 il—

2127 5099 2236 5155 lam
2283 5115 2533 5156 errorum
2593 5103 2846 5160 hausisse
2892 5112 3226 5162 structuram
3257 5110 3406 5164 οηιηί
3437 5125 3502 5165 ex
3547 5121 3704 5182 parte

2125 5203 2493 5247 convmcerts.

2195 5281 2288 5339 lll.
2344 5283 2449 5340 Sed
2486 5301 2554 5341 ne
2586 5287 2716 5359 quid
2762 5304 2792 5344 a
2832 5291 2992 5347 nobis
3041 5293 3512 5364 przetermittatur,
3555 5297 3697 5365 quod

2128 5388 2159 5430 a
2197 5390 2473 5448 quoquam
2507 5378 2724 5438 dicatur
2753 5391 2849 5438 aut
2880 5383 2992 5455 fiat,
3017 5402 3143 5442 cum
3173 5389 3474 5456 prtesertim
3519 5389 3702 5460 plures

523 5677 1232 5768 pagi!
1254 5679 1590 5768 ὑστέρημαἱ
1641 5679 2048 5768 ξιρεκιοπιηῑῃο,
2090 5687 2286 5761 φάσκει
2324 5690 2381 5746 δὲ
2452 5690 2524 5764 τδ-
2557 5691 2840 5764 ὑστέρημα
2891 5693 3032 5765 μετὰ
3081 5697 3206 5760 τοὺς
3249 5695 3432 5768 τριάκ.
3472 5693 3706 5759 αἰῶνας..

450 5745 773 5805 ﬂanc'enitn
804 5745 1036 5808 Secundi
1068 5750 1240 5808 fuisse
1276 5745 1599 5808 sententiam
1627 5745 1814 5810 doc'uit
1859 5772 1915 5810 n.
1960 5757 2014 5810 1.
