4004 6158
322 278 430 352 im

1726 295 1781 350 S.
1825 295 2167 351 ΕῙῚΡΗᾹΝΙΙ

3491 294 3596 346 548

329 413 444 468 sint
473 411 526 468 in
559 410 745 468 eadem
780 419 928 469 secta
968 413 1271 486 principes,
1297 413 1389 485 qui
1416 414 1652 472 diversis
1682 417 1908 472 concin-

2025 411 2124 468 εἶεν
2148 417 2194 469 oi
2215 415 2453 488 ἕξαρχοι,
2480 416 2573 469 καὶ
2595 414 2885 486 αὐχοῦντες
2912 415 3073 486 ἔτερα
3096 411 3209 467 ἀνθ’
3231 397 3433 483 ἐτέρων
3455 411 3596 482 ὑπὲρ

329 506 526 559 nandis
567 503 765 558 fabulis
789 506 1076 575 magistros
1105 507 1268 560 etiam
1315 506 1464 576 ipsos
1508 522 1768 577 superare
1792 523 1912 565 sese

328 594 654 663 gloriantur,
691 596 819 650 volo
851 597 904 651 in
946 597 1014 652 iis
1051 600 1572 665 commemorandis,
1614 601 1706 670 qui
1737 601 1791 654 in
1821 616 1913 656 ea-

328 686 452 740 dem
495 687 684 742 haercsi
731 698 892 753 sunt,
943 690 1037 746 sed
1089 691 1194 744 alia
1224 693 1473 761 quaedam
1506 692 1730 763 insuper
1762 709 1913 749 asse-

331 789 476 843 runt,
513 780 791 850 paulisper
824 782 1128 837 immorari.
1170 782 1510 856 Epiphanem
1557 797 1718 856 atque
1741 785 1914 843 lsido-

329 885 449 922 rmn
475 871 720 942 intelligo
757 890 769 926 :
811 873 905 942 qui
929 874 1374 930 cohortationum
1410 891 1476 929 ac
1505 883 1908 945 praeceptorum

332 962 515 1029 specie
545 963 596 1015 in
633 963 1042 1032 profundiorem
1073 982 1193 1023 sese
1227 967 1566 1023 infelicitatis
1597 968 1908 1038 voraginem

333 1053 622 1108 immersit.
651 1056 716 1109 Et
751 1071 876 1110 cum
904 1073 936 1110 a
964 1057 1297 1128 Carpocrate
1325 1068 1550 1128 parente
1585 1075 1686 1115 suo
1726 1074 1912 1114 revera

333 1141 456 1197 falsi
491 1144 761 1214 dogmatis
792 1146 1008 1200 initium
1040 1149 1336 1218 acceperit,
1369 1150 1434 1204 ad
1461 1148 1699 1206 Secundi
1730 1158 1912 1205 tamen

331 1235 621 1303 opiniones
679 1237 938 1302 adhmsit,
996 1248 1048 1293 et
1087 1241 1156 1293 ad
1208 1239 1588 1297 Secundianos
1639 1241 1914 1312 ascriptus

331 1335 434 1380 est.
471 1325 526 1379 In
555 1328 745 1397 primis
774 1330 918 1383 enim
948 1345 1143 1401 magna
1174 1338 1258 1386 est
1279 1332 1652 1387 aberrantium
1687 1332 1912 1388 istorum

331 1416 613 1470 hominum
644 1433 674 1470 a
712 1434 770 1473 se
803 1419 1031 1475 invicem
1062 1421 1360 1489 dissensio,
1393 1431 1448 1478 et
1474 1423 1809 1479 inanissima:
1844 1423 1916 1476 lo-

328 1508 628 1577 quacitatis
669 1508 949 1564 incondita
988 1512 1235 1581 quaedam
1279 1528 1342 1567 ac
1377 1514 1696 1582 perturbata
1736 1514 1917 1568 varie-

2015 509 2138 572 τοὺς
2158 507 2336 561 αὐτῶν
2355 507 2706 570 διδασκάλους
2734 508 3164 578 μυθοποιεῖσθαι,
3187 507 3266 558 ἔτι
3287 505 3562 574 ἐπιμένων
3579 507 3593 535 ¹

2015 597 2394 670 ὑφηγούμενος
2427 599 2553 662 τοὺς
2585 599 2643 650 ὲν
2669 599 2806 668 αύτῇ
2863 600 2929 668 τῇ
2983 596 3193 667 αἱρέσει
3223 596 3401 658 ὖντας,
3431 595 3597 665 ἕτερα

2013 689 2070 742 δὲ
2116 689 2267 762 παρὰ
2308 691 2511 743 τούτων
2540 690 2815 759 λέγοντας,
2846 689 2990 758 φημὶ
3018 687 3075 740 δὲ
3119 688 3245 758 περὶ
3270 686 3596 754 Ἐπιφάνους

2013 780 2107 835 τοῦ
2137 780 2408 852 Ίσιδώρου
2440 785 2503 834 ἐκ
2538 782 2864 852 προφάσεως
2893 779 3292 852 παραινετικῶν
3335 778 3598 849 ῥημάτων

2013 873 2203 927 ἑαυτὸν
2235 873 2314 927 ἔτι
2335 876 2414 936 είς
2436 879 2822 944 περισσότερον
2848 870 3008 942 βυθὸν
3049 869 3421 940 ταλαιπωρίας
3461 886 3594 922 κατ-

2013 967 2330 1034 αγαγόντος.
2367 965 2590 1032 Τάλτ.θῆ
2625 965 2724 1032 μὲν
2767 961 2882 1030 οὖν,
2905 965 3012 1018 ἀπὸ
3039 963 3473 1038 Καρποκράτους
3499 960 3596 1013 τοῦ

2017 1059 2148 1112 ίδίου
2193 1059 2399 1130 πατρὸς
2439 1059 2580 1113 κατὰ
2623 1065 2798 1130 σάρδια
2833 1060 3116 1130 εἰληφότος
3144 1056 3242 1120 τὰς
3272 1057 3596 1128 προφάσεις,

2018 1150 2365 1220 συνημμένου
2399 1151 2456 1203 δὲ
2481 1153 2547 1221 τῇ
2578 1151 2786 1217 αἱρέσει
2815 1149 2909 1203 τού
2939 1149 3336 1221 προειρημένου
3365 1147 3599 1199 Σεκούν-

2013 1237 2125 1302 δου,
2162 1239 2256 1292 καὶ
2287 1239 2452 1293 αὑτοῦ
2481 1239 2587 1292 τῶν
2613 1239 3009 1292 Σεκουνδιανῶν
3038 1239 3391 1309 ὑπάρχοντος.
3420 1236 3599 1307 Πολλὴ

2015 1331 2124 1401 γὰρ
2153 1327 2386 1384 ἑκάστου
2411 1330 2518 1384 τῶν
2547 1330 2979 1402 πεπλανημένων
3003 1333 3135 1401 πρὸς
3160 1331 3251 1384 τὸν
3275 1329 3362 1381 ἓτε
3373 1345 3460 1398 ρον
3480 1329 3599 1381 δια-

2017 1422 2180 1493 φορὰ,
2214 1421 2308 1476 καὶ
2343 1421 2717 1494 συρφετώδης,
2759 1423 2834 1486 ὡς
2875 1425 3068 1483 εἰπεῖν,
3101 1420 3394 1490 πολυμιξία
3439 1435 3600 1472 κενο-

2019 1513 2243 1584 φωνίας.
2279 1507 2444 1577 Οὗτος
2491 1515 2599 1585 γὰρ
2625 1517 2654 1568 ὁ
2679 1514 2981 1585 Ἐπιφάνης
3015 1513 3149 1582 (86),
3183 1512 3258 1575 ὡς
3291 1511 3448 1582 ἔφην,
3483 1511 3599 1574 υίὸς

331 1609 448 1678 tas.
477 1599 634 1666 Nam,
660 1609 720 1654 ut
759 1603 828 1656 ab
867 1601 1144 1674 Epiphane
1172 1605 1393 1670 ordiar,
1435 1604 1784 1674 Carpocratis
1815 1605 1916 1660 iste

2025 1605 2093 1658 ὢν
2139 1605 2592 1677 Καρποκράτους,
2650 1606 2856 1676 μητρὸς
2901 1606 2957 1658 δὲ
3002 1603 3411 1674 Ἀλεξανδρείας
3456 1601 3601 1654 οὕτω

331 1692 509 1756 filius,
541 1709 606 1747 ex
645 1693 972 1749 Alexandria
1020 1705 1200 1752 matre
1226 1735 1241 1759 ,
1296 1697 1403 1751 hoc
1433 1697 1578 1751 enim
1629 1697 1680 1752 ei
1716 1711 1912 1752 nomen

2025 1698 2378 1768 καλουμένης,
2418 1695 2648 1759 τούτοις,
2682 1697 2754 1758 ὡς
2789 1699 3068 1768 προεῖπον,
3104 1695 3452 1756 συνάπτεται,
3492 1693 3602 1746 ἀπὸ

331 1785 455 1851 fuit,
484 1787 552 1842 ad
605 1787 749 1854 illos,
784 1789 860 1842 uti
887 1789 1151 1853 diximus,
1194 1797 1537 1860 aggregatur,
1563 1789 1656 1860 qui
1707 1806 1773 1844 ex
1810 1788 1915 1842 Ce-

2025 1789 2395 1860 Κεφαλληνίας
2427 1789 2526 1858 μὲν
2553 1789 2616 1841 τὸ
2647 1789 2780 1857 πρὸς
2805 1789 3010 1856 πατρὸς
3032 1787 3187 1856 γένος
3213 1785 3303 1847 ὢν,
3333 1787 3601 1838 ἑπτακαι-

331 1878 600 1944 phallenia
646 1889 874 1949 paterno
924 1897 1124 1950 genere
1168 1881 1472 1946 oriundus,
1507 1896 1632 1935 cum
1681 1881 1748 1934 ad
1800 1895 1912 1934 xvn

2025 1881 2246 1952 δεκαέτη
2279 1880 2480 1950 βιώσας
2509 1881 2720 1952 χρόνον,
2754 1881 2946 1933 θᾶττον
2971 1880 3062 1932 τὸν
3099 1879 3212 1950 βίον
3239 1877 3600 1948 κατέστρεψε,

329 1968 514 2023 aetatis
545 1985 747 2024 annum
791 1973 1155 2040 pervenisset,
1183 1975 1472 2028 immatura
1503 1983 1678 2030 morte
1716 1989 1917 2044 praere-

2025 1971 2111 2025 τοῦ
2146 1971 2352 2041 Κυρίου
2387 1969 2577 2040 ὥσπερ
2604 1969 2848 2032 ἀκάνθας
2891 1970 3016 2032 τοὺς
3061 1968 3298 2038 φαύλους
3324 1967 3602 2020 ἀπαλλάσ-

336 2069 465 2128 plus
497 2069 602 2116 est.
631 2062 898 2116 Nimirum
929 2064 1235 2119 sceleratos
1260 2065 1506 2121 homines
1529 2065 1671 2122 Deus
1699 2066 1779 2122 sic
1795 2074 1917 2121 tan-

2025 2081 2220 2128 σοντος,
2245 2065 2491 2136 κρεῖττόν
2513 2083 2565 2117 τι
2595 2066 2724 2136 περὶ¹
2750 2066 2846 2134 τῆς
2868 2065 3191 2136 οἰκουμένης
3221 2062 3600 2137 προνοοῦντος.

329 2166 493 2219 quam
525 2153 713 2222 spinas
741 2155 971 2219 evulsit,
998 2155 1345 2226 humanoque
1371 2157 1555 2226 generi
1593 2159 1786 2213 melius
1816 2159 1917 2212 ali-

329 2244 457 2312 quid
496 2245 754 2314 providit.
792 2245 922 2300 Post
957 2246 1104 2301 illius
1135 2247 1343 2300 obitum
1379 2246 1446 2302 iis
1483 2248 1578 2317 qui
1615 2248 1684 2302 ab
1716 2263 1784 2303 eo
1822 2248 1918 2304 de-

329 2337 470 2406 cepti
507 2336 722 2391 fuerant
753 2337 909 2408 plaga
951 2337 1040 2392 illa
1070 2337 1247 2393 letalis
1285 2338 1536 2393 adhtesit.
1576 2337 1642 2392 Et
1681 2339 1734 2393 in
1777 2339 1916 2394 hanc

333 2445 504 2501 usque
517 2430 661 2483 diem
681 2430 734 2483 in
757 2431 934 2485 insula
955 2429 1119 2484 Samo
1137 2430 1334 2484 divinis
1352 2429 1651 2485 honoribus
1664 2430 1914 2486 aﬂieitur.

331 2518 468 2574 Nam
506 2521 701 2575 incolae
741 2521 999 2590 templum
1031 2521 1081 2575 ei
1114 2520 1516 2585 condiderunt,
1551 2521 1708 2589 211
1747 2529 1801 2575 et
1836 2521 1919 2575 in-

331 2623 495 2669 eunte
523 2629 711 2670 mense
747 2628 904 2668 sacra
932 2612 1178 2682 quaedam
1205 2626 1268 2666 ac
1290 2614 1647 2668 caeremonias
1669 2613 1873 2668 obeunt
1901 2629 1915 2665 :

333 2719 433 2758 nec
467 2719 578 2758 non
614 2711 759 2758 artes
789 2710 841 2757 et
872 2717 1122 2757 muscum
1159 2701 1227 2755 ad
1268 2702 1580 2756 detestandi
1629 2702 1778 2757 illius
1827 2717 1922 2755 no.

333 2796 500 2851 minis
542 2796 862 2852 memoriam
907 2802 1345 2860 consecrarunt;
1381 2794 1682 2865 Epiphanis
1719 2794 1921 2865 quippe

334 2887 579 2942 Museum
621 2886 919 2956 appellant.
951 2885 1318 2955 Cephallenii,
1349 2883 1594 2953 inquam,
1625 2899 1690 2938 eo
1731 2898 1923 2937 vecor-

333 2979 435 3033 dia:
461 2977 737 3048 progressi
767 2986 916 3042 sunt,
955 2983 1016 3030 ut
1043 2984 1099 3030 et
1143 2976 1191 3031 ei
1223 2975 1494 3030 sacrificia
1527 2988 1591 3027 ac
1630 2974 1917 3028 libationes

333 3065 583 3127 offerant,
620 3073 676 3120 et
735 3065 793 3120 in
861 3064 988 3121 fano
1050 3064 1196 3121 illius
1252 3064 1470 3133 epulum
1535 3063 1834 3134 praebeant,
1868 3071 1922 3119 et

335 3155 567 3226 hymnos
595 3154 650 3208 in
690 3155 811 3224 ejus
842 3155 1101 3209 honorem
1135 3155 1448 3210 conciliant.
1471 3152 1673 3209 llabuit
1696 3170 1824 3209 vero
1854 3155 1921 3209 ad

336 3247 586 3302 infelices
618 3248 742 3302 illos
766 3246 1154 3316 decipiendos,
1206 3261 1270 3301 ac
1320 3261 1430 3301 non
1483 3245 1648 3300 modo
1692 3245 1760 3300 ad
1799 3259 1919 3301 eam

336 3349 567 3404 sectam,
608 3339 704 3395 sed
751 3346 806 3394 et
840 3339 908 3392 ad
948 3339 1095 3393 aliud
1124 3354 1298 3409 genus
1329 3339 1558 3401 erroris,
1591 3338 1696 3394 hoc
1739 3350 1823 3394 est
1851 3341 1920 3396 si-

337 3434 702 3487 mulacrorum
758 3430 1205 3500 superstitionem
1255 3429 1624 3484 traducendos
1664 3443 1914 3498 magnam

337 3525 646 3579 illecebram
679 3522 949 3594 exquisita
980 3521 1229 3592 quaedam
1277 3521 1518 3578 hominis
1555 3521 1792 3576 eruditio
1814 3563 1829 3587 ,
1863 3530 1917 3576 et

336 3631 461 3670 cum
487 3615 538 3668 in
564 3615 712 3669 omni
743 3613 1100 3667 humanitatis
1128 3627 1348 3683 genere,
1384 3620 1497 3665 tum
1531 3611 1586 3665 in
1622 3610 1917 3668 Platonicis

336 3708 684 3779 dogmatibus
714 3707 959 3777 apprime
1000 3713 1238 3762 versata.
1274 3703 1379 3771 Qui
1418 3704 1638 3774 quidem
1682 3703 1918 3776 Epipha-

2017 2156 2171 2209 Μετὰ
2201 2156 2259 2208 δέ
2288 2157 2385 2228 τὴν
2418 2156 2582 2210 αὐτοῦ
2605 2158 2864 2228 τελευτὴν
2898 2158 2947 2209 οί
2979 2157 3114 2226 πρὸς
3134 2156 3297 2210 αὑτοῦ
3326 2154 3604 2224 πεπλανη-

2023 2249 2174 2319 μένοι
2200 2251 2298 2320 τῆς
2321 2251 2417 2304 ἀπ’
2439 2249 2602 2304 αὐτοῦ
2635 2250 2848 2322 πληγῆς
2871 2251 2969 2303 οὐκ
2991 2250 3307 2320 ἀπέσχοντο.
3327 2247 3414 2300 Ἐν
3437 2248 3604 2316 Σάμῳ

2018 2339 2128 2409 γὰρ
2159 2337 2234 2403 ὡς
2275 2340 2394 2404 θεὸς
2426 2339 2538 2408 (87)
2569 2339 2648 2392 ἔτι
2676 2339 2769 2392 καὶ
2797 2341 2876 2404 είς
2901 2338 3058 2410 δεῦρο
3091 2339 3340 2409 τιμᾶται.
3365 2336 3603 2406 Τέμενος

2017 2431 2126 2501 γὰρ
2154 2429 2302 2497 αὐτῷ
2336 2429 2652 2501 ἱδρύσαντες
2683 2431 2732 2483 οἱ
2764 2429 3068 2501 ἐπιχώριοι,
3099 2429 3288 2492 Θυσίας
3333 2430 3427 2480 καὶ
3454 2428 3608 2480 τελε-

2018 2520 2116 2581 τὰς
2137 2519 2443 2573 ἐπιτελοῦσι
2468 2521 2606 2575 κατὰ
2628 2522 2938 2592 νεομηνίαν,
2966 2521 3182 2592 βωμοὺς
3201 2520 3255 2572 δὲ
3275 2518 3425 2589 αὐτῷ
3447 2519 3604 2590 ἕστη-

2023 2625 2144 2673 σαν,
2171 2610 2264 2662 καὶ
2293 2613 2541 2680 μουσεῖον
2586 2613 2667 2675 εἰς
2703 2613 2874 2682 ὄνομα
2905 2613 3069 2666 αὐτοῦ
3101 2613 3466 2683 περίπτυστον
3509 2611 3604 2664 άν-

2021 2701 2340 2771 εστήσαντο,
2371 2702 2433 2754 τὸ
2477 2703 2540 2773 δὴ
2574 2703 2903 2771 Ἐπιφάνους
2955 2707 3203 2774 μουσεῖον
3246 2702 3604 2773 καλούμενον.

2020 2791 2219 2846 Θύουσι
2250 2794 2362 2864 γὰρ
2393 2793 2540 2865 αύτῷ
2573 2797 2620 2848 οἱ
2651 2795 3004 2866 Κεφαλλῆνες
3045 2798 3124 2860 είς
3155 2795 3423 2867 τοσαύτην
3471 2796 3606 2849 πλάο

2021 2901 2120 2955 νην
2166 2884 2508 2957 ἐληλακότες,
2539 2886 2633 2938 καὶ
2681 2887 2985 2952 σπένδουσι,
3023 2888 3117 2941 καὶ
3150 2890 3205 2940 ὲν
3227 2887 3304 2958 τῷ
3338 2887 3607 2958 ἱδρυμένῳ

2021 2978 2188 3032 αὐτοῦ
2235 2979 2454 3050 τεμένει
2500 2979 2862 3051 εὐωχοῦνταιο
2900 2979 3104 3050 ὕμνους
3127 2980 3182 3034 δέ
3216 2979 3363 3050 αύτῷ
3397 2979 3604 3050 ᾄδουσι.

2027 3070 2104 3122 Δι’
2133 3069 2440 3142 ὑπερϐολὴν
2469 3070 2527 3125 δὲ
2569 3070 2670 3141 τῆς
2713 3071 2921 3124 ἐκείνου
2955 3070 3204 3134 παιδείας
3227 3069 3518 3138 ἐγκυκλίου
3546 3086 3609 3122 τε

2028 3161 2121 3214 καὶ
2149 3162 2498 3233 Πλατωνικῆς
2535 3164 2568 3233 ή
2600 3164 2749 3217 πᾶσα
2781 3163 2893 3226 τοῖς
2926 3162 3350 3235 προειρημένοις
3375 3161 3520 3214 κατά
3548 3178 3607 3213 τε

2025 3251 2126 3323 τὴν
2156 3253 2364 3324 αἵρεσιν
2395 3254 2488 3306 καὶ
2516 3253 2657 3307 κατὰ
2681 3253 2780 3324 τὴν
2819 3254 3011 3324 ἑτέραν
3054 3253 3284 3322 πλάνην,
3325 3251 3469 3318 λέγω
3511 3251 3608 3321 τὴν

2025 3346 2106 3407 εἰς
2137 3344 2526 3415 είδωλομανίαν
2556 3346 2684 3408 τοὺς
2714 3344 3041 3416 ἐπιχωρίους
3067 3344 3362 3416 τρέψασαν,
3385 3342 3607 3411 γέγονεν

2025 3435 2120 3488 ἀπ’
2145 3437 2309 3489 αὑτοῦ
2351 3437 2555 3507 ἀπάτη.
2586 3439 2876 3490 Συνείπετο
2904 3437 3034 3506 γοῦν
3060 3433 3214 3500 οὗτος
3243 3440 3271 3490 ὁ
3303 3436 3608 3506 Ἐπιφάνης

2024 3527 2303 3599 Σεκούνδῳ
2335 3528 2428 3582 καὶ
2461 3531 2571 3592 τοῖς
2600 3530 2736 3600 ἀμφ’
2760 3529 2942 3582 αὐτόν.
2975 3529 3088 3600 Τὴν
3121 3529 3228 3600 γὰρ
3267 3528 3434 3581 αὑτοῦ
3468 3527 3611 3580 [060—

2022 3617 2142 3670 λίαν
2182 3617 2523 3689 ἀπεμάξατο,
2556 3619 2699 3690 λέγω
2721 3620 2822 3691 τὴν
2866 3619 2968 3690 τῆς
3016 3619 3354 3690 ἐρπετὼδους
3401 3617 3611 3687 φθορᾶς

2024 3711 2455 3781 περιττολογίαν.

338 3822 434 3860 nes
459 3805 526 3859 ad
557 3803 867 3858 Secundum
897 3817 957 3858 se
982 3809 1145 3871 atque
1167 3801 1288 3869 ejus
1325 3799 1570 3856 fautores
1628 3801 1956 3872 applicavit;
1989 3803 2251 3878 illiusque
2301 3809 2355 3863 in
2405 3824 2465 3864 se
2504 3808 2679 3874 virus,
2726 3809 2831 3865 hoc
2876 3816 2960 3865 est
3007 3810 3271 3864 imbutam
3342 3813 3608 3862 venenata

335 3895 569 3968 quadam
604 3901 754 3964 peste
783 3892 1168 3962 loquacitatem
1199 3888 1492 3958 expressit.

403 3988 494 4043 1V.
545 3987 814 4045 lsidorum
854 4002 985 4042 vero
1033 3992 1260 4040 narrant
1296 3983 1626 4054 quibusdam
1657 3984 1926 4042 Cohorta-

336 4082 544 4136 tionum
573 4081 728 4136 libris
757 4079 1016 4150 nequitiae
1036 4093 1150 4134 suae
1181 4077 1532 4132 fundamenta
1551 4077 1774 4147 jecisse.
1815 4078 1923 4134 Sed

339 4183 520 4227 utrum
561 4171 752 4226 eadem
796 4171 842 4225 is
882 4185 946 4224 ex
987 4176 1167 4232 secta,
1217 4176 1381 4238 atque
1423 4168 1618 4222 iisdem
1650 4169 1924 4237 opinioni-

339 4264 440 4317 bus
469 4259 766 4324 exstiterit,
797 4275 864 4312 an
897 4273 964 4314 ex
998 4259 1456 4328 philosOphorum
1495 4257 1788 4327 disciplina
1829 4273 1924 4314 co-

338 4349 710 4406 hortationum
743 4345 942 4400 artifex
983 4361 1107 4401 esse
1136 4344 1430 4410 didicerit,
1475 4345 1615 4398 certi
1659 4345 1796 4400 nihil
1825 4361 1922 4401 ex-

341 4442 554 4511 plorare
582 4437 890 4493 docuimus.
939 4434 1229 4505 Utcunque
1261 4453 1320 4491 se
1363 4453 1452 4493 res
1479 4437 1698 4500 habeat,
1731 4437 1785 4490 in
1819 4451 1917 4494 eo-

339 4532 460 4586 dem
501 4545 692 4586 omnes
720 4527 1043 4583 consuendo
1074 4527 1328 4596 dogmate
1357 4536 1673 4583 versantur.

411 4623 467 4677 ln
493 4622 683 4694 primis
721 4619 1032 4690 Epiphanes
1073 4617 1206 4672 illud
1231 4633 1357 4674 cum
1387 4618 1584 4686 Patre,
1617 4619 1919 4690 eodemque

341 4717 566 4772 lztcresis
596 4714 882 4770 conditore
907 4713 1238 4781 Carpocrate
1271 4713 1538 4780 decrevit,
1572 4713 1918 4784 promiscuas

413 4877 427 4906 ¹
453 4870 580 4930 For.
615 4842 879 4945 smitam.
913 4868 1070 4923 Addo
1105 4869 1198 4922 καὶ
1226 4869 1344 4926 τοῦ.

411 5038 521 5105 (86)
565 5032 752 5102 Οὗτος
781 5035 892 5105 γὰρ
926 5036 958 5088 ὁ
991 5032 1336 5105 Ἐπιφάνης.
1365 5031 1441 5087 Ex
1470 5032 1735 5105 Clement.
1759 5029 1917 5088 Alex.

345 5121 401 5160 ιιι
423 5103 634 5160 διιόηι.
675 5103 797 5160 haec
831 5103 1108 5174 descripta
1143 5109 1313 5174 sunt;
1347 5103 1564 5174 tametsi
1598 5103 1668 5156 ab
1693 5112 1920 5174 auctore

345 5176 463 5245 ipso
512 5178 738 5245 diversa
771 5172 1380 5245 quaedam'tradiderit;
1413 5173 1713 5245 Clementis
1743 5172 1916 5245 verba

347 5236 660 5300 necessario
690 5236 1091 5298 hic-attexenda
1124 5250 1253 5297 sunt
1281 5260 1295 5296 :
1321 5241 1626 5310 'Emng’wq;
1658 5236 1832 5305 οὗτος,
1855 5237 1918 5296 οὗ

347 5261 660 5300 necessario
692 5259 778 5298 Ittc
803 5259 1091 5298 attexenaa
1124 5259 1253 5297 sunt
1281 5260 1295 5296 :
1339 5259 1556 5310 tamzpav
1599 5259 1626 5305 ς
1658 5259 1832 5305 ουτος,
1855 5259 1916 5296 ου

342 5316 527 5369 καὶτὰ
559 5315 962 5384 συγγράμματα
988 5312 1290 5384 κομίζεται,
1331 5312 1444 5384 υίὸς
1487 5259 1916 5384 ἧντίςαρποκρά-

345 5381 842 5465 τοοςκκαλιμητρὸς
866 5381 1241 5465 ’ᾼλεξανδρίιας
1265 5381 1621 5465 τούνσμαᾷτὰ
1652 5381 1750 5465 μέν
1783 5381 1919 5465 πρὸς

350 5471 448 5537 παπ
458 5451 1004 5537 ρὸςμςΛλεξανξξρείις,ν
1023 5451 1141 5537 ἀπὸ.
1161 5453 1216 5504 δὲ
1254 5451 1457 5537 μητρὸς
1493 5451 1880 5537 Κεφαλληγεύς
1900 5467 1918 5484 ο

350 5519 506 5592 ἔζησε
546 5526 603 5578 δὲ
649 5524 717 5578 τὰ
760 5519 938 5592 πάντα
977 5519 1075 5592 ἔτη
1122 5519 1508 5592 ἑπτακαίδεκα,
1555 5519 1648 5592 και
1689 5519 1809 5592 θεὸς
1859 5523 1918 5592 ἐν

351 5589 506 5663 Σάμῃ
537 5598 634 5663 τῆς
675 5589 1055 5663 Κεφαλληνίας
1082 5589 1394 5663 τῆτίμηταιο
1425 5591 1552 5644 ἔνθα
1588 5591 1739 5663 αύτῷ
1773 5590 1916 5663 ἱερὸν

351 5650 524 5731 ῥυτῶν
554 5650 736 5731 λίθων,
770 5650 942 5730 βωμοὶ
965 5700 978 5722 ,
1013 5650 1216 5728 τεμένη
1240 5650 1272 5731 ,_'
1299 5663 1544 5728 μουσεῖον
1571 5650 1915 5731 ᾡκοδὸμηίταί

353 5727 407 5786 τε
440 5731 532 5784 καὶ
581 5727 937 5786 καθιέρωται·
983 5727 1090 5782 και
1121 5727 1391 5790 συνιόντες
1437 5731 1516 5790 εἰς
1559 5727 1620 5782 τὸ
1671 5727 1821 5805 ἱερὸν
1863 5731 1912 5783 οί

2097 3987 2171 4039 Δθ.
2213 3985 2486 4056 Ἰσίδωρον
2507 3983 2564 4037 δὲ
2589 3983 2890 4052 φάσκουσιν
2909 3984 3022 4054 (88)
3049 3987 3106 4038 ἐν
3129 3986 3487 4056 παραινέσεσι
3510 3990 3609 4060 τῆς

2026 4075 2193 4129 αὑτοῦ
2233 4073 2532 4146 μοχθηρίας
2561 4072 2730 4127 αἴτιον
2760 4075 3109 4145 γεγενῆσθαι.
3145 4077 3208 4130 Εί
3239 4076 3293 4128 δὲ
3324 4079 3418 4131 καὶ
3447 4079 3609 4143 αὐτὸς

2026 4168 2093 4222 τὰ
2121 4168 2209 4221 ῐσα
2239 4168 2472 4240 φρονῶν,
2509 4169 2603 4221 καὶ
2643 4165 2704 4231 ἐξ
2736 4167 2914 4221 αὐτῶν
2943 4165 3262 4238 ὁρμώμενος
3289 4168 3608 4240 ἐτύγχανεν,

2023 4259 2058 4330 ἧ
2097 4262 2160 4312 ἐκ
2192 4259 2498 4328 φιλοσόφων
2536 4257 2723 4329 μαθὼν
2756 4260 3143 4330 παραινετικός
3174 4277 3257 4322 τις
3308 4261 3401 4312 καὶ
3447 4261 3607 4328 αὐτὸς

2026 4351 2293 4420 ὑπῆρχεν,
2324 4349 2384 4402 οὐ
2429 4348 2574 4401 πάνυ
2607 4347 2794 4416 σαφῶς
2823 4347 2952 4418 περὶ
2979 4348 3074 4401 τοῦ
3105 4347 3376 4420 Ἰσιδὼρου
3407 4351 3610 4417 γνῶναι

2023 4439 2390 4509 ἠδυνήθημεν.
2422 4436 2570 4509 Πλὴν
2613 4432 2756 4491 οὗτοι
2794 4436 2994 4499 πάντες
3032 4436 3320 4490 καττύουσι
3355 4437 3454 4508 τὴν
3487 4439 3608 4511 ἴσην

2025 4531 2428 4600 πραγματείαν.

2097 4621 2318 4693 Πρῶτον
2364 4621 2462 4692 μὲν
2492 4621 2573 4674 ὅτι
2602 4619 2910 4691 ἐνομοθέτει
2931 4619 3093 4682 αὐτὸς
3115 4621 3145 4674 ὁ
3174 4619 3480 4692 Ἐπιφάνης
3515 4623 3611 4676 σὺν

2024 4712 2102 4784 τῷ
2162 4713 2327 4768 αὑτοῦ
2377 4713 2548 4784 πατρί
2593 4728 2656 4766 τε
2701 4713 2795 4766 καὶ
2822 4712 3177 4784 πρωτοστάτῃ
3213 4713 3312 4783 τῆς
3341 4714 3608 4785 αἱρέσεως

2028 5031 2377 5105 Κεφαλλῆνες
2416 5029 2560 5087 κατὰ
2597 5033 2929 5105 νουμηνίαν,
2976 5029 3252 5105 γενέθλιον
3287 5030 3621 5105 μάποθέωσιν

2028 5100 2248 5173 θύουσιν
2273 5100 2594 5173 Ἐπιφάνει,
2646 5100 2929 5173 σπένδουσί
2979 5118 3060 5165 τε,
3089 5100 3475 5173 εὐωχοῦνται,
3522 5101 3627 5154 καὶ

2029 5172 2188 5256 ὕμνοι
2219 5171 2467 5256 λέγονται
2490 5191 2502 5204 ·
2534 5171 2837 5256 ἐπαιδεύθη.
2869 5171 2967 5256 μέν
2986 5172 3153 5256 ’παρὰ
3201 5173 3279 5242 τῷ
3313 5173 3620 5256 πατρὶπτήν

2027 5240 2086 5296 τε
2130 5240 2419 5311 ἐγκύκλιον
2466 5243 2707 5305 παιδίαν,
2751 5240 2846 5294 καὶ
2872 5240 2940 5294 τὰ
2986 5240 3298 5305 Πλάτωνος,
3337 5240 3444 5296 etc:
3489 5240 3621 5297 Haec

2028 5313 2138 5367 ille.
2183 5315 2253 5366 At
2304 5312 2652 5383 Epiphanius
2695 5327 2724 5364 a
2765 5320 2920 5382 patre
2955 5313 3371 5382 Cephallenium
3415 5312 3614 5378 fuisse.

2022 5399 2129 5436 non
2163 5382 2593 5437 Alexandrinum
2623 5382 2802 5436 docet.

2058 5454 2207 5533 .(87)
2258 5455 2363 5507 Ἐν
2387 5452 2563 5523 Σάμῳ
2594 5452 2705 5523 γὰρ
2731 5453 2812 5518 ὡς
2840 5455 2994 5517 θεός.
3047 5453 3184 5518 Qtue
3229 5461 3283 5508 et
3327 5451 3494 5508 Same
3530 5451 3611 5507 di-

2023 5533 2167 5576 CIHII‘
2207 5541 2220 5576 2

2079 5591 2527 5662 "Duly'chiumque,
2559 5591 2816 5662 Sameque
2845 5600 2894 5644 et
2925 5589 3144 5648 Neritos
3179 5595 3352 5647 ardua
3387 5593 3560 5648 saxis.

2111 5661 2222 5733 (88)
2275 5661 2582 5732 Ἰσίδωρον
2614 5662 2683 5715 δὲ
2725 5661 3097 5731 φάσκουσιν.
3138 5662 3218 5733 De
3241 5663 3450 5721 Isidoro
3501 5677 3606 5720 me-

2019 5730 2176 5787 minit
2206 5730 2351 5790 idem
2390 5730 2644 5790 Clemens
2674 5730 2937 5790 Alexand.
2973 5733 3066 5787 lib.
3104 5749 3157 5788 vt
3193 5732 3393 5789 Slrom.
