4018 6142
352 370 365 381 .
421 325 527 383 559

1217 320 1588 380 ADVERSUS
1629 319 1971 379 HERESES
2007 319 2135 378 LIB.
2175 321 2219 378 1.
2259 319 2425 379 ΤΟΜ.
2467 320 2532 378 ll.
2572 321 2935 379 —"1ERES.
2973 322 3186 379 XXXII.
3286 382 3293 389 κ

3590 326 3695 383 550

422 438 816 511 Καρποκράτει
863 435 957 491 καὶ
1003 440 1116 503 τοῖς
1161 438 1300 511 ἀρφ*
1326 439 1490 494 αὑτὸν
1516 438 1702 504 κοινὰς
1730 434 1872 493 εἶναι
1910 438 2004 503 τὰς

2112 450 2237 492 esse
2280 437 2540 508 conjuges
2577 446 2869 509 oportere;
2911 440 3109 509 partim
3140 439 3287 509 quod
3327 438 3400 493 ita
3452 436 3606 494 Plato
3639 441 3696 496 in

418 526 529 581 τῶν
554 525 859 600 ἀνθρώπων
888 531 1176 598 γυναῖκας,
1214 530 1278 585 ἐκ
1307 548 1367 584 τε
1400 531 1494 585 τοῦ
1524 530 1813 594 Πλάτωνος
1843 534 2015 586 Πολι-

420 616 596 672 τειῶν
649 619 925 693 πρόφασιν
968 620 1151 677 λαϐὼν
1177 662 1192 687 ,
1239 623 1339 677 καὶ
1383 622 1482 695 τὴν
1534 623 2014 696 whiile-ignem:

422 708 680 765 ἐκτελῶν.
698 710 983 766 Ἐντεῦθεν
1008 713 1065 767 δὲ
1091 715 1191 786 τὴν
1221 714 1396 786 ἀρχὴν
1423 717 1676 779 ποιεῖται,
1708 714 1903 785 λέγων,
1936 715 2012 780 ὡς

424 801 483 853 ἐν
511 799 591 872 τῷ
623 799 1267 876 Εὐαγγελίῳὲμφέρεται
1297 804 1394 860 τοῦ
1425 806 1677 878 Σωτῆρος
1712 807 2013 877 φάσκοντος

424 893 575 962 τρεῖς
597 891 695 962 μὲν
722 893 1011 964 εὐνούχους
1039 890 1199 959 εἶναι,
1220 894 1312 949 τόν
1334 912 1392 948 τε
1416 893 1476 960 ἐξ
1502 895 1803 968 ἀνθρώπων
1830 898 2014 951 εὐνου-

425 983 732 1054 χιζὸμενον,
769 986 861 1038 καὶ
892 985 983 1039 τὸν
1008 986 1072 1040 ὲκ
1093 987 1339 1057 γενετῆς,
1370 986 1465 1040 καὶ
1491 986 1584 1041 τὸν
1617 986 1762 1042 κατὰ
1787 987 1883 1059 τὴν
1913 989 2012 1058 βα-

427 1073 632 1127 σιλείαν
660 1073 771 1129 τῶν
798 1075 1042 1146 οὐρανῶν
1068 1076 1260 1130 ἑαυτὸν
1290 1078 1554 1142 ἑκουσίως
1599 1079 2008 1150 εὐνουχίσαντα.

426 1166 536 1220 Καί
567 1183 731 1239 φησιν
753 1185 768 1198 ο
804 1169 868 1221 Ol
900 1167 1081 1221 τοίνυν
1120 1167 1262 1223 κατὰ
1292 1169 1539 1241 ἀνάγκην
1567 1170 1627 1224 οὐ
1663 1172 1806 1225 κατὰ
1851 1170 2011 1240 λόγον

424 1257 667 1329 εὐνοῦχοι
694 1258 952 1328 γίνονται.
986 1260 1048 1314 Ol
1072 1259 1130 1313 δὲ
1158 1259 1321 1315 ἕνεκα
1346 1256 1447 1332 τῆς
1477 1261 1754 1333 βασιλείας
1784 1262 1894 1316 τῶν
1917 1264 2009 1317 ού-

426 1351 606 1423 ρανῶν
655 1352 883 1417 ἑαυτοὺς
928 1353 1339 1425 εὐνουχίσαντες
1368 1353 1456 1409 διὰ
1498 1355 1567 1408 τὰ.
1612 1356 1677 1408 ἐκ
1707 1354 1802 1409 τοῦ
1829 1355 2009 1427 γάμου

426 1444 797 1517 συμϐαίνοντα
824 1461 959 1514 φασι
1000 1444 1093 1497 τὸν
1117 1444 1471 1516 ἐπιλογισμὸν
1497 1446 1514 1478 ¹
1544 1444 1652 1499 τῶν
1687 1445 2011 1512 ἐπιτηδείων

422 1535 679 1607 ἀσχολίαν
708 1535 960 1599 δεδιότες.
987 1534 1239 1590 Βέλτιον
1267 1534 1534 1606 γαμῆσαι
1568 1535 1608 1605 ἢ
1648 1535 2007 1605 πυροῦσθαι,

426 1627 503 1700 μὴ
529 1629 609 1691 είς
633 1618 749 1699 πῦρ
770 1626 1015 1701 ἐμϐάλῃς
1043 1627 1146 1699 τὴν
1176 1627 1357 1699 ψυχήν
1388 1645 1503 1692 σου,
1533 1629 1668 1700 φησὶ
1694 1627 1872 1698 λέγειν
1917 1629 2010 1683 τὸν

436 1720 780 1783 Ἀπόστολον,
812 1718 1028 1791 ἡμέρας
1054 1719 1148 1773 καὶ
1171 1718 1365 1783 νυκτὸς
1396 1719 1659 1790 ἀντέχων,
1691 1720 1785 1773 καὶ
1815 1720 2011 1789 φοϐού-

2088 527 2270 607 ΔΙίιιιιίε
2307 528 2381 583 De
2421 528 2691 599 republica
2735 533 3057 598 statuisset,
3093 532 3292 603 partim
3330 540 3411 621 ιιι⁵
3427 534 3696 619 priuatam

2115 619 2399 698 libidirlem
2433 621 2700 691 expleret.
2735 621 2841 678 Sed
2867 624 2995 680 inde
3023 624 3339 695 disputandi
3369 610 3585 679 initium
3617 623 3699 680 fa~

2113 711 2212 767 cit.
2245 711 2375 766 Tria
2402 712 2779 768 eunuchorum
2812 730 2938 771 esse
2986 731 3208 787 genera,
3254 717 3399 787 quod
3443 732 3473 770 a
3504 716 3700 771 Salva-

2115 810 2232 857 tore
2258 800 2463 856 dictum
2498 800 2789 873 Evangelia
2818 819 2973 860 sacra
3016 813 3288 860 testantur
3311 807 3333 837 ¹
3360 823 3373 857 :
3398 822 3522 860 nam
3557 808 3697 865 alios

2112 909 2236 950 esse
2270 894 2362 965 qui
2402 894 2470 949 ab
2498 893 2816 953 hominibus
2840 897 3046 953 esseeti
3079 907 3228 963 sunt,
3263 898 3400 953 alios
3433 899 3504 953 ita
3537 915 3566 952 a
3599 914 3697 954 na-

2114 995 2243 1041 tura
2276 985 2475 1055 fartos,
2513 989 2650 1045 alios
2688 992 2781 1060 qui
2821 990 3064 1045 cmlestis
3102 991 3254 1061 regni
3296 992 3470 1061 gratia
3504 1001 3699 1062 sponte

2114 1090 2236 1133 sese
2265 1085 2606 1133 castrarunt.
2632 1078 2736 1147 Qui
2763 1080 2954 1151 igitur,
2991 1081 3168 1148 aiunt,
3200 1082 3339 1143 tales
3369 1083 3702 1141 necessitate

2113 1179 2247 1225 sunt
2281 1169 2434 1234 facti,
2463 1187 2571 1227 non
2606 1173 2658 1227 id
2698 1181 2851 1229 certo
2882 1174 3118 1230 consilio
3164 1189 3228 1228 ac
3262 1176 3473 1231 ratione
3500 1191 3695 1232 susce-

2112 1272 2330 1332 perunt.
2355 1262 2458 1330 Qui
2492 1280 2551 1320 se
2581 1279 2712 1320 vero
2742 1273 2965 1338 propter
2993 1266 3218 1323 caeleste
3240 1283 3465 1339 regnum
3490 1279 3699 1325 eastra-

2111 1360 2308 1406 verunt
2331 1392 2347 1416 ,
2386 1353 2439 1407 id
2484 1353 2549 1408 ad
2584 1354 2941 1410 declinandas
2981 1357 3224 1428 conjugii
3255 1359 3538 1414 molestias
3571 1374 3698 1430 ege-

2114 1447 2262 1505 runt,
2304 1442 2449 1512 quod
2484 1442 2618 1498 illud
2670 1446 3027 1514 procurandae
3071 1449 3147 1502 rei
3198 1447 3485 1504 familiaris
3515 1465 3697 1513 onus.

2113 1546 2178 1586 ac
2203 1533 2631 1591 sollicitudinem
2657 1539 2933 1595 timerent.
2968 1537 3160 1594 Helius
3190 1551 3267 1594 est
3292 1540 3502 1601 nubere.
3537 1557 3695 1611 quant

2113 1626 2199 1680 uri
2231 1627 2292 1679 ':
2330 1629 2558 1698 proinde
2595 1644 2727 1685 eave
2760 1631 2997 1686 animam
3031 1639 3180 1687 tuam
3210 1634 3265 1687 in
3296 1637 3468 1704 ignem
3495 1632 3700 1687 immit-

2114 1726 2200 1774 tas
2231 1719 2333 1789 (sic
2361 1720 2504 1776 enim
2534 1722 2603 1777 ab
2632 1722 2897 1792 Apostolo
2937 1734 3268 1796 praeceptum
3296 1741 3420 1781 esse
3453 1724 3691 1793 dicunt),

426 1826 587 1882 μενος
634 1809 710 1882 μὴ
762 1812 860 1880 τῆς
906 1808 1237 1880 ἐγκρατείας
1268 1809 1574 1881 ἀποπέσῃς.
1608 1809 1751 1881 Πρὸς
1791 1811 1904 1884 γὰρ
1947 1810 2004 1864 τὸ

2113 1809 2242 1865 dum
2277 1820 2471 1870 noctes
2501 1813 2729 1885 diesque
2769 1815 3009 1880 resistis,
3045 1831 3109 1871 ac
3141 1832 3210 1873 ne
3234 1833 3263 1871 a
3283 1818 3535 1875 castitate
3556 1819 3696 1874 exci-

424 1903 668 1974 ἅντέχειν
697 1901 958 1973 γινομένη
989 1899 1137 1972 ψυχὴ
1179 1901 1465 1973 μερίζεται
1504 1902 1604 1972 τῆς
1640 1901 2009 1965 ὲλπίδος.Ἆν-

423 1994 571 2064 ἐχου
597 1994 826 2062 τοίνυν,
860 1994 942 2060 ὠς
965 1990 1082 2061 ἤδη
1112 1993 1419 2061 προεῖπον.
1450 1991 1561 2061 τῆς
1581 1993 2007 2062 παραινέσεως,

423 2088 502 2151 et;
540 2085 700 2157 μέσον
734 2084 917 2157 φέρων
944 2082 1034 2137 τὸν
1062 2080 1241 2151 λόγον,
1272 2082 1407 2152 φησὶ
1456 2081 1600 2136 κατὰ
1640 2079 1787 2146 λέξιν
1822 2083 1851 2135 ὁ
1879 2082 2010 2135 Ἰσί-

421 2181 593 2252 δωρος
620 2180 679 2231 ὲν
704 2180 819 2241 τοῖς
855 2174 1106 2242 Ἠθικοῖς
1136 2216 1152 2241 ,
1173 2175 1441 2245 μαχιμης
1474 2173 1777 2244 γυναικὸς,
1805 2172 2008 2243 ἵναμὴ

421 2267 832 2337 ἁποσπασθῇς
881 2266 994 2336 τῆς
1046 2264 1289 2334 χάριτος
1332 2265 1441 2320 τοῦ
1491 2263 1658 2319 Θεοῦ.
1708 2264 1850 2319 Τότε
1888 2265 2007 2332 πῦρ

420 2361 960 2432 ἁποσπερματίσας
987 2356 1429 2425 εὐσυνειδήτως
1457 2350 2009 2428 προσεύχουβθταν

420 2454 509 2537 se,
556 2454 748 2525 φησὶν,
786 2453 827 2522 ἡ
853 2451 1204 2522 εὐχαριστία
1232 2464 1350 2504 σου
1376 2452 1463 2516 είς
1498 2450 1743 2517 αῑτησιν
1783 2450 2010 2505 ὑποπέ-

314 2549 323 2554 ’
420 2560 538 2611 σοι,
565 2543 664 2598 καί
696 2542 853 2613 στῇς
872 2543 941 2597 τὸ
971 2542 1208 2606 λοιπὸν,
1233 2541 1306 2595 οὐ
1331 2538 1713 2609 κατορθώσας
1744 2543 1827 2613 μὴ
1853 2558 2009 2613 σίρα-

418 2636 623 2706 λῆναι,
678 2635 975 2706 γάμησον.
1027 2631 1159 2687 Εἶτα
1193 2632 1355 2687 πάλιν
1389 2631 1581 2705 φησίν·
1641 2632 1819 2689 Ἀλλὰ
1868 2635 2008 2704 νέος

420 2748 511 2797 τις
534 2730 573 2799 ἧ
606 2728 797 2795 πένης
830 2727 1022 2792 ἐστὶν,
1048 2725 1087 2796 ἤ
1114 2725 1475 2796 καταφερὴς,
1499 2725 1813 2781 τουτέστιν
1832 2727 2009 2781 ἀσθε-

415 2821 553 2891 νὴς,
583 2822 684 2876 καὶ
726 2824 799 2876 οὐ
846 2821 1003 2876 θέλει
1041 2819 1224 2892 γῆμαι
1262 2820 1414 2873 κατὰ
1453 2817 1561 2873 τὸν
1595 2818 1802 2889 λόγον,
1829 2816 2007 2887 οὗτος

418 2914 527 2969 τοῦ
543 2913 811 2981 ἀδελφοῦ
829 2911 916 2983 μὴ
946 2910 1300 2981 χωριζέσθω.
1328 2909 1569 2981 Αίσχρὰς
1609 2909 1668 2964 δέ
1700 2927 1851 2973 τινας
1868 2910 2009 2964 ὑπο-

417 3007 565 3071 νοίας
616 3005 796 3077 ἑαυτῷ
854 3002 1357 3076 προσποριζόμενος
1380 3002 1779 3075 δραματουργεὶ
1832 3003 1860 3056 ὁ
1904 3003 2002 3058 τά·

417 3099 535 3163 λας.
581 3097 844 3168 Λεγέτω,
879 3097 1014 3167 φησὶ
1043 3094 1264 3161 τοίνυν,
1318 3094 1408 3148 ὅτι
1454 3094 1845 3160 Εἱσελήλυθα
1891 3095 2005 3165 ἐγὼ

415 3193 503 3258 είς
542 3190 609 3244 τὰ
634 3188 792 3258 ἅγια,
822 3187 1005 3242 οὐδὲν
1031 3186 1285 3255 δύναμαι
1335 3183 1559 3241 παθεῖν.
1577 3186 1717 3241 Ἐὰν
1755 3185 1825 3238 δὲ
1856 3187 2004 3243 ὑπό-

412 3297 589 3336 νοιαν
623 3279 760 3350 ἔχῃ,
793 3278 1046 3333 εἰπάτω.
1123 3275 1387 3347 Ἀδελφὲ,
1416 3276 1619 3344 ἐπίθες
1659 3293 1765 3345 μοι
1810 3275 1997 3345 χεῖρα,

413 3376 517 3429 ἵνα
536 3373 622 3443 μὴ
656 3370 998 3442 ἀμαρτήσω,
1027 3369 1125 3424 καὶ
1153 3369 1413 3439 λήψεται
1435 3368 1748 3437 βοήθειαν,
1784 3369 1882 3426 καί
1909 3371 1999 3422 al-

414 3464 674 3535 σθητὴν,
702 3464 802 3518 καί
827 3461 1076 3531 νοητήν.
1113 3458 1434 3529 Θελησότω
1458 3460 1653 3529 μόνον
1674 3460 2001 3529 ἀπαρτίσαι

414 3554 482 3611 τὸ
514 3555 725 3620 καλὸν,
739 3553 837 3608 καί
860 3551 1252 3617 ἐπιτεύξεται.
1272 3545 1405 3605 Εἶτα
1432 3549 1594 3605 πάλιν
1628 3550 1821 3621 φησιν’
1868 3550 2000 3604 Ἐν-

415 3648 536 3702 Ιοτε
569 3647 652 3713 τῷ
674 3646 794 3717 μὲν
830 3646 1083 3715 στόματι
1113 3641 1390 3714 λέγομεν,
1420 3645 1493 3723 ού
1525 3641 1781 3715 θέλομεν
1816 3641 2001 3710 ἀμαρ-

412 3739 617 3810 τῆσαι,
642 3741 681 3809 ἠ
718 3740 787 3793 δὲ
822 3738 1057 3793 διάνοια
1095 3737 1355 3807 ἔγκειται
1395 3737 1485 3801 εἰς
1517 3733 1585 3788 τὸ
1614 3734 1999 3804 ἁμαρτάνειν.

422 3831 480 3885 '0
513 3830 779 3896 τοιοῦτος
802 3830 900 3884 διὰ
926 3830 1115 3899 φόϐον
1149 3828 1223 3881 οὺ
1250 3824 1411 3880 ποιεῖ
1430 3824 1462 3879 ὃ
1501 3823 1682 3888 θέλει,
1716 3824 1817 3879 ἵνα
1841 3823 1930 3893 μὴ
1956 3825 1996 3894 ἠ

412 3924 667 3990 κόλασις
711 3921 873 3988 αὺτῷ
909 3915 1258 3991 ἐλλογισθῇ·
1290 3917 1329 3985 ἠ
1360 3915 1430 3970 δὲ
1464 3915 1853 3985 ἀνθρωπότης
1870 3916 1996 3985 ἔχει

411 4016 708 4088 ἀναγκαῖά
739 4033 873 4070 τινα
914 4012 1016 4069 καὶ
1064 4011 1296 4083 φυσικὰ
1337 4012 1527 4080 μέν-α’
1549 4008 1674 4077 ἔχει
1714 4005 1783 4061 τὸ
1831 4023 1995 4076 περι-

2107 1903 2207 1959 das
2257 1906 2622 1975 pertimescis.
2661 1906 2944 1978 Siquidem
2973 1910 3190 1966 animus
3225 1919 3435 1975 noster,
3464 1911 3594 1966 dum
3635 1911 3690 1965 in

2106 1996 2465 2066 repugnando
2490 1999 2921 2071 obsistendoque
2953 2008 3103 2057 totus
3134 2009 3218 2058 est
3255 2017 3283 2054 a
3325 2016 3427 2072 spe
3448 2017 3546 2059 sua
3581 2002 3694 2057 dis-

2106 2084 2342 2154 sipatus,
2378 2087 2742 2143 abstrahitur.
2769 2088 3046 2144 Patrenter
3093 2089 3257 2160 igitur
3306 2090 3402 2143 tibi
3448 2098 3506 2142 ut
3534 2089 3694 2159 paulo

2107 2185 2228 2231 ante
2267 2177 2595 2233 cohortando
2620 2166 2783 2250 212
2810 2181 2992 2234 monui
3016 2181 3153 2252 (haec
3178 2181 3232 2235 in
3263 2179 3469 2235 Ethicis
3497 2180 3693 2237 lsidori

2106 2268 2271 2324 verba
2293 2271 2444 2339 sunt)
2467 2272 2789 2326 contumacis
2809 2273 2990 2327 uxoris
3013 2288 3182 2326 mores
3210 2272 3504 2326 sustinendi
3526 2283 3687 2336 sunt,
3771 2272 3785 2285 '

2106 2376 2169 2414 ne
2201 2358 2302 2414 Dei
2348 2362 2580 2432 gratiam
2625 2364 2844 2418 amittas
2889 2379 2908 2417 :
2940 2378 3158 2432 cumque
3204 2378 3309 2415 una
3346 2377 3465 2415 cunt
3494 2364 3691 2416 semine

2108 2451 2344 2508 libidinis
2386 2453 2661 2522 ﬂammam
2716 2453 2964 2522 ejeceris,
3010 2464 3121 2506 tum
3172 2464 3221 2507 te
3272 2453 3473 2522 optima
3524 2452 3693 2522 fretus

2106 2543 2428 2597 conscientia
2461 2543 2532 2598 ad
2564 2545 2823 2598 orandum
2846 2553 3104 2598 converte.
3132 2542 3238 2597 Sed
3261 2559 3381 2595 cum
3426 2545 3484 2596 in
3513 2553 3696 2614 postu-

2108 2632 2357 2689 lationem
2388 2637 2681 2706 gratiarum
2714 2637 2853 2690 actio
2882 2645 2972 2689 tua
3011 2635 3229 2702 delapsa
3251 2635 3432 2703 fuerit,
3464 2651 3527 2689 ac
3552 2636 3696 2691 dein-

2106 2737 2223 2791 ceps
2250 2732 2395 2777 stare
2426 2726 2660 2790 coeperis,
2684 2741 2847 2796 neque
2872 2725 2926 2779 id
2952 2735 3125 2779 tamen
3148 2727 3464 2793 obtinueris,
3487 2736 3543 2779 ut
3575 2726 3688 2781 labi

2104 2829 2321 2881 prorsus
2371 2831 2435 2869 ac
2486 2816 2717 2870 titubare
2753 2816 2966 2872 desinas
3021 2819 3092 2870 ad
3144 2818 3357 2885 nuptias
3394 2818 3687 2888 confugite.

2105 2904 2288 2977 Pergit
2312 2906 2507 2963 deinde
2533 2926 2547 2963 :
2573 2907 2678 2962 Sed
2701 2907 2909 2978 jurenis
2933 2917 3025 2963 aut
3050 2923 3249 2977 pauper
3269 2918 3346 2963 est
3381 2909 3578 2979 aliquis
3600 2919 3693 2963 aut

2103 2999 2417 3066 proclivior,
2451 2999 2548 3053 hoc
2597 3009 2675 3054 est
2708 2999 3021 3063 imbecillus,
3055 3017 3217 3071 neque
3272 3013 3338 3054 ea:
3394 3000 3689 3069 apostolico

2110 3100 2372 3160 pracepto
2409 3091 2599 3146 ducere
2625 3092 2674 3147 ei
2708 3092 2831 3146 libet
2864 3107 3081 3146 uxorem
3102 3133 3118 3158 ,
3152 3092 3237 3146 hic
3269 3109 3300 3145 a
3334 3093 3504 3161 fratre
3533 3093 3691 3147 mini-

2032 3161 2074 3219 C
2108 3199 2189 3237 me
2232 3183 2492 3239 discedat.
2541 3183 2680 3239 Tum
2721 3184 3184 3242 exsecrandorum
3231 3184 3558 3256 ﬂagitiorum
3598 3201 3689 3241 ex-

2106 3276 2374 3347 cogitatas
2399 3276 2641 3333 rationes
2676 3277 2933 3343 ailerens,
2976 3279 3147 3332 miras
3176 3276 3364 3333 infelix
3392 3279 3691 3349 tragmdias

2105 3366 2256 3425 facit.
2286 3368 2466 3433 Dicat,
2499 3370 2715 3440 inquit:
2758 3369 3035 3441 Ingressus
3068 3387 3186 3425 sunt
3235 3372 3537 3438 in'sancta,
3566 3373 3685 3440 puti

2106 3460 2240 3514 nihil
2265 3476 2503 3530 possum.
2552 3461 2709 3528 Quod
2749 3463 2797 3517 si
2834 3462 3085 3532 cogitatio
3116 3478 3237 3517 eum
3269 3463 3452 3531 aliqua
3484 3464 3689 3530 subeat,

2103 3552 2247 3607 dicat
2282 3570 2301 3608 :
2340 3552 2557 3620 Frater,
2591 3556 2798 3625 impone
2836 3555 2967 3608 mihi
2994 3571 3232 3621 manum,
3260 3572 3323 3609 ne
3371 3570 3607 3624 peccem;
3641 3564 3690 3609 et

2106 3646 2380 3713 confestim
2407 3632 2720 3715 prazsentem
2770 3661 2890 3699 eum
2941 3646 2995 3699 in
3046 3661 3264 3713 corpore
3304 3646 3417 3714 ipso
3441 3688 3455 3712 ,
3489 3656 3600 3699 tum
3637 3662 3691 3701 in

2104 3745 2280 3790 mente
2308 3748 2458 3807 opem
2506 3738 2822 3807 experietur.
2866 3735 3002 3791 Velit
3031 3737 3189 3791 modo
3231 3738 3370 3808 quod
3412 3739 3691 3792 honestum

2101 3835 2179 3880 est
2223 3829 2505 3897 perficere,
2535 3838 2586 3883 et
2632 3829 2738 3883 voti
2781 3844 2991 3897 compos
3017 3829 3259 3883 exsistet.
3298 3827 3429 3883 Post
3466 3829 3580 3883 haec
3613 3828 3689 3882 ita

2102 3917 2347 3989 loquitur
2386 3937 2399 3974 :
2435 3918 2834 3991 Nonnunquam
2875 3936 2963 3974 ore
2984 3928 3131 3975 tenus
3161 3919 3387 3974 dicimus
3412 3961 3427 3984 ,
3474 3936 3690 3988 peccare

2100 4011 2367 4076 nolumus,
2395 4011 2485 4066 sed
2515 4012 2725 4066 animus
2757 4012 2811 4066 in
2836 4022 3049 4081 peccata
3077 4012 3382 4080 propendet.
3421 4011 3526 4078 Qui
3544 4011 3689 4080 ejus-

412 4107 743 4163 ϐάλλεσθαι
782 4105 849 4161 τὸ
882 4103 1211 4175 ἀναγκαῖον
1245 4100 1345 4157 καὶ
1378 4098 1675 4172 φυσικόνθ
1727 4101 1995 4169 φυσικὸν

2104 4100 2247 4156 modi
2279 4111 2380 4162 est.
2410 4102 2552 4175 quod
2593 4102 2704 4156 vult
2745 4115 2958 4173 propter
2994 4112 3189 4157 metum
3224 4119 3327 4157 non
3350 4102 3504 4173 facit,
3538 4118 3601 4157 ne
3638 4104 3687 4157 ei

410 4198 481 4253 δὲ
508 4198 576 4254 τὸ
606 4198 726 4253 τῶν
747 4196 1133 4268 ἀφροδισίων.

2104 4208 2253 4263 pana
2303 4194 2688 4248 constituatur.
2745 4195 2817 4248 At
2861 4193 3131 4248 hominum
3178 4194 3354 4265 generi
3387 4195 3687 4247 necessaria

410 4290 655 4360 quadam
685 4279 902 4344 sunt‘ac
948 4287 1226 4343 naturalia
1262 4284 1549 4340 duntaxat.
1588 4281 1733 4337 Nam
1763 4281 1992 4339 vestibus
2031 4287 2116 4344 uti
2163 4286 2410 4342 naturale
2439 4287 2600 4343 simul
2644 4303 2708 4343 ac
2756 4288 3112 4343 necessarium
3158 4296 3276 4354 est;
3316 4286 3580 4342 naturalis
3606 4300 3685 4343 est

412 4370 630 4441 venerea
667 4383 930 4452 voluptas.

482 4474 904 4547 Ε’.’Ᾱναγκαίως
922 4475 978 4529 δὲ
989 4473 1195 4538 ταύτας
1212 4472 1323 4544 (89)
1339 4470 1658 4545 παρεθέμην
1674 4469 1776 4536 τὰς
1788 4469 1994 4541 φωνὰς.

2172 4465 2239 4521 ν.
2282 4464 2410 4522 Haec
2458 4467 2677 4523 illorum
2734 4466 2791 4523 in
2849 4467 3092 4524 medium
3129 4467 3329 4526 atl’erre
3355 4471 3521 4528 verba
3561 4489 3684 4529 sum

408 4570 438 4623 6
463 4569 602 4624 κατὰ
632 4567 838 4622 τούτων
868 4567 1084 4639 γράψας
1127 4566 1369 4637 ἔλεγχον,
1406 4563 1481 4635 μὴ
1515 4562 1776 4634 βιούντων
1821 4559 1998 4634 ὀρθῶς

2104 4568 2351 4626 coactus,
2388 4567 2450 4615 ut
2495 4577 2591 4617 eos
2621 4560 3004 4632 redarguerem
3035 4562 3335 4617 sceleratos
3361 4561 3608 4619 homines
3630 4573 3683 4620 et

411 4660 507 4715 καὶ
550 4657 992 4722 Βασιλειδιανῶν,
1041 4657 1137 4711 καὶ
1178 4652 1710 4727 Καρποκρατιανῶν,
1748 4651 1844 4706 καὶ
1889 4649 2001 4704 τῶν

2104 4652 2321 4723 impios,
2346 4652 2737 4719 Basilidianos,
2761 4654 3012 4723 inquam,
3039 4659 3094 4707 et
3113 4651 3592 4721 Carpocratianos,
3617 4670 3682 4708 ac

412 4748 523 4802 ἀπὸ
550 4731 689 4801 ὐύα)
700 4748 927 4810 εντίνου,
963 4746 1058 4800 καὶ
1084 4744 1195 4799 τῶν
1216 4744 1550 4814 Ἐπιφάνους
1576 4742 1932 4813 καλουμένου,
1952 4734 1997 4810 ᾧ

2104 4743 2373 4800 Valentini
2400 4743 2809 4815 Epiphanisque
2837 4743 3159 4813 discipulos,
3187 4742 3255 4796 ad
3284 4758 3447 4812 quem
3479 4741 3683 4800 Secun-

411 4839 476 4909 δὴ
511 4839 755 4912 συνήφθη
778 4836 1071 4901 Σεκοῦνδος
1099 4837 1130 4889 ὁ
1159 4832 1614 4909 προτεταγμένος.
1632 4831 1725 4898 Ἐξ
1748 4830 1993 4902 ἀλλήλων

2104 4835 2202 4891 dus
2236 4835 2441 4905 priusa
2487 4834 2647 4889 nobis
2686 4839 3149 4889 commemoratus
3204 4833 3543 4902 adiungitur.
3585 4832 3681 4889 Et-

410 4933 520 5004 γὰρ
547 4932 775 4995 ἕκαστος
801 4932 922 5002 ἦτοι
962 4924 1117 4993 οὗτος
1148 4927 1342 4999 ἐκείνῳ
1376 4925 1659 4998 μεταδοὺς,
1700 4924 1736 4994 ἢ
1786 4925 1993 4985 ἐκεῖνος

2104 4926 2244 4983 enim
2281 4924 2420 4979 illia
2456 4939 2517 4980 se
2553 4924 2787 4980 invicem
2831 4924 3112 4994 propagati
3151 4939 3169 4976 :
3203 4923 3320 4980 sive
3351 4924 3453 4981 iste
3492 4926 3675 4990 alteri,

408 5024 584 5096 τούτῳ
602 5022 672 5077 τὰ
698 5022 848 5077 δεινὰ
873 5020 1382 5092 ἀπεμπολήσαντες,
1418 5018 1514 5071 καὶ
1540 5017 1620 5080 εἷς
1645 5032 1703 5070 τι
1732 5015 1869 5088 πρὸς
1898 5014 1993 5069 ἀλα

2104 5016 2214 5073 sive
2252 5016 2394 5071 alter
2440 5016 2532 5071 isti
2563 5016 2711 5072 velut
2758 5016 2934 5071 malas
2968 5029 3216 5079 merces,
3250 5014 3324 5068 ita
3359 5015 3678 5086 pestiferam

407 5113 602 5186 λήλους
645 5113 1049 5184 διαφερόμενοι,
1094 5112 1243 5182 ὅμως
1279 5112 1338 5164 ὲν
1374 5111 1473 5180 μιᾷ
1508 5107 1720 5181 αἱρέσει
1764 5106 1994 5170 tanton;

2104 5105 2407 5162 doctrinam
2444 5106 2991 5161 eommunicaverint.
3032 5105 3111 5162 Ac
3153 5105 3281 5161 licet
3314 5105 3496 5177 aliqua
3529 5106 3585 5161 in
3617 5120 3680 5161 re

408 5208 700 5264 κατέθεντο
718 5223 734 5239 ο
759 5205 903 5260 ὥστε
932 5204 1029 5259 καὶ
1052 5203 1196 5275 ἔχειν
1222 5202 1469 5268 ἐξουσίαν
1496 5199 1881 5271 ἐδογμάτισαν,
1898 5196 1993 5252 καὶ

2104 5195 2431 5266 dissideant,
2474 5197 2531 5253 in
2580 5196 2771 5253 eadem
2802 5205 2988 5253 tamen
3016 5195 3230 5253 laesere
3270 5204 3454 5265 secta;
3499 5206 3559 5252 ut
3589 5198 3675 5255 vel

479 5365 497 5396 ί
532 5362 609 5417 Es
663 5360 836 5416 Clem.
889 5359 1046 5415 Alex.
1066 5373 1129 5414 ιιι
1162 5356 1376 5429 Strom.
1410 5356 1497 5429 ita
1552 5353 1867 5429 legendum,
1915 5352 2004 5408 τὸν

2104 5352 2200 5408 τιλ.
2239 5353 2432 5409 τοῦτον
2473 5354 2868 5427 λαμϐάνουσιν,
2934 5355 3036 5429 τὴν
3085 5356 3215 5429 περὶ
3261 5355 3354 5411 τὸν
3403 5356 3678 5428 πορισμὸν

405 5434 521 5489 τῶν
543 5434 691 5487 ὲπιτ.
768 5433 790 5464 ³
823 5430 1014 5486 Matth.
1041 5445 1158 5497 sis,
1188 5427 1281 5483 ιε.
1356 5424 1380 5459 ³
1406 5425 1428 5481 l
1456 5425 1589 5482 Cor.
1611 5424 1712 5492 τιι,
1740 5424 1795 5481 9.

2092 5580 2312 5652 ἔλεγχον
2333 5580 2443 5634 τῶν
2473 5578 2548 5651 μὴ
2584 5578 2843 5651 βιούντων
2870 5577 3046 5652 ὀρθῶς
3078 5575 3518 5652 Βασιλεινιαλνῶνᾲ.
3561 5585 3669 5633 etc.

2092 5649 2280 5722 Neque
2324 5649 2506 5722 tamen
2538 5649 2767 5722 mutare
2794 5649 3094 5720 quidquam
3138 5651 3193 5704 in
3239 5649 3545 5722 Epiphanio
3574 5663 3675 5701 no-

2094 5718 2210 5802 stro
2238 5722 2404 5775 volui.
2460 5718 2838 5802 li‘ierinuippe
2869 5718 3072 5802 potest,
3114 5728 3173 5777 ut
3223 5718 3430 5790 aliquid
3460 5719 3530 5775 de
3566 5732 3675 5773 suo

2092 5793 2275 5851 Sciens
2299 5805 2363 5847 ac
2391 5791 2583 5849 volens
2613 5791 2929 5847 inseruerit.

480 5591 590 5664 (89)
641 5589 994 5664 Ἀναγιιαίως
1022 5587 1094 5664 δέ
1129 5586 1367 5653 ταύτας.
1392 5584 1585 5664 _Apud
1605 5584 1778 5664 Clem.
1825 5581 1983 5664 Alex.

409 5655 522 5717 hmo
569 5655 695 5715 cum
750 5655 1190 5730 praecedentibus
1243 5655 1500 5730 copulata
1553 5655 1628 5730 ita
1685 5655 1983 5730 leguntur:

406 5732 641 5785 Φυσικὸν
677 5722 838 5783 δὲ’τὸ
876 5728 995 5800 τῶν
1031 5722 1380 5800 ἀφροδισίων,
1422 5726 1524 5779 οὐκ
1561 5722 1864 5800 ᾁναγκαζον
1899 5722 1981 5800 δέ.

407 5801 547 5858 Tum
590 5801 813 5865 subiicit
842 5816 856 5852 :
889 5793 1124 5861 Ταύτας
1153 5796 1473 5867 παρεθέμην
1517 5795 1618 5858 τὰς
1664 5793 1847 5862 φωνὰς
1905 5794 1985 5856 εἰς
