4018 6138
355 282 454 340 551
1727 268 1786 326 S.
1830 264 1958 325 ΕΡιί

2066 269 2175 329 eiu
3523 272 3632 328 διε
3684 334 3707 355 γ

355 404 583 462 peccare
628 384 733 457 sibi
772 392 998 459 propter
1038 384 1165 441 vita:
1200 384 1596 456 perfectionem
1640 385 1807 442 licere
1847 387 1934 443 di-

2066 388 2102 442 ὤ
2129 384 2464 460 ἁμαρτάνειν
2489 385 2576 438 διὰ
2604 383 2701 453 τὴν
2735 375 3122 457 τελειότητιαῷ
3146 382 3361 437 πάντων
3391 384 3486 449 γε’
3524 402 3631 438 σω-

355 490 545 540 cerent
576 498 678 538 :ex
708 495 816 552 qua
853 480 929 545 fit,
964 487 1044 545 ut,
1076 481 1429 549 quantumvis
1477 479 1642 535 modo
1690 479 1940 551 delique-

2066 479 2366 551 ὶησομένων
2408 477 2652 549 φυσικῶν
2673 478 2716 539 ¹,
2741 475 2844 529 κᾶν
2885 491 2948 528 τε
2977 473 3072 527 νῦν
3102 474 3390 546 ἁμάρτωσι
3417 473 3505 528 διά
3530 475 3634 548 τὴν

356 574 491 637 rint,
514 580 695 637 tamen
726 570 873 641 quod
907 571 1228 628 naturaliter
1256 570 1323 625 ad
1358 569 1802 641 consequendam
1838 584 1941 626 sa-

2066 574 2292 644 ἱμφυτον
2332 570 2583 641 ἐκλογήν.
2609 567 2764 622 Ἐπεὶ
2797 567 2931 639 μηδὲ
2961 565 3031 620 τὰ
3057 565 3198 619 αὐτὰ
3234 566 3415 630 αὐτοῖς
3459 567 3633 638 πράτο

357 665 526 718 lutem
576 660 773 717 delecti
827 661 976 726 sint,
1022 661 1190 716 insita
1228 660 1465 731 quadam
1506 660 1658 730 ipsos
1685 666 1941 730 oporteat

2066 678 2161 715 ιειν
2202 660 2575 735 συγχωροῦσιν
2597 661 2647 713 oi
2673 657 3022 731 προπάτορες
3053 655 3161 711 τῶν
3187 656 3476 729 δογμάτων
3507 656 3627 710 τού-

355 754 692 810 necessitate
740 753 975 809 servari.
1010 736 1198 822 Neque
1239 767 1373 807 vero
1418 750 1580 822 primi
1620 752 1940 821 dogmatum
2047 768 2179 807 των.

350 846 644 901 architecti
692 845 1010 901 eorumdem
1054 845 1548 916 perpetrandorum
1594 844 1730 915 ipsis
1783 850 1939 915 pote-

351 943 551 995 statem
574 936 802 991 faciunt.

429 1024 539 1082 Sed
568 1035 629 1080 ut
658 1026 726 1081 ad
748 1025 875 1082 illos
899 1032 1166 1093 revertar,
1187 1025 1318 1081 dum
1349 1040 1411 1082 se
1435 1025 1503 1081 ad
1527 1024 1581 1081 id
1599 1024 1747 1097 quod
1769 1024 1945 1081 subli-

360 1121 505 1176 mins
530 1128 696 1190 atque
723 1117 782 1174 in
817 1118 1147 1188 Cognitione
1176 1118 1270 1173 illa
1300 1133 1401 1173 sua
1446 1119 1800 1189 praestantius
1837 1124 1943 1185 est,

361 1214 548 1271 acrius
577 1211 1012 1277 contenderunt,
1066 1209 1298 1280 primam
1344 1210 1602 1266 videlicet
1626 1208 1941 1277 Tetradem,

2066 1208 2250 1271 ›ὖτωςο
2286 1208 2454 1260 Ἔστι
2497 1221 2586 1271 τις
2611 1204 2723 1274 πρὸ
2749 1203 2991 1259 πάντων
3019 1203 3318 1274 προαρχὴ,
3339 1219 3630 1274 προανεν-

361 1307 437 1360 ita
489 1303 772 1375 diSputant
800 1321 815 1358 :
849 1302 985 1356 Ante
1012 1302 1190 1356 omnia
1219 1301 1452 1367 primum
1482 1311 1593 1365 est,
1645 1301 1942 1371 inquiunt,

2066 1300 2287 1366 γόητος,
2336 1295 2595 1365 ἄρρητός
2645 1312 2710 1349 τε
2757 1294 2858 1350 καὶ
2900 1295 3337 1365 ἀνονόμαστος,
3392 1294 3474 1363 ἣν
3517 1297 3634 1366 ἐγὼ

363 1393 696 1463 Principium
769 1390 1073 1463 quoddam,
1144 1392 1477 1461 primumque
1537 1393 1944 1463 intelligentiam

2066 1389 2352 1457 uordtnra
2381 1385 2625 1457 ἀριθμῶ.
2663 1384 2852 1455 ωιτη
2886 1384 2963 1455 τῇ
2998 1388 3284 1456 μονότητι
3320 1386 3634 1457 συνυπάρ-

362 1499 567 1539 omnem
596 1499 874 1554 superans,
905 1481 1044 1553 quod
1085 1498 1178 1536 nec
1205 1481 1464 1551 explicari
1493 1482 1683 1547 verbis,
1719 1498 1811 1536 nec
1848 1496 1947 1550 ap-

2066 1495 2142 1547 ιει
2175 1478 2452 1547 δύναμις,
2485 1475 2567 1544 ἣν
2593 1476 2690 1531 καὶ
2720 1475 2916 1544 αὐτὴν
2942 1476 3204 1546 ὀνομάζω
3230 1477 3500 1546 ἑνότητα.
3524 1479 3637 1533 Αὔ-

360 1576 648 1646 pellatione
676 1574 945 1629 declarari
977 1582 1171 1643 potest,
1208 1589 1370 1645 quam
1413 1589 1506 1644 ego
1547 1574 1806 1628 unitatem
1846 1588 1946 1627 nu-

2066 1590 2121 1641 m
2156 1572 2194 1641 ἠ
2222 1571 2457 1638 ἑνότης,
2495 1569 2533 1637 ἦ
2566 1587 2633 1623 τε
2654 1569 2921 1640 μονότης
2941 1569 3008 1623 τὸ
3034 1568 3104 1624 ἐν
3126 1564 3311 1625 οὖσαι
3331 1571 3637 1640 προήκαν-

361 1681 524 1720 mero.
578 1664 710 1720 Cum
762 1665 855 1719 hac
899 1662 1080 1717 Virtus
1132 1662 1375 1733 quadam
1409 1663 1651 1729 exstitit,
1693 1678 1854 1733 quam
1894 1670 1945 1716 et

2066 1680 2140 1728 ro,
2190 1661 2277 1732 μὴ
2328 1660 2647 1731 προέμεναι
2690 1660 2891 1730 ἀρχὴν
2953 1659 3051 1716 ἐπὶ
3121 1662 3364 1716 πάντων
3409 1664 3638 1731 νοητὴν

362 1757 793 1831 singularitatem
835 1757 997 1827 213
1014 1773 1159 1811 voco.
1192 1755 1378 1811 Ambae
1425 1771 1585 1825 porro
1628 1770 1748 1808 cum
1778 1770 1947 1809 unum

2066 1753 2387 1825 irérrntdr
2434 1768 2500 1806 τε
2545 1752 2642 1806 καὶ
2677 1752 2955 1821 ἀόρατον,
2989 1751 3070 1820 ἢν
3109 1752 3323 1822 Ἀρχὴν
3363 1755 3396 1807 ὁ
3452 1753 3641 1823 ,λόγος

2120 1020 2258 1073 Φασὶ
2290 1018 2348 1073 δὲ
2380 1020 2474 1073 καὶ
2499 1011 2644 1073 οὗτοι
2677 1017 2811 1089 (90),
2838 1018 2915 1083 ὡς
2942 1019 3035 1072 ἐπὶ
3073 1018 3135 1073 τὸ
3176 1019 3504 1091 ὑψηλότερον
3536 1022 3633 1075 καὶ

2050 1113 2498 1184 γνωπικώτερον
2521 1112 2960 1198 ὲπεκτεινόμενοι
2980 1111 3078 1184 τὴν
3108 1112 3333 1185 πρώτην
3363 1115 3629 1185 Τετρέιδα,

362 1861 520 1921 atque
539 1852 680 1904 idem
699 1851 826 1915 sint,
850 1846 1184 1917 Principium
1204 1846 1472 1918 quoddam
1490 1846 1727 1900 omnium
1743 1860 1943 1911 rerum,

363 1943 502 2013 quod
530 1940 879 2010 intelligentia
907 1940 1024 1993 sola
1049 1940 1353 2009 percipitur,
1393 1955 1556 2012 neque
1583 1940 1812 2010 genitum
1846 1947 1946 2004 est,

286 2074 301 2089 ί
364 2043 457 2087 aut
480 2031 820 2102 aspectabile,
844 2031 981 2085 citra
1002 2028 1402 2100 productionem
1434 2027 1604 2082 ullam
1632 2026 1949 2082 ediderunt:

365 2120 508 2194 quod
555 2119 887 2188 Principium
932 2118 988 2172 in
1035 2118 1206 2172 sacris
1246 2116 1463 2171 Litteris
1499 2115 1689 2171 Unitas
1732 2117 1948 2171 dicitur.

270 2250 279 2257 ο
365 2212 498 2269 Cum
526 2211 625 2266 hac
663 2211 867 2265 unitate
896 2209 1133 2280 ejusdem
1177 2209 1494 2264 substantia:
1524 2208 1637 2261 alia
1662 2208 1828 2262 virtus
1854 2222 1951 2262 ea:—

2052 1843 2299 1901 Μονάδα
2329 1843 2518 1899 καλεῖ.
2550 1842 2741 1910 Ταύτῃ
2757 1840 2835 1910 τῇ
2855 1841 3075 1912 μονάδι
3110 1840 3487 1912 συνυπάρχει
3535 1843 3637 1897 δύ-

2053 1955 2233 2009 ναμις
2263 1938 2586 2009 ὀμοούσιος
2612 1936 2791 2005 αὐτῇ,
2819 1934 2901 2004 ἢν
2922 1936 3023 1991 καὶ
3053 1936 3250 2003 αὐτὴν
3281 1934 3541 2006 ὀνομάζω
3570 1936 3641 1991 τὸ

2054 2030 2145 2086 ἓν.
2172 2025 2361 2085 Αὗται
2381 2033 2441 2084 αἱ
2463 2029 2769 2099 δυνάμεις,
2794 2026 2832 2095 ἢ
2871 2044 2936 2081 τε
2968 2028 3234 2098 μονότης
3268 2027 3369 2082 καὶ
3401 2029 3637 2097 ἑνότης,

2050 2118 2247 2192 μονάς
2276 2136 2340 2173 τε
2365 2118 2465 2174 καὶ
2499 2118 2566 2173 τὸ
2589 2116 2659 2172 ἐν
2682 2114 3025 2189 προήκαντο
3065 2115 3172 2185 τὰς
3193 2117 3411 2184 λοιπὰς
3436 2119 3643 2188 προϐο-

2054 2211 2172 2278 λὰς
2210 2208 2328 2263 τῶν
2358 2208 2622 2264 Αῑώνων.

365 2304 540 2369 stitit,
583 2318 741 2374 quam
772 2311 821 2356 et
857 2303 1031 2371 ipsam
1076 2317 1241 2356 unum
1287 2300 1517 2373 appello.
1557 2301 1695 2369 Qua:
1735 2301 1945 2372 quidem
1984 2302 2226 2371 virtutes,
2279 2302 2484 2369 unitas,
2512 2302 2763 2373 inquam,
2806 2311 2857 2359 et
2912 2299 3298 2373 singularitus,
3329 2317 3538 2368 manas,
3590 2299 3644 2354 el
3686 2336 3707 2339 —

365 2411 530 2449 unum
569 2408 588 2447 :
613 2393 844 2464 reliquas
875 2388 1115 2445 Eanum
1145 2391 1371 2461 origines
1397 2382 1781 2462 propagarunt.

436 2488 524 2546 Vl.
543 2489 742 2545 Verum
769 2501 933 2559 quam
960 2485 1076 2541 hac
1097 2487 1368 2542 averitate
1384 2488 1718 2543 abhorreant
1742 2486 1954 2556 omnia,

367 2583 570 2655 egregii
593 2580 814 2653 quidam
846 2580 1145 2650 scriptores
1168 2577 1333 2635 editis
1383 2580 1650 2637 adversus
1686 2596 1781 2638 eos
1801 2596 1954 2636 com-

367 2668 653 2725 mentariis
706 2668 1176 2732 demonstrarunt,
1211 2669 1487 2741 praecipue
1531 2685 1662 2726 vero
1699 2669 1956 2727 Clemens

369 2757 790 2821 Alexandrinus,
823 2773 985 2828 quem
1035 2756 1425 2814 Atheniensem
1477 2760 1570 2815 alii
1623 2760 1857 2827 faciunt,
1889 2775 1955 2817 ac

314 2912 317 2917 λ
369 2858 599 2907 sanctus
656 2850 925 2905 lrenaeus:
956 2849 1050 2921 qui
1095 2858 1385 2921 postquam
1427 2851 1552 2908 illos
1585 2852 1797 2919 derisit,
1849 2863 1958 2909 tra-

369 2943 543 3014 gicam
585 2942 730 2996 illam
764 2941 1220 2997 exclamationem
1249 2942 1473 3011 subiicit
1507 2961 1520 2999 :

439 3035 589 3091 ﬂeui
624 3034 761 3090 heu!
796 3033 977 3090 Probl
1011 3035 1174 3106 proh!
1204 3037 1401 3092 merito
1432 3037 1703 3109 siquidem
1726 3037 1861 3095 illud
1888 3038 1957 3095 de

2133 2486 2224 2552 ς’.
2257 2479 2390 2538 Εἶτα
2434 2484 2482 2538 οἱ
2515 2466 2715 2547 καλῶς
2737 2456 3344 2556 συγγραψάμενοι,’καὶ
3386 2484 3646 2558 ἀλήθειαν

2058 2575 2261 2629 τούτων
2290 2576 2346 2629 ὲν
2373 2577 2487 2639 τοῖς
2517 2563 2666 2645 σφῶν
2709 2575 2891 2630 αὐτῶν
2929 2577 3356 2648 συγγράμμασιν
3388 2574 3642 2648 ήλεγξαν,

2058 2668 2294 2739 Κλήμης
2319 2684 2402 2732 τε,
2441 2667 2500 2720 ὄν
2548 2666 2681 2736 φασί
2725 2684 2871 2732 τινες
2911 2667 3274 2742 Ἀλεξανδρέα,
3293 2668 3428 2739 (91),
3466 2670 3647 2742 ἕτεροι

2055 2759 2110 2814 δὲ
2146 2738 2431 2830 Ἀθηναῖον
2454 2775 2467 2788 ·
2491 2758 2627 2813 ἀλλὰ
2662 2759 2754 2812 καὶ
2781 2761 2809 2812 ὁ
2840 2759 2984 2831 ἱερὸς
3010 2738 3298 2841 Εἰρηναζτῖς
3325 2738 3649 2830 καταγελῶν

2057 2850 2239 2908 αὐτῶν
2269 2849 2331 2903 τὸ
2366 2851 2631 2922 τραγικὸν
2665 2852 2864 2917 ἐκεῖνο,
2897 2851 2926 2905 ὃ
2955 2852 3049 2905 ἐπὶ
3082 2853 3196 2917 τοῖς
3226 2853 3649 2925 προειρημένοις

2057 2944 2138 3008 εἰς
2172 2943 2336 3014 μέσον
2371 2942 2551 3014 φέρων
2583 2936 2718 3015 ἧκεν
2741 2958 2756 2973 ·

2143 3036 2269 3102 Ἰοὺ,
2303 3034 2384 3088 ἰού
2404 3051 2417 3065 ·
2451 3035 2547 3090 καὶ
2570 3035 2693 3104 φεῦ,
2738 3034 2841 3106 φεῦ
2867 3035 2978 3108 (92)
2999 3052 3013 3065 ’
3046 3037 3106 3090 τὸ
3136 3035 3396 3109 τραγικὸν
3417 3037 3547 3108 γὰρ,
3571 3036 3648 3100 ὡς

371 3144 532 3185 scena
572 3128 956 3199 depromptum
1006 3128 1075 3183 ad
1104 3142 1225 3184 eam
1261 3129 1547 3186 transferri
1581 3130 1951 3189 calamitatem

2066 3129 2270 3203 ὶληθῶς
2299 3130 2547 3184 ἐπειπεῖν
2574 3127 2742 3193 ἔστιν,
2786 3129 2881 3181 ἐπὶ
2907 3132 2973 3201 τῇ
3002 3129 3225 3203 τοιαύτῃ
3260 3131 3513 3201 συμφορᾷ
3536 3128 3650 3184 τῶν

370 3226 570 3291 potest,
598 3234 761 3290 quam
796 3220 1132 3290 portentosis
1174 3219 1424 3285 vocibus,
1460 3234 1527 3276 ac
1558 3230 1668 3276 tam
1692 3222 1958 3280 effrenata

372 3313 601 3367 audacia
624 3326 893 3383 nugarum
914 3311 990 3366 illi
1018 3312 1319 3383 scriptores
1352 3312 1648 3381 invehunt;
1679 3315 1774 3386 qui
1806 3329 1960 3371 men-

373 3404 545 3460 daciis
583 3405 698 3459 suis
729 3403 854 3458 ficta
880 3404 1129 3474 quadam
1171 3404 1392 3460 nomina
1419 3403 1763 3475 impudenter
1792 3404 1960 3459 affin-

373 3499 524 3561 gunt.
560 3489 697 3545 Nam
756 3506 883 3547 cum
946 3493 1023 3548 ita
1071 3494 1305 3550 scribit:
1339 3494 1476 3548 Ante
1517 3497 1697 3550 omnia
1727 3496 1959 3565 primunt

374 3580 640 3652 quoddam
665 3593 743 3637 est
775 3584 1117 3654 principium,
1150 3601 1213 3643 ac
1241 3586 1497 3655 primum,
1546 3586 1959 3655 intelligentiam

375 3691 580 3729 omnem
626 3691 904 3747 superans,
946 3677 1085 3750 quod
1144 3696 1238 3751 ego
1282 3679 1564 3734 mouadem
1620 3678 1957 3749 appello;ac

376 3782 603 3823 rursum
640 3787 654 3824 :
691 3768 826 3823 llum
871 3770 971 3824 hac
1004 3772 1230 3827 monade
1256 3773 1421 3828 virtus
1446 3772 1675 3841 exsistit,
1719 3787 1879 3844 quam
1907 3780 1958 3828 et

378 3861 553 3929 ipsam
582 3862 1014 3934 singularitatem
1059 3879 1224 3929 voco;
1250 3864 1542 3922 manifeste
1581 3864 1804 3935 fatetur,
1836 3880 1960 3922 esse

377 3951 495 4008 haec
539 3968 661 4024 quae
698 3954 977 4026 pr0posita
1026 3963 1157 4012 sunt
1198 3955 1424 4012 omnino
1478 3954 1747 4023 conﬁcta,
1791 3954 1964 4027 seque

379 4046 576 4102 fabula:
608 4044 736 4102 huic
782 4046 1110 4117 imposuisse
1163 4048 1407 4115 nomina,
1447 4063 1570 4119 quae
1614 4049 1686 4104 ab
1743 4049 1965 4105 nemine

378 4137 646 4195 hactenus
702 4149 967 4211 usurpata
1038 4140 1279 4196 fuerant.
1323 4140 1684 4211 {Proindeque
1758 4140 1979 4196 nemina

378 4230 604 4286 dubium
634 4241 739 4296 cet,
771 4231 905 4301 quin
924 4231 1039 4290 haec
1071 4232 1162 4288 ille
1177 4234 1414 4302 primum
1442 4231 1722 4296 indiderit,
1760 4247 1825 4288 ac
1855 4230 1967 4289 nisi

383 4321 503 4392 ipse
556 4320 613 4376 in
668 4322 775 4376 vita
831 4322 1131 4379 exstitisset
1156 4323 1469 4394 aliquando,
1512 4324 1719 4380 veritas
1777 4325 1965 4397 utique

452 4471 469 4504 ³
504 4469 677 4528 Clem.
711 4469 745 4542 ἢ
774 4470 1014 4536 πάντως.
1084 4472 1295 4535 'Clem.
1331 4474 1514 4545 φύσει.

2058 3223 2126 3276 τὰ
2142 3218 2404 3292 γελοιὼδη
2418 3218 2592 3273 ταῦτα
2612 3219 2968 3291 γεγραφότων
2990 3220 3093 3290 τῆς
3115 3220 3374 3292 τοιαύτης
3393 3220 3650 3291 ὀνοματο-

2058 3312 2240 3376 ποιιας
2268 3311 2364 3365 καὶ
2401 3311 2470 3380 τῇ
2498 3308 2740 3383 τοσαύτῃ
2786 3310 2983 3383 τόλμῃ,
3011 3309 3087 3374 ὡς
3130 3310 3542 3383 άπερυθριάσας
3570 3311 3650 3383 τῷ

2057 3406 2334 3479 ψεύσματι
2367 3405 2555 3472 αὑτοῦ,
2583 3404 2755 3477 ὄνομα
2784 3404 3051 3459 τέθεικεν.
3093 3406 3180 3459 Ἐν
3211 3405 3320 3477 γὰρ
3343 3405 3419 3476 τῷ
3443 3405 3645 3477 λέγειν,

2063 3497 2241 3553 Ἔστι
2266 3515 2358 3565 τις
2390 3496 2662 3567 προαρχὴ
2696 3494 2812 3564 πρὸ
2854 3495 3096 3551 πάντων
3137 3498 3616 3566 προανεννόητος
3630 3538 3647 3564 ,

2061 3587 2141 3657 ἦν
2174 3587 2291 3658 ἐγὼ
2322 3586 2557 3657 μονάδα
2602 3586 2788 3653 καλῶ,
2820 3587 2917 3641 καὶ
2962 3587 3155 3643 πάλινο
3201 3589 3390 3657 Ταύτῃ
3421 3588 3497 3658 τῇ
3535 3606 3648 3660 μο-

2060 3680 2198 3736 νάδι
2226 3679 2609 3750 συνυπάρχει
2636 3680 2910 3750 δύναμις,
2940 3679 3021 3749 ἢν
3046 3679 3145 3734 καὶ
3171 3680 3368 3750 αὐτὴν
3395 3682 3651 3751 ἑνότητα

2063 3771 2355 3844 ὀνομάζω·
2388 3772 2721 3844 σαφέστατα,
2747 3772 2830 3825 ὅτι
2870 3788 2931 3825 τε
2973 3769 3200 3842 πλάσμα
3227 3770 3394 3826 αὐτοῦ
3427 3772 3542 3824 ἐστι
3580 3771 3649 3826 τὰ

2063 3850 2351 3938 εἰρημένα,
2376 3865 2720 3937 ὡμολόγηκε,
2747 3864 2843 3918 καὶ
2870 3863 2953 3917 ὅτι
2982 3862 3143 3928 αὐτὸς
3172 3862 3411 3934 ὀνόματα
3436 3862 3648 3917 τέθεικε

2061 3957 2140 4031 τῷ
2164 3958 2442 4028 πλάσματι
2464 3958 2570 4013 ὑπὸ
2594 3956 2822 4030 μηδενὸς
2856 3956 3121 4029 πρότερον
3146 3955 3308 4010 ἄλλου
3336 3955 3646 4027 τεθειμένα.

2063 4050 2176 4104 Καὶ
2210 4050 2380 4120 σαφές
2405 4050 2573 4115 ἐστιν,
2605 4050 2686 4102 ὅτι
2708 4047 2869 4111 αὐτὸς
2888 4046 3062 4100 ταῦτα
3088 4035 3420 4118 τετόλμηκεν
3451 4047 3642 4120 ὀνομα-

2064 4142 2350 4213 τοποιῆσαι
2369 4158 2383 4172 ο
2413 4141 2508 4194 καὶ
2536 4143 2585 4194 εἰ
2611 4138 2686 4212 μὴ
2724 4138 2908 4211 παρῆν
2932 4139 3011 4210 τῷ
3052 4138 3152 4210 βίῳ
3179 4138 3359 4206 αὐτὸς,
3400 4139 3500 4193 οὐκ
3523 4140 3646 4218 ἂννή

2063 4232 2292 4305 ἀλήθεια
2336 4226 2482 4303 εἶχεν
2528 4230 2721 4303 ὄνομα.
2771 4230 2937 4284 Οὐδὲν
2975 4224 3068 4284 οὖν
3117 4228 3315 4283 κωλύει
3357 4228 3451 4283 καὶ
3490 4228 3648 4285 ἄλλον

2065 4324 2188 4380 τινὰ
2220 4326 2315 4378 ἐπὶ
2338 4324 2438 4395 τῆς
2472 4322 2643 4393 αὐτῆς
2686 4320 2995 4385 ὑποθέσεως
3020 4319 3193 4384 οὕτως
3224 4318 3509 4395 ὁρίσασθαι
3534 4320 3648 4375 ὀνό·

454 4628 566 4700 (90)
605 4629 759 4684 Φασὶ
794 4630 864 4684 δὲ
895 4630 999 4686 καὶ
1019 4625 1207 4687 οὗτοι.
1242 4629 1474 4687 Tertull.
1506 4631 1602 4686 lib.
1633 4642 1818 4687 contra
1857 4632 1958 4688 Va-

2070 4639 2185 4688 tum
2231 4631 2396 4687 etiam
2435 4631 2825 4689 Atheniensem
2870 4646 2903 4686 a
2953 4631 3256 4701 majoribus
3302 4633 3643 4687 nominatum

381 4701 509 4757 lent.
541 4715 592 4756 c.
633 4701 957 4771 572Accipe
1017 4701 1128 4756 alia
1178 4704 1387 4771 ingenia
1432 4704 1636 4757 cicuria
1686 4702 1959 4767 Enniana,

382 4772 691 4845 insignioris
723 4773 862 4845 apud
892 4790 978 4827 eos
1005 4774 1283 4845 magistri;
1313 4775 1403 4845 qui
1433 4789 1497 4827 ea:
1536 4775 1831 4844 pontificali
1864 4791 1967 4830 sua

384 4843 699 4897 auctoritate
724 4843 779 4897 in
804 4844 941 4897 hunc
974 4844 1187 4897 modum
1215 4843 1439 4909 censuit,
1464 4853 1573 4898 etc.

453 4912 572 4984 (91)
591 4912 857 4984 ,Κλήμης
888 4930 983 4978 τε,
1033 4913 1107 4968 ὅν
1155 4914 1308 4984 φασὶ
1345 4932 1500 4980 τινες
1554 4911 1942 4981 Ἀλεξανδρέα

384 4981 488 5050 Qui
540 4981 874 5040 Clementem
926 4986 1099 5052 patria
1141 4981 1532 5040 Atheniensem
1577 4999 1701 5039 esse
1755 4984 1964 5038 diceret

385 5061 585 5126 praeter
649 5054 1032 5126 Epiphanium
1060 5068 1131 5126 ex
1178 5055 1454 5126 veteribus
1503 5055 1611 5126 vidi
1661 5053 1961 5107 neminem.

387 5123 709 5192 Quanquam
748 5140 819 5179 ne
859 5125 905 5179 is
944 5124 1164 5195 quidem
1212 5124 1475 5195 aﬂirmat;
1518 5123 1615 5180 sed
1654 5126 1964 5179 contrarias

386 5196 654 5273 duntasat
696 5194 983 5273 opiniones
1031 5195 1208 5273 affert.
1254 5194 1451 5273 Mirum
1505 5195 1670 5265 igitur
1699 5200 1817 5273 est,
1853 5209 1963 5273 quo

388 5263 586 5320 fretus"
612 5271 836 5318 auctore
892 5265 978 5318 vir
1026 5265 1276 5321 eruditus
1342 5263 1674 5319 Clementem
1731 5263 1963 5319 Athenis

386 5332 683 5389 oriundum
711 5374 725 5398 ,
757 5332 882 5404 sed_
902 5334 1049 5403 quod
1079 5333 1422 5389 Alexandriae.
1457 5334 1648 5404 perdiu
1692 5333 1963 5404 docuerit,

387 5404 814 5460 Alexandrinum
862 5402 1031 5459 fuisse
1089 5412 1199 5473 tam
1245 5402 1627 5460 asseveranter
1658 5403 1962 5473 scripserit.

387 5474 491 5540 Qui
528 5475 599 5529 ob
632 5489 750 5527 eam
786 5487 1007 5528 causam
1056 5472 1207 5528 addit
1255 5488 1285 5526 a
1326 5473 1628 5542 majoribus
1659 5476 1743 5542 (ut
1771 5472 1963 5529 auctor

387 5551 475 5624 est
521 5542 892 5624 Epiphanius)
938 5552 1054 5598 tum
1104 5543 1569 5624 Alexandrinum)
1625 5553 1740 5597 tum
1794 5544 1960 5624 etiam

387 5613 774 5683 Atheniensem
805 5613 928 5669 esSe
969 5613 1333 5667 nominatum.
1383 5614 1547 5683 Atqui
1583 5628 1852 5683 nusquam
1883 5615 1959 5679 id,

390 5680 538 5742 quod
590 5682 679 5735 ille
723 5692 906 5749 putat,
959 5682 1294 5750 Epiphanius
1346 5680 1960 5749 tum‘Alexan'drinum,

2067 4718 2192 4758 esse
2254 4703 2591 4757 Clementem
2668 4703 2897 4772 asserit,
2956 4702 3104 4772 quod
3165 4703 3391 4757 Athenis
3456 4712 3643 4767 ortus,

2061 4772 2409 4845 Alexandriae
2440 4772 2741 4845 docuisset.
2779 4771 2886 4829 Sed
2918 4771 2989 4828 de
3015 4772 3190 4845 patria
3212 4773 3479 4828 duntaxat
3498 4775 3647 4829 varie

2067 4844 2342 4916 quosdam
2363 4843 2605 4916 sensisse
2638 4849 2886 4916 narrat._
3017 4843 3030 4845 '
3052 4859 3102 4916 μ·

2137 4913 2248 4984 (92)
2296 4912 2444 4978 Ἰοὺ,
2480 4912 2605 4984 iob,
2640 4914 2739 4966 καὶ
2772 4911 2921 4984 φεῦ,
2968 4911 3103 4984 φεῦ.
3159 4910 3241 4984 A_d
3286 4911 3406 4984 hare
3457 4911 3644 4967 Irenaai

2061 4981 2237 5038 verba
2257 4984 2495 5053 respexit
2531 4981 2808 5038 Tertulla:
2852 4981 2921 5037 In
2949 4981 3143 5037 scholis
3181 4981 3644 5053 Carthaginiensi-

2064 5054 2159 5108 bus
2202 5053 2303 5123 fuit
2341 5051 2955 5124 quidant_rigidissimus
2986 5052 3162 5106 rhetor
3203 5051 3645 5124 Latinus,_l’lms-

2061 5121 2256 5194 phorus
2292 5121 2521 5178 nomine.
2547 5121 2682 5177 Cum
2714 5124 2885 5177 virum
2911 5124 3100 5194 fortem
3122 5133 3394 5194 peroraret
3413 5140 3432 5178 :
3458 5121 3641 5184 Venio,

2064 5193 2254 5265 inquit,
2292 5194 2361 5247 ad
2391 5211 2503 5265 vos,
2543 5194 2728 5261 optimi
2760 5194 2914 5259 cives,
2949 5193 3014 5247 de
3052 5193 3239 5265 prielio
3278 5194 3645 5265 cantrictoria

2064 5262 2218 5327 mea,
2269 5281 2389 5318 cum
2433 5264 2687 5334 felicitate
2734 5269 2944 5327 vestra,
2987 5263 3310 5334 ampliatus,
3343 5262 3642 5334 gloriosus,

2064 5331 2767 5406 fortunatusfrmaximus,
2812 5333 3173 5406 triumphalis.
3216 5331 3286 5385 Et
3329 5332 3646 5406 Scholastici

2063 5401 2267 5459 statim.
2296 5405 2520 5474 familiae
2568 5402 2865 5473 Phosphori
2914 5402 3015 5474 φεῦ
3061 5401 3406 5474 acclamant__;
3428 5402 3645 5455 Audisti

2068 5471 2450 5541 Fortunatam,
2472 5485 2520 5529 et
2550 5471 2841 5537 Hedonem,
2862 5483 2910 5528 et
2927 5471 3239 5533 'Acinetum,
3271 5485 3319 5526 et
3354 5471 3592 5526 'l‘eletun:
3623 5487 3645 5524 :

2068 5549 2307 5601 acclama
2328 5547 2551 5616 familia:
2576 5544 2852 5616 Ptolennei
2874 5544 2997 5616 ςρεῦ.
3020 5542 3344 5616 Quanquam
3375 5541 3477 5616 φεύ
3500 5541 3642 5610 apud

2069 5616 2209 5672 lt'eu.
2248 5612 2671 5689 σχετλιαστικόν,
2697 5616 2842 5687 apud
2873 5612 3105 5671 Tertull.
3136 5612 3507 5684 θαυμαστικόν
3537 5624 3641 5669 est.
