4004 6164
371 290 484 350 553

1096 291 1469 351 ADVERSUS
1508 289 1858 349 HALRESES
1895 288 2025 348 LIB.
2069 289 2110 347 I.
2151 290 2316 350 ΤΟΜ.
2358 290 2422 351 Il.
2464 325 2532 337 -—
2573 293 2847 352 llERES.
2882 293 3098 353 XXXII.

3562 292 3672 353 554

373 422 544 478 ματα.
577 400 712 461 Εἶτα
736 404 921 463 λοιπὸν
950 409 1031 473 είς
1062 408 1235 463 ταῦτα
1278 409 1442 473 αὐτὸς
1469 412 1499 462 ὁ
1532 408 1803 481 μακάριος
1842 411 1955 463 ἐπί-

2075 413 2298 483 proprio
2333 413 2554 468 nomine
2599 414 2842 468 caritura
2909 414 3093 470 fuerit.
3141 412 3287 481 Quid
3331 412 3495 483 igitur
3541 426 3672 484 pro-

374 514 579 561 σκοπος
608 499 923 571 Εἰρηναῖος,
963 492 1040 563 ὥς
1069 516 1132 569 γε
1178 501 1541 573 προείπαμεν,
1575 500 1837 573 γελοιώδη
1869 502 1967 573 ρή-

373 610 523 665 ματα
562 595 658 647 καὶ
699 594 864 659 αὐτὸς
899 598 1183 665 προεῖπεν,
1215 595 1591 666 ὲτερωνυμίαν
1618 593 1712 663 ἀφ’
1748 592 1966 659 ἑαυτοῦ,

365 684 443 750 ὡς
485 667 714 753 ἀντάξια
758 686 859 757 τῆς
908 685 1088 740 αὐτῶν
1142 685 1415 757 ληρῳδίας
1463 685 1963 757 χαριεντιζόμενος,

366 778 622 832 πεπόνων
652 778 806 850 γένη,
836 778 931 832 καὶ
961 778 1186 842 σικύων,
1222 779 1315 831 καὶ
1346 778 1709 843 κολοκυνθῶν,
1746 778 1823 843 ὡς
1867 780 1964 833 ἐπὶ

366 871 746 942 ὑποκειμένων
775 872 937 925 τινῶν
979 871 1443 943 ἐπιπλασάμενος,
1486 872 1562 936 ὼς
1596 875 1710 936 τοῖς
1749 871 1961 942 φιλολὸο

363 979 484 1028 γοις
514 965 684 1034 σαφὲς
719 964 785 1018 ἂν
813 966 899 1036 εἴη
926 964 1019 1034 ἀφ’
1047 958 1122 1019 ὧν
1146 964 1590 1037 προανέγνωσαν.

2075 505 2228 560 hibet
2276 505 2443 560 alium
2498 507 2800 577 quemlibet
2857 508 2911 562 in
2962 507 3153 563 eadem
3221 506 3451 563 materia
3512 513 3669 561 certa

2073 596 2339 652 vocabula
2411 597 2790 654 constituere?
2841 596 3023 665 Quare
3091 604 3316 655 sanctus
3374 596 3671 669 episc0pus

2072 687 2335 755 lrenaaus,
2362 698 2422 745 ut
2453 690 2719 757 diximus,
2747 690 2982 746 ridicula
3017 692 3268 762 quadam
3323 691 3571 752 nomina,
3605 703 3670 743 ac

2070 796 2169 852 per
2191 781 2377 850 jocum
2416 797 2449 837 a
2493 782 2678 853 seipse
2724 784 3032 855 composita
3094 782 3342 854 subiicit,
3401 791 3669 853 tanquam

2068 873 2288 930 illorum
2316 874 2478 944 nugis
2511 884 2924 931 consentanea:
2973 875 3282 945 cujusmodi
3335 885 3463 930 sunt
3502 888 3671 946 pepo-

2066 978 2197 1019 num
2230 978 2295 1018 ac
2353 964 2790 1029 cucurbitarum,
2825 971 2921 1020 aut.
2958 964 3408 1037 colocyntbarum
3441 979 3667 1035 genera,

364 1069 600 1125 quorum
658 1057 1049 1127 aprellationes
1087 1056 1254 1113 certis
1321 1057 1485 1112 rebus
1524 1055 1804 1114 attribuit:
1859 1056 1911 1111 id
1944 1056 2089 1127 quod
2141 1056 2341 1112 eruditi
2365 1055 2795 1113 hominesfaeile
2826 1073 2894 1112 ex
2942 1058 3011 1113 iis
3051 1071 3173 1128 qua!
3212 1063 3374 1112 antea
3409 1056 3668 1128 legerint.

365 1148 823 1207 animadverterit.

433 1263 507 1316 Z'.
542 1263 727 1317 Ἀλλοι
749 1262 807 1317 δὲ
837 1265 1002 1319 πάλιν
1021 1266 1204 1329 ,αὐτῶν
1225 1266 1323 1338 τὴν
1356 1266 1583 1339 πρώτην
1605 1266 1700 1322 καλ⁵
1725 1266 1955 1339 ἀρχέγο-

298 1358 301 1361 ’
362 1373 454 1411 νον
497 1354 756 1426 Ὀγδοάδα
785 1358 995 1423 τούτοις
1027 1362 1139 1425 τοῖς
1168 1359 1393 1431 ὀνόμασι
1436 1361 1772 1432 κεκλήκασι·
1810 1361 1960 1433 πρῶ-

361 1463 454 1501 τον
486 1447 798 1521 Προαρχὴν,
827 1447 1020 1503 ἔπειτα
1063 1450 1402 1521 Ἀνενόητον·
1433 1451 1531 1523 τὴν
1553 1451 1610 1505 δὲ
1644 1452 1835 1524 τρίτην
1861 1451 1960 1523 ἄῤ-

2141 1262 2255 1321 Vll.
2289 1264 2559 1321 Caeterum
2617 1266 2864 1320 nonnulli
2918 1281 2984 1320 ex
3046 1265 3156 1321 illis
3208 1265 3443 1335 primam
3502 1273 3669 1335 atque

2067 1358 2507 1430 antiquissimam
2569 1356 2882 1428 Ogdoadem
2927 1358 3061 1415 iisce
3132 1358 3453 1414 nominibus
3525 1358 3668 1414 insi-

2064 1452 2281 1523 gniunt.
2316 1450 2557 1505 Primam
2574 1452 2721 1505 enim
2755 1465 2878 1506 esse
2908 1457 3157 1505 statuunt
3184 1447 3527 1515 Proarchen,
3558 1450 3668 1505 hoc

365 1539 553 1608 ῥητον,
593 1538 687 1591 καὶ
726 1538 825 1611 τὴν
865 1540 1136 1612 τετάρτην
1177 1541 1439 1613 ἀόρατον·
1488 1542 1583 1595 καὶ
1609 1542 1674 1595 ὲκ
1710 1542 1810 1614 μὲν
1857 1542 1955 1613 τῆς

2066 1546 2398 1616 estprimum
2429 1546 2664 1599 omnium
2702 1543 3031 1614 Principium
3061 1560 3081 1608 ;
3117 1553 3232 1599 tum
3257 1546 3665 1611 Anennoetum,

362 1627 587 1702 πρώτης
620 1631 911 1702 Προαρχῆς
937 1631 1342 1704 προϐεϐλῆσθαι
1367 1632 1569 1705 πρώτῳ
1592 1633 1688 1687 καὶ
1721 1633 1955 1707 πέμπτῳ

2066 1638 2184 1695 sive
2233 1636 2374 1709 quod
2430 1638 2779 1708 intelligentia
2824 1638 2943 1706 capi
2995 1653 3096 1691 non
3148 1646 3374 1705 potest;
3436 1637 3665 1692 tertium

359 1720 535 1792 ἀρχὴν
570 1723 608 1787 ⁸,
645 1724 709 1777 ἐκ
737 1723 793 1776 δὲ
829 1726 950 1796 (τῆς
977 1724 1156 1798 ἀρχῆς
1176 1724 1318 1797 [95])
1348 1724 1448 1796 τῆς
1494 1726 1810 1798 Ἀνενοήτου
1836 1726 1955 1781 δευ-

2066 1729 2485 1803 inexplicabile;
2518 1738 2775 1799 quartum
2818 1729 3105 1795 Aoratum,
3152 1712 3206 1784 iil
3255 1739 3340 1787 est
3387 1741 3663 1800 aspectant

356 1812 505 1884 τέρῳ
516 1814 610 1866 καὶ
627 1813 771 1886 ἐκτῳ
795 1815 947 1888 τόπῳ
976 1817 1383 1887 ἀκατάληπτον.
1407 1818 1497 1871 Ἐκ
1516 1816 1573 1870 δὲ
1595 1818 1696 1890 τῆς
1720 1820 1955 1892 ἀρρήτου

2068 1822 2298 1893 fugiens.
2357 1819 2477 1875 Jam
2525 1836 2554 1875 a
2601 1819 2879 1878 Proarche
2927 1822 3139 1893 primo,
3183 1836 3248 1877 ac
3279 1823 3472 1893 quinto
3511 1822 3659 1888 loco,

359 1906 532 1978 τρίτῳ
578 1909 675 1962 καὶ
732 1908 949 1981 ἑϐδόμῳ
995 1910 1149 1982 τόπῳ
1199 1910 1600 1982 ἀνονόμαστον’
1648 1911 1714 1966 ἐκ
1756 1912 1814 1967 δὲ
1864 1913 1955 1986 τῆς

2066 1912 2232 1987 214
2271 1914 2601 1985 principium
2635 1921 2909 1970 exortum.
2948 1914 3286 1987 Aprincipio
3320 1931 3471 1982 vero,
3510 1917 3660 1987 quod

373 1998 632 2070 Ἀοράτου
651 1999 968 2072 Ἀγέννητον
1026 2002 1298 2073 πλήρωμα
1320 2002 1419 2073 τῆς
1447 2000 1671 2075 πρώτης
1695 2005 1715 2036 ³
1745 2003 1965 2073 Ὀγδοά-

357 2088 470 2152 δος.
511 2089 730 2154 Ταύτας
782 2089 1065 2162 βούλονται
1115 2093 1214 2156 τὰς
1266 2092 1527 2165 δυνάμεις
1584 2094 1962 2167 προϋπάρχειν

357 2181 453 2236 τοῦ
484 2182 657 2237 Βυθοῦ
683 2184 777 2237 καὶ
802 2185 901 2256 τῆς
930 2186 1118 2257 Σιγῆς,
1152 2185 1239 2239 ἵνα
1264 2186 1487 2241 τελείων
1518 2187 1842 2261 τελειότεροι
1868 2207 1963 2259 φακ-

357 2273 525 2327 νῶσιν
575 2273 746 2339 ὄντες,
792 2274 886 2329 καὶ
930 2274 1248 2344 γνωστικῶν
1301 2274 1771 2348 γνωστικώτεροι·
1824 2276 1961 2348 πρὸς

357 2365 452 2432 οὓς
484 2367 709 2432 δικαίως
740 2367 807 2421 ἄν
849 2385 935 2432 τις
976 2370 1406 2441 ἐπιφωνήσειενσ
1443 2364 1514 2422 Ὦ
1545 2368 1828 2441 ληρολόγοι
1870 2386 1960 2423 σο-

358 2460 582 2530 φισταίί
614 2460 727 2514 Καὶ
767 2459 877 2532 γὰρ
917 2462 1047 2534 περὶ
1086 2461 1253 2517 αὐτοῦ
1282 2461 1378 2517 τοῦ
1423 2460 1599 2515 Βυθοῦ
1638 2461 1829 2516 πολλαὶ
1864 2463 1958 2516 καὶ

354 2552 605 2629 διάφοροι
626 2552 843 2623 γνῶμαι
872 2555 1004 2625 παρ’
1037 2554 1219 2620 αὐτοῖς
1243 2572 1258 2588 ο
1283 2555 1331 2608 οί
1366 2554 1465 2625 μὲν
1495 2554 1604 2626 γὰρ
1641 2554 1803 2609 αὐτὸν
1823 2553 1956 2620 ἄζυ-

356 2662 455 2714 γον
482 2644 722 2714 λέγουσι,
761 2646 902 2718 μήτε
934 2645 1162 2718 ἄρρενα,
1203 2648 1340 2717 μήτε
1372 2644 1615 2717 θήλειαν,
1652 2646 1789 2718 μήτε
1822 2645 1957 2712 ὅλως

356 2738 487 2792 ὅντα
514 2755 597 2792 τι’
627 2738 778 2794 ἄλλοι
819 2739 876 2794 δέ
915 2740 1285 2812 ἀρρενόθηλυν
1323 2739 1486 2793 αὑτὸν
1510 2739 1760 2809 λέγουσιν
1787 2734 1951 2806 εἶναι,

358 2830 760 2903 ἐρμαφροδίτου
809 2829 970 2902 φύσιν
1016 2830 1167 2901 αὐτῷ
1212 2830 1629 2901 περιάπτοντες.
1681 2830 1845 2901 Σιγὴν
1898 2831 1955 2884 δὲ

357 2923 521 2977 πάλιν
553 2922 702 2976 ἄλλοι
739 2921 1051 2976 συνευνέτιν
1087 2920 1237 2992 αὐτῷ
1273 2921 1701 2993 προσάπτουσιν,
1739 2920 1826 2974 ἵνα
1859 2920 1953 2989 γέ-

356 3032 517 3086 νηται
562 3013 752 3087 πρώτη
788 3013 1040 3085 συζυγία,
1070 3012 1165 3067 καὶ
1206 3014 1271 3066 ἐκ
1302 3012 1492 3066 τούτου
1531 3013 1626 3066 καὶ
1662 3014 1725 3066 ἐκ
1748 3013 1950 3085 ταύτης

2064 2003 2447 2059 Anennoetum
2482 2012 2699 2072 vocant,
2757 2005 3005 2061 secundo
3055 2014 3322 2079 sextoque
3360 2008 3489 2063 loco
3536 2023 3666 2079 pro.

2064 2093 2289 2150 ductum
2319 2096 2723 2167 Acataleptum,
2761 2097 2868 2153 hoc
2890 2106 2975 2154 est
3004 2099 3557 2169 incompreltensibile.
3579 2102 3664 2159 Ab

2063 2184 2432 2255 inexplicabili
2462 2186 2659 2242 deinde
2693 2189 2857 2243 tertio
2901 2188 3022 2243 loco
3052 2204 3116 2244 ac
3151 2190 3386 2261 septimo
3426 2190 3658 2247 Δηοηο-

2061 2285 2336 2346 mastum,
2393 2281 2509 2335 sive
2575 2280 2977 2335 innominabite.
3028 2281 3254 2337 Demum
3325 2284 3395 2339 ab
3453 2286 3661 2341 Aorato

2059 2373 2425 2442 Agennetum,
2477 2371 2592 2427 sive
2625 2372 2936 2444 lngenitnm
2978 2373 3253 2443 prodiissc
3286 2376 3474 2445 prima:
3508 2376 3660 2434 illius

2060 2459 2334 2532 Ogdoadis
2401 2461 2887 2531 complementum.
2929 2459 3042 2517 llas
3100 2461 3178 2516 illi
3231 2464 3463 2519 virtutes
3524 2471 3656 2521 ante

2059 2551 2274 2627 Bython
2333 2566 2399 2607 ac
2454 2551 2618 2624 Sigen
2656 2553 2936 2609 exstitisse
2974 2561 3224 2618 censent,
3283 2561 3340 2608 ut
3390 2557 3657 2627 perfectis

2058 2640 2442 2713 perfectiores,
2506 2653 2671 2715 atque
2733 2645 3164 2717 intelligentibus
3205 2647 3656 2718 intelligentiores

2056 2750 2182 2793 esse
2234 2736 2545 2794 videantur.
2598 2735 2643 2791 Ο
2681 2736 3040 2808 nugacissimi
3102 2737 3503 2811 vanissimique
3565 2755 3659 2795 so.

2059 2828 2287 2899 phistael
2336 2829 2429 2885 Sic
2482 2830 2632 2886 enim
2709 2844 2805 2885 eos
2852 2830 2977 2900 jure
3024 2831 3302 2902 quispiam
3388 2833 3653 2903 appellet.

2056 2919 2191 2975 Nam
2216 2928 2270 2976 et
2296 2920 2364 2976 de
2389 2920 2563 2992 Byllio
2597 2919 2779 2992 plures
2814 2928 2943 2976 sunt
2970 2920 3113 2991 apud
3152 2920 3278 2977 illos
3331 2922 3559 2993 alioqui,
3587 2938 3655 2981 ae

2057 3012 2441 3084 discrepantes
2508 3012 2810 3069 sententias.
2863 3011 3101 3082 Quidam
3177 2994 3326 3068 enim
3402 3015 3653 3086 mjugein

354 3111 425 3163 τὰ
455 3108 758 3163 κατάλοιπα
780 3105 925 3160 οὕτω
953 3107 1505 3178 δραματουργήσωσι.
1538 3105 1649 3160 Καὶ
1670 3103 1839 3176 πολλή
1870 3122 1953 3169 τις

2066 3108 2211 3162 illum
2251 3121 2374 3163 esse
2400 3106 2693 3173 detiniunt,
2727 3122 2828 3162 nec
2861 3120 3069 3162 marem
3101 3106 3336 3169 scilicet,
3364 3123 3468 3162 nec
3493 3106 3647 3163 femi-

355 3202 416 3254 ἐν
444 3201 627 3264 αὐτοῖς
652 3202 686 3272 ἠ
718 3201 797 3264 εἰς
828 3197 996 3252 ὕπνον
1025 3197 1194 3268 βαθὺν
1229 3198 1321 3250 τὸν
1348 3197 1471 3250 νοῦν
1497 3197 1677 3250 αὐτῶν
1709 3198 1951 3267 καταφέ-

359 3312 529 3368 ρουσα
557 3294 622 3365 λη
633 3294 849 3366 ρολόγος
880 3290 1244 3364 όνειροπολία.

2060 3213 2211 3266 nam,
2231 3214 2408 3268 neque
2432 3198 2660 3254 omnino
2677 3197 2904 3253 alterius
2923 3199 3141 3270 generis
3161 3198 3308 3253 aliud
3324 3199 3649 3270 quidquam.

2064 3290 2172 3344 Alii
2205 3297 2502 3359 utrumque
2535 3288 2585 3344 ei
2621 3303 2812 3345 sexum
2857 3287 3200 3353 attribuunt,
3258 3294 3313 3343 et
3363 3288 3644 3359 Androgy-

355 3408 491 3447 num
514 3389 749 3446 faciunt.
789 3388 956 3459 Sigen
985 3403 1151 3459 porro
1189 3385 1279 3443 alii
1318 3387 1608 3458 coniugem
1637 3385 1784 3441 illius
1822 3398 1947 3441 esse
1984 3382 2196 3448 dicunt,
2228 3390 2288 3436 ut
2349 3383 2452 3437 hoc
2478 3397 2575 3453 par
2633 3381 2705 3438 sit
2744 3380 2992 3436 omnium
3061 3379 3543 3450 antiquissimum:
3583 3396 3652 3437 ex

354 3499 468 3554 quo
496 3491 691 3539 caatera
723 3482 789 3537 ad
823 3497 948 3537 eum
984 3478 1207 3536 modum
1260 3481 1405 3534 velut
1464 3480 1740 3534 scenicam
1783 3476 2025 3532 tabulam
2091 3478 2404 3547 pertexu'nt.
2468 3475 2546 3529 Ita
2602 3488 2817 3529 summa
2863 3479 2951 3527 est
2990 3472 3133 3544 apud
3189 3472 3337 3542 ipsos
3378 3486 3651 3542 nugarum

354 3593 421 3635 ac
448 3578 785 3636 somniorum
819 3576 1061 3640 licentia,
1084 3574 1286 3647 quibus
1325 3589 1515 3629 eorum
1536 3589 1693 3630 mens
1737 3574 2010 3629 altissimo
2034 3571 2274 3643 quodam
2305 3579 2531 3625 veterno
2565 3585 2629 3624 ac
2659 3583 2856 3641 sopore
2884 3568 3176 3623 detinetur.

424 3689 538 3743 Kal
561 3688 615 3741 τί
653 3705 743 3760 μοι
770 3687 863 3741 ἐπὶ
904 3687 966 3740 τὸ
1007 3687 1143 3741 πολὺ
1189 3685 1639 3758 κατατρίϐεσθαι,
1688 3684 1950 3759 φωρατῆς

352 3778 522 3851 οὓσης
548 3780 647 3852 τῆς
676 3782 799 3833 κατ’
837 3778 1035 3842 αὐτοὺς
1064 3777 1394 3842 ὑποθέσεως,
1415 3760 1524 3832 ’καὶ
1559 3776 1654 3831 τοῦ
1702 3779 1822 3832 κατ’
1854 3778 1951 3832 αὐ-

352 3871 480 3935 τοὺς
509 3870 732 3941 ἐλέγχου
761 3870 856 3924 καὶ
895 3868 1209 3941 ἀνατροπῆς
1245 3867 1352 3921 ἀπὸ
1380 3865 1488 3921 τῶν
1533 3865 1948 3938 προειρημένων

353 3965 522 4017 παντὶ
542 3963 620 4035 τῷ
650 3963 959 4035 βουλομένῳ
981 3963 1081 4034 τῆς
1106 3961 1251 4032 ζωῆς
1280 3959 1446 4015 αὐτοῦ
1474 3958 1715 4031 ἔχεσθαι,
1746 3959 1842 4013 καὶ
1871 3957 1947 4030 μὴ

351 4054 669 4110 ἀπατᾶσθαι
690 4058 867 4119 κενοῖς
900 4054 1087 4126 μύθοις
1112 4071 1129 4121 ;
1172 4051 1331 4107 Ἀλλὰ
1356 4051 1531 4106 ταῦτά
1561 4067 1650 4122 μοι
1676 4050 1804 4120 περὶ
1824 4048 1947 4102 τού-

352 4165 464 4202 των
512 4149 772 4220 εἰρήσθω.
824 4145 1120 4220 Παρελθὼν
1165 4146 1220 4200 δέ
1265 4143 1491 4215 ταύτην,
1533 4143 1627 4197 ἐπὶ
1672 4142 1771 4207 τὰς
1819 4141 1946 4214 ἑξῆς

351 4241 724 4314 διασκοπήσω,
760 4239 879 4296 ὁδὸν
914 4238 1137 4311 ἐμαυτῷ
1172 4236 1388 4307 ἀσφαλῆ
1419 4236 1514 4290 καὶ
1551 4234 1738 4307 τρίϐον
1770 4233 1942 4298 λείαν,

352 4335 523 4399 ὅπως,
551 4334 651 4399 τὰς
682 4334 886 4389 τούτων
920 4332 1221 4406 μοχθηρίας
1242 4328 1453 4395 διεξιών
1475 4346 1534 4382 τε
1559 4330 1653 4382 καὶ
1682 4326 1944 4398 ἐλέγχων,

2131 3683 2456 3754 Quanquam
2492 3683 2623 3754 quid
2675 3681 2761 3735 hic
2801 3695 2900 3751 ego
2940 3679 3148 3734 diutius
3183 3679 3476 3743 immorer;
3520 3690 3647 3731 cum

2058 3778 2238 3848 ipsum
2292 3791 2388 3847 per
2416 3790 2539 3831 sese
2582 3775 2802 3829 illorum
2852 3781 3234 3842 argumentum
3298 3784 3459 3823 omne
3491 3768 3649 3823 facile

2056 3866 2340 3937 prodatur,
2388 3873 2756 3935 appareatque
2797 3863 2882 3917 vel
2925 3877 2988 3915 ex
3052 3861 3120 3916 iis
3150 3876 3272 3932 qua:
3330 3860 3475 3913 dicta
3518 3870 3647 3915 sunt

2056 3958 2517 4030 quemadmodum
2580 3956 2750 4011 everti
2793 3953 3160 4023 convincique
3217 3952 3428 4023 possit?
3473 3952 3554 4006 Sit
3600 3953 3646 4006 is

2055 4051 2220 4107 modo
2273 4050 2569 4122 quispiam,
2629 4048 2723 4120 qui
2770 4048 3036 4104 inhmrere
3087 4045 3213 4101 vita:
3264 4044 3479 4115 cupiat,
3542 4060 3643 4099 nec

2056 4144 2396 4201 inanissimis
2425 4143 2596 4213 nugis-
2636 4156 2699 4196 ac
2726 4139 3034 4196 mendaciis
3069 4138 3269 4210 decipi.
3321 4137 3427 4193 Sed
3475 4137 3544 4193 de
3575 4138 3643 4191 iis

2055 4241 2344 4295 hactenus.
2383 4237 2494 4292 Nos
2531 4235 2637 4292 hac
2681 4234 2876 4291 haeresi
2928 4232 3318 4305 praetermissa,
3351 4237 3528 4284 tutum
3573 4231 3643 4285 ad

2055 4340 2283 4386 caeteras
2323 4331 2445 4394 iter,
2490 4342 2553 4382 ac
2593 4326 2817 4397 planum
2860 4322 3287 4396 prospiciemus,
3321 4330 3381 4376 ut
3420 4320 3475 4375 in
3523 4319 3616 4374 illo

353 4425 591 4497 ἐμαυτόν
620 4444 680 4480 τε
709 4427 802 4481 καὶ
833 4427 959 4490 τοὺς
991 4423 1287 4486 ἀκούοντας
1311 4424 1368 4476 ἐν
1397 4424 1462 4493 τῇ
1502 4420 1598 4474 τοῦ
1622 4419 1758 4474 Θεοῦ
1785 4419 1939 4474 δυνά-

2066 4438 2178 4477 rnm
2249 4419 2587 4477 recensenda
2667 4417 3112 4487 confutanilaque
3194 4413 3440 4485 nequitia
3512 4427 3636 4466 cum

356 4534 450 4589 μει
480 4517 730 4572 διασώσω
766 4518 854 4571 διὰ
897 4518 997 4588 τῆς
1022 4516 1116 4570 τοῦ
1169 4514 1372 4585 Κυρίου
1408 4513 1567 4585 ἡμῶν
1599 4511 1948 4575 διδασκαλίας

2066 4514 2501 4585 nobismetipsis,
2546 4519 2661 4567 tum
2696 4512 2817 4566 aliis
2873 4524 3095 4580 quoque
3144 4507 3333 4561 divina
3384 4520 3486 4576 cpe
3517 4504 3641 4559 freti

354 4609 449 4663 καὶ
472 4608 734 4680 ἀληθινῆς
759 4608 1011 4680 θεωρίας,
1034 4607 1111 4671 ὡς
1157 4605 1423 4675 Μύαγρον
1465 4602 1669 4674 ταύτην
1701 4601 1800 4674 τὴν
1829 4600 1942 4672 ἐχιτ

2066 4606 2344 4663 consulere
2396 4607 2694 4677 possimus.
2730 4602 2903 4669 Quam
2938 4601 3006 4656 ad
3041 4615 3155 4656 rem
3201 4597 3416 4654 Domini
3460 4596 3637 4650 nostri

352 4701 501 4769 δναν,
538 4701 637 4774 τὴν
666 4701 889 4765 πολλαῖς
916 4700 1131 4771 ἑτέραις
1161 4698 1395 4769 ἐχίδναις
1413 4697 1675 4763 ἐοικυῖαν,
1700 4694 1779 4765 τῷ
1812 4695 1943 4749 ὐπο-

2066 4699 2362 4756 1octrinam
2394 4714 2458 4753 ac
2476 4697 2820 4752 notissimam
2847 4695 3094 4750 veritatis
3120 4691 3636 4762 contemplationem

349 4790 654 4865 deﬁniam"
675 4792 768 4847 τοῦ
798 4790 1132 4861 Εὐαγγελίου
1162 4788 1274 4858 (94)
1304 4787 1811 4855 καταπατήσαντες,
1842 4782 1941 4848 τὰς

2066 4790 2463 4853 adhibebimus,
2518 4796 2578 4843 ut
2638 4789 2785 4842 illam
2852 4786 3113 4858 Myagron
3176 4787 3457 4857 viperam,
3516 4779 3638 4856 qua:

351 4881 481 4954 ἑξῆς
509 4884 776 4955 διασκοπή
786 4900 987 4957 σωμεν.

2066 4879 2410 4949 plurimarum
2460 4878 2693 4931 aliarum
2741 4877 2941 4932 similis
2977 4887 3083 4938 est,
3127 4877 3277 4931 velut
3319 4877 3635 4947 evangelica

2046 4969 2229 5024 calceo
2248 4968 2655 5038 proculcantes,
2677 4974 2907 5021 caeteras
2943 4965 3347 5037 aggrediamur.

426 5179 592 5234 ‘Iren.
624 5179 776 5249 τόπῳ
807 5178 929 5249 άρχ.
969 5176 1094 5232 Haec
1126 5184 1307 5230 autem
1334 5174 1456 5246 (τῆς
1480 5172 1674 5247 ἀρχῆς)
1709 5172 1810 5243 τῆς
1850 5174 1955 5225 άνεπ

352 5253 373 5284 ⁸
410 5249 470 5305 F.
503 5249 831 5321 ὑποδήματι.

2066 5188 2172 5243 ιτου
2225 5186 2333 5226 ιιοη
2370 5170 2557 5227 habet.
2639 5174 2658 5203 ¹
2686 5171 2829 5226 Iren.
2851 5169 3113 5242 τετάρτῳ,
3145 5168 3239 5223 καὶ
3265 5166 3435 5238 ὀγδόῳ
3460 5164 3641 5237 τόπῳ,

458 5291 470 5305 .
503 5266 831 5319 υποοηματι.

425 5452 535 5524 (95)
586 5453 688 5505 Ἐκ
712 5450 780 5503 δὲ
801 5449 911 5519 τῆς
932 5449 1145 5524 ἀρχῆς.
1178 5448 1307 5524 ιρε.
1340 5449 1403 5524 ἐκ
1424 5446 1609 5524 δὲῇτῆς
1640 5446 1925 5524 ἁνενοητού
2032 5444 2339 5524 tounlegit.‘
2392 5517 2404 5524 _
2508 5514 2533 5524 Α
2578 5516 2589 5524 _
2876 5513 2899 5523 δ
2942 5514 3007 5524 ___
3164 5518 3167 5521 ν

346 5510 608 5607 δεύτέρῳ,
635 5531 772 5602 ete_.,.
801 5510 871 5603 ut‘
889 5510 1051 5607 voces
1076 5510 1204 5584 illm,
1236 5510 1541 5607 «ﬁgam;
1562 5510 1578 5581 ζ
1600 5510 1928 5607 parenthesi

2107 5510 2245 5602 (94):
2266 5511 2761 5607 Τῇὺποδείγξιατι
2797 5513 2913 5607 τοῦ.
2934 5514 3323 5607 Εὑαγγέλίίξξι.
3352 5510 3624 5607 (ioniiciej

348 5582 871 5648 inclusaé'ascititiaa
909 5582 1217 5645 videantur.
1264 5582 1831 5659 Ciljn's"eopt'rarinm
1864 5586 1926 5659 ah
2036 5586 2160 5639 bam
2200 5582 2518 5659 ὑποδήματι
2546 5582 3011 5659 substituendum
3059 5600 3199 5659 esse.
3245 5582 3402 5659 Quod
3444 5584 3489 5637 si
3534 5582 3626 5638 cui

347 5664 537 5733 aperis
565 5671 648 5715 est
684 5662 885 5733 factum
917 5671 1025 5733 tain
1068 5663 1120 5715 in
1152 5654 1432 5733 contextu
1468 5654 1590 5733 ipso
1610 5698 1651 5733 ,μ
1671 5673 1835 5733 quam
1880 5657 1934 5733 in
2038 5667 2254 5733 recepta
2283 5654 2399 5722 jam
2435 5656 2597 5733 lectio
2634 5657 2807 5723 magis
2852 5654 3134 5733 arriserit}
3164 5654 3478 5733 ’ὑπόδειγμα
3520 5659 3624 5714 hoc

349 5722 563 5805 paginae
594 5733 782 5787 limite.
809 5732 866 5785 Si
898 5731 1116 5803 quidem
1152 5731 1387 5787 Iremeus
1420 5722 1567 5785 ἐκδὲ
1594 5722 1940 5800 τῆς-’ἁνενοή-
2042 5722 2177 5781 loco
2195 5742 2297 5798 pio
2329 5727 2583 5782 mandato
2613 5733 2664 5782 et
2701 5722 2974 5800 pi‘meepto
3004 5722 3384 5796 accipiendum
3424 5735 3530 5782 est.

716 5847 990 5909 ΡΑτιιοι..
1023 5848 1140 5909 (in.
1178 5845 1343 5907 XLI.

2114 5854 2129 5869 ‘
3223 5841 3296 5903 18
