4004 6182
641 431 1012 490 ADVERSUS
1063 430 1580 501 PTOLEMAITAS,

528 570 662 637 Quae
690 569 1011 625 (κτήσει-θεῖε
1048 569 1222 638 XIII,
1258 572 1365 626 sive
1394 569 1683 627 XXXIII.

383 681 424 738 l.
461 680 931 754 Secundusigitur
962 691 1128 754 atque
1154 682 1467 755 Epiphanes
1482 685 1679 742 .lsidorl
1704 685 1904 741 cohor-

311 776 547 830 tationes
570 774 637 829 ad
672 789 834 830 usum
873 783 1039 831 sectae
1069 791 1185 833 suae
1203 777 1595 848 opinionisque
1644 785 1899 833 transtu-

312 866 516 921 lerunt.
554 863 834 921 Successit
886 867 1050 938 ατε
1097 869 1166 924 iis
1226 868 1586 937 Ptolaemeus,
1640 870 1735 941 qui
1774 870 1903 925 licet

312 957 704 1017 Gnosticorum
736 958 831 1029 qui
871 960 946 1014 ita
969 961 1248 1025 dicuntur,
1288 961 1524 1018 haeresin
1546 1001 1562 1027 ,
1606 977 1671 1017 ac
1703 961 1902 1019 Valen-

313 1050 691 1118 tinianorum,
741 1064 954 1106 necnon
1018 1059 1073 1106 et
1133 1051 1368 1108 aliorum
1428 1052 1790 1122 quorumdam
1828 1052 1903 1107 sit

314 1146 622 1214 amplexus,
679 1145 942 1199 nonnulla
972 1151 1157 1199 tamen
1192 1144 1261 1201 ad
1308 1160 1374 1201 ea
1402 1161 1526 1217 quae
1555 1160 1587 1202 a
1618 1146 1901 1218 magistris

312 1237 597 1306 hauserat,
637 1238 876 1309 adjecit;
912 1238 1073 1309 cujus
1117 1239 1281 1295 etiam
1330 1239 1555 1296 nomine
1596 1247 1901 1296 sectatores

312 1329 535 1400 quidam
567 1328 687 1400 ejus
726 1330 1054 1400 gloriantur,
1076 1344 1217 1400 quos
1234 1327 1563 1385 Ptolemzeos
1583 1329 1893 1384 nominant.

384 1423 485 1479 Hic
514 1424 604 1480 ille
637 1439 764 1479 cum
800 1424 920 1480 suis
951 1422 1281 1501 Ptolemaeus
1311 1422 1472 1494 longe
1493 1421 1562 1479 iis
1593 1418 1734 1493 quos
1764 1436 1901 1491 pra:-

310 1526 562 1588 eeptores
610 1516 821 1582 habuit,
880 1515 1191 1571 eruditione
1246 1514 1533 1586 przestitit,
1578 1521 1634 1570 et
1673 1514 1895 1569 illorum

311 1609 619 1665 doctrinam
650 1623 849 1680 magna
916 1608 1241 1663 accessione
1295 1607 1619 1662 cumulavit.
1680 1604 1897 1661 Etenim

310 1702 445 1768 Deo,
477 1718 640 1774 quem
670 1702 747 1757 illi
781 1701 995 1774 Bython
1013 1701 1310 1771 appellant,
1339 1699 1603 1771 conjuges
1617 1698 1755 1756 duas
1793 1714 1822 1754 a
1841 1713 1902 1756 se

308 1798 560 1853 inventas
621 1796 899 1861 attribuit,
950 1810 1088 1866 quas
1144 1804 1198 1851 et
1258 1792 1587 1850 Aliectiones
1650 1792 1898 1859 vocavit,

309 1888 710 1959 Cogitationem
797 1884 1050 1940 videlicet
1110 1899 1174 1938 ac
1233 1882 1599 1940 Voluntatem.
1657 1886 1900 1952 Quarum

244 2016 249 2023 -
309 1958 463 2052 prior
496 1980 552 2035 in
592 1979 689 2033 illo
729 1991 947 2048 semper
984 1977 1258 2034 exsistens
1302 1992 1367 2032 ac
1412 1977 1661 2048 cogitans
1695 1976 1902 2048 aliquid

309 2070 666 2144 produxerit;
701 2070 870 2126 altera
894 2085 1020 2125 vero
1052 2079 1241 2140 postea
1276 2071 1553 2125 recentior
1579 2071 1898 2125 accesserit.

308 2164 553 2221 Primum
604 2163 772 2228 enim,
828 2163 1040 2234 inquit,
1094 2160 1163 2218 de
1218 2161 1559 2232 procreando
1619 2161 1901 2233 cogitavit,

307 2257 505 2313 deinde
540 2256 731 2313 voluit.
756 2255 1026 2323 Quocirca
1079 2254 1294 2313 duabus
1363 2255 1431 2312 iis
1478 2254 1899 2320 Afiectionibus‘,

308 2350 427 2407 sive
454 2349 801 2415 Virtutibus,
861 2363 987 2404 nam
1046 2356 1101 2404 et
1155 2349 1401 2407 Virtutes
1444 2348 1645 2405 easden
1722 2361 1903 2417 vocat,

305 2441 649 2514 Cogitatione
681 2455 746 2495 ac
773 2438 1088 2505 Voluntate,
1132 2440 1280 2494 velut
1310 2424 1545 2495 invrcem
1573 2441 1897 2507 commistis,

306 2536 571 2609 Uuigcna:
598 2534 968 2604 Veritatisque
1011 2546 1111 2602 par
1148 2540 1234 2588 est
1274 2539 1549 2587 exortum.
1604 2529 1754 2598 Quas
1786 2534 1903 2603 qui-

305 2634 429 2690 dem
486 2634 718 2688 duarum
791 2636 1142 2700 paternarum
1204 2624 1578 2693 affectionum,
1639 2635 1898 2693 tanquam

305 2740 429 2797 qua:
457 2723 629 2779 videri
659 2727 962 2790 nequeunt,
998 2717 1361 2788 aSpectabilcs
1394 2716 1595 2787 figuras
1623 2730 1688 2770 ac
1724 2715 1899 2770 simu-

308 2819 457 2874 lacra
489 2815 762 2887 prodiisse
794 2812 1070 2867 sentiunt:
1133 2808 1445 2865 Voluntatis
1489 2807 1698 2863 scilicet
1744 2804 1901 2862 Veri-

305 2918 497 2974 tatem,
533 2905 895 2979 Cogitationis
923 2918 1050 2959 vero
1093 2901 1347 2957 Mentem.
1402 2902 1480 2955 Ac
1508 2915 1604 2971 per
1634 2898 1901 2955 Volunta-

306 3010 418 3058 tem
449 2998 669 3070 quidem
700 2992 1326 3068 inigenithogitationis
1348 2990 1644 3047 masculum
1666 2990 1895 3062 effigiem

307 3093 609 3149 exstitisse:
631 3082 1379 3160 ipsiusmetveroVoluntatis
1394 3082 1681 3137 femineam
1705 3081 1893 3137 fuisse.

1676 314 1736 369 S.
1776 312 2121 372 ΕΡΙΡΠΔΝΙΙ

1930 473 1979 529 Α

2428 438 2619 492 ΚΑΤΑ
2656 435 3152 493 ΠΤΟΔΕΗΔΙΤΩΝ
3169 469 3188 500 ο

2173 572 2657 643 Τρισκαιδεκάτη,
2689 574 2728 641 ἠ
2762 574 2861 627 καὶ
2887 558 3214 644 τριακοστή
3247 572 3439 642 τρίτη.

2072 691 2152 741 A’.
2176 682 2285 740 Τοῦ
2314 686 2444 757 περὶ
2472 684 2764 739 Σεκοῦνδον
2793 686 2889 739 καί
2916 687 3009 740 τὸν
3033 684 3404 757 ὀνομασθέντα
3442 684 3590 740 Ἐπι-

2002 777 2181 850 φάνην
2211 776 2271 844 ἐξ
2315 774 2589 849 Ἰσιδὼρου
2624 776 2723 849 τὴν
2761 776 3084 849 παραίνεσιν
3106 780 3188 841 εἰς
3228 776 3438 832 ἑαυτῶν
3464 776 3600 830 ὑπό-

2001 884 2152 923 νοιαν
2187 867 2705 940 ἀπεμπολήσαντος,
2752 868 3090 938 Πτολεμαῖος
3134 866 3461 939 διαδέχεται,
3496 867 3600 939 τῆς

2006 962 2107 1032 μὲν
2154 959 2337 1015 αὐτῶν
2389 960 2499 1015 τῶν
2548 959 2901 1032 καλουμένων
2951 960 3273 1015 Γνωστικῶν
3333 960 3601 1033 ὑπάρχων

2002 1051 2289 1123 αἱρέσεως,
2318 1052 2416 1105 καὶ
2442 1051 2552 1106 τῶν
2580 1052 2720 1107 κατὰ
2749 1052 3104 1106 Οὐαλεντῖνον
3139 1054 3237 1107 σὺν
3273 1052 3487 1124 ἑτέροις
3515 1069 3605 1105 τι-

2004 1148 2111 1212 σὶν,
2137 1146 2302 1219 ἔτερα
2327 1146 2384 1199 δὲ
2419 1146 2572 1218 παρὰ
2595 1148 2722 1211 τοὺς
2756 1146 2923 1200 αὐτοῦ
2960 1146 3315 1212 διδασκάλους
3339 1146 3600 1201 ὑποτιθέ-

2006 1251 2187 1310 μενος,
2213 1232 2276 1293 οὗ
2304 1239 2399 1293 καὶ
2432 1239 2491 1292 τὸ
2516 1238 2686 1310 ὄνομα
2714 1236 2973 1310 αὐχοῦσιν
3002 1240 3050 1293 οἱ
3079 1238 3229 1310 αὐτῷ
3262 1239 3601 1311 πειθόμενοι,

2002 1330 2330 1402 Πτολεμαῖοι
2357 1330 2703 1402 καλούμενοι.

2074 1414 2243 1484 Οὗτος
2269 1420 2449 1473 τοίνυν
2478 1423 2507 1475 ὁ
2537 1420 2875 1493 Πτολεμαῖος
2903 1421 3040 1499 (95),
3082 1422 3178 1477 καὶ
3210 1423 3259 1476 οί
3293 1423 3389 1476 σὺν
3422 1421 3601 1495 αὐτῷ,

2003 1510 2086 1565 ἔτι
2122 1512 2514 1585 ἐμπειρότερος
2551 1514 2682 1585 ἡμῖν
2733 1512 2829 1567 τοῦ
2862 1513 3075 1568 ἑαυτῶν
3107 1512 3430 1568 διδασκάλου
3460 1533 3601 1588 προ-

2002 1603 2250 1676 ελήλυθε,
2276 1607 2342 1677 τῇ
2373 1604 2596 1660 ἐκείνων
2625 1605 2897 1677 ὑφηγήσει
2916 1605 3236 1679 προσθήκης
3256 1606 3399 1674 τινὸς
3430 1608 3611 1681 ὕπερ-

2003 1694 2168 1761 ϐολὰς
2210 1696 2467 1769 ἐξευρών.
2507 1696 2612 1751 Δύο
2644 1698 2754 1770 γάρ
2784 1693 2941 1763 οὗτος
2977 1698 3245 1767 συζύγους
3275 1698 3354 1769 τῷ
3374 1698 3494 1770 Θεῷ
3521 1699 3604 1770 τῷ

2003 1788 2134 1857 παρ’
2163 1786 2347 1851 αὐτοῖς
2394 1787 2552 1859 Βυθῷ
2584 1788 2904 1860 καλουμένῳ
2943 1789 3205 1860 ἐπενόησέ
3248 1806 3308 1843 τε
3343 1789 3436 1843 καὶ
3474 1770 3627 1862 ὲχαί

2008 1879 2198 1950 ρίσατο
2217 1895 2231 1908 θ
2282 1879 2487 1944 ταύτας
2512 1880 2571 1935 δὲ
2620 1881 2714 1935 καὶ
2744 1881 3060 1935 Διαθέσεσιν
3107 1882 3369 1936 ἐκάλεσεν
3398 1885 3440 1948 ¹,
3473 1884 3603 1938 Ἔν·-

2002 1971 2151 2028 νοιάν
2185 1992 2246 2027 τε
2276 1974 2369 2028 καὶ
2397 1972 2618 2044 Θέλημα
2644 1988 2656 2002 ·
2686 1975 2781 2027 καὶ
2812 1973 2911 2045 τὴν
2955 1975 3053 2046 μὲν
3082 1975 3331 2030 Ἕννοιαν
3364 1976 3451 2030 ἀεὶ
3476 1993 3603 2029 συνο

2005 2066 2324 2139 υπάρξασαν
2340 2067 2396 2119 ὲν
2412 2064 2577 2137 αὐτῷ,
2595 2067 2776 2119 ὲννοου
2785 2066 2953 2139 μένην
2967 2067 3054 2121 ἀεὶ
3064 2068 3123 2120 τό
3142 2086 3193 2121 τι
3207 2067 3600 2141 προϐαλέσθαι,

2000 2160 2063 2213 τὸ
2090 2160 2149 2214 δὲ
2196 2160 2421 2232 Θέλημα
2464 2160 2521 2214 ὲν
2555 2159 2705 2231 αὐτῷ
2757 2160 3157 2232 ὲπιγινόμενον.
3208 2162 3439 2235 Πρῶτον
3488 2162 3603 2233 γὰρ

2003 2255 2256 2326 ὲνενοήθη
2289 2253 2607 2327 προϐαλεῖν,
2655 2249 2796 2322 εἶτα,
2830 2255 3015 2327 φησὶν,
3057 2254 3312 2328 ἠθέλησε.
3359 2256 3453 2309 Διὸ
3504 2257 3605 2310 καὶ

2000 2348 2111 2403 τῶν
2142 2348 2237 2403 δύο
2262 2348 2567 2402 Διαθέσεων
2613 2348 2840 2414 τούτων,
2870 2348 2904 2419 ἢ
2936 2350 3031 2403 καὶ
3064 2349 3360 2421 Δυνάμεων
3397 2350 3592 2421 (Δυνάο

2004 2458 2128 2512 μεις
2164 2440 2275 2513 γὰρ
2313 2442 2485 2506 αὑτὰς
2522 2442 2683 2496 πάλιν
2728 2440 2930 2512 καλεῖ),
2956 2441 3057 2511 τῆς
3095 2443 3340 2506 Ἔννοίας
3373 2442 3470 2496 καῖ⁵
3496 2443 3605 2514 τῆς

2000 2533 2304 2606 Θελήσεως,
2351 2535 2492 2587 ὥστε
2527 2534 2944 2607 συγκραθεισῶν
2984 2536 3063 2598 είς
3103 2534 3339 2608 ἀλλήλας
3363 2536 3431 2607 τῇ
3465 2553 3606 2607 προ-

2001 2625 2132 2697 ϐολῇ
2151 2628 2171 2657 ²
2189 2626 2283 2680 τοῦ
2310 2626 2651 2695 Μονογενοῦς
2679 2628 2773 2682 καὶ⁵
2799 2628 2899 2698 τῆς
2934 2622 3239 2698 Ἀληθείας,
3262 2627 3407 2683 κατὰ
3430 2624 3601 2692 συζυ-

2000 2719 2126 2788 γίαν
2155 2719 2392 2788 ἐγένετο.
2424 2720 2692 2785 Οῦστινας
2731 2719 2937 2784 τύπους
2977 2720 3072 2774 καὶ
3102 2719 3319 2784 εἰκόνας
3360 2718 3469 2773 τῶν
3508 2718 3606 2774 δύο

2001 2808 2304 2864 Διαθέσεων
2323 2808 2418 2863 τοῦ
2447 2809 2659 2882 Πατρὸς
2682 2809 2960 2882 προελθεῖν
2976 2809 3084 2864 τῶν
3106 2811 3353 2883 ἀοράτων
3370 2810 3601 2881 ὁρατὰς,

1999 2899 2094 2954 τοῦ
2133 2902 2232 2972 μὲν
2280 2902 2595 2974 Θελήματος
2627 2903 2727 2972 τὴν
2785 2901 3092 2972 Ἀλήθειαν,
3120 2905 3221 2975 τῆς
3258 2903 3316 2957 δὲ
3359 2902 3603 2968 Ἐννοίας

1998 2993 2090 3046 τὸν
2119 2993 2283 3057 Νοῦν,
2313 2994 2408 3047 καὶ
2430 2994 2517 3048 διὰ
2546 2994 2738 3048 τούτου
2750 2991 2857 3047 ’τοῦ
2891 2993 3207 3066 Θελήματος
3234 2995 3262 3047 ὁ
3291 2995 3389 3065 μὲν
3419 2995 3603 3065 ἄρρην

1999 3083 2163 3139 εἰκὼν
2192 3086 2290 3158 τῆς
2313 3087 2608 3159 ἀγεννὴτου
2649 3087 2887 3153 Ἐννοίας
2909 3087 3152 3158 γέγονεν,
3176 3089 3204 3140 ὁ
3229 3085 3285 3139 δὲ
3311 3084 3477 3156 θῆλυς
3503 3086 3601 3139 τοῦ

313 3187 587 3243 Voluntas
640 3197 772 3254 ergo
838 3180 1202 3253 Cogitationis
1261 3177 1585 3231 administra
1636 3175 1721 3232 vis
1773 3175 1895 3230 fuit.

2006 3178 2339 3250 Θελήματος.
2382 3179 2456 3233 Τὸ
2494 3179 2718 3252 Θέλημα
2746 3181 2926 3235 τοίνυν
2973 3179 3201 3251 δύναμις
3238 3179 3455 3248 ἐγένετο
3496 3178 3603 3248 τῆς

312 3279 594 3351 Siquidem
650 3276 767 3332 haec
822 3272 1041 3329 tametsi
1093 3271 1161 3327 de
1228 3268 1589 3340 productione
1638 3268 1780 3337 apud
1839 3281 1900 3323 se

310 3374 599 3444 cogitaret,
634 3367 862 3423 minime
909 3370 1090 3418 tamen
1141 3377 1238 3432 per
1292 3378 1354 3417 se
1418 3361 1593 3432 ipsam
1657 3359 1904 3431 proferre

311 3465 549 3537 eugitata
583 3461 777 3532 potuit.
838 3455 947 3511 Sed
1008 3461 1067 3509 ut
1129 3450 1437 3508 Voluntatis
1495 3450 1577 3505 vis
1642 3448 1899 3513 accessit,

264 3538 269 3545 ’
311 3567 427 3611 tum
462 3553 606 3624 quod
648 3548 921 3623 cogitabat
950 3546 1229 3617 produxit.

382 3643 448 3700 ll.
477 3643 523 3700 θ
555 3643 752 3701 stultas
788 3640 1070 3709 anilesque
1110 3636 1358 3691 fabulas!
1406 3631 1577 3689 Nemo
1627 3632 1771 3689 enim
1807 3631 1901 3704 qui

311 3736 593 3811 paululum
633 3732 828 3804 judicii
868 3731 1085 3794 habeat,
1137 3743 1208 3783 ne
1254 3726 1323 3781 de
1376 3725 1597 3780 homine
1655 3723 1898 3794 quidem,

309 3828 510 3883 nedum
530 3825 598 3881 de
621 3824 731 3879 Deo
756 3821 1058 3894 quidquam
1096 3818 1296 3874 audeat
1333 3815 1604 3887 ejusmodi
1639 3822 1899 3871 statuere.

199 3922 206 3942 '
308 3918 440 3978 Mihi
472 3934 600 3974 vero
641 3916 802 3972 etiam
869 3913 1142 3968 Homerus
1194 3908 1520 3983 prudentior
1578 3908 1672 3963 illo
1730 3906 1902 3963 fuisse

306 4014 544 4079 videtur,
574 4010 703 4065 dum
742 4006 1035 4065 sollicitum
1066 4003 1279 4069 Jovem,
1309 3996 1569 4072 cu’risque
1588 3998 1900 4056 confectum

306 4113 363 4161 et
390 4105 614 4169 iratum,
656 4103 962 4157 insomnem
1008 4104 1226 4153 noctem
1259 4098 1438 4168 egisse
1463 4093 1793 4163 descripsit,
1830 4091 1900 4147 de

304 4197 620 4255 Graecorum
654 4192 899 4264 pernicie
940 4191 1308 4260 cogitantem:
1341 4202 1467 4244 cum
1494 4194 1646 4242 esset
1674 4192 1900 4257 rogatus

306 4307 337 4346 a
376 4286 630 4353 Thetide,
666 4295 726 4341 ut
752 4284 821 4338 ad
851 4283 1225 4338 ulciscendam
1251 4280 1482 4335 Achillis
1512 4280 1769 4350 injuriam
1790 4290 1899 4331 tam

307 4400 338 4439 a
369 4381 683 4437 Graecorum
727 4375 1091 4448 principibus,
1117 4388 1280 4443 quam
1308 4372 1514 4427 Gra-cis
1553 4373 1687 4442 ipsis
1710 4385 1900 4442 poenas

304 4480 597 4548 repeteret.
663 4467 809 4522 Nihil
868 4466 1015 4523 enim
1089 4464 1419 4519 Ptolemqu
1484 4462 1552 4519 de
1624 4462 1718 4519 illo
1795 4479 1898 4519 suo

2015 3272 2273 3335 Ἐννοίας,
2315 3271 2545 3325 Ἐνενὸει
2573 3272 2672 3344 μὲν
2699 3271 2809 3345 γὰρ
2840 3274 2875 3344 ἡ
2909 3272 3128 3326 Ἔννοια
3164 3272 3265 3341 τὴν
3295 3269 3597 3343 προϐολήν·

1999 3362 2060 3416 οὐ
2086 3363 2193 3434 μέν
2218 3380 2271 3417 τι
2302 3362 2595 3435 προϐαλεῖν
2624 3364 2763 3436 αὑτὴ
2792 3363 2915 3419 καθ’
2945 3363 3144 3435 ἑαυτὴν
3199 3362 3431 3433 ἠδύνατο
3453 3360 3489 3415 ὃ.
3514 3364 3594 3415 ὲν-

2001 3455 2163 3511 ενόει.
2203 3454 2333 3509 Ὅτε
2370 3455 2427 3509 δὲ
2471 3457 2506 3529 ἡ
2548 3455 2642 3509 τοῦ
2669 3456 2984 3529 Θελήματος
3020 3456 3248 3527 δύναμις
3285 3454 3603 3526 ἐπεγένετο,

2001 3547 2123 3600 τότε
2152 3546 2181 3599 ὃ
2215 3546 2415 3601 ὲνενὸει
2455 3547 2749 3620 προέϐαλε.

2071 3641 2147 3694 B'.
2180 3640 2292 3694 Καὶ
2324 3639 2428 3710 φεῦ
2475 3640 2574 3713 τῆς
2609 3641 2868 3713 τοιαύτης
2897 3640 2992 3695 τοῦ
3030 3641 3426 3713 ματαιόφρονος
3471 3640 3605 3711 ληρ-

2001 3732 2201 3806 ῳδίαςι
2237 3732 2410 3786 Τοῦτο
2438 3734 2548 3807 γὰρ
2591 3735 2692 3788 οὐκ
2713 3733 2778 3789 ἂν
2794 3736 2918 3789 οὐδὲ
2945 3735 3039 3789 ἐπὶ
3067 3733 3354 3808 ἀνθρώπου
3388 3732 3606 3805 λαμϐά-

2001 3843 2145 3882 νοιτο
2169 3826 2325 3900 παρά
2345 3843 2451 3880 τινι
2477 3825 2585 3880 τῶν
2613 3828 2848 3898 ἐχόντων
2873 3827 3196 3900 ἐρρωμένην
3217 3826 3318 3898 τὴν
3339 3826 3603 3889 διάνοιαν,

2005 3917 2203 3990 μήτιγε
2241 3918 2336 3972 ἐπὶ
2387 3917 2545 3971 Θεοῦ.
2588 3918 2749 3972 Δοκεῖ
2776 3919 2835 3973 δέ
2873 3937 2963 3991 μοι
2991 3918 3402 3992 φρονιμώτερος
3432 3919 3604 3973 αὐτοῦ

2003 4010 2269 4082 ὑπάρχειν
2293 4011 2440 4082 ’Όμη
2450 4027 2561 4081 ρος,
2593 4012 2650 4064 ὲν
2679 4009 2757 4083 τῷ
2782 4010 2873 4065 τὸν
2893 4011 2991 4081 Δία
3021 4010 3277 4082 φροντίδα
3299 4012 3428 4081 παρ’
3451 4009 3607 4081 αὐτῷ

2004 4104 2326 4176 ποιούμενον
2365 4098 2801 4177 ἀναγράφεσθαι,
2840 4103 3193 4177 μεριμνῶντά
3218 4121 3277 4158 τε
3314 4105 3409 4159 καὶ
3440 4104 3608 4177 χαλε-

2001 4197 2268 4251 παίνοντα
2316 4195 2410 4250 καὶ
2456 4195 2663 4250 ἄϋπνον
2712 4196 3002 4267 παννύχως
3044 4195 3457 4250 διατετελεκότα
3481 4235 3498 4260 ,
3541 4197 3607 4250 τὸ

2002 4289 2120 4353 πῶς
2148 4293 2261 4353 τοῖς
2302 4288 2540 4358 Ἀχαιοῖς
2588 4287 2990 4353 ἐπιϐουλεύσει,
3039 4290 3141 4360 τῆς
3181 4287 3399 4351 Θέτιδος
3436 4288 3606 4343 αὐτὸν

2001 4380 2334 4452 ἁξιωσάσης,
2378 4385 2460 4446 εἰς
2496 4381 2558 4435 τὸ
2603 4379 2761 4451 δίκην
2811 4381 2961 4432 τῖσαι
3007 4381 3136 4443 τοὺς
3175 4377 3287 4433 τῶν
3331 4377 3606 4449 Ἑλλήνων

2003 4467 2264 4540 ἐξάρχους
2293 4487 2353 4524 τε
2393 4471 2488 4525 καὶ
2528 4468 2872 4533 αὐτοὺςτοὺς
2897 4466 3188 4538 Ἕλληνας,
3211 4465 3301 4520 διὰ
3328 4466 3429 4538 τὴν
3464 4466 3605 4538 πρὸς

305 4567 555 4624 omnium
620 4567 869 4633 parente,
923 4572 1086 4628 quem
1133 4555 1366 4628 Bythum
1415 4556 1683 4621 nominat,
1717 4555 1898 4625 aptius

2006 4563 2095 4616 τὸν
2123 4564 2370 4633 Ἀχιλλέα
2396 4563 2574 4635 ὓϐριν.
2599 4561 2765 4616 Οὐδὲν
2786 4561 2893 4633 γὰρ
2922 4553 3079 4624 οὗτος
3104 4561 3132 4613 ὁ
3150 4559 3487 4631 Πτολεμαῖος
3519 4562 3603 4625 εἰς

304 4657 659 4732 excogitavit,
705 4668 869 4725 quam
909 4659 996 4707 est
1038 4652 1107 4706 ah
1155 4649 1394 4706 llouiero
1440 4647 1507 4704 de
1557 4647 1691 4703 Jove
1725 4648 1896 4704 confi-

303 4762 475 4809 ctum.
510 4749 617 4806 Sed
646 4744 798 4803 Jovis
841 4745 1007 4818 216
1034 4745 1229 4815 ipsius,
1286 4743 1501 4816 qualem
1546 4743 1617 4797 ab
1660 4739 1896 4797 Homero

302 4845 595 4910 didicerat,
628 4839 910 4898 notionem
960 4838 1290 4894 informasse
1350 4837 1583 4894 videtur.
1613 4837 1729 4892 lmo
1767 4851 1896 4891 vero

301 4946 509 4993 tantam
530 4935 597 4990 ad
624 4930 1358 5007 expromendamaudaciam
1376 4930 1725 4985 Homericum
1758 4928 1894 4985 illud

301 5029 371 5085 de
389 5026 545 5094 Jove,
583 5024 900 5096 Graecisque
930 5030 1301 5080 commentum
1339 5021 1683 5076 tolerabilius
1728 5033 1893 5075 usur-

300 5127 493 5195 paret,
550 5136 714 5192 quam
777 5120 853 5174 ita
910 5118 979 5173 de
1026 5114 1306 5171 communi
1359 5114 1605 5169 omnium
1660 5111 1894 5168 Domino

302 5213 633 5283 disputaret.
699 5210 805 5277 Qui
870 5209 1037 5266 simul
1122 5214 1289 5278 atque
1369 5206 1554 5261 animo
1641 5204 1896 5276 concepit

304 5304 533 5377 aliquid,
581 5303 781 5358 statim
824 5301 1091 5372 quidquid
1154 5298 1391 5355 voluerit
1430 5298 1626 5366 edicit;
1673 5298 1892 5354 statim-

303 5413 413 5481 que
499 5411 562 5451 ac
646 5392 840 5457 voluit,
914 5393 1102 5447 animo
1144 5391 1388 5461 concipit
1475 5388 1624 5461 quod
1667 5389 1887 5443 voluit:

2003 4655 2162 4721 δόξαν
2186 4653 2279 4708 τοῦ
2307 4657 2439 4729 παρ’
2474 4653 2639 4710 αὑτοῦ
2679 4654 2894 4724 Πατρὸς
2918 4653 3027 4708 τῶν
3060 4653 3219 4718 ὅλων,
3246 4652 3340 4705 τοῦ
3368 4652 3465 4706 καὶ
3493 4652 3602 4705 Βυ-

2004 4744 2099 4799 θοῦ
2134 4745 2494 4817 καλουμένου,
2527 4744 2893 4818 εὐλογώτερον
2919 4744 3029 4799 τῶν
3055 4745 3206 4816 παρὰ
3249 4744 3491 4815 Ὀμήρου
3521 4744 3603 4808 είς

2001 4840 2094 4895 τὸν
2119 4839 2219 4895 Δία
2244 4841 2548 4913 εἰρημένων
2570 4840 2883 4910 ἐπενόησεν.
2932 4838 3072 4892 Ἀλλ’
3100 4836 3262 4891 αὐτὸν
3302 4838 3604 4909 κατείληφε

2006 4932 2208 5004 μᾶλλον
2245 4932 2337 4987 τὸν
2386 4933 2504 5001 Δία,
2547 4932 2625 4996 ὡς
2670 4930 2821 5003 παρὰ
2853 4932 3100 5003 Ὀμήρου
3138 4928 3319 4984 λαϐὼν
3343 4931 3447 5001 τὴν
3474 4931 3605 4984 ’Ἐν-

2002 5041 2173 5079 νοιαν.
2208 5025 2427 5079 Μᾶλλον
2470 5030 2580 5096 γὰρ
2620 5023 2718 5096 τὴν
2764 5024 3072 5095 ὐμηρικὴν
3112 5021 3420 5095 κατάληψιν
3471 5023 3604 5095 πτρὶ

2001 5113 2124 5181 Διὸς
2154 5115 2249 5169 καὶ
2293 5115 2526 5186 Ἀχαιῶν
2549 5115 2776 5179 εἰκότως
2814 5114 2881 5168 ἂν
2920 5116 3165 5184 φήσειεν,
3204 5114 3303 5185 τὴν
3327 5113 3602 5182 τοσαύτην

2001 5206 2167 5259 αὑτοῦ
2194 5207 2400 5278 τόλμαν
2431 5205 2720 5277 ὲξεμέσας,
2754 5205 2787 5277 ἢ
2821 5206 2949 5277 περὶ
2978 5205 3072 5259 τοῦ
3106 5204 3214 5258 τῶν
3239 5204 3378 5259 ὅλων
3399 5207 3605 5259 Δεσπόο

2000 5314 2092 5350 του
2114 5313 2128 5327 ·
2148 5297 2207 5361 ὃς
2241 5298 2359 5368 ἃμα
2394 5296 2473 5368 τῷ
2503 5280 2765 5368 νοηθῆναι
2795 5298 2890 5352 καὶ⁸
2927 5293 3362 5350 ὲπιτετελεκέναι
3394 5296 3415 5327 ³
3446 5296 3599 5349 τοῦθ’

1999 5389 2137 5461 ὅπερ
2183 5387 2438 5460 ἠθέλησε,
2481 5389 2576 5442 καὶ
2624 5387 2743 5459 ἅμα
2784 5387 2867 5459 τῷ
2911 5388 3140 5460 θελῆσαι
3189 5388 3284 5442 καὶ
3331 5390 3598 5445 ἐννοεῖται

386 5591 403 5622 ί
434 5597 519 5654 ιφ.
549 5579 818 5635 Διάθεσιν.
851 5578 994 5631 lren.
1029 5573 1329 5637 Διαθέσεις.
1406 5574 1425 5605 ²
1455 5568 1592 5625 Ircn.
1621 5573 1654 5641 ὴ
1688 5567 1898 5641 προϐολη

2030 5566 2052 5598 ⁸
2077 5564 2137 5621 F.
2167 5568 2512 5622 ἐπιτετέλεκε
2531 5607 2545 5621 .

272 5805 278 5811 -
374 5766 492 5841 (95)
534 5760 724 5832 οὗτος
752 5762 965 5819 τοίνυν
990 5763 1022 5815 ό
1053 5758 1441 5828 Πτολεμαῖος.
1493 5755 1615 5810 llar-c
1654 5771 1721 5811 ex
1771 5755 1898 5810 lren

2009 5753 2076 5810 ad
2099 5756 2328 5812 verbum
2360 5753 2639 5826 descripta
2669 5760 2821 5821 sunt,
2852 5749 2948 5807 lib.
2985 5765 3024 5821 ι,
3053 5761 3177 5819 cap.
3208 5750 3264 5805 6.
