4018 6148
323 290 430 351 557
1036 278 1409 342 ADVERSUS
1447 274 1799 337 IIERESES
1837 272 1943 331 LIB

2045 314 2051 328 .
2094 272 2261 329 rom.
2304 273 2371 330 ιι.
2414 302 2482 314 -
2509 271 2781 331 HASBES.
2810 269 3049 329 xxxut.
3194 332 3199 339 ,
3501 263 3609 322 558

324 407 473 465 τοῦθ’
505 407 643 479 ὅπερ
668 404 764 459 καὶ
798 402 1052 475 ἠθέλησε,
1082 402 1243 457 τοῦτο
1270 399 1617 471 ἐννοούμενος
1647 396 1678 450 ὃ
1704 395 1800 448 καὶ
1830 391 1921 446 θέ-

2045 404 2086 445 lC
2117 398 2232 445 tum
2259 388 2506 463 cogitans
2535 406 2658 447 cum
2710 391 2829 446 vult
2870 390 3171 459 volensque
3212 398 3338 469 cum
3380 383 3608 453 cogitat.

332 502 414 553 λει
442 501 484 563 ¹,
510 477 754 555 καὶήτότε
801 494 970 548 θέλων
994 494 1083 547 ὅτε
1133 494 1417 555 ἐννοεῖται,
1444 490 1564 552 ὅλος
1599 487 1778 542 ἔννοια
1823 483 1922 549 ὢν,

2045 481 2293 538 iimirum
2333 491 2485 540 totus
2525 485 2643 555 ipse
2679 483 2940 555 cogitatio
2976 490 3084 549 est,
3139 488 3289 536 totus
3328 477 3607 538 voluntas,

314 586 453 655 ’ὅλος
487 588 722 658 θέλημα,
749 585 869 650 ὅλος
902 584 1049 649 νοῦς,
1094 583 1218 647 ὅλος
1251 580 1551 652 ὀφθαλμὸς,
1587 579 1709 642 ὅλος
1761 574 1922 646 ἀκοὴ,

2049 581 2176 632 otus
2206 589 2386 641 mens,
2418 583 2568 630 totus
2596 576 2802 639 lumen,
2837 582 2986 629 totus
3022 574 3237 637 oculus,
3265 578 3413 626 totus
3453 564 3640 631 audi-2

330 684 452 748 ὅλος
477 680 629 755 πηγὴ
672 678 890 733 πάντων
922 678 1032 732 τῶν
1073 674 1314 746 ἀγαθῶν,
1352 672 1448 727 καὶ
1478 670 1693 734 οὐδενὸς
1736 670 1927 723 ἰσοπα-

2050 682 2134 733 us,
2162 675 2312 724 totus
2346 668 2617 723 bonorum
2662 669 2911 723 omnium
2954 664 3100 730 fons,
3152 674 3493 735 prorsusque
3544 659 3614 711 ab

333 774 462 839 θοῦς
489 777 511 807 ¹
530 772 876 845 περιέχεται.
919 769 1054 834 Θεδς
1087 769 1219 839 γάρ,
1259 766 1356 821 καὶ
1382 765 1445 819 οὐ
1474 762 1795 836 φροντίζων,
1832 760 1926 815 καὶ

2045 759 2177 815 πηιιί
2218 760 2634 831 perturbatione
2673 763 2953 828 remotus’;
2998 772 3110 813 non
3162 755 3457 817 sollicitus,
3498 766 3613 806 non

333 865 555 939 ἀπορῶν
580 866 656 930 ὡς
673 863 866 929 Βυθδς,
894 863 1015 935 ἦτοι
1033 863 1061 916 ὁ
1082 861 1238 927 Ζεὺς,
1261 858 1392 931 περὶ
1409 852 1471 913 οῦ
1491 856 1719 925 λέγοντα
1746 850 1928 924 Ὄμη-

2045 851 2248 917 inxius,
2290 851 2439 907 velut
2464 850 2676 923 Bythus
2715 852 2831 918 ille,
2867 850 2954 905 vel
2997 847 3231 920 Jupiter,
3251 846 3320 902 de
3343 859 3452 916 quo
3486 857 3612 913 qua:

337 975 431 1031 ρον
447 935 630 1012 -Πτολε
639 959 797 1029 μαῖος
820 973 890 1009 πε
899 956 952 1027 pl
977 953 1151 1007 Βυθοῦ
1186 951 1364 1020 λέγων
1386 949 1716 1021 ἐμιμήσατο.
1754 942 1849 1009 Εἰς
1870 943 1928 998 δὲ

2045 944 2098 999 ιι)
2127 941 2364 1000 Homero
2411 943 2617 1014 scripta
2664 951 2815 1009 sunt,
2864 941 3192 996 Ptolemaeus
3255 936 3324 991 ad
3376 935 3608 1008 Bythum

336 1025 727 1123 περισσότερον
756 1025 977 1119 ἔλεγχον
1000 1045 1096 1101 τοῦ
1124 1042 1438 1107 ἀπατεῶνας
1474 1039 1597 1095 καθ’
1632 1039 1759 1110 ἑξῆς
1790 1038 1928 1091 ὑπο-

2045 1034 2330 1091 ;ranstulit.
2350 1034 2529 1106 Atque
2545 1041 2606 1089 ut
2633 1032 3076 1104 improbissimus
3107 1030 3194 1085 hic
3207 1028 3424 1102 planius
3441 1025 3616 1096 magis

336 1142 527 1209 τάξας,
559 1141 952 1213 παραθήσομαι
982 1138 1054 1192 τὰ
1080 1137 1173 1191 ὑπ’
1200 1131 1367 1190 αὑτοῦ
1407 1131 1567 1202 φύσει
1592 1128 1929 1201 Πτολεμαίου

337 1236 533 1308 Φλώρᾳ
553 1235 660 1289 τινὶ
687 1233 909 1304 γυναικὶ
936 1229 1240 1304 γραφέντα,
1271 1223 1539 1298 ἐπαγωγά
1555 1241 1616 1278 τε
1649 1224 1744 1278 καὶ
1767 1221 1932 1294 δηλησ

337 1330 505 1403 τήρια
542 1328 781 1399 ῥήματα,
823 1323 914 1379 ἵνα
948 1323 1023 1395 μή
1050 1339 1137 1386 τις
1168 1319 1440 1393 νομίσειεν
1485 1318 1635 1389 ἡμᾶς
1662 1313 1722 1382 ἐξ
1759 1311 1928 1383 ἀκοῆς

345 1423 502 1493 μόνον
529 1421 619 1475 τὸν
642 1417 940 1474 ἀπατεῶνα
975 1416 1242 1487 ἐλέγχειν,
1277 1413 1353 1485 μὴ
1387 1411 1654 1484 πρότερον
1679 1406 1930 1477 ἐντυχόν-

340 1532 438 1579 τας
463 1517 530 1586 τῇ
554 1512 683 1585 παρ’
706 1510 872 1566 αὐτοῦ
897 1505 1398 1582 παραπεποιημένῃ
1422 1499 1761 1571 διδασκαλία.
1785 1496 1932 1570 Πρὸς

340 1607 454 1678 γὰρ
483 1607 595 1668 τοῖς
621 1603 937 1677 εἰρημένοις
972 1601 1067 1655 καὶ
1103 1599 1196 1655 τὸν
1238 1598 1404 1669 νόμον
1429 1594 1522 1649 τοῦ
1556 1591 1692 1648 Θεοῦ
1718 1591 1810 1647 τὸν
1842 1590 1934 1645 διὰ

343 1698 625 1763 Μωῦσέως
678 1691 1018 1767 βλασφημῶν
1051 1692 1154 1746 οὐκ
1195 1688 1547 1762 αἰσχύνεται·
1605 1685 1642 1739 ἀ
1670 1683 1766 1739 καὶ
1816 1682 1932 1736 ἐστι

343 1791 540 1848 ταῦτα*

709 1897 1084 1970 Πτολεμαίου
1109 1894 1259 1965 πρὸς
1286 1890 1555 1962 Φλώραν.

415 1994 491 2051 Γ’.
528 1993 633 2049 Τδν
660 1993 749 2048 διὰ
781 1992 1062 2054 Μωῦσέως
1102 1986 1325 2042 τεθέντα
1361 1984 1546 2057 νόμον,
1584 1981 1788 2053 ἀδελφή
1833 1996 1935 2052 μου

342 2087 486 2161 καλὴ
538 2085 753 2156 Φλώρα,
811 2086 895 2140 ὅτι
932 2082 1009 2153 μὴ
1032 2080 1218 2136 πολλοὶ
1258 2075 1749 2153 προκατελάϐοντο,
1800 2075 1938 2147 μήτε

319 2157 436 2233 *τὸν
473 2157 725 2248 θεμέλιον
752 2173 916 2231 αὑτὸν
953 2170 1279 2242 ἐγνωκότες,
1313 2171 1451 2243 μήτε
1480 2168 1581 2233 τὰς
1612 2165 1935 2239 προστάξεις

349 2268 549 2334 αὐτῶν,
579 2266 822 2341 ἀκριϐῶς
846 2264 1088 2338 ἡγοῦμαι
1114 2263 1209 2318 καὶ
1247 2263 1330 2316 σοὶ
1360 2260 1688 2315 εὐσύνοπτον
1716 2257 1937 2316 ἔσεσθαι

349 2362 629 2436 μαθοῦσης
651 2363 672 2396 ⁸
706 2365 805 2427 τὰς
842 2361 1218 2432 διαφωνούσας
1238 2358 1464 2432 γνώμας
1493 2359 1622 2432 περὶ
1649 2356 1837 2411 αὐτοῦ.
1874 2355 1938 2409 Ui

351 2456 450 2527 μὲν
483 2456 594 2527 γὰρ
623 2453 730 2509 ὑπὸ
775 2451 871 2508 τοῦ
914 2451 1052 2507 Θεοῦ
1087 2452 1181 2506 καί
1220 2451 1436 2523 Πατρὸς
1482 2446 1938 2520 νενομοθετῆσθαι

346 2546 557 2610 τούτοις
578 2545 858 2615 λέγουσιν·
889 2544 1066 2617 ἕτεροι
1099 2542 1156 2596 δὲ
1187 2541 1397 2606 τούτοις
1429 2539 1527 2613 τὴν
1553 2537 1800 2593 ἐναντίαν
1824 2536 1939 2591 ὁδὸν

347 2638 669 2712 τραπέντες,
711 2638 819 2691 ὑπὸ
845 2635 940 2690 τοῦ
978 2633 1357 2708 ἀντικειμένου
1403 2628 1724 2704 φθοροποιοῦ
1754 2628 1942 2684 διαϐό-

348 2732 441 2785 λου
473 2728 747 2785 τεθεῖσθαι
795 2727 985 2783 τοῦτον
1032 2724 1420 2799 ἰσχυρίζονται,
1463 2723 1540 2788 ὡς
1570 2723 1666 2777 καὶ
1712 2720 1811 2793 τὴν
1845 2719 1941 2775 τοῦ

351 2824 560 2895 κόσμου
610 2821 1019 2892 προσάπτουσιν
1070 2818 1222 2890 αὐτῷ
1268 2815 1666 2892 δημιουργίαν,
1718 2813 1941 2886 Πατέρα

278 2979 289 2983 ,
350 2919 449 2972 καὶ
504 2913 743 2988 Ποιητὴν
786 2915 974 2968 τοῦτον
1030 2911 1283 2981 λέγοντες
1333 2907 1491 2965 εἶναι.
1530 2908 1702 2963 Τοῦτο
1745 2907 1800 2961 δὲ
1846 2905 1942 2961 τοῦ

353 3003 558 3067 παντὸς
578 3002 894 3057 διέπταισαν
921 2992 1069 3054 οῦτοι
1097 2998 1368 3063 διαδόντες
1398 2996 1671 3069 ἀλλήλοις,
1698 2997 1794 3050 καὶ
1816 2994 1945 3050 ὲκά-

2030 1127 2314 1199 magisque
2351 1126 2652 1202 refellatur,
2687 1125 2844 1198 juvat
2898 1126 3008 1181 hoc
3054 1124 3179 1179 loco
3226 1137 3290 1177 ea
3316 1119 3613 1189 subjicere,
3680 1136 3689 1145 ’

2031 1233 2155 1290 quae
2197 1217 2267 1274 ad
2311 1217 2530 1275 Floram
2588 1219 2880 1291 quamdam
2944 1215 3322 1274 mulierculam
3371 1209 3618 1281 scripsit,

2035 1309 2193 1381 plena
2225 1310 2320 1365 illa
2354 1311 2575 1381 quidem
2638 1310 2910 1369 illecebrae
2953 1307 3020 1364 ad
3054 1304 3518 1379 persuadendum,
3552 1316 3619 1356 ac

2037 1400 2319 1472 pestifera,
2351 1418 2422 1459 ne
2450 1403 2577 1474 quis
2599 1402 2831 1460 forsitan
2862 1409 3035 1474 putet,
3069 1415 3159 1456 me
3183 1415 3251 1455 ex
3280 1397 3468 1453 auditu
3502 1395 3622 1452 solo

2036 1502 2230 1549 contra
2267 1494 2594 1551 nebulonem
2639 1494 2787 1550 hunc
2825 1494 3026 1565 egisse,
3059 1493 3384 1562 nullumque
3422 1488 3619 1559 depra-

2035 1596 2173 1641 vatae
2201 1585 2322 1657 ejus
2351 1587 2619 1644 doctrina:
2650 1587 2943 1659 vestigium
2984 1595 3146 1655 antea
3199 1582 3524 1656 pervidisse.
3555 1577 3624 1634 Et

2035 1677 2252 1749 quidem
2271 1686 2467 1749 praeter
2479 1693 2540 1734 ea
2559 1694 2681 1754 quae
2694 1677 3254 1746 diximus,Mosaicam
3271 1676 3435 1731 etiam
3449 1674 3624 1744 legem

1966 1752 2007 1808 Β
2037 1768 2341 1828 maledictis
2355 1770 2602 1827 incessit.
2623 1752 2719 1827 Est
2740 1777 2921 1826 autem
2944 1768 3219 1838 ejusmodi
3238 1767 3353 1823 haec
3368 1766 3621 1837 cpistola:

2380 1884 2661 1941 Ptolem'azi
2705 1885 2776 1940 ad
2811 1883 3032 1939 Florum
3071 1884 3315 1953 epistola.

2107 1975 2192 2032 Ill.
2222 1977 2421 2049 Legem
2460 1977 2610 2032 illam
2646 1991 2769 2049 quae
2803 1992 2834 2031 a
2858 1975 3011 2033 Mose
3066 1973 3272 2030 tradita
3305 1981 3413 2038 est,
3466 1969 3628 2028 Flora

2040 2083 2200 2126 soror
2223 2071 2632 2138 amantissima,
2650 2086 2830 2142 neque
2862 2075 3207 2142 perspectam
3232 2065 3419 2123 haberi
3436 2072 3630 2137 quam~

2039 2163 2329 2234 plurimos,
2367 2180 2547 2236 neque
2592 2165 2716 2235 ejus
2757 2165 2908 2221 velut
2963 2162 3322 2218 fundamenta
3355 2160 3441 2225 vel
3488 2173 3629 2230 prte-

2040 2256 2243 2326 scripta
2278 2266 2632 2328 cognoscere,
2655 2255 2817 2311 facile
2846 2262 2900 2311 te
2921 2255 3329 2312 intellecturam
3343 2252 3626 2315 existimo,

2040 2349 2086 2405 si
2115 2363 2279 2420 quam
2309 2348 2474 2404 variae
2507 2348 2574 2405 de
2596 2348 2689 2403 illa
2721 2348 2834 2405 sint
2860 2347 3149 2419 opiniones
3177 2345 3461 2402 didiceris.
3487 2342 3631 2399 Sunt

2041 2440 2187 2495 enim
2210 2440 2305 2511 qui
2336 2439 2484 2493 illam
2513 2453 2544 2493 a
2573 2437 2685 2494 Deo
2727 2447 2922 2511 putant
2952 2454 3017 2494 ac
3042 2438 3203 2495 Patre
3226 2438 3397 2494 fuisse
3423 2435 3632 2492 consti-

2042 2539 2241 2589 tutam.
2262 2531 2366 2585 Alii
2384 2529 2720 2587 contrariam
2751 2530 2897 2586 viam
2923 2531 3179 2603 ingressi,
3199 2530 3270 2586 ab
3291 2529 3413 2602 ejus
3433 2529 3632 2586 aemulo

2043 2623 2256 2682 nefario
2276 2625 2525 2681 daemone
2545 2624 2712 2679 latam
2746 2622 3042 2688 allirmant,
3084 2638 3115 2678 a
3145 2638 3257 2695 quo
3279 2631 3334 2680 et
3365 2621 3633 2677 mundum

2044 2714 2372 2772 fabricatum
2424 2723 2702 2783 asserunt,
2764 2721 2819 2772 et
2866 2714 3117 2771 eumdem
3173 2714 3525 2772 Conditorem
3566 2729 3633 2770 ac

2043 2806 2263 2865 Patrem
2314 2808 2451 2865 esse
2494 2807 2778 2865 dictitant.
2820 2807 3025 2864 Verum
3072 2808 3172 2874 illi,
3221 2808 3314 2881 qui
3362 2807 3636 2879 ejusmodi

2045 2900 2300 2975 dogmata
2328 2902 2435 2961 sibi
2469 2901 3247 2967 invicemcommuuicarunt,
3281 2900 3635 2957 vehementer

2046 2998 2366 3055 hallucinati
2399 3006 2547 3067 sunt,
2592 3006 2648 3056 et
2666 2999 2735 3055 ab
2766 3013 2832 3054 eo
2870 3013 3032 3069 quem
3060 2997 3163 3054 sibi
3207 3003 3632 3068 proposuerant,

352 3113 501 3168 τεροι
547 3093 727 3148 αὐτῶν
771 3091 1165 3165 διαμαρτόντες
1203 3090 1357 3164 παρὰ
1400 3090 1580 3160 σφίσιν
1625 3090 1809 3155 αὐτοῖς
1844 3090 1943 3161 τῆς

2050 3105 2220 3162 scopo
2250 3091 2857 3148 veritatisaherrarunt.
2889 3090 3020 3147 Nam
3049 3106 3150 3147 nec
3182 3106 3213 3146 a
3247 3089 3493 3163 perfecto
3521 3086 3633 3144 Deo

355 3185 450 3241 τοῦ
485 3184 848 3257 προκειμένου
878 3182 1136 3255 ἀληθείας
1157 3194 1170 3209 ⁸
1197 3179 1321 3235 οὔτε
1352 3180 1463 3253 γὰρ
1495 3181 1601 3235 ὑπὸ
1626 3180 1721 3236 τοῦ
1742 3180 1948 3236 τελείου

354 3277 494 3332 Θεοῦ
531 3277 627 3332 καὶ
654 3275 868 3348 Πατρὺς
903 3275 1153 3346 φαίνεται
1187 3274 1376 3327 τοῦτον
1413 3273 1719 3328 τεθεῖσθαι⁸
1750 3273 1950 3345 ἑπόμε-

357 3388 448 3435 νος
481 3370 504 3403 ⁸
528 3368 638 3442 γάρ
686 3370 865 3423 ἐστιν·
896 3366 1060 3439 ἀτελῆ
1092 3385 1152 3421 τε
1204 3365 1355 3435 ὄντα,
1397 3367 1493 3420 ml.
1539 3365 1635 3421 τοῦ
1687 3366 1950 3438 σφετέρου

357 3462 719 3537 πληρωθῆναι
751 3461 863 3534 (96)
895 3460 1071 3531 ἐνδεῆ,
1111 3460 1305 3532 ἔχοντά
1336 3477 1399 3514 τε
1445 3459 1770 3533 προστάξεις
1803 3459 1951 3514 ἀνοι-

360 3558 514 3623 κείας
535 3559 602 3628 τῇ
630 3554 726 3609 τοῦ
751 3553 993 3609 τοιούτου
1019 3552 1154 3607 Θεοῦ
1188 3552 1349 3623 φύσει
1376 3570 1437 3606 τε
1468 3542 1805 3625 καὶ-γνώμῃ⁶
1840 3551 1952 3627 0331’

360 3645 428 3705 αὖ
470 3648 633 3703 πάλιν
658 3649 727 3719 τῇ
774 3645 871 3701 τοῦ
921 3644 1302 3717 ἀντικειμένου
1348 3644 1536 3717 ἀδικίᾳ
1578 3644 1742 3716 νόμον
1780 3661 1953 3715 προσ-

362 3744 555 3798 άπτειν
587 3741 608 3773 ⁵
639 3741 844 3796 ἀδικεῖν
883 3737 1188 3813 αἱροῦντος,
1244 3738 1353 3792 τῶν
1381 3755 1441 3792 τε
1476 3738 1606 3810 ἑξῆς
1636 3737 1688 3791 τί
1721 3737 1798 3810 μὴ
1830 3753 1955 3791 συν-

364 3834 620 3908 ορώντων
652 3832 722 3887 τὰ
746 3831 853 3887 ὑπὸ
871 3831 966 3886 τοῦ
985 3832 1238 3905 Σωτῆρος
1270 3831 1556 3904 εἰρημένα.
1592 3829 1752 3884 Οἰκία
1773 3829 1882 3902 γὰρ
1919 3828 1952 3901 ἢ

364 3926 520 3989 πόλις
552 3921 876 3997 μερισθεῖσα
899 3922 984 3993 ἐφ’
1011 3922 1232 3995 ἑαυτὴν,
1262 3922 1347 3976 ὅτι
1380 3923 1455 3994 μὴ
1483 3920 1708 3975 δύναται
1738 3921 1952 3995 στῆναι,

363 4021 405 4073 δ’
422 4016 613 4090 Σωτὴρ
658 4014 820 4088 ήμῶν
855 4015 1191 4087 ἀπεφήνατο.
1221 4013 1343 4067 Ἔτι
1377 4030 1441 4082 γε
1481 4012 1580 4084 τὴν
1612 4012 1707 4066 τοῦ
1746 4013 1954 4085 κόσμου

363 4106 723 4180 δημιουργίαν
747 4104 883 4159 ἰδίαν
931 4103 1080 4174 λέγει
1114 4098 1251 4157 εἶναι
1284 4103 1320 4158 ἆ
1343 4119 1403 4157 τε
1437 4101 1458 4134 ⁸
1483 4102 1663 4158 πάντα
1682 4101 1750 4156 δι’
1790 4102 1955 4157 αὐτοῦ

366 4201 671 4270 γεγονέναι,
721 4199 818 4253 καὶ
858 4199 1028 4270 χωρὶς
1079 4196 1243 4252 αὐτοῦ
1286 4196 1507 4266 γέγονεν
1549 4194 1720 4263 οὐδὲν,
1761 4196 1791 4250 ὁ
1819 4194 1957 4249 ἀπό-

2054 3200 2118 3239 ac
2146 3184 2309 3239 Patre
2353 3184 2597 3241 stabilita
2629 3187 2875 3251 videtur,
2919 3195 3110 3259 utpote
3160 3188 3345 3243 minus
3370 3184 3635 3257 perfecta,

2052 3285 2107 3333 et
2138 3277 2208 3333 ad
2232 3277 2320 3335 sui
2349 3277 2750 3336 absolutionem
2808 3283 2967 3350 plura
3025 3278 3348 3335 desiderans
3382 3293 3446 3333 ac
3481 3293 3641 3334 man-

2052 3370 2180 3425 data
2212 3371 2462 3442 quaedam
2497 3372 2813 3438 continens,
2844 3389 2966 3443 quae
2995 3372 3088 3428 Dei
3111 3379 3308 3427 natura
3333 3386 3398 3427 ac
3420 3371 3661 3439 decreto,

2055 3472 2183 3519 sunt
2223 3464 2422 3520 aliena.
2454 3462 2642 3535 Neque
2673 3481 2804 3522 vero
2828 3466 3129 3523 adversarii
3166 3465 3329 3536 217
3376 3463 3645 3536 improbi-

2052 3555 2150 3609 tati
2175 3555 2467 3612 tribuenda
2497 3556 2585 3613 lex
2620 3566 2727 3623 est,
2759 3559 2923 3629 cujus
2985 3559 3273 3630 proprium
3334 3558 3408 3615 sit
3452 3556 3644 3630 inique

2055 3646 2269 3713 facere;
2295 3650 2500 3721 quique
2527 3652 2599 3705 ita
2649 3658 2921 3716 statuunt,
2944 3666 3065 3722 quae
3099 3665 3127 3704 a
3178 3649 3462 3705 Salvatore
3492 3648 3644 3703 dicta

2055 3748 2189 3797 sunt
2241 3756 2591 3813 nequaquam
2627 3742 3090 3799 animadvertunt.
3132 3739 3209 3796 lta
3238 3741 3383 3796 enim
3412 3740 3501 3795 illc
3518 3755 3646 3809 pro-

2058 3832 2362 3899 nuntiavit,
2396 3840 2546 3888 stare
2585 3832 2809 3889 domum
2841 3833 2926 3889 vel
2962 3832 3243 3887 civitatem
3293 3847 3403 3887 non
3459 3844 3642 3901 pesse.

2058 3938 2181 3996 quas
2221 3925 2276 3979 in
2310 3925 2548 3998 seipsam
2603 3925 2778 3982 divisa
2840 3925 2983 3981 sit".
3022 3922 3291 3980 Praeterea
3317 3923 3580 3978 mundum
3614 3939 3646 3979 a

2059 4032 2120 4073 se
2145 4017 2473 4076 fabricatum
2506 4019 2745 4084 asserit;
2796 4018 3095 4090 omniaque
3127 4032 3222 4088 per
3263 4016 3441 4088 ipsum
3481 4015 3644 4078 facta,

2058 4116 2112 4165 et
2138 4111 2258 4166 sine
2289 4110 2410 4182 ipso
2445 4110 2582 4165 nihil
2621 4124 2746 4167 esse
2765 4108 3019 4165 factum".
3054 4107 3268 4175 Quibus
3300 4107 3481 4163 verbis
3515 4123 3649 4176 apo-

2060 4201 2237 4257 stolus
2260 4200 2814 4258 mendacissimorum
2845 4200 3129 4256 hominum
3163 4198 3389 4255 minime
3417 4198 3649 4255 solidam

370 4294 555 4357 στολος
583 4293 1072 4364 προαποστερήσας
1093 4288 1205 4362 (97)
1229 4290 1328 4361 τὴν
1348 4288 1456 4343 τῶν
1477 4286 1943 4362 ψευδηγορούντωι

2061 4292 2386 4364 sapientiam
2413 4288 2640 4359 refellit,
2699 4308 2803 4349 nec
2850 4292 3114 4365 pestifero
3170 4293 3335 4348 alicui
3390 4290 3521 4361 Deo,
3554 4292 3650 4349 sed

368 4385 744 4441 ἀνυπόστατον
785 4383 1001 4456 σοφίαν,
1037 4382 1219 4439 καὶού
1264 4379 1588 4454 φθοροποιοῦ
1624 4378 1783 4447 Θεοῦ,
1821 4380 1943 4435 ἀλλά

2059 4386 2228 4455 justo,
2263 4392 2318 4441 et
2351 4385 2719 4458 improbitatis
2760 4385 2940 4441 omnis
2972 4384 3195 4440 inimico
3224 4384 3440 4441 illarum
3468 4374 3651 4440 rerum

366 4476 575 4532 δικαίου
602 4476 699 4532 καὶ
743 4445 1131 4548 μισοπονῆρου.
1178 4445 1556 4548 Ἀπρονοήτων
1592 4472 1650 4529 δέ
1687 4445 1836 4528 ἐστιν
1865 4475 1943 4530 ἀνι

2065 4477 2443 4534 auctoritatem
2493 4478 2761 4535 concedit.
2790 4476 2897 4535 Sed
2931 4478 3343 4535 temerariorum
3369 4476 3657 4533 hominum

371 4564 606 4637 θρώπων
649 4569 749 4638 τῆς
795 4566 1057 4640 προνοίας
1099 4563 1194 4619 τοῦ
1248 4564 1595 4638 Δημιουργοῦ
1652 4564 1727 4638 μὴ
1778 4566 1943 4620 αἰτίαι

2064 4569 2155 4623 illa
2203 4569 2412 4637 judicia
2467 4578 2630 4635 sunt,
2686 4585 2867 4641 neque
2933 4568 3250 4626 Conditoris
3298 4569 3658 4643 providentiae

370 4659 823 4731 λαμϐανομένων,
871 4659 966 4715 καί.
1000 4658 1075 4731 μὴ
1112 4658 1272 4732 μόνον
1310 4657 1370 4712 τὸ
1402 4658 1503 4728 τῆς
1547 4656 1727 4730 ψυχῆς
1781 4659 1943 4731 δμμαη

2066 4678 2264 4722 causas
2300 4663 2743 4736 intclligentium,
2772 4665 2975 4735 quique
2997 4679 3108 4719 non
3138 4663 3521 4730 animisolum,
3559 4665 3655 4720 sed

372 4748 511 4805 ἀλλά
545 4751 640 4804 καὶ
673 4750 736 4804 τὸ
765 4749 861 4803 τοῦ
896 4748 1151 4820 σώματος
1180 4749 1631 4823 θπεπηρωμένων.
1670 4741 1943 4826 Οῦτοιᾼμὲι

2066 4755 2228 4812 etiam
2248 4756 2494 4827 corporis
2527 4757 2703 4812 oculis
2736 4754 3026 4811 videantur
3062 4770 3185 4812 esse
3217 4755 3382 4826 capti.
3409 4755 3654 4823 Quanto-

372 4839 467 4897 οὗν
501 4842 579 4907 ὡς
620 4842 1028 4916 διημαρτήκασι
1059 4843 1160 4914 τῆς
1199 4843 1479 4916 ἀληθείας,
1509 4842 1668 4915 δῆλόν
1701 4843 1782 4897 σοί
1814 4845 1943 4897 ἐστι’

2071 4861 2199 4915 pere
2231 4846 2398 4917 igitur
2454 4845 2531 4900 illi
2572 4861 2603 4900 a
2637 4828 2869 4902 veritate
2927 4844 3252 4914 dissideant,
3291 4861 3358 4901 ex
3420 4847 3491 4901 iis
3537 4863 3666 4918 qua:

373 4935 439 4989 ἐκ
464 4932 573 4987 τῶν
601 4934 928 5007 εἰρημένων.
968 4934 1274 4990 Πεπόνθασι
1306 4934 1363 4989 δὲ
1390 4933 1548 4988 τοῦτο
1594 4934 1736 4998 ἰδίως
1766 4936 1943 4993 ἑκάτε-

2073 4938 2219 4993 dicta
2245 4946 2375 4996 sunt
2407 4937 2622 4995 abunde
2664 4946 2820 5010 potes
2878 4951 3230 5010 cognoscere.
3267 4935 3373 4994 Sed
3397 4918 3663 5011 utrosque

378 5044 470 5098 ρος
495 5026 698 5092 αὐτῶν,
731 5027 781 5080 οἱ
806 5026 906 5098 μὲν
929 5025 1023 5115 atat
1044 5025 1106 5079 τὸ
1134 5027 1349 5094 ἀγνοεῖν
1374 5026 1466 5079 τὸν
1492 5026 1591 5097 τῆς
1613 5027 1943 5100 δικαιοσύνης

2074 5032 2355 5102 proprium
2388 5032 2646 5102 quiddam
2683 5047 2748 5088 ac
2776 5032 3051 5105 peculiare
3088 5031 3157 5087 ad
3202 5032 3275 5086 ita
3313 5032 3659 5089 sentiendum

449 5183 466 5214 ¹
497 5179 641 5236 Iren.
669 5180 790 5235 τότε
821 5183 957 5236 έννο.
987 5181 1077 5235 ὅτε
1111 5179 1271 5233 θέλει.
1352 5182 1373 5212 ¹
1402 5179 1462 5236 F.
1497 5181 1629 5236 εἴσω
1658 5182 1883 5246 πάθους.

1988 5186 2009 5217 ³
2037 5185 2097 5241 F.
2141 5186 2410 5260 μαθούσῃ.

375 5251 448 5306 τά
476 5269 561 5306 τε.
637 5253 657 5283 ⁷
691 5251 879 5307 Matth.
911 5268 1008 5317 xu,
1037 5251 1127 5307 25.
1206 5254 1228 5283 ⁸
1259 5249 1416 5306 Joan.
1448 5267 1488 5316 ι,
1515 5253 1568 5305 5.
1598 5275 1605 5283 -

2514 5189 2535 5222 ⁸
2568 5188 2629 5243 F.
2667 5189 2954 5260 ἑπόμενον.
3074 5190 3095 5221 ⁸
3132 5187 3295 5247 Deest
3334 5190 3464 5260 χρή.
3545 5191 3567 5223 ⁸
3592 5187 3658 5245 F.

3074 5190 3095 5221 ⁸
3132 5187 3295 5247 Deest
3334 5190 3464 5264 χρή.

452 5410 567 5483 (96)
605 5410 718 5493 1ςαί
756 5412 865 5469 τοῦ
894 5411 1202 5496 σφετέρου
1231 5412 1638 5496 πληρωθῆναι.
1677 5412 1943 5496 Utcunqu

2070 5417 2294 5496 nomine
2337 5418 2605 5496 Joannem
2658 5416 2963 5496 intelligere
3011 5415 3252 5496 yidetur,
3304 5423 3364 5472 ut
3397 5415 3478 5496 ad
3511 5415 3662 5486 λέγει

382 5497 586 5566 sensus
614 5484 795 5566 [iisex
836 5484 1167 5566 νει-ἰ)ἱείσεῐυί
1196 5485 1393 5566 possit,
1428 5485 1575 5566 quod
1609 5486 1828 5566 nopnisi
1854 5484 1971 5566 v’io:
2068 5489 2240 5566 paulo
2263 5497 2388 5545 ante
2418 5484 2980 5566 positum‘referatur,
3011 5487 3117 5543 hoc
3141 5503 3306 5566 sensu
3339 5507 3352 5543 :
3388 5484 3662 5566 Priamea

381 5551 1827 5642 [potitet-“ﬁeri,potest‘nLolnge'mih'ipaptiuisuvidetur
1875 5559 1975 5642 una}
2074 5551 2334 5642 iﬁnundum
2383 5551 2451 5642 οὗ
2494 5562 2610 5641 ipso
2651 5551 3005 5642 (auriculam;
3055 5560 3336 5629 omniaque
3363 5558 3658 5642 per‘t'psum

383 5624 485 5705 τοῦ
527 5623 618 5705 ύφ’
647 5622 1270 5705 ,ἑτέρουιπληρωθῆναα
1311 5622 1659 5705 Νοᾱόιιὺίιο
1702 5627 1835 5696 quin
1875 5627 1943 5679 ho

2081 5630 2247 5705 facta,
2272 5640 2320 5682 et
2347 5631 2468 5705 sine
2488 5622 2601 5705 ipso
2622 5622 2764 5705 nihil
2793 5647 2905 5705 esse
2941 5622 3142 5705 factum
3178 5622 3406 5683 testatur
3435 5622 3661 5700 Aposto-

387 5692 733 5819 Epiphanius
755 5692 1074 5765 scripserit.
1136 5692 1158 5721 ·“
1336 5698 1337 5705 ‘
1720 5692 1735 5696 ”
2082 5692 2195 5767 lus;
2220 5692 2284 5754 la.-
2317 5692 2841 5757 nteudaeissimorum
2869 5692 3162 5771 hominum,
3188 5707 3295 5763 etc.

459 5767 475 5819 (
519 5763 572 5819 7l
623 5764 679 5817 '0
725 5765 1080 5819 ἀπόσπολορ
1128 5769 1686 5819 ποοαποστεοήσαο.
1740 5768 1988 5819 Anostoll

459 5763 572 5836 (97)
623 5764 679 5817 '0
725 5763 1080 5832 ἀπόσῖπολος
1128 5769 1686 5839 προαποστερήσας.
1740 5768 1988 5838 Apostoll
