4018 6148
404 277 511 339 559
1752 274 1810 331 s.
1852 247 2204 331 EPlPllANll
3576 272 3690 336 550

402 385 638 453 induxit.
662 392 811 451 Alios
833 390 1077 464 quidem,
1094 387 1241 462 quod
1275 395 1554 444 auctorem
1569 384 1800 458 iustitiae
1830 384 1983 443 Deun

2098 385 2253 451 Θεὸν,
2280 386 2331 440 oi
2360 384 2415 440 δὲ
2446 384 2536 441 διὰ
2582 385 2644 441 τὸ
2671 385 2887 457 ἀγνοεῖν
2923 388 3016 444 τὸν
3050 390 3160 446 τῶν
3186 392 3323 448 ὅλων
3358 392 3599 464 Πατέρα,
3624 393 3692 446 δν

402 488 744 558 ignorarent,
787 485 925 540 alios
950 483 1097 555 quod
1134 481 1516 539 universorum
1545 486 1825 550 parentem
1872 493 1983 550 pcr-

2098 479 2260 549 μόνος
2297 476 2470 532 ἐλθὼν
2496 481 2525 533 6
2556 479 2715 549 μόνος
2750 479 2903 544 εἰδὼς
2937 482 3273 554 ὲφανέρωσε.
3302 482 3690 556 Περιλείπεται

399 594 556 649 atque
588 578 886 643 nescirent,
919 592 1081 646 quem
1108 574 1200 630 ille
1230 573 1382 631 solus
1404 570 1701 628 adveniens
1725 569 1818 641 qui
1846 568 1983 625 solut

2094 570 2150 624 δὲ
2179 571 2310 642 ἡμῖν
2347 570 2627 637 ἀξιωθεῖσί
2649 589 2710 625 τε
2741 573 2840 645 τῆς
2869 573 2889 605 ³
2930 574 3257 647 ἀμφοτέρων
3281 576 3487 630 τούτων
3516 576 3693 647 ἐκφῆ-

401 677 566 724 norat
615 670 849 740 aperuit.
879 667 1054 725 Nobis
1110 680 1240 723 vero
1299 663 1503 736 quibus
1567 669 1868 732 utrumque
1904 658 1983 716 Dei

2094 661 2182 717 ναί
2219 679 2302 716 σοι
2335 666 2430 718 καὶ
2467 663 2777 736 ἀκρισῶσαι
2812 665 2976 720 αὐτόν
3003 684 3064 720 τε
3093 668 3184 722 τὸν
3221 668 3406 739 νόμον,
3443 668 3693 732 marum;

399 761 666 818 beneﬂcio
732 761 1012 832 cognitum
1041 763 1147 823 est‘,
1190 757 1464 828 reliquum
1497 753 1632 809 illud
1678 760 1783 816 est,
1844 757 1904 806 ut
1928 749 1983 806 dt

2091 771 2182 818 τις
2207 755 2316 826 εἴη,
2362 755 2458 809 καὶ
2485 754 2577 810 τὸν
2608 755 2699 826 ὑφῗ
2729 750 2792 810 οὗ
2818 756 3060 814 τέθειται
3092 759 3184 814 τὸν
3228 760 3552 831 νομοθέτην,
3593 762 3697 833 ρηο

400 851 520 924 lege
541 853 675 909 certi
705 852 913 923 aliquid
945 849 1327 922 exploratique
1347 841 1983 912 doceamus,cujusmodi

2097 844 2414 918 θησομένων
2442 848 2576 931 ἡμῖν
2605 846 2704 911 τὰς
2745 848 3050 915 ἀποδείξεις
3089 851 3155 905 ὲκ
3181 851 3292 907 τῶν
3312 851 3406 904 τοῦ
3437 851 3697 922 Σωτῆρος

400 944 655 1000 videlicet
684 944 773 999 illa
813 945 907 1010 sit,
941 950 997 999 et
1036 957 1067 997 a
1098 956 1338 1014 quonam
1397 939 1711 1010 legislature
1745 938 1983 993 sancita:

2094 936 2253 1008 ἡμῶν
2273 937 2446 1007 λόγων
2477 938 2873 1011 παριστῶντες,
2903 940 2970 995 δι’
3003 936 3078 996 ὧν
3119 944 3279 1012 μόνον
3314 943 3462 997 ἐστιν
3486 945 3695 998 ἀπταί-

398 1036 477 1090 ita
508 1047 689 1092 tamen
716 1046 777 1092 ut
804 1036 1069 1108 quidquid
1088 1050 1119 1091 a
1146 1033 1308 1090 nobis
1347 1032 1570 1086 allatum
1585 1028 1773 1093 fuerit,
1792 1029 1843 1084 id
1879 1042 1983 1083 non

2098 1044 2238 1092 ττως
2268 1029 2362 1082 ἐπὶ
2386 1028 2485 1098 τὴν
2521 1029 2828 1102 κατάληψιν
2851 1032 2959 1086 τῶν
2985 1033 3154 1087 ὄντων
3168 1034 3510 1104 ὁδηγεῖσθαι.

399 1128 622 1184 aliunde
650 1143 813 1199 quam
863 1145 929 1183 ex
972 1127 1109 1200 ipsis
1157 1123 1457 1180 Salvatoris
1486 1122 1672 1178 verbis
1711 1121 1994 1191 probetur.
2035 1115 2136 1174 llis
2158 1120 2303 1175 enim
2334 1121 2469 1178 solis
2509 1121 2657 1177 velut
2718 1123 2932 1183 itineris
2981 1125 3218 1183 ducibus
3269 1127 3547 1192 adhibitis,
3629 1127 3696 1183 ad

397 1237 585 1278 rerum
613 1222 982 1292 cognitionem
1018 1206 1136 1276 sine
1163 1234 1350 1273 errore
1366 1216 1740 1289 perdueimur.
2994 1240 3003 1245 »

467 1314 555 1369 IV.
593 1313 646 1368 In
678 1315 866 1385 primis
928 1315 1092 1386 igitur
1156 1313 1442 1369 sciendum
1498 1321 1604 1379 est,
1673 1313 1764 1367 uni
1804 1324 1983 1366 ersam

2166 1306 2238 1362 A'.
2282 1307 2505 1379 Πρῶτον
2538 1304 2633 1364 οὖν
2672 1308 2966 1382 μαθητέον,
3013 1310 3103 1393 ὅτι.
3135 1312 3166 1364 6
3209 1310 3434 1382 σύμπας
3480 1314 3695 1381 ἐκεῖνος

400 1404 554 1461 illam
588 1408 783 1478 legem,
812 1422 935 1478 qua:
962 1407 1206 1478 quinque
1233 1407 1402 1463 Mosis
1439 1404 1812 1462 voluminibus
1851 1416 1983 1459 con-

2091 1398 2257 1468 νόμος
2300 1399 2329 1452 6
2375 1398 2767 1470 περιεχόμενος
2814 1402 2883 1471 τῇ
2925 1398 3169 1464 Μωσέως
3215 1402 3572 1475 Πεντατεύχῳ
3628 1406 3693 1460 ού

397 1500 627 1565 tinetur,
666 1516 773 1556 non
834 1501 903 1557 ab
961 1517 1070 1556 uno
1119 1517 1242 1558 esse
1299 1502 1612 1573 legislatore
1661 1497 1983 1570 proiectam,

2093 1490 2232 1562 πρὸς
2263 1490 2383 1555 ἑνός
2427 1509 2575 1557 τινος
2619 1492 3064 1565 νενομοθέτηται,
3101 1493 3247 1563 λέγω
3289 1495 3376 1567 δὴ,
3431 1496 3530 1567 οὐχ
3582 1497 3696 1552 ὑπὸ

395 1592 513 1648 solo
541 1592 793 1648 videlicet
829 1591 971 1659 Deo;
1007 1592 1101 1648 sed
1146 1592 1382 1649 admista
1413 1590 1660 1662 qumdam
1701 1589 1983 1644 hominum

2095 1583 2259 1655 μόνου
2300 1582 2461 1649 Θεοῦ,
2493 1584 2609 1638 ἀλλ’
2652 1586 2760 1640 είσί
2807 1602 2952 1650 τινες
3003 1585 3184 1641 αὐτῶν
3221 1588 3545 1661 προστάξεις
3591 1593 3698 1645 καὶ

391 1696 516 1737 esse
574 1682 849 1744 mandata.
917 1690 999 1748 ut,
1068 1681 1527 1759 quemadmodum
1582 1680 1834 1735 Salvator
1872 1680 1983 1748 ipse

2091 1673 2182 1727 ὐπ’
2217 1671 2525 1747 ἀνθρώπων
2562 1673 2827 1743 τεθεῖσαι,
2877 1674 2973 1729 καὶ
3019 1675 3182 1749 τριχῆ
3226 1676 3413 1732 τοῦτον
3462 1678 3695 1750 διαιρεῖ-

393 1771 602 1836 docuit,
629 1773 896 1826 trifariam
932 1772 1015 1828 lex
1055 1773 1128 1829 sit
1157 1772 1340 1830 omnis
1370 1772 1689 1827 distributa.
1722 1769 1983 1837 Quaedam

2094 1766 2218 1820 σθαι
2245 1767 2295 1820 oi
2320 1766 2415 1821 τοῦ
2449 1768 2704 1839 Σωτῆρος
2732 1768 2882 1838 λόγοι
2923 1768 3268 1824 διδάσκουσιν
3293 1771 3461 1843 ἡμᾶς.
3496 1772 3594 1837 Εἰς
3627 1790 3696 1827 τε

392 1863 541 1917 enim
582 1863 648 1916 ad
685 1863 865 1933 ipsum
885 1861 1054 1918 Deum
1088 1864 1320 1935 ejusque
1334 1866 1654 1920 sanctiones
1685 1863 1988 1934 pertinent;

396 1953 501 2007 alia
531 1952 668 2008 Mosi
722 1954 1015 2010 tribuenda
1073 1961 1222 2020 sunt,
1283 1970 1391 2010 non
1442 1954 1664 2024 quidem
1721 1961 1992 2024 quatenus

394 2045 602 2115 aliquid
636 2061 665 2099 a
708 2044 817 2101 Deo
847 2047 996 2103 illius
1030 2047 1342 2102 interventu
1400 2047 1678 2101 decretum
1729 2055 1834 2113 est,
1894 2045 1988 2101 sed

392 2147 664 2208 quatenus
707 2154 802 2209 per
829 2154 951 2194 sese
989 2154 1055 2195 ac
1085 2148 1281 2209 suapte
1322 2149 1517 2210 sponte
1556 2139 1823 2194 nonnulla
1852 2154 1989 2193 con-

392 2229 606 2297 stituit;
641 2230 874 2284 aliorum
918 2230 1153 2302 denique
1221 2231 1470 2287 seniores
1532 2231 1624 2301 qui
1671 2231 1725 2285 in
1788 2231 1991 2300 populo

385 2328 549 2375 erant
605 2330 862 2378 auctores
910 2322 1279 2389 exstiterunt,
1321 2337 1386 2377 ac
1441 2322 1601 2393 primi
1653 2321 1730 2375 illi
1778 2321 1991 2391 privata

395 2411 645 2481 quaedam
672 2425 945 2485 praecepta
978 2415 1219 2470 inserere
1265 2424 1395 2469 sunt
1435 2415 1576 2470 ausi.
1610 2412 1768 2478 Quod
1801 2429 1990 2483 quem-

392 2504 689 2559 admodum
720 2521 843 2562 sese
898 2507 1120 2572 habeat,
1169 2522 1234 2561 ex
1296 2507 1430 2576 ipsis
1456 2505 1756 2561 Salvatoris
1810 2506 1990 2561 verbis

394 2596 690 2666 intelliges.
722 2595 824 2651 llic
864 2597 1008 2651 enim
1037 2598 1274 2666 quodam
1334 2596 1389 2650 in
1447 2597 1567 2650 loco
1601 2596 1666 2648 ad
1699 2613 1792 2650 eos
1825 2596 1989 2650 verba

392 2686 622 2749 faciens.
658 2688 752 2760 qui
791 2688 859 2744 de
890 2689 1103 2759 repudii
1139 2688 1323 2743 libello
1356 2704 1541 2744 secum
1600 2687 1986 2756 disputabant,

391 2779 535 2850 quod
574 2781 938 2850 permissione
965 2779 1101 2851 legis
1141 2780 1361 2844 licebat,
1401 2780 1483 2837 sic
1534 2780 1659 2833 illos
1716 2778 1990 2836 allocutus

391 2880 474 2931 est
505 2891 516 2926 :
558 2871 770 2944 Moyses
796 2873 866 2927 ad
899 2872 1159 2927 duritiam
1188 2875 1368 2930 cordis
1392 2876 1552 2930 vestri
1578 2875 1814 2944 permisit
1846 2874 1990 2929 vobis

390 2964 656 3018 dimittere
705 2980 898 3020 uxores
934 2977 1157 3023 vestras.
1205 2966 1283 3021 Ab
1344 2968 1499 3022 initio
1532 2979 1709 3023 autem
1763 2968 1991 3038 nonfuit

394 3058 520 3111 sic’.
555 3058 722 3129 218
744 3058 886 3113 Deus
910 3061 1081 3125 enim,
1124 3062 1324 3131 inquit,
1357 3062 1672 3132 conjugium
1703 3062 1803 3116 hoc
1821 3078 1991 3132 copu-

2092 1856 2202 1929 γὰρ
2235 1858 2401 1912 αὑτὸν
2434 1858 2527 1912 τὸν
2574 1858 2728 1922 Θεὸν,
2768 1859 2861 1913 καὶ
2912 1859 3013 1932 τὴν
3074 1859 3267 1915 τούτου
3329 1861 3691 1932 νομοθεσίαν·

2091 1949 2382 2022 διαιρεῖται
2426 1950 2484 2005 δὲ
2532 1952 2626 2005 καὶ
2667 1953 2747 2016 είς
2785 1952 2878 2006 τὸν
2904 1953 3131 2018 Μωσέα,
3160 1953 3222 2006 ού
3257 1952 3383 2008 καθ’
3409 1954 3541 2010 αὐτὸ
3569 1955 3593 1988 ⁸
3618 1955 3693 2010 δι’

2092 2040 2258 2095 αὑτοῦ
2293 2042 2579 2114 νομοθετεῖ
2621 2045 2651 2098 6
2694 2042 2850 2107 Θεὸς,
2884 2043 3021 2098 ἀλλά
3070 2044 3216 2099 καθά
3245 2044 3353 2099 ἀπὸ
3401 2046 3502 2117 τῆς
3550 2045 3696 2113 ίδίας

2092 2134 2299 2199 ἐννοίας
2331 2134 2653 2207 ὁρμώμενος
2682 2138 2776 2190 καὶ
2807 2140 2835 2192 6
2879 2138 3085 2210 Μωσῆς
3134 2137 3498 2212 ὲνομοθέτησέ
3527 2157 3656 2194 τινα
3677 2157 3691 2172 ·

2091 2227 2184 2279 καὶ
2210 2227 2291 2291 εἰς
2322 2227 2450 2292 τοὺς
2486 2227 2894 2301 πρεσϐυτέρους
2930 2229 3034 2283 ,τοῦ
3067 2229 3198 2284 λαοῦ
3242 2230 3553 2303 διαιρεῖται,
3592 2234 3696 2287 καὶ

2092 2314 2299 2387 πρῶτοι
2352 2316 2697 2388 εὑρίσκονται
2747 2318 2969 2383 ἐντολάς
3011 2336 3166 2385 τινας
3222 2320 3471 2386 ἐνθέντες
3527 2322 3690 2387 ἰδίας.

2092 2407 2217 2473 Πῶς
2259 2405 2354 2462 οὖν
2395 2408 2556 2464 τοῦτο
2607 2408 2782 2475 οὕτως
2833 2410 2957 2483 ἔχον
3007 2413 3073 2467 ἐκ
3129 2412 3238 2467 τῶν
3286 2412 3381 2466 τοῦ
3434 2414 3694 2486 Σωτῆρος

2089 2500 2368 2555 δείκνυται
2411 2500 2608 2572 λόγων,
2659 2501 2854 2574 μάθοις
2903 2503 2949 2557 δ’
2993 2501 3060 2558 ἂν
3111 2503 3233 2576 ἤδη.
3291 2505 3692 2578 Διαλεγόμενὸς

2091 2610 2194 2646 που
2228 2595 2256 2647 6
2288 2594 2481 2665 Σωτὴρ
2527 2594 2666 2667 πρὸς
2713 2594 2839 2659 τοὺς
2875 2597 3004 2667 περὶ
3053 2596 3147 2650 τοῦ
3201 2598 3536 2652 ἀποστασίου
3587 2616 3691 2653 συ-

2091 2682 2386 2756 ζητοῦντας
2428 2685 2601 2758 αὐτῷ,
2634 2686 2664 2739 ὃ
2697 2684 2761 2757 δὴ
2812 2687 3145 2742 ἀποστάσιον
3188 2688 3390 2756 ἐξεῖναι
3437 2692 3693 2762 ὲνενομο-

2091 2778 2304 2850 θέτητο,
2339 2779 2444 2850 ἔφη
2473 2779 2680 2846 αὐτοῖς,
2726 2781 2809 2835 ὅτι
2844 2781 3119 2850 Μωυσῆς
3141 2782 3293 2852 πρὸς
3325 2782 3441 2851 τὴν
3486 2788 3690 2853 σκλη-

2082 2870 2413 2940 ροκαρδίαν
2440 2871 2551 2943 (98)
2584 2871 2753 2943 ὑμῶν
2800 2873 3094 2944 ἐπέτρεψε
3135 2874 3199 2927 τὸ
3229 2875 3526 2929 ἀπολύειν
3568 2876 3690 2943 τὴν

2090 2964 2347 3033 γυναῖκα
2378 2965 2589 3021 αὑτοῦ.
2636 2965 2954 3036 Ἀπ’ἀρχῆς
2969 2966 3082 3036 γὰρ
3102 2969 3173 3021 οὐ
3204 2969 3458 3041 γέγονεν
3473 2967 3688 3035 οὕτως.

2090 3054 2223 3120 Θεὸς
2259 3056 2390 3129 γὰρ,
2435 3058 2588 3129 φησὶ,
2646 3056 2935 3125 συνέζευξε
2983 3047 3193 3131 ταύτην
3235 3060 3334 3132 τὴν
3386 3060 3687 3129 συζυγίαν·

390 3149 523 3203 lavit
552 3167 566 3215 ;
591 3161 644 3204 et
672 3169 682 3203 :
721 3147 874 3215 Quod
902 3150 1042 3206 Deus
1078 3152 1353 3221 conjunxit
1380 3153 1533 3205 homo
1573 3168 1676 3205 non
1710 3153 1972 3220 separet'.

2089 3149 2193 3216 καὶ,
2221 3151 2282 3201 Ὅ
2310 3148 2673 3216 συνέζευξεν
2690 3153 2723 3205 ὀ
2742 3152 2977 3220 Κύριος,
3010 3151 3321 3222 ἅνθρωπος
3343 3152 3430 3223 μὴ
3452 3151 3692 3222 χωριζέ-

393 3239 495 3295 Ubi
531 3240 692 3305 aliam
722 3256 847 3296 esse
892 3240 983 3296 Dei
1032 3242 1204 3313 legem
1237 3242 1499 3306 ostendit,
1546 3257 1670 3312 qua:
1704 3258 1926 3297 uxorem
1952 3258 1982 3297 a

391 3332 511 3385 viro
551 3330 766 3402 sejungi
819 3333 1127 3402 prohibeat,
1181 3335 1345 3389 aliam
1386 3334 1573 3397 Mosis,
1602 3334 1696 3405 qui
1725 3334 1795 3389 ob
1830 3334 1982 3389 duri—

390 3423 520 3478 tiem
556 3423 740 3479 cordis
763 3440 866 3491 par
898 3426 1028 3480 illud
1060 3426 1352 3484 dissociari
1396 3427 1690 3497 permittat.

462 3607 517 3661 In
546 3622 654 3677 quo
679 3606 857 3668 Moses
890 3609 1150 3680 quiddam
1213 3609 1325 3666 Deo
1372 3609 1712 3665 contrarium
1754 3608 1900 3673 tulit,
1933 3608 1985 3665 ei

388 3701 601 3755 scilicet
624 3701 892 3767 cautioni,
926 3719 1034 3773 qua
1065 3703 1297 3759 dissolvi
1331 3703 1682 3758 matrimonia
1710 3710 1977 3759 vetuerat.

392 3792 501 3855 Sed
531 3792 575 3848 si
615 3794 945 3864 Iegislatoris
981 3795 1160 3866 ipsius
1192 3806 1451 3860 mentem,
1479 3812 1586 3867 qua
1621 3794 1689 3849 ad
1726 3796 1859 3851 illud
1890 3796 1985 3851 de~

388 3878 723 3940 cernendum
754 3887 1015 3943 inductus
1047 3895 1151 3952 est,
1188 3895 1454 3942 accurate
1520 3874 1977 3952 consideremus;

387 3978 734 4034 inveniemus
762 3980 954 4050 procul
978 3980 1148 4035 dubio
1170 3995 1280 4036 non
1310 3979 1362 4033 id
1393 3994 1517 4034 eum
1538 3986 1731 4049 sponte
1749 3977 1984 4044 sua,sed

388 4073 715 4126 necessitate
757 4072 983 4128 fecisse:
1011 4090 1120 4144 quo
1147 4088 1338 4129 eorum
1364 4073 1566 4143 quibus
1598 4072 1985 4144 praescribebat

390 4160 757 4216 imbecillitati
793 4164 1127 4219 consuleret.
1164 4162 1418 4230 Quicum
1446 4163 1691 4218 divinum
1722 4162 1855 4218 illud
1886 4163 1983 4219 de-

389 4258 599 4305 cretum
635 4250 704 4306 de
734 4253 1038 4309 retinendis
1102 4255 1369 4309 uxoribus
1412 4255 1542 4311 suis
1599 4255 1837 4309 tolerare
1871 4269 1982 4310 non

2090 3258 2189 3305 τω,
2211 3240 2336 3312 ἔφη.
2356 3241 2619 3296 Ἐνταῦθα
2635 3242 2823 3315 ἕτερον
2842 3245 2942 3315 μὲν
2964 3243 3058 3298 τοῦ
3079 3244 3214 3298 Θεοῦ
3236 3244 3475 3299 δείκνυσι
3496 3245 3687 3317 νόμον,

2088 3332 2180 3386 τὸν
2225 3332 2504 3386 κωλύοντα
2548 3332 2878 3405 χωρίζεσθαι
2924 3338 3158 3404 γυναῖκα
3202 3335 3310 3389 ἀπὸ
3354 3335 3447 3389 τοῦ
3487 3336 3687 3407 ἀνδρὸς

2085 3424 2468 3495 αὐτῆς,’έτερον
2485 3424 2542 3478 δὲ
2571 3426 2663 3479 τὸν
2694 3422 2791 3478 τοῦ
2816 3426 3116 3493 Μωῦσέως,
3152 3426 3245 3481 τὸν
3271 3427 3359 3481 διὰ
3397 3428 3494 3500 τὴν
3518 3428 3689 3500 σκλη-

2082 3517 2379 3591 ροκαρδίαν
2406 3517 2773 3588 ἐπιτρέποντα
2813 3518 3142 3590 χωρίζεσθαι
3174 3518 3334 3573 τοῦτο
3372 3520 3433 3574 τὸ
3469 3520 3683 3591 ζεῦγος.

2160 3609 2367 3681 Καὶηδὴ
2413 3612 2555 3664 κατὰ
2605 3610 2763 3666 τοῦτο
2805 3613 3021 3666 ἐναντία
3058 3611 3134 3685 τῷ
3165 3613 3285 3685 Θεῷ
3323 3613 3608 3685 νομοθετεῖ
3656 3616 3689 3667 6

2087 3700 2313 3770 Μωσῆς.
2377 3700 2651 3754 Ἐναντίον
2702 3701 2812 3773 γάρ
2860 3701 2976 3755 ἐστι
3029 3702 3105 3774 τῷ
3154 3704 3230 3775 μὴ
3279 3702 3680 3773 διαζευγνύναι.

2099 3788 2226 3844 Ἐὰν
2254 3788 2439 3860 μέντοι
2464 3790 2558 3843 καὶ
2588 3788 2690 3861 τὴν
2715 3790 2811 3844 τοῦ
2862 3789 3140 3855 Μωῦσέως
3180 3791 3428 3863 γνώμην,
3460 3791 3584 3845 καθ’
3612 3795 3682 3865 ῆν

2084 3879 2244 3933 τοῦτο
2278 3880 2690 3954 ἐνομοθέτησεν,
2718 3880 3095 3956 εξετάσωμεν,
3133 3887 3491 3958 εὑρεθήσεται
3520 3887 3684 3944 τοῦτο

2085 3973 2148 4026 ού
2178 3972 2320 4027 κατά
2349 3973 2669 4047 προαίρεσιν
2697 3976 2934 4049 ποιήσας
2975 3977 3076 4049 τὴν
3111 3977 3328 4045 ἑαυτοῦ,
3357 3978 3495 4033 ἀλλὰ
3537 3983 3683 4036 κατά

2086 4066 2334 4139 ἀνάγκην
2374 4066 2463 4120 διὰ
2512 4066 2610 4139 τὴν
2657 4068 2768 4122 τῶν
2816 4070 3333 4143 νενομοθετημένων
3368 4072 3677 4131 ἀσθένειαν.

2095 4159 2251 4213 Ἐπεὶ
2276 4158 2384 4232 γὰρ
2421 4160 2522 4234 τὴν
2555 4160 2649 4215 τοῦ
2676 4159 2814 4215 Θεοῦ
2846 4159 3074 4234 γνώμην
3102 4163 3389 4232 φυλάττειν
3420 4167 3521 4220 οὐκ
3546 4167 3676 4239 ἠδύ-

2084 4267 2247 4306 ναντο
2272 4244 2440 4315 οὗτοι,
2474 4255 2533 4306 ὲν
2561 4252 2641 4325 τῷ
2668 4253 2745 4326 μὴ
2784 4253 2984 4321 ἐξεῖναι
3029 4256 3211 4320 αὐτοῖς
3255 4256 3540 4313 ἐκϐάλλειν
3577 4260 3678 4326 τὰς

391 4350 641 4411 possent,
664 4356 729 4395 ac
753 4342 984 4398 moleste
1022 4344 1245 4414 quidam
1279 4359 1468 4399 earum
1505 4346 1784 4400 consortia
1814 4346 1981 4401 susti-

2089 4345 2343 4412 γυναῖκας
2390 4341 2590 4409 αὐτῶν,
2622 4343 2825 4408 αἵτινες
2858 4345 2879 4376 ⁸
2913 4344 3096 4398 αὐτῶν
3141 4345 3327 4419 ἀηδῶς
3372 4349 3673 4421 συνῴκουν,

390 4438 605 4498 nerent,
646 4432 951 4502 periculum
983 4444 1043 4488 ut
1081 4443 1248 4501 esset,
1269 4450 1341 4491 ne
1371 4451 1435 4492 ea
1464 4450 1524 4492 se
1547 4437 1840 4492 occasione
1864 4453 1982 4509 gra-

342 4552 361 4558 ~
388 4524 634 4581 vioribus
664 4525 967 4582 sceleribus
996 4527 1414 4599 obstringerint,
1448 4529 1649 4600 quibus
1675 4537 1977 4587 extremam

388 4615 445 4672 in
470 4617 766 4687 perniciem
792 4626 1036 4684 ruerent,
1067 4627 1125 4673 ut
1150 4618 1255 4675 hoc
1286 4617 1692 4676 incommodum
1716 4622 1982 4679 devitaret

390 4708 635 4782 Moyses,
691 4711 837 4782 quod
883 4711 949 4766 ad
1020 4711 1238 4768 illorum
1298 4712 1580 4768 interitum
1659 4714 1979 4786 spectabat,

390 4804 690 4859 secundam
731 4804 1026 4874 quamdam
1048 4805 1261 4876 repudii
1302 4804 1475 4877 legem
1513 4806 1723 4876 privata
1792 4814 1982 4861 aucto-

390 4895 553 4950 ritate
586 4895 907 4964 constituit;
940 4897 1237 4968 minusque
1269 4912 1335 4953 ex
1360 4913 1424 4953 ea
1450 4897 1745 4954 occasione
1777 4897 1978 4951 malum

390 5002 516 5041 cum
556 4988 764 5059 majore
816 4990 1237 5060 compensavit,
1287 4996 1350 5044 ut
1400 4990 1446 5046 si
1505 4991 1689 5048 minus
1742 4990 1979 5061 priorem

392 5074 546 5132 illam
577 5095 801 5136 servare
819 5081 1053 5152 possint,
1083 5080 1225 5138 hanc
1247 5082 1440 5138 saltem
1475 5082 1768 5149 retineant,
1801 5096 1982 5152 neque

392 5171 739 5240 seinllagitia
777 5176 1097 5246 sceleraque
1143 5175 1518 5241 committant,
1546 5188 1646 5245 per
1684 5190 1809 5245 quae
1844 5174 1979 5230 ulti-

2086 4434 2182 4488 καὶ
2233 4433 2575 4490 ἐκινδύνευον
2627 4436 2693 4490 ὲκ
2747 4435 2936 4491 τούτου
2982 4438 3345 4517 ἐκτρέπεσθαι
3398 4440 3558 4496 πλέον
3599 4443 3679 4507 εἰς

2086 4527 2324 4591 ἀδικίαν,
2360 4528 2456 4582 καὶ
2485 4531 2549 4583 ὲκ
2570 4529 2775 4603 ταύτης
2807 4532 2889 4595 εἰς
2911 4528 3209 4599 ἀπώλειαν,
3243 4534 3305 4587 τὺ
3335 4534 3500 4604 ἀηδὲς
3518 4534 3680 4590 τοῦτο

2088 4618 2410 4691 βουλόμενος
2459 4619 2688 4692 metu
2734 4621 2914 4675 αὐτῶν
2963 4625 2992 4677 6
3047 4624 3309 4696 Μωῦσῆς,
3354 4624 3423 4679 δι’
3470 4620 3532 4681 οὗ
3584 4629 3681 4681 καὶ

2085 4710 2420 4766 ἀπόλλυσθαι
2468 4713 2843 4780 ἐκινδύνευον,
2888 4714 3141 4788 δεύτερόν
3199 4734 3320 4770 τινα
3382 4717 3459 4783 ὡς
3536 4719 3678 4774 κατά

2084 4802 2408 4874 περίστασιν
2438 4797 2601 4876 ἦττον
2635 4805 2804 4860 κακὸν
2827 4806 2948 4860 ἀντὶ
2976 4806 3220 4878 μείζονος
3245 4809 3676 4864 ἀντικαταλλασ-

2086 4896 2331 4967 σόμενος,
2361 4897 2453 4950 τὸν
2485 4896 2579 4951 τοῦ
2621 4899 2952 4953 ἀποστασίου
2994 4900 3160 4973 νόμον
3199 4903 3294 4973 ἀφ’
3335 4904 3533 4958 ἑαυτοῦ
3564 4894 3679 4968 svo-4

2087 4988 2386 5061 μοθέτησεν
2420 4991 2604 5054 αὐτοῖς
2623 5008 2635 5021 ⁸
2669 4992 2779 5056 ἵνα,
2819 4992 2913 5045 ἐὰν
2939 4993 3147 5047 ἐκεῖνον
3176 4995 3249 5066 μὴ
3280 4994 3547 5049 δύνωνται
3573 5013 3675 5066 φυ-

2084 5079 2316 5147 λάττειν,
2343 5081 2447 5135 κᾶν
2475 5081 2665 5135 τοῦτόν
2695 5099 2759 5151 γε
2790 5082 3088 5153 φυλάξωσι,
3121 5085 3217 5138 καὶ
3248 5085 3323 5157 μὴ
3348 5088 3429 5150 εἰς
3457 5085 3674 5150 ἀδικίας

2082 5174 2179 5228 καὶ
2250 5174 2451 5239 κακίας
2527 5175 2870 5247 ὲκτραπῶσι,
2934 5177 3001 5231 δι’
3072 5171 3148 5233 ὧν
3192 5177 3443 5233 ἀπώλεια
3490 5180 3675 5243 αὐτοῖς

354 5428 357 5439 ,
416 5460 421 5465 ι
463 5384 479 5416 ⁸
516 5382 707 5440 Matth.
737 5400 851 5451 χιχ,
883 5386 936 5441 8.
1015 5387 1035 5418 ¹¹
1062 5386 1191 5442 ibid.
1224 5385 1279 5442 6.
1356 5385 1377 5418 ³
1411 5385 1573 5444 Deest
1595 5378 1873 5455 γνώσεως.
1948 5385 1972 5418 ⁸

2096 5385 2156 5439 ού
2187 5384 2332 5440 καθὰ
2366 5385 2549 5448 αύτός.
2627 5386 2648 5418 ⁵
2680 5384 2742 5440 F.
2769 5383 2858 5451 αἷς
2888 5403 3054 5441 τινες.

402 5603 418 5630 ί
457 5558 578 5628 (98)
616 5560 739 5615 Ὅτι
791 5557 1055 5628 Μωῦσῆς
1098 5561 1249 5630 πρὸς
1287 5560 1404 5630 τὴν
1453 5559 1970 5630 σκληροκαρδίαν.

393 5629 643 5694 Quonam
693 5639 853 5701 pacto
903 5629 1227 5701 Moyses’id
1273 5630 1478 5686 Jndinis
1530 5632 1870 5701 permiserit,
1921 5639 1977 5687 et

397 5703 667 5765 quatenus
714 5699 1044 5757 Christianis
1069 5701 1368 5758 divortium
1400 5699 1579 5760 facere
1623 5701 1807 5769 liceat,
1850 5702 1975 5772 plu-

2082 5559 2241 5635 ribus
2278 5560 2534 5616 catholici
2565 5562 2896 5633 interpretes
2924 5561 2993 5635 ad
3029 5560 3232 5617 Matth.
3259 5578 3354 5618 xix
3383 5564 3671 5635 disputare

2082 5631 2262 5686 solent
2295 5647 2310 5685 :
2340 5647 2576 5703 quorum
2625 5631 3054 5690 commentarios
3097 5635 3388 5691 consulere
3434 5631 3670 5710 quisque

2081 5711 2279 5771 potest.
