4018 6110
441 287 548 348 563
1799 314 1857 372 s.
1900 316 2242 378 EPIPUANII
3622 326 3734 387 56$

444 399 560 459 lam
612 420 743 463 vero
776 424 913 480 pura
956 409 1048 469 illa
1090 414 1418 491 sinceraque
1458 421 1545 478 lex
1603 423 1700 481 Dei
1750 442 1854 484 nec
1898 448 2010 488 corr

2125 439 2329 507 χείρονι
2357 440 2496 514 αὑτὴ
2528 443 2560 513 ή
2595 442 2917 512 Δεκάλογος,
2948 444 2998 499 oi
3043 438 3179 499 δέκα
3216 440 3367 515 λόγοι
3404 443 3728 507 ἑκεῖνοι,·οί

439 494 712 555 deteriore
738 502 1056 572 conjuncta,
1084 506 1384 582 Decalogus
1413 524 1498 570 est
1525 516 1799 610 ipse,sive
1830 525 2010 581 decem

2125 494 2184 584 ἓν
2213 494 2356 596 ’ταῖς
2385 494 2507 587 δυσί
2548 494 3162 610 ἰτιλαέῖμέδιέξασμένοι,
3211 494 3305 603 εἷς⁸
3339 554 3400 591 τε
3439 538 3727 607 ἀναίρεσιν

436 590 527 644 illa
557 602 824 663 praecepta
864 594 1105 656 'duabus
1153 601 1417 661 distincta
1444 608 1670 677 tabulis,
1700 593 1903 683 quibus
1928 627 2010 671 aut

2121 623 2232 677 τῶν
2273 590 2601 695 ἀερθέγκτων
2633 629 2655 661 ⁸
2675 590 2783 684 ’καῖ
2824 590 2909 693 είὲ
2942 590 3244 702 πρόσταξιν
3285 629 3399 684 τῶν
3427 630 3725 700 ποιητέων,

438 685 688 739 cavenda
718 687 1214 757 prohibentur,aut
1248 694 1499 754 facienda
1531 703 2010 775 mandantur.Qua

2123 713 2196 779 οῖ,
2228 685 2443 789 καίπερ.
2490 717 2738 790 καθαρὰν
2789 685 3005 791 ἔχοντες
3045 685 3570 792 τὴνυνομοθεσίανι,
3646 719 3725 788 μὴ

430 773 536 828 etsi
564 789 701 843 pura
732 778 844 834 sint
866 796 931 837 ac
972 782 1199 855 liquida,
1232 793 1416 845 tamen
1446 792 1595 861 quod
1626 796 1872 852 nondum
1899 773 2023 869 per-

432 862 577 917 lecta
606 866 736 934 sint,
770 870 989 943 impleri
1020 892 1050 929 a
1078 875 1363 938 Salvatore
1417 882 1740 944 debuerant.
1768 889 1851 945 Ad
1887 862 2023 947 illud

428 970 564 1039 vero
600 973 795 1028 genus,
823 966 971 1034 quod
1012 965 1301 1037 injustitize
1361 974 1574 1046 aliquid
1633 979 1821 1047 habet,
1874 983 2022 1053 leges

433 1048 543 1105 illa:
566 1053 868 1113 referenda:
884 1069 1034 1129 sunt,
1082 1065 1284 1134 quibus
1315 1067 1646 1140 iniuriarum
1681 1048 2019 1145 persecutio,

434 1162 739 1221 eorumque
766 1152 860 1223 qui
896 1154 1111 1225 priores
1144 1174 1247 1215 nos
1262 1160 1526 1229 laeserint,
1562 1165 1859 1225 vindicatio
1882 1185 2022 1240 prae-

440 1243 726 1298 scribitur.
774 1243 934 1301 Velut
969 1262 1094 1302 cum
1145 1253 1366 1308 oculum
1405 1270 1506 1325 pro
1561 1258 1745 1325 oculo,
1801 1264 2019 1318 dentem

435 1328 594 1383 e’velli
620 1344 721 1399 pro
750 1330 969 1397 dente‘,
999 1348 1062 1389 ac
1092 1336 1296 1393 caedem
1329 1341 1481 1396 caede
1515 1348 1857 1417 couipcnsari
1889 1365 2022 1420 prae-

435 1422 589 1491 cipit.
618 1421 807 1494 Neque
836 1426 982 1481 enim
1035 1428 1218 1487 minus
1255 1431 1466 1502 injuste
1509 1438 1645 1507 agit,
1677 1441 1770 1510 qui
1802 1442 1855 1496 id
1895 1450 2021 1513 post

435 1511 668 1567 alterum
719 1523 1037 1585 perpetrat,
1090 1533 1220 1574 cum
1271 1523 1445 1583 solius
1506 1529 1718 1587 ordinis
1775 1511 2018 1599 intersit,

433 1609 595 1673 atque
625 1605 767 1661 idem
808 1611 1038 1665 omnino
1072 1610 1290 1669 facinus
1321 1619 1649 1676 committat.
1710 1621 1816 1679 Sed
1881 1627 2017 1683 illud

434 1703 764 1766 praeceptum
798 1699 1004 1771 alioqui
1034 1702 1248 1771 justum
1294 1716 1438 1774 erat,
1473 1718 1528 1765 et
1558 1723 1645 1768 est
1679 1716 1863 1781 modo,
1902 1734 2020 1788 pro-

2124 805 2338 877 ἔχοντες
2366 808 2422 862 δὲ
2441 810 2503 863 τὸ
2529 809 2755 875 τέλειον,
2785 810 2995 865 ἐδέοντο
3021 810 3123 883 τῆς
3153 810 3308 882 παρά
3340 809 3435 864 τοῦ
3468 809 3726 880 Σωτῆρος

2124 898 2493 970 πληρώσεως·
2541 903 2571 955 ὀ
2616 902 2673 956 δέ
2720 905 2837 957 ὲστι
2886 901 3379 975 συμπεπλεγμένος
3400 903 3468 972 τῇ
3510 900 3722 971 ἀδικίᾳ.

2122 982 2281 1055 οὗτος
2304 994 2332 1047 ό
2357 993 2500 1047 κατά
2522 993 2622 1066 τὴν
2649 995 2863 1065 ἄμυναν
2891 994 2987 1049 καὶ
3016 995 3379 1050 ἀνταπόδοσιν
3435 993 3544 1047 τῶν
3579 1009 3727 1063 προ-

2122 1085 2497 1156 αδικησάντων
2547 1086 2798 1157 κείμενος
2826 1128 2842 1152 ,
2899 1086 3184 1159 ὀφθαλμόν
3231 1085 3356 1141 ἀντὶ
3408 1084 3722 1156 ὀφθαλμοῦ,

2123 1178 2219 1232 καὶ
2293 1178 2483 1236 ὀδόντα
2544 1180 2667 1233 ἀντὶ
2744 1179 2956 1244 ὀδόντος
3015 1177 3384 1233 ὲκκόπτεσθαι
3452 1177 3721 1242 κελεύων,

2124 1270 2219 1324 καὶ
2258 1269 2418 1339 φόνον
2471 1271 2593 1326 ἀντὶ
2652 1273 2816 1341 φόνου
2851 1271 3185 1343 ἀμύνασθαι.
3215 1270 3383 1325 Οὐδὲν
3414 1269 3527 1341 γὰρ
3552 1265 3722 1342 ἦττον

2123 1358 2219 1411 καί⁵
2243 1361 2271 1412 ὀ
2297 1356 2547 1431 δεύτερος
2591 1359 2792 1414 ἀδικῶν
2823 1360 3018 1427 ἀδικεῖ,
3060 1363 3128 1432 τῇ
3163 1359 3312 1425 τάξει
3359 1361 3521 1431 μόνον
3564 1360 3719 1414 διαλ-

2121 1449 2356 1518 λάσσων,
2389 1453 2451 1507 τὸ
2481 1454 2615 1508 αὐτὸ
2644 1451 3009 1525 ἐργαζόμενος
3039 1451 3221 1524 ἔργον.
3253 1450 3425 1505 Τοῦτο
3453 1451 3513 1504 δὲ
3540 1451 3719 1523 πρόσ-

2121 1558 2315 1615 ταγμα
2374 1542 2584 1598 δίκαιον
2635 1546 2732 1616 μὲν
2763 1544 2938 1609 ἄλλως
2968 1545 3064 1598 καὶ
3089 1539 3158 1616 ἦν
3193 1543 3286 1597 καὶ
3314 1543 3453 1610 ἐστι,
3496 1543 3587 1597 διὰ
3616 1544 3720 1614 τὴν

2122 1632 2410 1689 ἀσθένειαν
2460 1635 2570 1689 τῶν
2617 1634 3088 1707 νομοθετηθέντων
3138 1635 3196 1688 ἐν
3246 1632 3585 1706 παρεκϐάσει
3618 1633 3717 1687 τοῦ

2122 1724 2364 1796 καθαροῦ
2406 1727 2572 1798 νόμου
2614 1727 2789 1793 τεθὲν,
2852 1727 3123 1782 ἀνοίκειον
3180 1726 3238 1781 δὲ
3267 1728 3335 1798 τῇ
3371 1725 3467 1780 τοῦ
3500 1727 3719 1799 Πατρός

434 1794 557 1851 pter
583 1803 773 1842 eorum
798 1790 1200 1859 infirmitatem,
1233 1800 1439 1868 quibus
1477 1803 1688 1860 editum
1737 1780 1862 1874 fuit,
1893 1780 2010 1866 cum

2118 1817 2236 1872 τῶν
2268 1780 2405 1872 όλων
2445 1780 2605 1889 (μύσει
2866 1780 3199 1891 ἀγαθότητι·
3255 1780 3388 1883 fcio;
3436 1819 3493 1872 δὲ
3555 1780 3719 1872 τούτο

435 1879 508 1933 sit
534 1880 800 1937 adversus
839 1883 1160 1958 sinceriorjs
1189 1888 1324 1961 legis
1366 1893 1718 1952 violationem
1769 1907 2020 1972 praescri-

436 1979 610 2040 ptum,
641 1972 766 2028 licet
790 1988 821 2027 a
855 1978 1166 2035 communis
1209 1984 1458 2039 omnium
1515 1993 1764 2058 parentis
1793 2005 2014 2059 natura.

435 2074 500 2113 ac
537 2060 780 2119 bonitate
828 2065 899 2120 sit
936 2066 1212 2125 alienum:
1251 2073 1334 2129 vel
1369 2087 1796 2138 consentaneum
1832 2090 2015 2157 potius

432 2159 538 2217 cst,
569 2154 664 2209 sed
702 2158 1032 2214 necessitate
1064 2162 1304 2232 quadam
1340 2183 1684 2238 expressum.
1742 2154 1876 2234 Nam
1921 2185 2013 2253 qui

432 2246 519 2300 vel
541 2248 764 2303 unicum
787 2251 1146 2311 homicidium
1175 2268 1322 2314 vetat
1346 2260 1485 2332 ﬁeri,
1517 2264 1647 2321 dum
1675 2269 1748 2323 ita
1778 2246 1969 2330 statuit
1995 2294 2007 2329 :

434 2332 558 2391 Non
581 2339 785 2395 occides
811 2343 852 2406 ί,
884 2357 1009 2398 cum
1038 2353 1227 2415 postea
1257 2351 1422 2408 caedis
1446 2365 1729 2413 auctorem
1763 2362 2008 2421 vicissim

436 2428 673 2484 interﬁci
711 2431 887 2500 jubet,
922 2448 986 2488 ac
1020 2437 1317 2492 secundam
1371 2442 1542 2514 legem
1598 2446 1779 2507 ferens
1828 2454 2010 2525 dupli-

438 2534 556 2571 cem
598 2518 802 2573 eadem
836 2520 1090 2590 imperat,
1113 2525 1210 2594 qui
1247 2543 1411 2582 unam
1445 2534 1823 2607 prohibuerat,
1849 2518 1921 2599 ad
1946 2562 2010 2602 ea

429 2611 761 2669 necessitate
785 2623 1011 2674 coactus
1054 2627 1119 2675 ct-
1141 2620 1461 2692 imprudens
1516 2629 1828 2693 decurrisse
1866 2641 2015 2698 vide-

432 2710 541 2756 tur.
567 2708 744 2774 Atque
771 2705 893 2762 ideo
914 2709 1118 2768 missus
1154 2714 1343 2771 abillo
1364 2715 1535 2776 Filius
1565 2739 1685 2780 eam
1720 2728 1852 2802 legis
1885 2749 2012 2803 par-

430 2804 536 2851 tem
586 2799 915 2871 antiquavit,
947 2819 1112 2875 quam
1171 2810 1392 2880 quidem
1416 2830 1445 2868 a
1479 2814 1590 2873 Deo
1618 2799 1792 2878 latam
1811 2834 1863 2879 et
1885 2799 2014 2899 ipse

2121 1911 2477 1984 κατάλληλον,
2528 1912 2839 1983 ἐπάναγκες
2871 1913 2929 1966 δὲ
2979 1913 3202 1984 μᾶλλον.
3252 1913 3310 1966 '0
3349 1911 3459 1983 γὰρ
3491 1913 3582 1966 καὶ
3624 1913 3718 1965 τὸν

2119 2004 2215 2059 ἕνα
2253 2006 2413 2075 φόνον
2442 2006 2504 2059 οὐ
2543 2004 2871 2077 βουλόμενος
2911 2004 3129 2058 ἔσεσθαι
3171 2006 3229 2057 ὲν
3270 2005 3345 2076 τῷ
3376 2005 3577 2074 λέγειν,
3631 2008 3718 2059 Οὐ

2121 2099 2466 2168 φονεύσεις,
2518 2098 2835 2171 προστάξας
2881 2097 2972 2154 τὸν
3021 2097 3188 2168 φονέα
3240 2087 3713 2169 ἀντιφονεύεσθαι,

2118 2188 2371 2261 δεύτερον
2406 2178 2569 2260 νόμον
2595 2189 2924 2261 νομοθετῶν,
2948 2189 3042 2243 καὶ
3067 2189 3188 2244 δυσὶ
3217 2190 3396 2259 φόνοις
3427 2191 3713 2262 βραϐεύων

2117 2281 2146 2333 ὀ
2173 2280 2265 2333 τὸν
2294 2280 2391 2334 ἕνα
2421 2279 2831 2351 ἀπαγορεύσας,
2863 2278 3053 2333 ἔλαθεν
3096 2282 3288 2335 ἑαυτὸν
3326 2280 3419 2334 ὑπ’
3463 2283 3713 2354 ἀνάγκης

2117 2370 2366 2435 κλαπείς.
2413 2371 2505 2423 Διὸ
2533 2371 2598 2443 δὴ
2635 2374 2664 2424 ό
2709 2372 2803 2425 ἀπ’
2839 2371 3045 2426 ἐκείνου
3080 2374 3530 2447 παραγενόμενος
3583 2376 3713 2440 Υῖὺς

2114 2464 2276 2519 τοῦτο
2302 2465 2364 2519 τὸ
2397 2466 2562 2537 μέρος
2592 2466 2685 2519 τοῦ
2715 2467 2879 2538 νόμου
2918 2466 3215 2539 ἀνῄρηκεν,
3245 2468 3587 2540 ὁμολογήσας
3615 2470 3713 2527 καὶ

2118 2557 2280 2622 αὐτὸς
2307 2554 2444 2611 εἶναι
2472 2558 2567 2612 τοῦ
2597 2558 2753 2627 Θεοῦ,
2781 2559 2839 2614 ἐν
2869 2577 2929 2613 τε
2974 2562 3086 2624 τοῖς
3133 2560 3313 2624 ἄλλοις
3352 2561 3713 2633 καταριθμεῖ-

2117 2666 2206 2703 ται
2237 2650 2313 2721 (2)
2362 2653 2428 2722 τῇ
2479 2652 2684 2723 παλαιᾷ
2728 2651 2960 2724 αἱρέσει,
3013 2653 3108 2706 καὶ
3140 2655 3197 2706 ἐν
3248 2648 3332 2716 οἷς
3370 2652 3471 2725 ἔφη
3505 2655 3535 2706 ὁ
3573 2654 3710 2720 Θεὸς

2118 2742 2322 2796 εἰπών·
2376 2744 2439 2797 '0
2477 2742 2828 2814 κακολογῶν
2874 2744 3100 2815 πατέρα
3127 2746 3165 2815 ἢ
3203 2746 3435 2816 μητέρα
3471 2747 3709 2813 θανάτῳ

2117 2835 2468 2890 τελευτάτω.

429 2893 718 2953 confessus
742 2906 856 2965 est;
892 2916 1013 2972 quae
1065 2919 1190 2959 cum
1226 2904 1298 2962 ’in
1354 2913 1569 2970 caeteris
1614 2916 1683 2971 ad
1725 2922 2006 2993 antiquam
2045 2931 2277 2988 luercsin
2312 2934 2629 3001 ascribitur,
2656 2942 2770 2990 tum
2800 2935 2854 2990 in
2884 2934 2954 2992 iis
2993 2949 3117 3006 quae
3172 2933 3319 2994 Deus
3358 2936 3507 2993 hisce
3526 2938 3709 2997 verbis

426 2993 651 3046 statuit:
685 2994 791 3061 Qui
830 2998 1163 3054 maledixerit
1188 3006 1327 3069 patri
1354 3006 1434 3060 vel
1463 3014 1643 3078 matri,
1671 3026 1835 3072 morte
1865 3026 2127 3080 moriatur
2153 3030 2192 3082 ³.

497 3082 580 3138 Ad
611 3083 744 3140 illud
777 3102 908 3143 vero
936 3105 1109 3161 genus
1156 3097 1301 3164 quod
1350 3102 1617 3172 typicum,
1673 3110 1787 3166 sive
1820 3114 2010 3172 adorn-

2190 3125 2262 3178 Τὸ
2304 3124 2363 3179 δέ
2406 3126 2523 3180 ἐστι
2558 3125 2723 3198 μέρος
2754 3124 2921 3182 αὐτοῦ
2967 3128 3217 3193 τυπικὺν,
3249 3127 3312 3181 τὸ
3345 3127 3465 3181 κατ’
3519 3128 3707 3181 εἰκόνα

425 3176 646 3233 bratum
685 3181 909 3250 dicitur,
944 3187 997 3242 id
1033 3203 1197 3247 omne
1237 3197 1493 3264 pertinet,
1525 3200 1689 3272 220
1721 3210 1864 3276 quod
1896 3214 2010 3283 spi-

376 3284 383 3290 '
425 3272 666 3327 ritalium
691 3283 857 3348 atque
878 3282 1264 3340 excellentium
1296 3305 1480 3345 rerum
1514 3294 1714 3366 figuras
1736 3272 2007 3376 continet;

422 3364 731 3434 cujusmodi
748 3380 876 3424 sunt
892 3386 1180 3430 sacrorum
1208 3364 1613 3440 olferendoru'm
1632 3364 2003 3464 caeremoniae;

423 3457 796 3527 circumcisio,
840 3460 1163 3533 Sabbatum,
1189 3469 1489 3543 jejunium,
1522 3475 1760 3546 Pascha,
1795 3457 2007 3557 azyma,

424 3549 640 3624 aliaque
695 3554 896 3611 similia
929 3558 1046 3631 lege
1105 3566 1448 3637 praescripta.
1486 3569 1618 3636 Quae
1666 3549 2006 3633 omnia'cum

424 3646 563 3701 nihil
612 3648 763 3705 aliud
798 3662 996 3721 μεθίει·
1030 3658 1230 3728 liguras
1282 3669 1449 3733 atque
1487 3665 1755 3738 imagines
1807 3671 2007 3739 forent,

422 3738 692 3808 patefacta
725 3746 950 3801 veritate
979 3750 1244 3806 translata
1270 3761 1396 3808 sunt
1418 3773 1431 3823 ;
1451 3756 1562 3813 imo
1595 3776 1724 3816 vero
1767 3763 1913 3833 quod
1940 3766 2007 3819 ad

420 3843 701 3890 externam
730 3839 967 3907 speciem
991 3843 1204 3909 attinet,
1237 3861 1506 3918 usumque
1527 3864 1853 3922 corporeum
1880 3857 2009 3912 sub-

421 3927 553 3991 lata,
582 3931 814 4000 spiritali
853 3935 1088 4004 quadam
1126 3922 1339 3995 ratione
1397 3950 1609 3998 retenta
1632 3953 1780 4002 sunt.
1810 3945 2006 4004 Iisdem

419 4019 622 4089 quippe
672 4024 1024 4082 manentibus
1056 4027 1238 4084 adhuc
1287 4033 1624 4101 nominibus,
1682 4052 1866 4092 rerum
1919 4046 2008 4094 est

421 4109 565 4164 facta
599 4114 852 4170 mutatio.
878 4115 1013 4171 Nam
1047 4118 1246 4176 oﬂ‘erre
1282 4124 1507 4192 quidem
1547 4140 1705 4181 sacra
1738 4127 2009 4187 Dominus

422 4202 699 4260 instituit:
729 4214 786 4259 at
816 4223 923 4263 non
962 4220 1237 4265 mutarum
1288 4216 1582 4284 pecudum,
1615 4226 1709 4272 aut
1749 4219 1803 4274 id
1829 4236 2005 4291 genus

420 4292 741 4365 suﬁituum',
781 4297 878 4352 sed
912 4299 1178 4369 spiritalis
1214 4305 1396 4372 potius
1438 4306 1619 4363 laudis
1641 4325 1705 4361 ac
1741 4311 2005 4380 pra-diea-

2112 3215 2223 3269 τῶν
2261 3212 2671 3286 πνευματικῶν,
2706 3218 2800 3271 καὶ
2847 3218 3214 3291 διαφερόντως
3257 3221 3279 3252 ⁸
3331 3219 3601 3289 κείμενον,
3646 3218 3707 3272 τὸ

2114 3308 2171 3361 ἐν
2214 3312 2571 3378 προσφοραῖς,
2618 3308 2781 3376 λέγω,
2812 3308 2906 3363 καὶ
2958 3312 3247 3382 περιτομῇ,
3283 3310 3377 3364 καὶ
3414 3310 3703 3377 Σαϐϐάτῳ,

2113 3397 2207 3448 καὶ
2257 3398 2519 3468 νηστείᾳ,
2562 3397 2654 3450 καὶ
2712 3398 2936 3470 Πάσχα,
2994 3397 3091 3452 καὶ
3136 3397 3397 3469 ἀζύμοις,
3446 3399 3541 3452 καὶ
3590 3403 3708 3462 τοῖς

2111 3488 2373 3553 τοιούτοις
2403 3489 2855 3561 νομοθετηθέντα.
2906 3491 3092 3546 Πάντα
3131 3491 3241 3563 γάρ
3284 3489 3458 3545 ταῦτα
3497 3492 3706 3554 εἰκόνες

2112 3581 2207 3633 καὶ
2271 3579 2517 3650 σύμϐολα
2575 3580 2736 3647 ὄντα,
2797 3580 2898 3651 τῆς
2950 3579 3211 3653 ἀληθείας
3268 3581 3703 3652 φανερωθείσης,

2114 3673 2410 3745 μετετέθη·
2441 3674 2582 3728 κατὰ
2631 3674 2732 3744 μὲν
2759 3674 2821 3728 τὸ
2866 3672 3191 3744 φαινόμενον
3234 3674 3328 3726 καὶ
3373 3671 3706 3743 σωματικῶς

2111 3763 2446 3819 ἐκτελεῖσθαι
2480 3764 2740 3837 ἀνῃρέθη,
2773 3764 2915 3819 κατά
2940 3764 2998 3818 δὲ
3027 3764 3089 3818 τὸ
3105 3764 3477 3836 πνευματικὸν
3506 3763 3703 3835 ἀνελη-

2112 3854 2220 3926 φθη
2242 3870 2258 3886 ·
2312 3855 2422 3909 τῶν
2476 3856 2576 3927 μὲν
2660 3858 2943 3929 ὀνομάτων
3004 3855 3112 3909 τῶν
3168 3856 3351 3911 αὐτῶν
3406 3856 3701 3927 μενόντων,

2111 3945 2527 4018 ἐνηλλαγμένων
2568 3948 2624 4001 δὲ
2676 3948 2784 4003 τῶν
2817 3948 3178 4019 πραγμάτων.
3229 3948 3338 4001 Καὶ
3383 3950 3491 4020 γὰρ
3534 3964 3705 4019 προσ-

2112 4037 2284 4109 φορὰς
2329 4039 2664 4110 προσφέρειν
2708 4038 3042 4111 προσέταξεν
3072 4040 3205 4111 ἡμῖν
3241 4041 3270 4093 ὁ
3306 4039 3533 4111 Σωτήρ.

2109 4125 2231 4196 οὐχὶ
2266 4124 2364 4189 τὰς
2389 4126 2457 4179 δι’
2487 4127 2698 4197 ἀλόγων
2722 4127 2899 4196 ζώων,
2943 4128 2976 4201 ἢ
3016 4127 3223 4183 τούτων
3264 4128 3375 4183 τῶν
3417 4129 3702 4201 θυμιαμά-

2107 4232 2239 4281 των,
2283 4216 2421 4271 ἀλλὰ
2458 4216 2547 4271 διὰ
2590 4218 2976 4289 πνευματικῶν
3009 4219 3196 4285 αῖνων,
3246 4221 3342 4273 καὶ
3368 4220 3558 4283 δοξῶν,
3606 4223 3701 4275 καὶ

2108 4310 2479 4381 εὐχαριστίας,
2511 4310 2605 4364 καὶ
2638 4310 2727 4364 διά
2753 4311 2854 4382 τῆς
2879 4313 2959 4375 είς
2984 4314 3111 4375 τοὺς
3141 4312 3369 4382 πλησίον
3415 4312 3702 4376 κοινωνίας

422 4385 623 4448 tionis.
660 4396 715 4442 et
763 4390 1146 4461 eucharistiaz;
1207 4403 1322 4449 tum
1380 4397 1432 4451 in
1485 4398 1767 4455 hominum
1831 4419 2004 4475 genus

2115 4402 2203 4454 καὶ
2249 4401 2520 4466 εὐποιίας.
2577 4402 2689 4455 Καὶ
2737 4405 3009 4475 περιτομῇ
3065 4403 3503 4475 πριτετμῆσθαι
3552 4406 3701 4476 ἡμᾶς

421 4478 765 4559 liberalitatis
805 4495 871 4536 ac
894 4482 1289 4542 beneﬁcentiae.
1336 4485 1484 4544 Idem
1509 4492 1829 4550 circumcidi
1858 4513 1997 4567 pra:-

2115 4492 2385 4565 βούλεται,
2414 4494 2529 4549 ἀλλ’
2562 4496 2684 4566 οὐχὶ
2706 4472 3197 4568 τῆςνάκροϐυστίας
3223 4472 3322 4568 τῆς
3351 4472 3700 4567 σωματικῆς,

420 4576 566 4623 terea
586 4584 695 4623 non
719 4574 988 4641 corporis,
1022 4575 1117 4630 sed
1140 4578 1325 4635 cordis
1354 4581 1636 4654 animique
1668 4590 1997 4658 praeputium

420 4661 588 4730 jubet.
622 4662 864 4736 Itemque
887 4670 1094 4722 servari
1131 4670 1454 4738 Subhaturu,
1483 4685 1595 4730 uta
1631 4679 1812 4748 pravis
1870 4681 2005 4737 dun-

420 4762 572 4808 taxat
630 4757 942 4813 actionibus
1005 4759 1285 4817 feriemur.
1345 4762 1606 4838 J’ejunare
1665 4784 1830 4838 porro
1878 4787 2003 4828 cum

418 4847 673 4917 imperat,
707 4863 816 4903 non
857 4850 1005 4904 illam
1062 4855 1313 4924 corporis
1368 4836 1627 4923 inediam,
1686 4862 1784 4917 sed
1833 4864 2003 4918 animi

412 4940 836 5015 temperantiam
887 4943 1158 5011 decernit,
1196 4954 1255 5001 ut
1285 4962 1314 5001 a
1349 4947 1571 5020 ﬂagitiis
1597 4954 1855 5010 omnibus
1887 4955 2006 5011 abs-

404 5035 708 5088 tineamus.
779 5034 1104 5107 Quanquam
1167 5052 1199 5092 a
1266 5041 1472 5097 nostris
1540 5045 1816 5100 exercitiis
1870 5047 2003 5102 illud

406 5139 635 5194 quoque
659 5125 929 5194 jejunium
953 5129 1263 5194 adhibetur,
1288 5140 1560 5202 quatenus
1595 5136 1661 5190 ad
1690 5137 2003 5193 animorum

415 5218 709 5272 utilitatem
734 5220 948 5274 confert
968 5221 1195 5292 aliquid,
1230 5223 1279 5279 si
1300 5238 1425 5279 cum
1452 5228 1671 5283 ratione
1703 5230 1999 5300 suscipias;

417 5325 523 5364 non
558 5310 807 5366 imitandi
838 5312 1398 5391 cujusquam‘studio,
1425 5334 1538 5375 non
1568 5324 1998 5393 consuetudine,

2111 4586 2247 4640 ἀλλὰ
2298 4587 2523 4657 καρδίας
2567 4587 2669 4659 τῆς
2707 4590 3117 4660 πνευματικῆς·
3170 4590 3267 4644 καὶ
3310 4589 3372 4645 τὸ
3420 4591 3702 4646 Σάϐϐατον

2113 4679 2441 4747 φυλάσσειν·
2489 4681 2681 4752 ἀργεῖν
2712 4681 2822 4753 γὰρ
2867 4682 3010 4736 θέλει
3050 4670 3197 4754 ἡμᾶς
3230 4683 3340 4737 ἀπὸ
3384 4683 3493 4737 τῶν
3523 4684 3701 4757 ἔργων

2113 4771 2222 4825 τῶν
2263 4772 2548 4844 πονηρῶν·
2600 4775 2694 4826 καὶ
2729 4773 3020 4850 ,νηστεύειν
3064 4774 3143 4834 δὲ.
3188 4773 3304 4829 ἀλλ’
3340 4775 3401 4828 ού
3447 4776 3546 4848 τὴν
3596 4795 3699 4831 σω-

2115 4864 2351 4934 ματικὴν
2407 4863 2654 4933 βούλεται
2704 4866 2961 4936 νηστείαν
3008 4866 3159 4937 ἡμᾶς
3210 4868 3515 4936 νηστεύειν,
3566 4867 3703 4921 ἀλλά

2109 4955 2210 5025 τὴν
2257 4956 2662 5028 πνευματικὴν,
2714 4958 2772 5011 ὲν
2899 4957 3046 5010 ἐστιν
3091 4958 3270 5029 ἀποχὴ
3327 4958 3546 5011 πάντων
3595 4958 3701 5011 τῶν

2112 5046 2353 5116 φαύλων.
2388 5047 2726 5103 Φυλάσσεται
2758 5049 2944 5120 μέντοι
2984 5066 3049 5118 γε
3077 5051 3171 5105 καὶ
3216 5050 3367 5123 παρά
3415 5054 3530 5115 τοῖς
3562 5055 3699 5122 ἠμε-

2110 5140 2291 5212 τέροις
2342 5142 2376 5212 ή
2435 5140 2578 5195 κατὰ
2632 5142 2695 5196 τὸ
2746 5142 3070 5213 φαινόμενον
3125 5144 3380 5214 νηστεία·
3427 5144 3555 5197 ἐπεὶ
3608 5146 3701 5197 καὶ

2110 5232 2254 5305 ψυχῇ
2304 5251 2356 5287 τι
2404 5235 2806 5305 συμϐάλλεσθαι
2853 5235 3074 5290 δύναται
3098 5282 3099 5285 η
3123 5236 3284 5308 αὕτη,
3351 5238 3493 5308 μετὰ
3537 5238 3695 5305 λόγου

2110 5327 2401 5397 γινομένη·
2446 5327 2605 5380 ὁπότε
2638 5327 2773 5398 μηδὲ
2823 5327 2910 5382 διά
2952 5327 3051 5400 τὴν
3090 5328 3245 5399 πρός,
3270 5346 3423 5394 τινας
3461 5329 3694 5401 μίμησιν

483 5488 501 5518 ¹
526 5487 699 5546 Levit.
738 5505 885 5557 xxiv,
919 5493 1008 5548 20.
1088 5494 1110 5525 '
1143 5494 1315 5551 Exod.
1350 5514 1437 5563 xx,
1478 5499 1561 5553 l5.
1639 5501 1856 5559 'chit.
1885 5506 2010 5569 xx,l

2134 5506 2152 5537 "
2180 5505 2239 5561 F.
2276 5508 2574 5579 ἀφεκτέων.
2653 5511 2673 5541 ⁵
2703 5508 2762 5564 F.
2792 5509 3178 5583 διαφερόντων.

485 5670 566 5741 (2)
609 5674 719 5727 Ἔν
746 5690 808 5727 τε
838 5676 962 5754 τοῖς
985 5673 1683 5761 ἇυῑλοιςγκαταριθμεῖται.
1733 5680 1857 5738 Haec
1893 5684 2005 5740 min

2115 5688 2351 5759 3xpedita
2384 5703 2447 5746 ac
2516 5688 2723 5761 liquida
2769 5690 2899 5744 milii
2970 5690 3222 5748 videntur
3276 5704 3289 5741 :

417 5752 635 5812 cunque
666 5744 991 5800 sententiam
1028 5745 1420 5815 expressimus.

3354 5691 3571 5750 tametsi
3603 5698 3690 5749 ut.
