4018 6148
423 334 537 396 565

1159 332 1534 395 ADVERSUS
1571 339 1925 402 HERESES
1957 340 2025 400 LI

2130 341 2173 417 l.
2216 340 2382 400 ΤῡΜ.
2425 328 2570 399 11.-ῖ
2613 341 2892 401 ΗΕΒΕΒ.
2925 342 3170 402 XXXIII.

3602 346 3713 409 566

423 458 656 528 γίνεται,
688 452 827 527 μήτε
867 452 954 508 διὰ
977 452 1037 508 τὸ
1064 452 1208 520 ἔθος,
1245 457 1380 529 μήτε
1410 457 1497 513 διὰ
1541 460 1640 533 τὴν
1672 464 1908 537 ἡμέραν,
1936 463 2014 529 ὡς

2130 478 2235 519 non
2261 470 2538 520 certarum
2577 462 2792 520 dierum
2830 462 3117 535 religione,
3148 462 3235 532 vel
3271 462 3498 522 deﬁnito
3523 466 3713 538 aliquo

425 546 744 620 ὡρισμένης
788 544 948 599 τοῦτο
974 545 1189 618 ἡμέρας
1232 546 1347 619 (5)ο
1394 549 1510 623 ἅμα
1555 552 1615 606 δὲ
1646 556 1739 609 καὶ
1783 558 1865 620 εἰς
1889 556 2022 611 ἀνά-

430 654 630 711 μνησιν
670 637 768 708 τῆς
799 636 1059 709 ἀληθινῆς
1098 638 1378 709 νηστείας,
1410 641 1497 696 ἵνα
1523 644 1575 697 οἰ
1619 645 1845 716 μηδέπω
1874 647 2021 701 ἐκεί-

427 747 527 801 νην
555 728 855 800 δυνάμενοι
877 728 1161 799 νηστεύειν
1192 730 1300 784 ἀπὸ
1335 733 1433 804 τῆς
1472 738 1618 790 κατά
1657 736 1722 791 τὸ
1761 739 2022 809 φαινόμε-

426 839 518 877 νον
573 821 828 892 νηστείας
852 819 1037 892 ,ἔχωσι
1082 821 1183 894 τὴν
1212 822 1517 897 ἀνάμνησιν
1553 828 1747 899 αὐτῆς.
1801 830 1912 885 Καὶ
1960 829 2022 883 τὸ

425 914 622 985 Πάσχα
665 914 723 969 δὲ
750 914 973 986 ὁμοίως,
1013 913 1111 969 καὶ
1140 914 1210 968 τά
1238 915 1445 988 ἄζυμα,
1491 919 1575 972 ὅτι
1607 920 1813 985 εἰκόνες
1853 917 2018 993 ἦσαν,

422 1005 578 1079 δηλοῖ
600 1006 695 1059 καὶ
726 1004 940 1070 Παῦλος
967 1007 997 1060 6
1025 1005 1322 1071 ἀπόστολος
1343 1022 1357 1037 ·
1396 1007 1467 1062 T6
1491 1007 1561 1063 δὲ
1584 1010 1798 1082 Πάσχα
1828 1010 2019 1081 ἡμῶν,

422 1096 666 1167 λέγεται,
687 1096 867 1165 ἐτύθη
897 1097 1179 1165 Χριστόςο
1202 1098 1318 1165 καὶ,
1349 1097 1476 1161 Ἵνα
1507 1096 1633 1172 ἦτε,
1666 1103 1853 1173 φησιν,
1889 1102 2023 1164 ἄζυ-

417 1206 545 1260 μοι,
578 1187 667 1259 μὴ
711 1188 1072 1259 μετέχοντες
1098 1187 1284 1260 ζύμης
1320 1189 1520 1263 (ζύμην
1549 1210 1608 1248 τε
1635 1193 1731 1249 νῦν
1778 1194 1875 1267 τὴν
1925 1212 2023 1250 δια-

427 1280 554 1334 κίαν
577 1279 771 1349 λέγει),
798 1280 937 1334 ἀλλ’
962 1275 1070 1348 ﬁre?
1097 1277 1243 1334 νέον
1260 1281 1525 1352 φύραμα.

497 1377 589 1444 ς’.
606 1368 776 1439 Οὗτος
791 1372 921 1444 γοῦν
940 1373 1033 1429 καὶ
1048 1375 1213 1440 αὐτὸς
1240 1376 1268 1430 ό
1282 1375 1377 1430 τοῦ
1396 1376 1533 1431 Θεοῦ
1558 1373 1698 1434 εἶναι
1713 1379 1877 1450 νόμος
1892 1382 2021 1454 ὀμο-

422 1466 759 1538 λογούμενος
801 1465 883 1529 εἰς
919 1464 1045 1537 τρία
1090 1464 1402 1538 διαιρεῖται,
1454 1466 1535 1532 εἵς
1573 1485 1633 1522 τε
1675 1470 1737 1523 τὸ
1776 1469 2020 1542 πληρού-

425 1574 588 1629 μενον
641 1555 750 1609 ἀπὸ
791 1555 885 1611 τοῦ
940 1556 1229 1628 Σωτῆροςο
1272 1557 1335 1611 τὸ
1375 1558 1509 1631 γὰρ,
1543 1562 1626 1615 οὐ
1678 1563 2018 1631 φονεύσεις,

417 1634 531 1703 Οὐκ
545 1647 919 1718 μοιχεύσεις,
968 1648 1091 1702 Οὐκ
1140 1646 1561 1718 ἐπιορκήσεις,
1624 1652 1681 1704 ἐν
1732 1651 1833 1723 τῷ,
1866 1652 2018 1722 Μηδ¹

424 1738 801 1811 ὀργισθῆναι,
848 1738 1005 1809 μηδὲ
1048 1739 1447 1811 ἐπιθυμήσεις
1482 1744 1498 1774 ί
1531 1782 1546 1808 ,
1602 1744 2016 1817 περιείληπται·

422 1835 715 1906 διαιρεῖται
757 1833 815 1888 δὲ
853 1834 948 1889 καὶ
985 1834 1067 1898 εἰς
1103 1833 1164 1887 τὸ
1213 1835 1607 1908 ἀναιρούμενον
1654 1815 1896 1903 τελείως.
1949 1841 2023 1894 Τὸ
2054 1815 2096 1870 Β

423 1932 555 1999 γὰρ,
591 1927 935 1997 Ὀφθαλμὸν
960 1926 1095 1982 ἀντὶ
1128 1928 1466 2000 ὀφθαλμοῦ,
1501 1932 1599 1986 καὶ
1638 1931 1858 1988 ὀδόντα
1889 1933 2023 1989 ἀντὶ

425 2022 713 2089 ὀδόντος,
774 2021 1270 2093 συμπεπλεγμένον
1326 2025 1395 2095 τῇ
1458 2023 1676 2096 ἀδικίᾳ,
1737 2026 1833 2079 καὶ
1894 2026 2024 2080 αὐτὸ

425 2113 587 2186 ἔργον
613 2112 717 2184 τῆς
760 2112 977 2177 ἀδικίας
1031 2112 1174 2185 ἔχον,
1224 2113 1467 2187 ἀνῃρέθη
1500 2115 1607 2168 ὑπὸ
1647 2114 1742 2169 τοῦ
1770 2116 2024 2189 Σωτῆρος

424 2205 515 2261 διὰ
570 2204 680 2260 τῶν
733 2206 1013 2260 ἐναντίων.
1074 2206 1155 2259 Τὰ
1204 2206 1261 2260 δὲ
1321 2207 1540 2262 ἐναντία
1585 2207 1829 2280 ἀλλήλων
1885 2210 2023 2265 εἰσιν

426 2297 769 2366 ἀναιρετικά.
825 2296 973 2367 Ἐγὼ
1012 2298 1124 2369 γὰρ
1168 2298 1325 2369 λέγω
1357 2298 1501 2369 ὑμῖν
1531 2298 1619 2370 μὴ
1666 2300 2023 2370 ἀντιστῆναι

426 2388 585 2454 ὅλως
610 2387 689 2454 τῷ
728 2386 992 2455 πονηρῷ,
1027 2388 1189 2443 ἀλλὰ
1208 2386 1318 2447 ἐάν
1347 2389 1440 2455 τίς
1469 2403 1542 2443 σε
1565 2388 1819 2460 ραπίσῃζ
1851 2390 2024 2460 στρέ-

308 2516 309 2519 η
427 2483 553 2550 ilo-or
580 2479 742 2545 αὐτῷ
770 2479 869 2534 καί
902 2479 1019 2549 τὴν
1047 2479 1249 2549 ἄλλην
1275 2483 1551 2552 σιαγόνα.
1614 2482 2022 2554 Ἀλληγορεῖται

426 2572 485 2626 δέ
535 2571 630 2626 καὶ
660 2573 742 2636 εἰς
779 2571 842 2625 τὸ
901 2572 1218 2643 μετατεθὲν,
1269 2573 1363 2627 καὶ
1422 2573 1718 2643 ἐναλλαγέν
1770 2575 1877 2629 ἀπὸ
1923 2574 2020 2629 τοῦ

429 2663 751 2736 σωματικοῦ
779 2665 873 2719 ἐπὶ
906 2663 969 2717 τὸ
998 2665 1371 2736 πνευματικὸν
1397 2665 1458 2719 τὸ
1483 2667 1812 2738 συμϐολικὸν
1842 2654 2020 2734 τοῦτο,

430 2756 552 2810 κατ’
593 2756 779 2809 εἰκόνα
825 2754 935 2810 τῶν
975 2756 1341 2829 διαφερόντων
1390 2757 1907 2831 νενομοθετημένον.
1956 2764 2022 2816 Αἰ

433 2845 543 2917 γὰρ
577 2846 784 2910 εἰκόνες
810 2846 999 2900 καὶτὰ
1029 2846 1294 2918 σύμϐολα,
1315 2848 1702 2919 παραστατικά
1743 2850 1872 2905 ὄντα
1906 2852 2024 2906 ἐτέ-

435 2950 545 3005 ρων
564 2934 906 3006 πραγμάτων
935 2975 950 3000 ,
973 2934 1154 2999 καλῶς
1203 2936 1448 3005 ἐγίνοντο
1503 2938 1665 3010 μέχρι
1712 2939 1787 3011 μὴ
1840 2942 2023 3013 παρῆν

429 3024 679 3097 ἀλήθεια.
708 3023 1000 3097 Παρούσης
1023 3025 1080 3079 δὲ
1105 3029 1204 3098 τῆς
1227 3027 1507 3099 ἀληθείας,
1540 3028 1609 3083 τὰ
1637 3030 1735 3101 τῆς
1765 3030 2026 3103 ἀληθείας

427 3117 510 3171 δεῖ
539 3121 730 3181 ποιεῖν,
774 3119 833 3172 ού
879 3118 946 3173 τά
973 3119 1071 3190 τῆς
1102 3120 1334 3185 εἰκόνος.
1382 3120 1571 3177 Ταῦτα
1611 3123 1667 3176 δὲ
1697 3124 1792 3177 καὶ
1823 3126 1873 3178 οἱ
1922 3142 2025 3196 μα-

430 3209 594 3281 θηταὶ
649 3210 835 3276 αὑτοῦ,
909 3213 1003 3266 καὶ
1048 3213 1077 3264 6
1118 3212 1415 3278 ἀπόστολος
1455 3214 1627 3282 ἔδειξε
1676 3218 1920 3282 Παῦλοςο
1966 3220 2028 3273 τὸ

434 3302 534 3372 μὲν
562 3301 672 3355 τῶν
720 3302 968 3369 εἰκόνων,
998 3304 1075 3368 ὡς
1126 3304 1223 3376 ἤδη
1285 3305 1533 3378 εἴπομεν,
1568 3308 1658 3361 διὰ
1686 3306 1783 3362 τοῦ
1833 3310 2028 3382 Πάσχα
2060 3330 2075 3342 ο

431 3395 529 3449 καὶ
592 3394 702 3448 τῶν
743 3393 971 3467 ἀζύμων
1008 3394 1187 3462 δείξας
1220 3396 1288 3450 δι’
1321 3400 1506 3469 ἡμᾶς·
1545 3399 1607 3453 τὸ
1651 3399 1709 3453 δὲ
1753 3399 1846 3454 τοῦ
1895 3417 2031 3473 συμ-

431 3484 815 3556 πεπλεγμένου
847 3486 1016 3558 νόμου
1047 3490 1114 3559 τῇ
1151 3488 1355 3562 ἀδικία,
1388 3489 1560 3544 εἰπὼν
1587 3490 1681 3545 τὸν
1726 3492 1889 3563 νόμον
1919 3491 2030 3546 τῶν

432 3576 664 3631 ἐντολῶν
697 3579 756 3631 ἐν
796 3577 1030 3649 δόγμασι
1057 3579 1476 3652 κατηργῆσθαι·
1509 3581 1573 3635 τὸ
1607 3581 1665 3636 δὲ
1712 3581 1808 3635 τοῦ
1853 3583 2031 3654 ἀσυμ-

432 3667 637 3724 πλόκσυ
675 3668 754 3741 τῷ
807 3669 1034 3742 χείρονι,
1100 3671 1163 3725 '0
1190 3671 1310 3742 μὲν
1351 3673 1556 3743 νόμος,
1603 3673 1795 3741 εἰπὼν,
1837 3673 2028 3746 ἅγιος,

432 3760 533 3816 καὶ
558 3762 600 3829 ὴ
623 3761 845 3831 ἐντολὴ
873 3763 1035 3834 ἁγία,
1069 3764 1169 3818 καὶ
1204 3764 1409 3819 δικαία
1452 3766 1551 3820 καὶ
1585 3766 1801 3837 ἀγαθή.

504 3854 580 3908 Z’.
615 3854 704 3917 Ὧς
739 3855 839 3925 μὲν
867 3849 959 3909 οὖν
994 3855 1273 3928 συντόμως
1317 3856 1465 3911 ἐστιν
1498 3859 1692 3924 εἰπεῖν,
1737 3858 2030 3930 αὐτάρκως

433 3939 590 4016 οἶμαί
621 3962 703 4000 σοι
730 3945 1151 4017 δεδεῖχθαι,“καὶ
1179 3946 1276 4020 τὴν
1306 3947 1364 4015 ἐξ
1392 3948 1698 4021 ἀνθρώπων
1729 3949 2029 4022 παρεισδύ-

437 4053 611 4091 σασαν
653 4036 993 4109 νομοθεσίαν,
1030 4040 1125 4093 καὶ
1182 4041 1346 4095 αὑτὸν
1392 4041 1484 4095 τὸν
1532 4041 1626 4094 τοῦ
1680 4040 1815 4095 Θεοῦ
1868 4042 2031 4114 νόμον

434 4134 599 4203 τριχῆ
643 4130 1052 4204 διαιρούμενον’
1096 4132 1473 4205 περιλείπεται
1521 4133 1579 4187 δέ
1630 4134 1764 4205 ἡμῖν
1800 4135 1856 4188 τί
1900 4136 2032 4189 ποτέ

434 4224 585 4277 ἐστιν
618 4216 773 4288 οὗτος
811 4227 841 4279 6
877 4225 1010 4290 Θεὸς
1052 4225 1080 4277 6
1123 4225 1218 4281 τὸν
1263 4227 1426 4299 νόμον
1466 4226 1711 4298 θέμενος.
1753 4227 1914 4281 Ἀλλὰ
1938 4228 2031 4282 καὶ⁵

436 4316 870 4389 τοῦτοὴγοῧμαί
901 4336 982 4373 σοι
1013 4318 1279 4390 δεδεῖχθαι
1311 4320 1404 4374 ἐπὶ
1441 4318 1547 4375 τῶν
1588 4320 2027 4392 προειρημένων,

438 4410 489 4463 εἰ
528 4410 805 4481 ἐπιμελῶς
839 4411 1216 4483 ἀκήκοας.-Εἰ
1259 4410 1370 4483 γάρ
1419 4412 1560 4484 μήτε
1601 4413 1694 4466 ὑπ’
1727 4410 1894 4469 αὐτοῦ
1943 4430 2032 4466 τε-

2124 561 2399 625 tempore:
2448 553 2751 624 praesertim
2813 567 2940 608 cum
2992 553 3107 608 veri
3151 551 3350 624 jejunii
3381 554 3709 611 memoriam

2121 644 2367 709 refrieet,
2392 652 2455 700 ut
2482 645 2576 716 qui
2604 643 2845 699 nondum
2881 643 3016 698 illud
3072 645 3317 702 assecuti
3378 645 3607 712 fuerint,
3639 647 3709 705 ab

2121 737 2398 793 exteriore
2431 733 2875 799 commonefacti,
2911 734 3139 792 alterius
3174 736 3583 795 ‘recordentur.
3620 736 3709 791 Si-

2121 828 2326 885 militer
2343 834 2398 885 et
2422 828 2652 893 Pascha,
2676 841 2977 899 azymaque
3010 826 3219 898 ﬁguras
3243 829 3523 887 exstitisse
3539 844 3709 901 quas-

2121 918 2247 975 dam
2304 917 2511 974 Paulus
2540 918 2658 989 ipsc
2681 917 2957 974 declarat:
2993 916 3226 983 Pascha,
3241 918 3441 990 inquit,
3465 929 3710 976 nostrum

2121 1011 2431 1066 immolatus
2451 1017 2531 1065 est
2555 1008 2801 1066 Christus
2819 1011 2876 1077 ¹;
2904 1017 2995 1065 et:
3025 1007 3094 1064 Ut
3121 1010 3266 1074 sitis,
3293 1011 3389 1076 ait,
3413 1012 3715 1082 azyminon

2120 1103 2370 1159 habentes
2434 1103 2767 1173 fermentum
2833 1102 3188 1174 (fermentum
3235 1118 3366 1160 vero
3440 1103 3710 1160 malitiam

2122 1193 2403 1267 appellat),
2439 1193 2529 1249 sed
2555 1193 2676 1249 sitis
2704 1209 2835 1249 nova
2868 1195 3177 1263 conspersio.
3205 1194 3247 1249 ³.

2193 1368 2284 1429 Vl.
2316 1369 2410 1429 Sic
2442 1371 2608 1443 igitur
2641 1372 2725 1429 lex
2759 1371 2900 1444 ipsa,
2935 1386 3105 1444 quam
3136 1385 3175 1426 a.
3198 1369 3311 1428 Deo
3343 1386 3601 1428 manasse
3631 1369 3725 1445 fa—_

2123 1471 2311 1520 tentur
2348 1463 2863 1531 omnes,tril‘ariam
2891 1463 3185 1520 dividitur:
3218 1465 3274 1520 in
3336 1479 3456 1521 eam
3502 1475 3713 1536 partem

2121 1571 2288 1629 quam
2313 1555 2564 1613 Salvator
2581 1556 2844 1628 implevit.
2864 1555 2990 1612 Haec
3016 1558 3161 1613 enim
3188 1557 3395 1625 omnia,
3421 1556 3546 1614 Non
3571 1560 3712 1614 acci-

2122 1648 2237 1715 des,
2269 1665 2375 1703 non
2406 1647 2768 1714 machaberis,
2811 1664 2915 1703 non
2941 1648 3202 1721 pejerabis
3224 1649 3247 1682 ⁸
3271 1688 3288 1714 ,
3337 1650 3393 1705 in
3422 1650 3557 1707 iisce
3579 1666 3714 1707 con-

2123 1742 2389 1810 tinentur,
2415 1740 2539 1797 Non
2575 1742 2847 1807 irasceris,
2888 1759 2992 1797 non
3049 1744 3447 1813 concupisces”.
3497 1742 3560 1799 ιιι
3589 1759 3713 1800 eam

2126 1849 2247 1905 quae
2274 1834 2507 1905 penitus
2519 1834 2738 1890 sublata
2757 1843 2862 1891 est.
2900 1833 2997 1891 His
3026 1834 3173 1890 enim
3214 1836 3535 1907 praeceptis,
3566 1835 3715 1893 Ocu-

2125 1925 2235 1980 lum
2263 1941 2358 1994 pro
2386 1926 2561 1990 oculo,
2605 1925 2814 1980 dentem
2860 1942 2956 1997 pro
2996 1925 3151 1982 dente
3177 1927 3222 1993 ⁸,
3257 1942 3382 1998 quae
3407 1942 3533 1982 cum
3565 1928 3714 1999 inju-

2124 2018 2272 2074 stitia
2310 2018 2575 2089 permista
2595 2026 2746 2082 sunt,
2772 2017 3006 2090 ejusque
3023 2032 3215 2074 secum
3238 2018 3446 2090 aliquid
3464 2018 3715 2088 trahunt,

2125 2108 2427 2163 contrariis
2482 2106 2696 2177 legibus
2725 2108 3059 2179 derogatur:
3087 2107 3368 2163 contraria
3396 2122 3563 2178 porro
3594 2123 3719 2167 sese

2125 2199 2356 2255 invicem
2384 2203 2661 2270 perimunt
2690 2222 2703 2253 .
2729 2199 2887 2269 221
2911 2198 3024 2270 Ego
3053 2200 3194 2255 enim
3224 2199 3343 2255 dico
3370 2198 3515 2255 vobis
3547 2201 3719 2255 enmi-

2124 2307 2191 2345 no
2236 2307 2341 2344 non
2404 2292 2647 2346 resistere
2681 2291 2842 2346 malo.
2880 2291 2982 2346 Sed
3010 2294 3058 2345 si
3088 2293 3207 2363 quis
3233 2301 3281 2346 te
3307 2294 3625 2362 percusserit
3659 2293 3717 2347 in

2129 2383 2431 2449 max-illam,
2457 2383 2632 2454 prwbe
2680 2383 2765 2437 illi
2798 2393 2847 2438 et
2877 2384 3166 2440 alteram".
3199 2386 3355 2451 Quod
3389 2386 3612 2457 quidem
3644 2384 3716 2440 ad

2123 2476 2508 2531 excellentium
2551 2490 2735 2531 rerum
2756 2472 3189 2532 adumbrandam
3234 2481 3472 2548 speciem
3503 2477 3715 2533 consti-

2116 2576 2324 2634 tutum,
2357 2577 2415 2624 et
2461 2584 2491 2623 a
2519 2568 2803 2640 corporeis
2835 2568 2901 2624 ad
2959 2569 3231 2640 spiritalia
3275 2572 3623 2626 translatum,
3650 2586 3715 2626 ac

2129 2670 2398 2717 mutatum
2428 2678 2525 2733 per
2548 2662 2871 2733 allegoriam
2901 2663 3217 2732 exponitur.
3244 2661 3460 2718 Etenim
3512 2660 3717 2734 efﬁgies

2131 2768 2196 2807 ac
2225 2754 2380 2824 signa
2404 2753 2527 2807 aliis
2553 2753 2721 2809 rebus
2752 2752 3103 2809 declarandis
3160 2752 3407 2808 adhibita
3445 2753 3717 2824 tantisper

2131 2846 2595 2917 opportunitatem
2650 2846 2983 2911 habuerunt,
3019 2844 3204 2916 quoad
3243 2846 3486 2902 nondum
3515 2847 3719 2903 veritas

2126 2940 2428 2996 affulserat.
2487 2939 2605 3007 Qua
2647 2940 2999 3007 succedente,
3030 2954 3139 2994 non
3166 2953 3290 3010 quae
3328 2938 3717 3009 imaginirsed

2127 3048 2250 3105 quae
2308 3033 2527 3089 veritati
2600 3038 2915 3104 congruunt
2973 3030 3155 3086 facere
3212 3031 3489 3086 convenit.
3545 3029 3715 3102 quue

2058 3166 2100 3224 Ο
2135 3129 2314 3197 ipsum
2347 3142 2472 3182 cum
2512 3126 2706 3197 reliqui
2742 3140 2935 3181 omnes
2960 3124 3240 3195 discipuli,
3276 3132 3390 3179 tum
3431 3124 3717 3195 apostolus

2137 3217 2336 3273 Paulus
2362 3217 2624 3274 ostendit.
2651 3216 2755 3284 Qui
2789 3216 3082 3289 ﬁguratum
3119 3214 3255 3273 illud
3270 3231 3455 3295 genus
3495 3226 3719 3293 propter

2133 3325 2256 3374 nos,
2289 3318 2349 3365 ut
2380 3308 2643 3375 diximus,
2680 3310 2737 3364 in
2765 3306 3036 3365 Paschate
3106 3308 3429 3380 azymisque
3486 3306 3718 3363 demon-

2133 3410 2293 3459 strat.
2313 3401 2390 3457 De
2419 3402 2593 3459 altero
2627 3416 2760 3457 vero
2786 3399 2932 3472 quod
2956 3399 3295 3471 implicatum
3323 3399 3595 3471 iniustitia
3611 3407 3718 3465 est,

2134 3494 2539 3565 loquitur,cum
2573 3493 2746 3564 legem
2770 3490 3156 3571 mandatorum
3181 3491 3261 3545 ait
3285 3490 3338 3546 in
3368 3490 3720 3562 dogmatibus

2131 3587 2447 3658 abrogatam
2472 3586 2513 3642 ⁸.
2546 3585 2624 3639 De
2646 3585 2807 3641 tertio
2848 3582 3108 3653 denique,
3141 3582 3289 3653 quod
3319 3583 3611 3638 deterioris
3637 3591 3724 3640 est

2131 3693 2367 3750 expers:
2399 3676 2530 3741 Lex,
2563 3676 2765 3747 inquit,
2806 3684 2997 3729 sancta
3021 3683 3120 3738 est,
3144 3682 3195 3728 et
3237 3671 3558 3728 mandatum
3588 3691 3739 3769 ιςιιηειΝ

2133 3779 2299 3834 ctum,
2329 3780 2378 3824 et
2413 3769 2614 3836 iustum
2641 3776 2690 3820 et
2720 3764 2976 3820 bonum'.

2205 3859 2320 3917 νη.
2357 3858 2725 3926 Quamobrem
2760 3856 2896 3913 satis
2948 3870 3224 3926 superque
3280 3856 3403 3925 tibi,
3451 3865 3723 3927 quantum

2132 3955 2372 4013 breviter
2400 3950 2791 4022 comprehendi
2834 3956 3035 4024 potest,
3075 3947 3385 4007 declaratas
3440 3966 3536 4007 eas
3575 3940 3724 4022 leges

2133 4048 2392 4121 arbitror,
2425 4060 2547 4117 qua:
2574 4060 2641 4100 ex
2670 4042 2997 4098 auctoritate
3026 4042 3309 4098 hominum
3344 4042 3723 4113 irrepserunt;

2135 4141 2421 4213 ipsamque
2449 4136 2541 4191 Dei
2572 4136 2744 4207 legem
2770 4132 3041 4189 trifariam
3079 4149 3201 4191 esse
3222 4133 3478 4191 divisam.
3519 4134 3726 4208 Super-

2132 4240 2310 4289 estut
2351 4229 2476 4301 quis
2533 4228 2624 4284 ille
2684 4227 2756 4283 sit
2788 4224 2933 4282 Deus
2985 4226 3122 4299 legis
3178 4232 3373 4282 auctor
3425 4227 3724 4286 dicendum

2133 4326 2403 4382 videatur.
2438 4321 2604 4393 Atqui
2659 4319 2807 4376 istud
2839 4319 3004 4375 etiam
3045 4335 3113 4375 ex
3139 4319 3228 4385 iis,
3267 4335 3392 4392 qua;
3452 4320 3724 4380 hactenus

2134 4417 2413 4488 disputata
2433 4420 2585 4480 sunt,
2616 4412 2663 4470 si
2689 4417 2896 4468 attente
2929 4411 3192 4481 audieris,
3217 4420 3351 4484 puto
3382 4412 3482 4470 tibi
3500 4413 3727 4471 demon—

436 4499 584 4553 λείου
617 4500 752 4555 Θεοῦ
784 4501 1020 4556 τέθειται
1062 4494 1238 4568 οὗτος,
1267 4502 1344 4568 ὡς
1371 4503 1716 4577 ἐδιδάξαμεν,
1750 4506 1886 4577 μήτε
1922 4505 2026 4578 μὴν

2137 4515 2390 4564 stratum.
2442 4504 2579 4560 Nam
2610 4503 2868 4574 sineque
2895 4517 2925 4556 a
2956 4503 3200 4573 perfecto
3253 4505 3350 4561 illo
3402 4505 3517 4563 Deo
3544 4507 3727 4579 posita

438 4591 546 4645 ὑπὸ
575 4590 671 4645 τοῦ
709 4591 976 4659 διαϐόλου,
1008 4592 1037 4646 6
1067 4593 1205 4667 μηδὲ
1249 4593 1470 4671 θεμιτόν
1502 4597 1649 4649 ἐστιν
1677 4598 1885 4651 εἰπεῖν’
1912 4595 2033 4650 ’ἐτε-

440 4683 534 4758 ρός
562 4683 647 4748 τίς
680 4688 796 4738 ἐστι
829 4685 980 4757 παρὰ
1006 4685 1245 4751 τούτους
1269 4682 1425 4752 οὗτος
1474 4689 1503 4742 6
1544 4686 1771 4759 θέμενος
1810 4689 1903 4743 τὸν
1944 4689 2034 4744 νό-

441 4794 563 4849 μον.
613 4767 781 4842 Οὖτος
829 4776 887 4830 δὲ
931 4778 1265 4850 δημιουργὸς
1309 4780 1405 4833 καὶ
1455 4778 1687 4851 ποιητὴς
1735 4780 1890 4834 τοῦδε
1937 4780 2031 4835 τοῦ

439 4870 643 4934 παντός
684 4870 800 4923 ἐστι
841 4870 1073 4943 κόσμου,
1109 4871 1203 4925 καὶ
1245 4870 1354 4926 τῶν
1400 4872 1459 4925 ἐν
1511 4871 1682 4943 αύτῷ,
1730 4871 1919 4949 ἕτερος
1955 4871 2031 4927 ὢν

440 4958 594 5031 παρά
638 4959 740 5024 τὰς
776 4959 982 5015 τούτων
1020 4960 1229 5028 οὐσίας,
1281 4962 1448 5035 μέσος
1490 4961 1696 5017 τούτων
1747 4962 2030 5029 καθεστὼς

439 5050 685 5116 ἐνδίκως,
715 5053 810 5107 καί.
837 5054 899 5108 τὸ
922 5056 1025 5125 τῆς
1052 5055 1349 5127 μεσότητος
1377 5055 1550 5128 ὄνομα
1577 5056 1911 5128 ἀποφέροιτο
1939 5057 2025 5113 ἄν.

439 5142 553 5197 Καὶ
582 5146 630 5198 εἰ
663 5145 691 5197 6
726 5144 927 5209 τέλειος
955 5146 1086 5211 Θεὸς
1115 5147 1318 5216 ἀγαθός
1363 5147 1480 5202 ἐστι
1529 5147 1671 5203 κατὰ
1701 5147 1803 5221 τὴν
1831 5146 2028 5202 ἐαυτοῦ

441 5234 625 5306 φύσιν,
649 5235 840 5311 ὥσπερ
868 5238 963 5294 καὶ
999 5238 1147 5296 ἐστιν
1177 5240 1297 5312 (ἕνα
1329 5240 1438 5312 γὰρ
1477 5242 1636 5313 μόνον
1663 5236 1804 5298 εἶναι
1832 5240 2033 5313 ἀγαθὸν

2134 4596 2221 4652 lex
2243 4604 2349 4665 est,
2391 4595 2473 4650 uti
2498 4593 2831 4659 docuimus;
2870 4608 3048 4665 neque
3072 4608 3205 4649 vero
3243 4609 3274 4649 a
3305 4596 3546 4664 diabolo,
3580 4598 3728 4669 quod
3778 4627 3785 4631 -

2133 4689 2283 4744 dictu
2309 4687 2474 4743 etiam
2521 4685 2680 4742 nefas
2718 4692 2843 4753 est;
2880 4686 3023 4742 alius
3069 4686 3142 4742 sit
3193 4696 3432 4758 oportet,
3473 4691 3568 4760 qui
3604 4706 3726 4747 eam

2134 4780 2306 4851 legem
2345 4776 2657 4839 stabilierit.
2710 4773 2810 4830 llic
2853 4784 2940 4831 est
2976 4776 3143 4847 igitur
3194 4779 3366 4834 totius
3397 4779 3489 4836 ille
3532 4781 3729 4838 mundi

2135 4886 2438 4940 eorumque
2465 4884 2588 4940 quae
2628 4868 2684 4923 in
2734 4882 2801 4925 eo
2843 4871 3197 4925 continentur
3222 4871 3418 4928 artifex
3447 4880 3502 4928 et
3529 4876 3732 4933 condio

2138 4971 2246 5028 tor,
2287 4962 2356 5017 ab
2381 4961 2603 5016 illorum
2630 4966 2832 5017 natura
2861 4960 3137 5027 diversus,
3160 4963 3292 5017 etin
3321 4979 3512 5019 eorum
3543 4967 3734 5024 medio

2138 5069 2240 5115 suo
2261 5052 2387 5124 jure
2418 5049 2803 5107 collocandus:
2840 5066 2945 5122 qua
2966 5066 3033 5107 ex
3055 5050 3439 5108 mediocritate
3467 5052 3580 5124 peti
3605 5052 3730 5124 ejus

2138 5145 2432 5218 appellatio
2465 5151 2664 5216 potest.
2697 5142 2854 5210 Quod
2901 5143 2949 5200 si
3005 5141 3286 5214 perfectus
3328 5143 3422 5201 ille
3448 5143 3594 5201 Deus
3628 5160 3730 5202 na-

2141 5246 2268 5294 tura
2302 5251 2403 5293 sua
2435 5237 2617 5294 bonus
2649 5243 2754 5305 est,
2780 5243 2837 5292 ut
2878 5246 2963 5293 est
3020 5250 3210 5292 revera
3242 5237 3436 5304 (unum
3463 5238 3610 5294 enim
3627 5239 3728 5295 bo-

516 5392 535 5424 ¹
557 5391 684 5469 C_or.
708 5374 1088 5469 ἐπιθυμῆσαι.
1146 5395 1188 5469 _'
1204 5392 1388 5469 [σοι.
1415 5411 1469 5464 v,
1505 5396 1573 5469 ἶ.Δ
1635 5396 1657 5429 ³
1683 5395 1826 5469 ibid.
1900 5396 1923 5428 ⁵
1950 5394 2127 5469 Exod.
2154 5412 2247 5469 xx,
2276 5394 2376 5469 1⁸5,
2404 5394 2493 5459 14,
2522 5392 2709 5469 l6.“ll
2737 5389 2930 5448 Matth.
2966 5407 3022 5462 ν,
3055 5392 3148 5460 22,
3181 5394 3275 5451 28.
3353 5396 3375 5428 ⁸
3397 5394 3574 5452 Exod.
3608 5411 3727 5469 xxi,

516 5622 593 5693 (ὅ)
621 5621 719 5688 Ὠς
751 5622 1088 5695 ὡρισμένης
1107 5622 1291 5695 Δτοῦτο
1311 5624 1557 5695 ἡμέρας.
1587 5623 1717 5695 Leg.
1748 5625 1828 5689 εἰς
1848 5622 2028 5679 τοῦτο.

440 5689 723 5766 Cancrum
762 5689 984 5766 videant
1024 5689 1196 5766 hujus
1233 5689 1498 5766 temporis
1515 5689 1807 5766 haeretici,
1834 5710 2029 5766 quem-

442 5777 575 5820 nam
625 5763 728 5820 sibi
769 5764 1232 5836 pervicacissimi,
1267 5781 1329 5823 ac
1346 5763 1649 5825 vanissimi
1676 5763 1884 5825 erroris
1913 5766 2033 5823 m'a-

334 5528 340 5533 ,
438 5461 550 5532 24;
591 5462 767 5519 Levit.
801 5461 1069 5530 xxxv,‘20.
1145 5466 1166 5499 ⁷
1204 5464 1394 5522 Matth.
1424 5461 1479 5536 ν’,
1511 5466 1604 5522 59.
1672 5467 1925 5543 prhes.
1970 5483 2029 5533 ιι,
2062 5466 2149 5522 l5.
2224 5468 2246 5500 ’
2274 5461 2437 5521 Rom.
2480 5480 2574 5531 vu,
2604 5463 2692 5519 l2.

2138 5622 2374 5694 gistrum
2405 5636 2471 5694 ac
2496 5628 2789 5692 patronum
2814 5622 3112 5680 asciverint
3139 5641 3153 5677 :
3190 5621 3321 5694 dum
3359 5621 3572 5694 jejunia
3617 5632 3732 5681 sta-

2137 5693 2211 5750 tis
2243 5693 2589 5768 temporibus
2618 5694 2849 5763 indicta,
2881 5708 2949 5751 ac
2970 5700 3248 5752 certorum
3271 5693 3484 5752 dierum
3512 5694 3731 5768 religio-

2140 5778 2265 5821 nem
2299 5763 2583 5821 damnant.
