4018 6128
356 297 466 358 567

1738 296 1798 353 S.
1842 296 2186 354 EPIPHANII

3544 293 3657 350 568

354 435 490 476 num
525 435 650 477 esse
695 420 862 477 Deum
895 433 958 474 ac
991 426 1272 490 parentem
1297 432 1454 474 suum
1512 417 1765 475 Salvator
1799 436 1945 477 asse-

2052 422 2186 475 Θεὸν
2214 421 2307 475 τὸν
2340 419 2534 475 ἑαυτοῦ
2560 398 2788 492 ΪΙατέρα
2830 417 2859 471 ὁ
2892 417 3083 489 Σωτὴρ
3113 416 3272 488 ἡμῶν
3307 414 3656 488 ἀπεφήνατο,

355 515 527 578 ruit‘,
571 530 730 585 quem
754 523 811 568 et
845 513 1162 568 hominibus
1216 511 1518 583 patefecit);
1544 519 1628 569 est
1666 522 1848 569 autem
1892 524 1946 570 et

345 608 634 660 rontraria
682 613 880 660 natura
913 605 1196 677 praeditus,
1231 606 1411 659 malus
1432 604 1688 661 videlicet
1719 620 1785 661 ae
1811 622 1942 677 pra-

354 713 477 762 vus,
505 698 597 768 qui
624 697 895 768 injustitia
924 699 1075 754 velut
1104 698 1325 769 propria
1367 707 1496 754 nota
1526 698 1945 755 circumscribi-

353 803 477 861 tur;
511 795 779 864 qui‘inter
815 795 1008 851 ambos
1039 794 1164 850 illos
1191 793 1515 863 interjectus
1538 801 1646 859 est,
1672 801 1731 847 ut
1761 809 1945 864 neque

352 886 563 953 bonus,
623 901 802 956 neque
855 886 1034 942 malus
1093 885 1164 941 sit
1224 893 1319 939 aut
1363 885 1626 955 injustus,
1680 884 1947 955 peculiari

353 980 589 1047 quadam
624 979 843 1034 ratione
888 979 1076 1049 justus
1107 978 1368 1049 appellari
1430 988 1629 1049 potest,
1667 985 1946 1049 quatenus

351 1070 587 1139 justitite
616 1087 781 1141 quam
815 1070 978 1126 habet
1032 1069 1410 1126 moderatione
1454 1069 1722 1141 fungitur.
1767 1069 1947 1140 Atque

355 1171 411 1217 et
438 1162 681 1233 perfecto
716 1162 824 1219 Deo
864 1164 1065 1228 minor,
1115 1170 1170 1218 et
1204 1162 1434 1233 justitiaa
1467 1163 1616 1218 illius
1666 1162 1845 1233 impar
1874 1162 1948 1219 sit

357 1254 498 1309 idem
534 1255 623 1310 ille
642 1254 784 1310 Deus
805 1262 1039 1324 oportet,
1062 1263 1249 1326 utpote
1268 1270 1378 1310 non
1400 1254 1702 1326 ingenitus,
1724 1253 1821 1311 sed
1852 1270 1947 1325 ge-

355 1348 637 1401 neratione
658 1344 976 1416 productus.
1007 1345 1159 1401 Unus
1182 1353 1269 1401 est
1296 1346 1443 1401 enim
1468 1346 1741 1417 ingenitus
1762 1344 1945 1409 Pater,

355 1434 518 1503 222
554 1450 584 1488 a
613 1452 723 1505 quo
762 1437 983 1506 proprie
1029 1442 1160 1490 sunt
1222 1436 1481 1492 universa
1508 1477 1523 1502 ,
1586 1449 1711 1491 cum
1770 1437 1840 1490 ab
1882 1450 1949 1489 eo

356 1537 480 1593 apta
524 1526 635 1580 sint
672 1534 725 1581 et
756 1541 1062 1597 suspensa:
1098 1526 1203 1581 erit
1256 1533 1441 1581 tamen
1504 1524 1822 1581 adversario
1855 1526 1948 1581 illo

354 1618 525 1672 altero
561 1617 737 1688 major
782 1635 845 1673 ac
897 1619 1275 1690 praestantior,
1302 1618 1523 1673 tametsi
1563 1617 1843 1673 diversam
1876 1619 1950 1674 sit

355 1709 426 1762 ab
447 1716 684 1780 utroque
715 1717 969 1764 naturam
1015 1708 1495 1778 substantiamqn‘e
1523 1708 1776 1764 sortitus.
1809 1707 1945 1762 Nam

2049 515 2108 568 ὃν
2138 514 2300 578 αὐτὸς
2342 512 2738 585 ὲφανὲρωσεν)·
2781 511 2897 565 ἑστι
2935 509 2992 564 δὲ
3035 509 3130 564 καὶ
3165 508 3193 561 ὁ
3225 509 3324 581 τῆς
3357 506 3454 561 τοῦ
3493 509 3652 562 ἀντι-

2048 605 2301 676 κειμένου
2348 604 2563 674 φύσεως
2609 602 2778 665 κακός
2818 618 2878 654 τε
2926 600 3021 654 καὶ
3072 599 3328 671 πονηρὸς,
3376 600 3435 651 ἑν
3465 599 3654 671 ἀδικίᾳ

2048 695 2609 769 χαρακτηριζόμενος.
2639 693 2859 748 Τούτων
2896 693 2953 746 δὲ
2998 688 3091 746 οὖν
3130 693 3295 763 μέσον
3341 689 3651 756 καθεστὼς,

2048 789 2142 841 καὶ
2172 787 2308 859 μήτε
2347 786 2552 855 ἀγαθὸς
2576 786 2672 849 ὢν,
2708 785 2845 856 μήτε
2881 781 2988 855 μὴν
3031 782 3222 846 κακὸς,
3268 782 3408 851 μήτε
3439 781 3651 847 ἆδικοζν

2050 879 2197 943 ἰδίως
2225 897 2285 933 τε
2318 878 2537 951 λεχθείη
2565 879 2631 933 ἂν
2659 878 2889 942 δίκαιος,
2927 875 3028 947 τῆς
3070 877 3191 929 κατ’
3235 876 3398 928 αὑτὸν
3441 874 3655 929 δικαιο-

2050 972 2217 1045 σύνης
2242 970 2318 1025 ὢν
2362 970 2689 1045 βραϐευτής.
2726 970 2836 1024 Καὶ
2887 969 3041 1023 ἔσται
3084 968 3184 1040 μὲν
3221 968 3654 1039 καταδεέστερος

2045 1066 2142 1121 τοῦ
2170 1067 2377 1120 τελείου
2410 1064 2569 1129 Θεοῦ,
2612 1062 2831 1133 καὶτῆς
2864 1063 3077 1135 ἐκείνου
3113 1060 3462 1133 δικαιοσύνης
3488 1060 3652 1114 ἐλάτ-

2047 1175 2155 1213 των
2179 1151 2336 1223 οὗτος
2376 1159 2405 1212 ὁ
2449 1155 2605 1220 Θεὸς,
2643 1155 2738 1208 διτε
2772 1155 2836 1226 δὴ
2877 1154 2973 1208 καὶ
3003 1152 3261 1225 γεννητὸς
3298 1152 3393 1217 ὢν,
3426 1153 3520 1206 καὶ
3553 1149 3653 1206 οὖν

2048 1249 2343 1321 ἀγέννητος
2380 1242 2484 1320 (εἷς
2524 1249 2633 1319 γάρ
2668 1249 2816 1301 ἐστιν
2864 1246 3159 1317 ἀγέννητος
3189 1247 3217 1298 ὁ
3246 1245 3455 1316 Πατὴρ,
3494 1241 3555 1308 ἑξ
3587 1235 3650 1295 οὗ

2048 1343 2116 1396 τὰ
2146 1343 2322 1396 πάντα
2347 1342 2511 1407 ἰδίως,
2545 1341 2654 1394 τῶν
2685 1337 2903 1393 πάντων
2932 1337 3258 1409 ἠρτημένων
3299 1337 3393 1390 ἀπ’
3422 1333 3644 1403 αὐτ-οῦν

2054 1435 2261 1507 μείζων
2306 1434 2362 1487 δὲ
2407 1434 2501 1487 καὶ
2547 1430 2884 1504 κυριώτερος
2948 1429 3042 1484 τοῦ
3086 1426 3502 1499 ἀντικειμένου,
3548 1426 3649 1479 καὶ

2049 1528 2244 1599 ἑτέρας
2288 1526 2477 1590 οὐσίας
2524 1543 2585 1579 τε
2641 1525 2738 1579 καὶ
2788 1524 3004 1595 φύσεως
3045 1520 3307 1591 πεφυκὼς
3352 1518 3649 1590 παρὰ.τὴν

2049 1621 2326 1692 ἑκατέρων
2350 1620 2558 1675 τούτων
2578 1619 2806 1673 οὐσίαν.
2833 1616 2939 1671 Τοῦ
2975 1616 3073 1689 μὲν
3116 1615 3227 1686 γὰρ
3262 1610 3647 1682 ἀντικειμένου

2048 1714 2197 1769 ἐστὶν
2228 1716 2262 1786 ἡ
2294 1714 2473 1779 οὐσία,
2504 1712 2683 1784 φθορὰ
2703 1729 2766 1765 τε
2792 1713 2883 1766 καὶ⁵
2903 1709 3113 1769 σκότος’
3142 1706 3324 1770 ὑλικὸς
3349 1704 3458 1776 γὰρ
3487 1696 3647 1768 οὗτος

354 1803 662 1857 adversarii
720 1812 917 1856 natura
953 1802 1240 1872 corruptio
1290 1809 1377 1858 est
1414 1815 1479 1855 ac
1527 1801 1788 1865 tenebras,
1822 1816 1945 1856 cum

2053 1809 2147 1861 καὶ
2176 1806 2533 1879 πολυσχεδής·
2572 1804 2669 1859 τοῦ
2699 1804 2756 1858 δὲ
2786 1803 3003 1874 Πατρὸς
3029 1800 3138 1854 τῶν
3178 1799 3314 1852 ὅλων
3355 1796 3448 1850 τοῦ
3478 1796 3646 1864 ἀγεν-

353 1895 586 1948 materia
636 1894 840 1964 quippe
868 1902 1159 1950 concretus
1195 1901 1280 1949 est
1309 1909 1375 1949 ac
1412 1893 1718 1964 multiplex.
1749 1894 1814 1948 At
1838 1892 1942 1947 Pa-

356 1982 525 2036 rentis
581 1983 825 2035 omnium
880 1982 1108 2052 ingeniti
1162 1992 1359 2038 natura
1419 1984 1801 2054 corruptionis
1857 1991 1943 2040 est

353 2089 573 2144 expers,
609 2074 813 2145 luxque
841 2077 960 2147 ipsa
1021 2092 1119 2147 per
1166 2086 1340 2133 semet
1366 2079 1661 2144 exsistens,
1710 2078 1941 2147 simplex

354 2175 407 2220 ct
435 2167 764 2222 un‘iusmodi.
805 2167 1008 2222 llornm
1045 2169 1549 2239 naturarduplicem
1585 2186 1721 2225 sane
1750 2169 1940 2225 Virtu-

352 2263 461 2311 tem
484 2261 725 2328 peperit;
752 2260 847 2315 sed
895 2259 1162 2314 Conditor
1201 2268 1383 2315 tamen
1419 2261 1536 2331 ipse
1593 2261 1772 2332 imago
1804 2275 1942 2331 prae«

353 2349 636 2406 stantioris
660 2360 763 2407 est.
797 2350 986 2422 Neque
1023 2367 1154 2407 vero
1180 2368 1242 2407 ea
1267 2358 1319 2408 te
1342 2369 1432 2409 res
1461 2354 1764 2423 perturbet,
1798 2354 1941 2409 scire

352 2443 684 2511 cupientem,
726 2445 1005 2514 quomodo
1035 2459 1160 2499 cum
1208 2461 1379 2500 unum
1413 2448 1504 2511 sit,
1534 2454 1587 2501 et
1612 2462 1735 2502 esse
1763 2446 1926 2502 fatea-

352 2549 478 2586 mur
532 2549 596 2587 ae
658 2536 986 2599 credamus,
1040 2551 1223 2590 rerum
1277 2539 1521 2591 omnium
1602 2537 1938 2608 Principium

351 2626 725 2694 generationis
750 2642 905 2696 teque
938 2643 1000 2681 ac
1031 2629 1407 2697 corruptionis
1435 2644 1654 2698 expers,
1688 2629 1942 2699 idemque

354 2720 584 2781 bonum,
617 2717 792 2773 amba:
822 2722 904 2774 liae
931 2726 1143 2773 naturae
1170 2727 1425 2775 constare
1479 2721 1782 2791 potuerint,
1819 2738 1942 2776 cor-

351 2809 622 2878 ruptionis
642 2809 923 2873 nimirum,
946 2818 1001 2866 et
1035 2811 1226 2866 media:
1255 2811 1542 2878 cujusdam
1584 2814 1940 2873 conditionis.

355 2914 482 2969 quae
508 2916 538 2952 a
574 2915 630 2955 se
660 2900 894 2955 invicem
955 2912 1150 2956 natura
1182 2902 1521 2972 discrepent,
1556 2919 1681 2958 cum
1703 2904 1757 2956 id
1798 2904 1944 2959 bono

352 2993 575 3046 insitum
629 2994 720 3057 sit,
782 3003 841 3049 nt
895 2994 1000 3050 sibi
1034 3011 1199 3066 quam
1235 2997 1537 3062 simillima,
1587 2998 1945 3071 ejusdemque

353 3101 542 3142 secum
576 3096 789 3144 naturae
835 3090 1024 3160 gignat
1055 3105 1120 3144 ac
1152 3090 1420 3160 proferat.
1452 3087 1532 3147 Tu
1564 3093 1733 3162 enim,
1760 3095 1944 3166 opitu-

355 3179 503 3234 lante
528 3178 660 3249 Deo,
691 3181 859 3251 hujus
888 3182 1221 3252 principium
1239 3199 1304 3239 ae
1321 3184 1729 3255 generationem
1762 3188 1944 3241 animo

352 3271 648 3341 percipies,
708 3272 799 3327 ubi
862 3274 1120 3328 traditam
1194 3277 1490 3344 quamdam
1558 3277 1628 3331 ab
1677 3279 1943 3348 apostolis

346 3364 663 3418 doctrinam
697 3364 964 3431 audieris,
994 3382 1158 3436 quam
1188 3381 1293 3422 nos
1317 3370 1673 3425 successione
1701 3371 1938 3441 quadam

363 3456 430 3509 ad
461 3471 565 3512 nos
587 3473 763 3528 usque
792 3469 1146 3530 propagatam
1185 3462 1533 3531 accepimus:
1567 3477 1691 3518 cum
1728 3480 1792 3520 eo
1818 3465 1941 3536 qui-

359 3548 483 3602 dem
521 3548 862 3620 utquidquid
892 3548 1149 3606 aﬂ'eretur
1204 3552 1260 3605 in
1283 3552 1543 3611 medium.
1570 3553 1622 3608 id
1658 3554 1726 3609 ad
1757 3553 1949 3610 Salva-

360 3641 497 3696 toris
524 3639 830 3697 doctrinam
852 3644 1002 3698 velut
1026 3643 1271 3714 regulam
1317 3645 1590 3716 exigatur.
1630 3645 1756 3701 Haec
1802 3649 1945 3719 apud

363 3740 437 3798 te,
469 3730 628 3786 Flora
662 3746 820 3787 soror
866 3733 1216 3800 charissima,
1252 3735 1444 3806 paucis
1488 3738 1949 3807 comprehendere

359 3839 425 3879 ac
471 3823 755 3896 disputare
804 3828 978 3897 potui,
1038 3829 1465 3900 summatimque
1490 3831 1947 3903 praeseripsiﬁta

2045 1901 2206 1973 νήτου
2239 1903 2272 1971 ἡ
2311 1899 2469 1953 οὐσία
2510 1898 2660 1952 ἐστὶν
2702 1895 2983 1968 ἀφθαρσία
3029 1910 3090 1946 τε
3138 1892 3231 1946 καὶ
3267 1888 3383 1960 φῶς
3425 1886 3642 1953 αὐτόον,

2044 1993 2250 2049 ἁπλοῦν
2283 2011 2343 2047 τε
2380 1992 2475 2047 καὶ
2516 1990 2811 2063 μονοειδές.
2854 1988 2918 2042 Ἣ
2939 1987 2997 2040 δὲ
3022 1986 3229 2040 τούτων
3265 1982 3424 2037 οὐσία
3456 1978 3645 2051 διττὴν

2048 2088 2146 2160 μέν
2174 2106 2294 2143 τινα
2321 2088 2553 2158 δύναμιν
2595 2087 2910 2157 προήγαγεν
2929 2099 2943 2114 ·
2983 2082 3147 2144 αὐτὸς
3180 2080 3238 2134 δὲ
3266 2079 3360 2132 τοῦ
3393 2076 3642 2148 κρείττο-

2044 2180 2134 2245 νός
2166 2183 2311 2234 ἑστιν
2359 2179 2541 2234 εἰκών.
2586 2178 2734 2250 Μηδέ
2777 2194 2836 2230 σε
2879 2176 2948 2230 τὰ
2993 2175 3088 2229 νῦν
3125 2172 3283 2227 τοῦτο
3316 2169 3641 2241 θορυϐείτω,

2044 2272 2304 2326 θέλουσαν
2338 2271 2550 2343 μαθεῖν,
2580 2269 2700 2332 πῶς
2731 2267 2839 2322 ἀπὸ
2872 2267 3001 2338 μιᾶς
3032 2264 3209 2337 ἀρχῆς
3231 2262 3347 2316 τῶν
3379 2260 3516 2314 ὅλων
3543 2258 3640 2311 οῦ-

2046 2383 2146 2436 σης
2205 2365 2297 2419 καὶ
2342 2362 2783 2435 ὀμολογουμένης
2826 2362 2989 2433 ἡμῖν,
3037 2362 3130 2411 καὶ
3171 2352 3637 2425 πεπιστευμένης,

2042 2458 2137 2513 τοῦ
2169 2461 2189 2489 ¹
2220 2459 2555 2529 ἀγεννήτου,
2599 2456 2694 2508 καὶ
2740 2452 3040 2525 ἀφθάρτου,
3088 2450 3184 2503 καὶ
3229 2446 3462 2517 ἀγαθῆς.
3512 2461 3640 2497 συν-

2044 2549 2280 2627 έστησαν
2324 2550 2419 2603 καὶ
2462 2537 2623 2601 αὗται
2657 2547 2712 2599 αἱ
2754 2544 2964 2613 φύσεις,
3006 2542 3041 2611 ἦ
3076 2558 3135 2595 τε
3170 2540 3269 2609 τῆς
3296 2536 3501 2606 φθορᾶς
3541 2532 3639 2627 καέι

2042 2624 2479 2714 τῆςῆμεσὸτητος
2518 2636 2869 2709 ἀνομοούσιαι
2916 2629 3073 2688 αὗται
3113 2629 3488 2691 καθεστῶσαι,
3542 2624 3637 2680 τοῦ

2046 2730 2252 2801 ἀγαθοῦ
2283 2731 2442 2800 φύσιν
2478 2729 2693 2799 ἔχοντος
2717 2726 2785 2780 τὰ
2830 2727 2994 2795 ὅμοια
3024 2722 3216 2777 ἑαυτοῦ
3259 2720 3352 2773 καὶ
3377 2716 3641 2788 ὁμοούσια

2045 2824 2238 2894 γεννᾷν
2273 2840 2331 2876 τε
2366 2822 2461 2875 καὶ
2495 2820 2812 2893 προφέρειν.
2847 2817 3086 2887 Μαθήσῃ
3127 2814 3257 2886 γὰρ,
3294 2809 3427 2865 Θεοῦ
3468 2809 3640 2863 διδόν-

2044 2933 2156 2980 τος,
2200 2915 2327 2986 ἑξῆς
2372 2917 2465 2968 καὶ
2510 2899 2608 2985 τῆν
2651 2911 2840 2964 τούτου
2885 2910 3059 2981 ἀρχήν
3116 2925 3175 2961 τε
3222 2906 3316 2959 καὶ
3361 2902 3639 2973 γέννησιν,

2046 3007 2342 3077 ἀξιουμένη
2367 3006 2466 3077 τῆς
2500 3002 2861 3073 ἁποστολικῆς
2907 2999 3278 3072 παραδόσεως,
3314 2996 3380 3067 ἥν
3423 2997 3488 3049 ἐκ
3521 2996 3642 3049 δια-

2046 3099 2208 3169 δοχῆς
2242 3099 2336 3152 καὶ
2359 3100 2520 3168 ἡμεῖς
2550 3095 2994 3166 παρειλήφαμεν,
3032 3090 3170 3163 μετὰ
3216 3089 3310 3143 καὶ
3352 3087 3445 3141 τοῦ
3482 3103 3646 3139 κανο-

2052 3192 2198 3243 νίσαι
2239 3194 2446 3253 πάντας
2474 3187 2832 3256 τοῦς-λόγους
2867 3188 2932 3257 τῇ
2974 3183 3069 3238 τοῦ
3105 3181 3357 3251 Σωτῆρος
3388 3178 3648 3232 διδασκα-

2052 3283 2159 3354 λίᾳ.
2189 3281 2378 3336 Ταῦτά
2410 3299 2514 3340 σοι,
2541 3274 2586 3333 ὦ
2618 3279 2824 3350 ἀδελφή
2860 3295 2960 3349 μου
3003 3275 3218 3346 Φλώρα,
3243 3273 3309 3326 δι’
3347 3272 3543 3338 ὀλίγων
3570 3269 3649 3321 εί-

2053 3374 2268 3447 ρημένα
2294 3374 2394 3426 οὐκ
2417 3373 2657 3444 ἡτόνησα
2686 3371 2782 3442 (lt),
2811 3371 2905 3423 xui.
2951 3367 3012 3422 τὸ
3041 3368 3140 3438 τῆς
3187 3364 3481 3436 συντομίας
3512 3378 3649 3433 προ-

2050 3467 2298 3540 έγραψω
2336 3468 2451 3538 ἅμα
2502 3466 2600 3538 μὲν
2632 3466 2693 3518 τὸ
2737 3464 3096 3537 προκείμενον
3143 3457 3506 3529 ἀποχρώντως
3561 3454 3650 3519 ἐξ·

2016 3556 2021 3561 ’
2058 3560 2252 3631 ἑφηνα,
2293 3558 2328 3613 ἃ
2368 3557 2462 3611 καὶ
2503 3559 2583 3621 εἰς
2620 3556 2689 3609 τὰ
2738 3556 2865 3625 ἑξῆς
2917 3556 2985 3608 τὰ
3019 3552 3254 3625 μέγιστά
3309 3568 3392 3604 σοι
3442 3548 3653 3619 συμὸασ

2057 3653 2251 3719 λεῖται,
2297 3654 2390 3707 ἑὰν
2428 3669 2514 3721 γε,
2558 3652 2635 3715 ὼς
2696 3651 2834 3722 καλὴ
2879 3650 2949 3719 γῆ
3002 3648 3098 3701 καὶ
3150 3645 3351 3715 ἀγαθὴ,
3409 3642 3651 3712 γονίμων

2059 3747 2393 3819 σπερμάτων
2449 3745 2707 3817 τυχοῦσα,
2742 3744 2836 3797 τὸν
2892 3742 2961 3796 δι’
3017 3739 3197 3795 αὐτῶν
3248 3737 3461 3809 καρπὸν
3516 3734 3651 3787 ἀναν

2058 3838 2257 3911 δείξῃς.

362 3927 542 3973 tamen
587 3927 645 3974 ut
693 3921 840 3990 quod
883 3930 1003 3976 erat
1046 3924 1430 3993 propositum,
1485 3933 1752 3996 quantum
1804 3930 1940 3983 satis
1979 3940 2145 3995 esset,
2180 3910 2525 4003 explicarim.
2593 3910 2767 3997 Quam
2821 3945 2934 3984 rem
2981 3927 3242 3995 deinceps
3305 3936 3504 3993 magno
3554 3917 3654 3972 tibi

360 4011 483 4065 usui
518 4010 634 4066 fore
662 4011 916 4069 conlido:
949 4012 1207 4079 simodo,
1277 4015 1504 4086 perinde
1564 4032 1627 4072 ac
1693 4018 1870 4075 bonus
1916 4035 2046 4092 ager
2084 4031 2136 4078 et
2180 4023 2481 4088 fecundus,
2534 4033 2760 4092 excepta
2819 4019 3028 4076 semina
3079 4019 3354 4073 fructuum
3407 4015 3654 4070 ubertate

360 4118 479 4159 com
488 4120 709 4175 penses.

568 4221 838 4276 Hactenus
867 4222 1142 4279 Ptolemazi
1172 4225 1239 4279 ad
1268 4224 1491 4281 Florum
1527 4229 1770 4299 epistola.

438 4352 570 4407 Vill.
608 4352 745 4419 Quis
777 4353 1046 4422 ejusmodi
1076 4355 1392 4418 verborum,
1426 4372 1491 4411 ac
1525 4358 1952 4433 circutnl‘oranei

2138 4229 2566 4300 Πεπλιὶρωγται
2600 4228 2672 4282 τὰ
2704 4226 3079 4295 Πτολεμαίου
3113 4224 3265 4293 πρὸς
3302 4222 3571 4292 Φλώραν.

2126 4366 2207 4420 H'.
2243 4364 2339 4428 Τίς
2363 4364 2419 4417 δὲ
2462 4362 2665 4417 τούτων
2688 4361 2797 4416 τῶν
2836 4361 3120 4434 ῥημάτιον,
3148 4359 3243 4413 καὶ
3270 4358 3372 4429 τῆς
3401 4356 3497 4411 τοῦ
3527 4356 3655 4427 γόη-

367 4445 553 4516 hujus,
590 4445 1045 4516 asscclarumque
1089 4444 1238 4515 ejus,
1284 4448 1635 4504 Ptolemaeum
1675 4467 1739 4506 ac
1769 4455 1945 4510 socios

2060 4474 2149 4521 τος
2182 4456 2393 4515 τούτου.
2429 4457 2524 4509 καὶ
2549 4457 2647 4527 τῆς
2679 4456 2788 4509 τῶν
2823 4457 2922 4509 σὺν
2964 4452 3114 4524 αὐτῷ
3152 4450 3400 4517 ἀνέξεται
3460 4468 3654 4521 φρενο-

282 4574 287 4579 ο
346 4540 635 4611 intelligo,
672 4539 954 4595 vesaniam
1009 4541 1184 4611 possit
1213 4543 1511 4610 sustinere,
1542 4544 1636 4615 qui
1667 4547 1951 4617 ineptissi-

367 4647 485 4688 mas
518 4630 734 4687 fabulas
761 4632 833 4687 ita
863 4631 1210 4687 confundunt
1235 4648 1302 4689 ae
1329 4636 1644 4690 consuunt?
1664 4635 1783 4692 Non
1803 4641 1949 4693 enim

364 4725 661 4796 quisquam
693 4741 759 4781 ex
780 4725 1036 4797 antiquis
1062 4727 1170 4782 illis
1224 4728 1620 4799 tragoediarum
1663 4730 1952 4801 scriptori-

366 4819 491 4884 bus,
524 4826 618 4874 aut
643 4835 708 4874 ex
736 4816 1138 4890 posterioribus
1176 4821 1381 4884 mimis,
1435 4822 1619 4892 qualis
1671 4822 1947 4892 Philistio,

363 4922 421 4967 et
469 4911 742 4983 Diogenes
802 4910 924 4979 fuit,
984 4912 1077 4982 qui
1124 4912 1465 4968 incredibilia
1510 4916 1762 4985 scripsit:
1796 4931 1889 4971 aut
1922 4934 1953 4973 e

366 5006 596 5075 reliquis
680 5007 938 5062 omnibus
1003 5007 1315 5063 fabularum
1377 5020 1471 5065 aut
1532 5012 1949 5082 rhapsodiarum

367 5084 710 5161 auctoribus,
769 5106 879 5153 tam
946 5100 1208 5154 immania
1260 5101 1608 5157 comminisci
1666 5103 1951 5159 mendacia

340 5183 685 5259 ’potuerunt,
721 5191 881 5262 223
903 5192 1089 5261 qualia
1119 5193 1423 5249 nebulones
1455 5195 1543 5251 isti
1577 5197 1854 5265 propriam
1896 5196 1951 5248 in

367 5283 665 5365 perniciem
696 5285 1057 5339 exsecrabilia
1107 5286 1490 5359 horrendaque
1554 5287 1941 5343 fabricat-unt:

365 5375 566 5444 quibus
583 5382 918 5431 sectatorum
932 5378 1143 5435 animos
1165 5380 1509 5436 stultissimis
1527 5381 1949 5452 qua-stionibus,

442 5550 457 5582 ⁸
495 5551 686 5608 Matth.
720 5569 835 5618 nx,
881 5554 961 5611 l7.
1039 5553 1207 5611 ’Cor.
1238 5558 1355 5627 τῆς.

2061 4551 2338 4614 ϐλαϐείας.
2370 4549 2707 4620 Πτολεμαίου
2738 4566 2818 4611 τε,
2848 4547 3011 4620 φημὶ,
3047 4547 3140 4599 καὶ
3171 4546 3279 4599 τῶν
3319 4547 3455 4616 ἀμφ’
3492 4545 3655 4597 αὑτὸν

2057 4645 2136 4706 εἰς
2165 4643 2416 4695 τοσοῦτον
2463 4639 2755 4694 κυκώντων
2792 4628 2887 4692 καὶ
2931 4638 3276 4691 καττυόντων
3320 4636 3653 4705 πλάσματα;

2060 4734 2196 4788 υῦτε
2229 4733 2337 4805 γὰρ
2382 4733 2488 4786 τῶν
2540 4730 2783 4785 παλαιῶν
2817 4728 3239 4802 τραγῳδοποιῶν
3284 4745 3388 4791 τις,
3427 4726 3551 4779 οὔτε
3605 4726 3654 4777 οἱ

2058 4828 2293 4899 καθεξῆς
2347 4827 2576 4898 μιμηλοὶ
2624 4824 2715 4878 τὸν
2764 4824 2984 4896 τρόπον,
3026 4825 3076 4876 οἱ
3126 4822 3254 4894 περὶ
3300 4820 3648 4878 Φιλιστίωνα,

2059 4921 2155 4974 καὶ
2197 4919 2445 4991 Διογένη,
2490 4919 2582 4971 τὸν
2628 4917 2696 4970 τὰ
2738 4917 2944 4972 ἄπιστα
2989 4915 3300 4986 γράψαντα,
3337 4913 3371 4984 ἢ
3413 4914 3462 4965 οἱ
3506 4911 3653 4966 ἄλλοι

2062 5015 2284 5076 πάντες,
2335 5015 2382 5066 οἱ
2427 5013 2552 5076 τοὺς
2595 5010 2799 5082 μύθους
2847 5008 3299 5080 ἀναγεγραφότες
3365 5007 3491 5073 καὶ,
3517 5004 3653 5076 ῥαψ-

2058 5103 2658 5176 ῳδήσαντες,τοσοῦτον
2704 5100 2900 5171 ψεῦδος
2936 5100 3283 5171 ἠδυνήθησαν
3316 5096 3650 5158 ἑκτυπῶσαι,

2057 5196 2133 5260 ὡς
2159 5188 2310 5250 οὗτοι
2336 5195 2625 5273 τολμηρῶς
2653 5195 2966 5267 φερόμενοι,
2976 5193 3116 5264 μετὰ
3148 5192 3249 5262 τῆς
3275 5191 3483 5244 ἑαυτῶν
3511 5189 3653 5259 ζωῆς

2057 5290 2207 5345 δεινά
2236 5291 2450 5354 ἑαυτοῖς
2482 5276 2918 5352 κατεσκεύασαν,
2955 5290 3049 5342 καὶ
3073 5289 3164 5342 τὸν
3188 5286 3313 5342 νοῦν
3336 5285 3447 5338 τῶν
3470 5282 3654 5337 πειθο-

2062 5381 2237 5453 μένων
2282 5383 2464 5447 αὐτοῖς
2503 5383 2807 5456 ἀνθρώπων
2845 5384 2925 5446 εἰς
2967 5380 3156 5454 μωρὰς
3198 5379 3454 5451 ζητήσεις
3498 5389 3655 5448 περι·

441 5702 521 5775 (τί)
561 5705 637 5758 Δΐ
670 5710 885 5777 ὀλίγων
921 5710 1201 5778 εἰρημένη
1229 5713 1338 5764 οὐκ
1386 5712 1666 5781 ἠτίνδρσιι.
1710 5713 1868 5770 Forte
1909 5714 2201 5788 ἐφθόνησα.
