4004 6182
336 369 455 427 869

1098 358 1469 416 ADVERSUS
1510 354 1853 414 HASRESES
1890 353 2017 409 LIB.
2063 354 2102 413 Ι.
2146 355 2306 413 ΤΟΜ.
2349 356 2413 413 ll.
2454 388 2517 400 ——
2560 353 2835 410 HERES.
2871 352 3114 410 XXXIII.

3510 350 3614 409 570

344 483 563 544 έὸαλον.
605 481 700 535 καὶ¹
740 476 1092 549 γενεαλογίας
1135 478 1473 548 ἀπεράντους
1493 518 1508 544 ,
1550 477 1707 532 αὑτοὶ
1743 476 1812 531 τά
1870 477 1929 529 ἐν

2058 495 2098 532 ιο
2113 475 2447 547 genealogiis
2487 472 3027 530 interminabilibns"
3082 469 3455 542 implicarunt,
3486 483 3613 524 cum

346 575 507 647 χερσὶ
537 571 613 642 μὴ
641 569 1012 640 ἐπιστάμενοι,
1050 569 1144 622 καὶ
1170 568 1241 622 τὰ
1266 568 1563 641 ἐπουράνια
1594 564 1930 636 ἐπαγγελλά-

353 680 505 736 μενοι
553 662 772 733 μέτροις
801 661 942 714 τισὶν
970 660 1263 731 όροθετεῑν,
1297 659 1390 713 καί
1427 676 1587 713 τινων
1620 655 1930 731 μαιωτικῶν

356 751 600 825 μητρῶν,
630 752 707 814 ὼς
731 750 1067 823 ἐπουρανίων
1097 749 1339 821 μητρῶν,
1373 749 1450 813 ὡς
1493 747 1851 820 ὑπαρχουσῶν
1888 747 1930 809 ⁸,

353 843 664 913 ἐπιστήμας
691 842 1091 913 άναδεχόμενοι.
1145 840 1406 904 ’Δκούσας
1438 840 1494 894 δέ
1522 857 1604 904 τις
1631 838 1780 910 παρὰ
1805 837 1930 891 τού-

353 951 481 1001 των,
513 936 562 986 εἰ
595 934 692 1003 μὲν
722 932 830 986 τῶν
856 931 1270 1003 ἀφρονεστάτων
1297 930 1405 1003 εἴη,
1450 929 1527 1001 τῷ
1562 929 1746 1000 ψεύδει
1782 929 1934 999 νομί·

356 1025 447 1089 ζον
490 1042 544 1077 τι
575 1025 595 1054 ³
638 1024 768 1095 παρ’
805 1023 987 1085 αὐτοῖς
1032 1021 1321 1092 μετάρσιον
1362 1021 1692 1089 ἐγνωκέναι,
1738 1018 1933 1091 ῥᾳδίως

356 1116 756 1188 ὑπαχθήσεται·
792 1114 913 1167 Ὅτι
950 1111 1078 1167 πᾶν
1125 1113 1336 1180 ὄρνεον
1382 1110 1531 1167 κατὰ
1569 1110 1743 1181 γένος
1786 1127 1934 1165 συν·

354 1209 578 1279 ἀγειαι,
610 1207 710 1261 καί
748 1206 829 1272 τῷ
861 1205 1042 1275 ὁμοίῳ
1076 1203 1522 1271 κολληθήσεται
1564 1203 1740 1273 ἀνὴρ,
1772 1204 1953 1274 φησὶν.

357 1303 391 1371 ἡ
426 1299 637 1371 Γραφή.
671 1299 733 1351 Εἰ
770 1296 827 1350 δέ
868 1314 950 1360 τις
1004 1295 1156 1367 τύχοι
1195 1297 1378 1360 αὑτοῖς
1410 1295 1521 1350 τῶν
1557 1295 1813 1360 συνετῶν,
1844 1296 1938 1349 καὶ

357 1393 448 1446 τὸν
468 1391 689 1460 εὔλογον
725 1390 986 1460 λογισμὸν
1030 1388 1404 1460 κεκτημένων,
1448 1388 1806 1457 καταγελάσει
1841 1387 1938 1457 μὲν

353 1483 458 1563 τῆς
483 1481 752 1551 τοσαύτης
778 1480 1072 1552 ληρῳδίας,
1101 1482 1194 1534 ἀπ’
1222 1481 1393 1550 αὑτῆς
1419 1480 1476 1534 δέ
1503 1481 1600 1551 τῆς
1632 1480 1939 1543 ὑποθέσεως

357 1573 465 1627 τῶν
496 1574 624 1643 παρ’
656 1572 836 1634 αὐτοῖς
873 1570 1178 1641 λεγομένων
1223 1569 1320 1640 τὴν
1364 1570 1674 1643 ἀνατροπὴν
1714 1570 1935 1623 εἴσεται.

371 1662 714 1733 Ἐλέγχονται
740 1662 847 1733 γὰρ
879 1656 1022 1716 οὗτοι
1054 1661 1363 1714 παντάπασι
1394 1661 1513 1714 καθ’
1542 1661 1751 1715 ἑαυτῶν
1785 1660 1940 1714 ὁπλι-

358 1754 574 1825 ζόμενοι
606 1752 674 1806 τὰ
711 1751 881 1822 ψεύδη
911 1752 1011 1822 τῆς
1046 1750 1223 1805 αὑτῶν
1253 1748 1664 1822 ματαιοπονίαςζ

432 2029 605 2084 Πόθεν
628 2028 736 2099 γὰρ
766 2029 915 2095 ὑμῖν,
950 2020 994 2080 ὧ
1022 2020 1166 2081 οὗτοι
1193 2025 1516 2096 Πτολεμαῖοί
1543 2043 1601 2078 τε
1633 2024 1726 2080 καὶ
1753 2024 1947 2079 Hrcle-

367 2126 545 2194 μαῖαι,
592 2120 685 2174 τοῦ
730 2119 899 2174 Bulla?)
940 2119 1009 2173 τὰ
1056 2119 1249 2191 μέτρα,
1296 2120 1389 2173 καὶ
1435 2120 1492 2171 αἰ
1533 2118 1794 2191 μαιώσεις
1842 2121 1945 2175 τῶν

365 2213 621 2278 τοκετῶν,
664 2215 757 2267 κα)⁸
788 2213 1118 2283 γεννητικῶν
1158 2212 1466 2266 ὑποθέσεων
1504 2214 1538 2284 η
1577 2212 1813 2282 γνῶσις;
1857 2215 1944 2279 Ὠ,

368 2307 477 2378 γὰρ
509 2305 793 2378 παρόντες,
824 2305 917 2358 καὶ
955 2304 1060 2358 τῶν
1098 2304 1432 2375 ἐπουρανίων
1463 2305 1561 2370 τὰς
1603 2304 1793 2373 φύσεις
1824 2306 1950 2361 θεα-

370 2400 616 2469 σάμενοι,
654 2398 745 2450 καὶ
780 2397 855 2461 ὠς
881 2397 1034 2450 αὑτοί
1074 2398 1328 2468 προόντες
1364 2396 1458 2450 τοῦ
1501 2399 1632 2470 παρ’
1660 2398 1812 2468 ὑμῶν
1847 2399 1951 2451 Βυ-

378 2489 471 2542 θοῢ
506 2488 860 2558 καλουμένου,
893 2487 1293 2556 ἐπαγγέλλεσθε
1311 2488 1409 2559 τὴν
1438 2487 1643 2559 εἴδησιν
1668 2490 1798 2559 ἡμῖν
1828 2490 1952 2543 ὑπο-

367 2581 420 2634 δε
436 2580 660 2643 ίκνυναι,
689 2580 900 2643 οὑδενὸς
936 2578 1153 2633 πώποτε
1184 2578 1293 2632 τῶν
1341 2579 1635 2651 προφητῶν
1676 2579 1836 2633 τοῦτο
1876 2582 1954 2633 εἰ·

372 2671 622 2742 ρηκότος,
653 2672 753 2724 οὑκ
777 2670 940 2724 αὑτοῦ
971 2672 1268 2735 Μωῦσέως,
1304 2672 1365 2725 οὑ
1390 2671 1501 2725 τῶν
1531 2672 1636 2744 πρὸ
1669 2671 1854 2733 αὑτοῦ,
1891 2674 1950 2726 οὐ

372 2764 477 2816 τῶν
503 2763 620 2833 μετ’
644 2762 801 2816 αὑτὸν
821 2803 835 2827 ,
867 2765 926 2817 οὑ
957 2764 1066 2817 τῶν
1109 2764 1529 2832 εὑαγγελιστῶν,
1570 2765 1631 2818 οὑ
1677 2764 1781 2818 τῶν
1822 2766 1955 2818 ἀπο-

377 2853 604 2907 στόλων·
660 2857 707 2907 εἰ
754 2854 828 2926 μὴ
876 2854 983 2926 ἄρα
1024 2854 1090 2908 τὰ
1129 2855 1399 2925 ἐθνὸμυθα
1450 2858 1732 2928 ποιήματα
1777 2855 1956 2920 εἴποις

374 2946 481 2997 τῶν
520 2943 660 3015 περί
712 2945 915 3017 Ὀρφέα
967 2963 1026 2998 τε
1083 2945 1177 2998 καὶ
1219 2946 1498 3011 Ἡσίοδον,
1555 2947 1649 3001 καὶ
1701 2946 1955 3015 Στησίχο·

378 3052 468 3108 ρον
683 3038 809 3107 παρ’
840 3034 920 3100 οἷς
961 3040 1014 3091 αἱ
1070 3037 1179 3090 τῶν
1235 3038 1536 3110 ἀνθρώπων
1592 3041 1775 3108 γενεαὶ
1832 3059 1959 3110 μετ-

2033 584 2101 624 nc
2135 584 2196 623 ea
2217 569 2435 639 quidem
2464 567 2691 631 scirent,
2724 582 2844 636 qua:
2867 566 2923 620 in
2952 565 3203 620 manibus
3252 571 3381 620 sunt
3412 563 3613 632 posita,

2032 670 2086 716 et
2117 661 2286 717 certis
2310 659 2527 715 interim
2565 659 2841 714 mensuris
2871 658 3115 713 caelestia
3141 672 3201 711 se
3239 654 3469 711 definire
3488 669 3617 725 pro-

2033 752 2338 818 fiterentur,
2375 758 2539 821 atque
2584 749 3064 804 obstetricantium
3107 747 3470 818 quorumdam
3490 752 3613 800 ute-

2033 860 2221 900 rorum
2275 843 2425 898 velut
2466 842 2774 898 caelestium
2823 840 3136 903 matricum,
3176 841 3257 894 rei
3285 839 3443 909 plane
3463 851 3615 891 com-

2034 938 2315 1002 mentitiaa,
2350 936 2433 993 sic
2487 945 2750 1004 tanquam
2820 947 2964 987 verae
2995 930 3289 1000 solidasque
3334 928 3614 985 scientiam

2034 1027 2478 1102 praeseferrent.
2532 1026 2857 1097 Cujusmodi
2908 1027 3002 1095 qui
3052 1024 3122 1078 ab
3162 1024 3271 1077 illis
3322 1018 3531 1082 audiat,
3566 1018 3616 1072 si

2037 1124 2199 1193 paulo
2226 1121 2575 1192 insipientior
2628 1121 2721 1186 sit,
2760 1119 2997 1175 sublime
3045 1115 3306 1186 quiddam
3353 1128 3415 1169 se
3472 1109 3616 1180 apud

2037 1216 2159 1270 illos
2194 1215 2456 1270 didicisse
2484 1220 2662 1276 ratus,
2723 1210 2882 1265 facile
2940 1205 3352 1262 mendaciorum
3401 1201 3615 1256 lenoci-

2038 1309 2150 1362 niis
2182 1307 2473 1361 inducetur
2498 1323 2512 1358 :
2543 1304 2809 1369 Quoniam
2834 1302 2944 1356 avis
2971 1301 3141 1355 omnis
3159 1296 3441 1353 secundum
3457 1307 3618 1365 genus

2038 1414 2191 1452 suum
2225 1403 2596 1467 congregatur,
2624 1403 2674 1446 et
2704 1393 2873 1445 omnis
2925 1392 3079 1444 homo
3113 1386 3278 1443 simili
3311 1385 3396 1439 sui
3444 1382 3620 1437 socia-

2041 1489 2201 1550 bitur,
2232 1489 2310 1542 ait
2336 1486 2619 1555 Scriptura
2643 1485 2687 1539 '.
2716 1483 2813 1537 Sin
2846 1482 3009 1552 paulo
3067 1476 3460 1546 intelligentior
3512 1472 3617 1526 ali-

2039 1576 2185 1646 quis,
2222 1591 2290 1629 ac
2336 1582 2487 1628 recto
2531 1572 2741 1641 judicio
2797 1571 3058 1640 praeditus
3115 1572 3391 1625 occurrat,
3446 1576 3621 1632 nugas

2041 1669 2164 1723 illas
2193 1665 2521 1721 deridendas
2563 1663 2795 1733 putabit,
2848 1668 3015 1731 atque
3042 1676 3109 1714 ex
3150 1659 3261 1713 illis
3312 1657 3444 1725 ipsis
3496 1668 3621 1721 qua:

2042 1754 2798 1830 disputantquemadmodum
2832 1752 3055 1807 refutari
3090 1750 3301 1820 possint
3333 1745 3619 1817 perspicit.

1971 1839 2013 1893 Β
2045 1848 2102 1905 Si
2130 1848 2350 1919 quidem
2370 1846 2488 1902 suis
2522 1845 2625 1914 ipsi
2652 1843 2969 1898 vanissimis
3007 1839 3307 1895 mendaciis
3327 1844 3522 1893 contra
3559 1850 3620 1890 se
3712 1840 3721 1844 ’

2047 1935 2243 1993 armati
2271 1950 2395 1990 esse
2420 1934 2640 2004 penitus
2667 1937 2993 2002 arguuntur.

2116 2047 2252 2103 Volo
2274 2047 2419 2101 enim
2450 2045 2584 2099 mihi
2619 2042 3022 2112 respondeatis,
3054 2055 3086 2095 ο
3116 2039 3389 2094 Ptolemaei
3433 2051 3625 2092 omnes

2047 2155 2111 2195 ac
2155 2139 2496 2194 Ptolemaeis!
2555 2135 2702 2192 unde
2730 2137 2835 2190 illze
2870 2135 3026 2190 vobis
3059 2134 3214 2205 Bythi
3250 2146 3539 2195 mensurae,
3564 2144 3628 2184 ac

2050 2238 2305 2303 par-tuum
2363 2229 2869 2290 obstetricationes,
2902 2234 2958 2281 et
3001 2226 3279 2278 variarum
3315 2222 3629 2292 generatio-

2050 2339 2180 2378 num
2208 2321 2468 2391 cognitio.
2504 2319 2596 2373 Sic
2623 2320 2768 2373 enim
2833 2328 3092 2385 tanquam
3122 2320 3420 2382 praesentes
3447 2311 3627 2363 inter-

2050 2414 2289 2474 fueritis,
2324 2428 2387 2466 ac
2416 2410 2721 2465 cmlestium
2790 2415 3042 2462 naturam
3073 2402 3425 2472 contemplati
3476 2400 3625 2463 sitis,

2053 2504 2164 2558 imo
2196 2501 2427 2572 Bythum
2469 2498 2623 2552 illum
2662 2503 2906 2551 vestrum
2950 2490 3380 2550 antecesseritis,
3429 2503 3625 2543 earum

2054 2593 2214 2647 nobis
2246 2605 2431 2646 rerum
2487 2588 2774 2643 scientiam
2819 2584 3131 2639 ostenditis.
3164 2581 3331 2651 Atqui
3368 2580 3551 2634 nullus
3575 2578 3631 2634 id

2057 2698 2297 2754 unquam
2332 2680 2766 2751 eprophetarum
2804 2690 3032 2743 numero
3060 2675 3225 2730 dixit:
3271 2688 3379 2727 non
3418 2671 3634 2743 Moyses
3698 2689 3723 2697 ⁸

2057 2777 2213 2846 ipse;
2241 2790 2350 2829 non
2406 2772 2592 2843 Moyse
2642 2771 2794 2841 prior
2836 2769 3037 2839 aliquis
3069 2768 3154 2821 vel
3193 2765 3486 2836 posterior,
3526 2775 3637 2818 non

2059 2865 2547 2934 evangelistarutn,
2569 2878 2677 2915 non
2694 2859 3067 2929 apostolorum
3082 2856 3322 2924 denique
3338 2854 3634 2923 quispiam.

2057 2957 2173 3014 Nisi
2201 2957 2340 3011 forte
2379 2954 2447 3009 ad
2487 2953 2765 3024 gentilium
2800 2958 3045 3020 poemata
3104 2945 3413 3015 confugias,
3453 2944 3637 3013 qualia

2061 3062 2194 3105 sunt
2222 3048 2449 3119 Orphei,
2485 3045 2728 3109 Hesiodi,
2758 3040 3080 3104 Stesichori,
3108 3038 3250 3109 apud
3286 3053 3427 3108 quos
3454 3035 3637 3089 homi-

377 3126 709 3198 εποιὴθησαν
741 3130 821 3191 εἰς
856 3127 991 3181 θεῶν
1022 3129 1357 3198 ἐπωνυμίας,
1403 3130 1496 3182 καὶ
1528 3129 1597 3182 τὰ
1649 3130 1707 3182 ἐν
1748 3129 1954 3201 ἀνθρὼ-

2062 3160 2190 3199 num
2224 3141 2604 3213 generationes
2651 3138 2720 3193 ad
2761 3137 2988 3192 deorum
3037 3131 3429 3204 appellationes
3450 3136 3637 3182 trans-

377 3234 498 3282 ποις
539 3219 897 3289 τετελεσμένα
938 3218 1233 3290 ποιητικῶς
1275 3219 1787 3291 ἐδραματουργὴθη.
1838 3223 1945 3276 Κάο

377 3312 543 3362 κεῖνοι
579 3310 685 3379 γὰρ
714 3308 883 3373 οὑτως
921 3310 1198 3380 ἐνόμισαν,
1236 3311 1618 3376 ἐκθειάσαντες
1654 3313 1779 3377 τοὺς
1830 3315 1957 3384 περὶ

377 3401 497 3462 Δία,
533 3401 628 3454 καὶ
669 3401 846 3463 Ῥέαν,
889 3403 981 3455 καὶ
1004 3402 1201 3474 ’⁹Πραν,
1231 3406 1325 3457 καὶ
1365 3405 1616 3476 Ἀθηνᾶν,
1644 3406 1739 3459 καὶ
1771 3406 1959 3460 Ἀπόλ-

378 3491 542 3558 λωνα,
578 3491 672 3544 καὶ
710 3492 1046 3564 Ἀφροδίτην,
1077 3495 1170 3547 καὶ
1198 3494 1295 3559 τὰς
1318 3494 1520 3549 τούτων
1552 3496 1962 3567 κακίας³γονὰς

379 3586 728 3655 τιμήσαντες,
761 3586 838 3648 εἰς
878 3586 1176 3653 φαντασίαν
1223 3588 1510 3653 πολυθεῖας
1549 3590 1643 3643 καὶ
1680 3590 1963 3644 εἰδωλολα-

378 3676 563 3745 τρείας
598 3675 687 3728 τὸν
712 3675 913 3742 κόσμον
952 3676 1222 3730 ἐνέϐαλον.
1266 3678 1424 3732 Ἀλλὰ
1451 3680 1632 3734 οὐκέτι
1665 3698 1756 3751 μοι
1790 3681 1960 3752 πολλή

380 3782 464 3828 τις
493 3765 647 3836 χρεία
690 3769 975 3838 γενήτεται
1004 3770 1082 3833 εἰς
1111 3770 1215 3841 τήν
1248 3787 1362 3833 σου,
1397 3764 1442 3824 ὧ
1484 3772 1807 3840 Πτολεμαῖε,
1837 3774 1965 3827 ἀνα-

382 3859 590 3930 τροπήν
635 3876 695 3911 τε
745 3861 838 3912 καὶ
880 3860 1119 3931 ἔλεγχον,
1155 3861 1249 3914 καὶ
1294 3862 1402 3915 τῶν
1437 3863 1578 3917 κατὰ
1611 3865 1689 3929 σὲ,
1719 3866 1820 3936 ἤδη
1857 3866 1965 3920 τῶν

389 3948 497 3999 σῶν
530 3950 889 4021 προπατόρων
919 3953 1008 4004 τὸν
1045 3952 1261 4022 ἔλεγχον
1295 3953 1494 4017 ἱκανῶς
1524 3955 1843 4026 εἰληφότων.
1870 3957 1967 4011 Διὰ

384 4038 494 4091 τῶν
530 4042 942 4111 προειρημένων
978 4043 1076 4113 τὴν
1106 4044 1247 4097 κατὰ
1271 4044 1364 4097 σοῦ
1400 4045 1661 4117 αἰσχύνην
1696 4050 1966 4120 συστησάο

391 4148 572 4201 μενος,
602 4131 827 4202 διέξειμι
856 4132 953 4204 τὴν
984 4134 1090 4185 τῶν
1122 4134 1324 4205 ἐτέρων
1354 4136 1581 4207 πλάνην,
1615 4137 1746 4191 Θεὸν
1776 4141 1970 4194 ἐπικα-

385 4222 648 4294 λούμενος
696 4224 981 4295 ἐπίκουρον
1029 4224 1131 4295 τῆς
1187 4226 1345 4297 ἡμῶν
1393 4229 1776 4301 μετριότητος,
1821 4233 1970 4297 ὅπως

390 4315 490 4405 τὴν
536 4317 665 4405 παρ’
712 4318 926 4388 ἑκάστῳ
964 4316 1103 4371 ἔθνει
1142 4318 1327 4383 κακῶς
1368 4322 1790 4395 ἐπινενοημένην
1835 4327 1969 4378 ὑπό-

388 4403 552 4457 θεσιν
576 4407 812 4478 φωράσω
853 4424 910 4460 τε
949 4408 1043 4460 καὶ
1094 4405 1465 4478 θριαμϐεύσω,
1503 4412 1594 4463 ἐπὶ
1631 4415 1696 4484 τῇ
1736 4415 1973 4483 ἐπαγγεο

391 4494 482 4565 λίᾳ
518 4494 619 4561 τῆς
652 4495 886 4563 σπουδῆς
916 4496 1066 4566 παρᾶ
1092 4495 1227 4549 Θεοῦ
1262 4498 1580 4569 αἰτούμενος
1600 4500 1698 4571 τὴν
1726 4502 1906 4574 χάριν.

2062 3236 2182 3290 latae
2242 3240 2392 3296 sunt,
2427 3245 2603 3300 eaque
2630 3244 2751 3299 quae
2778 3229 2922 3282 inter
2946 3224 3204 3279 mortales
3228 3229 3380 3292 gesta
3411 3218 3636 3275 fuerant

2059 3327 2276 3399 poetico
2317 3339 2469 3380 more
2493 3322 2856 3378 conformata.
2882 3318 3007 3374 Fuit
3053 3317 3196 3372 enim
3254 3312 3635 3384 hujuscemodi

2063 3421 2280 3474 illorum
2338 3416 2545 3487 opinio,
2575 3429 2700 3470 cum
2753 3411 2964 3477 Jovem,
3004 3426 3066 3463 ac
3122 3408 3349 3469 Rheam,
3383 3414 3437 3460 et
3466 3402 3643 3458 Juno-

2062 3526 2231 3574 nem,
2285 3507 2585 3573 Palladem,
2649 3505 2956 3575 Apollinem
3017 3500 3393 3567 Veneremque
3444 3495 3644 3550 divinis

2064 3600 2365 3657 honoribus
2394 3604 2804 3656 consecrantes,
2829 3607 3130 3661 eorumque
3158 3590 3451 3660 pessimam
3479 3585 3647 3639 sobo-

2065 3694 2170 3748 lem
2210 3691 2477 3755 venerati,
2520 3697 2693 3743 totum
2752 3687 2938 3740 orbem
2974 3685 3249 3738 variorum
3318 3680 3545 3734 deorum
3582 3692 3649 3729 ac

2067 3781 2488 3836 simulacrorum
2521 3777 2768 3831 inanium
2811 3773 3095 3829 erroribus
3135 3771 3470 3826 imbuerant.
3516 3766 3647 3819 Mihi

2065 3887 2195 3927 vero
2224 3871 2294 3925 ad
2322 3877 2491 3934 tuam,
2524 3884 2557 3923 ο
2584 3867 2872 3922 Ptolemaee
2892 3907 2907 3930 ,
2934 3872 3266 3930 tuorumque
3306 3858 3635 3913 confutatio-

2069 3977 2190 4018 nem
2218 3961 2351 4015 nihil
2383 3959 2588 4013 idcirco
2610 3970 2937 4027 magnopere
2956 3953 3344 4022 requirendum
3376 3955 3481 4008 est,
3501 3945 3647 4014 quod

2069 4054 2308 4124 majores
2340 4059 2463 4105 tuos
2490 4048 2707 4103 abunde
2760 4046 2873 4116 jam
2920 4044 3243 4098 rei'ellimus.
3292 4039 3474 4104 Quare
3520 4048 3646 4092 ‘cum

2070 4162 2135 4200 ex
2167 4145 2234 4198 iis
2268 4159 2387 4212 qua:
2412 4139 2561 4194 dicta
2599 4144 2749 4201 sunt,
2785 4149 2947 4206 quam
3004 4132 3259 4203 pudenda
3301 4132 3412 4185 sint
3436 4137 3529 4183 tua
3559 4129 3652 4182 illa

2072 4238 2322 4306 dogmata
2352 4233 2689 4288 declaratum
2726 4228 2913 4291 fuerit,
2940 4226 3227 4296 implorata
3278 4220 3442 4294 224
3491 4221 3648 4290 prius

2072 4344 2175 4397 ope
2199 4325 2469 4391 Numinis,
2501 4326 2583 4378 uti
2607 4336 2741 4377 mea:
2770 4318 3027 4376 tenuitati
3061 4326 3368 4373 succurrat.
3397 4316 3463 4368 ad
3503 4314 3646 4367 alio-

2076 4433 2194 4471 rum
2225 4413 2599 4471 discutiendos
2646 4426 2863 4466 errores
2907 4424 2992 4463 me
3026 4405 3334 4471 conferam,
3356 4412 3417 4459 ut
3447 4418 3569 4477 quae
3599 4406 3654 4459 in

2012 4504 2058 4560 D
2088 4520 2416 4577 unaquaque
2447 4512 2606 4574 gente
2626 4502 2898 4573 pestiferae
2926 4499 3216 4574 opiniones
3238 4499 3473 4557 inventae
3495 4508 3651 4561 sunt,

392 4603 487 4642 eas
534 4588 817 4657 detegam;
890 4604 955 4644 ac
991 4590 1058 4645 de
1117 4592 1368 4647 omnibus
1403 4594 1807 4663 quodammodo
1851 4601 2202 4673 triumphem.
2234 4601 2393 4667 Quod
2447 4599 2765 4658 institutum
2822 4617 2852 4655 a
2900 4616 2987 4656 me
3035 4599 3491 4673 propositumque
3536 4605 3660 4651 stu-

393 4681 545 4736 dium
580 4693 635 4737 ut
665 4698 969 4754 exsequar,
1020 4685 1303 4742 caelestem
1362 4689 1496 4742 mihi
1558 4689 1799 4747 favorem
1844 4668 2189 4767 gratiamque
2216 4694 2535 4767 poswlabo.
2808 4752 2813 4755 _
3038 4668 3051 4669 γ
3288 4668 3303 4679 ’

465 4802 542 4854 6'.
586 4801 704 4854 Ἵνα
731 4801 787 4854 δὲ
816 4802 891 4874 μὴ
939 4802 1272 4859 ἁϐασάνιστα
1388 4807 1457 4861 τά
1496 4809 1624 4879 τρία
1670 4828 1762 4864 σου
1808 4813 1980 4878 λεξεί-
2022 4808 2030 4822 ’

394 4888 504 4955 δια,
542 4891 579 4945 ἃ.
631 4890 697 4961 δὴ
750 4892 886 4963 πρὸς
954 4892 1176 4964 Φλώραν
1240 4895 1299 4947 τὸ
1354 4896 1576 4964 γύναιον
1647 4901 1980 4959 ἐπιστέλλων

397 4982 718 5053 ἐκομπάσω,
761 4979 806 5037 ὧ
850 4985 1151 5057 Πτολεμαῖε
1195 4989 1301 5056 (ἀεὶ
1325 4989 1434 5057 γὰρ
1473 4991 1530 5042 αἱ
1562 4990 1810 5057 ὀφιὼδεις
1831 4995 1978 5048 διδα-

407 5074 623 5127 σκαλίαι
676 5076 1000 5147 γυναικάρια
1056 5080 1439 5147 σεσωρευμένα
1490 5082 1782 5152 ἁμαρτίαις
1836 5088 1972 5141 ἀπα·

404 5167 554 5232 τῶσι,
584 5168 724 5221 κατὰ
757 5169 846 5223 τὸν
871 5168 963 5222 τοῦ
998 5170 1320 5224 Ἀποστόλου
1353 5172 1528 5244 λόγον)
1543 5204 1569 5240 ,-
1592 5177 1686 5228 καὶ
1715 5178 1886 5236 αὑτὰς
1912 5181 1978 5251 δὴ

405 5259 497 5324 τὰς
534 5259 708 5325 λέξεις
748 5261 951 5325 κυοίως
994 5262 1225 5316 ἐνταῦθα
1270 5265 1689 5338 παραθήσομαι,
1742 5272 1833 5322 καὶ
1880 5271 1980 5342 τὴν

475 5463 491 5493 ¹
520 5462 579 5516 ιτ.
633 5468 736 5519 οὑκ
763 5468 957 5520 οὐσῶν.

520 5464 579 5586 Ε.
633 5468 736 5519 οὑκ
763 5468 957 5520 οὐσῶν.
1069 5469 1089 5497 ²
1128 5464 1186 5519 F.
1222 5466 1455 5536 νομίζων
1473 5485 1541 5520 τι.

408 5548 492 5598 ιιι,
520 5548 573 5586 υ.

1647 5469 1667 5500 ³
1702 5470 1828 5541 Reg.
1857 5471 2055 5536 κακίας
2092 5470 2277 5543 μονάς.

2153 4816 2242 4871 lX.
2285 4815 2484 4871 Verum
2518 4821 2577 4867 ut
2608 4826 2779 4883 pauca
2806 4811 2897 4865 illa
2932 4811 3098 4865 verba
3127 4809 3349 4862 interim
3377 4805 3659 4877 expenda-

2085 4925 2228 4969 mus,
2256 4923 2378 4977 quae
2402 4906 2467 4960 ad
2487 4904 2703 4959 Fioram
2736 4901 2942 4973 ingenti
2973 4917 3094 4957 cum
3126 4900 3266 4955 fas.u
3315 4899 3661 4968 arrOgantia-

2084 5015 2191 5069 que
2256 4996 2526 5066 scripsisti
2608 4994 2808 5064 (solent
2892 4994 3036 5047 enim
3113 4997 3343 5044 onustae‘
3420 4990 3664 5059 peccatis

2087 5089 2422 5144 mulierculae
2450 5128 2465 5154 ,
2503 5094 2562 5141 ut
2612 5087 2689 5141 ait
2722 5085 3017 5155 Apostolus
3047 5085 3090 5147 °,
3134 5081 3359 5153 vipereis
3391 5080 3663 5149 ejusmodi
3712 5150 3715 5151 ν

2085 5180 2430 5250 dogmatibus
2463 5178 2682 5249 decipi);
2704 5186 2827 5233 tuas
2850 5178 3019 5247 ipsas,
3038 5175 3343 5238 Ptolemaee,
3370 5187 3528 5229 voces
3562 5172 3666 5226 hoc

2087 5271 2206 5326 loco
2235 5285 2556 5342 proponam,
2583 5284 2787 5340 easque
2827 5268 3156 5323 necessitate
3186 5275 3433 5331 coactus,
3468 5278 3538 5319 nc
3560 5279 3666 5333 qua

2389 5470 2410 5501 ⁸
2443 5470 2458 5525 Ι
2487 5470 2627 5526 Tim.
2659 5488 2697 5533 ι,
2730 5470 2786 5526 4.
2845 5469 2865 5501 ⁸
2896 5468 3074 5525 Eccie.
3104 5483 3225 5533 xm,
3248 5467 3337 5521 20.
3415 5466 3435 5496 '
3468 5463 3666 5520 llTim.

476 5701 701 5782 (ὅλκαὶ
745 5700 1135 5770 Σεησίκορον.
1195 5696 1544 5755 Stesichorus
1610 5701 1886 5760 fabulosus
1948 5705 2174 5763 deorum
2226 5710 2512 5784 prosapias
2556 5710 2960 5780 descripserat,
3012 5718 3068 5763 ut
3103 5708 3232 5763 alibi
3298 5706 3505 5761 indicat
3543 5702 3665 5775 Epi-

408 5770 665 5842 pltanius.
