4004 6162
370 303 468 361 571

1759 291 1820 350 S.
1859 287 2212 350 EPlPllANll
2728 308 2759 325 κ

3546 276 3659 336 ,572

371 418 613 477 infelicis
636 418 752 475 lolii
787 417 946 478 radix
975 418 1241 494 supersit,
1283 421 1535 493 congruo
1562 417 1760 476 ordine
1787 415 1956 475 refela

2073 411 2239 468 ιῦτῶν
2267 409 2583 484 ἀνατροπὴν
2613 403 2917 478 ἀναγκαίαν
2950 397 3138 470 οὖσαν,
3179 401 3260 466 είς
3286 399 3349 455 τδ
3387 396 3464 472 μὴ
3487 414 3659 494 κατα-

442 698 638 770 Legem
679 699 884 756 asseris
913 698 1188 755 trifariam
1215 712 1341 755 esse
1362 696 1620 761 divisam,
1649 702 1712 752 ut
1758 692 1957 765 partim

371 805 401 843 a
435 789 567 854 Deo,
590 792 790 861 partim
813 806 845 846 a
870 790 1077 863 Moyse,
1107 790 1310 863 partim
1339 804 1369 843 a
1403 786 1720 853 senioribus
1761 797 1960 839 mana-

370 879 467 935 rit.
494 879 568 936 De
606 881 921 938 senioribus
942 896 1137 953 ,porro
1167 895 1268 937 cur
1297 882 1372 936 ita
1405 878 1638 943 sentias,
1689 875 1848 942 nihil,
1900 882 1960 929 ut

374 977 622 1040 apparet,
668 970 865 1029 afferre
919 981 1076 1043 potes
1133 972 1191 1027 in
1244 969 1548 1043 Scripturis
1612 977 1957 1039 expressum.

366 1056 657 1130 Nusquam
700 1061 847 1116 enim
891 1062 950 1117 ln
1007 1061 1126 1133 lege
1177 1058 1380 1115 tradita
1431 1057 1525 1113 illa
1573 1070 1604 1111 a
1650 1055 1959 1129 senioribus

372 1150 599 1207 decreta
663 1160 1060 1208 memorantur.
1135 1149 1242 1207 Sed
1318 1163 1604 1206 sacrorum
1671 1145 1960 1203 Librorum

375 1253 631 1310 peraeque
689 1256 754 1296 ac
805 1240 1054 1296 veritatis
1114 1239 1339 1310 ignarus
1387 1234 1718 1293 calumniari
1778 1233 1963 1290 sciens

373 1331 645 1398 instituis,
694 1338 1075 1398 accurataeque
1121 1328 1464 1400 singulorum
1511 1328 1721 1384 notitiae
1761 1340 1963 1383 conse-

377 1422 660 1493 quentiam
712 1438 822 1478 non
880 1422 1061 1478 vides.
1110 1421 1248 1477 Nam
1302 1420 1583 1478 seniorum
1638 1418 1964 1476 traditiones

372 1512 732 1586 δευτερώσεις
787 1528 819 1568 a
866 1512 1073 1572 ludatis
1100 1521 1392 1570 vocantur.
1458 1513 1710 1579 Quatuor
1780 1515 1964 1566 autem

378 1606 598 1662 illarum
625 1614 755 1662 sunt
770 1622 1003 1678 genera.
1036 1605 1286 1663 Primum
1328 1614 1435 1671 est,
1481 1605 1631 1676 quod
1662 1603 1767 1659 sub
1798 1600 1967 1658 Hosis

377 1699 604 1755 nomine
659 1698 1062 1777 circumferunt
1095 1716 1112 1767 ;
1141 1697 1446 1754 secundum
1476 1703 1585 1762 est,
1616 1694 1765 1766 quod
1785 1691 1965 1748 Rabbi

376 1790 568 1846 Akibae
624 1772 897 1857 tribuunt,
934 1788 1161 1845 tertium
1191 1786 1383 1852 Addas,
1427 1785 1547 1842 sive
1578 1782 1756 1847 Iudae,
1794 1794 1965 1852 quar—
1996 1766 2040 1822 Β

378 1890 497 1937 tum
554 1881 623 1936 ad
676 1879 985 1936 Asamonaei
1028 1878 1171 1936 filios
1230 1877 1488 1934 refertur.
1561 1874 1743 1933 Cedo‘
1773 1875 1964 1946 igitur,

376 1974 546 2031 homo
601 1973 1107 2030 contentiosissime
1161 1986 1226 2026 ac
1277 1969 1555 2027 levissime
1581 2011 1596 2037 ,
1635 1983 1876 2039 quonam
1909 1968 1967 2023 in

379 2066 738 2122 Pentateuchi
776 2065 1085 2134 divinaeque
1123 2062 1260 2135 legis
1290 2062 1569 2118 volumine
1619 2061 1769 2117 illam
1811 2068 1968 2133 potes

378 2160 759 2215 demonstrare
803 2156 1155 2220 sententiam,
1184 2170 1370 2226 quam
1411 2154 1467 2208 in
1486 2152 1790 2226 Evangelia
1813 2153 1971 2209 Chri-

378 2260 500 2308 stus
540 2250 762 2305 attulit:
797 2250 901 2316 Qui
921 2248 1119 2304 dixerit
1149 2247 1295 2315 patri
1322 2262 1421 2301 suo
1453 2243 1689 2311 Corban,
1729 2245 1868 2316 quod
1889 2254 1968 2301 est

376 2344 598 2407 donum,
630 2341 765 2397 nihil
812 2342 917 2412 ipsi
953 2340 1249 2411 proderit',
1289 2338 1438 2410 quod
1492 2337 1628 2393 mihi
1684 2352 1968 2408 nunquam

377 2435 659 2492 ostendes.
692 2433 1063 2500 Quamobrem
1127 2431 1290 2501 friget
1349 2430 1442 2484 illa
1495 2436 1590 2484 tua
1633 2428 1965 2499 disputatio,

377 2544 505 2584 cum
537 2527 591 2582 id
616 2526 768 2585 nullo
795 2521 1155 2579 Pentateuchi
1176 2522 1298 2575 loco
1348 2519 1619 2589 scriptum
1648 2525 1867 2584 exstet;
1903 2532 1970 2573 ac

377 2620 593 2677 miserae
648 2617 728 2671 illi
783 2612 1127 2669 mulierculae
1183 2609 1555 2681 nequidquam
1630 2608 1967 2680 imposuisti.

376 2712 651 2768 Caeterum
682 2722 806 2780 quae
844 2721 874 2761 a
902 2705 1052 2764 Mose
1096 2705 1314 2762 sancita
1344 2709 1497 2765 sunt,
1529 2716 1562 2756 a
1586 2699 1697 2757 Deo
1741 2700 1969 2756 minime

379 2812 509 2863 sunt
542 2803 739 2865 aliena,
771 2815 802 2855 a
837 2814 972 2871 quo,
1022 2798 1210 2871 Moyse
1267 2803 1557 2864 sequestre
1614 2803 1779 2865 atque
1806 2794 1970 2849 inter-

376 2904 555 2968 prete,
578 2893 779 2949 tradita
816 2900 977 2951 sunt:
1007 2891 1153 2962 quod
1181 2900 1235 2947 et
1279 2889 1460 2960 ipsum
1488 2886 1795 2945 Salvatoris
1816 2886 1968 2958 judi-

379 2990 529 3046 cium
559 2988 843 3044 evidenter
900 2984 1193 3056 approbat,
1236 2980 1485 3052 adeoque
1541 2980 1742 3052 quibus
1794 2980 1969 3039 uteris

380 3080 737 3145 testimoniis,
781 3094 846 3135 ea
904 3084 1099 3134 contra
1151 3074 1505 3144 temetipsum
1539 3074 1842 3146 protulisti.
1873 3073 1968 3130 Sic

2057 504 2346 575 λειφθῆναι
2375 500 2533 577 ῥίζαν
2575 500 2676 571 τῆς
2716 496 3068 564 ζιζανιὼδους
3108 511 3204 549 σου
3249 493 3482 563 σπορᾶς,
3527 486 3658 560 ἑξῆς

2056 594 2372 660 ἀκολούθως
2401 592 2723 666 ποιήσομαι.

2129 689 2366 754 Φάσκεις
2398 686 2528 760 γὰρ,
2555 681 2602 742 ὦ
2636 678 2813 751 οὗτος,
2835 683 2929 739 τὸν
2954 681 3118 754 νόμον
3152 681 3315 754 τριχῆ
3338 677 3658 752 διῃρῆσθαι,

2060 780 2157 836 καὶ
2191 780 2254 835 s6
2287 780 2387 853 μὲν
2419 780 2565 852 ἔχειν
2582 796 2638 833 τι
2674 781 2740 832 ὲκ
2765 775 2861 831 τοῦ
2889 773 3049 841 Θεοῦ,
3081 773 3143 827 τὸ
3172 772 3231 826 δὲ
3256 773 3322 825 ὲκ
3348 769 3657 837 Μωῦσὲως,

2060 874 2122 929 τὸ
2162 876 2222 931 δὲ
2270 875 2336 929 ὲκ
2373 874 2483 929 τῶν
2538 868 2951 945 πρεσϐυτέρων.
2993 864 3106 922 Καὶ
3148 866 3231 920 ὅτι
3275 866 3375 937 μὲν
3426 865 3495 918 ἔκ
3548 863 3660 918 τῶν

2062 969 2451 1048 πρεσϐυτέρων
2492 966 2616 1031 olet,
2650 959 3037 1035 γεγραμμένον
3073 957 3175 1013 οὐκ
3208 957 3356 1029 ἔχεις
3387 956 3486 1012 τοῦ
3531 956 3662 1011 ἀπο-

2060 1062 2253 1130 δεῖξαι,
2287 1059 2448 1115 τοῦτό
2488 1059 2605 1111 ἔστι
2633 1054 2813 1126 δῆλον.
2852 1048 3105 1123 Οὐδαμοῦ
3144 1050 3254 1121 γὰρ
3293 1050 3355 1103 ὲν
3381 1048 3536 1120 νόμῳ
3565 1050 3661 1101 ἐκ.

2063 1159 2321 1230 φέρονται
2370 1153 2427 1208 αἱ
2483 1150 2594 1206 τῶν
2658 1145 3047 1222 πρεσϐυτέρων
3105 1140 3455 1215 παραδόσεις.
3495 1137 3663 1196 Ἀλλᾶ

2064 1249 2277 1321 ἀγνοῶν
2324 1246 2421 1302 καὶ
2461 1244 2559 1310 τὰς
2613 1242 2827 1315 βίϐλους
2849 1280 2865 1305 ,
2925 1238 3020 1295 καὶ
3057 1236 3158 1309 τὴν
3205 1233 3465 1307 ἀληθείαν
3521 1249 3661 1302 φανί-

2064 1343 2205 1415 τάζῃ
2231 1338 2602 1411 συκοφαντῶν,
2639 1336 2737 1391 καὶ
2778 1333 2879 1398 τὰς
2924 1328 3245 1394 ἀκολουθίας
3276 1325 3491 1397 ἀγνοῶν
3529 1325 3662 1380 ἑκά-

2062 1452 2201 1508 στης
2259 1429 2523 1505 ἀκριϐοῦς
2568 1428 2848 1500 είδήσεως.
2903 1423 2969 1483 Δί
3013 1422 3123 1493 γὰρ
3177 1419 3508 1492 παραδόσεις
3550 1418 3664 1472 τῶν

2066 1523 2476 1601 πρεσϐυτέρων,
2516 1517 2873 1591 δευτερώσεις
2910 1515 3062 1589 παρὰ
3093 1515 3207 1579 τοῖς
3260 1510 3539 1574 Ἰουδαίοις
3573 1509 3665 1563 λέ⁸

2066 1614 2275 1688 γονταιζ
2312 1615 2437 1684 Elei.
2478 1613 2537 1668 δὲ
2575 1603 2738 1666 αὗται
2770 1608 3036 1680 τέσσαρες
3067 1605 3178 1677 (6)⁶
3216 1605 3318 1678 μία
3359 1604 3480 1675 μὲν,
3513 1604 3548 1675 ἡ
3582 1603 3671 1667 είς

2067 1710 2238 1781 ὄνομα
2253 1704 2533 1769 Μωῦσέως
2564 1700 2874 1777 φερομένη·
2904 1698 3135 1772 δευτέρα
3163 1698 3243 1764 δὲ,
3275 1698 3309 1768 ἡ
3337 1694 3433 1750 τοῦ
3465 1694 3669 1749 καλου-

2074 1801 2234 1873 μένου
2275 1795 2675 1853 Ῥαϐϐιακιϐάσ
2723 1794 2905 1866 τρίτη,
2944 1791 3135 1855 Ἀδδά,
3168 1790 3288 1861 ἦτοι
3316 1787 3526 1843 Ἰούδα·
3573 1803 3669 1840 τε-

2071 1892 2272 1964 τάρτη,
2314 1889 2424 1946 τῶν
2449 1888 2583 1943 υἱῶν
2626 1884 3026 1957 Ἀσαμωναίου.
3062 1882 3215 1937 Ἐπεὶ
3236 1880 3343 1935 ποῦ
3381 1879 3553 1951 ἔχεις,
3573 1897 3668 1949 φι-

2067 1984 2277 2040 λόνεικε
2305 1984 2400 2039 καὶ
2426 1980 2773 2038 ἀκατάστατε
2815 1976 2915 2049 τὴν
2952 1974 3204 2047 γνώμην,
3245 1974 3416 2042 δεῖξαι
3452 1974 3511 2029 ἐν
3542 1975 3668 2037 ταῖς

2069 2078 2233 2132 πέντε
2264 2075 2469 2148 βίϐλοις
2488 2074 2590 2146 τῆς
2608 2069 2985 2142 Πεντατεύχου
3014 2069 3110 2143 καὶ
3143 2064 3281 2120 Θεοῦ
3312 2064 3667 2137 νομοθεσίας,

2069 2171 2152 2224 ὅτι
2179 2165 2387 2239 ὲρῤήθη
2429 2165 2460 2218 6
2498 2162 2678 2234 λόγος,
2718 2162 2748 2215 6
2786 2158 2936 2230 παρὰ
2973 2156 3049 2229 τῷ
3084 2155 3300 2227 Σωτῆρι
3336 2152 3666 2225 είρημένοςν

2070 2261 2094 2293 ⁵
2120 2259 2275 2329 Ἐρεῖ
2295 2255 2376 2326 τῷ
2399 2254 2577 2325 πατρὶ
2607 2250 2798 2309 αὐτοῦ
2824 2250 3077 2319 Κορϐὰν,
3096 2246 3131 2302 ὅ
3151 2246 3290 2301 ἐστι.
3317 2242 3535 2314 δῶρον,
3555 2244 3670 2298 οὐκ

2069 2348 2529 2421 ὠφεληθήσεται
2555 2363 2613 2402 τι
2646 2343 2717 2411 ἐξ
2742 2341 2969 2408 αὐτοῦ;
3002 2340 3143 2396 Ἀλλ’
3171 2338 3271 2394 οὐκ
3297 2340 3443 2410 ἔχεις
3471 2337 3673 2404 δεῖξαι.

2073 2445 2221 2515 Ἀρα
2240 2439 2372 2513 γοῦν
2403 2438 2629 2509 ἐξέπεσε
2652 2454 2746 2492 σου
2772 2435 2995 2505 ὁλὸγος,
3016 2434 3113 2488 τοῦ
3143 2434 3390 2506 ῥήματος
3423 2430 3676 2503 οὐδαμοῦ

2067 2537 2136 2606 τῇ
2161 2531 2519 2602 Πεντατεύχῳ
2544 2526 2949 2601 ὲμφερομένου,
2971 2525 3067 2580 καὶ
3095 2524 3273 2597 μάτην
3306 2523 3407 2597 τὴν
3438 2522 3545 2577 ὑπὸ
3572 2520 3671 2577 σοῦ

2071 2624 2433 2699 ὴπατημένην
2468 2621 2693 2693 Φλώραν
2738 2618 3073 2690 ὲφάντασας.
3119 2615 3203 2671 Τὰ
3230 2614 3304 2669 οδε
3348 2614 3457 2670 ὑπὸ
3496 2616 3670 2670 Matii-

2074 2719 2213 2783 σέως
2245 2718 2347 2773 οὐκ
2392 2715 2550 2789 ἐκτὸς
2598 2712 2694 2768 τοῦ
2737 2711 2874 2766 Θεοῦ
2930 2712 3026 2766 καὶ
3082 2709 3226 2765 αὐτά
3276 2706 3671 2780 ἐνομοθετήθη,

2072 2811 2209 2866 ἀλλά
2237 2812 2303 2864 ὲκ
2330 2807 2424 2864 τοῦ
2456 2805 2594 2862 Θεοῦ
2625 2804 2715 2861 διὰ
2738 2803 3042 2868 Μωῦσέως,
3071 2802 3100 2856 ὃ
3133 2801 3227 2858 καὶ
3271 2800 3332 2867 ἐξ
3366 2800 3541 2872 αὐτῆς
3568 2799 3672 2871 τῆς

2070 2903 2167 2958 τοῦ
2187 2903 2439 2975 Σωτῆρος
2451 2899 2782 2971 ἐπικρίσεως
2806 2898 3102 2953 δείκνυται.
3121 2895 3303 2959 Αὐτὰς
3319 2894 3428 2966 γὰρ
3441 2893 3508 2958 ἃς
3527 2910 3674 2965 παρ-

2072 2995 2280 3067 ήγαγες
2322 2990 2652 3064 μαρτυρίας,
2684 2989 2826 3044 κατά
2870 2987 3068 3042 σαυτοῦ
3107 2986 3531 3058 ἔπισυνῆγαγες.
3562 2983 3674 3036 Φά-

2075 3105 2195 3143 σκει
2235 3085 2345 3158 γὰρ
2381 3087 2411 3138 6
2447 3083 2652 3155 Κύριος
2700 3084 2758 3137 ὲν
2795 3080 2873 3152 τῷ
2908 3079 3245 3150 Εὑαγγελίῳ,
3281 3078 3366 3132 ὅτι
3410 3073 3674 3145 Μωῢσῆς

379 3177 525 3233 enim
555 3175 609 3230 in
636 3171 935 3243 Evangelio
984 3168 1252 3224 Dominus
1297 3166 1575 3237 loquitur:
1609 3168 1821 3239 Moyses
1860 3166 1968 3223 Itwc

2074 3178 2300 3250 ἔγραψε
2333 3177 2485 3231 κατὰ
2515 3174 2631 3244 τὴν
2655 3171 3150 3244 σκληροκαρδίαν
3171 3169 3360 3240 ὑμῶν.

380 3265 594 3331 scripsit
621 3262 690 3318 ad
720 3260 971 3315 duritiem
1000 3258 1176 3315 cordis
1198 3259 1358 3313 vestri
1386 3259 1428 3313 ².

451 3355 571 3410 Jam
605 3353 752 3424 quod
779 3351 995 3423 Moyses
1021 3350 1268 3421 scripsit,
1298 3365 1410 3406 non
1425 3350 1566 3407 citra
1595 3348 1689 3406 Dei
1716 3349 1970 3405 volunta-

383 3457 493 3503 tem
517 3445 776 3516 scripsit;
815 3443 909 3499 sed
942 3450 1137 3499 sancto
1196 3441 1405 3511 Spiritu
1459 3441 1772 3512 impellente
1805 3441 1968 3513 225

381 3536 689 3592 constituit.
724 3532 847 3590 Mox
862 3533 1008 3591 enim
1044 3531 1296 3588 Salvator
1326 3532 1380 3587 in
1401 3531 1593 3588 eodem
1627 3531 1926 3602 Evangelio
1947 3574 1963 3600 ,

384 3626 539 3695 Quod
570 3625 735 3693 Deus,
765 3625 965 3696 inquit,
1022 3624 1319 3695 conjunxit,
1382 3624 1539 3681 homo
1591 3642 1698 3682 non
1741 3636 1966 3697 separet.

383 3718 853 3788 Quemadmodum
901 3733 1031 3775 vero
1084 3718 1459 3788 conjunxerit,
1514 3719 1684 3775 verba
1730 3718 1877 3791 ipsa,
1908 3729 1968 3776 ut

382 3814 840 3884 intelligeremus,
877 3810 1081 3882 adjecit
1107 3829 1120 3866 :
1156 3810 1384 3882 Propter
1409 3811 1509 3867 hoc
1529 3811 1784 3885 relinquet
1814 3813 1968 3869 homo

387 3911 801 3979 patrem‘suum,
829 3914 881 3959 et
913 3904 1205 3961 adhaerebit
1238 3906 1397 3961 uxori
1430 3922 1564 3974 suae,
1599 3893 1650 3962 et
1678 3916 1833 3963 erunt
1863 3908 1968 3963 duo

383 4002 440 4056 in
462 4017 675 4056 carnem
701 4016 882 4056 unam.
904 3999 1047 4055 Tum
1080 3979 1279 4057 infert:
1311 4000 1465 4068 Quod
1502 4018 1626 4073 ergo
1678 4001 1821 4057 Deus
1844 4017 1972 4055 con-

377 4096 584 4167 junxit,
639 4095 794 4150 homo
851 4111 954 4149 non
993 4076 1223 4164 separet:
1270 4094 1438 4166 Atqui
1495 4110 1777 4164 nunquam
1834 4094 1969 4149 illud

384 4188 671 4262 Dominus,
700 4202 823 4242 cum
852 4186 1121 4241 Adamum
1174 4184 1454 4256 Evamqne
1486 4185 1771 4251 formaret,
1804 4200 1969 4240 usur-

382 4292 545 4348 passe
571 4275 799 4347 legitur;
828 4274 925 4331 sed
956 4274 1062 4328 hoc
1102 4275 1314 4329 solum:
1353 4273 1647 4329 Faciamus
1682 4276 1730 4328 ei
1754 4273 1972 4345 adjuto-

382 4371 523 4423 rium
560 4367 732 4422 simile
754 4365 915 4420 sibi':
950 4356 1103 4421 istud
1128 4378 1258 4419 vero
1284 4365 1355 4419 ab
1386 4364 1596 4419 Adamo
1629 4365 1834 4420 dictum
1861 4373 1968 4432 est,

2148 3360 2213 3415 κο
2235 3359 2292 3413 δὲ
2329 3356 2537 3430 ἔγραψε
2564 3338 2831 3427 Μωῦσῆς,
2861 3355 2962 3408 οὐκ
2994 3352 3153 3416 ἐκτὸς
3192 3349 3503 3422 βουλήσεως
3531 3347 3673 3402 Θεοῦ

2071 3451 2345 3524 ἔγραψενο
2392 3449 2529 3505 ἀλλὰ
2579 3451 2644 3503 ὲκ
2697 3446 3017 3519 Πνεῦματος
3070 3443 3227 3514 ἁγίου
3281 3441 3672 3515 ἐνομοθέτησε.

2070 3545 2234 3614 Λέγει
2270 3543 2380 3615 γὰρ
2426 3544 2455 3596 6
2501 3540 2708 3612 Κύριος
2756 3540 2816 3594 ὲν
2853 3536 2933 3610 τῷ
2971 3534 3324 3607 Εὐαγγελὶῳο
3355 3535 3429 3587 Ὃ
3459 3536 3494 3588 ὁ
3528 3533 3679 3601 Θεὸς

2071 3633 2461 3699 συνέζευξεν,
2517 3630 2828 3702 ἄνθρωπος
2879 3628 2966 3700 μὴ
3017 3625 3322 3699 χωριζέτω.
3384 3625 3499 3680 Καὶ
3553 3625 3679 3688 πῶς

2073 3723 2382 3794 συνέζευξε,
2427 3722 2671 3795 διεξῆλθε
2703 3721 2765 3776 τὸ
2805 3722 2976 3793 ῥῆμα,
3010 3720 3099 3774 ἵνα
3136 3719 3423 3790 μάθωμεν,
3463 3718 3675 3786 λέγων·

2083 3818 2245 3873 Ἀντί
2278 3816 2496 3872 τούτου
2541 3814 2897 3883 καταλείψει
2942 3811 3256 3881 ἅνθρωπος
3298 3811 3410 3864 τὸν
3445 3808 3680 3878 πατέρα

2072 3909 2285 3975 αὑτοῦ,
2323 3909 2421 3963 καὶ
2457 3904 2903 3975 κολληθήσεται
2941 3902 3017 3974 τῇ
3050 3904 3293 3975 γυναικὶ
3325 3902 3540 3969 αὑτοῦ,
3574 3904 3677 3959 καὶ

2072 4001 2318 4056 ἔσονται
2358 4002 2412 4055 οὶ
2454 3998 2564 4054 δύο
2615 4000 2703 4065 είς
2743 3994 2945 4066 σάρκα
2983 3996 3152 4067 μίαν.
3200 3992 3334 4051 Εῐτα
3377 3997 3677 4068 ἐπιφέρει,

2072 4092 2280 4162 λέγων’
2312 4094 2384 4145 ‘0
2409 4086 2525 4146 οὖν
2545 4091 2579 4145 ὁ
2601 4088 2747 4155 Θεὸς
2792 4085 3176 4153 συνέζευξεν,
3235 4087 3549 4156 ἅνθρωπος
3585 4085 3677 4156 μὴ

2072 4183 2357 4254 χωριζέτω
2376 4200 2388 4212 ·
2404 4181 2581 4237 καίτοι
2607 4197 2671 4250 γε
2688 4179 2923 4251 οὐδαμοῦ
2947 4179 3042 4233 τοῦ
3082 4179 3291 4252 Κυρίου
3328 4177 3492 4233 τοῦτο
3522 4181 3681 4250 εἰρη-

2073 4277 2251 4341 κότος,
2298 4274 2536 4346 ὁπηνίκα
2577 4273 2669 4328 τὸν
2712 4271 2884 4344 Ἀδὰμ
2928 4272 3022 4325 καὶ
3063 4271 3166 4342 τὴν
3216 4269 3359 4324 Εὕαν
3413 4268 3676 4333 ἔπλασεν,

2073 4369 2108 4440 ἢ
2152 4369 2347 4440 μόνον·
2400 4364 2758 4436 Ποιήσωμεν
2802 4362 2964 4431 αὐτῷ
3010 4363 3141 4418 κατ’
3185 4361 3376 4416 αὑτὸν
3417 4361 3675 4429 βοηθόν.

383 4462 535 4531 quia
579 4470 777 4515 somno
851 4452 1292 4526 expergefactus,
1332 4452 1446 4508 Iloc
1499 4471 1638 4509 nunc
1661 4473 1741 4521 os,
1774 4456 1871 4523 ait,
1906 4471 1968 4513 ea:

2091 4459 2253 4514 Ἀλλά
2279 4458 2438 4514 τοῦτο
2482 4459 2588 4513 ὑπὸ
2619 4458 2715 4512 τοῦ
2757 4457 2929 4527 ’Δδὰμ
2964 4457 3208 4529 εἴρηται·
3246 4454 3328 4508 ὅτι
3369 4452 3570 4524 ἀνέστη
3612 4453 3680 4507 ἐκ

382 4549 589 4605 ossibus
612 4547 762 4613 meis,
784 4552 834 4601 et
865 4561 992 4598 caro
1046 4543 1111 4599 de
1160 4560 1319 4598 carne
1360 4560 1514 4599 mea:
1545 4544 1658 4601 hare
1689 4549 1968 4602 vocabitur

2077 4550 2172 4607 τοῦ
2203 4551 2395 4616 ὕπνου,
2422 4551 2518 4606 καὶ
2575 4546 2695 4605 εῐπε
2713 4567 2727 4582 ·
2782 4549 2962 4605 Τοῦτο
3005 4549 3124 4604 νῦν
3168 4545 3396 4602 ὀστοῦν
3438 4545 3510 4600 ἐκ
3558 4544 3680 4599 τῶν

381 4644 585 4713 virago,
612 4641 739 4712 quia
794 4653 859 4693 ea:
902 4637 1019 4691 uiro
1069 4645 1283 4707 sumpta
1334 4647 1434 4692 est.
1465 4636 1651 4708 Pergit
1715 4637 1963 4696 deinde:

382 4731 611 4800 Propter
644 4730 742 4784 hoc
768 4728 1027 4799 relinquet
1059 4728 1215 4783 homo
1271 4738 1477 4798 patrem
1527 4739 1578 4784 et
1625 4739 1873 4793 matrem,
1920 4741 1971 4786 et

384 4821 674 4876 adha'rebit
704 4821 863 4876 uxori
902 4836 1039 4885 sum,
1079 4830 1129 4876 et
1157 4830 1314 4875 erunt
1346 4819 1452 4877 duo
1479 4822 1531 4876 in
1556 4839 1769 4878 carnem
1786 4840 1970 4880 unam.

383 4914 523 4968 Cum
550 4913 718 4983 igitur
768 4928 881 4968 non
916 4913 1023 4968 hoc
1053 4912 1217 4980 Deus,
1258 4915 1352 4969 sed
1390 4913 1635 4970 Adamus
1667 4915 1888 4983 dixerit,
1919 4923 1976 4972 et

386 5021 452 5061 ea
482 5005 598 5076 ipsa
614 5014 797 5062 tamen
828 5005 925 5062 Dei
954 5020 1079 5062 esse
1108 5006 1274 5061 verba
1303 5005 1571 5062 Dominus
1601 5006 1655 5060 in
1679 5005 1976 5078 Evangelio

387 5106 639 5161 testctur,
693 5098 829 5154 satis
878 5112 968 5153 res
1017 5098 1137 5169 ipsa
1187 5096 1454 5165 declarat,
1484 5106 1598 5152 tum
1634 5098 1753 5154 haec
1777 5099 1972 5156 Adami

2079 4642 2280 4699 ὀστῶν
2305 4660 2447 4713 μου,
2476 4643 2571 4699 καί
2612 4641 2772 4711 σὰρξ
2812 4642 2883 4696 ἐκ
2906 4639 3019 4711 τῆς
3055 4638 3283 4710 σαρκός
3321 4654 3479 4707 μου·
3520 4636 3675 4705 αὕτη

2079 4736 2450 4804 κληθήσεται
2476 4735 2655 4829 ruri),
2687 4734 2778 4789 ὅτι
2814 4734 2885 4788 ἐκ
2936 4733 3041 4788 τοῦ
3062 4731 3284 4799 ἀνδρὸς
3308 4727 3505 4799 αὐτῆς
3535 4728 3678 4799 ἐλή-
3703 4746 3714 4829 Ι

2079 4833 2199 4900 φθη
2239 4828 2414 4897 αὕτη.
2446 4822 2580 4881 Εἶτά
2625 4842 2791 4897 φησιν
2807 4842 2823 4857 ·
2865 4822 3027 4880 Ἀντί
3062 4822 3280 4876 τούτου
3320 4819 3679 4886 καταλείψει

2074 4919 2387 4990 ἄνθρωπος
2422 4920 2531 4975 τὸν
2554 4917 2783 4988 πατέρα
2811 4917 3001 4972 αὐτοῦ
3031 4914 3132 4969 καί
3158 4912 3274 4982 τὴν
3296 4912 3531 4983 μητέρα
3565 4915 3679 4967 αὐ-

2074 5011 2206 5074 τοῦ,
2255 5011 2357 5065 καί
2402 5008 2854 5078 κολληθήσεται
2900 5005 2975 5075 τῇ
3021 5003 3259 5076 γυναικὲ
3310 5001 3524 5069 αὐτοῦ,
3572 5000 3676 5055 καὶ

2076 5103 2323 5158 ἔσονται
2349 5105 2404 5157 ol
2424 5102 2534 5157 δύο
2557 5104 2646 5167 εὶς
2673 5099 2876 5169 σάρκα
2893 5098 3063 5168 μίαν.
3111 5097 3188 5151 Οὐ
3208 5093 3303 5149 τοῦ
3331 5091 3469 5149 Θεοῦ
3493 5091 3676 5146 τοίνυν

466 5254 480 5285 ¹
512 5252 682 5335 Marc.
711 5268 807 5316 vn,
839 5252 928 5309 ll.
1001 5256 1023 5285 ¹
1062 5252 1258 5311 Matth.
1292 5269 1407 5320 ιιι,
1434 5253 1468 5309 8
1494 5269 1617 5326 sqq.
1693 5254 1715 5287 ³
1739 5251 1878 5312 Gen.
1917 5273 1968 5323 n1

2088 5274 2211 5331 sqq.
2288 5260 2310 5291 δ
2343 5258 2505 5316 Deest
2534 5258 2616 5323 ὃς.

460 5368 539 5439 (6)
580 5366 718 5424 Εἰσὶ
742 5365 811 5420 δὲ
840 5360 1018 5439 αὗται
1049 5368 1365 5436 τέσσαρες.
1397 5370 1647 5434 Quatuor
1676 5370 1821 5439 apud
1869 5369 1979 5427 lle-

390 5435 569 5496 Iirmns
615 5435 1037 5512 A§UT€ptb68mV_,
1072 5439 1190 5512 sive
1230 5435 1586 5512 traditionntn
1618 5435 1836 5512 gen-era
1856 5457 1981 5511 per-

392 5519 585 5565 censet
619 5510 723 5581 :l_
752 5507 839 5581 est
874 5507 1022 5581 quod
1072 5507 1244 5581 Moysi
1293 5507 1657 5581 inscribitur}
1709 5509 1746 5562 Ξ
1804 5507 1981 5567 nam

395 5581 607 5645 Akiba;
637 5581 671 5635 ‘5
707 5579 774 5633 li.
809 5576 986 5639 Adda.
1049 5576 1179 5634 sivc'
1207 5578 1346 5633 Jutla
1371 5596 1386 5644 ;
1413 5579 1448 5634 4
1479 5576 1978 5639 Αεεειιιιοηωονυιη.

398 5649 645 5719 Ftngunt
693 5657 875 5721 autem
919 5647 1138 5721 Moysen
1167 5650 1238 5705 40
1288 5649 1396 5705 illis
1436 5649 1652 5721 diebus,
1689 5650 1889 5718 quibus
1926 5654 1981 5708 in

400 5733 584 5780 monte
616 5720 910 5787 constitit,
943 5729 1142 5791 praeter
1170 5721 1341 5791 legem
1367 5759 1381 5785 ,
1414 5720 1547 5791 legis
1580 5721 1981 5783 inlm‘m‘clalio-

2080 5390 2206 5431 nem
2237 5373 2537 5443 accepisse,
2568 5386 2800 5442 eamque
2818 5355 3497 5443 LXXUSeniqt-jbus‘tbos
3528 5365 3674 5436 [pro-

2083 5446 2266 5527 plietis
2289 5486 2305 5510 ,
2337 5438 2438 5502 hos
2464 5438 2764 5527 S_ynagog'2e
2805 5438 3494 5527 trad‘idissezililancnlegis
3536 5452 3674 5527 Ι«ξονς

2081 5507 2355 5587 i'uptelatn
2409 5507 2643 5586 potius,w
2661 5507 2829 5583 q'uam
2860 5510 3364 5582 interpretationem
3392 5507 3674 5577 appellant

2086 5613 2163 5668 ΠΒ
2200 5592 2363 5672 bna:
2399 5617 2565 5669 n'nn.
2606 5606 2768 5675 legem
2795 5619 2914 5674 quae
2951 5618 3040 5656 ore
3069 5600 3271 5675 tradita
3299 5599 3392 5665 sit,
3421 5599 3675 5669 tantique

2085 5670 2293 5736 facutnt
2324 5720 2339 5745 ,
2392 5686 2449 5735 ut
2482 5678 2587 5750 ipsi
2624 5670 2719 5732 Dei
2751 5670 2916 5729 verbo
2958 5670 3348 5743 praeferendam
3383 5677 3673 5726 censeant.
