4018 6112
341 307 444 364 573

1060 311 1430 372 ADVERSUS
1467 315 1814 376 ΗΕΒΕὸΕὸ
1851 320 1980 377 LIB.
2022 322 2062 381 l.
2108 322 2276 381 ΤΟΜ.
2317 325 2382 380 ll.
2424 357 2492 367 —
2532 325 2808 384 IIIERES.
2845 325 3086 386 XXXIII.

3531 330 3640 390 576

341 424 501 478 τοῦτο
532 423 802 488 εἰπόντος,
837 423 931 478 τοῦ
965 425 1022 480 δὲ
1066 427 1239 500 Ἀδὰμ
1277 430 1582 503 εἰρηκότος,
1603 432 1700 486 τοῦ
1729 435 1938 506 Κυρίου

2049 438 2266 511 quidem
2296 455 2413 504 ore,
2437 440 2533 497 sed
2549 441 2646 497 Dei
2671 458 2795 500 esse
2817 445 3096 501 voluntate
3114 446 3348 517 prolata.
3370 447 3637 504 Similiter

340 516 400 570 δὲ
449 516 954 589 ἐπιμαρτυροῦντος
1010 519 1068 572 ὲν
1114 518 1192 590 τῷ
1246 520 1562 594 Εὐαγγελίῳ
1609 523 1745 578 Θεοῦ
1799 521 1942 580 εἶναι

342 607 402 660 τὺ
446 608 619 678 ῥῆμα,
668 608 732 660 τὸ
771 609 862 663 διὰ
902 611 998 663 τοῦ
1036 609 1219 685 Ἀδάμ
1266 613 1577 683 εἰρημένον,
1621 615 1720 669 ἀπ’
1768 617 1942 689 αὐτῆς

340 700 441 770 τῆς
479 699 792 764 ὑποθέσεως
833 701 1057 769 ἔδειξεν,
1098 703 1182 757 ὅτι
1215 704 1333 757 ἐκεῖ
1383 705 1482 775 μὲν
1523 707 1695 779 Ἀδάμ
1728 709 1941 780 εἴρηκε,

339 788 478 844 Θεοῦ
508 790 565 843 δὲ
595 789 845 862 βούλησις
877 792 1195 863 ἐφθέγγετο.
1224 794 1334 848 Καὶ
1359 788 1462 850 ὦδε
1492 797 1521 850 ό
1550 797 1792 868 Μωῦσῆς
1826 800 1942 852 ὲνοο

343 881 634 953 μοθέτησε,
675 882 810 938 Θεοῦ
874 884 1025 954 αὑτῷ
1073 886 1535 954 καταγγείλαντος
1583 889 1684 959 τὴν
1719 888 1942 959 νομοθε-

342 972 485 1028 σίαν.
515 974 627 1028 Καὶ
649 969 811 1030 αὗται
841 976 941 1046 μὲν
965 975 1069 1046 ἤδη
1119 977 1179 1030 αι
1217 976 1312 1029 δύο
1344 994 1438 1032 σου
1465 977 1638 1043 λέξεις
1667 978 1938 1047 διέπεσον,

340 1066 435 1119 καὶ
459 1066 520 1118 οὐ
547 1066 852 1140 πόρρωθεν,
892 1066 1030 1121 ἀλλά
1069 1068 1164 1122 ἀπ’
1195 1068 1367 1138 αὐτῆς
1395 1068 1498 1139 τῆς
1530 1070 1800 1142 χρήσεως.
1830 1072 1941 1125 Καὶ

339 1156 424 1210 ὃτι
479 1157 578 1228 μὲν
611 1157 905 1228 νομοθεσία
955 1159 1092 1214 Θεοῦ
1131 1161 1268 1224 ὲέτι,
1314 1159 1475 1214 τοῦτο
1511 1161 1693 1232 δῆλον.
1727 1163 1941 1218 Παντα-

339 1248 439 1319 χοῦ
467 1249 524 1302 δὲ
553 1249 686 1315 Θεὸς
715 1250 1000 1322 νομοθετεῖ
1023 1251 1093 1306 τά
1130 1253 1228 1324 μὲν
1265 1254 1344 1317 είς
1384 1255 1631 1325 χρόνους,
1662 1255 1730 1310 τὰ
1765 1255 1822 1308 δὲ
1860 1257 1941 1319 είς

338 1341 565 1406 τύπους,
611 1344 683 1398 τά
720 1345 778 1399 δὲ
823 1348 904 1410 είς
947 1347 1294 1419 ἀποκάλυψιν
1331 1349 1440 1404 τῶν
1481 1349 1786 1421 μελλόντων
1820 1350 1934 1404 ἔσε-

340 1436 466 1491 σθαι
498 1437 742 1507 ἀγαθῶν,
777 1433 854 1493 ὧν
884 1437 1054 1494 ἐλθὼν
1079 1441 1108 1494 δ
1131 1441 1338 1513 Κύριος
1371 1441 1531 1514 ἡμῶν
1572 1442 1779 1514 Ἰησοῦς
1807 1444 1939 1514 Χρι-

341 1533 466 1596 στὸς
497 1532 665 1597 ἔδειξε
686 1533 788 1605 τὴν
814 1532 1095 1604 πλήρωσιν
1119 1535 1180 1588 ὲν
1206 1534 1285 1606 τῷ
1313 1535 1652 1608 Εὐαγγελίῳ.

410 1628 468 1680 l'.
511 1625 592 1680 Τὰ
639 1625 697 1680 δὲ
735 1627 834 1698 τῆς
893 1629 1047 1700 παρὰ
1088 1629 1171 1683 σοὶ
1211 1629 1407 1700 ἑτέρας
1451 1629 1590 1684 θεῶν
1618 1631 1939 1704 διαιρέσεως

338 1719 502 1790 τριχῆ
573 1719 736 1773 πάλιν
801 1720 1168 1792 διαιρεθείσης
1227 1722 1603 1789 ἐπαναλαδὼν,
1654 1726 1748 1777 καὶ
1797 1725 1936 1780 αὐτὰ

2046 539 2102 588 et
2118 531 2334 604 Moyses
2360 533 2533 604 legem
2564 534 2760 601 edidit,
2788 552 2977 608 quam.
2997 537 3244 595 dictante
3274 540 3523 608 Domino,
3555 542 3637 595 di-

2040 623 2276 681 dicerat.
2309 624 2494 691 Quare
2521 627 2634 683 duo
2690 628 2782 683 illa
2835 637 3017 685 tamen
3052 633 3215 688 verba
3268 649 3376 689 non
3435 633 3630 704 procul

2045 714 2330 772 arcessitis
2388 716 2720 783 rationibus,
2775 718 2871 775 sed
2913 735 3016 774 usu
3049 706 3443 792 propemodum
3485 725 3629 794 ipso,

2045 819 2110 860 ac
2134 807 2440 876 prolatione
2479 809 2861 866 conciderunt.
2897 811 3110 868 Etenim
3139 814 3286 868 illam
3314 830 3345 868 a
3365 814 3475 870 Deo
3500 830 3636 886 pro-

2046 896 2246 954 fectam
2304 916 2430 957 esse
2500 901 2674 973 legem
2743 903 2952 959 nemini
3010 905 3305 960 obscurum
3365 907 3627 964 arbitror.

2046 989 2196 1047 ldem
2229 993 2321 1048 ille
2351 1009 2482 1050 vero
2523 995 2725 1066 ubique
2753 995 3052 1053 decernere
3082 999 3241 1064 solet,
3276 999 3474 1068 partim
3507 1016 3633 1071 qua:

2045 1085 2389 1155 temporibus
2443 1094 2778 1157 congruunt,
2832 1089 3032 1158 partim
3083 1105 3206 1160 quae
3255 1092 3426 1148 certis
3467 1093 3633 1150 rebus

2045 1174 2442 1234 adumbrandis
2485 1180 2754 1244 serviunt,
2792 1180 2993 1249 partin.
3028 1183 3231 1252 quibus
3267 1182 3453 1240 futura
3485 1187 3634 1242 bona

2046 1267 2434 1334 declarantur;
2469 1287 2591 1342 qua:
2645 1272 2698 1326 in
2752 1272 3049 1346 Evangelia
3107 1276 3329 1331 demum
3391 1280 3629 1336 adventu

2045 1374 2147 1414 suo
2175 1361 2432 1418 Christus
2457 1360 2618 1419 Jesus
2633 1361 2898 1420 Dominus
2925 1373 3114 1421 noster
3141 1367 3410 1438 implevit.

2109 1625 2180 1682 X.
2220 1625 2391 1682 Venio
2423 1627 2536 1698 jam
2583 1629 2648 1684 ad
2686 1630 2912 1685 alteram
2955 1630 3103 1686 illam
3157 1631 3464 1688 institutam
3508 1649 3536 1688 a
3580 1641 3640 1689 te

2041 1715 2263 1774 deorum
2289 1719 2558 1790 triplicem
2588 1719 2971 1788 (liﬂerentiam,
3004 1738 3168 1792 quam
3195 1725 3385 1780 eadem
3420 1726 3638 1781 ratione

336 1811 497 1876 δείξω
531 1812 682 1882 παρά
723 1812 805 1865 σοὶ
858 1815 1406 1885 σεσυκοφαντημένα,
1445 1817 1540 1869 καὶ
1571 1816 1671 1870 οὐκ
1713 1815 1840 1872 ἄλλο
1875 1835 1929 1872 τι

2049 1796 2374 1868 :alumniose
2438 1812 2728 1868 conllclam
2779 1829 2935 1880 esse,
2996 1825 3157 1886 teque
3201 1817 3255 1871 id
3298 1817 3446 1886 quod
3484 1820 3636 1889 plani

336 1903 397 1957 δν
423 1903 556 1957 άλλά
585 1903 781 1975 γόητος
815 1903 875 1958 τὸ
901 1903 1082 1976 ἔργον.
1111 1907 1268 1970 Ποῖος
1287 1906 1395 1976 γάρ
1427 1909 1557 1978 ἡμῖν
1589 1907 1768 1979 τρίτος
1798 1909 1930 1973 Θεὸς

338 1995 624 2066 πάρεστιν,
660 1989 754 2048 ἔχ’
785 1995 878 2048 δύο
909 1995 1195 2061 συσταθεὶς
1234 1999 1611 2070 ὁμοιομάτων,
1670 2000 1763 2053 καὶ
1793 1999 1927 2059 ¹οὗθ’

335 2086 524 2156 ἕτερος
555 2083 629 2139 ὢν
654 2084 760 2138 τῶν
788 2085 903 2152 δύο,
919 2085 1044 2139 οὔτε
1069 2086 1168 2157 τὴν
1185 2085 1383 2142 κακίαν
1409 2087 1548 2158 ἔχων
1574 2089 1667 2143 καὶ
1693 2088 1926 2154 ἀδικίαν,

335 2176 413 2240 ὼς
444 2176 600 2247 ἔφης,
631 2175 778 2230 οῦτε⁵
815 2177 914 2248 τὴν
947 2177 1266 2250 άγαθότητα
1291 2180 1386 2233 καὶ
1425 2180 1689 2252 φωτεινὴν
1718 2180 1926 2246 οὐσίαν,

341 2271 668 2340 μεσαίτατος
693 2271 750 2324 δὲ
778 2269 853 2324 ὢν
882 2271 1125 2336 δίκαιος;
1152 2273 1262 2326 Καὶ
1280 2273 1387 2344 γὰρ
1414 2273 1629 2344 ἀληθῶς
1653 2273 1928 2346 ἀλλότριος

336 2361 414 2415 ὢν
448 2363 628 2433 πάσης
653 2361 1022 2433 δικαιοσύνης,
1054 2363 1280 2428 είκότως
1323 2365 1544 2433 ἀγνοεῖς
1565 2364 1618 2417 τί
1649 2365 1782 2418 ποτέ
1813 2367 1929 2418 ἐστι

335 2454 672 2526 δικαιοσύνη,
699 2455 890 2527 ἑτέραν
918 2457 1089 2528 αὐτὴν
1123 2457 1275 2529 παρὰ
1305 2456 1403 2529 τὴν
1429 2457 1742 2529 ἀγαθότητα
1772 2458 1929 2529 νομί-

339 2547 469 2611 ζων.
514 2547 655 2601 Πολὺ
707 2547 763 2602 δὲ
791 2547 1116 2620 ἐλεγχθήσῃ,
1149 2541 1195 2603 ὧ
1235 2550 1525 2621 ρᾳδιουργὲ
1556 2551 1651 2603 καὶ
1687 2550 1931 2620 ἀλλότριε

336 2639 440 2708 τῆς
465 2638 743 2710 ἀληθείας.
771 2640 1082 2712 Οὐδαμόθεν
1111 2641 1220 2714 γὰρ
1247 2642 1454 2711 γίνεται
1473 2643 1533 2696 τὸ
1559 2643 1788 2709 δίκαιον,
1817 2643 1930 2696 ἀλλ’

338 2733 400 2797 ἐξ
421 2733 758 2805 ἀγαθότητος
774 2752 786 2766 ·
825 2735 920 2789 καὶ
938 2736 1056 2790 οὐδὲ
1087 2738 1262 2800 ἄλλως
1284 2755 1366 2802 τις
1389 2739 1673 2809 γενήσεται
1707 2737 1930 2806 ἀγαθὸς,

339 2825 390 2876 εἰ
425 2819 555 2898 μ.ὴῇ
589 2824 818 2889 δίκαιος.
857 2825 1022 2880 Ὅθεν
1064 2828 1160 2880 καὶ
1191 2827 1412 2900 Κύριος,
1450 2828 1688 2882 ἐπαινῶν
1723 2827 1822 2899 τὴν
1857 2846 1934 2881 νο-

343 2914 604 2985 μοθεσίαν
625 2916 720 2970 καλ⁸
747 2917 875 2981 τοὺς
914 2919 1082 2995 agri};
1117 2919 1382 2986 δικαίους,
1425 2920 1579 2988 ἔλεγε
1601 2938 1613 2952 ο
1644 2922 1935 2991 Κοσμεῖτε

337 3007 485 3074 τοὺς
522 3007 749 3077 τάφους
787 3008 906 3063 τῶν
945 3011 1286 3082 προφητῶν,
1331 3013 1429 3067 καί
1476 3012 1836 3084 οἰκοδομεῖτε
1864 3015 1936 3069 τὰ

332 3100 597 3170 μνημεῖα
634 3100 754 3156 τῶν
791 3101 1054 3170 δικαίων,
1092 3105 1192 3158 καὶ
1227 3108 1282 3159 οί
1319 3106 1566 3175 πατέρες
1633 3106 1794 3176 ὑμῶν
1822 3109 1935 3162 ἁπ-

2037 1902 2278 1959 hominis
2328 1917 2392 1958 ac
2440 1903 2733 1960 nebulonis
2788 1913 2874 1960 est
2909 1905 3088 1976 egisse
3143 1908 3434 1976 perspicue
3482 1923 3634 1963 com-

2038 1994 2301 2064 probabo.
2352 1993 2556 2065 Ecquis
2603 1997 2747 2050 enim
2793 1996 2988 2052 tertius
3035 1997 3128 2053 ille
3176 1998 3338 2054 nobis
3371 1999 3508 2054 deus
3555 2013 3640 2055 es:

2037 2085 2241 2156 duplici
2263 2102 2330 2141 ex
2361 2087 2722 2144 similitudine
2753 2088 3044 2154 conﬂatus,
3087 2091 3179 2160 qui
3208 2105 3310 2145 nec
3343 2091 3480 2145 alter
3511 2093 3582 2145 sit
3608 2107 3642 2147 e

2037 2178 2273 2244 duobus,
2301 2195 2404 2235 nec
2425 2178 2732 2236 infuscatus
2763 2182 2990 2247 malitia,
3016 2183 3100 2238 vel
3123 2182 3412 2250 injustitia,
3446 2191 3504 2237 ut
3534 2185 3638 2251 ais,

2039 2271 2176 2337 ulla,
2208 2287 2389 2342 neque
2432 2271 2713 2338 bonitate,
2758 2273 3049 2345 lucidaque
3099 2284 3296 2329 natura
3340 2278 3636 2346 praeditus,

2040 2361 2137 2417 sed
2182 2361 2348 2417 medii
2377 2362 2668 2432 cujusdam
2717 2363 3037 2421 sitprdinis
3072 2365 3297 2435 justus?
3325 2367 3402 2421 Ac
3440 2370 3640 2424 merito

2040 2463 2099 2509 tu
2147 2454 2367 2524 quidem
2421 2458 2492 2510 ab
2523 2455 2674 2510 omni
2722 2465 2970 2513 remotus
3017 2458 3232 2527 justitia
3276 2460 3407 2530 quid
3459 2476 3522 2514 ea
3565 2459 3639 2516 sit

2042 2543 2296 2617 ignoras,
2346 2561 2472 2601 cum
2515 2547 2658 2602 hanc
2691 2548 2868 2618 ipsam
2915 2564 2946 2603 a
2980 2549 3228 2605 bonitate
3274 2552 3540 2620 sejungis.
3580 2551 3639 2604 Ιιι

2040 2649 2172 2705 quo,
2199 2635 2480 2690 hominum
2527 2637 2883 2706 nequissime,
2921 2652 2985 2692 ac
3015 2639 3264 2694 veritatis
3311 2639 3639 2693 inimicissi-

2044 2728 2163 2782 me!
2207 2726 2484 2782 manifesti
2535 2728 2744 2782 erroris
2791 2729 3059 2798 argueris.
3091 2727 3208 2783 Non
3238 2729 3384 2783 enim
3418 2729 3643 2784 aliunde

2043 2833 2207 2889 quam
2247 2833 2316 2873 ex
2344 2818 2590 2874 bonitate
2631 2818 2779 2889 quod
2805 2819 3016 2888 justum
3050 2820 3392 2889 appellamus
3428 2821 3637 2886 oritur;

2044 2927 2220 2982 neque
2258 2912 2548 2983 quisquam
2574 2951 2589 2975 ,
2631 2912 2738 2966 nisi
2772 2911 2912 2966 idem
2967 2913 3145 2966 bonus
3172 2912 3242 2968 sit.
3264 2951 3278 2974 ,
3327 2911 3492 2981 226
3518 2927 3641 2964 esse

2039 3004 2224 3074 justus
2261 3006 2480 3076 poterit.
2530 3005 2768 3075 Ideoque
2809 3003 3076 3060 Dominus
3107 3003 3274 3060 Mosis
3324 3003 3500 3074 legem
3536 3017 3640 3057 suo
3704 3073 3717 3083 η

2046 3096 2320 3168 praeconio
2370 3096 2763 3152 commendans
2826 3095 3006 3149 aiebat
3055 3114 3069 3150 :
3119 3093 3341 3149 Ornatis
3399 3093 3639 3160 sepulcra

338 3195 618 3248 ἐκτειναν
649 3196 896 3262 αὐτούς.
937 3195 1109 3250 Πόθεν
1138 3197 1196 3250 δὲ
1228 3197 1486 3267 γεγόνασι
1528 3199 1807 3272 προφῆται
1840 3200 1934 3252 καὶ

2049 3189 2405 3258 prophetarum
2448 3197 2498 3241 et
2545 3186 2827 3256 wdi/icatis
2872 3187 3196 3239 monimenta
3243 3183 3557 3254 justorum,
3588 3189 3640 3235 et

338 3286 540 3339 δίκαιοι
563 3285 676 3340 ἀλλ’
716 3286 750 3357 ἢ
779 3287 888 3340 ἀπὸ
924 3287 1024 3357 τῆς
1053 3288 1150 3342 τοῦ
1179 3289 1392 3361 Πατρὺς
1429 3289 1794 3361 ἁγ“αθότητος;
1826 3290 1936 3344 Καὶ

2049 3291 2211 3336 matres
2239 3282 2394 3336 vestri
2427 3279 2725 3334 occiderunt
2749 3278 2870 3332 illos
2897 3279 2935 3332 ¹.
2965 3277 3118 3333 Unde
3151 3277 3318 3349 igitur
3339 3275 3638 3346 propheta),

340 3377 432 3431 ἵνα
469 3376 640 3451 δείξῃ,
669 3378 752 3431 ὃτι
784 3379 842 3431 ὲν
863 3378 941 3450 τῷ
974 3380 1131 3450 μέρει
1170 3381 1268 3451 τῆς
1302 3380 1637 3452 ἀγαθότητος
1673 3383 1702 3434 ὁ
1732 3381 1936 3444 δίκαιος

340 3467 593 3538 ⁶ἔστηκεν,
618 3467 834 3537 ἐλεγενο
879 3469 1102 3538 Ὅμοιοι
1137 3470 1385 3540 γένεσθε
1425 3471 1506 3537 τῷ
1547 3471 1733 3540 Πατρί
1770 3471 1939 3542 ὑμῶν

341 3562 425 3628 τῷ
446 3563 517 3617 ἐν
542 3563 668 3631 τοῖς
697 3565 995 3634 οὐρανοῖς,
1029 3566 1119 3621 ὅτι
1138 3567 1456 3622 ἀνατέλλει
1484 3568 1591 3622 τὸν
1624 3568 1803 3636 ἥλιον
1829 3572 1938 3623 αὺ-

344 3655 454 3710 τοῦ
501 3655 603 3708 ἐπὶ
643 3656 904 3725 ἀγαθοὺς
950 3659 1050 3712 καὶ
1095 3659 1421 3728 πονηροὺς,
1468 3659 1568 3714 καὶ
1587 3659 1800 3728 ,ϐρέχει
1839 3661 1939 3714 ἐπὶ

343 3747 620 3814 δικαίους
658 3747 757 3801 καὶ
791 3747 1042 3814 ἀδίκους
1059 3766 1073 3780 ο
1110 3749 1198 3802 ἵνα
1223 3749 1375 3822 δείξῃ
1401 3748 1464 3802 τὸ
1489 3750 1692 3804 δίκαιον
1718 3750 1938 3818 ἀγαθὸν,

345 3839 444 3893 καὶ
491 3839 551 3892 τὸ
607 3839 811 3909 ἀγαθὸν
841 3840 1071 3906 δίκαιον,
1103 3842 1200 3897 καὶ
1231 3841 1293 3895 τὸ
1323 3842 1560 3914 πονηρὸν
1605 3842 1811 3911 ἄδικον,
1850 3844 1944 3897 καὶ

345 3932 409 3985 τὸ
439 3933 622 3987 ἄδικον
653 3933 910 4006 πονηρόν.

420 4024 532 4094 Τὴν
583 4024 641 4078 δὲ
696 4024 998 4096 ἐπιπλοκὴν
1019 4026 1086 4096 ἢν
1122 4026 1260 4097 ἔφης
1288 4025 1384 4080 τοῦ
1411 4025 1598 4098 νόμου,
1628 4027 1688 4080 ού
1718 4027 1944 4082 δύνασαι

345 4116 649 4182 ἀποδεῖξαι.
713 4117 916 4180 Ἑάλως
954 4118 1065 4191 γάρ
1095 4119 1446 4189 συκοφαντῶν
1473 4120 1566 4174 τὸν
1599 4120 1787 4191 νόμον,
1823 4121 1945 4174 ἐπι-

347 4209 558 4279 πλοκήν
589 4225 711 4262 τινα
761 4209 912 4280 αὐτῷ
951 4209 1302 4281 προσάπτων,
1337 4209 1428 4264 δίά
1456 4209 1518 4264 τὸ
1550 4212 1826 4282 εἰρηκέναι
1854 4212 1947 4266 τὸν

346 4299 548 4370 νόμονο
602 4298 936 4368 Ὀφθαλμὸν
989 4298 1124 4354 ἀντὶ
1177 4300 1525 4370 ὀφθαλμοῦ,
1585 4301 1678 4358 καὶ
1732 4300 1949 4355 ὀδόντα

345 4391 483 4446 ἀντὶ
508 4390 756 4458 ὀδόντος
776 4408 790 4422 ο
850 4393 946 4446 καὶ
1009 4391 1199 4463 ἐπειδὴ
1239 4391 1455 4460 φονεύει
1483 4395 1512 4446 ὁ
1542 4393 1704 4464 νόμος
1735 4393 1824 4447 τὸν
1851 4410 1949 4462 φο-

2033 3373 2280 3444 justique
2312 3373 2417 3427 nisi
2447 3388 2474 3425 a
2510 3371 2746 3425 Parente
2782 3370 3045 3425 bonitatis
3071 3368 3442 3424 exstiterunt?
3465 3369 3644 3436 Atque

2041 3474 2100 3520 ut
2132 3465 2469 3535 intelligercs
2514 3464 2728 3533 justum
2779 3464 2833 3517 in
2885 3462 3150 3518 bonitatis
3181 3470 3336 3532 parte
3374 3460 3587 3515 versari
3622 3478 3636 3514 :

2043 3555 2278 3619 Similes,
2305 3557 2401 3616 ait.
2432 3565 2597 3610 estote
2634 3554 2792 3608 Patri
2834 3565 3006 3608 vestro
3038 3555 3128 3624 qui
3158 3554 3214 3607 in
3243 3553 3386 3608 uelis
3409 3562 3518 3615 est.
3552 3553 3643 3622 qui

2042 3649 2174 3702 oriri
2201 3648 2333 3718 facit
2359 3648 2522 3703 solem
2547 3663 2702 3702 suum
2736 3663 2893 3716 super
2919 3647 3080 3700 bonos
3111 3657 3160 3699 et
3194 3646 3364 3699 malos
3387 3685 3402 3709 ,
3429 3654 3480 3698 et
3509 3643 3646 3713 pluit

2042 3757 2200 3811 super
2241 3741 2420 3811 justo:
2447 3749 2498 3795 et
2538 3739 2768 3809 injustas
2797 3740 2816 3770 ²
2844 3757 2857 3793 :
2889 3748 2946 3794 ut
2996 3747 3051 3794 et
3087 3738 3300 3808 justum
3324 3729 3349 3802 ,⁸
3391 3752 3516 3791 esse
3545 3737 3646 3792 bo-

2043 3847 2207 3898 num,
2246 3841 2300 3886 et
2322 3831 2527 3886 bonum
2554 3830 2768 3900 justum
2789 3869 2806 3895 ,
2830 3839 2886 3884 et
2918 3829 3230 3897 improbum
3263 3825 3556 3896 injustum,
3590 3835 3645 3880 et

2046 3923 2312 3994 iniustum
2343 3924 2652 3994 improbum
2679 3937 2803 3977 esse
2826 3927 3184 3976 monstraret.

2115 4011 2254 4066 Nam
2297 4013 2444 4082 quod
2487 4012 2824 4082 implicatam
2864 4017 2917 4064 et
2942 4009 3258 4078 perplexam
3304 4006 3477 4077 legem
3521 4022 3648 4062 esse

2048 4105 2366 4169 contendis,
2401 4105 2455 4158 id
2493 4104 2722 4160 omnino
2769 4103 3154 4156 demonstrare
3191 4115 3303 4154 non
3351 4109 3506 4170 potes
3538 4117 3551 4153 :
3583 4114 3648 4154 ac

2049 4212 2147 4267 per
2203 4211 2471 4252 summam
2515 4204 2574 4250 ut
2635 4202 2920 4265 appareret
2962 4193 3296 4248 calumniam
3384 4192 3524 4246 hanc
3595 4191 3644 4246 ei
3733 4201 3738 4206 ‘

2049 4289 2226 4344 labem
2287 4290 2535 4360 aspergis
2587 4305 2652 4343 ex
2718 4305 2784 4344 eo
2826 4289 2971 4358 quod
3041 4288 3116 4342 ita
3169 4289 3254 4343 lex
3314 4287 3644 4357 praecipiat:

2053 4381 2282 4436 Oculum
2311 4397 2406 4450 pro
2430 4381 2606 4446 oculo,
2633 4382 2839 4435 dentem
2870 4397 2966 4451 pro
3001 4382 3155 4434 dente
3189 4381 3246 4448 ³;
3283 4379 3448 4436 simul
3482 4380 3648 4433 etiam

345 4483 563 4554 νευτήν.
607 4467 768 4537 Ἀλλά
795 4481 854 4550 ἐξ
883 4482 1054 4555 αὐτῆς
1083 4484 1183 4554 τῆς
1213 4483 1310 4538 τοῦ
1335 4485 1542 4557 Κυρίου
1573 4486 1730 4557 ἡμῶν
1770 4485 1938 4558 Ἰησοῦ

2051 4478 2199 4549 quod
2233 4478 2741 4548 parricidamjubet
2771 4475 3026 4531 intertici.
3079 4473 3282 4529 Verum
3322 4489 3444 4544 qua:
3477 4487 3506 4524 a
3547 4471 3651 4526 Do-

347 4575 588 4646 Χριστοῦ
615 4576 996 4647 πραγματείας
1026 4575 1396 4646 δειχθήσεται,
1421 4577 1502 4630 ὄτι
1533 4577 1635 4630 ούκ
1669 4577 1938 4649 ὲπιπλοκή

344 4685 431 4732 τις
460 4663 548 4739 ἦν,
578 4667 694 4721 ἀλλ’
726 4670 759 4739 ἡ
797 4667 936 4740 αὑτὴ
958 4665 1028 4739 ἦν
1066 4667 1380 4740 νομοθεσία,
1414 4670 1510 4724 καὶ
1545 4669 1609 4723 τὸ
1632 4670 1765 4724 αὐτὸ
1791 4672 1942 4742 ἐνερ-

348 4761 437 4828 γεῖ
462 4761 529 4830 τῇ
571 4759 675 4810 ὑπὸ
709 4757 804 4811 τοῦ
829 4759 1081 4832 Σωτῆρος
1109 4759 1378 4834 εἰρημένῃ
1416 4759 1626 4832 ἐντολῇ,
1675 4761 1758 4824 τὸ,
1806 4761 1942 4814 Ἐάν

348 4852 443 4917 τίς
468 4864 543 4904 σε
567 4849 847 4919 τυπτήσῃ
879 4853 968 4916 είς
997 4851 1112 4919 τὴν
1133 4851 1342 4916 δεξιὰν
1370 4851 1643 4921 σιαγόνα,
1671 4850 1940 4919 στρέψον

349 4940 513 5008 αὐτῷ
578 4942 678 4995 καὶ
723 4940 841 5008 τὴν
899 4941 1122 5009 ἄλλην.
1164 4943 1276 4996 Καὶ
1307 4945 1335 4996 ὁ
1362 4941 1528 5012 νόμος
1559 4941 1728 4996 πάλαι
1787 4943 1944 4995 τοῦτο

351 5033 741 5099 κατεσκεύαζε,
802 5033 1009 5103 λέγων’
1053 5034 1387 5105 Ὀφθαλμὸν
1427 5034 1561 5090 ἀντὶ
1610 5033 1943 5104 ὀφθαλμοῦ,

351 5124 599 5178 τουτέστι
622 5125 850 5196 στρέψον
907 5125 1058 5196 αὐτῷ
1109 5126 1210 5197 τὴν
1265 5126 1508 5195 σιαγόνα.
1543 5127 1661 5180 Ἵνα
1689 5127 1800 5197 γὰρ
1825 5127 1944 5179 δια-

357 5216 520 5284 φύγοι
565 5217 601 5271 ἃ
659 5217 822 5272 πάθοι
863 5218 952 5281 ἂν,
984 5219 1033 5270 εί
1064 5217 1277 5288 πλήξει,
1321 5221 1548 5290 παρεῖχε
1583 5219 1682 5289 τὴν
1724 5219 1946 5287 σιαγόνα

354 5307 434 5378 τῷ
455 5307 732 5373 τύπτοντι,
768 5308 1062 5376 είδὼς,ὅτι,
1092 5312 1141 5363 εί
1169 5309 1358 5380 ἀφέλοι
1383 5309 1682 5381 ὀφθαλμὸν,
1717 5311 1785 5363 τὰ
1811 5310 1951 5364 αὑτά

360 5399 606 5455 πείσεται
639 5399 730 5454 διά
756 5401 848 5454 τόν
877 5402 1060 5473 νόμον.

430 5579 533 5635 lA'.
579 5581 665 5645 Ὠς
690 5582 798 5653 γάρ
827 5584 854 5636 ὁ
877 5585 1067 5656 Πατὴρ
1087 5585 1336 5656 βούλεται
1364 5587 1643 5640 παιδεύειν
1668 5604 1735 5640 τα
1761 5587 1948 5650 τέκνα,

2050 4572 2202 4626 ιιιὶηο
2227 4570 2359 4627 Jesu
2387 4572 2515 4626 dum
2547 4572 2752 4626 viveret
2773 4580 2948 4643 gesta,
2975 4568 3472 4636 administrataque
3494 4575 3648 4628 sunt,

2048 4662 2498 4718 manifestissime
2530 4661 2930 4723 demonstrant,
2962 4658 3101 4712 nihil
3134 4659 3188 4711 in
3219 4659 3338 4726 lege
3367 4671 3493 4711 esse
3524 4671 3652 4725 per-

2049 4755 2267 4826 plexum
2299 4760 2394 4807 aut
2421 4752 2749 4822 implicitum
2800 4751 2856 4805 in
2905 4765 3058 4813 sese,
3093 4749 3347 4816 idemque
3388 4757 3652 4817 praestare

2049 4864 2276 4918 prorsus
2325 4846 2470 4916 quod
2518 4845 2612 4899 illa
2653 4845 2954 4912 Salvatoris
3013 4845 3099 4899 lex
3153 4841 3371 4897 ellicit‘:
3426 4840 3484 4894 Si
3533 4839 3651 4911 quis

2047 4940 2364 5010 percusserit
2398 4947 2444 4992 te
2478 4939 2532 4991 in
2560 4936 2807 4992 dextram
2841 4932 3434 5002 maxillam,prwbeilli
3450 4943 3497 4987 et
3518 4933 3654 4987 alte-

2052 5050 2166 5087 ram
2203 5033 2240 5085 ³.
2273 5031 2428 5098 Quod
2457 5031 2634 5100 ipsum
2673 5029 2755 5085 lex
2790 5029 2920 5084 olim
2948 5029 3198 5083 obtinere
3222 5026 3497 5092 studebat,
3524 5041 3652 5080 cum

2052 5125 2128 5180 ita
2172 5124 2492 5195 praeciperet
2535 5141 2548 5178 :
2600 5121 2828 5178 Oculum
2867 5137 2962 5190 pro
2998 5119 3170 5183 oculo,
3209 5125 3340 5184 etc.,
3387 5118 3491 5174 hoc
3535 5125 3651 5183 est,

2055 5219 2236 5290 praebe
2271 5217 2346 5271 illi
2387 5215 2684 5270 maxillam.
2714 5213 2849 5268 Nam
2880 5221 2940 5268 ut
2983 5229 3079 5269 eas
3115 5227 3309 5282 pinnas
3359 5211 3650 5282 eﬂ‘ugerct,

2060 5311 2130 5365 ob
2173 5324 2311 5379 quas
2357 5308 2403 5363 si
2447 5314 2757 5378 percuteret
2790 5306 2942 5360 luere
2980 5313 3292 5376 oporteret,
3339 5301 3654 5359 verberanti

2062 5401 2337 5455 maxillam
2368 5398 2602 5470 praebuit
2633 5417 2645 5452 :
2679 5398 2822 5453 haud
2861 5398 3085 5469 ignarus
3125 5397 3168 5452 si
3220 5396 3440 5451 oculum
3472 5393 3654 5449 eruis-

2061 5503 2166 5554 set,
2201 5492 2341 5548 idem
2377 5494 2479 5548 sibi
2502 5509 2568 5547 ex
2604 5493 2722 5563 lege
2749 5506 2871 5548 esse
2902 5489 3311 5546 sustinendum.

2131 5585 2221 5641 XI.
2257 5587 2434 5658 Atque
2488 5598 2545 5642 ut
2597 5587 2756 5642 Pater
2810 5586 3010 5639 liberos
3049 5583 3130 5638 sic
3172 5581 3448 5648 instituit,
3486 5587 3546 5635 ut
3582 5576 3652 5634 ad

440 5737 457 5770 ‘
484 5737 674 5798 Matth.
708 5756 861 5812 mn,
901 5743 988 5800 29.
1067 5745 1085 5774 ¹
1113 5741 1302 5799 Matth.
1339 5759 1388 5809 v,
1419 5743 1508 5799 45.
1586 5744 1605 5776 ³
1636 5742 1809 5798 Exod.
1846 5759 1935 5798 ut

2049 5743 2098 5812 ί,
2138 5741 2312 5800 chit.
2358 5757 2507 5811 xxtv,
2541 5742 2630 5798 20.
2711 5743 2728 5774 ⁵
2759 5741 2948 5796 Matth.
2985 5757 3035 5807 v,
3068 5740 3158 5794 '59.
