4018 6166
378 304 482 362 δτι

1414 290 1790 351 tnvnnsus
1826 285 2176 348 emensus
2216 285 2347 343 [ιιι.
2392 286 2436 343 l.
2484 280 2650 365 rem.
2692 284 2786 341 ιιι.

3567 292 3676 355 678

336 498 345 501 _
378 421 574 493 ἔφερες
603 421 756 492 ἡμῖν,
793 419 993 487 μᾶλλον
1013 416 1069 471 δὲ
1096 415 1280 487 σαυτῷ
1307 415 1402 470 καὶ
1435 417 1547 480 τοῖς
1576 414 1683 472 ὑπὸ
1716 410 1810 467 σοῦ
1832 412 1979 483 ἠπα-

2107 414 2244 473 lato,
2276 406 2558 462 caeterisve
2599 404 2864 476 disputat.
2900 405 3083 478 Atque
3132 407 3347 465 utinam
3383 409 3675 468 veritatem

379 531 447 584 τη
456 513 640 585 μένοις
670 514 683 565 l

452 777 557 830 IB'.
588 775 816 847 Νομίζω
844 774 903 830 δὲ
925 774 1019 830 καὶ
1049 775 1107 830 ἑν
1128 772 1208 845 τῷ
1239 771 1471 846 παρόντι
1502 770 1704 834 ἱκανῶς
1720 769 1862 842 πρὸς
1879 770 1979 836 τάς

383 887 478 924 σου
513 867 710 936 λέξεις,
742 861 801 922 -ῶ
846 866 1084 939 άγύρτα,
1139 865 1416 938 εἰρῆσθαι.
1463 857 1567 917 Ὧν
1609 864 1845 935 ποιήσας
1886 862 1980 915 τὸν

284 960 288 965 ’
382 959 628 1030 ἔλεγχον,
667 958 763 1011 ἑπὶ
796 956 895 1021 τὰς
927 955 1056 1027 ἑξῆς
1081 955 1323 1028 αἱρέσεις
1359 952 1670 1025 βαδιοῦμαι,
1694 951 1787 1007 τὸν
1820 950 1981 1005 αύτὲν

383 1050 519 1105 Θεὸν
568 1049 815 1121 συνήθως
861 1047 1293 1120 ἐπικαλούμενος
1329 1044 1693 1116 ἐπικουρῆσαι
1716 1045 1785 1116 τῇ
1821 1040 1982 1114 ἡμῶν

387 1141 724 1215 μετριότητι,
754 1142 834 1206 είς
870 1140 931 1194 τὸ
969 1141 1224 1213 φωρᾶσαι
1247 1139 1488 1210 ἑκάστης
1514 1136 1793 1209 αἱρέσεως.
1814 1150 1985 1205 παρα-

384 1232 768 1304 πεποιημένης
789 1232 881 1285 τὸν
921 1230 1165 1302 ἔλεγχον.
1211 1231 1338 1284 Ὀτι
1382 1230 1479 1301 μὲν
1510 1226 1621 1300 γὰρ
1652 1226 1985 1299 συρίγμασιν

386 1324 607 1391 ἑαυτοῦ,
633 1324 708 1389 ὼς
739 1324 848 1378 άπὸ
872 1322 1153 1396 θαλάσσης
1176 1321 1417 1378 ἀνελθὼν
1432 1320 1513 1394 (8)
1539 1319 1865 1393 καρχαρίας,
1890 1319 1986 1373 καὶ

386 1416 605 1490 ἔχιδναν
627 1396 1109 1489 προσκαλούμενος
1157 1414 1256 1488 τὴν
1276 1413 1504 1486 Φλώραν
1547 1412 1639 1467 διὰ
1661 1411 1773 1465 τῶν
1799 1427 1987 1482 γραμα

390 1512 599 1585 μάτων,
624 1510 797 1582 αὑτήν
826 1525 887 1562 τε
917 1509 1013 1563 καλ⁸
1044 1508 1239 1573 ἄλλους
1288 1508 1388 1562 σὺν
1421 1509 1563 1581 αὐτῇ
1603 1506 1877 1577 ὴπάτησε,
1901 1503 1987 1557 δὲ-

386 1606 600 1661 δεικται
647 1605 714 1657 ἑν
752 1598 868 1667 τοῖς
915 1602 1265 1675 εἰρημένοις·
1294 1603 1352 1655 ἑν
1389 1601 1447 1656 δὲ
1497 1604 1560 1674 τῇ
1601 1600 1703 1671 τῆς
1728 1589 1989 1669 ἀληθείας

392 1676 631 1771 σαγήνῃ.
677 1690 745 1769 ἧς
780 1696 843 1750 τὸ
882 1695 1114 1768 αἴνιγμα
1141 1697 1171 1749 ὁ
1216 1693 1420 1766 Κύριος
1453 1696 1514 1748 ἑν
1560 1693 1640 1765 τῷ
1668 1687 1988 1761 Εὐαγγελίῳ

2079 499 2138 555 in
2157 499 2422 556 omnibus
2465 497 2768 563 retineres,
2802 513 2981 569 neque
3022 500 3245 556 tertium
3279 502 3470 559 nescio
3508 518 3674 573 quem
3708 530 3717 537 -

2080 592 2244 650 deum
2270 605 2336 647 ac
2375 590 2615 648 medium
2635 630 2652 658 ,
2677 590 2773 661 qui
2804 590 2989 648 nullus
3017 599 3103 651 est
3131 592 3315 661 nobis,
3336 593 3424 650 vel
3454 594 3553 650 tibi
3574 607 3677 666 po-

2079 685 2191 741 tius
2225 697 2290 738 ac
2319 682 2432 739 tuis
2467 682 2821 739 obtruderesi

2152 774 2321 847 223
2349 772 2465 831 ΧΠ.
2499 773 2609 831 Sed
2641 773 3078 846 impurissimam
3110 774 3261 831 illam
3301 784 3453 830 tuam
3483 789 3674 831 vocem

2083 870 2218 925 satis
2252 869 2308 923 in
2348 866 2697 938 praesentiam
2750 880 3126 938 compressam
3161 867 3426 933 arbitror,
3465 868 3680 937 impru-

2083 961 2406 1017 dentissime
2440 960 2679 1017 nebulo!
2731 958 2909 1031 Cujus
2954 959 3211 1017 convicta
3251 959 3498 1015 falsitate
3526 967 3684 1014 ante-

2083 1068 2249 1123 quam
2275 1053 2522 1124 reliquas
2552 1054 2622 1109 ad
2674 1052 2917 1110 haereses
2965 1052 3408 1125 progrediamur,
3439 1051 3683 1106 divinam

2085 1163 2186 1220 pro
2215 1162 2281 1205 eo
2311 1162 2379 1202 ac
2399 1147 2667 1211 solemus,
2704 1161 2865 1217 opem
2894 1145 3340 1217 implorabimus,
3373 1150 3438 1198 ut
3466 1142 3536 1198 ad
3562 1142 3686 1197 illas

2080 1239 2414 1312 iugulandus
2445 1238 2702 1294 tenuitati
2738 1244 2946 1294 nostra
2985 1237 3131 1293 vires
3165 1235 3503 1308 suppeditet.
3538 1232 3688 1288 Satis

2086 1333 2233 1387 enim
2277 1346 2344 1387 ex
2375 1330 2447 1386 iis
2477 1344 2600 1401 qua:
2636 1329 2880 1386 diximus
2915 1329 3256 1386 intellectum
3286 1328 3488 1399 Opinor
3513 1369 3530 1395 ,
3558 1326 3690 1382 Pto-

2087 1424 2372 1488 lemaeum,
2409 1422 2609 1478 marini
2642 1422 2801 1478 canis
2854 1422 3054 1486 instar,
3107 1421 3204 1492 qui
3253 1436 3285 1476 e
3328 1420 3525 1492 pelago
3557 1434 3689 1489 pro-

2090 1517 2281 1572 siliens
2322 1516 2568 1585 viperam
2617 1514 2795 1570 sibilis
2842 1513 2963 1571 suis
3011 1527 3241 1577 evocat,
3266 1513 3346 1568 sic
3375 1511 3533 1567 illum
3564 1507 3692 1564 Flo-

2087 1624 2207 1665 ram
2237 1608 2438 1664 litteris
2470 1606 2784 1674 excivisse,
2819 1621 2884 1661 ac
2918 1614 3030 1661 tam
3070 1619 3226 1671 eam,
3262 1618 3428 1672 quam
3458 1609 3691 1657 caeteros

2090 1699 2148 1754 in
2175 1697 2427 1753 fraudem
2458 1696 2767 1767 impulisse.
2804 1694 2917 1753 Nos
2940 1703 3123 1752 autem
3150 1703 3508 1765 poeteaquam
3544 1689 3691 1745 veri-

392 1780 675 1862 βασιλείαν
729 1787 977 1861 οὐρανῶν
1035 1788 1391 1859 ἀπεφήνατο,
1441 1784 1842 1858 ὲνειλήσαντες,
1892 1786 1988 1840 καὶ

2107 1792 2220 1847 .atis
2271 1791 2417 1846 hunc
2446 1805 2685 1861 sagena,
2733 1788 2897 1860 cujus
2956 1787 3318 1844 similitudine
3353 1786 3584 1841 cteleste
3634 1783 3693 1837 in

390 1880 500 1936 τῶν
528 1878 781 1953 πονηρῶν
815 1879 1014 1950 ἰχθύων
1061 1879 1158 1933 ἕνα
1184 1878 1317 1933 ὅντα
1344 1877 1510 1931 αὐτὸν
1543 1876 1884 1946 ἑλέγξαντες,
1911 1875 1990 1948 τῷ

2107 1885 2388 1956 Evangelia
2432 1899 2677 1954 regnum
2716 1882 2986 1938 Dominus
3039 1881 3346 1952 expressit,
3414 1879 3693 1935 irretitum

392 1974 464 2028 τά
501 1970 752 2044 μοχθηρά
803 1974 1028 2044 ῥήματα
1057 1970 1223 2025 αὐτοῦ
1255 1969 1485 2043 φωρατὰ
1524 1969 1770 2040 ποιῆσαι,
1797 1971 1863 2039 τῇ
1894 1968 1993 2040 τῆς

2107 1973 2379 2029 tenuimus
2400 2013 2416 2036 ,
2459 1982 2629 2044 atque
2672 1987 2705 2028 e
2732 1973 3007 2028 malorum
3040 1970 3274 2042 piscium
3308 1984 3433 2025 esse
3460 1981 3695 2023 numero

393 2064 631 2137 ἀληθοῦς
659 2063 898 2128 πίστεως
950 2063 1293 2135 διδασκαλίᾳ,
1321 2063 1624 2135 ᾐτήσαμεν.
1668 2061 1757 2115 Ἐν
1780 2063 1850 2132 τῇ
1896 2059 1991 2113 τοῦ

397 2157 534 2212 Θεοῦ
595 2156 776 2212 τοίνυν
819 2154 1051 2227 δυνάμει
1107 2154 1503 2226 συντρίψαντες
1565 2152 1776 2218 τοῦτον,
1837 2151 1992 2206 αὐτοὶ

406 2250 510 2321 μὲν
532 2247 651 2321 Θεῷ
680 2248 1187 2322 εὐχαριστήσωμεν,
1241 2246 1336 2299 ἐπὶ
1376 2246 1432 2299 δὲ
1460 2245 1563 2308 τὰς
1604 2244 1733 2315 ἑξῆς
1765 2243 1987 2315 ὁμοίως,

397 2341 477 2407 ὡς
499 2344 782 2413 προεῖπον,
834 2338 1203 2412 προέρχεσθαι
1226 2336 1638 2409 ἐπιϐαλώμεθα.
1928 2362 1931 2365 ·

2095 2064 2632 2132 demonstravimus,
2682 2063 2816 2119 dum
2854 2062 3086 2119 sincerae
3138 2059 3262 2116 ﬁdei
3312 2059 3565 2115 doctrina
3591 2056 3695 2110 itn-

2098 2170 2267 2227 puras
2300 2155 2450 2212 illius
2492 2169 2660 2212 voces
2710 2154 2994 2220 elisimus;
3036 2153 3247 2207 obtrito
3277 2150 3375 2206 Dei
3426 2164 3531 2221 ope
3566 2162 3697 2219 pro—

2098 2246 2392 2318 ﬂigatoque
2432 2253 2715 2313 monstro,
2748 2247 2985 2317 primum
3014 2244 3093 2299 illi
3124 2249 3362 2315 quantas
3400 2252 3698 2311 possumus

2098 2341 2302 2410 gratias
2352 2340 2658 2406 habemus;
2709 2338 2909 2395 deinde
2964 2337 3032 2393 ad
3079 2342 3306 2392 caeteras
3348 2333 3584 2399 eodem,
3634 2335 3699 2387 ut

2097 2431 2368 2497 diximus,
2406 2431 2545 2503 pede
2571 2430 2800 2503 gradum
2833 2428 3120 2485 faciemus.

431 2701 3673 2747 Μ

1175 2862 1342 2934 229
1376 2862 1597 2917 TAAE
1630 2859 1977 2917 ΕΝΕΣΤΙ
2028 2860 2149 2914 EN
2198 2860 2295 2930 Τῼ
2365 2857 2625 2928 ΤΡΙΤῼ
2692 2858 2915 2928 ΤοΜρ

1677 2978 1816 3032 ΤΟΥ
1843 2976 2121 3031 ΠΡΩΤΟΥ
2151 2976 2453 3041 ΒΙΒΛΙΟΥ,

1537 3094 1646 3151 Ἐν
1685 3087 1734 3162 ᾧ
1763 3106 1929 3148 εισιν
1961 3064 2228 3161 αἱρέσεις
2263 3089 2589 3160 δεκατρεῖς.

762 3317 1159 3380 lNDICULUS
1207 3318 1637 3381 HZERESEON
1686 3319 1857 3393 QUZE
1914 3320 1996 3381 IN
2045 3318 2130 3381 lII
2180 3316 2389 3378 TOMO
2445 3312 2657 3375 LIBRI
2703 3313 2733 3375 Ι
2788 3310 3349 3388 CONTINENTUB,

1725 3463 1969 3515 SUNTQUE
2013 3464 2232 3506 NUIEBO
2266 3460 2395 3503 XIII.

485 3710 848 3781 Μαρκώσιοι.
873 3711 1104 3793 Μάρκος
1157 3730 1240 3778 τις
1285 3714 1579 3786 γεγένηται
1648 3710 1999 3789 Κολορϐάσου

2174 3716 2455 3773 Marcet-ii.
2480 3713 2699 3770 Marcus
2715 3711 2937 3784 quidam
2962 3707 3469 3767 exstititColorbasi
3487 3708 3711 3768 condis-

414 3805 812 3878 συμφοιτητὴς,
845 3803 938 3858 δύο
954 3804 1131 3878 ἀρχὰς
1155 3808 1250 3860 καὶ
1265 3807 1428 3871 αὐτὸς
1452 3809 1823 3879 παρεισάγων.
1856 3810 2006 3865 Ἀθε-

412 3903 499 3955 τεῖ
538 3900 596 3954 δὲ
658 3900 872 3973 νεκρῶν
904 3900 1222 3957 ἀνάστασιν.
1276 3903 1582 3968 Φαντασίας
1634 3904 1691 3958 δέ
1734 3923 1890 3971 τινας
1935 3907 2003 3961 δι’

415 3991 762 4063 ἐκπωμάτων
807 3991 866 4056 ἑξ
889 3991 1145 4065 ἑπαοιδῆς
1168 3995 1249 4059 είς
1273 3996 1500 4049 κυάνεον
1529 3996 1726 4068 χρῶμα
1746 3998 1843 4052 καὶ
1874 4015 2008 4071 πορ-

416 4083 620 4157 φύρεον
680 4083 1000 4156 μεταϐαλὼν
1025 4125 1039 4149 ,
1084 4084 1470 4156 ὲμυσταγώγει
1499 4087 1597 4150 τὰς
1641 4090 2009 4161 ἁπατωμένας

415 4177 703 4245 γυναῖκας.
745 4176 855 4229 Καὶ
898 4175 1063 4238 αὐτὸς
1138 4174 1196 4228 δὲ
1234 4174 1342 4230 τῶν
1372 4176 1829 4251 εἰκοσιτεσσάρων
1865 4198 2010 4236 στοι-

418 4269 582 4341 χείων
602 4266 852 4339 βούλεται
868 4266 937 4321 τὰ
948 4265 1129 4320 πάντα
1144 4266 1397 4339 ἡγεῖσθαι
1427 4267 1628 4339 ὁμοίως
1650 4270 2007 4345 Οὐαλεντίνῳ.

491 4448 908 4518 Κολορόάσιοι.
930 4448 1040 4502 Καὶ
1055 4440 1211 4512 οὗτος
1238 4449 1266 4501 ὁ
1288 4447 1635 4519 Κολόρϐασος
1659 4448 1921 4515 ὡσαύτως
1944 4452 2013 4508 τὰ

420 4541 563 4596 αὐτὰ
594 4538 974 4614 διηγούμενος,
1003 4540 1145 4595 κατά
1170 4557 1224 4593 τι
1246 4540 1303 4594 δὲ
1325 4540 1715 4614 διαφερόμενος
1744 4542 1881 4613 πρὸς
1916 4543 2014 4608 τὰς

421 4633 590 4698 ἄλλας
615 4632 889 4704 αἱρέσεις,
926 4631 1072 4703 φημὶ
1109 4631 1166 4686 δὲ
1193 4631 1330 4704 πρὸς
1363 4631 1463 4697 τὰς
1499 4633 1628 4704 περὶ
1660 4633 1888 4704 Μάρκον
1922 4636 2014 4689 καὶ

422 4727 801 4795 Οὐαλεντῖνον,
834 4726 936 4791 τὰς
961 4726 1234 4799 προϐολὰς
1298 4726 1394 4781 καὶ
1435 4729 1724 4798 Ὀγδοάδας
1753 4729 1974 4802 ἑτέρους
1996 4728 2012 4760 ¹

421 4816 654 4883 ἐδίδαξε.

508 4910 981 4980 Ἠρακλεωνῖται.
1013 4912 1124 4978 καὶ
1154 4910 1309 4965 αὐτοὶ
1345 4913 1411 4984 τῇ
1443 4911 1550 4965 τῶν
1594 4912 1893 4982 Ὀγδοάδων
1921 4913 2019 4984 φέ-

428 5017 614 5073 ρονται
640 4999 938 5072 μυθολογίᾳ
959 5018 972 5030 '
1001 5001 1201 5072 ἑτέρως
1237 5000 1293 5052 δὲ
1330 4998 1484 5072 παρὰ
1515 5000 1607 5056 τὸν
1641 5000 1888 5070 Μάρκον,
1924 5000 2019 5054 καὶ

427 5092 764 5163 Πτολεμαῖον
790 5132 806 5158 ,
863 5092 958 5147 καὶ
1009 5092 1360 5146 Οὐαλεντῖνον
1397 5130 1414 5157 ,
1475 5091 1569 5145 καὶ
1623 5092 1750 5156 τοὺς
1801 5091 2016 5156 ἄλλους.

442 5182 604 5239 Ἀλλὰ
633 5186 729 5239 καὶ
774 5185 912 5257 πρὸς
944 5186 1011 5257 τῇ
1050 5183 1273 5255 τελευτῇ
1298 5183 1426 5248 τοὺς
1458 5184 1588 5257 παρ’
1620 5185 1801 5248 αὐτοῖς
1829 5183 2018 5238 τελευ-

506 5407 522 5439 ¹
560 5405 691 5480 Leg.
723 5406 952 5480 ἑτέρως.

505 5567 581 5638 (8)
611 5567 708 5634 Ὠς
738 5564 865 5638 ἀπὸ,
883 5564 1204 5638 θαλάσσης
1246 5563 1535 5638 ἀνεεῑθών.
1571 5565 1895 5638 Καρχαρίας
1925 5563 2033 5622 lle-

432 5634 592 5720 syclt'.
650 5646 736 5694 est
786 5636 1287 5720 Gaiacrtoc'adwv.
1313 5712 1324 5720 .
1346 5634 1727 5718 Canemnvero
1755 5634 2028 5691 marinum

434 5705 656 5779 viperas
700 5722 930 5779 evocare
955 5706 1188 5779 _sibilis,
1236 5712 1332 5761 aut
1377 5721 1503 5760 cum
1552 5705 1621 5761 iis
1663 5722 2029 5779 consuescere

436 5776 720 5850 nunquam
769 5778 894 5850 legi.
949 5776 1094 5834 Sane
1143 5792 1415 5833 muraenas
1477 5791 1507 5831 a
1561 5778 1911 5848 serpentibus
1959 5778 2026 5834 ad

2105 3808 2405 3882 cipulus.ls
2434 3809 2544 3863 duo
2570 3806 2827 3863 similiter
2854 3804 3121 3875 principia
3141 3802 3446 3859 constituit.
3461 3803 3703 3858 Mortuo-

2107 3918 2227 3959 rum
2245 3901 2705 3965 resurrectionem
2721 3897 2973 3967 negabat;
2992 3895 3246 3951 utebatur
3264 3895 3710 3967 praasligiisejus-

2108 3995 2278 4062 modi,
2312 4002 2371 4050 ut
2402 3994 2572 4049 certis
2605 3990 2945 4048 carminibus
2980 3990 3302 4060 poculorum
3341 3990 3608 4060 liquorem
3651 3991 3706 4044 in
3756 4052 3761 4057 ,

2110 4088 2402 4143 caeruleum
2429 4097 2870 4157 purpureumque
2940 4082 3178 4137 colorem
3210 4089 3480 4137 verteret:
3510 4081 3709 4152 quibus

2111 4180 2289 4236 sacris
2331 4176 2582 4234 infelices
2627 4174 2989 4231 mulierculas
3027 4174 3248 4229 initiare
3298 4173 3527 4230 solebat.
3562 4172 3710 4230 idem

2112 4272 2178 4327 ad
2229 4286 2359 4326 xxiv
2419 4269 2690 4326 elementa
2726 4267 2952 4338 perinde
2987 4281 3052 4322 ac
3092 4264 3417 4322 Valentinus
3453 4265 3711 4323 universa

2112 4378 2377 4420 revocare
2399 4362 2616 4417 nititur.

2185 4455 2505 4511 Colorbasii.
2530 4450 3096 4511 Colorbasuseasdent
3132 4449 3247 4506 fere
3265 4450 3553 4520 Opiniones
3588 4464 3709 4504 am-

2108 4549 2296 4620 plexus
2309 4547 2528 4604 est.Sed
2547 4546 2810 4601 nonnulla
2823 4553 3008 4600 tamen
3030 4551 3183 4606 sunt,
3209 4543 3264 4597 in
3283 4543 3482 4613 quibus
3502 4542 3571 4597 ab
3587 4542 3710 4600 aliis

2115 4641 2422 4698 haeresibus
2444 4641 2745 4711 discrepat,
2771 4637 2940 4693 Marci
2959 4652 3022 4693 ac
3046 4636 3320 4691 Valentini
3340 4635 3707 4706 potissimum.

2117 4730 2407 4802 Siquidem
2450 4731 2879 4804 propagationes
2912 4729 3152 4785 Eonum
3186 4735 3241 4782 et
3277 4726 3565 4797 Ogdoadas
3602 4726 3711 4780 alio

2118 4824 2282 4880 modo
2314 4824 2553 4881 tradidit.

2192 4916 2606 4972 Heracleouitaz.
2639 4916 2816 4970 Etiam
2852 4917 2940 4971 isti
2983 4914 3392 4972 commentitias
3423 4911 3713 4985 Ogdoadas

2050 5033 2093 5089 ι)
2123 5011 2487 5065 retinuerunt.
2526 5008 2581 5063 In
2617 5009 2818 5080 quibus
2849 5009 3189 5079 explicandis
3219 5025 3250 5063 a
3281 5007 3471 5071 Marci,
3502 5015 3555 5062 et
3582 5004 3712 5061 Pto-

2127 5101 2325 5167 lemaei,
2357 5116 2421 5156 ac
2459 5099 2732 5156 Valentini
2759 5108 3198 5170 caaterorutnque
3224 5099 3482 5170 Opinione
3505 5098 3715 5153 disces-

2126 5198 2339 5249 serunt.
2376 5189 2520 5247 Suos
2546 5205 2713 5263 porro
2743 5191 2846 5248 sub
2874 5191 3055 5259 ipsum
3093 5189 3214 5247 vitae
3247 5189 3454 5245 exitum
3490 5188 3716 5259 perinde

2141 5563 2361 5618 coitunr
2380 5562 2599 5619 evocari
2643 5561 2822 5619 sibilis
2865 5561 3060 5615 scribit
3092 5559 3235 5613 Plin.
3271 5573 3443 5622 χχχιι,
3483 5571 3605 5626 cap.
3634 5556 3671 5609 2
3704 5568 3721 5606 :

2142 5634 2220 5690 0b
2274 5635 2327 5689 id
2368 5634 2526 5689 sibilo
2561 5651 2594 5688 a
2635 5632 2993 5704 piscatoribus
3015 5640 3335 5704 ,dtanquam
3374 5626 3727 5699 serpentibus,

2135 5707 2363 5768 evocari,
2398 5716 2445 5760 el
2473 5705 2610 5772 capi.
2635 5701 2971 5775 Καρχαρίαν
2997 5701 3145 5758 aliud
3176 5716 3299 5760 esse
3329 5714 3500 5777 quam
3531 5711 3726 5755 canem

2135 5777 2242 5833 hoc
2280 5777 2503 5850 quidem
2537 5777 2657 5833 loco
2691 5788 2918 5833 necesse
2942 5781 3048 5833 est.
