  <div class='ocr_page' id='page_1' title='image "/cluster/home/n/w/nwhite01/storage/ocr_20150623/41/mdp.39015008169818/311.png"; bbox 0 0 4004 6142; ppageno 0'>
   <div class='ocr_carea' id='block_1_1' title="bbox 359 250 3676 314">
    <p class='ocr_par' dir='ltr' id='par_1_1' title="bbox 359 250 3676 314">
     <span class='ocr_line' id='line_1_1' title="bbox 359 250 3676 314; baseline 0.003 -13"><span class='ocrx_word' id='word_1_1' title='bbox 359 259 470 314; x_wconf 66' lang='lat'><strong>579</strong></span> <span class='ocrx_word' id='word_1_2' title='bbox 1783 255 1842 311; x_wconf 79' lang='lat' dir='ltr'><strong>S.</strong></span> <span class='ocrx_word' id='word_1_3' title='bbox 1885 250 2232 308; x_wconf 78' lang='lat' dir='ltr'><strong>EPIPHANII</strong></span> <span class='ocrx_word' id='word_1_4' title='bbox 2875 283 2882 288; x_wconf 98' lang='lat'><strong><em>-</em></strong></span> <span class='ocrx_word' id='word_1_5' title='bbox 3573 254 3676 312; x_wconf 79' lang='lat'><strong>580</strong></span> 
     </span>
    </p>
   </div>
   <div class='ocr_carea' id='block_1_2' title="bbox 365 368 1956 446">
    <p class='ocr_par' dir='ltr' id='par_1_2' title="bbox 365 372 1956 446">
     <span class='ocr_line' id='line_1_2' title="bbox 365 372 1956 446; baseline -0.004 -14"><span class='ocrx_word' id='word_1_6' title='bbox 365 394 433 435; x_wconf 85' lang='lat' dir='ltr'><strong>ac</strong></span> <span class='ocrx_word' id='word_1_7' title='bbox 458 380 680 435; x_wconf 78' lang='lat' dir='ltr'><strong>Marcus</strong></span> <span class='ocrx_word' id='word_1_8' title='bbox 710 377 969 445; x_wconf 89' lang='lat' dir='ltr'><strong>instituit,</strong></span> <span class='ocrx_word' id='word_1_9' title='bbox 1027 377 1172 440; x_wconf 87' lang='lat' dir='ltr'><strong>oleo.</strong></span> <span class='ocrx_word' id='word_1_10' title='bbox 1208 373 1588 446; x_wconf 75' lang='lat' dir='ltr'><strong>opobalsamo.</strong></span> <span class='ocrx_word' id='word_1_11' title='bbox 1624 381 1678 428; x_wconf 91' lang='lat' dir='ltr'><strong>et</strong></span> <span class='ocrx_word' id='word_1_12' title='bbox 1712 387 1854 442; x_wconf 85' lang='lat' dir='ltr'><strong>aqua</strong></span> <span class='ocrx_word' id='word_1_13' title='bbox 1887 372 1956 427; x_wconf 87' lang='lat' dir='ltr'><strong>lu-</strong></span> 
     </span>
    </p>
   </div>
   <div class='ocr_carea' id='block_1_3' title="bbox 2073 368 3678 446">
    <p class='ocr_par' dir='ltr' id='par_1_3' title="bbox 2073 368 3678 445">
     <span class='ocr_line' id='line_1_3' title="bbox 2073 368 3678 445; baseline 0.002 -20"><span class='ocrx_word' id='word_1_14' title='bbox 2073 370 2282 436; x_wconf 83' lang='grc' dir='ltr'>τῶντας</span> <span class='ocrx_word' id='word_1_15' title='bbox 2333 370 2537 443; x_wconf 85' lang='grc' dir='ltr'>ὁμοίως</span> <span class='ocrx_word' id='word_1_16' title='bbox 2584 369 2662 445; x_wconf 82' lang='grc' dir='ltr'>τῷ</span> <span class='ocrx_word' id='word_1_17' title='bbox 2716 372 2932 445; x_wconf 82' lang='grc' dir='ltr'>Μάρκῳ</span> <span class='ocrx_word' id='word_1_18' title='bbox 2981 368 3305 445; x_wconf 77' lang='grc' dir='ltr'><strong>λυτροῦνται</strong></span> <span class='ocrx_word' id='word_1_19' title='bbox 3355 373 3421 426; x_wconf 87' lang='grc' dir='ltr'><strong>δι’</strong></span> <span class='ocrx_word' id='word_1_20' title='bbox 3471 373 3678 439; x_wconf 79' lang='grc' dir='ltr'>ἐλαίου,</span> 
     </span>
    </p>
   </div>
   <div class='ocr_carea' id='block_1_4' title="bbox 367 462 1956 538">
    <p class='ocr_par' dir='ltr' id='par_1_4' title="bbox 367 465 1956 538">
     <span class='ocr_line' id='line_1_4' title="bbox 367 465 1956 538; baseline -0.004 -11"><span class='ocrx_word' id='word_1_21' title='bbox 367 479 576 528; x_wconf 84' lang='lat' dir='ltr'><strong>stratos</strong></span> <span class='ocrx_word' id='word_1_22' title='bbox 606 488 661 535; x_wconf 81' lang='grc' dir='ltr'><strong>ιιι</strong></span> <span class='ocrx_word' id='word_1_23' title='bbox 691 473 923 527; x_wconf 75' lang='lat' dir='ltr'><strong>salutem</strong></span> <span class='ocrx_word' id='word_1_24' title='bbox 944 477 1238 534; x_wconf 73' lang='lat' dir='ltr'><strong>asserunt;</strong></span> <span class='ocrx_word' id='word_1_25' title='bbox 1268 483 1488 538; x_wconf 91' lang='lat' dir='ltr'><strong>unaque</strong></span> <span class='ocrx_word' id='word_1_26' title='bbox 1524 482 1688 521; x_wconf 87' lang='lat' dir='ltr'><strong>voces</strong></span> <span class='ocrx_word' id='word_1_27' title='bbox 1704 465 1956 536; x_wconf 83' lang='lat' dir='ltr'><strong>quasdan</strong></span> 
     </span>
    </p>
   </div>
   <div class='ocr_carea' id='block_1_5' title="bbox 2073 462 3680 538">
    <p class='ocr_par' dir='ltr' id='par_1_5' title="bbox 2077 462 3680 535">
     <span class='ocr_line' id='line_1_5' title="bbox 2077 462 3680 535; baseline 0.002 -20"><span class='ocrx_word' id='word_1_28' title='bbox 2077 463 2486 535; x_wconf 82' lang='grc' dir='ltr'>ὀποϐαλσάμου,</span> <span class='ocrx_word' id='word_1_29' title='bbox 2520 464 2617 518; x_wconf 76' lang='grc' dir='ltr'>καὶ</span> <span class='ocrx_word' id='word_1_30' title='bbox 2646 463 2838 528; x_wconf 83' lang='grc' dir='ltr'>ὓδατος</span> <span class='ocrx_word' id='word_1_31' title='bbox 2863 507 2878 531; x_wconf 95' lang='grc'><strong>,</strong></span> <span class='ocrx_word' id='word_1_32' title='bbox 2913 463 3233 534; x_wconf 81' lang='grc' dir='ltr'><strong>ἐπικλήσεις</strong></span> <span class='ocrx_word' id='word_1_33' title='bbox 3261 462 3416 527; x_wconf 86' lang='grc' dir='ltr'>τινάς</span> <span class='ocrx_word' id='word_1_34' title='bbox 3461 462 3680 535; x_wconf 75' lang='grc' dir='ltr'>Ἐϐραῖο</span> 
     </span>
    </p>
   </div>
   <div class='ocr_carea' id='block_1_6' title="bbox 367 557 1900 634">
    <p class='ocr_par' dir='ltr' id='par_1_6' title="bbox 367 557 1900 634">
     <span class='ocr_line' id='line_1_6' title="bbox 367 557 1900 634; baseline -0.007 -16"><span class='ocrx_word' id='word_1_35' title='bbox 367 562 665 621; x_wconf 83' lang='lat' dir='ltr'><strong>llebraicas</strong></span> <span class='ocrx_word' id='word_1_36' title='bbox 698 563 755 618; x_wconf 91' lang='lat' dir='ltr'><strong>in</strong></span> <span class='ocrx_word' id='word_1_37' title='bbox 787 563 909 634; x_wconf 84' lang='lat' dir='ltr'><strong>ejus</strong></span> <span class='ocrx_word' id='word_1_38' title='bbox 929 563 1026 633; x_wconf 90' lang='lat' dir='ltr'><strong>qui</strong></span> <span class='ocrx_word' id='word_1_39' title='bbox 1055 561 1309 632; x_wconf 82' lang='lat' dir='ltr'><strong>expiatur</strong></span> <span class='ocrx_word' id='word_1_40' title='bbox 1336 565 1504 630; x_wconf 90' lang='lat' dir='ltr'><strong>caput</strong></span> <span class='ocrx_word' id='word_1_41' title='bbox 1529 557 1900 614; x_wconf 85' lang='lat' dir='ltr'><strong>insusurrant.</strong></span> 
     </span>
    </p>
   </div>
   <div class='ocr_carea' id='block_1_7' title="bbox 439 735 1969 814">
    <p class='ocr_par' dir='ltr' id='par_1_7' title="bbox 439 735 1969 814">
     <span class='ocr_line' id='line_1_7' title="bbox 439 735 1969 814; baseline -0.007 -14"><span class='ocrx_word' id='word_1_42' title='bbox 439 744 672 812; x_wconf 76' lang='lat' dir='ltr'><strong>Ophitw.</strong></span> <span class='ocrx_word' id='word_1_43' title='bbox 702 742 768 798; x_wconf 87' lang='lat' dir='ltr'><strong>Hi</strong></span> <span class='ocrx_word' id='word_1_44' title='bbox 809 751 1124 814; x_wconf 90' lang='lat' dir='ltr'><strong>serpentem</strong></span> <span class='ocrx_word' id='word_1_45' title='bbox 1160 747 1498 798; x_wconf 79' lang='lat' dir='ltr'><strong>venerantur</strong></span> <span class='ocrx_word' id='word_1_46' title='bbox 1534 753 1596 793; x_wconf 92' lang='lat' dir='ltr'><strong>ac</strong></span> <span class='ocrx_word' id='word_1_47' title='bbox 1629 735 1969 808; x_wconf 67' lang='lat' dir='ltr'><strong>praedicant;</strong></span> 
     </span>
    </p>
   </div>
   <div class='ocr_carea' id='block_1_8' title="bbox 362 830 1971 908">
    <p class='ocr_par' dir='ltr' id='par_1_8' title="bbox 362 830 1971 908">
     <span class='ocr_line' id='line_1_8' title="bbox 362 830 1971 908; baseline -0.005 -16"><span class='ocrx_word' id='word_1_48' title='bbox 362 851 601 908; x_wconf 89' lang='lat' dir='ltr'><strong>eumque</strong></span> <span class='ocrx_word' id='word_1_49' title='bbox 646 851 771 892; x_wconf 89' lang='lat' dir='ltr'><strong>esse</strong></span> <span class='ocrx_word' id='word_1_50' title='bbox 809 837 1094 892; x_wconf 88' lang='lat' dir='ltr'><strong>Christum</strong></span> <span class='ocrx_word' id='word_1_51' title='bbox 1136 841 1413 892; x_wconf 88' lang='lat' dir='ltr'><strong>asserunt.</strong></span> <span class='ocrx_word' id='word_1_52' title='bbox 1453 831 1537 888; x_wconf 91' lang='lat' dir='ltr'><strong>0b</strong></span> <span class='ocrx_word' id='word_1_53' title='bbox 1575 831 1629 888; x_wconf 88' lang='lat' dir='ltr'><strong>id</strong></span> <span class='ocrx_word' id='word_1_54' title='bbox 1671 845 1860 887; x_wconf 91' lang='lat' dir='ltr'><strong>verum</strong></span> <span class='ocrx_word' id='word_1_55' title='bbox 1914 830 1971 884; x_wconf 92' lang='lat' dir='ltr'><strong>in</strong></span> 
     </span>
    </p>
   </div>
   <div class='ocr_carea' id='block_1_9' title="bbox 363 929 1194 998">
    <p class='ocr_par' dir='ltr' id='par_1_9' title="bbox 363 929 1194 998">
     <span class='ocr_line' id='line_1_9' title="bbox 363 929 1194 998; baseline -0.005 -15"><span class='ocrx_word' id='word_1_56' title='bbox 363 929 505 984; x_wconf 87' lang='lat' dir='ltr'><strong>cista</strong></span> <span class='ocrx_word' id='word_1_57' title='bbox 539 935 852 998; x_wconf 88' lang='lat' dir='ltr'><strong>serpentem</strong></span> <span class='ocrx_word' id='word_1_58' title='bbox 884 934 1194 984; x_wconf 79' lang='lat' dir='ltr'><strong>asservant.</strong></span> 
     </span>
    </p>
   </div>
   <div class='ocr_carea' id='block_1_10' title="bbox 437 1013 1970 1091">
    <p class='ocr_par' dir='ltr' id='par_1_10' title="bbox 437 1013 1970 1091">
     <span class='ocr_line' id='line_1_10' title="bbox 437 1013 1970 1091; baseline -0.004 -15"><span class='ocrx_word' id='word_1_59' title='bbox 437 1019 653 1076; x_wconf 83' lang='lat' dir='ltr'><strong>Caiani.</strong></span> <span class='ocrx_word' id='word_1_60' title='bbox 701 1020 954 1077; x_wconf 86' lang='lat' dir='ltr'><strong>Veterem</strong></span> <span class='ocrx_word' id='word_1_61' title='bbox 1000 1021 1208 1091; x_wconf 84' lang='lat' dir='ltr'><strong>legem,</strong></span> <span class='ocrx_word' id='word_1_62' title='bbox 1247 1027 1299 1073; x_wconf 91' lang='lat' dir='ltr'><strong>et</strong></span> <span class='ocrx_word' id='word_1_63' title='bbox 1337 1031 1461 1072; x_wconf 90' lang='lat' dir='ltr'><strong>eum</strong></span> <span class='ocrx_word' id='word_1_64' title='bbox 1501 1015 1595 1087; x_wconf 92' lang='lat' dir='ltr'><strong>qui</strong></span> <span class='ocrx_word' id='word_1_65' title='bbox 1640 1015 1788 1071; x_wconf 90' lang='lat' dir='ltr'><strong>illius</strong></span> <span class='ocrx_word' id='word_1_66' title='bbox 1833 1013 1970 1085; x_wconf 85' lang='lat' dir='ltr'><strong>legis</strong></span> 
     </span>
    </p>
   </div>
   <div class='ocr_carea' id='block_1_11' title="bbox 366 1105 1968 1182">
    <p class='ocr_par' dir='ltr' id='par_1_11' title="bbox 366 1105 1968 1182">
     <span class='ocr_line' id='line_1_11' title="bbox 366 1105 1968 1182; baseline -0.002 -17"><span class='ocrx_word' id='word_1_67' title='bbox 366 1119 616 1182; x_wconf 88' lang='lat' dir='ltr'><strong>tempore</strong></span> <span class='ocrx_word' id='word_1_68' title='bbox 672 1105 890 1169; x_wconf 75' lang='lat' dir='ltr'><strong>locutus</strong></span> <span class='ocrx_word' id='word_1_69' title='bbox 944 1119 1063 1174; x_wconf 90' lang='lat' dir='ltr'><strong>est,</strong></span> <span class='ocrx_word' id='word_1_70' title='bbox 1125 1109 1436 1180; x_wconf 89' lang='lat' dir='ltr'><strong>repudiant.</strong></span> <span class='ocrx_word' id='word_1_71' title='bbox 1487 1107 1968 1164; x_wconf 78' lang='lat' dir='ltr'><strong>Resurrectionem</strong></span> 
     </span>
    </p>
   </div>
   <div class='ocr_carea' id='block_1_12' title="bbox 365 1200 1965 1274">
    <p class='ocr_par' dir='ltr' id='par_1_12' title="bbox 365 1200 1965 1274">
     <span class='ocr_line' id='line_1_12' title="bbox 365 1200 1965 1274; baseline -0.001 -19"><span class='ocrx_word' id='word_1_72' title='bbox 365 1204 556 1258; x_wconf 89' lang='lat' dir='ltr'><strong>carnis</strong></span> <span class='ocrx_word' id='word_1_73' title='bbox 626 1203 944 1274; x_wconf 84' lang='lat' dir='ltr'><strong>abnegant,</strong></span> <span class='ocrx_word' id='word_1_74' title='bbox 1007 1203 1240 1258; x_wconf 90' lang='lat' dir='ltr'><strong>Cainum</strong></span> <span class='ocrx_word' id='word_1_75' title='bbox 1311 1200 1730 1267; x_wconf 88' lang='lat' dir='ltr'><strong>commendant;</strong></span> <span class='ocrx_word' id='word_1_76' title='bbox 1805 1215 1965 1271; x_wconf 86' lang='lat' dir='ltr'><strong>quem</strong></span> 
     </span>
    </p>
   </div>
   <div class='ocr_carea' id='block_1_13' title="bbox 366 1291 1962 1365">
    <p class='ocr_par' dir='ltr' id='par_1_13' title="bbox 366 1291 1962 1365">
     <span class='ocr_line' id='line_1_13' title="bbox 366 1291 1962 1365; baseline 0 -19"><span class='ocrx_word' id='word_1_77' title='bbox 366 1297 763 1363; x_wconf 61' lang='lat' dir='ltr'><strong>praastantioris</strong></span> <span class='ocrx_word' id='word_1_78' title='bbox 815 1295 1108 1365; x_wconf 88' lang='lat' dir='ltr'><strong>cujusdam</strong></span> <span class='ocrx_word' id='word_1_79' title='bbox 1151 1293 1377 1348; x_wconf 85' lang='lat' dir='ltr'><strong>virtutis</strong></span> <span class='ocrx_word' id='word_1_80' title='bbox 1427 1291 1599 1348; x_wconf 83' lang='lat' dir='ltr'><strong>fuisse</strong></span> <span class='ocrx_word' id='word_1_81' title='bbox 1638 1292 1962 1363; x_wconf 75' lang='lat' dir='ltr'><strong>praedicant.</strong></span> 
     </span>
    </p>
   </div>
   <div class='ocr_carea' id='block_1_14' title="bbox 367 1384 1966 1459">
    <p class='ocr_par' dir='ltr' id='par_1_14' title="bbox 367 1384 1966 1459">
     <span class='ocr_line' id='line_1_14' title="bbox 367 1384 1966 1459; baseline -0.001 -18"><span class='ocrx_word' id='word_1_82' title='bbox 367 1387 476 1442; x_wconf 85' lang='lat' dir='ltr'><strong>Sed</strong></span> <span class='ocrx_word' id='word_1_83' title='bbox 499 1397 563 1459; x_wconf 87' lang='lat' dir='ltr'><strong>_et</strong></span> <span class='ocrx_word' id='word_1_84' title='bbox 587 1386 803 1458; x_wconf 45' lang='lat' dir='ltr'><strong>.Judam</strong></span> <span class='ocrx_word' id='word_1_85' title='bbox 835 1388 1038 1444; x_wconf 85' lang='lat' dir='ltr'><strong>divinis</strong></span> <span class='ocrx_word' id='word_1_86' title='bbox 1066 1386 1369 1444; x_wconf 85' lang='lat' dir='ltr'><strong>honoribus</strong></span> <span class='ocrx_word' id='word_1_87' title='bbox 1415 1384 1696 1453; x_wconf 76' lang='lat' dir='ltr'><strong>alﬁciunt;</strong></span> <span class='ocrx_word' id='word_1_88' title='bbox 1748 1400 1966 1440; x_wconf 86' lang='lat' dir='ltr'><strong>necnon</strong></span> 
     </span>
    </p>
   </div>
   <div class='ocr_carea' id='block_1_15' title="bbox 363 1474 1690 1546">
    <p class='ocr_par' dir='ltr' id='par_1_15' title="bbox 363 1474 1690 1546">
     <span class='ocr_line' id='line_1_15' title="bbox 363 1474 1690 1546; baseline 0 -14"><span class='ocrx_word' id='word_1_89' title='bbox 363 1487 418 1532; x_wconf 88' lang='lat' dir='ltr'><strong>et</strong></span> <span class='ocrx_word' id='word_1_90' title='bbox 444 1476 608 1546; x_wconf 88' lang='lat' dir='ltr'><strong>Core,</strong></span> <span class='ocrx_word' id='word_1_91' title='bbox 639 1477 875 1545; x_wconf 89' lang='lat' dir='ltr'><strong>Dathan,</strong></span> <span class='ocrx_word' id='word_1_92' title='bbox 909 1485 964 1534; x_wconf 90' lang='lat' dir='ltr'><strong>et</strong></span> <span class='ocrx_word' id='word_1_93' title='bbox 988 1477 1219 1543; x_wconf 86' lang='lat' dir='ltr'><strong>Abiron,</strong></span> <span class='ocrx_word' id='word_1_94' title='bbox 1259 1491 1325 1533; x_wconf 92' lang='lat' dir='ltr'><strong>ac</strong></span> <span class='ocrx_word' id='word_1_95' title='bbox 1353 1474 1690 1532; x_wconf 90' lang='lat' dir='ltr'><strong>Sodomitas.</strong></span> 
     </span>
    </p>
   </div>
   <div class='ocr_carea' id='block_1_16' title="bbox 431 1658 1961 1733">
    <p class='ocr_par' dir='ltr' id='par_1_16' title="bbox 431 1658 1961 1733">
     <span class='ocr_line' id='line_1_16' title="bbox 431 1658 1961 1733; baseline -0.006 -12"><span class='ocrx_word' id='word_1_96' title='bbox 431 1662 597 1733; x_wconf 80' lang='lat'><strong>230</strong></span> <span class='ocrx_word' id='word_1_97' title='bbox 655 1661 926 1718; x_wconf 77' lang='lat' dir='ltr'><strong>Sethiam’.</strong></span> <span class='ocrx_word' id='word_1_98' title='bbox 983 1661 1052 1716; x_wconf 83' lang='lat' dir='ltr'><strong>Hi</strong></span> <span class='ocrx_word' id='word_1_99' title='bbox 1109 1660 1338 1718; x_wconf 90' lang='lat' dir='ltr'><strong>Sethum</strong></span> <span class='ocrx_word' id='word_1_100' title='bbox 1395 1660 1651 1717; x_wconf 78' lang='lat' dir='ltr'><strong>laudibus</strong></span> <span class='ocrx_word' id='word_1_101' title='bbox 1709 1658 1961 1715; x_wconf 75' lang='lat' dir='ltr'><strong>eﬂ‘erunt.</strong></span> 
     </span>
    </p>
   </div>
   <div class='ocr_carea' id='block_1_17' title="bbox 2077 555 3683 629">
    <p class='ocr_par' dir='ltr' id='par_1_17' title="bbox 2077 555 3683 629">
     <span class='ocr_line' id='line_1_17' title="bbox 2077 555 3683 629; baseline 0 -18"><span class='ocrx_word' id='word_1_102' title='bbox 2077 559 2200 620; x_wconf 87' lang='grc' dir='ltr'>καῖς</span> <span class='ocrx_word' id='word_1_103' title='bbox 2238 555 2446 621; x_wconf 78' lang='grc' dir='ltr'><strong>λέξεσιν</strong></span> <span class='ocrx_word' id='word_1_104' title='bbox 2482 556 2831 626; x_wconf 74' lang='grc' dir='ltr'><strong>ἐπιλέγοντες</strong></span> <span class='ocrx_word' id='word_1_105' title='bbox 2865 556 2960 608; x_wconf 76' lang='grc' dir='ltr'><strong>ἐπὶ</strong></span> <span class='ocrx_word' id='word_1_106' title='bbox 2998 557 3065 627; x_wconf 81' lang='grc' dir='ltr'>τῇ</span> <span class='ocrx_word' id='word_1_107' title='bbox 3101 557 3314 629; x_wconf 80' lang='grc' dir='ltr'><strong>κεφαλῇ</strong></span> <span class='ocrx_word' id='word_1_108' title='bbox 3369 556 3464 610; x_wconf 83' lang='grc' dir='ltr'>τοῦ</span> <span class='ocrx_word' id='word_1_109' title='bbox 3520 555 3683 628; x_wconf 72' lang='grc' dir='ltr'>δῆθεν</span> 
     </span>
    </p>
   </div>
   <div class='ocr_carea' id='block_1_18' title="bbox 2075 647 2461 720">
    <p class='ocr_par' dir='ltr' id='par_1_18' title="bbox 2075 647 2461 720">
     <span class='ocr_line' id='line_1_18' title="bbox 2075 647 2461 720; baseline 0.003 -19"><span class='ocrx_word' id='word_1_110' title='bbox 2075 647 2461 720; x_wconf 81' lang='grc' dir='ltr'><strong>λυτρουμένου.</strong></span> 
     </span>
    </p>
   </div>
   <div class='ocr_carea' id='block_1_19' title="bbox 2145 735 3686 808">
    <p class='ocr_par' dir='ltr' id='par_1_19' title="bbox 2145 735 3686 808">
     <span class='ocr_line' id='line_1_19' title="bbox 2145 735 3686 808; baseline 0.003 -18"><span class='ocrx_word' id='word_1_111' title='bbox 2145 737 2396 807; x_wconf 68' lang='grc' dir='ltr'>Ὀφῖται.</span> <span class='ocrx_word' id='word_1_112' title='bbox 2441 738 2656 808; x_wconf 79' lang='grc' dir='ltr'>ὐφῖταί</span> <span class='ocrx_word' id='word_1_113' title='bbox 2681 735 2819 792; x_wconf 81' lang='grc' dir='ltr'>εἰσιν</span> <span class='ocrx_word' id='word_1_114' title='bbox 2848 739 2898 792; x_wconf 79' lang='lat' dir='ltr'><strong>oi</strong></span> <span class='ocrx_word' id='word_1_115' title='bbox 2923 737 3016 793; x_wconf 84' lang='grc' dir='ltr'>τὸν</span> <span class='ocrx_word' id='word_1_116' title='bbox 3041 738 3165 808; x_wconf 71' lang='grc' dir='ltr'>ὅφιν</span> <span class='ocrx_word' id='word_1_117' title='bbox 3187 739 3506 806; x_wconf 78' lang='grc' dir='ltr'>δοξάζοντες</span> <span class='ocrx_word' id='word_1_118' title='bbox 3524 779 3541 807; x_wconf 88' lang='grc'><strong>,</strong></span> <span class='ocrx_word' id='word_1_119' title='bbox 3590 741 3686 794; x_wconf 85' lang='grc' dir='ltr'><strong>καὶ</strong></span> 
     </span>
    </p>
   </div>
   <div class='ocr_carea' id='block_1_20' title="bbox 2072 829 3684 904">
    <p class='ocr_par' dir='ltr' id='par_1_20' title="bbox 2072 829 3684 904">
     <span class='ocr_line' id='line_1_20' title="bbox 2072 829 3684 904; baseline 0.004 -22"><span class='ocrx_word' id='word_1_120' title='bbox 2072 829 2262 883; x_wconf 80' lang='grc' dir='ltr'>τοῦτον</span> <span class='ocrx_word' id='word_1_121' title='bbox 2299 829 2390 884; x_wconf 89' lang='grc' dir='ltr'><strong>τὺν</strong></span> <span class='ocrx_word' id='word_1_122' title='bbox 2422 830 2659 902; x_wconf 87' lang='grc' dir='ltr'>Χριστὸν</span> <span class='ocrx_word' id='word_1_123' title='bbox 2690 831 3024 904; x_wconf 81' lang='grc' dir='ltr'>ἡγούμενοι·</span> <span class='ocrx_word' id='word_1_124' title='bbox 3066 832 3284 903; x_wconf 75' lang='grc' dir='ltr'>ἔχοντες</span> <span class='ocrx_word' id='word_1_125' title='bbox 3326 833 3384 887; x_wconf 85' lang='grc' dir='ltr'>δὲ</span> <span class='ocrx_word' id='word_1_126' title='bbox 3419 834 3584 904; x_wconf 76' lang='grc' dir='ltr'>φύσει</span> <span class='ocrx_word' id='word_1_127' title='bbox 3624 834 3684 888; x_wconf 85' lang='grc' dir='ltr'>τὺ</span> 
     </span>
    </p>
   </div>
   <div class='ocr_carea' id='block_1_21' title="bbox 2072 920 2732 995">
    <p class='ocr_par' dir='ltr' id='par_1_21' title="bbox 2072 920 2732 995">
     <span class='ocr_line' id='line_1_21' title="bbox 2072 920 2732 995; baseline 0.005 -22"><span class='ocrx_word' id='word_1_128' title='bbox 2072 920 2306 992; x_wconf 77' lang='grc' dir='ltr'>ἑρπετὸν</span> <span class='ocrx_word' id='word_1_129' title='bbox 2337 921 2395 974; x_wconf 84' lang='grc' dir='ltr'><strong>ἐν</strong></span> <span class='ocrx_word' id='word_1_130' title='bbox 2423 921 2585 995; x_wconf 85' lang='grc' dir='ltr'><strong>κίστῃ</strong></span> <span class='ocrx_word' id='word_1_131' title='bbox 2607 926 2732 976; x_wconf 90' lang='grc' dir='ltr'>τινί.</span> 
     </span>
    </p>
   </div>
   <div class='ocr_carea' id='block_1_22' title="bbox 2141 1011 3677 1092">
    <p class='ocr_par' dir='ltr' id='par_1_22' title="bbox 2141 1011 3677 1092">
     <span class='ocr_line' id='line_1_22' title="bbox 2141 1011 3677 1092; baseline 0.005 -26"><span class='ocrx_word' id='word_1_132' title='bbox 2141 1011 2408 1066; x_wconf 76' lang='grc' dir='ltr'>Κατανοί.</span> <span class='ocrx_word' id='word_1_133' title='bbox 2442 1012 2554 1065; x_wconf 78' lang='grc' dir='ltr'><strong>Καὶ</strong></span> <span class='ocrx_word' id='word_1_134' title='bbox 2581 1014 2809 1066; x_wconf 74' lang='grc' dir='ltr'>Καῖανοὶ</span> <span class='ocrx_word' id='word_1_135' title='bbox 2829 1014 3093 1079; x_wconf 79' lang='grc' dir='ltr'><strong>ὡσαύτως</strong></span> <span class='ocrx_word' id='word_1_136' title='bbox 3115 1016 3233 1086; x_wconf 80' lang='grc' dir='ltr'><strong>ἅμα</strong></span> <span class='ocrx_word' id='word_1_137' title='bbox 3261 1016 3372 1069; x_wconf 86' lang='grc' dir='ltr'>τῶν</span> <span class='ocrx_word' id='word_1_138' title='bbox 3399 1018 3677 1092; x_wconf 83' lang='grc' dir='ltr'>πρότερον</span> 
     </span>
    </p>
   </div>
   <div class='ocr_carea' id='block_1_23' title="bbox 2068 1102 3673 1179">
    <p class='ocr_par' dir='ltr' id='par_1_23' title="bbox 2068 1102 3673 1179">
     <span class='ocr_line' id='line_1_23' title="bbox 2068 1102 3673 1179; baseline 0.006 -24"><span class='ocrx_word' id='word_1_139' title='bbox 2068 1102 2161 1156; x_wconf 78' lang='grc' dir='ltr'>τὸν</span> <span class='ocrx_word' id='word_1_140' title='bbox 2185 1102 2350 1173; x_wconf 90' lang='grc' dir='ltr'>νόμον</span> <span class='ocrx_word' id='word_1_141' title='bbox 2373 1143 2388 1169; x_wconf 91' lang='grc'><strong>,</strong></span> <span class='ocrx_word' id='word_1_142' title='bbox 2425 1104 2518 1158; x_wconf 72' lang='grc' dir='ltr'>καὶ</span> <span class='ocrx_word' id='word_1_143' title='bbox 2549 1103 2640 1158; x_wconf 82' lang='grc' dir='ltr'><strong>τὸν</strong></span> <span class='ocrx_word' id='word_1_144' title='bbox 2684 1105 2994 1176; x_wconf 84' lang='grc' dir='ltr'>λαλήσαντα</span> <span class='ocrx_word' id='word_1_145' title='bbox 3035 1108 3093 1161; x_wconf 86' lang='grc' dir='ltr'><strong>ἐν</strong></span> <span class='ocrx_word' id='word_1_146' title='bbox 3141 1108 3292 1179; x_wconf 88' lang='grc' dir='ltr'>νόμῳ</span> <span class='ocrx_word' id='word_1_147' title='bbox 3320 1108 3673 1176; x_wconf 76' lang='grc' dir='ltr'>ἀθετοῦντες,</span> 
     </span>
    </p>
   </div>
   <div class='ocr_carea' id='block_1_24' title="bbox 2072 1195 3677 1270">
    <p class='ocr_par' dir='ltr' id='par_1_24' title="bbox 2072 1195 3677 1270">
     <span class='ocr_line' id='line_1_24' title="bbox 2072 1195 3677 1270; baseline 0.005 -22"><span class='ocrx_word' id='word_1_148' title='bbox 2072 1195 2274 1268; x_wconf 86' lang='grc' dir='ltr'>σαρκός</span> <span class='ocrx_word' id='word_1_149' title='bbox 2305 1211 2366 1249; x_wconf 85' lang='grc' dir='ltr'><strong>τε</strong></span> <span class='ocrx_word' id='word_1_150' title='bbox 2394 1195 2692 1252; x_wconf 84' lang='grc' dir='ltr'>ἀνάστασιν</span> <span class='ocrx_word' id='word_1_151' title='bbox 2722 1197 3046 1270; x_wconf 78' lang='grc' dir='ltr'>ἀρνούμενοι</span> <span class='ocrx_word' id='word_1_152' title='bbox 3067 1240 3083 1267; x_wconf 89' lang='grc'><strong>,</strong></span> <span class='ocrx_word' id='word_1_153' title='bbox 3115 1199 3206 1253; x_wconf 81' lang='grc' dir='ltr'>τὸν</span> <span class='ocrx_word' id='word_1_154' title='bbox 3243 1199 3383 1254; x_wconf 87' lang='grc' dir='ltr'>Κάῖν</span> <span class='ocrx_word' id='word_1_155' title='bbox 3417 1202 3677 1266; x_wconf 70' lang='grc' dir='ltr'>δοξάζουρ</span> 
     </span>
    </p>
   </div>
   <div class='ocr_carea' id='block_1_25' title="bbox 2071 1286 3671 1364">
    <p class='ocr_par' dir='ltr' id='par_1_25' title="bbox 2071 1286 3671 1364">
     <span class='ocr_line' id='line_1_25' title="bbox 2071 1286 3671 1364; baseline 0.004 -23"><span class='ocrx_word' id='word_1_156' title='bbox 2071 1305 2124 1340; x_wconf 93' lang='grc' dir='ltr'>σι</span> <span class='ocrx_word' id='word_1_157' title='bbox 2146 1328 2160 1350; x_wconf 86' lang='grc'><strong>,</strong></span> <span class='ocrx_word' id='word_1_158' title='bbox 2189 1288 2442 1357; x_wconf 86' lang='grc' dir='ltr'>λέγοντες</span> <span class='ocrx_word' id='word_1_159' title='bbox 2467 1289 2632 1343; x_wconf 82' lang='grc' dir='ltr'>αὐτὸν</span> <span class='ocrx_word' id='word_1_160' title='bbox 2661 1290 2760 1360; x_wconf 81' lang='grc' dir='ltr'>τῆς</span> <span class='ocrx_word' id='word_1_161' title='bbox 2797 1291 3152 1363; x_wconf 75' lang='grc' dir='ltr'>ἰσχυροτέρας</span> <span class='ocrx_word' id='word_1_162' title='bbox 3180 1286 3321 1345; x_wconf 78' lang='grc' dir='ltr'>εῖναι</span> <span class='ocrx_word' id='word_1_163' title='bbox 3360 1293 3671 1364; x_wconf 83' lang='grc' dir='ltr'>δυνάμεως.</span> 
     </span>
    </p>
   </div>
   <div class='ocr_carea' id='block_1_26' title="bbox 2071 1379 3674 1456">
    <p class='ocr_par' dir='ltr' id='par_1_26' title="bbox 2071 1379 3674 1456">
     <span class='ocr_line' id='line_1_26' title="bbox 2071 1379 3674 1456; baseline 0.006 -25"><span class='ocrx_word' id='word_1_164' title='bbox 2071 1379 2222 1450; x_wconf 76' lang='grc' dir='ltr'><strong>Ἅμα</strong></span> <span class='ocrx_word' id='word_1_165' title='bbox 2251 1380 2308 1433; x_wconf 78' lang='grc' dir='ltr'>δὲ</span> <span class='ocrx_word' id='word_1_166' title='bbox 2337 1381 2432 1434; x_wconf 72' lang='grc' dir='ltr'><strong>καὶ</strong></span> <span class='ocrx_word' id='word_1_167' title='bbox 2460 1379 2552 1434; x_wconf 80' lang='grc' dir='ltr'><strong>τὸν</strong></span> <span class='ocrx_word' id='word_1_168' title='bbox 2602 1381 2806 1436; x_wconf 84' lang='grc' dir='ltr'>Ἰούδαν</span> <span class='ocrx_word' id='word_1_169' title='bbox 2845 1383 3220 1456; x_wconf 77' lang='grc' dir='ltr'>ἐκθειάζουσιν</span> <span class='ocrx_word' id='word_1_170' title='bbox 3245 1424 3263 1453; x_wconf 90' lang='grc'><strong>,</strong></span> <span class='ocrx_word' id='word_1_171' title='bbox 3295 1384 3434 1456; x_wconf 76' lang='grc' dir='ltr'>ὁμοῦ</span> <span class='ocrx_word' id='word_1_172' title='bbox 3467 1403 3528 1440; x_wconf 90' lang='grc' dir='ltr'><strong>τε</strong></span> <span class='ocrx_word' id='word_1_173' title='bbox 3576 1389 3674 1441; x_wconf 76' lang='grc' dir='ltr'>καὶ</span> 
     </span>
    </p>
   </div>
   <div class='ocr_carea' id='block_1_27' title="bbox 2067 1449 3674 1548">
    <p class='ocr_par' dir='ltr' id='par_1_27' title="bbox 2067 1449 3674 1548">
     <span class='ocr_line' id='line_1_27' title="bbox 2067 1449 3674 1548; baseline 0.006 -26"><span class='ocrx_word' id='word_1_174' title='bbox 2067 1449 2194 1533; x_wconf 62' lang='grc' dir='ltr'>τους</span> <span class='ocrx_word' id='word_1_175' title='bbox 2222 1471 2350 1541; x_wconf 71' lang='grc' dir='ltr'>περὶ</span> <span class='ocrx_word' id='word_1_176' title='bbox 2377 1469 2519 1542; x_wconf 85' lang='grc' dir='ltr'>Κορὲ</span> <span class='ocrx_word' id='word_1_177' title='bbox 2561 1472 2656 1524; x_wconf 76' lang='grc' dir='ltr'>καὶ</span> <span class='ocrx_word' id='word_1_178' title='bbox 2700 1472 2880 1528; x_wconf 85' lang='grc' dir='ltr'>Δαθὰν</span> <span class='ocrx_word' id='word_1_179' title='bbox 2914 1449 3008 1527; x_wconf 76' lang='grc' dir='ltr'>κάὶ</span> <span class='ocrx_word' id='word_1_180' title='bbox 3052 1449 3370 1548; x_wconf 36' lang='grc' dir='ltr'>Ἀϐειρῶμλ</span> <span class='ocrx_word' id='word_1_181' title='bbox 3404 1475 3545 1530; x_wconf 87' lang='grc' dir='ltr'><strong>ἀλλά</strong></span> <span class='ocrx_word' id='word_1_182' title='bbox 3575 1479 3674 1534; x_wconf 81' lang='grc' dir='ltr'>καὶ</span> 
     </span>
    </p>
   </div>
   <div class='ocr_carea' id='block_1_28' title="bbox 2066 1561 3506 1635">
    <p class='ocr_par' dir='ltr' id='par_1_28' title="bbox 2066 1561 3506 1635">
     <span class='ocr_line' id='line_1_28' title="bbox 2066 1561 3506 1635; baseline 0.007 -21"><span class='ocrx_word' id='word_1_183' title='bbox 2066 1561 2194 1626; x_wconf 74' lang='grc' dir='ltr'>τοὺς</span> <span class='ocrx_word' id='word_1_184' title='bbox 2225 1563 2544 1635; x_wconf 78' lang='grc' dir='ltr'>Σοδομίτας.</span> <span class='ocrx_word' id='word_1_185' title='bbox 3003 1608 3016 1616; x_wconf 84' lang='grc'><strong>.</strong></span> <span class='ocrx_word' id='word_1_186' title='bbox 3259 1629 3264 1632; x_wconf 96' lang='lat'>_</span> <span class='ocrx_word' id='word_1_187' title='bbox 3499 1617 3506 1624; x_wconf 95' lang='lat'><strong>.</strong></span> 
     </span>
    </p>
   </div>
   <div class='ocr_carea' id='block_1_29' title="bbox 2135 1653 3671 1732">
    <p class='ocr_par' dir='ltr' id='par_1_29' title="bbox 2135 1653 3671 1732">
     <span class='ocr_line' id='line_1_29' title="bbox 2135 1653 3671 1732; baseline 0.005 -22"><span class='ocrx_word' id='word_1_188' title='bbox 2135 1657 2438 1724; x_wconf 79' lang='grc' dir='ltr'>Σηθιανοί.</span> <span class='ocrx_word' id='word_1_189' title='bbox 2460 1653 2620 1713; x_wconf 76' lang='grc' dir='ltr'>Οὗτοι</span> <span class='ocrx_word' id='word_1_190' title='bbox 2640 1658 2802 1714; x_wconf 86' lang='grc' dir='ltr'>πάλιν</span> <span class='ocrx_word' id='word_1_191' title='bbox 2830 1660 2921 1712; x_wconf 81' lang='grc' dir='ltr'><strong>τὸν</strong></span> <span class='ocrx_word' id='word_1_192' title='bbox 2938 1659 3048 1732; x_wconf 81' lang='grc' dir='ltr'>Σὴθ</span> <span class='ocrx_word' id='word_1_193' title='bbox 3076 1656 3384 1728; x_wconf 76' lang='grc' dir='ltr'>δοξάζουσι,</span> <span class='ocrx_word' id='word_1_194' title='bbox 3422 1662 3671 1732; x_wconf 81' lang='grc' dir='ltr'>φάσκον-</span> 
     </span>
    </p>
   </div>
   <div class='ocr_carea' id='block_1_30' title="bbox 360 1740 1956 1828">
    <p class='ocr_par' dir='ltr' id='par_1_30' title="bbox 360 1751 1956 1824">
     <span class='ocr_line' id='line_1_30' title="bbox 360 1751 1956 1824; baseline -0.003 -18"><span class='ocrx_word' id='word_1_195' title='bbox 360 1751 535 1818; x_wconf 82' lang='lat' dir='ltr'><strong>Quem</strong></span> <span class='ocrx_word' id='word_1_196' title='bbox 567 1769 596 1808; x_wconf 92' lang='lat' dir='ltr'><strong>a</strong></span> <span class='ocrx_word' id='word_1_197' title='bbox 625 1768 881 1824; x_wconf 88' lang='lat' dir='ltr'><strong>suprema</strong></span> <span class='ocrx_word' id='word_1_198' title='bbox 908 1752 1142 1807; x_wconf 89' lang='lat' dir='ltr'><strong>Parente</strong></span> <span class='ocrx_word' id='word_1_199' title='bbox 1175 1758 1527 1822; x_wconf 90' lang='lat' dir='ltr'><strong>procreatum</strong></span> <span class='ocrx_word' id='word_1_200' title='bbox 1568 1757 1796 1821; x_wconf 89' lang='lat' dir='ltr'><strong>putant;</strong></span> <span class='ocrx_word' id='word_1_201' title='bbox 1832 1764 1956 1804; x_wconf 88' lang='lat' dir='ltr'><strong>cum</strong></span> 
     </span>
    </p>
   </div>
   <div class='ocr_carea' id='block_1_31' title="bbox 2073 1740 3670 1828">
    <p class='ocr_par' dir='ltr' id='par_1_31' title="bbox 2073 1744 3670 1828">
     <span class='ocr_line' id='line_1_31' title="bbox 2073 1744 3670 1828; baseline 0.008 -30"><span class='ocrx_word' id='word_1_202' title='bbox 2073 1762 2156 1809; x_wconf 87' lang='grc' dir='ltr'><strong>τες</strong></span> <span class='ocrx_word' id='word_1_203' title='bbox 2182 1747 2345 1801; x_wconf 81' lang='grc' dir='ltr'>αὐτὸν</span> <span class='ocrx_word' id='word_1_204' title='bbox 2389 1744 2531 1803; x_wconf 74' lang='grc' dir='ltr'>εἶναι</span> <span class='ocrx_word' id='word_1_205' title='bbox 2563 1752 2628 1804; x_wconf 88' lang='grc' dir='ltr'><strong>ἐκ</strong></span> <span class='ocrx_word' id='word_1_206' title='bbox 2654 1751 2754 1823; x_wconf 84' lang='grc' dir='ltr'>τῆς</span> <span class='ocrx_word' id='word_1_207' title='bbox 2777 1751 2890 1805; x_wconf 80' lang='grc' dir='ltr'>ἄνω</span> <span class='ocrx_word' id='word_1_208' title='bbox 2911 1753 3136 1825; x_wconf 87' lang='grc' dir='ltr'>Μητρὸς</span> <span class='ocrx_word' id='word_1_209' title='bbox 3165 1755 3670 1828; x_wconf 88' lang='grc' dir='ltr'>μεταμεληθείσης,</span> 
     </span>
    </p>
   </div>
   <div class='ocr_carea' id='block_1_32' title="bbox 360 1840 1961 1913">
    <p class='ocr_par' dir='ltr' id='par_1_32' title="bbox 360 1840 1961 1913">
     <span class='ocr_line' id='line_1_32' title="bbox 360 1840 1961 1913; baseline -0.001 -16"><span class='ocrx_word' id='word_1_210' title='bbox 360 1858 482 1897; x_wconf 86' lang='lat' dir='ltr'><strong>eam</strong></span> <span class='ocrx_word' id='word_1_211' title='bbox 512 1843 823 1913; x_wconf 80' lang='lat' dir='ltr'><strong>pamiteret,</strong></span> <span class='ocrx_word' id='word_1_212' title='bbox 853 1843 1001 1912; x_wconf 90' lang='lat' dir='ltr'><strong>quod</strong></span> <span class='ocrx_word' id='word_1_213' title='bbox 1032 1841 1266 1896; x_wconf 85' lang='lat' dir='ltr'><strong>Cainum</strong></span> <span class='ocrx_word' id='word_1_214' title='bbox 1293 1841 1577 1898; x_wconf 85' lang='lat' dir='ltr'><strong>edidisset.</strong></span> <span class='ocrx_word' id='word_1_215' title='bbox 1612 1840 1733 1908; x_wconf 86' lang='lat' dir='ltr'><strong>Quo</strong></span> <span class='ocrx_word' id='word_1_216' title='bbox 1763 1841 1961 1912; x_wconf 78' lang='lat' dir='ltr'><strong>ejecto,</strong></span> 
     </span>
    </p>
   </div>
   <div class='ocr_carea' id='block_1_33' title="bbox 359 1930 1964 2004">
    <p class='ocr_par' dir='ltr' id='par_1_33' title="bbox 359 1930 1964 2004">
     <span class='ocr_line' id='line_1_33' title="bbox 359 1930 1964 2004; baseline -0.001 -16"><span class='ocrx_word' id='word_1_217' title='bbox 359 1932 644 2004; x_wconf 86' lang='lat' dir='ltr'><strong>Abcloque</strong></span> <span class='ocrx_word' id='word_1_218' title='bbox 693 1932 987 1990; x_wconf 80' lang='lat' dir='ltr'><strong>interfecto</strong></span> <span class='ocrx_word' id='word_1_219' title='bbox 1029 1947 1157 1987; x_wconf 90' lang='lat' dir='ltr'><strong>cum</strong></span> <span class='ocrx_word' id='word_1_220' title='bbox 1201 1945 1419 1987; x_wconf 89' lang='lat' dir='ltr'><strong>summo</strong></span> <span class='ocrx_word' id='word_1_221' title='bbox 1465 1930 1626 1988; x_wconf 88' lang='lat' dir='ltr'><strong>Patre</strong></span> <span class='ocrx_word' id='word_1_222' title='bbox 1665 1945 1964 2004; x_wconf 87' lang='lat' dir='ltr'><strong>congressa</strong></span> 
     </span>
    </p>
   </div>
   <div class='ocr_carea' id='block_1_34' title="bbox 364 2020 1964 2095">
    <p class='ocr_par' dir='ltr' id='par_1_34' title="bbox 364 2020 1964 2095">
     <span class='ocr_line' id='line_1_34' title="bbox 364 2020 1964 2095; baseline -0.002 -14"><span class='ocrx_word' id='word_1_223' title='bbox 364 2025 641 2081; x_wconf 86' lang='lat' dir='ltr'><strong>sinceram</strong></span> <span class='ocrx_word' id='word_1_224' title='bbox 669 2025 919 2095; x_wconf 82' lang='lat' dir='ltr'><strong>stirpem,</strong></span> <span class='ocrx_word' id='word_1_225' title='bbox 944 2023 1199 2080; x_wconf 85' lang='lat' dir='ltr'><strong>videlicet</strong></span> <span class='ocrx_word' id='word_1_226' title='bbox 1225 2020 1477 2089; x_wconf 88' lang='lat' dir='ltr'><strong>Sethum,</strong></span> <span class='ocrx_word' id='word_1_227' title='bbox 1509 2023 1737 2093; x_wconf 87' lang='lat' dir='ltr'><strong>protulit</strong></span> <span class='ocrx_word' id='word_1_228' title='bbox 1761 2042 1773 2077; x_wconf 90' lang='lat'>:</span> <span class='ocrx_word' id='word_1_229' title='bbox 1800 2039 1829 2076; x_wconf 89' lang='lat' dir='ltr'><strong>a</strong></span> <span class='ocrx_word' id='word_1_230' title='bbox 1855 2038 1964 2093; x_wconf 93' lang='lat' dir='ltr'><strong>quo</strong></span> 
     </span>
    </p>
   </div>
   <div class='ocr_carea' id='block_1_35' title="bbox 363 2115 1963 2189">
    <p class='ocr_par' dir='ltr' id='par_1_35' title="bbox 363 2115 1963 2189">
     <span class='ocr_line' id='line_1_35' title="bbox 363 2115 1963 2189; baseline -0.001 -17"><span class='ocrx_word' id='word_1_231' title='bbox 363 2118 684 2173; x_wconf 89' lang='lat' dir='ltr'><strong>universum</strong></span> <span class='ocrx_word' id='word_1_232' title='bbox 744 2133 919 2189; x_wconf 90' lang='lat' dir='ltr'><strong>genus</strong></span> <span class='ocrx_word' id='word_1_233' title='bbox 985 2117 1273 2172; x_wconf 88' lang='lat' dir='ltr'><strong>hominum</strong></span> <span class='ocrx_word' id='word_1_234' title='bbox 1335 2115 1602 2172; x_wconf 86' lang='lat' dir='ltr'><strong>manavit.</strong></span> <span class='ocrx_word' id='word_1_235' title='bbox 1672 2115 1963 2172; x_wconf 85' lang='lat' dir='ltr'><strong>Postremo</strong></span> 
     </span>
    </p>
   </div>
   <div class='ocr_carea' id='block_1_36' title="bbox 361 2208 1962 2280">
    <p class='ocr_par' dir='ltr' id='par_1_36' title="bbox 361 2208 1962 2280">
     <span class='ocr_line' id='line_1_36' title="bbox 361 2208 1962 2280; baseline -0.001 -17"><span class='ocrx_word' id='word_1_236' title='bbox 361 2209 664 2279; x_wconf 88' lang='lat' dir='ltr'><strong>principia,</strong></span> <span class='ocrx_word' id='word_1_237' title='bbox 713 2217 769 2265; x_wconf 90' lang='lat' dir='ltr'><strong>et</strong></span> <span class='ocrx_word' id='word_1_238' title='bbox 802 2216 1136 2280; x_wconf 83' lang='lat' dir='ltr'><strong>potestates,</strong></span> <span class='ocrx_word' id='word_1_239' title='bbox 1179 2213 1490 2279; x_wconf 71' lang='lat' dir='ltr'><strong>caeteraque</strong></span> <span class='ocrx_word' id='word_1_240' title='bbox 1537 2217 1600 2263; x_wconf 91' lang='lat' dir='ltr'><strong>ut</strong></span> <span class='ocrx_word' id='word_1_241' title='bbox 1647 2208 1739 2264; x_wconf 90' lang='lat' dir='ltr'><strong>alii</strong></span> <span class='ocrx_word' id='word_1_242' title='bbox 1779 2209 1962 2263; x_wconf 90' lang='lat' dir='ltr'><strong>omnia</strong></span> 
     </span>
    </p>
   </div>
   <div class='ocr_carea' id='block_1_37' title="bbox 361 2307 632 2357">
    <p class='ocr_par' dir='ltr' id='par_1_37' title="bbox 361 2307 632 2357">
     <span class='ocr_line' id='line_1_37' title="bbox 361 2307 632 2357; baseline 0.004 -1"><span class='ocrx_word' id='word_1_243' title='bbox 361 2307 632 2357; x_wconf 83' lang='lat' dir='ltr'><strong>statuunt.</strong></span> 
     </span>
    </p>
   </div>
   <div class='ocr_carea' id='block_1_38' title="bbox 429 2485 1960 2560">
    <p class='ocr_par' dir='ltr' id='par_1_38' title="bbox 429 2485 1960 2560">
     <span class='ocr_line' id='line_1_38' title="bbox 429 2485 1960 2560; baseline 0.005 -22"><span class='ocrx_word' id='word_1_244' title='bbox 429 2485 764 2541; x_wconf 81' lang='lat' dir='ltr'><strong>Archontici.</strong></span> <span class='ocrx_word' id='word_1_245' title='bbox 804 2485 1000 2544; x_wconf 86' lang='lat' dir='ltr'><strong>Plures</strong></span> <span class='ocrx_word' id='word_1_246' title='bbox 1032 2487 1122 2544; x_wconf 90' lang='lat' dir='ltr'><strong>isti</strong></span> <span class='ocrx_word' id='word_1_247' title='bbox 1160 2485 1227 2543; x_wconf 88' lang='lat' dir='ltr'><strong>ad</strong></span> <span class='ocrx_word' id='word_1_248' title='bbox 1265 2487 1543 2560; x_wconf 89' lang='lat' dir='ltr'><strong>principes</strong></span> <span class='ocrx_word' id='word_1_249' title='bbox 1579 2490 1834 2547; x_wconf 79' lang='lat' dir='ltr'><strong>universa</strong></span> <span class='ocrx_word' id='word_1_250' title='bbox 1864 2506 1960 2546; x_wconf 85' lang='lat' dir='ltr'><strong>re-</strong></span> 
     </span>
    </p>
   </div>
   <div class='ocr_carea' id='block_1_39' title="bbox 362 2576 1964 2649">
    <p class='ocr_par' dir='ltr' id='par_1_39' title="bbox 362 2576 1964 2649">
     <span class='ocr_line' id='line_1_39' title="bbox 362 2576 1964 2649; baseline 0.006 -19"><span class='ocrx_word' id='word_1_251' title='bbox 362 2576 622 2641; x_wconf 79' lang='lat' dir='ltr'><strong>ferentes.</strong></span> <span class='ocrx_word' id='word_1_252' title='bbox 655 2592 1000 2649; x_wconf 67' lang='lat' dir='ltr'><strong>quaecunque</strong></span> <span class='ocrx_word' id='word_1_253' title='bbox 1047 2579 1189 2633; x_wconf 81' lang='lat' dir='ltr'><strong>facta</strong></span> <span class='ocrx_word' id='word_1_254' title='bbox 1233 2587 1362 2635; x_wconf 89' lang='lat' dir='ltr'><strong>sunt</strong></span> <span class='ocrx_word' id='word_1_255' title='bbox 1397 2580 1465 2634; x_wconf 89' lang='lat' dir='ltr'><strong>ab</strong></span> <span class='ocrx_word' id='word_1_256' title='bbox 1500 2580 1610 2634; x_wconf 89' lang='lat' dir='ltr'><strong>illis</strong></span> <span class='ocrx_word' id='word_1_257' title='bbox 1662 2589 1782 2636; x_wconf 88' lang='lat' dir='ltr'><strong>orta</strong></span> <span class='ocrx_word' id='word_1_258' title='bbox 1831 2583 1964 2640; x_wconf 87' lang='lat' dir='ltr'><strong>deli-</strong></span> 
     </span>
    </p>
   </div>
   <div class='ocr_carea' id='block_1_40' title="bbox 360 2657 1966 2751">
    <p class='ocr_par' dir='ltr' id='par_1_40' title="bbox 360 2657 1966 2751">
     <span class='ocr_line' id='line_1_40' title="bbox 360 2657 1966 2751; baseline 0.005 -26"><span class='ocrx_word' id='word_1_259' title='bbox 360 2671 540 2726; x_wconf 88' lang='lat' dir='ltr'><strong>niunt.</strong></span> <span class='ocrx_word' id='word_1_260' title='bbox 589 2669 806 2726; x_wconf 81' lang='lat' dir='ltr'><strong>Habent</strong></span> <span class='ocrx_word' id='word_1_261' title='bbox 841 2679 896 2728; x_wconf 92' lang='lat' dir='ltr'><strong>et</strong></span> <span class='ocrx_word' id='word_1_262' title='bbox 941 2671 1572 2742; x_wconf 53' lang='lat' dir='ltr'><strong>fcedissimarquoddam</strong></span> <span class='ocrx_word' id='word_1_263' title='bbox 1606 2657 1851 2734; x_wconf 79' lang='lat' dir='ltr'><strong>libidinis</strong></span> <span class='ocrx_word' id='word_1_264' title='bbox 1879 2695 1966 2751; x_wconf 85' lang='lat' dir='ltr'><strong>ge-</strong></span> 
     </span>
    </p>
   </div>
   <div class='ocr_carea' id='block_1_41' title="bbox 361 2762 1978 2844">
    <p class='ocr_par' dir='ltr' id='par_1_41' title="bbox 361 2762 1978 2844">
     <span class='ocr_line' id='line_1_41' title="bbox 361 2762 1978 2844; baseline 0.007 -27"><span class='ocrx_word' id='word_1_265' title='bbox 361 2778 486 2819; x_wconf 90' lang='lat' dir='ltr'><strong>nus.</strong></span> <span class='ocrx_word' id='word_1_266' title='bbox 523 2762 725 2820; x_wconf 89' lang='lat' dir='ltr'><strong>Carnis</strong></span> <span class='ocrx_word' id='word_1_267' title='bbox 751 2766 1216 2820; x_wconf 84' lang='lat' dir='ltr'><strong>resurrectionem</strong></span> <span class='ocrx_word' id='word_1_268' title='bbox 1252 2772 1542 2834; x_wconf 89' lang='lat' dir='ltr'><strong>respuunt.</strong></span> <span class='ocrx_word' id='word_1_269' title='bbox 1577 2763 1748 2823; x_wconf 85' lang='lat' dir='ltr'><strong>Vetus</strong></span> <span class='ocrx_word' id='word_1_270' title='bbox 1780 2767 1978 2844; x_wconf 19' lang='lat' dir='ltr'><strong>Testae</strong></span> 
     </span>
    </p>
   </div>
   <div class='ocr_carea' id='block_1_42' title="bbox 359 2857 1964 2929">
    <p class='ocr_par' dir='ltr' id='par_1_42' title="bbox 359 2857 1964 2929">
     <span class='ocr_line' id='line_1_42' title="bbox 359 2857 1964 2929; baseline 0.007 -20"><span class='ocrx_word' id='word_1_271' title='bbox 359 2866 607 2911; x_wconf 85' lang='lat' dir='ltr'><strong>mentum</strong></span> <span class='ocrx_word' id='word_1_272' title='bbox 632 2857 978 2914; x_wconf 90' lang='lat' dir='ltr'><strong>calumniose</strong></span> <span class='ocrx_word' id='word_1_273' title='bbox 1004 2857 1283 2929; x_wconf 88' lang='lat' dir='ltr'><strong>rejiciunt.</strong></span> <span class='ocrx_word' id='word_1_274' title='bbox 1319 2857 1644 2928; x_wconf 83' lang='lat' dir='ltr'><strong>Quanquam</strong></span> <span class='ocrx_word' id='word_1_275' title='bbox 1671 2861 1874 2928; x_wconf 90' lang='lat' dir='ltr'><strong>ethoc,</strong></span> <span class='ocrx_word' id='word_1_276' title='bbox 1910 2873 1964 2919; x_wconf 90' lang='lat' dir='ltr'><strong>et</strong></span> 
     </span>
    </p>
   </div>
   <div class='ocr_carea' id='block_1_43' title="bbox 355 2945 1964 3020">
    <p class='ocr_par' dir='ltr' id='par_1_43' title="bbox 355 2945 1964 3020">
     <span class='ocr_line' id='line_1_43' title="bbox 355 2945 1964 3020; baseline 0.007 -20"><span class='ocrx_word' id='word_1_277' title='bbox 355 2945 511 3003; x_wconf 76' lang='lat' dir='ltr'><strong>Novo</strong></span> <span class='ocrx_word' id='word_1_278' title='bbox 535 2947 762 3019; x_wconf 88' lang='lat' dir='ltr'><strong>insuper</strong></span> <span class='ocrx_word' id='word_1_279' title='bbox 790 2964 1187 3020; x_wconf 87' lang='lat' dir='ltr'><strong>nonnunquam</strong></span> <span class='ocrx_word' id='word_1_280' title='bbox 1223 2958 1450 3005; x_wconf 80' lang='lat' dir='ltr'><strong>utantur</strong></span> <span class='ocrx_word' id='word_1_281' title='bbox 1479 2967 1492 3003; x_wconf 91' lang='lat'>:</span> <span class='ocrx_word' id='word_1_282' title='bbox 1529 2965 1594 3004; x_wconf 81' lang='lat' dir='ltr'><strong>ex</strong></span> <span class='ocrx_word' id='word_1_283' title='bbox 1622 2951 1825 3020; x_wconf 84' lang='lat' dir='ltr'><strong>quibus</strong></span> <span class='ocrx_word' id='word_1_284' title='bbox 1850 2957 1964 3012; x_wconf 84' lang='lat' dir='ltr'><strong>sin-</strong></span> 
     </span>
    </p>
   </div>
   <div class='ocr_carea' id='block_1_44' title="bbox 2067 1833 3671 1920">
    <p class='ocr_par' dir='ltr' id='par_1_44' title="bbox 2067 1833 3671 1920">
     <span class='ocr_line' id='line_1_44' title="bbox 2067 1833 3671 1920; baseline 0.009 -30"><span class='ocrx_word' id='word_1_285' title='bbox 2067 1837 2152 1908; x_wconf 63' lang='lat' dir='ltr'><strong>sqr</strong></span> <span class='ocrx_word' id='word_1_286' title='bbox 2179 1833 2247 1912; x_wconf 84' lang='grc' dir='ltr'>ἦς</span> <span class='ocrx_word' id='word_1_287' title='bbox 2269 1842 2286 1871; x_wconf 79' lang='grc' dir='ltr'><strong>ί</strong></span> <span class='ocrx_word' id='word_1_288' title='bbox 2329 1841 2458 1905; x_wconf 77' lang='grc' dir='ltr'>τοὺς</span> <span class='ocrx_word' id='word_1_289' title='bbox 2504 1843 2633 1916; x_wconf 71' lang='grc' dir='ltr'>περὶ</span> <span class='ocrx_word' id='word_1_290' title='bbox 2678 1843 2769 1898; x_wconf 80' lang='grc' dir='ltr'><strong>τὸν</strong></span> <span class='ocrx_word' id='word_1_291' title='bbox 2795 1843 2932 1900; x_wconf 78' lang='grc' dir='ltr'>Κάῖν</span> <span class='ocrx_word' id='word_1_292' title='bbox 2961 1845 3294 1917; x_wconf 81' lang='grc' dir='ltr'>προεϐάλετο</span> <span class='ocrx_word' id='word_1_293' title='bbox 3315 1861 3332 1879; x_wconf 74' lang='grc' dir='ltr'><strong>ο</strong></span> <span class='ocrx_word' id='word_1_294' title='bbox 3375 1842 3496 1902; x_wconf 77' lang='grc' dir='ltr'>εἶτα</span> <span class='ocrx_word' id='word_1_295' title='bbox 3529 1849 3671 1920; x_wconf 43' lang='lat' dir='ltr'><strong>ﬁta</strong></span> 
     </span>
    </p>
   </div>
   <div class='ocr_carea' id='block_1_45' title="bbox 2068 1930 3672 2012">
    <p class='ocr_par' dir='ltr' id='par_1_45' title="bbox 2068 1930 3672 2012">
     <span class='ocr_line' id='line_1_45' title="bbox 2068 1930 3672 2012; baseline 0.006 -28"><span class='ocrx_word' id='word_1_296' title='bbox 2068 1931 2158 1985; x_wconf 81' lang='grc' dir='ltr'><strong>τὸν</strong></span> <span class='ocrx_word' id='word_1_297' title='bbox 2187 1932 2208 1962; x_wconf 77' lang='grc'>⁸</span> <span class='ocrx_word' id='word_1_298' title='bbox 2243 1930 2379 2010; x_wconf 77' lang='grc' dir='ltr'><strong>Κάῖν</strong></span> <span class='ocrx_word' id='word_1_299' title='bbox 2417 1933 2792 2008; x_wconf 85' lang='grc' dir='ltr'>ἀποϐληθῆναι</span> <span class='ocrx_word' id='word_1_300' title='bbox 2814 1976 2829 2004; x_wconf 86' lang='grc'><strong>,</strong></span> <span class='ocrx_word' id='word_1_301' title='bbox 2861 1937 2956 1991; x_wconf 76' lang='grc' dir='ltr'><strong>καὶ</strong></span> <span class='ocrx_word' id='word_1_302' title='bbox 2991 1939 3083 1992; x_wconf 84' lang='grc' dir='ltr'><strong>τὸν</strong></span> <span class='ocrx_word' id='word_1_303' title='bbox 3128 1937 3294 1992; x_wconf 75' lang='grc' dir='ltr'>’Ἅϐελ</span> <span class='ocrx_word' id='word_1_304' title='bbox 3324 1939 3672 2012; x_wconf 86' lang='grc' dir='ltr'>ἀποκτανθῆ-</span> 
     </span>
    </p>
   </div>
   <div class='ocr_carea' id='block_1_46' title="bbox 2068 2025 3672 2104">
    <p class='ocr_par' dir='ltr' id='par_1_46' title="bbox 2068 2025 3672 2104">
     <span class='ocr_line' id='line_1_46' title="bbox 2068 2025 3672 2104; baseline 0.006 -27"><span class='ocrx_word' id='word_1_305' title='bbox 2068 2041 2191 2089; x_wconf 90' lang='grc' dir='ltr'>ναι,</span> <span class='ocrx_word' id='word_1_306' title='bbox 2229 2025 2591 2098; x_wconf 77' lang='grc' dir='ltr'>συνελθούσης</span> <span class='ocrx_word' id='word_1_307' title='bbox 2613 2027 2691 2099; x_wconf 82' lang='grc' dir='ltr'><strong>τῷ</strong></span> <span class='ocrx_word' id='word_1_308' title='bbox 2719 2029 2831 2084; x_wconf 83' lang='grc' dir='ltr'>ἄνω</span> <span class='ocrx_word' id='word_1_309' title='bbox 2858 2030 3036 2102; x_wconf 85' lang='grc' dir='ltr'>Πατρὶ</span> <span class='ocrx_word' id='word_1_310' title='bbox 3062 2069 3077 2096; x_wconf 85' lang='grc'><strong>,</strong></span> <span class='ocrx_word' id='word_1_311' title='bbox 3101 2032 3197 2085; x_wconf 66' lang='grc' dir='ltr'><strong>καὶ</strong></span> <span class='ocrx_word' id='word_1_312' title='bbox 3222 2031 3465 2104; x_wconf 81' lang='grc' dir='ltr'>καθαρὸν</span> <span class='ocrx_word' id='word_1_313' title='bbox 3495 2035 3672 2104; x_wconf 74' lang='grc' dir='ltr'>σπέρ-</span> 
     </span>
    </p>
   </div>
   <div class='ocr_carea' id='block_1_47' title="bbox 2071 2115 3670 2197">
    <p class='ocr_par' dir='ltr' id='par_1_47' title="bbox 2071 2115 3670 2197">
     <span class='ocr_line' id='line_1_47' title="bbox 2071 2115 3670 2197; baseline 0.008 -31"><span class='ocrx_word' id='word_1_314' title='bbox 2071 2131 2146 2184; x_wconf 88' lang='grc' dir='ltr'><strong>μα</strong></span> <span class='ocrx_word' id='word_1_315' title='bbox 2181 2115 2271 2168; x_wconf 84' lang='grc' dir='ltr'><strong>τὸν</strong></span> <span class='ocrx_word' id='word_1_316' title='bbox 2296 2115 2403 2188; x_wconf 80' lang='grc' dir='ltr'><strong>Σὴθ</strong></span> <span class='ocrx_word' id='word_1_317' title='bbox 2439 2119 2748 2192; x_wconf 88' lang='grc' dir='ltr'>ποιησάσης</span> <span class='ocrx_word' id='word_1_318' title='bbox 2767 2137 2781 2153; x_wconf 89' lang='grc'><strong>·</strong></span> <span class='ocrx_word' id='word_1_319' title='bbox 2813 2121 2872 2188; x_wconf 82' lang='grc' dir='ltr'>ἐξ</span> <span class='ocrx_word' id='word_1_320' title='bbox 2901 2116 3073 2192; x_wconf 75' lang='grc' dir='ltr'>οὗπερ</span> <span class='ocrx_word' id='word_1_321' title='bbox 3101 2121 3289 2176; x_wconf 86' lang='grc' dir='ltr'>λοιπὸν</span> <span class='ocrx_word' id='word_1_322' title='bbox 3324 2125 3581 2197; x_wconf 78' lang='grc' dir='ltr'>κατήχθη</span> <span class='ocrx_word' id='word_1_323' title='bbox 3605 2124 3670 2178; x_wconf 82' lang='grc' dir='ltr'>τὸ</span> 
     </span>
    </p>
   </div>
   <div class='ocr_carea' id='block_1_48' title="bbox 2068 2206 3669 2288">
    <p class='ocr_par' dir='ltr' id='par_1_48' title="bbox 2068 2206 3669 2288">
     <span class='ocr_line' id='line_1_48' title="bbox 2068 2206 3669 2288; baseline 0.007 -29"><span class='ocrx_word' id='word_1_324' title='bbox 2068 2206 2288 2262; x_wconf 88' lang='grc' dir='ltr'>πάντων</span> <span class='ocrx_word' id='word_1_325' title='bbox 2319 2208 2622 2282; x_wconf 78' lang='grc' dir='ltr'>ἀνθρώπων</span> <span class='ocrx_word' id='word_1_326' title='bbox 2675 2212 2851 2281; x_wconf 89' lang='grc' dir='ltr'>γένος.</span> <span class='ocrx_word' id='word_1_327' title='bbox 2894 2213 3005 2267; x_wconf 72' lang='grc' dir='ltr'><strong>Καὶ</strong></span> <span class='ocrx_word' id='word_1_328' title='bbox 3036 2214 3190 2268; x_wconf 73' lang='grc' dir='ltr'>αὐτοὶ</span> <span class='ocrx_word' id='word_1_329' title='bbox 3231 2214 3288 2268; x_wconf 90' lang='grc' dir='ltr'><strong>δέ</strong></span> <span class='ocrx_word' id='word_1_330' title='bbox 3327 2215 3533 2288; x_wconf 75' lang='grc' dir='ltr'>ἀρχὰς,</span> <span class='ocrx_word' id='word_1_331' title='bbox 3571 2219 3669 2271; x_wconf 73' lang='grc' dir='ltr'><strong>καὶ</strong></span> 
     </span>
    </p>
   </div>
   <div class='ocr_carea' id='block_1_49' title="bbox 2066 2299 3665 2381">
    <p class='ocr_par' dir='ltr' id='par_1_49' title="bbox 2066 2299 3665 2381">
     <span class='ocr_line' id='line_1_49' title="bbox 2066 2299 3665 2381; baseline 0.009 -27"><span class='ocrx_word' id='word_1_332' title='bbox 2066 2299 2349 2368; x_wconf 84' lang='grc' dir='ltr'>ἐξουσίας,</span> <span class='ocrx_word' id='word_1_333' title='bbox 2385 2307 2476 2357; x_wconf 78' lang='grc' dir='ltr'>καὶ</span> <span class='ocrx_word' id='word_1_334' title='bbox 2517 2305 2616 2358; x_wconf 83' lang='grc' dir='ltr'><strong>ὅσα</strong></span> <span class='ocrx_word' id='word_1_335' title='bbox 2668 2306 2716 2358; x_wconf 76' lang='lat' dir='ltr'><strong>ot</strong></span> <span class='ocrx_word' id='word_1_336' title='bbox 2757 2305 2906 2361; x_wconf 80' lang='grc' dir='ltr'>ἄλλοι</span> <span class='ocrx_word' id='word_1_337' title='bbox 2939 2306 3360 2380; x_wconf 82' lang='grc' dir='ltr'>δογματίζουσιν</span> <span class='ocrx_word' id='word_1_338' title='bbox 3381 2349 3396 2376; x_wconf 90' lang='grc'><strong>,</strong></span> <span class='ocrx_word' id='word_1_339' title='bbox 3429 2309 3665 2381; x_wconf 76' lang='grc' dir='ltr'>ἐδογμά-</span> 
     </span>
    </p>
   </div>
   <div class='ocr_carea' id='block_1_50' title="bbox 2064 2410 2242 2448">
    <p class='ocr_par' dir='ltr' id='par_1_50' title="bbox 2064 2410 2242 2448">
     <span class='ocr_line' id='line_1_50' title="bbox 2064 2410 2242 2448; baseline 0.017 -3"><span class='ocrx_word' id='word_1_340' title='bbox 2064 2410 2242 2448; x_wconf 85' lang='grc' dir='ltr'>τισαν.</span> 
     </span>
    </p>
   </div>
   <div class='ocr_carea' id='block_1_51' title="bbox 2059 2482 3666 2566">
    <p class='ocr_par' dir='ltr' id='par_1_51' title="bbox 2059 2482 3666 2566">
     <span class='ocr_line' id='line_1_51' title="bbox 2059 2482 3666 2566; baseline 0.004 -24"><span class='ocrx_word' id='word_1_341' title='bbox 2059 2541 2068 2555; x_wconf 73' lang='lat'><strong>,</strong></span> <span class='ocrx_word' id='word_1_342' title='bbox 2151 2489 2532 2558; x_wconf 80' lang='grc' dir='ltr'>Ἁρχοντικοί.</span> <span class='ocrx_word' id='word_1_343' title='bbox 2569 2482 2729 2545; x_wconf 70' lang='grc' dir='ltr'>Οὗτοι</span> <span class='ocrx_word' id='word_1_344' title='bbox 2751 2490 2913 2546; x_wconf 89' lang='grc' dir='ltr'>πάλιν</span> <span class='ocrx_word' id='word_1_345' title='bbox 2933 2492 3019 2556; x_wconf 81' lang='grc' dir='ltr'>εἰς</span> <span class='ocrx_word' id='word_1_346' title='bbox 3057 2492 3285 2558; x_wconf 80' lang='grc' dir='ltr'>πολλοὺς</span> <span class='ocrx_word' id='word_1_347' title='bbox 3302 2494 3574 2566; x_wconf 76' lang='grc' dir='ltr'>ἄρχοντας</span> <span class='ocrx_word' id='word_1_348' title='bbox 3604 2496 3666 2549; x_wconf 72' lang='grc' dir='ltr'>τὸ</span> 
     </span>
    </p>
   </div>
   <div class='ocr_carea' id='block_1_52' title="bbox 2066 2580 3665 2657">
    <p class='ocr_par' dir='ltr' id='par_1_52' title="bbox 2066 2580 3665 2657">
     <span class='ocr_line' id='line_1_52' title="bbox 2066 2580 3665 2657; baseline 0.005 -26"><span class='ocrx_word' id='word_1_349' title='bbox 2066 2581 2175 2632; x_wconf 78' lang='grc' dir='ltr'><strong>πᾶν</strong></span> <span class='ocrx_word' id='word_1_350' title='bbox 2204 2580 2571 2652; x_wconf 82' lang='grc' dir='ltr'>ἀναφέρουσι,</span> <span class='ocrx_word' id='word_1_351' title='bbox 2600 2584 2694 2637; x_wconf 73' lang='grc' dir='ltr'><strong>καὶ</strong></span> <span class='ocrx_word' id='word_1_352' title='bbox 2727 2584 2797 2638; x_wconf 82' lang='grc' dir='ltr'>τὰ</span> <span class='ocrx_word' id='word_1_353' title='bbox 2837 2584 3103 2657; x_wconf 87' lang='grc' dir='ltr'>γενόμενα</span> <span class='ocrx_word' id='word_1_354' title='bbox 3148 2587 3213 2639; x_wconf 91' lang='grc' dir='ltr'><strong>ἐκ</strong></span> <span class='ocrx_word' id='word_1_355' title='bbox 3259 2587 3468 2640; x_wconf 90' lang='grc' dir='ltr'>τούτων</span> <span class='ocrx_word' id='word_1_356' title='bbox 3503 2604 3665 2657; x_wconf 87' lang='grc' dir='ltr'>γεγε-</span> 
     </span>
    </p>
   </div>
   <div class='ocr_carea' id='block_1_53' title="bbox 2066 2670 3663 2749">
    <p class='ocr_par' dir='ltr' id='par_1_53' title="bbox 2066 2670 3663 2749">
     <span class='ocr_line' id='line_1_53' title="bbox 2066 2670 3663 2749; baseline 0.004 -26"><span class='ocrx_word' id='word_1_357' title='bbox 2066 2670 2260 2742; x_wconf 86' lang='grc' dir='ltr'>νῆσθαι</span> <span class='ocrx_word' id='word_1_358' title='bbox 2290 2671 2559 2740; x_wconf 81' lang='grc' dir='ltr'>λέγουσιν.</span> <span class='ocrx_word' id='word_1_359' title='bbox 2604 2675 2942 2731; x_wconf 82' lang='grc' dir='ltr'>’Λλίσκονται</span> <span class='ocrx_word' id='word_1_360' title='bbox 2975 2677 3033 2730; x_wconf 84' lang='grc' dir='ltr'>δὲ</span> <span class='ocrx_word' id='word_1_361' title='bbox 3083 2677 3177 2730; x_wconf 78' lang='grc' dir='ltr'><strong>καὶ</strong></span> <span class='ocrx_word' id='word_1_362' title='bbox 3215 2677 3307 2730; x_wconf 78' lang='grc' dir='ltr'><strong>ἐπὶ</strong></span> <span class='ocrx_word' id='word_1_363' title='bbox 3338 2678 3663 2749; x_wconf 83' lang='grc' dir='ltr'>αἱσχρότητί</span> 
     </span>
    </p>
   </div>
   <div class='ocr_carea' id='block_1_54' title="bbox 2065 2765 3663 2838">
    <p class='ocr_par' dir='ltr' id='par_1_54' title="bbox 2065 2765 3663 2838">
     <span class='ocr_line' id='line_1_54' title="bbox 2065 2765 3663 2838; baseline 0.004 -22"><span class='ocrx_word' id='word_1_364' title='bbox 2065 2781 2189 2818; x_wconf 86' lang='grc' dir='ltr'>τινι.</span> <span class='ocrx_word' id='word_1_365' title='bbox 2247 2765 2458 2838; x_wconf 76' lang='grc' dir='ltr'>Σαρκδς</span> <span class='ocrx_word' id='word_1_366' title='bbox 2503 2766 2561 2820; x_wconf 87' lang='grc' dir='ltr'>δὲ</span> <span class='ocrx_word' id='word_1_367' title='bbox 2611 2767 2913 2822; x_wconf 85' lang='grc' dir='ltr'>ἀνάστασιν</span> <span class='ocrx_word' id='word_1_368' title='bbox 2946 2768 3238 2832; x_wconf 81' lang='grc' dir='ltr'>ἀθετοῦσι,</span> <span class='ocrx_word' id='word_1_369' title='bbox 3283 2770 3378 2824; x_wconf 76' lang='grc' dir='ltr'>καὶ</span> <span class='ocrx_word' id='word_1_370' title='bbox 3411 2771 3663 2824; x_wconf 82' lang='grc' dir='ltr'>Παλαιὰν</span> 
     </span>
    </p>
   </div>
   <div class='ocr_carea' id='block_1_55' title="bbox 2065 2856 3663 2935">
    <p class='ocr_par' dir='ltr' id='par_1_55' title="bbox 2065 2856 3663 2935">
     <span class='ocr_line' id='line_1_55' title="bbox 2065 2856 3663 2935; baseline 0.004 -27"><span class='ocrx_word' id='word_1_371' title='bbox 2065 2856 2344 2929; x_wconf 81' lang='grc' dir='ltr'>Διαθήκην</span> <span class='ocrx_word' id='word_1_372' title='bbox 2398 2858 2768 2913; x_wconf 86' lang='grc' dir='ltr'>διαϐάλλουσι.</span> <span class='ocrx_word' id='word_1_373' title='bbox 2827 2861 3141 2933; x_wconf 82' lang='grc' dir='ltr'>Κέχρηνται</span> <span class='ocrx_word' id='word_1_374' title='bbox 3194 2861 3250 2914; x_wconf 87' lang='grc' dir='ltr'><strong>δέ</strong></span> <span class='ocrx_word' id='word_1_375' title='bbox 3301 2861 3396 2914; x_wconf 73' lang='grc' dir='ltr'>καὶ</span> <span class='ocrx_word' id='word_1_376' title='bbox 3444 2861 3663 2935; x_wconf 77' lang='grc' dir='ltr'>Παλαιᾷ</span> 
     </span>
    </p>
   </div>
   <div class='ocr_carea' id='block_1_56' title="bbox 2065 2951 3661 3027">
    <p class='ocr_par' dir='ltr' id='par_1_56' title="bbox 2065 2951 3661 3027">
     <span class='ocr_line' id='line_1_56' title="bbox 2065 2951 3661 3027; baseline 0.004 -25"><span class='ocrx_word' id='word_1_377' title='bbox 2065 2951 2159 3004; x_wconf 76' lang='grc' dir='ltr'><strong>καὶ</strong></span> <span class='ocrx_word' id='word_1_378' title='bbox 2175 2951 2292 3022; x_wconf 77' lang='grc' dir='ltr'><strong>Νέᾳ</strong></span> <span class='ocrx_word' id='word_1_379' title='bbox 2320 2953 2564 3027; x_wconf 81' lang='grc' dir='ltr'>Διαθήκῃ</span> <span class='ocrx_word' id='word_1_380' title='bbox 2583 2991 2597 3018; x_wconf 85' lang='grc'><strong>,</strong></span> <span class='ocrx_word' id='word_1_381' title='bbox 2628 2954 2865 3026; x_wconf 81' lang='grc' dir='ltr'>ἑκάστην</span> <span class='ocrx_word' id='word_1_382' title='bbox 2896 2953 3042 3021; x_wconf 78' lang='grc' dir='ltr'>λέξιν</span> <span class='ocrx_word' id='word_1_383' title='bbox 3067 2955 3148 3018; x_wconf 87' lang='grc' dir='ltr'>εἰς</span> <span class='ocrx_word' id='word_1_384' title='bbox 3176 2953 3267 3008; x_wconf 83' lang='grc' dir='ltr'><strong>τὸν</strong></span> <span class='ocrx_word' id='word_1_385' title='bbox 3294 2954 3505 3008; x_wconf 77' lang='grc' dir='ltr'>ἑαυτῶν</span> <span class='ocrx_word' id='word_1_386' title='bbox 3534 2954 3661 3008; x_wconf 78' lang='grc' dir='ltr'>νοῦν</span> 
     </span>
    </p>
   </div>
   <div class='ocr_carea' id='block_1_57' title="bbox 359 3041 1956 3148">
    <p class='ocr_par' dir='ltr' id='par_1_57' title="bbox 359 3041 1956 3110">
     <span class='ocr_line' id='line_1_57' title="bbox 359 3041 1956 3110; baseline 0.008 -17"><span class='ocrx_word' id='word_1_387' title='bbox 359 3041 517 3110; x_wconf 85' lang='lat' dir='ltr'><strong>gulas</strong></span> <span class='ocrx_word' id='word_1_388' title='bbox 557 3041 788 3098; x_wconf 84' lang='lat' dir='ltr'><strong>voculas</strong></span> <span class='ocrx_word' id='word_1_389' title='bbox 829 3042 1029 3101; x_wconf 89' lang='lat' dir='ltr'><strong>callide</strong></span> <span class='ocrx_word' id='word_1_390' title='bbox 1067 3045 1135 3098; x_wconf 86' lang='lat' dir='ltr'><strong>ad</strong></span> <span class='ocrx_word' id='word_1_391' title='bbox 1173 3050 1414 3099; x_wconf 88' lang='lat' dir='ltr'><strong>mentem</strong></span> <span class='ocrx_word' id='word_1_392' title='bbox 1450 3057 1606 3100; x_wconf 87' lang='lat' dir='ltr'><strong>suam</strong></span> <span class='ocrx_word' id='word_1_393' title='bbox 1647 3058 1956 3106; x_wconf 87' lang='lat' dir='ltr'><strong>accommo-</strong></span> 
     </span>
    </p>
   </div>
   <div class='ocr_carea' id='block_1_58' title="bbox 2073 3041 2467 3148">
    <p class='ocr_par' dir='ltr' id='par_1_58' title="bbox 2073 3041 2467 3113">
     <span class='ocr_line' id='line_1_58' title="bbox 2073 3041 2467 3113; baseline 0.005 -19"><span class='ocrx_word' id='word_1_394' title='bbox 2073 3041 2467 3113; x_wconf 83' lang='grc' dir='ltr'>μεθοδεύοντες.</span> 
     </span>
    </p>
   </div>
   <div class='ocr_carea' id='block_1_59' title="bbox 358 3131 518 3191">
    <p class='ocr_par' dir='ltr' id='par_1_59' title="bbox 358 3131 518 3191">
     <span class='ocr_line' id='line_1_59' title="bbox 358 3131 518 3191; baseline 0.044 -7"><span class='ocrx_word' id='word_1_395' title='bbox 358 3131 518 3191; x_wconf 87' lang='lat' dir='ltr'><strong>dant.</strong></span> 
     </span>
    </p>
   </div>
   <div class='ocr_carea' id='block_1_60' title="bbox 427 3223 1960 3308">
    <p class='ocr_par' dir='ltr' id='par_1_60' title="bbox 427 3223 1960 3308">
     <span class='ocr_line' id='line_1_60' title="bbox 427 3223 1960 3308; baseline 0.008 -28"><span class='ocrx_word' id='word_1_396' title='bbox 427 3223 775 3281; x_wconf 80' lang='lat' dir='ltr'><strong>Cerdoniani.</strong></span> <span class='ocrx_word' id='word_1_397' title='bbox 825 3227 875 3281; x_wconf 73' lang='grc' dir='ltr'>Α</span> <span class='ocrx_word' id='word_1_398' title='bbox 916 3227 1168 3284; x_wconf 90' lang='lat' dir='ltr'><strong>Cerdone</strong></span> <span class='ocrx_word' id='word_1_399' title='bbox 1213 3229 1318 3284; x_wconf 90' lang='lat' dir='ltr'><strong>orti</strong></span> <span class='ocrx_word' id='word_1_400' title='bbox 1357 3239 1506 3300; x_wconf 92' lang='lat' dir='ltr'><strong>sunt,</strong></span> <span class='ocrx_word' id='word_1_401' title='bbox 1548 3237 1643 3307; x_wconf 89' lang='lat' dir='ltr'><strong>qui</strong></span> <span class='ocrx_word' id='word_1_402' title='bbox 1689 3251 1850 3308; x_wconf 90' lang='lat' dir='ltr'><strong>quem</strong></span> <span class='ocrx_word' id='word_1_403' title='bbox 1890 3237 1960 3292; x_wconf 88' lang='lat' dir='ltr'><strong>ab</strong></span> 
     </span>
    </p>
   </div>
   <div class='ocr_carea' id='block_1_61' title="bbox 357 3318 1955 3385">
    <p class='ocr_par' dir='ltr' id='par_1_61' title="bbox 357 3318 1955 3385">
     <span class='ocr_line' id='line_1_61' title="bbox 357 3318 1955 3385; baseline 0.008 -13"><span class='ocrx_word' id='word_1_404' title='bbox 357 3318 614 3374; x_wconf 81' lang='lat' dir='ltr'><strong>Heraclio</strong></span> <span class='ocrx_word' id='word_1_405' title='bbox 654 3334 900 3376; x_wconf 87' lang='lat' dir='ltr'><strong>errorem</strong></span> <span class='ocrx_word' id='word_1_406' title='bbox 942 3322 1208 3377; x_wconf 84' lang='lat' dir='ltr'><strong>hauserat</strong></span> <span class='ocrx_word' id='word_1_407' title='bbox 1247 3324 1404 3381; x_wconf 81' lang='lat' dir='ltr'><strong>novis</strong></span> <span class='ocrx_word' id='word_1_408' title='bbox 1436 3326 1676 3385; x_wconf 82' lang='lat' dir='ltr'><strong>inventis</strong></span> <span class='ocrx_word' id='word_1_409' title='bbox 1711 3330 1955 3385; x_wconf 81' lang='lat' dir='ltr'><strong>adauxit.</strong></span> 
     </span>
    </p>
   </div>
   <div class='ocr_carea' id='block_1_62' title="bbox 355 3408 1958 3492">
    <p class='ocr_par' dir='ltr' id='par_1_62' title="bbox 355 3408 1958 3492">
     <span class='ocr_line' id='line_1_62' title="bbox 355 3408 1958 3492; baseline 0.009 -30"><span class='ocrx_word' id='word_1_410' title='bbox 355 3411 435 3463; x_wconf 87' lang='lat' dir='ltr'><strong>Ac</strong></span> <span class='ocrx_word' id='word_1_411' title='bbox 485 3425 612 3463; x_wconf 88' lang='lat' dir='ltr'><strong>cum</strong></span> <span class='ocrx_word' id='word_1_412' title='bbox 659 3408 893 3465; x_wconf 80' lang='lat' dir='ltr'><strong>Romam</strong></span> <span class='ocrx_word' id='word_1_413' title='bbox 943 3427 975 3467; x_wconf 91' lang='lat' dir='ltr'><strong>e</strong></span> <span class='ocrx_word' id='word_1_414' title='bbox 1019 3410 1178 3484; x_wconf 78' lang='lat' dir='ltr'><strong>Syria</strong></span> <span class='ocrx_word' id='word_1_415' title='bbox 1227 3415 1508 3484; x_wconf 82' lang='lat' dir='ltr'><strong>profectus</strong></span> <span class='ocrx_word' id='word_1_416' title='bbox 1557 3427 1724 3483; x_wconf 85' lang='lat' dir='ltr'><strong>esset,</strong></span> <span class='ocrx_word' id='word_1_417' title='bbox 1760 3419 1958 3492; x_wconf 81' lang='lat' dir='ltr'><strong>Hygini</strong></span> 
     </span>
    </p>
   </div>
   <div class='ocr_carea' id='block_1_63' title="bbox 357 3501 1959 3576">
    <p class='ocr_par' dir='ltr' id='par_1_63' title="bbox 357 3501 1959 3576">
     <span class='ocr_line' id='line_1_63' title="bbox 357 3501 1959 3576; baseline 0.009 -22"><span class='ocrx_word' id='word_1_418' title='bbox 357 3516 511 3572; x_wconf 69' lang='lat' dir='ltr'><strong>papae</strong></span> <span class='ocrx_word' id='word_1_419' title='bbox 549 3501 892 3570; x_wconf 84' lang='lat' dir='ltr'><strong>temporibus</strong></span> <span class='ocrx_word' id='word_1_420' title='bbox 940 3518 1040 3557; x_wconf 91' lang='lat' dir='ltr'><strong>sua</strong></span> <span class='ocrx_word' id='word_1_421' title='bbox 1083 3503 1341 3576; x_wconf 75' lang='lat' dir='ltr'><strong>dogmata</strong></span> <span class='ocrx_word' id='word_1_422' title='bbox 1387 3507 1789 3566; x_wconf 76' lang='lat' dir='ltr'><strong>disseminavit.</strong></span> <span class='ocrx_word' id='word_1_423' title='bbox 1842 3511 1959 3568; x_wconf 93' lang='lat' dir='ltr'><strong>Duo</strong></span> 
     </span>
    </p>
   </div>
   <div class='ocr_carea' id='block_1_64' title="bbox 358 3593 1959 3678">
    <p class='ocr_par' dir='ltr' id='par_1_64' title="bbox 358 3593 1959 3678">
     <span class='ocr_line' id='line_1_64' title="bbox 358 3593 1959 3678; baseline 0.009 -32"><span class='ocrx_word' id='word_1_424' title='bbox 358 3607 523 3664; x_wconf 90' lang='lat' dir='ltr'><strong>porro</strong></span> <span class='ocrx_word' id='word_1_425' title='bbox 563 3593 833 3664; x_wconf 88' lang='lat' dir='ltr'><strong>principia</strong></span> <span class='ocrx_word' id='word_1_426' title='bbox 873 3597 1152 3652; x_wconf 90' lang='lat' dir='ltr'><strong>contraria</strong></span> <span class='ocrx_word' id='word_1_427' title='bbox 1200 3598 1436 3655; x_wconf 86' lang='lat' dir='ltr'><strong>invicem</strong></span> <span class='ocrx_word' id='word_1_428' title='bbox 1487 3601 1739 3657; x_wconf 80' lang='lat' dir='ltr'><strong>aiiirmat.</strong></span> <span class='ocrx_word' id='word_1_429' title='bbox 1783 3602 1959 3678; x_wconf 80' lang='lat' dir='ltr'><strong>Negat</strong></span> 
     </span>
    </p>
   </div>
   <div class='ocr_carea' id='block_1_65' title="bbox 353 3687 1955 3759">
    <p class='ocr_par' dir='ltr' id='par_1_65' title="bbox 353 3687 1955 3759">
     <span class='ocr_line' id='line_1_65' title="bbox 353 3687 1955 3759; baseline 0.011 -20"><span class='ocrx_word' id='word_1_430' title='bbox 353 3687 634 3742; x_wconf 87' lang='lat' dir='ltr'><strong>Christum</strong></span> <span class='ocrx_word' id='word_1_431' title='bbox 682 3702 808 3744; x_wconf 87' lang='lat' dir='ltr'><strong>esse</strong></span> <span class='ocrx_word' id='word_1_432' title='bbox 847 3690 1113 3759; x_wconf 88' lang='lat' dir='ltr'><strong>genitum.</strong></span> <span class='ocrx_word' id='word_1_433' title='bbox 1172 3689 1517 3750; x_wconf 82' lang='lat' dir='ltr'><strong>Mortuorum</strong></span> <span class='ocrx_word' id='word_1_434' title='bbox 1563 3695 1955 3756; x_wconf 76' lang='lat' dir='ltr'><strong>excitationem</strong></span> 
     </span>
    </p>
   </div>
   <div class='ocr_carea' id='block_1_66' title="bbox 353 3777 1313 3855">
    <p class='ocr_par' dir='ltr' id='par_1_66' title="bbox 353 3777 1313 3855">
     <span class='ocr_line' id='line_1_66' title="bbox 353 3777 1313 3855; baseline 0.003 -20"><span class='ocrx_word' id='word_1_435' title='bbox 353 3793 482 3835; x_wconf 91' lang='lat' dir='ltr'><strong>cum</strong></span> <span class='ocrx_word' id='word_1_436' title='bbox 512 3778 708 3836; x_wconf 82' lang='lat' dir='ltr'><strong>Vetere</strong></span> <span class='ocrx_word' id='word_1_437' title='bbox 730 3777 1086 3839; x_wconf 85' lang='lat' dir='ltr'><strong>Testamento</strong></span> <span class='ocrx_word' id='word_1_438' title='bbox 1111 3783 1313 3855; x_wconf 88' lang='lat' dir='ltr'><strong>rejicit.</strong></span> 
     </span>
    </p>
   </div>
   <div class='ocr_carea' id='block_1_67' title="bbox 427 3961 1956 4043">
    <p class='ocr_par' dir='ltr' id='par_1_67' title="bbox 427 3961 1956 4043">
     <span class='ocr_line' id='line_1_67' title="bbox 427 3961 1956 4043; baseline 0.009 -27"><span class='ocrx_word' id='word_1_439' title='bbox 427 3961 812 4020; x_wconf 73' lang='lat' dir='ltr'><strong>Marcionistw.</strong></span> <span class='ocrx_word' id='word_1_440' title='bbox 857 3962 1064 4020; x_wconf 84' lang='lat' dir='ltr'><strong>Marcio</strong></span> <span class='ocrx_word' id='word_1_441' title='bbox 1098 3966 1370 4026; x_wconf 90' lang='lat' dir='ltr'><strong>oriundus</strong></span> <span class='ocrx_word' id='word_1_442' title='bbox 1395 3983 1458 4024; x_wconf 83' lang='lat' dir='ltr'><strong>ex</strong></span> <span class='ocrx_word' id='word_1_443' title='bbox 1484 3968 1660 4025; x_wconf 86' lang='lat' dir='ltr'><strong>Ponto</strong></span> <span class='ocrx_word' id='word_1_444' title='bbox 1692 3971 1956 4043; x_wconf 90' lang='lat' dir='ltr'><strong>episcopo</strong></span> 
     </span>
    </p>
   </div>
   <div class='ocr_carea' id='block_1_68' title="bbox 355 4059 1956 4135">
    <p class='ocr_par' dir='ltr' id='par_1_68' title="bbox 355 4059 1956 4135">
     <span class='ocr_line' id='line_1_68' title="bbox 355 4059 1956 4135; baseline 0.007 -25"><span class='ocrx_word' id='word_1_445' title='bbox 355 4065 512 4127; x_wconf 82' lang='lat' dir='ltr'><strong>patre</strong></span> <span class='ocrx_word' id='word_1_446' title='bbox 542 4063 702 4114; x_wconf 91' lang='lat' dir='ltr'><strong>natus</strong></span> <span class='ocrx_word' id='word_1_447' title='bbox 728 4065 815 4112; x_wconf 91' lang='lat' dir='ltr'><strong>est</strong></span> <span class='ocrx_word' id='word_1_448' title='bbox 847 4076 860 4113; x_wconf 91' lang='lat'>:</span> <span class='ocrx_word' id='word_1_449' title='bbox 895 4073 926 4111; x_wconf 90' lang='lat' dir='ltr'><strong>a</strong></span> <span class='ocrx_word' id='word_1_450' title='bbox 960 4073 1070 4128; x_wconf 90' lang='lat' dir='ltr'><strong>quo</strong></span> <span class='ocrx_word' id='word_1_451' title='bbox 1104 4059 1177 4115; x_wconf 91' lang='lat' dir='ltr'><strong>ob</strong></span> <span class='ocrx_word' id='word_1_452' title='bbox 1202 4061 1430 4132; x_wconf 78' lang='lat' dir='ltr'><strong>virginis</strong></span> <span class='ocrx_word' id='word_1_453' title='bbox 1462 4071 1712 4133; x_wconf 89' lang='lat' dir='ltr'><strong>stuprum</strong></span> <span class='ocrx_word' id='word_1_454' title='bbox 1747 4065 1956 4135; x_wconf 89' lang='lat' dir='ltr'><strong>ejectus</strong></span> 
     </span>
    </p>
   </div>
   <div class='ocr_carea' id='block_1_69' title="bbox 353 4146 1953 4227">
    <p class='ocr_par' dir='ltr' id='par_1_69' title="bbox 353 4146 1953 4227">
     <span class='ocr_line' id='line_1_69' title="bbox 353 4146 1953 4227; baseline 0.004 -24"><span class='ocrx_word' id='word_1_455' title='bbox 353 4163 421 4203; x_wconf 81' lang='lat' dir='ltr'><strong>ex</strong></span> <span class='ocrx_word' id='word_1_456' title='bbox 470 4146 715 4204; x_wconf 88' lang='lat' dir='ltr'><strong>Ecclesia</strong></span> <span class='ocrx_word' id='word_1_457' title='bbox 757 4148 986 4203; x_wconf 84' lang='lat' dir='ltr'><strong>Romam</strong></span> <span class='ocrx_word' id='word_1_458' title='bbox 1029 4150 1260 4222; x_wconf 80' lang='lat' dir='ltr'><strong>aufugit.</strong></span> <span class='ocrx_word' id='word_1_459' title='bbox 1304 4151 1407 4208; x_wconf 92' lang='lat' dir='ltr'><strong>Ubi</strong></span> <span class='ocrx_word' id='word_1_460' title='bbox 1449 4168 1574 4208; x_wconf 92' lang='lat' dir='ltr'><strong>cum</strong></span> <span class='ocrx_word' id='word_1_461' title='bbox 1621 4156 1692 4210; x_wconf 90' lang='lat' dir='ltr'><strong>ab</strong></span> <span class='ocrx_word' id='word_1_462' title='bbox 1731 4156 1823 4221; x_wconf 90' lang='lat' dir='ltr'><strong>iis,</strong></span> <span class='ocrx_word' id='word_1_463' title='bbox 1859 4158 1953 4227; x_wconf 92' lang='lat' dir='ltr'><strong>qui</strong></span> 
     </span>
    </p>
   </div>
   <div class='ocr_carea' id='block_1_70' title="bbox 357 4239 1952 4318">
    <p class='ocr_par' dir='ltr' id='par_1_70' title="bbox 357 4239 1952 4318">
     <span class='ocr_line' id='line_1_70' title="bbox 357 4239 1952 4318; baseline 0.007 -25"><span class='ocrx_word' id='word_1_464' title='bbox 357 4248 471 4294; x_wconf 88' lang='lat' dir='ltr'><strong>tum</strong></span> <span class='ocrx_word' id='word_1_465' title='bbox 501 4239 763 4296; x_wconf 68' lang='lat' dir='ltr'><strong>Ecclesiae</strong></span> <span class='ocrx_word' id='word_1_466' title='bbox 791 4249 1084 4311; x_wconf 77' lang='lat' dir='ltr'><strong>praeerant,</strong></span> <span class='ocrx_word' id='word_1_467' title='bbox 1114 4245 1495 4313; x_wconf 58' lang='lat' dir='ltr'><strong>paenitentiam</strong></span> <span class='ocrx_word' id='word_1_468' title='bbox 1527 4246 1732 4302; x_wconf 80' lang='lat' dir='ltr'><strong>frustra</strong></span> <span class='ocrx_word' id='word_1_469' title='bbox 1760 4257 1952 4318; x_wconf 90' lang='lat' dir='ltr'><strong>postu-</strong></span> 
     </span>
    </p>
   </div>
   <div class='ocr_carea' id='block_1_71' title="bbox 356 4333 1948 4407">
    <p class='ocr_par' dir='ltr' id='par_1_71' title="bbox 356 4333 1948 4407">
     <span class='ocr_line' id='line_1_71' title="bbox 356 4333 1948 4407; baseline 0.005 -20"><span class='ocrx_word' id='word_1_470' title='bbox 356 4333 884 4400; x_wconf 87' lang='lat' dir='ltr'><strong>lasset,catbolicam</strong></span> <span class='ocrx_word' id='word_1_471' title='bbox 905 4334 1064 4388; x_wconf 84' lang='lat' dir='ltr'><strong>tidem</strong></span> <span class='ocrx_word' id='word_1_472' title='bbox 1100 4351 1418 4406; x_wconf 88' lang='lat' dir='ltr'><strong>oppugnare</strong></span> <span class='ocrx_word' id='word_1_473' title='bbox 1452 4338 1713 4394; x_wconf 86' lang='lat' dir='ltr'><strong>instituit.</strong></span> <span class='ocrx_word' id='word_1_474' title='bbox 1749 4339 1948 4407; x_wconf 85' lang='lat' dir='ltr'><strong>Quam-</strong></span> 
     </span>
    </p>
   </div>
   <div class='ocr_carea' id='block_1_72' title="bbox 2132 3227 3660 3301">
    <p class='ocr_par' dir='ltr' id='par_1_72' title="bbox 2132 3227 3660 3301">
     <span class='ocr_line' id='line_1_72' title="bbox 2132 3227 3660 3301; baseline 0.001 -19"><span class='ocrx_word' id='word_1_475' title='bbox 2132 3228 2551 3297; x_wconf 75' lang='grc' dir='ltr'>Κερδωνιανοί.</span> <span class='ocrx_word' id='word_1_476' title='bbox 2606 3230 2669 3282; x_wconf 85' lang='grc' dir='ltr'><strong>υἱ</strong></span> <span class='ocrx_word' id='word_1_477' title='bbox 2709 3228 2817 3282; x_wconf 83' lang='grc' dir='ltr'><strong>άπὸ</strong></span> <span class='ocrx_word' id='word_1_478' title='bbox 2861 3228 3148 3301; x_wconf 84' lang='grc' dir='ltr'>Κέρδωνος</span> <span class='ocrx_word' id='word_1_479' title='bbox 3177 3227 3286 3282; x_wconf 87' lang='grc' dir='ltr'><strong>ἀπὸ</strong></span> <span class='ocrx_word' id='word_1_480' title='bbox 3329 3228 3660 3301; x_wconf 77' lang='grc' dir='ltr'>Ἡρακλείου</span> 
     </span>
    </p>
   </div>
   <div class='ocr_carea' id='block_1_73' title="bbox 2061 3317 3661 3392">
    <p class='ocr_par' dir='ltr' id='par_1_73' title="bbox 2061 3317 3661 3392">
     <span class='ocr_line' id='line_1_73' title="bbox 2061 3317 3661 3392; baseline 0.003 -21"><span class='ocrx_word' id='word_1_481' title='bbox 2061 3317 2345 3390; x_wconf 82' lang='grc' dir='ltr'>δεξάμενοι</span> <span class='ocrx_word' id='word_1_482' title='bbox 2382 3317 2402 3350; x_wconf 85' lang='grc'><em>³</em></span> <span class='ocrx_word' id='word_1_483' title='bbox 2450 3319 2551 3392; x_wconf 77' lang='grc' dir='ltr'><strong>τὴν</strong></span> <span class='ocrx_word' id='word_1_484' title='bbox 2608 3319 2842 3392; x_wconf 83' lang='grc' dir='ltr'>μετοχὴν</span> <span class='ocrx_word' id='word_1_485' title='bbox 2894 3320 2994 3390; x_wconf 78' lang='grc' dir='ltr'>τῆς</span> <span class='ocrx_word' id='word_1_486' title='bbox 3039 3319 3285 3390; x_wconf 84' lang='grc' dir='ltr'>πλάνης,</span> <span class='ocrx_word' id='word_1_487' title='bbox 3327 3319 3661 3391; x_wconf 79' lang='grc' dir='ltr'>προσθέντος</span> 
     </span>
    </p>
   </div>
   <div class='ocr_carea' id='block_1_74' title="bbox 2061 3409 3661 3485">
    <p class='ocr_par' dir='ltr' id='par_1_74' title="bbox 2061 3409 3661 3485">
     <span class='ocr_line' id='line_1_74' title="bbox 2061 3409 3661 3485; baseline 0.003 -22"><span class='ocrx_word' id='word_1_488' title='bbox 2061 3409 2212 3482; x_wconf 83' lang='grc' dir='ltr'><strong>δὲτῇ</strong></span> <span class='ocrx_word' id='word_1_489' title='bbox 2245 3410 2452 3483; x_wconf 84' lang='grc' dir='ltr'>ἀπάτῃ.</span> <span class='ocrx_word' id='word_1_490' title='bbox 2489 3412 2607 3474; x_wconf 89' lang='grc' dir='ltr'><strong>Ὃς,</strong></span> <span class='ocrx_word' id='word_1_491' title='bbox 2643 3411 2754 3465; x_wconf 83' lang='grc' dir='ltr'><strong>ἀπὸ</strong></span> <span class='ocrx_word' id='word_1_492' title='bbox 2787 3411 2886 3482; x_wconf 82' lang='grc' dir='ltr'>τῆς</span> <span class='ocrx_word' id='word_1_493' title='bbox 2922 3412 3126 3483; x_wconf 81' lang='grc' dir='ltr'>Συρίας</span> <span class='ocrx_word' id='word_1_494' title='bbox 3156 3413 3237 3476; x_wconf 83' lang='grc' dir='ltr'><strong>είς</strong></span> <span class='ocrx_word' id='word_1_495' title='bbox 3273 3411 3492 3484; x_wconf 79' lang='grc' dir='ltr'>Ῥώμην</span> <span class='ocrx_word' id='word_1_496' title='bbox 3529 3431 3661 3485; x_wconf 84' lang='grc' dir='ltr'>μετ-</span> 
     </span>
    </p>
   </div>
   <div class='ocr_carea' id='block_1_75' title="bbox 2061 3503 3659 3576">
    <p class='ocr_par' dir='ltr' id='par_1_75' title="bbox 2061 3503 3659 3576">
     <span class='ocr_line' id='line_1_75' title="bbox 2061 3503 3659 3576; baseline 0.001 -18"><span class='ocrx_word' id='word_1_497' title='bbox 2061 3503 2328 3568; x_wconf 84' lang='grc' dir='ltr'>αναστὰς,</span> <span class='ocrx_word' id='word_1_498' title='bbox 2380 3503 2442 3555; x_wconf 83' lang='grc' dir='ltr'><strong>τὸ</strong></span> <span class='ocrx_word' id='word_1_499' title='bbox 2497 3503 2761 3574; x_wconf 84' lang='grc' dir='ltr'>κήρυγμα</span> <span class='ocrx_word' id='word_1_500' title='bbox 2815 3503 2981 3558; x_wconf 81' lang='grc' dir='ltr'>αὐτοῦ</span> <span class='ocrx_word' id='word_1_501' title='bbox 3031 3503 3248 3568; x_wconf 76' lang='grc' dir='ltr'>ἐξέθετο</span> <span class='ocrx_word' id='word_1_502' title='bbox 3329 3505 3388 3558; x_wconf 87' lang='grc' dir='ltr'><strong>ἐν</strong></span> <span class='ocrx_word' id='word_1_503' title='bbox 3443 3505 3659 3576; x_wconf 85' lang='grc' dir='ltr'>χρόνοις</span> 
     </span>
    </p>
   </div>
   <div class='ocr_carea' id='block_1_76' title="bbox 2075 3592 3732 3666">
    <p class='ocr_par' dir='ltr' id='par_1_76' title="bbox 2075 3592 3732 3666">
     <span class='ocr_line' id='line_1_76' title="bbox 2075 3592 3732 3666; baseline 0.001 -17"><span class='ocrx_word' id='word_1_504' title='bbox 2075 3594 2292 3664; x_wconf 82' lang='grc' dir='ltr'>’Υγίνου</span> <span class='ocrx_word' id='word_1_505' title='bbox 2311 3595 2656 3649; x_wconf 78' lang='grc' dir='ltr'>’ἐπισκόπου.</span> <span class='ocrx_word' id='word_1_506' title='bbox 2695 3595 2798 3649; x_wconf 85' lang='grc' dir='ltr'><strong>Δύο</strong></span> <span class='ocrx_word' id='word_1_507' title='bbox 2853 3597 2910 3649; x_wconf 87' lang='grc' dir='ltr'><strong>δέ</strong></span> <span class='ocrx_word' id='word_1_508' title='bbox 2962 3595 3140 3666; x_wconf 79' lang='grc' dir='ltr'>ἀρχὰς</span> <span class='ocrx_word' id='word_1_509' title='bbox 3184 3595 3446 3666; x_wconf 86' lang='grc' dir='ltr'>κηρύττει</span> <span class='ocrx_word' id='word_1_510' title='bbox 3500 3592 3660 3662; x_wconf 78' lang='grc' dir='ltr'>οὗτος</span> <span class='ocrx_word' id='word_1_511' title='bbox 3721 3621 3732 3626; x_wconf 95' lang='grc'><strong>-</strong></span> 
     </span>
    </p>
   </div>
   <div class='ocr_carea' id='block_1_77' title="bbox 2061 3687 3661 3765">
    <p class='ocr_par' dir='ltr' id='par_1_77' title="bbox 2061 3687 3661 3765">
     <span class='ocr_line' id='line_1_77' title="bbox 2061 3687 3661 3765; baseline 0.001 -23"><span class='ocrx_word' id='word_1_512' title='bbox 2061 3690 2310 3752; x_wconf 81' lang='grc' dir='ltr'>ἐναντίας</span> <span class='ocrx_word' id='word_1_513' title='bbox 2351 3688 2628 3760; x_wconf 85' lang='grc' dir='ltr'>ἀλλήλαις.</span> <span class='ocrx_word' id='word_1_514' title='bbox 2663 3687 2755 3760; x_wconf 83' lang='grc' dir='ltr'><strong>Μὴ</strong></span> <span class='ocrx_word' id='word_1_515' title='bbox 2804 3687 2942 3742; x_wconf 81' lang='grc' dir='ltr'>εἶναι</span> <span class='ocrx_word' id='word_1_516' title='bbox 2989 3689 3044 3742; x_wconf 83' lang='grc' dir='ltr'>δὲ</span> <span class='ocrx_word' id='word_1_517' title='bbox 3075 3688 3166 3742; x_wconf 81' lang='grc' dir='ltr'><strong>τὸν</strong></span> <span class='ocrx_word' id='word_1_518' title='bbox 3192 3689 3428 3759; x_wconf 82' lang='grc' dir='ltr'>Χριστὸν</span> <span class='ocrx_word' id='word_1_519' title='bbox 3460 3708 3661 3765; x_wconf 77' lang='grc' dir='ltr'>γεννη-</span> 
     </span>
    </p>
   </div>
   <div class='ocr_carea' id='block_1_78' title="bbox 2058 3780 3657 3854">
    <p class='ocr_par' dir='ltr' id='par_1_78' title="bbox 2058 3780 3657 3854">
     <span class='ocr_line' id='line_1_78' title="bbox 2058 3780 3657 3854; baseline 0.004 -21"><span class='ocrx_word' id='word_1_520' title='bbox 2058 3781 2170 3836; x_wconf 82' lang='grc' dir='ltr'>τόν.</span> <span class='ocrx_word' id='word_1_521' title='bbox 2220 3780 2452 3851; x_wconf 82' lang='grc' dir='ltr'>Ὁμοίως</span> <span class='ocrx_word' id='word_1_522' title='bbox 2501 3797 2560 3834; x_wconf 88' lang='grc' dir='ltr'><strong>τε</strong></span> <span class='ocrx_word' id='word_1_523' title='bbox 2597 3781 2806 3854; x_wconf 85' lang='grc' dir='ltr'>νεκρῶν</span> <span class='ocrx_word' id='word_1_524' title='bbox 2857 3781 3155 3835; x_wconf 83' lang='grc' dir='ltr'>ἀνάστασιν</span> <span class='ocrx_word' id='word_1_525' title='bbox 3202 3781 3419 3848; x_wconf 84' lang='grc' dir='ltr'>ἀθετεῖ,</span> <span class='ocrx_word' id='word_1_526' title='bbox 3462 3785 3558 3836; x_wconf 83' lang='grc' dir='ltr'><strong>καὶ</strong></span> <span class='ocrx_word' id='word_1_527' title='bbox 3588 3786 3657 3840; x_wconf 67' lang='grc' dir='ltr'>τὰ</span> 
     </span>
    </p>
   </div>
   <div class='ocr_carea' id='block_1_79' title="bbox 2061 3873 2916 3947">
    <p class='ocr_par' dir='ltr' id='par_1_79' title="bbox 2061 3873 2916 3947">
     <span class='ocr_line' id='line_1_79' title="bbox 2061 3873 2916 3947; baseline 0.001 -19"><span class='ocrx_word' id='word_1_528' title='bbox 2061 3875 2202 3929; x_wconf 84' lang='grc' dir='ltr'>κατὰ</span> <span class='ocrx_word' id='word_1_529' title='bbox 2229 3875 2327 3946; x_wconf 80' lang='grc' dir='ltr'>τὴν</span> <span class='ocrx_word' id='word_1_530' title='bbox 2353 3873 2598 3929; x_wconf 81' lang='grc' dir='ltr'>Παλαιὰν</span> <span class='ocrx_word' id='word_1_531' title='bbox 2620 3875 2916 3947; x_wconf 85' lang='grc' dir='ltr'>Διαθήκην.</span> 
     </span>
    </p>
   </div>
   <div class='ocr_carea' id='block_1_80' title="bbox 2130 3964 3656 4037">
    <p class='ocr_par' dir='ltr' id='par_1_80' title="bbox 2130 3964 3656 4037">
     <span class='ocr_line' id='line_1_80' title="bbox 2130 3964 3656 4037; baseline 0 -18"><span class='ocrx_word' id='word_1_532' title='bbox 2130 3965 2597 4033; x_wconf 79' lang='grc' dir='ltr'>Μαρκιωνισταί.</span> <span class='ocrx_word' id='word_1_533' title='bbox 2617 3965 2880 4037; x_wconf 86' lang='grc' dir='ltr'>Μαρκίων</span> <span class='ocrx_word' id='word_1_534' title='bbox 2907 3967 2935 4018; x_wconf 90' lang='grc' dir='ltr'>ὁ</span> <span class='ocrx_word' id='word_1_535' title='bbox 2967 3964 3075 4018; x_wconf 75' lang='grc' dir='ltr'>ἀπὸ</span> <span class='ocrx_word' id='word_1_536' title='bbox 3095 3965 3297 4019; x_wconf 86' lang='grc' dir='ltr'>Πόντου</span> <span class='ocrx_word' id='word_1_537' title='bbox 3327 3965 3656 4037; x_wconf 79' lang='grc' dir='ltr'>ὁρμώμενος</span> 
     </span>
    </p>
   </div>
   <div class='ocr_carea' id='block_1_81' title="bbox 2059 4053 3655 4132">
    <p class='ocr_par' dir='ltr' id='par_1_81' title="bbox 2059 4053 3655 4132">
     <span class='ocr_line' id='line_1_81' title="bbox 2059 4053 3655 4132; baseline 0.003 -22"><span class='ocrx_word' id='word_1_538' title='bbox 2059 4058 2363 4112; x_wconf 77' lang='grc' dir='ltr'>ἐπισκόπου</span> <span class='ocrx_word' id='word_1_539' title='bbox 2401 4057 2501 4130; x_wconf 83' lang='grc' dir='ltr'>μὲν</span> <span class='ocrx_word' id='word_1_540' title='bbox 2565 4053 2632 4128; x_wconf 82' lang='grc' dir='ltr'>ἦν</span> <span class='ocrx_word' id='word_1_541' title='bbox 2668 4057 2812 4121; x_wconf 81' lang='grc' dir='ltr'>υίός’</span> <span class='ocrx_word' id='word_1_542' title='bbox 2851 4058 3080 4129; x_wconf 82' lang='grc' dir='ltr'>φθείρας</span> <span class='ocrx_word' id='word_1_543' title='bbox 3113 4058 3170 4111; x_wconf 83' lang='grc' dir='ltr'>δὲ</span> <span class='ocrx_word' id='word_1_544' title='bbox 3209 4060 3476 4132; x_wconf 78' lang='grc' dir='ltr'>παρθένον</span> <span class='ocrx_word' id='word_1_545' title='bbox 3543 4063 3655 4115; x_wconf 83' lang='grc' dir='ltr'>ἀπ-</span> 
     </span>
    </p>
   </div>
   <div class='ocr_carea' id='block_1_82' title="bbox 2059 4151 3654 4229">
    <p class='ocr_par' dir='ltr' id='par_1_82' title="bbox 2059 4151 3654 4229">
     <span class='ocr_line' id='line_1_82' title="bbox 2059 4151 3654 4229; baseline 0.005 -24"><span class='ocrx_word' id='word_1_546' title='bbox 2059 4152 2186 4222; x_wconf 87' lang='grc' dir='ltr'>έδρα</span> <span class='ocrx_word' id='word_1_547' title='bbox 2207 4192 2220 4216; x_wconf 90' lang='grc'><strong>,</strong></span> <span class='ocrx_word' id='word_1_548' title='bbox 2261 4151 2351 4207; x_wconf 85' lang='grc' dir='ltr'>διὰ</span> <span class='ocrx_word' id='word_1_549' title='bbox 2379 4153 2440 4207; x_wconf 81' lang='grc' dir='ltr'><strong>τὸ</strong></span> <span class='ocrx_word' id='word_1_550' title='bbox 2469 4152 2731 4221; x_wconf 78' lang='grc' dir='ltr'>ἐξεῶσθαι</span> <span class='ocrx_word' id='word_1_551' title='bbox 2765 4154 2868 4207; x_wconf 81' lang='grc' dir='ltr'>ὑπὸ</span> <span class='ocrx_word' id='word_1_552' title='bbox 2901 4154 2993 4208; x_wconf 76' lang='grc' dir='ltr'><strong>τοῦ</strong></span> <span class='ocrx_word' id='word_1_553' title='bbox 3026 4156 3156 4210; x_wconf 84' lang='grc' dir='ltr'>ἰδίου</span> <span class='ocrx_word' id='word_1_554' title='bbox 3179 4156 3385 4229; x_wconf 84' lang='grc' dir='ltr'>πατρὸς</span> <span class='ocrx_word' id='word_1_555' title='bbox 3419 4158 3528 4211; x_wconf 80' lang='grc' dir='ltr'>ἀπὸ</span> <span class='ocrx_word' id='word_1_556' title='bbox 3553 4161 3654 4229; x_wconf 79' lang='grc' dir='ltr'>τῆς</span> 
     </span>
    </p>
   </div>
   <div class='ocr_carea' id='block_1_83' title="bbox 2071 4232 3653 4320">
    <p class='ocr_par' dir='ltr' id='par_1_83' title="bbox 2071 4232 3653 4320">
     <span class='ocr_line' id='line_1_83' title="bbox 2071 4232 3653 4320; baseline 0.005 -25"><span class='ocrx_word' id='word_1_557' title='bbox 2071 4243 2418 4316; x_wconf 85' lang='grc' dir='ltr'>Ἐκκλησίας.</span> <span class='ocrx_word' id='word_1_558' title='bbox 2475 4241 2739 4298; x_wconf 82' lang='grc' dir='ltr'>Ἀνελθών</span> <span class='ocrx_word' id='word_1_559' title='bbox 2771 4261 2829 4297; x_wconf 90' lang='grc' dir='ltr'><strong>τε</strong></span> <span class='ocrx_word' id='word_1_560' title='bbox 2873 4245 2954 4308; x_wconf 91' lang='grc' dir='ltr'><strong>είς</strong></span> <span class='ocrx_word' id='word_1_561' title='bbox 2995 4232 3251 4319; x_wconf 85' lang='grc' dir='ltr'>Ῥώμην,</span> <span class='ocrx_word' id='word_1_562' title='bbox 3290 4249 3383 4301; x_wconf 73' lang='grc' dir='ltr'>καὶ</span> <span class='ocrx_word' id='word_1_563' title='bbox 3416 4251 3653 4320; x_wconf 76' lang='grc' dir='ltr'>αἰτήσας</span> 
     </span>
    </p>
   </div>
   <div class='ocr_carea' id='block_1_84' title="bbox 2061 4337 3649 4413">
    <p class='ocr_par' dir='ltr' id='par_1_84' title="bbox 2061 4337 3649 4413">
     <span class='ocr_line' id='line_1_84' title="bbox 2061 4337 3649 4413; baseline 0.003 -23"><span class='ocrx_word' id='word_1_564' title='bbox 2061 4337 2347 4406; x_wconf 88' lang='grc' dir='ltr'>μετάνοιαν</span> <span class='ocrx_word' id='word_1_565' title='bbox 2380 4338 2505 4402; x_wconf 83' lang='grc' dir='ltr'>τοὺς</span> <span class='ocrx_word' id='word_1_566' title='bbox 2539 4339 2659 4392; x_wconf 85' lang='grc' dir='ltr'>κατ’</span> <span class='ocrx_word' id='word_1_567' title='bbox 2703 4340 2880 4392; x_wconf 86' lang='grc' dir='ltr'>ἐκεῖνο</span> <span class='ocrx_word' id='word_1_568' title='bbox 2918 4339 3146 4412; x_wconf 84' lang='grc' dir='ltr'>καιροῦ,</span> <span class='ocrx_word' id='word_1_569' title='bbox 3189 4339 3282 4394; x_wconf 76' lang='grc' dir='ltr'>καὶ</span> <span class='ocrx_word' id='word_1_570' title='bbox 3327 4339 3404 4413; x_wconf 83' lang='grc' dir='ltr'>μὴ</span> <span class='ocrx_word' id='word_1_571' title='bbox 3443 4344 3649 4412; x_wconf 85' lang='grc' dir='ltr'>τυχὼν,</span> 
     </span>
    </p>
   </div>
   <div class='ocr_carea' id='block_1_85' title="bbox 355 4429 1956 4505">
    <p class='ocr_par' dir='ltr' id='par_1_85' title="bbox 355 4429 1954 4503">
     <span class='ocr_line' id='line_1_85' title="bbox 355 4429 1954 4503; baseline 0.004 -19"><span class='ocrx_word' id='word_1_572' title='bbox 355 4429 541 4484; x_wconf 88' lang='lat' dir='ltr'><strong>obrem</strong></span> <span class='ocrx_word' id='word_1_573' title='bbox 585 4429 692 4482; x_wconf 92' lang='lat' dir='ltr'><strong>tria</strong></span> <span class='ocrx_word' id='word_1_574' title='bbox 723 4443 847 4484; x_wconf 88' lang='lat' dir='ltr'><strong>esse</strong></span> <span class='ocrx_word' id='word_1_575' title='bbox 896 4429 1170 4499; x_wconf 89' lang='lat' dir='ltr'><strong>principia</strong></span> <span class='ocrx_word' id='word_1_576' title='bbox 1209 4431 1367 4497; x_wconf 81' lang='lat' dir='ltr'><strong>dixit,</strong></span> <span class='ocrx_word' id='word_1_577' title='bbox 1404 4431 1628 4498; x_wconf 86' lang='lat' dir='ltr'><strong>bonum,</strong></span> <span class='ocrx_word' id='word_1_578' title='bbox 1659 4433 1868 4503; x_wconf 89' lang='lat' dir='ltr'><strong>justum</strong></span> <span class='ocrx_word' id='word_1_579' title='bbox 1898 4445 1954 4491; x_wconf 90' lang='lat' dir='ltr'><strong>ct</strong></span> 
     </span>
    </p>
   </div>
   <div class='ocr_carea' id='block_1_86' title="bbox 2073 4429 3650 4505">
    <p class='ocr_par' dir='ltr' id='par_1_86' title="bbox 2073 4430 3650 4505">
     <span class='ocr_line' id='line_1_86' title="bbox 2073 4430 3650 4505; baseline 0.003 -24"><span class='ocrx_word' id='word_1_580' title='bbox 2073 4430 2320 4502; x_wconf 63' lang='grc' dir='ltr'>ἐπαρθεὶς</span> <span class='ocrx_word' id='word_1_581' title='bbox 2351 4431 2492 4486; x_wconf 87' lang='grc' dir='ltr'><strong>κατά</strong></span> <span class='ocrx_word' id='word_1_582' title='bbox 2529 4430 2632 4502; x_wconf 78' lang='grc' dir='ltr'>τῆς</span> <span class='ocrx_word' id='word_1_583' title='bbox 2675 4431 2911 4495; x_wconf 85' lang='grc' dir='ltr'>πίστεως</span> <span class='ocrx_word' id='word_1_584' title='bbox 2930 4471 2945 4498; x_wconf 93' lang='grc'><strong>,</strong></span> <span class='ocrx_word' id='word_1_585' title='bbox 2976 4432 3301 4502; x_wconf 76' lang='grc' dir='ltr'>ἐδογμάτισε</span> <span class='ocrx_word' id='word_1_586' title='bbox 3323 4471 3338 4498; x_wconf 89' lang='grc'><strong>,</strong></span> <span class='ocrx_word' id='word_1_587' title='bbox 3367 4435 3519 4504; x_wconf 85' lang='grc' dir='ltr'>τρεῖς</span> <span class='ocrx_word' id='word_1_588' title='bbox 3546 4435 3650 4505; x_wconf 83' lang='grc' dir='ltr'>ἁρ-</span> 
     </span>
    </p>
   </div>
   <div class='ocr_carea' id='block_1_87' title="bbox 355 4515 1947 4595">
    <p class='ocr_par' dir='ltr' id='par_1_87' title="bbox 355 4515 1947 4595">
     <span class='ocr_line' id='line_1_87' title="bbox 355 4515 1947 4595; baseline 0.006 -24"><span class='ocrx_word' id='word_1_589' title='bbox 355 4519 583 4574; x_wconf 88' lang='lat' dir='ltr'><strong>malum.</strong></span> <span class='ocrx_word' id='word_1_590' title='bbox 607 4515 821 4573; x_wconf 87' lang='lat' dir='ltr'><strong>Novum</strong></span> <span class='ocrx_word' id='word_1_591' title='bbox 855 4518 1268 4574; x_wconf 88' lang='lat' dir='ltr'><strong>Testamentum</strong></span> <span class='ocrx_word' id='word_1_592' title='bbox 1303 4535 1336 4576; x_wconf 89' lang='lat' dir='ltr'><strong>a</strong></span> <span class='ocrx_word' id='word_1_593' title='bbox 1368 4519 1563 4576; x_wconf 80' lang='lat' dir='ltr'><strong>Vetere</strong></span> <span class='ocrx_word' id='word_1_594' title='bbox 1588 4523 1947 4595; x_wconf 86' lang='lat' dir='ltr'><strong>ejusdemque</strong></span> 
     </span>
    </p>
   </div>
   <div class='ocr_carea' id='block_1_88' title="bbox 354 4611 1947 4673">
    <p class='ocr_par' dir='ltr' id='par_1_88' title="bbox 354 4611 1947 4673">
     <span class='ocr_line' id='line_1_88' title="bbox 354 4611 1947 4673; baseline 0.004 -7"><span class='ocrx_word' id='word_1_595' title='bbox 354 4620 580 4669; x_wconf 87' lang='lat' dir='ltr'><strong>auctore</strong></span> <span class='ocrx_word' id='word_1_596' title='bbox 605 4613 845 4668; x_wconf 89' lang='lat' dir='ltr'><strong>alienum</strong></span> <span class='ocrx_word' id='word_1_597' title='bbox 876 4627 1000 4668; x_wconf 89' lang='lat' dir='ltr'><strong>esse</strong></span> <span class='ocrx_word' id='word_1_598' title='bbox 1023 4611 1228 4670; x_wconf 88' lang='lat' dir='ltr'><strong>docuit.</strong></span> <span class='ocrx_word' id='word_1_599' title='bbox 1257 4615 1454 4672; x_wconf 79' lang='lat' dir='ltr'><strong>Carnis</strong></span> <span class='ocrx_word' id='word_1_600' title='bbox 1488 4618 1947 4673; x_wconf 87' lang='lat' dir='ltr'><strong>resurrectionem</strong></span> 
     </span>
    </p>
   </div>
   <div class='ocr_carea' id='block_1_89' title="bbox 354 4703 1946 4776">
    <p class='ocr_par' dir='ltr' id='par_1_89' title="bbox 354 4703 1946 4776">
     <span class='ocr_line' id='line_1_89' title="bbox 354 4703 1946 4776; baseline 0.002 -17"><span class='ocrx_word' id='word_1_601' title='bbox 354 4705 600 4760; x_wconf 84' lang='lat' dir='ltr'><strong>sustulit.</strong></span> <span class='ocrx_word' id='word_1_602' title='bbox 636 4703 757 4758; x_wconf 84' lang='lat' dir='ltr'><strong>Non</strong></span> <span class='ocrx_word' id='word_1_603' title='bbox 797 4719 967 4759; x_wconf 92' lang='lat' dir='ltr'><strong>unum</strong></span> <span class='ocrx_word' id='word_1_604' title='bbox 1008 4706 1281 4776; x_wconf 88' lang='lat' dir='ltr'><strong>baptisma</strong></span> <span class='ocrx_word' id='word_1_605' title='bbox 1319 4707 1608 4774; x_wconf 78' lang='lat' dir='ltr'><strong>duntaxat,</strong></span> <span class='ocrx_word' id='word_1_606' title='bbox 1651 4708 1743 4764; x_wconf 91' lang='lat' dir='ltr'><strong>sed</strong></span> <span class='ocrx_word' id='word_1_607' title='bbox 1783 4709 1946 4764; x_wconf 89' lang='lat' dir='ltr'><strong>etiam</strong></span> 
     </span>
    </p>
   </div>
   <div class='ocr_carea' id='block_1_90' title="bbox 356 4795 1947 4870">
    <p class='ocr_par' dir='ltr' id='par_1_90' title="bbox 356 4795 1947 4870">
     <span class='ocr_line' id='line_1_90' title="bbox 356 4795 1947 4870; baseline 0.005 -20"><span class='ocrx_word' id='word_1_608' title='bbox 356 4797 460 4851; x_wconf 89' lang='lat' dir='ltr'><strong>tria</strong></span> <span class='ocrx_word' id='word_1_609' title='bbox 503 4803 628 4865; x_wconf 91' lang='lat' dir='ltr'><strong>post</strong></span> <span class='ocrx_word' id='word_1_610' title='bbox 679 4795 942 4852; x_wconf 88' lang='lat' dir='ltr'><strong>delictum</strong></span> <span class='ocrx_word' id='word_1_611' title='bbox 993 4797 1258 4870; x_wconf 88' lang='lat' dir='ltr'><strong>indulget.</strong></span> <span class='ocrx_word' id='word_1_612' title='bbox 1303 4799 1409 4857; x_wconf 90' lang='lat' dir='ltr'><strong>Pro</strong></span> <span class='ocrx_word' id='word_1_613' title='bbox 1456 4803 1688 4858; x_wconf 89' lang='lat' dir='ltr'><strong>mortuis</strong></span> <span class='ocrx_word' id='word_1_614' title='bbox 1731 4802 1947 4858; x_wconf 90' lang='lat' dir='ltr'><strong>illorum</strong></span> 
     </span>
    </p>
   </div>
   <div class='ocr_carea' id='block_1_91' title="bbox 355 4887 1949 4964">
    <p class='ocr_par' dir='ltr' id='par_1_91' title="bbox 355 4887 1949 4964">
     <span class='ocr_line' id='line_1_91' title="bbox 355 4887 1949 4964; baseline 0.005 -21"><span class='ocrx_word' id='word_1_615' title='bbox 355 4887 767 4944; x_wconf 87' lang='lat' dir='ltr'><strong>catechumenis</strong></span> <span class='ocrx_word' id='word_1_616' title='bbox 823 4888 1156 4959; x_wconf 88' lang='lat' dir='ltr'><strong>baptismum</strong></span> <span class='ocrx_word' id='word_1_617' title='bbox 1219 4892 1308 4947; x_wconf 87' lang='lat' dir='ltr'><strong>alii</strong></span> <span class='ocrx_word' id='word_1_618' title='bbox 1368 4894 1696 4964; x_wconf 87' lang='lat' dir='ltr'><strong>suscipiunt.</strong></span> <span class='ocrx_word' id='word_1_619' title='bbox 1759 4895 1949 4952; x_wconf 86' lang='lat' dir='ltr'><strong>Mulie-</strong></span> 
     </span>
    </p>
   </div>
   <div class='ocr_carea' id='block_1_92' title="bbox 353 4977 1949 5060">
    <p class='ocr_par' dir='ltr' id='par_1_92' title="bbox 353 4977 1949 5060">
     <span class='ocr_line' id='line_1_92' title="bbox 353 4977 1949 5060; baseline 0.007 -26"><span class='ocrx_word' id='word_1_620' title='bbox 353 4977 508 5034; x_wconf 87' lang='lat' dir='ltr'><strong>ribus</strong></span> <span class='ocrx_word' id='word_1_621' title='bbox 533 4979 785 5036; x_wconf 84' lang='lat' dir='ltr'><strong>conferre</strong></span> <span class='ocrx_word' id='word_1_622' title='bbox 805 4978 1142 5051; x_wconf 83' lang='lat' dir='ltr'><strong>baptismum</strong></span> <span class='ocrx_word' id='word_1_623' title='bbox 1198 4982 1318 5038; x_wconf 90' lang='lat' dir='ltr'><strong>sine</strong></span> <span class='ocrx_word' id='word_1_624' title='bbox 1343 4985 1454 5040; x_wconf 91' lang='lat' dir='ltr'><strong>ullo</strong></span> <span class='ocrx_word' id='word_1_625' title='bbox 1475 4986 1796 5044; x_wconf 86' lang='lat' dir='ltr'><strong>discrimine</strong></span> <span class='ocrx_word' id='word_1_626' title='bbox 1825 5004 1949 5060; x_wconf 89' lang='lat' dir='ltr'><strong>per-</strong></span> 
     </span>
    </p>
   </div>
   <div class='ocr_carea' id='block_1_93' title="bbox 357 5068 544 5122">
    <p class='ocr_par' dir='ltr' id='par_1_93' title="bbox 357 5068 544 5122">
     <span class='ocr_line' id='line_1_93' title="bbox 357 5068 544 5122; baseline 0 -2"><span class='ocrx_word' id='word_1_627' title='bbox 357 5068 544 5122; x_wconf 85' lang='lat' dir='ltr'><strong>mittit.</strong></span> 
     </span>
    </p>
   </div>
   <div class='ocr_carea' id='block_1_94' title="bbox 426 5157 1944 5238">
    <p class='ocr_par' dir='ltr' id='par_1_94' title="bbox 426 5157 1944 5238">
     <span class='ocr_line' id='line_1_94' title="bbox 426 5157 1944 5238; baseline 0.011 -28"><span class='ocrx_word' id='word_1_628' title='bbox 426 5157 767 5217; x_wconf 68' lang='lat' dir='ltr'><strong>Luciantatae.</strong></span> <span class='ocrx_word' id='word_1_629' title='bbox 830 5162 1110 5220; x_wconf 87' lang='lat' dir='ltr'><strong>Lucianus</strong></span> <span class='ocrx_word' id='word_1_630' title='bbox 1164 5165 1251 5220; x_wconf 89' lang='lat' dir='ltr'><strong>his</strong></span> <span class='ocrx_word' id='word_1_631' title='bbox 1298 5166 1595 5238; x_wconf 89' lang='lat' dir='ltr'><strong>antiquior,</strong></span> <span class='ocrx_word' id='word_1_632' title='bbox 1650 5185 1760 5225; x_wconf 94' lang='lat' dir='ltr'><strong>non</strong></span> <span class='ocrx_word' id='word_1_633' title='bbox 1806 5171 1944 5226; x_wconf 84' lang='lat' dir='ltr'><strong>alter</strong></span> 
     </span>
    </p>
   </div>
   <div class='ocr_carea' id='block_1_95' title="bbox 356 5249 1944 5328">
    <p class='ocr_par' dir='ltr' id='par_1_95' title="bbox 356 5249 1944 5328">
     <span class='ocr_line' id='line_1_95' title="bbox 356 5249 1944 5328; baseline 0.01 -24"><span class='ocrx_word' id='word_1_634' title='bbox 356 5249 447 5306; x_wconf 92' lang='lat' dir='ltr'><strong>ille</strong></span> <span class='ocrx_word' id='word_1_635' title='bbox 478 5251 571 5322; x_wconf 92' lang='lat' dir='ltr'><strong>qui</strong></span> <span class='ocrx_word' id='word_1_636' title='bbox 597 5250 963 5310; x_wconf 87' lang='lat' dir='ltr'><strong>Constantino</strong></span> <span class='ocrx_word' id='word_1_637' title='bbox 1000 5255 1305 5328; x_wconf 88' lang='lat' dir='ltr'><strong>imperante</strong></span> <span class='ocrx_word' id='word_1_638' title='bbox 1345 5257 1551 5324; x_wconf 82' lang='lat' dir='ltr'><strong>ﬂoruit,</strong></span> <span class='ocrx_word' id='word_1_639' title='bbox 1590 5262 1642 5316; x_wconf 93' lang='lat' dir='ltr'><strong>in</strong></span> <span class='ocrx_word' id='word_1_640' title='bbox 1686 5264 1944 5320; x_wconf 88' lang='lat' dir='ltr'><strong>omnibus</strong></span> 
     </span>
    </p>
   </div>
   <div class='ocr_carea' id='block_1_96' title="bbox 356 5340 1943 5425">
    <p class='ocr_par' dir='ltr' id='par_1_96' title="bbox 356 5340 1943 5425">
     <span class='ocr_line' id='line_1_96' title="bbox 356 5340 1943 5425; baseline 0.012 -30"><span class='ocrx_word' id='word_1_641' title='bbox 356 5340 652 5400; x_wconf 81' lang='lat' dir='ltr'><strong>Marcionis</strong></span> <span class='ocrx_word' id='word_1_642' title='bbox 689 5345 939 5418; x_wconf 81' lang='lat' dir='ltr'><strong>vestigiis</strong></span> <span class='ocrx_word' id='word_1_643' title='bbox 980 5349 1217 5404; x_wconf 79' lang='lat' dir='ltr'><strong>inhaesit.</strong></span> <span class='ocrx_word' id='word_1_644' title='bbox 1263 5349 1378 5408; x_wconf 83' lang='lat' dir='ltr'><strong>Etsi</strong></span> <span class='ocrx_word' id='word_1_645' title='bbox 1446 5353 1774 5425; x_wconf 90' lang='lat' dir='ltr'><strong>quibusdam</strong></span> <span class='ocrx_word' id='word_1_646' title='bbox 1845 5357 1943 5414; x_wconf 90' lang='lat' dir='ltr'><strong>ad-</strong></span> 
     </span>
    </p>
   </div>
   <div class='ocr_carea' id='block_1_97' title="bbox 350 5433 1594 5512">
    <p class='ocr_par' dir='ltr' id='par_1_97' title="bbox 350 5433 1594 5512">
     <span class='ocr_line' id='line_1_97' title="bbox 350 5433 1594 5512; baseline 0.01 -23"><span class='ocrx_word' id='word_1_647' title='bbox 350 5433 515 5504; x_wconf 88' lang='lat' dir='ltr'><strong>jectis</strong></span> <span class='ocrx_word' id='word_1_648' title='bbox 544 5437 878 5496; x_wconf 88' lang='lat' dir='ltr'><strong>cumulatius</strong></span> <span class='ocrx_word' id='word_1_649' title='bbox 906 5440 1110 5512; x_wconf 83' lang='lat' dir='ltr'><strong>aiiquid</strong></span> <span class='ocrx_word' id='word_1_650' title='bbox 1137 5443 1337 5501; x_wconf 88' lang='lat' dir='ltr'><strong>docere</strong></span> <span class='ocrx_word' id='word_1_651' title='bbox 1364 5447 1594 5503; x_wconf 89' lang='lat' dir='ltr'><strong>studuit.</strong></span> 
     </span>
    </p>
   </div>
   <div class='ocr_carea' id='block_1_98' title="bbox 438 5700 1756 5781">
    <p class='ocr_par' dir='ltr' id='par_1_98' title="bbox 438 5700 1756 5781">
     <span class='ocr_line' id='line_1_98' title="bbox 438 5700 1756 5781; baseline 0 -18"><span class='ocrx_word' id='word_1_652' title='bbox 438 5703 538 5763; x_wconf 76' lang='lat' dir='ltr'><strong>&#39;F.</strong></span> <span class='ocrx_word' id='word_1_653' title='bbox 571 5705 639 5777; x_wconf 68' lang='grc' dir='ltr'><strong>ἐφ</strong></span> <span class='ocrx_word' id='word_1_654' title='bbox 685 5700 786 5772; x_wconf 75' lang='grc' dir='ltr'>υἶς.</span> <span class='ocrx_word' id='word_1_655' title='bbox 866 5710 886 5741; x_wconf 86' lang='grc'><strong><em>²</em></strong></span> <span class='ocrx_word' id='word_1_656' title='bbox 917 5707 977 5764; x_wconf 79' lang='lat' dir='ltr'><strong>F.</strong></span> <span class='ocrx_word' id='word_1_657' title='bbox 1011 5707 1073 5764; x_wconf 79' lang='grc' dir='ltr'>τὺ</span> <span class='ocrx_word' id='word_1_658' title='bbox 1094 5710 1204 5765; x_wconf 74' lang='grc' dir='ltr'>τόν.</span> <span class='ocrx_word' id='word_1_659' title='bbox 1286 5712 1304 5744; x_wconf 87' lang='grc'>³</span> <span class='ocrx_word' id='word_1_660' title='bbox 1335 5712 1394 5768; x_wconf 74' lang='lat' dir='ltr'><strong>F.</strong></span> <span class='ocrx_word' id='word_1_661' title='bbox 1445 5711 1756 5781; x_wconf 61' lang='grc' dir='ltr'>δεξαμένην.</span> 
     </span>
    </p>
   </div>
   <div class='ocr_carea' id='block_1_99' title="bbox 2055 4521 3655 4596">
    <p class='ocr_par' dir='ltr' id='par_1_99' title="bbox 2055 4521 3655 4596">
     <span class='ocr_line' id='line_1_99' title="bbox 2055 4521 3655 4596; baseline 0.004 -23"><span class='ocrx_word' id='word_1_662' title='bbox 2055 4521 2154 4590; x_wconf 83' lang='grc' dir='ltr'><strong>χὰς</strong></span> <span class='ocrx_word' id='word_1_663' title='bbox 2182 4522 2651 4596; x_wconf 74' lang='grc' dir='ltr'>εἰσηγησάμενος,</span> <span class='ocrx_word' id='word_1_664' title='bbox 2679 4521 2882 4591; x_wconf 90' lang='grc' dir='ltr'>ἀγαθόν</span> <span class='ocrx_word' id='word_1_665' title='bbox 2911 4539 2971 4576; x_wconf 89' lang='grc' dir='ltr'><strong>τε</strong></span> <span class='ocrx_word' id='word_1_666' title='bbox 3004 4525 3100 4577; x_wconf 70' lang='grc' dir='ltr'><strong>καὶ</strong></span> <span class='ocrx_word' id='word_1_667' title='bbox 3127 4522 3334 4576; x_wconf 88' lang='grc' dir='ltr'>δίκαιον</span> <span class='ocrx_word' id='word_1_668' title='bbox 3368 4529 3465 4576; x_wconf 66' lang='grc' dir='ltr'><strong>καί</strong></span> <span class='ocrx_word' id='word_1_669' title='bbox 3513 4525 3655 4594; x_wconf 69' lang='grc' dir='ltr'><strong>φαῦ-</strong></span> 
     </span>
    </p>
   </div>
   <div class='ocr_carea' id='block_1_100' title="bbox 2055 4610 3652 4688">
    <p class='ocr_par' dir='ltr' id='par_1_100' title="bbox 2055 4610 3652 4688">
     <span class='ocr_line' id='line_1_100' title="bbox 2055 4610 3652 4688; baseline 0.005 -23"><span class='ocrx_word' id='word_1_670' title='bbox 2055 4612 2145 4666; x_wconf 89' lang='grc' dir='ltr'><strong>λον</strong></span> <span class='ocrx_word' id='word_1_671' title='bbox 2171 4630 2184 4644; x_wconf 73' lang='grc' dir='ltr'><strong>ο</strong></span> <span class='ocrx_word' id='word_1_672' title='bbox 2219 4610 2358 4668; x_wconf 79' lang='grc' dir='ltr'>εἶναί</span> <span class='ocrx_word' id='word_1_673' title='bbox 2391 4631 2450 4668; x_wconf 89' lang='grc' dir='ltr'><strong>τε</strong></span> <span class='ocrx_word' id='word_1_674' title='bbox 2503 4615 2708 4688; x_wconf 78' lang='grc' dir='ltr'>Καινὴν</span> <span class='ocrx_word' id='word_1_675' title='bbox 2746 4615 3024 4688; x_wconf 86' lang='grc' dir='ltr'>Διαθήκην</span> <span class='ocrx_word' id='word_1_676' title='bbox 3063 4615 3353 4688; x_wconf 87' lang='grc' dir='ltr'>ἀλλοτρίαν</span> <span class='ocrx_word' id='word_1_677' title='bbox 3388 4617 3488 4688; x_wconf 81' lang='grc' dir='ltr'><strong>τῆς</strong></span> <span class='ocrx_word' id='word_1_678' title='bbox 3535 4620 3652 4672; x_wconf 85' lang='grc' dir='ltr'>Πα-</span> 
     </span>
    </p>
   </div>
   <div class='ocr_carea' id='block_1_101' title="bbox 2054 4705 3652 4782">
    <p class='ocr_par' dir='ltr' id='par_1_101' title="bbox 2054 4705 3652 4782">
     <span class='ocr_line' id='line_1_101' title="bbox 2054 4705 3652 4782; baseline 0.005 -24"><span class='ocrx_word' id='word_1_679' title='bbox 2054 4705 2212 4770; x_wconf 79' lang='grc' dir='ltr'>λαιᾶς</span> <span class='ocrx_word' id='word_1_680' title='bbox 2238 4707 2445 4762; x_wconf 76' lang='grc' dir='ltr'>καὶτοῦ</span> <span class='ocrx_word' id='word_1_681' title='bbox 2467 4710 2525 4762; x_wconf 86' lang='grc' dir='ltr'><strong>ἐν</strong></span> <span class='ocrx_word' id='word_1_682' title='bbox 2553 4709 2690 4781; x_wconf 84' lang='grc' dir='ltr'>αὐτῇ</span> <span class='ocrx_word' id='word_1_683' title='bbox 2719 4709 3074 4782; x_wconf 85' lang='grc' dir='ltr'>λαλήσαντος.</span> <span class='ocrx_word' id='word_1_684' title='bbox 3099 4709 3421 4764; x_wconf 83' lang='grc' dir='ltr'>Ἀνάστασιν</span> <span class='ocrx_word' id='word_1_685' title='bbox 3445 4714 3652 4781; x_wconf 77' lang='grc' dir='ltr'>σαρκὸς</span> 
     </span>
    </p>
   </div>
   <div class='ocr_carea' id='block_1_102' title="bbox 2057 4799 3652 4872">
    <p class='ocr_par' dir='ltr' id='par_1_102' title="bbox 2057 4799 3652 4872">
     <span class='ocr_line' id='line_1_102' title="bbox 2057 4799 3652 4872; baseline 0.003 -20"><span class='ocrx_word' id='word_1_686' title='bbox 2057 4799 2258 4853; x_wconf 82' lang='grc' dir='ltr'>ἀθετεῖ.</span> <span class='ocrx_word' id='word_1_687' title='bbox 2313 4800 2607 4872; x_wconf 88' lang='grc' dir='ltr'>Βάπτισμα</span> <span class='ocrx_word' id='word_1_688' title='bbox 2643 4800 2859 4854; x_wconf 87' lang='grc' dir='ltr'>δίδωσιν</span> <span class='ocrx_word' id='word_1_689' title='bbox 2913 4801 2976 4854; x_wconf 83' lang='grc' dir='ltr'><strong>ού</strong></span> <span class='ocrx_word' id='word_1_690' title='bbox 3015 4801 3175 4872; x_wconf 86' lang='grc' dir='ltr'>μόνον</span> <span class='ocrx_word' id='word_1_691' title='bbox 3221 4800 3313 4866; x_wconf 86' lang='grc' dir='ltr'>ἒν,</span> <span class='ocrx_word' id='word_1_692' title='bbox 3369 4800 3507 4855; x_wconf 80' lang='grc' dir='ltr'>ἀλλὰ</span> <span class='ocrx_word' id='word_1_693' title='bbox 3555 4807 3652 4857; x_wconf 74' lang='grc' dir='ltr'>καὶ</span> 
     </span>
    </p>
   </div>
   <div class='ocr_carea' id='block_1_103' title="bbox 2056 4889 3650 4965">
    <p class='ocr_par' dir='ltr' id='par_1_103' title="bbox 2056 4889 3650 4965">
     <span class='ocr_line' id='line_1_103' title="bbox 2056 4889 3650 4965; baseline 0.002 -23"><span class='ocrx_word' id='word_1_694' title='bbox 2056 4889 2184 4962; x_wconf 88' lang='grc' dir='ltr'>τρία</span> <span class='ocrx_word' id='word_1_695' title='bbox 2213 4891 2352 4963; x_wconf 85' lang='grc' dir='ltr'>μετὰ</span> <span class='ocrx_word' id='word_1_696' title='bbox 2397 4892 2458 4945; x_wconf 86' lang='grc' dir='ltr'><strong>τὸ</strong></span> <span class='ocrx_word' id='word_1_697' title='bbox 2491 4895 2850 4965; x_wconf 81' lang='grc' dir='ltr'>παραπεσεῖν.</span> <span class='ocrx_word' id='word_1_698' title='bbox 2899 4891 3071 4964; x_wconf 83' lang='grc' dir='ltr'>Ὑπὲρ</span> <span class='ocrx_word' id='word_1_699' title='bbox 3098 4893 3155 4946; x_wconf 86' lang='grc' dir='ltr'>δὲ</span> <span class='ocrx_word' id='word_1_700' title='bbox 3198 4893 3308 4946; x_wconf 80' lang='grc' dir='ltr'>τῶν</span> <span class='ocrx_word' id='word_1_701' title='bbox 3334 4893 3650 4947; x_wconf 83' lang='grc' dir='ltr'>τεθνεώτων</span> 
     </span>
    </p>
   </div>
   <div class='ocr_carea' id='block_1_104' title="bbox 2056 4984 3649 5057">
    <p class='ocr_par' dir='ltr' id='par_1_104' title="bbox 2056 4984 3649 5057">
     <span class='ocr_line' id='line_1_104' title="bbox 2056 4984 3649 5057; baseline 0.002 -22"><span class='ocrx_word' id='word_1_702' title='bbox 2056 5000 2294 5054; x_wconf 86' lang='grc' dir='ltr'>κατηχου</span> <span class='ocrx_word' id='word_1_703' title='bbox 2303 4984 2480 5056; x_wconf 80' lang='grc' dir='ltr'>μένων</span> <span class='ocrx_word' id='word_1_704' title='bbox 2504 4984 2653 5040; x_wconf 77' lang='grc' dir='ltr'>ἄλλοι</span> <span class='ocrx_word' id='word_1_705' title='bbox 2682 4985 2813 5057; x_wconf 78' lang='grc' dir='ltr'>παρ’</span> <span class='ocrx_word' id='word_1_706' title='bbox 2836 4984 3016 5050; x_wconf 78' lang='grc' dir='ltr'>αὐτοῖς</span> <span class='ocrx_word' id='word_1_707' title='bbox 3042 4984 3413 5056; x_wconf 77' lang='grc' dir='ltr'>βαπτίζονται.</span> <span class='ocrx_word' id='word_1_708' title='bbox 3451 4986 3649 5052; x_wconf 77' lang='grc' dir='ltr'>Ἀδεῶς</span> 
     </span>
    </p>
   </div>
   <div class='ocr_carea' id='block_1_105' title="bbox 2055 5074 3538 5150">
    <p class='ocr_par' dir='ltr' id='par_1_105' title="bbox 2055 5074 3538 5150">
     <span class='ocr_line' id='line_1_105' title="bbox 2055 5074 3538 5150; baseline 0.003 -22"><span class='ocrx_word' id='word_1_709' title='bbox 2055 5074 2112 5129; x_wconf 83' lang='grc' dir='ltr'>δὲ</span> <span class='ocrx_word' id='word_1_710' title='bbox 2141 5077 2234 5129; x_wconf 76' lang='grc' dir='ltr'>καὶ</span> <span class='ocrx_word' id='word_1_711' title='bbox 2271 5078 2513 5146; x_wconf 72' lang='grc' dir='ltr'>γυναιξὶν</span> <span class='ocrx_word' id='word_1_712' title='bbox 2543 5077 2827 5150; x_wconf 68' lang='grc' dir='ltr'>ἐπιτρέπει</span> <span class='ocrx_word' id='word_1_713' title='bbox 2855 5078 3016 5148; x_wconf 79' lang='grc' dir='ltr'>δῆθεν</span> <span class='ocrx_word' id='word_1_714' title='bbox 3054 5077 3280 5150; x_wconf 85' lang='grc' dir='ltr'>λουτρὸν</span> <span class='ocrx_word' id='word_1_715' title='bbox 3315 5078 3538 5133; x_wconf 81' lang='grc' dir='ltr'>διδόναι.</span> 
     </span>
    </p>
   </div>
   <div class='ocr_carea' id='block_1_106' title="bbox 2129 5171 3650 5244">
    <p class='ocr_par' dir='ltr' id='par_1_106' title="bbox 2129 5171 3650 5244">
     <span class='ocr_line' id='line_1_106' title="bbox 2129 5171 3650 5244; baseline 0.002 -21"><span class='ocrx_word' id='word_1_716' title='bbox 2129 5173 2578 5226; x_wconf 73' lang='grc' dir='ltr'>Λο-υκιανισταί.</span> <span class='ocrx_word' id='word_1_717' title='bbox 2612 5172 2911 5236; x_wconf 89' lang='grc' dir='ltr'>Λουκιανός</span> <span class='ocrx_word' id='word_1_718' title='bbox 2947 5189 3030 5236; x_wconf 83' lang='grc' dir='ltr'><strong>τις</strong></span> <span class='ocrx_word' id='word_1_719' title='bbox 3062 5173 3320 5244; x_wconf 83' lang='grc' dir='ltr'>ἀρχαῖος,</span> <span class='ocrx_word' id='word_1_720' title='bbox 3353 5171 3450 5242; x_wconf 81' lang='grc' dir='ltr'><strong>οὐχ</strong></span> <span class='ocrx_word' id='word_1_721' title='bbox 3485 5173 3514 5224; x_wconf 82' lang='grc' dir='ltr'>ὁ</span> <span class='ocrx_word' id='word_1_722' title='bbox 3551 5172 3650 5226; x_wconf 73' lang='grc' dir='ltr'>νῦν</span> 
     </span>
    </p>
   </div>
   <div class='ocr_carea' id='block_1_107' title="bbox 2057 5262 3650 5335">
    <p class='ocr_par' dir='ltr' id='par_1_107' title="bbox 2057 5262 3650 5335">
     <span class='ocr_line' id='line_1_107' title="bbox 2057 5262 3650 5335; baseline 0.001 -20"><span class='ocrx_word' id='word_1_723' title='bbox 2057 5263 2115 5316; x_wconf 87' lang='grc' dir='ltr'><strong>ἐν</strong></span> <span class='ocrx_word' id='word_1_724' title='bbox 2171 5263 2385 5334; x_wconf 83' lang='grc' dir='ltr'>χρόνοις</span> <span class='ocrx_word' id='word_1_725' title='bbox 2432 5264 2841 5320; x_wconf 80' lang='grc' dir='ltr'>Κωνσταντίνου</span> <span class='ocrx_word' id='word_1_726' title='bbox 2895 5264 3224 5335; x_wconf 80' lang='grc' dir='ltr'>γενόμενος,</span> <span class='ocrx_word' id='word_1_727' title='bbox 3273 5262 3452 5316; x_wconf 87' lang='grc' dir='ltr'>πάντα</span> <span class='ocrx_word' id='word_1_728' title='bbox 3505 5264 3650 5317; x_wconf 66' lang='grc' dir='ltr'>κατὰ</span> 
     </span>
    </p>
   </div>
   <div class='ocr_carea' id='block_1_108' title="bbox 2055 5355 3646 5430">
    <p class='ocr_par' dir='ltr' id='par_1_108' title="bbox 2055 5355 3646 5430">
     <span class='ocr_line' id='line_1_108' title="bbox 2055 5355 3646 5430; baseline 0.001 -21"><span class='ocrx_word' id='word_1_729' title='bbox 2055 5355 2361 5425; x_wconf 87' lang='grc' dir='ltr'>Μαρκίωνα</span> <span class='ocrx_word' id='word_1_730' title='bbox 2399 5357 2744 5428; x_wconf 85' lang='grc' dir='ltr'>ἐδογμάτισε.</span> <span class='ocrx_word' id='word_1_731' title='bbox 2803 5357 2946 5430; x_wconf 84' lang='grc' dir='ltr'>Πρὸς</span> <span class='ocrx_word' id='word_1_732' title='bbox 2979 5356 3035 5409; x_wconf 86' lang='grc' dir='ltr'>δὲ</span> <span class='ocrx_word' id='word_1_733' title='bbox 3081 5355 3304 5419; x_wconf 83' lang='grc' dir='ltr'>τούτους</span> <span class='ocrx_word' id='word_1_734' title='bbox 3339 5356 3434 5408; x_wconf 85' lang='grc' dir='ltr'>καὶ</span> <span class='ocrx_word' id='word_1_735' title='bbox 3481 5355 3646 5429; x_wconf 72' lang='grc' dir='ltr'>ἕτερά</span> 
     </span>
    </p>
   </div>
   <div class='ocr_carea' id='block_1_109' title="bbox 2054 5447 3651 5522">
    <p class='ocr_par' dir='ltr' id='par_1_109' title="bbox 2054 5447 3651 5522">
     <span class='ocr_line' id='line_1_109' title="bbox 2054 5447 3651 5522; baseline 0 -21"><span class='ocrx_word' id='word_1_736' title='bbox 2054 5465 2174 5501; x_wconf 88' lang='grc' dir='ltr'>τινα</span> <span class='ocrx_word' id='word_1_737' title='bbox 2201 5447 2354 5521; x_wconf 79' lang='grc' dir='ltr'><strong>παρά</strong></span> <span class='ocrx_word' id='word_1_738' title='bbox 2385 5449 2477 5503; x_wconf 81' lang='grc' dir='ltr'>τόν</span> <span class='ocrx_word' id='word_1_739' title='bbox 2516 5450 2853 5522; x_wconf 86' lang='grc' dir='ltr'>Μαρκίωνα,</span> <span class='ocrx_word' id='word_1_740' title='bbox 2898 5448 2992 5503; x_wconf 74' lang='grc' dir='ltr'><strong>καὶ</strong></span> <span class='ocrx_word' id='word_1_741' title='bbox 3031 5449 3192 5513; x_wconf 77' lang='grc' dir='ltr'>αὐτὸς</span> <span class='ocrx_word' id='word_1_742' title='bbox 3240 5448 3401 5520; x_wconf 77' lang='grc' dir='ltr'>δῆθεν</span> <span class='ocrx_word' id='word_1_743' title='bbox 3447 5464 3651 5521; x_wconf 78' lang='grc' dir='ltr'>περισο</span> 
     </span>
    </p>
   </div>
   <div class='ocr_carea' id='block_1_110' title="bbox 2057 5540 2656 5615">
    <p class='ocr_par' dir='ltr' id='par_1_110' title="bbox 2057 5540 2656 5615">
     <span class='ocr_line' id='line_1_110' title="bbox 2057 5540 2656 5615; baseline 0.002 -21"><span class='ocrx_word' id='word_1_744' title='bbox 2057 5540 2292 5613; x_wconf 83' lang='grc' dir='ltr'>σοτέρως</span> <span class='ocrx_word' id='word_1_745' title='bbox 2323 5541 2656 5615; x_wconf 76' lang='grc' dir='ltr'>δογματίζει.</span> 
     </span>
    </p>
   </div>
  </div>
