3960 6118
297 257 399 318 581

980 255 1354 318 ADVERSUS
1391 257 1736 315 HERESES
1772 257 1901 314 LIB.
1939 258 1982 317 l.
2023 257 2188 317 ΤΟΜ.
2233 258 2319 314 Ill.
2360 292 2430 305 —
2467 261 2744 318 HA'IRES.
2776 261 3018 320 XXXIV.

3479 263 3589 322 582

382 378 794 445 Ἀπελληανοί.
835 377 948 432 Καὶ
997 372 1150 442 οὗτος
1203 381 1234 432 6
1283 377 1551 449 Ἀπελλῆς
1602 378 1671 432 τά
1724 379 1887 451 ὅμοια

2053 379 2505 450 231Apelliani.
2522 381 2737 452 Apelles
2752 381 3006 437 similiter
3017 388 3182 453 atque
3196 379 3402 437 Marcio
3413 390 3466 437 et
3479 381 3588 438 ιιι·-

298 469 592 542 Μαρκίωνι
623 469 720 523 καὶ
745 469 1030 539 Λουκιανῷ
1057 466 1275 532 κακίζει
1305 469 1405 539 τὴν
1443 470 1626 522 πᾶσαν
1649 469 1892 542 ποίησιν,

299 563 396 616 καὶ
441 562 532 616 τὸν
578 562 937 632 πεποιηκότα.
976 563 1088 633 Ούχ
1132 562 1332 633 ὁμοίως
1378 561 1435 616 δὲ
1486 562 1696 626 τούτοις
1747 563 1896 634 τρεῖς

298 652 474 725 ἀρχὰς
504 652 839 722 εἰσηγήσατο
863 691 878 716 ,
926 652 1064 705 ἀλλά
1114 653 1243 722 μίαν
1276 652 1375 722 μὲν
1415 653 1592 723 ἀρχὴν
1620 691 1636 719 ,
1672 653 1767 706 καὶ
1798 653 1896 708 ἕνα

297 743 432 796 Θεὸν
475 743 606 798 ὄντα
648 741 923 796 ἀνώτατον
966 744 1060 796 καὶ
1093 743 1538 814 ἀκατονόμαστον
1567 762 1583 778 ο
1636 745 1798 799 αὐτὸν
1838 745 1895 800 δὲ

295 834 389 888 τὸν
438 834 535 888 ἕνα
586 834 948 905 πεποιηκέναι
982 835 1163 890 ἀλλον.
1223 835 1328 889 Καὶ
1362 832 1518 900 οὗτος
1572 839 1602 890 6
1631 837 1892 907 γεγονὼς,

297 927 536 998 πονηρὸς
585 928 865 999 εὑρεθεὶς,
905 928 1164 999 ἐποίησεν
1193 928 1252 981 ὲν
1295 930 1361 999 τῇ
1401 927 1566 981 αὑτοῦ
1597 927 1894 998 φαυλότητι

296 1020 390 1072 τὸν
423 1019 649 1090 κόσμον.
1725 1033 1736 1038 ’

367 1112 741 1181 Σευτιριανοί.
776 1111 1016 1183 Σευῆρος
1043 1111 1206 1168 πάλιν
1258 1129 1341 1175 τις
1373 1111 1452 1183 τῷ
1486 1111 1720 1184 Ἀπελλῇ
1765 1129 1893 1166 συν-

295 1203 585 1274 επόμενος,
616 1204 710 1258 τὸν
746 1204 844 1276 μὲν
886 1198 1030 1258 οἶνον
1051 1205 1433 1260 -ἀποὸάλλεται
1462 1207 1554 1262 καὶ
1585 1207 1684 1278 τὴν
1714 1207 1894 1277 ἀμπε-

294 1295 388 1348 λον
415 1336 428 1360 ,
470 1295 533 1348 ἐκ
580 1313 640 1350 τε
687 1294 782 1350 τοῦ
813 1297 1255 1369 δρακοντοειδοῦς
1276 1300 1492 1354 Σατανᾶ
1524 1299 1620 1352 καὶ
1650 1299 1761 1370 Γῆς
1794 1317 1894 1370 μυ-

295 1387 536 1456 θολογῶν
581 1390 919 1458 πεφυκέναι,
978 1390 1342 1445 συνελθόντων
1378 1391 1651 1462 ἀλλήλοις.
1693 1391 1804 1462 Τὴν
1831 1408 1892 1445 τε

294 1483 532 1550 γυναῖκα
561 1484 950 1553 παραιτεῖται,
994 1483 1220 1552 φάσκων
1271 1483 1570 1554 ἀριστερᾶς
1607 1482 1893 1553 δυνάμεως

294 1571 465 1643 αὐτὴν
492 1572 778 1644 ὑπάρχειν.
826 1574 1156 1645 Ὀνομασίαις
1189 1577 1246 1628 τέ
1280 1594 1429 1640 τινας
1468 1575 1770 1646 ἀρχόντων,
1797 1575 1891 1627 καὶ

297 1665 513 1736 βίϐλους
541 1666 693 1729 τινὰς
725 1666 1078 1736 ἀποκρύφους
1119 1670 1467 1738 παρεισάγει.
1500 1669 1542 1720 Τ
1551 1668 1584 1721 ἀ
1629 1669 1786 1739 ὃμοια
1837 1667 1890 1720 δὲ

1994 472 2189 528 cianus
2237 472 2505 542 quidquid
2541 473 2823 528 conditum
2853 482 2937 529 est
2973 488 3100 528 eum
3141 474 3260 543 ipso
3291 471 3587 530 Conditore

1993 564 2285 634 vituperat.
2343 563 2463 618 Non
2514 572 2698 618 tamen
2748 565 2850 618 tria
2903 575 2962 619 ut
3008 565 3084 620 illi
3139 565 3431 636 principia,
3490 569 3586 622 sed

1993 672 2163 712 unum
2211 663 2426 712 tantum
2471 657 2680 712 invexit
2714 673 2726 709 :
2765 658 3065 729 itidemque
3108 656 3275 714 Deum
3316 673 3485 712 unum
3521 671 3586 712 ac

1995 765 2342 820 supremum,
2383 758 2438 805 et
2476 751 2716 805 nominis
2757 759 3066 820 expertem,
3113 754 3204 821 qui
3249 750 3583 821 singularem

1993 843 2226 898 alterum
2285 845 2677 913 procreaverit.
2731 844 2834 911 Qui
2885 859 3010 898 cum
3066 843 3244 899 malus
3293 842 3582 910 evasisset,

1993 935 2258 989 mundum
2289 949 2390 990 sua
2419 935 2512 990 illa
2547 935 2899 1006 improbitate
2927 935 3194 990 condidit.

2065 1110 2358 1166 Seueriani.
2396 1112 2632 1169 Severus
2664 1113 2753 1168 hic
2781 1112 3024 1184 Appellis
3052 1112 3264 1168 assecla
3301 1111 3488 1167 vinum
3522 1125 3586 1165 ac

1991 1203 2158 1258 vitem
2195 1205 2412 1274 penitus
2441 1207 2682 1260 damnat.
2715 1206 2848 1273 Qua?
2881 1223 2948 1262 ex
2987 1205 3204 1261 Satanae
3239 1205 3510 1275 serpentis
3531 1209 3588 1260 et

1993 1295 2179 1352 Terrae
2218 1313 2517 1368 congressu
2550 1307 2850 1370 propagata
2883 1299 3056 1370 tingit.
3095 1297 3415 1353 Muliebrem
3451 1311 3587 1366 quo-

1992 1403 2099 1458 que
2133 1403 2323 1443 sexum
2367 1389 2654 1459 repudiat,
2700 1389 2844 1460 quod
2881 1390 2948 1444 ad
2999 1390 3280 1445 sinistram
3316 1386 3585 1442 Virtutem

1993 1480 2283 1550 pertineat.
2314 1481 2628 1550 Principum
2658 1480 2924 1535 vocabula
2950 1479 3221 1550 quaedam,
3266 1485 3430 1548 atque
3454 1490 3586 1546 apo-

1993 1572 2230 1643 cryphos
2305 1572 2478 1628 libros
2542 1573 2774 1627 inducit.
2852 1572 2910 1628 ln
2986 1581 3324 1628 mortuorum
3398 1583 3586 1624 resur-

1992 1667 2258 1732 rectione,
2328 1665 2624 1736 Veterique
2681 1665 3033 1722 Testamento
3097 1661 3395 1720 refellendo
3457 1674 3583 1716 cum

294 1759 415 1820 ταῖς
451 1756 638 1820 ἄλλαις
675 1757 773 1829 τὴν
811 1758 1013 1830 σαρκὸς
1056 1759 1354 1814 ἀνάστασιν
1402 1759 1624 1828 ἀθετεῖ,
1657 1759 1752 1813 καὶ
1779 1759 1892 1812 Πα-

1997 1759 2118 1816 aliis
2152 1759 2453 1815 liaeresibus
2486 1758 2780 1814 consentit.

293 1846 454 1903 λαιὰν
487 1847 788 1922 Διαθήκην.

373 1943 664 1997 Tartarei.
703 1935 871 2008 Οὗτος
926 1943 1279 2014 συνήκμασεν
1321 1942 1592 2014 Ἰουστίνῳ
1627 1941 1708 2014 τῷ
1742 1943 1886 2015 μάρ-

293 2051 358 2087 τυ
367 2051 440 2104 ρι,
452 2033 530 2105 τῷ
542 2034 682 2105 ἁγίῳ
699 2035 793 2088 καὶ
811 2035 1106 2106 φιλοσόφῳ.
1130 2035 1286 2089 Μετά
1305 2035 1362 2088 δὲ
1375 2036 1474 2105 τὴν
1489 2033 1584 2088 τοῦ
1609 2035 1885 2107 μάρτυρος

308 2125 592 2179 Ἰουστίνου
617 2127 898 2198 τελευτὴν,
934 2126 1029 2181 τοῦ
1058 2127 1155 2181 καὶ
1189 2127 1500 2197 φιλοσόφου,
1525 2127 1882 2198 προσεφθάρη

290 2219 405 2279 τοῖς
438 2217 533 2270 τοῦ
565 2219 892 2291 Μαρκίωνος
921 2218 1178 2289 δόγμασι,
1214 2217 1578 2288 μαθητευθεὶς
1607 2217 1684 2288 τῷ
1713 2217 1881 2288 αὐτῷ,

292 2307 363 2360 τά
389 2325 448 2360 τε
484 2310 573 2362 ῐσα
597 2309 746 2380 αὐτῷ
779 2311 1130 2378 ἐδογμάτισε,
1158 2310 1251 2363 καὶ
1276 2309 1440 2380 ἕτερα
1461 2310 1720 2380 προσθεὶς
1755 2310 1887 2380 παρ’

293 2401 522 2454 ἐκεῖνον.
579 2402 827 2471 Ἐλέγετο
854 2402 911 2456 δὲ
947 2403 1056 2456 ἀπὸ
1087 2400 1517 2472 Μεσοποταμίας
1552 2401 1848 2472 ὁρμᾶσθαι.

325 2560 428 2578 -κ

2070 1943 2307 1998 Tatiam‘.
2359 1941 2621 1998 Tatianus
2666 1940 2902 2012 primum
2959 1953 3084 1994 cum
3127 1942 3320 1994 sancto
3365 1934 3585 1990 Justino

1993 2042 2236 2105 martyre
2275 2048 2339 2088 ac
2380 2032 2705 2104 pliil0§0pho
2749 2031 2951 2086 ﬂoruit.
2999 2027 3131 2085 Post
3172 2028 3332 2098 cujus
3375 2027 3587 2082 obitum

1992 2127 2319 2196 contagione
2353 2123 2646 2180 Marcionis
2705 2123 3022 2193 dogmatum
3063 2120 3313 2186 alllatus,
3351 2118 3473 2188 ejus
3502 2114 3586 2170 di-

1993 2217 2240 2287 scipulus
2274 2217 2403 2283 fuit;
2455 2215 2522 2270 ad
2571 2229 2885 2284 eaqueque:
2935 2227 3060 2267 cum
3101 2226 3167 2266 eo
3219 2207 3584 2264 communiter

1988 2309 2165 2363 tenuit
2199 2323 2338 2362 nova
2371 2307 2596 2375 insuper
2629 2305 2858 2359 addidit.
2898 2301 3104 2359 Ferunt
3135 2317 3165 2356 e
3192 2297 3584 2370 Mesopotamia

1989 2397 2275 2456 oriundum
2298 2399 2446 2454 hunc
2474 2399 2662 2455 fuisse.

833 2674 1221 2761 ΤΟΜΟΣ
1273 2673 1665 2759 ΤΡΙΤΟΣ
1721 2674 1949 2760 ΤΟΥ
2019 2670 2476 2760 ΠΡΩΤΟΥ
2585 2669 3058 2755 ΒΙΒΛΙΟΥ.

996 2842 1000 2852 ’
1363 2879 1690 2969 LIBRI
1774 2877 1806 2964 ι
1886 2871 2294 2966 TOMUS
2370 2872 2559 2958 ιιι.

767 3109 959 3164 ΚΑΤΑ
992 3109 1418 3178 ΜΑΡΚΩΣΙΩΝ,

293 3221 930 3292 Τεσσαρεσκαιδεκάτη
951 3263 966 3288 ,
1008 3225 1046 3294 ἡ
1083 3225 1180 3280 καὶ
1225 3227 1554 3297 τριακοστὴ
1601 3227 1868 3297 τετάρτη.
1900 3235 1943 3294 C

361 3334 439 3386 A'.
454 3332 682 3403 Μάρκος
702 3331 758 3385 δέ
774 3349 878 3395 τις,
903 3332 996 3402 ἀφ’
1017 3327 1188 3406 οὗπερ
1205 3335 1253 3386 oi
1268 3335 1591 3407 Μαρκώσιοι
1610 3335 1774 3389 καλού
1785 3353 1883 3407 με·

289 3439 373 3477 νοι
396 3463 410 3486 ,
451 3422 559 3475 ἀπὸ
589 3421 794 3474 τούτων
832 3421 1190 3493 ὁρμώμενος,
1227 3425 1323 3476 καὶ
1354 3424 1520 3496 ἕτερα
1574 3425 1726 3498 παρά
1764 3426 1881 3479 τού-

287 3535 416 3580 τους
445 3518 754 3589 τολμήσας,
797 3518 946 3572 κακά
988 3518 1064 3590 τῷ
1109 3520 1298 3592 κόσμῳ
1341 3520 1598 3594 ἐξήμεσε.
1647 3523 1883 3589 Τούτους

288 3609 398 3680 γάρ
423 3609 730 3680 διαδέχεται
762 3610 891 3675 τοὺς
931 3611 1062 3684 περὶ
1088 3612 1410 3678 Σεκοῦνδον,
1443 3615 1540 3669 καὶ
1584 3616 1877 3687 Ἐπιφάνη,

289 3702 386 3754 καὶ
419 3702 754 3772 Πτολεμαῖον
773 3742 788 3768 ,
819 3703 914 3756 καὶ
951 3703 1305 3758 Οὐαλεντῖνον
1323 3723 1336 3735 ·
1361 3707 1443 3770 είς
1485 3707 1881 3780 περισσοτέραν

289 3793 349 3848 δὲ
388 3793 675 3866 ἀγυρτώδη
729 3795 1076 3867 συνάθροισιν
1109 3796 1346 3868 ἐπήρθη.
1384 3797 1587 3852 Γύναια
1635 3800 1746 3872 γὰρ
1788 3801 1883 3854 καὶ

283 3883 488 3955 ἀνδρας
517 3885 610 3937 ὑπ’
643 3884 807 3940 αὑτοῦ
841 3885 1238 3957 πεπλανημένα
1273 3905 1334 3940 τε
1387 3890 1480 3942 καὶ
1529 3889 1884 3961 πεπλανημέ-

288 3993 415 4039 νους
439 3977 770 4047 ἐπηγάγετο,
795 3977 1137 4054 ,ὑποληφθεὶς
1162 3981 1190 4032 6
1219 3978 1452 4044 ἐλεεινὸς
1480 3981 1775 4054 διορθωτὴς
1803 3979 1882 4035 εἷ-

289 4087 379 4121 ναι
411 4069 519 4122 τῶν
553 4071 972 4142 προειρημένων
1005 4071 1338 4126 ἀπατεώνων
1360 4111 1374 4135 ,
1424 4073 1665 4143 μαγικῆς
1709 4074 1886 4145 ὑπάρ-

289 4178 402 4232 χων
422 4161 648 4225 κυϐείας
678 4163 1092 4234 ἐμπειρότατος.
1134 4164 1450 4236 Ἀπατήσας
1477 4163 1533 4217 δὲ
1555 4165 1682 4228 τοὺς
1707 4183 1884 4234 προειο

289 4271 358 4324 ρη
370 4253 562 4322 μένους
592 4253 802 4318 πάντας
836 4255 931 4308 καὶ
966 4255 1068 4320 τὰς
1119 4255 1527 4327 προειρημένας
1552 4298 1566 4322 ,
1598 4256 1885 4328 προσέχειν

285 4344 438 4415 αὐτῷ
469 4347 486 4376 ¹
518 4345 594 4409 ώς
624 4347 1080 4420 γνωστικωτάτῳ,
1115 4349 1209 4401 καὶ
1236 4347 1465 4419 δύναμιν
1488 4348 1586 4419 τὴν
1621 4347 1885 4418 μεγίστην

287 4435 398 4489 ἀπὸ
419 4435 529 4489 τῶν
559 4437 810 4508 ἀοράτων
843 4439 938 4491 καὶ
968 4439 1431 4512 ἀκατονομάστων
1463 4440 1646 4493 τόπων
1684 4439 1880 4510 ἔχοντι,

286 4527 365 4591 ώς
397 4529 705 4600 πρόδρομος
741 4530 816 4584 ὢν
868 4530 1085 4602 ἀληθῶς
1124 4532 1218 4585 τοῦ
1280 4533 1650 4603 Ἀντιχρίστου
1690 4531 1885 4587 ἀποδέ-

2308 3105 2469 3175 232
2509 3101 2790 3159 CONTRA
2829 3101 3245 3172 mucosms,

2331 3209 2567 3269 lla’r'esis
2597 3212 2681 3267 XI
2697 3213 2760 3280 V,
2791 3214 2896 3268 sive
2927 3211 3198 3266 XXXIV.

2054 3327 2096 3381 Ι.
2132 3325 2355 3382 Marcus
2389 3341 2518 3381 vero
2543 3327 2790 3396 quidam,
2814 3341 2843 3379 a
2869 3341 2979 3396 quo
3006 3323 3402 3399 Marcosiorum
3433 3331 3583 3379 secta

1984 3421 2290 3492 pullulavit,
2342 3436 2370 3474 a
2412 3419 2692 3490 prioribus
2738 3419 2846 3475 illis
2895 3418 3196 3490 profectus,
3251 3432 3314 3471 ac
3365 3415 3584 3471 diversa

1983 3517 2232 3588 quaedam
2260 3516 2327 3570 ab
2351 3515 2459 3571 illis
2489 3515 2753 3577 sentiens,
2780 3514 3099 3584 pestiferum
3132 3514 3184 3566 in
3211 3513 3400 3567 orbem
3431 3510 3583 3565 virus

1982 3610 2242 3664 evomuit.
2296 3606 2397 3662 llic
2447 3607 2590 3663 enim
2655 3606 2929 3672 Secundo,
2976 3615 3140 3677 atque
3185 3603 3486 3674 Epiphanio
3531 3613 3585 3656 et

1981 3700 2308 3768 Ptolemaeo,
2356 3698 2754 3770 Valentinoque
2797 3698 3120 3761 succedens,
3162 3697 3472 3752 insaniores
3515 3693 3581 3748 ad

1984 3809 2184 3865 nugas,
2234 3808 2299 3848 ac
2343 3794 2489 3848 velut
2537 3794 2929 3848 circulatorum
2987 3792 3202 3846 fabulas
3255 3790 3582 3846 asserendas

1983 3901 2311 3959 progressus
2355 3891 2462 3940 est.
2532 3883 2599 3938 Et
2640 3885 2862 3955 quidem
2914 3884 3268 3939 mulierculas
3320 3883 3582 3952 virosque

1985 3976 2272 4033 fraudibus
2315 3977 2432 4032 suis
2488 3979 2894 4032 circumventos
2940 3976 3178 4039 induxit,
3233 3974 3580 4045 superiorum

1987 4070 2202 4124 illorqu
2232 4069 2592 4138 impostorum
2618 4080 2899 4123 corrector
2921 4067 3163 4132 habitus,
3190 4083 3314 4122 cum
3341 4067 3584 4137 magica-

1984 4179 2108 4218 rum
2161 4169 2310 4218 esset
2359 4163 2560 4215 artium
2610 4162 2856 4233 apprime
2901 4161 3133 4233 peritus.
3190 4159 3582 4231 Compluribus

1985 4256 2154 4328 igitur
2192 4255 2480 4324 utriusque
2520 4271 2684 4312 sexus
2730 4271 2789 4311 se
2835 4265 2893 4309 ut
2938 4255 3283 4327 potissimum
3330 4255 3582 4310 audirent

1985 4351 2284 4419 persuasit,
2313 4359 2504 4422 ulpote
2535 4349 2989 4413 scientissimum,
3021 4351 3369 4419 maximaque
3397 4363 3463 4404 ex
3489 4363 3585 4402 no-

1985 4442 2134 4498 mine
2168 4444 2487 4498 carentibus
2559 4444 2850 4514 visumque
2888 4442 3392 4514 fugientibuslocis
3428 4449 3580 4512 pote-

1989 4542 2133 4591 state
2161 4536 2489 4606 praeditum;
2528 4552 2595 4592 ex
2634 4551 2744 4606 quo
2785 4542 3048 4591 revera'se
3082 4533 3402 4588 Antichristi
3440 4549 3584 4603 prm-

285 4621 516 4675 δεικται.
550 4621 633 4675 Τά
673 4621 785 4696 γὰρ
828 4622 1146 4690 Ἀναξιλάου
1181 4624 1257 4695 (9)
1291 4601 1520 4694 παίγνια
1563 4629 1630 4698 τῇ
1662 4625 1770 4680 τῶν
1799 4626 1887 4679 λε-

1993 4641 2274 4683 cursorem
2304 4627 2571 4685 ostendit.
2600 4627 2852 4682 Anaxilai
2887 4626 3096 4681 ludicra
3131 4625 3332 4696 quippe
3365 4622 3582 4678 somnia

283 4713 534 4784 γομένων
591 4714 785 4786 μάγων
847 4716 1152 4788 πανουργίᾳ
1201 4716 1481 4788 συμμίξας
1513 4758 1529 4784 ,
1581 4717 1650 4770 δι’
1701 4717 1882 4772 αὐτῶν

284 4805 578 4873 φαντάζων
604 4823 663 4859 τε
695 4807 790 4860 καὶ
827 4807 1106 4878 μαγεύων,
1143 4809 1224 4871 είς
1257 4807 1519 4880 ἔκπληξιν
1553 4809 1680 4873 τοὺς
1707 4810 1880 4881 ὀρῶν-

280 4897 382 4961 τάς
411 4914 470 4949 τε
495 4899 592 4951 καὶ
624 4898 984 4967 πειθομένους
1025 4899 1174 4972 αὐτῷ
1202 4900 1554 4972 περιέϐαλενο
1592 4901 1667 4966 ὼς
1699 4902 1791 4955 καὶ
1829 4902 1880 4956 οί

282 4986 375 5040 ὑπ’
401 4986 567 5040 αὑτοῦ
599 4987 678 5042 ἐτι
721 4990 815 5043 καὶ
854 4989 934 5054 είς
980 4989 1140 5062 δεῦρο
1180 4990 1338 5045 τοῦτο
1385 4989 1743 5046 ἐπιτελοῦσιν.
1810 4993 1874 5047 Οί

281 5075 340 5130 δὲ
393 5076 463 5131 τά
512 5078 620 5131 ἀπὸ
671 5079 994 5150 περιεργίας
1037 5079 1309 5152 ὁρῶντες,
1349 5080 1568 5136 δοκοῦσι
1613 5082 1874 5155 δυνάμεις

357 5191 374 5222 ¹
404 5189 571 5247 Deest
596 5192 848 5266 ἐποίησε,
875 5200 970 5248 aut
999 5192 1174 5247 ἔπτει.

355 5310 432 5382 (9)
480 5311 556 5366 Τὰ
598 5313 708 5382 γὰρ
757 5311 1110 5376 Ἀναξιλάου
1151 5312 1415 5383 παίγνια.
1463 5312 1722 5380 Quaenam
1772 5314 1878 5369 ista

280 5382 495 5437 ludicra
529 5385 669 5446 sint,
703 5385 942 5453 sparsim
978 5383 1185 5437 indicat
1212 5382 1454 5449 Plinius,
1486 5393 1546 5438 ut
1584 5386 1678 5438 lib.
1713 5401 1879 5451 xxxv,

283 5469 406 5524 cap.
449 5453 517 5507 15
545 5471 560 5530 ξ
591 5453 744 5530 Lusit
777 5463 826 5507 et
854 5453 1158 5530 duaxilaus
1182 5469 1241 5508 eo
1274 5453 1360 5524 (de
1397 5455 1664 5530 sulphure
1697 5455 1881 5530 loqui-

284 5531 394 5592 tur)
423 5524 654 5578 candens
699 5527 755 5578 in
783 5525 962 5595 calice
997 5541 1150 5588 novo,
1197 5540 1472 5594 prunaque
1491 5524 1741 5595 subjecta
1771 5524 1886 5582 'cir-

281 5595 579 5662 cumferens
621 5594 1017 5648 exardescentis
1046 5610 1355 5664 repercussu
1389 5594 1648 5664 pallorem
1681 5599 1882 5660 dirum,

281 5667 419 5720 velut
471 5665 880 5737 defunctorum,
939 5667 1246 5735 o/fundente
1299 5668 1576 5723 conviviis.
1647 5668 1886 5741 Scripsit

1989 4734 2114 4774 cum
2153 4735 2369 4784 eorum,
2409 4735 2549 4791 quos
2592 4735 2781 4790 magos
2823 4719 3130 4784 nominant,
3170 4717 3407 4772 versutia
3447 4729 3582 4770 con-

1982 4809 2220 4881 jungens
2242 4850 2256 4875 ,
2289 4817 2454 4881 atque
2480 4809 2612 4864 iisce
2645 4810 2937 4880 praestigiis
2971 4818 3025 4865 et
3059 4808 3268 4862 artibus
3300 4805 3534 4861 illudens
3559 4845 3576 4872 ,

1987 4912 2328 4976 spectatores
2374 4921 2564 4962 omnes
2609 4919 2673 4958 ac
2727 4903 2969 4957 fautores
3020 4916 3151 4956 suos
3194 4900 3248 4953 iu
3297 4907 3578 4968 stuporem

1982 4995 2515 5066 admirationemque
2547 4996 2818 5051 convertit
2859 5011 2873 5047 :
2909 4994 3072 5065 233
3105 4991 3248 5064 quod
3293 4991 3470 5062 ipsum
3512 4989 3581 5044 ad

1981 5085 2306 5141 hodiernam
2361 5101 2538 5157 usque
2591 5086 2736 5142 diem
2792 5092 3094 5141 sectatores
3144 5081 3294 5138 illius
3345 5079 3574 5135 faciunt.

2933 5311 3227 5368 uibusdam
3260 5318 3472 5366 natura:
3513 5323 3579 5364 ac

1984 5317 2107 5380 iste,
2143 5315 2251 5370 nisi
2295 5315 2478 5382 fallor,
2527 5315 2597 5370 de
2639 5314 2860 5368 arcanis

2957 5384 3091 5438 linio
3125 5383 3250 5437 licet
3297 5381 3577 5450 colligere,

1983 5387 2140 5441 miris
2175 5387 2461 5457 operibus,
2497 5393 2556 5438 ut
2590 5401 2656 5441 ex
2685 5386 2877 5440 eodem

1984 5457 2080 5512 lib.
2113 5452 2240 5521 xxx,
2269 5473 2389 5526 cap.
2427 5458 2478 5521 1,
2524 5457 2618 5510 lib.
2653 5472 2825 5511 xxvm
2849 5493 2865 5517 ,
2926 5470 3029 5525 cap
3065 5454 3122 5507 Η
3159 5463 3212 5526 et
3251 5452 3346 5507 lib.
3380 5467 3578 5516 xxxiii,

1984 5543 2105 5598 cap.
2141 5529 2227 5583 10.
2276 5525 2420 5594 Quin
2453 5535 2507 5582 et
2557 5532 2759 5599 smpius
2795 5527 2938 5583 libro
2974 5526 3153 5599 primo
3193 5525 3248 5578 in
3288 5530 3578 5578 auctorum

1986 5599 2230 5654 indiculo
2262 5602 2483 5654 citatur.
