  <div class='ocr_page' id='page_1' title='image "/cluster/home/n/w/nwhite01/storage/ocr_20150623/41/mdp.39015008169818/320.png"; bbox 0 0 3960 6128; ppageno 0'>
   <div class='ocr_carea' id='block_1_1' title="bbox 286 313 385 367">
    <p class='ocr_par' dir='ltr' id='par_1_1' title="bbox 286 313 385 367">
     <span class='ocr_line' id='line_1_1' title="bbox 286 313 385 367; baseline 0.061 -8"><span class='ocrx_word' id='word_1_1' title='bbox 286 313 385 367; x_wconf 64' lang='grc' dir='ltr'>ειη</span> 
     </span>
    </p>
   </div>
   <div class='ocr_carea' id='block_1_2' title="bbox 888 288 1881 373">
    <p class='ocr_par' dir='ltr' id='par_1_2' title="bbox 888 288 1881 373">
     <span class='ocr_line' id='line_1_2' title="bbox 888 288 1881 373; baseline 0.004 -4"><span class='ocrx_word' id='word_1_2' title='bbox 888 288 1258 369; x_wconf 62' lang='grc' dir='ltr'>Αυνειιευε</span> <span class='ocrx_word' id='word_1_3' title='bbox 1295 313 1641 371; x_wconf 66' lang='grc' dir='ltr'>ιιΑςιιΕεεε</span> <span class='ocrx_word' id='word_1_4' title='bbox 1681 315 1807 372; x_wconf 74' lang='lat' dir='ltr'><strong>me.</strong></span> <span class='ocrx_word' id='word_1_5' title='bbox 1850 311 1881 373; x_wconf 85' lang='lat' dir='ltr'><strong>t.</strong></span> 
     </span>
    </p>
   </div>
   <div class='ocr_carea' id='block_1_3' title="bbox 1992 288 2938 373">
    <p class='ocr_par' dir='ltr' id='par_1_3' title="bbox 1992 315 2938 372">
     <span class='ocr_line' id='line_1_3' title="bbox 1992 315 2938 372; baseline 0 -1"><span class='ocrx_word' id='word_1_6' title='bbox 1992 315 2100 372; x_wconf 78' lang='grc' dir='ltr'><strong>ΟΜ.</strong></span> <span class='ocrx_word' id='word_1_7' title='bbox 2146 315 2232 370; x_wconf 83' lang='grc' dir='ltr'><strong>ΙΙΙ.</strong></span> <span class='ocrx_word' id='word_1_8' title='bbox 2274 347 2344 355; x_wconf 89' lang='grc'><strong><em>-</em></strong></span> <span class='ocrx_word' id='word_1_9' title='bbox 2385 316 2650 372; x_wconf 72' lang='lat' dir='ltr'><strong>liAiliES.</strong></span> <span class='ocrx_word' id='word_1_10' title='bbox 2701 316 2938 371; x_wconf 69' lang='lat' dir='ltr'><strong>XXXIV.</strong></span> 
     </span>
    </p>
   </div>
   <div class='ocr_carea' id='block_1_4' title="bbox 3470 314 3574 370">
    <p class='ocr_par' dir='ltr' id='par_1_4' title="bbox 3470 314 3574 370">
     <span class='ocr_line' id='line_1_4' title="bbox 3470 314 3574 370; baseline 0 0"><span class='ocrx_word' id='word_1_11' title='bbox 3470 314 3574 370; x_wconf 71' lang='lat'><strong>593</strong></span> 
     </span>
    </p>
   </div>
   <div class='ocr_carea' id='block_1_5' title="bbox 288 426 1881 503">
    <p class='ocr_par' dir='ltr' id='par_1_5' title="bbox 288 426 1878 501">
     <span class='ocr_line' id='line_1_5' title="bbox 288 426 1878 501; baseline 0.012 -24"><span class='ocrx_word' id='word_1_12' title='bbox 288 430 362 500; x_wconf 75' lang='grc' dir='ltr'>μή</span> <span class='ocrx_word' id='word_1_13' title='bbox 372 445 517 497; x_wconf 80' lang='grc' dir='ltr'>ματα</span> <span class='ocrx_word' id='word_1_14' title='bbox 538 427 667 481; x_wconf 73' lang='grc' dir='ltr'>ὄντα</span> <span class='ocrx_word' id='word_1_15' title='bbox 697 426 807 481; x_wconf 83' lang='grc' dir='ltr'><strong>τῶν</strong></span> <span class='ocrx_word' id='word_1_16' title='bbox 837 429 1127 499; x_wconf 75' lang='grc' dir='ltr'><strong>ἀμιμήτων</strong></span> <span class='ocrx_word' id='word_1_17' title='bbox 1150 427 1249 499; x_wconf 75' lang='grc' dir='ltr'><strong>τὴν</strong></span> <span class='ocrx_word' id='word_1_18' title='bbox 1275 427 1603 501; x_wconf 76' lang='grc' dir='ltr'>Ἐνθύμησιν</span> <span class='ocrx_word' id='word_1_19' title='bbox 1629 430 1728 501; x_wconf 80' lang='grc' dir='ltr'><strong>τῆς</strong></span> <span class='ocrx_word' id='word_1_20' title='bbox 1758 431 1878 500; x_wconf 80' lang='grc' dir='ltr'><strong>Μη-</strong></span> 
     </span>
    </p>
   </div>
   <div class='ocr_carea' id='block_1_6' title="bbox 1992 426 3570 503">
    <p class='ocr_par' dir='ltr' id='par_1_6' title="bbox 1992 429 3570 503">
     <span class='ocr_line' id='line_1_6' title="bbox 1992 429 3570 503; baseline 0.004 -21"><span class='ocrx_word' id='word_1_21' title='bbox 1992 430 2145 497; x_wconf 88' lang='lat' dir='ltr'><strong>lium,</strong></span> <span class='ocrx_word' id='word_1_22' title='bbox 2188 430 2517 500; x_wconf 79' lang='lat' dir='ltr'><strong>Cogitationi</strong></span> <span class='ocrx_word' id='word_1_23' title='bbox 2567 429 2756 486; x_wconf 82' lang='lat' dir='ltr'><strong>Matris</strong></span> <span class='ocrx_word' id='word_1_24' title='bbox 2807 432 3084 500; x_wconf 79' lang='lat' dir='ltr'><strong>serviunt.</strong></span> <span class='ocrx_word' id='word_1_25' title='bbox 3110 430 3313 502; x_wconf 77' lang='lat' dir='ltr'><strong>Itaque</strong></span> <span class='ocrx_word' id='word_1_26' title='bbox 3334 434 3570 503; x_wconf 77' lang='lat' dir='ltr'><strong>primum</strong></span> 
     </span>
    </p>
   </div>
   <div class='ocr_carea' id='block_1_7' title="bbox 282 517 1875 591">
    <p class='ocr_par' dir='ltr' id='par_1_7' title="bbox 282 517 1875 591">
     <span class='ocr_line' id='line_1_7' title="bbox 282 517 1875 591; baseline 0 -18"><span class='ocrx_word' id='word_1_27' title='bbox 282 520 431 590; x_wconf 79' lang='grc' dir='ltr'>τρὸς.</span> <span class='ocrx_word' id='word_1_28' title='bbox 474 519 583 573; x_wconf 77' lang='grc' dir='ltr'>Καὶ</span> <span class='ocrx_word' id='word_1_29' title='bbox 606 522 634 572; x_wconf 83' lang='grc' dir='ltr'>ὁ</span> <span class='ocrx_word' id='word_1_30' title='bbox 672 519 770 591; x_wconf 79' lang='grc' dir='ltr'><strong>μὲν</strong></span> <span class='ocrx_word' id='word_1_31' title='bbox 807 517 1021 590; x_wconf 82' lang='grc' dir='ltr'>πρῶτος</span> <span class='ocrx_word' id='word_1_32' title='bbox 1058 518 1288 588; x_wconf 78' lang='grc' dir='ltr'>οὐρανὸς</span> <span class='ocrx_word' id='word_1_33' title='bbox 1332 518 1628 588; x_wconf 73' lang='grc' dir='ltr'><strong>φθέγγεται</strong></span> <span class='ocrx_word' id='word_1_34' title='bbox 1659 520 1721 573; x_wconf 85' lang='grc' dir='ltr'><strong>τὸ</strong></span> <span class='ocrx_word' id='word_1_35' title='bbox 1757 522 1821 573; x_wconf 80' lang='grc' dir='ltr'><strong>Α.</strong></span> <span class='ocrx_word' id='word_1_36' title='bbox 1847 522 1875 573; x_wconf 83' lang='grc' dir='ltr'>ὁ</span> 
     </span>
    </p>
   </div>
   <div class='ocr_carea' id='block_1_8' title="bbox 284 608 1877 683">
    <p class='ocr_par' dir='ltr' id='par_1_8' title="bbox 284 608 1877 683">
     <span class='ocr_line' id='line_1_8' title="bbox 284 608 1877 683; baseline -0.001 -18"><span class='ocrx_word' id='word_1_37' title='bbox 284 614 339 665; x_wconf 76' lang='grc' dir='ltr'><strong>δὲ</strong></span> <span class='ocrx_word' id='word_1_38' title='bbox 376 609 512 679; x_wconf 81' lang='grc' dir='ltr'><strong>μετᾶ</strong></span> <span class='ocrx_word' id='word_1_39' title='bbox 537 608 726 663; x_wconf 85' lang='grc' dir='ltr'>τοῦτον</span> <span class='ocrx_word' id='word_1_40' title='bbox 763 609 825 663; x_wconf 80' lang='grc' dir='ltr'>τὸ</span> <span class='ocrx_word' id='word_1_41' title='bbox 851 611 916 675; x_wconf 85' lang='grc' dir='ltr'>Ε,</span> <span class='ocrx_word' id='word_1_42' title='bbox 940 609 969 661; x_wconf 88' lang='grc' dir='ltr'>ὁ</span> <span class='ocrx_word' id='word_1_43' title='bbox 994 608 1050 662; x_wconf 82' lang='grc' dir='ltr'><strong>δὲ</strong></span> <span class='ocrx_word' id='word_1_44' title='bbox 1076 609 1259 682; x_wconf 81' lang='grc' dir='ltr'><strong>τρίτος</strong></span> <span class='ocrx_word' id='word_1_45' title='bbox 1287 611 1335 663; x_wconf 80' lang='grc' dir='ltr'>Η</span> <span class='ocrx_word' id='word_1_46' title='bbox 1355 628 1368 640; x_wconf 91' lang='grc'><strong>·</strong></span> <span class='ocrx_word' id='word_1_47' title='bbox 1406 610 1668 683; x_wconf 74' lang='grc' dir='ltr'><strong>τέταρτος</strong></span> <span class='ocrx_word' id='word_1_48' title='bbox 1697 612 1754 664; x_wconf 78' lang='grc' dir='ltr'><strong>δὲ</strong></span> <span class='ocrx_word' id='word_1_49' title='bbox 1785 612 1877 663; x_wconf 76' lang='grc' dir='ltr'>καὶ</span> 
     </span>
    </p>
   </div>
   <div class='ocr_carea' id='block_1_9' title="bbox 288 702 1876 776">
    <p class='ocr_par' dir='ltr' id='par_1_9' title="bbox 288 702 1876 776">
     <span class='ocr_line' id='line_1_9' title="bbox 288 702 1876 776; baseline -0.001 -18"><span class='ocrx_word' id='word_1_50' title='bbox 288 705 454 775; x_wconf 79' lang='grc' dir='ltr'>μέσος</span> <span class='ocrx_word' id='word_1_51' title='bbox 492 703 599 758; x_wconf 81' lang='grc' dir='ltr'><strong>τῶν</strong></span> <span class='ocrx_word' id='word_1_52' title='bbox 644 703 785 758; x_wconf 74' lang='grc' dir='ltr'>ἑπτά</span> <span class='ocrx_word' id='word_1_53' title='bbox 826 703 924 776; x_wconf 72' lang='grc' dir='ltr'>τὴν</span> <span class='ocrx_word' id='word_1_54' title='bbox 963 702 1055 758; x_wconf 75' lang='grc' dir='ltr'>τοῦ</span> <span class='ocrx_word' id='word_1_55' title='bbox 1092 704 1113 756; x_wconf 90' lang='grc' dir='ltr'>ῐ</span> <span class='ocrx_word' id='word_1_56' title='bbox 1156 703 1385 773; x_wconf 79' lang='grc' dir='ltr'>δύναμιν</span> <span class='ocrx_word' id='word_1_57' title='bbox 1438 706 1691 773; x_wconf 75' lang='grc' dir='ltr'>ἐκφωνεῖ,</span> <span class='ocrx_word' id='word_1_58' title='bbox 1746 707 1773 757; x_wconf 89' lang='grc' dir='ltr'>ὁ</span> <span class='ocrx_word' id='word_1_59' title='bbox 1820 706 1876 757; x_wconf 78' lang='grc' dir='ltr'><strong>δὲ</strong></span> 
     </span>
    </p>
   </div>
   <div class='ocr_carea' id='block_1_10' title="bbox 287 795 1877 869">
    <p class='ocr_par' dir='ltr' id='par_1_10' title="bbox 287 795 1877 869">
     <span class='ocr_line' id='line_1_10' title="bbox 287 795 1877 869; baseline 0 -18"><span class='ocrx_word' id='word_1_60' title='bbox 287 798 536 867; x_wconf 78' lang='grc' dir='ltr'>πέμπτος</span> <span class='ocrx_word' id='word_1_61' title='bbox 564 796 624 850; x_wconf 71' lang='grc' dir='ltr'>τὸ</span> <span class='ocrx_word' id='word_1_62' title='bbox 666 799 729 859; x_wconf 90' lang='grc' dir='ltr'>Ο,</span> <span class='ocrx_word' id='word_1_63' title='bbox 759 795 918 861; x_wconf 75' lang='grc' dir='ltr'>ἕκτος</span> <span class='ocrx_word' id='word_1_64' title='bbox 945 798 1001 851; x_wconf 85' lang='grc' dir='ltr'><strong>δὲ</strong></span> <span class='ocrx_word' id='word_1_65' title='bbox 1032 798 1093 852; x_wconf 80' lang='grc' dir='ltr'><strong>τὸ</strong></span> <span class='ocrx_word' id='word_1_66' title='bbox 1127 799 1174 852; x_wconf 88' lang='grc' dir='ltr'>Υ</span> <span class='ocrx_word' id='word_1_67' title='bbox 1197 816 1210 830; x_wconf 77' lang='grc'><em>’</em></span> <span class='ocrx_word' id='word_1_68' title='bbox 1237 798 1465 868; x_wconf 76' lang='grc' dir='ltr'>ἕϐδομος</span> <span class='ocrx_word' id='word_1_69' title='bbox 1494 798 1588 851; x_wconf 78' lang='grc' dir='ltr'><strong>καὶ</strong></span> <span class='ocrx_word' id='word_1_70' title='bbox 1619 796 1877 869; x_wconf 78' lang='grc' dir='ltr'><strong>τέταρτος</strong></span> 
     </span>
    </p>
   </div>
   <div class='ocr_carea' id='block_1_11' title="bbox 287 888 1874 960">
    <p class='ocr_par' dir='ltr' id='par_1_11' title="bbox 287 888 1874 960">
     <span class='ocr_line' id='line_1_11' title="bbox 287 888 1874 960; baseline 0 -17"><span class='ocrx_word' id='word_1_71' title='bbox 287 890 396 944; x_wconf 80' lang='grc' dir='ltr'><strong>ἀπὸ</strong></span> <span class='ocrx_word' id='word_1_72' title='bbox 436 888 665 960; x_wconf 78' lang='grc' dir='ltr'>μέρους¹</span> <span class='ocrx_word' id='word_1_73' title='bbox 696 889 756 942; x_wconf 81' lang='grc' dir='ltr'><strong>τὸ</strong></span> <span class='ocrx_word' id='word_1_74' title='bbox 781 890 823 942; x_wconf 84' lang='grc' dir='ltr'>Ω</span> <span class='ocrx_word' id='word_1_75' title='bbox 856 893 1119 959; x_wconf 83' lang='grc' dir='ltr'>στοιχεῖον</span> <span class='ocrx_word' id='word_1_76' title='bbox 1144 890 1331 960; x_wconf 69' lang='grc' dir='ltr'>ἐκϐοᾷ,</span> <span class='ocrx_word' id='word_1_77' title='bbox 1372 889 1557 953; x_wconf 85' lang='grc' dir='ltr'>καθὼς</span> <span class='ocrx_word' id='word_1_78' title='bbox 1589 890 1874 960; x_wconf 82' lang='grc' dir='ltr'>ἠΜάρκου</span> 
     </span>
    </p>
   </div>
   <div class='ocr_carea' id='block_1_12' title="bbox 288 979 1878 1053">
    <p class='ocr_par' dir='ltr' id='par_1_12' title="bbox 288 979 1878 1053">
     <span class='ocr_line' id='line_1_12' title="bbox 288 979 1878 1053; baseline 0.001 -21"><span class='ocrx_word' id='word_1_79' title='bbox 288 980 443 1051; x_wconf 83' lang='grc' dir='ltr'>Σιγὴ,</span> <span class='ocrx_word' id='word_1_80' title='bbox 483 981 516 1051; x_wconf 86' lang='grc' dir='ltr'>ἡ</span> <span class='ocrx_word' id='word_1_81' title='bbox 559 979 730 1033; x_wconf 80' lang='grc' dir='ltr'>πολλὰ</span> <span class='ocrx_word' id='word_1_82' title='bbox 764 982 862 1051; x_wconf 80' lang='grc' dir='ltr'><strong>μὲν</strong></span> <span class='ocrx_word' id='word_1_83' title='bbox 892 981 1227 1053; x_wconf 80' lang='grc' dir='ltr'>φλυαροῦσα,</span> <span class='ocrx_word' id='word_1_84' title='bbox 1273 982 1439 1053; x_wconf 74' lang='grc' dir='ltr'>μηδὲν</span> <span class='ocrx_word' id='word_1_85' title='bbox 1469 982 1524 1035; x_wconf 82' lang='grc' dir='ltr'><strong>δὲ</strong></span> <span class='ocrx_word' id='word_1_86' title='bbox 1563 981 1763 1053; x_wconf 75' lang='grc' dir='ltr'>ἀληθὲς</span> <span class='ocrx_word' id='word_1_87' title='bbox 1791 980 1878 1034; x_wconf 79' lang='grc' dir='ltr'><strong>λέ-</strong></span> 
     </span>
    </p>
   </div>
   <div class='ocr_carea' id='block_1_13' title="bbox 286 1072 1873 1145">
    <p class='ocr_par' dir='ltr' id='par_1_13' title="bbox 286 1072 1873 1145">
     <span class='ocr_line' id='line_1_13' title="bbox 286 1072 1873 1145; baseline 0.001 -19"><span class='ocrx_word' id='word_1_88' title='bbox 286 1090 480 1142; x_wconf 84' lang='grc' dir='ltr'>γουσα,</span> <span class='ocrx_word' id='word_1_89' title='bbox 517 1072 944 1129; x_wconf 73' lang='grc' dir='ltr'>διαϐεϐαιοῦται.</span> <span class='ocrx_word' id='word_1_90' title='bbox 989 1075 1199 1138; x_wconf 80' lang='grc' dir='ltr'>Λῖτινες</span> <span class='ocrx_word' id='word_1_91' title='bbox 1222 1074 1501 1143; x_wconf 82' lang='grc' dir='ltr'>δυνάμεις,</span> <span class='ocrx_word' id='word_1_92' title='bbox 1524 1074 1683 1145; x_wconf 80' lang='grc' dir='ltr'>ὁμοῦ,</span> <span class='ocrx_word' id='word_1_93' title='bbox 1717 1074 1873 1145; x_wconf 74' lang='grc' dir='ltr'>φησί,</span> 
     </span>
    </p>
   </div>
   <div class='ocr_carea' id='block_1_14' title="bbox 287 1165 1876 1237">
    <p class='ocr_par' dir='ltr' id='par_1_14' title="bbox 287 1165 1876 1237">
     <span class='ocr_line' id='line_1_14' title="bbox 287 1165 1876 1237; baseline 0 -18"><span class='ocrx_word' id='word_1_94' title='bbox 287 1168 457 1220; x_wconf 79' lang='grc' dir='ltr'>πᾶσαι</span> <span class='ocrx_word' id='word_1_95' title='bbox 495 1167 576 1230; x_wconf 88' lang='grc' dir='ltr'><strong>εἰς</strong></span> <span class='ocrx_word' id='word_1_96' title='bbox 608 1165 846 1237; x_wconf 79' lang='grc' dir='ltr'><strong>ἀλλήλας</strong></span> <span class='ocrx_word' id='word_1_97' title='bbox 886 1166 1316 1237; x_wconf 82' lang='grc' dir='ltr'>συμπλακεῖσαι,</span> <span class='ocrx_word' id='word_1_98' title='bbox 1354 1166 1544 1237; x_wconf 75' lang='grc' dir='ltr'>ἠχοῦσι</span> <span class='ocrx_word' id='word_1_99' title='bbox 1588 1166 1682 1220; x_wconf 74' lang='grc' dir='ltr'><strong>καὶ</strong></span> <span class='ocrx_word' id='word_1_100' title='bbox 1717 1166 1876 1230; x_wconf 78' lang='grc' dir='ltr'>δοξά-</span> 
     </span>
    </p>
   </div>
   <div class='ocr_carea' id='block_1_15' title="bbox 286 1247 1874 1331">
    <p class='ocr_par' dir='ltr' id='par_1_15' title="bbox 286 1247 1874 1331">
     <span class='ocr_line' id='line_1_15' title="bbox 286 1247 1874 1331; baseline -0.002 -18"><span class='ocrx_word' id='word_1_101' title='bbox 286 1261 469 1324; x_wconf 70' lang='grc' dir='ltr'>ζουσιν</span> <span class='ocrx_word' id='word_1_102' title='bbox 499 1261 727 1324; x_wconf 82' lang='grc' dir='ltr'>ἐκεῖνον,</span> <span class='ocrx_word' id='word_1_103' title='bbox 760 1259 849 1328; x_wconf 80' lang='grc' dir='ltr'><strong>ὑφ’</strong></span> <span class='ocrx_word' id='word_1_104' title='bbox 874 1252 935 1312; x_wconf 67' lang='grc' dir='ltr'>οὗ</span> <span class='ocrx_word' id='word_1_105' title='bbox 967 1247 1408 1331; x_wconf 71' lang='grc' dir='ltr'>προεᾶλήθησαν.</span> <span class='ocrx_word' id='word_1_106' title='bbox 1451 1259 1514 1312; x_wconf 81' lang='grc' dir='ltr'><strong>Ἦ</strong></span> <span class='ocrx_word' id='word_1_107' title='bbox 1540 1259 1596 1313; x_wconf 86' lang='grc' dir='ltr'><strong>δὲ</strong></span> <span class='ocrx_word' id='word_1_108' title='bbox 1626 1259 1751 1325; x_wconf 75' lang='grc' dir='ltr'>δόξα</span> <span class='ocrx_word' id='word_1_109' title='bbox 1775 1260 1874 1330; x_wconf 82' lang='grc' dir='ltr'><strong>τῆς</strong></span> 
     </span>
    </p>
   </div>
   <div class='ocr_carea' id='block_1_16' title="bbox 286 1348 1874 1422">
    <p class='ocr_par' dir='ltr' id='par_1_16' title="bbox 286 1348 1874 1422">
     <span class='ocr_line' id='line_1_16' title="bbox 286 1348 1874 1422; baseline -0.001 -19"><span class='ocrx_word' id='word_1_110' title='bbox 286 1352 428 1421; x_wconf 67' lang='grc' dir='ltr'>ἠχῆς</span> <span class='ocrx_word' id='word_1_111' title='bbox 448 1349 829 1421; x_wconf 76' lang='grc' dir='ltr'>ἀναπέμπεται</span> <span class='ocrx_word' id='word_1_112' title='bbox 854 1352 934 1414; x_wconf 87' lang='grc' dir='ltr'><strong>εἰς</strong></span> <span class='ocrx_word' id='word_1_113' title='bbox 948 1350 1038 1403; x_wconf 69' lang='grc' dir='ltr'><strong>τὸν</strong></span> <span class='ocrx_word' id='word_1_114' title='bbox 1068 1350 1417 1422; x_wconf 83' lang='grc' dir='ltr'>Προπάτορα.</span> <span class='ocrx_word' id='word_1_115' title='bbox 1452 1348 1667 1421; x_wconf 83' lang='grc' dir='ltr'>Ταύτης</span> <span class='ocrx_word' id='word_1_116' title='bbox 1691 1349 1874 1420; x_wconf 76' lang='grc' dir='ltr'>μέντοι</span> 
     </span>
    </p>
   </div>
   <div class='ocr_carea' id='block_1_17' title="bbox 288 1438 1875 1515">
    <p class='ocr_par' dir='ltr' id='par_1_17' title="bbox 288 1438 1875 1515">
     <span class='ocr_line' id='line_1_17' title="bbox 288 1438 1875 1515; baseline -0.002 -18"><span class='ocrx_word' id='word_1_117' title='bbox 288 1443 390 1513; x_wconf 78' lang='grc' dir='ltr'><strong>τῆς</strong></span> <span class='ocrx_word' id='word_1_118' title='bbox 417 1442 722 1511; x_wconf 80' lang='grc' dir='ltr'>δοξολογίας</span> <span class='ocrx_word' id='word_1_119' title='bbox 751 1443 844 1496; x_wconf 72' lang='grc' dir='ltr'><strong>τὸν</strong></span> <span class='ocrx_word' id='word_1_120' title='bbox 878 1438 1009 1513; x_wconf 71' lang='grc' dir='ltr'>ἦχον</span> <span class='ocrx_word' id='word_1_121' title='bbox 1038 1445 1117 1507; x_wconf 88' lang='grc' dir='ltr'><strong>εἰς</strong></span> <span class='ocrx_word' id='word_1_122' title='bbox 1149 1443 1246 1515; x_wconf 74' lang='grc' dir='ltr'>τὴν</span> <span class='ocrx_word' id='word_1_123' title='bbox 1277 1445 1381 1514; x_wconf 75' lang='grc' dir='ltr'>γῆν</span> <span class='ocrx_word' id='word_1_124' title='bbox 1399 1442 1697 1513; x_wconf 73' lang='grc' dir='ltr'>φερόμενόν</span> <span class='ocrx_word' id='word_1_125' title='bbox 1741 1459 1875 1513; x_wconf 73' lang='grc' dir='ltr'>φησι</span> 
     </span>
    </p>
   </div>
   <div class='ocr_carea' id='block_1_18' title="bbox 289 1534 1870 1608">
    <p class='ocr_par' dir='ltr' id='par_1_18' title="bbox 289 1534 1870 1608">
     <span class='ocr_line' id='line_1_18' title="bbox 289 1534 1870 1608; baseline 0.001 -20"><span class='ocrx_word' id='word_1_126' title='bbox 289 1535 536 1605; x_wconf 86' lang='grc' dir='ltr'>πλάστην</span> <span class='ocrx_word' id='word_1_127' title='bbox 564 1534 839 1604; x_wconf 76' lang='grc' dir='ltr'>γενέσθαι,</span> <span class='ocrx_word' id='word_1_128' title='bbox 870 1537 960 1589; x_wconf 74' lang='grc' dir='ltr'><strong>καὶ</strong></span> <span class='ocrx_word' id='word_1_129' title='bbox 985 1539 1282 1608; x_wconf 78' lang='grc' dir='ltr'>γεννήτορα</span> <span class='ocrx_word' id='word_1_130' title='bbox 1324 1536 1432 1589; x_wconf 82' lang='grc' dir='ltr'><strong>τῶν</strong></span> <span class='ocrx_word' id='word_1_131' title='bbox 1479 1536 1573 1588; x_wconf 73' lang='grc' dir='ltr'>ἐπὶ</span> <span class='ocrx_word' id='word_1_132' title='bbox 1608 1534 1710 1605; x_wconf 75' lang='grc' dir='ltr'>τῆς</span> <span class='ocrx_word' id='word_1_133' title='bbox 1748 1536 1870 1606; x_wconf 78' lang='grc' dir='ltr'>γῆς.</span> 
     </span>
    </p>
   </div>
   <div class='ocr_carea' id='block_1_19' title="bbox 289 1625 1876 1698">
    <p class='ocr_par' dir='ltr' id='par_1_19' title="bbox 289 1625 1876 1698">
     <span class='ocr_line' id='line_1_19' title="bbox 289 1625 1876 1698; baseline -0.001 -19"><span class='ocrx_word' id='word_1_134' title='bbox 289 1627 402 1697; x_wconf 69' lang='grc' dir='ltr'><strong>Τὴν</strong></span> <span class='ocrx_word' id='word_1_135' title='bbox 420 1626 477 1681; x_wconf 83' lang='grc' dir='ltr'><strong>δὲ</strong></span> <span class='ocrx_word' id='word_1_136' title='bbox 492 1625 765 1691; x_wconf 77' lang='grc' dir='ltr'>ἀπόδειξιν</span> <span class='ocrx_word' id='word_1_137' title='bbox 790 1626 946 1698; x_wconf 72' lang='grc' dir='ltr'>φέρει</span> <span class='ocrx_word' id='word_1_138' title='bbox 962 1626 1070 1680; x_wconf 75' lang='grc' dir='ltr'><strong>ἀπὸ</strong></span> <span class='ocrx_word' id='word_1_139' title='bbox 1090 1626 1195 1680; x_wconf 83' lang='grc' dir='ltr'><strong>τῶν</strong></span> <span class='ocrx_word' id='word_1_140' title='bbox 1218 1627 1344 1697; x_wconf 84' lang='grc' dir='ltr'>ἄρτι</span> <span class='ocrx_word' id='word_1_141' title='bbox 1371 1625 1727 1696; x_wconf 79' lang='grc' dir='ltr'><strong>γεννωμένων</strong></span> <span class='ocrx_word' id='word_1_142' title='bbox 1750 1625 1779 1695; x_wconf 86' lang='grc' dir='ltr'>β</span> <span class='ocrx_word' id='word_1_143' title='bbox 1788 1643 1876 1696; x_wconf 79' lang='grc' dir='ltr'>ρε-</span> 
     </span>
    </p>
   </div>
   <div class='ocr_carea' id='block_1_20' title="bbox 1981 522 3574 597">
    <p class='ocr_par' dir='ltr' id='par_1_20' title="bbox 1981 522 3574 597">
     <span class='ocr_line' id='line_1_20' title="bbox 1981 522 3574 597; baseline 0.002 -22"><span class='ocrx_word' id='word_1_144' title='bbox 1981 522 2240 577; x_wconf 72' lang='lat' dir='ltr'><strong>cmlumA</strong></span> <span class='ocrx_word' id='word_1_145' title='bbox 2262 522 2615 591; x_wconf 76' lang='lat' dir='ltr'><strong>pronuntiat;</strong></span> <span class='ocrx_word' id='word_1_146' title='bbox 2642 523 2943 578; x_wconf 88' lang='lat' dir='ltr'><strong>secundum</strong></span> <span class='ocrx_word' id='word_1_147' title='bbox 2967 524 3028 591; x_wconf 82' lang='lat' dir='ltr'><strong>E;</strong></span> <span class='ocrx_word' id='word_1_148' title='bbox 3060 525 3280 580; x_wconf 91' lang='lat' dir='ltr'><strong>tertium</strong></span> <span class='ocrx_word' id='word_1_149' title='bbox 3310 526 3382 597; x_wconf 76' lang='lat' dir='ltr'><strong>ll;</strong></span> <span class='ocrx_word' id='word_1_150' title='bbox 3412 540 3574 596; x_wconf 88' lang='lat' dir='ltr'><strong>quar-</strong></span> 
     </span>
    </p>
   </div>
   <div class='ocr_carea' id='block_1_21' title="bbox 1981 614 3557 688">
    <p class='ocr_par' dir='ltr' id='par_1_21' title="bbox 1981 614 3557 688">
     <span class='ocr_line' id='line_1_21' title="bbox 1981 614 3557 688; baseline 0.005 -23"><span class='ocrx_word' id='word_1_151' title='bbox 1981 622 2092 667; x_wconf 84' lang='lat' dir='ltr'><strong>tum</strong></span> <span class='ocrx_word' id='word_1_152' title='bbox 2136 622 2187 669; x_wconf 88' lang='lat' dir='ltr'><strong>et</strong></span> <span class='ocrx_word' id='word_1_153' title='bbox 2225 614 2460 667; x_wconf 82' lang='lat' dir='ltr'><strong>medium</strong></span> <span class='ocrx_word' id='word_1_154' title='bbox 2493 615 2698 669; x_wconf 77' lang='lat' dir='ltr'><strong>vocalis</strong></span> <span class='ocrx_word' id='word_1_155' title='bbox 2732 617 2752 669; x_wconf 92' lang='grc' dir='ltr'>ῐ</span> <span class='ocrx_word' id='word_1_156' title='bbox 2785 618 2890 670; x_wconf 85' lang='lat' dir='ltr'><strong>vim</strong></span> <span class='ocrx_word' id='word_1_157' title='bbox 2944 617 3132 683; x_wconf 70' lang='lat' dir='ltr'><strong>effert;</strong></span> <span class='ocrx_word' id='word_1_158' title='bbox 3180 618 3432 688; x_wconf 68' lang='lat' dir='ltr'><strong>quintum</strong></span> <span class='ocrx_word' id='word_1_159' title='bbox 3478 618 3557 684; x_wconf 74' lang='lat'><strong>0;</strong></span> 
     </span>
    </p>
   </div>
   <div class='ocr_carea' id='block_1_22' title="bbox 1981 708 3570 779">
    <p class='ocr_par' dir='ltr' id='par_1_22' title="bbox 1981 708 3570 779">
     <span class='ocr_line' id='line_1_22' title="bbox 1981 708 3570 779; baseline 0.001 -18"><span class='ocrx_word' id='word_1_160' title='bbox 1981 716 2195 762; x_wconf 76' lang='lat' dir='ltr'><strong>sextum</strong></span> <span class='ocrx_word' id='word_1_161' title='bbox 2248 708 2321 774; x_wconf 78' lang='lat'><strong>1‘;</strong></span> <span class='ocrx_word' id='word_1_162' title='bbox 2360 708 2654 778; x_wconf 82' lang='lat' dir='ltr'><strong>septimum</strong></span> <span class='ocrx_word' id='word_1_163' title='bbox 2700 716 2754 763; x_wconf 89' lang='lat' dir='ltr'><strong>et</strong></span> <span class='ocrx_word' id='word_1_164' title='bbox 2793 717 3049 779; x_wconf 87' lang='lat' dir='ltr'><strong>quartum</strong></span> <span class='ocrx_word' id='word_1_165' title='bbox 3091 710 3420 777; x_wconf 81' lang='lat' dir='ltr'><strong>elementum</strong></span> <span class='ocrx_word' id='word_1_166' title='bbox 3472 712 3514 763; x_wconf 83' lang='grc' dir='ltr'><strong><em>Ω</em></strong></span> <span class='ocrx_word' id='word_1_167' title='bbox 3540 726 3570 764; x_wconf 75' lang='lat' dir='ltr'><strong>e</strong></span> 
     </span>
    </p>
   </div>
   <div class='ocr_carea' id='block_1_23' title="bbox 1981 799 3569 874">
    <p class='ocr_par' dir='ltr' id='par_1_23' title="bbox 1981 799 3569 874">
     <span class='ocr_line' id='line_1_23' title="bbox 1981 799 3569 874; baseline 0.004 -21"><span class='ocrx_word' id='word_1_168' title='bbox 1981 799 2160 854; x_wconf 87' lang='lat' dir='ltr'><strong>medio</strong></span> <span class='ocrx_word' id='word_1_169' title='bbox 2192 800 2528 869; x_wconf 90' lang='lat' dir='ltr'><strong>proclamat,</strong></span> <span class='ocrx_word' id='word_1_170' title='bbox 2557 801 2634 854; x_wconf 88' lang='lat' dir='ltr'><strong>ait</strong></span> <span class='ocrx_word' id='word_1_171' title='bbox 2656 800 2950 856; x_wconf 76' lang='lat' dir='ltr'><strong>Marciana</strong></span> <span class='ocrx_word' id='word_1_172' title='bbox 2987 801 3148 872; x_wconf 73' lang='lat' dir='ltr'><strong>Sige,</strong></span> <span class='ocrx_word' id='word_1_173' title='bbox 3189 818 3312 873; x_wconf 70' lang='lat' dir='ltr'><strong>quae</strong></span> <span class='ocrx_word' id='word_1_174' title='bbox 3344 818 3569 874; x_wconf 72' lang='lat' dir='ltr'><strong>magnas</strong></span> 
     </span>
    </p>
   </div>
   <div class='ocr_carea' id='block_1_24' title="bbox 1978 891 3571 963">
    <p class='ocr_par' dir='ltr' id='par_1_24' title="bbox 1978 891 3571 963">
     <span class='ocr_line' id='line_1_24' title="bbox 1978 891 3571 963; baseline 0.001 -17"><span class='ocrx_word' id='word_1_175' title='bbox 1978 907 2155 963; x_wconf 80' lang='lat' dir='ltr'><strong>nugas</strong></span> <span class='ocrx_word' id='word_1_176' title='bbox 2207 892 2460 948; x_wconf 68' lang='lat' dir='ltr'><strong>eliutiens</strong></span> <span class='ocrx_word' id='word_1_177' title='bbox 2510 892 2621 947; x_wconf 75' lang='lat' dir='ltr'><strong>veri</strong></span> <span class='ocrx_word' id='word_1_178' title='bbox 2657 892 2795 947; x_wconf 81' lang='lat' dir='ltr'><strong>nihil</strong></span> <span class='ocrx_word' id='word_1_179' title='bbox 2829 893 3129 963; x_wconf 78' lang='lat' dir='ltr'><strong>eloquitur.</strong></span> <span class='ocrx_word' id='word_1_180' title='bbox 3176 891 3418 949; x_wconf 76' lang='lat' dir='ltr'><strong>Virtutes</strong></span> <span class='ocrx_word' id='word_1_181' title='bbox 3466 894 3571 948; x_wconf 79' lang='lat' dir='ltr'><strong>illa:</strong></span> 
     </span>
    </p>
   </div>
   <div class='ocr_carea' id='block_1_25' title="bbox 1956 986 3571 1056">
    <p class='ocr_par' dir='ltr' id='par_1_25' title="bbox 1956 986 3571 1056">
     <span class='ocr_line' id='line_1_25' title="bbox 1956 986 3571 1056; baseline 0 -17"><span class='ocrx_word' id='word_1_182' title='bbox 1956 1000 2145 1056; x_wconf 80' lang='lat' dir='ltr'><strong>&#39;porro</strong></span> <span class='ocrx_word' id='word_1_183' title='bbox 2181 986 2345 1041; x_wconf 87' lang='lat' dir='ltr'><strong>simul</strong></span> <span class='ocrx_word' id='word_1_184' title='bbox 2380 1000 2578 1041; x_wconf 85' lang='lat' dir='ltr'><strong>omnes</strong></span> <span class='ocrx_word' id='word_1_185' title='bbox 2607 986 2840 1041; x_wconf 83' lang='lat' dir='ltr'><strong>invicem</strong></span> <span class='ocrx_word' id='word_1_186' title='bbox 2873 993 3142 1042; x_wconf 74' lang='lat' dir='ltr'><strong>consertae</strong></span> <span class='ocrx_word' id='word_1_187' title='bbox 3176 993 3460 1048; x_wconf 90' lang='lat' dir='ltr'><strong>resonant,</strong></span> <span class='ocrx_word' id='word_1_188' title='bbox 3487 986 3571 1039; x_wconf 92' lang='lat' dir='ltr'><strong>in-</strong></span> 
     </span>
    </p>
   </div>
   <div class='ocr_carea' id='block_1_26' title="bbox 1978 1077 3571 1149">
    <p class='ocr_par' dir='ltr' id='par_1_26' title="bbox 1978 1077 3571 1149">
     <span class='ocr_line' id='line_1_26' title="bbox 1978 1077 3571 1149; baseline 0 -17"><span class='ocrx_word' id='word_1_189' title='bbox 1978 1078 2118 1149; x_wconf 92' lang='lat' dir='ltr'><strong>quit,</strong></span> <span class='ocrx_word' id='word_1_190' title='bbox 2151 1092 2213 1132; x_wconf 86' lang='lat' dir='ltr'><strong>ac</strong></span> <span class='ocrx_word' id='word_1_191' title='bbox 2238 1080 2538 1148; x_wconf 64' lang='lat' dir='ltr'><strong>praedicant</strong></span> <span class='ocrx_word' id='word_1_192' title='bbox 2565 1094 2711 1144; x_wconf 91' lang='lat' dir='ltr'><strong>eum,</strong></span> <span class='ocrx_word' id='word_1_193' title='bbox 2736 1095 2766 1133; x_wconf 88' lang='lat' dir='ltr'><strong>a</strong></span> <span class='ocrx_word' id='word_1_194' title='bbox 2788 1095 2898 1149; x_wconf 90' lang='lat' dir='ltr'><strong>quo</strong></span> <span class='ocrx_word' id='word_1_195' title='bbox 2919 1078 3198 1149; x_wconf 73' lang='lat' dir='ltr'><strong>productae</strong></span> <span class='ocrx_word' id='word_1_196' title='bbox 3228 1085 3377 1134; x_wconf 89' lang='lat' dir='ltr'><strong>sunt.</strong></span> <span class='ocrx_word' id='word_1_197' title='bbox 3398 1077 3571 1148; x_wconf 85' lang='lat' dir='ltr'><strong>Cujus</strong></span> 
     </span>
    </p>
   </div>
   <div class='ocr_carea' id='block_1_27' title="bbox 1979 1170 3568 1242">
    <p class='ocr_par' dir='ltr' id='par_1_27' title="bbox 1979 1170 3568 1242">
     <span class='ocr_line' id='line_1_27' title="bbox 1979 1170 3568 1242; baseline -0.001 -16"><span class='ocrx_word' id='word_1_198' title='bbox 1979 1171 2194 1226; x_wconf 89' lang='lat' dir='ltr'><strong>sonitus</strong></span> <span class='ocrx_word' id='word_1_199' title='bbox 2218 1170 2547 1237; x_wconf 79' lang='lat' dir='ltr'><strong>collaudatio</strong></span> <span class='ocrx_word' id='word_1_200' title='bbox 2582 1172 2818 1242; x_wconf 87' lang='lat' dir='ltr'><strong>primum</strong></span> <span class='ocrx_word' id='word_1_201' title='bbox 2845 1172 2897 1226; x_wconf 93' lang='lat' dir='ltr'><strong>in</strong></span> <span class='ocrx_word' id='word_1_202' title='bbox 2918 1170 3209 1227; x_wconf 84' lang='lat' dir='ltr'><strong>Parentem</strong></span> <span class='ocrx_word' id='word_1_203' title='bbox 3238 1170 3522 1239; x_wconf 70' lang='lat' dir='ltr'><strong>confertur</strong></span> <span class='ocrx_word' id='word_1_204' title='bbox 3553 1186 3568 1225; x_wconf 92' lang='lat'>:</span> 
     </span>
    </p>
   </div>
   <div class='ocr_carea' id='block_1_28' title="bbox 1979 1264 3574 1337">
    <p class='ocr_par' dir='ltr' id='par_1_28' title="bbox 1979 1264 3574 1337">
     <span class='ocr_line' id='line_1_28' title="bbox 1979 1264 3574 1337; baseline 0 -19"><span class='ocrx_word' id='word_1_205' title='bbox 1979 1264 2235 1333; x_wconf 86' lang='lat' dir='ltr'><strong>idemque</strong></span> <span class='ocrx_word' id='word_1_206' title='bbox 2284 1280 2453 1321; x_wconf 86' lang='lat' dir='ltr'><strong>sonus</strong></span> <span class='ocrx_word' id='word_1_207' title='bbox 2500 1266 2714 1337; x_wconf 89' lang='lat' dir='ltr'><strong>delatus</strong></span> <span class='ocrx_word' id='word_1_208' title='bbox 2768 1265 2823 1320; x_wconf 89' lang='lat' dir='ltr'><strong>in</strong></span> <span class='ocrx_word' id='word_1_209' title='bbox 2881 1273 3122 1329; x_wconf 84' lang='lat' dir='ltr'><strong>terram,</strong></span> <span class='ocrx_word' id='word_1_210' title='bbox 3155 1264 3401 1319; x_wconf 91' lang='lat' dir='ltr'><strong>omnium</strong></span> <span class='ocrx_word' id='word_1_211' title='bbox 3451 1277 3574 1334; x_wconf 62' lang='lat' dir='ltr'><strong>qum</strong></span> 
     </span>
    </p>
   </div>
   <div class='ocr_carea' id='block_1_29' title="bbox 1979 1352 3570 1423">
    <p class='ocr_par' dir='ltr' id='par_1_29' title="bbox 1979 1352 3570 1423">
     <span class='ocr_line' id='line_1_29' title="bbox 1979 1352 3570 1423; baseline 0.001 -16"><span class='ocrx_word' id='word_1_212' title='bbox 1979 1362 2108 1411; x_wconf 84' lang='lat' dir='ltr'><strong>sunt</strong></span> <span class='ocrx_word' id='word_1_213' title='bbox 2142 1353 2194 1405; x_wconf 91' lang='lat' dir='ltr'><strong>in</strong></span> <span class='ocrx_word' id='word_1_214' title='bbox 2221 1367 2284 1406; x_wconf 85' lang='lat' dir='ltr'><strong>ea</strong></span> <span class='ocrx_word' id='word_1_215' title='bbox 2317 1352 2471 1407; x_wconf 76' lang='lat' dir='ltr'><strong>ﬁczor</strong></span> <span class='ocrx_word' id='word_1_216' title='bbox 2498 1368 2562 1408; x_wconf 86' lang='lat' dir='ltr'><strong>ac</strong></span> <span class='ocrx_word' id='word_1_217' title='bbox 2599 1361 2914 1423; x_wconf 86' lang='lat' dir='ltr'><strong>procreator</strong></span> <span class='ocrx_word' id='word_1_218' title='bbox 2948 1363 3032 1415; x_wconf 77' lang='lat' dir='ltr'><strong>03t</strong></span> <span class='ocrx_word' id='word_1_219' title='bbox 3076 1353 3276 1411; x_wconf 87' lang='lat' dir='ltr'><strong>factus.</strong></span> <span class='ocrx_word' id='word_1_220' title='bbox 3316 1353 3474 1421; x_wconf 84' lang='lat' dir='ltr'><strong>Quod</strong></span> <span class='ocrx_word' id='word_1_221' title='bbox 3503 1368 3570 1409; x_wconf 82' lang='lat' dir='ltr'><strong>ex</strong></span> 
     </span>
    </p>
   </div>
   <div class='ocr_carea' id='block_1_30' title="bbox 1978 1443 3572 1521">
    <p class='ocr_par' dir='ltr' id='par_1_30' title="bbox 1978 1443 3572 1521">
     <span class='ocr_line' id='line_1_30' title="bbox 1978 1443 3572 1521; baseline 0.003 -24"><span class='ocrx_word' id='word_1_222' title='bbox 1978 1443 2354 1505; x_wconf 84' lang='lat' dir='ltr'><strong>recenseditis</strong></span> <span class='ocrx_word' id='word_1_223' title='bbox 2403 1444 2713 1501; x_wconf 81' lang='lat' dir='ltr'><strong>infantibus</strong></span> <span class='ocrx_word' id='word_1_224' title='bbox 2761 1444 3149 1503; x_wconf 82' lang='lat' dir='ltr'><strong>demonstrare</strong></span> <span class='ocrx_word' id='word_1_225' title='bbox 3198 1447 3422 1521; x_wconf 83' lang='lat' dir='ltr'><strong>nititur,</strong></span> <span class='ocrx_word' id='word_1_226' title='bbox 3475 1445 3572 1516; x_wconf 85' lang='lat' dir='ltr'><strong>qui</strong></span> 
     </span>
    </p>
   </div>
   <div class='ocr_carea' id='block_1_31' title="bbox 1979 1528 3571 1609">
    <p class='ocr_par' dir='ltr' id='par_1_31' title="bbox 1979 1528 3571 1609">
     <span class='ocr_line' id='line_1_31' title="bbox 1979 1528 3571 1609; baseline 0.003 -19"><span class='ocrx_word' id='word_1_227' title='bbox 1979 1536 2141 1590; x_wconf 83' lang='lat' dir='ltr'><strong>simul</strong></span> <span class='ocrx_word' id='word_1_228' title='bbox 2169 1545 2329 1606; x_wconf 90' lang='lat' dir='ltr'><strong>atque</strong></span> <span class='ocrx_word' id='word_1_229' title='bbox 2363 1538 2555 1593; x_wconf 83' lang='lat' dir='ltr'><strong>matris</strong></span> <span class='ocrx_word' id='word_1_230' title='bbox 2582 1554 2648 1593; x_wconf 82' lang='lat' dir='ltr'><strong>ex</strong></span> <span class='ocrx_word' id='word_1_231' title='bbox 2676 1546 2832 1594; x_wconf 85' lang='lat' dir='ltr'><strong>utero</strong></span> <span class='ocrx_word' id='word_1_232' title='bbox 2864 1528 3184 1609; x_wconf 81' lang='lat' dir='ltr'><strong>prodierunt</strong></span> <span class='ocrx_word' id='word_1_233' title='bbox 3208 1580 3222 1604; x_wconf 87' lang='lat'><strong>,</strong></span> <span class='ocrx_word' id='word_1_234' title='bbox 3249 1539 3434 1609; x_wconf 76' lang='lat' dir='ltr'><strong>vagitu</strong></span> <span class='ocrx_word' id='word_1_235' title='bbox 3467 1553 3571 1595; x_wconf 90' lang='lat' dir='ltr'><strong>suo</strong></span> 
     </span>
    </p>
   </div>
   <div class='ocr_carea' id='block_1_32' title="bbox 1981 1630 3569 1701">
    <p class='ocr_par' dir='ltr' id='par_1_32' title="bbox 1981 1630 3569 1701">
     <span class='ocr_line' id='line_1_32' title="bbox 1981 1630 3569 1701; baseline 0.001 -17"><span class='ocrx_word' id='word_1_236' title='bbox 1981 1630 2419 1699; x_wconf 87' lang='lat' dir='ltr'><strong>uniuscujusque</strong></span> <span class='ocrx_word' id='word_1_237' title='bbox 2447 1632 2843 1689; x_wconf 82' lang='lat' dir='ltr'><strong>elementorum</strong></span> <span class='ocrx_word' id='word_1_238' title='bbox 2882 1633 3116 1686; x_wconf 89' lang='lat' dir='ltr'><strong>istorum</strong></span> <span class='ocrx_word' id='word_1_239' title='bbox 3148 1648 3347 1687; x_wconf 88' lang='lat' dir='ltr'><strong>sonum</strong></span> <span class='ocrx_word' id='word_1_240' title='bbox 3382 1632 3569 1701; x_wconf 85' lang='lat' dir='ltr'><strong>expri-</strong></span> 
     </span>
    </p>
   </div>
   <div class='ocr_carea' id='block_1_33' title="bbox 287 1711 1881 1794">
    <p class='ocr_par' dir='ltr' id='par_1_33' title="bbox 287 1711 1875 1789">
     <span class='ocr_line' id='line_1_33' title="bbox 287 1711 1875 1789; baseline -0.003 -17"><span class='ocrx_word' id='word_1_241' title='bbox 287 1719 428 1788; x_wconf 70' lang='grc' dir='ltr'>φῶν,</span> <span class='ocrx_word' id='word_1_242' title='bbox 470 1711 545 1773; x_wconf 82' lang='grc' dir='ltr'>ὧν</span> <span class='ocrx_word' id='word_1_243' title='bbox 586 1717 692 1789; x_wconf 73' lang='grc' dir='ltr'><strong>ἠχὴ</strong></span> <span class='ocrx_word' id='word_1_244' title='bbox 721 1718 836 1789; x_wconf 77' lang='grc' dir='ltr'><strong>ἅμα</strong></span> <span class='ocrx_word' id='word_1_245' title='bbox 868 1718 946 1789; x_wconf 84' lang='grc' dir='ltr'>τῷ</span> <span class='ocrx_word' id='word_1_246' title='bbox 992 1720 1058 1773; x_wconf 81' lang='grc' dir='ltr'><strong>ὲκ</strong></span> <span class='ocrx_word' id='word_1_247' title='bbox 1106 1719 1321 1789; x_wconf 79' lang='grc' dir='ltr'>μήτρας</span> <span class='ocrx_word' id='word_1_248' title='bbox 1367 1715 1649 1789; x_wconf 73' lang='grc' dir='ltr'>προελθεῖν</span> <span class='ocrx_word' id='word_1_249' title='bbox 1681 1714 1875 1786; x_wconf 76' lang='grc' dir='ltr'>ἐπιὸοᾷ</span> 
     </span>
    </p>
   </div>
   <div class='ocr_carea' id='block_1_34' title="bbox 1992 1711 3570 1794">
    <p class='ocr_par' dir='ltr' id='par_1_34' title="bbox 1992 1721 3570 1794">
     <span class='ocr_line' id='line_1_34' title="bbox 1992 1721 3570 1794; baseline -0.001 -15"><span class='ocrx_word' id='word_1_250' title='bbox 1992 1731 2156 1779; x_wconf 89' lang='lat' dir='ltr'><strong>munt.</strong></span> <span class='ocrx_word' id='word_1_251' title='bbox 2192 1721 2261 1777; x_wconf 92' lang='lat' dir='ltr'><strong>Ut</strong></span> <span class='ocrx_word' id='word_1_252' title='bbox 2285 1722 2450 1794; x_wconf 78' lang='lat' dir='ltr'><strong>igitur</strong></span> <span class='ocrx_word' id='word_1_253' title='bbox 2482 1731 2720 1792; x_wconf 60' lang='lat' dir='ltr'><strong>septena?</strong></span> <span class='ocrx_word' id='word_1_254' title='bbox 2748 1721 2996 1780; x_wconf 81' lang='lat' dir='ltr'><strong>Virtutes</strong></span> <span class='ocrx_word' id='word_1_255' title='bbox 3017 1765 3030 1785; x_wconf 88' lang='lat'><strong>,</strong></span> <span class='ocrx_word' id='word_1_256' title='bbox 3055 1725 3150 1792; x_wconf 87' lang='lat' dir='ltr'><strong>ait,</strong></span> <span class='ocrx_word' id='word_1_257' title='bbox 3184 1723 3420 1782; x_wconf 79' lang='lat' dir='ltr'><strong>Verbum</strong></span> <span class='ocrx_word' id='word_1_258' title='bbox 3453 1724 3570 1778; x_wconf 88' lang='lat' dir='ltr'><strong>lau-</strong></span> 
     </span>
    </p>
   </div>
   <div class='ocr_carea' id='block_1_35' title="bbox 284 1788 1881 1886">
    <p class='ocr_par' dir='ltr' id='par_1_35' title="bbox 284 1788 1874 1883">
     <span class='ocr_line' id='line_1_35' title="bbox 284 1788 1874 1883; baseline -0.003 -17"><span class='ocrx_word' id='word_1_259' title='bbox 284 1812 408 1876; x_wconf 71' lang='grc' dir='ltr'>ἑνὸς</span> <span class='ocrx_word' id='word_1_260' title='bbox 443 1788 689 1867; x_wconf 81' lang='grc' dir='ltr'>ἑκάστου</span> <span class='ocrx_word' id='word_1_261' title='bbox 706 1788 811 1865; x_wconf 78' lang='grc' dir='ltr'><strong>τῶν</strong></span> <span class='ocrx_word' id='word_1_262' title='bbox 843 1788 1119 1883; x_wconf 83' lang='grc' dir='ltr'>στοιχείων</span> <span class='ocrx_word' id='word_1_263' title='bbox 1140 1788 1345 1865; x_wconf 82' lang='grc' dir='ltr'>τούτων</span> <span class='ocrx_word' id='word_1_264' title='bbox 1369 1788 1460 1865; x_wconf 70' lang='grc' dir='ltr'><strong>τον</strong></span> <span class='ocrx_word' id='word_1_265' title='bbox 1486 1807 1637 1883; x_wconf 82' lang='grc' dir='ltr'>ἦχον.</span> <span class='ocrx_word' id='word_1_266' title='bbox 1674 1808 1874 1875; x_wconf 82' lang='grc' dir='ltr'>Καθὼς</span> 
     </span>
    </p>
   </div>
   <div class='ocr_carea' id='block_1_36' title="bbox 1992 1788 3569 1886">
    <p class='ocr_par' dir='ltr' id='par_1_36' title="bbox 1992 1788 3569 1886">
     <span class='ocr_line' id='line_1_36' title="bbox 1992 1788 3569 1886; baseline -0.002 -16"><span class='ocrx_word' id='word_1_267' title='bbox 1992 1816 2142 1872; x_wconf 63' lang='lat' dir='ltr'><strong>dibus</strong></span> <span class='ocrx_word' id='word_1_268' title='bbox 2179 1788 2456 1872; x_wconf 55' lang='lat' dir='ltr'><strong>efferunt:</strong></span> <span class='ocrx_word' id='word_1_269' title='bbox 2495 1788 2568 1869; x_wconf 76' lang='lat' dir='ltr'><strong>ita</strong></span> <span class='ocrx_word' id='word_1_270' title='bbox 2614 1824 2665 1869; x_wconf 90' lang='lat' dir='ltr'><strong>et</strong></span> <span class='ocrx_word' id='word_1_271' title='bbox 2723 1813 2968 1869; x_wconf 78' lang='lat' dir='ltr'><strong>Marcum</strong></span> <span class='ocrx_word' id='word_1_272' title='bbox 3020 1788 3199 1884; x_wconf 84' lang='lat' dir='ltr'><strong>ipsum</strong></span> <span class='ocrx_word' id='word_1_273' title='bbox 3243 1817 3467 1886; x_wconf 77' lang='lat' dir='ltr'><strong>plorans</strong></span> <span class='ocrx_word' id='word_1_274' title='bbox 3512 1812 3569 1868; x_wconf 87' lang='lat' dir='ltr'><strong>in</strong></span> 
     </span>
    </p>
   </div>
   <div class='ocr_carea' id='block_1_37' title="bbox 284 1900 1870 1976">
    <p class='ocr_par' dir='ltr' id='par_1_37' title="bbox 284 1900 1870 1976">
     <span class='ocr_line' id='line_1_37' title="bbox 284 1900 1870 1976; baseline -0.002 -18"><span class='ocrx_word' id='word_1_275' title='bbox 284 1900 380 1960; x_wconf 70' lang='grc' dir='ltr'><strong>οὖν</strong></span> <span class='ocrx_word' id='word_1_276' title='bbox 418 1906 473 1959; x_wconf 82' lang='grc' dir='ltr'><strong>αἰ</strong></span> <span class='ocrx_word' id='word_1_277' title='bbox 522 1903 681 1969; x_wconf 78' lang='grc' dir='ltr'>ἑπτὰ,</span> <span class='ocrx_word' id='word_1_278' title='bbox 728 1906 882 1975; x_wconf 73' lang='grc' dir='ltr'>φησὶ,</span> <span class='ocrx_word' id='word_1_279' title='bbox 924 1905 1184 1976; x_wconf 83' lang='grc' dir='ltr'>δυνάμεις</span> <span class='ocrx_word' id='word_1_280' title='bbox 1235 1902 1513 1969; x_wconf 76' lang='grc' dir='ltr'>δοξάζουσι</span> <span class='ocrx_word' id='word_1_281' title='bbox 1555 1902 1646 1956; x_wconf 76' lang='grc' dir='ltr'><strong>τὸν</strong></span> <span class='ocrx_word' id='word_1_282' title='bbox 1677 1902 1870 1971; x_wconf 87' lang='grc' dir='ltr'>Λόγον,</span> 
     </span>
    </p>
   </div>
   <div class='ocr_carea' id='block_1_38' title="bbox 284 1991 1877 2067">
    <p class='ocr_par' dir='ltr' id='par_1_38' title="bbox 284 1991 1877 2067">
     <span class='ocr_line' id='line_1_38' title="bbox 284 1991 1877 2067; baseline -0.002 -18"><span class='ocrx_word' id='word_1_283' title='bbox 284 1993 430 2065; x_wconf 61' lang='grc' dir='ltr'>οἱρτω</span> <span class='ocrx_word' id='word_1_284' title='bbox 456 1997 549 2049; x_wconf 64' lang='grc' dir='ltr'><strong>καί⁷</strong></span> <span class='ocrx_word' id='word_1_285' title='bbox 580 1997 613 2067; x_wconf 77' lang='grc' dir='ltr'>ἡ</span> <span class='ocrx_word' id='word_1_286' title='bbox 648 1995 799 2067; x_wconf 76' lang='grc' dir='ltr'>ψυχὴ</span> <span class='ocrx_word' id='word_1_287' title='bbox 816 1996 874 2049; x_wconf 76' lang='grc' dir='ltr'>ἐν</span> <span class='ocrx_word' id='word_1_288' title='bbox 902 1997 1012 2059; x_wconf 78' lang='grc' dir='ltr'>τοῖς</span> <span class='ocrx_word' id='word_1_289' title='bbox 1042 1992 1291 2067; x_wconf 72' lang='grc' dir='ltr'>βρέφεσι,</span> <span class='ocrx_word' id='word_1_290' title='bbox 1320 1993 1581 2055; x_wconf 81' lang='grc' dir='ltr'>κλαίουσα</span> <span class='ocrx_word' id='word_1_291' title='bbox 1610 1992 1705 2046; x_wconf 71' lang='grc' dir='ltr'>καὶ</span> <span class='ocrx_word' id='word_1_292' title='bbox 1745 1991 1877 2065; x_wconf 77' lang='grc' dir='ltr'>θρη-</span> 
     </span>
    </p>
   </div>
   <div class='ocr_carea' id='block_1_39' title="bbox 287 2084 1874 2160">
    <p class='ocr_par' dir='ltr' id='par_1_39' title="bbox 287 2084 1874 2160">
     <span class='ocr_line' id='line_1_39' title="bbox 287 2084 1874 2160; baseline -0.004 -17"><span class='ocrx_word' id='word_1_293' title='bbox 287 2087 452 2143; x_wconf 78' lang='grc' dir='ltr'>νοῦσα</span> <span class='ocrx_word' id='word_1_294' title='bbox 478 2089 725 2160; x_wconf 85' lang='grc' dir='ltr'>Μάρκον,</span> <span class='ocrx_word' id='word_1_295' title='bbox 756 2088 964 2153; x_wconf 78' lang='grc' dir='ltr'>δοξάζει</span> <span class='ocrx_word' id='word_1_296' title='bbox 995 2087 1179 2142; x_wconf 81' lang='grc' dir='ltr'>αὐτόν.</span> <span class='ocrx_word' id='word_1_297' title='bbox 1228 2086 1327 2139; x_wconf 77' lang='grc' dir='ltr'>Διὰ</span> <span class='ocrx_word' id='word_1_298' title='bbox 1366 2085 1523 2140; x_wconf 72' lang='grc' dir='ltr'>τοῦτο</span> <span class='ocrx_word' id='word_1_299' title='bbox 1572 2086 1627 2138; x_wconf 79' lang='grc' dir='ltr'><strong>δὲ</strong></span> <span class='ocrx_word' id='word_1_300' title='bbox 1660 2086 1752 2138; x_wconf 80' lang='grc' dir='ltr'><strong>καὶ</strong></span> <span class='ocrx_word' id='word_1_301' title='bbox 1784 2084 1874 2138; x_wconf 75' lang='grc' dir='ltr'><strong>τὸν</strong></span> 
     </span>
    </p>
   </div>
   <div class='ocr_carea' id='block_1_40' title="bbox 286 2178 1874 2255">
    <p class='ocr_par' dir='ltr' id='par_1_40' title="bbox 286 2178 1874 2255">
     <span class='ocr_line' id='line_1_40' title="bbox 286 2178 1874 2255; baseline -0.002 -21"><span class='ocrx_word' id='word_1_302' title='bbox 286 2181 453 2235; x_wconf 74' lang='grc' dir='ltr'><strong>Δαόὶδ</strong></span> <span class='ocrx_word' id='word_1_303' title='bbox 478 2182 758 2255; x_wconf 78' lang='grc' dir='ltr'>εἰρηκέναι</span> <span class='ocrx_word' id='word_1_304' title='bbox 778 2199 791 2213; x_wconf 74' lang='grc'><strong><em>⁸</em></strong></span> <span class='ocrx_word' id='word_1_305' title='bbox 860 2182 960 2237; x_wconf 70' lang='grc' dir='ltr'><strong>Ἐκ</strong></span> <span class='ocrx_word' id='word_1_306' title='bbox 982 2180 1273 2250; x_wconf 81' lang='grc' dir='ltr'>στόματος</span> <span class='ocrx_word' id='word_1_307' title='bbox 1306 2181 1541 2247; x_wconf 73' lang='grc' dir='ltr'>’νηπίων</span> <span class='ocrx_word' id='word_1_308' title='bbox 1562 2178 1657 2232; x_wconf 83' lang='grc' dir='ltr'><strong>καί</strong></span> <span class='ocrx_word' id='word_1_309' title='bbox 1693 2180 1874 2245; x_wconf 74' lang='grc' dir='ltr'>θηλα-</span> 
     </span>
    </p>
   </div>
   <div class='ocr_carea' id='block_1_41' title="bbox 286 2269 1873 2342">
    <p class='ocr_par' dir='ltr' id='par_1_41' title="bbox 286 2269 1873 2342">
     <span class='ocr_line' id='line_1_41' title="bbox 286 2269 1873 2342; baseline -0.002 -16"><span class='ocrx_word' id='word_1_310' title='bbox 286 2271 507 2333; x_wconf 69' lang='grc' dir='ltr'>ζόντων</span> <span class='ocrx_word' id='word_1_311' title='bbox 533 2275 869 2342; x_wconf 74' lang='grc' dir='ltr'>κατηρτίσω</span> <span class='ocrx_word' id='word_1_312' title='bbox 895 2269 1067 2327; x_wconf 79' lang='grc' dir='ltr'>αἶνον</span> <span class='ocrx_word' id='word_1_313' title='bbox 1088 2290 1100 2303; x_wconf 90' lang='grc'><strong>·</strong></span> <span class='ocrx_word' id='word_1_314' title='bbox 1154 2273 1249 2326; x_wconf 79' lang='grc' dir='ltr'>καὶ</span> <span class='ocrx_word' id='word_1_315' title='bbox 1295 2272 1460 2325; x_wconf 85' lang='grc' dir='ltr'>πάλιν</span> <span class='ocrx_word' id='word_1_316' title='bbox 1481 2290 1492 2301; x_wconf 89' lang='grc'><strong>·</strong></span> <span class='ocrx_word' id='word_1_317' title='bbox 1528 2274 1591 2325; x_wconf 90' lang='grc' dir='ltr'><strong><em>Οἱ</em></strong></span> <span class='ocrx_word' id='word_1_318' title='bbox 1631 2270 1873 2339; x_wconf 69' lang='grc' dir='ltr'>οὐρανοὶ</span> 
     </span>
    </p>
   </div>
   <div class='ocr_carea' id='block_1_42' title="bbox 286 2360 1876 2435">
    <p class='ocr_par' dir='ltr' id='par_1_42' title="bbox 286 2360 1876 2435">
     <span class='ocr_line' id='line_1_42' title="bbox 286 2360 1876 2435; baseline 0 -20"><span class='ocrx_word' id='word_1_319' title='bbox 286 2360 428 2433; x_wconf 77' lang='grc' dir='ltr'><strong>(τῶν</strong></span> <span class='ocrx_word' id='word_1_320' title='bbox 454 2363 747 2435; x_wconf 77' lang='grc' dir='ltr'><strong>οὐρανῶν)</strong></span> <span class='ocrx_word' id='word_1_321' title='bbox 768 2365 787 2395; x_wconf 85' lang='grc'>²</span> <span class='ocrx_word' id='word_1_322' title='bbox 838 2362 1183 2432; x_wconf 65' lang='grc' dir='ltr'>διηγοῦνται</span> <span class='ocrx_word' id='word_1_323' title='bbox 1215 2362 1403 2427; x_wconf 78' lang='grc' dir='ltr'>δόξαν</span> <span class='ocrx_word' id='word_1_324' title='bbox 1431 2361 1599 2417; x_wconf 83' lang='grc' dir='ltr'>Θεοῦ.</span> <span class='ocrx_word' id='word_1_325' title='bbox 1642 2361 1750 2414; x_wconf 74' lang='grc' dir='ltr'>Καὶ</span> <span class='ocrx_word' id='word_1_326' title='bbox 1787 2360 1876 2415; x_wconf 80' lang='grc' dir='ltr'>διὰ</span> 
     </span>
    </p>
   </div>
   <div class='ocr_carea' id='block_1_43' title="bbox 282 2452 1872 2526">
    <p class='ocr_par' dir='ltr' id='par_1_43' title="bbox 282 2452 1872 2526">
     <span class='ocr_line' id='line_1_43' title="bbox 282 2452 1872 2526; baseline -0.002 -18"><span class='ocrx_word' id='word_1_327' title='bbox 282 2454 445 2509; x_wconf 77' lang='grc' dir='ltr'>τοῦτο</span> <span class='ocrx_word' id='word_1_328' title='bbox 477 2457 534 2510; x_wconf 80' lang='grc' dir='ltr'><strong>ἕν</strong></span> <span class='ocrx_word' id='word_1_329' title='bbox 563 2474 621 2509; x_wconf 88' lang='grc' dir='ltr'><strong>τε</strong></span> <span class='ocrx_word' id='word_1_330' title='bbox 647 2456 830 2520; x_wconf 81' lang='grc' dir='ltr'>πόνοις</span> <span class='ocrx_word' id='word_1_331' title='bbox 867 2457 961 2510; x_wconf 76' lang='grc' dir='ltr'>καὶ</span> <span class='ocrx_word' id='word_1_332' title='bbox 996 2454 1393 2526; x_wconf 80' lang='grc' dir='ltr'>ταλαιπωρίαις</span> <span class='ocrx_word' id='word_1_333' title='bbox 1425 2452 1571 2525; x_wconf 71' lang='grc' dir='ltr'>ψυχὴ</span> <span class='ocrx_word' id='word_1_334' title='bbox 1606 2452 1872 2524; x_wconf 78' lang='grc' dir='ltr'>γενομένη</span> 
     </span>
    </p>
   </div>
   <div class='ocr_carea' id='block_1_44' title="bbox 284 2546 1876 2620">
    <p class='ocr_par' dir='ltr' id='par_1_44' title="bbox 284 2546 1876 2620">
     <span class='ocr_line' id='line_1_44' title="bbox 284 2546 1876 2620; baseline -0.003 -17"><span class='ocrx_word' id='word_1_335' title='bbox 284 2552 369 2614; x_wconf 75' lang='grc' dir='ltr'><strong>εἰς</strong></span> <span class='ocrx_word' id='word_1_336' title='bbox 400 2548 677 2619; x_wconf 83' lang='grc' dir='ltr'>διυλισμὸν</span> <span class='ocrx_word' id='word_1_337' title='bbox 708 2548 878 2620; x_wconf 73' lang='grc' dir='ltr'>αὐτῆς</span> <span class='ocrx_word' id='word_1_338' title='bbox 911 2549 1175 2617; x_wconf 78' lang='grc' dir='ltr'>ὲπιφωνεῖ</span> <span class='ocrx_word' id='word_1_339' title='bbox 1204 2548 1264 2601; x_wconf 85' lang='grc' dir='ltr'>τὺ</span> <span class='ocrx_word' id='word_1_340' title='bbox 1295 2550 1337 2601; x_wconf 88' lang='grc' dir='ltr'>Ω</span> <span class='ocrx_word' id='word_1_341' title='bbox 1361 2550 1442 2612; x_wconf 82' lang='grc' dir='ltr'><strong>εἰς</strong></span> <span class='ocrx_word' id='word_1_342' title='bbox 1468 2548 1692 2618; x_wconf 87' lang='grc' dir='ltr'>σημεῖον</span> <span class='ocrx_word' id='word_1_343' title='bbox 1729 2546 1876 2601; x_wconf 82' lang='grc' dir='ltr'>αἰνέ-</span> 
     </span>
    </p>
   </div>
   <div class='ocr_carea' id='block_1_45' title="bbox 286 2638 1874 2713">
    <p class='ocr_par' dir='ltr' id='par_1_45' title="bbox 286 2638 1874 2713">
     <span class='ocr_line' id='line_1_45' title="bbox 286 2638 1874 2713; baseline -0.003 -18"><span class='ocrx_word' id='word_1_344' title='bbox 286 2658 428 2704; x_wconf 86' lang='grc' dir='ltr'>σεως</span> <span class='ocrx_word' id='word_1_345' title='bbox 444 2639 580 2713; x_wconf 75' lang='lat'><strong>(9.0),</strong></span> <span class='ocrx_word' id='word_1_346' title='bbox 623 2640 730 2703; x_wconf 80' lang='grc' dir='ltr'>ἵνα,</span> <span class='ocrx_word' id='word_1_347' title='bbox 767 2639 1082 2710; x_wconf 72' lang='grc' dir='ltr'>γνωρίσασα</span> <span class='ocrx_word' id='word_1_348' title='bbox 1117 2642 1150 2711; x_wconf 82' lang='grc' dir='ltr'><strong>ἡ</strong></span> <span class='ocrx_word' id='word_1_349' title='bbox 1186 2639 1298 2694; x_wconf 76' lang='grc' dir='ltr'>ἄνω</span> <span class='ocrx_word' id='word_1_350' title='bbox 1329 2638 1477 2711; x_wconf 73' lang='grc' dir='ltr'>ψυχὴ</span> <span class='ocrx_word' id='word_1_351' title='bbox 1521 2640 1581 2691; x_wconf 79' lang='grc' dir='ltr'>τὸ</span> <span class='ocrx_word' id='word_1_352' title='bbox 1612 2638 1874 2708; x_wconf 75' lang='grc' dir='ltr'>συγγενὲς</span> 
     </span>
    </p>
   </div>
   <div class='ocr_carea' id='block_1_46' title="bbox 285 2731 1232 2805">
    <p class='ocr_par' dir='ltr' id='par_1_46' title="bbox 285 2731 1232 2805">
     <span class='ocr_line' id='line_1_46' title="bbox 285 2731 1232 2805; baseline -0.002 -17"><span class='ocrx_word' id='word_1_353' title='bbox 285 2734 457 2801; x_wconf 79' lang='grc' dir='ltr'>αὐτῆς</span> <span class='ocrx_word' id='word_1_354' title='bbox 488 2732 680 2805; x_wconf 71' lang='grc' dir='ltr'>βοηθὸν</span> <span class='ocrx_word' id='word_1_355' title='bbox 706 2732 842 2801; x_wconf 78' lang='grc' dir='ltr'>αὑτὴ</span> <span class='ocrx_word' id='word_1_356' title='bbox 873 2731 1232 2804; x_wconf 67' lang='grc' dir='ltr'>καταπέμψῃ.</span> 
     </span>
    </p>
   </div>
   <div class='ocr_carea' id='block_1_47' title="bbox 314 2812 1877 2897">
    <p class='ocr_par' dir='ltr' id='par_1_47' title="bbox 314 2812 1877 2897">
     <span class='ocr_line' id='line_1_47' title="bbox 314 2812 1877 2897; baseline -0.002 -18"><span class='ocrx_word' id='word_1_357' title='bbox 314 2812 325 2827; x_wconf 63' lang='grc'><em>’</em></span> <span class='ocrx_word' id='word_1_358' title='bbox 363 2823 441 2880; x_wconf 83' lang='lat' dir='ltr'><strong>II&#39;.</strong></span> <span class='ocrx_word' id='word_1_359' title='bbox 484 2825 594 2879; x_wconf 72' lang='grc' dir='ltr'>Καὶ</span> <span class='ocrx_word' id='word_1_360' title='bbox 628 2825 755 2897; x_wconf 72' lang='grc' dir='ltr'>περὶ</span> <span class='ocrx_word' id='word_1_361' title='bbox 788 2824 884 2895; x_wconf 82' lang='grc' dir='ltr'><strong>μὲν</strong></span> <span class='ocrx_word' id='word_1_362' title='bbox 913 2825 1006 2878; x_wconf 80' lang='grc' dir='ltr'>τοῦ</span> <span class='ocrx_word' id='word_1_363' title='bbox 1059 2823 1256 2887; x_wconf 79' lang='grc' dir='ltr'>παντὸς</span> <span class='ocrx_word' id='word_1_364' title='bbox 1287 2822 1548 2894; x_wconf 81' lang='grc' dir='ltr'>ὀνόματος</span> <span class='ocrx_word' id='word_1_365' title='bbox 1583 2822 1877 2892; x_wconf 77' lang='grc' dir='ltr'>τριάκοντα</span> 
     </span>
    </p>
   </div>
   <div class='ocr_carea' id='block_1_48' title="bbox 286 2913 1877 2989">
    <p class='ocr_par' dir='ltr' id='par_1_48' title="bbox 286 2913 1877 2989">
     <span class='ocr_line' id='line_1_48' title="bbox 286 2913 1877 2989; baseline -0.002 -19"><span class='ocrx_word' id='word_1_366' title='bbox 286 2917 807 2989; x_wconf 67' lang='grc' dir='ltr'>ὕοτοςγραμμάτων</span> <span class='ocrx_word' id='word_1_367' title='bbox 828 2915 1041 2981; x_wconf 88' lang='grc' dir='ltr'>τούτου,</span> <span class='ocrx_word' id='word_1_368' title='bbox 1065 2916 1159 2970; x_wconf 76' lang='grc' dir='ltr'><strong>καὶ</strong></span> <span class='ocrx_word' id='word_1_369' title='bbox 1184 2914 1277 2969; x_wconf 79' lang='grc' dir='ltr'>τοῦ</span> <span class='ocrx_word' id='word_1_370' title='bbox 1311 2914 1473 2985; x_wconf 81' lang='grc' dir='ltr'><strong>βυθοῦ</strong></span> <span class='ocrx_word' id='word_1_371' title='bbox 1500 2914 1593 2967; x_wconf 74' lang='grc' dir='ltr'>τοῦ</span> <span class='ocrx_word' id='word_1_372' title='bbox 1621 2913 1877 2978; x_wconf 68' lang='grc' dir='ltr'>αὔξοντος</span> 
     </span>
    </p>
   </div>
   <div class='ocr_carea' id='block_1_49' title="bbox 287 3005 1876 3081">
    <p class='ocr_par' dir='ltr' id='par_1_49' title="bbox 287 3005 1876 3081">
     <span class='ocr_line' id='line_1_49' title="bbox 287 3005 1876 3081; baseline -0.001 -21"><span class='ocrx_word' id='word_1_373' title='bbox 287 3012 356 3061; x_wconf 75' lang='grc' dir='ltr'><strong>ἐκ</strong></span> <span class='ocrx_word' id='word_1_374' title='bbox 384 3008 492 3062; x_wconf 81' lang='grc' dir='ltr'><strong>τῶν</strong></span> <span class='ocrx_word' id='word_1_375' title='bbox 521 3008 708 3062; x_wconf 83' lang='grc' dir='ltr'>τούτου</span> <span class='ocrx_word' id='word_1_376' title='bbox 736 3009 1098 3081; x_wconf 78' lang='grc' dir='ltr'>γραμμάτων,</span> <span class='ocrx_word' id='word_1_377' title='bbox 1123 3008 1201 3061; x_wconf 82' lang='grc' dir='ltr'>ἔτι</span> <span class='ocrx_word' id='word_1_378' title='bbox 1235 3025 1294 3061; x_wconf 88' lang='grc' dir='ltr'><strong>τε</strong></span> <span class='ocrx_word' id='word_1_379' title='bbox 1328 3008 1430 3078; x_wconf 72' lang='grc' dir='ltr'>τῆς</span> <span class='ocrx_word' id='word_1_380' title='bbox 1465 3006 1746 3078; x_wconf 78' lang='grc' dir='ltr'>Ἀληθείας</span> <span class='ocrx_word' id='word_1_381' title='bbox 1772 3005 1876 3061; x_wconf 82' lang='grc' dir='ltr'><strong>σώ-</strong></span> 
     </span>
    </p>
   </div>
   <div class='ocr_carea' id='block_1_50' title="bbox 291 3098 1874 3171">
    <p class='ocr_par' dir='ltr' id='par_1_50' title="bbox 291 3098 1874 3171">
     <span class='ocr_line' id='line_1_50' title="bbox 291 3098 1874 3171; baseline -0.001 -18"><span class='ocrx_word' id='word_1_382' title='bbox 291 3117 462 3171; x_wconf 86' lang='grc' dir='ltr'>ματος</span> <span class='ocrx_word' id='word_1_383' title='bbox 481 3099 889 3171; x_wconf 80' lang='grc' dir='ltr'>δωδεκαμελοῦς</span> <span class='ocrx_word' id='word_1_384' title='bbox 912 3102 977 3153; x_wconf 80' lang='grc' dir='ltr'><strong>ὲκ</strong></span> <span class='ocrx_word' id='word_1_385' title='bbox 995 3099 1088 3153; x_wconf 80' lang='grc' dir='ltr'><strong>δύο</strong></span> <span class='ocrx_word' id='word_1_386' title='bbox 1110 3099 1451 3171; x_wconf 85' lang='grc' dir='ltr'>γραμμάτων</span> <span class='ocrx_word' id='word_1_387' title='bbox 1476 3098 1808 3163; x_wconf 77' lang='grc' dir='ltr'>συνεστῶτος</span> <span class='ocrx_word' id='word_1_388' title='bbox 1832 3100 1874 3163; x_wconf 84' lang='grc'>³,</span> 
     </span>
    </p>
   </div>
   <div class='ocr_carea' id='block_1_51' title="bbox 291 3191 1882 3265">
    <p class='ocr_par' dir='ltr' id='par_1_51' title="bbox 291 3191 1882 3265">
     <span class='ocr_line' id='line_1_51' title="bbox 291 3191 1882 3265; baseline 0.001 -19"><span class='ocrx_word' id='word_1_389' title='bbox 291 3194 387 3246; x_wconf 65' lang='grc' dir='ltr'><strong>καὶ</strong></span> <span class='ocrx_word' id='word_1_390' title='bbox 416 3194 513 3263; x_wconf 83' lang='grc' dir='ltr'>τῆς</span> <span class='ocrx_word' id='word_1_391' title='bbox 543 3193 726 3263; x_wconf 73' lang='grc' dir='ltr'>φωνῆς</span> <span class='ocrx_word' id='word_1_392' title='bbox 757 3193 947 3263; x_wconf 79' lang='grc' dir='ltr'>αὐτῆς,</span> <span class='ocrx_word' id='word_1_393' title='bbox 978 3193 1043 3262; x_wconf 83' lang='grc' dir='ltr'><strong>ἣν</strong></span> <span class='ocrx_word' id='word_1_394' title='bbox 1074 3191 1525 3265; x_wconf 77' lang='grc' dir='ltr'>προσομιλήσασα</span> <span class='ocrx_word' id='word_1_395' title='bbox 1557 3191 1601 3257; x_wconf 67' lang='grc' dir='ltr'>δ,</span> <span class='ocrx_word' id='word_1_396' title='bbox 1635 3192 1730 3245; x_wconf 75' lang='grc' dir='ltr'><strong>καὶ</strong></span> <span class='ocrx_word' id='word_1_397' title='bbox 1753 3194 1882 3263; x_wconf 65' lang='grc' dir='ltr'>περὶ</span> 
     </span>
    </p>
   </div>
   <div class='ocr_carea' id='block_1_52' title="bbox 290 3282 1923 3356">
    <p class='ocr_par' dir='ltr' id='par_1_52' title="bbox 290 3282 1923 3356">
     <span class='ocr_line' id='line_1_52' title="bbox 290 3282 1923 3356; baseline -0.001 -19"><span class='ocrx_word' id='word_1_398' title='bbox 290 3282 392 3352; x_wconf 82' lang='grc' dir='ltr'>τῆς</span> <span class='ocrx_word' id='word_1_399' title='bbox 422 3283 720 3349; x_wconf 75' lang='grc' dir='ltr'>ἐπιλύσεως</span> <span class='ocrx_word' id='word_1_400' title='bbox 751 3285 845 3338; x_wconf 78' lang='grc' dir='ltr'>τοῦ</span> <span class='ocrx_word' id='word_1_401' title='bbox 876 3284 951 3356; x_wconf 74' lang='grc' dir='ltr'><strong>μὴ</strong></span> <span class='ocrx_word' id='word_1_402' title='bbox 976 3284 1300 3354; x_wconf 79' lang='grc' dir='ltr'>λαληθέντος</span> <span class='ocrx_word' id='word_1_403' title='bbox 1328 3284 1611 3355; x_wconf 79' lang='grc' dir='ltr'>ὀνόματος,</span> <span class='ocrx_word' id='word_1_404' title='bbox 1639 3284 1733 3338; x_wconf 71' lang='grc' dir='ltr'><strong>καὶ</strong></span> <span class='ocrx_word' id='word_1_405' title='bbox 1755 3285 1884 3356; x_wconf 71' lang='grc' dir='ltr'>περὶ</span> <span class='ocrx_word' id='word_1_406' title='bbox 1902 3302 1923 3341; x_wconf 61' lang='grc' dir='ltr'><strong>ς</strong></span> 
     </span>
    </p>
   </div>
   <div class='ocr_carea' id='block_1_53' title="bbox 291 3375 1883 3450">
    <p class='ocr_par' dir='ltr' id='par_1_53' title="bbox 291 3375 1883 3450">
     <span class='ocr_line' id='line_1_53' title="bbox 291 3375 1883 3450; baseline 0.001 -21"><span class='ocrx_word' id='word_1_407' title='bbox 291 3377 392 3448; x_wconf 84' lang='grc' dir='ltr'>τῆς</span> <span class='ocrx_word' id='word_1_408' title='bbox 420 3375 514 3430; x_wconf 79' lang='grc' dir='ltr'><strong>τοῦ</strong></span> <span class='ocrx_word' id='word_1_409' title='bbox 561 3377 769 3448; x_wconf 77' lang='grc' dir='ltr'>κόσμου</span> <span class='ocrx_word' id='word_1_410' title='bbox 797 3378 975 3450; x_wconf 75' lang='grc' dir='ltr'>ψυχῆς</span> <span class='ocrx_word' id='word_1_411' title='bbox 1012 3379 1107 3432; x_wconf 72' lang='grc' dir='ltr'>καὶ</span> <span class='ocrx_word' id='word_1_412' title='bbox 1155 3377 1465 3450; x_wconf 85' lang='grc' dir='ltr'>ἀνθρώπου,</span> <span class='ocrx_word' id='word_1_413' title='bbox 1514 3378 1656 3432; x_wconf 84' lang='grc' dir='ltr'>καθὰ</span> <span class='ocrx_word' id='word_1_414' title='bbox 1700 3378 1883 3449; x_wconf 78' lang='grc' dir='ltr'>ἔχουσι</span> 
     </span>
    </p>
   </div>
   <div class='ocr_carea' id='block_1_54' title="bbox 292 3468 1885 3545">
    <p class='ocr_par' dir='ltr' id='par_1_54' title="bbox 292 3468 1885 3545">
     <span class='ocr_line' id='line_1_54' title="bbox 292 3468 1885 3545; baseline 0.006 -22"><span class='ocrx_word' id='word_1_415' title='bbox 292 3469 398 3538; x_wconf 77' lang='grc' dir='ltr'>τὴν</span> <span class='ocrx_word' id='word_1_416' title='bbox 439 3469 557 3523; x_wconf 83' lang='grc' dir='ltr'>κατ’</span> <span class='ocrx_word' id='word_1_417' title='bbox 589 3470 775 3525; x_wconf 82' lang='grc' dir='ltr'>εἰκόνα</span> <span class='ocrx_word' id='word_1_418' title='bbox 825 3472 1158 3543; x_wconf 78' lang='grc' dir='ltr'>οἰκονομίαν,</span> <span class='ocrx_word' id='word_1_419' title='bbox 1208 3471 1380 3537; x_wconf 76' lang='grc' dir='ltr'>οὕτως</span> <span class='ocrx_word' id='word_1_420' title='bbox 1423 3473 1720 3545; x_wconf 79' lang='grc' dir='ltr'>ἐλήρησεν·</span> <span class='ocrx_word' id='word_1_421' title='bbox 1759 3468 1885 3542; x_wconf 75' lang='grc' dir='ltr'><strong>ἑξῆς</strong></span> 
     </span>
    </p>
   </div>
   <div class='ocr_carea' id='block_1_55' title="bbox 291 3560 1887 3638">
    <p class='ocr_par' dir='ltr' id='par_1_55' title="bbox 291 3560 1887 3638">
     <span class='ocr_line' id='line_1_55' title="bbox 291 3560 1887 3638; baseline 0.002 -24"><span class='ocrx_word' id='word_1_422' title='bbox 291 3560 352 3614; x_wconf 77' lang='grc' dir='ltr'><strong>δὲ</strong></span> <span class='ocrx_word' id='word_1_423' title='bbox 376 3561 452 3625; x_wconf 81' lang='grc' dir='ltr'>ὡς</span> <span class='ocrx_word' id='word_1_424' title='bbox 487 3562 593 3615; x_wconf 75' lang='grc' dir='ltr'>ἀπὸ</span> <span class='ocrx_word' id='word_1_425' title='bbox 623 3562 731 3617; x_wconf 83' lang='grc' dir='ltr'><strong>τῶν</strong></span> <span class='ocrx_word' id='word_1_426' title='bbox 763 3564 1040 3636; x_wconf 82' lang='grc' dir='ltr'>ὀνομάτων</span> <span class='ocrx_word' id='word_1_427' title='bbox 1094 3566 1380 3638; x_wconf 76' lang='grc' dir='ltr'>ἰσάριθμον</span> <span class='ocrx_word' id='word_1_428' title='bbox 1411 3566 1650 3638; x_wconf 87' lang='grc' dir='ltr'>Δύναμιν</span> <span class='ocrx_word' id='word_1_429' title='bbox 1680 3564 1887 3618; x_wconf 76' lang='grc' dir='ltr'>ἐπέδει-</span> 
     </span>
    </p>
   </div>
   <div class='ocr_carea' id='block_1_56' title="bbox 294 3654 1886 3730">
    <p class='ocr_par' dir='ltr' id='par_1_56' title="bbox 294 3654 1886 3730">
     <span class='ocr_line' id='line_1_56' title="bbox 294 3654 1886 3730; baseline 0.003 -23"><span class='ocrx_word' id='word_1_430' title='bbox 294 3654 456 3727; x_wconf 76' lang='grc' dir='ltr'>ξενὴ</span> <span class='ocrx_word' id='word_1_431' title='bbox 511 3655 824 3727; x_wconf 75' lang='grc' dir='ltr'>Τετρακτὺς</span> <span class='ocrx_word' id='word_1_432' title='bbox 874 3658 1022 3730; x_wconf 85' lang='grc' dir='ltr'>αύτῷ</span> <span class='ocrx_word' id='word_1_433' title='bbox 1077 3658 1531 3730; x_wconf 77' lang='grc' dir='ltr'>ἀπαγγελοῦμενο</span> <span class='ocrx_word' id='word_1_434' title='bbox 1582 3658 1669 3711; x_wconf 83' lang='grc' dir='ltr'><strong>ἵνα</strong></span> <span class='ocrx_word' id='word_1_435' title='bbox 1720 3656 1886 3730; x_wconf 79' lang='grc' dir='ltr'>μηδὲν</span> 
     </span>
    </p>
   </div>
   <div class='ocr_carea' id='block_1_57' title="bbox 293 3745 1885 3822">
    <p class='ocr_par' dir='ltr' id='par_1_57' title="bbox 293 3745 1885 3822">
     <span class='ocr_line' id='line_1_57' title="bbox 293 3745 1885 3822; baseline 0.003 -21"><span class='ocrx_word' id='word_1_436' title='bbox 293 3745 436 3818; x_wconf 79' lang='grc' dir='ltr'>λάθῃ</span> <span class='ocrx_word' id='word_1_437' title='bbox 478 3764 535 3800; x_wconf 89' lang='grc' dir='ltr'><strong>σε</strong></span> <span class='ocrx_word' id='word_1_438' title='bbox 567 3747 675 3800; x_wconf 85' lang='grc' dir='ltr'><strong>τῶν</strong></span> <span class='ocrx_word' id='word_1_439' title='bbox 704 3751 782 3813; x_wconf 88' lang='grc' dir='ltr'><strong>εἰς</strong></span> <span class='ocrx_word' id='word_1_440' title='bbox 810 3751 957 3822; x_wconf 76' lang='grc' dir='ltr'>ἡμᾶς</span> <span class='ocrx_word' id='word_1_441' title='bbox 995 3751 1088 3805; x_wconf 75' lang='grc' dir='ltr'>ὑπ’</span> <span class='ocrx_word' id='word_1_442' title='bbox 1133 3750 1297 3805; x_wconf 74' lang='grc' dir='ltr'>αὑτοῦ</span> <span class='ocrx_word' id='word_1_443' title='bbox 1345 3749 1655 3821; x_wconf 83' lang='grc' dir='ltr'>λεγομένων</span> <span class='ocrx_word' id='word_1_444' title='bbox 1691 3749 1885 3822; x_wconf 76' lang='grc' dir='ltr'>ἐληλυ-</span> 
     </span>
    </p>
   </div>
   <div class='ocr_carea' id='block_1_58' title="bbox 297 3840 1891 3915">
    <p class='ocr_par' dir='ltr' id='par_1_58' title="bbox 297 3840 1891 3915">
     <span class='ocr_line' id='line_1_58' title="bbox 297 3840 1891 3915; baseline 0.002 -22"><span class='ocrx_word' id='word_1_445' title='bbox 297 3840 502 3907; x_wconf 75' lang='grc' dir='ltr'>θότων,</span> <span class='ocrx_word' id='word_1_446' title='bbox 548 3843 829 3914; x_wconf 66' lang='grc' dir='ltr'>ἁγαπητὲ,</span> <span class='ocrx_word' id='word_1_447' title='bbox 877 3843 1060 3913; x_wconf 78' lang='grc' dir='ltr'>καθὼς</span> <span class='ocrx_word' id='word_1_448' title='bbox 1110 3842 1368 3911; x_wconf 77' lang='grc' dir='ltr'>πολλάκις</span> <span class='ocrx_word' id='word_1_449' title='bbox 1420 3843 1711 3914; x_wconf 71' lang='grc' dir='ltr'>ἀπῄτησας</span> <span class='ocrx_word' id='word_1_450' title='bbox 1757 3845 1891 3915; x_wconf 41' lang='grc' dir='ltr'>παρ’,</span> 
     </span>
    </p>
   </div>
   <div class='ocr_carea' id='block_1_59' title="bbox 296 3931 478 4002">
    <p class='ocr_par' dir='ltr' id='par_1_59' title="bbox 296 3931 478 4002">
     <span class='ocr_line' id='line_1_59' title="bbox 296 3931 478 4002; baseline -0.027 0"><span class='ocrx_word' id='word_1_451' title='bbox 296 3931 478 4002; x_wconf 46' lang='lat' dir='ltr'><strong>itii-53V,</strong></span> 
     </span>
    </p>
   </div>
   <div class='ocr_carea' id='block_1_60' title="bbox 374 4192 1891 4275">
    <p class='ocr_par' dir='ltr' id='par_1_60' title="bbox 374 4192 1891 4275">
     <span class='ocr_line' id='line_1_60' title="bbox 374 4192 1891 4275; baseline 0.003 -23"><span class='ocrx_word' id='word_1_452' title='bbox 374 4197 559 4262; x_wconf 74' lang='grc' dir='ltr'>Οὕτως</span> <span class='ocrx_word' id='word_1_453' title='bbox 596 4192 689 4251; x_wconf 79' lang='grc' dir='ltr'>οὖν</span> <span class='ocrx_word' id='word_1_454' title='bbox 719 4198 1052 4269; x_wconf 77' lang='grc' dir='ltr'>ἀπαγγέλλει</span> <span class='ocrx_word' id='word_1_455' title='bbox 1080 4203 1112 4274; x_wconf 84' lang='grc' dir='ltr'><strong>ἡ</strong></span> <span class='ocrx_word' id='word_1_456' title='bbox 1147 4202 1418 4271; x_wconf 72' lang='grc' dir='ltr'>πάνσοφος</span> <span class='ocrx_word' id='word_1_457' title='bbox 1448 4203 1594 4273; x_wconf 71' lang='grc' dir='ltr'>αὐτῷ</span> <span class='ocrx_word' id='word_1_458' title='bbox 1630 4203 1763 4274; x_wconf 83' lang='grc' dir='ltr'>Σιγὴ</span> <span class='ocrx_word' id='word_1_459' title='bbox 1794 4205 1891 4275; x_wconf 79' lang='grc' dir='ltr'>τὴν</span> 
     </span>
    </p>
   </div>
   <div class='ocr_carea' id='block_1_61' title="bbox 299 4287 1890 4365">
    <p class='ocr_par' dir='ltr' id='par_1_61' title="bbox 299 4287 1890 4365">
     <span class='ocr_line' id='line_1_61' title="bbox 299 4287 1890 4365; baseline 0.003 -23"><span class='ocrx_word' id='word_1_460' title='bbox 299 4288 516 4358; x_wconf 64' lang='grc' dir='ltr'>γένεσιν</span> <span class='ocrx_word' id='word_1_461' title='bbox 549 4287 657 4342; x_wconf 82' lang='grc' dir='ltr'>τῶν</span> <span class='ocrx_word' id='word_1_462' title='bbox 695 4291 1152 4363; x_wconf 83' lang='grc' dir='ltr'>εἰκοσιτεσσάρων</span> <span class='ocrx_word' id='word_1_463' title='bbox 1201 4294 1499 4364; x_wconf 83' lang='grc' dir='ltr'>στοιχείων,</span> <span class='ocrx_word' id='word_1_464' title='bbox 1539 4296 1603 4365; x_wconf 85' lang='grc' dir='ltr'>τῇ</span> <span class='ocrx_word' id='word_1_465' title='bbox 1639 4293 1890 4364; x_wconf 84' lang='grc' dir='ltr'>μονότητι</span> 
     </span>
    </p>
   </div>
   <div class='ocr_carea' id='block_1_62' title="bbox 302 4377 1892 4457">
    <p class='ocr_par' dir='ltr' id='par_1_62' title="bbox 302 4377 1892 4457">
     <span class='ocr_line' id='line_1_62' title="bbox 302 4377 1892 4457; baseline 0.005 -24"><span class='ocrx_word' id='word_1_466' title='bbox 302 4381 674 4453; x_wconf 86' lang='grc' dir='ltr'>συνυπάρχειν</span> <span class='ocrx_word' id='word_1_467' title='bbox 713 4383 923 4455; x_wconf 84' lang='grc' dir='ltr'>ὲνότητι</span> <span class='ocrx_word' id='word_1_468' title='bbox 966 4385 1007 4439; x_wconf 86' lang='grc'><strong>⁸.</strong></span> <span class='ocrx_word' id='word_1_469' title='bbox 1048 4384 1136 4453; x_wconf 83' lang='grc' dir='ltr'><strong>Ἐξ</strong></span> <span class='ocrx_word' id='word_1_470' title='bbox 1165 4377 1238 4439; x_wconf 81' lang='grc' dir='ltr'>ὧν</span> <span class='ocrx_word' id='word_1_471' title='bbox 1290 4384 1384 4438; x_wconf 90' lang='grc' dir='ltr'>δύο</span> <span class='ocrx_word' id='word_1_472' title='bbox 1426 4385 1708 4457; x_wconf 69' lang='grc' dir='ltr'>προϐολαὶ,</span> <span class='ocrx_word' id='word_1_473' title='bbox 1752 4386 1892 4441; x_wconf 80' lang='grc' dir='ltr'>καθὰ</span> 
     </span>
    </p>
   </div>
   <div class='ocr_carea' id='block_1_63' title="bbox 1983 1906 3566 1981">
    <p class='ocr_par' dir='ltr' id='par_1_63' title="bbox 1983 1906 3566 1981">
     <span class='ocr_line' id='line_1_63' title="bbox 1983 1906 3566 1981; baseline 0 -18"><span class='ocrx_word' id='word_1_474' title='bbox 1983 1907 2285 1963; x_wconf 79' lang='lat' dir='ltr'><strong>infantibus</strong></span> <span class='ocrx_word' id='word_1_475' title='bbox 2315 1922 2380 1961; x_wconf 90' lang='lat' dir='ltr'><strong>ac</strong></span> <span class='ocrx_word' id='word_1_476' title='bbox 2405 1921 2644 1963; x_wconf 81' lang='lat' dir='ltr'><strong>moerens</strong></span> <span class='ocrx_word' id='word_1_477' title='bbox 2675 1907 2855 1960; x_wconf 90' lang='lat' dir='ltr'><strong>anima</strong></span> <span class='ocrx_word' id='word_1_478' title='bbox 2882 1906 3162 1977; x_wconf 65' lang='lat' dir='ltr'><strong>praedicat.</strong></span> <span class='ocrx_word' id='word_1_479' title='bbox 3192 1908 3317 1963; x_wconf 75' lang='lat' dir='ltr'><strong>Ideo</strong></span> <span class='ocrx_word' id='word_1_480' title='bbox 3347 1925 3566 1981; x_wconf 81' lang='lat' dir='ltr'><strong>quoque</strong></span> 
     </span>
    </p>
   </div>
   <div class='ocr_carea' id='block_1_64' title="bbox 1985 1996 3569 2072">
    <p class='ocr_par' dir='ltr' id='par_1_64' title="bbox 1985 1996 3569 2072">
     <span class='ocr_line' id='line_1_64' title="bbox 1985 1996 3569 2072; baseline 0.002 -21"><span class='ocrx_word' id='word_1_481' title='bbox 1985 1998 2151 2054; x_wconf 75' lang='lat' dir='ltr'><strong>David</strong></span> <span class='ocrx_word' id='word_1_482' title='bbox 2182 1999 2421 2053; x_wconf 88' lang='lat' dir='ltr'><strong>cecinit:</strong></span> <span class='ocrx_word' id='word_1_483' title='bbox 2455 1996 2537 2051; x_wconf 79' lang='lat' dir='ltr'><strong>Ea:</strong></span> <span class='ocrx_word' id='word_1_484' title='bbox 2564 2014 2652 2053; x_wconf 84' lang='lat' dir='ltr'><strong>ore</strong></span> <span class='ocrx_word' id='word_1_485' title='bbox 2690 1997 2977 2067; x_wconf 78' lang='lat' dir='ltr'><strong>infantium</strong></span> <span class='ocrx_word' id='word_1_486' title='bbox 3005 2007 3053 2053; x_wconf 80' lang='lat' dir='ltr'><strong>et</strong></span> <span class='ocrx_word' id='word_1_487' title='bbox 3099 1997 3408 2054; x_wconf 71' lang='lat' dir='ltr'><strong>facientium</strong></span> <span class='ocrx_word' id='word_1_488' title='bbox 3452 2018 3569 2072; x_wconf 77' lang='lat' dir='ltr'><strong>per-</strong></span> 
     </span>
    </p>
   </div>
   <div class='ocr_carea' id='block_1_65' title="bbox 1980 2089 3569 2160">
    <p class='ocr_par' dir='ltr' id='par_1_65' title="bbox 1980 2089 3569 2160">
     <span class='ocr_line' id='line_1_65' title="bbox 1980 2089 3569 2160; baseline 0.003 -15"><span class='ocrx_word' id='word_1_489' title='bbox 1980 2093 2153 2160; x_wconf 77' lang='lat' dir='ltr'><strong>feciin</strong></span> <span class='ocrx_word' id='word_1_490' title='bbox 2194 2092 2402 2145; x_wconf 81' lang='lat' dir='ltr'><strong>laudem</strong></span> <span class='ocrx_word' id='word_1_491' title='bbox 2436 2093 2490 2154; x_wconf 79' lang='grc'><strong>⁶;</strong></span> <span class='ocrx_word' id='word_1_492' title='bbox 2531 2107 2593 2144; x_wconf 86' lang='lat' dir='ltr'><strong>ac</strong></span> <span class='ocrx_word' id='word_1_493' title='bbox 2637 2105 2854 2145; x_wconf 28' lang='lat' dir='ltr'><strong>rursum</strong></span> <span class='ocrx_word' id='word_1_494' title='bbox 2897 2108 2909 2144; x_wconf 92' lang='lat'><strong>:</strong></span> <span class='ocrx_word' id='word_1_495' title='bbox 2954 2089 3087 2144; x_wconf 70' lang='lat' dir='ltr'><strong>Caeli</strong></span> <span class='ocrx_word' id='word_1_496' title='bbox 3121 2091 3373 2146; x_wconf 66' lang='lat' dir='ltr'><strong>calorum</strong></span> <span class='ocrx_word' id='word_1_497' title='bbox 3409 2110 3569 2149; x_wconf 82' lang='lat' dir='ltr'><strong>enar-</strong></span> 
     </span>
    </p>
   </div>
   <div class='ocr_carea' id='block_1_66' title="bbox 1980 2181 3565 2255">
    <p class='ocr_par' dir='ltr' id='par_1_66' title="bbox 1980 2181 3565 2255">
     <span class='ocr_line' id='line_1_66' title="bbox 1980 2181 3565 2255; baseline -0.002 -16"><span class='ocrx_word' id='word_1_498' title='bbox 1980 2194 2100 2240; x_wconf 83' lang='lat' dir='ltr'><strong>rant</strong></span> <span class='ocrx_word' id='word_1_499' title='bbox 2131 2185 2358 2255; x_wconf 84' lang='lat' dir='ltr'><strong>gloriam</strong></span> <span class='ocrx_word' id='word_1_500' title='bbox 2396 2182 2491 2235; x_wconf 61' lang='lat' dir='ltr'><strong>Dei</strong></span> <span class='ocrx_word' id='word_1_501' title='bbox 2518 2183 2561 2237; x_wconf 89' lang='grc'><strong>⁷.</strong></span> <span class='ocrx_word' id='word_1_502' title='bbox 2596 2181 2732 2236; x_wconf 87' lang='lat' dir='ltr'><strong>liine</strong></span> <span class='ocrx_word' id='word_1_503' title='bbox 2766 2190 2852 2237; x_wconf 89' lang='lat' dir='ltr'><strong>est</strong></span> <span class='ocrx_word' id='word_1_504' title='bbox 2899 2182 3044 2251; x_wconf 80' lang='lat' dir='ltr'><strong>quod</strong></span> <span class='ocrx_word' id='word_1_505' title='bbox 3081 2182 3223 2236; x_wconf 91' lang='lat' dir='ltr'><strong>inter</strong></span> <span class='ocrx_word' id='word_1_506' title='bbox 3252 2182 3473 2240; x_wconf 83' lang='lat' dir='ltr'><strong>labores</strong></span> <span class='ocrx_word' id='word_1_507' title='bbox 3508 2193 3565 2238; x_wconf 88' lang='lat' dir='ltr'><strong>et</strong></span> 
     </span>
    </p>
   </div>
   <div class='ocr_carea' id='block_1_67' title="bbox 1978 2273 3563 2345">
    <p class='ocr_par' dir='ltr' id='par_1_67' title="bbox 1978 2273 3563 2345">
     <span class='ocr_line' id='line_1_67' title="bbox 1978 2273 3563 2345; baseline -0.002 -11"><span class='ocrx_word' id='word_1_508' title='bbox 1978 2293 2251 2334; x_wconf 73' lang='lat' dir='ltr'><strong>aerumnas</strong></span> <span class='ocrx_word' id='word_1_509' title='bbox 2276 2318 2289 2343; x_wconf 92' lang='lat'><strong>,</strong></span> <span class='ocrx_word' id='word_1_510' title='bbox 2321 2283 2379 2330; x_wconf 91' lang='lat' dir='ltr'><strong>ut</strong></span> <span class='ocrx_word' id='word_1_511' title='bbox 2419 2278 2489 2330; x_wconf 83' lang='lat' dir='ltr'><strong>sit</strong></span> <span class='ocrx_word' id='word_1_512' title='bbox 2535 2274 2940 2345; x_wconf 83' lang='lat' dir='ltr'><strong>quodammodo</strong></span> <span class='ocrx_word' id='word_1_513' title='bbox 2984 2273 3303 2329; x_wconf 68' lang='lat' dir='ltr'><strong>defaecatior</strong></span> <span class='ocrx_word' id='word_1_514' title='bbox 3342 2276 3523 2331; x_wconf 86' lang='lat' dir='ltr'><strong>anima</strong></span> <span class='ocrx_word' id='word_1_515' title='bbox 3547 2316 3563 2342; x_wconf 84' lang='lat'><strong>,</strong></span> 
     </span>
    </p>
   </div>
   <div class='ocr_carea' id='block_1_68' title="bbox 1980 2364 3564 2437">
    <p class='ocr_par' dir='ltr' id='par_1_68' title="bbox 1980 2364 3564 2437">
     <span class='ocr_line' id='line_1_68' title="bbox 1980 2364 3564 2437; baseline -0.001 -13"><span class='ocrx_word' id='word_1_516' title='bbox 1980 2371 2215 2424; x_wconf 87' lang='lat' dir='ltr'><strong>litteram</strong></span> <span class='ocrx_word' id='word_1_517' title='bbox 2253 2386 2298 2421; x_wconf 88' lang='grc' dir='ltr'><strong>ω</strong></span> <span class='ocrx_word' id='word_1_518' title='bbox 2341 2367 2685 2437; x_wconf 86' lang='lat' dir='ltr'><strong>pronuntiat,</strong></span> <span class='ocrx_word' id='word_1_519' title='bbox 2735 2364 2880 2436; x_wconf 84' lang='lat' dir='ltr'><strong>quod</strong></span> <span class='ocrx_word' id='word_1_520' title='bbox 2919 2375 3005 2420; x_wconf 87' lang='lat' dir='ltr'><strong>est</strong></span> <span class='ocrx_word' id='word_1_521' title='bbox 3047 2365 3379 2421; x_wconf 83' lang='lat' dir='ltr'><strong>laudationis</strong></span> <span class='ocrx_word' id='word_1_522' title='bbox 3421 2368 3564 2422; x_wconf 88' lang='lat' dir='ltr'><strong>indi-</strong></span> 
     </span>
    </p>
   </div>
   <div class='ocr_carea' id='block_1_69' title="bbox 1964 2455 3565 2536">
    <p class='ocr_par' dir='ltr' id='par_1_69' title="bbox 1964 2455 3565 2536">
     <span class='ocr_line' id='line_1_69' title="bbox 1964 2455 3565 2536; baseline -0.003 -21"><span class='ocrx_word' id='word_1_523' title='bbox 1964 2461 2157 2529; x_wconf 81' lang='lat' dir='ltr'><strong>eium,</strong></span> <span class='ocrx_word' id='word_1_524' title='bbox 2197 2467 2253 2513; x_wconf 90' lang='lat' dir='ltr'><strong>ut</strong></span> <span class='ocrx_word' id='word_1_525' title='bbox 2302 2457 2545 2512; x_wconf 72' lang='lat' dir='ltr'><strong>etelestis</strong></span> <span class='ocrx_word' id='word_1_526' title='bbox 2595 2456 2778 2510; x_wconf 89' lang='lat' dir='ltr'><strong>anima</strong></span> <span class='ocrx_word' id='word_1_527' title='bbox 2822 2455 2969 2524; x_wconf 87' lang='lat' dir='ltr'><strong>quod</strong></span> <span class='ocrx_word' id='word_1_528' title='bbox 3003 2455 3104 2510; x_wconf 86' lang='lat' dir='ltr'><strong>sibi</strong></span> <span class='ocrx_word' id='word_1_529' title='bbox 3150 2462 3442 2536; x_wconf 80' lang='lat' dir='ltr'><strong>cognatum</strong></span> <span class='ocrx_word' id='word_1_530' title='bbox 3479 2463 3565 2512; x_wconf 85' lang='lat' dir='ltr'><strong>est</strong></span> 
     </span>
    </p>
   </div>
   <div class='ocr_carea' id='block_1_70' title="bbox 1980 2546 3051 2624">
    <p class='ocr_par' dir='ltr' id='par_1_70' title="bbox 1980 2546 3051 2624">
     <span class='ocr_line' id='line_1_70' title="bbox 1980 2546 3051 2624; baseline -0.007 -17"><span class='ocrx_word' id='word_1_531' title='bbox 1980 2567 2286 2624; x_wconf 82' lang='lat' dir='ltr'><strong>agnoscens</strong></span> <span class='ocrx_word' id='word_1_532' title='bbox 2319 2550 2705 2619; x_wconf 80' lang='lat' dir='ltr'><strong>opitulatorem</strong></span> <span class='ocrx_word' id='word_1_533' title='bbox 2749 2546 3051 2623; x_wconf 75' lang='lat' dir='ltr'><strong>submittat.</strong></span> 
     </span>
    </p>
   </div>
   <div class='ocr_carea' id='block_1_71' title="bbox 2054 2815 3567 2886">
    <p class='ocr_par' dir='ltr' id='par_1_71' title="bbox 2054 2815 3567 2886">
     <span class='ocr_line' id='line_1_71' title="bbox 2054 2815 3567 2886; baseline 0.001 -16"><span class='ocrx_word' id='word_1_534' title='bbox 2054 2816 2188 2872; x_wconf 84' lang='lat' dir='ltr'><strong>Vlll.</strong></span> <span class='ocrx_word' id='word_1_535' title='bbox 2243 2816 2318 2869; x_wconf 76' lang='lat' dir='ltr'><strong>De</strong></span> <span class='ocrx_word' id='word_1_536' title='bbox 2359 2822 2475 2869; x_wconf 88' lang='lat' dir='ltr'><strong>toto</strong></span> <span class='ocrx_word' id='word_1_537' title='bbox 2527 2816 2690 2886; x_wconf 83' lang='lat' dir='ltr'><strong>igitur</strong></span> <span class='ocrx_word' id='word_1_538' title='bbox 2732 2815 2821 2869; x_wconf 91' lang='lat' dir='ltr'><strong>ille</strong></span> <span class='ocrx_word' id='word_1_539' title='bbox 2864 2815 3117 2877; x_wconf 87' lang='lat' dir='ltr'><strong>nomine,</strong></span> <span class='ocrx_word' id='word_1_540' title='bbox 3159 2815 3303 2886; x_wconf 86' lang='lat' dir='ltr'><strong>quod</strong></span> <span class='ocrx_word' id='word_1_541' title='bbox 3353 2831 3459 2881; x_wconf 55' lang='lat' dir='ltr'><strong>xxx</strong></span> <span class='ocrx_word' id='word_1_542' title='bbox 3497 2830 3567 2872; x_wconf 83' lang='lat' dir='ltr'><strong>ex</strong></span> 
     </span>
    </p>
   </div>
   <div class='ocr_carea' id='block_1_72' title="bbox 1981 2907 3565 2979">
    <p class='ocr_par' dir='ltr' id='par_1_72' title="bbox 1981 2907 3565 2979">
     <span class='ocr_line' id='line_1_72' title="bbox 1981 2907 3565 2979; baseline -0.001 -16"><span class='ocrx_word' id='word_1_543' title='bbox 1981 2909 2179 2965; x_wconf 85' lang='lat' dir='ltr'><strong>litteris</strong></span> <span class='ocrx_word' id='word_1_544' title='bbox 2211 2907 2589 2978; x_wconf 88' lang='lat' dir='ltr'><strong>componitur;</strong></span> <span class='ocrx_word' id='word_1_545' title='bbox 2625 2907 2796 2979; x_wconf 85' lang='lat' dir='ltr'><strong>Bytho</strong></span> <span class='ocrx_word' id='word_1_546' title='bbox 2829 2908 2922 2977; x_wconf 82' lang='lat' dir='ltr'><strong>qui</strong></span> <span class='ocrx_word' id='word_1_547' title='bbox 2964 2907 3097 2963; x_wconf 90' lang='lat' dir='ltr'><strong>iisce</strong></span> <span class='ocrx_word' id='word_1_548' title='bbox 3132 2923 3196 2963; x_wconf 80' lang='lat' dir='ltr'><strong>ex</strong></span> <span class='ocrx_word' id='word_1_549' title='bbox 3239 2907 3436 2963; x_wconf 80' lang='lat' dir='ltr'><strong>litteris</strong></span> <span class='ocrx_word' id='word_1_550' title='bbox 3476 2907 3565 2962; x_wconf 82' lang='lat' dir='ltr'><strong>in-</strong></span> 
     </span>
    </p>
   </div>
   <div class='ocr_carea' id='block_1_73' title="bbox 1983 2998 3567 3071">
    <p class='ocr_par' dir='ltr' id='par_1_73' title="bbox 1983 2998 3567 3071">
     <span class='ocr_line' id='line_1_73' title="bbox 1983 2998 3567 3071; baseline -0.001 -16"><span class='ocrx_word' id='word_1_551' title='bbox 1983 3012 2319 3055; x_wconf 84' lang='lat' dir='ltr'><strong>crementum</strong></span> <span class='ocrx_word' id='word_1_552' title='bbox 2371 3000 2550 3069; x_wconf 90' lang='lat' dir='ltr'><strong>capit;</strong></span> <span class='ocrx_word' id='word_1_553' title='bbox 2602 3015 2704 3055; x_wconf 90' lang='lat' dir='ltr'><strong>nec</strong></span> <span class='ocrx_word' id='word_1_554' title='bbox 2758 3016 2863 3053; x_wconf 89' lang='lat' dir='ltr'><strong>non</strong></span> <span class='ocrx_word' id='word_1_555' title='bbox 2919 3008 2974 3054; x_wconf 88' lang='lat' dir='ltr'><strong>et</strong></span> <span class='ocrx_word' id='word_1_556' title='bbox 3030 2998 3567 3071; x_wconf 79' lang='lat' dir='ltr'><strong>Veritatiscorpore</strong></span> 
     </span>
    </p>
   </div>
   <div class='ocr_carea' id='block_1_74' title="bbox 1986 3088 3567 3164">
    <p class='ocr_par' dir='ltr' id='par_1_74' title="bbox 1986 3088 3567 3164">
     <span class='ocr_line' id='line_1_74' title="bbox 1986 3088 3567 3164; baseline 0.001 -19"><span class='ocrx_word' id='word_1_557' title='bbox 1986 3091 2248 3164; x_wconf 75' lang='lat' dir='ltr'><strong>membris</strong></span> <span class='ocrx_word' id='word_1_558' title='bbox 2271 3098 2559 3146; x_wconf 87' lang='lat' dir='ltr'><strong>constante</strong></span> <span class='ocrx_word' id='word_1_559' title='bbox 2582 3088 2893 3154; x_wconf 86' lang='lat' dir='ltr'><strong>duodecim,</strong></span> <span class='ocrx_word' id='word_1_560' title='bbox 2928 3105 3159 3160; x_wconf 86' lang='lat' dir='ltr'><strong>quorum</strong></span> <span class='ocrx_word' id='word_1_561' title='bbox 3186 3091 3400 3161; x_wconf 79' lang='lat' dir='ltr'><strong>singula</strong></span> <span class='ocrx_word' id='word_1_562' title='bbox 3429 3091 3567 3146; x_wconf 86' lang='lat' dir='ltr'><strong>dua-</strong></span> 
     </span>
    </p>
   </div>
   <div class='ocr_carea' id='block_1_75' title="bbox 1988 3181 3567 3253">
    <p class='ocr_par' dir='ltr' id='par_1_75' title="bbox 1988 3181 3567 3253">
     <span class='ocr_line' id='line_1_75' title="bbox 1988 3181 3567 3253; baseline -0.001 -14"><span class='ocrx_word' id='word_1_563' title='bbox 1988 3185 2090 3240; x_wconf 88' lang='lat' dir='ltr'><strong>bus</strong></span> <span class='ocrx_word' id='word_1_564' title='bbox 2125 3200 2155 3239; x_wconf 84' lang='lat' dir='ltr'><strong>e</strong></span> <span class='ocrx_word' id='word_1_565' title='bbox 2190 3182 2388 3238; x_wconf 87' lang='lat' dir='ltr'><strong>litteris</strong></span> <span class='ocrx_word' id='word_1_566' title='bbox 2425 3181 2660 3237; x_wconf 88' lang='lat' dir='ltr'><strong>conflata</strong></span> <span class='ocrx_word' id='word_1_567' title='bbox 2705 3192 2869 3247; x_wconf 86' lang='lat' dir='ltr'><strong>sunt;</strong></span> <span class='ocrx_word' id='word_1_568' title='bbox 2905 3183 3186 3253; x_wconf 87' lang='lat' dir='ltr'><strong>ipsiusque</strong></span> <span class='ocrx_word' id='word_1_569' title='bbox 3219 3198 3355 3238; x_wconf 83' lang='lat' dir='ltr'><strong>voce</strong></span> <span class='ocrx_word' id='word_1_570' title='bbox 3403 3198 3567 3253; x_wconf 88' lang='lat' dir='ltr'><strong>quam</strong></span> 
     </span>
    </p>
   </div>
   <div class='ocr_carea' id='block_1_76' title="bbox 1988 3275 3569 3347">
    <p class='ocr_par' dir='ltr' id='par_1_76' title="bbox 1988 3275 3569 3347">
     <span class='ocr_line' id='line_1_76' title="bbox 1988 3275 3569 3347; baseline 0.001 -18"><span class='ocrx_word' id='word_1_571' title='bbox 1988 3275 2210 3330; x_wconf 88' lang='lat' dir='ltr'><strong>minime</strong></span> <span class='ocrx_word' id='word_1_572' title='bbox 2239 3275 2509 3345; x_wconf 38' lang='lat' dir='ltr'><strong>eloquens.</strong></span> <span class='ocrx_word' id='word_1_573' title='bbox 2534 3281 2613 3329; x_wconf 89' lang='lat' dir='ltr'><strong>est</strong></span> <span class='ocrx_word' id='word_1_574' title='bbox 2652 3275 2866 3329; x_wconf 86' lang='lat' dir='ltr'><strong>elocuta</strong></span> <span class='ocrx_word' id='word_1_575' title='bbox 2900 3294 2912 3329; x_wconf 93' lang='lat'>:</span> <span class='ocrx_word' id='word_1_576' title='bbox 2943 3284 3055 3330; x_wconf 90' lang='lat' dir='ltr'><strong>tum</strong></span> <span class='ocrx_word' id='word_1_577' title='bbox 3088 3275 3154 3329; x_wconf 89' lang='lat' dir='ltr'><strong>de</strong></span> <span class='ocrx_word' id='word_1_578' title='bbox 3185 3276 3409 3330; x_wconf 91' lang='lat' dir='ltr'><strong>minime</strong></span> <span class='ocrx_word' id='word_1_579' title='bbox 3441 3292 3569 3347; x_wconf 83' lang='lat' dir='ltr'><strong>pro-</strong></span> 
     </span>
    </p>
   </div>
   <div class='ocr_carea' id='block_1_77' title="bbox 1988 3366 3637 3434">
    <p class='ocr_par' dir='ltr' id='par_1_77' title="bbox 1988 3366 3637 3434">
     <span class='ocr_line' id='line_1_77' title="bbox 1988 3366 3637 3434; baseline 0.002 -14"><span class='ocrx_word' id='word_1_580' title='bbox 1988 3366 2082 3420; x_wconf 89' lang='lat' dir='ltr'><strong>lati</strong></span> <span class='ocrx_word' id='word_1_581' title='bbox 2117 3368 2455 3423; x_wconf 84' lang='lat' dir='ltr'><strong>resolutione</strong></span> <span class='ocrx_word' id='word_1_582' title='bbox 2495 3368 2768 3434; x_wconf 89' lang='lat' dir='ltr'><strong>nominis;</strong></span> <span class='ocrx_word' id='word_1_583' title='bbox 2804 3382 2866 3422; x_wconf 88' lang='lat' dir='ltr'><strong>ac</strong></span> <span class='ocrx_word' id='word_1_584' title='bbox 2899 3367 2965 3422; x_wconf 83' lang='lat' dir='ltr'><strong>de</strong></span> <span class='ocrx_word' id='word_1_585' title='bbox 3004 3367 3194 3422; x_wconf 89' lang='lat' dir='ltr'><strong>mundi</strong></span> <span class='ocrx_word' id='word_1_586' title='bbox 3239 3376 3294 3423; x_wconf 90' lang='lat' dir='ltr'><strong>et</strong></span> <span class='ocrx_word' id='word_1_587' title='bbox 3337 3369 3575 3423; x_wconf 88' lang='lat' dir='ltr'><strong>hominis</strong></span> <span class='ocrx_word' id='word_1_588' title='bbox 3634 3380 3637 3385; x_wconf 83' lang='lat'>&#39;</span> 
     </span>
    </p>
   </div>
   <div class='ocr_carea' id='block_1_78' title="bbox 1989 3454 3575 3529">
    <p class='ocr_par' dir='ltr' id='par_1_78' title="bbox 1989 3454 3575 3529">
     <span class='ocr_line' id='line_1_78' title="bbox 1989 3454 3575 3529; baseline 0.003 -20"><span class='ocrx_word' id='word_1_589' title='bbox 1989 3456 2194 3520; x_wconf 90' lang='lat' dir='ltr'><strong>anima,</strong></span> <span class='ocrx_word' id='word_1_590' title='bbox 2230 3466 2502 3527; x_wconf 84' lang='lat' dir='ltr'><strong>quatenus</strong></span> <span class='ocrx_word' id='word_1_591' title='bbox 2543 3454 2609 3509; x_wconf 88' lang='lat' dir='ltr'><strong>ad</strong></span> <span class='ocrx_word' id='word_1_592' title='bbox 2646 3457 3055 3513; x_wconf 80' lang='lat' dir='ltr'><strong>similitudinem</strong></span> <span class='ocrx_word' id='word_1_593' title='bbox 3092 3473 3353 3528; x_wconf 82' lang='lat' dir='ltr'><strong>expressa</strong></span> <span class='ocrx_word' id='word_1_594' title='bbox 3390 3460 3575 3529; x_wconf 77' lang='lat' dir='ltr'><strong>provi-</strong></span> 
     </span>
    </p>
   </div>
   <div class='ocr_carea' id='block_1_79' title="bbox 1988 3548 3577 3621">
    <p class='ocr_par' dir='ltr' id='par_1_79' title="bbox 1988 3548 3577 3621">
     <span class='ocr_line' id='line_1_79' title="bbox 1988 3548 3577 3621; baseline 0.003 -18"><span class='ocrx_word' id='word_1_595' title='bbox 1988 3548 2188 3605; x_wconf 71' lang='lat' dir='ltr'><strong>dentia:</strong></span> <span class='ocrx_word' id='word_1_596' title='bbox 2250 3550 2822 3621; x_wconf 85' lang='lat' dir='ltr'><strong>administrationique</strong></span> <span class='ocrx_word' id='word_1_597' title='bbox 2880 3552 3257 3621; x_wconf 84' lang='lat' dir='ltr'><strong>respondent;</strong></span> <span class='ocrx_word' id='word_1_598' title='bbox 3315 3552 3420 3607; x_wconf 89' lang='lat' dir='ltr'><strong>hoc</strong></span> <span class='ocrx_word' id='word_1_599' title='bbox 3487 3552 3577 3608; x_wconf 87' lang='lat' dir='ltr'><strong>ille</strong></span> 
     </span>
    </p>
   </div>
   <div class='ocr_carea' id='block_1_80' title="bbox 1988 3638 3573 3713">
    <p class='ocr_par' dir='ltr' id='par_1_80' title="bbox 1988 3638 3573 3713">
     <span class='ocr_line' id='line_1_80' title="bbox 1988 3638 3573 3713; baseline 0.003 -21"><span class='ocrx_word' id='word_1_600' title='bbox 1988 3639 2153 3693; x_wconf 88' lang='lat' dir='ltr'><strong>modo</strong></span> <span class='ocrx_word' id='word_1_601' title='bbox 2199 3649 2434 3711; x_wconf 78' lang='lat' dir='ltr'><strong>nugatus</strong></span> <span class='ocrx_word' id='word_1_602' title='bbox 2460 3651 2565 3696; x_wconf 90' lang='lat' dir='ltr'><strong>est.</strong></span> <span class='ocrx_word' id='word_1_603' title='bbox 2617 3641 2777 3713; x_wconf 65' lang='grc'><strong>242</strong></span> <span class='ocrx_word' id='word_1_604' title='bbox 2825 3638 3293 3708; x_wconf 85' lang='lat' dir='ltr'><strong>Quemadmodum</strong></span> <span class='ocrx_word' id='word_1_605' title='bbox 3338 3659 3469 3698; x_wconf 67' lang='lat' dir='ltr'><strong>vero</strong></span> <span class='ocrx_word' id='word_1_606' title='bbox 3511 3658 3573 3696; x_wconf 80' lang='lat' dir='ltr'><strong>ex</strong></span> 
     </span>
    </p>
   </div>
   <div class='ocr_carea' id='block_1_81' title="bbox 1991 3731 3577 3807">
    <p class='ocr_par' dir='ltr' id='par_1_81' title="bbox 1991 3731 3577 3807">
     <span class='ocr_line' id='line_1_81' title="bbox 1991 3731 3577 3807; baseline 0.004 -22"><span class='ocrx_word' id='word_1_607' title='bbox 1991 3731 2306 3787; x_wconf 80' lang='lat' dir='ltr'><strong>nominibus</strong></span> <span class='ocrx_word' id='word_1_608' title='bbox 2335 3734 2596 3802; x_wconf 79' lang='lat' dir='ltr'><strong>aequalem</strong></span> <span class='ocrx_word' id='word_1_609' title='bbox 2630 3748 2858 3807; x_wconf 87' lang='lat' dir='ltr'><strong>numero</strong></span> <span class='ocrx_word' id='word_1_610' title='bbox 2890 3732 3158 3789; x_wconf 86' lang='lat' dir='ltr'><strong>Virtutem</strong></span> <span class='ocrx_word' id='word_1_611' title='bbox 3198 3735 3246 3789; x_wconf 90' lang='lat' dir='ltr'><strong>ei</strong></span> <span class='ocrx_word' id='word_1_612' title='bbox 3289 3734 3577 3807; x_wconf 85' lang='lat' dir='ltr'><strong>Tetractys</strong></span> 
     </span>
    </p>
   </div>
   <div class='ocr_carea' id='block_1_82' title="bbox 1989 3806 3577 3897">
    <p class='ocr_par' dir='ltr' id='par_1_82' title="bbox 1989 3806 3577 3897">
     <span class='ocr_line' id='line_1_82' title="bbox 1989 3806 3577 3897; baseline 0.001 -17"><span class='ocrx_word' id='word_1_613' title='bbox 1989 3826 2317 3889; x_wconf 86' lang='lat' dir='ltr'><strong>ostenderit,</strong></span> <span class='ocrx_word' id='word_1_614' title='bbox 2352 3826 2613 3896; x_wconf 88' lang='lat' dir='ltr'><strong>deinceps</strong></span> <span class='ocrx_word' id='word_1_615' title='bbox 2644 3806 3041 3895; x_wconf 68' lang='lat' dir='ltr'><strong>explicabimus</strong></span> <span class='ocrx_word' id='word_1_616' title='bbox 3075 3845 3087 3881; x_wconf 89' lang='lat'>:</span> <span class='ocrx_word' id='word_1_617' title='bbox 3121 3842 3189 3881; x_wconf 91' lang='lat' dir='ltr'><strong>ne</strong></span> <span class='ocrx_word' id='word_1_618' title='bbox 3221 3826 3352 3897; x_wconf 92' lang='lat' dir='ltr'><strong>quid</strong></span> <span class='ocrx_word' id='word_1_619' title='bbox 3382 3806 3577 3882; x_wconf 88' lang='lat' dir='ltr'><strong>eorum</strong></span> 
     </span>
    </p>
   </div>
   <div class='ocr_carea' id='block_1_83' title="bbox 1993 3917 3576 3988">
    <p class='ocr_par' dir='ltr' id='par_1_83' title="bbox 1993 3917 3576 3988">
     <span class='ocr_line' id='line_1_83' title="bbox 1993 3917 3576 3988; baseline 0.001 -17"><span class='ocrx_word' id='word_1_620' title='bbox 1993 3928 2064 3981; x_wconf 82' lang='lat' dir='ltr'><strong>te,</strong></span> <span class='ocrx_word' id='word_1_621' title='bbox 2094 3918 2441 3981; x_wconf 88' lang='lat' dir='ltr'><strong>charissime,</strong></span> <span class='ocrx_word' id='word_1_622' title='bbox 2463 3918 2650 3984; x_wconf 85' lang='lat' dir='ltr'><strong>lateat,</strong></span> <span class='ocrx_word' id='word_1_623' title='bbox 2685 3932 2807 3988; x_wconf 72' lang='lat' dir='ltr'><strong>quae</strong></span> <span class='ocrx_word' id='word_1_624' title='bbox 2837 3917 2904 3972; x_wconf 89' lang='lat' dir='ltr'><strong>ab</strong></span> <span class='ocrx_word' id='word_1_625' title='bbox 2938 3918 3030 3973; x_wconf 90' lang='lat' dir='ltr'><strong>illo</strong></span> <span class='ocrx_word' id='word_1_626' title='bbox 3057 3917 3201 3972; x_wconf 86' lang='lat' dir='ltr'><strong>dicta</strong></span> <span class='ocrx_word' id='word_1_627' title='bbox 3232 3917 3299 3971; x_wconf 91' lang='lat' dir='ltr'><strong>ad</strong></span> <span class='ocrx_word' id='word_1_628' title='bbox 3332 3927 3576 3974; x_wconf 89' lang='lat' dir='ltr'><strong>nostram</strong></span> 
     </span>
    </p>
   </div>
   <div class='ocr_carea' id='block_1_84' title="bbox 1995 4007 3577 4081">
    <p class='ocr_par' dir='ltr' id='par_1_84' title="bbox 1995 4007 3577 4081">
     <span class='ocr_line' id='line_1_84' title="bbox 1995 4007 3577 4081; baseline -0.001 -17"><span class='ocrx_word' id='word_1_629' title='bbox 1995 4010 2312 4065; x_wconf 86' lang='lat' dir='ltr'><strong>memoriam</strong></span> <span class='ocrx_word' id='word_1_630' title='bbox 2367 4016 2773 4081; x_wconf 80' lang='lat' dir='ltr'><strong>pervenerunt,</strong></span> <span class='ocrx_word' id='word_1_631' title='bbox 2832 4007 2887 4063; x_wconf 82' lang='lat' dir='ltr'><strong>id</strong></span> <span class='ocrx_word' id='word_1_632' title='bbox 2943 4008 3089 4079; x_wconf 90' lang='lat' dir='ltr'><strong>quod</strong></span> <span class='ocrx_word' id='word_1_633' title='bbox 3143 4024 3173 4063; x_wconf 90' lang='lat' dir='ltr'><strong>a</strong></span> <span class='ocrx_word' id='word_1_634' title='bbox 3227 4009 3384 4065; x_wconf 88' lang='lat' dir='ltr'><strong>nobis</strong></span> <span class='ocrx_word' id='word_1_635' title='bbox 3437 4023 3577 4079; x_wconf 58' lang='lat' dir='ltr'><strong>saepe</strong></span> 
     </span>
    </p>
   </div>
   <div class='ocr_carea' id='block_1_85' title="bbox 1994 4102 2733 4174">
    <p class='ocr_par' dir='ltr' id='par_1_85' title="bbox 1994 4102 2733 4174">
     <span class='ocr_line' id='line_1_85' title="bbox 1994 4102 2733 4174; baseline 0 -19"><span class='ocrx_word' id='word_1_636' title='bbox 1994 4102 2304 4174; x_wconf 75' lang='lat' dir='ltr'><strong>postulasti.</strong></span> <span class='ocrx_word' id='word_1_637' title='bbox 2718 4154 2733 4164; x_wconf 80' lang='lat'>_</span> 
     </span>
    </p>
   </div>
   <div class='ocr_carea' id='block_1_86' title="bbox 2064 4192 3579 4266">
    <p class='ocr_par' dir='ltr' id='par_1_86' title="bbox 2064 4192 3579 4266">
     <span class='ocr_line' id='line_1_86' title="bbox 2064 4192 3579 4266; baseline -0.001 -17"><span class='ocrx_word' id='word_1_638' title='bbox 2064 4197 2086 4228; x_wconf 83' lang='grc'><strong>⁸</strong></span> <span class='ocrx_word' id='word_1_639' title='bbox 2122 4194 2235 4249; x_wconf 88' lang='lat' dir='ltr'><strong>lloc</strong></span> <span class='ocrx_word' id='word_1_640' title='bbox 2280 4195 2462 4265; x_wconf 88' lang='lat' dir='ltr'><strong>itaque</strong></span> <span class='ocrx_word' id='word_1_641' title='bbox 2510 4195 2671 4249; x_wconf 88' lang='lat' dir='ltr'><strong>modo</strong></span> <span class='ocrx_word' id='word_1_642' title='bbox 2717 4194 3121 4265; x_wconf 85' lang='lat' dir='ltr'><strong>sapientissima</strong></span> <span class='ocrx_word' id='word_1_643' title='bbox 3153 4192 3279 4266; x_wconf 84' lang='lat' dir='ltr'><strong>Sige</strong></span> <span class='ocrx_word' id='word_1_644' title='bbox 3307 4210 3436 4249; x_wconf 74' lang='lat' dir='ltr'><strong>xxrv</strong></span> <span class='ocrx_word' id='word_1_645' title='bbox 3466 4198 3579 4250; x_wconf 77' lang='lat' dir='ltr'><strong>ele~</strong></span> 
     </span>
    </p>
   </div>
   <div class='ocr_carea' id='block_1_87' title="bbox 1996 4285 3579 4357">
    <p class='ocr_par' dir='ltr' id='par_1_87' title="bbox 1996 4285 3579 4357">
     <span class='ocr_line' id='line_1_87' title="bbox 1996 4285 3579 4357; baseline -0.001 -17"><span class='ocrx_word' id='word_1_646' title='bbox 1996 4295 2305 4342; x_wconf 87' lang='lat' dir='ltr'><strong>mentorum</strong></span> <span class='ocrx_word' id='word_1_647' title='bbox 2371 4286 2447 4341; x_wconf 90' lang='lat' dir='ltr'><strong>illi</strong></span> <span class='ocrx_word' id='word_1_648' title='bbox 2505 4287 2909 4357; x_wconf 83' lang='lat' dir='ltr'><strong>generationem</strong></span> <span class='ocrx_word' id='word_1_649' title='bbox 2975 4287 3245 4357; x_wconf 81' lang='lat' dir='ltr'><strong>exposuit.</strong></span> <span class='ocrx_word' id='word_1_650' title='bbox 3313 4285 3579 4341; x_wconf 83' lang='lat' dir='ltr'><strong>Nimirum</strong></span> 
     </span>
    </p>
   </div>
   <div class='ocr_carea' id='block_1_88' title="bbox 1996 4377 3585 4449">
    <p class='ocr_par' dir='ltr' id='par_1_88' title="bbox 1996 4377 3585 4449">
     <span class='ocr_line' id='line_1_88' title="bbox 1996 4377 3585 4449; baseline 0 -16"><span class='ocrx_word' id='word_1_651' title='bbox 1996 4392 2121 4433; x_wconf 84' lang='lat' dir='ltr'><strong>cum</strong></span> <span class='ocrx_word' id='word_1_652' title='bbox 2161 4377 2542 4449; x_wconf 82' lang='lat' dir='ltr'><strong>singularitate</strong></span> <span class='ocrx_word' id='word_1_653' title='bbox 2583 4378 2844 4433; x_wconf 90' lang='lat' dir='ltr'><strong>unitatem</strong></span> <span class='ocrx_word' id='word_1_654' title='bbox 2896 4380 3184 4439; x_wconf 75' lang='lat' dir='ltr'><strong>exsistere.</strong></span> <span class='ocrx_word' id='word_1_655' title='bbox 3226 4378 3308 4433; x_wconf 81' lang='lat' dir='ltr'><strong>Ab</strong></span> <span class='ocrx_word' id='word_1_656' title='bbox 3352 4377 3418 4435; x_wconf 89' lang='lat' dir='ltr'><strong>iis</strong></span> <span class='ocrx_word' id='word_1_657' title='bbox 3460 4393 3585 4449; x_wconf 87' lang='lat' dir='ltr'><strong>pro-</strong></span> 
     </span>
    </p>
   </div>
   <div class='ocr_carea' id='block_1_89' title="bbox 302 4470 1881 4555">
    <p class='ocr_par' dir='ltr' id='par_1_89' title="bbox 302 4472 1881 4546">
     <span class='ocr_line' id='line_1_89' title="bbox 302 4472 1881 4546; baseline 0.004 -20"><span class='ocrx_word' id='word_1_658' title='bbox 302 4472 649 4546; x_wconf 83' lang='grc' dir='ltr'>προείρηται,</span> <span class='ocrx_word' id='word_1_659' title='bbox 684 4477 854 4546; x_wconf 83' lang='grc' dir='ltr'>μονάς</span> <span class='ocrx_word' id='word_1_660' title='bbox 884 4495 943 4531; x_wconf 90' lang='grc' dir='ltr'><strong>τε</strong></span> <span class='ocrx_word' id='word_1_661' title='bbox 981 4478 1074 4532; x_wconf 72' lang='grc' dir='ltr'>καὶ</span> <span class='ocrx_word' id='word_1_662' title='bbox 1106 4478 1171 4531; x_wconf 85' lang='grc' dir='ltr'>τὸ</span> <span class='ocrx_word' id='word_1_663' title='bbox 1210 4478 1268 4532; x_wconf 83' lang='grc' dir='ltr'>ἓν</span> <span class='ocrx_word' id='word_1_664' title='bbox 1308 4478 1410 4531; x_wconf 59' lang='grc' dir='ltr'><strong>ἐττειΔ</strong></span> <span class='ocrx_word' id='word_1_665' title='bbox 1434 4479 1527 4531; x_wconf 87' lang='grc' dir='ltr'>δύο</span> <span class='ocrx_word' id='word_1_666' title='bbox 1570 4474 1725 4532; x_wconf 75' lang='grc' dir='ltr'>οὖσαι</span> <span class='ocrx_word' id='word_1_667' title='bbox 1763 4480 1881 4532; x_wconf 77' lang='grc' dir='ltr'><strong>τέσ·</strong></span> 
     </span>
    </p>
   </div>
   <div class='ocr_carea' id='block_1_90' title="bbox 1992 4470 3585 4555">
    <p class='ocr_par' dir='ltr' id='par_1_90' title="bbox 1999 4470 3585 4542">
     <span class='ocr_line' id='line_1_90' title="bbox 1999 4470 3585 4542; baseline -0.001 -18"><span class='ocrx_word' id='word_1_668' title='bbox 1999 4480 2191 4541; x_wconf 83' lang='lat' dir='ltr'><strong>pagata</strong></span> <span class='ocrx_word' id='word_1_669' title='bbox 2237 4470 2367 4536; x_wconf 87' lang='lat' dir='ltr'><strong>duo,</strong></span> <span class='ocrx_word' id='word_1_670' title='bbox 2422 4471 2710 4526; x_wconf 84' lang='lat' dir='ltr'><strong>monadem</strong></span> <span class='ocrx_word' id='word_1_671' title='bbox 2757 4481 2918 4542; x_wconf 90' lang='lat' dir='ltr'><strong>atque</strong></span> <span class='ocrx_word' id='word_1_672' title='bbox 2973 4487 3140 4525; x_wconf 89' lang='lat' dir='ltr'><strong>unum</strong></span> <span class='ocrx_word' id='word_1_673' title='bbox 3191 4478 3429 4542; x_wconf 88' lang='lat' dir='ltr'><strong>quatuor</strong></span> <span class='ocrx_word' id='word_1_674' title='bbox 3483 4471 3585 4525; x_wconf 87' lang='lat' dir='ltr'><strong>im-</strong></span> 
     </span>
    </p>
   </div>
   <div class='ocr_carea' id='block_1_91' title="bbox 302 4565 1891 4640">
    <p class='ocr_par' dir='ltr' id='par_1_91' title="bbox 302 4565 1891 4640">
     <span class='ocr_line' id='line_1_91' title="bbox 302 4565 1891 4640; baseline 0.004 -24"><span class='ocrx_word' id='word_1_675' title='bbox 302 4580 449 4636; x_wconf 87' lang='grc' dir='ltr'>σαρα</span> <span class='ocrx_word' id='word_1_676' title='bbox 477 4565 745 4632; x_wconf 82' lang='grc' dir='ltr'>ἐγένοντο.</span> <span class='ocrx_word' id='word_1_677' title='bbox 783 4568 875 4632; x_wconf 76' lang='grc' dir='ltr'>Δὶς</span> <span class='ocrx_word' id='word_1_678' title='bbox 904 4568 1014 4640; x_wconf 77' lang='grc' dir='ltr'>γὰρ</span> <span class='ocrx_word' id='word_1_679' title='bbox 1047 4567 1140 4622; x_wconf 85' lang='grc' dir='ltr'>δύο</span> <span class='ocrx_word' id='word_1_680' title='bbox 1170 4569 1452 4640; x_wconf 80' lang='grc' dir='ltr'>τέσσαρες.</span> <span class='ocrx_word' id='word_1_681' title='bbox 1496 4570 1605 4623; x_wconf 74' lang='grc' dir='ltr'>Καὶ</span> <span class='ocrx_word' id='word_1_682' title='bbox 1639 4569 1801 4623; x_wconf 82' lang='grc' dir='ltr'>πάλιν</span> <span class='ocrx_word' id='word_1_683' title='bbox 1834 4572 1891 4624; x_wconf 89' lang='grc' dir='ltr'>αἱ</span> 
     </span>
    </p>
   </div>
   <div class='ocr_carea' id='block_1_92' title="bbox 301 4654 1894 4730">
    <p class='ocr_par' dir='ltr' id='par_1_92' title="bbox 301 4654 1894 4730">
     <span class='ocr_line' id='line_1_92' title="bbox 301 4654 1894 4730; baseline 0.005 -22"><span class='ocrx_word' id='word_1_684' title='bbox 301 4654 397 4709; x_wconf 82' lang='grc' dir='ltr'><strong>δύο</strong></span> <span class='ocrx_word' id='word_1_685' title='bbox 432 4655 523 4708; x_wconf 70' lang='grc' dir='ltr'>καὶ</span> <span class='ocrx_word' id='word_1_686' title='bbox 553 4656 819 4730; x_wconf 81' lang='grc' dir='ltr'>τέσσαρες</span> <span class='ocrx_word' id='word_1_687' title='bbox 859 4661 939 4724; x_wconf 88' lang='grc' dir='ltr'><strong>εἰς</strong></span> <span class='ocrx_word' id='word_1_688' title='bbox 963 4660 1025 4714; x_wconf 80' lang='grc' dir='ltr'><strong>τὸ</strong></span> <span class='ocrx_word' id='word_1_689' title='bbox 1051 4661 1183 4715; x_wconf 75' lang='grc' dir='ltr'>αὐτὸ</span> <span class='ocrx_word' id='word_1_690' title='bbox 1219 4661 1554 4715; x_wconf 80' lang='grc' dir='ltr'>συντεθεῖσαι</span> <span class='ocrx_word' id='word_1_691' title='bbox 1590 4661 1679 4716; x_wconf 82' lang='grc' dir='ltr'><strong>τὸν</strong></span> <span class='ocrx_word' id='word_1_692' title='bbox 1702 4662 1810 4716; x_wconf 79' lang='grc' dir='ltr'>τῶν</span> <span class='ocrx_word' id='word_1_693' title='bbox 1834 4662 1894 4730; x_wconf 80' lang='grc' dir='ltr'><strong>ἒξ</strong></span> 
     </span>
    </p>
   </div>
   <div class='ocr_carea' id='block_1_93' title="bbox 304 4746 1897 4828">
    <p class='ocr_par' dir='ltr' id='par_1_93' title="bbox 304 4746 1897 4828">
     <span class='ocr_line' id='line_1_93' title="bbox 304 4746 1897 4828; baseline 0.005 -28"><span class='ocrx_word' id='word_1_694' title='bbox 304 4748 658 4820; x_wconf 72' lang='grc' dir='ltr'>ὲφανέρωσαν</span> <span class='ocrx_word' id='word_1_695' title='bbox 701 4750 954 4823; x_wconf 82' lang='grc' dir='ltr'>ἀριθμόν.</span> <span class='ocrx_word' id='word_1_696' title='bbox 1003 4746 1161 4807; x_wconf 73' lang='grc' dir='ltr'>Οὗτοι</span> <span class='ocrx_word' id='word_1_697' title='bbox 1208 4753 1264 4807; x_wconf 80' lang='grc' dir='ltr'><strong>δὲ</strong></span> <span class='ocrx_word' id='word_1_698' title='bbox 1312 4755 1361 4807; x_wconf 92' lang='grc' dir='ltr'><strong>οἰ</strong></span> <span class='ocrx_word' id='word_1_699' title='bbox 1414 4751 1474 4819; x_wconf 83' lang='grc' dir='ltr'><strong>ἒξ</strong></span> <span class='ocrx_word' id='word_1_700' title='bbox 1494 4753 1897 4828; x_wconf 87' lang='grc' dir='ltr'>τετραπλασια-</span> 
     </span>
    </p>
   </div>
   <div class='ocr_carea' id='block_1_94' title="bbox 306 4838 1890 4917">
    <p class='ocr_par' dir='ltr' id='par_1_94' title="bbox 306 4838 1890 4917">
     <span class='ocr_line' id='line_1_94' title="bbox 306 4838 1890 4917; baseline 0.006 -27"><span class='ocrx_word' id='word_1_701' title='bbox 306 4838 526 4901; x_wconf 68' lang='grc' dir='ltr'>σῗέντες</span> <span class='ocrx_word' id='word_1_702' title='bbox 553 4840 652 4906; x_wconf 84' lang='grc' dir='ltr'>τὰς</span> <span class='ocrx_word' id='word_1_703' title='bbox 684 4844 857 4898; x_wconf 70' lang='grc' dir='ltr'>εἴκοσι</span> <span class='ocrx_word' id='word_1_704' title='bbox 876 4844 1147 4917; x_wconf 84' lang='grc' dir='ltr'>τέσσαρας</span> <span class='ocrx_word' id='word_1_705' title='bbox 1168 4845 1487 4917; x_wconf 83' lang='grc' dir='ltr'>ἀπεκύησαν</span> <span class='ocrx_word' id='word_1_706' title='bbox 1520 4847 1752 4917; x_wconf 80' lang='grc' dir='ltr'>μορφάς.</span> <span class='ocrx_word' id='word_1_707' title='bbox 1779 4846 1890 4900; x_wconf 73' lang='grc' dir='ltr'>Καὶ</span> 
     </span>
    </p>
   </div>
   <div class='ocr_carea' id='block_1_95' title="bbox 301 4929 1893 5010">
    <p class='ocr_par' dir='ltr' id='par_1_95' title="bbox 301 4929 1893 5010">
     <span class='ocr_line' id='line_1_95' title="bbox 301 4929 1893 5010; baseline 0.007 -30"><span class='ocrx_word' id='word_1_708' title='bbox 301 4929 372 4981; x_wconf 73' lang='grc' dir='ltr'>τὰ</span> <span class='ocrx_word' id='word_1_709' title='bbox 407 4929 509 5001; x_wconf 83' lang='grc' dir='ltr'><strong>μὲν</strong></span> <span class='ocrx_word' id='word_1_710' title='bbox 537 4931 639 5002; x_wconf 83' lang='grc' dir='ltr'>τῆς</span> <span class='ocrx_word' id='word_1_711' title='bbox 691 4933 927 5006; x_wconf 70' lang='grc' dir='ltr'><strong>πρώτης⁸</strong></span> <span class='ocrx_word' id='word_1_712' title='bbox 955 4936 1223 5007; x_wconf 84' lang='grc' dir='ltr'>Τετράδος</span> <span class='ocrx_word' id='word_1_713' title='bbox 1265 4938 1506 5010; x_wconf 85' lang='grc' dir='ltr'>ὀνόματα</span> <span class='ocrx_word' id='word_1_714' title='bbox 1541 4940 1672 5009; x_wconf 77' lang='grc' dir='ltr'>ἅγια</span> <span class='ocrx_word' id='word_1_715' title='bbox 1720 4939 1893 5010; x_wconf 85' lang='grc' dir='ltr'>ἁγίων</span> 
     </span>
    </p>
   </div>
   <div class='ocr_carea' id='block_1_96' title="bbox 303 5021 1895 5101">
    <p class='ocr_par' dir='ltr' id='par_1_96' title="bbox 303 5021 1895 5101">
     <span class='ocr_line' id='line_1_96' title="bbox 303 5021 1895 5101; baseline 0.007 -30"><span class='ocrx_word' id='word_1_716' title='bbox 303 5021 591 5091; x_wconf 83' lang='grc' dir='ltr'>νοούμενα,</span> <span class='ocrx_word' id='word_1_717' title='bbox 620 5023 716 5096; x_wconf 71' lang='grc' dir='ltr'><strong>καί</strong></span> <span class='ocrx_word' id='word_1_718' title='bbox 766 5024 841 5097; x_wconf 82' lang='grc' dir='ltr'><strong>μὴ</strong></span> <span class='ocrx_word' id='word_1_719' title='bbox 890 5025 1163 5098; x_wconf 88' lang='grc' dir='ltr'>δυνάμενα</span> <span class='ocrx_word' id='word_1_720' title='bbox 1209 5027 1487 5101; x_wconf 85' lang='grc' dir='ltr'>λεχθῆναι,</span> <span class='ocrx_word' id='word_1_721' title='bbox 1528 5028 1895 5099; x_wconf 85' lang='grc' dir='ltr'>γινώσκεσθαι</span> 
     </span>
    </p>
   </div>
   <div class='ocr_carea' id='block_1_97' title="bbox 304 5111 1898 5192">
    <p class='ocr_par' dir='ltr' id='par_1_97' title="bbox 304 5111 1898 5192">
     <span class='ocr_line' id='line_1_97' title="bbox 304 5111 1898 5192; baseline 0.008 -29"><span class='ocrx_word' id='word_1_722' title='bbox 304 5111 414 5164; x_wconf 78' lang='grc' dir='ltr'><strong>ὑπὸ</strong></span> <span class='ocrx_word' id='word_1_723' title='bbox 448 5112 612 5183; x_wconf 84' lang='grc' dir='ltr'>μόνου</span> <span class='ocrx_word' id='word_1_724' title='bbox 661 5114 758 5168; x_wconf 77' lang='grc' dir='ltr'>τοῦ</span> <span class='ocrx_word' id='word_1_725' title='bbox 792 5115 957 5170; x_wconf 78' lang='grc' dir='ltr'><strong>Υἰοῦ’</strong></span> <span class='ocrx_word' id='word_1_726' title='bbox 989 5116 1027 5172; x_wconf 73' lang='grc' dir='ltr'>ἃ</span> <span class='ocrx_word' id='word_1_727' title='bbox 1058 5120 1086 5171; x_wconf 85' lang='grc' dir='ltr'><strong>ὁ</strong></span> <span class='ocrx_word' id='word_1_728' title='bbox 1118 5120 1306 5192; x_wconf 85' lang='grc' dir='ltr'>Πατὴρ</span> <span class='ocrx_word' id='word_1_729' title='bbox 1342 5118 1451 5185; x_wconf 72' lang='grc' dir='ltr'>οἶδε</span> <span class='ocrx_word' id='word_1_730' title='bbox 1483 5122 1606 5177; x_wconf 88' lang='grc' dir='ltr'>τίνα</span> <span class='ocrx_word' id='word_1_731' title='bbox 1650 5122 1798 5176; x_wconf 81' lang='grc' dir='ltr'>ἐστί’</span> <span class='ocrx_word' id='word_1_732' title='bbox 1830 5121 1898 5176; x_wconf 78' lang='grc' dir='ltr'>τὰ</span> 
     </span>
    </p>
   </div>
   <div class='ocr_carea' id='block_1_98' title="bbox 305 5203 1899 5287">
    <p class='ocr_par' dir='ltr' id='par_1_98' title="bbox 305 5203 1899 5287">
     <span class='ocr_line' id='line_1_98' title="bbox 305 5203 1899 5287; baseline 0.008 -32"><span class='ocrx_word' id='word_1_733' title='bbox 305 5203 363 5256; x_wconf 80' lang='grc' dir='ltr'><strong>δὲ</strong></span> <span class='ocrx_word' id='word_1_734' title='bbox 400 5205 577 5276; x_wconf 80' lang='grc' dir='ltr'>σεμνά</span> <span class='ocrx_word' id='word_1_735' title='bbox 608 5207 703 5261; x_wconf 80' lang='grc' dir='ltr'><strong>καί</strong></span> <span class='ocrx_word' id='word_1_736' title='bbox 735 5208 873 5278; x_wconf 78' lang='grc' dir='ltr'>μετὰ</span> <span class='ocrx_word' id='word_1_737' title='bbox 911 5210 1148 5276; x_wconf 88' lang='grc' dir='ltr'>πίστεως</span> <span class='ocrx_word' id='word_1_738' title='bbox 1190 5213 1565 5285; x_wconf 76' lang='grc' dir='ltr'>ὀνομαζόμενα</span> <span class='ocrx_word' id='word_1_739' title='bbox 1593 5216 1721 5287; x_wconf 90' lang='grc' dir='ltr'>παρ’</span> <span class='ocrx_word' id='word_1_740' title='bbox 1748 5213 1899 5285; x_wconf 77' lang='grc' dir='ltr'>αὐτῷ</span> 
     </span>
    </p>
   </div>
   <div class='ocr_carea' id='block_1_99' title="bbox 306 5296 1900 5376">
    <p class='ocr_par' dir='ltr' id='par_1_99' title="bbox 306 5296 1900 5376">
     <span class='ocr_line' id='line_1_99' title="bbox 306 5296 1900 5376; baseline 0.007 -29"><span class='ocrx_word' id='word_1_741' title='bbox 306 5296 427 5349; x_wconf 74' lang='grc' dir='ltr'>ἐστι</span> <span class='ocrx_word' id='word_1_742' title='bbox 453 5296 630 5352; x_wconf 80' lang='grc' dir='ltr'>ταῦτα</span> <span class='ocrx_word' id='word_1_743' title='bbox 649 5316 663 5331; x_wconf 71' lang='grc' dir='ltr'><strong>ο</strong></span> <span class='ocrx_word' id='word_1_744' title='bbox 693 5301 965 5374; x_wconf 77' lang='grc' dir='ltr'>’Δρρητος</span> <span class='ocrx_word' id='word_1_745' title='bbox 999 5303 1092 5357; x_wconf 77' lang='grc' dir='ltr'>καὶ</span> <span class='ocrx_word' id='word_1_746' title='bbox 1120 5303 1275 5376; x_wconf 80' lang='grc' dir='ltr'>Σιγὴ,</span> <span class='ocrx_word' id='word_1_747' title='bbox 1311 5305 1501 5376; x_wconf 78' lang='grc' dir='ltr'>Πατήρ</span> <span class='ocrx_word' id='word_1_748' title='bbox 1528 5322 1590 5359; x_wconf 87' lang='grc' dir='ltr'><strong>τε</strong></span> <span class='ocrx_word' id='word_1_749' title='bbox 1613 5306 1705 5359; x_wconf 78' lang='grc' dir='ltr'>καὶ</span> <span class='ocrx_word' id='word_1_750' title='bbox 1739 5304 1900 5376; x_wconf 78' lang='grc' dir='ltr'><strong>Ἀλή-</strong></span> 
     </span>
    </p>
   </div>
   <div class='ocr_carea' id='block_1_100' title="bbox 385 5451 940 5528">
    <p class='ocr_par' dir='ltr' id='par_1_100' title="bbox 385 5451 940 5528">
     <span class='ocr_line' id='line_1_100' title="bbox 385 5451 940 5528; baseline 0.009 -22"><span class='ocrx_word' id='word_1_751' title='bbox 385 5453 399 5483; x_wconf 82' lang='grc'><strong>¹</strong></span> <span class='ocrx_word' id='word_1_752' title='bbox 438 5451 577 5509; x_wconf 89' lang='lat' dir='ltr'><strong>lren.</strong></span> <span class='ocrx_word' id='word_1_753' title='bbox 612 5455 721 5528; x_wconf 76' lang='grc' dir='ltr'><strong>ἀπὸ</strong></span> <span class='ocrx_word' id='word_1_754' title='bbox 753 5456 940 5528; x_wconf 83' lang='grc' dir='ltr'>μέσου.</span> 
     </span>
    </p>
   </div>
   <div class='ocr_carea' id='block_1_101' title="bbox 307 5522 1839 5651">
    <p class='ocr_par' dir='ltr' id='par_1_101' title="bbox 307 5522 1839 5651">
     <span class='ocr_line' id='line_1_101' title="bbox 307 5522 1839 5651; baseline 0.006 -75"><span class='ocrx_word' id='word_1_755' title='bbox 307 5522 378 5648; x_wconf 59' lang='lat'><strong>29&#39;</strong></span> <span class='ocrx_word' id='word_1_756' title='bbox 406 5522 817 5651; x_wconf 52' lang='grc' dir='ltr'>προσωμξέησε,</span> <span class='ocrx_word' id='word_1_757' title='bbox 875 5539 928 5583; x_wconf 88' lang='lat' dir='ltr'><strong>et</strong></span> <span class='ocrx_word' id='word_1_758' title='bbox 976 5528 1318 5593; x_wconf 81' lang='grc' dir='ltr'>ἀναλύσεως,</span> <span class='ocrx_word' id='word_1_759' title='bbox 1363 5522 1475 5585; x_wconf 80' lang='lat' dir='ltr'><strong>non</strong></span> <span class='ocrx_word' id='word_1_760' title='bbox 1516 5529 1839 5593; x_wconf 82' lang='grc' dir='ltr'>ἐπιλύσεως.</span> 
     </span>
     <span class='ocr_line' id='line_1_102' title="bbox 389 5610 721 5650; baseline 0.012 -4"><span class='ocrx_word' id='word_1_761' title='bbox 389 5610 505 5649; x_wconf 89' lang='lat' dir='ltr'><strong>ren.</strong></span> <span class='ocrx_word' id='word_1_762' title='bbox 537 5612 588 5650; x_wconf 87' lang='lat' dir='ltr'><strong>c.</strong></span> <span class='ocrx_word' id='word_1_763' title='bbox 708 5636 721 5650; x_wconf 93' lang='lat'><strong>.</strong></span> 
     </span>
    </p>
   </div>
   <div class='ocr_carea' id='block_1_102' title="bbox 1021 5457 2268 5584">
    <p class='ocr_par' dir='ltr' id='par_1_102' title="bbox 1021 5457 2268 5584">
     <span class='ocr_line' id='line_1_103' title="bbox 1021 5457 2258 5532; baseline 0.002 -21"><span class='ocrx_word' id='word_1_764' title='bbox 1021 5459 1042 5491; x_wconf 83' lang='grc'>²</span> <span class='ocrx_word' id='word_1_765' title='bbox 1075 5458 1217 5514; x_wconf 88' lang='lat' dir='ltr'><strong>Iren.</strong></span> <span class='ocrx_word' id='word_1_766' title='bbox 1252 5459 1363 5512; x_wconf 85' lang='grc' dir='ltr'><strong>τῶν</strong></span> <span class='ocrx_word' id='word_1_767' title='bbox 1395 5457 1645 5532; x_wconf 83' lang='grc' dir='ltr'>οὐρανῶν</span> <span class='ocrx_word' id='word_1_768' title='bbox 1675 5474 1782 5514; x_wconf 92' lang='lat' dir='ltr'><strong>non</strong></span> <span class='ocrx_word' id='word_1_769' title='bbox 1818 5459 2002 5515; x_wconf 86' lang='lat' dir='ltr'><strong>habet.</strong></span> <span class='ocrx_word' id='word_1_770' title='bbox 2083 5459 2102 5491; x_wconf 85' lang='grc'>³</span> <span class='ocrx_word' id='word_1_771' title='bbox 2140 5458 2258 5514; x_wconf 84' lang='lat' dir='ltr'><strong>lren</strong></span> 
     </span>
     <span class='ocr_line' id='line_1_104' title="bbox 1021 5528 2268 5584; baseline 0.002 -3"><span class='ocrx_word' id='word_1_772' title='bbox 1021 5528 1318 5584; x_wconf 78' lang='grc' dir='ltr'>ναλύσεωε.</span> <span class='ocrx_word' id='word_1_773' title='bbox 1363 5545 1473 5584; x_wconf 91' lang='lat' dir='ltr'><strong>non</strong></span> <span class='ocrx_word' id='word_1_774' title='bbox 1516 5529 1839 5584; x_wconf 74' lang='grc' dir='ltr'>ἐπιλύσεως.</span> <span class='ocrx_word' id='word_1_775' title='bbox 1949 5529 1971 5562; x_wconf 84' lang='grc'><strong><em>³</em></strong></span> <span class='ocrx_word' id='word_1_776' title='bbox 2000 5528 2141 5584; x_wconf 81' lang='lat' dir='ltr'><strong>lrcn.</strong></span> <span class='ocrx_word' id='word_1_777' title='bbox 2180 5531 2268 5584; x_wconf 81' lang='grc' dir='ltr'>ὲνό</span> 
     </span>
    </p>
   </div>
   <div class='ocr_carea' id='block_1_103' title="bbox 2026 5545 2426 5600">
    <p class='ocr_par' dir='ltr' id='par_1_103' title="bbox 2026 5545 2426 5600">
     <span class='ocr_line' id='line_1_105' title="bbox 2026 5545 2426 5600; baseline -0.003 -15"><span class='ocrx_word' id='word_1_778' title='bbox 2026 5545 2141 5587; x_wconf 83' lang='lat' dir='ltr'><strong>rcn.</strong></span> <span class='ocrx_word' id='word_1_779' title='bbox 2180 5545 2426 5600; x_wconf 78' lang='grc' dir='ltr'>ενοτητα.</span> 
     </span>
    </p>
   </div>
   <div class='ocr_carea' id='block_1_104' title="bbox 2001 4562 3589 4635">
    <p class='ocr_par' dir='ltr' id='par_1_104' title="bbox 2001 4562 3589 4635">
     <span class='ocr_line' id='line_1_106' title="bbox 2001 4562 3589 4635; baseline -0.002 -15"><span class='ocrx_word' id='word_1_780' title='bbox 2001 4564 2201 4635; x_wconf 81' lang='lat' dir='ltr'><strong>plesse.</strong></span> <span class='ocrx_word' id='word_1_781' title='bbox 2232 4564 2323 4620; x_wconf 83' lang='lat' dir='ltr'><strong>Bis</strong></span> <span class='ocrx_word' id='word_1_782' title='bbox 2355 4564 2501 4619; x_wconf 92' lang='lat' dir='ltr'><strong>enim</strong></span> <span class='ocrx_word' id='word_1_783' title='bbox 2534 4565 2644 4619; x_wconf 89' lang='lat' dir='ltr'><strong>duo</strong></span> <span class='ocrx_word' id='word_1_784' title='bbox 2672 4573 2911 4634; x_wconf 88' lang='lat' dir='ltr'><strong>quatuor</strong></span> <span class='ocrx_word' id='word_1_785' title='bbox 2941 4564 3197 4622; x_wconf 78' lang='lat' dir='ltr'><strong>elliciunt.</strong></span> <span class='ocrx_word' id='word_1_786' title='bbox 3238 4562 3589 4633; x_wconf 78' lang='lat' dir='ltr'><strong>Rursumque</strong></span> 
     </span>
    </p>
   </div>
   <div class='ocr_carea' id='block_1_105' title="bbox 2002 4641 3585 4726">
    <p class='ocr_par' dir='ltr' id='par_1_105' title="bbox 2002 4641 3585 4726">
     <span class='ocr_line' id='line_1_107' title="bbox 2002 4641 3585 4726; baseline 0 -16"><span class='ocrx_word' id='word_1_787' title='bbox 2002 4641 2113 4711; x_wconf 80' lang='lat' dir='ltr'><strong>duo</strong></span> <span class='ocrx_word' id='word_1_788' title='bbox 2136 4657 2431 4726; x_wconf 79' lang='lat' dir='ltr'><strong>conjuncta</strong></span> <span class='ocrx_word' id='word_1_789' title='bbox 2467 4672 2590 4710; x_wconf 90' lang='lat' dir='ltr'><strong>cum</strong></span> <span class='ocrx_word' id='word_1_790' title='bbox 2622 4664 2862 4725; x_wconf 89' lang='lat' dir='ltr'><strong>quatuor</strong></span> <span class='ocrx_word' id='word_1_791' title='bbox 2890 4657 3168 4713; x_wconf 89' lang='lat' dir='ltr'><strong>senarium</strong></span> <span class='ocrx_word' id='word_1_792' title='bbox 3209 4657 3585 4710; x_wconf 82' lang='lat' dir='ltr'><strong>ostenderunt.</strong></span> 
     </span>
    </p>
   </div>
   <div class='ocr_carea' id='block_1_106' title="bbox 2005 4745 3589 4818">
    <p class='ocr_par' dir='ltr' id='par_1_106' title="bbox 2005 4745 3589 4818">
     <span class='ocr_line' id='line_1_108' title="bbox 2005 4745 3589 4818; baseline 0.001 -18"><span class='ocrx_word' id='word_1_793' title='bbox 2005 4747 2103 4802; x_wconf 86' lang='lat' dir='ltr'><strong>ilic</strong></span> <span class='ocrx_word' id='word_1_794' title='bbox 2138 4757 2331 4818; x_wconf 86' lang='lat' dir='ltr'><strong>quater</strong></span> <span class='ocrx_word' id='word_1_795' title='bbox 2378 4749 2431 4801; x_wconf 92' lang='lat' dir='ltr'><strong>in</strong></span> <span class='ocrx_word' id='word_1_796' title='bbox 2473 4762 2593 4803; x_wconf 84' lang='lat' dir='ltr'><strong>sese</strong></span> <span class='ocrx_word' id='word_1_797' title='bbox 2626 4747 2826 4801; x_wconf 83' lang='lat' dir='ltr'><strong>ductus</strong></span> <span class='ocrx_word' id='word_1_798' title='bbox 2872 4761 2999 4798; x_wconf 76' lang='lat' dir='ltr'><strong>xxiv</strong></span> <span class='ocrx_word' id='word_1_799' title='bbox 3037 4745 3240 4801; x_wconf 81' lang='lat' dir='ltr'><strong>formas</strong></span> <span class='ocrx_word' id='word_1_800' title='bbox 3279 4746 3474 4801; x_wconf 81' lang='lat' dir='ltr'><strong>eﬂ&#39;ecit.</strong></span> <span class='ocrx_word' id='word_1_801' title='bbox 3510 4746 3589 4801; x_wconf 85' lang='lat' dir='ltr'><strong>Ac</strong></span> 
     </span>
    </p>
   </div>
   <div class='ocr_carea' id='block_1_107' title="bbox 2005 4836 3590 4910">
    <p class='ocr_par' dir='ltr' id='par_1_107' title="bbox 2005 4836 3590 4910">
     <span class='ocr_line' id='line_1_109' title="bbox 2005 4836 3590 4910; baseline -0.001 -17"><span class='ocrx_word' id='word_1_802' title='bbox 2005 4840 2437 4910; x_wconf 68' lang='lat' dir='ltr'><strong>prinnequidem</strong></span> <span class='ocrx_word' id='word_1_803' title='bbox 2479 4836 2730 4891; x_wconf 76' lang='lat' dir='ltr'><strong>Tetratlis</strong></span> <span class='ocrx_word' id='word_1_804' title='bbox 2775 4837 2996 4890; x_wconf 73' lang='lat' dir='ltr'><strong>numina</strong></span> <span class='ocrx_word' id='word_1_805' title='bbox 3035 4837 3382 4893; x_wconf 87' lang='lat' dir='ltr'><strong>sanctissima</strong></span> <span class='ocrx_word' id='word_1_806' title='bbox 3411 4878 3426 4903; x_wconf 91' lang='lat'><strong>,</strong></span> <span class='ocrx_word' id='word_1_807' title='bbox 3468 4853 3590 4909; x_wconf 73' lang='lat' dir='ltr'><strong>qua:</strong></span> 
     </span>
    </p>
   </div>
   <div class='ocr_carea' id='block_1_108' title="bbox 2004 4930 3588 5004">
    <p class='ocr_par' dir='ltr' id='par_1_108' title="bbox 2004 4930 3588 5004">
     <span class='ocr_line' id='line_1_110' title="bbox 2004 4930 3588 5004; baseline -0.001 -17"><span class='ocrx_word' id='word_1_808' title='bbox 2004 4932 2360 5004; x_wconf 80' lang='lat' dir='ltr'><strong>intelligentia</strong></span> <span class='ocrx_word' id='word_1_809' title='bbox 2402 4932 2516 4987; x_wconf 88' lang='lat' dir='ltr'><strong>sola</strong></span> <span class='ocrx_word' id='word_1_810' title='bbox 2554 4930 2760 5002; x_wconf 77' lang='lat' dir='ltr'><strong>percipi</strong></span> <span class='ocrx_word' id='word_1_811' title='bbox 2802 4938 3063 5000; x_wconf 90' lang='lat' dir='ltr'><strong>possunt,</strong></span> <span class='ocrx_word' id='word_1_812' title='bbox 3109 4930 3289 4986; x_wconf 75' lang='lat' dir='ltr'><strong>verbis</strong></span> <span class='ocrx_word' id='word_1_813' title='bbox 3328 4930 3588 5001; x_wconf 80' lang='lat' dir='ltr'><strong>explicari</strong></span> 
     </span>
    </p>
   </div>
   <div class='ocr_carea' id='block_1_109' title="bbox 2008 5022 3589 5098">
    <p class='ocr_par' dir='ltr' id='par_1_109' title="bbox 2008 5022 3589 5098">
     <span class='ocr_line' id='line_1_111' title="bbox 2008 5022 3589 5098; baseline -0.001 -16"><span class='ocrx_word' id='word_1_814' title='bbox 2008 5043 2119 5082; x_wconf 90' lang='lat' dir='ltr'><strong>non</strong></span> <span class='ocrx_word' id='word_1_815' title='bbox 2156 5033 2418 5098; x_wconf 87' lang='lat' dir='ltr'><strong>possunt;</strong></span> <span class='ocrx_word' id='word_1_816' title='bbox 2456 5025 2558 5080; x_wconf 91' lang='lat' dir='ltr'><strong>soli</strong></span> <span class='ocrx_word' id='word_1_817' title='bbox 2593 5033 2748 5093; x_wconf 87' lang='lat' dir='ltr'><strong>putat</strong></span> <span class='ocrx_word' id='word_1_818' title='bbox 2783 5022 2919 5078; x_wconf 90' lang='lat' dir='ltr'><strong>Filio</strong></span> <span class='ocrx_word' id='word_1_819' title='bbox 2963 5023 3212 5093; x_wconf 86' lang='lat' dir='ltr'><strong>cognita,</strong></span> <span class='ocrx_word' id='word_1_820' title='bbox 3249 5039 3371 5094; x_wconf 65' lang='lat' dir='ltr'><strong>quae</strong></span> <span class='ocrx_word' id='word_1_821' title='bbox 3400 5024 3589 5094; x_wconf 85' lang='lat' dir='ltr'><strong>cujus-</strong></span> 
     </span>
    </p>
   </div>
   <div class='ocr_carea' id='block_1_110' title="bbox 2008 5115 3592 5187">
    <p class='ocr_par' dir='ltr' id='par_1_110' title="bbox 2008 5115 3592 5187">
     <span class='ocr_line' id='line_1_112' title="bbox 2008 5115 3592 5187; baseline -0.001 -15"><span class='ocrx_word' id='word_1_822' title='bbox 2008 5117 2157 5173; x_wconf 88' lang='lat' dir='ltr'><strong>modi</strong></span> <span class='ocrx_word' id='word_1_823' title='bbox 2206 5117 2318 5173; x_wconf 89' lang='lat' dir='ltr'><strong>sint</strong></span> <span class='ocrx_word' id='word_1_824' title='bbox 2362 5115 2525 5171; x_wconf 85' lang='lat' dir='ltr'><strong>Pater</strong></span> <span class='ocrx_word' id='word_1_825' title='bbox 2563 5115 2835 5186; x_wconf 76' lang='lat' dir='ltr'><strong>intelligit.</strong></span> <span class='ocrx_word' id='word_1_826' title='bbox 2877 5115 3009 5181; x_wconf 68' lang='lat' dir='ltr'><strong>Qua:</strong></span> <span class='ocrx_word' id='word_1_827' title='bbox 3056 5129 3185 5170; x_wconf 88' lang='lat' dir='ltr'><strong>vero</strong></span> <span class='ocrx_word' id='word_1_828' title='bbox 3230 5116 3311 5173; x_wconf 88' lang='lat' dir='ltr'><strong>sic</strong></span> <span class='ocrx_word' id='word_1_829' title='bbox 3361 5126 3592 5187; x_wconf 77' lang='lat' dir='ltr'><strong>augusta</strong></span> 
     </span>
    </p>
   </div>
   <div class='ocr_carea' id='block_1_111' title="bbox 2011 5198 3596 5278">
    <p class='ocr_par' dir='ltr' id='par_1_111' title="bbox 2011 5198 3596 5278">
     <span class='ocr_line' id='line_1_113' title="bbox 2011 5198 3596 5278; baseline -0.001 -14"><span class='ocrx_word' id='word_1_830' title='bbox 2011 5218 2161 5277; x_wconf 91' lang='lat' dir='ltr'><strong>sunt,</strong></span> <span class='ocrx_word' id='word_1_831' title='bbox 2188 5217 2247 5263; x_wconf 92' lang='lat' dir='ltr'><strong>ut</strong></span> <span class='ocrx_word' id='word_1_832' title='bbox 2270 5224 2392 5263; x_wconf 86' lang='lat' dir='ltr'><strong>cum</strong></span> <span class='ocrx_word' id='word_1_833' title='bbox 2422 5208 2522 5263; x_wconf 81' lang='lat' dir='ltr'><strong>[ide</strong></span> <span class='ocrx_word' id='word_1_834' title='bbox 2550 5198 2894 5278; x_wconf 77' lang='lat' dir='ltr'><strong>pronuntiari</strong></span> <span class='ocrx_word' id='word_1_835' title='bbox 2944 5207 3193 5277; x_wconf 87' lang='lat' dir='ltr'><strong>possint,</strong></span> <span class='ocrx_word' id='word_1_836' title='bbox 3226 5208 3373 5262; x_wconf 91' lang='lat' dir='ltr'><strong>hunc</strong></span> <span class='ocrx_word' id='word_1_837' title='bbox 3397 5209 3449 5262; x_wconf 89' lang='lat' dir='ltr'><strong>in</strong></span> <span class='ocrx_word' id='word_1_838' title='bbox 3479 5223 3596 5262; x_wconf 58' lang='lat' dir='ltr'><strong>mou</strong></span> 
     </span>
    </p>
   </div>
   <div class='ocr_carea' id='block_1_112' title="bbox 2009 5298 3591 5373">
    <p class='ocr_par' dir='ltr' id='par_1_112' title="bbox 2009 5298 3591 5373">
     <span class='ocr_line' id='line_1_114' title="bbox 2009 5298 3591 5373; baseline -0.003 -15"><span class='ocrx_word' id='word_1_839' title='bbox 2009 5304 2139 5358; x_wconf 87' lang='lat' dir='ltr'><strong>dum</strong></span> <span class='ocrx_word' id='word_1_840' title='bbox 2180 5311 2446 5358; x_wconf 83' lang='lat' dir='ltr'><strong>recenset.</strong></span> <span class='ocrx_word' id='word_1_841' title='bbox 2486 5302 2773 5364; x_wconf 83' lang='lat' dir='ltr'><strong>Arrhetus,</strong></span> <span class='ocrx_word' id='word_1_842' title='bbox 2802 5309 2856 5357; x_wconf 91' lang='lat' dir='ltr'><strong>et</strong></span> <span class='ocrx_word' id='word_1_843' title='bbox 2903 5298 3086 5373; x_wconf 79' lang='lat' dir='ltr'><strong>Seige,</strong></span> <span class='ocrx_word' id='word_1_844' title='bbox 3106 5300 3266 5357; x_wconf 83' lang='lat' dir='ltr'><strong>Pater</strong></span> <span class='ocrx_word' id='word_1_845' title='bbox 3286 5312 3340 5356; x_wconf 91' lang='lat' dir='ltr'><strong>et</strong></span> <span class='ocrx_word' id='word_1_846' title='bbox 3359 5299 3591 5358; x_wconf 83' lang='lat' dir='ltr'><strong>Veritas.</strong></span> 
     </span>
    </p>
   </div>
   <div class='ocr_carea' id='block_1_113' title="bbox 2083 5456 3596 5529">
    <p class='ocr_par' dir='ltr' id='par_1_113' title="bbox 2083 5456 3596 5529">
     <span class='ocr_line' id='line_1_115' title="bbox 2083 5456 3596 5529; baseline -0.001 -16"><span class='ocrx_word' id='word_1_847' title='bbox 2083 5459 2102 5491; x_wconf 85' lang='grc'>³</span> <span class='ocrx_word' id='word_1_848' title='bbox 2140 5458 2282 5515; x_wconf 86' lang='lat' dir='ltr'><strong>lren.</strong></span> <span class='ocrx_word' id='word_1_849' title='bbox 2318 5456 2697 5529; x_wconf 59' lang='lat' dir='ltr'><strong>éxés&#39;couopv.</strong></span> <span class='ocrx_word' id='word_1_850' title='bbox 2755 5456 3044 5529; x_wconf 58' lang='lat' dir='ltr'><strong>‘lren.ﬁv</strong></span> <span class='ocrx_word' id='word_1_851' title='bbox 3102 5456 3596 5529; x_wconf 18' lang='lat' dir='ltr'><strong>iupocopnlﬁcaaa,</strong></span> 
     </span>
    </p>
   </div>
   <div class='ocr_carea' id='block_1_114' title="bbox 2526 5473 3595 5595">
    <p class='ocr_par' dir='ltr' id='par_1_114' title="bbox 2526 5473 3595 5595">
     <span class='ocr_line' id='line_1_116' title="bbox 2526 5473 3595 5582; baseline 0.001 -72"><span class='ocrx_word' id='word_1_852' title='bbox 2526 5475 2673 5511; x_wconf 84' lang='grc' dir='ltr'>υσυν.</span> <span class='ocrx_word' id='word_1_853' title='bbox 2755 5473 2940 5513; x_wconf 69' lang='grc' dir='ltr'>*ιι-οη.</span> <span class='ocrx_word' id='word_1_854' title='bbox 2978 5473 3044 5528; x_wconf 86' lang='grc' dir='ltr'><strong>ην</strong></span> <span class='ocrx_word' id='word_1_855' title='bbox 3109 5473 3595 5582; x_wconf 73' lang='grc' dir='ltr'>προσομηλησασα,</span> 
     </span>
     <span class='ocr_line' id='line_1_117' title="bbox 2526 5527 3595 5595; baseline 0.003 -14"><span class='ocrx_word' id='word_1_856' title='bbox 2526 5530 2547 5560; x_wconf 78' lang='grc'><strong>⁸</strong></span> <span class='ocrx_word' id='word_1_857' title='bbox 2578 5527 2724 5584; x_wconf 86' lang='lat' dir='ltr'><strong>Psal.</strong></span> <span class='ocrx_word' id='word_1_858' title='bbox 2782 5543 2901 5595; x_wconf 81' lang='lat' dir='ltr'><strong>vtn,</strong></span> <span class='ocrx_word' id='word_1_859' title='bbox 2932 5528 2986 5584; x_wconf 76' lang='lat'><strong>3.</strong></span> <span class='ocrx_word' id='word_1_860' title='bbox 3097 5528 3117 5561; x_wconf 81' lang='lat'><strong>&quot;</strong></span> <span class='ocrx_word' id='word_1_861' title='bbox 3168 5529 3289 5583; x_wconf 75' lang='lat' dir='ltr'><strong>’sal.</strong></span> <span class='ocrx_word' id='word_1_862' title='bbox 3332 5544 3489 5594; x_wconf 75' lang='lat' dir='ltr'><strong>xmr,</strong></span> <span class='ocrx_word' id='word_1_863' title='bbox 3541 5527 3595 5584; x_wconf 72' lang='lat'><strong>2.</strong></span> 
     </span>
    </p>
   </div>
   <div class='ocr_carea' id='block_1_115' title="bbox 391 5694 1881 5788">
    <p class='ocr_par' dir='ltr' id='par_1_115' title="bbox 391 5707 1881 5788">
     <span class='ocr_line' id='line_1_118' title="bbox 391 5707 1881 5788; baseline 0.002 -22"><span class='ocrx_word' id='word_1_864' title='bbox 391 5713 647 5788; x_wconf 56' lang='grc' dir='ltr'>(ιὶολεις</span> <span class='ocrx_word' id='word_1_865' title='bbox 698 5711 951 5781; x_wconf 76' lang='grc' dir='ltr'>σημεῖον</span> <span class='ocrx_word' id='word_1_866' title='bbox 993 5707 1297 5777; x_wconf 79' lang='grc' dir='ltr'>αἰνέσεως.</span> <span class='ocrx_word' id='word_1_867' title='bbox 1352 5708 1611 5783; x_wconf 70' lang='lat' dir='ltr'><strong>Legeram</strong></span> <span class='ocrx_word' id='word_1_868' title='bbox 1664 5710 1881 5777; x_wconf 57' lang='grc' dir='ltr'>ἀνέσεωί</span> 
     </span>
    </p>
   </div>
   <div class='ocr_carea' id='block_1_116' title="bbox 1992 5694 3596 5788">
    <p class='ocr_par' dir='ltr' id='par_1_116' title="bbox 1992 5694 3596 5788">
     <span class='ocr_line' id='line_1_119' title="bbox 1992 5694 3596 5788; baseline 0.001 -21"><span class='ocrx_word' id='word_1_869' title='bbox 1992 5730 2038 5773; x_wconf 65' lang='lat' dir='ltr'><strong>ro</strong></span> <span class='ocrx_word' id='word_1_870' title='bbox 2069 5694 2348 5785; x_wconf 79' lang='grc' dir='ltr'>αἰνέσεως,</span> <span class='ocrx_word' id='word_1_871' title='bbox 2396 5716 2491 5774; x_wconf 84' lang='lat' dir='ltr'><strong>sed</strong></span> <span class='ocrx_word' id='word_1_872' title='bbox 2526 5715 2849 5783; x_wconf 72' lang='lat' dir='ltr'><strong>laudationis</strong></span> <span class='ocrx_word' id='word_1_873' title='bbox 2915 5731 3016 5788; x_wconf 89' lang='lat' dir='ltr'><strong>pro</strong></span> <span class='ocrx_word' id='word_1_874' title='bbox 3044 5715 3394 5774; x_wconf 67' lang='lat' dir='ltr'><strong>ralaxatianis</strong></span> <span class='ocrx_word' id='word_1_875' title='bbox 3451 5714 3596 5773; x_wconf 85' lang='lat' dir='ltr'><strong>man</strong></span> 
     </span>
    </p>
   </div>
   <div class='ocr_carea' id='block_1_117' title="bbox 319 5783 950 5853">
    <p class='ocr_par' dir='ltr' id='par_1_117' title="bbox 319 5783 950 5853">
     <span class='ocr_line' id='line_1_120' title="bbox 319 5783 950 5853; baseline -0.01 -12"><span class='ocrx_word' id='word_1_876' title='bbox 319 5797 444 5853; x_wconf 83' lang='lat' dir='ltr'><strong>cum</strong></span> <span class='ocrx_word' id='word_1_877' title='bbox 486 5783 603 5843; x_wconf 64' lang='lat' dir='ltr'><strong>Yet.</strong></span> <span class='ocrx_word' id='word_1_878' title='bbox 636 5785 950 5853; x_wconf 79' lang='lat' dir='ltr'><strong>interprete.</strong></span> 
     </span>
    </p>
   </div>
  </div>
