3960 6122
389 283 497 342 603

1817 289 1872 346 S.
1917 285 2253 344 EPlPllA‘Nll

3563 276 3689 350 eos,

388 414 506 458 tem.
549 403 710 472 item,
758 413 812 458 et
868 402 1204 472 Ecclesiam,
1271 403 1564 477 Vitamque
1620 407 1948 478 ronipreben

2087 407 2325 479 ορωπυν.
2377 405 2537 459 αὐτόν
2571 422 2630 457 τε
2674 404 2764 458 τὸν
2795 402 2990 472 Λόγον,
3037 399 3134 456 καὶ
3179 399 3269 454 τὸν
3303 395 3687 470 11413941241-

388 492 556 550 disse.

457 675 546 729 Kl.
592 674 722 742 Qua:
764 691 957 733 omnes
1007 678 1225 732 illorum
1275 677 1471 733 fabulae
1512 677 1782 748 ejusmodi
1825 687 1974 741 sunt,

387 778 448 822 ut
482 769 549 823 iis
578 767 935 841 deplorandis
969 771 1177 824 nullum
1209 770 1310 824 ben
1343 771 1356 824 l
1392 771 1494 826 heu
1517 773 1545 824 ἓν
1567 771 1648 824 vel
1681 771 1846 842 proh!
1883 787 1977 826 ne-

385 876 494 932 que
533 861 645 915 ulla
690 877 919 932 prorsus
962 863 1168 934 tragica
1214 879 1318 917 vox
1357 878 1420 917 ac
1453 863 1770 918 lamentatio
1804 868 1982 934 possit

385 956 653 1010 sufﬁcere.
683 955 818 1022 Quis
840 956 986 1012 enim
1028 972 1137 1011 non
1170 956 1360 1010 talium
1393 955 1803 1011 mendaciorum
1834 955 1974 1012 infe-

385 1049 543 1104 licem
590 1049 856 1104 artiﬁcem
909 1049 1108 1114 oicrit,
1155 1063 1278 1104 cum
1345 1047 1640 1103 \eritatem
1693 1048 1868 1118 ipsam
1918 1049 1974 1103 in

383 1141 549 1196 inane
586 1141 944 1197 simulacrum
985 1157 1017 1196 a
1052 1140 1236 1196 Marco
1271 1140 1628 1196 deformatam
1668 1141 1882 1209 videat;
1924 1151 1978 1198 et

384 1231 532 1302 quod
615 1233 836 1303 gravius
899 1240 1021 1298 est,
1096 1233 1370 1303 alpliabeti
1441 1233 1638 1287 litteris
1712 1241 1973 1304 tanquam

385 1322 733 1392 stigmatibus
789 1323 1027 1378 inustam
1073 1341 1086 1377 :
1141 1329 1200 1376 ut
1251 1321 1399 1392 quod
1460 1338 1636 1394 nuper
1679 1323 1972 1378 admodum

382 1420 548 1482 atque
581 1413 718 1478 lteri,
753 1422 812 1468 ut
842 1413 1016 1477 aiunt,
1042 1425 1096 1470 et
1129 1413 1532 1470 nudiustertius
1560 1414 1782 1480 accidit,
1814 1415 1970 1484 quasi

375 1503 489 1572 jam
518 1513 631 1560 tum
665 1507 794 1564 olim
820 1507 1144 1573 exstitisset,
1175 1509 1460 1564 venditare
1484 1509 1776 1564 studuerit.
1798 1509 1971 1564 Graeci

376 1597 598 1668 quidem
634 1615 725 1653 xv:
769 1614 801 1653 a
843 1598 1051 1654 Cadmo
1082 1601 1296 1654 litteras
1329 1601 1568 1670 primum
1601 1603 1883 1672 accepisse
1912 1617 1972 1657 se

378 1697 722 1757 memorant;
767 1699 881 1744 tum
921 1706 953 1744 a
993 1707 1053 1747 se
1102 1692 1582 1762 progredientibus
1632 1693 1970 1762 temporibus

2080 499 2173 550 τὸν
2207 499 2499 569 νΑρῤητον,
2536 495 2629 550 καὶ
2651 495 2751 567 τὴν
2779 494 2965 566 Σιγὴν,
2985 493 3078 548 καὶ
3108 491 3206 563 τὴν
3250 487 3549 560 Ἀλήθειαν.
3575 486 3667 540 καὶ

2096 589 2444 660 Ἐκκλησίαν,
2486 589 2582 648 καὶ
2611 589 2806 660 Ζωήνη

2159 678 2256 733 ΙΑ’.
2293 677 2478 732 Ταῦτα
2506 677 2570 748 δὴ
2601 678 2742 749 ὑπὲρ
2770 677 2831 730 τὸ
2863 675 2971 730 ίούί
3005 676 3100 728 καὶ
3139 674 3215 728 τίν
3235 674 3373 744 φεύὶ
3400 671 3493 726 καὶ
3529 670 3690 742 ὑπὲρ,

2081 769 2142 822 τὸ
2166 771 2348 822 πᾶσαν
2383 768 2650 840 τραγικὴν
2699 766 2941 838 φώνησιν
2961 767 2976 798 ⁸
3007 765 3101 820 καὶ
3133 763 3492 835 σχετλιασμόν
3526 763 3664 815 ἐστι.

2083 863 2178 924 Τίς
2204 860 2313 932 γὰρ
2337 861 2437 914 οὐκ
2462 859 2528 914 ἂν
2569 861 2817 932 μισήσειε
2843 857 2955 912 τῶν
2979 856 3312 928 τηλικούτων
3334 854 3667 926 ψευσμάτων

2081 952 2477 1008 κακοσύνθετον
2501 951 2752 1024 ποιητὴν,
2783 950 2880 1023 τὴν
2905 951 3002 1023 μὲν
3049 948 3329 1021 Ἀλήθειαν
3352 947 3493 1020 ὁρῶν
3524 947 3669 1000 εἴδω-

2080 1042 2170 1096 λον
2205 1043 2308 1096 ὑπὸ
2338 1043 2565 1114 Μάρκου
2587 1044 2872 1111 γεγονυῖαν
2888 1085 2902 1108 ,
2935 1041 3030 1096 καὶ
3056 1040 3213 1094 τοῦτο
3239 1041 3352 1104 τοῖς
3372 1037 3465 1091 τοῦ
3493 1038 3668 1106 ἄλφα-

2080 1133 2246 1204 6ήτου
2284 1133 2576 1205 γράμμασι
2613 1131 3045 1202 κατεστιγμένην
3071 1126 3268 1184 νεωστὶ
3295 1125 3430 1196 πρὸς
3470 1125 3544 1178 τὸ·
3567 1125 3665 1178 ἀπ’

2079 1226 2255 1299 ἀρχῆς
2287 1225 2422 1296 (28),
2447 1225 2509 1278 τὸ
2535 1226 2598 1297 δὴ
2621 1223 2912 1294 λεγόμενον
2941 1222 3068 1294 χθὲς
3099 1220 3190 1274 καὶ
3215 1217 3434 1292 πρώην;
3468 1215 3668 1286 ’Έλλη-

2077 1335 2165 1382 νες
2186 1315 2537 1388 ὁμολογοῦσιν
2563 1317 2670 1370 ἀπὸ
2687 1315 2908 1386 Κάδμου
2930 1311 3142 1385 πρῶτον
3165 1307 3226 1374 ἒξ
3250 1309 3345 1364 καὶ
3359 1308 3492 1362 δέκα
3521 1322 3666 1378 παρ·-

2075 1412 2392 1484 ειληφέναιο
2451 1406 2572 1465 εἶτα
2613 1410 2907 1482 μετέπειτα
2956 1403 3359 1478 προϐαινόντων
3390 1401 3498 1454 τῶν
3531 1399 3664 1471 χρό-

2075 1525 2182 1562 νων
2213 1506 2367 1560 αὐτοὶ
2391 1505 2746 1578 ἐξευρηκέναι
2775 1501 2904 1558 ποτὲ
2937 1501 3036 1572 μὲν
3055 1497 3124 1552 τὰ
3151 1497 3338 1558 δασέα,
3366 1493 3492 1548 ποτὲ
3514 1493 3572 1547 δὲ
3591 1493 3664 1546 τὰ

2074 1599 2260 1660 διπλᾶ.
2287 1599 2558 1669 Ἐσχατον
2587 1596 2644 1650 δὲ
2676 1595 2894 1649 πάντων
2927 1589 3261 1662 Παλαμήδην
3298 1586 3431 1656 φασὶ
3451 1583 3520 1637 τὰ
3556 1601 3680 1654 μαι.

2075 1691 2183 1763 δερὰ
2210 1700 2232 1731 ³
2256 1691 2464 1754 τούτοις
2510 1685 2978 1761 προστεθεικέναι.
3012 1681 3128 1754 Πρὸ
3165 1679 3260 1733 τοῦ
3305 1671 3400 1732 οὖν
3433 1675 3660 1745 Ἕλλησι

379 1782 516 1838 alias
550 1783 848 1853 aspiratas,
877 1783 1015 1839 alias
1045 1784 1292 1854 duplices
1329 1785 1595 1840 inventas.
1629 1784 1914 1842 Postremo
1938 1803 1959 1841 a

2069 1783 2242 1836 ταῦτα
2273 1779 2548 1852 γενέσθαι,
2589 1781 2689 1833 οὐκ
2717 1774 2784 1850 ἦν
2821 1776 3092 1849 Ἀλήθεια.
3129 1773 3203 1827 Τὸ
3228 1772 3339 1844 γὰρ
3371 1769 3530 1841 σῶμα
3557 1769 3659 1827 αὑ·
3735 1783 3750 1788 ’

373 1871 667 1930 Palamede
730 1874 969 1946 majores
1028 1877 1338 1946 adjunclas.
1410 1877 1590 1945 Quare
1645 1879 1966 1951 priusquam

375 1962 584 2020 Graecis
608 1964 697 2019 illa
741 1966 1110 2033 traderentur,
1156 1984 1426 2039 nusquam
1467 1968 1680 2026 Veritas
1709 1987 1832 2028 esse
1870 1989 1966 2044 po-

377 2056 503 2110 tuit.
535 2056 750 2128 Corpus
784 2059 928 2113 enim
966 2059 1162 2130 ipsius,
1192 2069 1251 2114 ut
1276 2061 1378 2126 ais,
1405 2059 1602 2130 Marce,
1629 2062 1834 2118 Cadmo
1858 2070 1963 2130 est,

374 2151 553 2223 iisque
576 2154 666 2220 qui
699 2153 851 2206 illum
884 2160 1302 2209 antecesserunt
1329 2156 1624 2220 recentius,
1645 2157 1966 2227 czeterisque

373 2247 508 2298 aleo
525 2245 614 2312 qui
635 2244 898 2300 elementa
913 2246 1122 2316 reliqua
1139 2257 1482 2316 repererunt,
1499 2262 1562 2302 ac
1576 2255 1628 2304 te
1640 2249 1804 2304 etiam
1822 2249 1960 2320 ipso.

371 2333 534 2407 245
563 2334 644 2392 Tu
672 2339 816 2392 enim
840 2338 992 2394 solus
1014 2355 1156 2404 eam,
1176 2355 1340 2409 quam
1370 2336 1669 2394 Veritatem
1699 2340 1960 2410 appellas,

374 2426 560 2480 nescio
611 2427 756 2497 quod
817 2429 873 2482 in
935 2429 1296 2484 simulacrum
1353 2427 1662 2484 detraxisti.
1722 2427 1960 2499 Ecquem

371 2532 502 2574 vero
545 2527 709 2590 putas
754 2528 904 2574 tuam
955 2521 1105 2576 illam
1149 2537 1327 2591 usque
1370 2537 1435 2577 eo
1470 2521 1756 2592 loquacem
1799 2520 1962 2592 Sigen

372 2625 534 2678 posse
580 2613 874 2678 sustinere,
923 2629 1045 2684 quae
1088 2627 1212 2668 eum
1257 2614 1526 2678 nominet,
1559 2613 1652 2685 qui
1686 2614 1962 2669 nominari

371 2714 625 2771 nequeat,
656 2710 710 2758 ct
740 2703 1177 2774 incXplicabilem
1233 2704 1488 2774 explicet,
1545 2712 1600 2760 et
1651 2705 1743 2776 qui
1797 2707 1962 2762 nullis

372 2794 620 2864 vestigiis
667 2794 1000 2864 deprehendi
1043 2803 1244 2866 potest,
1294 2796 1618 2869 investiget?
1644 2797 1782 2864 Quid
1817 2798 1960 2870 quod

369 2889 649 2958 aperuisse
681 2887 817 2944 dicit
847 2904 910 2943 os
939 2889 1112 2956 illum,
1139 2905 1298 2960 quem
1329 2902 1386 2944 tu
1422 2891 1604 2947 omnis
1630 2897 1684 2947 et
1715 2892 1963 2964 corporis

258 3043 266 3051 ,
365 2990 666 3052 expertem,
717 2989 773 3036 et
824 2981 1008 3052 ﬁgurae
1059 2983 1356 3052 praedicas;
1397 2998 1824 3056 sermonemque
1879 2986 1962 3042 sic

365 3081 626 3144 tanquam
677 3075 1040 3143 compositum
1090 3074 1384 3146 quodpiam
1435 3076 1640 3131 animal
1676 3077 1960 3134 edidisse?

2069 1872 2171 1944 τῆς
2216 1872 2358 1928 κατὰ
2409 1871 2490 1938 σὲ,
2530 1871 2763 1942 Μάρκε,
2795 1865 3251 1941 μεταγενέστερον
3297 1862 3399 1934 μὲν
3429 1859 3658 1931 Κάδμου

2069 1963 2164 2017 καὶ
2197 1964 2304 2018 τῶν
2335 1964 2442 2036 πρὸ
2469 1961 2656 2026 αὑτοῦ,
2686 1959 3144 2032 μεταγενέστερον
3175 1955 3230 2009 δὲ
3259 1953 3367 2026 τῶν
3395 1954 3466 2006 τὰ
3493 1951 3686 2011 λοιπὰ.

2069 2055 2532 2131 προστεθεικότων
2558 2056 2814 2126 στοιχεῖα,
2842 2050 3301 2124 μεταγενέστερον
3334 2046 3391 2100 δὲ
3415 2047 3508 2100 καὶ¹
3533 2061 3659 2098 cau-

2067 2149 2184 2204 τοῦ.
2223 2151 2296 2204 Σὺ
2349 2149 2459 2222 γὰρ
2514 2149 2674 2220 μόνον
2728 2145 2946 2199 εἴδωλον
2981 2145 3001 2175 ³
3039 2144 3354 2215 κατήγαγες
3404 2138 3502 2210 τὴν
3553 2139 3682 2198 ὑπὸ,

2069 2239 2162 2297 σοῦ
2215 2241 2518 2312 λεγομένην
2571 2239 2874 2312 Ἀλήθειαν.
2909 2237 3007 2300 Τίς
3045 2236 3090 2290 δ’
3119 2234 3368 2302 ἀνέξεταί
3421 2249 3512 2286 σου
3556 2230 3660 2300 τὴν

2066 2335 2302 2397 τοσαῦτα
2339 2333 2685 2408 φλυαροῦσαν
2733 2330 2920 2402 Σιγὴν,
2950 2331 2984 2400 ἥ
3027 2329 3117 2383 τὸν
3147 2327 3510 2398 ἀνονόμαστον
3541 2325 3659 2376 ὀνο-

2070 2425 2254 2496 μάζει,
2281 2427 2376 2481 καί
2411 2425 2503 2485 τὸν
2540 2424 2780 2498 ἆρῥητον
2809 2421 3104 2493 ἐξηγεῖται,
3125 2419 3224 2475 καὶ
3239 2417 3328 2472 τὸν
3359 2416 3657 2488 ἀνεξιχνία-

2068 2537 2192 2573 στον
2251 2519 2519 2592 ἐξιστορεῖ
2535 2536 2552 2586 ;
2604 2503 2723 2572 Καὶ
2785 2515 3076 2588 ἠνοιχέναι-
3124 2513 3187 2568 τδ
3248 2512 3423 2585 στόμα
3490 2511 3658 2582 φησὶν

2065 2613 2196 2667 αὐτὸ
2220 2614 2264 2677 ⁸,
2309 2613 2368 2667 ὃν
2405 2613 2696 2684 ἀσώματον
2739 2611 2833 2666 καὶ
2871 2609 3108 2665 ἀνείδεον
3145 2609 3357 2677 λέγεις·
3391 2607 3485 2660 καὶ
3523 2622 3659 2676 προ-

2065 2707 2392 2776 ενέγκασθαι
2419 2706 2593 2775 λόγον,
2622 2705 2698 2770 ὡς
2735 2705 2794 2758 ἓν
2823 2721 2872 2758 τι
2903 2703 3010 2757 τῶν
3040 2702 3310 2757 συνθέτων
3345 2699 3532 2768 ζώων·
3567 2701 3658 2754 τόν

2063 2817 2124 2853 τε
2154 2798 2311 2868 λόγον
2347 2796 2512 2850 αὐτοῦ
2547 2797 2731 2868 ὅμοιον
2756 2795 2886 2850 ὄντα
2918 2795 2996 2867 τῷ
3023 2793 3371 2868 προϐαλόντι,
3403 2791 3497 2844 καὶ
3523 2807 3658 2860 μορ-

2065 2893 2174 2964 φὴν
2210 2891 2304 2946 τοῦ
2334 2892 2566 2964 ἀοράτου
2594 2891 2876 2961 γεγονότα,
2907 2890 3185 2962 στοιχείων
3213 2889 3311 2960 μὲν
3343 2883 3481 2940 εἶναι
3504 2886 3660 2956 τρια-

2066 3003 2252 3051 κοντα,
2287 2985 2569 3040 συλλαϐῶν
2602 2985 2660 3038 δὲ
2689 2985 3008 3058 τεσσάρων,;
3043 2983 3238 3046 Ἔσται
3265 2975 3356 3034 οὖν
3390 2979 3531 3033 κατὰ
3557 2977 3657 3046 τὴν

2062 3079 2356 3152 ὁμοιότητα
2403 3078 2501 3132 τοῦ
2535 3079 2708 3148 Λόγου
2739 3080 2768 3132 ό
2799 3077 3005 3149 Πατὴρ.
3034 3075 3142 3129 τῶν
3186 3075 3426 3136 πάντων,
3461 3073 3534 3136 ὡς
3588 3071 3656 3122 σὺ

365 3165 536 3233 Quem
564 3167 727 3222 etiam
765 3166 1086 3222 Sermonem
1123 3169 1266 3238 ejus,
1305 3183 1334 3222 a
1367 3183 1478 3239 quo
1513 3169 1816 3241 productus
1844 3179 1950 3238 est,

2067 3173 2192 3246 φῄς,
2231 3171 2511 3243 στοιχείων
2573 3171 2672 3242 μὲν
2726 3171 3042 3242 τριάκοντα,
3102 3167 3380 3227 συλλαβῶν
3433 3163 3488 3218 δὲ
3538 3181 3682 3222 τεσο,

365 3261 618 3324 similem,
655 3259 994 3332 eiﬁgiemque
1031 3276 1132 3316 nec
1163 3262 1514 3332 aspectabilis
1554 3261 1808 3320 Parentis
1845 3264 1956 3320 ele-

2063 3267 2267 3337 σάρων.

367 3363 668 3408 mentorum
697 3355 938 3424 triginta,
967 3354 1298 3426 syllabarum
1325 3363 1561 3425 quatuor
1583 3369 1708 3411 esse
1732 3355 1942 3411 docuit.
1983 3354 2351 3422 Quamobrem
2381 3353 2777 3412 universorum.
2803 3369 3000 3424 parens
3029 3352 3137 3417 ille,
3168 3347 3394 3422 perinde
3426 3364 3488 3403 ac
3525 3343 3682 3404 δεμ,

365 3459 476 3506 mo,
509 3452 568 3498 ut
611 3446 838 3508 asseris,
887 3446 1116 3502 tricenis
1161 3446 1448 3503 elementis
1500 3460 1566 3501 ac
1605 3445 1831 3516 syllabis
1861 3457 2095 3516 quatuor
2119 3445 2417 3501 constabit.

433 3537 570 3604 Quis
622 3536 754 3592 illud
805 3553 934 3594 vero
986 3539 1257 3609 patienter
1315 3537 1488 3605 ferat,
1539 3540 1599 3594 in
1643 3539 1846 3611 ﬁguras
1894 3555 1960 3596 ac

367 3643 645 3694 numeros,
690 3629 826 3686 alias
865 3630 1113 3703 triginta,
1164 3631 1304 3687 alias
1351 3647 1516 3696 xxw,
1564 3645 1958 3700 nonnunquam

365 3734 454 3784 γι,
499 3721 836 3778 conditorem
881 3723 1164 3788 omnium,
1212 3731 1268 3778 et
1309 3723 1572 3778 artificem
1667 3721 1961 3778 fabricato-

364 3827 588 3883 remque
623 3811 714 3870 Dei
749 3813 1090 3872 Sermonem
1127 3831 1158 3870 a
1203 3825 1258 3871 te
1285 3815 1588 3880 redactum,
1629 3824 1792 3886 atque
1811 3832 1964 3872 con-

361 3903 648 3971 strictum;
687 3905 819 3962 dum
861 3905 1007 3961 hunc
1055 3907 1107 3960 in
1149 3905 1388 3979 syllabas
1431 3921 1522 3970 Iv,
1567 3905 1792 3976 triginta
1825 3922 1957 3962 vero

359 3997 625 4055 elementa
663 3999 945 4055 concidis?
972 3999 1077 4066 Qui
1117 3998 1409 4054 Dominum
1459 4001 1742 4065 omnium,
1779 4016 1810 4054 a
1844 4016 1956 4072 quo

359 4092 612 4148 caelestes
658 4092 736 4147 illi
781 4093 944 4149 orbes
985 4093 1198 4148 fundati
1253 4101 1419 4156 sunt,
1470 4093 1526 4148 in
1572 4107 1954 4150 ncccuxxvru

359 4199 648 4239 numerum
690 4183 947 4250 includis,
981 4184 1140 4256 quasi
1184 4183 1420 4240 similem
1466 4185 1740 4256 alphabeti
1783 4195 1948 4242 natu—

358 4289 477 4328 ram
506 4274 771 4329 obtineat.
803 4273 909 4340 Qui
939 4290 1214 4331 summum
1245 4276 1557 4346 Parentem,
1588 4295 1618 4332 a
1651 4295 1762 4350 quo
1793 4295 1949 4335 com-

361 4367 779 4436 prehenduntur
823 4367 1006 4422 omnia
1049 4383 1176 4422 cum
1224 4383 1254 4423 a
1288 4369 1508 4425 nemine
1547 4370 1666 4442 ipse
1697 4387 1946 4442 compre-

2133 3527 2207 3594 Ἣ
2240 3539 2402 3594 πάλιν
2431 3541 2516 3606 τίς
2541 3539 2792 3607 ἀνέξεταί
2854 3557 2946 3593 σου
2980 3539 3062 3602 ei;
3102 3537 3356 3609 σχήματα
3390 3551 3484 3588 και
3523 3535 3650 3604 ἀρι-

2065 3632 2263 3705 Θμοὺς,
2299 3634 2431 3688 ποτὲ
2477 3635 2576 3706 μὲν
2609 3633 2922 3707 τριάκοντα,
2964 3632 3096 3686 ποτὲ
3117 3631 3174 3685 δὲ
3213 3631 3684 3698 είκοσιτέσσαραι

2060 3725 2192 3780 ποτὲ
2219 3725 2281 3780 δὲ
2313 3725 2373 3792 ἓξ
2409 3725 2570 3798 μόνον
2621 3725 2995 3796 συγκλείοντος
3031 3723 3124 3778 τὸν
3147 3723 3256 3778 τῶν
3299 3722 3513 3777 πάντων
3546 3721 3668 3774 κτί-

2063 3833 2214 3888 στην,
2251 3817 2348 3870 καὶ
2383 3817 2740 3890 δημιουργὸν,
2781 3817 2876 3872 καὶ
2905 3816 3134 3890 ποιητὴν
3175 3815 3348 3886 Λόγον
3374 3814 3468 3868 τοῦ
3493 3813 3656 3878 Θεοῦ,

2060 3924 2268 3962 κατακε
2279 3908 2631 3980 ρματίξοντος
2653 3911 2817 3964 αὑτὸν
2839 3912 2919 3974 εἰς
2944 3907 3216 3974 συλλαϐὰς
3237 3907 3336 3980 μὲν
3357 3906 3658 3980 τέσσαρας,

2060 4003 2306 4071 στοιχεῖα
2340 4001 2398 4056 δὲ
2434 4002 2752 4074 τριάκοντα,
2794 4004 2890 4058 καὶ
2933 4003 3024 4056 τὸν
3064 4002 3282 4058 πάντων
3323 4000 3530 4071 Κύριον
3563 4000 3657 4053 τὸν

2057 4091 2431 4166 ἐστερεωκότα
2469 4095 2600 4160 τοὺς
2655 4097 2920 4168 οὐρανοὺς
2972 4096 3054 4160 εἰς
3084 4095 3126 4148 Ω
3157 4095 3206 4148 Π
3237 4093 3300 4149 H'
3321 4094 3656 4162 κατάγοντκ

2053 4184 2310 4256 ἀριθμὸν,
2355 4185 2558 4258 ὁμοίως
2607 4185 2685 4258 τῷ
2751 4186 3050 4260 ἁλφαϐήτῳ
3100 4187 3263 4241 αὐτὸν
3321 4187 3583 4256 γεγονότα
3606 4187 3652 4250 ⁸,

2060 4277 2240 4332 πάντα
2265 4278 2548 4350 χωροῦντα
2577 4281 2818 4352 Πατέρα,
2848 4278 3133 4352 ἀχὼρητον
3155 4279 3212 4334 δὲ
3235 4281 3550 4353 ὑπάρχοντα
3572 4281 3656 4344 είς

2053 4370 2311 4442 τετράδα,
2345 4373 2440 4426 καὶ
2459 4372 2709 4442 όγδοὰδα,
2735 4372 2828 4427 καὶ
2857 4372 3078 4437 δεκάδα,
3103 4375 3196 4427 καὶ
3221 4373 3497 4428 δωδεκάδα
3518 4374 3654 4427 6:0-

361 4459 652 4525 ltendatur,
699 4458 754 4514 in
789 4459 1078 4525 tetradem,
1111 4461 1435 4532 ogdoadem,
1481 4438 1739 4519 decadem
1777 4438 1946 4521 dede-

2067 4465 2412 4538 μερίζοντος
2445 4467 2556 4522 Καὶ
2589 4467 2678 4521 διὰ
2710 4467 2817 4522 τῶν
2856 4467 3112 4522 τοιούτων
3148 4468 3652 4539 πολυπλασιασμῶν

355 4551 656 4621 eademque
688 4551 1004 4624 distinguis.
1039 4552 1254 4624 Quique
1290 4553 1395 4609 bac
1437 4553 1836 4625 multiplicaudi
1878 4557 1945 4612 li-

355 4641 536 4696 centia
569 4641 675 4698 hoc
704 4642 906 4714 ipsum,
941 4645 1090 4714 quod
1127 4645 1184 4701 in
1213 4644 1374 4703 Patre
1399 4661 1503 4702 nec
1533 4649 1797 4718 explicari
1823 4667 1944 4719 rer-

355 4733 460 4800 liis,
497 4749 598 4790 nec
640 4735 826 4791 animo
875 4738 1085 4809 concipi
1141 4754 1306 4809 posse
1355 4741 1640 4811 praedicas,
1695 4743 1944 4800 oratione

356 4825 640 4894 declaras;
671 4835 728 4884 et
759 4844 924 4900 quem
956 4833 1206 4902 corporis
1233 4843 1552 4905 naturaeque
1587 4833 1726 4892 facis
1751 4852 1946 4907 exper-

354 4924 501 4985 tem,
539 4919 660 4990 ejus
697 4917 752 4976 et
795 4929 1048 4976 naturam
1084 4931 1139 4980 et
1183 4926 1548 4982 substantiam
1582 4929 1834 4999 pluribus
1876 4946 1944 4986 ex

355 5009 534 5073 lineis,
568 5027 801 5082 quarum
849 5015 970 5070 alim
1003 5031 1073 5072 ex
1125 5017 1250 5074 aliis
1287 5018 1605 5090 gignantur.
1643 5037 1945 5094 coagmen-

357 5104 460 5158 lari
505 5103 754 5174 disputas
789 5126 802 5163 :
835 5108 891 5165 in
922 5124 1033 5180 quo
1082 5125 1353 5182 supremae
1395 5113 1616 5170 virtutis
1662 5114 1810 5170 illius
1841 5115 1942 5171 fal-

353 5196 634 5254 sissimum
677 5205 732 5254 te
775 5198 1050 5256 Daedalum
1105 5219 1170 5258 ac
1216 5205 1516 5276 pessimum
1551 5207 1940 5266 fabricatorem

351 5305 476 5347 csse
501 5301 924 5349 commonstras.
945 5294 1047 5362 Qui
1063 5297 1308 5355 eamdem
1327 5301 1601 5365 virtutem,
1622 5317 1786 5373 quam
1801 5302 1942 5358 indi-

2053 4557 2114 4612 τὸ
2143 4557 2384 4631 ἄρρητον
2417 4559 2512 4615 καὶ
2556 4561 2896 4632 ἀνεννόητον,
2923 4561 2998 4625 ὼς
3030 4562 3095 4616 σὺ
3125 4561 3252 4632 φῂς,
3295 4559 3388 4614 τοῦ
3435 4561 3650 4633 Πατρός

2054 4653 2501 4726 ἐκδιηγουμένου,
2534 4655 2628 4709 καὶ
2657 4653 2716 4708 ὃν
2739 4656 3030 4726 ἀσώματον
3059 4655 3155 4709 καὶ
3180 4654 3430 4708 ἁνούσιον
3452 4654 3672 4725 όνομά-.

2053 4747 2190 4812 ζεις,
2215 4747 2316 4817 τὴν
2341 4747 2534 4802 τούτου
2561 4747 2748 4802 οὐσίαν
2780 4749 2874 4803 καὶ
2901 4748 3001 4820 τὴν
3025 4748 3413 4804 ύπόστασιν.ὲκ
3438 4747 3650 4801 πολλῶν

2053 4841 2402 4912 γραμμάτων
2442 4841 2644 4915 ἑτέρων
2694 4841 2756 4906 ἐξ
2812 4843 3016 4914 ἐτέρων
3067 4842 3430 4914 γεννωμένων
3478 4859 3647 4896 κατα-

2055 4933 2361 4999 σκευάζεις,
2393 4933 2557 4998 αὐτὸς
2588 4933 2845 4998 Δαίδαλος
2863 4933 3088 5008 ψευδὴς,
3121 4935 3218 4989 καὶ
3244 4934 3454 4988 τέκτων
3479 4934 3648 4998 κακὸς

2051 5026 2344 5095 γενόμενος
2387 5027 2487 5099 τῆς
2523 5028 3052 5100 προπανυπερτάτσυ
3099 5026 3404 5098 δυνάμεως,
3445 5026 3542 5080 καὶ
3577 5025 3646 5095 ἣν

2011 5119 2016 5122 ’
2052 5119 2347 5191 ἀμέριστον
2392 5121 2498 5192 φῂς
2532 5115 2672 5174 εῖναι
2723 5124 2804 5186 εἰς
2837 5121 3108 5190 ἀφώνους,
3158 5120 3250 5174 καὶ
3304 5121 3642 5190 φωνήεντος,

2052 5211 2148 5264 καὶ
2180 5211 2492 5284 ἡμιφώνους
2531 5213 2804 5284 φθόγγους
2838 5214 3190 5286 ὑπομερίζων
3218 5213 3280 5266 τὸ
3302 5215 3518 5282 ἄφωνον
3547 5215 3644 5266 αύ-

2049 5303 2161 5357 τῶν
2187 5305 2268 5376 τῷ
2299 5304 2408 5358 τῶν
2443 5306 2661 5361 πάντων
2693 5307 2892 5380 Πατρὶ,
2921 5307 3015 5361 ναὶ
3038 5309 3103 5379 τῇ
3134 5307 3228 5360 τοῦ
3263 5306 3390 5360 Υίοῦ
3417 5307 3438 5337 ⁶
3466 5304 3642 5375 ἐννοίᾳ

425 5447 960 5540 ξτκφῴνησιν.
1035 5455 1056 5486 ²
1088 5473 1174 5526 π).
1213 5458 1404 5540 μικρά.
1479 5460 1668 5540 ³]ιὊῐιΣ
1699 5461 1858 5532 μόνος
1926 5481 1950 5518 ε

2067 5465 2264 5522 ἴδωλον.
2333 5471 2353 5499 ⁸
2382 5467 2522 5524 lren.
2555 5467 2740 5522 αὐτόν.
2815 5468 2838 5500 ⁸
2870 5468 3010 5524 lren.
3035 5466 3330 5540 ἀλφαὸήτῳ
3357 5467 3634 5537 γεγονότα.

354 5517 470 5571 Καὶ
521 5521 682 5574 αὑτὸν
711 5517 803 5578 τὸν
839 5517 1020 5580 στάντα
1048 5517 1184 5600 χωρ.
1213 5517 1225 5530 ’
1261 5529 1283 5560 ⁶
1317 5517 1457 5586 lren.
1477 5533 1551 5590 τῆ
1577 5517 1786 5595 ’φύτόυ.

431 5667 1021 5766 εὲἓ)..ἓεί·ἐίῖξὲ,ῖῑίεές
1084 5679 1154 5766 (ὁ
1203 5681 1502 5766 ἀπαρκτῑςς
1553 5683 1672 5740 νει.
1720 5687 1959 5766 interpr;

2067 5689 2230 5760 egisse
2272 5690 2504 5750 ridctur.
2542 5690 2618 5758 ὡς
2647 5691 2708 5748 τὸ
2741 5692 2864 5760 dm,
2914 5694 3006 5752 sed
3048 5709 3117 5750 ne
3144 5695 3222 5750 sic
3251 5693 3469 5766 quidem
3503 5694 3632 5749 satis

355 5739 637 5810 expiicata
703 5739 1012 5802 sententia'
1051 5759 1173 5818 est,
1227 5739 2171 5828 iuni"?‘tircunque"péifibiiiiiﬁii;
