3960 6124
341 332 467 384 Ἓῦίὶ

964 324 1331 379 ADVERSL’S
1370 324 1713 380 li.£ltl£$l£$
1751 326 1879 381 LIB.
1925 327 1962 380 ι.
2006 299 2300 383 τοιιζριιι.
2342 359 2409 368 -
2450 327 2722 383 tremas.
2767 328 3003 385 χχχιιι.

3513 329 3631 385 ’6ἶο

370 444 603 520 μωρίαν.
642 441 815 506 Ἀξιοι
924 438 1150 503 πένθους
1178 441 1227 493 οἱ
1256 442 1591 513 τηλικαύτην
1617 442 1950 509 θεοσέϐειαν,

2058 444 2325 498 deridcas.
2373 443 2481 499 Sed
2547 444 2869 514 deplorandi
2916 446 3274 501 nihilominus
3326 456 3487 510 sunt,
3539 448 3632 516 qui

368 537 461 590 καὶ
488 535 549 587 τὸ
581 531 809 603 μέγεθος
840 532 942 602 τῆς
970 534 1210 605 ἀρρήτου
1238 532 1540 604 δυνάμεως,
1576 534 1670 587 καὶ
1699 535 1798 599 τὰς
1827 553 1951 589 τοσ-

366 628 538 691 αὑτας
585 624 893 695 οἰκονομίας
927 624 1020 677 τοῦ
1060 623 1217 687 Θεοῦ,
1257 624 1345 678 διὰ
1375 626 1470 678 τοῦ
1500 626 1698 694 ΙἈλςιιδα,
1734 627 1828 680 καὶ
1856 627 1950 681 τοῦ

371 721 548 791 Βῆτα,
590 717 684 771 καὶ
714 716 782 770 δι’
809 714 1235 789 ἀριθμῶνγοῦτω
1272 714 1495 786 ψυχρῶς
1532 717 1627 769 καὶ
1660 716 1952 788 βεϐιασμέ-

370 824 474 873 νως
514 806 884 876 διασύροντες.
931 806 1086 860 Ὅσοι
1130 806 1189 860 δὲ
1222 807 1549 876 ἀφίστανται
1584 807 1686 876 τῆς
1728 807 1953 878 Ἐκκλη-

371 902 514 963 σίας,
558 901 655 954 καὶ
683 899 896 963 τούτοις
945 902 1060 963 τοῖς
1098 898 1371 970 γραώδεσι
1416 898 1607 969 μύθοις
1651 898 1949 966 πείθονται,

368 992 587 1062 ἀληθῶς
631 991 1103 1061 αὑτοκατάκριτογ
1152 989 1246 1054 οὓς
1287 992 1316 1043 ὁ
1360 990 1567 1054 Παῦλος
1601 990 1952 1061 ὲγκελεὺεται

364 1086 503 1154 ἡμῖν
530 1083 669 1154 μετά
693 1083 820 1154 μίαν
844 1085 936 1137 καὶ
959 1083 1218 1156 δευτέραν
1242 1085 1524 1139 νουθεσίαν
1547 1084 1949 1156 παραιτεῖσθαι.

384 1173 634 1245 Ἰωάννης
660 1173 716 1225 δὲ
746 1174 774 1226 ὀ
802 1173 893 1227 τοῦ
924 1174 1130 1244 Κυρίου
1167 1174 1415 1245 μαθητὴς
1454 1175 1695 1228 ἐπέτεινε
1723 1176 1821 1245 τὴν
1852 1193 1955 1229 κα-

370 1266 593 1335 ταδίκην
628 1265 829 1331 αὑτῶν,
865 1267 1001 1337 μηδὲ
1040 1266 1251 1339 χαίρειν
1278 1268 1463 1330 αὑτοῖς
1494 1268 1584 1336 ὑφ’
1615 1267 1768 1337 ὑμῶν
1802 1267 1955 1336 λέγε-

374 1360 497 1413 σθαι
527 1357 830 1429 βουληθείς.
863 1359 916 1412 Ὀ
941 1360 1049 1429 γὰρ
1069 1359 1265 1429 λέγων
1290 1359 1515 1424 αὐτοῖς,
1540 1354 1694 1430 φησι,
1724 1360 1955 1429 χαίρειν

368 1449 649 1504 κοινωνεῖ
685 1450 809 1515 τοῖς
848 1451 1047 1520 ἔργοις
1087 1450 1287 1505 αὐτῶν
1324 1451 1449 1516 τοῖς
1491 1451 1794 1517 πονηροῖς.
1845 1450 1954 1503 Καὶ

372 1542 615 1604 εἰκότως.
651 1544 773 1595 Οὐκ
799 1542 930 1595 ἔστι
965 1542 1075 1611 γὰρ
1099 1544 1330 1610 χαίρειν
1357 1543 1481 1607 τοῖς
1507 1540 1775 1605 ἀσεϐέσι,
1808 1542 1953 1611 λέγει

372 1634 598 1705 Κύριος.
644 1633 888 1697 Ἀσεϐεῖς
926 1633 982 1687 δὲ
1025 1634 1163 1705 ὑπὲρ
1212 1636 1390 1687 πᾶσαν
1430 1634 1679 1686 ἀσέϐειαν
1706 1628 1875 1697 οὗτοι,
1906 1636 1955 1687 οἱ

373 1728 462 1779 τὸν
500 1726 729 1797 ποιητὴν
760 1726 990 1795 οὐρανοῦ
1023 1727 1117 1779 καὶ
1152 1727 1253 1796 γῆς
1297 1727 1453 1797 μόνον
1484 1726 1614 1779 Θεὸν
1645 1727 1951 1797 παντοκρά-

2055 545 2161 590 tam
2199 543 2609 590 sacrosanctam
2636 538 2976 608 religionem,
3004 553 3245 608 vereque
3271 538 3630 608 inexplicabi-

2055 626 2121 680 lis
2155 626 2409 696 potentia:
2444 625 2894 695 magnitudinem,
2933 635 3137 681 tantam
3183 627 3418 695 denique
3462 625 3631 679 divini

2054 713 2304 769 Numinis
2340 714 2735 784 providentiam
2780 732 2876 786 per
2904 717 3035 771 illud
3077 733 3236 772 suum
3272 717 3453 786 alpha,
3484 717 3629 777 beta,

2055 816 2391 877 emterosqne
2432 822 2692 862 numeros
2732 815 2842 860 tam
2885 808 3081 878 frigide
3112 808 3488 878 violenterque
3523 816 3633 860 tra-

2056 899 2277 953 ducant.
2311 900 2387 952 Ac
2430 900 2745 970 quicunque
2780 918 2837 956 se
2864 900 3030 972 248
3060 903 3127 955 ab
3168 900 3410 954 Ecclesia
3448 914 3632 969 segre-

2058 999 2207 1061 gant,
2237 1000 2295 1045 ut
2334 993 2398 1046 ad
2432 993 2605 1048 aniles
2633 994 2797 1048 hasce
2829 994 3043 1049 fabulas
3078 994 3471 1055 adhaerescunt,
3501 1006 3633 1046 sane

2057 1083 2377 1152 surmetipsi
2409 1084 2618 1152 judicio
2657 1085 2898 1138 damnati
2940 1092 3109 1139 sunt:
3139 1100 3278 1153 quos
3331 1082 3630 1137 secundum

2056 1191 2219 1230 unam
2270 1177 2609 1246 alteramque
2662 1179 3064 1248 correptionem
3135 1177 3375 1231 devitare
3431 1175 3633 1229 Paulus

2058 1263 2308 1317 hortatus
2348 1262 2737 1319 esthJOannes
2773 1281 2900 1320 vero
2933 1264 3138 1319 Christi
3180 1266 3483 1335 discipulus
3527 1279 3636 1317 ma-

2050 1354 2171 1425 jore
2218 1356 2342 1410 illos
2404 1371 2564 1425 pugna
2620 1356 3024 1420 condemnavit,
3082 1372 3206 1411 cum
3276 1373 3343 1411 ne
3400 1355 3631 1412 salutari

2056 1446 2273 1516 quidem
2314 1463 2341 1501 ο
2371 1449 2531 1503 nobis
2568 1450 2825 1518 patiatur.
2858 1448 2958 1513 Qui
2983 1451 3143 1513 enim,
3166 1449 3365 1519 inquit,
3398 1464 3490 1502 are
3522 1448 3632 1500 illis

2056 1538 2287 1604 diaerit,
2338 1541 2690 1594 communicat
2753 1540 2997 1609 operibus
3054 1540 3268 1594 illorum
3321 1538 3567 1609 malignis
3588 1537 3630 1591 ⁵.

2057 1629 2251 1684 Merito
2288 1646 2439 1685 sane.
2485 1631 2666 1701 Neque
2693 1633 2829 1685 enim
2859 1641 3074 1699 pax-est
3120 1631 3318 1700 impiis,
3352 1629 3484 1683 dicit
3530 1627 3635 1682 Do-

2058 1722 2241 1774 minus
2266 1721 2304 1772 ⁸.
2355 1720 2421 1772 At
2463 1721 2696 1774 istorum
2740 1722 2994 1790 impietas
3036 1722 3368 1791 impietatem
3416 1733 3632 1775 onmem

374 1835 530 1889 τορα,
559 1818 697 1889 ὑπὲρ
721 1816 779 1869 ὃν
806 1816 964 1882 ἄλλος
994 1818 1125 1881 Θεὸς
1151 1820 1250 1871 οὑκ
1278 1818 1445 1880 ἔστιν,
1480 1818 1537 1883 ἐξ
1560 1821 1954 1889 ὑστερήματος,

2061 1821 2282 1880 supcrat
2315 1830 2326 1865 :
2354 1814 2443 1881 qni
2476 1814 2597 1865 coeli
2633 1821 2897 1881 terraeque
2929 1812 3334 1874 fabricatorem,
3366 1827 3430 1865 ac
3456 1811 3631 1866 solum

362 1910 472 1962 υκαι
513 1909 677 1962 αὑτοῦ
717 1909 776 1974 ἐξ
804 1908 965 1962 ἄλλου
998 1910 1377 1981 ὑστερήματος
1407 1911 1710 1978 γεγονότος,
1758 1911 1955 1981 προϐε-

366 1998 607 2068 ϐλῆσθαι
629 1999 898 2068 λέγοντες·
929 1999 1071 2053 ὥστε
1102 2002 1223 2054 κατ’
1252 2000 1450 2064 αὐτοὺς
1474 1997 1610 2054 εἶναι
1637 2002 1799 2054 αὑτὸν
1827 2020 1957 2073 προ-

374 2090 536 2161 ϐολὴν
562 2090 746 2162 τρίτου
774 2092 1171 2163 ὑστερήματος.
1216 2093 1315 2146 Ἦν
1347 2090 1571 2162 γνώμην
1602 2093 1768 2155 ὅντως
1798 2110 1959 2145 κατα-

364 2184 744 2251 φυσήσαντας,
771 2182 864 2234 καὶ
899 2181 1467 2252 καταθεματίσαντας,
1490 2182 1607 2235 δέον
1634 2183 1824 2253 πόρρω
1854 2201 1954 2235 που

375 2272 596 2343 μακρὰν
646 2276 836 2342 φυγεῖν
883 2274 981 2328 ἀπ’
1015 2272 1228 2338 αὐτῶν,
1276 2273 1370 2327 καὶ
1495 2272 1656 2325 πλέον
1690 2272 1956 2344 διισχυρίο

374 2363 579 2427 ζονται.
610 2366 704 2419 καὶ
737 2364 1021 2436 χαίρουσιν
1052 2365 1144 2418 ἐπὶ
1177 2367 1286 2428 τοῖς
1315 2365 1729 2435 παρευρέμασιν
1756 2364 1954 2429 αὐτῶν,

369 2454 545 2528 ταύτῃ
575 2456 774 2526 μᾶλλον
807 2457 1006 2510 ειδέναι
1038 2457 1200 2509 πλέον
1234 2458 1432 2520 αὑτοὺς
1469 2457 1813 2528 ἐνεργεῖσθαι
1854 2458 1959 2510 ὑπὸ

370 2545 474 2617 τῆς
507 2547 754 2615 ὀγδοάδος
786 2549 893 2602 τῶν
939 2549 1190 2619 πονηρῶν
1233 2549 1580 2619 πνευμάτων·
1620 2547 1871 2620 καθάπερ
1908 2551 1957 2602 οἱ

370 2639 453 2700 εἰς
488 2638 762 2709 φρενίτιδα
793 2640 1035 2693 διάθεσιν
1067 2638 1422 2710 ἐμπεσόντες,
1460 2633 1493 2711 ᾖ
1536 2637 1698 2691 πλέον
1735 2638 1955 2706 γελῶσι,

375 2731 470 2784 καὶ
494 2730 697 2801 ίσλύειν
720 2731 989 2795 δοκοῦσιν,
1013 2733 1108 2810 καὶ
1130 2732 1206 2795 ὡς
1232 2731 1568 2800 ὑγιαίνοντες
1591 2731 1768 2784 πάντα
1793 2730 1959 2801 πρόιτ·

371 2839 549 2888 τουσι,
589 2821 705 2875 ἔνια
738 2823 794 2876 δὲ
831 2825 927 2877 καὶ
959 2824 1100 2896 ὑπὲρ
1133 2824 1195 2877 τὸ
1226 2824 1514 2891 ὑγιαίνειν,
1554 2821 1728 2895 ταύτῃ
1759 2822 1958 2893 μᾶλλον

375 2914 561 2978 κακῶς
582 2914 816 2985 ἔχουσιν.
857 2916 1089 2985 Ὁμοίως
1110 2916 1167 2969 δὲ
1188 2917 1284 2969 καὶ
1316 2907 1484 2975 οὗτοι,
1568 2914 1766 2984 μᾶλλον
1791 2916 1961 2986 ὑπερ-

374 3005 592 3072 φρονεῖν
626 3003 862 3069 δοκοῦσι,
914 3004 1006 3058 καὶ
1049 3004 1455 3076 ἐκνευρίζουσιν
1495 3003 1743 3072 ἑαυτοὺς,
1788 3007 1958 3078 ὑπέρ-

371 3108 502 3146 τονα
551 3093 892 3160 τοξεύοντες,
956 3095 1129 3168 ταύτῃ
1186 3096 1388 3166 μᾶλλον
1441 3099 1504 3151 οὑ
1565 3096 1955 3170 σωφρονοῦσιν.

376 3178 630 3249 ’Ἐξελθὸν
677 3185 786 3257 γὰρ
830 3187 890 3240 τὸ
934 3187 1246 3259 ἀκάθαρτον
1292 3190 1510 3260 πνεῦμα
1560 3191 1662 3261 τῆς
1710 3190 1954 3259 ἀγνοίας,
1986 3224 2029 3282 C

371 3277 563 3332 ἔπειτα
594 3280 953 3352 σχολάζοντας
996 3284 1195 3347 αὑτοὺς
1227 3283 1287 3337 οὑ
1320 3285 1460 3355 Θεῷ,
1507 3286 1642 3340 ἀλλά
1666 3290 1957 3358 κοσμικαῖς

371 3370 663 3441 ζητήσεσιν
709 3372 890 3444 εὑρὸν,
941 3374 1405 3446 προσπαραλαδὸν
1456 3377 1619 3449 ἕτερα
1672 3377 1957 3447 πνεύματα

367 3462 513 3516 ἐτττά
545 3466 884 3538 πονηρότερα
919 3467 1138 3530 ἑαυτοῦ,
1187 3468 1281 3522 καὶ
1318 3468 1605 3539 χαυνῷσαν
1642 3471 1822 3523 αὑτῶν
1859 3470 1957 3540 τὴν

276 3546 291 3557 ’
369 3555 618 3625 γνώμην,
647 3557 723 3621 ὡς
749 3557 1063 3629 δυναμένων
1084 3559 1151 3613 τά
1181 3559 1322 3632 ὑπὲρ
1343 3560 1434 3614 τὸν
1461 3561 1592 3614 Θεὸν
1618 3563 1837 3626 ἐννοεῖν,
1863 3562 1957 3615 καὶ

370 3646 678 3719 ἐπιτήδειον
724 3651 805 3714 εἰς
847 3650 1280 3722 ὑπερέκκρουσιν
1307 3654 1321 3683 ¹
1365 3647 1812 3717 κατασκευάσειν,
1858 3653 1955 3724 τὴν

368 3735 597 3805 ὀγδοάδα
642 3738 744 3808 τῆς
787 3740 973 3804 ἀνοίας
996 3744 1016 3774 ⁸
1042 3740 1151 3795 τῶν
1205 3741 1460 3812 πονηρῶν
1511 3744 1835 3812 πνευμάτων
1878 3743 1957 3804 εἰς

286 3850 291 3853 “
369 3828 569 3893 αὑτοὺς
602 3831 929 3901 ἐνεθήκωσε.

442 4111 540 4165 IA’.
572 4111 851 4183 Βούλομαι
884 4113 941 4167 δέ
998 4130 1082 4167 σοι
1149 4114 1244 4167 καὶ
1294 4114 1367 4178 ὡς
1429 4114 1595 4186 αὑτὴν
1647 4114 1747 4184 τὴν
1778 4114 1955 4168 κτίσιν

372 4203 492 4256 κατ’
521 4204 706 4256 εἰκόνα
753 4203 862 4257 τῶν
911 4205 1159 4276 ἀοράτων
1197 4205 1301 4259 ὑπὸ
1329 4204 1424 4259 τοῦ
1463 4205 1803 4278 Δημιουργοῦ
1830 4245 1844 4269 ,
1881 4205 1956 4269 ὼς

371 4292 693 4361 ἀγνοοῦντος
732 4293 931 4357 αὑτοῦ,
976 4295 1410 4350 κατεσκευάσθαι
1456 4296 1543 4350 διὰ
1587 4297 1685 4367 τῆς
1734 4296 1955 4368 Μητρὸς

372 4383 620 4453 λέγουσι,
688 4383 1067 4455 διηγήσασθαι.
1128 4386 1350 4459 Πρῶτον
1413 4387 1511 4457 μὲν
1574 4387 1641 4440 τὰ
1715 4387 1955 4458 τέσσαρα

376 4476 618 4546 στοιχεῖά
669 4494 820 4546 φασι,
864 4476 995 4548 πῦρ,
1042 4476 1204 4550 ὕδωρ,
1245 4479 1369 4549 γῆν,
1406 4480 1563 4550 ἀέρα,
1595 4479 1777 4533 εἰκόνα
1820 4495 1954 4550 προ-

2056 1906 2484 1973 Omnipotentem
2526 1903 2714 1966 Deum,
2758 1919 2923 1973 supra
2958 1920 3118 1973 quem
3155 1905 3337 1959 nullus
3370 1903 3511 1958 ali-us
3550 1909 3635 1956 est

2061 1994 2225 2057 Deus,
2266 2010 2332 2049 ex
2375 1994 2612 2062 defectu,
2658 1995 2747 2064 qui
2790 2003 2844 2049 et
2886 1996 2998 2061 ipse
3027 2011 3091 2048 ex
3130 1995 3238 2049 alio
3267 1995 3337 2049 sit
3363 2001 3519 2048 ortus
3543 1992 3638 2047 de-

2061 2086 2235 2148 fectu,
2282 2086 2586 2139 derivatum
2643 2086 2987 2151 existimant,
3037 2095 3096 2139 ut
3144 2101 3211 2140 ex
3262 2085 3476 2139 iliorum
3522 2085 3637 2154 epi-

2061 2178 2225 2232 nione
2256 2179 2419 2232 tertio
2443 2178 2679 2246 quodam
2711 2193 2776 2231 ex
2807 2178 3019 2231 defectu
3054 2170 3334 2247 prodierit.
3368 2175 3485 2242 Qua
3517 2176 3638 2245 qni-

2058 2265 2179 2321 dem
2210 2267 2432 2334 explosa
2467 2267 2830 2335 damnataque
2863 2268 3133 2322 sententia
3155 2304 3169 2327 ,
3208 2266 3395 2335 procul
3431 2264 3500 2317 ab
3531 2263 3637 2317 illis

2059 2359 2375 2428 fugiendum
2407 2366 2492 2412 est
2525 2378 2538 2412 :
2573 2373 2635 2411 ac
2675 2368 2893 2428 quanto
2922 2366 3048 2413 sunt
3083 2359 3137 2410 in
3177 2336 3364 2411 errore
3398 2354 3638 2425 pertina-

2059 2449 2257 2513 ciores,
2293 2448 2639 2517 inventisque
2670 2448 2922 2517 pessimis
2952 2449 3255 2518 impensius
3276 2449 3633 2511 delectantur,

2059 2545 2211 2592 tanto
2241 2554 2335 2593 eos
2369 2540 2541 2608 magis
2576 2538 2872 2607 putandum
2906 2548 2989 2592 est
3018 2541 3086 2592 ab
3110 2540 3635 2595 scelestissimorum

2058 2629 2363 2682 dzemonum
2404 2627 2658 2698 Ogdeade
2685 2629 2971 2681 concitari.
3006 2627 3095 2683 Uti
3127 2629 3458 2698 phreneticis
3488 2629 3636 2682 acci-

2059 2720 2158 2780 dit,
2185 2720 2277 2789 qui
2306 2735 2414 2790 quo
2439 2720 2674 2790 amplius
2705 2718 2903 2783 rident,
2940 2735 3003 2774 ac
3037 2729 3225 2791 vegeto
3253 2737 3374 2776 esse
3411 2734 3640 2789 corpore

2057 2810 2333 2875 ridentur,
2376 2809 2667 2878 omniaque
2702 2825 2801 2864 ceu
2838 2810 3080 2865 valentes
3118 2826 3182 2864 ac
3220 2812 3362 2876 sani,
3403 2825 3468 2865 ac
3504 2826 3639 2864 non-

2059 2903 2205 2957 nulla
2236 2902 2397 2957 etiam
2434 2902 2739 2972 aliquanto,
2771 2918 2933 2973 quam
2968 2903 3014 2958 si
3079 2905 3198 2957 sani
3233 2912 3438 2964 essent,
3478 2903 3640 2957 robu-

2059 2994 2199 3050 stius
2238 3002 2456 3064 gerunt,
2499 3010 2565 3050 eo
2582 3009 2703 3050 sese
2731 2996 2972 3051 deterius
3006 2996 3227 3050 habent.
3260 2996 3520 3051 Similiter
3548 2998 3639 3053 isti

2059 3102 2168 3157 quo
2197 3087 2575 3143 vehementius
2603 3103 2795 3159 sapere
2822 3090 3092 3151 ridentur,
3119 3105 3287 3159 seque
3314 3090 3459 3159 ipsos
3489 3106 3639 3145 ener-

2061 3187 2209 3242 vant,
2244 3179 2384 3234 dum
2405 3180 2615 3234 intento
2646 3181 2791 3235 velut
2828 3181 3007 3236 aerius
3048 3196 3179 3235 arcu
3210 3184 3448 3251 sagittas
3481 3184 3641 3235 emit-

2058 3278 2200 3333 tunt,
2235 3286 2298 3325 eo
2331 3274 2538 3339 majore
2576 3273 2799 3327 vesania
2840 3280 3114 3327 tenentur.
3156 3273 3407 3344 lmpuzus
3441 3273 3641 3344 quippe

2058 3362 2381 3431 ignorantia:
2410 3363 2639 3431 spiritus
2659 3363 2951 3435 egrediens
2972 3405 2987 3429 ,
3018 3379 3222 3434 eosque
3249 3379 3355 3418 non
3388 3363 3517 3431 Deo,
3545 3365 3641 3419 sed

2058 3453 2303 3523 profanis
2349 3455 2745 3523 quaestionibus
2790 3455 3099 3526 implicatos
3165 3458 3445 3527 reperiens
3479 3498 3495 3521 ,
3545 3457 3642 3511 ad-

2056 3543 2245 3599 hiltitis
2286 3553 2492 3613 septem
2520 3546 2643 3601 aliis
2664 3546 2844 3616 seipso
2876 3547 3296 3617 nequioribus',
3339 3538 3643 3617 inllatisqiie

2057 3647 2197 3686 vana
2246 3634 2603 3701 persuasione
2644 3635 2860 3689 illorum
2907 3635 3126 3698 animis,
3159 3636 3315 3706 quasi
3356 3637 3437 3691 rei
3477 3650 3641 3706 supra

2061 3721 2227 3776 Deum
2272 3724 2451 3794 ipsum
2503 3726 2749 3780 attollere
2798 3741 2857 3780 se
2902 3727 3212 3795 cegnitione
3256 3728 3497 3797 possint;
3552 3726 3640 3781 ubi

2058 3812 2286 3869 idoneos
2324 3825 2775 3885 Opportunosque
2816 3817 3101 3872 fraudibus
3152 3819 3268 3873 suis
3322 3818 3639 3887 addiderit,

2058 3905 2348 3975 quamdam
2380 3908 2700 3962 stoliditatis
2728 3907 3098 3978 improborum
3122 3909 3407 3983 spirituum
3426 3908 3610 3981 Ogdoa
3628 3938 3643 3948 -

2058 3997 2180 4052 dem
2216 3997 2268 4051 in
2306 3998 2428 4052 illos
2462 3998 2729 4052 immittit.

2128 4112 2265 4168 XIV.
2308 4116 2420 4185 Age
2449 4131 2576 4170 vero
2612 4117 2740 4170 illud
2782 4118 3005 4184 insuper
3043 4132 3405 4188 exponamus,
3449 4131 3643 4186 quem-

2056 4205 2343 4259 admodum
2373 4218 2583 4260 creatas
2616 4221 2700 4261 res
2731 4221 2919 4261 ornnes
2960 4206 3024 4260 ad
3066 4221 3277 4269 eorum,
3313 4222 3434 4276 quae
3469 4205 3642 4259 videri

2057 4305 2357 4366 nequeunt,
2393 4298 2803 4351 similitudinem
2845 4313 2871 4350 a
2912 4297 3196 4351 condi-tore
3229 4297 3307 4352 sic
3344 4296 3640 4366 productas

2025 4396 2329 4451 'aSSerant,
2379 4397 2438 4441 nt
2482 4404 2551 4442 eo
2598 4388 2729 4459 quid
2779 4396 2962 4455 ageret
3009 4389 3310 4450 nesciente,
3371 4386 3640 4441 beneﬁcio

2058 4477 2245 4533 Matris
2276 4480 2606 4533 exstiterint.
2651 4479 2927 4549 Principio
2954 4478 3222 4534 elembnta
3257 4460 3344 4532 illa
3366 4486 3640 4547 quatuor,

375 4568 668 4639 ϐεϐλῆσθαι
700 4570 797 4640 τῆς
831 4569 941 4623 ἅνω
980 4570 1202 4642 πρώτης
1246 4571 1533 4641 Τετράδος.
1566 4572 1675 4634 Τάς
1707 4590 1767 4624 τε
1805 4573 1954 4642 ἐνερ-

2059 4572 2260 4642 ignem,
2294 4588 2511 4640 aquam,
2555 4581 2779 4634 terram,
2821 4588 3024 4634 acrem,
3060 4572 3126 4624 ad
3163 4586 3389 4624 suamne
3424 4570 3642 4639 prima:-

374 4661 527 4730 γείας
566 4659 744 4712 αὐτῶν
800 4660 1336 4732 συναριθμουμένας,
1376 4655 1486 4713 οἷον
1526 4660 1726 4731 θερμόν
1761 4677 1820 4713 τε
1860 4661 1955 4714 καὶ

373 4753 600 4823 ψυχρὸν,
637 4751 799 4823 ξηρόν
846 4771 901 4804 τε
957 4753 1050 4805 καὶ
1088 4751 1270 4824 ὑγρὸν,
1318 4751 1561 4823 ἀκριϐῶς
1608 4751 1954 4818 ὀξεικονίζειν

373 4846 473 4915 τὴν
526 4842 802 4912 Ὀγδοάδα.
858 4842 1013 4914 Ἑξῆς
1054 4843 1185 4896 δέκα
1227 4844 1486 4915 δυνάμεις
1536 4842 1677 4895 οὕτω
1726 4859 1943 4913 καταρι-

376 4933 622 5005 θμοῦσιν,
663 4935 800 4988 ἑπτὰ
832 4936 929 5005 μὲν
969 4935 1255 5005 σωματικά
1279 4936 1298 4965 ³
1328 4934 1635 5003 κυκλοειδῆ,
1678 4934 1714 4989 ἂ
1749 4935 1843 4987 καὶ
1869 4934 1958 4986 οὑ-

377 5029 569 5095 ρανοῦς
601 5026 875 5080 καλοῦσιν·
912 5027 1105 5081 ἔπειτα
1132 5027 1223 5079 τὸν
1257 5026 1602 5097 περιεκτικὸν
1638 5024 1814 5080 αὐτῶν
1854 5024 1954 5079 κὺ-

375 5119 523 5184 κλον,
551 5119 610 5173 ὃν
638 5119 731 5175 καὶ
754 5119 936 5188 ὄγδοον
958 5117 1184 5189 οὐρανὸν
1207 5116 1554 5186 ὀνομάζουσι·
1580 5116 1716 5186 πρὸς
1739 5117 1796 5170 δὲ
1821 5115 1949 5169 τοὺ-

328 5276 339 5283 ἰ
372 5229 488 5274 τοις
536 5211 685 5282 ἥλιόν
727 5228 787 5264 τε
835 5211 929 5264 καὶ
974 5209 1221 5280 σελήνην.
1266 5207 1470 5271 Ταῦτα,
1514 5209 1648 5261 δέκα
1688 5207 1816 5261 ὄντα
1858 5206 1951 5262 τὸν

374 5304 629 5376 ἀριθμὸν,
671 5304 885 5367 εἰκόνας
914 5302 1161 5370 λέγουσιν
1194 5296 1330 5354 εἶναι
1363 5301 1464 5371 τῆς
1499 5302 1731 5373 ἀοράτου
1779 5300 1952 5353 Δεκά-

372 5397 461 5459 δος
497 5396 595 5466 τῆς
632 5394 739 5448 ἀπὸ
780 5395 952 5463 Λόγου
988 5395 1081 5447 καὶ
1116 5393 1267 5463 Ζωῆς
1317 5392 1704 5464 προελθούσης
1750 5391 1849 5464 τὴν
1892 5391 1950 5445 δὲ

373 5488 649 5548 δωδεκάδα
690 5488 987 5558 μηνὺεσθαι
1017 5486 1106 5540 διὰ
1135 5485 1229 5539 τοῦ
1258 5484 1520 5549 ζωδιακοῦ
1552 5484 1646 5537 τοῦ
1675 5482 1948 5553 καλουμέ-

451 5666 617 5738 ξΡοισ.
654 5667 1036 5738 ὑπέκκρουσιν.
1114 5665 1300 5721 ’-lren.
1343 5665 1580 5734 ἀγνοίας.

376 5738 396 5755 ’
425 5736 615 5792 Matth.
651 5754 747 5795 xu.
775 5736 864 5791 ιτ.

1661 5667 1680 5698 ³
1708 5663 1847 5719 iren.
1880 5663 2124 5735 adipata.

2055 4676 2163 4730 que
2189 4659 2443 4714 Tetradis
2473 4660 2699 4728 eﬂigiem
2745 4677 2869 4714 esse
2884 4668 3049 4715 const
3074 4668 3186 4713 tuti
3218 4671 3457 4713 narrant.
3489 4658 3639 4724 Quo-

2056 4767 2176 4804 rum
2214 4751 2278 4803 ad
2320 4751 2588 4818 agendum
2626 4734 3009 4814 cllicacitates,
3058 4759 3185 4820 puta
3228 4750 3501 4813 calorem,
3545 4751 3643 4803 fri-

2056 4858 2181 4913 gus,
2228 4842 2551 4903 siccitatem,
2598 4851 2651 4895 et
2709 4842 3015 4905 humorem,
3071 4852 3317 4896 exactam
3368 4841 3642 4910 Ogdoadis

2059 4935 2350 5005 imaginem
2398 4934 2621 4989 referre.
2662 4933 2798 4988 Tum
2840 4936 3025 4989 decem
3069 4935 3170 4989 hoc
3210 4936 3371 4989 modo
3413 4937 3641 4993 virtutes

2060 5034 2406 5082 enumerant.
2437 5026 2680 5079 Primum
2712 5043 2754 5080 St
2772 5036 2916 5095 ptem
2947 5041 3243 5095 corporeus
3264 5029 3443 5087 orhes,
3477 5027 3643 5100 249

2057 5133 2196 5187 quos
2235 5116 2407 5170 caelos
2446 5116 2743 5185 appeliant.
2787 5115 2991 5170 Deinde
3032 5115 3293 5184 majorem
3329 5118 3479 5170 ilium
3513 5119 3639 5171 reli-

2057 5224 2198 5279 quos
2229 5208 2581 5273 ambientem,
2612 5208 2755 5276 quod
2797 5217 3046 5263 octavum
3090 5209 3288 5262 cmlnm
3331 5209 3640 5263 nominant.

2059 5299 2324 5353 Prmlerea
2356 5300 2528 5354 solem
2560 5309 2608 5352 et
2643 5299 2847 5352 lunam.
2881 5298 3012 5364 Quae
3040 5301 3219 5353 omnia
3249 5300 3475 5354 denario
3500 5314 3639 5353 comc

2056 5391 2326 5461 prehensa
2357 5407 2585 5445 numero
2615 5390 2845 5445 Decadis
2877 5391 3044 5452 illius,
3075 5405 3194 5459 qua:
3220 5406 3252 5444 a
3285 5388 3465 5444 Verbo
3492 5388 3643 5443 \‘ita-

2055 5499 2161 5553 que
2200 5498 2303 5537 nec
2340 5482 2694 5552 aspectabilis
2727 5480 3003 5551 proﬂuxit,
3048 5484 3274 5549 ligni-am
3314 5496 3437 5535 esse
3477 5478 3644 5535 dicti-

2713 5667 2732 5697 ⁸
2771 5666 2810 5719 ΙΙ
2842 5664 2995 5720 Joan.
3043 5664 3121 5717 ll.

2230 5666 2248 5696 ³
2289 5666 2393 5722 Tit.
2426 5682 2515 5732 ιιι,
2554 5668 2635 5721 lt).
2713 5667 2732 5697 ⁸
2771 5666 2810 5719 ll
2842 5664 2995 5720 Joan.
3043 5664 3121 5717 ll.
3202 5662 3223 5692 ⁶
3254 5663 3333 5715 Isa
3395 5679 3523 5728 Lm,
3549 5663 3638 5721 2!.
