3950 6190
1736 294 1796 365 s.
1826 304 2168 364 EPIPHANU

3487 305 3604 360 ou

331 434 468 481 tant.
531 425 666 480 Nam
734 425 1075 482 Dedecadem
1136 427 1271 481 orbe
1334 424 1428 479 illo
1493 424 1756 496 signifero
1817 425 1912 480 de-

2020 442 2105 480 νου
2146 424 2367 479 κύκλου.
2403 424 2484 478 Τὰ
2512 425 2622 496 γὰρ
2650 422 2861 477 δώδεκα
2901 421 3069 487 ζὼδια
3108 419 3467 491 φανερώτατα
3492 418 3606 487 τὴν

333 520 623 574 monstrari
651 537 664 572 :
694 519 838 588 quod
879 518 1167 575 duodecim
1198 519 1254 573 in
1282 533 1349 573 eo
1380 518 1534 586 signa
1570 515 1911 571 manifestis-

330 609 468 664 sime
501 610 644 663 illam
676 608 928 665 Hominis
962 608 1329 679 Ecclesiaeque
1363 609 1526 662 filiam
1568 606 1909 662 Dodecadem

328 703 654 770 exprimant.
701 698 972 766 Quoniam
1032 712 1211 756 autem
1253 700 1319 754 ad
1373 698 1910 754 vehementissimmn

328 792 479 845 illum
528 792 904 847 univcrsitatis
953 792 1213 861 impetum
1264 787 1657 845 moderandum
1698 804 1764 843 ex
1813 789 1911 843 ad-

330 897 486 936 verso
528 880 805 937 Saturnus
845 882 1142 952 adjunctus
1180 891 1297 943 est,
1333 882 1424 952 qui
1468 882 1745 934 immensae
1783 881 1910 934 moli

328 974 612 1043 proximus
640 974 986 1043 rapiditatem
1009 974 1156 1027 illam
1189 972 1415 1033 inhibet,
1441 986 1505 1025 ac
1530 987 1628 1025 sua
1655 972 1912 1026 tarditate

328 1072 664 1131 compensat,
691 1064 770 1118 sic
802 1073 859 1116 ut
891 1078 1160 1118 annorum
1193 1062 1413 1132 triginta
1448 1062 1627 1131 spatio
1650 1080 1677 1115 a
1709 1071 1912 1133 puncto

330 1154 395 1207 ad
426 1162 687 1225 punctum
718 1156 935 1211 rediens
956 1156 1220 1210 circuitus
1244 1170 1374 1209 suos
1408 1154 1674 1218 absolvat,
1709 1153 1759 1208 id
1788 1155 1912 1224 qni-

330 1247 450 1298 dun
484 1245 629 1299 lloro
662 1245 890 1300 mirifice
929 1262 1249 1317 congruere,
1276 1247 1367 1316 qui
1401 1246 1646 1315 ipsorum
1682 1259 1910 1301 matrem

331 1328 557 1405 triginta
591 1339 873 1393 vocabulis
908 1339 1226 1408 insignitum
1262 1339 1665 1407 complectitur.

398 1448 478 1502 Ad
511 1449 622 1503 haec
657 1450 861 1515 lunam,
890 1466 1011 1518 qua:
1041 1450 1263 1520 triginta
1306 1450 1498 1504 diebus
1529 1452 1720 1505 urbem
1746 1466 1909 1505 suum

322 1541 565 1602 conﬁcit,
600 1540 702 1595 hoc
748 1543 865 1611 ipso
914 1558 1143 1597 numero
1187 1542 1395 1597 Aiones
1430 1544 1759 1617 adumbrare
1787 1546 1911 1598 toti-

324 1632 470 1686 dem.
517 1631 698 1688 Solem
733 1650 861 1689 vero
893 1634 1163 1689 duodenis
1201 1637 1663 1689 circumvolutum
1714 1637 1914 1691 mensi-

326 1724 449 1786 bus.
478 1726 982 1794 conversionesque
1022 1741 1152 1779 suas
1195 1739 1262 1777 eo
1290 1725 1580 1778 intervallo
1609 1726 1911 1779 terminan-

2013 518 2107 574 τοῦ
2149 517 2462 589 Ἀνθρώπου
2496 516 2589 575 καὶ
2619 516 2719 586 τῆς
2770 513 3097 584 Ἐκκλησίας
3130 513 3413 584 θυγατέρα
3435 510 3606 564 δωδε-

2014 607 2152 661 κάδα
2210 608 2571 679 σκιαγραφεῖν
2625 606 2868 675 λέγουσι.
2927 604 3033 659 Kal.
3086 605 3211 660 ἐπεὶ
3264 605 3604 672 ἀντεπεζιύ-

2013 696 2115 767 χθη
2137 697 2271 764 (3i),
2304 698 2457 765 φασὶ,
2484 696 2581 768 τὴν
2612 696 2719 750 τῶν
2746 696 2883 749 ὅλων
2906 696 3078 767 φορὰν
3104 695 3393 767 ὠκυτάτην
3419 698 3602 770 ὑπάρ-

2014 804 2232 859 χουσαν,
2261 783 2430 859 οὗπερ
2451 791 2478 841 ὁ
2507 788 2698 859 χρόνος
2723 788 2751 840 ὀ
2779 787 2914 859 πρὸς
2932 788 2952 818 ³
2977 786 3124 858 αὐτῷ
3144 787 3223 859 τῷ
3249 789 3403 842 κύτει
3428 788 3600 859 βαρύ-

2013 897 2140 943 νων,
2185 880 2279 933 καὶ
2323 880 2789 934 ἀντιταλαντεύων
2831 879 2930 951 τὴν
2973 881 3199 934 ἐκείνων
3240 881 3499 951 ὠκύτητα
3529 885 3603 952 τῇ

2014 968 2205 1023 ἑαυτοῦ
2231 969 2544 1040 βραδυτῆτι,
2568 969 2710 1023 ὥστε
2738 969 2899 1022 αὑτὸν
2928 971 2985 1022 ἐν
3012 971 3308 1040 τριάκοντα
3330 971 3474 1026 ἔτεσι
3496 973 3603 1042 τὴν

2015 1058 2259 1127 περίοδον
2291 1058 2398 1111 ἀπὸ
2433 1058 2659 1129 σημείου
2699 1058 2792 1111 ἐπὶ
2831 1060 3057 1129 σημεῖον
3086 1058 3376 1121 ποιεῖσθαι,
3408 1060 3605 1113 εἰκόνα

2013 1149 2227 1217 λέγουσι
2249 1150 2406 1204 αὑτὸν
2432 1149 2525 1203 τοῦ
2551 1150 2721 1223 Ὀρου
2738 1148 2830 1204 τοῦ
2862 1150 2960 1203 tim
2987 1151 3456 1220 τριακοντώνυμον
3476 1154 3607 1221 Μη-

2012 1243 2146 1314 τέρα
2182 1241 2360 1296 αὐτῶν
2394 1242 2756 1312 περιέχοντος.

2084 1442 2194 1515 Τὴν
2216 1445 2443 1514 σελήνην
2471 1461 2529 1496 τε
2573 1444 2734 1497 πάλιν
2766 1443 2967 1515 ἑαυτῆς
3006 1444 3233 1515 οὐρανὸν
3266 1448 3602 1517 ἐμπεριεχο-

2017 1534 2183 1605 μένην
2217 1535 2236 1565 ³
2260 1535 2553 1606 τριάκοντα
2579 1535 2815 1606 ἡμέραις
2842 1536 2929 1589 διὰ
2964 1536 3074 1590 τῶν
3102 1537 3327 1607 ἡμερῶν
3365 1539 3454 1591 τὸν
3476 1541 3604 1611 ἀρι-

2014 1626 2149 1697 θμὸν
2174 1627 2282 1680 τῶν
2309 1626 2607 1698 τριάκοντα
2638 1626 2857 1683 Αἰώνων
2881 1627 3172 1682 ὲκτυποῦν.
3200 1629 3312 1682 Καὶ
3335 1629 3426 1682 τὸν
3442 1629 3603 1700 ἥλιον

2012 1719 2069 1771 δὲ
2105 1721 2161 1771 ἐν
2182 1718 2410 1772 δεκαδύο
2453 1720 2584 1789 μησὶ
2622 1719 3043 1790 περιεχόμενον,
3071 1720 3166 1774 καὶ
3196 1723 3602 1791 τερμαιτίζοντα

329 1824 460 1876 tem.
497 1818 691 1869 borum
738 1831 968 1870 numero
999 1815 1269 1868 mensium
1315 1813 1654 1868 Dodecadem
1685 1813 1906 1869 referre.

2020 1810 2112 1882 τὴν
2150 1811 2412 1881 κυκλικὴν
2438 1811 2603 1864 αὐτοῦ
2647 1812 3117 1877 ἀποκατάστασιν,
3148 1811 3237 1866 διὰ
3260 1814 3368 1865 τῶν
3390 1812 3600 1867 δώδεκα

330 1904 453 1959 Dies
498 1921 662 1973 porro
701 1904 989 1958 duodecim
1028 1905 1287 1957 horarum
1331 1904 1508 1971 spatio
1541 1904 1797 1958 definitus
1837 1903 1907 1957 si-

328 1996 630 2049 mulacrum
667 1995 935 2064 quoddam
993 1994 1187 2047 lucida:
1241 1993 1390 2047 illius
1416 2008 1542 2048 esse
1589 1993 1909 2049 Dotlecadis.

335 2085 490 2141 Velut
529 2088 684 2147 hora,
719 2101 839 2154 quae
871 2085 1193 2139 duodecima
1216 2086 1323 2138 diei
1352 2100 1480 2154 pars
1527 2094 1613 2140 est
1635 2127 1650 2149 ,
1685 2086 1913 2141 tricenis

324 2188 412 2233 est
438 2181 704 2232 instructa
734 2176 1001 2245 partibus,
1033 2190 1154 2243 quze
1178 2173 1477 2228 Triceuarii
1501 2175 1908 2231 similitudinem

327 2278 545 2341 gerunt.
601 2268 741 2335 Quin
792 2268 958 2321 etiam
1008 2266 1253 2336 signiferi
1284 2267 1428 2321 illius
1462 2267 1612 2321 orbis
1647 2268 1908 2343 ambitum

330 2362 576 2431 partibus
630 2368 886 2414 constare
935 2371 1125 2411 ccccx.
1170 2354 1306 2409 Nam
1351 2355 1779 2426 unumquodque
1831 2358 1909 2412 si-

325 2469 490 2525 gnum
538 2469 645 2507 xxx
702 2451 1108 2519 complectitur.
1161 2450 1237 2504 ita
1272 2451 1328 2505 in
1361 2451 1464 2506 boc
1495 2452 1660 2503 etiam
1699 2451 1911 2504 circulo

326 2552 597 2600 servatam
631 2559 754 2598 esse
780 2544 972 2596 dicunt
1007 2543 1129 2611 ejus
1181 2542 1608 2597 necessitudinis
1646 2541 1911 2596 imitatio-

329 2652 474 2698 nem,
510 2650 631 2704 qum
665 2634 1063 2688 duodenm-ium
1093 2634 1236 2687 inter
1262 2648 1324 2686 ac
1349 2634 1707 2686 tricenarium
1742 2633 1906 2688 inter~

328 2728 491 2782 cedit.
531 2726 731 2781 Deinde
768 2734 911 2780 terra
951 2724 1238 2780 duodecim
1288 2725 1343 2779 in
1374 2725 1595 2778 climata
1629 2726 1912 2792 regiones-

327 2833 435 2887 que
464 2816 656 2876 divisa.
692 2827 747 2871 et
767 2817 819 2870 in
844 2816 1074 2884 singulis
1092 2816 1387 2871 demissam
1421 2832 1450 2870 e
1473 2816 1614 2870 cmlo
1640 2815 1911 2895 Virtutem

328 2916 424 2963 aut
470 2906 920 2979 perpendiculum
955 2908 1259 2978 excipiens,
1297 2907 1460 2977 eique
1490 2906 1732 2973 Virtuti,
1766 2910 1912 2964 unde

328 3001 571 3055 derivata
605 3000 692 3054 illa
727 3010 833 3067 est,
861 3001 1170 3056 simillimos
1203 3000 1348 3054 l'etus
1383 3000 1624 3069 pariens,
1669 2999 1913 3056 Dodeca-

330 3094 473 3161 dem,
507 3103 568 3149 ut
616 3095 791 3158 aiunt,
845 3093 1043 3163 ipsam,
1078 3093 1309 3162 ejusque
1357 3092 1590 3154 liberos,
1623 3092 1910 3148 manifeste

332 3194 706 3256 reprzescntat.
741 3185 944 3239 Praeter
980 3186 1095 3240 hmc
1122 3185 1474 3240 Conditorem
1505 3193 1755 3251 narrant,
1781 3202 1908 3241 cum

332 3295 596 3350 suprema:
649 3277 924 3347 Ogtluadis
979 3279 1337 3343 infinitatem,
1395 3280 1798 3345 aeternitatem,
1849 3295 1914 3333 ac

332 3370 591 3439 temporis
625 3371 837 3439 locique
866 3369 1377 3438 circumscriptione
1419 3379 1696 3425 carentem
1727 3370 1916 3425 condi-

332 3461 533 3514 tionem
587 3459 787 3512 imitari
819 3466 1063 3528 cuperet,
1096 3473 1272 3526 neque
1314 3459 1459 3527 quod
1506 3458 1561 3511 in
1597 3458 1688 3512 illa
1720 3458 1915 3513 stabile

330 3561 413 3606 est
469 3565 530 3604 ac
588 3552 978 3617 sempiternum
1027 3559 1211 3621 posset
1259 3551 1602 3620 exprimere,
1656 3565 1722 3605 eo
1769 3549 1914 3619 quod

334 3642 546 3697 fructus
577 3652 721 3698 esset
768 3642 1008 3713 penuria:
1036 3656 1092 3695 at
1142 3640 1390 3695 defectus
1420 3641 1642 3711 aliquis,
1679 3642 1736 3695 in
1770 3649 1911 3696 tem-

318 3740 575 3805 ‘pestatcs
616 3750 680 3789 ac
715 3742 982 3805 tempora,
1037 3742 1091 3788 et
1128 3734 1457 3802 multiplices
1502 3749 1771 3789 annorum
1816 3749 1917 3787 nu-

332 3841 515 3894 meros
558 3828 915 3882 aeternitatem
967 3826 1112 3879 illam
1168 3825 1559 3890 distribuisse,
1600 3826 1914 3881 existimas-

333 3934 501 3990 seque
556 3935 718 3990 posse
760 3936 819 3976 se
858 3929 1161 3989 temporum
1203 3922 1526 3974 coacervata
1566 3920 1917 3976 multitudine

334 4012 483 4068 illius
515 4012 836 4068 infinitatem
869 4013 1033 4083 250
1062 4012 1313 4083 adipisci.
1359 4012 1434 4068 Ex
1470 4028 1578 4084 quo
1614 4012 1817 4068 factum
1848 4013 1916 4065 il-

336 4105 427 4160 lud
460 4106 815 4172 arbitrantur,
841 4113 900 4159 ut
932 4122 1056 4159 cum
1096 4106 1146 4160 ei
1187 4122 1244 4160 se
1278 4103 1490 4176 Veritas
1529 4106 1913 4168 subtraxisset,

339 4204 557 4266 repente
610 4196 681 4249 sit
727 4195 939 4250 falsitas
982 4204 1300 4250 consecuta.
1347 4196 1580 4264 Ideoque
1631 4197 1917 4263 completis

338 4280 673 4353 temporibus
704 4284 851 4337 illius
875 4298 1015 4353 Opus
1042 4298 1164 4338 esse
1189 4283 1531 4338 solvendum.

409 4394 524 4450 XV.
567 4398 582 4427 ⁸
608 4395 743 4450 Cum
785 4396 901 4449 haec
957 4395 1122 4464 igitur
1169 4395 1242 4449 sit
1282 4395 1501 4450 illorum
1535 4393 1603 4448 de
1641 4396 1917 4450 creatione

2017 1899 2202 1970 μηνῶν
2235 1899 2332 1971 τὴν
2354 1900 2661 1973 δωδεκάτην
2686 1902 2925 1972 φανερὰν
2942 1905 3134 1955 ποιεῖν.
3160 1901 3270 1963 Τὰς
3301 1901 3358 1956 δὲ
3382 1902 3599 1975 ἡμέρας

2011 1990 2241 2046 δεκαδύο
2282 1990 2440 2063 ὡρῶν
2500 1992 2611 2062 (35)
2660 1992 2722 2044 τὸ
2775 1991 2972 2061 μέτρον
3016 1990 3244 2062 ἐχούσας
3288 1990 3456 2044 τύπον
3496 1992 3597 2060 τῆς

2015 2087 2244 2160 φαεινῆς
2285 2085 2598 2149 Δωδεκὰδος
2639 2079 2798 2140 εἶναι.
2849 2079 3013 2139 Ἀλλὰ
3044 2082 3149 2154 μὴν
3195 2082 3288 2136 καὶ
3317 2083 3415 2154 τὴν
3449 2082 3598 2155 ὥραν

2014 2182 2145 2250 φασὶ
2166 2181 2227 2233 τὸ
2258 2178 2557 2233 δωδέκατον
2590 2177 2691 2243 τῆς
2725 2177 2936 2247 ἡμέρας
2969 2178 3034 2229 ἐκ
3070 2176 3365 2247 τριάκοντα
3393 2176 3595 2247 μοιρῶν

2010 2273 2392 2345 κεκοσμῆσθαι
2439 2272 2526 2325 διὰ
2559 2272 2656 2341 τὴν
2685 2272 2868 2324 εἰκόνα
2906 2271 3007 2341 τῆς
3037 2271 3081 2322 Τ
3086 2271 3454 2341 ριακοντάδος.
3493 2273 3597 2325 Καὶ

2011 2363 2178 2420 αὐτοῦ
2213 2365 2270 2418 δὲ
2299 2364 2393 2417 τοῦ
2441 2362 2707 2428 ζωδιακοῦ
2741 2361 2942 2416 κύκλου
2974 2363 3072 2432 τὴν
3104 2362 3437 2433 περίμετρον
3459 2359 3596 2417 εἶναι

2016 2457 2220 2528 μοιρῶν
2259 2454 2585 2528 τριακοσίων
2630 2454 2914 2524 ἑξήκοντα.
2952 2454 3221 2507 Ἕκαστον
3259 2454 3370 2526 γὰρ
3410 2454 3595 2518 ζώδιον

2016 2550 2211 2620 μοίρας
2250 2548 2362 2618 ἔχει
2395 2547 2714 2619 τριάκοντα.
2749 2546 2906 2600 Οὕτω
2934 2548 2990 2600 δὲ
3020 2547 3114 2599 καλ⁵
3150 2546 3237 2600 διὰ
3270 2546 3364 2599 τοῦ
3395 2545 3596 2599 κύκλου

2010 2640 2108 2711 τὴν
2134 2641 2318 2693 εἰκόνα
2348 2640 2447 2709 τῆς
2478 2638 2772 2706 συναφείας
2796 2639 2902 2691 τῶν
2930 2636 3134 2690 δώδεκα
3170 2636 3306 2708 πρὸς
3342 2636 3410 2690 τὰ
3441 2638 3596 2708 τριά-

2012 2750 2177 2787 κοντα
2199 2730 2530 2802 τετηρῆσθαι
2560 2729 2829 2798 λέγουσιν.
2854 2731 2975 2782 Ἔτι
3012 2729 3117 2800 μὴν
3144 2730 3237 2782 καὶ
3271 2728 3369 2799 τὴν
3391 2732 3472 2793 εἰς
3493 2729 3597 2783 δὼ-

2011 2823 2142 2876 δεκα
2175 2822 2415 2893 κλίματα
2445 2820 2558 2893 (54)
2617 2821 2909 2893 διῃρῆσθαι
2957 2821 3288 2890 φάσκοντες,
3339 2823 3434 2875 καὶ
3476 2821 3597 2874 καθ’

2013 2913 2244 2969 ἕκαστον
2273 2912 2443 2983 κλίμα
2468 2911 2695 2982 δύναμιν
2721 2912 2786 2964 ἐκ
2806 2911 2916 2964 τῶν
2937 2911 3185 2983 οὐρανῶν
3205 2911 3348 2964 κατᾶ
3369 2911 3596 2965 κάθετον

2014 3004 2436 3075 ὑποδεχομένην,
2492 3003 2707 3057 ἐοικότα
2764 3004 3057 3057 τίκτουσαν
3115 3004 3284 3057 τέκνα
3319 3006 3383 3074 τῇ
3430 3020 3597 3057 κατα-

2019 3094 2309 3167 πεμπούσῃ
2342 3095 2440 3167 τὴν
2476 3096 2770 3167 ὑπόρροιαν
2791 3094 3018 3165 δύναμιν
3050 3095 3094 3162 ⁸,
3127 3095 3295 3148 τύπον
3331 3091 3472 3150 εἶναι
3501 3095 3596 3164 τῆς

2013 3186 2319 3247 Δωδεκάδος
2357 3188 2451 3241 καὶ
2498 3187 2607 3240 τῶν
2653 3188 2859 3241 τέκνων
2902 3187 3073 3257 αὐτῆς
3113 3188 3447 3256 σαφέστατον
3484 3188 3595 3241 δια-

2014 3276 2374 3334 ϐεϐαιοῦνται.
2402 3278 2545 3348 Πρὸς
2571 3278 2627 3332 δὲ
2663 3277 2870 3341 τούτοις
2896 3278 3198 3350 θελήσαντὰ
3228 3296 3358 3348 φασι
3381 3279 3470 3332 τὸν
3496 3282 3589 3348 Δη·

2019 3369 2274 3441 μιουργδν
2302 3371 2400 3440 τῆς
2434 3369 2547 3423 ἄνω
2588 3369 2871 3439 Ὀγδοάδος
2902 3370 2963 3422 τὸ
2994 3371 3299 3442 ἀπέραντον
3330 3370 3421 3423 καὶ
3465 3368 3593 3423 altit-

2015 3476 2146 3522 νιον,
2177 3459 2272 3512 καὶ
2292 3459 2566 3531 ἀόριστον,
2594 3460 2690 3513 καὶ
2718 3460 2946 3531 ἄχρονον
2999 3460 3365 3532 μιμήσασθαι,
3393 3463 3487 3515 καὶ
3522 3462 3596 3533 μὴ

2014 3550 2312 3622 δυνηθέντα
2343 3553 2403 3605 τὸ
2441 3551 2664 3623 μόνιμον
2703 3553 2873 3624 αὐτῆς
2921 3548 3016 3607 καὶ
3053 3554 3221 3610 ἀΐδιον
3256 3554 3593 3617 ὲκτυπῶσαι,

2015 3640 2101 3695 διὰ
2148 3642 2209 3695 τὸ
2261 3641 2473 3714 καρπὸν
2521 3636 2657 3696 εἶναι
2701 3643 3097 3715 ὑστερήματος,
3140 3645 3220 3708 εἰς
3254 3645 3477 3716 χρόνους
3506 3644 3598 3699 καὶ

2018 3736 2265 3807 καιροὺς,
2318 3734 2584 3808 ἀριθμούς
2616 3751 2676 3788 τε
2734 3736 3012 3800 πολυετεῖς
3075 3735 3138 3788 τὸ
3166 3735 3383 3788 αἰώνιον
3431 3737 3595 3808 αὐτῆς

2017 3826 2455 3890 κατατεθεῖσθαι,
2505 3827 2748 3898 οἰόμενον
2799 3829 2857 3881 ἐν
2901 3827 2980 3898 τῷ
3019 3826 3214 3897 πλήθει
3238 3827 3347 3881 τῶν
3364 3828 3599 3925 ⁹χρόνων

2021 3919 2361 3990 μιμήσασθαι
2394 3919 2565 3989 αὐτῆς
2588 3918 2648 3972 τὺ
2670 3919 2994 3990 ἀπέραντον.
3043 3918 3305 3974 Ἐνταῦθα
3332 3918 3389 3974 τε
3412 3920 3602 3988 λέγου-

2020 4025 2105 4060 σιν
2143 4009 2492 4081 ὲκερυτούσης
2543 4009 2704 4061 αὑτὸν
2751 4010 2851 4080 τῆς
2894 4009 3177 4081 Ἀληθείας
3229 4010 3601 4082 ὲπηκολουθηυ

2018 4101 2172 4154 κέναι
2217 4102 2278 4155 τὸ
2334 4101 2548 4171 ψεῦδος.
2598 4101 2706 4155 Καὶ
2736 4101 2824 4154 διὰ
2852 4101 3009 4155 τοῦτο
3044 4103 3337 4156 κατάλυσιν
3379 4103 3599 4175 πληρω-

2019 4192 2219 4248 θέντων
2247 4193 2356 4247 τῶν
2394 4195 2599 4265 χρόνων
2632 4194 2816 4249 λαϐεῖν
2843 4195 3009 4249 αὐτοῦ
3030 4196 3091 4250 τὸ
3124 4196 3305 4267 ἔργον.

2093 4396 2190 4449 lE’.
2229 4397 2337 4449 Kal.
2376 4397 2503 4468 περὶ
2545 4396 2644 4467 μὲν
2675 4396 2775 4468 τῆς
2816 4397 3046 4460 κτίσεως
3072 4395 3297 4450 τοιαῦτα
3327 4397 3597 4466 λέγοντες,

338 4483 631 4546 sententia,
661 4474 908 4553 quotidfe
937 4494 1117 4536 tamen
1151 4483 1353 4553 singuli
1381 4491 1541 4552 prout
1567 4483 1801 4552 quisque
1825 4499 1912 4553 po-

2024 4485 2146 4538 καθ’
2170 4484 2406 4555 ἑκάστην
2433 4485 2647 4555 ἡμέραν
2666 4486 2922 4557 ὲπιγεννᾷ
2944 4484 3173 4549 ἕκαστος
3203 4485 3384 4539 αὐτῶν
3420 4486 3602 4550 καθὼς

339 4585 464 4642 ιθει,
494 4577 617 4630 novi
648 4574 854 4645 aliquid
888 4573 1221 4643 excogitant,
1254 4582 1312 4627 ut
1351 4589 1511 4629 nemo
1543 4576 1615 4629 sit
1652 4576 1794 4630 inter
1819 4592 1915 4632 eos

337 4669 572 4738 denique
611 4666 908 4737 perfectus,
954 4666 1047 4735 qui
1082 4682 1189 4719 non
1231 4665 1444 4735 insigne
1496 4667 1718 4737 aliquod
1763 4682 1915 4722 men-

336 4761 550 4814 dacium
587 4760 733 4813 velut
771 4757 1009 4812 fructum
1038 4757 1300 4828 proferat.
1333 4757 1490 4813 Nunc
1533 4776 1654 4830 quae
1684 4777 1751 4815 ex
1783 4776 1913 4831 ιιι-ου

339 4853 625 4921 pbetarum
668 4851 908 4905 oraculis
966 4852 1035 4905 ad
1093 4866 1224 4906 suos
1270 4867 1466 4907 sensus
1499 4853 1912 4907 accommodare

385 5036 424 5122 "
460 5035 599 5089 lrcn.
631 5049 682 5089 c.
718 5034 803 5089 15.
880 5036 899 5067 ¹
933 5033 1060 5088 For.
1087 5032 1303 5105 ὑπερὼν
1339 5035 1549 5105 κρύνος.

339 5123 429 5176 ρον
467 5122 540 5161 τι.
1178 5149 1180 5152 ,

1629 5034 1648 5064 ⁸
1682 5033 1820 5088 lren.
1855 5032 2374 5103 ὲκπεριερχομένην.

2021 4575 2244 4651 δύναται
2265 4575 2578 4648 καινότερον
2602 4577 2645 4631 ⁸.
2671 4576 2886 4639 Τέλειος
2906 4576 3014 4647 γὰρ
3032 4577 3205 4641 οὐδεὶς
3232 4579 3261 4631 ὀ
3294 4577 3367 4648 μὴ
3392 4578 3603 4648 μεγάλα

2020 4665 2310 4735 ψεύσματα
2356 4665 2484 4737 παρ’
2518 4668 2701 4731 αὐτοῖς
2759 4669 3208 4738 καρποφορήσας.
3254 4667 3347 4721 Ἐκ
3395 4668 3453 4720 δὲ
3495 4668 3605 4721 τῶν

2021 4756 2373 4828 προφητικῶν
2404 4758 2504 4810 ὅσα
2535 4758 3067 4830 μεταμορφάζουσιν,
3085 4759 3400 4826 ἀναγκαῖον,
3435 4758 3607 4828 μηνύ-

2021 4822 2210 4915 σαντα,
2242 4850 2332 4903 τὸν
2383 4822 2601 4922 ἔλεγχον
2624 4822 2809 4912 αύτοίς
2833 4822 3078 4917 ἐπάγέιν.
3126 4848 3183 4902 Ὀ
3203 4822 3320 4919 -γὰρ
3340 4822 3603 4918 Μυίῡσῆς,

2484 5032 2504 5063 ³
2540 5035 2678 5085 lrcn.
2721 5030 2966 5099 δυνάμει.
3118 5031 3138 5061 ⁸
3182 5027 3325 5083 Iren.
3355 5031 3605 5085 καινότε-

411 5288 524 5358 (5ἳ)
562 5284 673 5341 Καὶ
714 5284 844 5339 ἐπεὶ
889 5281 1494 5358 ἀνωπεᾱϋκθψῌθτο
1523 5281 1789 5336 sincerior
1827 5282 1912 5337 hic

2020 5297 2089 5335 xu
2152 5290 2335 5358 pages
2396 5280 2721 5358 tricenarius
2773 5280 3338 5358 dirisus,_gradibus
3387 5290 3607 5358 constat

341 5352 773 5425 locusexsistat,
809 5356 991 5425 scribo
1022 5353 1157 5425 πρθὲς
1185 5353 1420 5425 τὴντῶν
1445 5352 1635 5425 ὅλωνζ
1799 5376 1812 5388 -

410 5432 524 5498 (55)
566 5428 681 5493 Tac
713 5423 779 5498 δὲ
812 5421 1041 5498 ἡμέρας.
1063 5420 1206 5498 δέκα
1237 5420 1349 5498 δύο
1376 5421 1543 5498 ὼρῷν
1593 5424 1735 5476 Hora
1775 5420 1916 5498 apud

2014 5364 2202 5406 ccccx.
2231 5350 2596 5421 Quamobrem
2648 5352 2881 5420 singulis
2935 5353 3083 5407 boris
3123 5352 3604 5421 aequinoctialibus

2018 5437 2085 5474 xv
2116 5422 2354 5491 gradus;
2391 5420 2605 5477 duabus
2652 5422 2805 5476 horis
2830 5464 2844 5489 ,
2880 5422 2995 5477 sive
3028 5438 3102 5477 xu
3149 5420 3256 5478 diei
3304 5433 3455 5491 parte
3495 5436 3602 5475 xxx

344 5491 877 5569 Epiplianiuinduas
905 5491 1312 5569 :rquinoctiales
1340 5491 1606 5569 continet,
1634 5502 1697 5546 ut
1731 5500 1785 5546 et
1802 5492 1919 5569 alio
2016 5494 2218 5569 gradus
2248 5491 2486 5569 conficit:

349 5560 466 5625 lin-.6
495 5568 802 5623 evidentius
840 5560 1062 5619 indicat.
1089 5560 1207 5616 Jam
1238 5565 1379 5631 quod
1410 5566 1555 5618 hora:
1586 5579 1688 5616 xxx
1725 5561 1917 5632 μοίρας

348 5642 569 5700 tribuit;
612 5639 692 5692 sic
726 5635 952 5704 intelligi
989 5641 1186 5703 potest.
1217 5632 1308 5688 Sol
1335 5636 1529 5690 diebus
1557 5634 1917 5704 singulislioc

348 5722 431 5769 est
462 5727 534 5765 xu
573 5708 745 5766 buris.
792 5706 874 5762 vel
909 5702 1034 5759 ixiv
1058 5747 1074 5762 ,
1103 5704 1367 5759 circulum
1401 5702 1689 5766 describit,
1725 5702 1813 5771 qui
1858 5702 1909 5753 in

2090 5558 2201 5633 (54)
2244 5565 2346 5630 Εὶς
2373 5560 2615 5633 δώδεκα
2648 5562 2925 5633 κλίματα.
2971 5560 3107 5616 Nam
3126 5560 3372 5616 totidem
3416 5570 3605 5615 vento-

2021 5631 2139 5687 rum
2176 5634 2445 5705 regiones.
2488 5631 2621 5689 Vide
2652 5631 2787 5690 Gell.
2820 5634 2913 5687 lib.
2951 5647 3011 5697 ιι,
3042 5647 3161 5703 cap.
3190 5633 3278 5686 29..
