3950 6162
340 274 475 347 icta

367 497 530 561 εὐθὺς
560 498 618 549 ἐν
652 498 793 569 ἀρχῇ
822 498 919 568 τὴν
953 498 1183 569 Μητέρα.
1221 498 1329 550 τῶν
1372 498 1507 552 ὅλων
1547 498 1842 564 ἐπέδειξεν,
1887 502 1963 553 εί-

367 587 486 642 πών
509 605 521 617 ·
572 588 677 641 Ἐν
704 587 861 658 ἀρχῇ
889 588 1184 655 ἐποίησεν
1205 592 1236 642 ό
1263 589 1412 656 Θεὸς
1436 590 1542 644 τόν
1571 574 1834 659 οὐρανὸν
1864 592 1964 650 κη’,

341 676 484 744 τὴν
513 675 648 746 γῆν.
706 676 958 748 Τέσσαρα
1000 672 1091 731 οὖν
1134 676 1309 731 ταῦτα
1342 679 1637 748 ὀνομάσας,
1684 679 1839 740 Θεὸν,
1869 680 1963 732 καὶ

342 763 563 839 ἀρχὴν,
602 767 850 839 οὐρανὸν,
889 768 982 821 καὶ
1023 768 1147 839 γῆν,
1175 768 1274 840 τὴν
1296 769 1615 840 Τετρακτὺν
1647 769 1846 832 αὐτῶν,
1888 769 1963 832 ὡς

367 861 522 914 αὐτοὶ
540 860 779 927 λέγουσι,
821 859 1145 914 διετύπωσε.
1188 861 1297 915 Καὶ
1334 860 1426 915 τὸν
1461 861 1695 933 ἀόρατον
1728 863 1742 891 ¹
1784 861 1840 913 δὲ
1870 860 1964 913 καὶ

352 953 461 1006 *τὸν
491 953 804 1024 ἀπόκρυφον
834 951 1006 1022 αὐτῆς
1039 951 1316 1023 μηνύοντα
1336 954 1543 1007 εἰπεῖν’
1586 954 1649 1007 Ἠ
1683 952 1751 1006 δὲ
1781 952 1855 1022 γῆ
1886 949 1965 1022 ἦν

366 1043 743 1112 ἀόρατοςκαί
798 1043 1362 1110 ἀκαωσκεόαστος.
1424 1044 1534 1114 Τὴν
1581 1043 1841 1114 δευτέραν
1863 1045 1963 1096 Τε-

367 1136 561 1208 τράδα,
609 1135 856 1206 γέννημα
895 1135 1120 1206 πρώτης
1171 1135 1462 1207 Τετράδος,
1501 1134 1674 1200 οὕτως
1703 1135 1868 1190 αὐτὸν
1894 1138 1965 1188 εί-

373 1228 596 1299 ρηκέναι
642 1226 909 1291 θέλουσιν,
942 1226 1211 1280 νΑϐυσσον
1243 1227 1579 1298 ὀνομάζοντα
1618 1228 1713 1281 καὶ
1767 1229 1966 1291 Σκότος

369 1322 426 1373 ἐν
459 1320 641 1388 σφίσιν
676 1320 696 1368 .'
733 1320 915 1382 αὐτοῖς
963 1320 1057 1372 καὶ
1094 1319 1299 1389 Ὓδωρ,
1341 1321 1433 1373 καὶ
1474 1321 1535 1373 τὸ
1569 1320 1966 1394 ἐπιφερόμενον

338 1416 341 1419 ’
366 1413 445 1484 τῷ
474 1412 626 1466 ὕδατι
653 1412 898 1483 Πνεῦμαο
928 1414 1045 1484 μεθ’
1076 1414 1142 1484 ἣν
1176 1413 1274 1483 τῆς
1306 1412 1527 1479 δεκάδος
1562 1414 1968 1487 μνημονεύοντα

369 1506 484 1573 φῶς
543 1505 723 1575 λέγειν
776 1506 868 1557 καί
904 1505 1118 1578 ἡμέραν
1164 1506 1257 1559 καὶ
1308 1506 1499 1571 νύκτα,
1573 1507 1862 1578 στερέωμά
1908 1526 1966 1562 τε

346 1599 464 1652 ικαὶ
513 1599 774 1670 ἑσπέραν,
812 1600 907 1651 καὶ
956 1598 984 1651 ὃ
1026 1598 1274 1652 καλεῖται
1317 1599 1497 1670 πρωῒ,
1551 1596 1723 1671 ξηράν
1761 1617 1819 1653 τε
1874 1603 1969 1655 καὶ

369 1691 679 1756 θάλασσαν,
736 1689 817 1744 ἔτι
860 1707 919 1743 τε
964 1689 1229 1760 βοτάνην,
1276 1691 1369 1743 καὶ
1420 1689 1631 1762 δεκάτῳ
1681 1691 1833 1762 τόπῳ
1877 1691 1967 1757 ξύ·-

338 1786 478 1838 λλον.
533 1783 691 1837 Οὕτω
747 1784 804 1837 δὲ
846 1783 937 1837 διὰ
993 1781 1102 1836 τῶν
1156 1783 1625 1854 δέκαόνομάτων
1664 1786 1789 1849 τοὺς
1829 1784 1963 1839 δέκα
1998 1766 2039 1820 η

371 1876 583 1940 Λῖῶνας
626 1875 1017 1947 μεμηνυκέναι.
1059 1876 1171 1946 Τῆς
1202 1874 1257 1929 δὲ
1285 1875 1600 1939 δυοδεκάδος
1622 1876 1796 1941 οὕτως
1824 1877 1961 1942 ἔξει-η

342 1968 613 2022 κονὶσθαι
650 1969 780 2040 παρ’
811 1967 962 2038 αύτῷ
997 1967 1095 2039 τὴν
1136 1968 1387 2038 δύναμιν.
1419 1969 1607 2023 Ἥλιον
1640 1970 1748 2041 γὰρ
1782 1970 1963 2040 λέγειν

365 2066 463 2118 καὶ
505 2062 749 2134 σελήνην,
789 2061 1022 2132 ἀστέρας
1077 2078 1133 2114 τε
1172 2061 1264 2114 καὶ
1292 2060 1557 2133 καιροὺς,
1599 2062 1880 2128 ἐνιαυτούς
1902 2080 1962 2116 τε

348 2151 461 2208 ’καὶ
494 2155 654 2225 κήτη,
697 2152 886 2223 ἰχθύας
923 2151 1016 2205 καὶ
1051 2152 1276 2221 ἑρπετά,
1331 2152 1552 2205 πετεινὰ
1611 2153 1703 2203 καὶ
1769 2152 1964 2223 τετρά-

366 2242 525 2304 ποδα,
555 2242 720 2314 θηρία
768 2258 822 2295 τε
871 2241 964 2295 καί
1011 2238 1258 2312 (πετεινά
1290 2258 1393 2293 που
1430 2243 1542 2305 τοῖς
1566 2241 1608 2310 ³)
1646 2241 1965 2296 δυοδέκατον

358 2336 457 2387 τὸν
501 2333 806 2406 ἄνθρωτον.
870 2331 1057 2397 Οὕτως
1122 2333 1227 2386 ὑπὸ
1298 2330 1392 2385 τοῦ
1458 2332 1779 2403 Πνεύματος
1864 2335 1964 2407 τὴν

339 2428 655 2497 ’τριάκοντα
698 2427 717 2458 δ
741 2425 828 2479 διὰ
852 2425 1134 2489 Μωῦσέως
1174 2424 1427 2497 εἰρῆσθαι
1461 2424 1823 2480 διδάσκουσιν.
1855 2425 1966 2480 ’Λλ-

341 2520 435 2575 ’λὰ
471 2521 577 2591 μὴν
619 2519 714 2572 καὶ
756 2521 845 2572 τὸν
877 2518 1117 2571 πλαστὸν
1168 2516 1455 2589 ἄνθρωπον
1488 2518 1608 2571 κατ’
1650 2518 1834 2573 εἰκόνα
1865 2520 1966 2593 τῆς
2012 2516 2019 2522 ’

338 2620 482 2676 “ἆνω
515 2621 800 2692 δυνάμεως
835 2620 978 2691 ἔχειν
1010 2622 1067 2674 ἐν
1111 2618 1261 2691 αύτῷ
1295 2620 1391 2690 τὴν
1422 2619 1530 2673 ἀπὸ
1557 2619 1657 2691 τῆς
1698 2623 1829 2693 μιᾶς
1862 2641 1968 2696 πη-

338 2714 475 2784 γήν
507 2714 549 2767 ⁸.
596 2712 864 2785 Ἱδρῦσθαι
887 2712 941 2765 δὲ
980 2710 1155 2765 ταῦτα
1193 2713 1250 2765 ἐν
1278 2710 1356 2783 τῷ
1376 2712 1517 2765 κατὰ
1549 2713 1638 2765 τὸν
1666 2714 1967 2785 ἐγκέφαλον

346 2807 551 2877 ,οτάπρο
621 2808 712 2874 ἀφ’
768 2800 834 2878 ἧς
884 2806 1151 2878 ἀπορρεῖν
1203 2804 1461 2875 δυνάμεις
1506 2805 1800 2877 τέσσαρας,
1847 2825 1950 2861 κατ

369 2899 553 2951 εἰκόνα
579 2897 677 2966 τῆς
697 2897 810 2951 ἄνω
845 2898 889 2950 Τ
893 2896 1117 2967 ετράδος
1151 2896 1494 2967 καλουμένας
1515 2914 1527 2927 ·
1562 2898 1661 2968 τὴν
1710 2898 1808 2969 μὲν
1834 2899 1954 2972 ὅροι⁹

990 291 1126 344 ΑΜ
1139 284 1363 348 Βηδυδ
1390 291 1743 348 ἓΙΙίΕῐὶΕΞΕΞ
1794 293 1921 348 ιλιι).
1946 294 1980 350 ἰ

2072 294 2210 351 ΓΟΜ.
2256 295 2343 350 ιιι.
2383 294 2759 352 ---IL£BES.
2803 293 3043 349 XXXIV.

366 406 555 477 φασὶν,
577 404 875 475 ἀρχόμενος
918 406 1016 476 τῆς
1050 406 1190 459 κατὰ
1223 405 1321 477 τὴν
1365 405 1540 459 κτίσιν
1578 408 1960 479 πραγματείας

2072 410 2378 464 testimonia
2422 411 2622 475 solent,
2653 408 3134 466 commemoranda
3171 407 3432 482 primum,
3458 412 3659 468 deinde
3746 412 3762 425 '

3546 294 3661 353 σῦῖὧ

2066 499 2362 553 refellenda
2392 509 2540 554 sunt.
2585 498 2798 570 Moyses
2825 500 2992 562 enim,
3021 498 3278 568 inquiunt
3307 498 3360 553 in
3383 497 3515 569 ipso
3544 507 3658 553 sta-

2065 591 2159 642 tim
2190 591 2371 660 operis
2405 590 2575 653 aditu,
2607 606 2718 660 quo
2748 591 2815 645 de
2847 605 3031 644 rerum
3075 590 3356 645 creatione
3386 590 3656 660 disputat,

2065 683 2309 772 (puniunt
2341 681 2575 759 Matrem
2609 689 3024 745 commemorat,
3058 682 3351 738 hisvcrbis
3377 681 3475 738 :In
3510 685 3659 753 prin-

2066 771 2201 840 cipio
2242 775 2436 827 creavit
2469 771 2606 827 Deus
2635 772 2824 826 coelum
2856 780 2904 825 et
2941 772 3208 824 terram".
3239 771 3341 828 Ubi
3370 787 3494 827 cum
3522 785 3660 841 qua-

2068 879 2193 919 tuor
2232 866 2333 919 ista
2376 865 2697 933 nominarit,
2731 862 2926 929 Deum,
2959 865 3318 936 principium.
3350 865 3553 919 omium
3592 879 3656 916 ac

2069 966 2293 1023 terram,
2331 975 2485 1012 suam
2518 968 2776 1013 asserunt
2827 959 3280 1028 comprehensam
3311 972 3433 1012 esse
3472 954 3660 1011 Tetra-

2068 1050 2209 1104 dem.
2243 1048 2400 1116 Quod
2435 1059 2613 1103 autem
2661 1049 2875 1101 occulta
2906 1047 3096 1103 eadem
3139 1048 3230 1102 illa
3274 1062 3374 1113 nec
3421 1053 3661 1116 aspecta-

2067 1143 2194 1198 bilis
2222 1143 2314 1207 sit,
2351 1141 2402 1196 id
2435 1140 2793 1211 sequentibus
2832 1140 3012 1196 verbis
3042 1141 3327 1211 attigisse:
3348 1138 3518 1194 Terra
3559 1155 3658 1192 au—

2072 1247 2171 1291 tem
2195 1246 2309 1290 erat
2341 1234 2621 1289 invisibilis
2644 1245 2696 1289 et
2727 1233 2995 1300 informis.
3022 1231 3345 1287 Secundam
3397 1246 3526 1287 vero
3557 1228 3660 1285 Te-

2050 1329 2300 1393 tradem,
2334 1328 2427 1398 qui
2460 1326 2665 1397 prioris
2709 1333 2792 1379 est
2830 1324 3007 1387 fetus,
3064 1323 3145 1379 sic
3175 1322 3398 1395 Moysen
3440 1338 3657 1393 expres-

2072 1418 2212 1475 sisse
2239 1418 2518 1472 declarant
2574 1432 2696 1471 cum
2726 1416 3009 1483 abyssum,
3033 1423 3087 1469 et
3122 1414 3411 1475 tenebras:
3436 1429 3658 1483 aquam,

2073 1502 2235 1583 atque
2264 1511 2610 1566 incubantem
2634 1510 2792 1580 aquis
2823 1501 3091 1579 spiritum
3112 1507 3415 1561 nominavit
3435 1528 3444 1560 :
3464 1515 3660 1576 postca

2074 1606 2303 1660 Decedis
2321 1619 2543 1675 quoque
2573 1602 2905 1656 mentionem
2949 1600 3147 1654 ibidem
3195 1599 3345 1659 ﬁeri,
3376 1614 3500 1653 cum
3544 1598 3657 1662 lux,

2072 1698 2191 1752 dies
2237 1703 2291 1751 et
2331 1711 2459 1758 nox,
2506 1694 2932 1755 tinnameutum,
2970 1706 3218 1762 vespera,
3256 1704 3437 1749 mane,
3474 1687 3655 1751 arida,

2073 1804 2256 1851 mare,
2290 1772 2490 1847 herba,
2529 1801 2591 1839 ac
2636 1784 2850 1838 decimo
2879 1782 3092 1836 tandem
3131 1781 3251 1835 loco
3288 1781 3490 1850 lignum
3532 1794 3657 1850 pro-

2072 1870 2323 1952 ponitur.
2349 1877 2445 1934 liis
2482 1878 2625 1931 cnim
2667 1874 2948 1930 vocabulis
2977 1874 3165 1928 decem
3201 1874 3424 1928 totidem
3450 1870 3658 1926 Aioues

2036 1972 2322 2042 ,intelligi.
2355 1970 2485 2025 Nam
2513 1968 2818 2025 Dodecadis
2842 1970 2948 2023 vim
2985 1971 3087 2023 hoc
3120 1968 3269 2050 illum
3303 1968 3661 2022 adumbrassc

2073 2064 2235 2120 modo
2287 2065 2550 2120 sentiunt.
2606 2062 2821 2133 Quippe
2860 2063 3029 2117 solem
3079 2073 3132 2116 et
3182 2061 3659 2123 luuam,sidera,

2074 2166 2449 2227 tempestates,
2483 2171 2679 2218 annos,
2717 2165 2855 2220 cete,
2890 2156 3089 2225 pisces,
3126 2154 3362 2224 reptilia,
3387 2152 3658 2211 volucres.

2072 2248 2477 2320 quadrupedes,
2504 2248 2645 2301 feras
2677 2262 2690 2297 :
2729 2262 2790 2299 ac
2814 2254 3094 2315 postremo
3124 2245 3244 2299 lOCU
3274 2243 3658 2297 duodecimum

2076 2342 2348 2397 hominem
2379 2339 2777 2411 proposuisse;
2814 2354 2989 2407 eoque
3039 2336 3202 2391 modo
3231 2336 3584 2390 tricenarium
3621 2350 3652 2387 a

2074 2434 2258 2506 Moyse
2287 2439 2776 2488 commemoratum
2808 2416 3146 2483 existimant.
3176 2426 3464 2482 Hominem
3493 2441 3662 2497 porro

2074 2529 2139 2584 ad
2168 2540 2435 2597 supremae
2480 2525 2709 2579 Virtutis
2750 2522 3028 2592 exemplar
3059 2520 3314 2582 eﬂiclum.
3343 2531 3655 2574 manantem

2075 2622 2146 2676 ab
2173 2638 2281 2676 uno
2314 2617 2463 2673 fonte
2484 2618 2594 2671 vim
2635 2619 2690 2670 in
2719 2631 2842 2670 sese
2870 2615 3176 2670 continere.
3212 2613 3457 2689 Eamque
3486 2612 3540 2667 in
3571 2626 3661 2667 ce-

2072 2713 2233 2768 rebro
2284 2709 2609 2764 collocatam
2647 2721 2804 2771 esse,
2845 2722 2874 2760 a
2924 2721 3033 2776 quo
3085 2705 3371 2761 facultates
3426 2715 3661 2777 quatuor

2074 2804 2333 2879 profecta:
2388 2802 2668 2857 cmlestem
2741 2799 2890 2853 illam
2951 2801 3242 2855 Tetradem
3312 2800 3659 2854 adumbrant.

2077 2900 2215 2963 Sunt
2242 2906 2424 2952 autem
2450 2896 2566 2950 lucc
2591 2914 2604 2950 :
2633 2892 2820 2958 Visus,
2845 2893 3088 2961 auditus,
3115 2893 3349 2948 olfactus
3368 2900 3422 2949 et
3443 2902 3658 2964 gustus.

370 3011 476 3058 σιν,
502 2992 599 3064 τὴν
633 2993 689 3046 δὲ
718 2993 904 3063 ἀκοὴν,
958 2991 1056 3064 τὴν
1099 2989 1157 3045 δὲ
1195 2992 1393 3064 τρίτην
1424 2993 1714 3065 ὄσφρησιν,
1742 2995 1839 3048 καὶ
1867 2996 1966 3067 τὴν
2002 2998 2269 3068 τετάρτην
2292 2994 2497 3064 γεῦσιν.

445 3085 555 3156 Τὴν
579 3085 636 3138 δὲ
678 3084 936 3151 Ὀγδοάδα
966 3084 1120 3154 φασὶ.
1142 3082 1445 3156 μηνύεσθαι
1481 3084 1570 3138 διὰ
1608 3085 1701 3138 τοῦ
1758 3084 1970 3154 ἀνθρώ-

2147 3086 2458 3156 Ogdoadem
2495 3098 2625 3139 vero
2670 3082 2749 3138 sic
2785 3080 3062 3137 hominem
3113 3076 3320 3133 referre
3363 3083 3612 3132 statuunt
3643 3095 3657 3132 :

344 3187 477 3231 που
533 3175 704 3241 οὕτως
729 3194 742 3207 ’
795 3179 963 3241 ἀκοὰς
991 3165 1099 3249 μὲν
1119 3175 1215 3230 δύο
1253 3175 1476 3248 ἔχοντας
1510 3177 1551 3239 ⁸,
1571 3179 1673 3231 καὶ
1697 3178 1968 3243 τοσαύτας

342 3269 612 3341 “όράσεις,
663 3267 744 3322 ἔτι
786 3286 845 3322 τε
880 3269 1183 3341 όσφρῆσεις
1217 3268 1333 3335 δύο,
1384 3270 1479 3322 καὶ
1522 3268 1717 3339 διπλῆν
1756 3268 1965 3339 γεῦσιν,

350 3362 572 3434 ’πικροῦ
615 3380 674 3417 τε
736 3363 831 3417 καὶ
877 3363 1151 3433 γλυκέως.
1203 3362 1363 3417 ’Ὀλον
1435 3362 1492 3415 δὲ
1541 3362 1632 3416 τὸν
1683 3362 1968 3434 ἄνθρωπον

348 3458 554 3511 ςπᾶσαν
576 3455 676 3528 τὴν
706 3454 887 3509 εἰκόνα
922 3455 1020 3526 τῆς
1053 3454 1456 3527 Τριακοντάδος
1498 3452 1672 3518 οὕτως
1705 3454 1849 3525 ἔχειν
1886 3456 1964 3509 δι-

354 3546 684 3601 δάσκουσιν.
715 3546 804 3599 Ἑν
838 3546 934 3616 μὲν
958 3549 1088 3610 ταῖς
1119 3546 1277 3618 χερσὶ
1304 3546 1392 3600 διὰ
1419 3544 1530 3599 τῶν
1561 3543 1840 3599 δακτύλων
1869 3546 1968 3618 τὴν

359 3640 583 3694 Δεχάδα
619 3638 940 3710 βαστάζειν·
980 3642 1038 3693 ἐν
1068 3639 1174 3711 ὅλῳ
1206 3638 1262 3692 δὲ
1286 3637 1362 3711 τῷ
1387 3638 1600 3711 σώματι
1630 3642 1709 3705 εἰς
1742 3639 1971 3694 δεκαδύο

377 3733 514 3805 μέλη
544 3733 912 3804 διαιρουμένῳ
949 3734 1046 3806 τὴν
1079 3732 1394 3787 Δωδεκάδα.
1425 3731 1705 3804 Διαιροῦσι
1736 3733 1795 3786 δὲ
1837 3733 1971 3787 αὐτὸ

374 3826 630 3899 καθάπερ
659 3827 720 3880 τὸ
747 3828 844 3899 τῆς
878 3826 1135 3897 ἀληθείας
1162 3826 1417 3899 διῄρηται
1440 3827 1572 3900 παρ’
1598 3827 1783 3890 αὐτοῖς
1814 3826 1967 3900 (τοῖς)

374 3920 647 3990 σώμασι,
701 3919 830 3987 περὶ
861 3919 879 3947 ⁷
949 3912 1010 3972 οὗ
1078 3920 1514 3991 προειρήκαμεν.
1579 3920 1691 3991 Τήν
1765 3934 1824 3971 τε
1877 3914 1969 3972 οὖν

358 4006 667 4080 ’⁹Ογδοάδα,
724 4010 964 4083 ἄρῤητόν
992 4029 1053 4064 τε
1108 4013 1205 4065 καὶ
1246 4012 1480 4083 ἀόρατον
1512 4008 1711 4079 οὖσαν,
1762 4013 1820 4067 ἐν
1859 4014 1970 4075 τοῖς

370 4103 712 4175 σπλάγχνοις
747 4104 1095 4175 κρυόομένην
1122 4103 1383 4158 νοεῖσθαι.

446 4198 565 4263 ις’.
604 4195 796 4249 ’Ἥλιον
850 4195 907 4248 δὲ
962 4195 1124 4250 πάλιν
1167 4196 1260 4249 τὸν
1289 4196 1473 4267 ,μέγαν
1510 4191 1775 4268 φωστῆρα
1808 4197 1865 4249 ἐν
1901 4198 1967 4267 τῇ

362 4288 614 4360 ’τετάρτῃ
652 4284 758 4340 τῶν
785 4285 1006 4358 ἡμερῶν
1039 4286 1325 4356 γεγονέναι
1355 4285 1443 4340 διὰ
1472 4286 1563 4339 τὸν
1585 4285 1687 4355 τῆς
1699 4285 1969 4359 Τετρᾴδος

369 4378 609 4450 ἀριθμὸν
638 4377 930 4448 φάσκουσι.
958 4379 1071 4449 Τῆς
1102 4396 1162 4432 τε
1190 4378 1397 4449 σκηνῆς
1432 4377 1533 4449 τῆς
1554 4378 1660 4431 ὑπὸ
1688 4377 1969 4442 Μωῦσέως

2071 3177 2214 3247 quod
2254 3183 2324 3231 et
2369 3190 2532 3230 aures
2572 3173 2712 3228 duas
2769 3171 3003 3229 habeat.
3060 3169 3361 3238 oculosque
3388 3167 3659 3232 totidem,

2071 3284 2233 3324 nares
2278 3267 2404 3321 item
2440 3266 2508 3320 ad
2538 3265 2911 3321 olfaciendum
2947 3262 3106 3328 duas,
3148 3277 3213 3316 ac
3248 3260 3526 3339 duplicem
3558 3276 3662 3332 ευ»

2072 3370 2240 3419 stum.
2266 3358 2438 3412 amari
2470 3357 2725 3412 videlicet
2756 3371 2820 3412 ac
2851 3355 3062 3422 dulcis,
3109 3371 3238 3432 nam
3287 3353 3449 3425 251
3480 3361 3658 3409 totum

2052 3454 2250 3522 ipsum
2277 3451 2553 3505 hominem
2578 3450 2893 3505 universam
2912 3447 3216 3504 Triceuarii
3243 3447 3659 3503 similitudinem

2074 3541 2221 3595 hunc
2266 3540 2322 3594 in
2355 3537 2578 3593 modum
2612 3539 2938 3609 exprimere.
2978 3537 3223 3593 Primum
3254 3539 3309 3592 in
3340 3537 3525 3607 digitis
3558 3535 3661 3611 De-

2064 3631 2264 3693 .cadem
2307 3623 2688 3686 circumferre.
2730 3628 2871 3684 Tum
2912 3630 2968 3684 in
2999 3646 3231 3701 corpore
3264 3638 3380 3685 toto
3412 3629 3659 3685 Dedecu-

2072 3722 2218 3785 dem,
2257 3722 2402 3793 quod
2457 3736 2535 3776 xu
2581 3722 2635 3776 in
2682 3723 2927 3778 membra
2957 3723 3240 3777 diuiditur.
3272 3719 3352 3774 Ita
3376 3721 3528 3776 enim
3557 3720 3663 3776 hoc

2072 3813 2456 3881 distribuunt,
2504 3822 2563 3868 ut
2613 3822 2668 3867 et
2710 3813 2969 3869 Veritatis
3003 3829 3225 3891 corpus,
3261 3812 3329 3868 de
3361 3828 3470 3884 quo
3500 3824 3659 3867 antea

2068 3905 2336 3963 diximus.
2385 3906 2698 3978 Ogdoadem
2751 3906 3021 3978 denique,
3074 3923 3196 3977 quae
3246 3922 3349 3962 nec
3397 3907 3660 3976 explicari

2068 4015 2327 4056 sermone
2347 4041 2361 4064 ,
2409 4016 2511 4055 nec
2547 4001 2724 4055 oculis
2755 4006 2935 4071 potest
2983 4000 3227 4072 percipi,
3256 3999 3316 4052 in
3346 3999 3659 4055 visceribus

2076 4089 2340 4144 latentem
2383 4088 2635 4159 intelligi.

2144 4178 2287 4236 XVI.
2316 4179 2518 4236 Praeter
2544 4180 2662 4236 haec
2689 4180 2882 4247 solem,
2911 4180 3183 4237 luminare
3214 4180 3347 4238 illud
3377 4198 3658 4254 magnum,

2075 4273 2143 4330 ad
2178 4272 2536 4340 indicandum
2573 4271 2827 4330 Tetradis
2864 4288 3155 4329 numerum
3189 4282 3386 4346 quarto
3410 4274 3505 4331 die
3530 4291 3663 4353 pro-

2075 4374 2321 4423 creatum
2375 4374 2588 4435 putant.
2625 4364 2780 4432 Quod
2829 4368 3009 4437 ipsum
3058 4366 3282 4422 Mosaici
3314 4368 3660 4435 tabernaculi

376 4470 917 4541 κατασκευασθείσης
947 4472 1003 4524 αί
1026 4470 1208 4535 αὐλαὶ,
1231 4471 1293 4523 ἐκ
1310 4468 1535 4542 βύσσου,
1563 4472 1658 4525 καί
1685 4470 1964 4537 ὑακίνθου,

2074 4461 2245 4516 aulaea
2270 4468 2721 4531 repraesentasse,
2755 4474 2821 4514 ex
2845 4460 3032 4530 bysso,
3063 4459 3384 4531 hyacintho,
3418 4477 3661 4532 purpura

373 4563 474 4616 καὶ
514 4560 823 4633 πορφύρας,
882 4561 976 4614 καὶ
1019 4560 1275 4614 κοκκίνου
1328 4564 1631 4630 γεγονυῖαι,
1665 4560 1765 4632 τὴν
1798 4560 1969 4633 αὐτὴν

376 4651 507 4723 παρ’
540 4652 722 4715 αὐτοῖς
748 4650 1031 4718 ἐπέδειξαν
1056 4650 1260 4705 εἰκόνα.
1287 4650 1390 4704 Τόν
1421 4668 1480 4704 τε
1516 4648 1612 4704 τοῦ
1653 4650 1843 4723 ἱερέως
1874 4669 1972 4705 πο-

366 4745 538 4817 τδήρη,
584 4744 847 4817 τέσσαρσι
888 4743 1175 4814 στοιχείοις
1215 4742 1237 4775 ⁸
1278 4741 1440 4796 λίθων
1469 4741 1778 4802 πολυτελῶν
1808 4758 1970 4795 κεκο-

376 4835 681 4907 σμημένον,
723 4834 821 4907 τὴν
868 4834 1113 4906 Τετράδα
1158 4833 1444 4906 σημαίνειν
1479 4831 1844 4906 διορίζονται·
1875 4831 1969 4885 καὶ

372 4929 430 4981 εἴ
463 4945 587 4983 τινα
631 4928 858 4981 τοιαῦτα
901 4930 1077 4988 κεῖται
1106 4927 1164 4979 ἐν
1185 4929 1304 4991 ταῖς
1334 4926 1600 5000 Γραφαῖς,
1630 4927 1708 4988 εἰς
1741 4923 1831 4978 τὸν
1856 4923 1967 4977 τῶν

374 5021 661 5093 τεσσάρων
715 5020 988 5091 δυνάμενα
1043 5018 1273 5089 ἄγεσθαι
1330 5018 1562 5090 ἀριθμὸν
1601 5017 1689 5072 διὰ
1723 5017 1821 5090 τὴν
1860 5016 1965 5069 Τε-

376 5112 617 5182 τρακτὺν
657 5109 840 5164 αὐτῶν
891 5127 1025 5180 φασι
1078 5109 1383 5179 γεγονέναι.
1430 5109 1543 5181 Τὴν
1587 5108 1645 5163 δὲ
1705 5107 1965 5177 Ὀγδοάδα

376 5202 541 5257 πάλιν
566 5201 876 5255 δείκνυσθαι
924 5200 1117 5265 οὕτως·
1172 5202 1262 5254 Ἐν
1296 5203 1362 5272 τῇ
1403 5200 1565 5274 ὀγδόῃ
1595 5200 1706 5254 τῶν
1739 5196 1966 5272 ἡμερῶν

377 5294 689 5350 πεπλάσθαι
717 5294 1041 5365 λέγουσιτὸν
1063 5293 1373 5367 ἄνθρωπον.
1400 5293 1540 5348 Ποτὲ
1559 5295 1658 5367 μὲν
1678 5293 1788 5365 γὰρ
1803 5291 1969 5347 αὑτὸν

370 5390 444 5458 τῇ
474 5388 611 5461 ἕκτῃ
652 5387 932 5459 βούλονται
988 5387 1294 5457 γεγονέναι,
1340 5388 1471 5441 ποτὲ
1515 5387 1573 5443 δὲ
1610 5390 1677 5459 τῇ
1713 5386 1897 5458 ὀγδόῃ,
1919 5385 1969 5438 εί

379 5479 457 5551 μὴ
491 5480 584 5534 τὸν
616 5482 715 5552 μὲν
741 5481 922 5553 χοῖκὸν
938 5483 996 5534 ἐν
1022 5482 1087 5551 τῇ
1112 5479 1246 5551 ἕκτῃ
1279 5478 1387 5534 τῶν
1412 5478 1638 5552 ἡμερῶν
1659 5476 1848 5551 ἐροῦσι
1868 5493 1968 5529 πε-

374 5711 397 5725 ,
430 5641 466 5725 ’ί
504 5639 640 5695 Iren.
670 5638 887 5725 reﬁce:
913 5649 996 5707 et,
1026 5639 1086 5692 τὸ

375 5711 397 5782 ἒ
430 5711 568 5782 iret].
612 5711 794 5782 πηγῆς
830 5711 1079 5782 δύναμιν.
1131 5711 1247 5765 Mox

1289 5726 1386 5779 pro
1447 5710 1640 5772 ταῦτα,
1702 5709 1933 5780 ταύτην.

368 5781 396 5811 θ
426 5780 562 5835 Gen.
601 5797 638 5846 l,
678 5783 723 5835 ι.

815 5783 854 5812 ⁸⁸
883 5781 1051 5836 Exod.
1090 5798 1235 5845 χλιιι,
1277 5782 1322 5836 ί.

1319 5640 1338 5669 ’
1369 5638 1509 5695 Iren.
1546 5641 1605 5695 ἐν
1633 5634 1713 5703 οἷς
1746 5639 1853 5693 είσι
1889 5637 1983 5692 καὶ
2021 5637 2099 5691 τό.
2174 5636 2195 5668 ³
2218 5636 2361 5694 Iren.
2398 5636 2490 5691 ἐπὶ
2529 5636 2663 5692 πᾶσι
2707 5636 2938 5702 τούτοις.

1319 5726 1386 5763 iro
1447 5710 1640 5763 ταῦτα.
1702 5709 1933 5763 ταύτην.
2011 5706 2449 5763 'For.§‘tov‘ro;.
2529 5709 2549 5739 ⁷
2586 5709 2728 5763 lt’cn.
2768 5709 2929 5763 σῶμα

2104 5724 2185 5762 or.
2213 5724 2449 5763 εγοντος.

1447 5728 1640 5772 ταυτα,
1702 5728 1933 5780 ταυτην.
2012 5728 2031 5738 ν
2058 5728 2185 5763 ror.
2213 5728 2420 5779 εχοντος

1407 5783 1445 5812 ¹¹
1482 5781 1648 5835 Exod.
1689 5797 1880 5845 sum,
1914 5779 1947 5835 4
1986 5797 2107 5849 sqq.

2075 4567 2357 4624 coccoque
2400 4560 2665 4609 contexta
2685 4547 3077 4623 ".ltidemque
3102 4554 3409 4609 sacerdotis
3428 4556 3661 4609 talarem
3714 4606 3719 4609 .

2078 4641 2320 4696 tunicam
2351 4650 2591 4712 quatuor
2615 4640 2925 4711 lapillorum
2940 4643 3226 4698 ordinibus
3252 4644 3568 4698 distinctam
3597 4644 3661 4698 “.

2076 4735 2156 4790 Ac
2190 4735 2236 4790 si
2272 4750 2382 4805 qua
2410 4742 2540 4791 sunt
2561 4733 2982 4804 ejusdemmodi,
3021 4740 3143 4805 qua!
3183 4736 3239 4790 in
3277 4737 3454 4791 sacris
3484 4735 3660 4793 Litte-

2076 4827 2154 4880 ris
2197 4826 2263 4880 ad
2285 4827 2710 4897 quaternarium
2741 4842 3035 4881 numerum
3070 4828 3482 4883 accommodari
3525 4845 3658 4901 pos-

2077 4924 2249 4983 sunt,
2309 4932 2465 4973 suam
2508 4916 2582 4971 ad
2638 4915 2930 4972 Tetradem
2981 4920 3260 4988 pertinere
3308 4921 3657 4978 confirmant.

2074 5009 2389 5081 Ogdoadem
2418 5025 2615 5066 rursus
2659 5009 2767 5065 hoc
2814 5010 2927 5067 fere
2956 5012 3119 5068 modo
3145 5012 3537 5071 demonstrari.
3579 5015 3664 5072 Et-

2073 5102 2219 5157 enim
2280 5108 2484 5165 octavo,
2529 5102 2618 5157 die
2667 5101 2962 5158 formatum
3025 5104 3304 5162 hominem
3360 5117 3660 5176 asserunt,

2074 5210 2236 5266 quem
2292 5194 2431 5250 alias
2481 5202 2637 5251 sexto
2678 5196 2861 5266 potius
2900 5197 3232 5266 productum
3280 5199 3504 5268 volunt;
3554 5201 3660 5256 nisi

2076 5290 2218 5346 forte
2261 5297 2579 5345 terrestrem
2619 5290 2896 5346 hominem
2929 5297 3116 5358 sexto,
3146 5293 3427 5349 carnalem
3465 5301 3664 5350 octavo

2076 5382 2167 5439 die
2220 5381 2548 5438 fabricatum
2606 5383 2941 5457 intelligunt.
2990 5382 3120 5440 llaec
3156 5385 3305 5441 enim
3356 5385 3502 5456 apud
3538 5388 3662 5443 illos

2078 5475 2340 5533 distincta
2394 5480 2545 5531 sunt.
2604 5472 2709 5531 Sed
2758 5476 3007 5533 nonnulli
3063 5475 3342 5537 diversum
3392 5479 3544 5534 illum
3578 5478 3663 5533 fa-

3021 5636 3041 5670 ‘
3069 5637 3237 5711 irem.
3286 5638 3661 5711 Τριακοντάδα

2529 5709 2549 5739 ⁷
2586 5709 2728 5766 Iren.
2768 5709 2929 5782 σῶμα
2969 5712 3115 5782 περί.
3171 5711 3191 5742 ⁸
3226 5709 3362 5766 Iren.
3408 5710 3659 5784 στοίχοις.
