3960 6134
335 307 440 366 617

334 429 516 487 αὐτῶν
547 428 637 485 διά
674 428 784 486 τῶν
817 432 1076 489 τοιούτων
1105 432 1471 489 ἐπιδεικνύναι
1502 432 1926 505 φιλεριστοῦσιν.

976 310 1352 371 ADVERSUS
1390 291 1736 375 emensas
1774 313 1904 371 LIB.

2030 313 2196 373 ἹῸΜ.
2238 316 2327 374 111.
2369 347 2437 356 ——
2478 310 2748 371 "AZRES.
2790 312 3031 370 XXXIV.

3516 312 3619 368 618

2040 443 2427 510 aggregarunt.
2477 434 2652 503 Quam
2684 438 2849 491 etiam
2896 435 2968 491 ob
3005 448 3231 490 causam
3263 431 3486 506 triginta
3519 448 3622 490 eu-

336 523 485 580 bitos
514 524 859 582 tabernaculi
892 527 1175 601 longitudo
1202 529 1398 600 patuit.
1428 530 1510 587 Ac
1559 532 1607 586 si
1649 545 1758 602 qua
1814 538 1948 589 sunt.
1985 533 2091 588 alia
2139 534 2259 605 pari
2316 531 2715 606 comprehensa
2749 544 3018 599 numero,
3084 545 3247 588 suum
3278 530 3346 586 ad
3383 531 3621 589 tricena-

335 620 480 675 rium
514 618 985 679 accommodanda
1017 638 1140 680 esse
1169 624 1439 683 acerrime
1467 629 1831 683 contendunt.

405 712 518 769 lH'.
572 716 896 787 Ἀναγκαῖον
954 719 970 751 ί
1022 719 1318 792 ἡγησάμην
1371 721 1687 793 προσθεῖναι
1723 722 1919 789 τούτοις

2107 710 2298 770 XVIII.
2337 708 2551 781 Quibus
2604 711 2864 769 omnibus
2920 707 3265 784 adiungenda
3320 713 3621 789 Scriptum

331 807 431 863 καὶ
459 808 562 864 ὅσα
599 811 729 881 περὶ
772 810 866 865 τοῦ
900 810 1257 886 Προπάτορος
1303 812 1505 882 αὐτῶν,
1546 810 1606 880 ὃς
1649 818 1928 889 ἄγνωστος

331 896 402 972 ἦν
426 903 540 966 τοῖς
568 904 701 956 πᾶσι
738 903 846 975 πρὸ
883 904 982 976 τῆς
1008 904 1104 959 τοῦ
1140 901 1378 978 Χριστοῦ
1408 909 1732 982 παρουσίας,
1768 905 1927 964 exte-

333 1010 526 1062 γοντες
555 996 620 1048 ὲκ
643 995 752 1049 τῶν
788 996 1023 1068 Γραφῶν
1053 996 1262 1052 πείθειν
1286 1001 1676 1073 ἐπιχειροῦσιν,
1708 1002 1773 1055 ἵν’
1807 1004 1926 1056 ἐπι-ι

331 1084 551 1153 δείξωσι
582 1085 674 1141 τὸν
709 1085 907 1160 Κύριον
948 1090 980 1160 ή
989 1087 1107 1159 μῶν
1142 1089 1300 1144 ἀλλον
1328 1092 1766 1162 καταγγέλλοντα
1817 1094 1929 1150 Πα-

331 1175 469 1248 τέρα
504 1176 658 1248 παρά
683 1177 776 1231 τὸν
808 1179 1037 1251 ποιητὴν
1070 1178 1224 1234 τοῦδε
1251 1180 1346 1234 τοῦ
1381 1183 1584 1249 παντός
1601 1199 1615 1214 ’
1640 1184 1720 1253 ὃν,
1744 1184 1927 1250 καθὼς

333 1269 677 1341 προέφαμεν,
727 1270 1053 1337 ἀσεϐοῦντες
1075 1314 1091 1339 ,
1141 1273 1517 1347 ὑστερήματος
1546 1276 1756 1349 καρπὸν
1786 1272 1926 1333 εἶναι

331 1359 573 1430 λέγουσι.
632 1360 739 1417 Τόν
800 1363 932 1434 γοῦν
997 1365 1285 1439 προφήτην
1366 1367 1597 1423 Ἡσαΐαν
1661 1370 1922 1433 εἰπόντα,

344 1453 595 1523 Ἰσραὴλ
623 1453 692 1508 δέ
710 1471 788 1525 με
824 1456 938 1509 οὐκ
970 1455 1146 1525 ἔγνω,
1178 1457 1278 1511 καὶ
1311 1460 1344 1512 ὀ
1378 1460 1529 1526 λαός
1548 1478 1625 1530 με
1667 1464 1740 1518 οὐ
1772 1477 1924 1518 συν-

330 1544 468 1614 ῆκε,
520 1546 620 1617 τὴν
664 1544 760 1599 τοῦ
805 1547 1041 1619 ἀοράτου
1089 1549 1263 1604 Βυθοῢ
1316 1552 1592 1622 ἀγνωσίαν
1643 1556 1925 1628 εἰρηκέναι

334 1637 765 1711 μεθαρμόζουσι.
818 1638 931 1694 Kal.
971 1640 1060 1695 διά
1123 1642 1283 1715 Ὠσηὲ
1330 1644 1392 1699 τὸ
1443 1645 1754 1718 εἰρημένον,
1802 1649 1926 1705 Οὐκ

328 1728 591 1785 ἐστινέν
617 1728 823 1798 αὐτοῖς
855 1731 1108 1802 ἀλήθεια
1133 1733 1277 1789 οὐδὲ
1297 1734 1624 1807 ἐπίγνωσις
1652 1738 1820 1806 Θεοῦ,
1845 1740 1927 1805 είς

328 1818 393 1877 τὸ
444 1819 578 1876 αὐτὸ
634 1818 930 1876 συντείνειν
975 1823 1275 1895 βιάζονται.
1319 1828 1451 1889 Καὶ,
1507 1831 1630 1884 Οὐκ
1677 1831 1853 1885 ἔστιν
1890 1833 1925 1887 ὁ

329 1912 583 1979 συνιὼν,
625 1912 666 1981 ἣ
697 1911 960 1982 ἐκζητῶν
989 1915 1099 1969 τὸν
1123 1917 1290 1973 Θεόν.
1310 1917 1543 1986 Πάντες
1573 1919 1920 1990 ἐξέκλιναν,

327 2004 455 2075 ἅμα
515 2005 952 2075 ἠχρεώθησαν,
1000 2006 1095 2060 ἐπὶ
1134 2009 1237 2081 τῆς
1280 2011 1377 2065 τοῦ
1428 2010 1602 2066 Βυθοῦ
1646 2015 1924 2083 ἀγνωσίας

326 2098 605 2153 τάττουσι.
633 2098 743 2152 Ka‘t
774 2092 836 2152 τδ
868 2097 956 2153 διὰ
981 2100 1263 2165 Μωῦσέως
1290 2101 1348 2155 δὲ
1369 2103 1682 2176 εἰρημένον,
1712 2105 1922 2173 οὐδεὶς

326 2188 542 2261 ὄψεται
574 2190 684 2246 τὸν
711 2191 879 2256 Θεὸν,
903 2191 1004 2247 καὶ
1022 2188 1285 2261 ζήσεται,
1304 2196 1386 2260 εἰς
1403 2197 1610 2250 ἐκεῖνον
1633 2197 1777 2268 ἔχειν
1806 2197 1923 2253 πεί-

327 2283 484 2337 θουσι
507 2282 607 2355 τήν
643 2283 945 2358 ἀναφοράν.
967 2279 1079 2338 ’Τὸν
1110 2285 1212 2357 μὲν
1238 2286 1349 2358 γὰρ
1371 2281 1612 2358 Ποιητῆν
1642 2288 1924 2359 ἐπιψευδό-

328 2391 486 2446 μενοι
539 2374 646 2429 ὑπὸ
685 2374 794 2429 τῶν
826 2376 1123 2448 προφητῶν
1165 2374 1443 2447 ἑωρᾶσθαι
1470 2374 1724 2447 λέγουσι’
1748 2373 1810 2433 τὸ
1841 2379 1919 2445 δὲ,

330 2466 544 2535 Οὐδεὶς
595 2467 807 2537 ὄψεται
847 2468 958 2524 τὸν
987 2468 1166 2534 Θεὸν,
1207 2466 1307 2522 καὶ
1351 2454 1610 2535 ζήσεται,
1654 2470 1784 2542 περὶ
1824 2467 1921 2524 τοῦ

326 2559 565 2632 ἀοράτου
601 2559 867 2632 μεγέθους
901 2559 996 2614 καὶ
1021 2557 1304 2629 ἀγνώστου
1338 2556 1450 2625 τοῖς
1475 2555 1641 2614 πᾶσιν
1666 2560 1921 2635 εἰρῆσθαι

327 2648 561 2706 θέλουσι.
592 2648 704 2706 Καὶ
751 2650 834 2706 ὅτι
883 2651 980 2724 μὲν
1007 2648 1137 2723 περὶ
1162 2649 1260 2704 τοῦ
1302 2651 1534 2723 ἀοράτου
1575 2652 1787 2725 Πατρὺς
1828 2653 1923 2707 καὶ

314 2733 557 2814 ’ποιητοῦ
607 2738 717 2795 τῶν
767 2740 906 2796 ὅλων
961 2741 1176 2813 εἴρηται
1207 2738 1290 2805 τὸ,
1326 2740 1536 2808 Οὐδεὶς
1576 2741 1788 2812 ὄψεται
1813 2742 1925 2798 τόν

324 2834 500 2901 Θεὸν,
544 2834 712 2889 πᾶσιν
745 2835 879 2907 ήμῖν
931 2832 1164 2906 φανερόν
1203 2833 1385 2887 ἔστιν’
1414 2834 1496 2888 ὅτι
1541 2834 1600 2888 δὲ
1646 2834 1767 2889 οὐδὲ
1791 2834 1921 2906 περὶ

320 2914 421 2981 ’τοῦ
464 2926 558 2981 ἐπὶ
577 2928 598 2959 ²
630 2927 836 2981 τούτων
866 2926 1371 2999 παρεπινοουμένου
1400 2925 1596 2993 Βυθοῦ,
1624 2927 1761 2983 ἀλλά
1792 2930 1920 3002 περὶ

325 3019 423 3074 τοῦ
480 3019 846 3093 Δημιουργοῦ,
898 3020 992 3074 καὶ
1030 3018 1192 3084 αὐτός
1238 3020 1385 3073 ἐστιν
1421 3021 1451 3072 ὁ
1484 3019 1718 3091 ἀόρατος
1764 3021 1918 3087 Θεὸς,

325 3110 671 3183 δειχθήσεται
696 3110 790 3165 τοῦ
838 3110 1000 3179 λόγου
1034 3111 1336 3181 προϊόντος.
1379 3110 1491 3164 Kal.
1520 3109 1612 3165 τὸν
1644 3112 1843 3184 Δανιὴλ
1862 3110 1920 3166 δὲ

325 3202 389 3257 τὸ
408 3202 540 3257 αὐτὸ
559 3203 718 3256 τοῦτο
747 3202 1033 3274 σημαίνειν
1070 3204 1129 3256 ἐν
1161 3201 1239 3272 τῷ
1263 3202 1542 3274 ἐπερωτᾷν
1574 3200 1665 3256 τὸν
1693 3201 1921 3272 ἄγγελον

327 3296 429 3360 τὰς
462 3294 741 3360 ὲπιλύσεις
768 3295 877 3349 τῶν
903 3293 1250 3366 παραϐολῶν,
1285 3292 1363 3358 ὡς
1402 3293 1478 3365 μὴ
1526 3294 1724 3349 εἰδότα.
1761 3296 1922 3352 Ἀλλά

2031 807 2351 866 testimonia
2421 805 2648 878 putavi,
2697 805 2904 877 quibus
2948 820 3049 861 sua
3100 806 3193 873 illa
3254 806 3323 863 de
3354 825 3619 881 supremo

2028 896 2264 954 Parente
2298 896 2510 953 somnia
2565 892 2815 952 stabilire
2847 903 3154 962 conantur,
3181 898 3277 967 qui
3317 908 3615 972 antequam

2029 990 2287 1046 Christus
2318 988 2619 1055 adveniret,
2641 988 2898 1045 omnibus
2920 995 3039 1044 erat
3063 989 3302 1060 ignotus.
3337 989 3451 1047 Hoc
3471 993 3623 1059 enim,

2029 1080 2409 1147 demonstrare
2434 1078 2657 1136 student
2684 1095 2697 1131 :
2729 1077 2946 1135 Patrem
2972 1080 3162 1147 alium,
3190 1097 3353 1153 quam
3377 1087 3617 1142 universi

2029 1172 2402 1237 conditorem,
2432 1187 2463 1226 a
2490 1171 2718 1227 Christo
2751 1170 2981 1228 Domino
3011 1171 3185 1229 fuisse
3210 1174 3564 1245 pragdicatum
3600 1196 3615 1244 ;

2028 1279 2191 1335 quem
2221 1264 2411 1331 etiam,
2445 1271 2505 1318 ut
2540 1271 2669 1319 ante
2701 1263 2976 1329 diximus,
3008 1279 3075 1321 ex
3105 1264 3321 1323 defectu
3357 1277 3617 1341 tanquam

2030 1356 2267 1413 fructum
2307 1357 2615 1414 ellloruisse
2665 1357 3028 1413 contendunt.
3068 1358 3233 1431 253
3285 1359 3444 1427 Quod
3472 1363 3616 1418 enim

2028 1448 2200 1507 Isaias
2233 1451 2499 1523 prepheta
2530 1450 2669 1507 dixit
2698 1466 2713 1502 :
2748 1448 2925 1506 Israel
2954 1468 3075 1508 vero
3104 1470 3185 1508 me
3216 1470 3319 1509 non
3348 1457 3614 1528 cognovit,

2026 1550 2077 1596 et
2097 1541 2322 1611 populus
2353 1556 2434 1594 me
2466 1555 2570 1594 non
2603 1537 2931 1603 intellexit",
2958 1539 3011 1595 id
3036 1540 3105 1596 ad
3134 1540 3283 1596 illius
3310 1540 3493 1614 Bythi,
3521 1544 3616 1614 qui

2024 1630 2269 1687 discerni
2298 1630 2479 1686 oculis
2508 1630 2718 1701 nequit,
2742 1628 3145 1700 ignorationem
3171 1632 3612 1689 accommodant.

2028 1722 2168 1779 Tum
2205 1723 2362 1787 illud,
2395 1722 2541 1795 quod
2570 1730 2655 1778 est
2684 1721 2826 1794 apud
2854 1720 3053 1778 Oscam
3087 1740 3100 1777 :
3137 1722 3262 1779 Non
3291 1733 3370 1780 est
3390 1726 3449 1779 in
3479 1725 3616 1797 ipsis

2027 1816 2222 1868 veritas
2243 1855 2259 1882 ,
2301 1828 2464 1884 neque
2507 1813 2735 1884 cognitio
2779 1812 2880 1868 Dei
2923 1815 2944 1846 ⁸
2966 1853 2981 1878 ,
3023 1813 3216 1870 eodem
3263 1814 3614 1871 referendum

2025 1904 2364 1962 existimant.
2401 1903 2535 1959 Item
2567 1920 2581 1956 :
2617 1902 2743 1959 Non
2774 1912 2856 1959 est
2882 1904 2973 1976 qui
3006 1904 3290 1976 intelligat,
3319 1914 3412 1960 aut
3437 1907 3616 1977 requi-

2027 2008 2114 2053 rat
2146 1997 2333 2053 Deum.
2366 1994 2560 2053 Omnes
2593 1996 3009 2061 declinaverunt,
3043 1996 3203 2051 simul
3239 1997 3455 2051 inutiles
3482 1997 3615 2068 facti

2025 2101 2148 2145 sunt
2170 2090 2223 2158 °;
2254 2089 2323 2145 ad
2345 2089 2595 2146 eamdem
2626 2087 2784 2161 Bythi
2820 2086 3222 2159 ignorationem
3249 2086 3612 2143 transferunt.

2025 2178 2162 2236 Illud
2191 2181 2421 2252 insuper
2442 2195 2508 2236 eo
2538 2179 2812 2249 pertinere
2834 2185 3085 2243 censent,
3116 2175 3261 2246 quod
3285 2176 3429 2248 apud
3460 2176 3615 2250 Moy-
3643 2192 3656 2203 ·

2027 2286 2122 2327 scn
2147 2270 2346 2341 legitur
2376 2286 2390 2323 :
2427 2268 2597 2324 Nemo
2628 2268 2819 2324 videbit
2847 2266 3037 2333 Deum,
3066 2276 3116 2321 et
3155 2268 3288 2322 vivet
3317 2268 3361 2323 ⁷.
3400 2267 3612 2325 Etenim

2024 2362 2379 2418 Conditorem
2420 2361 2498 2416 illi
2535 2361 2803 2417 duntaxat
2849 2374 2889 2414 ιι
2917 2359 3203 2431 prophetis
3249 2368 3609 2432 conspectum

2026 2451 2201 2508 fuisse
2239 2465 2529 2524 perperam
2563 2451 2777 2507 volunt.
2808 2449 2959 2506 Istud
2989 2464 3122 2505 vero
3156 2464 3171 2503 :
3205 2448 3377 2505 Nemo
3416 2450 3614 2506 videbit

2026 2546 2193 2603 Deum
2216 2586 2232 2614 ,
2288 2555 2336 2603 et
2367 2548 2534 2613 vivet,
2588 2546 2655 2603 de
2697 2545 2987 2617 majestate
3023 2544 3113 2599 illa
3144 2560 3266 2617 quae
3299 2560 3404 2603 nec
3437 2546 3611 2618 περίοί

2025 2639 2224 2710 possit,
2259 2645 2315 2696 et
2359 2638 2545 2710 ignota
2594 2639 2668 2696 sit
2711 2637 2973 2694 omnibus
3017 2639 3434 2707 pronuntiatum
3466 2638 3613 2694 aﬁir-

2025 2736 2199 2785 mant.
2236 2731 2440 2787 Verum
2478 2730 2549 2786 de
2597 2746 2817 2787 summo
2853 2730 2968 2794 illo,
3000 2729 3097 2800 qui
3143 2730 3318 2786 videri
3355 2745 3465 2786 non
3510 2746 3611 2803 po-

2025 2828 2156 2888 test,
2184 2819 2347 2878 Patre
2376 2837 2442 2878 ac
2472 2821 2768 2878 Conditorc
2793 2821 3036 2879 omnium
3066 2822 3200 2877 illud
3243 2824 3423 2894 ipsum
3453 2839 3622 2879 usur-

2025 2915 2144 2986 pari
2171 2929 2186 2969 :
2219 2913 2393 2971 Nemo
2421 2911 2828 2980 videbit'Deum,
2855 2912 3017 2972 facile
3039 2931 3235 2972 omnes
3270 2915 3610 2987 intelligunt.

2023 3008 2170 3066 Idem
2199 3024 2330 3066 vero
2363 3025 2474 3067 non
2506 3008 2574 3064 ad
2607 3009 2906 3064 eonﬁctum
2930 3009 3082 3064 illum
3103 3009 3172 3065 ab
3196 3008 3321 3064 istis
3345 3007 3573 3080 Bythum
3595 3050 3609 3074 ,

2025 3101 2120 3158 sed
2167 3099 2236 3155 ad
2291 3112 2477 3157 rerum
2510 3102 2757 3156 omnium
2787 3099 3040 3172 opiﬁcem
3082 3100 3415 3163 convenire,
3453 3088 3611 3156 eum-3

2024 3204 2131 3262 que
2178 3205 2282 3245 nec
2326 3189 2712 3260 aspectabitem
2742 3204 2863 3246 esse
2910 3188 3082 3261 Deum
3106 3231 3121 3257 ,
3150 3204 3181 3243 a
3211 3188 3372 3245 nobis
3419 3198 3612 3261 postea

2025 3282 2519 3339 demonstrabitur.
2551 3281 2778 3338 Addunt
2822 3281 2877 3337 id
2916 3281 3081 3337 etiam
3131 3282 3474 3354 signiﬁcasse
3501 3281 3611 3337 Da-

327 3388 427 3442 καὶ
456 3386 549 3441 τὸν
581 3386 812 3456 ἄγγελον
841 3386 1329 3460 ἀποκρυπτόμενον
1355 3388 1449 3441 ἀπ’
1479 3386 1644 3440 αὐτοῦ
1677 3386 1739 3441 τὸ
1771 3386 1915 3460 μέγα

2029 3375 2247 3441 nielcm,
2278 3389 2404 3430 cum
2435 3374 2503 3429 ab
2531 3373 2732 3444 angelo
2770 3373 3158 3445 parabolarum
3199 3373 3611 3444 interpretatio-

331 3480 631 3552 μυστήριον
658 3477 751 3533 τοῦ
792 3478 965 3534 Βυθοῦ
1008 3480 1186 3534 εἰπεῖν
1213 3478 1363 3550 αὐτῷ
1383 3493 1397 3507 ⁶
1450 3478 1784 3549 Ἀπότρεχε,
1809 3483 1918 3535 Δα-

326 3571 504 3638 νιήλσ
543 3567 711 3629 οὗτοι
744 3571 855 3643 γὰρ
912 3575 966 3628 ol
1010 3573 1182 3643 λόγοι
1220 3570 1700 3642 eanec-panderet
1736 3571 1915 3638 εἰσὶν,

324 3663 434 3732 ἕως
462 3667 517 3720 οἱ
538 3663 854 3731 συνιέντες
899 3662 1180 3729 συν-(ὦσι,
1202 3663 1299 3717 καί
1325 3665 1380 3718 oi
1411 3663 1618 3719 λευκοὶ
1656 3666 1917 3718 λευκαν-

326 3752 658 3828 0501(3)?)-
696 3757 792 3811 καὶ
822 3756 1032 3823 ,αὐτοὺς
1078 3751 1374 3820 εἶναιτοὺς
1408 3755 1671 3824 λευκοὺς,
1714 3760 1807 3812 καὶ
1856 3753 1915 3812 εὖ

328 3847 609 3913 συνιέντας
641 3848 708 3903 αὖ
707 3848 888 3922 χοῦσι.

396 4031 545 4105 Πρὸς
591 4031 648 4085 δὲ
700 4031 922 4097 τούτους
983 4027 1262 4105 ἀμῦθητον
1318 4030 1523 4105 πλῆθος
1583 4032 1919 4106 ἀποκρὺφων

327 4122 425 4179 καὶ
447 4124 617 4180 νόθων
642 4124 889 4196 γραφῶν,
907 4123 974 4190 ἀς
991 4125 1146 4181 αὐτοὶ
1174 4125 1435 4191 ἔπλασαν,
1460 4123 1920 4198 παρεισφέρουσιν

325 4219 409 4282 είς
437 4216 781 4289 κατάπληξιν
820 4216 929 4270 τῶν
964 4217 1233 4289 ἀνοήτων,
1286 4219 1383 4272 καὶ
1428 4216 1500 4272 τά
1523 4217 1624 4287 τῆς
1660 4216 1919 4288 ἀληθείας

330 4310 410 4383 μὴ
464 4309 844 4381 ἐπισταμένων
897 4308 1223 4382 γράμματα.
1274 4307 1918 4382 Προσπαραλαμϐἀνουσι

322 4403 386 4458 δὲ
418 4404 498 4467 είς
542 4402 702 4457 τοῦτο
726 4403 950 4458 κάκεῖνο
1001 4403 1064 4456 τὸ
1112 4401 1515 4474 ῥᾳδιούργημα.
1561 4401 1637 4465 ὡς
1675 4399 1770 4453 τοῦ
1809 4401 1919 4454 Κυ-

328 4494 448 4567 ρίου
479 4493 548 4548 τά
581 4494 671 4549 διά
700 4494 795 4549 τοῦ
823 4494 1144 4551 διδασκάλου
1175 4495 1196 4526 ³
1222 4493 1373 4565 αὐτῷ
1411 4494 1705 4564 φήσαντος,
1736 4491 1918 4557 καθὼς

326 4586 449 4650 ἔθος
474 4586 643 4651 ἐστὶν,
672 4586 808 4640 Εἰπὲ
835 4585 1000 4655 ἄλφα,
1031 4584 1431 4658 ἀποκρίνασθαι
1461 4584 1523 4638 τὸ
1553 4584 1719 4654 ἄλφα.
1751 4585 1922 4639 Πάλιν

290 4736 296 4741 .
326 4696 389 4733 τε
420 4678 482 4733 τὸ
512 4677 653 4750 βῆτα
681 4678 775 4732 τοῦ
809 4678 1131 4733 διδασκάλου
1162 4676 1519 4742 κελεύσαντος
1552 4679 1752 4742 εἰπεῖν,
1786 4678 1921 4732 ἀπο-

2026 3481 2153 3521 nem
2207 3467 2356 3522 velut
2398 3465 2624 3537 ignarus
2675 3466 2936 3538 postulat.
2989 3465 3254 3537 Angelum
3303 3481 3437 3523 vero
3492 3483 3613 3522 ma-

2022 3574 2189 3625 gnum
2228 3559 2388 3632 Bythi
2423 3560 2744 3633 mysterium
2791 3561 2972 3616 celare
3022 3560 3333 3632 cupientem
3382 3561 3456 3616 ita
3524 3577 3613 3617 rc—

2023 3653 2349 3724 spondisse:
2383 3652 2551 3720 Vade,
2573 3652 2795 3718 Daniel;
2816 3655 2939 3724 quia
2970 3653 3138 3708 clausi
3162 3654 3612 3725 sunt.signatiqne

2022 3762 2290 3801 sermones
2312 3787 2327 3812 ,
2353 3763 2623 3818 quousque
2661 3745 3014 3817 intelligentes
3048 3746 3386 3817 intelligant,
3415 3757 3464 3801 et
3499 3746 3609 3800 albi

2026 3834 2340 3893 dealbentur
2369 3838 2410 3893 ⁸.
2453 3834 2523 3895 Se
2583 3837 2727 3894 enim
2764 3837 2921 3893 albos
2969 3838 3092 3893 illos
3137 3845 3192 3893 et
3242 3838 3609 3911 intelligentes

2022 3943 2146 3986 csse
2175 3928 2505 3999 gloriantur.

2091 4021 2542 4096 Apocrypbarum
2572 4027 2857 4094 prazterea,
2893 4026 2948 4076 et
2981 4019 3410 4077 aduiterinarum
3458 4020 3612 4079 scri—

2020 4125 2345 4188 pturarum,
2393 4126 2530 4186 quas
2579 4114 2801 4186 ipsime’t
2851 4113 3149 4171 commenti
3207 4123 3356 4180 sunt,
3422 4114 3603 4171 inﬁni-

2024 4216 2135 4264 tam
2187 4206 2592 4264 multitudinem
2633 4205 2955 4275 obtrudunt,
2999 4206 3201 4276 quibus
3254 4208 3524 4279 imperitis
3547 4222 3612 4263 ac

2023 4312 2410 4372 germanarum
2452 4298 2862 4371 Scripturarum
2907 4298 3114 4369 ignaris
3151 4305 3432 4371 stuporem
3466 4300 3612 4372 obji-

2024 4392 2194 4448 eiant.
2234 4391 2378 4458 Quin
2420 4391 2552 4447 illud
2593 4390 2860 4447 scelerate
2891 4390 3185 4451 conﬁctam
3225 4390 3515 4463 proferunt
3557 4394 3610 4448 in

2024 4484 2263 4540 medium
2308 4482 2657 4548 :Christum,
2711 4499 2844 4555 puer
2909 4498 3034 4539 cum
3072 4492 3259 4549 esset,
3292 4484 3614 4558 litterasque

2024 4577 2284 4642 disceret,
2318 4575 2555 4648 iubenti,
2588 4584 2647 4632 ut
2677 4576 2903 4642 assolet,
2929 4577 3275 4648 prmceptori,
3297 4578 3394 4632 Dic
3423 4579 3610 4650 alpha,

2024 4670 2229 4741 Alpina,
2253 4669 2627 4741 respondisse.
2664 4663 2909 4725 Rursum
2935 4675 2995 4722 ut
3023 4669 3147 4723 beta
3174 4667 3382 4723 diceret
3414 4671 3613 4738 praeci-

325 4769 616 4842 κρίνασθαι
637 4770 728 4824 τὸν
757 4769 963 4841 Κύριον
989 4787 1003 4801 ·
1037 4769 1110 4823 Σύ
1156 4787 1247 4841 μοι
1271 4769 1537 4842 πρότερον
1571 4769 1691 4823 είπὲ
1725 4768 1779 4822 τί
1803 4771 1919 4823 ἐστι

2027 4764 2235 4835 pienti,
2286 4761 2645 4833 respondisse
2705 4759 3036 4815 Dominum:
3073 4758 3154 4814 Tu
3194 4760 3329 4815 mihi
3372 4761 3608 4832 primum

325 4862 388 4915 τὸ
407 4862 574 4933 ἄλφα,
606 4862 702 4916 καὶ
723 4862 845 4915 τότε
873 4879 956 4916 σοι
984 4860 1090 4934 ego.
1121 4861 1172 4915 τί
1204 4861 1320 4915 ἐστι
1346 4860 1407 4914 τὸ
1436 4860 1590 4932 βῆτα.
1622 4860 1735 4915 Καὶ
1757 4858 1918 4914 τοῦτο

325 4951 669 5024 ἐξηγοῦνται,
705 4953 781 5018 ὡς
814 4952 980 5007 αὑτοῦ
1016 4952 1180 5024 μόνου
1207 4951 1266 5006 τὺ
1299 4951 1575 5022 ἄγνωστον
1612 4951 1916 5022 ἐπισταμέ-

325 5064 441 5112 νου,
470 5046 499 5101 ὃ
539 5046 889 5120 ἐφανέρωσεν
930 5047 988 5101 ἐν
1027 5046 1105 5118 τῷ
1136 5044 1293 5115 τύπῳ
1337 5043 1432 5099 τοῦ
1480 5044 1647 5116 ἄλφα.
1680 5045 1837 5098 Ἔνια
1860 5043 1917 5097 δὲ

328 5140 423 5194 καὶ
462 5138 573 5193 τῶν
607 5140 668 5193 ἐν
707 5138 784 5210 τῷ
813 5138 1134 5209 Εὐαγγελίῳ
1177 5136 1449 5208 κειμένων
1490 5138 1572 5200 εἰς
1603 5134 1793 5191 τοῦτον
1827 5135 1919 5190 τὸν

327 5231 655 5303 χαρακτῆρα
699 5229 1172 5303 μεθαρμόζουσινο
1232 5228 1310 5293 ὡς
1356 5228 1455 5300 τὴν
1495 5228 1633 5301 πρὸς
1668 5229 1767 5300 τὴν
1815 5246 1920 5301 μη-

326 5323 460 5396 τέρα
497 5322 663 5379 αὐτοῦ
706 5320 1072 5386 δωδεκαετοῖκ
1113 5321 1267 5385 ὄντος
1317 5321 1610 5395 ἀπόκρισιν
1637 5337 1650 5350 ·
1689 5323 1811 5376 Οὐκ
1834 5321 1924 5375 οἷο

404 5502 599 5572 "Adde
621 5501 699 5559 δέ.
815 5505 836 5537 ¹
873 5503 1014 5558 lrcn.
1061 5501 1122 5557 οὐ
1169 5502 1297 5572 περὶ
1342 5498 1457 5572 τοῦᾷ
1486 5499 1613 5555 ὑπό.

2025 4856 2158 4928 quid
2198 4856 2271 4911 sit
2308 4854 2471 4925 alpha
2528 4852 2722 4915 dicito,
2755 4860 2870 4907 tum
2909 4868 3010 4924 ego
3057 4852 3187 4924 quid
3233 4852 3307 4911 sit
3350 4854 3476 4911 beta
3519 4871 3611 4912 re-

2027 4947 2332 5019 spondebo.
2365 4946 2524 5015 Quod
2559 4946 2635 5000 illi
2660 4944 2742 5000 sic
2782 4945 3240 5016 interpretantur,
3268 4946 3426 5018 quasi
3458 4948 3611 5005 solus

2029 5040 2181 5112 quod
2234 5046 2356 5095 erat
2410 5039 2656 5109 ignotum
2691 5036 3045 5106 intelligeret;
3075 5033 3242 5106 idque
3286 5036 3390 5091 sub
3417 5034 3612 5093 littera:

2029 5132 2191 5202 alpha
2251 5128 2434 5201 specie
2491 5128 2775 5184 declarare
2820 5127 3004 5182 vellet.
3065 5125 3339 5182 Nonnulla
3389 5143 3613 5200 quoque

2028 5241 2151 5297 qua:
2195 5224 2251 5279 In
2301 5222 2595 5295 Evangelio
2648 5222 2934 5292 leguntur,
2978 5220 3046 5276 ad
3086 5219 3333 5279 eamdem
3380 5220 3609 5277 formam

2034 5319 2333 5390 applicant.
2378 5316 2541 5374 Velut
2570 5315 2716 5388 quod
2767 5315 2933 5371 matri
2978 5330 3093 5372 sute
3123 5314 3411 5373 duodecim
3449 5322 3612 5370 natus

1725 5499 1746 5531 ³
1775 5497 1919 5568 Supp

2027 5497 2278 5572 dqm_ex
2342 5497 2485 5572 Iren.
2529 5497 2930 5572 παιδὸς-ὄντος,
2983 5499 3097 5572 και
3126 5497 3434 5572 γράμματα
3476 5514 3612 5572 μαν-

331 5568 606 5639 θάνοντος,
637 5575 731 5627 καὶ
780 5572 875 5628 τοῦ
913 5574 1084 5630 διδασ.
1162 5572 1184 5604 ⁸
1220 5566 1323 5628 lsa.
1361 5586 1400 5636 ι,
1435 5570 1490 5627 5.
1564 5572 1586 5604 ⁸
1611 5569 1740 5627 Ose.
1773 5566 1919 5635 tv,_I'1

2027 5566 2212 5625 ’Psal.
2248 5584 2370 5634 xm,
2402 5569 2456 5624 '5.
2531 5573 2551 5604 ⁷
2597 5568 2766 5626 Exod.
2807 5586 3000 5636 χχχιιι,
3037 5566 3181 5626 20.”
3206 5566 3396 5624 8'Dan.
3427 5566 3530 5633 ιιιί,
3553 5571 3610 5625 9.

399 5778 518 5853 (37)
561 5779 673 5836 Kal
718 5782 771 5835 οι
815 5781 1027 5840 ,λευκοὶ
1076 5748 1480 5839 λευκανθῶσι.
1516 5777 1576 5837 In
1618 5779 1810 5836 Graeco
1845 5783 1919 5835 est

2027 5772 2073 5831 ιλ.
2104 5772 2528 5830 ἐκλευκανθῶσι.

541 5875 815 5938 Parnm.
850 5875 966 5936 Gn.
996 5879 1142 5963 ,Χιι

3167 5864 3248 5925 20
