3950 6150
384 224 489 281 619

1792 222 1850 280 5.
1893 221 2235 279 EPIPHANII
2272 226 2279 235 '

3476 226 3659 282 —G‘20

381 363 561 408 annos
588 344 871 419 respondit
907 364 922 402 :
957 343 1290 403 Neseiebatis
1318 343 1457 417 quod
1499 344 1555 400 in
1584 343 1653 400 iis
1683 359 1802 416 qua:
1830 342 1941 399 Pa-

2050 344 2210 411 δατε,
2249 345 2339 401 ὅτι
2377 345 2448 402 ἐν
2488 344 2617 415 τοῖς
2650 346 2756 403 τοῦ
2785 349 3018 417 Πατρός
3049 365 3172 419 μου
3216 347 3309 403 δεῖ
3333 364 3412 418 με
3449 344 3654 412 sirm;

383 443 481 498 tris
514 442 613 497 mei
639 448 784 505 sunt,
827 446 1030 509 oportet
1057 454 1141 494 me
1167 453 1280 494 esse
1311 437 1365 492 ίῖ
1402 435 1567 510 254
1594 435 1768 504 Quem
1804 435 1952 493 enim

380 532 719 595 nesciebant,
747 529 1026 600 inquiunt,
1048 527 1264 584 Patrem
1292 526 1402 584 illis
1423 527 1736 583 nuntiabat.
1756 526 1957 593 Quam-

376 624 566 681 obrem
595 632 655 678 ut
688 623 932 694 ignotum
966 621 1233 678 hactenus
1286 619 1506 676 Patrem
1555 618 1951 692 praedicarent,

377 713 667 772 duodecim
698 714 768 770 ad
801 714 980 770 tribus
1021 713 1241 770 misisse
1273 711 1427 769 illum
1459 710 1758 783 discipulos
1800 724 1953 767 asse-

376 813 527 863 runt.
561 805 772 862 Deinde
794 820 921 861 cum
972 804 1134 871 alius,
1169 803 1475 875 Pratceptor
1499 802 1662 859 bone!
1698 800 1951 868 dixisset,

374 914 505 957 eum
537 899 631 970 qui
679 913 808 957 vere
864 898 1044 955 bonus
1072 904 1159 954 est
1194 896 1365 953 Deum
1408 895 1611 952 diserte
1637 894 1952 951 confessum

378 988 569 1047 fuisse.
602 989 744 1057 Quid
780 1004 883 1056 me,
911 987 1111 1059 inquit,
1144 988 1278 1042 dicis
1309 986 1544 1043 bonum?
1576 986 1721 1042 Unus
1751 996 1830 1042 est
1860 986 1949 1041 bo-

378 1098 504 1147 nus,
528 1080 692 1137 Pater
739 1082 828 1152 qui
872 1080 927 1136 in
974 1080 1117 1135 cretis
1144 1088 1224 1135 est
1267 1080 1310 1134 '.
1357 1077 1635 1134 Caelorum
1664 1092 1831 1149 porro
1860 1092 1955 1135 no-

378 1173 528 1229 mine
567 1172 778 1230 sEonas
815 1170 980 1229 modo
1026 1170 1375 1244 accipiendos
1409 1184 1553 1227 esse.
1585 1168 1744 1236 Quod
1771 1178 1952 1226 autem

378 1267 832 1340 percontantibus
864 1285 878 1324 :
907 1265 974 1321 In
1013 1282 1119 1338 qua
1173 1273 1429 1335 potestate
1486 1264 1584 1319 hoc
1611 1263 1747 1335 facis
1778 1264 1833 1319 ³2
1861 1278 1947 1320 re-

375 1358 595 1430 spondit
621 1358 788 1426 nihil,
812 1356 907 1414 sed
919 1358 1080 1413 aliam
1102 1356 1222 1427 ejus
1243 1355 1600 1429 quaestionem
1628 1354 1950 1428 proposuit;

371 1452 717 1509 declaratum
749 1449 884 1505 illud
923 1464 989 1506 eo
1020 1448 1237 1506 silentio
1270 1455 1487 1520 putant,
1536 1461 1811 1504 summum
1842 1444 1952 1501 Pa-

372 1554 512 1600 trem
550 1542 717 1600 nullis
758 1556 921 1613 posse
965 1539 1148 1597 verbis
1177 1540 1464 1610 explicari.
1491 1538 1654 1597 Velut
1682 1541 1847 1597 etiam
1873 1540 1950 1596 ita

370 1649 495 1691 cum
518 1635 739 1690 locutus
767 1640 853 1689 est
883 1649 897 1685 :
928 1630 1079 1702 Saepe
1102 1648 1196 1702 ego
1235 1631 1536 1687 desideravi
1557 1647 1718 1686 unum
1742 1648 1808 1688 ea:
1835 1632 1949 1687 illis

2058 438 2154 493 'Ov
2179 438 2280 493 ούκ
2302 438 2547 511 ᾔδεισαν,
2571 439 2727 509 φασὶ,
2757 439 2979 513 Πατέρα
3020 440 3387 512 κατήγγελλεν
3418 441 3619 503 αὐτοῖς
3637 457 3655 471 ο

2052 528 2146 584 καὶ
2181 529 2270 584 διὰ
2299 528 2456 585 τοῦτο
2507 531 2789 603 ἐκπέμψαι
2829 532 2959 596 τοὺς
2992 531 3242 603 μαθητὰς
3273 532 3358 597 εἰς
3401 529 3503 596 τὰς
3536 530 3658 586 δὼ-

2050 619 2183 689 δεκα
2212 620 2405 690 φυλὰς,
2434 622 2813 695 κηρύσσοντας
2841 620 2934 676 τὸν
2957 622 3235 706 ἄγνωστον
3268 622 3453 685 αὐτοῖς
3481 620 3653 675 Θεόν.

2051 711 2161 766 Kal
2182 711 2259 784 τῷ
2290 713 2497 768 εἰπόντι
2519 712 2689 785 αὐτῷ,
2717 713 3056 770 Διδάσκαλε
3077 713 3282 784 ἀγαθὲ,
3304 713 3397 767 τὸν
3421 712 3656 784 ἀληθῶς

2050 801 2256 873 ἀγαθὸν
2306 802 2439 859 Θεὸν
2489 803 2901 877 ὡμολογηκέναι
2922 843 2937 870 ,
2990 804 3233 860 εἰπόνταο
3263 805 3328 859 Τί
3341 820 3421 873 με
3443 803 3655 874 λέγεις

2050 892 2310 963 ἀγαθόν;
2334 887 2618 960 Εῖςέστιν
2650 892 2896 964 ἀγαθὸς,
2931 896 2965 948 ό
2989 886 3193 962 Πατὴρ
3213 893 3284 948 ἐν
3311 892 3438 959 τοῖς
3458 895 3651 962 οὐρα-

2049 984 2198 1051 νοῖς.
2229 984 2504 1056 Οὐρανοὺς
2529 984 2586 1038 δὲ
2612 984 2707 1039 νῦν
2727 985 2855 1050 τοὺς
2879 982 3093 1048 Αἰῶνας
3121 986 3372 1057 εἰρῆσθαι
3394 984 3650 1055 λέγουσι.

2050 1074 2162 1129 Kal
2185 1073 2275 1128 διὰ
2302 1075 2363 1128 τὸ
2392 1074 2465 1147 μὴ
2505 1073 2874 1148 ἀποκριθῆναι
2901 1078 3016 1140 τοῖς
3052 1076 3296 1130 εἰποῦσιν
3326 1074 3495 1147 αὐτῷ,
3546 1077 3654 1129 Ἐν

2051 1166 2194 1234 ποίᾳ
2232 1165 2483 1236 δυνάμει
2512 1166 2690 1222 τοῦτο
2722 1166 2953 1234 eratsic;
2980 1165 3116 1220 ἀλλὰ
3151 1170 3218 1239 τῇ
3257 1167 3652 1239 ἀντεπερωτή-

2052 1275 2135 1312 σει
2163 1259 2437 1332 ἀπορῆσαι
2468 1259 2667 1335 αὐτοὺς
2706 1261 2773 1326 ⁹,’
2798 1259 2862 1314 τὸ
2907 1261 3150 1334 ἅρῤητον
3192 1259 3287 1314 τοῦ
3314 1259 3553 1332 Πατρός,
3584 1259 3648 1313 ἐν

2049 1349 2128 1422 τῷ
2151 1352 2325 1405 εἰπεῖν
2354 1351 2419 1418 ⁸ο,
2457 1351 2753 1423 δεδειχέναι
2784 1353 2945 1407 αὐτὸν
2979 1351 3321 1424 ἐξηγοῦνται.
3359 1350 3522 1407 ’Δλλὰ
3544 1350 3650 1405 καὶ

2049 1439 2108 1494 ἐν
2149 1438 2226 1511 τῷ
2253 1439 2552 1513 εἰρηκέναι,
2582 1439 2890 1510 Πολλάκις
2930 1441 3282 1511 ἐπεθύμησα
3310 1439 3424 1513 (58)
3452 1440 3646 1496 ἀκοῦ-

2049 1546 2153 1587 σαι
2182 1531 2291 1587 ἕνα
2340 1531 2460 1588 τῶν
2488 1536 2689 1605 λόγων
2726 1534 2972 1601 τούτων,
3015 1533 3114 1588 καί
3152 1535 3265 1588 οὐκ
3300 1532 3494 1603 ἔσχον
3527 1534 3647 1588 τὸν

2049 1623 2322 1692 ἐροῦντα,
2373 1624 2741 1697 ’ἐμφαίνοντός
2782 1620 2916 1695 φασι
2972 1622 3081 1678 δεῖν
3132 1623 3220 1678 διὰ
3255 1623 3350 1677 τοῦ
3390 1623 3510 1688 ἐνὸς
3543 1624 3643 1678 τὸν

369 1723 699 1782 sermonibus
722 1721 928 1788 audire,
953 1695 1047 1777 nec
1071 1695 1162 1792 quvi
1180 1719 1377 1776 diceret
1406 1719 1592 1786 habui,
1624 1728 1833 1793 aperte,
1854 1719 1941 1775 in-

2046 1714 2258 1786 ἀληθῶς
2303 1695 2592 1781 ἐνανθεὸν,
2637 1714 2697 1770 ὃν
2744 1715 2846 1768 οὐκ
2895 1714 3252 1785 ἐγνώκεισαν.
3288 1714 3409 1768 Ἔτι
3455 1715 3513 1768 ἐν
3559 1714 3643 1785 τῷ

372 1818 592 1885 quiunt,
625 1828 796 1870 unum
835 1812 1076 1869 ostendit
1106 1826 1232 1870 esse
1271 1809 1443 1868 Deum
1464 1850 1480 1877 ,
1514 1826 1678 1885 quem
1721 1811 1946 1868 minime

373 1905 451 1960 illi
481 1911 838 1973 cognoscent.
879 1901 962 1957 Ad
996 1902 1112 1957 haec
1140 1916 1267 1958 cum
1296 1900 1638 1959 Hierusalem
1679 1902 1946 1961 accedens

373 1995 514 2065 ﬂevit
538 2009 692 2062 super
743 2009 882 2059 eam,
910 2003 960 2049 et
992 1991 1131 2049 dixit
1167 2008 1186 2048 :
1231 1992 1294 2049 Si
1320 1994 1652 2068 eognovisses
1696 2005 1750 2052 et
1779 2005 1836 2050 tu
1856 2037 1870 2061 ,
1900 2008 1948 2049 et

371 2086 582 2160 quidem
624 2090 685 2143 in
727 2087 826 2141 hac
854 2085 956 2154 die,
1003 2101 1122 2161 qute
1151 2084 1218 2140 ad
1249 2098 1433 2155 pacem
1465 2094 1591 2142 sunt
1624 2085 1716 2141 tibi
1749 2103 1769 2143 :
1803 2103 1941 2143 nunc

369 2190 548 2236 autem
603 2177 918 2234 abscondita
949 2186 1074 2232 sunt
1123 2176 1221 2232 tibi
1245 2177 1268 2209 ⁸
1296 2193 1311 2232 :
1339 2177 1602 2236 vocabulo
1641 2176 1783 2244 isto,
1825 2177 1945 2231 abs-

367 2269 581 2325 condita
611 2276 756 2337 sunt,
795 2267 1065 2325 occultam
1106 2265 1266 2338 Bythi
1306 2276 1561 2322 naturam
1601 2267 1946 2324 abstrusam-

366 2376 474 2432 que
497 2359 919 2417 demonstravit.
948 2357 1418 2425 Quemadmodum
1444 2366 1498 2416 et
1533 2359 1686 2416 hisce
1718 2356 1897 2414 verbis
1923 2374 1938 2411 :

375 2454 557 2509 Venite
581 2454 652 2509 ad
678 2469 759 2509 me
800 2469 979 2509 omnes
1046 2453 1138 2524 qui
1165 2450 1444 2517 laboratis,
1476 2461 1527 2509 et
1550 2452 1757 2507 onerati
1789 2452 1940 2516 estis,

362 2556 413 2601 et
434 2562 526 2618 ego
543 2547 780 2617 reﬁciam
808 2561 897 2599 vos
925 2545 946 2576 ⁸
968 2561 984 2612 ;
1024 2551 1080 2599 et
1105 2562 1118 2598 :
1143 2542 1341 2599 Discite
1360 2561 1391 2599 a
1408 2561 1489 2600 me
1510 2546 1552 2610 ⁸,
1571 2557 1704 2611 etc.,
1725 2543 1942 2600 Verita-

364 2640 434 2695 tis
457 2637 745 2694 Parentem
770 2636 1044 2693 indicasse
1057 2632 1404 2691 conﬁrmant.
1427 2634 1586 2703 Quod
1607 2635 1752 2697 enim
1784 2636 1943 2708 igno-

363 2730 582 2795 rabant,
611 2728 888 2800 inquiunt,
920 2728 1025 2784 hoc
1074 2743 1135 2784 se
1178 2730 1303 2785 illos
1348 2727 1674 2784 edoctnrum
1704 2729 1933 2800 recepit.

296 2880 302 2895 ,
362 2822 649 2881 Postremo
695 2821 838 2878 hanc
890 2821 1039 2878 velut
1088 2837 1270 2879 arcem
1315 2822 1658 2907 probationis
1715 2838 1829 2879 sua:
1873 2838 1938 2880 ac

364 2909 643 2983 fastigium
701 2909 1019 2981 proferunt,
1054 2912 1203 2981 quod
1260 2911 1404 2967 idem
1453 2911 1718 2968 Dominus
1750 2912 1888 2970 dixit
1921 2932 1934 2971 :

360 3001 628 3072 Conﬁteor
658 3002 774 3070 tibi,
810 3001 971 3057 Pater
993 3001 1217 3057 Domine
1231 3002 1428 3056 caeliae
1457 3011 1633 3068 terrae,
1659 3004 1785 3074 quia
1813 3003 1937 3059 abs-
1961 3035 2004 3095 α

368 3094 597 3151 condisti
648 3111 681 3149 a
745 3092 1070 3165 sapientibus
1107 3104 1158 3149 et
1200 3092 1570 3162 prudentibus,
1600 3103 1649 3148 et
1686 3094 1931 3151 reuelasti

366 3203 428 3243 ea
461 3185 717 3256 parvulis.
745 3184 855 3251 Ita,
883 3183 1066 3247 Pater;
1084 3183 1333 3254 quoniam
1363 3200 1542 3238 coram
1571 3192 1618 3239 te
1648 3184 1934 3254 beneptaci-

361 3289 473 3332 tum
495 3284 574 3332 est
598 3276 747 3331 milii.
783 3275 975 3331 Omnia
992 3274 1122 3330 mihi
1145 3274 1346 3329 tradita
1367 3284 1488 3330 sunt
1519 3292 1553 3328 a
1583 3274 1748 3331 Patre
1776 3293 1889 3331 meo
1917 3291 1936 3333 :

361 3379 413 3423 et
456 3383 607 3422 nemo
637 3368 779 3423 uouit
817 3364 1035 3421 Patrem
1089 3367 1195 3421 nisi
1226 3364 1427 3431 Filius,
1473 3375 1523 3421 et
1553 3364 1755 3420 Filium
1788 3382 1939 3422 nemo
1986 3362 1989 3363 ⁷

358 3460 500 3514 uouit
517 3459 620 3513 nisi
638 3456 800 3513 Pater
821 3465 871 3513 et
903 3457 988 3512 cui
1018 3458 1236 3514 uoluerit
1273 3456 1450 3512 Filius
1484 3458 1773 3513 revelare".
1811 3456 1940 3524 Qui-

360 3552 466 3608 bus
493 3550 672 3607 verbis
713 3548 997 3606 evidenter
1032 3549 1138 3607 boc
1168 3550 1236 3606 ab
1266 3549 1361 3605 illo
1390 3550 1730 3605 declaratum
1757 3548 1942 3606 existi-

359 3650 532 3708 mant,
565 3657 726 3715 quem
777 3642 885 3714 ipsi
922 3640 1184 3700 Veritatis
1220 3640 1514 3700 Parentem
1546 3651 1755 3699 temere
1782 3657 1937 3698 com-

360 3735 535 3791 menti
568 3746 732 3803 sunt,
765 3735 913 3791 hunc
946 3742 1238 3806 antequam
1265 3732 1523 3792 Christus
1558 3735 1799 3791 venisset
1837 3749 1935 3791 ne-

357 3826 494 3882 mini
552 3826 724 3883 fuisse
757 3824 1072 3898 cognitum;
1111 3834 1306 3881 contra
1352 3840 1484 3882 vero
1532 3825 1678 3882 istud
1711 3826 1930 3898 colligi,

353 3917 708 3975 Conditorem
762 3931 828 3972 ac
884 3915 1201 3973 Creatorem
1255 3923 1526 3989 perpetuo
1574 3916 1932 3973 manifestum

2043 1806 2350 1879 προσγόντα
2377 1807 2537 1862 αὐτὸν
2566 1809 2634 1880 τῇ
2676 1806 3051 1880 Ἰερουσαλὴμ,
3083 1806 3380 1877 δακρῦσαι
3402 1806 3497 1861 ἐπ’
3530 1809 3643 1862 αὐ-

2042 1898 2167 1963 τὸν,
2206 1895 2302 1953 καὶ
2353 1898 2573 1954 εἰπεῖν’
2620 1899 2689 1953 Εἰ
2741 1898 2932 1970 ἔγνως
2973 1899 3074 1953 καὶ
3122 1899 3204 1955 σὺ
3243 1898 3512 1968 σήμερον
3566 1899 3640 1954 τὰ

2043 1988 2190 2059 πρὸς
2243 1989 2521 2059 εἰρήνηνο
2561 1990 2779 2059 ἐκρύϐη
2809 1988 2877 2044 δέ
2920 2006 3038 2045 σου
3064 1991 3130 2056 ¹¹,
3160 1989 3249 2045 διὰ
3290 1988 3383 2044 τοῦ
3411 1989 3637 2059 ἐκρύϐη

2046 2080 2286 2151 ῥήματος
2318 2080 2379 2135 τὸ
2412 2080 2734 2154 ἀπόκρυφον
2767 2081 2861 2136 τοῦ
2902 2080 3077 2137 Βυθοῦ
3108 2081 3495 2154 δεδηλωκέναι.
3521 2081 3637 2135 Καὶ

2042 2170 2204 2225 πάλιν
2235 2159 2478 2227 εἰπόνταο
2508 2173 2687 2228 Δεῦτε
2713 2174 2864 2242 πρός
2887 2190 2984 2243 με,
3010 2172 3294 2240 πάντεςοί
3305 2171 3635 2238 κοπιῶντες

2041 2263 2144 2317 καί
2165 2263 2638 2334 πεφορτισμένοι,
2659 2264 2821 2335 κάγὼ
2841 2263 3169 2318 ἀναπαύσω
3186 2261 3361 2333 ὑμᾶς’
3376 2262 3493 2329 καὶ,
3506 2261 3605 2317 Md
3618 2292 3633 2302 -

2042 2354 2174 2407 θετε
2192 2353 2292 2409 ἀπ’
2323 2353 2493 2423 ἐμοῦ,
2514 2353 2609 2410 καὶ
2642 2354 2711 2410 τὰ
2734 2353 2882 2424 ἑξῆς
2901 2352 2992 2409 τὸν
3013 2354 3111 2426 τῆς
3133 2353 3391 2424 ἀληθείας
3412 2352 3634 2424 Πατέρα

2041 2446 2499 2518 κατηγγελκέναι.
2538 2448 2604 2502 "0
2629 2446 2739 2520 γὰρ
2766 2448 2866 2502 ούκ
2893 2447 3134 2520 ᾔδεισαν,
3164 2446 3320 2518 φησὶ,
3346 2444 3510 2500 τοῦτο
3529 2446 3630 2499 αύ-

2038 2542 2152 2603 τοϊς
2181 2538 2465 2611 ὑπέσχετο,
2497 2537 2728 2604 διδάξειν
2758 2541 2799 2573 ¹¹
2825 2539 2994 2613 δὲτὴν
3022 2539 3303 2594 ἀνωτάτω.
3326 2539 3439 2593 Kal.
3466 2537 3632 2593 οἱονεὶ

2045 2630 2311 2703 κορωνίδα
2364 2631 2467 2703 τῆς
2525 2634 2837 2700 ὑποθέσεως
2899 2634 3080 2691 αὐτῶν
3133 2633 3360 2707 φέρουσι
3415 2632 3627 2689 ταῦτα·

2052 2724 2601 2797 Ἑξομολογήσομαί
2624 2742 2748 2793 σοι,
2779 2728 2972 2798 Πάτερ
3005 2729 3186 2797 Κύριε
3216 2725 3336 2782 τῶν
3356 2725 3630 2797 οὐρανῶν

2039 2817 2140 2872 καὶ
2165 2815 2273 2888 τῆς
2302 2817 2437 2888 ⁴Γῆς,
2461 2818 2551 2873 ὅτι
2575 2818 2932 2890 ἀπέκρυψας
2963 2818 3083 2874 ἀπὸ
3111 2817 3322 2888 σοφῶν
3344 2818 3442 2876 καί
3473 2832 3627 2873 συν-

2037 2908 2210 2975 ετῶν,
2257 2909 2356 2965 καί
2407 2909 2808 2980 ἀπεκάλυψας
2848 2908 3003 2966 αὐτὰ
3042 2910 3301 2979 νηπίοις.
3346 2909 3392 2941 ¹³
3426 2909 3551 2965 Οὐὰ
3596 2913 3630 2963 ό

2037 2998 2240 3068 Πατήρ
2268 3018 2408 3071 μου,
2441 3001 2530 3055 ὅτι
2562 3000 2906 3072 ἔμπροσθέν
2943 3017 3060 3057 σου
3099 3001 3347 3057 εὐδοκία
3374 3018 3478 3073 μοι
3503 3000 3628 3072 ἐγέ-

2036 3109 2191 3149 νετο.
2225 3093 2429 3150 Πάντα
2450 3112 2553 3166 μοι
2572 3095 2870 3165 παρεδόθη
2907 3095 3029 3150 ὑπὸ
3071 3094 3177 3150 τοῦ
3212 3096 3446 3163 Πατρός
3482 3112 3623 3165 μουο

2037 3185 2135 3240 καὶ
2154 3187 2354 3254 οὐδεὶς
2381 3188 2535 3259 ἔγνω
2577 3188 2687 3244 τὸν
2712 3188 2945 3258 Πατέρα
2969 3188 3126 3259 εἰμὴ
3156 3191 3189 3243 ὁ
3219 3186 3372 3254 Υἱὸς,
3395 3187 3493 3243 καί
3521 3187 3628 3241 τὸν

2040 3279 2181 3334 Υἰὸν
2204 3282 2259 3333 εἰ
2284 3278 2371 3350 ,ιιὴ
2397 3283 2430 3335 ό
2454 3281 2681 3350 Πατὴρ,
2721 3281 2821 3335 καὶ
2846 3273 2893 3349 ᾧ
2915 3280 2991 3336 ἂν
3018 3282 3051 3335 ό
3081 3280 3214 3348 Υἱὸς
3231 3280 3622 3349 ἀποκαλύψῃ.

2047 3369 2136 3424 Ἐν
2182 3370 2395 3435 τούτοις
2445 3371 2745 3445 διαρρήδην
2802 3372 2937 3442 φασὶ
2984 3372 3280 3444 δεδειχέναι
3326 3371 3512 3438 αὐτὸν,
3548 3372 3625 3436 ὡς

2036 3459 2127 3515 τὸν
2155 3461 2245 3515 ὑπ’
2285 3462 2446 3516 αὑτὸν
2474 3463 2519 3504 ιδ
2551 3461 3028 3536 παρεξευρημένον
3076 3462 3300 3535 Πατέρα
3340 3462 3624 3534 ’Δληθείας

2041 3553 2148 3628 πρὸ
2172 3553 2272 3626 τῆς
2309 3554 2614 3628 παρουσίας
2659 3555 2825 3610 αὐτοῦ
2865 3555 3092 3628 μηδενὸς
3124 3555 3343 3609 πώποτε
3380 3555 3621 3624 ἐγνωκό-

2034 3663 2155 3713 τοςο
2191 3648 2286 3701 καὶ
2317 3648 2750 3714 κατασκευάζειν
2802 3647 3069 3715 θέλουσιν,
3114 3648 3191 3713 ὡς
3246 3645 3341 3701 τοῦ
3384 3648 3620 3718 Ποιητοῦ

2035 3736 2131 3792 καὶ
2175 3736 2404 3792 Κτίστου
2435 3737 2522 3792 ἀεὶ
2550 3738 2657 3792 ὑπὸ
2684 3739 2900 3794 πάντων
2932 3738 3296 3810 ἐγνωσμένου.
3314 3738 3427 3792 Kal.
3449 3738 3623 3793 ταῦτα

2032 3829 2122 3883 τὸν
2153 3828 2350 3902 Κύριον
2388 3831 2669 3904 εἰρηκέναι
2719 3833 2848 3906 περὶ
2877 3831 2969 3887 τοῦ
3015 3831 3296 3901 ἀγνώστου
3340 3833 3453 3897 τοῖς
3485 3834 3620 3886 πᾶσι

2032 3920 2268 3993 Πατρὸς,
2301 3920 2360 3975 ὃν
2383 3923 2539 3977 αὐτοὶ
2569 3924 3017 3994 καταγγέλλουσι.

353 4010 612 4066 omnibus
635 4008 830 4065 fuisse.
856 4006 984 4064 Haec
1007 4008 1151 4065 enim
1184 4009 1370 4065 omnia
1416 4008 1485 4065 de
1516 4008 1704 4080 ignoto
1738 4010 1832 4065 illo
1880 4007 2140 4080 Parente,
2170 4027 2333 4084 quem
2397 4013 2501 4085 ipsi
2539 4015 2859 4087 praedicant,
2904 4033 2937 4071 a
2990 4015 3212 4075 Christo
3259 4015 3616 4091 pronuntiata

353 4115 461 4155 non
501 4096 777 4154 dubitant.

430 4193 576 4249 XIX.
609 4194 630 4226 ⁸
665 4191 820 4260 Quod
861 4199 1046 4248 autem
1078 4192 1148 4248 ad
1173 4191 1627 4263 Redemptionem
1658 4193 1927 4263 pertinet,

2099 4154 2344 4263 ΙΘ¹.“Τὴν
2382 4193 2440 4248 δὲ
2467 4193 2567 4265 τῆς
2606 4193 3060 4267 Ἀπολυτρὼσεως
3093 4195 3275 4261 αὐτοῖς
3317 4198 3618 4271 παράδοσιν

351 4297 475 4340 eam
500 4297 679 4354 neque
701 4282 895 4352 aspici,
921 4297 1102 4353 neque
1124 4283 1512 4354 comprehendi
1537 4283 1720 4339 animo
1768 4297 1931 4353 posse

2042 4284 2383 4359 συμϐέϐηκεν
2435 4286 2664 4358 ἀόρατον
2717 4281 2856 4339 εἶναι
2911 4287 3007 4341 καὶ
3044 4287 3465 4359 ἀκατάληπτον,
3521 4292 3616 4346 ἅτε

353 4372 665 4439 deﬁniunt;
696 4379 906 4443 utpote,
942 4387 1066 4444 qua:
1098 4386 1289 4428 eorum
1325 4380 1500 4428 mater
1524 4372 1616 4437 sit,
1652 4388 1773 4443 qua:
1803 4388 1927 4443 pcr-

352 4479 508 4537 teque
543 4463 812 4520 contineri
858 4478 923 4519 ac
947 4463 1122 4519 videri
1150 4471 1443 4534 nequeant.
1477 4464 1658 4530 Quare
1683 4479 1807 4521 cum
1839 4467 1929 4520 in-

352 4562 614 4611 constans
639 4563 803 4625 atque
828 4551 1109 4609 instabilis
1135 4552 1229 4617 sit,
1258 4567 1366 4609 non
1397 4568 1505 4607 una
1523 4553 1670 4608 illam
1701 4568 1766 4610 ac
1792 4554 1953 4611 sim--

352 4644 477 4718 plex
505 4642 684 4701 oratio
709 4643 996 4714 complecti
1029 4651 1245 4713 potest;
1274 4643 1533 4713 quoniam
1566 4643 1636 4698 ab
1673 4659 1925 4717 unoquo-

351 4752 459 4808 que
511 4736 732 4793 illorum
766 4750 869 4807 pro
913 4750 1015 4791 suo
1060 4742 1197 4789 nutu
1240 4748 1305 4789 ac
1343 4734 1626 4792 voluntate
1667 4735 1925 4795 traditur.

351 4825 512 4899 255
528 4826 672 4894 Quot
689 4825 835 4882 enim
856 4832 984 4882 sunt
1007 4825 1152 4880 illius
1171 4824 1438 4895 dogmatis
1459 4840 1523 4880 ac
1543 4828 1926 4898 mysteriorum

351 4919 646 4983 antistites,
665 4916 889 4973 totidem
904 4924 959 4971 et
973 4916 1154 4971 redem
1162 4915 1376 4987 ptiones
1387 4930 1507 4972 esse
1524 4917 1733 4973 dicunt.
1751 4913 1930 4973 Enim-

354 5024 481 5065 vero
522 5018 689 5065 totam
723 5008 870 5067 illam
908 5007 1144 5079 speciem
1194 5014 1359 5077 atque
1387 5022 1640 5078 pompam
1676 5008 1927 5080 ejurandi

349 5099 696 5170 baptismatis
743 5098 1057 5170 iterataque
1106 5097 1254 5154 illius
1307 5111 1338 5152 a
1397 5098 1509 5154 Deo
1561 5102 1930 5171 generationis

349 5192 547 5264 gratia,
579 5202 634 5247 et
659 5190 976 5262 abiicienda:
1008 5187 1131 5247 ﬁdei
1165 5205 1195 5244 a
1230 5188 1434 5245 Satana
1460 5191 1751 5247 conlictam
1781 5208 1925 5260 esse,

2028 4372 2137 4429 τῶν
2177 4375 2500 4447 ἀκρατήτων
2543 4375 2637 4429 xal.
2678 4375 2926 4447 ἀοράτων
2972 4375 3182 4448 μητέρα
3236 4376 3612 4449 ὑπάρχουσαν.

2029 4467 2140 4521 Καὶ
2163 4467 2251 4522 διὰ
2275 4467 2434 4523 τοῦτο
2459 4467 2691 4524 ἄστατον
2720 4462 2906 4533 οὖσαν,
2937 4464 3037 4539 οὐχ
3065 4466 3271 4534 ἁπλῶς,
3301 4468 3425 4523 ούδέ
3457 4471 3539 4524 ἐνὶ
3572 4471 3613 4502 ¹¹

2028 4558 2171 4631 λόγῳ
2202 4561 2529 4630 ἀπαγγεῖλαι
2560 4560 2675 4615 ἐστι
2707 4561 2794 4614 διὰ
2820 4559 2882 4614 τὸ
2914 4560 2973 4614 ἓν
2987 4560 3217 4615 ἕκαστον
3242 4558 3444 4626 αὐτῶν,
3482 4562 3615 4617 καθο

2026 4650 2103 4716 ὼς
2132 4651 2287 4707 αὐτοὶ
2327 4650 2639 4721 βούλονται,
2685 4650 3041 4723 παραδιδόναι
3076 4650 3268 4724 αὐτήν.
3315 4651 3475 4706 Ὅσοι
3504 4653 3613 4725 γάρ

2031 4742 2137 4795 εἰσι
2162 4738 2366 4811 ταύτης
2411 4739 2511 4811 τῆς
2553 4739 2780 4811 γνώμης
2820 4740 3189 4810 μυσταγωγοὶ,
3230 4739 3490 4795 τοσαῦται
3519 4742 3616 4796 καὶ

2032 4829 2452 4902 ἀπολυτρώσεις.
2482 4830 2592 4883 Kal.
2624 4831 2703 4883 ὅτι
2734 4829 2832 4900 μέν
2861 4831 2942 4894 εἰς
2970 4828 3257 4900 ἐξάρνησιν
3282 4829 3379 4883 τοῦ
3422 4830 3615 4902 βαπτί·

2036 4937 2239 4993 σματος
2270 4919 2371 4992 τῆς
2420 4922 2500 4984 εἰς
2542 4917 2674 4973 Θεὸν
2701 4919 3134 4991 άναγεννήσεως,
3175 4919 3272 4973 καὶ⁵
3310 4920 3494 4991 πάσης
3516 4921 3617 4992 τῆς

2035 5010 2271 5075 πίστεως
2315 5007 2599 5074 ἀπόθεσιν,
2651 5007 3015 5079 ὑποϐέϐληται
3041 5007 3104 5062 τὸ
3131 5004 3271 5072 εῐδος
3310 5006 3405 5062 τοῦ
3440 5009 3485 5039 ³³
3508 5010 3615 5061 ὑπὸ

2035 5102 2130 5154 τοῦ
2156 5099 2391 5164 Σατανᾶ,
2421 5097 2735 5170 ἐλέγχοντες
2773 5098 2971 5161 αὐτοὺς
2990 5095 3410 5168 ἀπαγγελοῦμεν
3446 5096 3507 5150 ἐν
3537 5096 3615 5167 τῷ

2037 5190 2366 5263 προσήκοντι
2391 5189 2560 5261 τόπῳ.
2594 5190 2825 5260 Λέγουσι
2852 5188 2910 5243 δέ
2946 5189 3116 5261 αὐτὴν
3147 5187 3448 5258 ἀναγκαίαν
3474 5184 3611 5242 εἶναι

432 5332 450 5363 ¹
482 5329 615 5399 Luc.
645 5343 707 5394 ll,
742 5328 831 5383 42.
904 5332 925 5362 ⁸
954 5328 1144 5384 Matth.
1174 5346 1290 5392 xu,
1321 5329 1408 5386 l7.
1484 5331 1505 5363 ³
1536 5329 1670 5388 Luc.
1705 5349 1797 5395 xx,
1825 5332 1883 5388 2.

2046 5346 2132 5387 uc.
2156 5348 2269 5399 ιιι,
2302 5331 2393 5386 42.
2467 5333 2489 5365 ⁸
2514 5331 2700 5388 Matth.
2743 5348 2820 5399 χι,
2847 5333 2938 5388 28.
3044 5334 3065 5366 ⁸
3095 5333 3225 5389 ibid.
3255 5333 3345 5390 29.
3421 5334 3443 5365 '
3472 5332 3606 5391 Luc.

353 5415 409 5484 ξ.
436 5399 528 5463 21,
687 5399 739 5484 ,ξ
773 5399 913 5484 l_ren.
1185 5402 1207 5433 ’
1237 5399 1371 5484 For._
1402 5400 1537 5484 προς
1566 5404 1658 5484 αὐ.
1679 5473 1716 5484 η
1738 5404 1792 5484 '1
1808 5403 1941 5484 Iren:

2042 5418 2058 5473 ι
2085 5404 2278 5484 εἰπεῖνς
2362 5403 2404 5484 ίί
2431 5401 2707 5484 ιιειιΖΔάπὸ
2736 5398 2889 5484 σοῦ.-
2921 5404 2964 5435 ¹³
2985 5402 3126 5460 Iren.
3159 5405 3425 5478 ὑπέσχετο
3463 5403 3606 5461 διδά-

355 5467 486 5532 ξειν.
572 5468 889 5536 Ἀπόδειξιν.

998 5470 1041 5501 ¹²
1075 5469 1253 5526 Lucas
1284 5471 1372 5525 ναι
1421 5469 1602 5528 liabet.
1679 5473 1723 5505 “
1751 5472 1813 5529 F.
1871 5473 1941 5526 αὑ

2042 5469 2070 5526 ἶ.
2147 5472 2191 5504 ⁸⁸
2235 5470 2298 5529 F.
2362 5472 2479 5529 ἕνα.
2558 5472 2604 5505 ¹⁶
2644 5472 2974 5545 ιεε.τοῦτο.

423 5631 535 5706 (38)
575 5631 873 5702 Πολλάκις
900 5612 1269 5705 ἐπεθύμησα.
1318 5632 1597 5705 Nusquam
1646 5634 1761 5692 haec
1803 5641 1941 5693 sentt

2042 5649 2072 5690 a
2101 5635 2155 5691 in
2186 5634 2362 5693 sacris
2392 5634 2613 5695 Litteris
2641 5636 2932 5711 reperitur.
