3960 6132
367 311 473 366 625

1791 295 1848 353 S.
1889 295 2235 356 EPIPHAN“

3545 287 3652 343 εει

365 429 628 497 Spiritum
669 422 886 487 bonum,
919 429 967 475 et
1011 418 1189 475 Vitam
1235 432 1484 490 quoniam
1526 417 1585 472 in
1626 432 1844 487 corpore
1880 433 1962 498 re-

2072 412 2465 484 ὲπικαλοῦμαι
2494 411 2624 480 Φῶς
2646 407 3102 481 ὀνομαζόμενον,
3131 404 3227 462 καὶ
3248 404 3489 476 Πνεῦμα
3513 406 3656 476 ἁγα-

363 519 565 593 gnasti.
598 516 830 584 Quidam
855 513 1021 584 256
1041 514 1116 568 ita
1147 511 1584 582 redemptionem
1613 508 1950 581 concipiunt.

366 616 638 668 Arcanum
683 614 738 663 et
776 606 1060 662 occultum
1098 603 1168 660 ab
1197 602 1347 659 omni
1375 600 1662 656 divinitate
1706 599 1959 655 domina-

364 722 530 780 tuque
580 715 646 759 ac
675 699 908 756 veritate
952 711 1174 762 nomen,
1229 695 1373 766 quod
1418 691 1581 750 Iesus
1633 691 1957 747 Nazarenus

356 791 577 863 induit,
604 796 663 851 in
709 793 840 849 vitis
885 789 1114 846 luminis
1157 786 1388 855 Christi,
1440 785 1670 850 Christi,
1710 786 1956 854 inquam,

364 880 752 962 viventisper’
779 881 1046 953 Spiritum
1095 883 1370 942 sanctum,
1421 875 1474 929 in
1525 875 1957 944 redemptionem

362 981 690 1054 angelicam,
735 987 936 1029 nomen
985 967 1391 1024 restitutionis:
1422 964 1674 1029 Messias,
1704 964 1955 1033 upliareg,

363 1083 833 1141 uamempswman,
878 1061 1182 1125 chaldwan,
1223 1057 1617 1122 mosomedaca,
1658 1057 1957 1125 acpltranw,

363 1183 554 1239 psaua,
583 1162 715 1217 Jesu
761 1157 1005 1212 tzazaria.
1048 1153 1180 1220 Quae
1225 1151 1329 1207 hoc
1391 1151 1560 1206 modo
1607 1146 1958 1218 interpretari

366 1271 661 1331 possumus
687 1245 853 1307 {Non
901 1246 1078 1302 divido
1111 1244 1388 1313 Spiritum,
1429 1241 1558 1308 Cor,
1603 1240 1960 1309 Virtutemque

361 1353 492 1408 (ωιο
533 1345 916 1411 sublimiorem,
954 1336 1580 1395 misericordemnnacte
1612 1333 1714 1387 sim
1751 1333 1960 1386 nomine

365 1459 476 1512 tuo,
502 1442 751 1500 Salvator
769 1435 1027 1494 veritatis.
1055 1432 1181 1487 Haec
1211 1433 1340 1486 dum
1365 1429 1436 1484 ab
1460 1425 1806 1482 antistitibus
1831 1438 1961 1495 pro-

363 1540 474 1594 lata
509 1543 661 1599 sunt,
692 1540 812 1587 tum
858 1529 954 1600 qui
1001 1526 1177 1583 sacris
1216 1524 1464 1580 initiatur
1501 1521 1576 1575 ita
1619 1518 1958 1590 respondet:

362 1631 724 1700 Conﬁrmatus
771 1641 912 1689 sum,
956 1639 1019 1675 ac
1054 1619 1350 1688 redemptus
1381 1632 1398 1670 :
1428 1626 1480 1670 et
1508 1614 1689 1668 anima
1733 1628 1849 1666 mea
1893 1608 1960 1664 ab

362 1727 458 1780 Itoc
489 1723 685 1779 sa'culo
719 1717 1064 1786 omnibusque
1098 1729 1216 1785 qua:
1243 1711 1306 1766 ab
1330 1727 1390 1765 eo
1417 1718 1562 1773 sunt,
1589 1707 1881 1762 redimitur
1905 1704 1961 1758 in

2063 507 2191 571 θεν,
2216 507 2313 560 λαὶ
2346 504 2518 573 Ζωήν
2541 517 2556 534 ⁸
2593 503 2682 557 ὅτι
2711 503 2782 557 ἐν
2809 500 3038 573 σώματι
3060 499 3486 566 ἐϐασίλευσας.
3525 498 3655 552 Ἀλ-

2062 598 2144 652 λοι
2189 597 2245 652 δὲ
2299 596 2463 650 πάλιν
2500 595 2600 668 τὴν
2635 594 2904 665 λύτρωσιν
2948 591 3297 660 ἐπιλέγουσιν
3339 589 3511 653 οὕτως
3538 605 3551 619 ·
3596 590 3658 641 τδ

2060 692 2232 762 ὄνομα
2267 688 2330 742 τὸ
2364 685 2858 759 ἀποκεκρυμμένον
2886 683 2995 740 ἀπὺ
3033 683 3217 756 πάσης
3254 681 3526 754 θεότητος,
3559 684 3658 736 καὶ

2063 783 2404 855 κυριότητος,
2436 781 2531 833 καὶ
2560 778 2841 849 ἀληθείας,
2877 775 2906 830 δ
2932 775 3222 830 ἐνεδύσατο
3256 770 3463 846 Ἰησοῦς
3485 775 3514 828 ὁ
3540 775 3654 827 Να-

2063 872 2296 944 ζαρηνὸς
2322 874 2380 925 ἐν
2413 873 2532 935 ταῖς
2560 870 2726 936 ζωαῖς
2750 867 2844 921 τοῦ
2880 867 3065 932 Φωτὺς
3093 867 3185 921 τοῦ
3221 855 3482 940 Χριστοῦ,
3520 867 3655 937 Χρι-

2063 965 2191 1020 στοῦ
2224 964 2426 1029 ζῶντος
2450 963 2539 1018 διά
2581 961 2899 1033 Πνεύματος
2938 960 3094 1030 ἁγίου
3132 961 3212 1024 εἰς
3255 948 3525 1032 λύτρωσιν
3551 959 3657 1028 ἀγ-

2060 1055 2304 1128 γελικὴν,
2351 1054 2524 1126 ὄνομα
2571 1053 2632 1107 τὸ
2677 1053 2780 1124 τῆς
2826 1053 3345 1116 ἀποκαταστάσεως.
3389 1053 3655 1115 Μεσσία,

2063 1147 2332 1218 οὐφαρὲηγ
2358 1146 2492 1218 (40),
2516 1145 2974 1216 ναμεμψαιμὰν,
3027 1143 3352 1212 χαλδαίαν,
3385 1159 3659 1214 μοσομη-

2061 1239 2245 1306 δαέα,
2298 1239 2628 1308 ἀκφραναι,
2683 1238 2922 1306 vacua,
2979 1237 3184 1306 Ἰησοῦ
3233 1237 3495 1306 ναζαρία.
3540 1238 3659 1292 Καὶ

2060 1331 2267 1387 τούτων
2303 1331 2360 1385 δὲ
2400 1333 2434 1402 ἡ
2475 1332 2740 1403 ἑρμηνεία
2771 1331 2889 1384 ἐστὶ
2913 1329 3167 1402 τοιαύτηο
3212 1333 3294 1386 Οὐ
3342 1328 3545 1399 διαιρῶ
3586 1330 3659 1384 τὸ

2063 1424 2341 1494 Πνεῦμα,
2380 1423 2498 1492 τὴν
2552 1423 2848 1493 Καρδίαν,
2897 1421 2998 1477 καὶ
3048 1422 3164 1490 τὴν
3217 1421 3661 1491 ὑπερουράνιον

2046 1503 2347 1585 Juv-amr,
2377 1513 2494 1584 τὴν
2522 1515 2895 1585 οἰκτίρμονα·
2929 1515 3189 1584 ὀναίμην
3227 1514 3334 1568 τοῦ
3364 1514 3660 1583 ὀνόματός

2062 1623 2201 1672 σου,
2233 1607 2438 1677 Σωτὴρ
2463 1605 2772 1678 ἀληθείας.
2820 1608 2933 1662 Ka‘t
2971 1607 3145 1661 ταῦτα
3184 1607 3283 1678 μὲν
3306 1607 3660 1677 ἐπιλέγουσιν

2064 1707 2114 1759 οἱ
2143 1707 2295 1762 αὐτοὶ
2327 1708 2638 1772 τελοῦντεςο
2676 1711 2704 1764 ὁ
2743 1708 2801 1763 δέ
2838 1707 3221 1779 τετελεσμένος
3258 1707 3619 1778 ἀποκρίνεται
3641 1723 3659 1738 ο

364 1817 573 1872 nomine
593 1810 836 1881 Jao,-qui
857 1807 1027 1877 ipsius
1051 1784 1270 1859 redemit
1304 1801 1540 1855 animam
1567 1798 1623 1851 in
1647 1795 1961 1864 redemptio-

2075 1797 2478 1870 Ἐστήριγμαι,
2507 1800 2607 1855 καὶ
2639 1799 3032 1869 λελύτρωμαι,
3065 1797 3166 1851 καὶ
3191 1797 3518 1867 λυτροῦμαι
3543 1796 3663 1864 τὴν

363 1924 483 1962 nent
523 1907 579 1960 in
617 1903 829 1959 Christo
863 1901 1080 1954 vivente.
1129 1895 1209 1951 Ad
1263 1893 1379 1948 haec
1408 1897 1718 1963 praesentes
1767 1903 1958 1945 omnes

366 1999 694 2070 subjiciunt:
718 1995 836 2050 Pax
852 1991 1094 2047 omnibus
1108 1991 1163 2044 in
1177 1988 1363 2058 quibus
1383 2001 1568 2041 nomen
1593 1983 1734 2038 istud
1753 1982 1958 2052 requie-

366 2093 488 2146 scit.
523 2087 729 2144 Deinde
757 2084 1114 2156 opobalsamo
1145 2083 1420 2137 initiatum
1447 2084 1780 2150 perungunt,
1812 2072 1961 2145 quod

370 2181 631 2255 unguenti
657 2164 831 2252 genus
857 2173 1280 2248 fragra-ntissimi
1318 2171 1466 2226 illius
1501 2169 1711 2234 odoris,
1735 2167 1831 2237 qui
1868 2182 1962 2223 su-

369 2292 464 2346 pra
491 2273 674 2330 omnia
699 2279 805 2335 est,
839 2269 1132 2340 imaginem
1164 2280 1287 2322 esse
1322 2269 1568 2319 censent.

2049 1892 2274 1961 ψυχήν
2293 1910 2414 1962 μου
2445 1891 2565 1947 ἀπὸ
2588 1890 2696 1945 τοῦ
2745 1890 2963 1956 αἰῶνος
3007 1890 3223 1945 τούτου
3267 1888 3368 1943 καὶ
3416 1890 3663 1942 ,πάντων

2061 1985 2182 2038 τῶν
2206 1985 2344 2053 παρ’
2376 1983 2564 2038 αὑτοῦ
2592 1983 2662 2037 ἐν
2695 1981 2776 2048 τῷ
2819 1983 3066 2052 ὀνόματι
3108 1982 3215 2036 τοῦ
3252 1980 3403 2046 Ἰαὼ,
3431 1980 3497 2046 ὃς
3521 1980 3662 2033 ἐλυ-

2062 2075 2331 2144 τρὼσατο
2377 2077 2494 2147 τὴν
2532 2074 2976 2148 ψινχὴνσαύτοῦ
3017 2076 3104 2140 είς
3135 2075 3560 2142 ἀπολύτρωσιν
3589 2073 3664 2126 ἐν

2063 2167 2143 2234 τῷ
2167 2167 2402 2237 Χριστῷ
2423 2168 2515 2235 τῷ
2547 2167 2735 2230 ζῶντι.
2754 2163 2880 2222 Εἶτ’
2915 2167 3256 2236 ἐπιλέγουσιν
3277 2168 3326 2219 οἱ
3355 2164 3623 2237 παρόντες
3643 2178 3661 2196 ⁸

2059 2258 2282 2327 Εἰρήνη
2313 2258 2647 2329 πᾶσιν,-ἐφ’
2693 2259 2802 2324 οὓς
2851 2258 2920 2312 τὸ
2971 2257 3160 2328 ὄνομα
3209 2257 3389 2311 τοῦτο
3436 2255 3664 2308 ἐπανα-

367 2372 636 2440 παύεται.
690 2368 921 2421 Ἔπειτα
973 2362 1258 2434 μυρίζουσι
1316 2358 1406 2414 τὸν
1460 2355 1846 2427 τετελεσμένον
1898 2351 1976 2424 τῷ
2035 2353 2154 2426 ὀπῷ
2223 2353 2303 2425 τῷ
2345 2354 2454 2409 ἀπὸ
2485 2354 2770 2426 ,βαλσάμου
2820 2354 2956 2428 (41).
3010 2353 3084 2407 Τὸ
3131 2353 3240 2426 γάρ
3291 2352 3460 2424 μύρον
3505 2350 3668 2406 τοῦτο

367 2468 535 2522 τύπον
572 2466 672 2536 τῆς
704 2463 844 2534 ὑπὲρ
875 2459 942 2514 rit
967 2458 1064 2514 ὅλα
1096 2455 1324 2520 εὐωδίας
1357 2451 1495 2507 εἶναι
1524 2453 1797 2523 λέγουσιν.

440 2561 555 2618 Νοιι
597 2561 800 2617 desunt
831 2558 977 2612 inter
1001 2555 1146 2619 illos,
1187 2551 1279 2622 qui
1333 2550 1400 2604 ad
1433 2564 1630 2619 aquam
1663 2545 1964 2618 perducere

376 2663 850 2725 supervacaneum
894 2646 1266 2707 arbitrantur;
1291 2641 1386 2697 sed
1421 2642 1602 2696 oleum
1637 2653 1779 2708 aqua
1822 2645 1965 2691 tem-

373 2750 623 2815 peratum
679 2755 806 2798 cum
871 2735 1209 2794 solemnibus
1257 2731 1532 2804 ejusmodi
1585 2729 1962 2794 carminibus,

373 2836 557 2909 qualia
595 2849 696 2890 nos
729 2833 895 2905 paulo
935 2836 1061 2887 ante
1090 2827 1399 2891 retulimus,
1434 2824 1776 2879 initiatorum
1815 2819 1967 2890 capi-

374 2931 521 2987 tibus
546 2927 868 2999 inspergant
898 2941 912 2978 :
943 2922 1105 2992 idque
1136 2920 1359 2975 demum
1391 2915 1825 2986 redemptionem
1867 2926 1967 2967 no-

374 3024 618 3087 minent;
666 3030 984 3090 quanquam
1027 3014 1276 3068 balsamo
1320 3009 1427 3082 ipsi
1465 3008 1633 3064 etiam
1671 3006 1964 3077 inungunt.
1997 3036 2040 3094 ο

373 3115 477 3170 Alii
509 3118 706 3168 contra
735 3106 1039 3179 repudiatis
1073 3103 1142 3158 iis
1173 3101 1432 3156 omnibus
1471 3104 1673 3169 negant
1700 3098 1826 3167 ejus
1853 3095 1968 3150 vir-

375 3205 528 3270 tutis,
566 3217 689 3275 quae
729 3215 833 3256 nec
870 3195 1047 3254 oculis
1072 3194 1248 3261 cerni,
1275 3206 1381 3248 nec
1408 3205 1662 3248 sermone
1697 3186 1970 3243 declarari

378 3297 576 3371 possit,
594 3294 922 3367 mysterium
947 3306 1045 3362 per
1075 3287 1444 3359 aspectabiles
1467 3281 1973 3354 corruptibilesque

376 3399 660 3447 creaturas
678 3401 837 3460 posse
858 3383 1044 3455 perﬁci
1069 3393 1314 3448 ;eorum,
1339 3379 1586 3450 inquam,
1611 3389 1735 3446 quae
1761 3372 1972 3444 cogita-

378 3484 581 3538 tionem
611 3493 828 3537 omnem
855 3475 1095 3547 fugiunt,
1143 3470 1502 3542 corporisque
1541 3474 1672 3524 sunt
1701 3463 1970 3536 expertia,

377 3572 445 3626 ad
472 3585 535 3625 ea
564 3585 686 3641 qua:
707 3565 962 3623 sensibus
987 3560 1387 3633 percipiuntur,
1415 3570 1794 3630 corporeaque
1816 3560 1970 3620 sunt,

376 3669 632 3735 Oportere
679 3657 913 3715 demitti.
951 3652 1262 3709 Pcrl‘ectam
1305 3651 1489 3722 itaque
1539 3646 1972 3718 redemptionem

378 3758 554 3828 ipsam
605 3768 730 3810 esse
786 3747 1184 3823 magnitudinis
1236 3741 1641 3815 inexplicabilis
1697 3738 1971 3795 notitiam.

362 3853 514 3908 -Cum
550 3850 698 3907 enim
729 3846 979 3903 defectus
1006 3841 1189 3899 omnis
1232 3849 1287 3896 et
1330 3834 1671 3910 perturbatio
1715 3833 1783 3888 ab
1813 3832 1973 3904 igno-

378 3941 561 3997 rantia
591 3937 998 4010 proﬁciscatur,
1033 3929 1301 4004 quidquid
1335 3943 1402 3984 ex
1434 3943 1498 3984 ea
1529 3924 1825 3982 conﬂatum
1865 3929 1972 3988 est,

379 4037 470 4092 illa
501 4034 717 4090 ratione
746 4029 980 4096 destrui,
1020 4029 1156 4085 adeo
1186 4035 1247 4083 ut
1292 4023 1535 4096 cognitio
1580 4019 1863 4077 interioris
1901 4017 1976 4074 sit

379 4127 622 4185 hominis
667 4123 978 4194 redemptio
1014 4140 1029 4178 :
1064 4137 1130 4177 ac
1191 4135 1370 4190 neque
1410 4128 1678 4186 corporea
1723 4112 1816 4177 sit,
1858 4125 1975 4165 cor-

382 4235 485 4289 pus
528 4217 676 4273 enim
729 4212 1102 4282 corruptionis
1143 4223 1314 4280 capax
1361 4213 1448 4263 est
1488 4218 1637 4259 :nec
1688 4199 1971 4264 animalis,

381 4309 529 4380 quod
569 4309 749 4362 anima
784 4322 852 4360 ex
893 4303 1108 4360 defectu
1155 4300 1444 4372 prodierit,
1476 4297 1660 4366 sitque
1687 4294 1834 4350 velut
1863 4294 1972 4346 Pa-

2147 2544 2318 2597 Ἔνιοι
2345 2544 2392 2598 δ’
2419 2542 2598 2598 αὑτῶν
2628 2543 2690 2597 τὸ
2732 2543 2831 2614 μὲν
2867 2542 3024 2612 ἄγειν
3079 2541 3172 2595 ἐπὶ
3201 2540 3264 2595 τὸ
3297 2541 3442 2612 ὓδωρ
3471 2561 3662 2614 περισ-

2073 2635 2166 2689 σὸν
2195 2631 2332 2689 εἶναι
2382 2635 2687 2705 φάσκουσι·
2743 2632 2995 2705 μίξαντες
3046 2633 3103 2687 δὲ
3144 2631 3323 2686 ἐλαιον
3372 2632 3470 2686 καὶ⁵
3521 2634 3665 2705 ὕδωρ

2071 2727 2364 2784 ἐπιτοαυτδ
2396 2730 2513 2799 μετ’
2540 2727 2886 2800 ἐπιρῤήσεων
2923 2726 3316 2798 ὁμοιοτρόπων,
3353 2721 3444 2790 αἷς
3478 2745 3666 2800 προει-

2077 2823 2346 2894 ρὴκαμεν,
2376 2821 2731 2876 ἐπιϐάλλουσι
2758 2823 2828 2891 τῇ
2868 2821 3080 2890 κεφαλῇ
3111 2819 3220 2873 τῶν
3248 2822 3661 2892 τελειουμένων.

2074 2912 2185 2966 Καὶ
2211 2913 2355 2966 τοῦτ’
2381 2907 2522 2966 εἶναι
2551 2910 2650 2982 τὴν
2675 2908 3054 2978 ἀπολύτρωσιν
3088 2906 3324 2961 θέλουσι.
3360 2907 3669 2980 Μυρίξουσι

2072 3003 2131 3059 δὲ
2165 3003 2261 3058 καὶ
2298 3003 2453 3057 αὐτοὶ
2487 3002 2565 3074 τῷ
2615 3001 2901 3072 βαλσάμῳ.
2930 2999 3112 3055 Ἄλλοι
3159 2997 3237 3066 δὲ,
3279 2999 3456 3054 ταῦτα
3488 3000 3668 3054 πάντα

2074 3096 2570 3171 παραιτησάμενοι,
2616 3096 2886 3165 φάσκουσι
2929 3096 3003 3168 μὴ
3040 3095 3150 3149 δεῖν
3189 3093 3252 3147 τὸ
3293 3093 3391 3165 τῆς
3425 3093 3667 3166 ἀρρήτου

2074 3191 2172 3246 καλ¹
2223 3189 2454 3262 ἀοράτου
2497 3187 2782 3260 δυνάμεως
2835 3190 3134 3260 μυστήριον
3196 3188 3266 3241 δι’
3316 3187 3530 3258 ὁρατῶν
3573 3187 3669 3240 καὶ

2074 3281 2332 3353 φθαρτῶν
2388 3279 2753 3342 ἐπιτελεῖσθαι
2813 3279 3162 3350 κτισμάτων,
3212 3278 3306 3332 καὶ
3355 3277 3466 3330 τῶν
3513 3277 3670 3330 ἀνενη

2074 3377 2281 3446 νοήτων
2325 3374 2419 3428 καὶ
2459 3373 2769 3444 ἀσωμάτων
2796 3371 2862 3425 δι’
2889 3371 3162 3442 αἰσθητῶν
3192 3371 3285 3424 καὶ
3311 3367 3665 3440 σωματικῶν.

2073 3463 2230 3522 Εἶναι
2259 3467 2314 3521 δὲ
2351 3465 2563 3521 τελείαν
2597 3464 2975 3536 ἀπολύτρωσιν
3015 3462 3185 3533 αὑτὴν
3223 3462 3322 3533 τὴν
3367 3460 3671 3528 ἐπίγνωσιν

2074 3559 2167 3613 τοῦ
2205 3559 2445 3631 ἀρρήτου
2475 3555 2760 3629 μεγέθους.
2800 3554 2922 3607 ’Υπ’
2961 3553 3184 3622 ἀγνοίας
3208 3554 3317 3622 γὰρ
3351 3549 3670 3620 ὑστερήμαο

2073 3671 2165 3717 τος
2201 3653 2296 3706 καὶ
2324 3652 2530 3714 πάθους
2555 3649 2858 3718 γεγονότων
2881 3645 2970 3702 διὰ
2996 3644 3274 3715 γνώσεως,
3302 3640 3670 3696 καταλύεσθαι

2075 3747 2259 3801 πᾶσαν
2297 3745 2394 3816 τὴν
2427 3746 2492 3798 ἐκ
2517 3744 2617 3815 τῆς
2651 3741 2874 3812 ἀγνοίας
2903 3739 3194 3808 σύστασινο
3233 3733 3375 3789 ὥστε
3405 3727 3544 3786 εἶναι
3568 3731 3671 3800 τὴν

2074 3839 2276 3909 γνῶσιν
2307 3837 2686 3908 ἀπολύτρωσιν
2728 3831 2823 3886 τοῦ
2864 3831 3011 3885 ἐνδον
3041 3824 3357 3900 ἀνθρώπου·
3396 3825 3492 3878 καὶ
3531 3823 3670 3894 μήτε
3727 3855 3733 3860 -

2078 3930 2398 4004 σωματικὴν
2421 3929 2689 4001 ὑπάρχειν
2727 3926 2898 3996 αὑτήν
2919 3940 2932 3955 ·
2967 3920 3208 3994 φθαρτὸν
3236 3917 3348 3991 γὰρ
3373 3917 3432 3972 τὺ
3472 3914 3630 3986 σῶμα
3650 3931 3666 3946 ·

2079 4023 2218 4096 μήτε
2262 4022 2534 4093 ψυχικήν⁸
2566 4017 2688 4072 ἐπεὶ
2731 4016 2827 4070 καὶ
2876 4015 2912 4086 ὴ
2962 4011 3109 4083 ψυχὴ
3149 4009 3210 4074 ἐξ
3255 4006 3666 4078 ὑστερήματος·

2077 4117 2171 4170 καὶ
2199 4114 2314 4169 ἐστι
2343 4113 2436 4168 τοῦ
2460 4111 2674 4183 Πατρδς
2700 4108 2888 4180 ῶσπερ
2913 4104 3246 4176 οἰκητήριον.
3281 4096 3669 4169 Πνευματικὴν

2077 4205 2170 4263 οὖν
2206 4208 2398 4262 δεῖκαὶ
2425 4206 2522 4278 τὴν
2560 4204 2829 4275 λύτρωσιν
2861 4199 3154 4270 ὑπάρχειν.
3182 4192 3527 4266 Λυτροῦσθαι
3559 4188 3668 4261 γὰρ

2077 4302 2166 4358 διά
2209 4301 2489 4364 Μωῦσέως
2531 4297 2624 4352 τὸν
2661 4295 2770 4349 έσω
2817 4294 3104 4365 ἄνθρωπον
3138 4291 3229 4345 τὸν
3282 4283 3664 4356 πνευματικόν.

382 4374 557 4458 ιίειιιὶε
610 4397 972 4453 domicilium.
1015 4395 1197 4460 Quare
1257 4401 1312 4448 et
1363 4389 1629 4462 spiritalis
1667 4385 1966 4456 redemptio

2079 4394 2190 4448 Kal.
2229 4390 2520 4463 ἀρκεῖσθαι
2553 4387 2753 4450 αὐτοὺς
2783 4388 2850 4457 τῇ
2893 4384 3002 4438 τῶν
3034 4382 3189 4437 ὅλων.
3209 4377 3505 4447 ἐπιγνώσει
3525 4394 3538 4406 ·
3577 4374 3670 4428 καὶ

384 4496 457 4550 sit
501 4497 740 4562 oportet.
777 4487 992 4543 Etenim
1037 4501 1134 4557 per
1161 4484 1384 4556 Moysen
1424 4479 1654 4537 interior
1701 4478 1866 4534 homo
1912 4490 1978 4532 ac

385 4579 653 4652 spiritalis
692 4575 1004 4634 redimitur.
1027 4573 1276 4629 Proinde
1323 4570 1708 4627 universorum
1753 4581 1814 4622 se
1855 4579 1978 4625 esse

383 4675 577 4728 dicunt
627 4668 938 4742 cognitione
988 4673 1319 4732 contentos;
1372 4675 1603 4731 eamque
1659 4654 1976 4731 germanam

386 4763 818 4834 redemptionem
847 4755 1444 4830 appellantuﬂactenus
1474 4753 1736 4808 lrenaeus.

457 4854 618 4928 257
653 4850 799 4908 XXI.
843 4850 997 4905 Hanc
1028 4848 1381 4906 beatissimus
1413 4846 1506 4900 ille
1541 4859 1703 4901 senex
1735 4843 1973 4897 lrenmus

385 4945 593 5002 erroris
645 4943 810 4999 istius
862 4948 1179 4996 accuratam
1230 4936 1646 5009 inquisitionem
1705 4932 1970 4994 instituit,

386 5050 718 5105 omnemque
761 5031 1126 5088 commentitii
1153 5028 1426 5100 dogmatis
1451 5027 1653 5084 seriem
1682 5027 1971 5082 ordinem-

387 5148 491 5205 que
567 5127 872 5201 proposuit.
948 5124 1315 5192 Quamobrem
1340 5165 1365 5189 .,
1421 5131 1483 5176 ut
1536 5120 1695 5176 initio
1753 5116 1967 5190 praefati

458 5291 478 5323 ¹
509 5288 576 5346 ν.
606 5287 666 5344 C.
700 5285 892 5341 ταῦτα.

459 5450 573 5521 (40)
612 5444 856 5521 Μεσσίίι
883 5438 1168 5521 οὺφαρέγ.
1212 5435 1363 5519 Nova
1394 5436 1814 5521 iterunlrwocum
1849 5443 1974 5499 pro-

387 5505 568 5591 digia,
611 5521 665 5572 in
705 5515 906 5591 quibus
950 5505 1275 5591 conlliCtai-i.
1307 5523 1483 5588 neque
1514 5505 1705 5591 ‘ot-ium
1729 5544 1744 5567 ,
1799 5515 1975 5569 neque

393 5577 572 5658 operte
620 5577 862 5658 pretium
903 5589 1007 5636 est.
1039 5579 1213 5658 _Apud
1259 5577 1828 5658 lren._jnterpretcml
1862 5585 1973 5658 noln

371 5641 584 5713 "eodem
617 5641 778 5722 atque
812 5653 903 5722 hic
930 5641 1390 5722 modo'leguntur.
1415 5646 1497 5722 ΕΞ
1523 5641 1640 5714 quo
1671 5641 1975 5722 supplenda

395 5726 537 5796 apud
591 5714 952 5796 Epiphaniuru
997 5714 1196 5796 focula
1241 5717 1413 5796 est
1448 5715 1642 5796 Sim-3t
1686 5714 1976 5796 Yer‘bontttn

398 5779 862 5866 interpretatione.
892 5787 1084 5842 Scribe
1125 5787 1311 5857 igitur,
1341 5786 1415 5839 0-3
1444 5783 1636 5855 διαιρῶ
1661 5783 1720 5834 τὸ
1752 5779 1978 5851 Πνεῦμα

2077 4484 2284 4556 ταύτην
2331 4479 2472 4538 εἶναι
2523 4481 2793 4553 λύτρωσιν
2837 4477 3034 4549 ἀληθῆ.
3084 4476 3230 4538 Ἕως
3275 4466 3378 4528 ὦδε
3438 4469 3507 4524 τὰ
3567 4465 3669 4521 ὑπὸ

2079 4575 2393 4650 Εἰρηναίου.

2151 4839 2283 4894 KA'.
2325 4836 2543 4910 Ταύτην
2577 4835 2676 4908 τὴν
2708 4835 2887 4888 πᾶσαν
2922 4831 3126 4902 ἀκριϐῆ
3160 4829 3388 4903 ἔρευναν
3426 4827 3456 4880 ὁ
3490 4823 3668 4898 μακά-

2081 4949 2195 5005 ριος
2237 4929 2548 5002 πρεσϐύτης
2586 4930 2876 4999 Εἰρηναῖος
2931 4925 3226 4996 ἐποιήσατο
3252 4963 3268 4987 ,
3304 4919 3428 4974 καθ’
3480 4916 3668 4989 εἱρμὸν

2082 5023 2181 5094 μὲν
2229 5023 2409 5076 πάντα
2449 5022 2466 5052 ¹
2506 5019 2793 5086 ἐνθέμενος
2825 5018 2924 5088 τῆς
2963 5015 3144 5071 αὐτῶν
3190 5013 3371 5084 πάσης
3417 5023 3667 5080 παραπε-

2077 5113 2383 5188 ποιημένης
2408 5113 2776 5178 διδασκαλίας.
2807 5111 3006 5182 Διόπερ
3045 5109 3112 5180 δὴ
3135 5147 3150 5171 ,
3185 5106 3261 5170 ὡς
3301 5105 3395 5159 καὶ
3425 5102 3528 5173 ἤδη
3578 5115 3666 5172 μοι

2068 5431 2620 5567 Χῆῗῦοἲῐυρίζουσι
2653 5490 2722 5545 δὲ
2752 5489 2851 5567 καὶ
2896 5487 3066 5542 αὐτοὶ
3107 5485 3190 5567 τῷ
3222 5475 3660 5567 gausapa):

2072 5550 2674 5626 Ecclesiae—tootholicaz
2730 5563 2864 5626 ritu,
2914 5571 3078 5630 quem
3126 5555 3271 5630 simii
3320 5550 3445 5630 isti,
3475 5550 3664 5605 retine-

2076 5625 2241 5702 bant,
2291 5654 2417 5695 nam
2463 5643 2588 5709 post
2636 5625 2969 5705 baptismum
3024 5625 3216 5697 inungi
3249 5626 3499 5683 solebant
3539 5633 3664 5675 neo-

2078 5713 2248 5784 pliyti.
