3960 6158
343 359 449 420 69.5

941 361 1304 421 anveasus
1343 359 1686 419 umnasns
1719 359 1850 417 LIB.
1891 359 1931 415 ι.
1973 357 2137 418 ron.
2175 357 2265 415 ιιι.
2303 387 2372 398 -
2411 355 2683 414 muns.
2724 337 2960 415 XXXIV.

3495 353 3599 409 6'26

342 479 771 555 προδεδήλωται,
804 480 921 550 ὅτι,
976 483 1088 547 τοῖς
1127 484 1218 536 ὑπ’
1246 479 1411 536 αὑτοῦ
1466 479 1918 552 ἐσπουδασμένοις

2024 490 2237 542 sumus,
2267 476 2338 533 iis
2371 474 2640 541 contenti,
2665 489 2786 546 qua:
2813 474 2883 531 ab
2916 473 3009 530 illo
3035 484 3231 544 magno
3254 472 3436 546 studio
3465 481 3594 528 sunt

345 570 703 642 ἀρκεσθέντες
727 609 742 636 ,
784 570 965 627 πάντα
993 572 1131 642 πρὸς
1162 570 1291 635 ἔπος
1347 570 1424 634 ὡς
1464 571 1593 641 παρ’
1625 569 1773 640 αὑτῷ
1814 570 1916 639 ὲμ-

345 662 607 734 φέρεται,
671 663 1082 734 παρεθήκαμεν.
1150 661 1648 734 Ἀνατραπήσονται
1702 659 1809 732 γὰρ
1859 659 1919 725 ἐξ

343 751 524 806 αὑτῶν
547 751 656 806 τῶν
687 751 840 823 παρά
870 751 964 806 τοῦ
1000 754 1156 821 ἀγίου
1185 751 1378 821 ἀνδρὸς
1413 752 1492 814 είς
1520 749 1794 805 ἀντίθεσιν
1820 750 1920 821 τῆς

343 843 525 897 αὑτῶν
555 845 857 917 μοχθηρίας
894 845 1216 916 εἰρημένων.
1280 843 1470 913 Ἡμεῖς
1521 843 1628 916 γὰρ
1668 843 1920 897 πιστεύοο

347 951 446 1004 μεν
465 973 480 998 ,
511 933 588 998 ὡς
627 935 802 1005 πάντη
833 937 866 1006 ἡ
901 935 1126 1007 ἀλήθεια
1159 937 1479 1005 ὑποφαίνει,
1518 936 1613 990 καὶ
1641 930 1670 988 ό
1701 934 1921 1004 εὔλογος

344 1025 601 1096 Αογισμὺς
632 1027 982 1091 ὑποτίθεται,
1025 1028 1119 1082 καὶ
1163 1027 1242 1099 τῷ
1280 1028 1381 1098 τῆς
1425 1027 1705 1092 εὐσεϐείας
1737 1027 1920 1082 κανόνι

343 1117 798 1190 συμπεφώνηται,
824 1119 902 1190 τῷ
931 1137 990 1173 τε
1017 1120 1166 1191 νόμῳ
1193 1121 1288 1174 καὶ
1315 1123 1428 1184 τοῖς
1456 1122 1796 1193 προφήταις,
1825 1119 1920 1174 καὶ

341 1209 454 1272 τοῖς
485 1209 594 1262 ἀπὸ
641 1210 750 1264 τῶν
794 1210 1055 1264 ἀνέκαθεν
1106 1212 1473 1283 πατριάρχαις
1521 1212 1664 1266 κατὰ
1696 1211 1922 1265 ἀκολουο

343 1299 484 1361 θίαν,
517 1302 582 1372 τῇ
616 1318 675 1353 τε
700 1301 865 1355 αὑτοῦ
894 1302 988 1355 τοῦ
1019 1304 1268 1375 Σωτῆρος
1303 1305 1489 1375 διδαχῇ
1517 1345 1530 1370 ,
1569 1304 1663 1357 καὶ
1689 1303 1796 1358 τῶν
1821 1305 1920 1358 αὑ-

340 1387 436 1442 τοῦ
468 1391 780 1444 ἀποστόλων
816 1391 1001 1461 σαφῶς
1028 1393 1175 1463 ἡμᾶς
1210 1392 1567 1447 διδασκόντων
1609 1394 1704 1446 ἕνα
1731 1393 1921 1464 ὁμολο-

339 1483 458 1549 γεῖν
485 1480 618 1534 Θεὸν
645 1482 863 1552 Πατέρα
883 1521 898 1546 ,
930 1484 1345 1555 παντοκράτορα
1376 1483 1486 1536 τῶν
1519 1483 1676 1549 ὅλων,
1708 1484 1803 1537 καὶ
1828 1484 1921 1536 τὸν

339 1571 547 1641 Κύριον
584 1571 742 1641 ήμῶν
782 1571 989 1642 Ἰησοῦν
1018 1574 1252 1644 Χριστὸν
1277 1617 1290 1640 ,
1342 1575 1438 1628 καὶ
1473 1574 1535 1627 τὸ
1568 1575 1722 1643 ἅγιον
1753 1573 1918 1627 αὑτοῦ

339 1661 567 1733 Πνεῦμα
589 1702 605 1728 ,
657 1663 784 1732 μίαν
825 1661 986 1730 ἁγίαν
1021 1663 1228 1734 Τριάδα
1259 1665 1514 1720 ἀκτιστον
1535 1705 1552 1730 ,
1604 1662 1713 1716 τῶν
1745 1663 1920 1718 ἀλλων

337 1752 596 1806 ἁπάντων
644 1751 704 1818 ἐξ
733 1753 833 1806 οὑκ
861 1753 1030 1807 ὄντων
1054 1754 1360 1825 γενομένων
1403 1755 1544 1826 μετά
1574 1755 1793 1826 Πατέρα
1825 1755 1919 1808 καὶ

339 1844 470 1898 nev
492 1845 588 1898 καὶ
615 1844 770 1913 ἅγιον
791 1844 1039 1916 Πνεῦμα.
1079 1845 1268 1910 Οὕτως
1295 1863 1354 1900 τε
1383 1847 1534 1920 παρά
1566 1847 1783 1901 πάντων
1810 1846 1918 1899 τῶν

338 1936 754 2007 προειρημένων
781 1935 948 2005 ἁγίων
983 1937 1276 2007 προφητῶν
1304 1955 1362 1991 τε
1394 1939 1488 1991 καὶ
1517 1937 1918 2008 εὑαγγελιστῶν

337 2027 435 2081 καὶ
463 2026 776 2081 ἀποστόλων
820 2027 1006 2096 σαφῶς
1033 2028 1470 2100 ὡμολογημένων
1495 2031 1589 2083 καὶ
1621 2047 1917 2083 πεπιστευ-

341 2117 520 2188 μένων
544 2159 559 2184 ,
613 2117 713 2171 οὑκ
745 2117 810 2173 ἂν
837 2117 1090 2190 δυνηθείη
1127 2119 1419 2191 κυϐευτική
1458 2137 1544 2184 τις
1587 2119 1798 2175 ἐπίνοια
1826 2121 1920 2175 άν-

336 2212 542 2280 τισχεέν
580 2210 716 2282 πρὸς
743 2210 843 2280 τὴν
881 2211 1074 2264 ἀκτῖνα
1105 2210 1206 2282 τῆς
1233 2211 1490 2284 ἀληθείας
1517 2228 1529 2242 ·
1559 2212 1634 2277 ὥς
1677 2229 1740 2281 γε
1785 2213 1917 2283 ἡμῖν

337 2302 597 2366 πολλάκις
650 2301 794 2355 κατὰ
832 2302 1031 2365 πλάτος
1069 2303 1282 2374 είρηται
1313 2306 1370 2358 ὲν
1401 2307 1468 2377 τῇ
1510 2305 1646 2376 πρὸς
1679 2305 1917 2376 ἑκάστην

337 2395 550 2465 αἵρεσιν
587 2395 862 2448 ὑποθέσει.
901 2395 989 2458 Ὡς
1017 2394 1313 2461 ὲξάπαντος
1347 2395 1636 2468 φωρᾶσθαι
1667 2397 1762 2450 καὶ
1787 2395 1917 2450 τοῦ-

336 2503 430 2538 τον
459 2485 700 2558 ἀγύρτην
729 2487 823 2540 καὶ
854 2485 1204 2540 θανατοποιὺν
1233 2487 1498 2551 ίσοτύπως
1525 2489 1644 2550 ταῖς
1666 2503 1919 2559 προειρη-

341 2575 533 2644 μέναις
555 2615 569 2640 ,
606 2573 918 2640 ἐπιδείξεως
962 2575 1122 2645 χάριν
1157 2577 1251 2630 καὶ
1285 2577 1606 2649 περιεργίας
1637 2576 1706 2632 τὰ
1747 2576 1918 2648 μεγά-

337 2662 412 2718 λα.
433 2663 610 2719 ταῦτα
631 2665 974 2719 καττύσαντά
1001 2683 1059 2718 τε
1098 2667 1190 2720 καὶ
1221 2668 1694 2738 μηχανησάμενον.

407 2929 537 2984 KB’.
572 2929 941 3002 Παρελθόντες
973 2930 1030 2984 δὲ
1083 2932 1180 2986 καὶ
1220 2931 1319 3003 τὴν
1353 2930 1544 2985 τούτου
1588 2929 1913 3002 μοχθηρίαν,

336 3023 434 3076 καὶ
473 3023 582 3076 τῶν
615 3026 708 3078 ἀπ’
735 3023 899 3077 αὑτοῦ
943 3023 1288 3097 Μαρκωσίων
1315 3023 1621 3095 λεγομένων
1645 3063 1660 3088 ,
1698 3024 1791 3078 ἐπὶ
1817 3023 1918 3088 τὰς

339 3113 468 3182 ἑξῆς
506 3113 832 3184 σπεύσωμεν
856 3154 872 3180 ,
919 3107 964 3168 ὧ
1006 3114 1360 3186 ἐπιπόθητοι,
1405 3115 1505 3177 τὰς
1543 3113 1721 3169 αὐτῶν
1761 3115 1918 3187 ῥίζας

337 3204 502 3257 πάλιν
534 3204 928 3276 ἀνερευνῶντες
954 3245 972 3273 ,
1029 3206 1124 3260 καὶ
1172 3205 1283 3259 τῶν
1326 3205 1557 3278 καρπῶν
1595 3205 1773 3262 αὐτῶν
1817 3206 1916 3278 τὴν
1943 3177 1986 3236 C

337 3293 562 3366 πικρίαν
592 3295 970 3364 ἀφανίζοντες,
1004 3297 1103 3367 τήν
1139 3313 1197 3350 τε
1230 3295 1539 3369 ἀνατροπὴν
1572 3296 1668 3350 καὶ
1700 3295 1772 3350 τὰ.
1798 3298 1918 3350 κατ’

337 3388 536 3449 αὐτοὺς
583 3388 759 3441 πάντα
804 3388 1202 3452 ἐπιδεικνύντες
1227 3429 1242 3454 ,
1277 3390 1378 3442 οὑκ
1429 3391 1510 3454 είς
1561 3388 1766 3461 βλάϐην
1808 3388 1918 3444 τῶν

337 3478 770 3548 ἐντυγχανόντων
792 3520 807 3545 ,
841 3480 976 3534 ἀλλά
1023 3483 1103 3546 είς
1151 3481 1466 3554 ἀποτροπὴν
1491 3522 1506 3549 ,
1553 3482 1690 3554 πρὸς
1737 3482 1798 3537 τὸ
1841 3482 1917 3555 μὴ

337 3571 634 3642 πλησιάσαι
663 3574 763 3644 μιᾷ
807 3572 918 3627 τῶν
957 3573 1369 3646 προειρημένων
1398 3575 1662 3647 αἱρέσεων
1684 3617 1699 3644 ,
1728 3575 1762 3648 ἢ
1809 3575 1918 3632 τῶν

340 3658 666 3728 μετέπειταο
708 3659 845 3715 ἀλλά
890 3662 1222 3730 ἀναγνόντας
1272 3663 1341 3718 τὰ
1389 3667 1754 3736 γεγραμμένα
1787 3667 1917 3737 παρ’

337 3749 558 3812 αὑτοῖς,
603 3751 698 3803 καὶ
746 3751 972 3819 γνόντας
1009 3751 1079 3805 τὰ
1109 3753 1373 3826 ᾀδόμενα,
1407 3755 1500 3811 καὶ
1551 3756 1922 3825 καταγνόντας

336 3842 436 3910 τῆς
461 3839 696 3911 ἑκάστης
721 3841 900 3896 αὐτῶν
922 3841 1127 3914 πλάνης
1153 3861 1212 3896 τε
1234 3845 1328 3898 καὶ
1351 3844 1692 3916 ἐρπετώδους
1715 3845 1919 3917 μοχθη-

339 3932 462 4003 ρίας
482 3973 498 3997 ,
531 3933 863 4004 ἀποφεύγειν
905 3952 964 3988 τε
991 3935 1110 4000 καὶ,
1140 3935 1214 4000 ὡς
1248 3931 1399 3989 εἷπον
1423 3975 1438 4001 ,
1467 3936 1541 4008 μὴ
1575 3935 1914 4006 πλησιάζειν.

338 4023 548 4093 Διψάδα
591 4024 699 4096 γάρ
730 4043 852 4079 τινα
881 4025 1089 4097 ἕχιδνάν
1120 4043 1283 4096 φασιν
1319 4028 1371 4082 oi
1402 4027 1784 4098 ἱστορήσαντες
1836 4026 1916 4080 ἰοῦ

337 4114 518 4186 λύμην
563 4117 771 4176 τοιάνδε
809 4120 1074 4187 ἐμποιεῖν.
1127 4120 1214 4171 Ἐν
1247 4117 1433 4182 τόποις
1466 4119 1574 4191 γάρ
1609 4135 1749 4173 τισιν
1782 4119 1916 4172 ὅπου

339 4205 528 4261 πύελοι
556 4209 614 4262 ὲν
651 4211 771 4272 ταῖς
820 4209 1111 4282 πέτραιςῆ
1154 4209 1369 4275 λιϐάδες
1417 4210 1522 4264 sic).
1575 4211 1767 4283 μικραὶ
1809 4210 1916 4265 ἀπὸ

338 4299 556 4368 πετρῶν
597 4302 852 4374 χεόμεναι
897 4305 975 4368 είς
1007 4304 1272 4377 ὑποδοχήν
1309 4323 1447 4370 τινα,
1489 4306 1523 4377 ἡ
1565 4305 1704 4376 αὑτὴ
1737 4306 1915 4376 διψάς,

340 4391 486 4465 ὕδωρ
514 4394 863 4465 εὑρίσκουσα,
893 4395 988 4449 καὶ
1017 4394 1236 4462 πιοῦσα,
1265 4395 1355 4450 τδν
1385 4395 1460 4450 ἰὸν
1493 4396 1753 4468 ἐμϐάλλει
1780 4396 1918 4468 μετά

337 4485 399 4541 τὸ
431 4487 576 4539 πιεῖν
607 4488 687 4552 είς
715 4485 814 4550 τὰς
852 4486 1254 4559 προειρημένας
1290 4487 1506 4552 στάσεις
1542 4487 1651 4542 τῶν
1682 4487 1911 4552 ὑδάτων,

337 4576 482 4635 ὥστε
513 4579 622 4633 πᾶν
651 4577 790 4641 ζῶον
823 4578 1157 4650 πλησιάσαν,
1188 4580 1282 4633 καὶ
1312 4577 1477 4632 ποτοῦ
1513 4580 1769 4652 κορεσθὲν
1792 4621 1806 4647 ,
1833 4581 1919 4634 δοο

337 4672 459 4725 κείν
513 4670 610 4741 μὲν
656 4669 984 4740 ὠφελεῖσθαι
1017 4671 1082 4724 ὲκ
1115 4670 1211 4725 τοῦ
1252 4670 1604 4743 μεταλαϐεῖν,
1656 4671 1818 4735 εὐθὺς
1861 4671 1919 4724 δὲ

342 4760 497 4833 παρὰ
519 4761 580 4815 τὸ
611 4761 868 4832 ὑποδόχον
889 4760 998 4814 τῶν
1031 4760 1259 4827 ὑδάτων,
1299 4763 1364 4816 ἐκ
1399 4761 1492 4816 τοῦ
1522 4761 1602 4816 ίοΰ
1630 4763 1726 4833 τῆς
1759 4762 1918 4832 διψά-

343 4854 434 4918 δος
471 4853 889 4925 ὑποδεξάμενον,
923 4853 1284 4908 καταπίπτειν
1322 4854 1416 4908 καὶ
1448 4853 1719 4925 θνήσκειν.
1761 4853 1922 4906 Ἀλλά

341 4947 437 5001 καὶ
468 4947 522 5000 εί
552 4964 673 5000 τινα
709 4943 958 5016 πλήξειεν
993 4948 1027 5017 ἡ
1064 4946 1199 5016 αὑτὴ
1226 4946 1412 5016 διψάς,
1449 4946 1558 5000 ἀπὸ
1583 4944 1676 4998 τοῦ
1729 4961 1922 5016 περισ-

338 5032 578 5104 σοτέρως
603 5035 658 5088 ὲν
681 5034 817 5106 αὑτῇ
855 5033 1150 5088 καυστικοῦ
1191 5034 1272 5088 ίοῦ
1301 5035 1395 5088 ἐπὶ
1435 5034 1614 5106 ὑρεξιν
1635 5034 1794 5106 δίψης
1823 5034 1920 5088 καλ⁵

339 5124 586 5196 πόματος
631 5125 989 5198 προτρέποιτο
1021 5128 1187 5192 πάθος
1213 5127 1311 5198 τῆς
1344 5126 1652 5198 ἀλγηδόνος,
1681 5126 1920 5199 προσφέ-

344 5216 534 5287 ρεσθαι
566 5235 626 5271 τε
675 5217 763 5272 ἀεὶ
802 5219 896 5274 καὶ
933 5218 1110 5273 πίνειν
1153 5218 1436 5290 ἐρεθίζειν.
1477 5217 1708 5290 Νομίζει
1756 5217 1814 5272 δέ
1864 5235 1918 5274 τι

339 5308 665 5380 ὠφελεῖσθαι
697 5310 834 5383 πρὸς
867 5311 967 5382 τὴν
995 5309 1172 5382 λύμην
1215 5312 1244 5364 ὁ
1289 5309 1516 5381 πληγεὶς
1540 5351 1555 5376 ,
1602 5310 1792 5374 ὁσάκις
1818 5309 1920 5380 τῆς

340 5401 598 5473 τοιαύτης
632 5402 1008 5475 θανατηφόρου
1041 5401 1331 5474 ἀλγηδόνος
1359 5401 1646 5473 λαμϐάνει.
1680 5401 1838 5455 Ἀλλά
1861 5403 1919 5456 ὲν

341 5490 494 5563 αὑτῷ
527 5492 604 5564 τῷ
631 5492 781 5563 τόπῳ
808 5492 1189 5564 πληρωθείσης
1231 5493 1329 5564 τῆς
1371 5491 1606 5563 γαστρὸς
1624 5531 1639 5556 ν
1682 5491 1774 5545 καὶ
1810 5508 1916 5562 μη·

343 5581 464 5642 κέτι
492 5583 920 5656 ὑποδεχομένης,
956 5583 1180 5656 ὕστερον
1209 5583 1304 5639 σὺν
1327 5582 1404 5655 τῷ
1435 5583 1638 5655 πόματι
1665 5581 1725 5636 τὸ
1756 5581 1919 5636 πνεῦ-

347 5695 424 5748 μα
458 5677 700 5749 ἀφίησιν.
732 5679 888 5734 Οὑτω
921 5680 1014 5734 καὶ
1045 5670 1199 5743 οὗτος
1229 5679 1334 5734 ὑπὸ
1379 5679 1622 5751 πόματος
1681 5677 1772 5732 τὸν
1825 5677 2052 5732 θάνατον
2094 5681 2205 5740 τοῖς
2264 5681 2393 5753 παρ’
2443 5679 2606 5734 αὑτοῦ
2669 5663 3042 5753 ἠπατημένοισ
3078 5676 3448 5753 ἐξεργάζεται.
3491 5670 3590 5733 Οὑ-
3693 5707 3714 5732 1

2020 568 2326 634 elaborata,
2368 574 2568 623 cuncta
2596 574 2758 637 prout
2780 566 2836 620 in
2878 565 3001 636 ejus
3039 581 3204 637 opere
3241 565 3592 621 continentur

2027 659 2097 714 ad
2126 658 2351 713 verbum
2385 655 2804 726 exscripsimus.
2851 654 3034 711 Facile
3079 645 3324 710 enim'ex
3357 655 3444 722 iis,
3477 670 3598 725 qua:

2028 761 2059 800 a
2095 745 2453 802 sanctissimo
2491 744 2608 799 viro
2651 744 2718 799 ad
2767 743 2916 800 illius
2949 742 3302 799 refellendam
3339 744 3599 815 improbi-

2019 847 2186 897 tatem
2211 838 2427 910 prodita
2453 844 2604 902 sunt,
2655 837 2826 893 everti
2875 835 3260 908 profligarique
3318 843 3597 906 poterunt.

2017 930 2130 987 Nos
2161 932 2306 987 enim
2345 929 2400 985 id
2436 929 2582 1000 quod
2619 929 2825 985 veritas
2856 929 2974 1000 ipsa
2995 944 3107 1000 pra:
3135 943 3194 984 se
3223 929 3448 984 omnino
3473 927 3596 993 fert,

2019 1022 2276 1094 quodque
2324 1030 2381 1077 et
2424 1023 2667 1093 prudens
2722 1022 2864 1076 ratio
2910 1019 3222 1092 persuadet,
3263 1029 3316 1076 et
3352 1020 3598 1076 veritatis

2017 1115 2220 1185 regulae
2277 1122 2708 1170 consentaneum
2753 1123 2857 1181 est,
2909 1115 3034 1186 legi,
3089 1129 3155 1170 ac
3207 1113 3510 1185 praphetis,
3544 1123 3600 1168 et

2018 1202 2385 1273 patriarchis,
2437 1204 2532 1274 qui
2580 1201 2686 1259 sibi
2736 1203 2976 1259 invicem
3021 1212 3444 1268 successerunt,
3497 1219 3598 1258 nec

2019 1308 2134 1349 non
2194 1301 2307 1349 tam
2370 1293 2672 1350 Salvatoris
2728 1295 2944 1366 ipsius,
3007 1312 3171 1367 quam
3228 1296 3598 1367 apostolorum

2020 1385 2287 1441 doctrinae
2315 1387 2595 1443 credimus
2623 1407 2638 1443 :
2675 1401 2706 1440 a
2732 1387 2933 1457 quibus
2963 1387 3252 1444 manifeste
3285 1381 3596 1452 didicim‘us,

2023 1491 2195 1530 unum
2243 1475 2494 1531 confiteri
2547 1477 2716 1532 Deum
2771 1480 3155 1534 universorum
3182 1479 3398 1535 Patrem
3422 1481 3600 1551 omni-

2021 1574 2321 1639 potentem,
2360 1583 2424 1623 ac
2452 1567 2743 1624 Dominum
2778 1577 3029 1625 nostrum
3059 1569 3246 1627 Jesum
3273 1571 3556 1636 Christum
3579 1611 3595 1634 .

2021 1667 2077 1715 et
2109 1659 2378 1731 Spiritum
2411 1668 2686 1726 sanctum,
2720 1677 2884 1716 unam
2917 1671 3162 1717 sanctam
3194 1664 3597 1732 increatamquo

2022 1750 2344 1806 Trinitatem
2377 1790 2392 1814 ,
2442 1767 2569 1807 cum
2621 1761 2817 1808 caetera
2854 1761 2978 1823 post
3018 1753 3257 1819 Patrem,
3293 1763 3347 1808 et
3374 1751 3597 1818 Filium,

1950 1830 1991 1884 Β
2021 1849 2074 1897 et
2109 1841 2375 1914 Spiritum
2409 1855 2658 1900 sanctum
2687 1860 2755 1900 ex
2787 1845 2960 1900 nihilo
2985 1845 3251 1914 producta
3293 1845 3425 1901 sint.
3465 1843 3604 1911 Quae.

2017 1933 2239 2004 quidem
2283 1936 2470 1991 omnia
2494 1951 2621 1991 cum
2663 1936 2752 2001 iis,
2808 1952 2949 2007 quos
2989 1937 3436 2000 commemoravi,
3469 1951 3598 1992 sane

2018 2023 2283 2081 ctissimis
2331 2027 2486 2094 viris,
2532 2026 2832 2098 prophetis,
2865 2027 3314 2098 evangelistiset-
3336 2027 3598 2097 apostolis

2018 2117 2140 2174 sine
2195 2119 2305 2174 ulla
2346 2119 2700 2191 ambiguitate
2739 2118 2948 2174 credita
2991 2118 3353 2188 confessaque
3371 2117 3610 2180 fuerint.

2016 2213 2178 2269 nullae
2204 2211 2477 2284 ejusmodi
2510 2218 2672 2268 erunt
2703 2219 2952 2267 artesae
2987 2211 3293 2282 praestigiae,
3344 2225 3464 2281 quae
3503 2225 3598 2266 ve-

2017 2307 2199 2362 ritatis
2233 2307 2344 2362 luci
2384 2320 2448 2360 ac
2479 2305 2762 2376 splendori
2805 2305 3021 2375 possint
3069 2305 3374 2372 obsistere;
3405 2319 3596 2375 quem.

2018 2396 2308 2452 admodum
2358 2395 2414 2451 in
2452 2395 2697 2466 singulis
2750 2393 3054 2450 refutandis
3097 2395 3596 2464 haeresibussaepe

2017 2503 2084 2544 ac
2137 2491 2360 2561 copiose
2401 2489 2854 2544 monstravimus.
2891 2487 3132 2544 Adeo-ut
3157 2488 3348 2543 eadem
3389 2502 3498 2557 qua
3530 2489 3587 2542 in

2017 2580 2232 2635 caeteris
2277 2580 2489 2634 ratione
2529 2578 2802 2634 detectum
2850 2579 2944 2645 sit,
2984 2579 3313 2635 nebulonem
3344 2579 3497 2633 illum
3531 2594 3596 2633 ac

2017 2670 2344 2742 pestiferum
2393 2669 2674 2724 hominem
2721 2670 2839 2726 sola
2878 2670 3252 2726 ostentatione
3290 2669 3376 2724 sui
3407 2682 3470 2722 ac
3499 2681 3599 2722 cu—

2023 2762 2269 2818 riositate
2311 2761 2546 2816 ductum-
2588 2760 2676 2815 ad.
2715 2769 2824 2815 tam
2880 2760 3142 2816 immania
3169 2769 3444 2830 portenta
3493 2758 3596 2821 fma

2018 2853 2195 2925 genda
2231 2853 2660 2922 fabricandaque
2689 2854 2924 2911 venisse.

2091 2941 2256 2997 XXII.
2326 2942 2482 2999 Nunc
2528 2945 2676 3000 illius
2697 2959 2774 3000 ac
2855 2942 3250 2999 Marcosiorum
3314 2943 3619 3014 impietate

2017 3035 2315 3105 prteterita',
2349 3034 2418 3089 ad
2447 3035 2585 3092 alias
2611 3043 2992 3102 transeamus;
3033 3050 3332 3105 earumque
3364 3035 3595 3090 etevelo

2017 3129 2194 3183 lamus
2235 3127 2470 3192 radices,
2519 3135 2572 3182 et
2616 3127 2992 3183 amarissimos
3038 3125 3250 3180 fructus
3278 3125 3535 3180 tollamus
3563 3141 3595 3180 e

2021 3218 2223 3285 medio,
2278 3232 2343 3274 ac
2373 3218 2831 3289 quemadmodum
2866 3217 3040 3274 refelli
3088 3217 3319 3288 possint,
3366 3230 3595 3286 quaeque

2022 3306 2092 3360 ad
2143 3305 2298 3376 ipsos
2343 3307 2617 3377 pertinent
2675 3305 2933 3360 universa
2979 3304 3337 3371 referamus;
3383 3320 3494 3359 non
3536 3313 3594 3359 ut

2017 3396 2339 3469 legentibus
2371 3395 2550 3451 fraudi
2595 3399 2714 3452 ista.
2755 3397 2887 3461 sint,
2937 3397 3030 3453 sed
3063 3404 3124 3452 ut
3147 3398 3217 3452 ab
3252 3396 3362 3451 illis
3399 3396 3596 3451 abhor-

2019 3496 2219 3554 reant;
2252 3503 2431 3560 neque
2473 3488 2540 3543 ad
2583 3503 2750 3543 unam
2796 3489 3035 3560 aliquam
3071 3490 3291 3552 'earum,
3335 3503 3472 3559 quas
3502 3503 3596 3544 ex-

2017 3579 2343 3649 posuimus,
2407 3587 2502 3634 aut
2554 3579 2960 3650 insequentium
3021 3579 3313 3645 accedant;
3360 3578 3457 3634 sed
3501 3577 3594 3635 ubi

2017 3685 2140 3742 quae
2188 3670 2259 3726 ab
2309 3671 2418 3726 illis
2461 3671 2670 3741 scripta
2711 3678 2840 3726 sunt
2882 3671 3136 3743 legerint.
3163 3672 3473 3742 saepiusque
3501 3670 3593 3726 de-

2021 3767 2240 3818 cantata
2273 3762 2653 3834 cognoverint,
2700 3761 2920 3816 illorum
2967 3761 3270 3825 erroribus,
3322 3776 3386 3816 ac
3425 3776 3594 3817 vene-

2017 3861 2142 3906 nata
2170 3852 2526 3923 improbitate
2559 3852 2820 3906 damnata
2857 3851 3069 3920 fugiant
3100 3852 3309 3922 procul,
3343 3843 3508 3922 258
3530 3867 3593 3922 ac

2015 3943 2242 4013 propius
2261 3957 2321 3998 se
2342 3941 2592 3999 conferre
2622 3950 2942 3998 vereantur.
2977 3942 3268 4013 Dipsadem
3299 3943 3593 4013 quamdam

2016 4047 2048 4088 e
2093 4033 2406 4102 viperarum
2449 4048 2649 4105 genere
2681 4047 2804 4089 esse
2841 4033 3121 4088 memoriae
3160 4031 3436 4103 proditum
3486 4040 3589 4097 est,

2016 4138 2137 4194 quae
2168 4124 2478 4181 istiusmodi
2513 4125 2664 4180 virus
2699 4125 2976 4181 immittat.
3017 4124 3154 4180 Cum
3187 4125 3331 4181 enim
3361 4138 3586 4180 excava-

2019 4216 2088 4271 tis
2125 4215 2182 4270 in
2213 4217 2466 4287 rupibus,
2493 4232 2614 4287 quae
2643 4217 2938 4273 stillantem
2964 4231 2996 4273 e
3026 4215 3179 4274 saxis
3201 4216 3466 4286 liquorem
3494 4230 3585 4271 ex-

2014 4306 2244 4376 cipiunt,
2285 4322 2481 4377 aquam
2530 4314 2691 4364 nacta
2744 4307 2972 4375 ,biberit,
3016 4321 3136 4363 eam
3166 4317 3355 4378 postea
3381 4321 3589 4363 veneno

2017 4413 2119 4453 suo
2158 4398 2241 4454 sic
2290 4397 2488 4466 inficit,
2520 4406 2581 4454 ut
2626 4399 2674 4456 si
2712 4399 2857 4470 quod
2891 4399 3094 4454 animal
3127 4400 3386 4470 deinceps
3426 4414 3492 4454 ex
3527 4412 3609 4454 ea.

1945 4521 1992 4578 Ι)
2019 4490 2309 4560 potaverit,
2335 4505 2461 4546 cum
2495 4491 2676 4561 juvari
2698 4505 2761 4545 ac
2789 4490 2939 4546 sitim
2971 4491 3216 4549 relevare
3252 4491 3430 4546 visum
3475 4489 3590 4545 fue-

2020 4580 2115 4644 rit,
2161 4582 2228 4634 ad
2278 4589 2607 4637 venenatum
2657 4582 2837 4651 ipsum
2879 4596 3033 4652 aquae
3067 4582 3470 4652 receptaculum
3497 4596 3601 4637 sua,

2021 4671 2138 4726 bito
2163 4672 2431 4727 moriatur
2455 4687 2519 4726 ac
2545 4673 2818 4728 concidat.
2867 4672 3024 4738 Quod
3070 4671 3119 4728 si
3157 4685 3322 4742 quem
3359 4671 3450 4725 illa
3478 4686 3588 4726 mo.

2021 4762 2310 4828 morderit,
2356 4764 2523 4833 ignea
2553 4763 2747 4818 veneni
2790 4763 2870 4817 vis
2911 4763 3289 4818 vehementius
3330 4775 3590 4833 grassans

2019 4855 2299 4924 ingentem
2361 4854 2511 4910 sitim
2573 4852 2765 4922 affert,
2825 4861 2879 4908 et
2923 4853 2991 4909 ad
3029 4853 3248 4909 assidue
3293 4853 3588 4923 potandum

2020 4943 2352 5000 intolerabili
2376 4958 2503 4998 cum
2529 4944 2716 5000 dolore
2745 4944 3038 5014 compellit.
3077 4944 3178 5003 Cui
3214 4944 3434 5014 quidem
3465 4944 3588 4999 leti-

2019 5033 2137 5091 fero
2167 5034 2344 5089 dolori
2375 5033 2504 5089 dum
2529 5035 2603 5089 ita
2653 5050 2713 5091 se
2759 5034 2986 5090 remedii
3013 5033 3208 5091 afferre
3234 5033 3439 5106 aliquid
3468 5036 3583 5092 exi-

2020 5127 2227 5212 stimet,
2258 5125 2314 5180 in
2340 5125 2530 5182 eodem
2559 5126 2681 5181 loco
2710 5133 2902 5181 ventre
2933 5123 3188 5188 distento,
3218 5141 3321 5181 nec
3343 5126 3590 5183 humoris

2018 5217 2316 5289 quidquam
2361 5218 2596 5287 amplius
2637 5217 2907 5287 capiente,
2955 5230 3080 5272 cum
3119 5227 3252 5288 potu
3298 5231 3425 5272 mox
3464 5217 3589 5272 ani-

2020 5325 2166 5366 mam
2192 5307 2490 5380 profundit.
2523 5307 2615 5364 Sic
2643 5308 2734 5363 ille
2759 5323 2884 5362 cum
2913 5308 3239 5366 inexhausta
3276 5315 3441 5380 potus
3471 5310 3590 5365 avi-

2015 5399 2188 5456 ditate
2253 5400 2369 5456 suis
2427 5400 2654 5456 exitium
2715 5400 3030 5457 consciscit.
3085 5399 3192 5456 Sed
3244 5415 3346 5455 nos
3410 5399 3481 5455 ab
3522 5415 3590 5456 eo

2015 5503 2225 5547 veneno
2273 5491 2458 5547 divina
2511 5507 2613 5564 ope
2667 5493 2899 5561 liberati,
2934 5492 3177 5563 reliquas
3228 5491 3297 5546 ad
3354 5491 3590 5548 haereses

2015 5588 2380 5640 transeamus.

347 5785 454 5841 περ
491 5768 568 5824 ίοῦ
617 5772 674 5824 ὲν
715 5769 938 5841 δυνάμει
971 5769 1104 5824 Θεοῦ
1147 5768 1469 5840 ρυσθὲντες,
1523 5769 1614 5822 ἐπὶ
1658 5766 1756 5832 τὰς
1790 5767 1916 5836 ἑξῆς
1947 5766 2130 5837 ἴωμεν.
