3950 6116
397 262 503 321 627

777 366 1056 427 CONTRA
1094 342 1600 434 COLORBASIOS,

640 479 773 547 Qua:
806 490 884 536 est
912 479 1126 538 luemis
1170 480 1299 548 XV,
1339 482 1447 537 sive
1490 474 1728 535 XXXV.

473 591 512 646 Ι.
552 590 812 661 Sequitur
834 591 1188 659 Colorbasus,
1217 592 1312 663 qui
1342 593 1411 647 ab
1436 590 1626 647 iisdem
1651 590 1818 645 Marci
1848 602 1982 659 prai-

402 682 583 751 stigiis
612 697 744 738 suas
790 683 1032 753 ineptias
1076 683 1410 753 corrogavit.
1437 681 1581 748 Quin
1610 688 1667 736 et
1687 696 1757 735 ex
1795 678 1981 734 Ptole-

402 775 523 830 ιιιωί
566 775 848 832 radicibus
897 778 1132 832 sentium
1173 790 1239 831 ac
1278 777 1561 846 spinarum
1593 775 1769 830 instar
1795 787 1981 828 erum-

405 884 538 936 pens
566 884 738 925 novas
763 869 1028 940 quasdam
1050 869 1336 939 opiniones
1361 875 1702 922 commentus
1731 873 1835 928 est,
1866 864 1983 935 qui-

403 958 507 1012 bus
535 958 681 1014 velut
714 958 920 1014 aculeis
951 959 1204 1014 homines
1236 958 1545 1018 infestaret,
1583 957 1714 1012 dum
1746 955 1982 1023 majores

402 1064 580 1118 nugas
635 1065 700 1106 ac
749 1053 963 1106 somnia
1019 1053 1167 1106 velut
1198 1067 1229 1106 e
1269 1051 1408 1105 caelo
1449 1049 1711 1118 delapsus
1762 1048 1978 1102 eliutiit.

404 1140 530 1196 Fuit
573 1140 624 1196 ei
663 1140 900 1211 primum
947 1156 1073 1196 cum
1116 1140 1301 1195 Marco
1350 1140 1586 1195 societas
1635 1138 1982 1207 dogmatnm-

403 1248 514 1300 que
558 1234 872 1297 consensio,
926 1241 987 1287 ut
1035 1248 1226 1288 eorum
1274 1240 1448 1296 secta,
1500 1239 1760 1300 tanquam
1795 1229 1984 1299 biceps

404 1324 622 1396 anguis,
666 1325 921 1394 bipartita
966 1325 1262 1380 videretur.
1312 1323 1508 1379 Postea
1552 1323 1699 1377 velut
1745 1327 1909 1391 caput
1952 1334 1986 1375 a

404 1415 676 1485 serpentis
707 1430 936 1482 corpore
964 1415 1259 1482 divulsum,
1295 1431 1361 1469 ac
1388 1416 1606 1485 spirans
1634 1413 1835 1474 adhuc,
1865 1411 1986 1481 plu-

406 1506 561 1567 rimis
608 1507 779 1561 exitio
820 1506 958 1573 fuit;
997 1521 1121 1561 cum
1168 1506 1348 1574 majus
1379 1504 1640 1575 quiddam
1680 1518 1789 1559 non
1823 1501 1987 1557 modo

403 1597 707 1667 mqualibus
752 1597 890 1663 suis,
933 1597 1029 1653 sed
1070 1608 1124 1651 et
1168 1597 1494 1667 majoribus,
1548 1610 1614 1649 ac
1652 1595 1870 1649 doctius
1901 1591 1986 1647 af-

1809 255 1868 313 S.
1900 251 2253 313 .EPIPHANH

3557 244 3666 307 623

2501 366 2693 422 ΚΑΤΑ
2724 365 3208 455 ΚβΛΟΡΒΔΣΙΩΝ
3225 405 3243 431 ,

2148 479 2658 553 Πεντεκαιδεκάτη
2682 522 2696 550 ,
2740 482 2781 551 ἡ
2824 482 2925 538 καὶ
2962 477 3288 553 τριακοστὴ
3329 476 3589 548 πέμπτη.

2148 590 2228 648 A'.
2261 592 2611 664 Κολόρϐασος
2637 593 2850 658 τούτοις
2865 595 3075 657 ἕπεται,
3100 593 3213 647 ἀπὸ
3235 592 3337 661 τῆς
3362 589 3460 644 τοῦ
3487 605 3675 661 προειο

2081 684 2319 756 ρημένου
2347 686 2577 757 Μάρκου
2620 686 2874 757 γοητείας
2913 686 3006 742 τὸν
3044 685 3237 758 ἔρανον
3276 682 3671 754 ποιησάμενος.

2092 775 2253 830 Ἀλλὰ
2279 777 2373 830 καὶ
2405 778 2515 830 ἀπὸ
2544 778 2646 848 τῆς
2675 777 2771 832 τοῦ
2805 778 3142 850 Πτολεμαίου
3193 776 3351 847 ῥίζης
3384 773 3674 829 σκολόπων

2079 866 2233 938 δίκην
2266 866 2548 938 ἀναφύσας
2569 908 2585 934 ,
2618 869 2784 943 ἔτερα
2812 870 2974 924 πάλιν
3002 869 3156 940 παρὰ
3188 868 3399 931 τούτοις
3431 866 3677 936 ἐνοχλεῖν

2079 958 2158 1029 τῷ
2208 959 2398 1031 κόσμῳ
2446 961 2688 1033 κέντρων
2739 962 2896 1031 δίκην
2933 961 3221 1030 ἐπενόησε,
3259 959 3422 1030 δῆθεν
3448 957 3677 1029 μείζονα

2083 1051 2382 1121 φαντασίαν
2402 1093 2416 1118 ,
2446 1054 2523 1116 di;
2549 1053 2753 1108 ἄνωθεν
2781 1054 2932 1124 ἥκων
2955 1093 2971 1118 ,
3004 1050 3396 1124 μηχανώμενος
3421 1067 3435 1079 ·
3463 1050 3561 1104 καὶ
3601 1050 3680 1103 τὰ

2087 1144 2184 1213 μὲν
2229 1143 2422 1215 πρῶτα
2472 1145 2570 1198 σὺν
2615 1144 2694 1215 τῷ
2721 1146 2951 1217 Μάρκῳ
2985 1143 3246 1215 ὑπάρχων
3273 1141 3679 1215 ὁμοιογνώμονι

2084 1230 2235 1302 αὐτῷ
2255 1269 2269 1295 ,
2303 1232 2458 1303 δίκην
2487 1232 2778 1302 δικεφάλου
2809 1233 3160 1305 ὑπαρχούσης
3180 1232 3282 1302 τῆς
3315 1230 3497 1285 αὐτῶν
3524 1231 3682 1303 αἱρέ-

2087 1340 2224 1389 σεως
2251 1339 2265 1352 ·
2299 1323 2527 1396 ὕστερον
2557 1325 2612 1378 δὲ
2643 1325 2720 1388 ib;
2750 1324 2961 1397 κεφαλὴ
3008 1324 3118 1378 ἀπὸ
3153 1323 3408 1394 σώματος
3438 1322 3679 1393 ἑρπετοῦ

2083 1415 2354 1487 τμηθεῖσα
2382 1455 2398 1478 ,
2450 1416 2547 1470 καὶ
2597 1415 2679 1470 ἐτι
2718 1416 3032 1481 ἐμπνέουσα
3061 1453 3076 1480 ,
3120 1414 3351 1491 πολλοὺς
3400 1414 3681 1483 ἀφανίσας

2084 1506 2362 1577 ἠδίκησεν,
2386 1506 2463 1569 ὡς
2488 1506 2649 1577 δῆθεν
2684 1507 2867 1577 μεῖζόν
2899 1524 2952 1560 τι
2980 1505 3075 1559 καὶ
3098 1506 3495 1578 ἐμπειρότερον
3525 1504 3681 1578 παρὰ

2086 1596 2194 1651 τῶν
2225 1598 2243 1629 ¹
2278 1599 2375 1650 σὺν
2422 1597 2570 1668 αὐτῷ
2621 1599 2716 1652 καὶ
2766 1600 2894 1663 τοὺς
2941 1598 3195 1670 πρώτους
3242 1597 3480 1661 δεικνύς.
3510 1597 3681 1665 Λέγει

406 1689 550 1747 ferre
586 1690 922 1745 crederetur.
954 1688 1270 1759 Ogdoadem
1318 1688 1464 1743 enim
1510 1696 1696 1742 censet
1725 1702 1833 1741 non
1862 1701 1987 1756 gra-

2094 1690 2199 1761 γὰρ
2228 1690 2328 1777 τὴν
2358 1690 2582 1763 πρώτην
2608 1692 2890 1759 ςὈγδοάδα
2931 1693 2994 1746 οὐ
3033 1691 3156 1746 καθ’
3190 1689 3460 1745 ὑπόϐασιν
3498 1689 3681 1744 ἄλλων

405 1780 576 1835 datim
622 1781 788 1835 unius
821 1779 1020 1836 dionis
1054 1780 1124 1834 ab
1158 1780 1331 1834 altero
1361 1780 1741 1849 procreatione
1784 1792 1986 1849 propa-

406 1879 586 1940 gatam
648 1870 855 1939 fuisse;
904 1872 1000 1927 sed
1053 1887 1147 1927 sex
1200 1862 1444 1941 reliquos
1501 1869 1713 1925 Eonas
1759 1870 1983 1941 pariter,

408 1964 712 2035 eodemque
761 1972 1034 2020 momento
1087 1979 1118 2018 a
1180 1979 1438 2033 supremo
1477 1962 1728 2028 Parente,
1782 1972 1838 2017 et
1866 1962 1987 2030 ejus

408 2053 576 2126 259
605 2054 837 2120 Ennma,
861 2055 967 2111 hoc
998 2063 1083 2111 est
1130 2055 1481 2127 cogitatione,
1528 2069 1803 2119 manasse,
1840 2054 1987 2125 quod

409 2148 514 2203 iste
544 2147 627 2204 sic
656 2154 918 2218 tanquam
945 2146 1255 2204 obstetricis
1282 2155 1464 2219 partes
1484 2149 1708 2218 egisset,
1732 2145 1984 2200 allirmat.

407 2234 591 2301 Quare
643 2252 755 2294 non
799 2249 860 2292 υι
901 2237 989 2293 alii
1019 2253 1050 2294 e
1086 2237 1260 2294 Verbo
1300 2236 1552 2308 Vitaqne,
1610 2237 1898 2294 Hominem
1933 2244 1989 2294 et

408 2324 745 2397 Ecclesiam;
786 2339 880 2388 aut
917 2347 984 2387 ex
1024 2329 1275 2397 Homine,
1314 2341 1374 2386 ut
1407 2329 1735 2401 quibusdam
1786 2329 1986 2400 placet,

405 2427 461 2476 et
486 2418 731 2477 Ecclesia
775 2419 1016 2478 Verbum
1058 2435 1122 2476 ac
1166 2418 1347 2475 Vitam
1391 2421 1664 2490 prodiisse
1692 2435 1817 2474 cum
1868 2420 1989 2477 suis

407 2512 499 2567 ille
554 2514 768 2569 statuit.
815 2511 922 2568 Sed
967 2512 1021 2568 id
1070 2512 1176 2566 alia
1216 2511 1431 2567 ratione
1485 2512 1751 2567 deﬁniunt
1782 2529 1795 2565 :
1829 2509 1991 2565 nimi-

408 2616 532 2657 rum
561 2602 719 2673 ,quod
762 2618 1054 2673 supremus
1096 2603 1185 2659 ille
1214 2615 1416 2673 parens
1453 2601 1755 2670 producere
1781 2601 1991 2670 COgita-

409 2697 512 2759 wit,
550 2695 658 2751 hoc
706 2695 978 2750 vocabulo
1021 2694 1200 2750 Patris
1241 2694 1595 2765 appellatum.
1642 2691 1785 2747 ldcm
1827 2707 1991 2762 porro

412 2784 628 2842 Veritas
672 2801 797 2840 cum
846 2793 1016 2850 esset,
1070 2783 1332 2840 Veritatis
1375 2783 1698 2854 insignitum
1746 2783 1988 2837 nomine.

410 2874 776 2942 Quamobrem
809 2891 933 2932 cum
971 2884 1253 2932 ostentare
1288 2889 1348 2930 se
1389 2873 1571 2939 vellet,
1613 2873 1850 2942 idipsum
1882 2872 1993 2927 H0-

412 2967 614 3024 minem
672 2966 1037 3022 nominatum.
1076 2965 1226 3032 Quos
1270 2973 1451 3021 autem
1497 2978 1623 3019 cum
1664 2964 1993 3033 produceret

2089 1779 2195 1832 ὑπὸ
2227 1768 2389 1835 ἄλλου
2429 1782 2612 1835 Αίῶνα
2660 1781 3065 1854 προϐεϐλῆσθαι
3085 1821 3101 1845 ,
3142 1780 3258 1835 ἀλλ’
3287 1779 3428 1852 ὁμοῦ
3462 1780 3561 1834 καὶ
3595 1781 3681 1844 είς

2088 1869 2234 1938 ἅπαξ
2261 1872 2360 1944 τὴν
2387 1874 2495 1927 τῶν
2537 1874 2597 1939 ἒξ
2627 1872 2846 1928 Αίώνων
2871 1877 2893 1907 ¹
2932 1873 3205 1945 προϐολὴν
3245 1873 3352 1926 ὑπὸ
3396 1872 3496 1927 τοῦ
3533 1875 3681 1944 Προ-

2089 1962 2323 2036 πάτορος
2348 1966 2445 2019 καὶ
2475 1967 2575 2038 τῆς
2613 1966 2852 2030 Ἐννοίας
2888 1966 3054 2021 αὐτοῦ
3077 1965 3331 2037 τετέχθαι
3355 2006 3371 2031 ,
3402 1966 3481 2030 ὼς
3510 1965 3681 2029 αὐτὸς

2092 2057 2500 2127 μαιωσάμενος,
2551 2058 2973 2113 διαϐεϐαιοῦται.
3010 2059 3121 2112 Καὶ
3162 2057 3346 2112 οὐκέτι
3394 2059 3464 2111 ὲκ
3500 2058 3680 2125 Λόγου

2088 2150 2184 2203 καὶ
2199 2150 2353 2221 Ζωῆς
2381 2150 2702 2223 ’Ἄνθρωπον
2723 2152 2818 2205 καὶ
2849 2150 3196 2221 Ἐκκλησίαν,
3229 2151 3322 2205 καὶ
3348 2150 3408 2217 ἐξ
3445 2149 3682 2222 Ἀνθρώ-

2089 2262 2192 2299 που
2213 2284 2228 2311 ,
2259 2244 2336 2308 ὡς
2364 2245 2413 2299 oi
2443 2244 2592 2298 ἄλλοι
2613 2285 2627 2308 ,
2654 2245 2749 2298 καὶ
2793 2243 3119 2315 Ἐκκλησίας
3137 2284 3153 2309 ,
3189 2244 3362 2312 Λόγον
3396 2245 3496 2298 καὶ
3522 2244 3680 2314 Ζωήν

2091 2353 2223 2408 φασι
2250 2337 2498 2409 τετέχθαι
2529 2338 2692 2401 αὐτὸς
2735 2336 2831 2391 καὶ
2856 2337 2904 2389 οἱ
2936 2335 3100 2392 αὐτοῦ
3125 2353 3142 2370 ο
3174 2335 3310 2391 ἀλλὰ
3351 2336 3527 2408 ἑτέρῳ
3551 2335 3679 2406 τρό-

2090 2446 2179 2501 πῳ
2207 2429 2364 2483 τοῦτο
2396 2429 2647 2499 λέγουσιν
2668 2446 2684 2462 ο
2730 2432 2813 2484 ὅτι
2848 2432 2987 2504 ὅπερ
3019 2428 3274 2501 ὲνενοήθη
3319 2428 3618 2500 προϐαλεῖν
3647 2429 3679 2480 6

2090 2521 2432 2592 Προπάτωρ,
2464 2522 2620 2576 τοῦτο
2658 2522 2848 2595 Πατὴρ
2886 2522 3111 2593 ἐκλήθη.
3155 2521 3308 2575 Ἐπεὶ
3340 2521 3399 2574 δὲ
3435 2519 3676 2592 προεϐά-

2090 2611 2213 2665 λετο
2253 2611 2506 2683 Ἀλήθεια
2549 2613 2617 2683 ἦν
2637 2653 2651 2678 ,
2697 2614 2856 2668 τοῦτο
2910 2613 3162 2685 Ἀλήθεια
3190 2610 3508 2683 ὠνομάσθη.
3546 2611 3679 2664 Ὅτε

2091 2698 2183 2756 οὖν
2220 2702 2484 2774 ἠθέλησεν
2530 2704 2796 2770 ἐπιδεῖξαι
2848 2705 3011 2759 αὑτὸν
3034 2746 3048 2770 ,
3086 2704 3247 2758 τοῦτο
3300 2702 3626 2775 Ἄνθρωπος
3656 2703 3679 2734 ³

2093 2794 2307 2864 ἐλέχθη.
2338 2794 2445 2858 Οὓς
2494 2795 2552 2849 δὲ
2597 2797 2987 2868 προελογίσατο
3019 2798 3110 2851 ὅτε
3158 2794 3429 2867 προέϐαλε
3451 2835 3468 2861 ,
3520 2794 3679 2848 τοῦτο

2106 2883 2401 2954 Ἐκκλησία
2427 2884 2718 2958 ὠνομάσθη
2744 2902 2759 2917 ⁸
2792 2887 2885 2940 καὶ
2923 2887 2953 2939 ὁ
2984 2885 3305 2958 Ἀνθρωπος
3340 2885 3434 2940 τὸν
3465 2885 3638 2953 Λόγον
3658 2901 3674 2915 ·

2093 2967 2247 3038 οὗτός
2272 2975 2420 3030 ἐστιν
2452 2975 2482 3027 ό
2513 2978 2857 3047 πρωτότοκος
2899 2976 3046 3041 Υἱός.
3095 2974 3484 3030 Ἐπακολουθεῖ
3518 2975 3576 3029 δὲ
3602 2973 3681 3044 τῷ

415 3059 570 3129 prius
613 3058 798 3115 animo
835 3065 1136 3129 repntarat,
1181 3057 1268 3114 bis
1306 3055 1567 3112 Ecclesiae
1597 3070 1798 3112 nomen
1827 3053 1987 3109 attri-

2094 3064 2253 3135 Λόγῳ
2293 3066 2389 3119 καὶ
2426 3067 2460 3137 ἡ
2495 3068 2640 3139 Ζωή.
2681 3068 2793 3122 Καὶ
2833 3067 3007 3133 οὕτως
3053 3066 3246 3153 πρώτη
3290 3065 3518 3135 Ὀγδοὰς
3556 3082 3682 3120 συν·

414 3151 628 3207 butum.
677 3149 853 3206 Homo
904 3165 1035 3206 vero
1080 3148 1317 3206 Verbum
1368 3147 1663 3219 produxit;
1706 3154 1870 3218 atque
1898 3147 1989 3202 hic

413 3239 812 3310 primogenitus
862 3249 949 3295 est
983 3236 1175 3294 Filius.
1230 3237 1335 3293 Sed
1368 3236 1608 3294 Verbum
1639 3236 1762 3292 Vita
1792 3250 1991 3292 conse-

412 3331 628 3400 quitur.
659 3330 839 3400 Atque
867 3330 943 3384 ita
974 3329 1193 3400 Ogdoas
1224 3331 1401 3400 prima
1431 3329 1739 3385 coniicitur.

484 3418 658 3477 Porro
692 3436 892 3492 magna
921 3429 1006 3478 est
1035 3422 1180 3478 inter
1212 3422 1335 3478 illos
1363 3422 1431 3478 de
1462 3421 1748 3477 Salvatore
1776 3419 1993 3475 dissen-

413 3511 520 3569 sio.
570 3510 805 3578 Quidam
850 3513 998 3569 enim
1044 3528 1114 3568 ex
1155 3514 1412 3569 omnibus
1454 3510 1752 3567 conﬂatum
1802 3511 1993 3566 existi-

414 3610 566 3659 mant
593 3621 607 3659 :
639 3611 807 3675 atque
862 3603 985 3660 ideo
1031 3602 1396 3663 Eudocetum.
1450 3604 1554 3660 hoc
1597 3610 1683 3659 est
1735 3602 1993 3672 benepla-

417 3702 626 3766 cantem
667 3703 943 3758 vocatum,
982 3694 1128 3766 quod
1173 3710 1300 3750 eum
1346 3692 1600 3751 Pleroma
1643 3708 1805 3750 omne
1838 3707 1993 3748 com-

414 3764 568 3847 muni
613 3783 687 3840 sit
725 3784 923 3841 aﬂ‘ectu
953 3764 1019 3840 ac
1047 3783 1430 3841 benevolentia
1476 3792 1851 3855 prosecutum.
1886 3785 1992 3842 Alii

414 3875 551 3935 solis
569 3890 636 3933 ex
664 3874 936 3931 )Eonibus
951 3876 1164 3942 decem,
1183 3876 1277 3946 qui
1308 3890 1338 3928 a
1364 3871 1545 3931 Verbo
1571 3873 1802 3946 Vitaque
1845 3876 1994 3932 deri-

413 3968 527 4024 νειιί
557 3975 708 4031 sunt,
761 3968 1069 4039 profectum
1114 3969 1269 4025 illum
1318 3977 1598 4036 asserunt,
1636 3977 1928 4036 eteorum,
1960 3984 1994 4025 a

409 4058 614 4128 quibus
636 4064 819 4113 ortum
851 4060 1085 4130 accepit,
1124 4058 1423 4115 retinuisse
1452 4061 1695 4116 nomina.
1729 4060 1866 4116 Sunt
1898 4060 1993 4129 qui

411 4145 702 4204 duodecim
727 4162 793 4202 ex
821 4147 1094 4205 AEonibus
1114 4189 1130 4215 ,
1161 4164 1303 4218 quos
1335 4148 1512 4205 Homo
1540 4163 1605 4205 ac
1637 4148 1762 4204 Vita
1787 4166 1996 4221 genue-

410 4237 544 4302 rint,
584 4236 910 4307 proﬂuxisse
947 4239 1232 4293 sentiant:
1269 4239 1339 4293 ob
1385 4240 1548 4310 idque
1586 4239 1756 4295 ﬁlium
1808 4240 1995 4296 Homi-

413 4329 502 4389 nis
531 4327 740 4391 vocari,
778 4330 936 4400 quasi
964 4328 1217 4384 Hominis
1248 4338 1522 4399 nepotem.
1557 4329 1848 4387 Nonnullis
1877 4331 1994 4401 pla-

2092 3156 2364 3229 ετελέσθη.

2164 3435 2340 3508 Πολλὴ
2372 3436 2429 3490 δὲ
2460 3436 2608 3510 μάχη
2637 3439 2769 3510 παρ’
2800 3438 2982 3504 αὐτοῖς
3011 3438 3105 3493 καὶ
3136 3438 3381 3509 περὶτοῦ
3403 3440 3678 3512 Σωτῆρος.

2093 3530 2156 3583 υἱ
2187 3529 2286 3600 μὲν
2324 3529 2434 3601 γὰρ
2462 3531 2624 3585 αὐτὸν
2653 3533 2717 3585 ὲκ
2740 3532 2958 3586 πάντων
2985 3532 3267 3601 γεγονέναι
3299 3533 3518 3602 λέγουσι
3540 3574 3555 3599 ,
3601 3533 3683 3587 διὸ

2093 3621 2187 3676 καὶ
2209 3621 2513 3694 Εὺδοκητὸν
2541 3624 2844 3688 καλεῖσθαι,
2875 3626 2956 3678 ὅτι
2984 3625 3093 3677 πᾶν
3120 3624 3181 3678 τὸ
3208 3625 3495 3697 Πλήρωμα
3526 3625 3683 3697 ηὐδόο

2093 3729 2261 3783 κησεν
2280 3729 2295 3742 ο
2336 3713 2386 3766 οί
2435 3713 2493 3766 δὲ
2532 3714 2597 3767 ἐκ
2649 3714 2825 3785 μόνων
2873 3715 2981 3767 τῶν
3013 3713 3144 3768 δέκα
3178 3715 3399 3768 Αίώνων
3431 3717 3542 3769 τῶν
3574 3714 3682 3769 ἀπὺ

2093 3804 2268 3874 Λόγου
2308 3804 2405 3858 καὶ
2457 3804 2612 3877 Ζωῆς
2658 3805 3062 3878 προϐεϐλῆσθαι
3112 3808 3276 3861 αὑτὸν
3313 3808 3575 3877 λέγουσι,
3612 3807 3684 3862 τὰ

2093 3895 2392 3966 προγονικά
2426 3896 2668 3966 ὀνόματα
2702 3895 2815 3969 [τὰ]
2846 3898 3178 3963 διασώζοντα
3200 3915 3215 3930 ο
3245 3902 3294 3953 οἱ
3347 3900 3405 3953 δὲ
3463 3902 3531 3954 ὲκ
3572 3901 3681 3954 τῶν

2091 3989 2318 4044 δεκαδύο
2363 3989 2587 4045 Αἱώνων
2639 3991 2749 4045 τῶν
2800 3993 2865 4047 ἐκ
2895 3993 3004 4048 τῶν
3056 3995 3152 4048 τοῦ
3211 3994 3533 4067 Ἀνθρώπου
3587 3995 3680 4049 καὶ

2093 4080 2248 4151 Ζωῆς
2300 4080 2607 4152 γενομένων
2643 4099 2658 4112 ·
2713 4082 2805 4135 καὶ
2849 4081 2938 4136 διὰ
2989 4083 3153 4137 τοῦτο
3200 4084 3314 4139 υἱὸν
3365 4085 3681 4156 Ἀνθρώπου

2092 4170 2379 4241 ὁμολογεῖ,
2419 4171 2623 4225 meavel
2659 4172 2927 4241 ἀπόγονον
2977 4174 3311 4246 Ἀνθρώπου.
3360 4178 3425 4229 Oi
3470 4176 3529 4229 δὲ
3576 4176 3682 4229 ὑπὸ

2093 4262 2188 4315 τοῦ
2210 4261 2471 4334 Χριστοῦ,
2511 4265 2607 4319 καὶ
2636 4265 2731 4318 τοῦ
2764 4265 2921 4334 ἁγίου
2951 4266 3268 4338 Πνεύματος
3298 4270 3379 4331 εἰς
3402 4271 3683 4341 στήριγμα

2092 4351 2187 4405 τοῦ
2221 4351 2596 4423 Πληρώματος
2622 4355 2904 4424 γεγονέναι
2942 4356 3192 4426 λέγουσιν
3223 4358 3384 4411 αὐτόν
3415 4374 3429 4387 ·
3462 4360 3558 4413 καὶ
3593 4359 3682 4413 διὰ

410 4427 501 4476 cet
524 4418 776 4476 eumdem
808 4433 840 4473 a
865 4417 1086 4474 Christo
1115 4428 1169 4473 et
1195 4418 1399 4488 Spiritu
1441 4427 1634 4477 sancto
1663 4422 1732 4476 ad
1770 4429 1987 4478 susten-

2096 4442 2257 4498 τοῦτο
2293 4417 2528 4515 Χριστὸν
2572 4417 2827 4515 λέγεσθαι
2857 4417 3026 4502 αὑτὸν,
3050 4449 3150 4519 τὴν
3180 4449 3272 4503 τοῦ
3307 4450 3554 4521 Πατρὸς,
3589 4453 3683 4523 ἀφ’

411 4511 636 4569 tandum
684 4509 934 4566 Pleroma
983 4510 1268 4583 genitum:
1304 4509 1536 4582 ideoque
1580 4512 1857 4569 Christum
1890 4528 1988 4584 ap-

411 4603 694 4672 pellatum.
728 4609 791 4657 ut
821 4601 964 4673 ejus,
994 4617 1026 4657 a
1053 4616 1165 4672 quo
1214 4609 1396 4657 ortum
1436 4609 1745 4672 acceperat,
1789 4618 1989 4660 nomen

410 4694 703 4753 obtineret.
744 4693 850 4749 Alii
895 4708 961 4749 ex
1020 4693 1236 4749 illorum
1289 4708 1542 4759 numero,
1582 4700 1641 4750 ut
1670 4694 1745 4750 ita
1779 4694 1983 4763 dicam,

410 4785 672 4855 rlmpsodi
725 4801 999 4843 summum
1077 4786 1459 4841 universorum
1531 4784 1853 4853 Parentem,
1921 4802 1987 4843 ac

412 4878 647 4947 primum
684 4875 1042 4948 Principium,
1081 4878 1426 4948 primumque
1452 4879 1784 4950 cogitatione
1813 4879 1991 4949 majus

411 4966 703 5026 Hominem
738 4970 924 5025 vocari
951 4968 1253 5037 definiunt;
1298 4968 1463 5039 idque
1490 4985 1745 5041 magnum
1775 4971 1908 5025 illud
1935 4980 1989 5026 et

413 5071 674 5119 arcanum
710 5076 836 5117 esse
865 5063 1207 5132 mysterium,
1241 5059 1391 5131 quod
1421 5061 1512 5115 illa
1540 5064 1756 5118 caeteris
1806 5062 1987 5116 omni-

412 5147 515 5206 bus
571 5150 910 5209 antecellens
979 5152 1276 5223 omniaque
1329 5152 1619 5207 continens
1649 5152 1828 5208 virtus
1875 5150 1986 5206 Ho-

409 5237 577 5295 minis
617 5241 979 5309 appellatione
1027 5252 1369 5308 censeatur;
1423 5250 1480 5298 et
1533 5240 1743 5297 idcirco
1795 5241 1984 5297 Salva.

406 5335 585 5387 torem
615 5331 967 5401 semetipsum
1003 5332 1251 5391 Hominis
1289 5333 1577 5389 nominare
1611 5333 1803 5388 illium.

478 5419 545 5483 ll.
585 5420 867 5493 Ejusmodi
896 5431 982 5479 est
1016 5423 1194 5495 inepta
1242 5425 1335 5479 illa
1374 5439 1439 5480 ac
1481 5422 1833 5480 commentita
1870 5425 1977 5481 Co-

406 5509 614 5571 lorbasi
661 5514 934 5580 doctrina,
986 5530 1149 5587 quam
1186 5531 1383 5589 magno
1417 5516 1708 5573 verborum
1740 5517 1971 5592 strepitu

480 5664 500 5699 ⁸
530 5662 593 5724 δ”.
624 5665 768 5731 τούς.
804 5671 823 5701 ¹
851 5668 976 5727 Cor.
1006 5671 1065 5739 te
1089 5669 1220 5727 Λίὧ.
1293 5670 1313 5702 ³
1335 5668 1396 5727 F.
1434 5673 1771 5743 'AvOpwrtnv.

844 5878 915 5891 -,,,

2094 4527 2157 4589 οὗ
2186 4534 2499 4608 προεϐλήθη
2525 4575 2539 4600 ,
2570 4535 2908 4601 διασώζοντα
2955 4539 3346 4610 προσηγορίαν.
3384 4541 3572 4595 Ἀλλοι
3604 4542 3682 4608 δὲ,

2094 4622 2172 4688 ὡς
2201 4625 2376 4681 alr:er
2399 4664 2415 4690 ,
2446 4625 2593 4690 τινὲς
2635 4626 2694 4693 ἐξ
2740 4626 2919 4681 αὐτῶν
2950 4627 3185 4699 ῥαψῳδοὶ
3214 4627 3306 4680 τὸν
3349 4629 3684 4701 Προπάτορα

2091 4713 2202 4767 τῶν
2234 4714 2374 4769 ὅλων
2396 4754 2410 4777 ,
2443 4720 2537 4769 καὶ
2575 4718 2861 4789 προάρχην
2882 4760 2896 4784 ,
2942 4720 3037 4772 καὶ
3087 4720 3516 4792 προανεννόητον
3560 4722 3685 4775 Ἀν-

2094 4805 2313 4877 θρωπον
2357 4806 2576 4876 λέγουσι
2604 4809 2887 4864 καλεῖσθαι
2914 4827 2927 4841 ·
2963 4811 3057 4863 καὶ
3081 4810 3228 4864 τοῦτ’
3259 4806 3404 4864 εἶναι
3448 4812 3511 4866 τὸ
3543 4813 3684 4883 μέγα

2094 4898 2187 4950 καὶ
2212 4900 2532 4975 ἀπόκρυφον
2564 4904 2891 4976 μυστήριον⁸
2922 4905 3003 4957 ὅτι
3044 4906 3078 4975 ἡ
3128 4904 3267 4976 ὑπὲρ
3301 4903 3373 4959 τὰ
3403 4906 3502 4960 ὅλα
3529 4907 3684 4961 δύνα-

2095 5005 2187 5058 μις
2211 4992 2302 5045 καὶ
2327 4994 2728 5067 ὲμπεριεκτικὴ
2758 4996 2868 5051 τῶν
2897 4996 3116 5051 πάντων
3150 4997 3474 5068 Ἀνθρωπος
3504 4998 3686 5053 καλεῖ-

2091 5095 2211 5225 :51
2205 5096 2221 5112 ·
2252 5085 2346 5137 καὶ
2364 5085 2453 5140 διὰ
2480 5085 2641 5141 τοῦτο
2662 5087 2778 5142 υἱὸν
2812 5087 3125 5160 Ἀνθρώπου
3158 5088 3351 5145 ἑαυτὸν
3388 5089 3571 5161 λέγειν
3596 5090 3686 5145 τὸν

2211 5189 2345 5225 ηοα.

2211 5189 2345 5245 ηρα·

2158 5430 2231 5484 B'.
2279 5432 2427 5507 Δῦτη
2475 5438 2633 5511 καὶὴ
2676 5442 2770 5495 τοῦ
2814 5439 3165 5511 Κολορϐἀσου
3207 5440 3438 5512 μάταιος
3471 5442 3553 5514 τῷ
3584 5442 3682 5514 βίῳ

2089 5523 2182 5579 καὶ
2208 5525 2583 5601 φαντασιώδης
2610 5530 2697 5585 διὰ
2725 5530 3072 5603 ψοφημάτων
3105 5531 3411 5602 κενοφωνία
3430 5548 3446 5566 ο
3477 5533 3546 5606 ῆν
3584 5532 3680 5591 ἐὰν
