3950 6144
307 313 413 370 629

919 318 1292 378 ADVERSUS
1337 321 1682 381 "ERESES
1722 324 1854 382 LIB.
1904 325 1946 382 1.

1991 325 2154 384 TOM.
2198 329 2287 384 Ill.
2328 360 2399 372 —
2439 329 2716 391 IUERES.
2743 335 2959 396 XXXV.
3492 347 3596 403 636

258 437 260 439 ’
305 435 613 508 καταμάθοι
650 456 772 504 τις,
805 439 1013 496 εἴσεται
1039 445 1104 498 ἐκ
1135 443 1246 498 τῶν
1278 444 1385 516 πρὸ
1416 446 1581 500 αὑτοῦ
1605 487 1618 511 ,
1653 447 1729 512 ὼς
1753 464 1885 517 φιλο-

2008 454 2172 519 atque
2203 463 2403 521 pompa
2432 452 2487 506 in
2513 450 2765 510 homines
2799 455 3028 512 invexit.
3069 455 3244 525 Quam
3273 457 3321 515 si
3351 460 3479 531 quis
3507 460 3596 517 di-

300 526 462 598 τιμία
491 528 609 583 ἐστὶ
635 531 738 602 τῆς
767 532 1002 588 ἑκάστου
1035 535 1241 590 τούτων
1271 538 1549 604 ὑπονοίας.
1584 540 1896 606 Κενοδοξῶν

298 619 413 692 γὰρ
440 621 666 687 ἕκαστος
689 663 703 687 ,
741 626 835 680 καὶ⁹
864 626 1186 698 βουλόμενος
1217 629 1398 702 ἑαυτῷ
1432 632 1686 702 συνάγειν
1707 633 1895 706 ἄθροι-

301 727 450 782 σμα,
482 711 622 766 ὥστε
669 715 822 788 αὑτῷ
857 717 1122 782 ἕπεσθαι,
1154 719 1192 774 ἃ
1237 721 1532 795 ὑπεισῆλθε
1581 728 1648 796 τῇ
1696 725 1892 784 ἑαυτοῦ

300 805 481 875 ἐννοίᾳ
517 806 944 881 ὲψευδολὸγησεν
970 849 985 873 ,
1021 809 1145 864 οὔτε
1178 813 1322 868 κατὰ
1352 819 1693 888 προφητείαν
1721 814 1924 889 φθεγ-’

296 895 527 964 γὸμενος
550 896 632 967 (οὐ
667 899 776 972 γὰρ
807 901 1030 972 Πνεῦμα
1065 902 1220 972 ἅγιον
1253 904 1512 976 ἐλάλησεν
1553 910 1610 962 ὲν
1645 910 1891 980 αὐτοῖς),

295 988 422 1041 οὔτε
455 989 564 1043 ἀπὸ
611 991 710 1062 τῆς
753 992 864 1045 τῶν
905 995 1202 1066 προφητῶν
1255 998 1350 1051 καὶ
1382 998 1733 1070 Εὑαγγελίων
1756 1003 1892 1074 ἀλη-

297 1078 448 1144 θείας
506 1083 611 1136 κᾶν
658 1084 790 1154 μίαν
827 1085 1095 1157 πρόφασιν
1148 1089 1417 1161 ἐσχηκώς.
1476 1092 1781 1165 Ἀνατροπὴ
1834 1094 1893 1148 δὲ

296 1171 506 1225 τούτων
533 1172 752 1226 πάντων
795 1174 906 1228 τῶν
939 1177 1038 1248 τῆς
1063 1176 1419 1252 ψευδωνύμου
1451 1181 1705 1250 γνώσεως
1733 1185 1762 1237 ὁ
1794 1185 1892 1237 αὺ-

295 1261 387 1323 τδς
420 1261 677 1332 ἀληθείας
717 1264 856 1318 κατὰ
888 1267 997 1319 τῶν
1051 1267 1284 1339 πρώτων
1334 1273 1520 1343 ῥηθεὶς
1566 1274 1744 1344 λόγος.
1779 1275 1891 1346 Τῆς

293 1346 408 1419 γὰρ
439 1349 792 1406 Οὐαλεντίνου
836 1355 1033 1427 σχολῆς
1085 1359 1180 1411 καὶ
1228 1360 1338 1413 τῶν
1373 1361 1479 1430 πρὸ
1530 1364 1695 1418 αὐτοῦ
1746 1359 1891 1420 οὗτοι

296 1439 500 1505 πάντες
551 1444 922 1516 ὑπάρχοντες,
987 1451 1083 1504 καὶ
1131 1451 1223 1506 τὸν
1272 1453 1396 1508 νοῦν
1432 1456 1640 1510 ἐκεῖνον
1682 1459 1698 1489 ¹
1731 1457 1890 1524 ἄλλος

293 1533 474 1598 ἄλλως
520 1535 966 1609 ἐξηγησάμενοι,
1009 1542 1108 1616 τὴν
1148 1543 1270 1616 ῐσην
1324 1547 1508 1612 αὐτοῖς
1562 1549 1891 1621 ὀφλήσουσιν

292 1626 580 1712 αίσχύνην.
609 1631 869 1704 Μεγάλην
891 1634 1002 1706 γὰρ
1033 1637 1166 1707 ἡμῖν
1191 1639 1410 1711 ἀπάτην
1433 1643 1768 1712 κενοφωνίας
1797 1644 1890 1697 καὶ

291 1709 454 1782 οὗτος
484 1721 512 1772 ὁ
564 1720 907 1794 Κολόρὸασος
947 1722 1051 1798 ἦκε
1086 1729 1288 1800 φέρων.
1326 1709 1582 1800 Ἐξέθετογ
1618 1735 1727 1807 γὰρ
1757 1738 1891 1808 ἡμῖν

2011 541 2244 612 ligenter
2297 543 2720 609 animadvertat,
2771 545 2932 605 facile
2961 563 3028 604 ex
3063 551 3446 620 superioribus
3480 553 3593 610 ba:-

1998 631 2185 690 reticis
2202 633 2487 704 intelliget,
2513 650 2729 692 omnem
2757 635 2907 692 illam
2929 640 3248 711 opinionum
3273 645 3592 702 varietatem

1997 724 2068 782 ab
2145 723 2451 781 ambitione
2512 731 2939 801 arrogantiaque
2997 731 3322 803 profectam.
3376 734 3587 792 Etenin‘

1995 818 2379 890 unusquisque
2425 821 2613 894 gloriae
2648 825 2830 880 studio
2851 841 3175 894 succensus,
3209 843 3274 885 ac
3293 838 3592 886 sectatores

1997 912 2125 975 sibi,
2159 913 2310 968 velut
2341 915 2675 984 peculiarem
2707 919 2999 988 quemdam
3023 936 3266 992 gregem,
3294 924 3592 980 conciliare

1995 1005 2250 1076 cupiens,
2278 1006 2548 1078 quidquid
2575 1010 2990 1068 mendaciorum
3015 1014 3070 1069 in
3097 1015 3343 1071 animum
3375 1015 3589 1082 incidit,

1996 1103 2204 1152 temere
2252 1099 2412 1167 quasi
2469 1100 2792 1157 vaticinium
2843 1105 3121 1174 quoddam
3187 1113 3245 1162 et
3303 1108 3589 1164 oraculum

1995 1187 2160 1258 260
2208 1186 2474 1258 profudit.
2521 1188 2711 1260 Neque
2759 1195 2905 1250 enim
2943 1193 3185 1265 Spiritus
3226 1205 3455 1254 sanctus
3495 1213 3592 1269 per

1993 1293 2090 1334 eos
2121 1279 2342 1336 locutus
2373 1288 2496 1348 est;
2542 1297 2724 1354 neque
2757 1300 2827 1341 ex
2857 1287 3162 1358 prOphetis,
3205 1295 3300 1344 aut
3342 1290 3590 1346 veritatis

1994 1369 2306 1442 Evangeliis
2356 1376 2444 1430 vel
2497 1375 2836 1433 levissimam
2883 1394 3078 1435 ansam
3129 1388 3186 1436 et
3236 1381 3587 1437 occasionem

1993 1463 2139 1517 nacti
2168 1472 2320 1521 sunt.
2369 1463 2456 1520 Ad
2503 1467 2735 1522 istorum
2783 1485 2916 1526 vero
2964 1470 3157 1527 falsam
3189 1473 3476 1528 scientiam
3505 1489 3588 1530 re-

1993 1550 2290 1608 fellendam
2339 1555 2580 1626 pertinet
2614 1557 2707 1612 illa
2752 1573 2783 1612 a
2814 1574 2903 1615 me
2935 1568 3130 1616 contra
3168 1562 3386 1632 priores
3425 1563 3588 1619 insti-

1995 1653 2112 1699 tuta
2133 1647 2418 1704 verissima
2447 1650 2784 1722 disputatio.
2838 1651 2974 1708 Nam
3003 1669 3035 1710 e
3065 1653 3341 1710 Valentini
3395 1655 3589 1711 Valen-

1994 1735 2224 1807 tinoque
2268 1740 2619 1808 superiorum
2655 1741 3040 1798 haereticorum
3071 1745 3258 1800 schola
3284 1761 3476 1803 omnes
3507 1747 3586 1803 illi

290 1813 762 1884 ποιητευσάμενος
812 1817 890 1888 τῷ
923 1818 1292 1895 ἀκαταλήπτῳ
1312 1865 1327 1889 ,
1361 1827 1456 1881 καὶ
1500 1829 1717 1901 ἀοράτῳ
1740 1872 1755 1896 ,
1797 1831 1885 1886 καὶ

1995 1827 2251 1898 profecti,
2300 1831 2383 1886 sic
2424 1841 2485 1887 ut
2519 1833 2668 1889 illius
2711 1842 2950 1890 mentem
2997 1835 3094 1890 alii
3141 1838 3299 1892 aliter
3328 1840 3588 1910 interpre-

291 1903 438 1974 ἁγίῳ
461 1904 580 1976 Θεῷ
608 1905 685 1976 τῷ
710 1911 887 1981 Πατρὶ
913 1910 1021 1966 τῶν
1042 1913 1181 1969 ὅλων
1209 1916 1382 1989 ὄνομα
1410 1920 1732 1992 Ἀνθρωπος
1756 1941 1772 1957 ο
1801 1924 1890 1978 ἵνα

293 1995 530 2069 συξεύξῃ
565 2002 629 2071 τῇ
676 2001 870 2056 ἑαυτοῦ
925 2005 1101 2079 πλάνῃ
1141 2009 1234 2063 τὸν
1276 2010 1371 2064 τοῦ
1414 2013 1666 2086 Σωτῆρος
1708 2016 1885 2086 λόγον,

291 2087 598 2154 φάσκοντος
649 2093 843 2146 ἑαυτὸν
879 2097 1008 2150 Υίὸν
1054 2099 1370 2172 Ἀνθρώπου
1399 2145 1412 2170 ,
1444 2105 1539 2159 καὶ
1599 2109 1886 2180 μεταγάγῃ

295 2178 391 2250 τὴν
419 2180 660 2237 διάνοιαν
689 2184 798 2239 τῶν
827 2187 978 2258 αὑτῷ
1009 2193 1372 2262 χρησαμένων
1418 2196 1526 2249 ἀπὸ
1552 2197 1650 2268 τῆς
1693 2178 1886 2269 ἀληθιξ

293 2271 390 2342 νῆς
418 2274 512 2326 καὶ
547 2276 953 2349 ὲναργεστάτης
978 2281 1072 2336 τοῦ
1103 2284 1338 2355 Χριστοῦ
1386 2288 1516 2359 περὶ
1552 2289 1715 2342 αὑτοῦ
1755 2293 1886 2362 ὁμο-

289 2367 515 2434 λογίας,
546 2368 628 2432 είς
674 2371 988 2441 ἀμηχανίαν
1038 2374 1132 2428 καὶ
1182 2379 1518 2447 κενοφωνίαν
1553 2379 1646 2435 τοῦ
1679 2381 1883 2453 ζητεῖν,

290 2459 782 2532 ὑπολαμϐάνοντας
816 2467 874 2520 ὲν
896 2469 1010 2532 τοῖς
1036 2469 1382 2542 ἐπουρανίοις
1408 2471 1547 2528 εἶναι
1575 2474 1604 2528 δ
1636 2474 1711 2546 μὴ
1743 2475 1881 2532 ἔστι.

290 2551 483 2624 Δῶμεν
521 2554 630 2626 γὰρ
667 2557 850 2622 αὐτὸν,
882 2559 972 2614 διὰ
990 2561 1052 2614 τὸ
1076 2561 1172 2616 τὸν
1192 2565 1356 2620 αὑτοῦ
1384 2566 1605 2638 Πατέρα
1641 2568 1887 2642 Ἀνθρως

291 2663 393 2700 πον
421 2646 741 2717 καλεῖσθαι,
771 2651 898 2705 Υίδν
962 2654 1275 2726 Ἀνθρώπου
1331 2659 1522 2714 ἑαυτὸν
1573 2659 1881 2732 ὀνομάζειν,

289 2739 386 2791 διαὶ
423 2740 523 2793 οὐκ
562 2741 670 2794 ἀπὸ
717 2743 812 2813 τῆς
850 2746 1088 2816 σαρκὸς,
1120 2737 1189 2820 ἧς
1239 2749 1431 2804 ἐλαϐεν
1478 2752 1590 2806 ἀπὸ
1627 2755 1885 2826 παρθενι-

290 2832 394 2900 κῆς
428 2832 674 2902 μήτρας,
708 2837 986 2891 τουτέστιν
1024 2839 1132 2892 ἀπὸ
1173 2841 1395 2910 Μαρίας
1431 2842 1530 2913 τῆς
1569 2845 1730 2912 ἁγίας
1762 2863 1885 2914 γεν·

291 2920 475 2989 νηθεὶς
519 2922 609 2975 διὰ
639 2923 956 2996 Πνεῦματος
991 2929 1147 2998 ἁγίου
1176 2969 1190 2993 ,
1222 2931 1364 2984 κατὰ
1407 2933 1499 2986 τδν
1523 2933 1617 2987 τοῦ
1645 2934 1882 2990 ὲλεεινοῦ

288 3010 636 3084 Κολορὸάσου
664 3014 852 3068 τούτου
877 3016 1034 3086 λόγον
1058 3035 1072 3048 ·
1103 3019 1156 3072 τί
1196 3018 1261 3074 ἂν
1291 3021 1433 3074 είποι
1467 3023 1596 3094 περ)⁵
1630 3018 1693 3079 οὗ
1721 3027 1750 3078 ὁ
1782 3026 1882 3079 αὐ-

294 3107 382 3168 τὸς
431 3105 637 3177 Κύριος
682 3107 840 3178 ἡμῶν
883 3111 1092 3180 Ἰησοῦς
1121 3112 1358 3183 Χριστός
1409 3133 1573 3187 φησιν
1598 3157 1612 3181 ,
1661 3117 1738 3182 ὡς
1765 3121 1880 3183 τοῖς

299 3193 575 3259 Ἰουδαίοις
616 3196 769 3266 ἔλεγε
791 3213 806 3227 ⁸
858 3199 992 3253 Νῦν
1039 3199 1108 3254 δέ
1143 3219 1222 3270 με
1266 3202 1485 3270 ζητεῖτε
1526 3205 1876 3263 ἀποκτεῖναι

289 3285 606 3356 ἄνθρωπον·
629 3328 643 3350 ,
679 3288 747 3356 ὃς
778 3288 893 3358 τὴν
919 3291 1212 3360 ἀλήθειαν
1243 3295 1384 3366 ὑμῖν
1406 3297 1722 3368 λελάληκα
1747 3341 1762 3364 ,
1793 3299 1878 3368 ἣν

289 3373 529 3442 ἥκουσα
550 3377 710 3446 παρὰ
736 3379 843 3432 τοῦ
864 3383 1092 3450 Πατρός
1111 3399 1268 3453 you;
1300 3386 1410 3440 Kal.
1431 3385 1616 3442 οὐκέτι
1641 3388 1876 3446 ἐνταῦθα

289 3461 410 3520 εἷπε
439 3507 454 3530 ,
505 3467 599 3522 τοῦ
642 3469 957 3542 Ἀνθρώπου
1009 3475 1220 3546 Πατρός
1270 3491 1404 3548 μου⁶
1439 3478 1576 3533 ἀλλὰ
1607 3482 1876 3553 περὶμὲν

288 3558 502 3630 Πατρὸς
533 3559 814 3630 ὁμολογῶν
836 3603 851 3626 ,
902 3563 1033 3616 Θεὸν
1081 3566 1172 3619 τὸν
1227 3566 1339 3620 τῶν
1391 3568 1528 3623 ὅλων
1586 3572 1832 3642 ὲσήμανε
1858 3588 1872 3603 ·

289 3652 418 3722 περὶ
446 3651 502 3704 δὲ
535 3653 730 3708 ἑαυτοῦ
755 3697 770 3722 ,
798 3657 880 3709 ὅτι
907 3658 1326 3731 ὲνηνθρώπησεν
1350 3701 1366 3725 ,
1409 3664 1467 3716 ὲν
1518 3662 1746 3737 ἀληθείᾳ
1774 3666 1874 3721 ἄν·

287 3743 510 3814 θρωπον
539 3746 733 3801 ἑαυτὸν
761 3747 1021 3818 ἔφασκεν,
1057 3752 1132 3814 ὡς
1163 3753 1258 3806 καὶ
1288 3755 1338 3806 oi
1364 3754 1652 3810 ἀπόστολοί
1687 3775 1874 3827 φασιν,

287 3835 377 3889 ίνα
427 3837 461 3907 ἡ
502 3837 734 3908 ἀλήθεια
788 3841 1127 3912 πανταχόθεν
1166 3843 1442 3915 συσταθῇ,
1479 3846 1574 3898 καὶ
1623 3847 1875 3920 γνωσθῇ,

288 3925 456 3980 πόθεν
485 3929 602 3981 ἐστὶ
633 3930 702 3983 τὰ
735 3930 814 4000 τῷ
851 3932 1040 4003 Κυρίῳ
1074 3933 1313 4004 ὀνόματα
1345 3935 1684 4006 συναφθέντα
1711 3955 1724 3969 ·
1773 3939 1881 4008 ’1η-

285 4016 448 4074 σοῦν
498 4018 689 4088 ἄνδρα
723 4021 1228 4094 ἀποδεδειγμένον
1269 4029 1359 4093 εἰς
1401 4025 1561 4096 ἡμᾶς
1601 4031 1876 4099 σημείοις

286 4109 388 4164 καὶ
419 4109 624 4180 τέρασι
643 4152 658 4178 ,
696 4114 794 4167 καὶ
815 4115 883 4169 τὰ
908 4115 1056 4187 ἑξῆς.

1647 4217 1696 4226 ρ...

1906 3167 1950 3226 C.

1991 1926 2264 1988 tarentur,
2307 1924 2427 1992 pari
2475 1939 2666 1982 omnes
2699 1926 3000 1996 ignominia
3035 1929 3266 1985 notandi
3295 1939 3446 1987 sunt.
3476 1929 3586 1988 Sed

1991 2009 2142 2066 haud
2186 2012 2496 2070 mediocres
2541 2030 2676 2071 sane
2705 2016 2772 2071 ad
2800 2017 3167 2074 cavillandum
3196 2036 3371 2092 nugas
3393 2019 3587 2077 Color-

1989 2099 2158 2157 basus
2209 2102 2317 2158 iste
2371 2104 2534 2160 nobis
2591 2107 2797 2162 attulit.
2855 2104 3141 2178 Siquidem
3181 2112 3400 2181 poetico
3433 2127 3587 2168 more

1988 2192 2185 2248 ludens
2214 2193 2439 2250 Parenti
2469 2197 2716 2251 omnium
2751 2213 2815 2253 ac
2845 2199 2958 2255 Deo
3003 2204 3382 2267 sanctissimo,
3419 2220 3580 2274 quem

1987 2298 2150 2338 nemo
2187 2287 2654 2356 compréhendere
2692 2299 2788 2346 aut
2828 2308 3101 2362 usurpare
3149 2296 3340 2351 oculis
3378 2304 3580 2366 potest,

1991 2374 2245 2434 Hominis
2284 2395 2484 2436 nomen
2516 2381 2745 2450 afﬁnxit,
2789 2393 2848 2439 ut
2884 2385 2954 2440 ad
2991 2381 3236 2442 errorem
3267 2403 3428 2444 suum
3466 2389 3582 2444 Sal-

1985 2468 2193 2526 vatoris
2232 2485 2548 2528 sermonem
2585 2474 2928 2546 adjungeret,
2963 2477 3056 2548 qui
3090 2493 3149 2532 se
3187 2477 3357 2533 ﬁlium
3390 2475 3581 2535 Honii-

1985 2557 2074 2612 nis
2129 2573 2254 2615 esse
2303 2559 2477 2628 dixit;
2519 2577 2586 2618 ac
2635 2565 2989 2620 familiarium
3041 2581 3268 2622 suorum
3295 2569 3512 2625 animos
3545 2585 3578 2624 a

1985 2649 2204 2707 sincera
2236 2660 2290 2708 et
2319 2655 2614 2725 perspicua
2649 2655 2859 2714 Christi
2900 2659 2969 2715 de
3007 2660 3192 2730 seipso
3230 2659 3580 2718 confessione

1984 2743 2053 2798 ad
2076 2745 2364 2815 perplexas
2392 2753 2446 2802 et
2472 2746 2782 2818 implicatas
2819 2751 3057 2822 ineptias
3087 2752 3368 2809 conferret
3398 2772 3413 2810 :
3445 2755 3577 2810 dum

1982 2836 2037 2891 in
2094 2839 2415 2895 coelestibus
2471 2841 2578 2896 illis
2631 2842 2767 2898 locis
2823 2860 2888 2899 ea
2935 2861 3057 2915 qua:
3111 2863 3386 2917 nusquam
3437 2859 3570 2905 sunt

1983 2928 2089 2985 sibi
2128 2944 2252 2990 esse
2297 2932 2652 3001 persuadent.
2693 2932 2763 2988 Ut
2804 2935 2951 2990 enim
2997 2938 3192 2995 demus
3221 2940 3377 3006 illud,
3409 2957 3480 2996 ex
3508 2957 3576 2997 en

1981 3019 2133 3092 quod
2166 3019 2333 3090 hujus
2365 3030 2521 3092 pater
2549 3022 2724 3079 llomo
2757 3025 2830 3081 sit
2858 3026 3064 3092 dictus,
3102 3027 3358 3085 Hominis
3402 3043 3578 3088 semet

1982 3111 2288 3181 appellasse
2333 3111 2524 3180 (ilium,
2564 3129 2676 3170 non
2721 3117 2794 3173 ob
2836 3133 2957 3173 eam
3009 3135 3258 3186 carnem,
3303 3137 3464 3192 quam
3507 3139 3573 3179 ex

1990 3208 2148 3257 utero
2197 3200 2442 3273 Virginis
2493 3207 2726 3277 accepit,
2771 3209 2877 3264 hoc
2921 3218 3010 3266 est
3060 3212 3236 3267 beatae
3262 3211 3470 3281 Mariae,
3509 3231 3573 3272 ex

1987 3310 2096 3366 qua
2123 3310 2220 3366 per
2251 3294 2516 3368 Spiritum
2569 3309 2822 3357 sanctum
2878 3312 3044 3360 natus
3088 3315 3194 3372 est,
3254 3315 3311 3362 ut
3371 3308 3577 3365 infelici

1989 3388 2295 3446 Colorbaso
2320 3391 2563 3463 placuit;
2609 3395 2738 3466 quid
2786 3395 2851 3452 de
2895 3399 3070 3454 altero
3119 3399 3213 3455 illo
3263 3400 3411 3456 dicet
3460 3418 3578 3459 ser--

1992 3495 2157 3537 mone
2193 3481 2434 3550 Domini,
2468 3499 2594 3540 cum
2641 3486 2724 3544 sic
2764 3486 2984 3546 Judaeos
3041 3489 3238 3547 atTatus
3261 3492 3385 3548 est?
3419 3491 3577 3548 Nunc

1992 3590 2075 3629 me
2098 3577 2340 3646 quwritia
2369 3577 2687 3648 interﬁcere,
2719 3580 2986 3636 hominem
3009 3585 3101 3654 qui
3126 3584 3399 3641 veritatem
3433 3587 3577 3642 vobis

1985 3666 2192 3722 locutus
2221 3685 2366 3738 sum,
2399 3686 2556 3740 quam
2589 3672 2773 3728 audivi
2797 3689 2832 3727 α
2862 3673 3030 3728 Patre
3059 3692 3174 3731 meo
3200 3675 3242 3730 ³.
3280 3676 3402 3732 Non
3428 3679 3574 3734 enim

1983 3760 2054 3816 ab
2105 3759 2340 3821 Homine
2393 3764 2554 3822 Patre
2609 3782 2733 3823 meo
2783 3767 2944 3833 dixit,
2994 3769 3091 3826 sed
3135 3773 3356 3828 Patrem
3413 3788 3575 3830 suum

1984 3853 2312 3926 praedicans,
2366 3860 2752 3918 universorum
2801 3860 2974 3918 Deum
3037 3865 3266 3922 indicat.
3324 3864 3573 3931 Severo,

1983 3945 2082 4014 qui
2127 3954 2385 4003 naturam
2430 3949 2672 4008 hominis
2719 3953 3077 4024 suscepisset,
3129 3971 3255 4011 vere
3295 3957 3573 4013 hominem

1983 4038 2255 4107 appellat,
2309 4049 2370 4096 ut
2423 4049 2478 4097 et
2527 4045 2764 4114 apostoli
2797 4052 3110 4116 testantur;
3158 4062 3272 4119 quo
3324 4049 3574 4120 undique

1871 4167 1877 4170 ι
1980 4129 2184 4186 veritas
2245 4134 2678 4203 corroboretur,
2755 4136 3205 4211 intelligaturque
3272 4141 3420 4198 unde
3474 4143 3567 4196 illa

1985 4223 2216 4283 Domino
2249 4237 2381 4286 sunt
2415 4231 2680 4288 attributa
2708 4234 3034 4303 cognomina
3067 4255 3082 4292 :
3112 4235 3321 4303 Iesum,
3373 4237 3572 4310 inquit.

1981 4323 2152 4376 uirum
2207 4323 2558 4392 approbatum
2587 4325 2640 4378 in
2686 4342 2775 4381 vos
2812 4327 2977 4397 signis
3007 4345 3070 4384 ac
3113 4332 3368 4402 prodigiis
3392 4332 3436 4400 ⁸,
3466 4341 3572 4390 etc.

361 4415 428 4468 Τί
456 4415 636 4469 τοίνυν
670 4417 807 4488 πρὸς
836 4417 1008 4472 ταῦτα
1035 4419 1203 4491 φαίης
1225 4419 1313 4486 ἂν,
1343 4415 1388 4474 ὦ
1419 4421 1637 4476 πάντων
1665 4422 1879 4491 ἀνθρώ-

2055 4417 2197 4485 Quid
2229 4417 2296 4472 ad
2337 4417 2454 4474 hazc
2490 4418 2705 4476 hiscere
2733 4422 2986 4488 audebis,
3018 4422 3398 4482 infelicissime
3435 4441 3576 4481 mor-

289 4523 413 4559 πων
441 4505 806 4561 ὲλεεινότατεί
844 4509 1032 4580 ἐπειδὴ
1064 4509 1270 4563 ἄνωθεν
1320 4511 1477 4581 ἥκεις
1523 4511 1706 4582 φέρων
1745 4513 1880 4582 ἡμῖν

291 4597 488 4659 καινὰς
515 4597 808 4665 ὀνομασίας
829 4637 843 4661 ,
876 4598 969 4650 καὶ
1004 4600 1242 4671 σεμνύνῃ
1268 4639 1283 4664 ,
1315 4600 1399 4668 ἐφ’
1432 4594 1512 4663 οἷς
1539 4601 1600 4654 τὸ
1621 4597 1715 4654 τοῦ
1759 4602 1883 4656 Ἀν-

290 4687 514 4760 θρώπου
545 4688 717 4758 ὄνομα
741 4689 890 4761 αὐτῷ
919 4689 1028 4743 τῶν
1056 4691 1274 4745 πάντων
1301 4692 1547 4762 Δεσπότῃ
1579 4693 1671 4745 καὶ
1705 4693 1883 4764 Πατρὶ

288 4780 400 4835 τῶν
425 4782 561 4835 ὅλων
603 4783 880 4854 προσάψαι
910 4783 1217 4856 ἐτόλμησαν
1245 4786 1300 4852 ¹;
1341 4787 1426 4849 Ὠς
1465 4787 1528 4839 ὲκ
1555 4785 1746 4839 τούτου
1780 4803 1882 4840 κα-

289 4873 500 4927 λεῖσθαι
529 4874 623 4927 τὸν
657 4874 862 4947 Κύριον
895 4877 1021 4930 Υίὸν
1059 4877 1396 4948 Ἀνθρώπου,
1442 4876 1529 4931 διὰ
1557 4877 1617 4930 τὺ
1640 4877 1733 4931 τὸν
1772 4878 1884 4930 Πα-

287 4962 426 5034 τέρα
457 4962 780 5033 ’Ἄνθρωπον
799 4965 1101 5022 καλεῖσθαι.
1119 4961 1259 5038 Εὑρὲ
1290 4970 1421 5039 ἡμῖν
1451 4967 1543 5020 καί
1573 4985 1694 5021 τινα
1719 4967 1884 5039 ἄλλην

290 5055 666 5126 προσηγορίαν
698 5056 776 5128 τῷ
806 5057 983 5130 Πατρὶ
1017 5058 1381 5131 ἁρμόζουσαν,
1403 5060 1484 5125 τὸ,
1517 5059 1707 5128 ἄνδρα
1733 5060 1882 5114 ἀπο-

288 5145 697 5216 δεδειγμένον.
740 5149 879 5202 Ἀλλ’
909 5151 1009 5205 οὐκ
1039 5151 1105 5204 ἂν
1144 5151 1323 5222 εὕροις
1355 5152 1504 5208 ποτέ.
1541 5155 1604 5207 Et
1633 5152 1743 5225 γὰρ
1788 5152 1884 5207 καὶ

291 5239 434 5311 ἀνὴρ
466 5240 753 5312 ἄνθρωπός
805 5244 962 5308 ἐστι,
1006 5245 1099 5299 καὶ
1153 5245 1291 5316 πρὸς
1323 5246 1731 5316 ἀντιδιαστολὴν
1780 5247 1882 5316 τῆς

289 5334 548 5399 γυναικὸς
587 5335 680 5388 τὸν
710 5335 999 5408 ἄνθρωπον
1031 5337 1198 5409 ἄνδρα
1237 5337 1510 5408 καλοῦμεν
1536 5379 1550 5403 ,
1599 5339 1751 5410 ὅμως
1784 5339 1885 5392 οὐκ

293 5422 362 5474 ἂν
393 5424 490 5477 καὶ
535 5426 592 5477 ὲν
626 5426 803 5498 τούτῳ
837 5429 1257 5500 μηχανήσασθαί
1286 5449 1338 5483 τι
1366 5430 1672 5502 δυνηθείης.
1721 5433 1884 5485 Ἀνευ

289 5513 404 5584 γὰρ
453 5518 752 5587 σχημάτων
802 5521 896 5574 καὶ
945 5521 1122 5591 μελῶν
1142 5563 1156 5586 ,
1186 5523 1434 5594 κρυφίων
1461 5540 1520 5575 τε
1550 5523 1644 5576 καὶ
1673 5523 1888 5596 ὁρατῶν

291 5605 434 5678 ἀνὴρ
463 5608 524 5661 οὺ
567 5608 856 5680 δυνήσεται
886 5611 1186 5665 καλεῖσθαι.
1231 5612 1481 5684 Λέγομεν
1509 5613 1618 5682 γὰρ
1656 5613 1752 5667 καὶ
1787 5613 1888 5684 τὴν

1981 4509 2214 4564 talium!
2259 4509 2352 4579 qui
2385 4524 2525 4564 nova
2573 4512 2824 4580 quaedam
2876 4513 3125 4569 inaudita
3170 4517 3394 4571 nomina
3427 4517 3577 4572 velut

1981 4613 2012 4653 e
2063 4599 2207 4653 cmlo
2261 4597 2419 4654 nobis
2471 4597 2638 4653 allata
2701 4599 2995 4666 venditas,
3052 4610 3216 4673 teque
3273 4603 3577 4659 insolenter

1981 4691 2268 4747 ostentas?
2324 4691 2568 4758 Quorum
2632 4692 3030 4746 vocabulorum
3087 4696 3262 4765 gratia
3322 4693 3574 4752 Hominis

1981 4800 2182 4839 nomen
2232 4782 2462 4836 Domino
2513 4783 2761 4838 omnium
2808 4798 2874 4839 ac
2925 4784 3144 4840 Parenti
3178 4787 3421 4842 tribuere
3459 4804 3571 4845 non

1982 4877 2241 4930 dubitas:
2270 4876 2431 4944 quasi
2476 4873 2744 4930 Dominus
2789 4875 2999 4931 idcirco
3027 4876 3200 4933 Filius
3230 4879 3470 4934 hominis
3499 4879 3570 4935 sit

1983 4967 2189 5032 dictus,
2246 4967 2394 5037 quod
2435 4968 2558 5038 ejus
2605 4967 2978 5024 l’aterxﬂomo
3016 4978 3385 5040 nuncupetur.
3427 4970 3574 5027 Doce

1981 5069 2037 5114 ct
2067 5061 2297 5114 alteram
2335 5059 2784 5130 appellationem,
2838 5060 3018 5115 Virum
3049 5061 3332 5129 probatum
3369 5102 3384 5128 ,
3422 5062 3595 5125 Patri,

1980 5166 2308 5223 congruere.
2341 5152 2501 5223 261
2539 5153 2708 5225 Atqui
2762 5169 3044 5224 nunquam
3101 5155 3232 5209 illud
3290 5155 3572 5213 ostendes.
3649 5180 3652 5182 ν

1982 5243 2226 5301 Tametsi
2266 5247 2413 5300 enim
2462 5246 2546 5302 vir
2584 5247 2765 5303 omnis
2811 5247 2977 5302 homo
3013 5249 3107 5316 sit,
3157 5248 3573 5319 hominemque.

1983 5348 2044 5394 ut
2071 5353 2102 5392 a
2130 5337 2360 5393 muliere
2384 5337 2750 5403 discernatur,
2778 5341 3116 5411 appellemus
3137 5341 3338 5407 virum,
3367 5342 3572 5397 nullam

1983 5430 2112 5485 inde
2165 5443 2344 5486 tamen
2391 5432 2766 5488 calumniandi
2821 5448 3013 5489 ansam
3064 5443 3248 5506 potest
3306 5435 3570 5505 arripere.

1984 5521 2204 5577 Etenim
2252 5523 2373 5578 sine
2419 5532 2571 5579 certa
2623 5525 2810 5596 specie
2862 5527 3166 5599 habituque
3210 5531 3460 5598 corporis
3509 5543 3574 5584 ac

1987 5615 2190 5684 partim
2233 5617 2492 5684 occultis,
2525 5619 2726 5691 partim
2763 5621 3083 5692 patentibus
3127 5620 3586 5681 membrisnuus.

369 5766 383 5796 '
411 5762 478 5823 ιδ’.
508 5765 736 5823 ἐκείνου.
816 5771 835 5802 ³
876 5767 935 5825 F.
977 5768 1304 5842 ἐτόλμησας.
1371 5771 1390 5802 ³
1418 5769 1574 5826 Joan.
1607 5786 1727 5842 Vttt,
1763 5770 1851 5830 40.

1988 5770 2096 5828 Act.
2132 5787 2194 5841 ιι,
2225 5771 2315 5828 22.
