3960 6138
393 313 484 371 αι

1816 310 1875 368 S.
1906 308 2249 366 EPIPHANH

3559 302 3664 358 63$

394 449 558 504 quam
603 433 782 490 virum
831 437 1202 493 nominamus.
1242 433 1454 491 Mulieri
1500 447 1666 505 porro
1709 447 1817 487 non
1855 433 1975 499 viri,

2097 441 2316 510 Γυναῖκα
2346 437 2654 510 ἄνθρωπον,
2677 433 2791 488 ἀλλ’
2820 432 2920 486 οὐκ
2951 428 3139 502 ἄνδρα.
3168 426 3258 482 Διὸ
3286 425 3380 479 καὶ
3403 425 3432 478 6
3455 421 3664 492 ἀνθρω-
3751 498 3759 502 _

397 527 495 583 sed
524 527 764 583 hominis
809 542 1001 584 vocem
1047 528 1363 584 tribuimus.
1399 527 1582 595 Quare
1623 534 1859 596 utroque
1888 541 1983 597 ge-

396 635 528 675 nere
571 620 662 674 hic
700 627 755 675 et
793 620 912 676 hac
959 621 1124 676 homo
1162 621 1412 692 proferre
1447 620 1711 675 solemus.
1747 618 1854 674 Sed
1889 619 1982 674 ubi

395 725 656 781 generum
717 723 803 769 est
859 712 1250 786 distinguenda
1316 713 1661 784 proprietas,
1723 713 1982 767 feminam

395 804 665 870 mulieris,
695 819 902 861 marem
929 805 1036 860 viri
1057 805 1281 860 nomine
1317 804 1682 860 declaramus.
1716 801 1814 858 His
1835 802 1982 859 enim

395 897 614 954 duobus
659 897 982 962 vocabulis,
1031 913 1292 970 generum
1345 897 1666 952 habitudine
1706 904 1980 966 separata,

397 1007 567 1049 sexus
613 992 906 1060 utriusque
948 991 1239 1048 diversitas
1265 990 1614 1060 exprimitur.
1647 990 1718 1044 At
1743 989 1983 1045 hominis

396 1099 500 1138 rex
530 1084 753 1140 nonnisi
795 1083 1104 1156 ὁμωνύμως
1153 1091 1207 1140 et
1241 1083 1496 1155 ambigue
1549 1082 1732 1138 virum
1768 1095 1832 1136 ac
1859 1097 1983 1137 mu-

397 1175 586 1231 lierem
617 1177 1028 1248 complectitur.

469 1266 558 1322 lll.
578 1266 710 1334 Quae
741 1283 864 1323 cum
901 1269 976 1322 ita
998 1283 1058 1324 se
1085 1267 1344 1336 habeant,
1372 1268 1579 1333 adeste,
1610 1283 1818 1339 quaeso,
1838 1269 1983 1324 servi

398 1357 494 1414 Dei
532 1374 728 1414 onmes
772 1367 828 1414 et
863 1359 1106 1414 veritatis
1137 1365 1450 1418 amatores:
1482 1358 1705 1429 planum
1759 1359 1910 1413 illum
1931 1366 1986 1414 et

397 1449 730 1504 nebulonem
765 1448 1127 1505 Colorbasum
1159 1448 1542 1505 vehementius
1603 1449 1872 1516 deridete,
1897 1450 1986 1506 vel

397 1541 577 1612 lugete
611 1543 795 1613 potius
842 1557 938 1598 eos
990 1541 1081 1612 qui
1133 1541 1346 1611 decepti
1403 1551 1552 1608 sunt,
1589 1556 1712 1596 cum
1751 1543 1983 1612 seipsos,

396 1641 514 1685 tum
542 1631 680 1686 alios
710 1647 875 1703 quam
911 1632 1178 1702 plurimos
1218 1631 1594 1702 perdiderunt.
1652 1631 1765 1687 Nos
1800 1640 1984 1687 autem

395 1723 509 1778 Deo
547 1724 755 1794 gratias
792 1739 1044 1794 agamus,
1101 1723 1251 1793 quod
1290 1723 1664 1779 mediocribus
1717 1724 1984 1794 simplici-

396 1817 610 1886 busque
645 1817 830 1872 verbis
872 1817 1016 1872 filios
1067 1832 1200 1872 suos
1255 1817 1455 1872 veritas
1489 1824 1699 1872 rectam
1744 1820 1800 1872 in
1839 1819 1984 1873 viam

399 1911 577 1963 soleat
605 1909 916 1976 deducere;
945 1916 1139 1964 contra
1171 1924 1302 1964 vero
1343 1911 1545 1965 misera
1589 1911 1682 1966 illa
1717 1926 1986 1984 arrogan-

399 2000 598 2069 tiazque
628 2001 789 2071 plena
811 1999 1087 2070 dogmata,
1116 2009 1170 2055 et
1195 1987 1474 2071 exquisito
1500 2003 1684 2058 fucata
1713 2005 1986 2061 lenocinio

401 2091 652 2161 dissipet,
693 2106 758 2148 ac
789 2102 980 2165 pacate
1031 2095 1340 2167 leniterque
1371 2079 1736 2168 progrediens
1770 2106 1985 2154 evertat

399 2182 647 2240 funditus
685 2193 739 2240 et
768 2188 1115 2258 exstinguat;
1159 2196 1217 2242 ut
1256 2203 1324 2244 ex
1358 2189 1640 2260 prophetae
1667 2189 1986 2247 testimonio

401 2277 692 2334 manifeste
716 2279 1019 2351 colligitur.
1062 2280 1168 2348 Qui
1219 2282 1707 2353 nonnullosimpia
1731 2282 1984 2354 quaedam

398 2371 676 2426 curiosius
728 2371 1147 2438 adsciscentes,
1199 2389 1263 2428 ac
1312 2375 1577 2430 scelerata
1632 2375 1822 2430 nescio
1864 2391 1988 2446 qua:

399 2479 556 2518 suam
597 2463 668 2518 ad
690 2464 942 2521 fraudem
973 2467 1353 2537 excogitantes
1409 2468 1492 2524 sic
1527 2469 1848 2539 alloquitur:
1876 2469 1986 2524 Pro

399 2573 458 2610 eo
488 2554 628 2626 quod
653 2547 920 2626 abjecistis
951 2575 1146 2628 aquam
1189 2558 1353 2622 Siloe,
1386 2577 1504 2631 qua:
1537 2560 1680 2615 vadit
1699 2579 1817 2616 cum
1834 2562 1990 2617 silen-

407 2644 502 2710 tio,
535 2645 766 2700 adducet
799 2663 956 2717 super
993 2665 1081 2703 vos
1109 2649 1368 2705 Dominus
1394 2668 1589 2722 aquam
1611 2653 1781 2722 ﬂuvii,
1816 2670 1988 2725 regem

401 2736 802 2806 Assyriorum‘.
827 2739 963 2794 Nam
992 2756 1190 2810 aquam
1257 2741 1404 2799 Siloe
1460 2743 1613 2799 Missi
1677 2746 1988 2801 doctrinam

404 2831 753 2902 interpretari
789 2833 936 2889 licet.
979 2833 1114 2900 Quis
1165 2835 1255 2892 ille
1296 2852 1427 2892 vero
1457 2839 1599 2894 alius
1647 2847 1732 2895 est
1789 2849 1992 2910 praeter

400 2919 590 2975 Jesum
623 2919 917 2978 Dominum
951 2933 1206 2980 nostrum
1231 2941 1262 2980 a
1293 2925 1405 2981 Deo
1439 2926 1602 2985 Patre
1645 2931 1904 2996 missum,
1936 2941 1992 2988 et

402 3013 625 3082 quidem
677 3015 1068 3086 quietezquod
1115 3017 1252 3072 nihil
1285 3019 1533 3075 insolens
1591 3031 1686 3077 aut
1738 3022 1988 3080 fucatum

404 3112 747 3178 perstrepat;
810 3110 909 3164 sed
962 3125 1092 3165 vere
1159 3126 1224 3165 ac
1293 3112 1510 3168 sincere
1574 3117 2062 3206 sanctissimamc

406 3199 675 3269 Sponsam
704 3201 952 3268 edoceat,
983 3218 1148 3272 quam
1169 3204 1222 3258 in
1254 3202 1566 3261 Salomonis
1595 3206 1842 3265 Canticis
1898 3228 1997 3268 co-

339 3335 343 3340 .
403 3291 647 3347 lumbam
669 3293 739 3348 ob
771 3294 1026 3351 animalis
1066 3295 1481 3366 simplicitatem
1520 3305 1576 3352 et
1610 3306 1997 3361 mansuetudi-

405 3400 532 3440 nem
581 3386 990 3458 puritatemque
1051 3391 1404 3458 cognominat
1441 3391 1503 3444 '?
1560 3390 1646 3455 Et,
1714 3397 1860 3464 quod
1916 3407 2001 3455 est

407 3477 769 3535 admiratione
789 3479 1028 3551 dignius,
1044 3482 1215 3552 I262
1241 3483 1478 3551 reliquas
1495 3500 1708 3552 omnes,
1730 3504 1850 3558 quae
1872 3507 2000 3547 cum

408 3571 603 3627 alienae
641 3573 772 3636 sint,
809 3588 1010 3628 nomen
1037 3574 1210 3644 ipsius
1245 3585 1532 3644 usurpant,
1568 3581 1907 3640 concubinas
1937 3599 2002 3640 ac

405 3667 628 3734 reginas
690 3665 960 3736 appellat,
990 3667 1062 3722 ob
1106 3667 1316 3737 regium
1341 3668 1549 3724 Clu-isti
1578 3686 1800 3740 nomen,
1854 3677 2001 3748 quod

409 3773 754 3829 unaquaeque
782 3757 890 3842 sibi
921 3759 1226 3815 insolenter
1248 3774 1509 3832 arrOgare
1543 3766 1850 3822 contendit.
1889 3768 2000 3826 Sed

407 3852 513 3908 etsi
553 3845 875 3909 concubinae
932 3853 1043 3908 sint
1096 3853 1380 3924 octoginta
1405 3896 1420 3921 ,
1466 3856 1572 3911 hoc
1610 3865 1695 3912 est
1724 3859 1998 3929 haereses;

411 3955 549 4012 tum,
578 3944 767 4015 puella:
797 3963 1044 4014 quarum,
1087 3947 1288 4018 inquit,
1322 3964 1427 4001 non
1476 3958 1556 4002 est
1593 3967 1866 4021 numerus,
1894 3971 2001 4008 una

411 4051 591 4094 tamen
617 4049 695 4096 est
731 4041 979 4096 columba
1025 4058 1162 4106 mea,
1223 4041 1457 4111 perfecta
1512 4045 1698 4100 mea’:
1741 4045 2000 4104 nimirum

411 4141 611 4187 saneta
634 4140 688 4186 et
719 4132 999 4186 catholica
1039 4132 1304 4188 Ecclesia.
1331 4134 1464 4199 Quae
1497 4136 1752 4191 columba
1776 4139 1999 4208 quidem

412 4231 522 4287 est,
556 4231 618 4276 ut
647 4224 911 4290 diximus,
951 4225 1021 4278 ob
1075 4224 1243 4293 hujus
1276 4225 1396 4280 avis
1437 4227 1916 4283 mansuetudinem
1949 4236 2005 4283 et

414 4312 786 4367 innocentiam
831 4328 896 4367 ac
945 4313 1354 4380 sinceritatem;
1385 4315 1628 4384 perfecta
1653 4333 1806 4381 vero,
1847 4318 2000 4389 quod

415 4401 716 4472 perfectam
747 4417 778 4456 a
808 4402 919 4458 Deo
949 4403 1260 4468 scicntiam,
1291 4405 1716 4478 absolutamque
1765 4409 1835 4464 ab
1881 4410 2003 4480 ipso

2081 549 2183 596 πος
2213 531 2443 602 λέγομεν
2466 569 2482 595 ,
2539 528 2632 583 xui.
2677 528 2711 599 ἡ
2758 525 3066 596 ἄνθρωπος.
3119 517 3469 590 Διαιροῦντες
3505 515 3562 569 δὲ
3605 514 3666 567 τὸ

2081 624 2237 694 γένος
2272 623 2613 688 ἰδιαζόντως,
2658 619 2754 690 τὴν
2797 619 2894 690 μὲν
2933 617 3155 687 θήλειαν
3187 613 3423 680 γυναῖκα
3469 607 3665 663 καλοῦ-

2087 735 2185 788 μεν
2205 756 2220 780 ,
2261 715 2352 770 τὸν
2381 715 2436 768 δὲ
2461 715 2664 786 ἄρρενα
2694 711 2884 783 ἄνδρα.
2913 708 3062 779 Αῦτη
3106 706 3216 776 γὰρ
3240 703 3511 774 διάκρισίς
3547 704 3663 754 ἐστι
3735 778 3740 784 ἓ

2082 809 2177 862 τοῦ
2207 808 2399 877 γένους
2427 807 2657 879 ἄρρενος
2702 805 2796 858 καὶ
2827 802 3066 874 θηλείας,
3111 800 3172 852 τὸ
3206 797 3346 867 ἀνὴρ
3379 794 3474 848 καὶ
3501 793 3659 863 γυνὴ,

2083 898 2467 972 διαιρουμένης
2502 899 2600 968 τῆς
2625 896 2734 950 τῶν
2765 894 2939 964 γενῶν
2969 891 3227 963 σχέσεως.
3273 883 3663 957 Ὀμωνυμικῶς

2083 993 2142 1048 δὲ
2171 991 2456 1064 ἅνθρωπος
2479 990 2574 1045 καὶ
2603 991 2632 1042 ὁ
2667 987 2809 1059 ἀνὴρ
2832 985 2992 1056 καὶ-ἡ
3023 981 3161 1052 γυνὴ
3189 979 3451 1035 καλεῖται.

2155 1257 2228 1310 Γ’.
2270 1255 2489 1310 Τούτων
2539 1252 2719 1307 τοίνυν
2777 1249 2952 1312 οὕτως
3009 1247 3269 1318 ἐχόντων,
3331 1240 3496 1313 ⁴ἧκετέ
3537 1256 3666 1310 μοι,

2085 1352 2286 1414 πάντες
2330 1349 2467 1403 Θεοῦ
2501 1347 2716 1410 δοῦλοι,
2766 1346 2816 1398 οἱ
2861 1344 2961 1414 τῆς
2991 1339 3250 1410 ἀληθείας
3281 1334 3509 1408 ἐρασταί
3531 1351 3546 1366 ο
3573 1334 3667 1388 καὶ

2084 1444 2352 1514 γελάσατε
2388 1441 2480 1495 τὸν
2522 1436 2816 1494 ἀπατεῶνα
2861 1435 2956 1489 καὶ
2999 1434 3246 1503 ἀγύρτην
3291 1426 3663 1500 Κολόρϐασονο

2091 1537 2288 1610 μᾶλλον
2309 1535 2367 1588 δὲ
2392 1532 2696 1602 πενθήσατε
2723 1529 2849 1591 τοὺς
2872 1523 3272 1595 ἀπατηθέντας,
3300 1519 3395 1574 καὶ
3421 1516 3666 1610 ἑαυτοὺς,

2087 1609 2184 1684 καὶ
2212 1627 2440 1690 πολλοὺς
2473 1623 2866 1683 ἀπολέσαντας.
2905 1617 3071 1672 Αὐτοὶ
3101 1615 3160 1668 δὲ
3194 1611 3314 1683 Θεῷ
3341 1609 3669 1681 εὐχαριστή-

2094 1738 2297 1792 σωμεν,
2327 1719 2402 1783 ὡς
2429 1716 2519 1770 διὰ
2568 1713 2780 1787 μικρῶν
2815 1711 2910 1765 καὶ
2959 1707 3148 1764 ἁπλῶν
3179 1705 3352 1773 λόγων
3382 1704 3417 1772 ἡ
3445 1700 3671 1792 ἀλήθεια

2014 1803 2058 1857 Β
2083 1791 2210 1877 τοὺς
2243 1810 2446 1880 ἑαυτῆς
2476 1810 2557 1871 εἰς
2595 1806 2713 1860 ὁδὸν
2746 1803 2962 1859 εὐθεῖαν
3006 1801 3223 1872 ὁδηγεῖν
3253 1794 3414 1850 εἴωθε
3433 1809 3448 1823 ·
3485 1793 3581 1846 καὶ
3604 1791 3672 1842 τά

2090 1905 2310 1976 σχέτλια
2334 1903 2430 1956 καὶ
2457 1899 2805 1970 πολύκομπα,
2833 1895 2923 1949 διὰ
2956 1892 3158 1962 πολλῆς
3183 1888 3432 1961 μηχανῆς
3459 1884 3669 1976 καλλω-

2089 1975 2352 2050 πισθέντα
2375 2033 2389 2058 ,
2429 1991 2872 2046 διασκεδάννυσιν
2897 2027 2912 2052 ,
2947 1982 3246 2056 ἀνατρέπει
3279 1979 3374 2034 καὶ
3419 1975 3672 2046 ἀφανίζει

2088 2089 2265 2160 ἡσυχῆ
2299 2085 2587 2155 βαίνουσα·
2619 2082 2693 2144 ὼς
2730 2077 2917 2148 σαφῶς
2944 2075 3091 2129 ἔστιν
3123 2073 3251 2126 ίδεῖν
3281 2068 3391 2124 ἀπὸ
3415 2066 3512 2120 τοῦ
3540 2081 3674 2160 atpo-

2089 2155 2318 2254 tpnt'tnoﬁ
2372 2177 2553 2246 λόγου.
2590 2169 2872 2241 Ἐγκαλῶν
2909 2167 3018 2239 γὰρ
3066 2168 3094 2219 6
3127 2163 3414 2254 προφήτης
3459 2160 3573 2254 τοῖς
3605 2155 3675 2210 τὰ

2087 2249 2237 2329 δεινὰ
2267 2265 2808 2342 περιεργαζομένοις,
2843 2261 2938 2315 καὶ
2964 2259 2985 2291 ⁸
3017 2256 3313 2326 πολύφημα
3343 2249 3671 2342 ἐπινοοῦσιν,

2090 2367 2168 2430 είς
2203 2341 2410 2418 ἑαυτῶν
2437 2359 2654 2428 ἀπάτην
2678 2399 2694 2423 ,
2728 2356 2882 2424 ἔλεγε
2901 2369 2914 2384 ·
2943 2350 3048 2405 Διὰ
3073 2349 3138 2403 τὸ
3164 2347 3249 2417 μὴ
3281 2344 3483 2401 θέλειν
3520 2341 3674 2411 ὑμᾶς

2089 2456 2154 2511 τὸ
2188 2455 2344 2522 ὕδωρ
2376 2452 2482 2507 τοῦ
2513 2449 2748 2518 Σιλωὰμ
2773 2446 2840 2501 τὸ
2867 2441 3274 2512 πορευόμενον
3305 2435 3541 2506 ἡσυχῆ,
3569 2434 3672 2488 ἁν-

2089 2549 2217 2618 άγει
2253 2545 2344 2616 ἐφ’
2379 2542 2536 2614 ὑμᾶς
2566 2542 2781 2609 Κύριος
2805 2539 2872 2592 τὸ
2910 2535 3068 2603 ὕδωρ
3099 2531 3206 2587 τοῦ
3243 2527 3537 2598 ποταμοῦ,
3571 2525 3676 2618 τὸτ’

2083 2617 2354 2707 ,ϐασιλέα
2392 2635 2513 2691 τῶν
2543 2632 2902 2701 Ἀσσυρίων.
2933 2628 3118 2696 ’Υδωρ
3149 2625 3258 2697 γὰρ
3281 2620 3528 2691 Σιλωάμ,
3561 2617 3677 2672 ἐστὶ

2089 2731 2410 2788 διδασκαλία
2436 2727 2532 2782 τοῦ
2567 2723 3004 2796 ἀπεσταλμένον.
3057 2722 3154 2785 Τίς
3199 2720 3246 2774 δ’
3289 2718 3354 2772 ἂν
3404 2717 3492 2786 είη
3525 2708 3677 2777 οὗτος

2091 2824 2208 2880 ἀλλ’
2240 2823 2275 2894 ἢ
2307 2823 2336 2874 ὀ
2369 2820 2573 2892 Κύριος
2599 2817 2759 2889 ἡμῶν
2789 2812 3031 2886 Ἰησοῦς,
3065 2815 3093 2864 6
3137 2810 3245 2865 ἀπὸ
3269 2808 3364 2863 τοῦ
3399 2806 3534 2861 Θεοῦ
3566 2808 3677 2860 Πα-

2090 2915 2218 2988 τρὸς
2256 2911 2422 2969 αὑτοῦ
2469 2905 2920 2978 ἀπεσταλμένος,
2965 2901 3143 2975 ἡσυχῆ
3187 2902 3243 2954 δὲ
3288 2899 3376 2954 διὰ
3406 2899 3466 2953 τὸ
3517 2896 3680 2968 μηδὲν

2094 3007 2450 3078 καινόφωνον,
2499 3005 2636 3074 μήτε
2682 2999 3037 3062 ἐπίπλαστον,
3087 2994 3202 3049 ἀλλ’
3235 2996 3293 3047 ὲν
3322 2991 3554 3063 ἀληθείᾳ
3580 2990 3680 3059 τὴν

2096 3101 2258 3173 ἁγίαν
2289 3098 2452 3155 αὐτοῦ
2486 3095 2707 3168 νύμφην
2739 3093 2838 3166 τὴν
2864 3095 2994 3165 παρ’
3020 3089 3185 3146 αὐτοῦ
3223 3086 3556 3160 περιστερὰν
3586 3102 3683 3137 κα-

2098 3195 2387 3265 λουμένην,
2423 3189 2513 3246 διά
2550 3189 2613 3243 τὸ
2645 3189 2850 3243 ἄκακον
2881 3187 2972 3239 καὶ
2999 3185 3207 3255 ἥμερον
3243 3181 3336 3234 καὶ
3359 3179 3684 3248 καθαρώτα-

2098 3305 2190 3341 τον
2222 3285 2317 3339 τοῦ
2345 3283 2505 3349 ζὼου,
2557 3285 2614 3336 ὲν
2638 3284 2751 3345 τοῖς
2783 3279 3027 3350 ᾊσμασι
3051 3275 3146 3329 τοῦ
3181 3273 3531 3344 Σολομῶνος;
3573 3269 3685 3324 Καὶ

2099 3380 2214 3433 ἐστι
2239 3377 2517 3448 θαυμάσαι
2550 3375 2592 3442 ⁵,
2623 3373 2724 3438 τὰς
2761 3372 2858 3443 μὲν
2891 3370 3059 3432 ἄλλας
3101 3368 3175 3440 μὴ
3192 3366 3358 3429 οὔσας
3375 3362 3567 3426 αὑτοῦ,
3593 3363 3685 3415 ἐπὶ

2099 3472 2156 3525 δὲ
2189 3470 2266 3542 τῷ
2288 3469 2514 3540 ὀνόματι
2543 3466 2707 3522 αὐτοῦ
2737 3464 2934 3528 ἑαυτὰς
2967 3460 3300 3532 κεκληκυίας
3326 3457 3684 3518 παλλακίδας,

2100 3564 2352 3635 ὠνόμασε
2397 3563 2492 3617 καὶ
2529 3559 2847 3631 βασιλίσσας
2880 3556 2971 3611 διὰ
3009 3554 3071 3608 τὸ
3112 3551 3393 3624 βασιλεῦον
3427 3551 3620 3621 ὄνομα,
3657 3547 3687 3601 6

2101 3655 2305 3727 ἑκάστη
2357 3655 2592 3727 Χριστὸν
2638 3648 3056 3722 ἐπιγραφομένη
3117 3648 3285 3716 ἑαυτῇ
3337 3643 3682 3715 σεμνύνεται.

2112 3750 2251 3806 Ἀλλ’
2289 3750 2338 3803 εί
2369 3748 2464 3801 καὶ
2486 3743 2820 3816 ὀγδοήκοντά
2849 3745 2953 3796 είσι
2981 3739 3280 3802 παλλακαὶ,
3309 3737 3516 3801 αἵτινές
3551 3739 3688 3790 εἰσιν

2101 3845 2158 3899 ai
2203 3842 2480 3914 αἱρέσεις·
2528 3838 2722 3892 ἔπειτα
2771 3832 3155 3899 δὲ,νεάνιδες
3181 3871 3196 3896 ,
3230 3824 3319 3886 ὧν
3365 3831 3478 3883 οὐκ
3517 3829 3688 3883 ἐστιν

2100 3934 2362 4005 ἀριθμὸς,
2383 3931 2516 4003 φησὶ
2531 3930 2669 4000 ,μία
2687 3928 2819 3982 ἐστὶ
2841 3923 3159 3996 περιστερά
3177 3941 3318 3993 μου,
3335 3922 3538 3976 τελεία
3546 3937 3663 3991 μου

2101 4027 2379 4082 τουτέστιν
2401 4025 2538 4095 αὑτὴ
2564 4024 2695 4092 ἁγία
2717 4021 2926 4092 νύμφη,
2959 4021 3055 4074 καὶ
3079 4017 3339 4087 καθολικὴ
3364 4013 3684 4085 Ἐκκλησία.

2038 4139 2055 4155 ο
2101 4120 2409 4192 Περιστερά
2447 4117 2568 4188 μὲν,
2591 4116 2667 4180 ὡς
2695 4115 2851 4185 ἔφην,
2877 4112 2964 4166 διὰ
2992 4113 3052 4166 τὸ
3081 4113 3310 4182 ἥμερον,
3331 4109 3425 4162 καὶ
3461 4107 3685 4169 ἄκακον,

2102 4212 2198 4266 καὶ
2228 4207 2469 4280 καθαρὸν
2489 4205 2584 4259 τοῦ
2624 4203 2764 4269 ζὼου
2785 4220 2797 4234 ·
2828 4201 3012 4256 τελεία
3041 4200 3120 4263 δὲ,
3146 4199 3236 4252 διὰ
3255 4196 3316 4252 τὸ
3347 4197 3445 4267 τὴν
3477 4194 3688 4249 τελείαν

2104 4306 2168 4357 ὲκ
2217 4299 2353 4356 Θεοῦ
2403 4298 2589 4353 λαϐεῖν
2624 4295 2808 4368 χάριν,
2828 4293 2923 4348 καὶ
2960 4291 3163 4361 γνῶσιν
3202 4291 3337 4360 παρ’
3382 4287 3549 4341 αὐτοῦ
3596 4282 3688 4338 τοῦ

2104 4395 2359 4466 Σωτῆρος
2391 4391 2478 4444 διὰ
2502 4388 2642 4443 Πνεύ
2653 4404 2821 4460 ματος
2841 4383 3020 4454 ἁγίου.
3057 4382 3228 4446 Αὐτὸς
3257 4376 3351 4434 οὖν
3382 4382 3412 4433 6
3438 4379 3687 4448 νυμφίος,

391 4496 702 4569 ⁴διιινιιιοιο
769 4511 867 4566 per
943 4493 1208 4565 Spiritum
1285 4506 1536 4553 sanetum
1624 4469 1993 4570 cognition-em

2109 4491 2136 4543 6
2181 4481 2664 4554 Ἀπεσταλμένος
2696 4478 3156 4551 ἑρμηνευόμενος,
3183 4472 3431 4528 τουτέστι
3449 4469 3690 4538 Σιλωάμ,

416 4591 612 4660 adepta
641 4589 732 4647 sit.
754 4589 924 4660 Igitur
947 4605 1184 4660 sponsus
1242 4590 1378 4661 ipse,
1401 4607 1561 4660 quem
1581 4560 1807 4647 Missum
1837 4594 1993 4649 inter-

2109 4581 2253 4650 ὕδωρ
2280 4577 2393 4648 ἔχει
2421 4573 2788 4646 πορευόμενον
2815 4569 2993 4641 ἡσυχῆ
3021 4608 3035 4632 ,
3071 4566 3317 4623 τουτέστι
3347 4560 3693 4617 διδασκαλίαν

417 4682 620 4752 pretari
651 4682 800 4748 licet,
831 4683 937 4738 hoc
970 4690 1057 4739 est
1107 4681 1335 4750 Siloam,
1370 4700 1566 4753 aquam
1617 4685 1780 4748 habet
1810 4686 2006 4742 leniter

414 4777 831 4845 scaturientem,
869 4775 1180 4833 doctrinam
1214 4776 1428 4833 scilicet
1474 4793 1586 4832 non
1636 4777 1843 4848 ingenti
1879 4794 2006 4832 cum

415 4869 646 4940 strepitu
713 4885 778 4924 ac
853 4869 1072 4941 fragore
1149 4870 1512 4939 praecipitem,
1575 4885 1678 4925 nec
1729 4870 1879 4925 inani
1944 4886 2007 4926 se

415 4977 618 5032 pompa
643 4968 698 5017 et
730 4961 1031 5017 ambitione
1063 4961 1386 5031 jactantem.
1419 4961 1594 5029 Cujus
1617 4977 1823 5031 sponsa
1851 4964 2003 5016 mitis

416 5055 594 5110 instar
631 5053 899 5110 columba:
927 5068 1139 5109 veneno
1171 5060 1360 5117 caret;
1399 5069 1576 5122 neque
1605 5054 1843 5108 molares
1869 5053 2006 5107 den-

419 5159 503 5204 tes
524 5156 619 5202 aut
649 5150 871 5204 aculeos
903 5149 1064 5219 gerit,
1125 5145 1439 5216 cujusmodi
1480 5154 1768 5216 serpentes
1800 5145 2008 5200 habent

420 5240 514 5296 isti
544 5239 637 5310 qui
664 5255 872 5295 veneno
904 5248 1133 5301 scatent,
1173 5251 1408 5308 quorum
1443 5237 1640 5307 singuli
1667 5235 2006 5306 praecipuum

418 5331 645 5402 aliquod
679 5331 996 5386 mortalium
1042 5329 1230 5400 generi
1267 5329 1420 5382 virus
1453 5336 1732 5382 conantur
1795 5326 2006 5382 immit—

419 5431 572 5486 tere,
631 5437 697 5477 ac
725 5431 1031 5477 sectatores
1079 5437 1213 5477 SUOS
1252 5435 1633 5490 corrumpere.
1681 5418 1926 5486 QUOI'lllll
1978 5431 2010 5472 θ

423 5527 654 5568 numero
682 5513 774 5568 ille
794 5521 878 5569 est
903 5512 1039 5583 ipse.
1061 5527 1222 5581 quem
1255 5510 1442 5565 divino
1469 5508 1664 5569 verbo,
1687 5507 2009 5576 cmlestique

425 5603 682 5675 praesidio
717 5605 888 5661 fretus
913 5607 1167 5675 detegere
1197 5604 1404 5665 studui,
1427 5618 1491 5658 ac
1518 5600 1800 5673 phalangii
1832 5601 2009 5655 instar

2107 4671 2371 4732 ἀδουπον,
2413 4667 2506 4721 καὶ
2557 4661 2924 4734 ἀψοφοποιόν,
2962 4660 3054 4713 καὶ
3099 4657 3561 4724 ἀφαντασίαστον,
3599 4651 3695 4706 καὶ

2105 4763 2478 4833 ἀκόμπαστον.
2535 4758 2599 4812 Ἦ
2647 4756 2706 4810 δὲ
2740 4754 2905 4809 αὐτοῦ
2943 4753 3134 4824 νύμφη
3183 4750 3278 4806 καὶ⁴
3322 4747 3463 4819 αὑτὴ
3495 4749 3695 4817 ἥσυχος

2106 4853 2434 4928 περιστερὰ,
2491 4853 2631 4924 μήτε
2667 4849 2743 4904 ἰὸν
2788 4848 3025 4918 ἔχουσα,
3081 4846 3220 4916 μήτε
3266 4841 3694 4914 μυλοστομίδας,

2109 4951 2246 5022 μήτε
2277 4948 2499 5018 κέντρα,
2535 4945 2610 5008 ὡς
2643 4937 2790 4998 οὗτοι
2825 4941 3029 5003 πάντες
3060 4941 3108 4992 οί
3141 4936 3568 5008 έρπετόμορφοι,
3601 4930 3698 4986 καὶ

2109 5043 2187 5096 ίδν
2233 5038 2760 5101 άναΰλυστάνοντες,
2795 5035 3028 5096 ἕκαστος
3068 5027 3568 5101 φιλοτιμησάμενος
3600 5027 3698 5094 δη-

2105 5130 2362 5205 λητήριόν
2380 5147 2435 5182 τι
2463 5128 2539 5199 τῷ
2564 5127 2756 5198 κόσμῳ
2782 5123 3212 5201 κατασκευάσαι,
3239 5121 3332 5174 καὶ
3354 5119 3698 5190 λυμήνασθαι

2107 5226 2234 5287 τοὺς
2264 5221 2415 5292 αὐτῷ
2448 5219 2802 5282 πεισθέντας’
2835 5210 2915 5270 ὧν
2947 5215 3043 5272 καὶ
3072 5210 3228 5275 οὗτος
3261 5207 3342 5275 εἷς
3387 5211 3465 5264 ῶν
3493 5209 3699 5278 τυγχά-

2109 5335 2213 5381 νει,
2245 5319 2274 5371 ὁ
2303 5313 2540 5374 ἐνταῦθα
2576 5330 2665 5384 μοι
2692 5310 3051 5372 σπουδασθεὶς
3089 5306 3409 5379 φωραθῆναι
3431 5302 3520 5358 διὰ
3552 5303 3697 5356 θείου

2107 5412 2268 5479 λόγου
2297 5411 2390 5463 καὶ
2426 5407 2679 5479 βοηθείας
2713 5406 2813 5476 τῆς
2857 5403 3082 5466 ἄνωθεν,
3112 5401 3210 5460 καὶ
3240 5397 3588 5470 συντριϐῆναι
3622 5392 3699 5448 6i-

2108 5522 2212 5575 κην
2247 5500 2550 5572 φαλαγγίου
2583 5496 2950 5570 τετραγνάθου
2993 5492 3224 5566 ἑρπετοῦ
3270 5489 3625 5560 καλουμένου,
3663 5485 3696 5557 ἦ

2108 5595 2184 5659 ὼς
2214 5594 2324 5649 ἀπὸ
2349 5591 2724 5665 ἁμφισὸαίνης
2750 5590 2849 5659 τῆς
2881 5585 3171 5655 δικεφάλου
3193 5583 3408 5654 ἐχίδνης
3428 5579 3698 5652 τμηθεῖσα

505 5757 524 5791 ³
554 5756 657 5812 15a.
695 5773 812 5829 vui,
845 5760 898 5814 6.
967 5764 986 5792 ³
1021 5759 1176 5815 Cant.
1205 5775 1264 5825 ll,
1313 5758 1393 5824 Ill,
1436 5758 1534 5826 14,
1574 5775 1624 5826 v,
1659 5759 1729 5826 ‘2;
1771 5773 1844 5823 νι,
1871 5756 1924 5812 8.

2097 5764 2209 5814 ant.
2237 5773 2309 5822 γι,
2346 5754 2400 5825 7,
2426 5753 2477 5807 8.
2558 5752 2578 5784 ³
2608 5750 2667 5807 F.
2697 5750 3051 5823 παλίμφημα.
3130 5735 3357 5800 δ’νεεει,
3385 5741 3476 5806 ῶς.
