3960 6120
355 262 464 320 653
969 261 1341 321 ADVERSUS
1377 263 1718 321 HIERESES
1753 265 1880 321 LIB.
1917 263 1956 319 Ι.
1993 263 2159 321 TUM.
2200 263 2379 320 lll.—-
2404 263 2682 320 ΗίΕΙὶΕΞ.
2725 260 2968 318 XXXVI.
3500 260 3605 317 634

355 378 573 453 κεφαλὴ
614 377 673 433 ἐν
729 380 994 452 συντομία
1043 381 1506 454 κατακλασθῖψαι.
1551 383 1843 456 Παρελθὼν
1874 384 1921 438 δὲ

2033 382 2318 447 obterere,
2394 379 2542 451 quod
2602 378 3030 450 tetragnatbum,
3083 375 3189 432 hoc
3235 383 3321 432 est
3379 384 3604 443 quatuor

352 471 546 522 τοῦτον
596 468 779 533 πάλιν,
829 469 929 532 τὰς
985 468 1112 540 ἐξῆς
1163 470 1540 543 διασκοπήσω·
1585 473 1682 526 καὶ
1727 473 1921 538 ταύτας

2030 473 2189 528 malis
2230 471 2512 542 pra’ditum
2570 479 2802 526 vocant:
2863 478 2957 525 aut
3014 471 3163 526 velut
3221 468 3603 538 amphisbanae

353 559 587 627 διεξιὼν,
631 561 696 614 δι’
726 561 893 632 εὐχῆς
920 562 1149 632 αἰτήσω,
1185 561 1253 615 τὰ
1299 563 1398 631 μὲν
1427 565 1548 617 κατ’
1580 562 1750 628 αὑτὰς
1786 563 1921 618 κατὰ

2027 563 2269 634 bicipitis
2295 565 2496 636 viperae
2551 563 2828 618 desectum
2880 569 3044 633 caput
3102 561 3466 632 confringere.
3496 557 3603 612 Sed

360 653 614 721 αλήϐειαν
640 652 874 720 ἐξειπεῖν
897 692 912 719 ,
947 653 1149 746 μηδένα
1163 649 1231 706 δὲ
1254 651 1456 728 βλάψαι
1477 692 1492 719 ,
1526 652 1559 723 ἢ
1595 652 1757 719 αὐτὸς
1795 652 1924 725 βλα-

353 747 532 816 ὅῆναι.

2025 654 2130 710 hoc
2153 654 2361 711 omisso
2384 655 2627 724 reliquas
2659 669 3071 724 persequamur.
3092 655 3244 722 Quod
3267 653 3395 709 dum
3422 667 3604 722 aggre-

2025 745 2167 812 dior,
2187 748 2413 818 supplex
2442 763 2473 800 a
2504 746 2614 802 Deo
2650 749 2886 816 postulo,
2922 755 2984 802 ut
3008 763 3128 816 quae
3155 746 3222 800 ad
3257 747 3376 800 illas
3432 743 3600 814 perti-

356 845 510 902 nent,
540 837 614 893 ita
665 853 732 894 ex
785 837 866 894 rei
913 836 1144 893 veritate
1201 837 1496 908 proferam,
1557 837 1706 893 nulla
1763 841 1826 892 ut
1867 833 1926 892 in
1952 849 2279 908 quemquam
2301 843 2464 908 atque
2484 836 2619 891 adeo
2645 836 2910 907 meipsum
2935 850 3004 890 ex
3030 850 3095 890 co
3150 833 3300 890 fraus
3357 848 3419 886 ac
3478 846 3600 902 per-

359 929 530 987 nicies
562 929 851 986 redundet.

739 1045 928 1098 ΚΑΤΑ
972 1045 1508 1102 ΗΡΑΚΛΕΩΝΙΤΩΝ
1520 1087 1538 1113 ,

543 1149 990 1226 Ἐξκαιδεκάτη,
1031 1158 1070 1226 ἠ
1107 1157 1207 1212 καὶ
1245 1157 1566 1228 τριακοστὴ
1583 1159 1747 1228 ἕκτη.

418 1287 493 1342 A'.
513 1287 821 1360 ’Πρακλέων
836 1306 920 1352 τις
933 1287 1118 1342 τοῦτον
1138 1289 1223 1342 τὸν
1239 1290 1489 1362 Κολόρὸα
1497 1308 1585 1344 σον
1601 1292 1918 1364 διαδέχεται,

351 1379 445 1448 ἀφ’
477 1370 648 1449 οὗπερ
675 1381 722 1432 οἱ
753 1379 1175 1451 Ἠρακλεωνίται
1203 1381 1548 1453 καλούμενοι,
1578 1383 1729 1437 οὐδὲν
1757 1377 1919 1452 ἦττον

348 1471 450 1540 τῆς
508 1470 659 1540 παρὰ
697 1469 884 1526 τοῦτον
929 1472 1258 1541 κενοφωνίας
1291 1475 1620 1544 ἠσκημένος.
1673 1475 1782 1528 Καὶ
1820 1476 1919 1528 ὅσα

350 1564 451 1634 μὲν
489 1563 685 1616 ἐκεῖνοι
719 1562 957 1631 λέγουσι,
988 1565 1080 1617 καὶ
1123 1558 1273 1627 οὗτος
1306 1563 1544 1635 ὁρίζεται
1575 1565 1714 1618 κατὰ
1742 1567 1918 1620 πάντα

2353 1041 2635 1102 CONTRA
2679 1041 3274 1107 HERACLEONITAS,

2238 1153 2370 1221 Qua:
2415 1165 2496 1210 est
2534 1155 2748 1212 Itwresis
2776 1153 2826 1208 Χ
2845 1151 2938 1220 VI,
2979 1154 3058 1208 vel
3098 1150 3368 1206 XXXVI.

2092 1289 2132 1348 Ι.
2163 1292 2462 1351 Colorbaso
2487 1295 2731 1351 succedit
2756 1293 3076 1356 Heracleon,
3100 1309 3130 1346 a
3169 1307 3278 1362 quo
3322 1289 3600 1346 Heracllm

2020 1381 2256 1438 nitarum
2296 1391 2446 1440 secta
2497 1385 2831 1448 nominatur,
2892 1380 3248 1436 nihilominus
3300 1395 3464 1450 quam
3491 1393 3599 1434 cae-

2026 1467 2130 1522 teri
2161 1469 2322 1540 nugis
2349 1485 2414 1524 ac
2440 1469 2740 1526 mendaciis
2769 1470 3092 1525 instructus.
3137 1468 3412 1538 Quidquid
3452 1469 3598 1523 enim

2025 1560 2094 1616 ab
2125 1561 2232 1616 illis
2279 1561 2567 1630 asseritur,
2626 1562 2716 1617 hic
2772 1570 2954 1617 tuetur
2991 1577 3054 1615 ac
3089 1559 3330 1616 defendit
3375 1562 3596 1616 omnia:

346 1654 570 1725 τρόπον,
599 1649 686 1706 οἷα
709 1653 772 1725 δὴ
804 1653 864 1718 ἐξ
895 1653 1075 1707 αὐτῶν
1099 1654 1434 1726 ὁρμώμενος,
1464 1659 1557 1710 καὶ
1581 1659 1711 1728 παρ’
1740 1657 1918 1712 αὐτῶν

2027 1657 2208 1720 utpote
2235 1651 2328 1721 qui
2361 1651 2430 1705 ab
2455 1651 2562 1706 illis
2583 1662 2760 1705 ortum
2793 1651 2995 1720 pariter
3030 1665 3092 1705 ac
3111 1656 3432 1705 venenatam
3451 1649 3596 1704 luem

347 1741 440 1796 τὸν
478 1741 554 1796 ἰὸν
585 1741 1024 1813 ἀπομαξάμενος,
1058 1743 1440 1816 περισσότερον
1487 1746 1542 1798 δὲ
1590 1747 1748 1816 δῆθεν
1789 1748 1928 1820 ὑπὲρ

347 1832 590 1896 ἐκείνους
629 1834 686 1888 ἐν
733 1833 912 1905 ἐαυτῷ
945 1835 1441 1906 ἁνατυπωσάμενός
1487 1855 1628 1903 τινα,
1679 1838 1927 1908 βούλεται

346 1923 589 1987 ἐκείνους
644 1924 998 1996 ὑπεραίρειν,
1058 1926 1146 1980 ἴνα
1203 1927 1297 1981 καὶ
1361 1927 1540 1998 ἐαυτῷ
1609 1930 1927 2000 συναγωγὴν

346 2015 642 2086 ποιήσηται
674 2015 781 2068 τῶν
810 2017 1194 2087 ἠπατημένων.
1236 2013 1392 2072 Οὗτοι
1436 2020 1542 2091 γὰρ
1590 2021 1806 2085 πάντες,
1848 2023 1928 2084 εἰς

345 2106 844 2176 ἐκατοντακέφαλον
879 2108 1103 2172 ἑαυτοὺς
1155 2108 1606 2174 άνατυπὼσαντες
1657 2111 1847 2180 σῶμα,
1890 2111 1923 2182 ἢ

345 2196 826 2267 ἐκατοντάχειρον,
869 2197 960 2250 τόν
1012 2215 1141 2251 ποτε
1198 2199 1567 2270 μυθευόμενον
1620 2201 1772 2271 παρὰ
1811 2204 1925 2266 τοῖς

343 2285 452 2339 τῶν
488 2286 755 2358 Ἑλλήνων
791 2291 1043 2359 ποιηταῖς
1085 2291 1424 2361 ἐμιμήσαντο
1459 2291 1663 2345 Κόττον
1693 2292 1724 2364 ἢ
1761 2293 1925 2363 Βριά-

345 2395 507 2449 ρεων,
539 2378 597 2431 ὃν
642 2379 736 2432 καὶ
766 2378 1041 2448 Αἰγαίωνα
1069 2381 1344 2448 καλοῦσιν,
1369 2383 1401 2453 ἢ
1423 2382 1621 2454 Γύγην,
1648 2383 1680 2454 ἢ
1709 2384 1800 2436 τὸν
1826 2403 1924 2438 κα-

341 2468 602 2539 λούμενον
632 2470 831 2541 Ἀργον
869 2470 959 2523 τὸν
993 2470 1428 2542 πολυόφθαλμον,
1461 2472 1605 2536 οἴους
1635 2475 1832 2526 ἐκεῖνοι
1865 2475 1924 2527 ἐν

341 2562 464 2623 ταῖς
488 2558 697 2612 ἐαυτῶν
725 2559 1024 2630 ῥαψῳδίαις
1049 2561 1452 2633 τερατεύονται,
1486 2563 1919 2634 ποιητευόμενοι,

343 2650 440 2704 καὶ
470 2649 720 2719 λέγοντες
751 2650 895 2721 ἔχειν
926 2651 1016 2704 τὸν
1063 2652 1162 2721 μὲν
1208 2651 1399 2704 ἑκατὸν
1429 2655 1634 2725 χεῖρας,
1667 2654 1761 2706 καὶ
1793 2654 1923 2708 ποτέ

346 2741 480 2810 μέν¹
529 2744 868 2814 πεντήκοντα
909 2743 1168 2813 κεφαλὰς,
1201 2745 1330 2797 ποτέ
1379 2744 1435 2796 δὲ
1483 2745 1672 2798 ἐκατόν
1694 2761 1707 2773 ·
1742 2745 1832 2798 τὸν
1864 2745 1922 2798 δὲ

343 2833 538 2888 ἑκατὸν
578 2833 903 2904 ὀφθαλμούς.
936 2836 1046 2889 Καὶ
1070 2835 1258 2889 τούτου
1293 2836 1454 2888 ’ἑνεκα
1491 2837 1625 2905 φασὶ
1668 2837 1756 2890 τὸν
1800 2837 1952 2909 Ἑρ-.

347 2925 456 2994 μῆν
496 2923 778 2978 καλεῖσθαι
805 2926 1216 2998 Ἀργειφόντην,
1245 2927 1318 2991 ὡς
1345 2927 1435 2981 τὸν
1467 2928 1668 3000 Ἀργον
1693 2929 1784 2980 τὸν
1825 2946 1922 2982 πο-

342 3013 686 3087 λυόφθαλμον
720 3019 1106 3092 πεφονευκότα.
1135 3019 1289 3074 Οὕτω
1313 3021 1407 3074 καὶ
1438 3020 1642 3074 τούτων
1667 3022 1917 3084 ἕκαστος,

347 3106 672 3178 βουλόμενος
720 3110 896 3180 ἐαυτῷ
943 3111 1117 3182 ἀρχὴν
1171 3112 1618 3184 προστήσασθαι,
1674 3112 1915 3182 κεφαλὴν

343 3200 626 3270 ὠνόμασεν
663 3200 870 3264 ἐαυτὸν,
904 3201 1066 3272 ἕτερα
1099 3203 1446 3275 ὑπεισφέρων
1487 3204 1638 3276 παρὰ
1681 3205 1780 3276 τὴν
1808 3204 1915 3258 τῶν

343 3291 676 3345 διδασκάλων
720 3291 882 3345 αὐτοῦ
931 3294 1318 3364 ματαιοπονίαν
1349 3297 1442 3348 καὶ
1491 3294 1734 3367 μανιώδη
1773 3297 1918 3352 διδα-

2031 1742 2282 1796 traxerit.
2326 1740 2435 1796 Sed
2479 1741 2740 1796 nonnulla
2791 1747 2971 1796 tamen
3012 1755 3041 1794 a
3091 1757 3150 1796 se
3203 1739 3510 1810 excogitata
3546 1748 3600 1796 et

2029 1837 2262 1892 conﬁcta
2299 1837 2367 1890 ad
2411 1851 2600 1891 eorum
2653 1834 2939 1904 Opiniones
2993 1831 3276 1901 adjiciens,
3339 1847 3600 1901 superare

2027 1931 2172 1994 illos,
2204 1945 2267 1984 ac
2298 1930 2574 1999 propriam
2632 1929 2735 1984 sibi
2764 1927 3008 1984 scholam
3042 1924 3321 1980 vindicare
3366 1925 3597 1981 studuit.

2026 2024 2242 2078 Etenim
2281 2039 2472 2080 omnes
2500 2023 2590 2078 isti
2617 2021 2894 2092 centiceps
2921 2035 2980 2076 se
3015 2019 3068 2072 in
3108 2033 3308 2088 corpus
3333 2032 3395 2072 ac
3423 2016 3601 2071 centi-

2026 2131 2247 2170 manum
2304 2112 2787 2176 transformantes,
2862 2111 3132 2182 gigantem
3199 2109 3351 2162 illum
3413 2109 3602 2163 nescio

2025 2222 2187 2278 quem
2237 2221 2268 2260 e
2325 2203 2640 2259 Graecorum
2691 2202 2890 2256 fabulis
2935 2201 3244 2270 exprimere
3288 2199 3598 2264 voluerunt,

2025 2297 2244 2352 Cottum
2279 2296 2497 2366 opinor,
2541 2302 2634 2349 aut
2695 2281 3004 2349 Briareum:
3060 2307 3224 2363 quem
3266 2300 3318 2345 et
3355 2290 3600 2361 Egeona

2024 2387 2316 2452 dixerunt,
2361 2394 2454 2441 aut
2509 2385 2716 2458 Gygen,
2770 2394 2863 2438 aut
2903 2384 3106 2454 Argum
3159 2383 3384 2438 inﬁnitis
3436 2382 3598 2453 263

2023 2477 2197 2532 oeulis
2225 2475 2544 2547 praeditum,
2585 2475 2894 2545 cuiusmodi
2938 2480 3207 2543 portenta,
3231 2473 3348 2530 suis
3378 2473 3456 2526 illi
3483 2487 3602 2526 car-

2024 2567 2263 2623 minibus
2292 2568 2469 2622 solent
2497 2567 2827 2630 describere,
2854 2573 2914 2620 ut
2951 2574 3170 2621 centum
3205 2566 3359 2620 alteri
3379 2580 3596 2630 manus,

2024 2675 2147 2714 cum
2178 2659 2598 2730 quinquaginta,
2631 2660 2716 2723 vel
2750 2659 2914 2713 etiam
2962 2659 3215 2714 centenis
3279 2659 3598 2729 capitibus;

2023 2757 2240 2804 centum
2285 2749 2475 2804 oculos
2525 2749 2680 2803 alteri
2736 2748 3001 2803 tribuant.
3061 2747 3236 2815 Quam
3268 2749 3337 2803 ob
3377 2763 3600 2803 causam

2024 2839 2352 2896 Mercurium
2385 2840 2565 2895 ferunt
2600 2839 2985 2910 Argipbontem
3027 2856 3149 2896 esse
3196 2840 3422 2904 dictum,
3457 2841 3601 2910 quod

2028 2932 2216 2986 multis
2242 2931 2542 2986 luminibus
2584 2930 2867 3000 prteditum
2923 2930 3126 3001 Argum
3177 2929 3460 2985 occiderit.
3510 2929 3602 2986 Sic

2028 3025 2242 3080 illorum
2297 3025 2525 3094 quilibet
2575 3024 2939 3094 principatum
2999 3022 3297 3087 all'ectans,
3357 3023 3599 3091 seipsum

2025 3125 2189 3187 caput
2207 3116 2464 3186 appellat,
2502 3123 2556 3169 et
2578 3130 2606 3168 a
2627 3122 3022 3185 praeceptorum
3044 3114 3256 3168 insanis
3282 3128 3344 3167 ac
3381 3112 3604 3168 furiosis

2019 3205 2364 3276 dogmatibus
2398 3203 2612 3258 diversa
2647 3203 2894 3274 qumdam
2949 3204 3242 3274 excogitat.
3285 3201 3486 3258 Verum
3533 3219 3604 3259 ne

2019 3297 2077 3352 in
2117 3295 2394 3368 prazfando
2428 3297 2530 3350 sim
2572 3297 2810 3368 longior,
2833 3296 2898 3350 ad
2927 3312 3040 3351 rem
3070 3297 3243 3366 ipsam
3287 3295 3599 3367 aggrediar.

349 3389 594 3443 σκαλίαν.
626 3390 743 3444 Ἵνα
775 3390 832 3444 δὲ
885 3390 960 3462 μὴ
1001 3393 1079 3454 είς
1107 3391 1239 3445 πολὺ
1287 3395 1459 3464 μῆκος
1499 3393 1676 3448 ἐλάσω
1723 3394 1818 3450 τοῦ
1866 3395 2154 3468 προοιμίου
2193 3393 2291 3465 τὴν
2327 3393 2614 3459 σύνταξιν,
2661 3394 2952 3466 ἐλεύσομαι
2993 3396 3072 3457 είς
3110 3394 3170 3446 τὸ
3224 3394 3600 3466 προκείμενον.

415 3506 492 3561 B'.
523 3505 838 3575 Ἡρακλέων
854 3505 1032 3560 τοίνυν
1055 3502 1229 3570 οὗτος,
1255 3507 1348 3561 καὶ
1373 3489 1419 3560 οἱ
1447 3507 1542 3560 ἀπ’
1567 3507 1731 3562 αὐτοῦ
1757 3509 1920 3579 Ἥρα-

346 3597 652 3660 κλεωνῖται,
681 3597 754 3662 ὡς
781 3602 1059 3670 προεῖπον,
1082 3599 1284 3669 ὁμοίως
1311 3598 1518 3670 Μάρκῳ
1552 3599 1645 3653 καί
1666 3617 1774 3653 τισι
1808 3599 1917 3654 τῶν

346 3688 454 3761 πρὸ
498 3689 664 3744 αὑτοῦ
704 3691 832 3762 περὶ
872 3689 982 3744 τῶν
1035 3690 1331 3759 Ὀγδοάδων
1381 3691 1618 3761 φάσκει,
1661 3692 1761 3760 τῆς
1804 3692 1916 3746 ἄνω

346 3783 490 3853 φημὶ
513 3783 606 3836 καὶ
633 3783 732 3852 τῆς
750 3781 920 3835 κάτω.
953 3782 1182 3835 Ἔπειτα
1204 3782 1259 3835 δέ
1286 3783 1379 3834 καὶ
1407 3780 1505 3843 τάς
1525 3780 1786 3849 συζυγίας
1807 3780 1916 3834 τῶν

343 3876 637 3945 τριάκοντα
680 3872 899 3927 Αίώνων
943 3872 1073 3936 ἴσως
1111 3872 1340 3937 δοξάζει.
1376 3874 1696 3944 ’Ἄνθρωπον
1729 3872 1785 3926 δὲ
1821 3874 1916 3926 καὶ

344 3964 507 4029 αὐτὸς
537 3966 732 4034 φάσκει
759 3960 896 4018 εἶναι
921 3964 1011 4016 τὸν
1039 3964 1150 4018 ἄνω
1177 3964 1283 4018 τῶν
1307 3964 1442 4018 ὅλων
1466 3963 1704 4034 Πατέρα,
1731 3963 1789 4017 ὃν
1822 3963 1916 4017 καὶ

342 4055 516 4109 Βυοὸν
561 4054 988 4126 προσηγόρευσε.
1039 4055 1297 4108 Βούλεται
1340 4054 1397 4108 δέ
1439 4055 1602 4108 αὑτὸν
1635 4054 1729 4107 καὶ
1757 4055 1918 4118 αὐτὸς

343 4147 526 4216 λέγειν
555 4149 689 4218 μήτε
717 4147 883 4218 ἄρρεν
915 4147 1051 4217 μήτε
1078 4145 1212 4216 θῆλυ
1231 4161 1246 4175 θ
1295 4145 1354 4212 ἐξ
1378 4145 1542 4199 αὐτοῦ
1566 4145 1622 4198 δὲ
1655 4142 1794 4199 εἶναι
1822 4145 1920 4218 τὴν

2088 3506 2152 3564 ll.
2181 3507 2478 3564 Heracleon
2516 3506 2683 3577 igitur
2705 3522 2826 3562 cum
2858 3507 2996 3570 suis,
3029 3514 3087 3560 ut
3111 3505 3370 3570 diximus,
3395 3507 3584 3563 eadem

2018 3609 2144 3650 cum
2181 3599 2388 3665 Marco,
2439 3600 2672 3670 aliisque
2727 3599 2820 3668 qui
2870 3596 3112 3654 Marcum
3153 3607 3592 3664 antecesserunt,

2017 3689 2084 3744 de
2121 3689 2494 3761 Ogdoadibus,
2530 3691 2814 3760 superiore
2873 3692 3131 3745 nimirum
3188 3699 3242 3745 et
3301 3691 3586 3755 inferiore,

2015 3781 2204 3838 sentit.
2234 3781 2438 3838 Deinde
2457 3784 2677 3853 triginta
2701 3780 2940 3836 Eonum
2978 3783 3131 3851 paria
3178 3781 3320 3836 haud
3359 3782 3597 3838 absimili

2017 3873 2232 3927 ratione
2287 3874 2592 3928 constituit.
2645 3871 2931 3927 Hominem
2997 3888 3218 3942 quoque
3274 3888 3592 3941 supremum

2021 3963 2268 4019 omnium
2338 3962 2628 4020 Parentem
2687 3963 3024 4033 pronuntiat,
3072 3978 3233 4033 quem
3274 3973 3328 4018 et
3370 3963 3600 4032 Bythum

2023 4053 2287 4108 nominat.
2342 4051 2602 4108 Eumdem
2632 4068 2734 4108 nec
2765 4069 2972 4108 marem
3018 4068 3142 4109 esse
3192 4067 3292 4108 nec
3342 4053 3600 4108 feminam

2025 4151 2202 4217 putat,
2241 4161 2272 4200 a
2300 4160 2410 4216 quo
2456 4146 2835 4201 universorum
2859 4153 3032 4200 mater
3059 4146 3310 4211 exsistat,
3351 4160 3512 4215 quam
3547 4153 3604 4200 et

343 4239 454 4294 τῶν
493 4217 627 4294 ὅλων
665 4217 878 4310 μητέρα
898 4277 913 4302 ,
941 4238 1007 4308 ἦν
1038 4237 1134 4290 καὶ
1170 4237 1333 4309 Σιγὴν
1364 4238 1618 4308 ὀνομάζει
1647 4239 1741 4292 καὶ
1766 4217 1920 4308 Ἀλήο

2031 4236 2218 4309 Sigen,
2259 4246 2314 4294 et
2357 4236 2658 4294 Veritatem
2715 4240 2970 4309 appellat.
3027 4239 3109 4294 Ab
3149 4239 3252 4293 hac
3303 4239 3600 4294 secundam

349 4331 519 4385 θειαν.
551 4333 672 4385 Ἀπ’
703 4331 870 4400 αὐτῆς
903 4329 959 4382 δὲ
989 4325 1126 4382 εἶναι
1158 4328 1256 4399 τὴν
1285 4328 1543 4399 δευτέραν
1589 4328 1799 4398 μητέρα
1827 4327 1925 4399 τὴν

346 4428 405 4479 ἐν
435 4423 573 4496 λήθῃ
607 4423 936 4495 γενομένην,
981 4423 1049 4492 ἢν
1093 4423 1186 4474 καὶ
1222 4419 1476 4492 Ἀχαμὼθ
1509 4421 1603 4474 καὶ
1635 4420 1797 4484 αὐτὸς
1827 4437 1925 4474 κα-

343 4515 461 4569 λεῖο
494 4507 555 4579 ἐξ
582 4514 648 4585 ἧς
676 4513 858 4568 λοιπὸν
902 4513 970 4566 τὰ
1005 4514 1180 4567 πάντα
1208 4513 1264 4564 ἐν
1295 4512 1631 4582 ὑστερήματι
1663 4511 1922 4580 κατέστη.

347 4605 604 4658 Βούλεται
636 4604 693 4658 δέ
721 4604 940 4657 πλείονα
967 4603 1076 4656 τῶν
1099 4603 1206 4673 πρὸ
1227 4601 1392 4656 αὐτοῦ
1415 4601 1510 4654 καὶ
1536 4593 1690 4664 οὗτος
1719 4601 1920 4669 λέγειν,

347 4696 510 4751 ἅτινά
541 4697 656 4749 ἐστι
690 4695 846 4748 τάδε’
896 4695 1034 4759 Τοὺς
1060 4691 1427 4756 τελευτῶντας
1467 4693 1560 4744 ἀπ’
1591 4691 1789 4758 αὐτῶν,
1830 4692 1924 4744 καὶ¹

346 4791 440 4844 ἐπὶ
471 4789 642 4859 αὐτὴν
667 4788 764 4858 τὴν
809 4787 984 4853 ἔξοδον
1015 4787 1348 4856 φθάνοντας,
1392 4785 1501 4838 ἀπὸ
1530 4783 1624 4837 τοῦ
1665 4800 1925 4854 προειρη-

350 4881 514 4952 μένου
552 4880 779 4950 Μάρκου
811 4879 911 4943 τὰς
937 4879 1236 4950 προφάσεις
1268 4878 1504 4949 εἰληφὼς
1530 4916 1545 4943 ,
1581 4877 1764 4930 οὐκέτι
1803 4877 1924 4930 κατ’

347 4975 555 5026 ἐκεῖνον
597 4968 888 5041 λυτροῦται
914 5009 929 5032 ,
965 4969 1100 5022 ἀλλὰ
1155 4969 1328 5032 ἄλλως
1358 4961 1511 5031 οὗτος
1547 4967 1924 5040 μεταχειρίζε-

345 5083 474 5128 ται,
509 5063 872 5138 λυτρούμενος
904 5062 1062 5133 δῆθεν
1097 5063 1206 5133 (42)
1243 5062 1379 5133 πρὸς
1423 5064 1488 5132 τῇ
1535 5061 1758 5132 τελευτῇ
1798 5062 1923 5124 τοὺς

348 5158 438 5210 ὑπ’
492 5153 657 5208 αὐτοῦ
705 5154 1102 5225 ἀπατηθέντας.
1150 5153 1284 5208 Ποτέ
1315 5153 1424 5223 γάρ
1453 5168 1595 5216 τινες
1625 5150 1684 5216 ἐξ
1717 5151 1920 5218 αὐτῶν,

347 5247 526 5301 ἔλαιον
560 5245 714 5300 ὕδατι
758 5245 1043 5316 μίξαντες,
1086 5245 1436 5299 ἐπιϐάλλουσι
1477 5246 1543 5304 τῇ
1580 5243 1786 5314 κεφαλῇ
1823 5242 1919 5296 τοῦ

2027 4337 2296 4395 matrem,
2343 4346 2464 4401 quae
2521 4330 2577 4385 in
2613 4331 2888 4386 oblivione
2933 4331 3109 4401 posita
3161 4341 3280 4396 est,
3335 4332 3601 4402 originem

2029 4423 2284 4487 traxisse,
2309 4439 2470 4492 quam
2500 4423 2804 4479 Aeliamoth
2832 4423 3056 4493 perinde
3091 4431 3150 4477 ut
3177 4423 3268 4477 alii
3302 4431 3600 4494 nuncupat,

2025 4527 2056 4566 a
2088 4529 2193 4582 qua
2233 4513 2489 4583 deinceps
2544 4515 2600 4568 in
2650 4514 2860 4570 defectu
2897 4515 3198 4570 constituta
3227 4523 3353 4569 sunt
3397 4515 3600 4569 omnia.

2031 4600 2132 4656 Sed
2168 4605 2403 4673 amplius
2439 4603 2698 4673 quiddam
2752 4620 2913 4673 quam
2959 4605 3270 4673 superiores
3307 4619 3496 4658 omnes
3545 4602 3602 4656 in

2031 4693 2286 4763 opinione
2324 4709 2422 4750 sua
2460 4695 2662 4764 posuit.
2723 4693 2935 4749 Etenim
2974 4695 3067 4764 qui
3095 4710 3160 4749 ex
3212 4709 3402 4748 eorum
3440 4709 3602 4763 grege

2029 4787 2278 4840 morituri
2333 4795 2480 4850 sunt,
2523 4785 2872 4841 occasionem
2923 4795 3118 4841 nactus
3164 4800 3194 4855 a_
3238 4785 3450 4850 Marco,
3491 4802 3601 4840 non

2028 4877 2217 4934 eodem
2255 4888 2435 4932 tamen
2487 4893 2598 4947 quo
2656 4876 2761 4932 iste
2816 4878 2978 4931 modo
3031 4877 3278 4945 redimit;
3315 4877 3410 4933 sed
3439 4879 3600 4932 aliam

2029 4968 2319 5040 quamdam
2358 4967 2632 5037 ejusmodi
2676 4967 2729 5021 in
2768 4967 3001 5023 salutem
3060 4966 3373 5021 vindicandi
3413 4967 3600 5022 ‘ratio-

2029 5074 2154 5114 nem
2218 5058 2493 5112 observat.
2550 5057 2691 5112 Sunt
2755 5057 2900 5112 enim
2945 5072 3012 5110 ex
3070 5055 3204 5125 ipsis
3256 5056 3446 5126 aliqui,
3505 5057 3599 5126 qui

2027 5151 2208 5206 oleum
2237 5165 2377 5220 aqua
2407 5159 2763 5220 temperatum
2788 5149 2953 5220 capiti
2973 5149 3255 5205 morientis
3268 5158 3561 5220 aspergunt
3581 5165 3595 5214 ;

2029 5252 2365 5314 unguentum
2430 5244 2541 5309 alii,
2605 5242 2750 5314 quod
2809 5242 3218 5314 opobalsamum
3278 5250 3490 5307 vocant,
3545 5249 3598 5296 et

424 5449 441 5482 ³
465 5449 817 5521 'l'ransposita
848 5449 950 5506 ista
973 5457 1118 5505 sunt.
1157 5446 1295 5518 Lege
1323 5449 1527 5519 χεῖρας.
1557 5449 1646 5502 τὸν
1672 5449 1729 5504 δὲ
1751 5448 1921 5503 ἐκατὺ·

2027 5449 2115 5519 ςρθ.
2143 5449 2234 5503 καὶ
2258 5450 2388 5503 ποτε
2419 5451 2544 5521 μέν.

424 5666 536 5735 fl?)
580 5667 986 5737 ,ὶιντρούμειπος
1027 5665 1226 5736 δῆθεν.
1257 5665 1539 5740 Λύτρωσις
1574 5667 1665 5724 illa
1701 5667 1921 5740 baptisn;

2039 5674 2155 5724 erat
2189 5670 2267 5733 εἰς
2301 5666 2564 5740 λύτρωσιν
2598 5668 2897 5740 ἁμαρτιῶν.
