3960 6178
358 314 456 373 655

1775 312 1833 368 S;
1872 303 2220 363 EPIPHANII

3538 300 3646 361 (BG

349 448 575 508 aquam,
606 433 952 490 invocatione
979 431 1205 505 quidem
1259 431 1450 490 eadem
1481 438 1735 496 utuntur,
1775 440 1942 502 quam

2048 421 2393 489 ἐξελθόντος·
2419 421 2472 476 oi.
2502 419 2562 476 δὲ
2595 436 2799 492 μυρον,
2823 419 2885 475 τὸ
2909 419 3203 491 λεγόμενον
3233 418 3639 488 ὀποϐάλσαμον,

350 537 404 581 οι
436 524 676 579 Marcum
695 524 1016 581 adhibuisse
1047 525 1362 592 docuimus,
1402 525 1753 597 paucissimis
1776 536 1943 579 voca-

350 617 494 673 bulis
527 616 824 682 adiunctis.
884 616 960 670 Ea
1007 633 1175 688 porro
1209 627 1293 673 est
1337 617 1695 688 huiusmodi:
1748 614 1941 684 Mesia,

351 708 539 776 upliar,
588 724 972 779 egnamempsae
1026 708 1394 777 menchaldia,
1468 726 1734 774 nossome,
1789 708 1942 772 duce,

349 801 663 870 acpharam,
696 816 940 870 epseuva,
980 800 1111 855 Jesu
1151 803 1403 855 nazaria.
1449 803 1582 868 Quae
1627 798 1853 872 quidem
1878 813 1945 855 eo

348 892 585 947 consilio
644 892 875 958 faciunt,
914 902 973 948 ut
1024 895 1118 966 qui
1173 895 1278 950 sub
1325 895 1534 950 exitum
1567 894 1694 949 vitae
1738 892 1945 949 talibus

348 985 888 1056 comprecationibus
929 987 1207 1067 instructi.
1246 986 1450 1042 fuerint
1498 1000 1625 1041 cum
1683 1000 1826 1056 aqua
1890 993 1947 1040 et

348 1077 492 1139 oleo,
558 1078 674 1132 sive
722 1086 1003 1148 unguento
1061 1078 1415 1145 commistis,
1472 1092 1502 1131 a
1564 1076 1947 1147 superioribus

350 1163 748 1236 principatibus
809 1181 875 1224 ac
918 1167 1287 1238 potestatibus
1352 1167 1599 1223 coerceri
1664 1165 1948 1236 viderique

348 1268 652 1332 nequeant;
705 1270 869 1334 atque
924 1272 985 1318 ut
1035 1263 1266 1320 interior
1306 1263 1555 1336 ipsorum
1613 1263 1779 1318 homo
1812 1277 1946 1318 sur-

347 1369 474 1407 sum
540 1353 715 1425 possit
751 1370 782 1408 a
832 1355 1053 1411 nemine
1115 1363 1449 1427 conspectus
1493 1355 1745 1412 evadere.
1781 1354 1949 1428 264

348 1446 561 1518 Quippe
627 1446 954 1519 corporibus
1016 1447 1137 1504 istis
1238 1454 1467 1504 censent
1543 1463 1668 1503 cum
1734 1447 1947 1517 reliqua

349 1539 502 1594 omni
553 1546 810 1595 creatura
869 1537 1114 1606 relictis,
1160 1537 1442 1595 evolantes
1504 1539 1632 1593 hinc
1696 1538 1944 1609 ipsorum

351 1629 564 1686 animas
593 1629 880 1685 Conditori
898 1629 993 1701 qui
1015 1630 1071 1684 in
1095 1628 1313 1686 defectu
1354 1638 1631 1695 versatur,
1657 1630 1941 1695 assistere,

351 1719 665 1792 ibidemque
714 1720 859 1793 apud
910 1721 1065 1776 illum
1092 1722 1445 1777 commorari.
1485 1719 1594 1778 Sed
1617 1721 1939 1785 interiorem

262 1830 267 1835 δ
349 1812 652 1879 hominem,
689 1813 784 1883 qui
815 1813 998 1867 anima
1028 1813 1149 1885 ipsa
1203 1828 1545 1886 eorporeque
1584 1813 1762 1885 magis
1806 1814 1940 1869 inti-

352 1918 476 1958 mus
513 1911 621 1966 est,
644 1902 813 1958 altius
858 1901 1080 1971 efferri;
1107 1918 1272 1974 quem
1318 1919 1386 1959 ex
1428 1903 1699 1975 superiori
1761 1902 1946 1960 Plero-

353 1999 501 2048 mate
541 1992 852 2047 derivatum
877 1993 1223 2050 existimant.

420 2081 509 2137 Ill.
550 2081 821 2139 Caeterum
848 2100 988 2156 quos
1011 2086 1079 2140 ad
1114 2101 1240 2141 eum
1271 2086 1493 2142 modum
1527 2087 1825 2155 illuserint,
1859 2087 1936 2143 ita

350 2176 631 2232 cohortari
680 2178 879 2233 solent.
930 2177 1054 2244 Ubi,
1094 2178 1374 2251 inquiunt,
1404 2180 1470 2235 ad
1519 2180 1859 2252 principatus
1888 2188 1946 2236 et

352 2275 652 2338 potestates
686 2280 808 2339 post
849 2270 1061 2325 obitum
1105 2271 1364 2336 evolaris,
1406 2279 1681 2328 memento
1721 2271 1838 2327 hate
1864 2271 1943 2326 uti

350 2358 514 2415 verba
545 2358 791 2431 proferas
825 2380 838 2416 :
866 2360 977 2434 Ego
1017 2362 1162 2432 ﬁlius
1193 2380 1226 2415 a
1255 2361 1442 2429 Patre,
1484 2373 1620 2418 eteo
1651 2361 1833 2427 Patre,
1854 2362 1946 2434 qui

349 2462 473 2507 ante
503 2469 681 2508 omnes
719 2456 948 2521 exsistit,
986 2472 1047 2508 ac
1083 2457 1333 2524 prwsenli
1368 2465 1597 2525 tempore
1628 2455 1773 2525 [ilius
1804 2454 1941 2519 veni,

353 2552 410 2597 ut
438 2544 618 2598 omnia
674 2553 781 2599 tam
826 2545 1022 2605 aliena,
1053 2562 1213 2616 quam
1259 2546 1469 2615 privata
1512 2562 1800 2609 cernerem,
1850 2559 1944 2598 nec

353 2634 562 2687 omnino
594 2643 771 2688 tamen
801 2634 1016 2698 aliena;
1056 2634 1147 2689 sed
1180 2634 1250 2689 ad
1279 2635 1572 2691 Achamoth
1601 2636 1940 2706 pertinentia,

351 2740 470 2795 qua:
484 2741 601 2778 cum
632 2725 830 2795 femina
856 2727 946 2789 sit,
977 2724 1080 2781 sibi
1105 2727 1210 2781 ista
1239 2725 1547 2797 fabricavit.
1590 2725 1752 2797 Origo
1783 2740 1943 2795 porro

353 2832 469 2871 mea
491 2825 570 2871 est
602 2815 667 2871 ab
695 2833 755 2871 eo
788 2817 968 2885 ducta,
999 2820 1090 2891 qui
1134 2828 1257 2873 ante
1288 2834 1467 2874 omnes
1498 2818 1734 2883 exsistit,
1781 2832 1945 2886 eoque

353 2924 588 2973 rursum,
628 2908 766 2964 unde
788 2919 935 2965 ortus
976 2928 1115 2979 sum,
1136 2910 1424 2984 regredior.
1467 2909 1601 2977 Qute
1629 2925 1754 2965 cum
1789 2908 1945 2964 dixe-

352 3001 443 3064 rit,
463 2999 695 3057 subinde
735 3016 765 3055 e
798 3003 1159 3071 potestatibus
1185 3011 1453 3074 ereptum,
1482 3001 1551 3058 ad
1565 3001 1941 3066 Conditorem,

2049 517 2145 572 καὶ
2185 514 2355 587 ὕδωρ·
2398 514 2500 588 τὴν
2530 515 2713 586 μέντοι
2743 514 3033 587 ἐπίκλησιν
3073 514 3260 587 κοινὴν
3287 514 3527 585 ἔχοντες,
3564 515 3642 580 ὥς

2045 608 2110 683 δὴ
2137 610 2232 665 καὶ
2255 611 2283 664 ὁ
2304 609 2413 680 πρὸ
2437 606 2604 663 αὐτοῦ
2621 607 2849 680 Μάρκος
2874 607 3133 674 ἐποιεῖτο,
3161 607 3299 680 μετὰ
3321 604 3642 680 προσθήκης

2045 704 2211 757 τινῶν
2243 702 2551 774 ὀνομάτων.
2591 701 2657 756 Ἥ
2689 700 2748 756 δὲ
2783 700 3075 773 ἐπίκλησίς
3119 702 3267 755 ἐστιν
3311 700 3487 773 αὕτη·
3524 703 3643 755 Meo

2046 795 2154 849 σία
2177 833 2192 857 ,
2224 793 2420 865 οὐφὰρ
2444 832 2460 859 ,
2505 793 2859 864 ἐγναμσμψὰ
2878 834 2893 858 ,
2914 793 3282 864 μενχαλδία,
3321 795 3603 864 νοσσομὴ
3621 835 3638 859 ,

2047 885 2226 949 casn,
2256 883 2535 955 ἀκςραρὰν
2556 926 2572 953 ,
2603 885 2902 953 ἐψευούα,
2942 878 3140 953 Ἰησοῦ
3166 883 3428 957 rumpia.
3466 883 3641 941 Τοῦτο

2045 976 2102 1031 δὲ
2134 976 2402 1046 ποιοῦσιν,
2445 978 2533 1031 ἵνα
2570 976 2731 1048 δῆθεν
2758 978 2808 1031 οἱ
2838 978 3210 1049 λαμϐάνοντες
3238 977 3332 1031 ἐπὶ
3371 980 3437 1051 τῇ
3472 978 3640 1049 ἐξόδῳ

2047 1069 2254 1135 ταύτας
2308 1069 2410 1134 τὰς
2456 1070 2817 1142 ἐπικλήσεις,
2860 1069 2962 1135 τὰς
2997 1071 3137 1143 μετὰ
3176 1069 3272 1125 τοῦ
3312 1070 3505 1135 ὓδατος
3542 1074 3639 1125 καὶ

2048 1159 2229 1213 ἐλαίου
2251 1198 2266 1224 ,
2299 1160 2419 1232 ἦτοι
2451 1158 2649 1232 μύρου,
2685 1160 3172 1232 ἀναμεμιγμένων,
3205 1161 3505 1233 ἀκράτητοι
3543 1162 3641 1231 γέο

2047 1267 2267 1318 νωνται,
2302 1251 2397 1304 καὶ
2430 1251 2651 1323 ἀόρατοι
2679 1253 2801 1315 ταῖς
2835 1252 2949 1306 ἄνω
2976 1252 3173 1324 ἀρχαῖς
3212 1254 3308 1307 καὶ
3330 1253 3638 1320 ἐξουσίαις,

2047 1344 2128 1408 εἰς
2152 1343 2215 1397 τὸ
2238 1342 2545 1417 ὑπερϐῆναι
2574 1344 2825 1417 ἀοράτως
2866 1346 2960 1399 τὸν
2984 1345 3299 1400 ἔσω-αὑτῶν
3324 1346 3636 1419 ἄνθρωπον,

2049 1436 2234 1505 φασὶν,
2264 1436 2341 1501 ὡς
2367 1437 2477 1490 τῶν
2501 1437 2772 1508 σωμάτων
2799 1437 3005 1492 τούτων
3051 1437 3109 1492 ὲν
3150 1441 3216 1511 τῇ
3249 1438 3424 1493 κτίσει
3463 1457 3637 1494 κατα-

2047 1525 2498 1597 λιμπανομένων·
2531 1528 2632 1600 τῆς
2682 1527 2741 1581 δὲ
2768 1528 2951 1600 ψυχῆς
3000 1528 3179 1583 αὐτῶν
3221 1529 3636 1602 παρισταμένης

2046 1619 2126 1691 τῷ
2180 1619 2513 1692 Δημιουργῷ
2564 1620 2676 1675 ἅνω
2708 1621 2808 1691 ’τῷ
2858 1622 2918 1676 ὲν
2965 1622 3311 1693 ὑστερήματι
3360 1623 3634 1691 γεγονότι,

2047 1710 2188 1766 ὥστε
2221 1711 2317 1766 καὶ
2353 1713 2532 1767 ἐκεῖσε
2579 1714 2906 1785 καταμένειν
2946 1716 3077 1788 παρ’
3123 1714 3295 1787 αὐτῷ.
3335 1715 3640 1786 Ὑπερανα-

2047 1800 2254 1856 ϐαίνειν
2286 1800 2379 1868 δὲ,
2413 1802 2490 1867 ὡς
2527 1801 2666 1875 ἔφην
2689 1842 2704 1866 ,
2739 1803 2832 1857 τὸν
2881 1802 2991 1858 ἔσω
3035 1804 3322 1874 ἄνθρωπον
3367 1802 3639 1874 ἐσώτερον

2045 1892 2224 1969 ψυχῆς
2263 1894 2359 1948 καὶ
2398 1892 2651 1966 σώματος
2672 1911 2687 1926 ο
2726 1894 2786 1949 ὃν
2832 1894 2899 1967 δὴ
2950 1894 3165 1951 θέλουσι
3205 1895 3389 1967 λέγειν
3431 1896 3498 1958 ὲκ
3540 1893 3638 1949 τοῦ

2045 1984 2252 2039 ἄνωθεν
2281 1983 2660 2057 Πληρώματος
2691 1985 3137 2056 κατεληλυθέναι.

2116 2077 2190 2131 Γ’.
2245 2076 2658 2147 Ἐγκελεύονται
2701 2077 2758 2131 δὲ
2809 2079 2924 2142 τοῖς
2960 2076 3103 2132 οὕτω
3141 2078 3274 2150 παρ’
3305 2077 3493 2143 αὐτοῖς
3540 2078 3641 2151 ἒμ-

2047 2169 2471 2241 πεπαιγμένοις,
2512 2169 2596 2223 ὅτι
2624 2168 2789 2241 φησίν
2809 2187 2821 2201 ’
2852 2169 2979 2223 Ἐὰν
3005 2169 3168 2241 ἔλθῃς
3197 2171 3291 2224 ἐπὶ
3322 2170 3425 2235 τὰς
3461 2172 3639 2244 ἀρχὰς

2047 2261 2142 2315 καὶ
2190 2261 2474 2329 ἐξουσίας,
2507 2261 2598 2334 ἔχε
2642 2262 2700 2315 ὲν
2737 2263 2930 2337 μνήμῃ
2970 2261 3097 2316 τάδε
3147 2264 3322 2317 εἰπεῖν
3368 2263 3509 2334 μετά
3538 2263 3639 2335 τὴν

2047 2353 2297 2409 ἐντεῦθεν
2321 2355 2610 2427 τελευτήν*
2651 2353 2800 2425 Ἐγὼ
2822 2356 2952 2421 υίὸς
2981 2355 3099 2410 ἀπὸ
3127 2354 3378 2424 Πατρός,
3408 2355 3638 2425 Πατρός

2046 2450 2341 2516 προόντος
2363 2486 2379 2513 ,
2403 2447 2535 2514 υἱὸς
2563 2446 2634 2500 δὲ
2670 2446 2742 2501 ἐν
2782 2445 2864 2512 τῷ
2892 2447 3143 2516 παρόντι
3163 2487 3178 2513 ,
3212 2443 3409 2519 ἦλθον
3441 2449 3640 2503 πάντα

2051 2540 2199 2594 ἰδεῖν
2232 2538 2304 2593 τὰ
2337 2538 2629 2607 ἀλλότρια
2661 2538 2758 2593 καὶ
2792 2540 2866 2593 τὰ
2892 2538 3047 2593 ιδιαο
3072 2539 3169 2594 καὶ
3193 2541 3307 2594 οὐκ
3343 2541 3637 2609 ἀλλότρια

2047 2631 2115 2687 δὲ
2143 2630 2454 2698 παντελῶς
2471 2673 2488 2698 ,
2526 2631 2688 2686 ἀλλὰ
2711 2630 2823 2700 τῆς
2865 2633 2923 2686 Ἀ
2928 2631 3134 2704 χαμὼο
3153 2672 3169 2698 ,
3200 2632 3334 2702 ἣτις
3362 2632 3497 2688 ἐστὶ
3520 2633 3639 2701 θή-

2046 2728 2215 2792 λεια,
2271 2723 2371 2778 καὶ
2417 2722 2607 2778 ταῦτα
2633 2723 2821 2793 ἑαυτῇ
2856 2724 3416 2801 ἐποίησε.ιΚατάτω
3463 2724 3532 2779 δὲ
3569 2727 3636 2780 τὸ

2048 2815 2224 2887 γένος
2249 2817 2318 2872 ἐκ
2344 2815 2451 2870 τοῦ
2478 2818 2771 2886 προόντος
2795 2856 2812 2886 ,
2842 2815 2942 2872 καὶ
2974 2818 3301 2888 πορεύομαι
3328 2817 3517 2873 πάλιν
3550 2821 3639 2886 εις

2048 2909 2122 2963 τὰ
2160 2908 2315 2974 ἴδια,
2347 2908 2487 2963 ὅθεν
2517 2907 2812 2978 ἐλήλυθα.
2860 2910 2971 2963 Καὶ
3020 2908 3195 2964 ταῦτα
3229 2910 3485 2976 εἰπόντα,
3523 2910 3640 2965 δια-

2050 3003 2275 3072 φεύγειν
2304 3002 2404 3067 τὰς
2439 3001 2711 3070 ἐξουσίας,
2735 3001 2993 3074 ἔρχεσθαι
3027 3004 3084 3057 δὲ
3107 3004 3201 3058 ἐπὶ
3227 3005 3354 3070 τοὺς
3390 3006 3519 3071 περὶ
3545 3005 3639 3057 τὸν

352 3091 583 3163 ejusque
642 3092 938 3162 stipatores
1005 3091 1253 3163 adusque
1313 3093 1546 3164 primam
1623 3090 1938 3164 Ogdoadem

2050 3092 2393 3165 Δημιουργὸν
2429 3092 2544 3147 ἄνω
2580 3092 2712 3165 περὶ
2756 3092 2856 3164 τὴν
2903 3093 3126 3166 πρώτην
3178 3097 3459 3163 Ὀγδοάδα.
3508 3096 3641 3150 Βού-

351 3179 559 3238 cli‘erri.
592 3180 878 3251 Siquidem
932 3188 1058 3251 post
1115 3180 1433 3237 Creatorem
1468 3181 1633 3237 etiam
1671 3180 1763 3237 isti
1794 3180 1938 3237 infe-

353 3273 557 3329 riorem
609 3287 733 3328 esse
800 3272 993 3327 volunt
1061 3271 1493 3337 hebdomadam,
1544 3273 1835 3344 ipsumque
1884 3275 1941 3328 in

356 3362 672 3432 septenario
728 3370 978 3423 octavum
1009 3376 1152 3426 esse,
1203 3361 1298 3417 sed
1337 3362 1393 3416 in
1428 3361 1644 3418 defectu
1679 3369 1734 3417 et
1779 3364 1939 3433 igno-

356 3451 536 3507 rantia
595 3454 976 3507 constitutmn.
1001 3450 1207 3507 Jubent
1237 3452 1402 3523 igitur
1432 3468 1581 3519 eum,
1609 3453 1701 3524 qui
1731 3448 1795 3508 ex
1839 3455 1944 3511 hac

356 3542 469 3596 vita
497 3541 834 3606 discesserit,
867 3541 1184 3598 Creatorem
1242 3543 1473 3614 ejusque
1527 3546 1760 3601 comites
1794 3545 1939 3600 hunc

358 3635 415 3689 in
434 3633 655 3689 modum
688 3634 930 3705 alloqui:
970 3631 1080 3690 Vas
1112 3649 1215 3706 ego
1259 3650 1380 3690 sum
1415 3635 1714 3706 pretiosum
1746 3639 1940 3710 magis,

359 3740 523 3796 quam
579 3725 780 3781 femina
829 3727 922 3781 illa
956 3741 1079 3798 quae
1119 3741 1216 3782 vos
1271 3727 1537 3782 condidit.
1573 3726 1629 3782 Si
1695 3733 1937 3785 radicem

359 3832 515 3874 suam
549 3827 732 3875 vestra
762 3827 935 3875 mater
994 3820 1231 3890 ignorat,
1251 3835 1353 3891 ego
1390 3821 1518 3875 novi
1544 3835 1631 3875 me
1659 3823 1859 3892 ipsum,
1889 3830 1946 3878 et

358 3908 505 3965 unde
535 3908 639 3964 sim
670 3909 824 3975 scio;
852 3917 1020 3981 atque
1075 3909 1452 3980 incorruptam
1483 3912 1813 3984 sapientiam
1851 3914 1942 3968 in-

356 4009 515 4061 voco,
557 4011 680 4067 qua:
709 3997 853 4053 inest
884 3998 936 4053 in
967 3990 1148 4062 Patre,
1189 4001 1496 4071 matrisque
1540 4009 1741 4058 vestrae
1768 4013 1945 4060 mater

355 4098 462 4155 est,
486 4089 609 4160 ejus
647 4107 770 4162 quae
808 4100 1038 4147 matrem
1073 4108 1185 4148 non
1216 4094 1401 4157 habet.
1435 4110 1501 4148 ac
1531 4111 1600 4151 ne
1646 4090 1941 4167 conjugem

356 4180 586 4250 quidem
649 4198 890 4251 marem;
933 4185 1028 4240 sed
1073 4200 1105 4241 e
1149 4186 1354 4242 femina
1413 4194 1540 4240 nata
1586 4187 1786 4243 femina
1847 4204 1945 4246 vos

357 4273 651 4343 produxit.
694 4276 887 4332 matris
927 4277 1117 4348 ignara
1169 4293 1318 4344 suae,
1368 4295 1537 4350 seque
1595 4295 1719 4337 esse
1765 4282 1942 4337 solam

353 4363 705 4419 existimans.
732 4367 801 4418 At
843 4382 943 4437 ego
987 4374 1218 4423 matrem
1274 4369 1395 4440 ejus
1452 4372 1684 4442 appello.
1731 4372 1944 4440 Quibus

2047 3185 2230 3240 λονται
2254 3185 2364 3258 γὰρ
2391 3188 2486 3240 καὶ
2509 3186 2665 3240 αὐτοὶ⁸
2701 3186 2838 3258 μετὰ
2863 3187 2955 3240 τὸν
2993 3189 3339 3260 Δημιουργὸν
3371 3189 3526 3245 κάτω
3556 3186 3638 3243 εἶ-

2047 3295 2133 3332 ναι
2158 3276 2431 3348 ὲῦδομάδα
2454 3294 2468 3308 ·
2514 3277 2679 3332 αὐτὸν
2704 3277 2760 3331 δὲ
2791 3273 2933 3333 εἶναι
2971 3280 3029 3333 ὲν
3061 3279 3139 3352 τῷ
3167 3280 3384 3354 ἑϐδόμῳ
3426 3283 3637 3352 ὄγδοον,

2049 3372 2106 3423 ἐν
2158 3371 2496 3442 ὑστερήματι
2542 3370 2600 3424 δὲ
2632 3372 2727 3425 καὶ
2759 3371 3039 3445 ἀγνωσία·
3074 3375 3171 3428 καὶ
3202 3373 3385 3444 λέγειν
3429 3378 3493 3430 ὲκ
3530 3376 3639 3430 τῶν

2044 3462 2142 3517 τοῦ
2174 3462 2292 3534 βίου
2323 3461 2608 3527 ἐξελθόντα
2631 3466 2745 3530 τοῖς
2768 3465 2900 3536 περὶ
2922 3467 3012 3519 τὸν
3034 3467 3378 3540 Δημιουργόν
3401 3485 3416 3499 ·
3437 3468 3640 3534 Σκεῦός

2047 3554 2163 3625 εἰμι
2181 3552 2417 3625 ἔντιμον,
2442 3554 2644 3625 μᾶλλον
2671 3555 2824 3628 παρὰ
2848 3561 2947 3628 τὴν
2969 3557 3188 3629 θήλειαν
3206 3558 3306 3631 τὴν
3333 3552 3637 3634 ποιήσασαν
3697 3588 3703 3601 ι

2048 3646 2212 3716 ὑμᾶς.
2249 3646 2312 3699 Ei
2350 3647 2384 3718 ή
2419 3648 2603 3719 μήτηρ
2632 3647 2787 3719 ὑμῶν
2832 3649 3020 3716 ἀγνοεῖ
3060 3651 3160 3722 τὴν
3202 3650 3411 3723 ἑαυτῆς
3458 3652 3634 3725 ῥίζαν,

2049 3736 2160 3805 ἐγὼ
2187 3732 2303 3791 οἶδα
2330 3737 2588 3808 ἐμαυτὸν,
2618 3739 2713 3793 καὶ
2740 3739 2996 3809 γινώσκω
3024 3740 3147 3796 ὅθεν
3177 3742 3294 3814 εἰμί
3316 3761 3330 3775 ι
3382 3743 3481 3797 καὶ
3518 3748 3637 3799 ἐπι-

2048 3828 2323 3903 καλοῦμαι
2361 3830 2461 3904 τὴν
2498 3830 2774 3904 ἄφθαρτον
2807 3833 3044 3904 Σοφίαν,
3100 3835 3223 3906 ἥτις
3263 3837 3415 3891 ἐστὶν
3451 3839 3512 3893 ὲν
3554 3838 3634 3910 τῷ

2046 3923 2242 3994 Πατρὶ,
2278 3924 2464 3996 μήτηρ
2504 3924 2563 3978 δὲ
2600 3925 2700 3996 τῆς
2740 3926 2948 3998 μητρὸς
2973 3925 3127 3999 ὑμῶν
3155 3930 3256 4000 τῆς
3288 3929 3363 4000 μὴ
3403 3929 3635 4002 ὲχοιῖσης

2049 4016 2290 4088 μητέρα,
2345 4015 2462 4070 ἀλλ’
2507 4015 2630 4070 οὔτε
2660 4016 2891 4087 σύζυγον
2940 4016 3178 4091 ἄρρενα·
3219 4018 3410 4092 Θήλεια
3436 4021 3493 4074 δὲ
3531 4023 3635 4076 ύπδ

2047 4107 2268 4181 Θηλεῑσις
2292 4108 2561 4179 γενομένη
2599 4107 2857 4181 ἐποίησεν
2885 4110 3064 4179 ὑμᾶς,
3106 4110 3377 4180 ἀγνοοῦσα
3408 4111 3503 4165 καὶ
3535 4113 3633 4184 τὴν

2050 4201 2263 4273 μητέρα
2291 4203 2486 4274 αὐτῆς,
2513 4202 2608 4256 καὶ
2634 4200 2869 4257 δοκούσα
2892 4201 3091 4274 ἑαυτὴν
3113 4199 3253 4257 εἶναι
3282 4204 3474 4275 μόνην.
3493 4203 3635 4274 Ἐγὼ

2043 4293 2104 4348 δὲ
2133 4292 2502 4365 ἐπικαλοῦμαι
2539 4293 2710 4363 αὐτῆς
2741 4293 2842 4353 τὴν
2878 4294 3111 4368 μητέρα.
3141 4295 3409 4362 Τούτους¹
3432 4298 3490 4351 δὲ
3510 4300 3634 4362 τοὺς

2046 4387 2179 4459 περὶ
2211 4386 2303 4441 τὸν
2333 4388 2406 4458 Δη
2416 4385 2676 4458 μιουργὺν
2719 4385 3060 4452 ἀκούσαντας
3104 4390 3310 4461 σφόδρα
3365 4392 3634 4463 ταραχθῆ.

357 4455 568 4511 auditis
595 4457 875 4515 Creatoris
904 4459 1200 4515 factionem
1225 4476 1556 4534 magnopere
1604 4465 1942 4536 perturbari,

2050 4455 2159 4544 ναι,
2192 4481 2285 4535 καί
2310 4455 2654 4548 καταγνῶναι
2683 4477 2864 4533 αὐτῶν
2884 4479 2984 4551 τῆς
3008 4455 3182 4551 ῥίζης,
3208 4455 3303 4536 καὶ
3324 4483 3420 4537 τοῦ
3432 4455 3633 4554 ’γένους

358 4555 526 4620 atque
552 4549 820 4621 originem
851 4567 1033 4621 suam,
1060 4555 1364 4626 matrisque
1415 4556 1680 4614 damnare
1730 4575 1938 4629 genus;

359 4641 538 4712 ipsum
565 4657 696 4697 vero
729 4644 824 4715 qui
857 4644 962 4700 ista
993 4642 1215 4711 dixerit,
1246 4646 1477 4716 abiectis
1508 4650 1746 4708 vinculis
1799 4653 1937 4721 suis,

301 4798 306 4803 _
355 4744 413 4791 et
442 4737 656 4809 angelo,
704 4737 821 4794 sive
870 4738 1075 4807 anima,
1110 4743 1388 4812 propriam
1439 4743 1496 4798 in
1520 4744 1707 4801 sedem
1756 4752 1940 4802 trans-

358 4826 508 4887 ferri.
573 4828 906 4886 Existimant
933 4832 1081 4887 enim
1147 4837 1451 4890 secundum
1497 4850 1702 4908 corpus
1731 4844 1786 4894 et
1816 4838 1943 4893 ani-

355 4933 502 4974 mam
529 4922 750 4977 tertium
793 4923 1057 4994 quiddam
1109 4925 1166 4981 in
1202 4926 1427 4983 homine
1454 4929 1708 4999 reperiri.
1759 4930 1941 5002 Atque

356 5012 474 5066 haec
509 5022 798 5085 sunt,qute
833 5015 902 5072 de
939 5017 1160 5072 illorum
1213 5019 1593 5092 redemptione
1627 5022 1941 5093 comperire

356 5106 657 5177 potuimus.

432 5196 521 5252 IV.
550 5195 724 5254 Porro
753 5201 1007 5272 quisquis
1035 5202 1250 5274 judicio
1266 5205 1432 5272 valet,
1466 5206 1559 5261 ubi
1585 5207 1940 5266 inanissimas

360 5290 525 5347 hasce
551 5306 727 5362 nugas
758 5293 1016 5361 audierit,
1058 5296 1139 5352 sic
1170 5305 1429 5369 tanquam
1469 5300 1669 5357 mimos
1698 5299 1943 5359 fabulas-

358 5398 468 5451 que
507 5382 731 5439 ridebit.
760 5383 878 5440 Hoc
915 5388 1061 5442 enim
1092 5388 1310 5445 illorum
1344 5393 1580 5463 quisque
1605 5395 1859 5465 suscipit,
1882 5402 1942 5450 ut

363 5473 434 5528 ab
458 5475 688 5531 aliorum
723 5475 978 5549 dogmate
1014 5477 1293 5539 diversum
1338 5486 1596 5557 quiddam
1632 5502 1731 5557 pro
1752 5488 1944 5545 volun-

364 5566 493 5622 tatis
516 5584 631 5625 suze
655 5570 883 5628 libidine
907 5574 1148 5639 sentiat;
1179 5593 1279 5634 nec
1311 5580 1420 5636 ulla
1449 5596 1537 5640 res
1562 5581 1724 5654 265
1759 5581 1942 5655 ipsum

448 5722 465 5752 ⁸
494 5720 556 5777 F.
584 5723 792 5783 τούτου.
867 5732 887 5761 ⁸
922 5729 1078 5786 Cotr.
1111 5733 1353 5804 ἐλήλυθε.

2046 4573 2148 4644 τῆς
2201 4571 2437 4645 μητρόςο
2474 4570 2636 4626 αὐτὸν
2685 4571 2743 4625 δὲ
2791 4571 3123 4644 πορευθῆναι
3156 4575 3237 4638 εἰς
3279 4574 3350 4629 τὰ
3381 4577 3510 4644 ἴδια,
3552 4577 3631 4651 ῥί-

2046 4664 2227 4735 ψαντα
2263 4663 2356 4717 τὸν
2383 4663 2579 4734 δεσμὸν
2608 4662 2798 4729 αὐτοῦ,
2839 4664 2934 4718 καὶ
2965 4665 3060 4719 τὸν
3092 4663 3344 4735 ἄγγελον,
3385 4670 3634 4725 τουτέστι

2046 4753 2148 4826 τὴν
2188 4752 2389 4826 ψυχήν.
2418 4753 2637 4808 Οῐονται
2677 4754 2777 4826 μὲν
2816 4754 2926 4826 γὰρ
2967 4757 3107 4826 μετὰ
3137 4757 3296 4830 σῶμα
3333 4762 3429 4814 καὶ
3456 4760 3634 4834 ψυχὴν

2046 4839 2188 4898 εἶναι
2215 4862 2268 4899 τι
2300 4845 2396 4900 καὶ
2429 4845 2617 4919 ἕτερον
2663 4847 2721 4899 ὲν
2752 4845 3047 4919 ἀνθρώπῳ.
3081 4850 3193 4903 Καὶ
3236 4853 3367 4923 περὶ
3401 4853 3503 4926 μὲν
3533 4854 3633 4925 τῆς

2047 4933 2482 5026 ἀπολυτρώσεως
2519 4935 2694 4991 ταῦτά
2726 4938 2876 4992 ἐστιν
2907 4939 3009 4995 ὅσα
3041 4942 3119 5006 ei;
3152 4943 3302 5013 ἡμᾶς
3345 4945 3632 5018 συνεληλύ-

2044 5026 2216 5100 θαμεν
2232 5029 2272 5081 ⁸.

2116 5210 2192 5266 Δ’.
2228 5211 2289 5264 Oi
2316 5209 2373 5263 δὲ
2403 5209 2650 5278 συνετοὶ,
2686 5213 3130 5280 κατακούσαντες
3168 5216 3269 5289 τῆς
3318 5220 3631 5290 περισσοτέ-

1994 5354 1998 5358 .
2048 5321 2151 5377 ρας
2190 5304 2371 5359 αὐτῶν
2414 5304 2643 5379 χλεύης,
2677 5308 3099 5379 καταγελάσειεν
3131 5309 3232 5381 τῆς
3267 5311 3625 5382 μιμολογῐας,

2045 5395 2121 5459 ὡς
2155 5396 2386 5460 ἕκαστος
2412 5397 2592 5452 αὐτῶν
2616 5399 2781 5471 ἕτερα
2807 5400 2961 5473 παρὰ
2988 5400 3082 5455 τὸν
3112 5401 3300 5472 ἕτερον
3327 5402 3623 5476 νομοθετεῖ,

2045 5490 2122 5556 ὡς
2166 5488 2416 5557 βούλεται
2439 5533 2455 5558 ,
2493 5493 2586 5548 καὶ
2616 5493 2720 5565 τῆς
2746 5494 2953 5567 τόλμης
2980 5494 3174 5550 ἑαυτοῦ
3200 5494 3301 5551 οὐκ
3325 5493 3628 5552 ἀνακόπτε-

2046 5598 2137 5651 ται
2157 5597 2170 5614 ο
2205 5581 2341 5639 ἀλλὰ
2365 5583 2576 5655 ὅσαπερ
2605 5582 2832 5641 δύναται
2862 5584 3093 5651 ἕκαστος
3124 5588 3349 5642 ἐπινοεῖ.
3381 5585 3492 5640 Καὶ
3518 5583 3624 5641 τῶν
