3950 6164
315 262 432 317 657

1003 267 1373 329 ADVERSUS
1397 272 1740 331 HERESES
1776 275 1905 333 LIB.

2020 278 2184 338 ΤΟΜ.
2220 280 2387 340 ΙΙΙ.-
2410 282 2682 343 Πλειυεε.
2725 285 2961 344 XXXVI.

3476 296 3583 357 638

314 370 405 426 ἐτι
432 373 512 476 είς
539 372 698 476 δεῦρο
725 378 1082 450 γεννωμένων
1114 384 1245 454 παρ’
1277 385 1462 450 αὐτοῖς
1492 387 1589 442 καὶ
1616 390 1913 471 ἐπιφυομέ-

2018 407 2046 446 a
2080 402 2232 451 tanta
2255 397 2562 455 temeritate
2581 397 2885 470 deterreat;
2919 400 3015 456 sed
3036 415 3379 473 quaecunque
3407 413 3583 476 potest

316 480 431 519 νων
451 464 503 518 οί
531 465 654 521 καθ’
688 469 902 542 ἡμέραν
932 472 1247 545 εὑρίσκουσί
1277 492 1333 531 τι
1365 479 1554 534 καινὸν
1584 464 1780 549 εἰπεῖν,
1814 484 1910 538 καὶ

318 558 597 627 φαντάσαι
624 562 754 626 τοὺς
786 564 1183 637 ἐπαγομένους,
1212 568 1453 639 χαλεπόν
1477 572 1594 627 ἐστι
1623 574 1801 629 πάντα
1837 575 1911 630 τά

317 650 531 707 τούτων
564 651 855 728 ζητῆσαιῆ
885 655 1141 720 ἐξειπεῖν.
1172 660 1335 714 Ὅθεν
1365 664 1774 736 ἀρκεσθήσομαι
1806 667 1913 721 πά-

319 741 409 795 λιν
443 746 556 808 τοῖς
586 745 684 800 καὶ
727 747 857 817 περὶ
892 748 1098 821 ταύτης
1125 750 1227 821 τῆς
1265 754 1532 824 αἱρέσεως
1564 756 1909 829 εἰρημένοις,

322 833 487 886 ἅτινα
530 834 626 887 καὶ
661 835 743 899 είς
783 837 931 906 ἡμᾶς
957 833 1123 909 ἢλθεν
1157 840 1453 908 ὑποδεῖξαι.
1498 843 1562 896 Ἦ
1593 843 1650 896 δέ
1685 845 1908 917 τοιαύτη

318 921 641 977 διδασκαλία
665 924 771 979 τίνι
792 926 893 981 οὐκ
924 927 992 982 ἂν
1019 930 1199 1002 σαφὴς
1222 931 1330 1003 εἴη,
1360 934 1437 999 ὡς
1472 933 1643 1004 μῦθός
1668 937 1785 990 ἐστι
1813 937 1910 991 καὶ

320 1012 493 1085 χλεύη
536 1014 597 1067 τὸ
632 1017 773 1081 trav;
806 1016 978 1075 Πόθεν
1008 1021 1155 1092 γὰρ,
1204 1017 1250 1076 ὦ
1302 1019 1460 1088 οὗτος
1504 1015 1669 1097 σὺ’,ἢ
1712 1029 1764 1080 oi
1806 1028 1911 1098 πρὸ

323 1102 448 1168 σοῦ,
477 1105 540 1158 τὸ
566 1105 727 1177 σῶμα
767 1108 1061 1179 είλήφατε;
1090 1111 1190 1183 τὴν
1215 1113 1273 1167 δὲ
1303 1114 1482 1187 ψυχὴν
1512 1114 1703 1184 πόθεν;
1735 1118 1827 1171 τὸν
1854 1119 1927 1172 δέ.

322 1194 598 1249 ἐσώτατόν
630 1212 723 1250 σω
753 1198 1038 1270 ἄνθρωπον
1085 1202 1285 1270 πόθεν;
1322 1207 1433 1261 Καὶ
1462 1209 1510 1262 εί
1558 1208 1658 1279 μὲν
1706 1210 1911 1267 ἀνωθεν

320 1287 440 1341 ἀπὸ
469 1287 563 1341 τοῦ
590 1288 703 1342 ἀνω
735 1292 1126 1362 πνευματικοῦ,
1146 1294 1224 1359 ὡς
1248 1296 1427 1366 λέγεις
1450 1299 1908 1374 δραματουργῶν,

286 1400 289 1407 ·
322 1377 425 1430 καὶ
454 1378 754 1450 ἐπαγγελίᾳ
782 1380 996 1445 ἐλπίδος
1020 1384 1321 1453 κεπφώσας
1350 1390 1478 1453 τοὺς
1506 1390 1610 1445 ὑπὸ
1644 1392 1740 1445 σοῦ
1775 1395 1913 1463 ἡπα-

320 1468 617 1540 τημένους,
648 1468 735 1523 ίνα
760 1468 947 1542 σκοπῷ
973 1487 1081 1525 τινι
1110 1475 1440 1548 ἐπαρθέντες
1468 1480 1782 1553 ὑποσύρωσι
1802 1483 1819 1514 ¹
1841 1484 1908 1554 τῇ

324 1561 395 1630 σῇ
432 1560 837 1633 γεγοητευμένῃ
869 1561 1283 1637 δραματουργία
1304 1582 1322 1600 ο
1354 1566 1503 1636 λέγε,
1541 1569 1627 1635 τίς
1657 1571 1690 1642 ή
1721 1588 1912 1626 κοινω-

328 1650 416 1704 νία
456 1651 549 1704 τοῦ
580 1651 695 1705 ἀνω
732 1652 1103 1722 πνευματικοῦ
1138 1656 1275 1726 πρὸς
1306 1655 1367 1709 τὸ
1396 1657 1620 1725 ύλικόν;
1658 1662 1741 1726 τίς
1772 1662 1829 1716 δὲ
1873 1663 1907 1734 ἡ

317 1738 422 1792 τοῦ
464 1738 650 1795 ὑλικοῦ
695 1741 832 1813 πρὸς
871 1743 934 1795 τὸ
958 1742 1223 1814 ψυχικόνς
1267 1746 1386 1811 πῶς
1412 1746 1469 1801 δέ
1497 1749 1525 1800 ό
1569 1751 1909 1823 Δημιουργὸς
1941 1735 1981 1791 Β

320 1830 396 1884 τά
428 1831 504 1903 μὴ
536 1831 729 1885 ἑαυτοῦ
761 1832 1147 1905 ἐδημιούργει;
1181 1835 1300 1900 πῶς
1338 1834 1396 1889 δὲ
1427 1839 1456 1891 6
1500 1837 1612 1893 ἀνω
1643 1840 1740 1913 τὴν
1777 1845 1909 1916 παρ’

319 1920 495 1975 αὐτοῦ
539 1921 766 1994 δύναμιν
815 1924 1197 1997 πνευματικὴν
1246 1928 1487 1999 παρέσχε
1518 1930 1599 2001 τῷ
1629 1932 1705 2003 μὴ
1734 1934 1912 1999 καλῶς

324 2013 688 2085 ἐργασαμένῳ
732 2014 1093 2086 Δημιουργῷ;
1137 2015 1309 2070 Πόθεν
1354 2017 1413 2070 δὲ
1475 2021 1506 2072 6
1549 2021 1911 2093 Δημιουργὺς,

320 2104 594 2176 ἀναμίξας
624 2105 686 2159 τὸ
734 2104 928 2158 ἐαυτοῦ
966 2106 1196 2176 ψυχικὸν
1242 2108 1381 2178 μετά
1428 2109 1523 2165 τοῦ
1574 2111 1798 2177 ὑλικοῦ,
1843 2115 1909 2185 τῇ

324 2195 430 2266 ὕλῃ
461 2195 661 2266 μᾶλλον
687 2194 951 2265 ἠθέλησεν
981 2196 1351 2268 ἐγκαταδῆσαι
1384 2197 1486 2269 τὴν
1513 2200 1706 2253 ἑαυτοῦ
1750 2201 1914 2256 δύνα-

327 2302 458 2356 μιν;
484 2288 547 2340 Et
564 2287 621 2341 δὲ
647 2286 746 2357 τὴν
770 2286 965 2341 ἐαυτοῦ
989 2286 1219 2358 δύναμιν
1244 2287 1490 2358 βούλεται
1520 2291 1906 2362 ἐγκαταμίξαι,

323 2378 429 2432 οὐκ
487 2378 597 2450 ἀρα
647 2377 901 2448 ἀλλοτρία
932 2378 966 2447 ἡ
1010 2376 1132 2449 ὕλη.
1171 2379 1233 2431 El
1290 2378 1348 2432 δὲ
1408 2380 1504 2434 καὶ
1561 2380 1707 2433 ἐστιν
1755 2381 1912 2435 ἀλλο-

324 2468 476 2540 τρία,
504 2468 587 2535 τίς
616 2469 762 2541 αὐτῷ
788 2469 890 2540 τῆς
919 2470 1054 2541 ὕλης
1084 2472 1326 2543 παρέσχε
1356 2472 1455 2545 τὴν
1487 2474 1768 2542 ἐξουσίαν;
1803 2474 1915 2528 Καὶ

325 2561 549 2632 πρῶτον
588 2560 715 2629 λέγε
757 2578 846 2632 μοι
869 2599 886 2624 ,
920 2554 967 2616 ὦ
1010 2562 1265 2616 ἀπατεὼν
1289 2605 1304 2630 ,
1337 2565 1568 2636 πότερον
1604 2567 1777 2636 μισῶν
1815 2567 1914 2638 τὴν

325 2653 510 2725 ψυχὴν
542 2653 838 2727 κατέδησεν
870 2655 1038 2727 αὐτὴν
1071 2658 1136 2727 τῇ
1170 2654 1293 2726 ὕλῃ,
1322 2654 1356 2726 ἢ
1390 2654 1600 2724 ἀγνοῶν
1631 2656 1693 2710 τὸ
1730 2656 1916 2726 ἐσόμε-

328 2762 442 2799 νον.
480 2745 618 2799 Ἀλλ’
652 2742 791 2814 οἶδα,
837 2748 920 2801 ὅτι
969 2746 1252 2817 οὐδέτερον
1297 2747 1503 2799 τούτων
1545 2748 1710 2819 ἐρεῖς.
1743 2747 1915 2818 Ὕλην

330 2838 445 2910 γὰρ
472 2839 535 2891 οὐ
568 2838 796 2909 λέγομεν
822 2837 885 2891 τὸ
915 2837 1106 2910 σῶμα,
1142 2838 1218 2910 μὴ
1252 2839 1505 2907 γένοιτοί
1540 2839 1662 2891 οὐδὲ
1693 2837 1793 2902 τὰς
1820 2838 1914 2891 τοῦ

327 2928 471 2982 Θεοῦ
501 2930 728 2994 κτίσεις.
781 2930 945 2985 Ἀλλὰ
985 2930 1119 3002 ὓλην
1148 2930 1273 2983 τινὰ
1309 2925 1449 2984 οἵδεν
1480 2932 1513 3000 ὴ
1558 2930 1747 3002 Γραφὴ
1779 2931 1918 3001 μετά

329 3022 535 3093 ταύτην
565 3021 663 3093 τὴν
694 3022 924 3094 φαύλην,
954 3024 1035 3086 εἰς
1059 3021 1116 3075 δὲ
1144 3020 1492 3084 κατασκευὰς
1519 3023 1724 3096 ἑκάστῃ
1751 3023 1915 3097 τέχνῃ
1943 3073 1985 3137 C

334 3113 431 3167 καὶ
462 3114 728 3186 ἐργασίας
757 3114 1095 3187 προκειμένη
1115 3114 1161 3180 ',
1196 3113 1364 3186 ἀὶλην
1387 3114 1528 3181 τινὰ,
1558 3113 1701 3184 λέγω
1721 3114 1785 3187 δὴ
1813 3114 1913 3188 τὴν

328 3208 399 3260 ἐκ
428 3206 666 3271 διανοίας
700 3207 976 3279 φυομένην
1030 3207 1284 3278 ῥυπαρὰν
1314 3205 1632 3279 ἐνθύμησιν,
1663 3209 1759 3260 καὶ
1786 3207 1914 3279 βορ-

332 3296 588 3371 ϐορώδεις
627 3298 920 3370 λογισμοὺς
964 3298 1065 3367 τῆς
1106 3300 1399 3370 ἁμαρτίας.
1430 3300 1661 3355 Φύονται
1702 3301 1810 3373 γάρ
1838 3301 1917 3366 ὡς

329 3393 443 3448 ἀπὸ
474 3392 648 3465 πηλοῦ
686 3393 1015 3465 δυσοδμίας³
1055 3411 1115 3447 τε
1159 3395 1253 3448 καὶ
1294 3393 1598 3467 ἀκάθαρτος
1641 3394 1913 3466 ἀποφορὰ,

332 3485 602 3557 λοιμώδης
644 3502 703 3539 τε
740 3486 834 3539 καὶ
857 3484 1227 3558 βορϐορώδης·
1258 3486 1333 3550 ὡς
1361 3487 1389 3538 6
1420 3485 1691 3557 μακάριος
1723 3487 1910 3554 Δαϐὶδ,

330 3570 662 3648 διωκόμενος
701 3576 795 3630 καὶ⁵
836 3574 1256 3646 διαϐαλλόμενος
1300 3574 1445 3647 [ὡς]
1499 3576 1603 3629 ὑπὸ
1661 3576 1913 3649 πονηρῶν

333 3670 434 3724 ἀνθ
444 3670 638 3742 ρώπων
649 3711 662 3735 ,
676 3669 861 3738 ἔλεγεν
879 3687 891 3702 ·
910 3668 1240 3739 Ἐνεπὰγην
1252 3670 1339 3733 εἰς
1353 3667 1376 3699 ⁸
1393 3668 1554 3736 ὕλην
1573 3668 1683 3739 (45)
1691 3668 1911 3734 βυθοῦ,

337 3762 435 3815 καὶ
459 3760 528 3815 τά
558 3759 708 3831 ἑξῆς.

337 3854 512 3921 Quam
536 3853 608 3909 ob
640 3868 864 3911 causam
920 3852 1114 3909 beatus
1176 3850 1268 3906 ille
1314 3849 1507 3913 David,
1551 3862 1676 3903 cum
1716 3863 1840 3903 cum
1896 3851 2263 3907 conscclerati
2324 3850 2577 3905 homines
2640 3856 3108 3921 persequerentur
3180 3848 3246 3904 ac
3308 3846 3600 3903 calumniis
3704 3834 3731 3857 ‘

2014 485 2237 556 impune
2265 488 2803 546 comminiscitur.Ac
2831 507 2955 546 cum
2984 491 3040 547 in
3062 492 3386 551 hodiernum
3414 512 3589 568 usque

2012 577 2158 632 diem
2186 578 2255 634 ab
2290 578 2401 635 illis
2417 580 2588 635 multa
2616 580 2992 659 proferantur,
3018 593 3428 658 nascanturque
3454 603 3586 659 por-

2013 676 2185 736 tenta,
2217 670 2312 739 qui
2357 671 2601 740 quotidie
2628 674 2752 727 novi
2769 654 3063 744 atiquid'au
3081 654 3390 734 illudendos
3406 654 3585 734 nomi-

2013 775 2111 816 nes
2146 760 2491 832 conﬁngunt,
2534 760 2752 818 diﬂicile
2808 772 2894 820 est
2952 766 3219 823 extricare
3267 770 3473 837 omnia,
3496 770 3585 827 vel

2012 850 2263 908 oratione
2336 854 2647 920 complecti.
2716 854 2897 921 Quare
2942 872 3065 927 quae
3118 858 3185 914 de
3237 860 3339 916 hac
3387 861 3582 918 haeresi

2012 940 2290 1013 diSputata
2322 950 2472 1011 sunt,
2518 947 2588 1001 iis
2617 949 2861 1001 contenti
2901 962 3025 1003 esse
3052 946 3334 1015 debemus,
3371 967 3491 1022 quae
3515 951 3585 1008 ad

2011 1041 2257 1087 nostram
2324 1034 2645 1090 memoriam
2731 1046 3120 1107 pervenerunt.
3192 1039 3373 1111 Atque
3441 1042 3587 1099 hanc

2012 1136 2227 1177 omnem
2266 1122 2481 1177 illorum
2535 1123 2841 1184 doctrinam
2901 1127 3026 1196 quis
3069 1142 3181 1181 non
3238 1142 3420 1183 meras
3461 1143 3584 1186 esse

2013 1211 2224 1269 fabulas
2261 1229 2326 1270 ac
2348 1215 2581 1271 ludibria
2615 1217 2943 1288 perSpiciat?
2962 1217 3107 1275 Cedo
3128 1219 3297 1285 enim,
3319 1219 3456 1276 heus
3485 1226 3544 1275 tu
3566 1220 3582 1275 ί

2012 1305 2355 1375 majoresque
2412 1307 2528 1373 tui,
2591 1307 2738 1363 unde
2807 1323 3010 1378 corpus
3058 1309 3391 1379 accepistis?
3442 1310 3589 1368 unde

2012 1391 2282 1447 animam?
2320 1393 2466 1449 unde
2517 1395 2836 1451 interiorem
2889 1398 3043 1451 illum
3099 1398 3417 1454 hominem?
3452 1398 3512 1454 Si
3554 1414 3588 1455 a

2014 1483 2294 1554 superiore
2351 1485 2444 1540 illo
2502 1484 2698 1543 nescio
2745 1502 2856 1557 quo
2905 1502 2970 1543 ac
3021 1489 3253 1559 spiritali
3292 1489 3494 1547 habere
3536 1498 3591 1548 te

2014 1572 2239 1640 dixeris,
2270 1590 2368 1646 pro
2392 1590 2458 1631 eo
2498 1579 2819 1634 ac‘mentiri
2849 1578 3016 1643 soles,
3049 1585 3104 1633 et
3135 1579 3250 1650 spei
3296 1579 3587 1649 cujusdam

2013 1665 2329 1721 ostensione
2368 1666 2561 1724 illusos
2587 1682 2617 1721 a
2644 1674 2695 1723 te
2719 1668 2974 1724 homines
3021 1666 3213 1723 inflare
3234 1707 3249 1735 ,
3301 1684 3410 1739 quo
3435 1668 3589 1739 ejus-

2012 1755 2159 1810 modi
2206 1756 2487 1828 proposito
2508 1757 2613 1814 sibi
2640 1772 2809 1828 scopo
2860 1769 2987 1814 tuas
3027 1758 3095 1813 ad
3123 1759 3433 1831 praestigias
3454 1776 3587 1832 pro-

2013 1847 2316 1918 lectentur;
2344 1849 2728 1915 dic,obsecro,
2758 1865 2881 1922 qua:
2929 1850 3001 1909 sit
3043 1850 3284 1907 etelestis
3332 1850 3480 1908 illius
3526 1867 3591 1910 ac

2011 1937 2277 2008 spiritalis
2312 1954 2436 1994 cum
2468 1939 2710 1996 materiae
2732 1947 2991 1996 concreto
3022 1941 3280 2005 societas,
3306 1949 3400 1995 aut
3424 1942 3591 2012 hujus

2013 2042 2141 2083 cum
2183 2030 2441 2098 animali;
2470 2038 2564 2086 aut
2607 2046 2717 2104 quo
2755 2031 2975 2087 tandem
3022 2042 3184 2104 pacto
3206 2032 3434 2090 (ireator
3472 2048 3594 2105 quae

2013 2118 2082 2174 ad
2111 2134 2173 2175 se
2198 2121 2543 2191 pertinebant
2591 2123 2729 2178 nihil
2767 2122 3095 2178 condiderit.
3129 2123 3243 2179 Cur
3293 2139 3589 2195 supremus

2016 2211 2108 2267 ille
2147 2212 2446 2284 spiritalem
2502 2228 2660 2269 suam
2706 2215 2817 2269 vim
2878 2214 3198 2279 Conditori,
3253 2216 3350 2286 qui
3409 2216 3593 2291 minus

2014 2311 2164 2360 recte
2188 2304 2412 2359 molitus
2434 2312 2574 2369 erat,
2603 2304 2937 2360 attribuerit.
2991 2303 3104 2359 Cur
3142 2304 3285 2360 idem
3317 2305 3406 2362 ille
3431 2304 3581 2360 Con-

2015 2396 2163 2451 ditor
2207 2396 2442 2452 animale
2492 2413 2653 2453 suum
2703 2412 2828 2453 cum
2892 2396 3160 2451 materiali
3220 2395 3591 2453 commiscens

2018 2486 2261 2542 materiae
2286 2501 2450 2557 quam
2482 2487 2716 2542 habebat
2744 2487 2854 2542 vim
2884 2486 3093 2559 illigare
3126 2487 3401 2543 maluerit.
3428 2486 3587 2554 Quod

2019 2576 2066 2632 si
2085 2577 2192 2631 vim
2233 2576 2323 2632 ille
2351 2592 2509 2632 suam
2554 2576 2868 2634 immiscere
2911 2578 3087 2649 cupit,
3116 2592 3224 2633 non
3255 2578 3361 2634 erit
3411 2580 3591 2635 aliena

2018 2668 2268 2723 materia.
2307 2667 2405 2723 Sin
2440 2679 2524 2725 est
2553 2669 2775 2736 aliena,
2826 2670 2952 2740 quis
2994 2669 3043 2725 ei
3069 2669 3163 2741 jus
3209 2669 3266 2724 in
3306 2671 3589 2726 materiam

2018 2766 2454 2830 potestatemque
2487 2759 2803 2816 concessit?
2852 2759 2932 2814 Ac
2977 2760 3213 2830 primum
3274 2758 3408 2816 illud
3462 2760 3592 2815 volo

2020 2850 2155 2904 mihi
2186 2850 2361 2914 dicas,
2382 2851 2667 2921 impostor,
2721 2857 2904 2905 utrum
2936 2851 3135 2905 anima:
3164 2850 3419 2906 inductus
3446 2853 3593 2913 odio.

2020 2956 2092 2996 an
2152 2942 2299 3012 quod
2366 2942 2610 2996 futurum
2658 2950 2776 2997 erat
2820 2940 3101 3011 ignorans,
3169 2940 3397 2993 materia
3446 2938 3594 2995 illam

2020 3034 2358 3089 astrinxerit.
2390 3033 2510 3089 Non
2542 3033 2735 3088 dubito
2781 3032 2915 3103 quin
2946 3031 3141 3086 horum
3174 3045 3425 3087 asserere
3459 3045 3594 3087 neu-

2019 3129 2161 3177 trum
2186 3120 2407 3179 audeas.
2433 3120 2631 3178 Procul
2683 3120 2827 3177 enim
2858 3120 3017 3187 absit,
3052 3119 3334 3175 materiam
3366 3126 3421 3174 ut
3457 3133 3584 3175 cor-

2016 3228 2120 3283 pus
2150 3212 2505 3283 appellemus,
2530 3220 2624 3267 aut
2655 3227 2742 3268 res
2781 3226 2809 3265 a
2849 3210 2956 3266 Deo
3007 3210 3278 3266 conditas.
3315 3209 3423 3266 Sed
3454 3209 3593 3265 alte-

2016 3303 2135 3358 rius
2180 3301 2468 3371 cujusdam
2520 3302 2766 3358 matcria:
2825 3302 3111 3372 Scriptura
3170 3300 3419 3357 meminit
3470 3309 3597 3372 post

2016 3392 2179 3448 Vilem
2208 3391 2349 3446 hanc
2370 3398 2424 3446 et
2464 3391 2756 3461 abjectam,
2786 3407 2909 3464 qua:
2941 3390 3167 3447 cuilibet
3197 3391 3302 3445 arti
3333 3391 3597 3461 operique

2017 3485 2365 3557 proponitur.
2388 3482 2716 3554 Cujusmodi
2742 3495 2827 3540 est
2849 3486 2959 3550 ille,
2980 3485 3075 3557 qui
3100 3500 3164 3540 ex
3190 3484 3373 3539 animo
3414 3483 3597 3556 pullu-

2019 3579 2120 3644 lat,
2159 3577 2478 3647 inquinatus
2520 3576 2687 3630 animi
2736 3584 2939 3637 motus.
2977 3591 3043 3631 ac
3075 3576 3357 3632 lutulentae
3384 3574 3600 3647 peccati

2017 3668 2408 3740 cogitationes:
2486 3682 2608 3738 quae
2656 3683 2723 3722 ex
2778 3666 3106 3723 fetidissimo
3188 3681 3384 3735 coeno,
3450 3666 3600 3722 velut

2017 3759 2331 3815 teterrimus
2401 3773 2570 3828 vapor
2627 3773 2691 3812 ac
2737 3759 3002 3829 pestilens
3046 3759 3297 3829 spiritus,
3358 3757 3596 3813 exhalat.

336 3949 707 4012 incesserent,
763 3944 973 4015 Inﬂant:
1001 3960 1139 4009 sum,
1188 3942 1387 4013 inquit,
1415 3943 1469 3995 in
1494 3945 1716 3996 materia
1741 3942 1994 4012 profundi
2016 3945 2188 4011 ',‘etc.

407 4040 484 4093 E’.
540 4036 754 4108 Ἐπειδὴ
793 4037 852 4091 δέ
901 4053 982 4090 σοι
1027 4036 1189 4100 δοκεῖ,
1206 4034 1538 4106 Ἡρακλέων,
1572 4033 1730 4088 τοῦτο
1756 4035 1911 4104 λέγε-

337 4130 464 4184 σθαι
512 4127 664 4200 ὕλην,
693 4127 800 4181 τῶν
848 4125 1148 4199 ἀνθρώπων
1179 4124 1247 4179 τά
1283 4125 1531 4197 σώματα,
1560 4126 1654 4178 καὶ
1684 4126 1774 4179 τὸν
1821 4129 1910 4181 ἐν·

340 4222 465 4276 θάδε
517 4221 720 4291 κόσμον
772 4220 1014 4275 ἅπαντα·
1051 4221 1144 4271 ἐπὶ
1186 4218 1323 4289 ποίῳ
1352 4217 1538 4289 σκοπῷ
1568 4218 1667 4288 τὴν
1715 4218 1911 4272 ἐαυτοῦ

339 4314 518 4385 ψυχὴν
548 4315 577 4367 ό
603 4310 941 4386 Δημιουργὺς
971 4312 1039 4382 τῇ
1086 4310 1187 4383 ὕλῃ
1212 4309 1598 4382 ἐγκατέμιξεν;
1629 4311 1693 4363 Εἰ
1734 4310 1830 4381 μὲν
1852 4310 1914 4362 τὸ

341 4405 577 4477 πονηρὸν
610 4404 840 4473 ἀγνοῶν,
870 4405 931 4457 ού
960 4402 1184 4457 δύναται
1212 4401 1563 4473 δημιουργεῖν
1598 4403 1626 4454 ὁ
1656 4400 1731 4471 μὴ
1756 4398 1918 4469 γινώ-

343 4513 489 4551 σκων
526 4496 555 4549 θ
588 4495 835 4566 βούλεται.
878 4490 1305 4566 δημιουργῆσαι.
1339 4492 1474 4546 Οὖτε
1508 4491 1617 4564 γάρ
1664 4494 1826 4566 ἡμεῖς
1864 4509 1917 4545 τι

341 4588 656 4660 πράττομεν
706 4588 826 4642 καθ’
857 4587 1095 4657 ἐκάστην
1148 4585 1344 4654 τέχνην
1373 4582 1749 4654 ἐργαζόμενοι,
1780 4584 1915 4655 ὅπερ

341 4680 401 4731 οὐ
452 4676 699 4749 νοοῦμεν.
751 4677 862 4731 Καὶ
908 4672 1394 4754 προενθυμούμεθα
1423 4672 1529 4744 γὰρ
1576 4672 1605 4725 ὅ
1654 4673 1920 4728 ἐπιτελεῖν

345 4771 670 4843 βουλόμεθα,
702 4771 798 4824 καὶ
841 4771 1063 4840 οίδαμεν
1096 4769 1225 4840 πρὶν
1269 4766 1489 4837 ποιῆσαι
1536 4765 1565 4818 ὃ
1609 4764 1920 4820 ἐπιτελέσαι

345 4863 728 4939 προῃρήμεθα.
759 4863 950 4917 Καίτοι
995 4878 1060 4931 γε
1104 4861 1265 4930 ἡμεῖς
1314 4857 1559 4921 ἀσθενεῖς
1608 4857 1781 4919 ὄντες,
1826 4855 1920 4909 καὶ

347 4956 520 5011 πολλὰ
543 4954 860 5018 ἀποδέοντες
894 4954 992 5024 τῆς
1011 4950 1104 5006 τοῦ
1132 4950 1267 5004 Θεοῦ
1291 4949 1570 5021 δυνάμεως
1593 4967 1605 4979 ·
1636 4948 1723 5002 διὰ.
1741 4948 1797 5001 δὲ
1818 4949 1917 5020 τῆς

346 5048 439 5101 ὑπ’
475 5044 640 5100 αὐτοῦ
674 5045 1073 5116 κεχαρισμένης
1115 5041 1381 5104 συνέσεως
1432 5042 1543 5103 τοῖς
1584 5038 1911 5110 ἀνθρώποις,

345 5140 568 5212 οἴδαμεν
609 5139 703 5193 καὶ
751 5136 998 5209 νοοῦμεν.
1049 5134 1373 5206 Συμόέόηκε
1420 5133 1477 5187 δέ
1517 5149 1621 5198 σοι,
1674 5126 1720 5185 ὦ
1758 5131 1922 5201 Ἥρα-

349 5231 543 5296 κλέων,
573 5234 607 5303 ἡ
645 5233 709 5285 ἐκ
740 5228 875 5284 Θεοῦ
923 5227 1137 5291 σύνεσις
1179 5228 1261 5290 εἰς
1292 5225 1495 5297 βλάϐην
1517 5241 1532 5258 ο
1559 5225 1640 5279 ὅτι
1676 5222 1751 5294 μὴ
1785 5224 1926 5277 κατά

346 5322 482 5376 Θεὸν
507 5322 676 5394 αὐτὴν
705 5318 1090 5395 πραγματεύῃ,
1114 5317 1251 5371 ἀλλά
1291 5317 1431 5371 κατά
1473 5314 1716 5388 πονηρὰν
1739 5314 1927 5384 ἐπιτή-

2099 4035 2164 4090 V.
2201 4034 2405 4091 Verum
2456 4035 2927 4107 quandoquidem,
2980 4047 3015 4089 ο
3066 4030 3332 4099 Heracleo
3359 4073 3374 4100 ,
3419 4032 3598 4104 placet

2017 4128 2118 4184 tibi
2171 4126 2456 4182 materiam
2495 4127 2781 4184 hominum
2831 4141 2957 4184 esse
3002 4140 3267 4197 corpora,
3319 4134 3600 4195 totumque

2019 4220 2165 4276 istud
2214 4220 2530 4276 universum
2565 4239 2578 4275 :
2615 4234 2800 4292 quaero
2837 4220 2935 4274 abs
2974 4225 3029 4275 te
3082 4218 3283 4290 quibus
3319 4217 3386 4273 de
3418 4217 3601 4273 causis

2020 4312 2185 4385 266
2226 4314 2473 4372 animam.
2506 4326 2663 4368 suam
2717 4311 2960 4368 materiae
3012 4311 3242 4368 Creator
3288 4308 3597 4366 inseruerit.

2022 4403 2082 4458 Si
2117 4404 2319 4458 malum
2346 4404 2618 4476 ignoravit
2642 4444 2658 4469 ,
2683 4404 2777 4475 qui
2804 4403 2951 4474 quod
2984 4403 3166 4459 moliri
3206 4402 3323 4459 vult
3354 4401 3601 4473 ignorat,

2020 4492 2232 4550 eﬂicere
2278 4496 2507 4551 omnino
2554 4495 2693 4550 nihil
2738 4502 2941 4566 potest.
2981 4493 3170 4566 Neque
3214 4495 3360 4550 enim
3396 4508 3498 4548 nos
3547 4492 3603 4546 in

2022 4586 2252 4657 singulis
2292 4587 2502 4643 artibus
2541 4586 2800 4645 molimur
2846 4587 3159 4658 quidpiam,
3193 4584 3340 4657 quod
3375 4600 3481 4639 non
3514 4583 3604 4638 in-

2024 4678 2339 4749 telligimus.
2387 4677 2665 4749 Quidquid
2703 4685 2886 4734 autem
2924 4677 3187 4747 perlicere
3226 4676 3511 4740 volumus,
3547 4673 3599 4728 id

2024 4768 2117 4823 diu
2160 4778 2285 4823 ante
2340 4769 2675 4823 meditantur
2719 4777 2774 4823 et
2818 4769 2964 4839 quod
3012 4765 3318 4823 faciendum
3354 4766 3603 4834 suscepi-

2026 4876 2169 4927 mus,
2197 4860 2381 4914 animo
2409 4868 2533 4916 ante
2554 4868 2608 4915 et
2638 4861 2950 4931 cognitione
2976 4858 3408 4930 complectimur.
3433 4856 3600 4927 Atqui

2022 4950 2319 5005 imbecilles
2354 4950 2459 5020 ipsi
2499 4964 2720 5017 sumus,
2747 4957 2802 5005 et
2832 4949 2992 5019 longe
3025 4964 3056 5002 a
3090 4949 3272 5003 divina
3333 4955 3603 5018 potestate

2021 5038 2329 5105 vincimur;
2383 5046 2437 5094 et
2489 5047 2671 5094 tamen
2712 5054 2811 5111 pro
2844 5039 3010 5094 insita
3058 5039 3126 5092 ab
3163 5038 3257 5092 illo
3292 5037 3475 5109 generi
3507 5036 3602 5091 hu-

2023 5142 2189 5184 mano
2209 5129 2430 5186 solertia
2463 5114 2900 5185 novimus'istud
2936 5135 2990 5182 ct
3021 5134 3202 5184 mente
3244 5126 3599 5198 percipimus.

2025 5220 2149 5276 Tibi
2181 5229 2361 5276 autem
2384 5222 2668 5286 nimirum,
2705 5219 2968 5275 Heracleo
2987 5260 3003 5285 ,
3037 5234 3305 5275 concessa
3335 5219 3427 5274 illa
3457 5217 3599 5274 divi-

2028 5313 2179 5370 nitus
2200 5314 2555 5386 intelligentia
2582 5312 2760 5367 fraudi
2791 5310 2914 5377 fuit,
2939 5310 3085 5384 quod
3116 5327 3228 5367 non
3251 5327 3320 5368 ex
3340 5310 3434 5366 Dei
3461 5325 3601 5381 prae-

425 5480 443 5511 ¹
471 5476 629 5534 Carr.
651 5474 983 5549 ὐποσυρῶσι.
1058 5476 1079 5507 ⁸
1096 5471 1252 5529 Corr.
1281 5468 1667 5543 προκειμένην.
1743 5468 1765 5499 ³
1781 5465 1843 5522 F.
1867 5466 1913 5520 6t

2018 5466 2147 5539 ῑμία.
2226 5466 2249 5499 ⁸
2274 5464 2416 5522 LXX
2449 5465 2563 5521 ἰλύν
2592 5467 2952 5538 scripserunt.
3022 5469 3044 5502 ⁸
3077 5467 3220 5524 Psal.
3255 5483 3444 5531 vatn,
3472 5469 3520 5524 5.

421 5653 543 5730 (45)

359 5729 498 5791 ιλὺν.

592 5656 928 5729 Ἐνεπότην
968 5655 1055 5726 είς
1099 5655 1277 5727 ὕλην.
1308 5653 1521 5711 Vitiosa
1559 5650 1751 5711 codice
1793 5665 1913 5711 usu:

2018 5658 2052 5706 st
2082 5649 2347 5727 Epiphan.
2386 5649 2522 5706 Nam
2569 5650 2702 5727 ὓλην
2738 5650 2876 5708 haud
2916 5650 3081 5709 dubie
3137 5655 3455 5721 corruptum
3499 5658 3600 5715 pro
