3950 6132
372 255 478 314 639

1809 256 1867 314 s.
1901 254 2239 340 EPIPHANII

3521 247 3637 304 6ιο

374 369 617 438 scripto,
654 366 745 423 sed
785 382 849 421 ex
888 366 1126 437 pessimo
1157 368 1323 423 animi
1361 369 1439 424 tui
1481 367 1664 425 studio
1697 385 1950 426 exercere

2064 367 2378 428 Βευσιν.Ἕτι
2421 371 2478 425 δὲ
2520 369 2680 424 πάλιν
2713 367 2843 441 ἐρῶ,
2880 367 3043 423 πόθεν
3074 365 3227 440 ἠτοῦ
3255 365 3635 438 πνευματικοῦ

374 460 521 514 illam
566 460 904 516 institueris!
954 458 1068 514 Hoc
1113 477 1280 515 unum
1329 462 1557 531 insuper
1604 463 1760 516 velim
1817 463 1950 517 mihi

373 549 728 618 respondeas,
753 550 1027 605 undenam
1067 551 1338 621 spiritalis
1374 552 1524 608 illius
1544 594 1559 618 ,
1582 568 1743 622 quem
1774 560 1830 608 tu
1866 555 1952 608 in-

371 641 626 695 teriorem
661 642 936 696 hominem
977 657 1165 709 vocas,
1202 658 1326 697 cum
1360 643 1583 698 animali
1609 659 1673 698 ac
1704 645 1953 699 materia-

372 731 443 798 li,
479 735 598 787 sive
632 733 878 788 secundo
927 748 992 787 ac
1035 735 1233 797 tertio,
1272 731 1638 803 exteriorique
1669 732 1808 787 adeo
1850 734 1950 787 lio-

371 821 518 877 mine
551 823 852 891 conjuncti,
887 824 961 879 sit
995 823 1135 878 facta
1167 824 1468 879 concretio.
1501 824 1556 879 Si
1588 821 1655 878 de
1684 839 1952 894 supremae

369 912 620 976 viitutis,
654 913 758 968 hoc
800 923 886 968 est
925 914 1174 970 Parentis
1209 916 1481 979 omnium,
1523 931 1684 985 quem
1715 916 1950 987 Bythum

371 1003 540 1056 etiam
571 1018 738 1058 vocas
760 1043 776 1066 ,
805 1005 1091 1060 voluntate
1118 1015 1332 1076 gestum
1369 1005 1610 1069 dixeris,
1647 1021 1754 1061 non
1791 1014 1954 1062 erunt

374 1093 571 1161 igitur,
618 1102 679 1146 ut
716 1093 924 1149 dictum
943 1105 1058 1157 est,
1100 1105 1297 1152 creatae
1339 1097 1457 1152 ista:
1497 1097 1832 1169 infirmaeque
1865 1113 1954 1153 res

373 1185 555 1238 omnis
609 1200 733 1239 cum
787 1187 1166 1255 superioribus
1212 1189 1619 1244 communionis
1665 1198 1951 1260 expertes;

371 1274 721 1346 idipsumque
771 1277 838 1331 de
872 1280 1111 1347 supremi
1146 1277 1396 1334 Parentis
1429 1281 1694 1344 consilio,
1747 1296 1812 1334 ac
1843 1296 1958 1336 cm-

375 1366 507 1421 Iitus
554 1367 776 1438 delapsa
828 1369 919 1422 illa
977 1370 1214 1425 scintilla
1268 1381 1713 1440 consequentur;
1750 1373 1841 1441 qui
1870 1369 1956 1427 est

375 1454 601 1512 intimus
651 1459 743 1514 ille
779 1460 1040 1529 opinione
1075 1469 1167 1514 tua
1220 1476 1284 1516 ac
1333 1463 1597 1532 spiritalis
1636 1464 1818 1517 homo.
1857 1462 1955 1518 Sin

373 1545 727 1605 Conditorem
768 1552 941 1606 mavis
993 1553 1049 1606 in
1084 1552 1301 1606 defectu
1342 1562 1506 1623 atque
1549 1559 1790 1621 egestate
1821 1567 1955 1606 con-

371 1637 660 1702 stituttrm,
710 1649 805 1694 aut
845 1641 967 1710 ejus
1007 1649 1236 1694 matrem
1261 1681 1276 1705 ,
1321 1657 1485 1711 quam
1514 1642 1815 1696 Achamoth
1858 1657 1977 1711 no-_

2052 463 2200 534 μίξις
2247 462 2324 532 τῷ
2371 461 2588 533 ψυχικῷ
2612 479 2672 515 τε
2708 462 2802 515 καὶ
2831 459 3019 530 ὑλικῷ,
3052 460 3082 513 6
3111 459 3330 529 λέγεται
3363 459 3516 530 παρά
3544 460 3637 512 σοὶ

2051 554 2159 608 ἔσω
2201 553 2505 625 ἄνθρωπος,
2537 552 2615 624 τῷ
2646 553 2880 623 δευτέρῳ
2909 553 3002 605 καὶ
3023 551 3192 622 τρίτῳ
3223 551 3329 616 ἔξω
3354 548 3639 620 ἀνθρώπῳ

2056 647 2386 717 συνημμένῳ
2409 648 2450 713 ¹,
2470 647 2611 716 φημὶ
2641 645 2705 715 δὴ
2739 645 2882 715 ψυχῇ
2913 645 3017 698 καὶ
3034 643 3276 715 σώματι;
3308 640 3423 696 Καὶ
3448 643 3498 694 εί
3533 641 3641 710 μὲν

2052 740 2116 791 ὲκ
2148 736 2484 808 βουλήματος
2516 737 2616 806 τῆς
2643 737 2755 790 ἀνω
2783 737 3064 806 δυνάμεως
3095 734 3190 788 τοῦ
3221 733 3330 787 τῶν
3359 733 3500 786 ὅλων
3521 732 3642 784 Πα-

2051 831 2201 902 τρὸς,
2222 847 2295 900 φη
2306 830 2366 899 μὶ
2393 829 2450 881 δὲ
2482 828 2576 881 τοῦ
2613 828 2755 882 κατά
2791 829 2850 880 σὲ
2878 826 3080 890 Βυθοῦ,
3107 827 3215 898 ἀρα
3251 842 3316 894 γε
3351 824 3456 878 οὐκ
3482 823 3642 876 ἀκοι-

2052 919 2289 990 νώνητος
2336 922 2448 983 τοῖς
2492 919 2625 981 ἀνω,
2655 918 2730 981 ὼς
2779 917 2936 988 ἔφην,
2967 920 3001 987 ἡ
3035 916 3270 970 ἐνταῦθα
3317 915 3447 985 περὶ
3487 914 3642 983 ἡμᾶς

2053 1008 2230 1071 κτίσις
2273 1007 2830 1077 συγκαταμιγνυμένη
2874 1005 2962 1058 διά
2995 1007 3095 1075 τῆς
3134 1003 3230 1057 τοῦ
3271 1003 3490 1073 [ἰατρὸς
3523 1003 3641 1056 ἀνω

2054 1097 2300 1160 εὐδοκίας
2329 1097 2421 1150 καὶ
2441 1095 2536 1150 τοῦ
2561 1098 2765 1151 ἀνωθεν
2793 1099 2922 1168 παρ’
2951 1096 3114 1149 αὐτοῦ
3141 1093 3640 1165 καταπεμφοέντος

2056 1187 2350 1258 σπινθῆρος
2371 1207 2382 1218 ·
2413 1189 2441 1241 ὃ
2468 1191 2616 1242 ἐστιν
2635 1191 2662 1242 6
2692 1188 3058 1258 πνευματικὸς
3086 1188 3225 1240 κατά
3272 1187 3331 1239 σὲ
3366 1187 3464 1239 καὶ
3499 1185 3641 1238 ὲσώ-

2053 1295 2214 1341 τατος
2277 1278 2595 1350 ἅνθρωπος
2629 1281 2678 1332 εί
2721 1279 2778 1332 δὲ
2827 1279 3006 1346 λέγεις
3044 1277 3134 1332 τὸν
3167 1276 3513 1347 Δημιουργὺν
3541 1275 3639 1329 τδν

2055 1370 2114 1422 ὲν
2159 1366 2498 1438 ὲλαττώματι
2547 1368 2644 1420 καὶ
2690 1366 3106 1439 ὑστερήματι,ῆ
3151 1367 3250 1436 τὴν
3301 1365 3535 1438 μητέρα,
3563 1365 3640 1435 ἢν

2054 1455 2519 1527 λέγεις’Δχαμὼο,
2546 1457 2826 1528 εἰληφέναι
2857 1457 3062 1512 ἀνωθεν
3097 1456 3346 1527 δύναμιν,
3385 1456 3640 1508 τουτέστι

2053 1549 2114 1602 τὸ
2156 1549 2552 1618 πνευματικόνο
2605 1549 2789 1602 οὐκέτι
2842 1551 2898 1602 ὲν
2944 1551 3281 1620 ὑστερήματι
3313 1551 3409 1603 καὶ
3443 1549 3641 1620 ἀγνοίᾳ

2056 1639 2201 1693 ἐστὶν
2226 1641 2254 1693 6
2278 1641 2638 1711 Δημιουργὸς,
2667 1639 2789 1693 οὔτε
2819 1643 2852 1711 ἡ
2889 1641 3029 1694 κατά
3058 1641 3117 1694 σὲ
3153 1641 3333 1712 μήτηρ
3362 1640 3642 1710 καλουμέ-

372 1729 591 1793 minas,
644 1731 757 1784 vim
814 1731 966 1783 illam
1002 1731 1258 1786 hausisse
1302 1732 1370 1785 de
1404 1731 1573 1795 emto,
1626 1731 1729 1784 hoc
1775 1731 1951 1800 ipsum

2064 1748 2140 1801 νη.
2169 1730 2291 1793 Πῶς
2317 1729 2425 1801 γάρ
2449 1729 2513 1783 ἄν
2545 1746 2629 1794 τις
2655 1731 2712 1783 έν
2745 1730 2938 1801 ἀγνοίᾳ.
2972 1731 3055 1802 εἴη
3094 1729 3305 1794 τούτου,
3337 1725 3400 1783 οὗ
3441 1729 3639 1782 ἐπιθυ-

372 1819 627 1872 videlicet
679 1821 827 1889 quod
881 1821 1129 1890 spiritale
1157 1829 1270 1885 est,
1305 1822 1555 1891 sequitur
1596 1837 1772 1891 neque
1807 1821 1953 1875 Con-

375 1909 644 1970 ditorem,
679 1925 858 1979 neque
885 1928 1048 1984 quam
1091 1921 1148 1965 tu
1193 1920 1425 1968 matrem
1455 1913 1601 1968 illius
1634 1928 1950 1982 nuncupas,

375 2000 433 2053 in
461 1999 676 2055 defectu
708 2003 943 2071 amplius
975 2004 1392 2074 ignorantiaque
1417 2005 1644 2058 versari.
1679 2003 1782 2070 Qui
1808 2003 1952 2058 enim

373 2091 632 2162 ignorare
684 2093 883 2162 aliquis
925 2102 1104 2163 potest
1135 2095 1296 2164 cujus
1347 2095 1652 2166 cupiditate
1698 2095 1958 2150 ducitur?

2058 1825 2164 1892 μεῖ.
2198 1823 2260 1874 Εἰ
2286 1820 2396 1892 γὰρ
2435 1821 2572 1884 ὅλως
2621 1819 2712 1874 τοῦ
2756 1821 3063 1891 κρείττονος
3111 1821 3388 1890 ὀρέγεται,
3417 1815 3526 1872 οἶδε
3575 1819 3642 1872 τδ

2055 1912 2220 1966 καλὸν
2271 1912 2364 1965 καὶ
2403 1912 2624 1980 ἀγαθόν.
2661 1911 2770 1964 Καὶ
2820 1911 2954 1984 δ’τὸ
3000 1910 3205 1978 ἀγαθὸν
3249 1911 3637 1980 ἐπιστάμενος,

2057 2005 2152 2060 καὶ
2199 2005 2272 2077 μὴ
2316 2005 2527 2075 στυγῶν
2576 2005 2754 2069 τοῦτο,
2787 2004 2922 2058 ἀλλά
2961 2005 3309 2077 ὀρεγόμενος,
3343 2003 3641 2065 οὑκ-ἔστιν

2057 2097 2335 2168 ἀλλότριος
2356 2098 2450 2150 τοῦ
2482 2095 2708 2166 ἀγαθοῦ.

374 2180 511 2234 Nam
563 2182 609 2236 si
658 2184 918 2248 omnino,
980 2183 1127 2254 quod
1163 2186 1514 2254 praestantius
1553 2194 1638 2240 est
1687 2185 1997 2252 desiderat,
2039 2187 2185 2256 quod
2221 2187 2511 2241 honestum
2554 2195 2640 2242 est
2683 2185 2998 2255 bonumque
3036 2185 3341 2256 cognoscit.
3383 2183 3492 2250 Qui
3536 2199 3638 2240 au-

375 2283 483 2328 tem
534 2281 589 2328 et
621 2273 825 2328 bonum
871 2277 1183 2346 cognitione
1216 2277 1397 2350 capit,
1433 2293 1608 2348 neque
1642 2277 1756 2331 odit
1784 2277 1915 2332 illud
1936 2319 1952 2344 ,
1995 2278 2090 2333 sed
2127 2279 2350 2348 appetit,
2382 2293 2410 2331 a
2440 2278 2583 2332 bono
2621 2291 2965 2347 nequaquam
2999 2277 3210 2332 alienus
3242 2283 3349 2332 est.

444 2366 533 2424 Vl.
567 2367 674 2423 Sed
708 2385 777 2425 ne
817 2371 871 2424 in
907 2373 1305 2442 persequendis
1339 2375 1634 2444 importuni
1686 2375 1835 2429 illius
1867 2389 1964 2429 ne-

374 2460 597 2513 bulonis
635 2459 923 2517 fraudibus
969 2462 1177 2516 diutius
1208 2463 1442 2518 haeream
1462 2503 1478 2528 ,
1513 2466 1581 2519 iis
1609 2481 1729 2534 quae
1759 2479 1961 2534 propo-

378 2551 482 2603 sita
511 2556 641 2602 sunt
675 2564 772 2603 cro
804 2557 1116 2606 contentus.
1149 2553 1284 2605 Cum
1311 2554 1608 2621 pmsertim
1644 2554 1728 2608 vel
1753 2570 1817 2608 ex
1854 2555 1959 2607 ltoc

379 2655 490 2692 uno
526 2640 675 2694 illius
715 2650 1046 2696 evanescant
1079 2641 1316 2708 somnia,
1353 2643 1500 2714 quod
1532 2659 1689 2699 nemo
1719 2652 1803 2699 est
1831 2645 1962 2715 quin

381 2737 764 2785 universorum
810 2730 1098 2787 Dominum
1154 2734 1354 2790 bonum
1408 2749 1532 2791 esse
1575 2738 1866 2807 omniaque
1903 2745 1957 2794 et

378 2823 698 2892 praevidere,
722 2835 776 2879 et
807 2825 985 2880 moliri
1023 2842 1186 2895 posse
1221 2828 1441 2890 sentiat,
1469 2836 1745 2898 totamque
1773 2844 1955 2884 rerum

380 2923 630 2970 naturam
670 2916 740 2971 ab
789 2917 881 2972 illo
911 2918 1185 2972 conditam
1241 2919 1503 2989 praeclare
1538 2920 1761 2975 omnino
1786 2920 1954 2974 fabri-

2129 2374 2200 2427 Σ’.
2242 2374 2352 2427 Καὶ
2394 2374 2481 2426 ἵνα
2528 2372 2602 2444 μὴ
2640 2372 3054 2442 κατατρίϐωμαι
3094 2371 3222 2443 περὶ
3251 2371 3353 2434 τὰς
3389 2369 3642 2441 μηχανὰς

2055 2464 2150 2516 τοῦ
2205 2463 2440 2534 ἀγύρτου
2487 2463 2904 2532 ἀσχολούμενος,
2948 2463 3158 2525 τούτοις
3197 2460 3640 2532 ἀρκεσθήσομαι.

2058 2556 2215 2609 Πᾶσα
2241 2555 2348 2624 γὰρ
2370 2553 2535 2606 αὐτοῦ
2563 2553 2757 2606 ἔπεσεν
2785 2555 2817 2624 ἡ
2847 2552 3090 2624 ληρῳδία
3110 2551 3218 2604 ἀπὸ
3246 2551 3341 2604 τοῦ
3368 2551 3482 2604 τῶν
3505 2552 3642 2606 πάν-

2059 2665 2166 2700 των
2190 2647 2466 2716 Δεσπότην
2493 2647 2626 2699 πᾶσι
2655 2645 2838 2713 σαφῶς
2864 2642 3259 2714 ὁμολογηθῆναι
3278 2643 3484 2710 ἀγαθὸν
3511 2643 3641 2696 ὄντα

2062 2742 2154 2796 καὶ
2183 2738 2644 2812 προγινώσκοντα.
2683 2740 2775 2793 καὶ
2802 2738 3094 2809 δυνάμενον
3127 2737 3193 2790 τὰ
3219 2738 3398 2791 πάντα
3429 2739 3648 2789 ποιεῖν·-

2061 2833 2155 2887 καὶ
2191 2831 2265 2894 ὡς
2293 2831 2382 2884 ὑπ’
2412 2830 2574 2883 αὑτοῦ
2607 2833 2758 2884 πᾶσα
2782 2829 2940 2900 φύσις
2969 2829 3288 2900 ὑπάρχουσα
3321 2828 3515 2896 κτιστὴ
3538 2843 3644 2880 κα·-

2061 2923 2169 2985 λῶς
2212 2923 2523 2992 γεγένηται.
2553 2921 2688 2974 Οὔτε
2722 2920 2830 2991 γὰρ
2854 2920 3074 2973 δυνατὸν
3115 2919 3242 2973 ἀνευ
3283 2918 3377 2971 τοῦ
3420 2917 3559 2970 Θεοῦ
3588 2935 3650 2970 τι-

383 3015 559 3061 catam
581 3009 877 3064 existimet.
905 3008 1046 3063 Nihil
1075 3012 1221 3064 enim
1246 3011 1453 3080 absque
1479 3009 1588 3065 Deo
1617 3018 1794 3080 potest
1815 3011 1962 3066 exsi-

2068 3009 2226 3077 εἷναι,
2255 3013 2368 3066 ἀλλ’
2393 3013 2426 3084 ἢ
2456 3013 2614 3084 μόνον
2640 3015 2672 3083 ἡ
2703 3011 2944 3084 ἁμαρτία
2989 3011 3088 3064 ούκ
3128 3011 3326 3081 ἔχουσα
3349 3009 3527 3080 ἀρχὴν
3561 3009 3641 3080 ῥί-

381 3110 547 3164 stere,
594 3107 955 3169 praeterquam
993 3109 1277 3170 peccatum
1299 3140 1315 3164 ,
1343 3103 1504 3170 cujus
1533 3102 1687 3156 radix
1715 3111 1768 3158 et
1806 3104 1960 3172 origo

384 3193 654 3263 principio
704 3200 896 3257 caret;
958 3208 1138 3262 neque
1187 3200 1450 3262 perpetuo
1503 3201 1720 3257 manet,
1762 3193 1858 3250 sed
1905 3194 1962 3248 in

386 3282 690 3352 uobisipsis
708 3282 1063 3336 adventitium
1084 3282 1291 3338 inestet
1308 3285 1651 3340 extrinsecus
1665 3285 1959 3349 adscitum,

386 3373 548 3444 267
598 3383 652 3428 et
679 3388 709 3426 a
752 3374 909 3428 nobis
965 3389 1184 3428 rursum
1229 3375 1391 3429 habet
1437 3384 1495 3428 ut
1543 3390 1667 3431 esse
1711 3374 1961 3440 desinat,

386 3465 847 3533 quemadmodum
885 3480 1010 3519 eum
1057 3467 1377 3537 singillatim
1416 3468 1681 3522 adversus
1729 3467 1964 3523 haereses

387 3557 727 3626 disputarem
793 3557 995 3627 ubique
1055 3560 1353 3614 monstravi
1410 3579 1422 3614 :
1475 3557 1654 3613 Unum
1714 3560 1965 3614 videlicet

387 3662 514 3702 esse
563 3647 768 3712 Deum,
812 3663 839 3702 a
889 3663 994 3719 quo
1051 3647 1192 3703 facta
1243 3649 1572 3718 conditaque
1609 3648 1718 3704 sint
1753 3649 1963 3715 Omnia,

390 3738 608 3794 Patrem
660 3739 874 3794 Domini
927 3742 1101 3797 nostri
1137 3740 1265 3797 Iesu
1311 3741 1746 3808 Cbristi;unum
1780 3741 1963 3795 itidem

389 3849 512 3890 esse
558 3831 753 3887 Filium
800 3833 920 3903 ejus
965 3830 1313 3904 Unigenitum
1343 3835 1628 3888 Dominum
1676 3841 1962 3897 nostrum,

393 3923 738 3978 Salvatorent
769 3939 832 3978 ac
865 3923 1064 3991 Deum;
1091 3941 1258 3979 unum
1288 3940 1506 3995 quoque
1539 3922 1800 3995 Spiritmn
1842 3941 1968 3978 sau-

392 4024 539 4068 ctum
560 4033 574 4082 ;
595 4029 756 4068 unam
780 4023 1048 4079 sanctam,
1073 4017 1705 4086 consubstantialemque
1727 4015 1936 4069 Triuita
1955 4043 1968 4054 -

393 4114 537 4168 tom,
593 4121 623 4159 a
671 4122 780 4175 qua
830 4115 981 4162 recte
1021 4114 1150 4161 sunt
1193 4107 1447 4162 universa
1491 4117 1823 4176 procreata:
1859 4123 1967 4161 non

392 4199 574 4267 aliqua
600 4198 762 4262 mala,
787 4198 879 4253 sed
908 4200 1128 4252 omnino
1152 4199 1316 4258 bona.
1341 4207 1501 4268 prout
1528 4199 1790 4253 bonitatis
1823 4200 1969 4253 illius

393 4288 648 4341 voluntas
679 4287 823 4339 tulit.
856 4285 1056 4341 Eadem
1080 4303 1240 4355 porro
1281 4303 1312 4341 e
1353 4288 1526 4341 nihilo
1561 4297 1612 4341 ut
1648 4296 1831 4342 essent
1867 4289 1970 4340 ali-

2065 3105 2184 3178 ζης,
2217 3106 2338 3160 οὐδὲ
2386 3108 2466 3168 εἰς
2492 3105 2642 3170 τέλος
2677 3104 2930 3176 μένουσα,
2961 3106 3017 3156 ὲν
3042 3105 3172 3173 ἡμῖν
3208 3101 3264 3154 δὲ
3298 3103 3649 3164 έπεισάκτως

2064 3198 2345 3268 γινομένη,
2397 3199 2491 3251 καὶ
2538 3198 2632 3266 ἀφ’
2667 3197 2822 3268 ἡμῶν
2873 3195 3034 3250 πάλιν
3081 3193 3384 3263 παυομένη,
3427 3193 3504 3255 ὡς
3548 3194 3648 3247 καὶ

2064 3289 2336 3360 πανταχοῦ
2365 3290 2505 3344 κατά
2547 3289 2734 3344 πασῶν
2763 3289 2869 3342 τῶν
2903 3287 3165 3358 αἱρέσεων
3197 3285 3518 3355 ποιούμενος
3552 3285 3642 3337 τὸν

2063 3380 2218 3449 λόγον
2266 3379 2550 3444 ἀπέδειξα·
2599 3381 2678 3433 ὅτι
2728 3376 2806 3444 εἷς
2855 3381 3000 3432 ἐστιν
3044 3379 3072 3430 6
3117 3376 3250 3439 Θεὸς
3295 3375 3324 3426 6
3369 3375 3438 3428 τά
3468 3374 3648 3426 πάντα

2066 3474 2296 3544 ποιήσας
2341 3475 2434 3526 καὶ
2479 3471 2910 3542 δημιουργήσας,
2971 3473 3000 3523 6
3049 3467 3238 3539 Πατὴρ
3285 3467 3378 3520 τοῦ
3433 3466 3641 3536 Κυρίου

2066 3566 2222 3637 ἡμῶν
2259 3563 2433 3634 Ἰησοῦ
2483 3562 2755 3635 Χριστοῦ⁹
2804 3563 2897 3616 καὶ
2947 3557 3088 3631 εἷςό
3135 3559 3430 3631 μονογενὴς
3476 3555 3641 3610 αὐτοῦ

2068 3657 2224 3722 Παῖς,
2256 3659 2283 3708 6
2308 3655 2511 3725 Κύριος
2541 3653 2699 3723 ἡμῶν
2724 3654 2815 3705 καὶ
2845 3652 3034 3721 Σωτὴρ
3062 3651 3155 3704 καὶ
3182 3651 3313 3712 θεός
3333 3665 3347 3679 ⁸
3381 3650 3478 3702 καὶ
3491 3648 3549 3700 ἓν
3584 3646 3646 3700 τὸ

2067 3747 2222 3814 ἅγιον
2252 3743 2416 3798 αὐτοῦ
2442 3741 2662 3812 Πνεῦμα
2683 3759 2696 3773 ⁸
2735 3741 2833 3812 μία
2862 3741 3027 3812 Τριάς
3057 3740 3187 3808 ἁγία
3217 3740 3310 3793 καὶ
3335 3737 3641 3820 όμοούσιος,

2068 3837 2128 3901 ἐξ
2154 3833 2220 3908 ἦς
2251 3836 2320 3890 τὰ
2350 3836 2530 3889 πάντα
2572 3833 2752 3896 καλῶς
2785 3833 3100 3903 ἐκτισμένα,
3135 3832 3196 3884 οὐ
3244 3828 3460 3901 πονηρά
3499 3846 3648 3892 τινα,

2069 3922 2203 3976 ἀλλὰ
2237 3921 2436 3991 ἀγαοά,
2469 3921 2608 3974 κατὰ
2641 3921 2736 3991 τὴν
2771 3920 2940 3988 οὕτως
2977 3919 3344 3990 εύδοκήρασαν
3376 3918 3644 3987 ἁγαθότη-

2067 4031 2158 4077 τα,
2185 4013 2242 4078 ἐξ
2271 4014 2370 4066 ούκ
2395 4013 2563 4066 ὄντων
2596 4011 2762 4082 κεκλη
2773 4011 2906 4080 μένα
2940 4013 3020 4073 εἰς
3052 4011 3112 4062 τὸ
3143 4004 3379 4080 sivetth
3412 4008 3532 4078 Θεῷ
3561 4008 3645 4061 δότ

2071 4104 2154 4170 Ea,
2191 4105 2285 4158 καὶ
2316 4105 2473 4175 τιμὴ,
2503 4103 2601 4159 καὶ
2628 4103 2827 4173 κράτος
2859 4103 3032 4173 Πατρὶ
3057 4104 3113 4156 ἐν
3149 4101 3282 4170 Υίῴ,
3315 4099 3430 4169 Υἱῷ
3456 4103 3514 4152 ἐν
3539 4100 3647 4152 Πα-

2069 4196 2178 4266 τρὶ,
2209 4197 2306 4248 σὺν
2323 4195 2460 4264 ἁγίῳ
2489 4193 2764 4264 Πνεύματι
2797 4194 2876 4256 εἰς
2905 4193 3027 4255 τοὺς
3058 4191 3258 4255 αἰῶνας
3278 4191 3387 4245 τῶν
3409 4189 3653 4244 αἰώνων.,

2084 4287 2276 4356 Ἀμήν.

395 4377 527 4447 quid
568 4385 790 4431 evocata
853 4384 1001 4430 sunt.
1047 4375 1146 4429 Cui
1171 4376 1390 4445 quidem
1427 4376 1535 4429 Deo
1573 4377 1768 4446 gloria,
1830 4380 2002 4431 honor
2041 4386 2094 4432 et
2145 4375 2431 4446 imperium
2490 4375 2597 4442 sit,
2638 4373 2785 4457 Patri
2837 4376 2892 4430 in
2930 4375 3101 4440 Filio,
3145 4373 3285 4428 Filio
3359 4372 3412 4426 in
3453 4370 3652 4438 Patre,

396 4487 520 4528 eum
581 4468 785 4539 Spiritu
845 4475 1067 4532 sancto,
1124 4468 1177 4521 in
1233 4470 1432 4523 saecula
1485 4471 1842 4534 saeculorum.
1891 4472 2085 4526 Amen.
2355 4465 2358 4468 ’

470 4564 580 4618 llae
609 4564 774 4634 igitur
796 4563 988 4617 lurresi
1020 4561 1210 4633 paucis
1245 4562 1298 4615 in
1325 4563 1470 4616 hunc
1501 4564 1718 4617 modum
1751 4581 1962 4628 eversa,

2139 4562 2354 4634 Ταύτης
2381 4563 2436 4616 δὲ
2479 4562 2638 4616 πάλιν
2677 4561 3042 4632 ποιησάμενος
3083 4560 3181 4631 τὴν
3213 4560 3530 4631 ἀνατροπὴν
3561 4559 3652 4613 διά

397 4657 465 4709 ad
498 4655 738 4724 reliquas
767 4652 1101 4724 pergendum
1143 4671 1156 4708 :
1187 4669 1324 4723 quas
1358 4653 1680 4724 singillatim
1714 4667 1878 4725 prout
1918 4657 1970 4710 in

398 4746 556 4800 nobis
585 4745 748 4799 situm
775 4745 898 4806 erit,
923 4743 1250 4807 refellemus,
1278 4760 1341 4799 ac
1362 4743 1972 4812 perniciosissimmilla-

399 4856 520 4894 rum
575 4839 831 4907 nequitiae
881 4837 1103 4892 modum
1165 4837 1571 4890 adhibebimus.
1632 4835 1766 4904 Seps
1825 4835 1971 4888 extim

399 4929 594 4984 merito
642 4928 730 4983 ille
785 4927 1058 4983 nominari
1116 4935 1310 4996 potest.
1364 4925 1518 4990 Quod
1569 4926 1756 4986 bestiae
1803 4940 1974 4992 genus

399 5037 508 5074 nou
539 5014 648 5073 tam
674 5033 1112 5089 serpens,quam
1134 5018 1327 5087 reptile
1355 5016 1669 5086 quadrupes
1695 5025 1807 5079 est,
1837 5016 1970 5070 stel-

518 5187 577 5227 r.
606 5173 971 5242 συνημμένου.
1045 5174 1068 5206 ⁸
1101 5171 1165 5226 F.
1193 5171 1335 5240 ὅφις,
1370 5178 1423 5226 cl
1453 5185 1577 5225 mox
1607 5170 1929 5240 τετράπουν.

475 5290 588 5358 (Η)
631 5286 770 5355 Σὴψ
793 5289 901 5355 γὰρ
923 5283 1100 5358 οὗτος
1126 5287 1202 5340 ἂν
1228 5285 1478 5358 λέγοιτοτ
1520 5284 1664 5358 Seps
1694 5287 1831 5358 alius
1859 5301 1978 5358 ser-

403 5355 540 5428 pens
563 5355 578 5426 ,
604 5359 744 5430 alius
779 5357 1322 5430 lacerta._Posterior
1347 5356 1594 5430 Chalcis,
1634 5357 1714 5430 vel
1746 5355 1980 5408 Chalci-

408 5425 529 5479 ilica
554 5425 569 5492 ;
599 5428 746 5496 quod
795 5426 1120 5496 quihusdam
1161 5425 1321 5479 lineis
1358 5425 1483 5496 :rris
1516 5425 1981 5496 Specic'm__ger_cn-

410 5499 555 5550 tibus
591 5493 980 5566 distinguatur.
1009 5495 1082 5548 De
1112 5495 1212 5548 hoc
1242 5509 1440 5566 genere
1470 5493 1712 5566 loquitur
1745 5493 1980 5566 Epiphaf

414 5581 555 5618 mus.
594 5563 748 5618 Unde
770 5563 993 5634 ’χαλκέα
1039 5581 1140 5618 vox
1178 5572 1267 5617 aut
1300 5565 1368 5616 ab
1398 5564 1610 5634 erudito
1643 5563 1888 5634 quodam
1916 5563 1982 5615 ad

413 5649 566 5687 oram
606 5631 821 5688 codicis
852 5635 1109 5689 adnotata
1132 5673 1144 5688 .
1180 5640 1272 5686 aut
1299 5648 1398 5685 suo
1428 5633 1546 5686 loco
1578 5642 1739 5684 im-ta.
1777 5631 1982 5688 Scriem

2073 4655 2337 4727 βραχέων,
2365 4655 2457 4708 ἐπὶ
2485 4654 2583 4718 τάς
2613 4653 2736 4724 ἑξῆς
2766 4652 3190 4724 βαδιοῦμαι,,τὺν
3229 4652 3366 4724 πρὸς
3408 4652 3648 4722 ἑκάστην

2072 4743 2212 4796 κατά
2236 4743 2465 4813 δύναμιν
2501 4742 2823 4814 ποιούμενος
2851 4743 3093 4812 ἔλεγχον,
3134 4741 3228 4795 καὶ
3257 4739 3430 4805 οὕτως
3463 4744 3649 4795 ἐπιτε-

2070 4835 2176 4888 λῶν
2222 4835 2319 4906 τὴν
2365 4833 2676 4906 ἀνατροπὴν
2718 4835 2818 4904 τῆς
2861 4832 3039 4886 αὐτῶν
3072 4835 3409 4902 λυμαντικῆς
3443 4833 3649 4906 μοχθη-

2073 4926 2214 4996 ρίας.
2247 4925 2362 5002 Σηψ
2395 4926 2503 4998 γὰρ
2531 4922 2685 4989 οὗτος
2719 4927 2784 4980 ἂν
2818 4925 3029 4994 λέγοιτο
3065 4926 3173 4993 (44,
3205 4925 3452 4990 δικαίως,
3489 4929 3518 4980 6
3549 4927 3652 4980 ούκ

2069 5017 2308 5086 όφθε“ις¹,
2334 5017 2445 5072 ἀλλ’
2471 5016 2546 5084 ῶς
2574 5035 2728 5088 φασι,
2760 5016 3011 5091 [χαλκέα,
3040 5018 3097 5080 ὃς
3165 5019 3279 5072 ἐστι
3310 5015 3650 5088 τετραπλοῦν

2077 5286 2295 5354 quidem
2354 5284 2527 5354 ipsam
2576 5283 2840 5337 orationis
2889 5279 3263 5354 inter_rum_pit._
3317 5275 3452 5354 Jam_
3488 5279 3646 5354 quod

2077 5348 2413 5424 Epiphanius
2448 5354 2644 5409 asserit
2671 5393 2709 5424 ,Α
2736 5367 2976 5406 morsum
3026 5350 3166 5424 haud
3201 5348 3336 5401 adeo
3369 5348 3646 5424 exitialem

2079 5418 2220 5488 esse,
2247 5425 2340 5478 sed
2381 5432 2543 5493 sputo
2577 5422 2864 5483 coniicere,
2895 5436 3018 5473 cum
3052 5420 3118 5471 iis
3151 5432 3389 5493 pugnare
3413 5418 3645 5479 videtur,

2080 5487 2212 5563 qu:e
2243 5487 2471 5547 Aristot.
2509 5494 2719 5552 scribit.
2757 5504 2940 5563 morsu
2971 5505 3073 5563 suo
3101 5491 3182 5563 vel
3220 5487 3535 5563 interimere
3564 5501 3645 5539 se—

2081 5555 2200 5632 pas,
2242 5564 2322 5616 vel
2379 5565 2701 5617 acerriumm
2749 5559 2992 5616 dolorem
3049 5556 3309 5629 inﬂigere.
3362 5555 3437 5612 De
3486 5564 3646 5625 sputo

2083 5631 2215 5688 nihil
2247 5631 2385 5704 apud
2419 5633 2580 5687 alium
2613 5632 2736 5701 legi.
