3950 6150
314 344 412 399 641
949 347 1318 407 ADVERSUS
1356 349 1695 407 ΙΙᾸΞΒΕΞΕΞ
1733 351 1860 408 LIB.

1985 350 2146 407 TOM.
2179 352 2266 410 Ill.
2299 354 2642 413 —ll}ERES.
2687 357 2944 416 XXXVII.
3475 367 3580 422 6&2

314 463 569 537 ἑρπετὸν,
605 463 971 540 άσκαλαὸὠτῃ
1011 468 1204 533 ἐοικώς
1226 485 1238 498 ·
1263 464 1323 524 οῦ
1353 473 1384 542 ὴ
1423 477 1520 542 μὲν
1558 471 1650 525 τοῦ
1684 472 1880 542 δήγμα·

1999 471 2163 527 lionis
2191 472 2400 541 specie;
2446 474 2540 543 qui
2572 489 2696 529 cum
2741 492 2929 531 morsu
2962 477 3099 533 nihil
3137 477 3431 534 admodum
3479 497 3580 534 no-

316 572 404 618 τος
452 555 622 627 βλάϐη
670 558 750 620 είς
797 557 948 612 οὐδὲν
993 559 1288 628 λογίζεται,
1318 561 1380 615 τὸ
1406 563 1462 616 δὲ
1496 563 1740 633 πτύσμα,
1771 563 1880 634 ἢὲι

1997 570 2138 627 ceat,
2173 572 2394 632 sputum
2423 565 2601 635 ipsum
2632 567 2678 620 si
2709 567 2765 621 in
2787 568 2971 622 cibum
3000 577 3094 623 aut
3124 579 3313 640 potum
3342 571 3574 634 eliserit,

313 644 585 718 βρώματι,
620 645 654 716 ἢ
695 648 752 699 ὲν
783 645 932 717 ποτῷ
973 649 1308 717 άκοντισθὲν,
1345 651 1574 706 θάνατον
1598 651 1760 716 εὐθὺς
1783 655 1880 716 τοῖς

1996 667 2240 722 praesens
2286 654 2353 707 iis
2394 655 2488 724 qui
2528 655 2882 711 adhibuerim
2928 659 3156 713 exitium
3205 659 3400 716 afferre
3442 661 3550 716 dici

315 735 712 808 μεταλαϐοῦσιν
739 736 1032 810 ἐργάζεται
1051 756 1066 770 ⁶
1095 742 1182 794 οἵα
1210 746 1303 795 καὶ
1345 744 1378 813 ἡ
1425 744 1614 798 τούτου
1638 746 1880 798 διδασκα·

1996 753 2106 799 tur.
2137 745 2417 815 Ejusmodi
2445 755 2531 803 est
2571 749 2720 803 illius
2751 749 3023 805 doctrina.
3057 751 3166 809 Nos
3199 763 3382 809 autem
3409 755 3575 825 hujus

311 826 423 882 λία.
442 827 602 882 Ἀλλὰ
629 829 722 884 xui.
749 830 939 885 τούτου
967 832 1058 886 τὸν
1082 833 1159 887 ἱὸν
1187 834 1560 906 φωράσαντες,
1583 837 1680 890 xui.
1708 840 1773 908 τῇ
1798 836 1880 890 τοῐ

1995 850 2214 906 quoque
2249 853 2456 892 veneno
2482 839 2755 908 patefacto
2776 880 2790 906 ,
2811 855 2876 895 ac
2903 841 3086 896 divina
3112 859 3215 914 0pc
3240 861 3305 899 ex
3329 846 3571 909 illorum,

313 923 520 994 Κυρίου
553 923 779 996 δυνάμει
812 926 923 979 ἀπὸ
953 926 1255 998 φαρύγγων
1286 928 1320 999 ἢ
1351 929 1574 999 χειλέων
1622 929 1732 983 τῶν
1765 930 1880 1001 μελ-

1993 928 2194 996 quibus
2223 929 2450 999 jamjam
2475 932 2788 985 nociturum
2818 940 2958 1001 erat,
2993 933 3246 990 faucibus
3275 948 3368 991 aut
3400 938 3574 993 labris

310 1021 512 1078 λόντων
554 1022 886 1093 βλάπτεσθαι
923 1027 1327 1098 άπομάξαντες,
1361 1030 1459 1094 τάς
1504 1029 1630 1100 ἑξῆς
1671 1030 1880 1084 διέλθω-

1992 1023 2263 1086 ahstcrso,
2299 1023 2365 1077 ad
2399 1030 2626 1078 caeteras
2660 1032 3032 1088 transeamus.
3050 1035 3106 1082 et
3128 1042 3245 1096 eas,
3277 1035 3338 1083 ut
3366 1029 3571 1084 dictum

313 1131 439 1184 μεν,
473 1113 548 1177 ὡς
573 1116 856 1183 προεῖπον,
901 1116 1001 1186 τῆς
1037 1117 1219 1171 αὐτῶν
1254 1118 1457 1190 βλάϐης
1489 1120 1766 1184 ποιοῦντες
1797 1122 1890 1175 τὸν

310 1203 556 1274 ἔλεγχον.
597 1270 600 1274 ι

837 1319 1025 1375 ΚΑΤΑ
1075 1322 1322 1377 ΟΦΙΤΩΝ
1340 1364 1354 1388 ,

431 1408 955 1479 Ἑπτακαιδεκάτη,
985 1415 1021 1482 ή
1046 1415 1145 1468 καὶ
1169 1415 1488 1484 τριακοστὴ
1529 1415 1769 1485 ἑϐδόμη.

379 1521 461 1576 A'.
512 1522 600 1585 Ὠς
631 1517 724 1576 οῦν
757 1526 822 1595 τῇ
853 1525 946 1578 τοῦ
973 1525 1107 1580 Θεοῦ
1143 1527 1370 1599 δυνάμει
1407 1529 1884 1600 ἐπαγγειλάμενοι,

306 1608 446 1663 Θεοῦ
492 1609 832 1682 βοηθοῦντος,
861 1616 954 1668 καὶ
981 1619 1046 1687 τῇ
1093 1617 1220 1688 ἑξῆς
1261 1619 1463 1691 ταύτης
1494 1621 1887 1693 ὑφηγησόμεθα

305 1704 429 1766 ταῖς
457 1704 719 1776 πρότερον
746 1706 1187 1778 άκολουθήσασαν
1219 1713 1710 1782 ματαιοφροσύναις
1735 1716 1885 1784 Ὀφι-

1989 1124 2097 1181 est,
2127 1115 2376 1171 oratione
2403 1123 2590 1172 nostra
2617 1115 2984 1173 confutemus.

2389 1315 2761 1372 ADVERSUS
2829 1317 3146 1382 OPHlTAS,

2170 1409 2303 1474 Qua:
2344 1417 2421 1462 est
2465 1407 2679 1463 [tmesis
2734 1409 2928 1477 XVII,
2977 1412 3054 1466 vel
3077 1410 3385 1466 XXXVII.

2060 1521 2099 1575 ἰ.
2131 1521 2284 1588 Quod
2313 1522 2480 1591 igitur
2508 1520 2697 1575 divino
2731 1521 2854 1576 freti
2897 1524 3155 1592 prmsidio
3187 1527 3533 1597 suscepimus
3555 1568 3569 1590 ,

1989 1613 2310 1684 Ophitarum
2340 1612 2572 1668 liaeresin
2593 1652 2607 1676 ,
2636 1629 2759 1684 quae
2812 1615 3189 1684 superioribus
3221 1617 3329 1672 illis
3361 1619 3571 1672 insanis

1989 1705 2312 1776 stolidisque
2369 1705 2534 1758 sectis
2586 1705 2828 1774 proxima
2900 1717 3006 1772 est,
3037 1709 3402 1778 aggredimur.
3440 1710 3572 1775 Quae

303 1793 438 1862 τῶν,
470 1794 538 1886 τὰ
584 1795 683 1867 μὲν
725 1798 868 1852 κατὰ
917 1799 985 1852 τά
1015 1801 1152 1854 αὐτὰ
1185 1803 1512 1886 φερομένην,
1543 1805 1614 1858 τά
1645 1806 1701 1859 δὲ
1737 1807 1880 1877 διηλ-

1990 1799 2209 1868 quidem
2242 1797 2442 1868 partim
2487 1813 2610 1851 cum
2652 1797 2761 1853 illis
2793 1801 3052 1854 convenit
3073 1842 3087 1865 ,
3119 1802 3316 1870 partim
3363 1802 3574 1857 discre—

303 1884 603 1956 λαγμένην.
629 1887 850 1957 Λεγέτω
887 1889 980 1942 δὲ¹
1017 1893 1127 1954 τοίς
1160 1892 1313 1963 ἤθεσι
1343 1893 1437 1946 καὶ
1477 1884 1726 1966 σχήμασι
1772 1898 1879 1951 τῶν

304 1975 605 2045 χρωμένων
634 1978 768 2049 αὐτῇ
791 1994 803 2007 ·
835 1979 920 2031 ἵνα
957 1979 1068 2033 ἀπὸ
1106 1984 1205 2052 τῆς
1235 1983 1508 2057 μετεώρου
1546 1987 1753 2058 πλάνης
1783 1987 1883 2058 τῆς

301 2067 511 2120 τούτων
540 2067 836 2138 διαφωνίας
868 2072 1031 2124 παντί
1055 2090 1133 2142 τῳ
1157 2073 1315 2144 δῆλον
1337 2074 1547 2147 ἔοηται,
1582 2078 1664 2132 ὅτι
1706 2078 1882 2150 πλάνῃ

303 2157 557 2224 ἄγονται,
587 2159 680 2212 καὶ
702 2161 800 2213 οὐκ
818 2161 1066 2234 ἀληθείᾳ.
1085 2163 1470 2236 Φωραθήσεται
1500 2167 1556 2220 δὲ
1583 2167 1677 2222 νῦν
1702 2166 1780 2240 τῷ
1803 2168 1884 2221 λό-

304 2265 390 2320 γῳ
425 2249 519 2302 καὶ
565 2249 946 2324 ἐλεγχθήσεται
979 2256 1013 2326 ἡ
1041 2255 1160 2310 κατ’
1185 2256 1350 2310 αὐτοῦ
1369 2258 1389 2288 ²
1417 2258 1591 2314 ἄνοια.

375 2431 439 2482 Οἱ
469 2432 681 2498 Ὀφίται
729 2432 829 2503 μὲν
861 2433 987 2505 γάρ,
1012 2435 1089 2497 ὡς
1131 2436 1414 2506 προεῖπον,
1446 2435 1544 2498 τὰς
1581 2434 1882 2507 προφάσεις

302 2521 588 2593 εἰλήφασιν
637 2523 745 2576 άπὸ
793 2525 890 2595 τῆς
934 2525 1028 2578 τοῦ
1072 2525 1360 2591 Νικολάου,
1403 2526 1498 2579 xui.
1539 2526 1878 2592 Γνωστικῶν,

304 2617 402 2670 καὶ
429 2615 538 2668 τῶν
571 2615 677 2686 πρὸ
701 2615 905 2669 τούτων
934 2617 1198 2688 αἱρέσεων
1217 2633 1230 2647 °
1258 2620 1472 2688 Ὀφῖται
1505 2618 1561 2672 δὲ
1595 2620 1879 2674 καλοῦνται

299 2708 374 2761 δι’
403 2707 463 2760 δν
509 2707 823 2772 δοξάζουσιν
872 2708 1236 2777 δφιν.¹Ἀτοπα
1279 2711 1388 2783 γάρ
1420 2711 1514 2766 xui
1551 2701 1696 2765 οῦτοί
1727 2711 1881 2785 ἐρεύ-

301 2816 512 2868 γονται,
540 2800 615 2863 ὠς
647 2801 755 2853 άπὸ
777 2800 876 2872 τῆς
906 2801 1310 2874 προειρημένης
1340 2801 1596 2874 βρώσεως
1626 2803 1726 2872 τῆς
1751 2803 1881 2856 δυσ-

301 2889 495 2960 οδμίας
538 2890 982 2961 ἐμπεπλησμένοι
1004 2907 1018 2921 ο
1066 2891 1160 2944 καὶ
1195 2891 1269 2955 ὡς
1299 2891 1432 2946 κενά
1460 2892 1714 2964 δαιμόνια
1737 2895 1880 2946 ἁπα-

300 2981 560 3056 τηθὲντες
611 2977 758 3036 οὗτοι
810 2981 900 3036 τὸν
952 2983 1096 3052 ὅφιν,
1127 2983 1202 3046 ὡς
1249 2986 1530 3054 προεῖπον,
1576 2983 1877 3048 δοξάζουσι.

302 3076 416 3128 Καὶ
458 3076 560 3147 δρα
595 3076 675 3138 εἰς
706 3075 838 3146 ὅσην
883 3061 1089 3146 προέϐη
1123 3075 1534 3145 κακομηχανίαν
1584 3076 1613 3128 ὁ
1657 3075 1879 3140 τούτους

1983 1900 2099 1970 pat,
2147 1906 2248 1961 pro
2297 1903 2487 1944 eorum
2528 1888 2623 1957 qui
2675 1890 2825 1944 illam
2883 1892 3054 1947 secuti
3109 1899 3271 1958 sunt,
3323 1895 3572 1949 moribus

1985 1985 2286 2052 habituque
2319 1980 2598 2046 dissimili,
2629 1988 2686 2036 ut
2717 1982 2801 2037 vel
2833 1983 3013 2038 inanis
3053 1984 3145 2038 illa
3191 1994 3245 2040 ct
3287 1987 3572 2041 erroribus

1982 2075 2260 2144 implicata
2315 2071 2594 2128 discordia
2667 2088 2867 2145 magno
2925 2075 3182 2131 omnibus
3243 2086 3572 2148 argumento

1984 2165 2078 2228 sit,
2107 2163 2350 2220 falsitate
2385 2163 2510 2218 illos
2547 2179 2671 2219 esse
2703 2179 2812 2218 non
2840 2165 3070 2220 veritate
3097 2167 3386 2224 subnixos.
3413 2167 3570 2223 Nunc

1982 2253 2168 2325 itaque
2219 2269 2410 2308 eorum
2459 2253 2709 2309 oratione
2741 2263 2932 2310 nostra
2986 2256 3289 2327 detegenda
3320 2273 3385 2314 ac
3433 2274 3568 2314 con‘

1981 2344 2254 2400 vincenda
2281 2344 2506 2400 vesania
2531 2353 2636 2400 est.

2053 2437 2218 2507 268
2244 2435 2377 2490 Nam
2426 2434 2674 2505 Ophitze,
2719 2436 3184 2507 quemadmodum
3221 2438 3500 2506 diximus,
3536 2457 3566 2496 a

1983 2528 2228 2594 Nicolao,
2259 2536 2312 2583 et
2338 2528 2642 2592 Gnosticis,
2672 2543 2736 2583 ac
2769 2529 3049 2598 prioribus
3071 2530 3196 2585 aliis
3237 2534 3404 2588 sectis
3420 2533 3568 2589 emo-

1983 2627 2229 2674 ruerunt.
2262 2616 2410 2683 Quos
2445 2616 2697 2688 Ophitas,
2735 2617 2836 2672 hoc
2875 2627 2958 2673 est
3006 2623 3291 2689 anguinea:
3313 2661 3328 2686 ,
3367 2621 3434 2676 ab
3466 2636 3568 2676 an-

1929 2721 1932 2723 ‘
1983 2709 2232 2780 gue-illo
2289 2724 2450 2778 quem
2505 2709 2817 2772 celebrant,
2890 2711 3163 2778 appellare
3210 2711 3409 2766 solent.
3462 2711 3569 2768 Sed

1981 2800 2255 2879 horrenda
2286 2815 2418 2857 sane
2448 2809 2574 2855 sunt
2604 2816 2724 2870 qua:
2754 2801 3005 2856 homines
3033 2802 3144 2866 isti,
3169 2811 3230 2856 ut
3260 2804 3334 2858 ita
3365 2804 3569 2869 dicam.

1981 2900 2253 2959 eructant,
2292 2909 2356 2948 ex
2388 2894 2481 2947 illo
2514 2908 2611 2948 esu
2646 2894 2788 2948 velut
2825 2903 2966 2947 tetro
3003 2895 3240 2962 quodam
3278 2881 3449 2949 odore
3481 2912 3568 2951 re-

1984 2981 2127 3036 ferti.
2174 2979 2493 3051 Serpentem
2529 2981 2730 3051 quippe
2778 2982 2904 3036 novi
2934 2981 3221 3050 cujusdam
3248 2983 3425 3036 instar
3460 2999 3568 3038 nu-

1983 3071 2146 3126 minis
2185 3080 2534 3127 venerantur.
2581 3071 2658 3126 Ac
2707 3072 2827 3126 vide
2873 3072 3095 3142 quantis
3147 3086 3242 3127 eos
3281 3071 3568 3131 fraudibus

301 3169 591 3240 ἀπατήσας
633 3167 776 3236 ὄφις.
804 3167 1068 3240 Καθάπερ
1095 3168 1204 3239 γὰρ
1227 3165 1287 3232 ἐξ
1311 3168 1562 3239 ὑπαρχῆς
1593 3168 1720 3232 τοὺς
1752 3167 1879 3240 περὶ

1985 3161 2104 3227 ille,
2147 3177 2178 3216 a
2210 3177 2318 3232 quo
2350 3162 2709 3217 circumventi
2748 3172 2906 3225 sunt,
2940 3177 3165 3232 serpens
3210 3162 3456 3219 irretitos
3489 3173 3569 3217 te-

305 3259 454 3314 Εῦαν
504 3261 599 3313 καὶ
645 3261 736 3314 τὸν
770 3260 942 3331 Ἀδὰμ
971 3261 1274 3331 ἠπάτησεν,
1303 3259 1446 3314 οὕτω
1485 3259 1579 3313 xui.
1611 3258 1708 3313 νῦν
1749 3259 1882 3332 κρύ-

305 3367 458 3404 πτων
493 3349 680 3403 ἑαυτὸν
708 3349 766 3402 ἕν
807 3365 864 3402 τε
889 3348 966 3420 τῷ
1000 3351 1226 3422 παρόντι
1248 3349 1342 3402 xui.
1375 3351 1432 3402 εν
1456 3349 1534 3420 τῷ
1574 3350 1750 3421 χρόνῳ
1775 3349 1882 3404 τῶν

312 3441 606 3506 Ἰουδαίων,
631 3441 759 3513 ἄχρι
783 3443 883 3513 τῆς
905 3440 1000 3494 τοῦ
1026 3440 1261 3513 Χριστοῦ
1285 3441 1607 3512 παρουσίας.
1631 3435 1766 3495 Εἶτα
1789 3440 1882 3495 xui.

301 3533 705 3606 προϐαινόντων
729 3532 838 3586 τῶν
859 3533 1066 3605 χρόνων
1092 3533 1304 3604 λίχνους
1325 3532 1486 3596 ὄντας
1514 3533 1640 3597 τοὺς
1669 3533 1764 3586 άνο
1774 3532 1880 3605 ρώ-

301 3642 441 3689 πους
473 3627 540 3697 τῇ
572 3623 639 3678 δι’
677 3622 842 3677 αὐτοῦ
882 3623 946 3676 ὲκ
987 3623 1087 3694 τῆς
1131 3623 1417 3696 παρακοῆς
1444 3621 1712 3694 ληφθείσῃ
1743 3621 1884 3694 βρώ-

304 3735 411 3781 σει,
441 3715 524 3769 ἔτι
562 3714 904 3769 ὑπονοθεύων
935 3714 1033 3768 xui.
1063 3712 1344 3785 ἐρεθίζων,
1377 3715 1457 3776 είς
1491 3711 1882 3784 περισσοτέραν

299 3811 520 3882 ἀπάτην
564 3809 675 3863 ἀπὸ
722 3808 814 3863 τοῦ
861 3807 1013 3871 ὄντος
1056 3803 1192 3860 Θεοῦ
1240 3806 1522 3876 ἀφίστησι,
1574 3805 1742 3858 πολλὰ
1784 3805 1882 3876 μὲν

301 3899 737 3970 ὑπισχνούμενος
773 3899 882 3962 ἀεὶ,
913 3897 989 3962 ὡς
1033 3899 1126 3950 xui.
1171 3898 1229 3964 ἐξ
1279 3897 1490 3968 ἀρχῆς’
1523 3898 1616 3950 καὶ
1650 3896 1756 3966 γάρ
1789 3897 1883 3949 καὶ

299 3993 425 4046 τότε
447 3993 719 4064 ἡπάτησε,
738 3991 913 4060 λέγων
931 4008 945 4022 ⁶
971 3992 1229 4044 Ἐσεσθε
1251 3990 1330 4055 ὡς
1351 3990 1476 4045 0εοί
1496 4007 1509 4020 ο
1534 3985 1652 4042 εἶτα
1675 3988 1885 4060 προῖόν-

300 4101 412 4138 των
439 4082 546 4136 τῶν
569 4083 793 4154 χρόνων,
821 4081 920 4153 τὴν
950 4080 1298 4152 πολύμορφον
1321 4080 1415 4133 xui.
1442 4079 1722 4151 τερατώδη
1747 4096 1881 4148 φαν-

299 4177 498 4232 τασίαν
530 4177 712 4239 αὐτοῖς
755 4173 1130 4246 ὲξειργάσατο.
1150 4172 1282 4226 Ἀπὸ
1329 4171 1438 4245 γὰρ
1485 4171 1578 4226 τοῦ
1633 4173 1751 4236 ἐνὸς
1788 4173 1882 4226 xui.

300 4268 398 4322 τοῦ
451 4265 705 4338 ἀληθινοῦ
759 4262 892 4318 Θεοῦ
938 4265 1251 4336 ἀποστήσας
1302 4264 1521 4328 αὐτοὺς,
1566 4263 1879 4334 ὲνεκίσσησε

301 4360 472 4414 πάλαι
520 4359 620 4429 τὴν
664 4359 762 4429 τῆς
815 4355 1255 4427 εἰδωλολατρείας
1304 4357 1397 4409 xui.
1432 4356 1718 4419 πολυθεῒας
1749 4355 1880 4425 βλά-

303 4468 520 4522 σφημον
545 4448 895 4518 κενοφωνίαν.
929 4446 1192 4502 Οὐδέποτε
1222 4448 1331 4518 γάρ
1364 4443 1503 4518 ἦσαν
1527 4447 1662 4512 θεοὶ,
1689 4445 1877 4516 ὥσπερ

299 4541 425 4594 οὐδὲ
450 4539 749 4604 είσ“ιν,άλλὰ
769 4539 797 4590 ό
821 4537 973 4600 Θεός.

1981 3261 2125 3307 neat.
2169 3251 2304 3306 Nam
2340 3262 2396 3305 ut
2426 3253 2593 3305 Evam
2652 3251 2781 3304 olim
2813 3259 2866 3306 et
2913 3250 3181 3304 Adamum
3215 3249 3405 3305 fefellit
3436 3267 3450 3316 ;
3493 3251 3567 3304 ita

1980 3344 2142 3399 modo
2173 3345 2412 3414 seipsum
2445 3352 2632 3414 tegens
2655 3358 2718 3398 ac
2740 3342 3121 3407 dissimulans,
3138 3341 3384 3414 adeoque
3405 3352 3566 3400 antea

1979 3430 2292 3488 Iudaeorum
2340 3434 2682 3504 temporibus
2706 3471 2721 3496 ,
2761 3434 2827 3488 ad
2855 3433 3148 3487 adventum
3185 3449 3359 3503 usque
3405 3433 3568 3488 Chri-

1981 3525 2074 3590 sti,
2104 3525 2431 3580 mortalibus
2459 3525 2739 3595 imposuit.
2768 3524 2906 3578 Tum
2933 3526 3412 3595 progredientibus
3439 3535 3588 3579 mar

1982 3617 2128 3673 tibus
2158 3633 2286 3672 esca
2316 3617 2430 3683 illa,
2463 3633 2627 3687 quam
2655 3625 2849 3671 contra
2883 3617 2977 3672 Dei
3010 3617 3362 3672 interdictum
3401 3632 3568 3672 usur-

1981 3723 2114 3780 pare
2163 3709 2282 3765 ausi
2324 3709 2560 3774 fuerant,
2611 3711 2943 3780 prolectatos
2978 3710 3260 3773 homines,
3294 3718 3349 3766 et
3391 3711 3573 3765 avidi-

1980 3808 2093 3856 tate
2134 3813 2418 3871 correptos
2470 3802 2538 3855 ab
2587 3802 2858 3872 obsequio
2909 3803 3004 3859 Dei
3039 3804 3414 3860 callidioribus
3448 3819 3568 3858 ma-

1981 3893 2160 3948 chinis
2181 3893 2468 3957 abstraxit,
2502 3893 2882 3951 vehementius
2929 3893 3222 3950 identidem
3245 3895 3565 3952 adulterans

1980 3993 2035 4040 et
2065 3985 2334 4054 instigans
2357 4024 2370 4048 ,
2413 3999 2476 4038 ac
2515 3969 2810 4041 multarum
2861 4001 3040 4040 rerum
3077 4001 3230 4055 spem
3255 4026 3270 4049 ,
3316 3996 3375 4041 ut
3406 3987 3565 4041 initio

1982 4074 2216 4138 fecerat,
2261 4073 2580 4129 ostendens.
2623 4073 2758 4127 Nam
2804 4082 2857 4128 et
2890 4082 3022 4129 tunc
3070 4075 3144 4128 ita
3179 4075 3302 4130 illos
3349 4075 3566 4146 decepit

1981 4182 2106 4221 cum
2135 4165 2340 4220 diceret
2371 4184 2385 4219 :
2427 4163 2595 4218 Erilis
2639 4167 2776 4218 sicut
2816 4164 2891 4218 dii
2922 4166 2961 4220 ³.
2990 4164 3128 4220 Tum
3163 4167 3424 4236 paulatim
3469 4183 3565 4220 va-

1980 4259 2094 4314 rias
2122 4273 2185 4312 ac
2217 4257 2450 4328 portenti
2485 4258 2794 4314 simillimas
2821 4260 2901 4314 eis
2932 4260 3143 4328 species
3171 4259 3392 4330 objecit.
3426 4259 3564 4314 Cum

1981 4354 2125 4409 enim
2160 4355 2228 4408 ab
2277 4369 2388 4408 uno
2422 4369 2662 4424 veroque
2717 4353 2827 4410 Deo
2873 4355 2997 4409 illos
3033 4356 3358 4420 avertisset,
3395 4355 3568 4409 idolo-

1984 4446 2142 4499 latria
2197 4445 2696 4516 multipliciumque
2743 4447 2974 4501 deorum
3015 4447 3378 4517 ineptissimis
3438 4447 3568 4501 reli-

1988 4536 2242 4607 gionibus
2301 4538 2449 4591 velut
2498 4537 2610 4593 fetu
2658 4539 2900 4610 quodam
2960 4540 3226 4610 implevit.
3284 4539 3564 4607 Siquidem

301 4635 380 4690 dii
413 4647 695 4703 nunquam
755 4631 1119 4699 exstiterunt,
1167 4630 1246 4685 uti
1295 4645 1396 4686 nec
1439 4631 1716 4687 exsistunt
1749 4631 1948 4695 modo,
1982 4631 2076 4686 scd
2110 4630 2251 4687 Deus
2285 4631 2569 4688 duntaxat.

373 4748 682 4820 Προεκίσσα
703 4747 759 4800 δὲ
812 4745 909 4818 τὴν
945 4745 1351 4816 εἰδωλομανίαν,
1407 4745 1501 4800 xui.
1559 4745 1872 4810 πολυθεῖαν,

2051 4744 2252 4801 Verum
2279 4747 2530 4802 insanum
2558 4747 2980 4802 simulacrorum
3003 4749 3233 4814 cultum,
3259 4763 3322 4802 ac
3337 4747 3562 4804 deorum

300 4845 400 4900 xui.
441 4840 730 4911 άπατηλὴν
771 4838 1030 4892 διάνοιαν.
1095 4837 1208 4890 Οὐκ
1264 4832 1332 4908 ἦν
1385 4836 1442 4889 δὲ
1499 4838 1670 4900 αἴτιος
1717 4837 1880 4907 μόνος

296 4941 327 4991 ὁ
369 4934 692 5005 φαινόμενος
731 4930 849 4983 τότε
902 4931 1042 4999 ὄφις.
1088 4927 1221 4982 ἀλλά
1253 4930 1282 4980 ὁ
1333 4930 1389 4982 ἐν
1435 4927 1513 4999 τῷ
1565 4929 1685 5000 ὄφει
1757 4931 1880 5000 ὄφις

298 5029 575 5099 λαλήσας,
623 5022 766 5094 φημὶ
815 5022 870 5075 δὲ
916 5020 1194 5085 διάϐολος,
1257 5022 1352 5074 xui
1415 5021 1512 5092 τὴν
1562 5023 1731 5094 ἀκοὴν
1783 5023 1876 5077 τοῦ

302 5117 588 5188 ἀνθρώπου
639 5113 880 5186 ταράξας
944 5113 1032 5166 διὰ
1086 5113 1187 5182 τῆς
1244 5112 1527 5180 γυναικός.
1592 5114 1704 5167 Καὶ
1755 5115 1876 5168 οὐδὲ

297 5213 360 5266 τὸ
397 5209 555 5274 ξύλον
586 5203 654 5278 ἦν
693 5205 957 5277 ἁμαρτία.
985 5203 1118 5266 Θεὸς
1155 5202 1264 5274 γάρ
1305 5204 1458 5257 οὐδὲν
1501 5204 1738 5277 πονηρὸν
1777 5224 1877 5275 φυ-

298 5302 469 5357 τεύει.
503 5298 708 5352 Γνῶσιν
735 5296 791 5348 δὲ
813 5294 1095 5362 ἐνεποίησε
1116 5290 1178 5344 τὸ
1201 5291 1356 5358 ξύλον
1382 5291 1475 5345 τοῦ
1506 5293 1703 5346 εἰδέναι
1735 5295 1875 5361 ἁγα-

298 5393 392 5446 θόν
426 5407 488 5444 τε
534 5389 627 5442 καὶ
662 5385 884 5457 φαῦλον.
918 5384 1027 5437 Καὶ
1071 5383 1193 5452 οὐχὶ
1224 5383 1312 5437 διὰ
1337 5383 1398 5436 τὸ
1428 5383 1625 5437 εἰδέναι
1654 5386 1682 5438 ὁ
1713 5383 1878 5437 θάνα-

296 5500 413 5548 τος,
444 5481 580 5535 ἀλλὰ
630 5480 718 5533 διὰ
761 5478 861 5548 τὴν
904 5476 1209 5547 παρακοήν.
1244 5475 1355 5528 Καὶ
1387 5475 1496 5547 γὰρ
1529 5477 1563 5546 ὴ
1599 5477 1748 5529 πᾶσα
1781 5475 1877 5529 τοῦ

298 5573 498 5651 ἐχθροῦ
529 5573 650 5627 τότε
683 5570 920 5644 συσκευὴ
951 5571 1050 5641 οὐχ
1082 5570 1267 5624 ’ἐνεκεν
1288 5569 1383 5623 τοῦ
1413 5569 1879 5642 βρώματος-γέγο·

383 5756 400 5788 ³
425 5755 578 5824 Ρ,γω
614 5755 691 5810 δέ.
769 5759 788 5787 ¹
821 5753 880 5810 F.
915 5755 1128 5820 αὐτούς.
1205 5754 1226 5785 ³
1261 5753 1396 5813 Cen.
1420 5771 1504 5822 In,
1533 5755 1583 5808 5.

1980 4838 2386 4894 multitudinem
2411 4879 2426 4903 ,
2467 4848 2522 4893 et
2558 4839 2904 4894 fraudulenta
2936 4841 3387 4896 consiliadudum
3418 4843 3562 4912 apud

1980 4945 2039 4986 se
2067 4938 2421 5000 conceperat.
2455 4929 2645 5000 Neque
2677 4946 2806 4985 vero
2831 4933 2980 4987 solus
3007 4933 3096 4986 ille
3119 4971 3135 4997 ,
3170 4933 3264 5002 qui
3289 4933 3563 4988 extrinse-

1978 5037 2077 5078 cus
2108 5022 2438 5091 apparebat,
2476 5038 2702 5092 serpens
2738 5024 2876 5077 tanti
2910 5024 3035 5077 mali
3086 5039 3311 5078 causam
3343 5025 3563 5092 attulit;

1975 5113 2069 5168 sed
2102 5113 2192 5182 qui
2225 5128 2322 5182 per
2353 5128 2476 5167 eum
2511 5113 2837 5183 loquebatur
2863 5114 3004 5168 alius
3035 5129 3265 5184 serpens
3289 5153 3306 5179 ,
3343 5115 3449 5170 hoc
3479 5126 3566 5170 est

1981 5205 2268 5269 diabolus,
2311 5206 2404 5276 qui
2457 5205 2704 5260 auditum
2752 5205 2854 5260 viri
2908 5205 3156 5260 mulieris
3209 5222 3346 5262 usus
3400 5221 3562 5276 opera

1982 5298 2344 5369 perturbavit.
2391 5297 2577 5369 Neque
2629 5299 2836 5369 lignum
2867 5299 3045 5369 ipsum
3095 5308 3377 5370 peceatum
3417 5299 3559 5366 fuit;

1983 5389 2120 5444 nihil
2149 5390 2294 5445 enim
2330 5405 2359 5444 a
2405 5389 2515 5445 Deo
2562 5392 2689 5445 mali
2728 5391 2968 5456 seritur,
3023 5391 3118 5447 sed
3162 5393 3288 5467 boni
3325 5392 3563 5462 malique

1984 5481 2354 5551 cognitionem
2408 5483 2616 5553 lignum
2674 5483 2808 5537 illud
2860 5483 3060 5537 attulit.
3115 5483 3185 5537 At
3232 5498 3341 5536 non
3381 5498 3448 5537 ex
3495 5497 3560 5536 ea

1984 5571 2218 5627 scicntia
2250 5587 2398 5628 mors
2417 5580 2522 5642 est,
2549 5572 2646 5630 sed
2668 5589 2731 5631 cr
2759 5574 3106 5630 contumacia
3136 5572 3400 5644 profecta.
3423 5571 3559 5628 Nam
