3960 6174
452 377 563 436 ϐιὸ
796 404 801 405 ί
1840 361 1902 416 S.
1942 355 2066 414 EPII

2166 353 2286 411 {NII
3606 350 3709 405 6M

456 503 573 551 tota
593 490 778 547 hostis
810 487 902 542 illa
930 482 1204 540 calliditas
1230 495 1343 537 non
1377 479 1448 538 ad
1476 492 1660 536 escam
1687 476 2030 548 pertinebat;
2063 523 2066 534 ,

2166 491 2246 540 εν,
2274 473 2390 530 ἀλλ’
2419 473 2607 526 ἕνεκεν
2656 469 2750 526 τοῦ
2794 471 3131 543 ἐργάσασθαι
3175 472 3363 538 αὐτοῖς
3403 472 3504 545 τὴν
3529 489 3711 545 παρα-

458 586 555 643 sed
581 599 647 640 eo
670 578 1017 653 potissimum
1047 574 1354 646 spectabat,
1382 580 1443 627 ut
1471 571 1593 626 illos
1626 574 1694 624 ad
1718 567 2037 623 violandum

2166 564 2460 636 ;οήν.”Οθεν
2486 562 2931 637 παρακούσαντες
2953 563 3098 627 τότε,
3126 563 3223 617 τοῦ
3260 564 3359 635 μὲν
3374 562 3709 636 Παραδείσου

0 2012 53 2212 Ξ

0 2222 59 2276 :3

0 2297 67 2457 Ξ

0 2606 72 2705 ἲέἓ

2 2826 75 2925 ηοΞ

0 2934 77 3027 τὲ

4 3038 79 3125 si

16 3206 81 3233 an

8 3244 83 3307 Ξ)

0 3378 83 3407 .....

0 3440 85 3515 :2:

0 3518 89 3623 ’ΖΞ

0 3610 91 3721 ’ίῖι

0 3740 90 3811 :2:

0 3827 90 3891 με.

0 4046 45 4087 1.

0 4102 47 4171 Ξῖ

51 4030 95 4117 εἰ

54 4141 94 4161 ’1

0 4188 97 4219 ,σου

457 676 548 731 Dei
578 672 893 729 mandatum
925 667 1249 739 impelleret.
1285 663 1364 718 Ex
1394 677 1505 732 quo
1539 670 1674 716 tunc
1711 657 1948 724 accidit,
1980 666 2040 714 ut

455 768 573 836 lege
615 768 928 833 contempta
978 775 1010 814 e
1049 758 1306 829 paradiso
1343 755 1698 825 pellerentur,
1734 751 2040 820 meritoque

454 857 877 926 castigarentur,
929 865 1039 906 non
1085 849 1215 904 odio
1259 847 1401 909 ullo,
1450 844 1553 900 sed
1599 843 1870 911 Dei-erga
1917 840 2040 895 illos

455 962 589 1004 cura
632 942 1083 1016 providentiaque
1130 936 1414 1008 singulari.
1440 935 1533 989 Sic
1582 933 1730 988 enim
1775 930 2041 985 Dominus

459 1037 609 1107 ipsos
638 1034 934 1104 alloquitur
961 1050 974 1086 :
1005 1031 1170 1086 Terra
1198 1045 1252 1084 es
1272 1066 1286 1092 ,
1312 1037 1363 1081 et
1392 1027 1446 1080 in
1471 1035 1667 1080 terram
1698 1023 1967 1077 reverteris
1996 1021 2039 1075 ¹.

462 1129 742 1200 Siquidem
778 1125 982 1183 rationi
1022 1131 1452 1179 consentaneum
1503 1118 1629 1180 fuit,
1658 1126 1717 1171 ut
1754 1116 1847 1170 ille
1876 1127 2043 1171 vcrus

462 1223 656 1279 artifex
679 1262 693 1286 ,
743 1221 887 1292 ﬁguli
938 1220 1135 1282 instar,
1181 1213 1363 1284 operis
1394 1211 1519 1292 ejus
1557 1224 1621 1263 ac
1669 1206 1859 1273 vasis,
1895 1203 2043 1275 quod

464 1315 717 1367 manibus
770 1288 1021 1373 finxerat,
1065 1320 1256 1363 curam
1289 1288 1506 1376 geréns,
1544 1299 1782 1370 ldipsum
1811 1313 1879 1352 ex
1904 1311 2044 1366 pra-

465 1402 606 1471 cepti
640 1400 935 1455 violatione
963 1394 1335 1454 immunitum,
1360 1388 1605 1461 quandiu
1631 1387 1792 1441 molle
1826 1384 2041 1466 adhuc,

466 1496 630 1568 269
657 1502 715 1549 ut
750 1496 827 1547 ita
855 1491 1116 1553 dixerim,
1163 1489 1338 1542 lutum
1361 1494 1512 1550 erat,
1556 1493 1719 1553 atque
1748 1496 1811 1535 ex
1848 1463 2046 1535 fissura

467 1566 697 1659 quadam
729 1599 794 1638 ac
834 1583 973 1637 rima
1003 1578 1271 1652 perﬂuere
1319 1584 1586 1647 caperat,
1619 1586 1728 1627 non
1771 1570 1845 1623 ita
1872 1566 2047 1624 desti-

469 1683 679 1740 tueret,
713 1674 808 1730 sed
856 1674 911 1728 in
955 1671 1244 1743 pristinam
1284 1681 1520 1721 massam
1557 1662 1858 1733 redigeret,
1903 1659 2046 1715 utin

2137 657 2337 723 ἔξωθεν
2373 657 2634 726 γίνονται,
2664 654 3081 726 ὲπιτιμηθέντες
3110 654 3443 719 δικαιότατα,
3472 654 3539 707 ού
3570 652 3712 708 κατὰ

2143 752 2321 820 μῖσος,
2369 748 2507 802 ἀλλὰ
2549 746 2694 802 κατὰ
2726 746 3043 818 ἐπιμέλειαν
3092 745 3187 798 τοῦ
3236 744 3393 799 Θεοῦ.
3432 745 3573 816 Φησὶ
3603 744 3711 815 γὰρ

2141 842 2280 914 πρὸς
2330 840 2529 905 αὐτοὺς
2578 842 2607 894 ὁ
2650 838 2885 910 Κύριοςο
2923 836 3013 906 Γῆ
3052 834 3126 902 εἴ,
3182 838 3281 891 καί
3327 839 3415 902 είς
3438 835 3559 907 τῆν
3598 838 3713 891 ἀπο

2140 932 2546 1002 ελεύσῃ.Ἔδει
2560 931 2669 1003 γὰρ
2693 929 2785 986 τὸν
2809 931 2977 993 ὅντως
2998 929 3127 983 ὄντα
3145 929 3412 1000 τεχνίτην,
3430 927 3715 999 κεραμέως

2140 1025 2296 1095 δίκην
2323 1024 2717 1094 ἐπιμελόμενον
2742 1022 2837 1077 τοῦ
2863 1023 2995 1076 ἰδίου
3025 1021 3115 1075 διὰ
3167 1020 3366 1092 χειρῶν
3400 1018 3715 1089 πεπλασμέ-

2141 1133 2234 1170 νου
2262 1114 2426 1169 αὐτοῦ
2461 1113 2777 1185 πλάσματός
2809 1130 2870 1167 τε
2913 1111 3010 1166 καὶ
3049 1111 3273 1179 άγγους,
3308 1109 3464 1163 τοῦτο
3492 1108 3717 1180 ὓστερον

2143 1208 2202 1261 ἐν
2242 1205 2586 1278 ὲλαττὼματι
2627 1205 2848 1275 γεγονὸς
2897 1202 2987 1258 διὰ
3036 1205 3134 1274 τῆς
3164 1201 3468 1273 παρακοῆς,
3497 1200 3614 1258 καὶ,
3644 1199 3718 1262 ὡς

2144 1300 2339 1363 εἰπεῖν,
2374 1298 2454 1352 ἔτι
2484 1297 2659 1370 πηλοῦ
2692 1298 2865 1363 ὄντος,
2898 1296 2994 1351 καὶ
3019 1296 3095 1359 ὡς
3119 1295 3223 1348 ὑπὸ
3248 1292 3458 1365 ραγάδα
3478 1291 3717 1361 άπόρῤυ-

2148 1407 2225 1460 μα
2246 1393 2266 1422 ²
2299 1389 2581 1459 γεγονότος
2632 1387 2726 1442 τοῦ
2775 1390 2995 1457 άγγους,
3036 1386 3110 1458 μὴ
3153 1386 3310 1439 ἐάσαι
3358 1382 3552 1446 οὕτως,
3583 1381 3719 1435 am

2150 1480 2473 1553 μεταϐαλεῖν
2502 1482 2582 1545 είς
2610 1481 2670 1534 τδ
2699 1482 2923 1553 ἀρχαῖον
2954 1479 3208 1550 φύραμα’
3242 1477 3329 1530 ἵνα
3358 1470 3516 1538 αὖθις
3562 1474 3620 1525 ἒν
3651 1473 3725 1541 τῇ

2148 1571 2538 1644 παλιγγενεσία
2563 1572 2913 1646 ἀνασκευάσῃ
2941 1571 3000 1624 τὸ
3030 1571 3197 1639 ἄγγος
3227 1571 3285 1623 ὲν
3312 1570 3379 1639 τῇ
3428 1563 3721 1621 ἀναστάσει

2147 1664 2227 1726 είς
2259 1663 2358 1734 τὴν
2389 1664 2621 1736 ἀρχαίαν
2664 1663 3013 1734 φαιδρότητα,
3047 1661 3142 1716 καὶ¹
3192 1661 3273 1713 ἔτι
3322 1655 3719 1730 περιττότερον·

468 1767 771 1822 instaurata
823 1763 914 1817 illa
960 1759 1348 1831 generatione,
1409 1755 1515 1808 hoc
1566 1759 1651 1807 est
1705 1755 2045 1804 mortuorum

2166 1756 2396 1810 τουτέστι
2423 1756 2493 1811 τὰ
2519 1756 2746 1829 σώματα
2784 1757 2892 1810 τῶν
2929 1757 2999 1811 τὰ
3042 1754 3349 1810 ἀδικώτατα
3377 1751 3721 1824 πραξάντων,

465 1858 835 1920 excitatione,
875 1869 974 1909 vas
1028 1849 1163 1906 illud
1211 1847 1448 1920 priorem
1491 1842 1558 1899 ad
1589 1839 2048 1913 pulchritudinem

2166 1848 2245 1901 cal
2277 1849 2743 1921 μετανοησάντων,
2760 1849 2854 1902 καὶ
2875 1849 3225 1903 ἀποστάντων
3254 1845 3363 1898 τῶν
3390 1844 3535 1897 ίδίων
3559 1840 3725 1911 σφαλ-

470 1950 817 2017 nitorcmquc
854 1951 1169 2006 revocaret;
1218 1939 1328 1994 imo
1364 1935 1567 2006 aliquid
1604 1934 1654 1989 ei
1700 1928 1935 2002 insuper
1957 1930 2054 1984 ad.

2153 1938 2359 2011 μάτων,
2395 1942 2490 1995 καὶ
2538 1943 2702 2013 ὲνβτῇ
2747 1940 2946 2010 γνώσει
2988 1939 3083 1993 τοῦ
3129 1937 3338 2009 Κυρίου
3368 1933 3524 2007 ἡμῶν
3550 1930 3723 2002 Ἰησοῦ

469 2037 685 2109 jiceret.
735 2035 893 2102 Quod
938 2034 1006 2089 de
1051 2047 1239 2087 eorum
1300 2028 1624 2100 corporibus
1674 2022 2052 2095 accipiendum

2166 2027 2386 2102 (picto?)
2434 2029 2827 2086 τελειωθέντων
2847 2048 2861 2062 ·
2892 2032 2980 2086 ἵνα
3007 2030 3231 2101 γένηται
3270 2028 3364 2082 τοῦ
3406 2025 3725 2099 φυράματος

473 2136 579 2193 est,
609 2129 702 2199 qui
733 2135 857 2199 post
881 2122 1154 2181 horrenda
1188 2122 1398 2178 scelera
1432 2116 1752 2190 pauitantia
1790 2115 1961 2179 ducti,
2001 2120 2055 2170 et

473 2235 505 2274 a
535 2219 752 2275 delictis
791 2217 1067 2282 revocati,
1095 2216 1150 2269 in
1189 2214 1320 2270 Jesu
1362 2212 1569 2268 Christi
1621 2208 1836 2264 Domini
1880 2206 2056 2261 nostri

473 2312 787 2385 cognitione
822 2308 1049 2383 perfecti
1085 2314 1244 2373 sunt,
1276 2314 1336 2360 ut
1362 2305 1455 2360 illa
1481 2303 1549 2358 de
1574 2311 1720 2358 terra
1746 2314 1926 2355 massa
1953 2298 2049 2353 de-

473 2415 586 2453 nuo
628 2406 910 2470 resurgat,
960 2396 1165 2468 argilla
1205 2395 1410 2460 instar,
1453 2407 1575 2463 qua
1619 2388 1849 2445 artificis
1888 2403 2051 2442 manu

2152 2119 2186 2189 ή
2216 2118 2512 2184 ἀνάστασις
2539 2120 2731 2193 ὲκτῆς
2764 2121 2888 2192 γῆς,
2918 2122 2993 2184 ὡς
3019 2120 3246 2192 φύραμα
3277 2114 3550 2189 μαλαχθὲν
3577 2112 3726 2184 παρὰ

2153 2209 2245 2263 τοῦ
2272 2210 2537 2282 τεχνίτου,
2573 2213 2667 2266 καὶ
2700 2208 2854 2277 αὖθις
2879 2213 2958 2276 είς
2982 2211 3081 2284 τὴν
3109 2211 3361 2283 ἀρχαίαν,
3390 2207 3486 2263 καὶ
3512 2207 3593 2260 ἔτι
3619 2204 3728 2275 βελ-

2155 2303 2254 2356 τίω
2295 2303 2642 2360 άνατύπωσιν
2689 2302 3135 2373 κατασκευασθῇ.
3166 2298 3400 2369 Τοιαύτη
3448 2296 3548 2368 μὲν
3598 2289 3725 2365 ἧνή

2158 2394 2416 2468 ἐπιϐουλὴ
2450 2396 2544 2451 τοῦ
2578 2397 2754 2468 δφεως
2787 2396 2924 2468 πρὸς
2951 2395 3047 2466 τὴν
3077 2392 3243 2448 Εὔαν.

474 2492 714 2548 mollitur
795 2504 859 2546 ac
944 2489 1255 2559 subigitur;
1313 2501 1489 2558 eoque
1552 2482 1715 2540 modo
1775 2484 1831 2539 in
1904 2481 2066 2553 antin

2166 2500 2185 2541 1
2254 2492 2338 2547 vel
2414 2494 2579 2548 etiam
2647 2490 3082 2562 prastautiorem
3154 2484 3393 2557 speciem
3468 2477 3729 2535 reforme-

476 2614 586 2662 tur.
631 2604 792 2660 Tales
830 2603 1095 2659 adversus
1116 2600 1282 2655 Evam
1321 2598 1475 2655 fuere
1507 2596 1781 2669 serpentis
1817 2593 2057 2652 insidia.

552 2762 619 2818 ll.
662 2762 877 2819 Etenim
916 2763 1030 2835 jam
1068 2773 1181 2821 tum
1225 2758 1294 2814 ab
1339 2753 1497 2812 initio
1543 2759 1742 2808 natura
1785 2749 2067 2806 hominum

479 2855 741 2911 nevitatis
798 2854 991 2925 cupida
1015 2894 1034 2922 ,
1079 2851 1234 2909 vanis
1259 2847 1573 2917 dogmatum
1616 2842 1845 2898 somniis
1871 2848 1925 2896 et
1951 2840 2070 2893 ina-

482 2948 644 3002 nibus
699 2945 989 3017 promissis
1037 2944 1175 3001 solet
1232 2937 1427 3009 abripi.
1471 2934 1537 2989 Et
1560 2935 1775 3005 quidem
1798 2929 2067 3003 principio

484 3038 658 3095 latens
692 3039 782 3095 ille
827 3054 891 3093 ac
936 3037 1142 3093 sensim
1182 3032 1472 3103 obrepens,
1512 3027 1656 3082 ictus
1687 3022 1937 3080 venenati
1958 3020 2070 3077 exi-

483 3116 599 3185 tum
626 3128 1027 3186 dissimulabat.
1074 3124 1273 3179 Postea
1322 3133 1445 3174 cum
1497 3114 1748 3170 Salvator
1781 3122 2132 3214 assumpto.C

484 3235 715 3290 corpore
743 3219 1004 3285 venisset,
1031 3217 1180 3271 virus
1206 3226 1368 3268 omne
1413 3222 1572 3265 suum
1620 3216 1694 3261 ac
1721 3205 1914 3260 nefarii
1946 3218 2057 3260 sce-

484 3310 617 3367 leris
642 3310 1044 3381 improbitatem
1070 3320 1320 3363 evomere
1337 3317 1401 3356 ac
1430 3301 1698 3370 despuere
1720 3300 1905 3368 capit.
1925 3296 2063 3348 Nam

488 3403 844 3472 semetipsum
876 3398 1179 3455 infelicium
1214 3395 1428 3450 illorum
1461 3391 1736 3447 mentibus
1765 3389 1858 3443 Dei
1893 3389 2067 3442 instar

491 3492 802 3547 habendum
858 3487 1356 3557 celebrandumque
1403 3483 1711 3556 proposuit.
1765 3478 1873 3535 Sed
1920 3479 2063 3533 idem

493 3597 742 3652 serpens,
791 3580 886 3652 qui
936 3594 1032 3650 per
1080 3578 1332 3632 alumnos
1374 3572 1678 3644 disciplina
1710 3584 1823 3626 sua
1860 3577 2065 3638 postea,

492 3675 622 3729 olim
676 3689 772 3744 per
818 3670 1203 3744 aspectabilem
1255 3668 1409 3724 illum
1452 3672 1784 3736 serpentem,
1819 3661 2068 3717 homines

493 3765 881 3832 circumvenit;
929 3763 1207 3818 diabolum
1253 3759 1397 3814 enim
1448 3756 1731 3828 Scriptura
1766 3763 2067 3824 serpentem

493 3858 773 3924 nominat;
807 3871 917 3911 non
946 3853 1089 3925 quod
1121 3868 1183 3907 ca
1210 3853 1282 3905 sit
1307 3850 1426 3921 ejus
1457 3849 1629 3919 tigura
1648 3889 1664 3915 ,
1705 3845 1800 3902 sed
1831 3844 1976 3917 quod
2004 3859 2071 3899 ex

495 3950 751 4007 omnibus
798 3947 990 4004 bestiis
1042 3945 1113 4002 sit
1166 3944 1258 3999 ille
1310 3940 1772 4007 tortuosissimus,
1818 3936 2073 4009 quodque

494 4044 726 4115 primam
767 4039 1011 4094 omnium
1050 4034 1296 4091 fraudem
1335 4024 1439 4090 sub
1479 4031 1748 4104 serpentis
1789 4029 2071 4085 involucra

498 4136 720 4191 molitus
754 4131 935 4189 fuerit.
972 4129 1339 4197 Quamobrem
1370 4126 1514 4198 apud
1543 4140 1660 4191 eos,
1690 4123 1785 4195 qui
1825 4121 2073 4178 veritatis

498 4226 647 4282 haud
681 4224 858 4297 ignari
891 4230 1041 4285 sunt,
1081 4220 1375 4275 ridiculum
1413 4226 1498 4274 est
1530 4217 1678 4272 illius
1710 4216 1928 4286 dogma,
1962 4229 2073 4268 non

501 4314 687 4370 minus
744 4327 907 4383 quam
964 4310 1058 4381 qui
1116 4309 1291 4364 eidem
1360 4306 1771 4376 acquiescentes
1831 4303 2075 4358 numinis

503 4402 680 4460 instar
705 4408 1012 4470 serpentem
1042 4397 1247 4453 colunt.
1283 4396 1545 4451 Diabolus
1574 4396 1805 4466 quippe,
1836 4408 1961 4448 cum
1992 4393 2074 4448 vi-

2212 2740 2312 2800 ‘B'.
2357 2743 2447 2809 Ἐξ
2473 2743 2650 2814 ἀρχῆς
2673 2742 2780 2814 γὰρ
2810 2740 2989 2811 λίχνος
3012 2739 3046 2808 ἡ
3080 2731 3393 2807 ἀνθρωπεία
3423 2729 3607 2803 φύσις,
3640 2727 3734 2782 καὶ

2165 2835 2484 2907 ὑπαγομένη
2513 2835 2599 2888 ἀεὶ
2617 2836 2731 2897 τοῖς
2754 2833 2850 2903 τῆς
2886 2827 3218 2897 κενοφωνίας
3253 2824 3485 2895 δόγμασι
3520 2822 3615 2876 καὶ
3643 2836 3735 2874 κε-

2163 2930 2282 2990 ναῖς
2332 2924 2675 2996 ὑποσχέσεσι.
2720 2923 2831 2977 Καὶ
2884 2918 3050 2974 πάλαι
3083 2917 3181 2990 μὲν
3223 2912 3673 2987 κρυπταζόμενος
3709 2912 3738 2964 ό

2164 3019 2327 3082 αὐτὸς
2380 3018 2479 3071 οὐκ
2531 3014 2718 3086 ἐδήλου
2757 3015 2857 3085 τῆς
2905 3009 3069 3066 αὑτοῦ
3136 3006 3368 3069 ίοϐολίας
3414 3004 3477 3058 τὸ
3529 3002 3737 3074 πέραςο

2165 3109 2391 3182 ὕστερον
2422 3108 2477 3161 δὲ
2524 3106 2662 3179 μετὰ
2710 3104 2807 3177 τὴν
2844 3104 3106 3176 ἔνσαρκον
3150 3097 3389 3172 Χριστοῦ
3438 3093 3740 3166 παρουσίαν

2166 3200 2400 3272 ὲξήμεσέ
2426 3212 2485 3253 τε
2524 3199 2616 3251 καλ⁸
2653 3197 2933 3252 ἀπέπτυσε
2961 3193 3057 3266 τὴν
3087 3194 3265 3246 πᾶσαν
3287 3186 3452 3243 αὑτοῦ
3496 3186 3622 3258 ίώδη
3647 3186 3741 3238 καὶ

2170 3292 2449 3366 μοχθηρὰν
2495 3291 2736 3345 ἐπίνοιαν
2779 3289 2881 3359 τῆς
2908 3284 3214 3348 κακονοίας.
3249 3276 3417 3345 Οὗτος
3464 3280 3575 3352 γὰρ
3609 3294 3742 3348 προ-

2166 3386 2391 3440 εϐάλετο
2417 3382 2607 3438 ἑαυτὸν
2637 3385 2692 3436 ὲν
2721 3384 2787 3452 τῇ
2818 3379 2924 3434 τῶν
2949 3376 3316 3450 ἠπατημένων
3350 3370 3561 3443 διανοίᾳ
3597 3370 3743 3436 δοξά-

2169 3475 2356 3543 ζεσθαι
2397 3474 2473 3539 ὡς
2521 3472 2652 3537 Θεὸς
2682 3473 2776 3526 καὶ
2821 3468 3162 3542 προνοεῖσθαι
3193 3469 3229 3522 ⁸.
3269 3465 3597 3519 Γινώσκεται
3633 3461 3689 3514 δὲ
3718 3463 3745 3514 ὃ

2168 3568 2330 3632 αὐτὸς
2359 3568 2478 3638 ὄφις
2540 3567 2630 3622 διά
2678 3584 2739 3621 τε
2780 3567 2880 3637 τῆς
2924 3561 3092 3617 αὐτοῦ
3129 3559 3326 3632 σχολῆς
3381 3556 3605 3628 ταύτης,
3653 3553 3747 3606 καὶ

2169 3659 2238 3714 δι’
2266 3660 2441 3729 ὄφεως
2473 3657 2567 3712 τοῦ
2593 3655 2849 3728 αἰσθητοῦ
2895 3656 2994 3725 τὴν
3034 3653 3247 3721 ἀπάτην
3286 3648 3555 3721 ἐμποιῶν.
3589 3647 3747 3714 Ὄφιν

2169 3750 2227 3806 δὲ
2259 3752 2420 3823 δῆθεν
2452 3753 2485 3823 ἡ
2512 3751 2631 3805 θεία
2672 3749 2862 3821 Γραφὴ
2892 3747 3048 3801 καλεῖ
3082 3746 3173 3799 τδν
3206 3742 3474 3807 διάϐολον,
3515 3739 3578 3792 ού
3611 3738 3749 3791 πάν-

2171 3862 2278 3909 τως
2325 3844 2455 3898 ὅντα
2483 3842 2719 3897 τοιοῦτον
2756 3843 2821 3911 τῇ
2869 3838 3071 3912 μορφῇ,
3123 3835 3262 3891 ἀλλὰ
3303 3834 3391 3888 διὰ
3441 3832 3535 3886 τὸν
3565 3831 3750 3902 φαινό-

2176 3953 2335 4009 μενον
2355 3938 2466 4001 τοῖς
2493 3932 2798 4007 ἀνθρώποις
2825 3929 3201 3993 σκολιώτατον,
3229 3926 3324 3980 καὶ
3350 3925 3411 3979 τὸ
3432 3928 3489 3979 ὲν
3514 3923 3751 3997 πρώτοις

2173 4029 2231 4085 ἐν
2251 4031 2372 4101 ὄφει
2397 4025 2688 4102 ἔνεργηθὲν
2716 4028 2813 4098 τῆς
2838 4025 3053 4095 ἀπάτης
3076 4020 3424 4092 σκευώρημα.
3452 4018 3613 4090 Παρὰ
3640 4020 3752 4080 τοῖς

2171 4122 2351 4177 τοίνυν
2393 4121 2493 4194 τὴν
2551 4119 2809 4192 ἀλήθειαν
2863 4115 3284 4186 ὲπιγινὼσκουσι
3346 4111 3752 4181 καταγέλαστον

2173 4213 2364 4268 τούτου
2410 4213 2471 4267 τὸ
2499 4212 2698 4282 δόγμα,
2740 4211 2834 4265 καὶ
2880 4210 2929 4263 οί
2973 4206 3122 4279 αὐτῷ
3162 4204 3613 4280 προσανέχοντες,
3660 4201 3752 4255 τὸν

2174 4305 2296 4376 ὅφιν
2334 4305 2408 4369 ὡς
2446 4304 2579 4357 θεὸν
2621 4301 2954 4368 δοξάζοντες.
2989 4298 3205 4371 Μηκέτι
3251 4296 3358 4368 γὰρ
3398 4294 3697 4365 δυνάμενος
3726 4293 3753 4343 ό

2176 4396 2422 4460 διάϐολος
2445 4395 2545 4467 τὴν
2585 4394 2836 4466 ἀνδρείαν
2869 4392 3108 4446 διάνοιαν
3140 4388 3239 4461 τὴν
3264 4385 3373 4442 ἀπὸ
3409 4384 3504 4439 τοῦ
3544 4383 3751 4457 Κυρίου

501 4492 659 4548 rilem
685 4490 924 4544 animum
951 4486 1202 4543 veritatis
1226 4500 1256 4540 a
1286 4484 1397 4541 Deo
1417 4485 1728 4557 cognitione
1758 4484 2066 4541 roboratum

2177 4487 2446 4542 λαϐοῦσαν
2481 4485 2578 4557 τὴν
2604 4485 2831 4556 δύναμιν
2870 4484 2970 4556 τῆς
2998 4480 3253 4552 ἀληθείας
3284 4479 3521 4549 άπατᾷν,
3553 4476 3751 4547 τρέπε-

502 4584 753 4654 decipere
795 4595 904 4636 non
949 4586 1158 4651 posset,
1204 4578 1274 4632 ad
1315 4577 1598 4633 mulierem
1641 4590 1762 4632 sese
1793 4576 2079 4640 convertit,

502 4675 787 4731 hominum
810 4668 1074 4727 'videlicet
1116 4667 1514 4742 ignorantiam;
1554 4674 1609 4722 et
1640 4667 1899 4737 quoniam
1931 4665 2085 4721 forti-

504 4767 612 4824 bus
639 4764 873 4836 ingeniis
902 4762 1095 4833 nequit
1122 4761 1376 4825 illudere,
1407 4774 1503 4815 eos
1530 4759 1732 4830 quibus
1765 4760 2084 4830 ignorantia

506 4857 726 4914 cacitas
759 4854 993 4911 obducta
1021 4862 1128 4919 est,
1165 4852 1234 4908 ad
1262 4866 1383 4909 sese
1414 4858 1648 4906 conatur
1676 4850 1915 4907 allicere.
1948 4850 2084 4906 Nam

506 4949 870 5006 muliebribus
919 4952 1184 5018 perpetuo
1235 4943 1662 5014 cogitationibus
1714 4942 2080 5004 adharescit,

507 5039 775 5110 voluptati
802 5037 1062 5091 nimirum
1087 5042 1143 5090 et
1169 5032 1493 5104 cupiditati,
1522 5032 1628 5087 hoc
1657 5039 1742 5087 est
1765 5032 2087 5087 effeminata

508 5131 568 5187 in
598 5130 911 5185 hominibus
942 5126 1298 5199 ignorantia;
1333 5124 1488 5178 firma
1521 5138 1652 5179 vero
1683 5138 1747 5179 ac
1775 5126 2086 5180 constantia

510 5222 731 5295 ingenia
772 5219 1125 5286 reformidat,
1157 5232 1279 5289 qua
1308 5230 1491 5271 rerum
1524 5215 1767 5270 omnium
1798 5224 2090 5271 consenta-

509 5328 671 5372 neam
719 5325 786 5367 ac
824 5325 1126 5381 congruam
1170 5308 1420 5364 notitiam
1465 5305 1786 5372 informant,
1819 5321 1884 5361 ac
1916 5305 2087 5363 Deum

512 5407 693 5476 ipsum
741 5417 813 5457 ex
856 5409 1068 5455 natura
1093 5398 1212 5468 lege
1253 5396 1596 5452 discernunt.
1631 5394 1913 5450 Christum
1941 5396 2086 5450 enim

514 5512 574 5553 se
605 5497 821 5550 illorum
842 5505 966 5548 esse
990 5503 1216 5560 serpens
1238 5487 1532 5559 pradicat;
1559 5486 1724 5559 370
1752 5486 1835 5541 vel
1865 5486 2089 5542 minime

517 5586 634 5655 ipse
654 5584 896 5656 quidem,
928 5596 1107 5653 neque
1137 5580 1284 5636 enim
1318 5578 1467 5649 loqui
1501 5585 1721 5648 potest;
1753 5577 1848 5633 sed
1878 5579 1971 5648 qui
2006 5590 2083 5632 ta-

594 5736 614 5770 ²
640 5735 776 5791 Gen.
806 5750 889 5805 nt,
915 5735 1001 5790 i9.
1077 5736 1097 5768 ¹
1135 5731 1197 5790 F.
1223 5732 1317 5785 καὶ
1341 5732 1504 5801 ἀπορ.
1580 5731 1601 5763 ³
1621 5729 1686 5787 F.
1723 5729 2153 5801 προσκυνεῖσθαι.

2176 4596 2265 4637 ται
2296 4578 2387 4632 ἐπὶ
2402 4578 2463 4631 τὸ
2489 4576 2645 4648 θῆλυ,
2665 4575 2909 4629 τουτέστι
2936 4572 3034 4644 τὴν
3061 4571 3168 4626 τῶν
3190 4569 3490 4642 ἀνθρώπων
3511 4568 3753 4638 ἄγνοιαν,

2180 4671 2273 4725 καὶ
2306 4668 2483 4723 πείθει
2517 4668 2643 4732 τοὺς
2678 4666 2736 4720 ἐν
2763 4667 2831 4738 τῇ
2855 4664 3068 4736 ἀγνοίᾳ,
3107 4662 3294 4733 ἐπειδὴ
3322 4662 3385 4714 ού
3418 4660 3646 4715 δύναται
3668 4658 3756 4713 τόν

2181 4760 2401 4834 στερεὸν
2441 4759 2699 4831 λογισμὸν
2729 4758 3028 4828 ἀπατῆσαι.
3058 4754 3323 4827 Θηλυκοῖς
3363 4752 3475 4825 γὰρ
3512 4751 3604 4806 ἀεὶ
3636 4751 3755 4804 δια-

2179 4854 2417 4924 νοήμασι
2443 4847 2827 4924 προσπελάζει,
2856 4846 3017 4919 ἡδονῇ
3053 4860 3112 4899 τε
3141 4846 3235 4899 καί⁸
3274 4843 3566 4915 ἐπιθυμίᾳ,
3598 4857 3758 4896 τουτ-

2187 4942 2302 4995 έστι
2328 4944 2394 5013 τῇ
2424 4944 2482 4995 ὲν
2525 4939 2831 5012 ἀνθρώποις
2870 4937 3233 5009 θηλυνομένῃ,
3264 4937 3359 4989 καὶ
3382 4936 3505 5006 οὐχὶ
3536 4934 3615 5006 τῷ
3640 4950 3762 4987 στεο

2188 5032 2295 5105 ρεῷ
2321 5031 2588 5103 λογισμῷ,
2607 5031 2685 5102 τῷ
2702 5030 2940 5099 εὐλόγως
2963 5028 3035 5082 τὰ
3058 5027 3238 5082 πάντα
3270 5026 3610 5090 νοοῦντι,καὶ
3625 5024 3759 5080 Θεὸν

2186 5120 2293 5174 ἀπὸ
2319 5119 2414 5174 τοῦ
2443 5121 2581 5174 κατὰ
2614 5120 2774 5189 φύσιν
2803 5120 2967 5190 νόμου
2996 5116 3431 5187 ὲπιγινώσκοντι.
3459 5116 3625 5185 Λέγει
3651 5114 3761 5186 γὰρ

2187 5210 2382 5265 ἑαυτὸν
2407 5205 2548 5264 εἶναι
2580 5209 2818 5281 Χριστὸν
2848 5211 2876 5262 ὁ
2903 5209 3033 5277 παρ’
3050 5208 3236 5269 αὐτοῖς
3275 5207 3397 5275 δφις
3419 5222 3433 5235 ·
3474 5204 3677 5277 μᾶλλον
3703 5202 3761 5257 δὲ

2186 5302 2286 5355 οὐκ
2307 5301 2470 5365 αὐτὸς
2542 5301 2624 5372 (οὗ
2652 5299 2763 5373 γὰρ
2794 5300 3015 5354 δύναται
3055 5295 3634 5368 φθέγξασθαι),ἁλλὰό
3666 5293 3763 5364 τὴν

2187 5394 2366 5449 αὐτῶν
2399 5394 2605 5450 ἔννοιαν
2630 5394 2773 5448 οὕτω
2804 5394 3020 5465 φρονεῖν
3046 5387 3761 5462 παρασκευάσας-διάϐολος.

2189 5486 2282 5552 Τίς
2304 5487 2498 5555 τοίνυν,
2518 5485 2641 5540 ίδὼν
2662 5485 2755 5539 τὸν
2775 5484 2919 5555 δφιν,
2942 5485 3042 5539 οὐκ
3064 5482 3426 5552 επιγνὼσεται
3442 5481 3534 5534 τὸν
3544 5478 3763 5551 ἐχθρὸν.

2190 5579 2284 5633 καὶ
2307 5578 2594 5650 φεύξεται;
2618 5574 2822 5631 Τούτου
2851 5576 3166 5648 γὰρ-ἕνεκεν
3191 5573 3286 5628 καὶ
3316 5574 3345 5627 ὸ
3373 5572 3579 5645 Κύριος
3604 5568 3764 5623 αὐτὸν
