3960 6140
305 291 409 348 645

902 283 1271 344 ADVERSUS
1299 282 1643 342 HIEllESES
1675 280 1805 339 LIB.
1837 280 1878 340 1.
1913 279 2078 337 ΤΟΜ.
2121 278 2283 336 lll.-—-
2313 279 2587 337 IIJERES.
2628 279 2887 337 XXXVII.

3458 285 3558 341 οιι

298 400 489 458 τοῦτον
523 398 612 454 τὸν
651 399 773 470 ὅφιν
801 400 883 463 είς
913 400 1137 472 ὲχθρίαν
1180 400 1481 470 κατέστησε
1518 398 1614 453 τοῦ
1649 398 1758 454 τῶν
1787 399 1854 452 ἀν

1981 396 2088 453 lem
2116 396 2349 454 istorum
2373 395 2650 453 metitthus
2673 397 3058 468 cogitationem
3077 395 3268 468 injecit
3283 395 3557 458 diabolus.

300 491 330 546 θ
337 491 536 563 ρώπων
562 490 756 567 γένους
771 505 784 521 ·
811 489 999 561 ἐπειδὴ
1018 490 1153 554 ὅλως
1180 489 1373 555 σκεῦος
1389 488 1634 544 διαϐόλου
1656 489 1873 559 γέγονε,

301 583 497 653 κτῆνος
535 581 631 647 ὢν,
663 580 757 635 καὶ
784 580 853 634 δι’
896 581 1061 634 αὑτοῦ
1091 581 1342 653 ἠπάτησε
1374 580 1617 644 διάϐολος
1662 580 1754 634 τὸν
1785 580 1879 634 ἄν·

300 674 517 746 θρωπον
555 675 614 727 ὲν
637 671 718 743 τῷ
749 671 1062 743 παραδείσῳ
1089 689 1103 703 ο
1138 672 1243 739 ἵνα,
1296 671 1495 735 ἰδόντες
1540 671 1638 743 τὴν
1684 668 1876 724 τούτου

298 765 521 837 ἐχθρίαν
542 764 638 818 τοῦ
663 764 922 835 αἰσθητοῦ
943 765 1139 834 ὖφεως,
1164 763 1600 835 ἀποδιδράσκωσι
1624 764 1723 836 τῆς
1745 764 1880 822 ἀπά-

298 874 397 927 της
426 857 527 928 τὴν
564 855 877 927 ἐπιϐουλὴν,
913 857 1008 910 καί⁹
1048 857 1373 928 μισήσωσιν,
1399 856 1474 921 ὡς
1519 857 1715 921 εἰπεῖν,
1746 855 1870 909 θεά-

298 947 505 1003 σασθαι
532 949 625 1003 καὶ
656 948 716 1002 τὸ
743 944 901 1011 εἶδος.

1985 484 2188 556 Ecquis
2225 500 2356 540 vero
2400 485 2587 541 statim
2619 501 2685 540 ac
2714 494 3021 556 serpentem
3067 485 3294 551 viderit,
3318 504 3432 543 non
3461 489 3562 544 ho-
3648 526 3658 533 -

1981 584 2121 634 stem
2150 575 2549 632 animadvertat
2578 591 2642 632 ac
2664 576 2879 651 ‘l‘ugiat?
2908 575 3057 632 Hanc
3083 578 3228 634 enim
3247 579 3317 634 ob
3338 589 3559 637 causam

1980 670 2245 727 Dominus
2268 677 2574 740 serpentem
2600 668 2741 723 inter
2765 668 3155 739 hominumque
3180 686 3353 742 genus
3384 673 3557 728 hosti-

1980 764 2061 819 les
2113 762 2430 819 inimicitias
2498 760 2761 826 immisit;
2819 761 2969 831 quod
3027 762 3254 817 omnino
3308 764 3558 820 diabolus

1980 855 2171 911 bestiae
2196 869 2370 925 genus
2393 854 2538 908 istud
2564 853 2713 908 velut
2737 852 3163 907 instrumentum
3195 854 3557 917 adhibuisset.

1975 944 2363 1014 hominemque
2394 944 2537 997 intra
2561 941 2800 1013 paradisi
2830 953 2984 1013 septa
3015 943 3345 1013 decepisset,
3374 956 3432 1000 ut
3462 946 3554 1016 qui

294 1041 509 1099 externi
539 1041 810 1110 serpentis
840 1039 1092 1095 hostilem
1123 1039 1360 1109 speciem
1402 1039 1707 1110 conspicati
1731 1037 1978 1108 fuerint,
2020 1039 2090 1093 ab
2135 1037 2256 1108 ejus
2299 1035 2517 1092 insidiis
2544 1045 2793 1103 caveant,
2859 1050 2924 1090 ac
2990 1036 3075 1091 vel
3129 1037 3334 1106 ipsum,
3363 1044 3425 1092 ut
3482 1038 3558 1091 ita

295 1132 498 1198 dicam,
522 1140 879 1202 conspectum
910 1132 1058 1187 illius
1083 1131 1497 1188 exhorrescant.

367 1224 407 1275 Γ
407 1228 442 1276 '.
483 1220 818 1274 Ἀποδιδόασι
842 1219 898 1273 δὲ
921 1212 1184 1274 καὶοῦτοι
1225 1221 1275 1273 οἱ
1309 1221 1520 1289 Ὀφῖται
1551 1219 1872 1290 καλούμενοι

294 1315 471 1384 τούτῳ
500 1313 579 1385 τῷ
602 1312 712 1366 ἔθει
747 1314 763 1344 ¹
797 1311 895 1383 τὴν
924 1314 1104 1366 πᾶσαν
1130 1312 1350 1383 γνῶσιν,
1380 1312 1646 1380 λέγοντες,
1676 1313 1756 1366 ὅτι
1781 1308 1874 1366 (ὗ-

294 1422 388 1469 τος
418 1404 560 1477 ἀρχὴ
590 1405 780 1472 γέγονε
805 1402 1061 1472 γνώσεως
1100 1406 1214 1466 τοῖς
1237 1402 1573 1475 ἀνθρὼποις’
1612 1400 1873 1474 μυθωδῗις

295 1496 752 1567 παρεισφέροντες
786 1494 857 1549 τὰ
897 1496 1025 1566 παρ’
1065 1495 1247 1558 αὐτοῖς
1295 1494 1623 1565 νομιζόμενα
1658 1511 1870 1565 μυστη-

296 1605 413 1659 ρια.
447 1588 866 1660 μιμολογήματα
900 1585 958 1639 δὲ
993 1584 1142 1649 ὅντα,
1180 1585 1276 1640 καὶ
1308 1584 1505 1657 χλεύης
1531 1584 1744 1656 ἔμπλεα
1776 1585 1870 1640 καὶ

298 1677 803 1750 ματαιοφροσύνης·
850 1676 1008 1748 μῦθοι
1049 1676 1160 1747 γὰρ
1195 1676 1272 1741 ὡς
1315 1676 1531 1748 ἀληθῶς
1569 1669 1736 1731 οὗτοι.
1760 1678 1868 1731 Φά-

297 1786 487 1824 σκουσι
504 1768 611 1841 γὰρ
621 1769 730 1823 ἀπὸ
744 1766 836 1822 τοῦ
864 1768 975 1822 ἄνω
996 1767 1199 1832 Δίῶνος
1218 1768 1618 1840 προϐεϐλῆσθαι
1633 1769 1867 1837 Αίῶνας,

295 1861 393 1916 καὶ
444 1859 754 1930 κατώτερον
795 1859 1125 1930 γεγενῆσθαι
1161 1863 1190 1913 ὁ
1234 1859 1557 1925 Ἰαλδαϐαώθ
1588 1863 1606 1893 ³
1627 1875 1642 1889 ·
1682 1861 1870 1916 τοῦτον

294 1954 356 2007 δὲ
400 1951 800 2024 προϐεϐλῆσθαι
847 1951 985 2006 κατὰ
1034 1951 1340 2023 ἁδράνειαν,
1375 1954 1467 2007 καὶ
1510 1952 1732 2021 ἄγνοιαν
1773 1955 1872 2025 τῆς

299 2042 437 2106 ἰδίας
467 2042 695 2114 μητρὸς,
719 2041 959 2094 τουτέστι
984 2041 1081 2111 τῆς
1101 2040 1214 2095 ἄνω
1237 2043 1564 2114 Προυνείκου
1587 2043 1628 2100 ³.
1657 2042 1871 2113 Ταύτην

294 2134 406 2206 γάρ
427 2151 558 2205 φασι
580 2134 678 2205 τὴν
694 2132 1020 2204 Προύνεικον
1037 2132 1454 2205 κατεληλυθέναι
1484 2136 1565 2199 είς
1586 2135 1653 2189 τὰ
1679 2134 1868 2199 ὕδατα,

1900 1722 1947 1782 Β

2049 1214 2138 1272 ιιι.
2199 1213 2412 1287 Ophitae
2464 1230 2593 1271 vero
2650 1215 2780 1271 huic
2845 1217 3130 1272 scientiam
3188 1232 3406 1274 omnem
3462 1221 3561 1275 tri-
3628 1249 3637 1259 -

1977 1306 2175 1373 buunt,
2221 1306 2405 1376 itaque
2449 1305 2776 1376 proﬁtentur
2824 1325 2836 1361 :
2886 1317 3195 1378 serpentem
3243 1309 3558 1369 hominibus

1977 1394 2222 1451 scientiae
2235 1397 2415 1450 omnis
2431 1403 2710 1450 auctorem
2740 1396 3054 1462 exstitisse;
3079 1397 3311 1468 indeque
3341 1397 3557 1456 fabulas

1970 1503 2156 1544 meras
2181 1503 2320 1559 quas
2347 1502 2447 1559 pro
2474 1489 2749 1560 mysteriis
2792 1488 2995 1544 habent
3037 1491 3330 1546 commenti
3377 1498 3506 1548 sunt
3538 1510 3550 1546 :

1973 1593 2100 1635 cum
2150 1580 2287 1633 nihil
2330 1578 2481 1634 aliud
2523 1587 2718 1648 praeter
2747 1579 3040 1635 mimorum
3074 1580 3285 1637 ludicra
3314 1584 3554 1639 ridicula

1975 1686 2204 1741 prorsus
2249 1677 2304 1726 et
2350 1669 2533 1723 inania
2580 1670 2709 1724 sint.
2767 1668 2979 1725 Etenim
3017 1672 3086 1726 ab
3123 1672 3302 1729 Ilione
3341 1690 3557 1730 summo

1974 1769 2301 1833 propagatos
2326 1758 2535 1816 Eonas
2556 1759 2876 1814 existimant
2901 1780 2916 1815 :
2945 1776 2977 1817 e
3004 1762 3204 1833 quibus
3227 1763 3450 1821 inllmus
3471 1772 3558 1821 est

1971 1851 2315 1918 Jaldabaoth.
2371 1866 2532 1924 quem
2580 1866 2648 1907 ex
2705 1851 3081 1908 imbecillitate
3141 1855 3558 1926 ignorantiaque

1970 1960 2086 2000 suae
2136 1946 2326 2000 matris
2364 1954 2617 2001 exortum
2664 1942 2941 2012 referunt;
2999 1944 3104 2000 hoc
3150 1954 3237 2003 cst
3276 1948 3425 2003 illius
3464 1963 3558 2004 suo

1970 2051 2192 2106 preme,
2217 2052 2382 2107 quam
2414 2036 2713 2092 Prunicum
2742 2036 3041 2107 appellant.
3071 2036 3226 2096 Hanc
3249 2041 3395 2095 enim
3424 2053 3556 2095 nar-

1972 2135 2096 2180 rant
2127 2127 2181 2180 in
2213 2142 2386 2198 aquas
2423 2127 2727 2198 delapsam,
2756 2126 2937 2198 iisque
2967 2131 3312 2186 commistam
3340 2132 3560 2187 evolare

296 2226 392 2280 καὶ
427 2225 684 2297 μιχθῆναι
714 2226 914 2289 αὐτοῖς,
954 2225 1050 2278 καὶ
1082 2226 1156 2297 μὴ
1185 2225 1497 2297 δεδυνῆσθαι
1535 2229 1616 2291 είς
1660 2227 1730 2281 τὰ
1760 2227 1872 2281 ἄνω

1980 2218 2198 2274 minime
2258 2220 2539 2290 potuisse,
2593 2221 2739 2292 quod
2792 2223 3035 2278 materia:
3084 2224 3352 2294 gravitate
3399 2235 3545 2280 esset

296 2319 518 2388 χωρεῖν,
551 2316 639 2370 διὰ
665 2316 726 2369 τὸ
770 2315 1032 2387 μεμίχθαι
1064 2315 1143 2386 τῷ
1176 2315 1330 2390 βάρει
1367 2319 1466 2388 τῆς
1495 2316 1650 2388 ὕλης,
1680 2319 1873 2388 ἐπιμε-

299 2406 493 2480 μίχθαι
515 2407 572 2461 δὲ
601 2406 770 2478 αὐτὴν
801 2409 913 2473 τοῖς
957 2407 1112 2462 ὕδασι
1159 2409 1254 2462 καὶ
1287 2412 1352 2481 τῇ
1389 2409 1510 2482 ὕλῃ,
1538 2410 1635 2464 καὶ
1672 2404 1870 2481 μηκέτι

295 2499 591 2570 δυνηθῆναι
635 2499 959 2571 ἀναχωρεῖν.
999 2499 1203 2571 Ἐπῆρε
1245 2499 1303 2553 δὲ
1347 2501 1546 2572 ἑαυτὴν
1577 2502 1717 2557 κατὰ
1750 2502 1870 2571 βίαν

296 2590 378 2652 εἰς
419 2589 490 2640 τὰ
528 2585 797 2660 ἀνώτερα,
842 2588 938 2643 καὶ
987 2587 1249 2652 ἐξέτεινεν
1299 2591 1522 2661 ἑαυτήνσ
1558 2591 1654 2644 καὶ
1699 2589 1873 2654 οὕτως

296 2679 520 2748 γέγονεν
549 2676 816 2750 ἁνώτερος
844 2676 1092 2749 οὐρανός.
1118 2678 1227 2731 Καὶ
1256 2678 1332 2742 ὡς
1353 2681 1587 2747 παγεϊσα
1621 2676 1867 2750 εὕρηται,

301 2769 500 2842 μηκέτι
526 2768 795 2840 δυναμένη
816 2769 953 2840 μήτε
979 2768 1095 2823 ἄνω
1107 2769 1392 2841 ἀναϐῆναι,
1413 2770 1551 2841 μήτε
1574 2771 1723 2825 κάτω
1749 2774 1901 2824 κατ-”

298 2860 472 2913 ελθεῖν
488 2875 501 2888 ·
549 2856 685 2912 ἀλλὰ
722 2858 805 2922 εἰς
828 2858 889 2911 τὸ
916 2858 1238 2930 μεσαίτατον
1264 2860 1503 2929 παγεῖσά
1521 2877 1578 2914 τε
1605 2861 1699 2914 καὶ
1719 2861 1874 2914 ἐκτε-

297 2948 510 3020 ταμένη
559 2947 765 3019 ἔμεινε.
816 2949 981 3003 Κάτω
1035 2949 1134 3020 μὲν
1173 2950 1283 3021 γὰρ
1339 2950 1729 3022 κατενεχθῆναι
1774 2952 1874 3006 οὐκ

1971 2309 2268 2380 implicita;
2315 2309 2404 2365 cui
2454 2311 2674 2381 quidem
2712 2312 2938 2383 perinde
2966 2320 3027 2367 ut
3051 2314 3212 2384 aquis
3236 2314 3442 2370 inserta
3469 2330 3554 2369 re-

1971 2399 2163 2455 cedere
2211 2400 2355 2455 ultra
2402 2403 2727 2473 nequiverit.
2768 2403 2848 2458 Ac
2891 2417 3016 2458 cum
3064 2419 3126 2460 se
3166 2404 3433 2460 violenter
3475 2403 3557 2460 cf-

1972 2492 2159 2558 l‘erret,
2188 2502 2352 2564 atque
2378 2496 2725 2553 extendendo
2755 2499 3049 2564 niteretur,
3075 2499 3276 2554 malum
3307 2499 3439 2554 illud
3469 2515 3557 2555 su-

1973 2585 2159 2655 perius
2188 2583 2445 2641 ell‘cctum
2479 2602 2587 2644 εει.
2624 2590 2745 2660 lpsa
2771 2605 2904 2645 vero
2932 2590 3026 2646 ubi
3059 2590 3238 2646 deﬁxa
3267 2591 3435 2646 semel
3448 2598 3553 2647 est

1973 2673 2130 2729 haasit
2158 2673 2217 2728 in
2245 2674 2438 2730 eodem
2466 2683 2635 2741 statu,
2659 2694 2839 2749 neque
2868 2688 2959 2734 aut
2986 2679 3158 2735 attolli
3189 2695 3433 2745 sursum,
3465 2685 3559 2735 aut

1975 2765 2235 2821 deorsum
2265 2766 2597 2824 descendere
2626 2771 2835 2840 potuit;
2859 2770 2955 2826 sed
2978 2771 3033 2825 in
3056 2771 3235 2826 medio
3263 2771 3558 2828 immobilis

1973 2864 2299 2929 extentaque
2343 2860 2662 2930 permansit.
2696 2860 2816 2916 Non
2861 2861 3006 2918 enim
3039 2861 3354 2919 inferiorem
3387 2863 3443 2916 in
3473 2863 3558 2917 lo»

1975 2962 2097 3002 cum
2130 2959 2395 3020 vergeret,
2420 2965 2527 3021 quo
2561 2964 2684 3004 cum
2706 2951 2756 3006 ei
2783 2950 2938 3008 aliine
2969 2951 3106 3006 nihil
3128 2960 3309 3021 esset;
3337 2968 3557 3008 sursum

297 3041 548 3113 ἠδύνατο,
571 3040 653 3093 ὅτι
681 3040 782 3093 οὐκ
823 3034 890 3110 ἦν
932 3041 1232 3112 συγγενής·
1263 3041 1374 3095 ἄνω
1412 3042 1469 3096 δὲ
1513 3043 1612 3097 οὐκ
1647 3044 1875 3114 ἠδύνατο

1980 3048 2157 3096 autem
2182 3055 2462 3112 emergere
2492 3058 2600 3097 non
2628 3050 2870 3114 poterat;
2905 3059 3029 3098 cum
3061 3059 3181 3098 eam
3211 3044 3437 3100 materia
3468 3046 3556 3098 illa

300 3135 520 3205 χωρεῖν,
550 3130 636 3186 διὰ
662 3132 724 3184 τὸ
756 3130 1041 3203 βαρεῖσθαι
1066 3133 1130 3184 ὲκ
1164 3131 1262 3202 τῆς
1291 3131 1421 3203 ὕλης
1447 3129 1515 3205 ἧς
1552 3136 1873 3207 προσέλαϐε.

301 3223 461 3279 Κατὰ
486 3223 542 3277 δὲ
562 3223 660 3295 τὴν
682 3222 852 3293 αὐτῆς
881 3223 1104 3293 ἄγνοιαν
1125 3224 1450 3298 προϐληθεὶς
1471 3227 1500 3279 ὁ
1529 3225 1876 3293 ἰαλθαϐαὼθ,

299 3312 464 3389 ἦλθεν
509 3316 588 3377 είς
619 3312 690 3366 τὰ
730 3312 1050 3368 κατώτατα*
1086 3315 1182 3369 καὶ
1228 3316 1485 3389 ἐποίησεν
1530 3316 1708 3390 ἑαυτῷ
1740 3319 1880 3373 ἑπτὰ

303 3406 476 3471 υἱοὺς,
513 3407 708 3470 οἵτινες
733 3404 959 3469 ἑαυτοὺς
992 3406 1254 3478 οὐρανοὺς
1286 3407 1426 3461 ἑπτὰ
1457 3408 1732 3481 ἐποίησαν.
1767 3410 1879 3463 Αὐ-

301 3497 395 3562 τὸς
418 3496 474 3551 δὲ
510 3495 837 3559 ἀποκλείσας
862 3495 930 3550 τὰ
959 3495 1100 3568 ὑπὲρ
1125 3496 1288 3551 αὑτὸν
1311 3498 1680 3570 ἀπέκρυπτεν,
1715 3502 1801 3555 ἴνα
1829 3503 1879 3556 oi

304 3588 398 3641 ὑπ’
429 3584 592 3640 αὑτοῦ
621 3585 727 3638 υἱοὶ
755 3582 1151 3657 προϐληθέντες
1185 3584 1326 3638 ἑπτὰ
1368 3584 1442 3657 μὴ
1479 3585 1786 3655 γινώσκωσι
1812 3587 1881 3642 τὰ

304 3680 446 3753 ὑπὲρ
479 3677 661 3744 αὐτὸν,
696 3675 995 3751 κατώτεροι
1024 3676 1177 3755 ὄντες
1208 3677 1393 3742 αὐτοῦ,
1428 3677 1541 3731 ἀλλ’
1579 3678 1742 3735 αὐτὸν
1786 3698 1881 3751 μο-

303 3771 557 3834 νωτάτως
581 3787 595 3801 ο
651 3767 745 3821 καὶ
772 3759 927 3831 οὗτός
972 3768 1109 3833 ἐστι,
1147 3766 1331 3837 φασὶν,
1363 3769 1391 3821 ὁ
1429 3767 1560 3833 Θεὸς
1603 3767 1712 3822 τῶν
1755 3770 1882 3822 Ἰου-

304 3861 471 3917 δαίων
520 3861 550 3915 δ
603 3856 951 3913 Ἰαλδαϐαώθ.
1013 3857 1151 3911 Ἀλλ’
1188 3858 1288 3912 οὐκ
1340 3857 1484 3913 ἔστιν
1543 3857 1743 3925 οὕτως,
1805 3862 1879 3933 μὴ

304 3951 541 4022 γένοιτοῐ
589 3949 751 4005 Ἀλλὰ
790 3949 976 4022 μέλλει
1003 3950 1208 4023 κρίνειν
1247 3951 1441 4016 αὐτοὺς
1467 3953 1497 4005 ὁ
1533 3950 1665 4017 Θεὸς
1688 3955 1717 4007 ὁ
1745 3971 1881 4008 παν-

302 4044 613 4116 τοκράτωρ,
645 4041 778 4106 Θεὸς
820 4040 896 4096 ὢν
918 4042 1013 4097 καὶ
1057 4041 1345 4111 Ἰουδαίων,
1375 4044 1469 4097 καὶ
1517 4044 1879 4116 Χριστιανῶν,

306 4138 405 4191 καὶ
443 4136 658 4190 πάντων
688 4150 702 4164 ·
731 4134 825 4189 καὶ
854 4135 882 4188 ὁ
905 4132 1263 4187 ⁴⁹1αλδαϐαώθ
1296 4151 1380 4200 τις
1400 4132 1476 4188 ὢν
1500 4135 1639 4190 κατὰ
1668 4135 1766 4208 τὴν
1790 4137 1884 4190 αὐ-

304 4227 415 4282 τῶν
445 4226 662 4299 ληρώδη
699 4224 927 4298 μυθολαγ
938 4224 1043 4281 ίαν.
1094 4302 1111 4310 α

1977 3132 2065 3187 cui
2095 3147 2155 3187 se
2195 3132 2537 3203 adjunxerat,
2572 3126 2766 3206 su0pte
2804 3134 3043 3206 pondere
3089 3143 3357 3206 gravaret.
3389 3134 3560 3205 Igitur

1976 3234 2043 3275 ex
2083 3219 2245 3289 hujus
2291 3221 2596 3291 ignorantia
2649 3224 2831 3279 editus
2879 3222 3201 3279 Jaldabaoth
3256 3225 3322 3279 ad
3373 3226 3559 3280 inﬁma

1978 3310 2247 3375 subsidit;
2299 3318 2619 3382 septemque
2663 3312 2768 3368 sibi
2816 3313 3267 3385 liberos'genuit,
3303 3316 3395 3386 qui
3431 3316 3559 3371 toti-

1978 3403 2099 3459 dem
2133 3403 2382 3459 coelcstes
2411 3405 2572 3461 orbes
2603 3404 2986 3462 condiderunt.
3020 3409 3089 3460 At
3123 3409 3215 3463 ille
3243 3423 3366 3478 quae
3393 3424 3561 3478 supra

1979 3510 2039 3552 se
2062 3501 2218 3550 erant
2248 3495 2576 3561 interclusit,
2613 3512 2949 3567 suorumque
2971 3498 3243 3553 subtraxit
3271 3498 3465 3567 oculis,
3494 3514 3563 3554 ne

1979 3595 2185 3657 septem
2232 3586 2311 3641 illi
2356 3601 2493 3657 quos
2544 3596 2883 3658 susceperat,
2943 3588 3263 3660 quidquam,
3313 3591 3457 3661 quod
3505 3604 3566 3647 sc

1982 3676 2104 3747 ipso
2150 3675 2406 3745 superius
2449 3684 2616 3743 esset,
2661 3683 2858 3746 praeter
2888 3690 2947 3731 se
2980 3691 3147 3730 unum
3182 3687 3562 3747 agnoscerent.

1979 3764 2138 3821 Hunc
2163 3760 2491 3820 Jaldabaoth
2535 3764 2848 3819 Judaaorurn
2893 3780 3018 3820 esse
3065 3762 3235 3832 Deum
3287 3778 3561 3821 asserunt.

1981 3857 2137 3926 Quod
2168 3857 2311 3912 absit
2339 3868 2399 3912 ut
2426 3872 2549 3912 esse
2578 3872 2766 3913 verum
2817 3867 3089 3928 putemus.
3138 3856 3252 3911 lmo
3304 3857 3395 3912 ille
3449 3855 3565 3927 ipse

1979 3955 2084 4013 est,
2110 3962 2141 4001 a
2177 3961 2286 4017 quo
2321 3945 2603 4016 iudicandi
2644 3935 2795 4013 sunt,
2824 3948 3170 4018 omnipotens
3199 3948 3358 4018 271
3396 3945 3561 4014 Deus,

1979 4033 2312 4101 Judaeorum,
2357 4035 2600 4106 inquam,
2644 4046 2705 4090 ut
2744 4044 2799 4091 et
2835 4032 3290 4104 Christianorum,
3319 4037 3564 4108 adeoque

1981 4128 2288 4185 communis
2341 4128 2584 4183 omnium
2633 4126 2777 4184 Deus
2797 4168 2811 4195 ,
2857 4144 2967 4184 non
3002 4129 3093 4184 ille
3124 4129 3311 4185 nescio
3341 4130 3465 4201 quis
3495 4145 3563 4185 ex

1982 4219 2369 4275 commentitiis
2396 4220 2625 4274 istorum
2653 4219 2815 4290 nugis
2839 4217 3198 4291 depromptus
3218 4217 3563 4275 Jaldabaoth.

1983 4310 2056 4367 De
2087 4326 2197 4382 quo
2226 4311 2300 4366 ita
2329 4326 2555 4367 narrare
2589 4319 2840 4383 pergunt.
3414 4302 3423 4305 ⁷

377 4403 452 4455 Δ’.
484 4394 616 4453 Εἷτά
663 4409 857 4469 φασιν*
914 4380 1454 4468 Ἀποκεκλεδσμένων
1497 4396 1605 4451 τῶν
1636 4398 1746 4453 ἄνω
1793 4398 1878 4454 διὰ

2053 4380 2143 4458 Ν.
2202 4402 2359 4470 Cum,
2409 4414 2466 4458 ut
2493 4380 2708 4459 dictum
2738 4396 3243 4470 est,'Jaldahaothis
3270 4403 3567 4460 calliditate

314 4491 405 4563 τῆς
434 4490 529 4544 τοῦ
571 4489 897 4545 Ἰαλδαϐαὼθ
934 4490 1197 4557 ἐπινοίας,
1234 4484 1377 4545 οὗτοι
1401 4491 1451 4545 οί
1483 4492 1577 4544 ἀπ’
1608 4491 1772 4544 αὑτοῦ
1798 4506 1889 4560 γε-

304 4578 631 4652 γεννημένοι
663 4580 803 4635 ἑπτὰ
840 4581 966 4646 υἱοὶ,
1008 4582 1126 4653 ἦτοι
1155 4582 1378 4646 Αίῶνες,
1420 4584 1537 4655 ἤτοι
1589 4582 1721 4650 θεοὶ,
1771 4584 1888 4654 ἦτοι

307 4673 530 4744 ἄγγελοι
574 4672 884 4744 (καλοῦνται
915 4672 1022 4744 γὰρ
1064 4676 1193 4746 παρ’
1225 4674 1406 4738 αὐτοῖς
1436 4674 1663 4746 ὀνόμασι
1700 4674 1886 4745 διαφό-

312 4767 469 4837 ροις),
501 4764 644 4819 κατὰ
673 4763 772 4836 τὴν
798 4764 973 4818 εἰδέαν
1000 4763 1095 4817 τοῦ
1114 4765 1291 4819 αὐτῶν
1315 4766 1520 4837 πατρὸς
1563 4763 1888 4820 Ἰαλδαϐαὼθ

306 4856 553 4912 ἔπλασαν
580 4855 669 4909 τὸν
688 4855 991 4928 ἄνθρωπον,
1016 4858 1077 4909 οὐ
1107 4856 1320 4929 ῥᾳδίως,
1351 4858 1471 4912 οὐδὲ
1498 4860 1726 4929 ταχέως,
1756 4859 1889 4913 ἀλλὰ

309 4948 389 5019 τῷ
420 4947 568 5019 αὐτῷ
601 4947 808 5020 τρόπῳ,
836 4939 881 5015 ᾧ
915 4948 1008 5001 καὶ
1033 4950 1087 5001 αἱ
1123 4949 1384 5021 πρότεραι
1414 4951 1655 5023 αἱρέσεις
1683 4953 1891 5023 ἐμηχα-

311 5043 543 5113 νήσαντο
572 5042 628 5094 ὲν
658 5043 724 5113 τῇ
747 5040 926 5093 αὐτῶν
957 5043 1277 5112 κενοφωνίᾳ.
1305 5044 1441 5096 Φασὶ
1470 5043 1579 5114 γὰρ
1604 5045 1697 5098 καὶ
1723 5039 1887 5098 οὗτοι·

311 5129 424 5187 ’Ἦν
451 5131 677 5205 ἑρπετὸν
705 5133 734 5184 ὁ
770 5130 1056 5203 ἄνθρωπος
1080 5130 1192 5204 (45)
1224 5133 1299 5197 ὡς
1332 5133 1570 5206 σκώληξ,
1613 5135 1688 5208 μὴ
1728 5135 1888 5190 δυνά-

315 5247 478 5303 μενος
518 5233 655 5304 μήτε
700 5229 1019 5300 ἀνακύψειν,
1052 5231 1191 5303 μήτε
1232 5230 1542 5304 ὀρθοῦσθαι.
1575 5228 1719 5300 Πρὸς
1768 5230 1890 5281 ἑπι-

436 5392 734 5471 Ηωένοοοο
760 5390 837 5462 τῷ
888 5392 1000 5447 ἔθει
1050 5401 1401 5461 supervacua:
1434 5394 1578 5471 sunt
1622 5385 1731 5444 nisi
1785 5384 1864 5457 τῷ

1980 5402 2042 5438 πει
2101 5381 2423 5439 substituas.
2511 5383 2533 5414 ³
2558 5378 2621 5435 F.
2646 5381 2738 5434 τὸν
2779 5379 2906 5435 Ἰαλ.

314 5465 337 5497 ⁸
372 5462 430 5519 F.
472 5463 567 5519 καὶ
590 5463 711 5517 οὐκ.

386 5622 501 5693 (.55)
521 5617 633 5676 Ἦν
661 5619 912 5693 ἑρπετὸν
935 5620 971 5672 d
1003 5616 1329 5693 ἄνθρωπος.
1356 5603 1586 5693 Quaede
1612 5611 1893 5693 hominum

314 5684 530 5764 origine
558 5684 855 5750 continenti
900 5694 1029 5748 sunt
1054 5684 1121 5743 et
1143 5687 1197 5742 hi
1222 5724 1237 5754 ,
1267 5693 1322 5741 et
1352 5684 1737 5742 Gnosticorum
1778 5684 1890 5755 plc-

1986 4495 2166 4551 aditus
2195 4506 2340 4551 esset
2376 4494 2441 4549 ad
2478 4496 2760 4567 superiora
2793 4496 3115 4566 praeclusus,
3147 4502 3353 4565 septem
3392 4495 3467 4549 illi
3498 4496 3567 4550 ab

1985 4604 2050 4646 eo
2077 4588 2242 4660 geniti
2272 4588 2451 4651 liberi,
2503 4587 2618 4642 sive
2658 4585 2886 4653 Aiones,
2926 4588 3040 4642 sive
3069 4587 3166 4651 dii,
3196 4585 3310 4640 sive
3345 4584 3564 4639 demum

1986 4680 2193 4751 angeli;
2237 4679 2449 4736 diversa
2497 4679 2642 4733 enim
2683 4677 2752 4731 ah
2784 4678 2892 4732 illis
2931 4677 3153 4731 nomina
3191 4677 3514 4730 tribuuntur
3548 4694 3563 4731 :

1987 4774 2054 4829 ad
2104 4772 2348 4843 parentis
2405 4771 2490 4826 sui
2538 4767 2911 4823 Jaldabaothis
2957 4767 3246 4838 imaginem
3288 4766 3564 4823 hominem

1987 4864 2332 4936 producunt,
2385 4877 2453 4917 ne
2489 4860 2543 4916 id
2591 4860 2811 4932 quidem
2848 4858 3007 4913 facile
3040 4858 3125 4912 vel
3158 4858 3435 4921 celeriter;
3469 4859 3560 4912 sccl

1988 4956 2057 5011 ad
2104 4953 2356 5010 eumdem
2402 4952 2646 5016 modum,
2704 4967 2813 5021 quo
2864 4951 3097 5005 hazreses
3144 4949 3365 5019 reliquae
3416 4948 3561 5003 stoli-

1987 5046 2214 5102 dissime
2238 5044 2532 5098 ﬁnxerunt.
2559 5041 2651 5096 Sic
2680 5043 2824 5096 enim
2857 5039 3210 5111 pronuntiant
3236 5055 3250 5092 :
3280 5036 3563 5091 Hominem

1986 5137 2258 5211 principio
2302 5137 2506 5191 vermis
2556 5135 2730 5189 instar
2785 5132 2936 5187 humi
2990 5138 3301 5203 reptantem
3345 5143 3565 5185 sursum

1988 5227 2123 5299 erigi
2145 5234 2240 5281 aut
2261 5225 2439 5280 attolli
2463 5223 2759 5295 nequisse;
2790 5223 3068 5278 cmlestem
3090 5220 3287 5277 deinde
3315 5230 3564 5284 matrem,

3017 5381 3039 5413 ³
3066 5378 3195 5453 Leg.
3242 5380 3566 5451 Προυνίκου.

2003 5610 2181 5680 rique,
2212 5625 2277 5664 ex
2304 5617 2547 5691 veterum
2578 5608 3030 5732 BhiIOSOphorum
3069 5608 3421 5691 opinionibus
3450 5624 3568 5663 ma-

2003 5687 2221 5732 narunt.
2253 5679 2321 5732 de
2350 5680 2551 5732 auibus
2629 5679 2855 5732 nodorus
2880 5719 2893 5732 .
2928 5678 3197 5732 Eusebius
3236 5696 3252 5732 l
3283 5678 3363 5732 De
3402 5695 3566 5732 uram.

1999 5678 2221 5750 narunt,
2253 5679 2321 5735 de
2350 5680 2551 5752 quibus
2581 5678 2893 5747 Diodorus,
2928 5678 3197 5736 Eusebius
3236 5696 3253 5738 ι
3283 5678 3363 5735 De
3401 5695 3566 5751 prarp.
