3960 6140
443 286 547 343 647

1860 286 1918 342 5.
1959 283 2310 342 ΕΡΙΡΙΙΑΝΙΙ
3611 286 3701 343 648

444 420 566 470 quae
599 413 651 456 et
684 399 956 456 Prunicus
1007 398 1660 471 appellatur,‘adversus
1707 398 2025 458 Jaldabaoth

2140 399 2336 472 ϐουλὴν
2363 398 2421 453 δέ
2450 399 2543 454 τοῦ
2583 399 2908 454 ’Ῑαλδαϐαὼθ
2941 399 3109 472 ήᾶνω
3143 402 3323 473 μήτηρ
3351 401 3384 472 ἡ
3414 397 3698 477 καλουμένη

447 497 554 552 tale
595 494 725 565 quid
770 509 892 549 esse
944 492 1338 557 machinatam,
1367 500 1424 546 ut
1457 493 1507 548 ei
1540 494 1648 547 vim
1683 493 1831 548 illam
1866 509 2029 564 quam

442 587 616 642 eidem
643 584 1002 656 impertierat,
1044 583 1328 640 auferret:
1368 584 1601 654 ideoque
1630 585 1684 638 in
1717 583 2028 649 Hominem,

442 695 603 750 quem
649 679 799 733 illius
854 678 1012 733 liberi
1064 677 1356 744 tinxerant,
1397 678 1504 732 vim
1537 669 1710 748 ipsius
1746 675 2030 732 transfun-

442 772 592 836 dere,
640 786 705 826 ac
747 771 1040 827 scintillam
1073 771 1391 840 quamdam,
1420 770 1526 824 hoc
1559 777 1644 825 est
1678 771 1916 824 animam
1946 769 2031 823 in-

445 866 670 922 fundere
717 865 981 920 voluisse.
1037 863 1223 924 Tunc,
1275 863 1564 933 inquiunt,
1623 862 1855 932 pedibus
1913 864 2030 917 suis

443 956 618 1012 Homo
652 957 920 1020 constitit,
967 965 1130 1024 atque
1171 960 1298 1006 octo
1337 953 1592 1008 caelestes
1627 953 1788 1006 orbes
1822 951 2030 1023 cogita-

443 1051 593 1107 tione
623 1046 1046 1111 transcendeus,
1090 1045 1305 1099 Patrem
1347 1045 1497 1098 illum
1543 1043 1903 1099 Jaldabaothe
1937 1060 2030 1099 su-

442 1145 715 1216 periorem
763 1142 1006 1210 agnovit,
1052 1153 1117 1193 ac
1162 1138 1417 1193 laudibus
1468 1137 1681 1193 extulit.
1727 1137 1798 1190 At
1842 1134 2028 1190 Jalda-

442 1238 606 1294 baoth
654 1251 796 1307 aegre
851 1234 1033 1289 ferens
1076 1247 1139 1287 ea
1186 1247 1307 1302 quae
1357 1246 1522 1301 supra
1559 1246 1618 1285 se
1655 1237 1812 1285 erant
1843 1229 2032 1298 cujus-

442 1343 607 1399 quam
639 1328 708 1381 ad
737 1325 986 1381 notitiam
1033 1321 1370 1393 pervenisse,
1419 1319 1684 1374 stomachi
1726 1319 1921 1388 plenus
1961 1319 2028 1372 ad

441 1421 684 1475 materiae
730 1419 915 1473 faecem
964 1415 1183 1472 demisit
1214 1414 1423 1479 oculos,
1457 1422 1512 1466 et
1544 1413 1800 1465 virtutem
1837 1425 2031 1480 quam-

440 1514 563 1568 dam
598 1515 869 1582 serpentis
908 1510 1089 1581 specie
1118 1509 1327 1579 genuit,
1363 1521 1525 1576 quem
1566 1504 1688 1573 ejus
1727 1504 1896 1557 filium
1930 1516 2029 1555 vo-

438 1614 592 1671 caut;
647 1605 899 1672 idemque
955 1603 1034 1656 sic
1079 1601 1362 1654 immissus
1413 1597 1579 1650 Evam
1627 1595 1837 1650 fefellit.
1889 1594 2029 1649 lluie

437 1691 584 1747 enim
627 1693 948 1746 auscultans
992 1690 1084 1743 illa
1133 1698 1396 1757 tanquam
1444 1687 1540 1741 Dei
1587 1686 1718 1751 ﬁlio,
1765 1686 1922 1742 facile
1969 1693 2028 1741 ut

438 1782 506 1839 de
537 1783 730 1839 arbore
754 1783 998 1838 scientiae
1022 1791 1339 1836 vesceretur
1365 1780 1421 1834 in
1451 1780 1693 1834 animum
1719 1779 1954 1834 induxit.

513 1959 578 2015 ν.
607 1960 812 2016 Deinde
842 1969 1130 2031 postquam
1159 1958 1328 2016 aniles
1357 1961 1492 2014 istas
1514 1973 1688 2029 nugas
1710 1972 1773 2012 ac
1801 1956 2032 2013 ridicule

439 2055 720 2111 affectatas
751 2054 963 2110 fabulas
993 2054 1097 2107 hoc
1128 2052 1290 2106 modo
1313 2060 1733 2122 proposuerunt,
1760 2050 2029 2119 tragicum

439 2147 730 2220 quemdam
769 2145 1083 2202 istiusmodi
1115 2155 1322 2209 actum,
1364 2144 1482 2199 sive
1519 2143 1794 2198 comicum
1843 2143 2030 2213 potius

438 2239 826 2303 instituentes,
861 2237 1127 2292 nonnulla
1167 2235 1237 2290 ad
1264 2236 1422 2291 fictos
1455 2235 1580 2290 illos
1609 2234 1744 2290 deos
1771 2248 2029 2304 compro-

437 2329 649 2386 bandos
673 2329 726 2384 in
763 2328 1002 2384 medium
1044 2327 1296 2383 afferunt.
1321 2326 1536 2394 Nonne,
1561 2327 1838 2398 inquiunt,
1857 2334 1913 2382 et
1945 2327 2030 2381 iu-

435 2423 639 2479 testina
672 2431 882 2488 nostra,
916 2422 1118 2493 quibus
1144 2422 1380 2477 vivimus
1409 2431 1464 2477 et
1501 2421 1720 2487 alimur,
1754 2419 2029 2491 serpentis

435 2513 665 2584 eﬂigiem
699 2513 983 2571 referunt?
1015 2515 1238 2569 Addunt
1267 2524 1323 2570 et
1363 2515 1468 2569 alia
1498 2514 1778 2586 pleraque,
1811 2529 1933 2584 qua:
1960 2513 2030 2568 ad

436 2621 687 2661 errorum
739 2621 804 2662 ac
851 2607 1171 2662 deliriorum
1226 2621 1451 2663 suorum
1505 2605 1812 2662 faciendam
1865 2606 2027 2662 fidem

439 2698 809 2753 sectatoribus
864 2698 981 2754 suis
1036 2698 1323 2768 objiciunt.
1374 2697 1669 2768 Propterea
1719 2699 1888 2765 enim,
1944 2701 2030 2755 in-

437 2789 671 2859 quiunt,
703 2797 1012 2862 serpentem
1047 2791 1281 2847 colimus
1302 2832 1316 2858 ,
1350 2793 1498 2863 quod
1533 2791 1676 2848 Deus
1707 2793 1813 2849 iste
1845 2792 2030 2849 multi-

437 2884 613 2939 tudini
665 2884 949 2940 hominum
989 2885 1234 2942 scientiae
1263 2901 1327 2940 ac
1357 2887 1656 2958 cognitioni
1686 2901 1912 2942 causam
1942 2895 2026 2940 at-

435 2977 581 3032 tulit.
633 2976 960 3033 Jaldabaoth
993 2994 1264 3050 supremae
1298 2978 1489 3035 Matris
1520 2993 1587 3034 ac
1619 2979 1874 3036 Parentis
1907 2995 2027 3036 me-

436 3071 669 3124 moriam
723 3071 890 3141 272
945 3071 1274 3128 exstinctam
1309 3071 1452 3126 inter
1484 3071 1739 3128 homines
1772 3088 1893 3128 esse
1923 3087 2025 3127 cu-

436 3162 640 3232 piebat.
676 3161 785 3217 Sed
814 3165 882 3219 iis
914 3165 1191 3234 persuasit
1223 3179 1470 3235 serpens,
1506 3179 1569 3219 ac
1598 3164 1884 3221 scientiam
1923 3164 2029 3220 im-
2055 3141 2097 3199 (ἶ

437 3256 694 3324 portavit,
751 3261 1033 3335 totamque
1073 3258 1210 3311 adeo
1269 3256 1580 3312 divinorum
1638 3257 2028 3326 mysteriorum

436 3346 806 3416 cognitionem
836 3362 960 3400 cum
986 3348 1106 3402 viro
1130 3361 1194 3401 ac
1219 3347 1445 3403 muliere
1466 3347 1910 3402 communicavit.
1946 3343 2029 3400 Ob

436 3437 491 3492 id
538 3439 710 3494 iratus
743 3437 906 3494 Pater
938 3437 1286 3505 Jaldabaoth,
1330 3455 1394 3495 ac
1441 3437 1743 3496 derivatam
1798 3439 1854 3493 in
1906 3439 2029 3494 illos
2071 3463 2074 3468 ι

434 3529 707 3599 ejusmodi
760 3530 1046 3586 scientiam
1101 3532 1293 3603 iniquo
1349 3531 1531 3585 animo
1582 3532 1784 3594 ferens,
1818 3545 1848 3586 e
1887 3531 2028 3586 coelo

436 3621 588 3674 illum
619 3621 894 3677 deturbat.
929 3622 1061 3678 inde
1115 3639 1299 3695 regem
1349 3639 1380 3679 e
1427 3622 1567 3678 ctelo
1599 3621 1880 3693 delapsum
1910 3637 2027 3677 ser-

436 3721 651 3784 pentem
697 3729 823 3770 esse
869 3714 1124 3769 dictitant
1162 3715 1222 3780 ii,
1255 3714 1349 3786 qui
1376 3728 1486 3768 non
1525 3713 1752 3769 alterius
1774 3729 1834 3769 se
1859 3729 2024 3784 quam

434 3808 709 3878 serpentis
741 3808 990 3879 partibus
1021 3807 1368 3864 addixerunt.
1428 3805 1602 3877 Igitur
1631 3814 1853 3879 pr0pter
1882 3808 2026 3864 hanc

434 3894 503 3956 ab
535 3900 628 3956 illo
665 3915 987 3958 concessam
1020 3901 1305 3958 scientiam
1342 3904 1591 3956 venerari
1615 3916 1675 3956 se
1709 3908 2022 3972 serpentem

434 3993 691 4058 fatentur,
738 3994 898 4065 eique
941 4008 1138 4065 panem
1186 3994 1414 4064 insuper
1463 3993 1748 4062 objiciunt.
1819 3991 2023 4047 Verum

431 4086 634 4155 quippe
668 4093 976 4156 serpentem
1019 4085 1075 4140 in
1113 4085 1253 4140 cista
1276 4085 1570 4150 nutriunt;
1617 4097 1780 4154 quem
1815 4090 2023 4154 myste-

431 4175 638 4229 riorum
674 4181 918 4244 tempore
945 4176 1162 4245 stipatis
1197 4175 1264 4230 ad
1287 4173 1408 4245 ejus
1435 4188 1728 4229 cavernam
1753 4174 1808 4228 in
1833 4189 2022 4229 mensa

432 4265 670 4334 panibus
697 4264 946 4320 invitant.
1000 4267 1159 4336 Isque
1198 4275 1390 4336 aperto
1439 4265 1709 4321 foramine
1737 4281 1767 4320 e
1797 4265 2022 4322 latebris

431 4352 690 4422 erumpit.
742 4352 919 4422 Atque
949 4353 1042 4408 ubi
1072 4368 1172 4423 pro
1201 4369 1300 4408 sua
1332 4354 1630 4410 calliditate
1661 4355 2018 4411 stoliditatem

433 4443 650 4498 illorum
680 4445 921 4514 agnovit.
967 4461 1211 4502 mensam
1239 4448 1640 4514 conscendens,
1678 4448 1886 4504 circum
1918 4465 2017 4520 pa-

431 4550 528 4592 nes
568 4536 901 4607 implicatur.
953 4537 1106 4593 lianc
1158 4538 1631 4617 absolutissimum
1677 4558 1801 4598 esse
1840 4543 2017 4598 sacri-

429 4627 614 4682 ficium
663 4639 910 4685 censent.
964 4629 1121 4686 Unde
1165 4640 1290 4686 uta
1340 4633 1576 4703 quodam
1634 4635 1842 4706 accepi,
1903 4651 2014 4691 non

429 4722 591 4777 modo
611 4737 778 4792 panes
801 4722 958 4788 istos,
978 4723 1176 4794 quibus
1199 4725 1633 4782 eireumvolutus
1653 4734 1739 4782 est
1766 4742 2013 4798 serpens,

428 4813 688 4884 frangunt
730 4831 794 4870 ac
819 4815 1186 4884 distribuunt;
1220 4818 1315 4874 sed
1341 4819 1506 4874 etiam
1533 4820 1764 4891 quilibet
1793 4819 2014 4875 admoto

427 4921 522 4962 ore
545 4916 852 4978 serpentem
877 4910 1245 4975 exosculatur,
1274 4913 1388 4966 sive
1411 4904 1759 4969 cantionibus
1781 4914 2014 4984 quibus-

425 5000 550 5054 dam
598 5002 1176 5060 ad-mansuetudinem
1218 5005 1390 5061 bestia
1435 5007 1699 5072 mollitur,
1743 5008 1857 5062 sive
1903 5007 2012 5062 alio

426 5086 688 5149 daemonis
722 5096 956 5152 artificio
990 5097 1226 5153 innocua
1277 5097 1546 5155 redditur.
1605 5099 1758 5154 llanc
1788 5100 2010 5170 quidem

427 5186 658 5240 adorant
683 5189 892 5253 miseri,
926 5197 980 5245 et
1007 5190 1408 5248 Eueharistiam
1437 5202 1658 5258 vocant,
1685 5210 1809 5249 cum
1837 5210 2009 5266 appo-

426 5279 564 5334 sitos
599 5294 769 5350 panes
801 5283 1066 5339 tortuosis
1105 5285 1361 5346 flexibus,
1403 5301 1466 5340 ac
1496 5288 2007 5344 circumvolutioni-

426 5373 530 5430 bus
563 5375 834 5431 ambicrit.
868 5375 945 5430 Ac
979 5377 1198 5433 demum
1247 5396 1564 5450 supremum
1597 5382 1884 5438 Parentem
1910 5400 2007 5455 per

501 5551 517 5581 ⁸
544 5551 604 5606 F.
637 5551 1018 5626 διανοουμένη.
1095 5557 1116 5587 ¹
1145 5555 1264 5612 Vel.
1299 5557 1579 5614 ὑπὸθεσιν.

2139 491 2790 565 Προύνεικος,βουλομένη
2805 493 3037 547 κενῶσαι
3054 495 3146 547 τὸν
3161 493 3485 548 Ἰαλδαϐαὼθ
3499 497 3603 551 ἀπὸ
3615 497 3698 567 τῆς

2137 581 2310 651 αὑτῆς
2337 583 2618 654 μετέσχεν,
2645 584 2946 654 ἐνήργησεν
2963 584 3019 635 ἐν
3041 582 3190 650 αὑτῷ
3207 585 3284 646 εἰς
3301 584 3389 638 τὸν
3407 583 3703 657 Ἄνθρωπον

2137 676 2229 730 τὸν
2249 676 2356 729 ἀπὸ
2384 676 2491 729 τῶν
2517 677 2721 729 τέκνων
2747 675 2912 729 αὑτοῦ
2952 675 3333 747 πεπλασμένον
3363 677 3597 730 κενῶσαι
3618 678 3702 749 τὴν

2137 769 2304 822 αὑτοῦ
2336 769 2584 840 δύναμιν,
2630 770 2724 822 καὶ
2770 768 3089 822 ἀποστεῖλαι
3118 770 3214 822 ἀπ’
3244 769 3408 822 αὑτοῦ
3455 769 3702 841 σπινθῆρα

2138 862 2233 915 ἐπὶ
2277 861 2368 914 τὸν
2398 862 2707 933 ἄνθρωπον,
2750 863 2848 934 τὴν
2887 861 3066 933 ψυχὴν
3100 861 3262 931 δῆθεν
3287 861 3698 932 διανοούμενοι¹.

2137 955 2250 1010 Kal
2279 954 2424 1018 τότε,
2452 956 2640 1026 φησὶν,
2675 953 2804 1025 ἔστη
2837 956 2865 1006 6
2905 955 3192 1025 ἄνθρωπος
3231 953 3326 1006 ἐπὶ
3364 955 3491 1018 τοὺς
3533 954 3700 1017 πόδας,

2138 1048 2236 1101 καὶ
2275 1047 2622 1118 ὑπερϐέϐηκε
2645 1050 2710 1117 τῇ
2740 1046 2947 1118 διανοίᾳ
2982 1046 3110 1109 τοὺς
3138 1045 3287 1099 ὀκτὼ
3316 1047 3596 1118 οὑρανοὺς,
3622 1049 3703 1103 καί

2137 1140 2371 1208 ἐπέγνω,
2400 1140 2494 1192 καὶ
2538 1139 2699 1210 ᾔνεσε
2734 1139 2824 1192 τὸν
2864 1139 2976 1193 ἄνω
3015 1139 3234 1210 Πατέρα
3282 1140 3374 1193 τὸν
3404 1141 3587 1194 ἐπάνω
3621 1141 3704 1194 τοῦ

2151 1230 2499 1285 Ίαλδαὸαώθ.
2525 1231 2637 1284 Kal
2658 1232 2778 1284 τότε
2805 1231 2833 1282 6
2867 1229 3214 1296 ’1αλδα6αὼθ,
3235 1232 3381 1301 πόνῳ
3401 1233 3702 1303 φερόμενος,

2135 1322 2224 1376 διὰ
2264 1322 2326 1374 τὸ
2368 1322 2776 1392 ἐπιγνωσθῆναι
2805 1323 2872 1375 τά
2921 1321 3171 1376 ἀνώτατα
3222 1323 3406 1386 αὑτοῦ,
3457 1325 3702 1395 ἐπέῶεᾲι

2137 1416 2288 1469 κάτω
2316 1417 2374 1468 ἐν
2408 1415 2602 1487 πικρίᾳ
2636 1414 2772 1485 πρὸς
2805 1413 2903 1485 τὴν
2930 1414 3287 1486 ὑποστάθμην
3312 1415 3410 1487 τῆς
3443 1410 3594 1486 ὕλης,
3623 1418 3708 1470 καὶ

2135 1506 2431 1578 γεγέννηκε
2459 1505 2687 1576 δύναμιν
2709 1506 3043 1578 ὀφιόμορφον
3071 1507 3245 1560 εἰδέαν
3269 1507 3515 1577 ἔχουσαν,
3551 1508 3606 1560 ὃν
3625 1510 3706 1562 καὶ

2136 1595 2252 1647 υἱὸν
2272 1593 2436 1647 αὑτοῦ
2455 1595 2712 1648 καλοῦσι·
2730 1595 2823 1648 καὶ
2851 1595 3023 1659 οὕτως
3045 1590 3218 1663 οὗτος,
3241 1598 3424 1666 φησὶν,
3442 1599 3706 1671 ἀπεστάλη

2136 1686 2229 1740 καὶ
2269 1687 2521 1757 ἠπάτησε
2572 1687 2671 1758 τὴν
2713 1688 2877 1744 Εὔαν.
2915 1690 2982 1743 Ἦ
3021 1690 3079 1743 δέ
3123 1691 3357 1762 ἤκουσεν
3406 1691 3595 1756 αὑτοῦ,
3624 1694 3708 1747 καὶ

2059 1789 2104 1844 Β
2131 1776 2358 1848 ἐπείσθη
2396 1777 2473 1840 ὡς
2501 1777 2605 1848 υἱῷ
2635 1779 2795 1847 Θεοῦ,
2825 1782 2920 1834 καὶ
2943 1780 3227 1835 πεισθεῖσα
3260 1781 3463 1852 ἔφαγεν
3493 1782 3599 1836 ἀπ’)
3624 1784 3706 1838 τοῦ

2133 1868 2290 1935 ξύλου
2320 1869 2420 1939 τῆς
2450 1869 2723 1939 γνώσεως.

2203 1963 2280 2015 E'.
2310 1958 2442 2016 Εἶτα
2463 1964 2591 2016 ὅταν
2615 1964 2818 2035 ταύτην
2847 1964 2947 2034 τὴν
2973 1966 3184 2038 μωρίαν
3212 1967 3602 2040 διηγήσωνται,
3625 1969 3712 2024 καὶ

2130 2053 2193 2106 τὸ
2224 2053 2434 2120 γελοῖον
2466 2055 2564 2126 τῆς
2599 2055 3019 2126 ἐπιτηδεύσεως,
3063 2056 3268 2126 ταύτην
3306 2057 3406 2129 τὴν
3430 2060 3709 2131 τραγικὴν,

2131 2144 2209 2208 ὡς
2237 2147 2434 2208 εἰπεῖν,
2463 2147 2822 2217 ποιησάμενοι
2847 2149 3164 2218 συμφωνίαν
3192 2150 3234 2214 ⁹,
3268 2151 3362 2203 καὶ
3389 2149 3450 2204 τὸ
3479 2153 3712 2222 κωμικὸν

2131 2235 2289 2291 τοῦτο
2319 2237 2524 2310 δρᾶμα,
2560 2238 2819 2310 ἄρχονται
2843 2256 2965 2293 τινα
2999 2243 3132 2312 ἡμῖν
3157 2241 3476 2311 ὑποφαίνειν
3512 2245 3590 2307 εἰς
3614 2258 3712 2297 πα-

2136 2328 2398 2411 ράστασιν
2427 2329 2536 2385 τῶν
2581 2333 2710 2403 παρ’
2736 2333 2919 2396 αὑτοῖς
2963 2333 3270 2404 λεγομένων
3301 2334 3513 2404 ψευδῶν
3560 2335 3710 2389 θεῶν.

2134 2422 2255 2476 Ὅτι
2284 2422 2404 2493 οὑχὶ
2455 2423 2548 2477 καὶ
2592 2424 2660 2478 τὰ
2711 2424 2916 2494 ἔγκατα
2955 2425 3132 2498 ἡμῶν,
3167 2427 3234 2480 δι’
3269 2420 3344 2480 ὧν
3380 2427 3585 2498 ζῶμεν,
3628 2431 3715 2482 καὶ

2129 2513 2482 2586 τρεφόμεθα,
2539 2516 2778 2587 ὀφιοειδῆ
2829 2517 3098 2590 ὑπάρχει;
3149 2518 3319 2573 Ἀλλα
3360 2519 3420 2572 δὲ
3465 2521 3568 2574 ὅσα
3609 2524 3714 2585 τοῖς

2131 2606 2507 2678 ὴπατημένοις
2533 2611 2993 2682 παρεισφέρουσιν
3029 2613 3110 2676 εἰς
3134 2613 3234 2686 ’τὴν
3261 2613 3472 2668 έαυτῶν
3513 2615 3716 2684 πλάνην

2084 2769 2106 2788 .
2131 2698 2228 2752 καὶ
2255 2698 2474 2770 ληρώδη
2515 2699 2790 2756 ὑπόνοιαν.
2823 2703 2924 2757 Διά
2960 2703 3216 2776 τοιαύτην
3243 2704 3300 2758 δὲ
3335 2701 3537 2770 αἰτίαν,
3565 2709 3715 2776 φασὶ,

2131 2789 2221 2843 τὸν
2250 2790 2376 2860 ὅφιν
2423 2792 2742 2864 δοξάζομεν,
2767 2795 2848 2848 ὅτι
2884 2798 2911 2848 6
2956 2795 3088 2860 Θεὸς
3117 2798 3288 2860 αἴτιος
3333 2799 3432 2869 τῆς
3467 2796 3721 2866 γνώσεως

2131 2883 2422 2956 γεγένηται
2445 2885 2524 2956 τῷ
2560 2886 2774 2959 πλήθει.
2829 2887 2887 2941 Ὀ
2915 2888 2972 2942 δὲ
3007 2885 3353 2955 Ἰαλδαδαὼθ,
3400 2892 3589 2958 φασὶν,
3625 2894 3723 2945 οὑκ

2131 2975 2292 3054 ἤθελε
2324 2979 2631 3051 μνησθῆναι
2660 2979 2759 3052 τὴν
2793 2979 2904 3034 ἄνω
2936 2978 3183 3053 Μητέρα,
3214 2979 3336 3036 οὔτε
3371 2982 3462 3036 τὸν
3495 2985 3722 3054 ’Πατέρα

2130 3072 2244 3133 τοῖς
2266 3069 2594 3142 ἀνθρώποις.
2625 3073 2852 3127 Ἔπεισε
2877 3074 2933 3128 δὲ
2962 3075 2990 3126 ὁ
3016 3075 3159 3144 ὄφις,
3187 3072 3282 3129 καὶ
3322 3078 3526 3145 γνῶσιν
3555 3079 3720 3149 ἤνεγ-

2131 3179 2248 3225 κεν,
2286 3162 2493 3227 ἐδίδαξὲ
2535 3181 2593 3216 τε
2636 3165 2729 3218 τὸν
2767 3165 3055 3238 ἄνθρωπον
3103 3169 3197 3221 καὶ
3228 3169 3328 3240 τὴν
3357 3174 3593 3239 γυναῖκα
3615 3175 3723 3226 τῶν

2130 3253 2243 3307 ἄνω
2289 3256 2604 3326 μυστηρίων
2645 3257 2706 3310 τὸ
2742 3260 2852 3312 πᾶν
2885 3260 2984 3330 τῆς
3037 3262 3309 3330 γνώσεως.
3346 3263 3438 3317 Διὸ
3464 3266 3495 3317 6
3533 3266 3725 3338 Πατὴρ

2130 3344 2428 3415 ὀργισθεὶς,
2476 3348 2757 3401 τουτέστιν
2789 3353 2816 3403 6
2861 3349 3206 3420 Ἰαλδαϐαὼθ,
3249 3353 3318 3409 δι’
3366 3361 3427 3429 ῆν
3475 3358 3726 3425 ὑπέδειξε

2128 3438 2241 3499 τοῖς
2281 3437 2590 3509 ἀνθρώποις
2629 3440 2853 3508 γνῶσιν,
2899 3443 3198 3498 κατέϐαλεν
3228 3445 3391 3500 αὑτὸν
3436 3449 3534 3503 ἀπ’
3563 3451 3729 3521 οὑρα-

2129 3526 2244 3582 νοῦ.
2279 3530 2392 3582 Καὶ
2425 3529 2576 3584 ἐνθεν
2613 3531 2837 3602 βασιλέα
2873 3535 2964 3589 τὸν
2993 3536 3116 3606 ὅφιν
3151 3539 3244 3591 ἀπ’
3273 3539 3506 3610 οὑρανοῦ
3537 3539 3731 3611 λέγους

2129 3635 2213 3672 σιν
2236 3622 2285 3673 oi
2317 3621 2416 3692 τὴν
2451 3623 2642 3694 μερίδα
2667 3624 2762 3678 τοῦ
2798 3626 2974 3696 ὄφεως
3005 3630 3098 3682 καὶ
3126 3630 3280 3684 οὐδὲν
3303 3632 3497 3704 ἓτερον
3523 3652 3731 3708 κεκτη·

2132 3709 2302 3780 μένοι.
2333 3712 2658 3778 Δοξάζουσιν
2688 3710 2780 3768 οῦν
2811 3717 2972 3771 αὑτὸν
3006 3719 3096 3772 διά
3125 3721 3224 3792 τὴν
3250 3721 3532 3795 τοιαύτην,
3567 3728 3729 3796 φησὶ,

2128 3801 2348 3869 γνῶσιν,
2381 3805 2475 3857 καὶ
2513 3805 2678 3876 ἄρτον
2714 3807 2862 3878 αὑτῷ
2893 3811 3316 3883 προσφέρουσιν.
3349 3815 3578 3886 Ἔχουσι
3621 3817 3732 3888 γὰρ

2127 3893 2288 3962 φύσει
2323 3895 2447 3966 ὅφιν
2466 3893 2760 3968 τρέφοντες
2788 3898 2844 3953 ἐν
2869 3901 3031 3974 κίστῃ
3063 3903 3187 3967 τινὶ,
3219 3904 3278 3959 ὃν
3295 3906 3431 3979 πρὸς
3444 3908 3547 3979 τὴν
3574 3909 3733 3981 ὥραν

2125 3983 2234 4039 τῶν
2253 3987 2432 4040 αὑτῶν
2457 3989 2544 4042 Mt;
2554 3992 2791 4062 στηρίων
2810 3991 2904 4046 τοῦ
2926 3993 3136 4062 φωλεοῦ
3170 3998 3610 4070 προσφέροντες,
3638 4003 3734 4054 καὶ

2126 4075 2474 4142 στιϐάζοντες
2496 4078 2588 4131 ἐπὶ
2617 4079 2899 4153 τραπέζης
2921 4084 3140 4155 ἄρτους,
3165 4089 3612 4157 προσκαλοῦνται
3637 4094 3734 4146 τὸν

2123 4163 2270 4233 ὅφιν.
2310 4166 2677 4238 Ἀνοιχθέντος
2700 4171 2755 4226 δὲ
2777 4173 2870 4226 τοῦ
2895 4175 3125 4243 φωλεοῦ,
3151 4178 3388 4248 πρόεισι.
3415 4182 3529 4236 Καὶ
3547 4184 3734 4248 οὕτως

2124 4257 2365 4311 ἀνελθὼν
2414 4260 2554 4313 κατά
2587 4262 2686 4333 τὴν
2733 4264 2899 4318 αὑτοῦ
2945 4266 3208 4339 φρόνησιν
3245 4271 3273 4322 6
3321 4270 3446 4340 ὄφις
3488 4275 3590 4328 καὶ
3627 4293 3737 4327 παι-

2123 4349 2381 4419 νουργίαν
2409 4351 2509 4424 ἤδη
2540 4353 2825 4422 γινώσκων
2850 4357 2959 4429 (46)
2987 4359 3086 4432 τὴν
3111 4361 3292 4416 αὑτῶν
3315 4365 3552 4437 μωρίαν,
3586 4370 3736 4422 ἄνει-

2124 4457 2209 4494 σιν
2258 4443 2352 4494 ὲπὶ
2384 4443 2483 4515 τὴν
2535 4447 2835 4518 τράπεζαν,
2870 4453 2962 4505 καὶ
3007 4453 3294 4510 ἐνειλεῖται
3344 4461 3460 4522 τοῖς
3508 4460 3732 4532 ἄρτοις.

2122 4533 2232 4586 Καὶ
2263 4533 2470 4608 ταύτην
2504 4540 2668 4608 φασὶν
2716 4538 2856 4598 εἷναι
2895 4546 3105 4602 τελείαν
3140 4547 3349 4604 θυσίαν.
3390 4551 3553 4606 Ὅθεν
3607 4555 3733 4617 καὶ,

2122 4623 2198 4689 ὡς
2229 4627 2338 4680 ἀπὸ
2370 4645 2514 4694 τινος
2540 4633 2768 4703 ἀκήκοα,
2808 4634 2873 4687 οὑ
2917 4638 3079 4708 μόνον
3121 4639 3290 4694 κλῶσι
3328 4641 3459 4707 τοὺς
3495 4645 3732 4716 ἄρτους,

2122 4718 2182 4770 ἐν
2213 4713 2294 4782 οἷς
2316 4720 2344 4770 6
2376 4719 2537 4786 αὑτὸς
2563 4723 2687 4792 ὄφις
2721 4724 2932 4799 είλήθη,
2966 4730 3061 4782 καὶ
3091 4731 3393 4786 ἐπιδιδόασι
3430 4713 3546 4798 τοῖς
3576 4735 3734 4807 λαμο

2123 4807 2412 4863 ὅάνουσιψ
2446 4811 2582 4867 ἀλλὰ
2625 4816 2718 4868 καὶ
2750 4816 2980 4880 ἕκαστος
3024 4820 3332 4885 ἀσπάζεται
3373 4823 3466 4876 τὸν
3497 4825 3633 4894 ὅφιν
3668 4829 3733 4878 ἐκ

2126 4901 2413 4972 στόματος,
2445 4906 2562 4977 ἦτοι
2596 4910 2821 4981 γοητείᾳ
2866 4912 2974 4965 τινὶ
3011 4913 3344 4984 ἐπᾳσθέντος
3395 4917 3492 4972 τοῦ
3539 4919 3734 4988 ὄφεως

2118 4990 2197 5053 εἰς
2226 4993 2560 5065 ἡμερότητα,
2595 4997 2626 5068 ἢ
2656 4998 2714 5062 ἐξ
2756 5001 2948 5072 ἐτέρας
2986 5003 3271 5076 ἐνεργείας
3295 5005 3546 5061 διαϐόλου
3583 5011 3732 5079 πρῖς

2118 5083 2335 5156 ἀπάτην
2377 5087 2583 5144 τούτων
2629 5091 3091 5166 ὑποκοριζομένου
3124 5096 3218 5150 τοῦ
3262 5095 3425 5161 ζώου.
3463 5103 3727 5172 Προσκυ-

2119 5175 2271 5229 νοῦσι
2295 5178 2352 5230 δὲ
2381 5179 2474 5232 τὸν
2512 5182 2774 5250 τοιοῦτον,
2803 5187 2895 5239 καὶ
2945 5188 3299 5260 εὐχαριστίαν
3341 5191 3550 5263 ταύτην
3595 5196 3730 5246 ἐπι-

2116 5285 2439 5356 φημίζουσι,
2474 5289 2572 5362 τὴν
2599 5292 2666 5345 δι’
2705 5293 2872 5348 αὑτοῦ
2913 5297 3282 5367 ἐνειληθέντος
3308 5301 3730 5373 γεγενημένην.

2114 5393 2224 5447 Καὶ
2252 5391 2408 5459 αὖθις
2437 5395 2504 5449 δι’
2539 5397 2727 5464 αὑτοῦ,
2764 5399 2839 5465 ὥς
2882 5417 3038 5470 φασι,
3069 5401 3149 5472 τῷ
3177 5402 3292 5457 ἄνω
3332 5405 3512 5476 Πατρὶ
3542 5403 3730 5476 ὕμνον

500 5730 610 5798 446)
646 5735 754 5787 Καὶ
799 5740 1168 5809 πανουργίαι·
1224 5743 1550 5812 γινώσκων.
1601 5744 1758 5801 Corr.
1818 5747 1964 5802 κατὰ
1991 5751 2129 5804 πᾶν.
