  <div class='ocr_page' id='page_1' title='image "/cluster/home/n/w/nwhite01/storage/ocr_20150623/41/mdp.39015008169818/346.png"; bbox 0 0 3960 6116; ppageno 0'>
   <div class='ocr_carea' id='block_1_1' title="bbox 320 264 1915 328">
    <p class='ocr_par' dir='ltr' id='par_1_1' title="bbox 320 264 1913 328">
     <span class='ocr_line' id='line_1_1' title="bbox 320 264 1913 328; baseline -0.003 -5"><span class='ocrx_word' id='word_1_1' title='bbox 320 271 424 328; x_wconf 73' lang='grc'><strong>649</strong></span> <span class='ocrx_word' id='word_1_2' title='bbox 697 311 702 318; x_wconf 60' lang='grc' dir='ltr'><strong>ς</strong></span> <span class='ocrx_word' id='word_1_3' title='bbox 933 267 1303 325; x_wconf 67' lang='grc' dir='ltr'>Αῡινειιδυδ</span> <span class='ocrx_word' id='word_1_4' title='bbox 1344 265 1684 323; x_wconf 71' lang='grc' dir='ltr'><strong>ΠᾸΞΠΕΒΕΒ</strong></span> <span class='ocrx_word' id='word_1_5' title='bbox 1723 266 1850 322; x_wconf 82' lang='lat' dir='ltr'><strong>LIB.</strong></span> <span class='ocrx_word' id='word_1_6' title='bbox 1894 264 1913 318; x_wconf 93' lang='grc'><strong>1</strong></span> 
     </span>
    </p>
   </div>
   <div class='ocr_carea' id='block_1_2' title="bbox 2025 264 3594 328">
    <p class='ocr_par' dir='ltr' id='par_1_2' title="bbox 2025 264 3594 328">
     <span class='ocr_line' id='line_1_2' title="bbox 2025 264 3594 328; baseline 0.003 -8"><span class='ocrx_word' id='word_1_7' title='bbox 2025 264 2144 320; x_wconf 72' lang='grc' dir='ltr'><strong>ΟΜ.</strong></span> <span class='ocrx_word' id='word_1_8' title='bbox 2187 265 2272 321; x_wconf 86' lang='grc' dir='ltr'>ιιι.</span> <span class='ocrx_word' id='word_1_9' title='bbox 2317 297 2381 305; x_wconf 83' lang='lat'><strong>-—</strong></span> <span class='ocrx_word' id='word_1_10' title='bbox 2426 265 2696 322; x_wconf 65' lang='lat' dir='ltr'><strong>llzllRlZS.</strong></span> <span class='ocrx_word' id='word_1_11' title='bbox 2737 265 3001 322; x_wconf 80' lang='lat' dir='ltr'><strong>XXXVII.</strong></span> <span class='ocrx_word' id='word_1_12' title='bbox 3485 271 3594 328; x_wconf 84' lang='lat'><strong>650</strong></span> 
     </span>
    </p>
   </div>
   <div class='ocr_carea' id='block_1_3' title="bbox 325 379 1915 451">
    <p class='ocr_par' dir='ltr' id='par_1_3' title="bbox 325 379 1912 451">
     <span class='ocr_line' id='line_1_3' title="bbox 325 379 1912 451; baseline -0.001 -17"><span class='ocrx_word' id='word_1_13' title='bbox 325 379 758 449; x_wconf 63' lang='grc' dir='ltr'>ἀναπέμποκτες,</span> <span class='ocrx_word' id='word_1_14' title='bbox 820 379 992 444; x_wconf 65' lang='grc' dir='ltr'>οὕτως</span> <span class='ocrx_word' id='word_1_15' title='bbox 1047 381 1114 434; x_wconf 69' lang='grc' dir='ltr'>τὰ</span> <span class='ocrx_word' id='word_1_16' title='bbox 1168 383 1448 451; x_wconf 77' lang='grc' dir='ltr'><strong>μυστήρια</strong></span> <span class='ocrx_word' id='word_1_17' title='bbox 1497 380 1676 434; x_wconf 75' lang='grc' dir='ltr'>αὐτῶν</span> <span class='ocrx_word' id='word_1_18' title='bbox 1731 382 1912 434; x_wconf 85' lang='grc' dir='ltr'>ἐπιτε-</span> 
     </span>
    </p>
   </div>
   <div class='ocr_carea' id='block_1_4' title="bbox 2025 379 3593 451">
    <p class='ocr_par' dir='ltr' id='par_1_4' title="bbox 2025 379 3593 451">
     <span class='ocr_line' id='line_1_4' title="bbox 2025 379 3593 451; baseline 0.002 -18"><span class='ocrx_word' id='word_1_19' title='bbox 2025 379 2206 443; x_wconf 72' lang='lat' dir='ltr'><strong>illum.</strong></span> <span class='ocrx_word' id='word_1_20' title='bbox 2260 387 2316 433; x_wconf 86' lang='grc' dir='ltr'><strong>ιιι</strong></span> <span class='ocrx_word' id='word_1_21' title='bbox 2364 380 2534 443; x_wconf 81' lang='lat' dir='ltr'><strong>aiunt,</strong></span> <span class='ocrx_word' id='word_1_22' title='bbox 2582 379 2942 444; x_wconf 80' lang='lat' dir='ltr'><strong>celebrantes,</strong></span> <span class='ocrx_word' id='word_1_23' title='bbox 2989 379 3246 450; x_wconf 83' lang='lat' dir='ltr'><strong>mysteria</strong></span> <span class='ocrx_word' id='word_1_24' title='bbox 3299 394 3397 434; x_wconf 89' lang='lat' dir='ltr'><strong>sua</strong></span> <span class='ocrx_word' id='word_1_25' title='bbox 3436 386 3593 451; x_wconf 74' lang='lat' dir='ltr'><strong>perli-</strong></span> 
     </span>
    </p>
   </div>
   <div class='ocr_carea' id='block_1_5' title="bbox 325 472 1915 527">
    <p class='ocr_par' dir='ltr' id='par_1_5' title="bbox 325 472 496 525">
     <span class='ocr_line' id='line_1_5' title="bbox 325 472 496 525; baseline -0.006 0"><span class='ocrx_word' id='word_1_26' title='bbox 325 472 414 525; x_wconf 81' lang='grc' dir='ltr'><strong>λοῦ</strong></span> <span class='ocrx_word' id='word_1_27' title='bbox 426 489 496 524; x_wconf 80' lang='grc' dir='ltr'><strong>σι.</strong></span> 
     </span>
    </p>
   </div>
   <div class='ocr_carea' id='block_1_6' title="bbox 2025 472 2192 527">
    <p class='ocr_par' dir='ltr' id='par_1_6' title="bbox 2025 475 2192 527">
     <span class='ocr_line' id='line_1_6' title="bbox 2025 475 2192 527; baseline 0.006 -1"><span class='ocrx_word' id='word_1_28' title='bbox 2025 475 2192 527; x_wconf 86' lang='lat' dir='ltr'><strong>ciunt.</strong></span> 
     </span>
    </p>
   </div>
   <div class='ocr_carea' id='block_1_7' title="bbox 394 561 1905 639">
    <p class='ocr_par' dir='ltr' id='par_1_7' title="bbox 394 561 1905 639">
     <span class='ocr_line' id='line_1_7' title="bbox 394 561 1905 639; baseline 0.001 -20"><span class='ocrx_word' id='word_1_29' title='bbox 394 561 484 630; x_wconf 71' lang='grc' dir='ltr'>(τ’.</span> <span class='ocrx_word' id='word_1_30' title='bbox 515 564 744 634; x_wconf 84' lang='grc' dir='ltr'>Μωρίαν</span> <span class='ocrx_word' id='word_1_31' title='bbox 768 564 826 616; x_wconf 80' lang='grc' dir='ltr'>δὲ</span> <span class='ocrx_word' id='word_1_32' title='bbox 868 566 1012 619; x_wconf 75' lang='grc' dir='ltr'>εἴποι</span> <span class='ocrx_word' id='word_1_33' title='bbox 1053 583 1134 629; x_wconf 83' lang='grc' dir='ltr'><strong>τις</strong></span> <span class='ocrx_word' id='word_1_34' title='bbox 1162 565 1229 618; x_wconf 84' lang='grc' dir='ltr'>ἂν</span> <span class='ocrx_word' id='word_1_35' title='bbox 1273 567 1365 620; x_wconf 72' lang='grc' dir='ltr'><strong>καὶ</strong></span> <span class='ocrx_word' id='word_1_36' title='bbox 1395 565 1590 639; x_wconf 83' lang='grc' dir='ltr'><strong>χλεύης</strong></span> <span class='ocrx_word' id='word_1_37' title='bbox 1616 567 1868 638; x_wconf 76' lang='grc' dir='ltr'><strong>ἔμπλεων</strong></span> <span class='ocrx_word' id='word_1_38' title='bbox 1891 585 1905 598; x_wconf 90' lang='grc'><strong>·</strong></span> 
     </span>
    </p>
   </div>
   <div class='ocr_carea' id='block_1_8' title="bbox 324 655 1910 732">
    <p class='ocr_par' dir='ltr' id='par_1_8' title="bbox 324 655 1910 732">
     <span class='ocr_line' id='line_1_8' title="bbox 324 655 1910 732; baseline 0.003 -23"><span class='ocrx_word' id='word_1_39' title='bbox 324 656 418 709; x_wconf 74' lang='grc' dir='ltr'>καὶ</span> <span class='ocrx_word' id='word_1_40' title='bbox 444 655 567 710; x_wconf 80' lang='grc' dir='ltr'>οὔτε</span> <span class='ocrx_word' id='word_1_41' title='bbox 610 658 924 728; x_wconf 82' lang='grc' dir='ltr'><strong>ἀνατροπῆς</strong></span> <span class='ocrx_word' id='word_1_42' title='bbox 957 658 1066 713; x_wconf 78' lang='grc' dir='ltr'>ἀπὸ</span> <span class='ocrx_word' id='word_1_43' title='bbox 1104 659 1253 722; x_wconf 80' lang='grc' dir='ltr'>θείας</span> <span class='ocrx_word' id='word_1_44' title='bbox 1295 660 1515 732; x_wconf 81' lang='grc' dir='ltr'>Γραφῆς</span> <span class='ocrx_word' id='word_1_45' title='bbox 1549 660 1910 732; x_wconf 74' lang='grc' dir='ltr'>ἐπιζητουμέ-</span> 
     </span>
    </p>
   </div>
   <div class='ocr_carea' id='block_1_9' title="bbox 322 747 1910 822">
    <p class='ocr_par' dir='ltr' id='par_1_9' title="bbox 322 747 1910 822">
     <span class='ocr_line' id='line_1_9' title="bbox 322 747 1910 822; baseline 0.005 -23"><span class='ocrx_word' id='word_1_46' title='bbox 322 765 418 818; x_wconf 89' lang='grc' dir='ltr'><strong>νης</strong></span> <span class='ocrx_word' id='word_1_47' title='bbox 452 749 532 811; x_wconf 85' lang='grc' dir='ltr'>εἰς</span> <span class='ocrx_word' id='word_1_48' title='bbox 585 747 763 813; x_wconf 87' lang='grc' dir='ltr'>τοῦτο,</span> <span class='ocrx_word' id='word_1_49' title='bbox 815 749 930 802; x_wconf 80' lang='grc' dir='ltr'>ἀλλ’</span> <span class='ocrx_word' id='word_1_50' title='bbox 979 751 1111 804; x_wconf 73' lang='grc' dir='ltr'>αὐτὸ</span> <span class='ocrx_word' id='word_1_51' title='bbox 1141 751 1264 804; x_wconf 82' lang='grc' dir='ltr'>καθ’</span> <span class='ocrx_word' id='word_1_52' title='bbox 1327 752 1487 804; x_wconf 84' lang='grc' dir='ltr'>ἑαυτὸ</span> <span class='ocrx_word' id='word_1_53' title='bbox 1520 751 1599 822; x_wconf 85' lang='grc' dir='ltr'><strong>τῷ</strong></span> <span class='ocrx_word' id='word_1_54' title='bbox 1639 752 1731 804; x_wconf 87' lang='grc' dir='ltr'><strong>τὸν</strong></span> <span class='ocrx_word' id='word_1_55' title='bbox 1786 750 1910 807; x_wconf 89' lang='grc' dir='ltr'>νοῦν</span> 
     </span>
    </p>
   </div>
   <div class='ocr_carea' id='block_1_10' title="bbox 321 839 1907 912">
    <p class='ocr_par' dir='ltr' id='par_1_10' title="bbox 321 839 1907 912">
     <span class='ocr_line' id='line_1_10' title="bbox 321 839 1907 912; baseline 0.001 -20"><span class='ocrx_word' id='word_1_56' title='bbox 321 839 500 909; x_wconf 78' lang='grc' dir='ltr'>ἔχοντι</span> <span class='ocrx_word' id='word_1_57' title='bbox 534 841 844 912; x_wconf 71' lang='grc' dir='ltr'>ἐρρωμένον</span> <span class='ocrx_word' id='word_1_58' title='bbox 877 841 1021 894; x_wconf 87' lang='grc' dir='ltr'><strong>κατά</strong></span> <span class='ocrx_word' id='word_1_59' title='bbox 1049 841 1181 894; x_wconf 83' lang='grc' dir='ltr'>Θεὸν</span> <span class='ocrx_word' id='word_1_60' title='bbox 1217 843 1502 911; x_wconf 85' lang='grc' dir='ltr'>γελοιῶδες</span> <span class='ocrx_word' id='word_1_61' title='bbox 1544 841 1907 912; x_wconf 76' lang='grc' dir='ltr'><strong>δειχθήσεται.</strong></span> 
     </span>
    </p>
   </div>
   <div class='ocr_carea' id='block_1_11' title="bbox 323 931 1914 1006">
    <p class='ocr_par' dir='ltr' id='par_1_11' title="bbox 323 931 1914 1006">
     <span class='ocr_line' id='line_1_11' title="bbox 323 931 1914 1006; baseline 0.003 -23"><span class='ocrx_word' id='word_1_62' title='bbox 323 931 502 995; x_wconf 74' lang='grc' dir='ltr'>Εὐθὺς</span> <span class='ocrx_word' id='word_1_63' title='bbox 531 932 639 1004; x_wconf 77' lang='grc' dir='ltr'>γὰρ</span> <span class='ocrx_word' id='word_1_64' title='bbox 669 934 817 986; x_wconf 81' lang='grc' dir='ltr'>πᾶσα</span> <span class='ocrx_word' id='word_1_65' title='bbox 844 934 1077 1004; x_wconf 75' lang='grc' dir='ltr'>ήαύτῶν</span> <span class='ocrx_word' id='word_1_66' title='bbox 1111 937 1418 1004; x_wconf 70' lang='grc' dir='ltr'>κενοφωνία</span> <span class='ocrx_word' id='word_1_67' title='bbox 1444 932 1692 1006; x_wconf 80' lang='grc' dir='ltr'>ληρώδης</span> <span class='ocrx_word' id='word_1_68' title='bbox 1720 952 1803 998; x_wconf 90' lang='grc' dir='ltr'><strong>τις</strong></span> <span class='ocrx_word' id='word_1_69' title='bbox 1830 935 1914 988; x_wconf 79' lang='grc' dir='ltr'>εῦ-</span> 
     </span>
    </p>
   </div>
   <div class='ocr_carea' id='block_1_12' title="bbox 325 1023 1912 1097">
    <p class='ocr_par' dir='ltr' id='par_1_12' title="bbox 325 1023 1912 1097">
     <span class='ocr_line' id='line_1_12' title="bbox 325 1023 1912 1097; baseline 0.004 -23"><span class='ocrx_word' id='word_1_70' title='bbox 325 1023 635 1094; x_wconf 72' lang='grc' dir='ltr'>ρεθὴσεται.</span> <span class='ocrx_word' id='word_1_71' title='bbox 679 1026 740 1078; x_wconf 81' lang='lat' dir='ltr'><strong>El</strong></span> <span class='ocrx_word' id='word_1_72' title='bbox 766 1025 875 1097; x_wconf 86' lang='grc' dir='ltr'>γὰρ</span> <span class='ocrx_word' id='word_1_73' title='bbox 925 1023 1253 1097; x_wconf 77' lang='grc' dir='ltr'>Προύνεικόν</span> <span class='ocrx_word' id='word_1_74' title='bbox 1279 1045 1442 1097; x_wconf 82' lang='grc' dir='ltr'>φασιν</span> <span class='ocrx_word' id='word_1_75' title='bbox 1481 1023 1641 1092; x_wconf 79' lang='grc' dir='ltr'>εἶναι,</span> <span class='ocrx_word' id='word_1_76' title='bbox 1676 1027 1792 1090; x_wconf 85' lang='grc' dir='ltr'><strong>πῶς</strong></span> <span class='ocrx_word' id='word_1_77' title='bbox 1817 1029 1912 1081; x_wconf 84' lang='grc' dir='ltr'>ἀπ’</span> 
     </span>
    </p>
   </div>
   <div class='ocr_carea' id='block_1_13' title="bbox 324 1117 1912 1192">
    <p class='ocr_par' dir='ltr' id='par_1_13' title="bbox 324 1117 1912 1192">
     <span class='ocr_line' id='line_1_13' title="bbox 324 1117 1912 1192; baseline 0.003 -22"><span class='ocrx_word' id='word_1_78' title='bbox 324 1117 488 1171; x_wconf 84' lang='grc' dir='ltr'>αὐτοῦ</span> <span class='ocrx_word' id='word_1_79' title='bbox 521 1117 612 1171; x_wconf 89' lang='grc' dir='ltr'><strong>τοῦ</strong></span> <span class='ocrx_word' id='word_1_80' title='bbox 644 1119 906 1190; x_wconf 79' lang='grc' dir='ltr'>ὀνόματος</span> <span class='ocrx_word' id='word_1_81' title='bbox 927 1121 988 1172; x_wconf 70' lang='grc' dir='ltr'><strong>οὐ</strong></span> <span class='ocrx_word' id='word_1_82' title='bbox 1021 1120 1083 1173; x_wconf 83' lang='grc' dir='ltr'><strong>τὸ</strong></span> <span class='ocrx_word' id='word_1_83' title='bbox 1119 1120 1318 1192; x_wconf 76' lang='grc' dir='ltr'>σαθρὸν</span> <span class='ocrx_word' id='word_1_84' title='bbox 1341 1121 1439 1192; x_wconf 83' lang='grc' dir='ltr'>τῆς</span> <span class='ocrx_word' id='word_1_85' title='bbox 1469 1120 1705 1184; x_wconf 76' lang='grc' dir='ltr'><strong>διανοίας</strong></span> <span class='ocrx_word' id='word_1_86' title='bbox 1733 1120 1912 1176; x_wconf 79' lang='grc' dir='ltr'>αὐτῶν</span> 
     </span>
    </p>
   </div>
   <div class='ocr_carea' id='block_1_14' title="bbox 326 1210 1913 1284">
    <p class='ocr_par' dir='ltr' id='par_1_14' title="bbox 326 1210 1913 1284">
     <span class='ocr_line' id='line_1_14' title="bbox 326 1210 1913 1284; baseline 0 -20"><span class='ocrx_word' id='word_1_87' title='bbox 326 1210 733 1282; x_wconf 79' lang='grc' dir='ltr'><strong>φωραθήσεται,</strong></span> <span class='ocrx_word' id='word_1_88' title='bbox 763 1211 837 1273; x_wconf 83' lang='grc' dir='ltr'>ὡς</span> <span class='ocrx_word' id='word_1_89' title='bbox 877 1211 977 1283; x_wconf 71' lang='grc' dir='ltr'>ἤδη</span> <span class='ocrx_word' id='word_1_90' title='bbox 1011 1214 1310 1284; x_wconf 85' lang='grc' dir='ltr'>προεῖπον;</span> <span class='ocrx_word' id='word_1_91' title='bbox 1360 1214 1474 1266; x_wconf 81' lang='grc' dir='ltr'><strong>Πᾶν</strong></span> <span class='ocrx_word' id='word_1_92' title='bbox 1511 1213 1620 1284; x_wconf 84' lang='grc' dir='ltr'><strong>γάρ</strong></span> <span class='ocrx_word' id='word_1_93' title='bbox 1649 1213 1709 1266; x_wconf 87' lang='grc' dir='ltr'><strong>τὸ</strong></span> <span class='ocrx_word' id='word_1_94' title='bbox 1747 1230 1913 1284; x_wconf 84' lang='grc' dir='ltr'>πρου-</span> 
     </span>
    </p>
   </div>
   <div class='ocr_carea' id='block_1_15' title="bbox 327 1302 1913 1377">
    <p class='ocr_par' dir='ltr' id='par_1_15' title="bbox 327 1302 1913 1377">
     <span class='ocr_line' id='line_1_15' title="bbox 327 1302 1913 1377; baseline 0.001 -22"><span class='ocrx_word' id='word_1_95' title='bbox 327 1303 729 1372; x_wconf 85' lang='grc' dir='ltr'>νεικευόμενον,</span> <span class='ocrx_word' id='word_1_96' title='bbox 766 1302 1056 1374; x_wconf 82' lang='grc' dir='ltr'>ἄχρηστον.</span> <span class='ocrx_word' id='word_1_97' title='bbox 1086 1305 1218 1359; x_wconf 57' lang='lat' dir='ltr'><strong>me</strong></span> <span class='ocrx_word' id='word_1_98' title='bbox 1245 1306 1538 1377; x_wconf 80' lang='grc' dir='ltr'>ἄχρηστον,</span> <span class='ocrx_word' id='word_1_99' title='bbox 1571 1306 1664 1359; x_wconf 77' lang='grc' dir='ltr'><strong>καὶ</strong></span> <span class='ocrx_word' id='word_1_100' title='bbox 1707 1306 1764 1357; x_wconf 90' lang='grc' dir='ltr'><strong>ἐν</strong></span> <span class='ocrx_word' id='word_1_101' title='bbox 1802 1309 1913 1370; x_wconf 85' lang='grc' dir='ltr'>τοῖς</span> 
     </span>
    </p>
   </div>
   <div class='ocr_carea' id='block_1_16' title="bbox 325 1393 1915 1470">
    <p class='ocr_par' dir='ltr' id='par_1_16' title="bbox 325 1393 1915 1470">
     <span class='ocr_line' id='line_1_16' title="bbox 325 1393 1915 1470; baseline 0.004 -24"><span class='ocrx_word' id='word_1_102' title='bbox 325 1393 674 1465; x_wconf 88' lang='grc' dir='ltr'>προκριτέοις</span> <span class='ocrx_word' id='word_1_103' title='bbox 728 1395 974 1450; x_wconf 83' lang='grc' dir='ltr'>τακτέον.</span> <span class='ocrx_word' id='word_1_104' title='bbox 1031 1395 1139 1449; x_wconf 69' lang='grc' dir='ltr'>Καὶ</span> <span class='ocrx_word' id='word_1_105' title='bbox 1198 1396 1314 1460; x_wconf 87' lang='grc' dir='ltr'><strong>πῶς</strong></span> <span class='ocrx_word' id='word_1_106' title='bbox 1373 1398 1654 1453; x_wconf 85' lang='grc' dir='ltr'>ἐπαινετὸν</span> <span class='ocrx_word' id='word_1_107' title='bbox 1715 1399 1799 1470; x_wconf 76' lang='grc' dir='ltr'>εἴη</span> <span class='ocrx_word' id='word_1_108' title='bbox 1853 1399 1915 1452; x_wconf 75' lang='grc' dir='ltr'>τὺ</span> 
     </span>
    </p>
   </div>
   <div class='ocr_carea' id='block_1_17' title="bbox 325 1484 1912 1562">
    <p class='ocr_par' dir='ltr' id='par_1_17' title="bbox 325 1484 1912 1562">
     <span class='ocr_line' id='line_1_17' title="bbox 325 1484 1912 1562; baseline 0.003 -23"><span class='ocrx_word' id='word_1_109' title='bbox 325 1486 635 1556; x_wconf 84' lang='grc' dir='ltr'>ἄχρηστον;</span> <span class='ocrx_word' id='word_1_110' title='bbox 670 1484 795 1549; x_wconf 90' lang='grc' dir='ltr'><strong>Πῶς</strong></span> <span class='ocrx_word' id='word_1_111' title='bbox 842 1486 898 1539; x_wconf 87' lang='grc' dir='ltr'><strong>δέ</strong></span> <span class='ocrx_word' id='word_1_112' title='bbox 947 1487 1068 1557; x_wconf 75' lang='grc' dir='ltr'>οὐχὶ</span> <span class='ocrx_word' id='word_1_113' title='bbox 1121 1487 1367 1559; x_wconf 81' lang='grc' dir='ltr'>μυθῶδες</span> <span class='ocrx_word' id='word_1_114' title='bbox 1405 1489 1467 1544; x_wconf 87' lang='grc' dir='ltr'>τὸ</span> <span class='ocrx_word' id='word_1_115' title='bbox 1516 1489 1716 1560; x_wconf 87' lang='grc' dir='ltr'>λέγειν,</span> <span class='ocrx_word' id='word_1_116' title='bbox 1756 1491 1838 1544; x_wconf 80' lang='grc' dir='ltr'><strong>δτι</strong></span> <span class='ocrx_word' id='word_1_117' title='bbox 1878 1492 1912 1562; x_wconf 78' lang='grc' dir='ltr'><strong>ἡ</strong></span> 
     </span>
    </p>
   </div>
   <div class='ocr_carea' id='block_1_18' title="bbox 327 1577 1913 1658">
    <p class='ocr_par' dir='ltr' id='par_1_18' title="bbox 327 1577 1913 1658">
     <span class='ocr_line' id='line_1_18' title="bbox 327 1577 1913 1658; baseline 0.006 -28"><span class='ocrx_word' id='word_1_118' title='bbox 327 1577 659 1648; x_wconf 80' lang='grc' dir='ltr'>Προύνεικος</span> <span class='ocrx_word' id='word_1_119' title='bbox 704 1578 796 1632; x_wconf 72' lang='grc' dir='ltr'>τὸν</span> <span class='ocrx_word' id='word_1_120' title='bbox 831 1579 1155 1634; x_wconf 87' lang='grc' dir='ltr'>Ἰαλδαϐαὼθ</span> <span class='ocrx_word' id='word_1_121' title='bbox 1188 1581 1446 1649; x_wconf 85' lang='grc' dir='ltr'>ἐκένωσε,</span> <span class='ocrx_word' id='word_1_122' title='bbox 1489 1584 1582 1639; x_wconf 76' lang='grc' dir='ltr'>καὶ</span> <span class='ocrx_word' id='word_1_123' title='bbox 1611 1586 1640 1637; x_wconf 99' lang='lat'><strong>6</strong></span> <span class='ocrx_word' id='word_1_124' title='bbox 1679 1584 1913 1658; x_wconf 80' lang='grc' dir='ltr'>σπινθὴρ</span> 
     </span>
    </p>
   </div>
   <div class='ocr_carea' id='block_1_19' title="bbox 327 1669 1915 1742">
    <p class='ocr_par' dir='ltr' id='par_1_19' title="bbox 327 1669 1915 1742">
     <span class='ocr_line' id='line_1_19' title="bbox 327 1669 1915 1742; baseline 0.004 -19"><span class='ocrx_word' id='word_1_125' title='bbox 327 1673 408 1734; x_wconf 79' lang='grc' dir='ltr'>εἰς</span> <span class='ocrx_word' id='word_1_126' title='bbox 435 1669 504 1724; x_wconf 87' lang='grc' dir='ltr'><strong>τά</strong></span> <span class='ocrx_word' id='word_1_127' title='bbox 537 1671 688 1724; x_wconf 85' lang='grc' dir='ltr'>κάτω</span> <span class='ocrx_word' id='word_1_128' title='bbox 734 1670 1004 1742; x_wconf 82' lang='grc' dir='ltr'>κατῆλθεν</span> <span class='ocrx_word' id='word_1_129' title='bbox 1035 1672 1146 1726; x_wconf 83' lang='grc' dir='ltr'><strong>ἀπὸ</strong></span> <span class='ocrx_word' id='word_1_130' title='bbox 1172 1672 1268 1726; x_wconf 90' lang='grc' dir='ltr'><strong>τοῦ</strong></span> <span class='ocrx_word' id='word_1_131' title='bbox 1314 1673 1683 1740; x_wconf 87' lang='grc' dir='ltr'>κενωθέντος;</span> <span class='ocrx_word' id='word_1_132' title='bbox 1730 1676 1819 1728; x_wconf 84' lang='grc' dir='ltr'>Ἐν</span> <span class='ocrx_word' id='word_1_133' title='bbox 1856 1677 1915 1730; x_wconf 83' lang='grc' dir='ltr'>δὲ</span> 
     </span>
    </p>
   </div>
   <div class='ocr_carea' id='block_1_20' title="bbox 323 1762 1919 1839">
    <p class='ocr_par' dir='ltr' id='par_1_20' title="bbox 323 1762 1919 1839">
     <span class='ocr_line' id='line_1_20' title="bbox 323 1762 1919 1839; baseline 0.003 -23"><span class='ocrx_word' id='word_1_134' title='bbox 323 1762 405 1833; x_wconf 86' lang='grc' dir='ltr'>τῷ</span> <span class='ocrx_word' id='word_1_135' title='bbox 438 1763 551 1816; x_wconf 83' lang='grc' dir='ltr'><strong>ἀνω</strong></span> <span class='ocrx_word' id='word_1_136' title='bbox 595 1762 836 1832; x_wconf 87' lang='grc' dir='ltr'>γεγονὼς</span> <span class='ocrx_word' id='word_1_137' title='bbox 865 1763 1079 1832; x_wconf 78' lang='grc' dir='ltr'><strong>ἐπέγνω</strong></span> <span class='ocrx_word' id='word_1_138' title='bbox 1110 1764 1203 1819; x_wconf 85' lang='grc' dir='ltr'><strong>τὸν</strong></span> <span class='ocrx_word' id='word_1_139' title='bbox 1245 1766 1517 1839; x_wconf 81' lang='grc' dir='ltr'>ἀνώτερον</span> <span class='ocrx_word' id='word_1_140' title='bbox 1547 1766 1640 1820; x_wconf 91' lang='grc' dir='ltr'><strong>τοῦ</strong></span> <span class='ocrx_word' id='word_1_141' title='bbox 1681 1785 1919 1821; x_wconf 85' lang='grc' dir='ltr'>κεκενω-</span> 
     </span>
    </p>
   </div>
   <div class='ocr_carea' id='block_1_21' title="bbox 329 1851 1917 1930">
    <p class='ocr_par' dir='ltr' id='par_1_21' title="bbox 329 1851 1917 1930">
     <span class='ocr_line' id='line_1_21' title="bbox 329 1851 1917 1930; baseline 0.004 -24"><span class='ocrx_word' id='word_1_142' title='bbox 329 1854 514 1924; x_wconf 81' lang='grc' dir='ltr'>μένου.</span> <span class='ocrx_word' id='word_1_143' title='bbox 554 1855 663 1908; x_wconf 78' lang='grc' dir='ltr'><strong>Καὶ</strong></span> <span class='ocrx_word' id='word_1_144' title='bbox 696 1854 879 1927; x_wconf 88' lang='grc' dir='ltr'>θαῦμα</span> <span class='ocrx_word' id='word_1_145' title='bbox 925 1856 1201 1926; x_wconf 87' lang='grc' dir='ltr'>μέγιστον,</span> <span class='ocrx_word' id='word_1_146' title='bbox 1234 1857 1310 1921; x_wconf 83' lang='grc' dir='ltr'>ὡς</span> <span class='ocrx_word' id='word_1_147' title='bbox 1335 1859 1363 1911; x_wconf 90' lang='lat'><strong>6</strong></span> <span class='ocrx_word' id='word_1_148' title='bbox 1404 1857 1711 1930; x_wconf 84' lang='grc' dir='ltr'>ἄνθρωπος,</span> <span class='ocrx_word' id='word_1_149' title='bbox 1741 1861 1798 1911; x_wconf 87' lang='grc' dir='ltr'><strong>ἐν</strong></span> <span class='ocrx_word' id='word_1_150' title='bbox 1822 1851 1865 1926; x_wconf 81' lang='grc' dir='ltr'>ᾧ</span> <span class='ocrx_word' id='word_1_151' title='bbox 1888 1862 1917 1912; x_wconf 88' lang='lat'><strong>6</strong></span> 
     </span>
    </p>
   </div>
   <div class='ocr_carea' id='block_1_22' title="bbox 324 1944 1916 2018">
    <p class='ocr_par' dir='ltr' id='par_1_22' title="bbox 324 1944 1916 2018">
     <span class='ocr_line' id='line_1_22' title="bbox 324 1944 1916 2018; baseline 0.002 -20"><span class='ocrx_word' id='word_1_152' title='bbox 324 1946 609 2014; x_wconf 80' lang='grc' dir='ltr'>ἐλάχιστος</span> <span class='ocrx_word' id='word_1_153' title='bbox 635 1944 890 2016; x_wconf 85' lang='grc' dir='ltr'>σπινθὴρ,</span> <span class='ocrx_word' id='word_1_154' title='bbox 923 1945 1278 2013; x_wconf 81' lang='grc' dir='ltr'>ἐπιγινώσκει</span> <span class='ocrx_word' id='word_1_155' title='bbox 1311 1947 1452 2018; x_wconf 83' lang='grc' dir='ltr'>ὑπὲρ</span> <span class='ocrx_word' id='word_1_156' title='bbox 1486 1948 1613 2010; x_wconf 82' lang='grc' dir='ltr'>τοὺς</span> <span class='ocrx_word' id='word_1_157' title='bbox 1640 1947 1916 2001; x_wconf 79' lang='grc' dir='ltr'>πεπλακό-</span> 
     </span>
    </p>
   </div>
   <div class='ocr_carea' id='block_1_23' title="bbox 321 2035 1916 2111">
    <p class='ocr_par' dir='ltr' id='par_1_23' title="bbox 321 2035 1916 2111">
     <span class='ocr_line' id='line_1_23' title="bbox 321 2035 1916 2111; baseline 0.003 -22"><span class='ocrx_word' id='word_1_158' title='bbox 321 2053 424 2099; x_wconf 84' lang='grc' dir='ltr'><strong>τας</strong></span> <span class='ocrx_word' id='word_1_159' title='bbox 447 2035 710 2105; x_wconf 79' lang='grc' dir='ltr'>ἀγγέλους</span> <span class='ocrx_word' id='word_1_160' title='bbox 733 2037 746 2090; x_wconf 83' lang='lat'><strong>!</strong></span> <span class='ocrx_word' id='word_1_161' title='bbox 780 2037 842 2089; x_wconf 85' lang='grc' dir='ltr'>Οἱ</span> <span class='ocrx_word' id='word_1_162' title='bbox 873 2035 980 2108; x_wconf 74' lang='grc' dir='ltr'><strong>γὰρ</strong></span> <span class='ocrx_word' id='word_1_163' title='bbox 1006 2038 1366 2108; x_wconf 79' lang='grc' dir='ltr'>πεποιηκότες</span> <span class='ocrx_word' id='word_1_164' title='bbox 1393 2038 1483 2091; x_wconf 80' lang='grc' dir='ltr'><strong>τὸν</strong></span> <span class='ocrx_word' id='word_1_165' title='bbox 1507 2037 1792 2111; x_wconf 82' lang='grc' dir='ltr'>ἄνθρωπον</span> <span class='ocrx_word' id='word_1_166' title='bbox 1820 2039 1916 2108; x_wconf 80' lang='grc' dir='ltr'><strong>ἄγ-</strong></span> 
     </span>
    </p>
   </div>
   <div class='ocr_carea' id='block_1_24' title="bbox 324 2128 1916 2198">
    <p class='ocr_par' dir='ltr' id='par_1_24' title="bbox 324 2128 1916 2198">
     <span class='ocr_line' id='line_1_24' title="bbox 324 2128 1916 2198; baseline 0.001 -18"><span class='ocrx_word' id='word_1_167' title='bbox 324 2128 496 2196; x_wconf 88' lang='grc' dir='ltr'>γελοι,</span> <span class='ocrx_word' id='word_1_168' title='bbox 528 2128 706 2181; x_wconf 77' lang='grc' dir='ltr'>εἶ’τουν</span> <span class='ocrx_word' id='word_1_169' title='bbox 741 2128 843 2181; x_wconf 76' lang='grc' dir='ltr'>υἱοὶ</span> <span class='ocrx_word' id='word_1_170' title='bbox 865 2128 958 2182; x_wconf 89' lang='grc' dir='ltr'><strong>τοῦ</strong></span> <span class='ocrx_word' id='word_1_171' title='bbox 1003 2128 1354 2192; x_wconf 85' lang='grc' dir='ltr'>Ἰαλδαϐαὼθ,</span> <span class='ocrx_word' id='word_1_172' title='bbox 1381 2131 1480 2182; x_wconf 82' lang='grc' dir='ltr'><strong>οὐκ</strong></span> <span class='ocrx_word' id='word_1_173' title='bbox 1504 2129 1820 2198; x_wconf 79' lang='grc' dir='ltr'>ἐπέγνωσαν</span> <span class='ocrx_word' id='word_1_174' title='bbox 1848 2129 1916 2183; x_wconf 88' lang='grc' dir='ltr'><strong>τά</strong></span> 
     </span>
    </p>
   </div>
   <div class='ocr_carea' id='block_1_25' title="bbox 324 2217 1916 2290">
    <p class='ocr_par' dir='ltr' id='par_1_25' title="bbox 324 2217 1916 2290">
     <span class='ocr_line' id='line_1_25' title="bbox 324 2217 1916 2290; baseline 0.001 -20"><span class='ocrx_word' id='word_1_175' title='bbox 324 2217 512 2273; x_wconf 81' lang='grc' dir='ltr'>ἐπάνω</span> <span class='ocrx_word' id='word_1_176' title='bbox 543 2218 638 2271; x_wconf 88' lang='grc' dir='ltr'><strong>τοῦ</strong></span> <span class='ocrx_word' id='word_1_177' title='bbox 677 2217 1024 2276; x_wconf 81' lang='grc' dir='ltr'>Ἰαλδαϐαώθ.</span> <span class='ocrx_word' id='word_1_178' title='bbox 1069 2221 1126 2273; x_wconf 92' lang='lat'><strong>&#39;0</strong></span> <span class='ocrx_word' id='word_1_179' title='bbox 1151 2218 1208 2272; x_wconf 88' lang='grc' dir='ltr'>δὲ</span> <span class='ocrx_word' id='word_1_180' title='bbox 1235 2219 1326 2272; x_wconf 83' lang='grc' dir='ltr'>ὑπ’</span> <span class='ocrx_word' id='word_1_181' title='bbox 1359 2219 1524 2272; x_wconf 79' lang='grc' dir='ltr'>αὐτοῦ</span> <span class='ocrx_word' id='word_1_182' title='bbox 1553 2220 1916 2290; x_wconf 80' lang='grc' dir='ltr'>γεγενημένος</span> 
     </span>
    </p>
   </div>
   <div class='ocr_carea' id='block_1_26' title="bbox 323 2309 1919 2382">
    <p class='ocr_par' dir='ltr' id='par_1_26' title="bbox 323 2309 1919 2382">
     <span class='ocr_line' id='line_1_26' title="bbox 323 2309 1919 2382; baseline 0.001 -20"><span class='ocrx_word' id='word_1_183' title='bbox 323 2309 412 2364; x_wconf 78' lang='grc' dir='ltr'>διὰ</span> <span class='ocrx_word' id='word_1_184' title='bbox 436 2310 530 2364; x_wconf 88' lang='grc' dir='ltr'><strong>τοῦ</strong></span> <span class='ocrx_word' id='word_1_185' title='bbox 564 2310 858 2382; x_wconf 80' lang='grc' dir='ltr'>σπινθῆρος</span> <span class='ocrx_word' id='word_1_186' title='bbox 884 2311 1117 2381; x_wconf 83' lang='grc' dir='ltr'>ἐπέγνω.</span> <span class='ocrx_word' id='word_1_187' title='bbox 1143 2312 1308 2365; x_wconf 72' lang='grc' dir='ltr'>Αὐτοὶ</span> <span class='ocrx_word' id='word_1_188' title='bbox 1337 2310 1516 2364; x_wconf 91' lang='grc' dir='ltr'>τοίνυν</span> <span class='ocrx_word' id='word_1_189' title='bbox 1544 2311 1767 2374; x_wconf 77' lang='grc' dir='ltr'>ἐαυτοὺς</span> <span class='ocrx_word' id='word_1_190' title='bbox 1791 2313 1919 2365; x_wconf 84' lang='grc' dir='ltr'>ἀνα-</span> 
     </span>
    </p>
   </div>
   <div class='ocr_carea' id='block_1_27' title="bbox 324 2400 1915 2474">
    <p class='ocr_par' dir='ltr' id='par_1_27' title="bbox 324 2400 1915 2474">
     <span class='ocr_line' id='line_1_27' title="bbox 324 2400 1915 2474; baseline 0.003 -22"><span class='ocrx_word' id='word_1_191' title='bbox 324 2400 584 2471; x_wconf 81' lang='grc' dir='ltr'>τρέπουσι</span> <span class='ocrx_word' id='word_1_192' title='bbox 613 2401 699 2454; x_wconf 81' lang='grc' dir='ltr'><strong>διά</strong></span> <span class='ocrx_word' id='word_1_193' title='bbox 751 2401 858 2455; x_wconf 90' lang='grc' dir='ltr'><strong>τῶν</strong></span> <span class='ocrx_word' id='word_1_194' title='bbox 895 2403 1042 2456; x_wconf 83' lang='grc' dir='ltr'>ἰδίων</span> <span class='ocrx_word' id='word_1_195' title='bbox 1069 2402 1376 2474; x_wconf 78' lang='grc' dir='ltr'>δογμάτων,</span> <span class='ocrx_word' id='word_1_196' title='bbox 1426 2403 1505 2472; x_wconf 83' lang='grc' dir='ltr'>πῆ</span> <span class='ocrx_word' id='word_1_197' title='bbox 1539 2403 1636 2473; x_wconf 85' lang='grc' dir='ltr'><strong>μὲν</strong></span> <span class='ocrx_word' id='word_1_198' title='bbox 1672 2404 1765 2456; x_wconf 88' lang='grc' dir='ltr'><strong>τὸν</strong></span> <span class='ocrx_word' id='word_1_199' title='bbox 1793 2404 1915 2472; x_wconf 74' lang='grc' dir='ltr'>ὄφιν</span> 
     </span>
    </p>
   </div>
   <div class='ocr_carea' id='block_1_28' title="bbox 324 2493 1916 2568">
    <p class='ocr_par' dir='ltr' id='par_1_28' title="bbox 324 2493 1916 2568">
     <span class='ocr_line' id='line_1_28' title="bbox 324 2493 1916 2568; baseline 0.004 -24"><span class='ocrx_word' id='word_1_200' title='bbox 324 2493 658 2559; x_wconf 79' lang='grc' dir='ltr'>δοξάζοντες,</span> <span class='ocrx_word' id='word_1_201' title='bbox 706 2495 781 2565; x_wconf 84' lang='grc' dir='ltr'>πῆ</span> <span class='ocrx_word' id='word_1_202' title='bbox 827 2495 883 2549; x_wconf 85' lang='grc' dir='ltr'><strong>δέ</strong></span> <span class='ocrx_word' id='word_1_203' title='bbox 923 2495 1201 2567; x_wconf 86' lang='grc' dir='ltr'>ἀπατηλὸν</span> <span class='ocrx_word' id='word_1_204' title='bbox 1246 2495 1408 2550; x_wconf 77' lang='grc' dir='ltr'>αὑτὸν</span> <span class='ocrx_word' id='word_1_205' title='bbox 1441 2495 1576 2566; x_wconf 85' lang='grc' dir='ltr'>πρὸς</span> <span class='ocrx_word' id='word_1_206' title='bbox 1626 2495 1724 2568; x_wconf 80' lang='grc' dir='ltr'>τὴν</span> <span class='ocrx_word' id='word_1_207' title='bbox 1773 2496 1916 2551; x_wconf 79' lang='grc' dir='ltr'>Εὕαν</span> 
     </span>
    </p>
   </div>
   <div class='ocr_carea' id='block_1_29' title="bbox 326 2586 1916 2659">
    <p class='ocr_par' dir='ltr' id='par_1_29' title="bbox 326 2586 1916 2659">
     <span class='ocr_line' id='line_1_29' title="bbox 326 2586 1916 2659; baseline 0.003 -23"><span class='ocrx_word' id='word_1_208' title='bbox 326 2587 690 2657; x_wconf 82' lang='grc' dir='ltr'>γεγενημένον</span> <span class='ocrx_word' id='word_1_209' title='bbox 717 2589 1041 2656; x_wconf 78' lang='grc' dir='ltr'>φάσκοντες,</span> <span class='ocrx_word' id='word_1_210' title='bbox 1071 2591 1128 2641; x_wconf 88' lang='grc' dir='ltr'><strong>ἐν</strong></span> <span class='ocrx_word' id='word_1_211' title='bbox 1158 2587 1235 2657; x_wconf 76' lang='grc' dir='ltr'>τῷ</span> <span class='ocrx_word' id='word_1_212' title='bbox 1261 2589 1432 2641; x_wconf 83' lang='grc' dir='ltr'>εἰπεῖν</span> <span class='ocrx_word' id='word_1_213' title='bbox 1455 2601 1468 2616; x_wconf 85' lang='grc'><em>’</em></span> <span class='ocrx_word' id='word_1_214' title='bbox 1515 2586 1793 2657; x_wconf 83' lang='grc' dir='ltr'>Ἦπάτησε</span> <span class='ocrx_word' id='word_1_215' title='bbox 1816 2589 1916 2659; x_wconf 82' lang='grc' dir='ltr'>τὴν</span> 
     </span>
    </p>
   </div>
   <div class='ocr_carea' id='block_1_30' title="bbox 325 2675 1915 2750">
    <p class='ocr_par' dir='ltr' id='par_1_30' title="bbox 325 2675 1915 2750">
     <span class='ocr_line' id='line_1_30' title="bbox 325 2675 1915 2750; baseline 0 -22"><span class='ocrx_word' id='word_1_216' title='bbox 325 2676 499 2728; x_wconf 79' lang='grc' dir='ltr'>Εὔαν·</span> <span class='ocrx_word' id='word_1_217' title='bbox 538 2676 632 2729; x_wconf 78' lang='grc' dir='ltr'><strong>καὶ</strong></span> <span class='ocrx_word' id='word_1_218' title='bbox 671 2677 748 2747; x_wconf 82' lang='grc' dir='ltr'>πῆ</span> <span class='ocrx_word' id='word_1_219' title='bbox 782 2678 878 2748; x_wconf 79' lang='grc' dir='ltr'><strong>μὲν</strong></span> <span class='ocrx_word' id='word_1_220' title='bbox 906 2676 1138 2748; x_wconf 81' lang='grc' dir='ltr'>Χριστὸν</span> <span class='ocrx_word' id='word_1_221' title='bbox 1162 2677 1326 2730; x_wconf 85' lang='grc' dir='ltr'>αὑτὸν</span> <span class='ocrx_word' id='word_1_222' title='bbox 1356 2675 1808 2745; x_wconf 84' lang='grc' dir='ltr'>καταγγέλλουσι,</span> <span class='ocrx_word' id='word_1_223' title='bbox 1837 2677 1915 2750; x_wconf 82' lang='grc' dir='ltr'>πῆ</span> 
     </span>
    </p>
   </div>
   <div class='ocr_carea' id='block_1_31' title="bbox 324 2766 1916 2841">
    <p class='ocr_par' dir='ltr' id='par_1_31' title="bbox 324 2766 1916 2841">
     <span class='ocr_line' id='line_1_31' title="bbox 324 2766 1916 2841; baseline 0.002 -21"><span class='ocrx_word' id='word_1_224' title='bbox 324 2766 380 2820; x_wconf 81' lang='grc' dir='ltr'><strong>δὲ</strong></span> <span class='ocrx_word' id='word_1_225' title='bbox 406 2768 498 2821; x_wconf 79' lang='grc' dir='ltr'>τὸν</span> <span class='ocrx_word' id='word_1_226' title='bbox 532 2768 645 2822; x_wconf 84' lang='grc' dir='ltr'>υίὺν</span> <span class='ocrx_word' id='word_1_227' title='bbox 669 2768 762 2822; x_wconf 88' lang='grc' dir='ltr'><strong>τοῦ</strong></span> <span class='ocrx_word' id='word_1_228' title='bbox 797 2769 1073 2841; x_wconf 89' lang='grc' dir='ltr'>ἀνωτέρου</span> <span class='ocrx_word' id='word_1_229' title='bbox 1111 2766 1465 2834; x_wconf 86' lang='grc' dir='ltr'>Ἰαλδαϐαὼθ,</span> <span class='ocrx_word' id='word_1_230' title='bbox 1484 2767 1580 2820; x_wconf 85' lang='grc' dir='ltr'><strong>τοῦ</strong></span> <span class='ocrx_word' id='word_1_231' title='bbox 1613 2769 1742 2833; x_wconf 84' lang='grc' dir='ltr'>τοὺς</span> <span class='ocrx_word' id='word_1_232' title='bbox 1765 2769 1916 2834; x_wconf 74' lang='grc' dir='ltr'>υἱοὺς</span> 
     </span>
    </p>
   </div>
   <div class='ocr_carea' id='block_1_32' title="bbox 325 2858 1916 2933">
    <p class='ocr_par' dir='ltr' id='par_1_32' title="bbox 325 2858 1916 2933">
     <span class='ocr_line' id='line_1_32' title="bbox 325 2858 1916 2933; baseline 0.003 -23"><span class='ocrx_word' id='word_1_233' title='bbox 325 2859 703 2930; x_wconf 83' lang='grc' dir='ltr'>ἀδικήσαντος,</span> <span class='ocrx_word' id='word_1_234' title='bbox 750 2859 808 2912; x_wconf 84' lang='grc' dir='ltr'><strong>ἐν</strong></span> <span class='ocrx_word' id='word_1_235' title='bbox 834 2859 912 2930; x_wconf 84' lang='grc' dir='ltr'>τῷ</span> <span class='ocrx_word' id='word_1_236' title='bbox 947 2859 1268 2913; x_wconf 80' lang='grc' dir='ltr'>ἀποκλεῖσαι</span> <span class='ocrx_word' id='word_1_237' title='bbox 1307 2860 1403 2912; x_wconf 82' lang='grc' dir='ltr'>ἀπ’</span> <span class='ocrx_word' id='word_1_238' title='bbox 1435 2858 1614 2913; x_wconf 83' lang='grc' dir='ltr'>αὐτῶν</span> <span class='ocrx_word' id='word_1_239' title='bbox 1661 2861 1760 2933; x_wconf 86' lang='grc' dir='ltr'>τὴν</span> <span class='ocrx_word' id='word_1_240' title='bbox 1803 2859 1916 2915; x_wconf 81' lang='grc' dir='ltr'>ἄνω</span> 
     </span>
    </p>
   </div>
   <div class='ocr_carea' id='block_1_33' title="bbox 328 2953 1916 3026">
    <p class='ocr_par' dir='ltr' id='par_1_33' title="bbox 328 2953 1916 3026">
     <span class='ocr_line' id='line_1_33' title="bbox 328 2953 1916 3026; baseline 0.001 -21"><span class='ocrx_word' id='word_1_241' title='bbox 328 2953 548 3020; x_wconf 88' lang='grc' dir='ltr'>γνῶσιν,</span> <span class='ocrx_word' id='word_1_242' title='bbox 583 2955 676 3007; x_wconf 81' lang='grc' dir='ltr'><strong>καὶ</strong></span> <span class='ocrx_word' id='word_1_243' title='bbox 723 2955 825 3026; x_wconf 83' lang='grc' dir='ltr'><strong>τὴν</strong></span> <span class='ocrx_word' id='word_1_244' title='bbox 866 2955 1080 3026; x_wconf 88' lang='grc' dir='ltr'>μητέρα</span> <span class='ocrx_word' id='word_1_245' title='bbox 1117 2954 1502 3025; x_wconf 78' lang='grc' dir='ltr'>ἀθετήσαντος,</span> <span class='ocrx_word' id='word_1_246' title='bbox 1539 2956 1632 3007; x_wconf 84' lang='grc' dir='ltr'><strong>καὶ</strong></span> <span class='ocrx_word' id='word_1_247' title='bbox 1671 2953 1762 3007; x_wconf 81' lang='grc' dir='ltr'>τὸν</span> <span class='ocrx_word' id='word_1_248' title='bbox 1805 2953 1916 3007; x_wconf 76' lang='grc' dir='ltr'>ἄνω</span> 
     </span>
    </p>
   </div>
   <div class='ocr_carea' id='block_1_34' title="bbox 329 3043 1917 3116">
    <p class='ocr_par' dir='ltr' id='par_1_34' title="bbox 329 3043 1917 3116">
     <span class='ocr_line' id='line_1_34' title="bbox 329 3043 1917 3116; baseline -0.001 -19"><span class='ocrx_word' id='word_1_249' title='bbox 329 3044 568 3116; x_wconf 88' lang='grc' dir='ltr'>Πατέρα,</span> <span class='ocrx_word' id='word_1_250' title='bbox 599 3047 678 3109; x_wconf 86' lang='grc' dir='ltr'><strong>είς</strong></span> <span class='ocrx_word' id='word_1_251' title='bbox 699 3045 759 3098; x_wconf 85' lang='grc' dir='ltr'><strong>τὸ</strong></span> <span class='ocrx_word' id='word_1_252' title='bbox 784 3044 858 3116; x_wconf 82' lang='grc' dir='ltr'>μὴ</span> <span class='ocrx_word' id='word_1_253' title='bbox 883 3046 978 3116; x_wconf 78' lang='grc' dir='ltr'>ἐᾷν</span> <span class='ocrx_word' id='word_1_254' title='bbox 999 3043 1242 3112; x_wconf 73' lang='grc' dir='ltr'>δοξάζειν</span> <span class='ocrx_word' id='word_1_255' title='bbox 1272 3045 1396 3108; x_wconf 82' lang='grc' dir='ltr'>τοὺς</span> <span class='ocrx_word' id='word_1_256' title='bbox 1427 3044 1518 3096; x_wconf 75' lang='grc' dir='ltr'>ὑπ’</span> <span class='ocrx_word' id='word_1_257' title='bbox 1541 3043 1705 3098; x_wconf 83' lang='grc' dir='ltr'>αὑτοῦ</span> <span class='ocrx_word' id='word_1_258' title='bbox 1734 3060 1917 3111; x_wconf 82' lang='grc' dir='ltr'>γεγεν-</span> 
     </span>
    </p>
   </div>
   <div class='ocr_carea' id='block_1_35' title="bbox 2090 563 3597 637">
    <p class='ocr_par' dir='ltr' id='par_1_35' title="bbox 2090 563 3597 637">
     <span class='ocr_line' id='line_1_35' title="bbox 2090 563 3597 637; baseline 0.004 -19"><span class='ocrx_word' id='word_1_259' title='bbox 2090 563 2175 619; x_wconf 84' lang='lat' dir='ltr'><strong>Vl.</strong></span> <span class='ocrx_word' id='word_1_260' title='bbox 2219 564 2366 631; x_wconf 90' lang='lat' dir='ltr'><strong>Quas</strong></span> <span class='ocrx_word' id='word_1_261' title='bbox 2399 565 2616 636; x_wconf 82' lang='lat' dir='ltr'><strong>quidem</strong></span> <span class='ocrx_word' id='word_1_262' title='bbox 2653 567 2897 637; x_wconf 79' lang='lat' dir='ltr'><strong>ineptias.</strong></span> <span class='ocrx_word' id='word_1_263' title='bbox 2916 568 3244 625; x_wconf 83' lang='lat' dir='ltr'><strong>vanissimas</strong></span> <span class='ocrx_word' id='word_1_264' title='bbox 3275 585 3419 634; x_wconf 89' lang='lat' dir='ltr'><strong>esse,</strong></span> <span class='ocrx_word' id='word_1_265' title='bbox 3454 571 3597 625; x_wconf 86' lang='lat' dir='ltr'><strong>ludi-</strong></span> 
     </span>
    </p>
   </div>
   <div class='ocr_carea' id='block_1_36' title="bbox 2021 654 3598 731">
    <p class='ocr_par' dir='ltr' id='par_1_36' title="bbox 2021 654 3598 731">
     <span class='ocr_line' id='line_1_36' title="bbox 2021 654 3598 731; baseline 0.001 -22"><span class='ocrx_word' id='word_1_266' title='bbox 2021 654 2248 726; x_wconf 86' lang='lat' dir='ltr'><strong>brioque</strong></span> <span class='ocrx_word' id='word_1_267' title='bbox 2274 657 2627 728; x_wconf 80' lang='lat' dir='ltr'><strong>dignissimas</strong></span> <span class='ocrx_word' id='word_1_268' title='bbox 2657 673 2820 712; x_wconf 83' lang='lat' dir='ltr'><strong>nemo</strong></span> <span class='ocrx_word' id='word_1_269' title='bbox 2850 673 2960 713; x_wconf 89' lang='lat' dir='ltr'><strong>non</strong></span> <span class='ocrx_word' id='word_1_270' title='bbox 2991 659 3228 714; x_wconf 75' lang='lat' dir='ltr'><strong>dixerit:</strong></span> <span class='ocrx_word' id='word_1_271' title='bbox 3263 677 3439 731; x_wconf 87' lang='lat' dir='ltr'><strong>neque</strong></span> <span class='ocrx_word' id='word_1_272' title='bbox 3468 677 3598 716; x_wconf 74' lang='lat' dir='ltr'><strong>vero</strong></span> 
     </span>
    </p>
   </div>
   <div class='ocr_carea' id='block_1_37' title="bbox 2019 748 3601 822">
    <p class='ocr_par' dir='ltr' id='par_1_37' title="bbox 2019 748 3601 822">
     <span class='ocr_line' id='line_1_37' title="bbox 2019 748 3601 822; baseline 0.003 -20"><span class='ocrx_word' id='word_1_273' title='bbox 2019 749 2222 804; x_wconf 81' lang='lat' dir='ltr'><strong>divinis</strong></span> <span class='ocrx_word' id='word_1_274' title='bbox 2261 765 2327 804; x_wconf 84' lang='lat' dir='ltr'><strong>ex</strong></span> <span class='ocrx_word' id='word_1_275' title='bbox 2357 748 2637 822; x_wconf 81' lang='lat' dir='ltr'><strong>Scriptura</strong></span> <span class='ocrx_word' id='word_1_276' title='bbox 2674 752 3011 822; x_wconf 87' lang='lat' dir='ltr'><strong>depromptis</strong></span> <span class='ocrx_word' id='word_1_277' title='bbox 3050 754 3382 808; x_wconf 87' lang='lat' dir='ltr'><strong>testimoniis</strong></span> <span class='ocrx_word' id='word_1_278' title='bbox 3413 753 3601 809; x_wconf 87' lang='lat' dir='ltr'><strong>acrius</strong></span> 
     </span>
    </p>
   </div>
   <div class='ocr_carea' id='block_1_38' title="bbox 2022 841 3601 915">
    <p class='ocr_par' dir='ltr' id='par_1_38' title="bbox 2022 841 3601 915">
     <span class='ocr_line' id='line_1_38' title="bbox 2022 841 3601 915; baseline 0.004 -21"><span class='ocrx_word' id='word_1_279' title='bbox 2022 841 2377 910; x_wconf 88' lang='lat' dir='ltr'><strong>refellendas;</strong></span> <span class='ocrx_word' id='word_1_280' title='bbox 2410 859 2534 898; x_wconf 92' lang='lat' dir='ltr'><strong>cum</strong></span> <span class='ocrx_word' id='word_1_281' title='bbox 2557 861 2656 915; x_wconf 85' lang='lat' dir='ltr'><strong>per</strong></span> <span class='ocrx_word' id='word_1_282' title='bbox 2679 859 2800 900; x_wconf 87' lang='lat' dir='ltr'><strong>sese</strong></span> <span class='ocrx_word' id='word_1_283' title='bbox 2823 845 3066 913; x_wconf 84' lang='lat' dir='ltr'><strong>cuilibet,</strong></span> <span class='ocrx_word' id='word_1_284' title='bbox 3121 845 3213 915; x_wconf 86' lang='lat' dir='ltr'><strong>qui</strong></span> <span class='ocrx_word' id='word_1_285' title='bbox 3241 849 3312 900; x_wconf 88' lang='lat' dir='ltr'><strong>sit</strong></span> <span class='ocrx_word' id='word_1_286' title='bbox 3337 847 3601 901; x_wconf 92' lang='lat' dir='ltr'><strong>nonnullo</strong></span> 
     </span>
    </p>
   </div>
   <div class='ocr_carea' id='block_1_39' title="bbox 2021 931 3601 1006">
    <p class='ocr_par' dir='ltr' id='par_1_39' title="bbox 2021 931 3601 1006">
     <span class='ocr_line' id='line_1_39' title="bbox 2021 931 3601 1006; baseline 0.004 -22"><span class='ocrx_word' id='word_1_287' title='bbox 2021 931 2239 1003; x_wconf 83' lang='lat' dir='ltr'><strong>ingenio</strong></span> <span class='ocrx_word' id='word_1_288' title='bbox 2273 935 2553 1003; x_wconf 59' lang='lat' dir='ltr'><strong>praeditus,</strong></span> <span class='ocrx_word' id='word_1_289' title='bbox 2600 951 2765 1006; x_wconf 89' lang='lat' dir='ltr'><strong>quam</strong></span> <span class='ocrx_word' id='word_1_290' title='bbox 2811 935 3108 990; x_wconf 88' lang='lat' dir='ltr'><strong>ridiculum</strong></span> <span class='ocrx_word' id='word_1_291' title='bbox 3140 938 3212 990; x_wconf 91' lang='lat' dir='ltr'><strong>sit</strong></span> <span class='ocrx_word' id='word_1_292' title='bbox 3247 944 3418 990; x_wconf 91' lang='lat' dir='ltr'><strong>totum</strong></span> <span class='ocrx_word' id='word_1_293' title='bbox 3470 937 3601 990; x_wconf 88' lang='lat' dir='ltr'><strong>illud</strong></span> 
     </span>
    </p>
   </div>
   <div class='ocr_carea' id='block_1_40' title="bbox 2022 1025 3602 1098">
    <p class='ocr_par' dir='ltr' id='par_1_40' title="bbox 2022 1025 3602 1098">
     <span class='ocr_line' id='line_1_40' title="bbox 2022 1025 3602 1098; baseline 0.004 -22"><span class='ocrx_word' id='word_1_294' title='bbox 2022 1025 2321 1093; x_wconf 84' lang='lat' dir='ltr'><strong>negotium,</strong></span> <span class='ocrx_word' id='word_1_295' title='bbox 2368 1025 2735 1084; x_wconf 87' lang='lat' dir='ltr'><strong>demonstrari</strong></span> <span class='ocrx_word' id='word_1_296' title='bbox 2779 1028 2972 1098; x_wconf 87' lang='lat' dir='ltr'><strong>possit.</strong></span> <span class='ocrx_word' id='word_1_297' title='bbox 3027 1026 3185 1081; x_wconf 75' lang='lat' dir='ltr'><strong>Nihil</strong></span> <span class='ocrx_word' id='word_1_298' title='bbox 3221 1028 3366 1083; x_wconf 90' lang='lat' dir='ltr'><strong>enim</strong></span> <span class='ocrx_word' id='word_1_299' title='bbox 3408 1039 3602 1098; x_wconf 74' lang='lat' dir='ltr'><strong>praeter</strong></span> 
     </span>
    </p>
   </div>
   <div class='ocr_carea' id='block_1_41' title="bbox 2022 1117 3603 1186">
    <p class='ocr_par' dir='ltr' id='par_1_41' title="bbox 2022 1117 3603 1186">
     <span class='ocr_line' id='line_1_41' title="bbox 2022 1117 3603 1186; baseline 0.005 -20"><span class='ocrx_word' id='word_1_300' title='bbox 2022 1117 2518 1186; x_wconf 91' lang='lat' dir='ltr'><strong>contemptissimas</strong></span> <span class='ocrx_word' id='word_1_301' title='bbox 2558 1118 2769 1175; x_wconf 86' lang='lat' dir='ltr'><strong>fabulas</strong></span> <span class='ocrx_word' id='word_1_302' title='bbox 2798 1137 2863 1175; x_wconf 89' lang='lat' dir='ltr'><strong>ac</strong></span> <span class='ocrx_word' id='word_1_303' title='bbox 2901 1120 3094 1176; x_wconf 87' lang='lat' dir='ltr'><strong>deliria</strong></span> <span class='ocrx_word' id='word_1_304' title='bbox 3128 1121 3413 1176; x_wconf 88' lang='lat' dir='ltr'><strong>continere</strong></span> <span class='ocrx_word' id='word_1_305' title='bbox 3444 1121 3603 1175; x_wconf 83' lang='lat' dir='ltr'><strong>facile</strong></span> 
     </span>
    </p>
   </div>
   <div class='ocr_carea' id='block_1_42' title="bbox 2022 1207 3605 1286">
    <p class='ocr_par' dir='ltr' id='par_1_42' title="bbox 2022 1207 3605 1286">
     <span class='ocr_line' id='line_1_42' title="bbox 2022 1207 3605 1286; baseline 0.004 -26"><span class='ocrx_word' id='word_1_306' title='bbox 2022 1207 2470 1277; x_wconf 89' lang='lat' dir='ltr'><strong>deprehenditur.</strong></span> <span class='ocrx_word' id='word_1_307' title='bbox 2504 1209 2638 1266; x_wconf 88' lang='lat' dir='ltr'><strong>Nam</strong></span> <span class='ocrx_word' id='word_1_308' title='bbox 2666 1211 2712 1266; x_wconf 90' lang='lat' dir='ltr'><strong>si</strong></span> <span class='ocrx_word' id='word_1_309' title='bbox 2746 1210 3045 1268; x_wconf 86' lang='lat' dir='ltr'><strong>Prunicum</strong></span> <span class='ocrx_word' id='word_1_310' title='bbox 3076 1229 3200 1269; x_wconf 90' lang='lat' dir='ltr'><strong>esse</strong></span> <span class='ocrx_word' id='word_1_311' title='bbox 3225 1214 3460 1286; x_wconf 87' lang='lat' dir='ltr'><strong>aliquam</strong></span> <span class='ocrx_word' id='word_1_312' title='bbox 3485 1215 3605 1268; x_wconf 81' lang='lat' dir='ltr'><strong>exi-</strong></span> 
     </span>
    </p>
   </div>
   <div class='ocr_carea' id='block_1_43' title="bbox 2023 1298 3598 1372">
    <p class='ocr_par' dir='ltr' id='par_1_43' title="bbox 2023 1298 3598 1372">
     <span class='ocr_line' id='line_1_43' title="bbox 2023 1298 3598 1372; baseline 0.005 -20"><span class='ocrx_word' id='word_1_313' title='bbox 2023 1298 2268 1363; x_wconf 90' lang='lat' dir='ltr'><strong>stimant,</strong></span> <span class='ocrx_word' id='word_1_314' title='bbox 2303 1305 2426 1370; x_wconf 83' lang='lat' dir='ltr'><strong>quis</strong></span> <span class='ocrx_word' id='word_1_315' title='bbox 2449 1317 2513 1356; x_wconf 80' lang='lat' dir='ltr'><strong>ex</strong></span> <span class='ocrx_word' id='word_1_316' title='bbox 2547 1302 2664 1372; x_wconf 93' lang='lat' dir='ltr'><strong>ipso</strong></span> <span class='ocrx_word' id='word_1_317' title='bbox 2696 1303 2882 1358; x_wconf 87' lang='lat' dir='ltr'><strong>statim</strong></span> <span class='ocrx_word' id='word_1_318' title='bbox 2913 1305 3179 1361; x_wconf 85' lang='lat' dir='ltr'><strong>vocabulo</strong></span> <span class='ocrx_word' id='word_1_319' title='bbox 3212 1321 3319 1360; x_wconf 93' lang='lat' dir='ltr'><strong>non</strong></span> <span class='ocrx_word' id='word_1_320' title='bbox 3357 1303 3598 1360; x_wconf 72' lang='lat' dir='ltr'><strong>anitnad~</strong></span> 
     </span>
    </p>
   </div>
   <div class='ocr_carea' id='block_1_44' title="bbox 2023 1392 3605 1467">
    <p class='ocr_par' dir='ltr' id='par_1_44' title="bbox 2023 1392 3605 1467">
     <span class='ocr_line' id='line_1_44' title="bbox 2023 1392 3605 1467; baseline 0.004 -24"><span class='ocrx_word' id='word_1_321' title='bbox 2023 1397 2218 1455; x_wconf 80' lang='lat' dir='ltr'><strong>vertat,</strong></span> <span class='ocrx_word' id='word_1_322' title='bbox 2251 1406 2414 1461; x_wconf 89' lang='lat' dir='ltr'><strong>quam</strong></span> <span class='ocrx_word' id='word_1_323' title='bbox 2451 1392 2781 1448; x_wconf 89' lang='lat' dir='ltr'><strong>imbecillum</strong></span> <span class='ocrx_word' id='word_1_324' title='bbox 2808 1410 2870 1450; x_wconf 90' lang='lat' dir='ltr'><strong>ac</strong></span> <span class='ocrx_word' id='word_1_325' title='bbox 2910 1396 3026 1450; x_wconf 84' lang='lat' dir='ltr'><strong>leve</strong></span> <span class='ocrx_word' id='word_1_326' title='bbox 3051 1395 3142 1463; x_wconf 89' lang='lat' dir='ltr'><strong>sit,</strong></span> <span class='ocrx_word' id='word_1_327' title='bbox 3178 1397 3323 1467; x_wconf 89' lang='lat' dir='ltr'><strong>quod</strong></span> <span class='ocrx_word' id='word_1_328' title='bbox 3351 1396 3438 1452; x_wconf 90' lang='lat' dir='ltr'><strong>isti</strong></span> <span class='ocrx_word' id='word_1_329' title='bbox 3474 1412 3605 1467; x_wconf 83' lang='lat' dir='ltr'><strong>pro-</strong></span> 
     </span>
    </p>
   </div>
   <div class='ocr_carea' id='block_1_45' title="bbox 2024 1480 3600 1559">
    <p class='ocr_par' dir='ltr' id='par_1_45' title="bbox 2024 1480 3600 1559">
     <span class='ocr_line' id='line_1_45' title="bbox 2024 1480 3600 1559; baseline 0.006 -25"><span class='ocrx_word' id='word_1_330' title='bbox 2024 1480 2265 1548; x_wconf 83' lang='lat' dir='ltr'><strong>fitentur,</strong></span> <span class='ocrx_word' id='word_1_331' title='bbox 2307 1491 2368 1538; x_wconf 81' lang='lat' dir='ltr'><strong>ut</strong></span> <span class='ocrx_word' id='word_1_332' title='bbox 2401 1484 2514 1554; x_wconf 91' lang='lat' dir='ltr'><strong>jam</strong></span> <span class='ocrx_word' id='word_1_333' title='bbox 2551 1486 2914 1544; x_wconf 76' lang='lat' dir='ltr'><strong>ostendimus.</strong></span> <span class='ocrx_word' id='word_1_334' title='bbox 2953 1486 3231 1559; x_wconf 86' lang='lat' dir='ltr'><strong>Quidquid</strong></span> <span class='ocrx_word' id='word_1_335' title='bbox 3283 1489 3429 1544; x_wconf 91' lang='lat' dir='ltr'><strong>enim</strong></span> <span class='ocrx_word' id='word_1_336' title='bbox 3457 1488 3600 1544; x_wconf 82' lang='lat' dir='ltr'><strong>Pru-</strong></span> 
     </span>
    </p>
   </div>
   <div class='ocr_carea' id='block_1_46' title="bbox 2021 1573 3606 1651">
    <p class='ocr_par' dir='ltr' id='par_1_46' title="bbox 2021 1573 3606 1651">
     <span class='ocr_line' id='line_1_46' title="bbox 2021 1573 3606 1651; baseline 0.007 -25"><span class='ocrx_word' id='word_1_337' title='bbox 2021 1574 2206 1627; x_wconf 93' lang='lat' dir='ltr'><strong>nicum</strong></span> <span class='ocrx_word' id='word_1_338' title='bbox 2244 1573 2360 1630; x_wconf 83' lang='lat' dir='ltr'><strong>fieri</strong></span> <span class='ocrx_word' id='word_1_339' title='bbox 2391 1575 2616 1641; x_wconf 90' lang='lat' dir='ltr'><strong>dicitur,</strong></span> <span class='ocrx_word' id='word_1_340' title='bbox 2649 1579 2702 1632; x_wconf 91' lang='lat' dir='ltr'><strong>id</strong></span> <span class='ocrx_word' id='word_1_341' title='bbox 2728 1579 2926 1634; x_wconf 88' lang='lat' dir='ltr'><strong>inutile</strong></span> <span class='ocrx_word' id='word_1_342' title='bbox 2956 1589 3077 1645; x_wconf 92' lang='lat' dir='ltr'><strong>cst;</strong></span> <span class='ocrx_word' id='word_1_343' title='bbox 3109 1580 3354 1651; x_wconf 83' lang='lat' dir='ltr'><strong>adeoque</strong></span> <span class='ocrx_word' id='word_1_344' title='bbox 3381 1581 3606 1650; x_wconf 80' lang='lat' dir='ltr'><strong>minime</strong></span> 
     </span>
    </p>
   </div>
   <div class='ocr_carea' id='block_1_47' title="bbox 2024 1665 3607 1742">
    <p class='ocr_par' dir='ltr' id='par_1_47' title="bbox 2024 1665 3607 1742">
     <span class='ocr_line' id='line_1_47' title="bbox 2024 1665 3607 1742; baseline 0.005 -24"><span class='ocrx_word' id='word_1_345' title='bbox 2024 1665 2165 1720; x_wconf 89' lang='lat' dir='ltr'><strong>inter</strong></span> <span class='ocrx_word' id='word_1_346' title='bbox 2193 1666 2394 1722; x_wconf 75' lang='lat' dir='ltr'><strong>eximia</strong></span> <span class='ocrx_word' id='word_1_347' title='bbox 2428 1670 2850 1725; x_wconf 89' lang='lat' dir='ltr'><strong>numerandum.</strong></span> <span class='ocrx_word' id='word_1_348' title='bbox 2881 1669 2984 1736; x_wconf 86' lang='lat' dir='ltr'><strong>Qui</strong></span> <span class='ocrx_word' id='word_1_349' title='bbox 3009 1671 3154 1727; x_wconf 84' lang='lat' dir='ltr'><strong>enim</strong></span> <span class='ocrx_word' id='word_1_350' title='bbox 3183 1672 3395 1727; x_wconf 89' lang='lat' dir='ltr'><strong>laudari</strong></span> <span class='ocrx_word' id='word_1_351' title='bbox 3432 1681 3607 1742; x_wconf 78' lang='lat' dir='ltr'><strong>potest</strong></span> 
     </span>
    </p>
   </div>
   <div class='ocr_carea' id='block_1_48' title="bbox 1957 1757 3603 1833">
    <p class='ocr_par' dir='ltr' id='par_1_48' title="bbox 1957 1757 3603 1833">
     <span class='ocr_line' id='line_1_48' title="bbox 1957 1757 3603 1833; baseline 0.005 -24"><span class='ocrx_word' id='word_1_352' title='bbox 1957 1761 1997 1816; x_wconf 82' lang='grc' dir='ltr'><strong>Β</strong></span> <span class='ocrx_word' id='word_1_353' title='bbox 2027 1757 2171 1826; x_wconf 90' lang='lat' dir='ltr'><strong>quod</strong></span> <span class='ocrx_word' id='word_1_354' title='bbox 2218 1757 2412 1814; x_wconf 84' lang='lat' dir='ltr'><strong>inutile</strong></span> <span class='ocrx_word' id='word_1_355' title='bbox 2449 1759 2556 1814; x_wconf 80' lang='lat' dir='ltr'><strong>sit?</strong></span> <span class='ocrx_word' id='word_1_356' title='bbox 2602 1759 2775 1826; x_wconf 87' lang='lat' dir='ltr'><strong>Quam</strong></span> <span class='ocrx_word' id='word_1_357' title='bbox 2816 1772 2898 1816; x_wconf 91' lang='lat' dir='ltr'><strong>est</strong></span> <span class='ocrx_word' id='word_1_358' title='bbox 2946 1771 3204 1833; x_wconf 63' lang='lat' dir='ltr'><strong>praetcrea</strong></span> <span class='ocrx_word' id='word_1_359' title='bbox 3241 1764 3522 1828; x_wconf 87' lang='lat' dir='ltr'><strong>stolidum,</strong></span> <span class='ocrx_word' id='word_1_360' title='bbox 3573 1783 3603 1818; x_wconf 89' lang='lat' dir='ltr'><strong>a</strong></span> 
     </span>
    </p>
   </div>
   <div class='ocr_carea' id='block_1_49' title="bbox 2025 1846 3604 1924">
    <p class='ocr_par' dir='ltr' id='par_1_49' title="bbox 2025 1846 3604 1924">
     <span class='ocr_line' id='line_1_49' title="bbox 2025 1846 3604 1924; baseline 0.006 -24"><span class='ocrx_word' id='word_1_361' title='bbox 2025 1846 2262 1903; x_wconf 86' lang='lat' dir='ltr'><strong>Prunico</strong></span> <span class='ocrx_word' id='word_1_362' title='bbox 2301 1849 2629 1906; x_wconf 78' lang='lat' dir='ltr'><strong>exhaustum</strong></span> <span class='ocrx_word' id='word_1_363' title='bbox 2661 1867 2784 1908; x_wconf 88' lang='lat' dir='ltr'><strong>esse</strong></span> <span class='ocrx_word' id='word_1_364' title='bbox 2825 1851 3238 1909; x_wconf 85' lang='lat' dir='ltr'><strong>Jaldabaotbcm</strong></span> <span class='ocrx_word' id='word_1_365' title='bbox 3269 1895 3284 1921; x_wconf 94' lang='lat'><strong>,</strong></span> <span class='ocrx_word' id='word_1_366' title='bbox 3336 1855 3405 1909; x_wconf 86' lang='lat' dir='ltr'><strong>ab</strong></span> <span class='ocrx_word' id='word_1_367' title='bbox 3434 1869 3604 1924; x_wconf 82' lang='lat' dir='ltr'><strong>eoque</strong></span> 
     </span>
    </p>
   </div>
   <div class='ocr_carea' id='block_1_50' title="bbox 2025 1938 3604 2002">
    <p class='ocr_par' dir='ltr' id='par_1_50' title="bbox 2025 1938 3604 2002">
     <span class='ocr_line' id='line_1_50' title="bbox 2025 1938 3604 2002; baseline 0.006 -8"><span class='ocrx_word' id='word_1_368' title='bbox 2025 1938 2320 1994; x_wconf 88' lang='lat' dir='ltr'><strong>scintillam</strong></span> <span class='ocrx_word' id='word_1_369' title='bbox 2349 1940 2416 1994; x_wconf 88' lang='lat' dir='ltr'><strong>ad</strong></span> <span class='ocrx_word' id='word_1_370' title='bbox 2449 1940 2634 1995; x_wconf 83' lang='lat' dir='ltr'><strong>inﬁma</strong></span> <span class='ocrx_word' id='word_1_371' title='bbox 2670 1942 2762 1996; x_wconf 87' lang='lat' dir='ltr'><strong>illa</strong></span> <span class='ocrx_word' id='word_1_372' title='bbox 2793 1959 3082 2000; x_wconf 82' lang='lat' dir='ltr'><strong>excussam</strong></span> <span class='ocrx_word' id='word_1_373' title='bbox 3119 1945 3410 2002; x_wconf 88' lang='lat' dir='ltr'><strong>arbitrari!</strong></span> <span class='ocrx_word' id='word_1_374' title='bbox 3443 1943 3604 2002; x_wconf 88' lang='lat' dir='ltr'><strong>Item-</strong></span> 
     </span>
    </p>
   </div>
   <div class='ocr_carea' id='block_1_51' title="bbox 2023 2031 3608 2110">
    <p class='ocr_par' dir='ltr' id='par_1_51' title="bbox 2023 2031 3608 2110">
     <span class='ocr_line' id='line_1_51' title="bbox 2023 2031 3608 2110; baseline 0.007 -25"><span class='ocrx_word' id='word_1_375' title='bbox 2023 2047 2152 2101; x_wconf 88' lang='lat' dir='ltr'><strong>que,</strong></span> <span class='ocrx_word' id='word_1_376' title='bbox 2182 2031 2354 2102; x_wconf 91' lang='lat' dir='ltr'><strong>quiin</strong></span> <span class='ocrx_word' id='word_1_377' title='bbox 2388 2033 2612 2090; x_wconf 84' lang='lat' dir='ltr'><strong>sublimi</strong></span> <span class='ocrx_word' id='word_1_378' title='bbox 2639 2036 2940 2093; x_wconf 87' lang='lat' dir='ltr'><strong>collocatus</strong></span> <span class='ocrx_word' id='word_1_379' title='bbox 2968 2047 3135 2103; x_wconf 85' lang='lat' dir='ltr'><strong>esset,</strong></span> <span class='ocrx_word' id='word_1_380' title='bbox 3172 2054 3296 2094; x_wconf 90' lang='lat' dir='ltr'><strong>eum</strong></span> <span class='ocrx_word' id='word_1_381' title='bbox 3320 2040 3608 2110; x_wconf 57' lang='lat' dir='ltr'><strong>agnovisse:</strong></span> 
     </span>
    </p>
   </div>
   <div class='ocr_carea' id='block_1_52' title="bbox 2023 2126 3609 2202">
    <p class='ocr_par' dir='ltr' id='par_1_52' title="bbox 2023 2126 3609 2202">
     <span class='ocr_line' id='line_1_52' title="bbox 2023 2126 3609 2202; baseline 0.007 -24"><span class='ocrx_word' id='word_1_382' title='bbox 2023 2127 2116 2194; x_wconf 92' lang='lat' dir='ltr'><strong>qui</strong></span> <span class='ocrx_word' id='word_1_383' title='bbox 2162 2126 2432 2183; x_wconf 85' lang='lat' dir='ltr'><strong>exhausto</strong></span> <span class='ocrx_word' id='word_1_384' title='bbox 2475 2137 2623 2185; x_wconf 86' lang='lat' dir='ltr'><strong>esset</strong></span> <span class='ocrx_word' id='word_1_385' title='bbox 2674 2130 2767 2185; x_wconf 90' lang='lat' dir='ltr'><strong>illo</strong></span> <span class='ocrx_word' id='word_1_386' title='bbox 2795 2131 2957 2201; x_wconf 74' lang='lat'><strong>273</strong></span> <span class='ocrx_word' id='word_1_387' title='bbox 2982 2132 3253 2202; x_wconf 88' lang='lat' dir='ltr'><strong>superior.</strong></span> <span class='ocrx_word' id='word_1_388' title='bbox 3319 2131 3609 2189; x_wconf 85' lang='lat' dir='ltr'><strong>Enimvero</strong></span> 
     </span>
    </p>
   </div>
   <div class='ocr_carea' id='block_1_53' title="bbox 2023 2219 3597 2289">
    <p class='ocr_par' dir='ltr' id='par_1_53' title="bbox 2023 2219 3597 2289">
     <span class='ocr_line' id='line_1_53' title="bbox 2023 2219 3597 2289; baseline 0.005 -18"><span class='ocrx_word' id='word_1_389' title='bbox 2023 2219 2184 2286; x_wconf 88' lang='lat' dir='ltr'><strong>quale</strong></span> <span class='ocrx_word' id='word_1_390' title='bbox 2211 2219 2341 2274; x_wconf 92' lang='lat' dir='ltr'><strong>illud</strong></span> <span class='ocrx_word' id='word_1_391' title='bbox 2370 2221 2696 2276; x_wconf 88' lang='lat' dir='ltr'><strong>miraculum</strong></span> <span class='ocrx_word' id='word_1_392' title='bbox 2730 2231 2835 2288; x_wconf 90' lang='lat' dir='ltr'><strong>est,</strong></span> <span class='ocrx_word' id='word_1_393' title='bbox 2869 2231 2928 2277; x_wconf 89' lang='lat' dir='ltr'><strong>ut</strong></span> <span class='ocrx_word' id='word_1_394' title='bbox 2956 2224 3120 2278; x_wconf 93' lang='lat' dir='ltr'><strong>homo</strong></span> <span class='ocrx_word' id='word_1_395' title='bbox 3159 2224 3246 2279; x_wconf 90' lang='lat' dir='ltr'><strong>cui</strong></span> <span class='ocrx_word' id='word_1_396' title='bbox 3272 2225 3597 2289; x_wconf 78' lang='lat' dir='ltr'><strong>tenuissima</strong></span> 
     </span>
    </p>
   </div>
   <div class='ocr_carea' id='block_1_54' title="bbox 2026 2302 3603 2386">
    <p class='ocr_par' dir='ltr' id='par_1_54' title="bbox 2026 2302 3603 2386">
     <span class='ocr_line' id='line_1_54' title="bbox 2026 2302 3603 2386; baseline 0.003 -21"><span class='ocrx_word' id='word_1_397' title='bbox 2026 2312 2271 2380; x_wconf 65' lang='lat' dir='ltr'><strong>quaedam</strong></span> <span class='ocrx_word' id='word_1_398' title='bbox 2313 2312 2385 2368; x_wconf 88' lang='lat' dir='ltr'><strong>sit</strong></span> <span class='ocrx_word' id='word_1_399' title='bbox 2423 2327 2647 2383; x_wconf 85' lang='lat' dir='ltr'><strong>aspersa</strong></span> <span class='ocrx_word' id='word_1_400' title='bbox 2686 2313 2954 2379; x_wconf 89' lang='lat' dir='ltr'><strong>scintilla,</strong></span> <span class='ocrx_word' id='word_1_401' title='bbox 2995 2313 3255 2384; x_wconf 82' lang='lat' dir='ltr'><strong>majorem</strong></span> <span class='ocrx_word' id='word_1_402' title='bbox 3300 2315 3410 2372; x_wconf 91' lang='lat' dir='ltr'><strong>illis</strong></span> <span class='ocrx_word' id='word_1_403' title='bbox 3449 2302 3603 2386; x_wconf 82' lang='lat' dir='ltr'><strong>ipsis,</strong></span> 
     </span>
    </p>
   </div>
   <div class='ocr_carea' id='block_1_55' title="bbox 2025 2403 3610 2476">
    <p class='ocr_par' dir='ltr' id='par_1_55' title="bbox 2025 2403 3610 2476">
     <span class='ocr_line' id='line_1_55' title="bbox 2025 2403 3610 2476; baseline 0.003 -20"><span class='ocrx_word' id='word_1_404' title='bbox 2025 2417 2054 2456; x_wconf 90' lang='lat' dir='ltr'><strong>a</strong></span> <span class='ocrx_word' id='word_1_405' title='bbox 2077 2403 2279 2472; x_wconf 83' lang='lat' dir='ltr'><strong>quibus</strong></span> <span class='ocrx_word' id='word_1_406' title='bbox 2301 2403 2604 2473; x_wconf 91' lang='lat' dir='ltr'><strong>productus</strong></span> <span class='ocrx_word' id='word_1_407' title='bbox 2627 2414 2732 2470; x_wconf 90' lang='lat' dir='ltr'><strong>est,</strong></span> <span class='ocrx_word' id='word_1_408' title='bbox 2757 2405 2965 2475; x_wconf 86' lang='lat' dir='ltr'><strong>angelis</strong></span> <span class='ocrx_word' id='word_1_409' title='bbox 2987 2404 3354 2476; x_wconf 74' lang='lat' dir='ltr'><strong>cognitionem</strong></span> <span class='ocrx_word' id='word_1_410' title='bbox 3381 2405 3610 2476; x_wconf 86' lang='lat' dir='ltr'><strong>adeptus</strong></span> 
     </span>
    </p>
   </div>
   <div class='ocr_carea' id='block_1_56' title="bbox 2025 2493 3602 2565">
    <p class='ocr_par' dir='ltr' id='par_1_56' title="bbox 2025 2493 3602 2565">
     <span class='ocr_line' id='line_1_56' title="bbox 2025 2493 3602 2565; baseline 0.001 -17"><span class='ocrx_word' id='word_1_411' title='bbox 2025 2493 2215 2549; x_wconf 90' lang='lat' dir='ltr'><strong>fuerit!</strong></span> <span class='ocrx_word' id='word_1_412' title='bbox 2253 2493 2310 2549; x_wconf 90' lang='lat' dir='ltr'><strong>Si</strong></span> <span class='ocrx_word' id='word_1_413' title='bbox 2339 2496 2558 2565; x_wconf 90' lang='lat' dir='ltr'><strong>quidem</strong></span> <span class='ocrx_word' id='word_1_414' title='bbox 2593 2507 2849 2553; x_wconf 86' lang='lat' dir='ltr'><strong>auctores</strong></span> <span class='ocrx_word' id='word_1_415' title='bbox 2879 2498 2965 2552; x_wconf 91' lang='lat' dir='ltr'><strong>isti</strong></span> <span class='ocrx_word' id='word_1_416' title='bbox 2999 2497 3240 2553; x_wconf 91' lang='lat' dir='ltr'><strong>hominis</strong></span> <span class='ocrx_word' id='word_1_417' title='bbox 3270 2513 3334 2553; x_wconf 87' lang='lat' dir='ltr'><strong>ac</strong></span> <span class='ocrx_word' id='word_1_418' title='bbox 3366 2497 3602 2554; x_wconf 83' lang='lat' dir='ltr'><strong>fabrica-</strong></span> 
     </span>
    </p>
   </div>
   <div class='ocr_carea' id='block_1_57' title="bbox 2025 2587 3607 2662">
    <p class='ocr_par' dir='ltr' id='par_1_57' title="bbox 2025 2587 3607 2662">
     <span class='ocr_line' id='line_1_57' title="bbox 2025 2587 3607 2662; baseline 0.003 -20"><span class='ocrx_word' id='word_1_419' title='bbox 2025 2595 2174 2643; x_wconf 89' lang='lat' dir='ltr'><strong>tores</strong></span> <span class='ocrx_word' id='word_1_420' title='bbox 2201 2588 2400 2660; x_wconf 89' lang='lat' dir='ltr'><strong>angeli,</strong></span> <span class='ocrx_word' id='word_1_421' title='bbox 2433 2589 2548 2645; x_wconf 86' lang='lat' dir='ltr'><strong>sive</strong></span> <span class='ocrx_word' id='word_1_422' title='bbox 2569 2587 2944 2646; x_wconf 87' lang='lat' dir='ltr'><strong>Jaldabaothis</strong></span> <span class='ocrx_word' id='word_1_423' title='bbox 2975 2589 3072 2646; x_wconf 90' lang='lat' dir='ltr'><strong>lilii</strong></span> <span class='ocrx_word' id='word_1_424' title='bbox 3106 2606 3227 2662; x_wconf 73' lang='lat' dir='ltr'><strong>qua:</strong></span> <span class='ocrx_word' id='word_1_425' title='bbox 3247 2590 3607 2647; x_wconf 82' lang='lat' dir='ltr'><strong>Jaldabaothe</strong></span> 
     </span>
    </p>
   </div>
   <div class='ocr_carea' id='block_1_58' title="bbox 2025 2681 3604 2754">
    <p class='ocr_par' dir='ltr' id='par_1_58' title="bbox 2025 2681 3604 2754">
     <span class='ocr_line' id='line_1_58' title="bbox 2025 2681 3604 2754; baseline 0.001 -18"><span class='ocrx_word' id='word_1_426' title='bbox 2025 2681 2310 2752; x_wconf 88' lang='lat' dir='ltr'><strong>superiora</strong></span> <span class='ocrx_word' id='word_1_427' title='bbox 2334 2691 2493 2737; x_wconf 89' lang='lat' dir='ltr'><strong>erant</strong></span> <span class='ocrx_word' id='word_1_428' title='bbox 2523 2683 2865 2754; x_wconf 85' lang='lat' dir='ltr'><strong>ignorarunt.</strong></span> <span class='ocrx_word' id='word_1_429' title='bbox 2905 2683 3006 2749; x_wconf 87' lang='lat' dir='ltr'><strong>Qui</strong></span> <span class='ocrx_word' id='word_1_430' title='bbox 3043 2693 3226 2739; x_wconf 92' lang='lat' dir='ltr'><strong>autem</strong></span> <span class='ocrx_word' id='word_1_431' title='bbox 3255 2685 3324 2738; x_wconf 89' lang='lat' dir='ltr'><strong>ab</strong></span> <span class='ocrx_word' id='word_1_432' title='bbox 3356 2684 3466 2740; x_wconf 88' lang='lat' dir='ltr'><strong>illis</strong></span> <span class='ocrx_word' id='word_1_433' title='bbox 3495 2683 3604 2738; x_wconf 77' lang='lat' dir='ltr'><strong>for-</strong></span> 
     </span>
    </p>
   </div>
   <div class='ocr_carea' id='block_1_59' title="bbox 2025 2773 3606 2844">
    <p class='ocr_par' dir='ltr' id='par_1_59' title="bbox 2025 2773 3606 2844">
     <span class='ocr_line' id='line_1_59' title="bbox 2025 2773 3606 2844; baseline 0.001 -18"><span class='ocrx_word' id='word_1_434' title='bbox 2025 2781 2206 2830; x_wconf 89' lang='lat' dir='ltr'><strong>matus</strong></span> <span class='ocrx_word' id='word_1_435' title='bbox 2231 2781 2337 2842; x_wconf 89' lang='lat' dir='ltr'><strong>est,</strong></span> <span class='ocrx_word' id='word_1_436' title='bbox 2369 2774 2622 2830; x_wconf 63' lang='lat' dir='ltr'><strong>scintillae</strong></span> <span class='ocrx_word' id='word_1_437' title='bbox 2645 2773 2909 2830; x_wconf 79' lang='lat' dir='ltr'><strong>beneficio</strong></span> <span class='ocrx_word' id='word_1_438' title='bbox 2934 2775 3209 2844; x_wconf 81' lang='lat' dir='ltr'><strong>cognovit.</strong></span> <span class='ocrx_word' id='word_1_439' title='bbox 3243 2773 3606 2841; x_wconf 78' lang='lat' dir='ltr'><strong>Quamobrem</strong></span> 
     </span>
    </p>
   </div>
   <div class='ocr_carea' id='block_1_60' title="bbox 2026 2862 3607 2934">
    <p class='ocr_par' dir='ltr' id='par_1_60' title="bbox 2026 2862 3607 2934">
     <span class='ocr_line' id='line_1_60' title="bbox 2026 2862 3607 2934; baseline 0.002 -17"><span class='ocrx_word' id='word_1_440' title='bbox 2026 2863 2143 2919; x_wconf 89' lang='lat' dir='ltr'><strong>suis</strong></span> <span class='ocrx_word' id='word_1_441' title='bbox 2187 2863 2262 2917; x_wconf 93' lang='lat' dir='ltr'><strong>illi</strong></span> <span class='ocrx_word' id='word_1_442' title='bbox 2305 2879 2366 2919; x_wconf 88' lang='lat' dir='ltr'><strong>se</strong></span> <span class='ocrx_word' id='word_1_443' title='bbox 2404 2864 2754 2934; x_wconf 88' lang='lat' dir='ltr'><strong>dogmatibus</strong></span> <span class='ocrx_word' id='word_1_444' title='bbox 2795 2862 3028 2917; x_wconf 90' lang='lat' dir='ltr'><strong>induunt</strong></span> <span class='ocrx_word' id='word_1_445' title='bbox 3075 2870 3126 2919; x_wconf 89' lang='lat' dir='ltr'><strong>et</strong></span> <span class='ocrx_word' id='word_1_446' title='bbox 3167 2872 3439 2930; x_wconf 88' lang='lat' dir='ltr'><strong>evertunt,</strong></span> <span class='ocrx_word' id='word_1_447' title='bbox 3482 2880 3607 2920; x_wconf 91' lang='lat' dir='ltr'><strong>cum</strong></span> 
     </span>
    </p>
   </div>
   <div class='ocr_carea' id='block_1_61' title="bbox 2023 2955 3606 3027">
    <p class='ocr_par' dir='ltr' id='par_1_61' title="bbox 2023 2955 3606 3027">
     <span class='ocr_line' id='line_1_61' title="bbox 2023 2955 3606 3027; baseline 0 -19"><span class='ocrx_word' id='word_1_448' title='bbox 2023 2957 2220 3027; x_wconf 88' lang='lat' dir='ltr'><strong>partim</strong></span> <span class='ocrx_word' id='word_1_449' title='bbox 2239 2967 2544 3027; x_wconf 85' lang='lat' dir='ltr'><strong>serpentem</strong></span> <span class='ocrx_word' id='word_1_450' title='bbox 2575 2957 2820 3011; x_wconf 80' lang='lat' dir='ltr'><strong>venerari</strong></span> <span class='ocrx_word' id='word_1_451' title='bbox 2850 2956 3172 3022; x_wconf 81' lang='lat' dir='ltr'><strong>inStituant;</strong></span> <span class='ocrx_word' id='word_1_452' title='bbox 3214 2956 3410 3026; x_wconf 89' lang='lat' dir='ltr'><strong>partim</strong></span> <span class='ocrx_word' id='word_1_453' title='bbox 3441 2955 3606 3010; x_wconf 88' lang='lat' dir='ltr'><strong>Evam</strong></span> 
     </span>
    </p>
   </div>
   <div class='ocr_carea' id='block_1_62' title="bbox 2023 3047 3605 3119">
    <p class='ocr_par' dir='ltr' id='par_1_62' title="bbox 2023 3047 3605 3119">
     <span class='ocr_line' id='line_1_62' title="bbox 2023 3047 3605 3119; baseline -0.001 -17"><span class='ocrx_word' id='word_1_454' title='bbox 2023 3048 2171 3105; x_wconf 91' lang='lat' dir='ltr'><strong>illius</strong></span> <span class='ocrx_word' id='word_1_455' title='bbox 2222 3047 2590 3104; x_wconf 81' lang='lat' dir='ltr'><strong>fraudulentia</strong></span> <span class='ocrx_word' id='word_1_456' title='bbox 2644 3047 2927 3119; x_wconf 87' lang='lat' dir='ltr'><strong>deceptam</strong></span> <span class='ocrx_word' id='word_1_457' title='bbox 2981 3048 3323 3114; x_wconf 82' lang='lat' dir='ltr'><strong>existiment;</strong></span> <span class='ocrx_word' id='word_1_458' title='bbox 3406 3047 3605 3119; x_wconf 89' lang='lat' dir='ltr'><strong>partim</strong></span> 
     </span>
    </p>
   </div>
   <div class='ocr_carea' id='block_1_63' title="bbox 327 3130 1915 3209">
    <p class='ocr_par' dir='ltr' id='par_1_63' title="bbox 327 3130 1915 3209">
     <span class='ocr_line' id='line_1_63' title="bbox 327 3130 1915 3209; baseline -0.001 -20"><span class='ocrx_word' id='word_1_459' title='bbox 327 3137 596 3209; x_wconf 88' lang='grc' dir='ltr'>νημένους</span> <span class='ocrx_word' id='word_1_460' title='bbox 619 3139 769 3201; x_wconf 82' lang='grc' dir='ltr'>υἱοὺς</span> <span class='ocrx_word' id='word_1_461' title='bbox 797 3137 886 3192; x_wconf 80' lang='grc' dir='ltr'><strong>τὸν</strong></span> <span class='ocrx_word' id='word_1_462' title='bbox 919 3136 1189 3208; x_wconf 81' lang='grc' dir='ltr'>ἀνώτερον</span> <span class='ocrx_word' id='word_1_463' title='bbox 1216 3137 1382 3190; x_wconf 85' lang='grc' dir='ltr'>αὐτοῦ</span> <span class='ocrx_word' id='word_1_464' title='bbox 1406 3135 1646 3206; x_wconf 84' lang='grc' dir='ltr'>Πατέρα.</span> <span class='ocrx_word' id='word_1_465' title='bbox 1680 3135 1804 3198; x_wconf 88' lang='grc' dir='ltr'><strong>Πῶς</strong></span> <span class='ocrx_word' id='word_1_466' title='bbox 1827 3130 1915 3188; x_wconf 82' lang='grc' dir='ltr'><strong>οῦν</strong></span> 
     </span>
    </p>
   </div>
   <div class='ocr_carea' id='block_1_64' title="bbox 2025 3130 3606 3209">
    <p class='ocr_par' dir='ltr' id='par_1_64' title="bbox 2025 3137 3606 3209">
     <span class='ocr_line' id='line_1_64' title="bbox 2025 3137 3606 3209; baseline 0 -15"><span class='ocrx_word' id='word_1_467' title='bbox 2025 3137 2300 3196; x_wconf 88' lang='lat' dir='ltr'><strong>Christum</strong></span> <span class='ocrx_word' id='word_1_468' title='bbox 2343 3140 2593 3195; x_wconf 77' lang='lat' dir='ltr'><strong>eumdem</strong></span> <span class='ocrx_word' id='word_1_469' title='bbox 2645 3156 2767 3195; x_wconf 90' lang='lat' dir='ltr'><strong>esse</strong></span> <span class='ocrx_word' id='word_1_470' title='bbox 2807 3140 3009 3207; x_wconf 78' lang='lat' dir='ltr'><strong>velint;</strong></span> <span class='ocrx_word' id='word_1_471' title='bbox 3061 3139 3260 3209; x_wconf 89' lang='lat' dir='ltr'><strong>partim</strong></span> <span class='ocrx_word' id='word_1_472' title='bbox 3301 3138 3606 3209; x_wconf 88' lang='lat' dir='ltr'><strong>superioris</strong></span> 
     </span>
    </p>
   </div>
   <div class='ocr_carea' id='block_1_65' title="bbox 327 3227 1916 3300">
    <p class='ocr_par' dir='ltr' id='par_1_65' title="bbox 327 3227 1916 3300">
     <span class='ocr_line' id='line_1_65' title="bbox 327 3227 1916 3300; baseline -0.002 -17"><span class='ocrx_word' id='word_1_473' title='bbox 327 3229 582 3299; x_wconf 82' lang='grc' dir='ltr'>βασιλεὺς</span> <span class='ocrx_word' id='word_1_474' title='bbox 623 3230 944 3299; x_wconf 78' lang='grc' dir='ltr'>ἐπουράνιος</span> <span class='ocrx_word' id='word_1_475' title='bbox 972 3229 1000 3281; x_wconf 83' lang='grc' dir='ltr'>ὁ</span> <span class='ocrx_word' id='word_1_476' title='bbox 1033 3229 1175 3299; x_wconf 78' lang='grc' dir='ltr'>ὄφις,</span> <span class='ocrx_word' id='word_1_477' title='bbox 1206 3229 1364 3300; x_wconf 82' lang='grc' dir='ltr'>εἴπερ</span> <span class='ocrx_word' id='word_1_478' title='bbox 1406 3230 1549 3282; x_wconf 88' lang='grc' dir='ltr'><strong>κατά</strong></span> <span class='ocrx_word' id='word_1_479' title='bbox 1569 3227 1661 3281; x_wconf 90' lang='grc' dir='ltr'><strong>τοῦ</strong></span> <span class='ocrx_word' id='word_1_480' title='bbox 1703 3227 1916 3300; x_wconf 78' lang='grc' dir='ltr'>Πατρὸς</span> 
     </span>
    </p>
   </div>
   <div class='ocr_carea' id='block_1_66' title="bbox 326 3321 1924 3394">
    <p class='ocr_par' dir='ltr' id='par_1_66' title="bbox 326 3321 1924 3394">
     <span class='ocr_line' id='line_1_66' title="bbox 326 3321 1924 3394; baseline -0.001 -20"><span class='ocrx_word' id='word_1_481' title='bbox 326 3324 621 3393; x_wconf 78' lang='grc' dir='ltr'>ἐγήγερται</span> <span class='ocrx_word' id='word_1_482' title='bbox 643 3339 658 3389; x_wconf 87' lang='grc'><strong>;</strong></span> <span class='ocrx_word' id='word_1_483' title='bbox 716 3323 840 3386; x_wconf 89' lang='grc' dir='ltr'><strong>Πῶς</strong></span> <span class='ocrx_word' id='word_1_484' title='bbox 861 3322 939 3385; x_wconf 87' lang='grc' dir='ltr'><strong>δέ,</strong></span> <span class='ocrx_word' id='word_1_485' title='bbox 979 3323 1029 3376; x_wconf 83' lang='grc' dir='ltr'><strong>εί</strong></span> <span class='ocrx_word' id='word_1_486' title='bbox 1049 3323 1148 3394; x_wconf 81' lang='grc' dir='ltr'><strong>τὴν</strong></span> <span class='ocrx_word' id='word_1_487' title='bbox 1172 3322 1372 3390; x_wconf 90' lang='grc' dir='ltr'>γνῶσιν</span> <span class='ocrx_word' id='word_1_488' title='bbox 1395 3321 1632 3382; x_wconf 82' lang='grc' dir='ltr'>δίδωσιν,</span> <span class='ocrx_word' id='word_1_489' title='bbox 1659 3321 1716 3374; x_wconf 84' lang='grc' dir='ltr'><strong>ἐν</strong></span> <span class='ocrx_word' id='word_1_490' title='bbox 1738 3321 1924 3392; x_wconf 80' lang='grc' dir='ltr'>ἀπάτῃ</span> 
     </span>
    </p>
   </div>
   <div class='ocr_carea' id='block_1_67' title="bbox 325 3412 1925 3486">
    <p class='ocr_par' dir='ltr' id='par_1_67' title="bbox 325 3412 1925 3486">
     <span class='ocr_line' id='line_1_67' title="bbox 325 3412 1925 3486; baseline -0.001 -20"><span class='ocrx_word' id='word_1_491' title='bbox 325 3414 752 3483; x_wconf 85' lang='grc' dir='ltr'>καταγγέλλεται</span> <span class='ocrx_word' id='word_1_492' title='bbox 785 3414 1127 3486; x_wconf 79' lang='grc' dir='ltr'>ὴπατηκέναι</span> <span class='ocrx_word' id='word_1_493' title='bbox 1149 3413 1246 3486; x_wconf 83' lang='grc' dir='ltr'>τὴν</span> <span class='ocrx_word' id='word_1_494' title='bbox 1263 3412 1408 3468; x_wconf 79' lang='grc' dir='ltr'>Εὕαν</span> <span class='ocrx_word' id='word_1_495' title='bbox 1429 3430 1444 3480; x_wconf 83' lang='lat'><strong>;</strong></span> <span class='ocrx_word' id='word_1_496' title='bbox 1468 3414 1526 3467; x_wconf 90' lang='lat' dir='ltr'><strong>&#39;O</strong></span> <span class='ocrx_word' id='word_1_497' title='bbox 1543 3412 1597 3466; x_wconf 79' lang='grc' dir='ltr'><strong>δὲ</strong></span> <span class='ocrx_word' id='word_1_498' title='bbox 1615 3412 1684 3465; x_wconf 87' lang='grc' dir='ltr'>δι’</span> <span class='ocrx_word' id='word_1_499' title='bbox 1706 3413 1925 3482; x_wconf 85' lang='grc' dir='ltr'>ἀπάτης</span> 
     </span>
    </p>
   </div>
   <div class='ocr_carea' id='block_1_68' title="bbox 326 3502 1921 3576">
    <p class='ocr_par' dir='ltr' id='par_1_68' title="bbox 326 3502 1921 3576">
     <span class='ocr_line' id='line_1_68' title="bbox 326 3502 1921 3576; baseline -0.002 -16"><span class='ocrx_word' id='word_1_500' title='bbox 326 3506 530 3575; x_wconf 89' lang='grc' dir='ltr'>γνῶσιν</span> <span class='ocrx_word' id='word_1_501' title='bbox 565 3507 740 3571; x_wconf 76' lang='grc' dir='ltr'>ἐνθεὶς</span> <span class='ocrx_word' id='word_1_502' title='bbox 770 3508 954 3561; x_wconf 79' lang='grc' dir='ltr'>οὐκέτι</span> <span class='ocrx_word' id='word_1_503' title='bbox 981 3506 1185 3576; x_wconf 90' lang='grc' dir='ltr'>γνῶσιν</span> <span class='ocrx_word' id='word_1_504' title='bbox 1211 3506 1447 3570; x_wconf 89' lang='grc' dir='ltr'>δίδωσιν,</span> <span class='ocrx_word' id='word_1_505' title='bbox 1471 3505 1609 3558; x_wconf 87' lang='grc' dir='ltr'><strong>ἀλλά</strong></span> <span class='ocrx_word' id='word_1_506' title='bbox 1639 3505 1759 3559; x_wconf 73' lang='grc' dir='ltr'>ἀντὶ</span> <span class='ocrx_word' id='word_1_507' title='bbox 1782 3502 1921 3573; x_wconf 86' lang='grc' dir='ltr'><strong>γνὼ-</strong></span> 
     </span>
    </p>
   </div>
   <div class='ocr_carea' id='block_1_69' title="bbox 327 3595 1922 3668">
    <p class='ocr_par' dir='ltr' id='par_1_69' title="bbox 327 3595 1922 3668">
     <span class='ocr_line' id='line_1_69' title="bbox 327 3595 1922 3668; baseline -0.001 -18"><span class='ocrx_word' id='word_1_508' title='bbox 327 3614 466 3660; x_wconf 86' lang='grc' dir='ltr'>σεως</span> <span class='ocrx_word' id='word_1_509' title='bbox 493 3599 789 3667; x_wconf 87' lang='grc' dir='ltr'>ἀγνωσίαν.</span> <span class='ocrx_word' id='word_1_510' title='bbox 833 3600 922 3662; x_wconf 84' lang='grc' dir='ltr'><strong>Ὦς</strong></span> <span class='ocrx_word' id='word_1_511' title='bbox 945 3599 1039 3652; x_wconf 71' lang='grc' dir='ltr'>καὶ</span> <span class='ocrx_word' id='word_1_512' title='bbox 1070 3597 1270 3668; x_wconf 89' lang='grc' dir='ltr'>ἀληθές</span> <span class='ocrx_word' id='word_1_513' title='bbox 1293 3597 1440 3650; x_wconf 87' lang='grc' dir='ltr'>ἐστιν</span> <span class='ocrx_word' id='word_1_514' title='bbox 1480 3597 1629 3659; x_wconf 82' lang='grc' dir='ltr'>ἰδεῖν,</span> <span class='ocrx_word' id='word_1_515' title='bbox 1660 3595 1741 3648; x_wconf 79' lang='grc' dir='ltr'>ὅτι</span> <span class='ocrx_word' id='word_1_516' title='bbox 1764 3595 1922 3648; x_wconf 88' lang='grc' dir='ltr'>τοῦτο</span> 
     </span>
    </p>
   </div>
   <div class='ocr_carea' id='block_1_70' title="bbox 327 3687 1920 3760">
    <p class='ocr_par' dir='ltr' id='par_1_70' title="bbox 327 3687 1920 3760">
     <span class='ocr_line' id='line_1_70' title="bbox 327 3687 1920 3760; baseline -0.001 -17"><span class='ocrx_word' id='word_1_517' title='bbox 327 3692 384 3743; x_wconf 91' lang='grc' dir='ltr'><strong>ἐν</strong></span> <span class='ocrx_word' id='word_1_518' title='bbox 414 3691 601 3756; x_wconf 84' lang='grc' dir='ltr'>αὐτοῖς</span> <span class='ocrx_word' id='word_1_519' title='bbox 622 3691 946 3746; x_wconf 81' lang='grc' dir='ltr'>τελειοῦται.</span> <span class='ocrx_word' id='word_1_520' title='bbox 990 3691 1293 3760; x_wconf 79' lang='grc' dir='ltr'>Ἀγνωσίαν</span> <span class='ocrx_word' id='word_1_521' title='bbox 1318 3689 1428 3760; x_wconf 89' lang='grc' dir='ltr'><strong>γάρ</strong></span> <span class='ocrx_word' id='word_1_522' title='bbox 1456 3689 1693 3759; x_wconf 79' lang='grc' dir='ltr'>ἔχοντες,</span> <span class='ocrx_word' id='word_1_523' title='bbox 1719 3687 1920 3755; x_wconf 88' lang='grc' dir='ltr'>γνῶσιν</span> 
     </span>
    </p>
   </div>
   <div class='ocr_carea' id='block_1_71' title="bbox 332 3776 1919 3854">
    <p class='ocr_par' dir='ltr' id='par_1_71' title="bbox 332 3776 1919 3854">
     <span class='ocr_line' id='line_1_71' title="bbox 332 3776 1919 3854; baseline -0.003 -20"><span class='ocrx_word' id='word_1_524' title='bbox 332 3782 536 3853; x_wconf 79' lang='grc' dir='ltr'>ταύτην</span> <span class='ocrx_word' id='word_1_525' title='bbox 561 3783 894 3854; x_wconf 76' lang='grc' dir='ltr'>νομίζουσιν,</span> <span class='ocrx_word' id='word_1_526' title='bbox 928 3783 988 3837; x_wconf 85' lang='grc' dir='ltr'><strong>ἐν</strong></span> <span class='ocrx_word' id='word_1_527' title='bbox 1023 3781 1197 3853; x_wconf 80' lang='grc' dir='ltr'>τούτῳ</span> <span class='ocrx_word' id='word_1_528' title='bbox 1219 3779 1594 3852; x_wconf 83' lang='grc' dir='ltr'>ἀληθεύοντες,</span> <span class='ocrx_word' id='word_1_529' title='bbox 1629 3779 1686 3831; x_wconf 86' lang='grc' dir='ltr'><strong>ἐν</strong></span> <span class='ocrx_word' id='word_1_530' title='bbox 1708 3776 1786 3848; x_wconf 79' lang='grc' dir='ltr'>τῷ</span> <span class='ocrx_word' id='word_1_531' title='bbox 1820 3777 1919 3848; x_wconf 82' lang='grc' dir='ltr'>τὴν</span> 
     </span>
    </p>
   </div>
   <div class='ocr_carea' id='block_1_72' title="bbox 331 3873 1683 3946">
    <p class='ocr_par' dir='ltr' id='par_1_72' title="bbox 331 3873 1683 3946">
     <span class='ocr_line' id='line_1_72' title="bbox 331 3873 1683 3946; baseline 0 -21"><span class='ocrx_word' id='word_1_532' title='bbox 331 3873 544 3927; x_wconf 83' lang='grc' dir='ltr'>ἑαυτῶν</span> <span class='ocrx_word' id='word_1_533' title='bbox 577 3875 796 3946; x_wconf 86' lang='grc' dir='ltr'>ἀπάτην</span> <span class='ocrx_word' id='word_1_534' title='bbox 827 3875 922 3928; x_wconf 70' lang='grc' dir='ltr'><strong>καὶ</strong></span> <span class='ocrx_word' id='word_1_535' title='bbox 954 3873 1230 3944; x_wconf 88' lang='grc' dir='ltr'>ἀγνωσίαν</span> <span class='ocrx_word' id='word_1_536' title='bbox 1257 3873 1459 3943; x_wconf 88' lang='grc' dir='ltr'>γνῶσιν</span> <span class='ocrx_word' id='word_1_537' title='bbox 1483 3873 1683 3940; x_wconf 89' lang='grc' dir='ltr'>λέγειν.</span> 
     </span>
    </p>
   </div>
   <div class='ocr_carea' id='block_1_73' title="bbox 2024 3229 3605 3300">
    <p class='ocr_par' dir='ltr' id='par_1_73' title="bbox 2024 3229 3605 3300">
     <span class='ocr_line' id='line_1_73' title="bbox 2024 3229 3605 3300; baseline 0 -16"><span class='ocrx_word' id='word_1_538' title='bbox 2024 3231 2171 3285; x_wconf 89' lang='lat' dir='ltr'><strong>illius</strong></span> <span class='ocrx_word' id='word_1_539' title='bbox 2197 3229 2574 3285; x_wconf 82' lang='lat' dir='ltr'><strong>Jaldabaothis</strong></span> <span class='ocrx_word' id='word_1_540' title='bbox 2601 3229 2793 3294; x_wconf 83' lang='lat' dir='ltr'><strong>lilium,</strong></span> <span class='ocrx_word' id='word_1_541' title='bbox 2826 3230 2918 3300; x_wconf 90' lang='lat' dir='ltr'><strong>qui</strong></span> <span class='ocrx_word' id='word_1_542' title='bbox 2960 3230 3259 3286; x_wconf 89' lang='lat' dir='ltr'><strong>interclusa</strong></span> <span class='ocrx_word' id='word_1_543' title='bbox 3298 3231 3605 3286; x_wconf 71' lang='lat' dir='ltr'><strong>cmlestium</strong></span> 
     </span>
    </p>
   </div>
   <div class='ocr_carea' id='block_1_74' title="bbox 2025 3324 3596 3395">
    <p class='ocr_par' dir='ltr' id='par_1_74' title="bbox 2025 3324 3596 3395">
     <span class='ocr_line' id='line_1_74' title="bbox 2025 3324 3596 3395; baseline 0 -17"><span class='ocrx_word' id='word_1_544' title='bbox 2025 3324 2488 3395; x_wconf 87' lang='lat' dir='ltr'><strong>contemplatione</strong></span> <span class='ocrx_word' id='word_1_545' title='bbox 2535 3339 2807 3382; x_wconf 87' lang='lat' dir='ltr'><strong>summam</strong></span> <span class='ocrx_word' id='word_1_546' title='bbox 2839 3324 3025 3380; x_wconf 91' lang='lat' dir='ltr'><strong>liberis</strong></span> <span class='ocrx_word' id='word_1_547' title='bbox 3061 3324 3178 3380; x_wconf 91' lang='lat' dir='ltr'><strong>suis</strong></span> <span class='ocrx_word' id='word_1_548' title='bbox 3211 3324 3467 3394; x_wconf 87' lang='lat' dir='ltr'><strong>injuriam</strong></span> <span class='ocrx_word' id='word_1_549' title='bbox 3503 3324 3596 3379; x_wconf 63' lang='lat' dir='ltr'><strong>im.</strong></span> 
     </span>
    </p>
   </div>
   <div class='ocr_carea' id='block_1_75' title="bbox 2025 3415 3606 3486">
    <p class='ocr_par' dir='ltr' id='par_1_75' title="bbox 2025 3415 3606 3486">
     <span class='ocr_line' id='line_1_75' title="bbox 2025 3415 3606 3486; baseline 0.003 -16"><span class='ocrx_word' id='word_1_550' title='bbox 2025 3415 2230 3484; x_wconf 90' lang='lat' dir='ltr'><strong>posuit,</strong></span> <span class='ocrx_word' id='word_1_551' title='bbox 2254 3423 2482 3472; x_wconf 90' lang='lat' dir='ltr'><strong>matrem</strong></span> <span class='ocrx_word' id='word_1_552' title='bbox 2510 3415 2816 3486; x_wconf 82' lang='lat' dir='ltr'><strong>repudiavit</strong></span> <span class='ocrx_word' id='word_1_553' title='bbox 2835 3431 2898 3471; x_wconf 90' lang='lat' dir='ltr'><strong>ac</strong></span> <span class='ocrx_word' id='word_1_554' title='bbox 2923 3416 3278 3486; x_wconf 90' lang='lat' dir='ltr'><strong>contempsit,</strong></span> <span class='ocrx_word' id='word_1_555' title='bbox 3294 3431 3402 3472; x_wconf 90' lang='lat' dir='ltr'><strong>non</strong></span> <span class='ocrx_word' id='word_1_556' title='bbox 3426 3417 3606 3474; x_wconf 87' lang='lat' dir='ltr'><strong>minus</strong></span> 
     </span>
    </p>
   </div>
   <div class='ocr_carea' id='block_1_76' title="bbox 2021 3507 3610 3580">
    <p class='ocr_par' dir='ltr' id='par_1_76' title="bbox 2021 3507 3610 3580">
     <span class='ocr_line' id='line_1_76' title="bbox 2021 3507 3610 3580; baseline 0.002 -19"><span class='ocrx_word' id='word_1_557' title='bbox 2021 3522 2186 3577; x_wconf 90' lang='lat' dir='ltr'><strong>quam</strong></span> <span class='ocrx_word' id='word_1_558' title='bbox 2222 3523 2536 3578; x_wconf 89' lang='lat' dir='ltr'><strong>supremum</strong></span> <span class='ocrx_word' id='word_1_559' title='bbox 2567 3507 2878 3576; x_wconf 87' lang='lat' dir='ltr'><strong>Parentem,</strong></span> <span class='ocrx_word' id='word_1_560' title='bbox 2911 3525 3074 3580; x_wconf 85' lang='lat' dir='ltr'><strong>quem</strong></span> <span class='ocrx_word' id='word_1_561' title='bbox 3119 3510 3189 3564; x_wconf 81' lang='lat' dir='ltr'><strong>ab</strong></span> <span class='ocrx_word' id='word_1_562' title='bbox 3228 3508 3295 3564; x_wconf 92' lang='lat' dir='ltr'><strong>iis</strong></span> <span class='ocrx_word' id='word_1_563' title='bbox 3337 3523 3478 3580; x_wconf 90' lang='lat' dir='ltr'><strong>quos</strong></span> <span class='ocrx_word' id='word_1_564' title='bbox 3513 3525 3610 3579; x_wconf 84' lang='lat' dir='ltr'><strong>ge-</strong></span> 
     </span>
    </p>
   </div>
   <div class='ocr_carea' id='block_1_77' title="bbox 2019 3602 3604 3674">
    <p class='ocr_par' dir='ltr' id='par_1_77' title="bbox 2019 3602 3604 3674">
     <span class='ocr_line' id='line_1_77' title="bbox 2019 3602 3604 3674; baseline 0.001 -18"><span class='ocrx_word' id='word_1_565' title='bbox 2019 3609 2217 3657; x_wconf 89' lang='lat' dir='ltr'><strong>nuerat</strong></span> <span class='ocrx_word' id='word_1_566' title='bbox 2265 3603 2372 3658; x_wconf 90' lang='lat' dir='ltr'><strong>coli</strong></span> <span class='ocrx_word' id='word_1_567' title='bbox 2415 3617 2478 3656; x_wconf 89' lang='lat' dir='ltr'><strong>ac</strong></span> <span class='ocrx_word' id='word_1_568' title='bbox 2521 3603 2807 3672; x_wconf 69' lang='lat' dir='ltr'><strong>praedicari</strong></span> <span class='ocrx_word' id='word_1_569' title='bbox 2859 3603 3085 3658; x_wconf 91' lang='lat' dir='ltr'><strong>minime</strong></span> <span class='ocrx_word' id='word_1_570' title='bbox 3121 3605 3193 3658; x_wconf 92' lang='lat' dir='ltr'><strong>sit</strong></span> <span class='ocrx_word' id='word_1_571' title='bbox 3227 3617 3445 3674; x_wconf 87' lang='lat' dir='ltr'><strong>passus.</strong></span> <span class='ocrx_word' id='word_1_572' title='bbox 3501 3602 3604 3670; x_wconf 86' lang='lat' dir='ltr'><strong>Qui</strong></span> 
     </span>
    </p>
   </div>
   <div class='ocr_carea' id='block_1_78' title="bbox 2016 3693 3605 3764">
    <p class='ocr_par' dir='ltr' id='par_1_78' title="bbox 2016 3693 3605 3764">
     <span class='ocr_line' id='line_1_78' title="bbox 2016 3693 3605 3764; baseline -0.001 -17"><span class='ocrx_word' id='word_1_573' title='bbox 2016 3707 2146 3747; x_wconf 88' lang='lat' dir='ltr'><strong>vero</strong></span> <span class='ocrx_word' id='word_1_574' title='bbox 2176 3702 2486 3763; x_wconf 90' lang='lat' dir='ltr'><strong>serpentem</strong></span> <span class='ocrx_word' id='word_1_575' title='bbox 2515 3694 2772 3748; x_wconf 90' lang='lat' dir='ltr'><strong>convenit</strong></span> <span class='ocrx_word' id='word_1_576' title='bbox 2798 3693 3076 3749; x_wconf 84' lang='lat' dir='ltr'><strong>caelestem</strong></span> <span class='ocrx_word' id='word_1_577' title='bbox 3099 3709 3222 3748; x_wconf 88' lang='lat' dir='ltr'><strong>esse</strong></span> <span class='ocrx_word' id='word_1_578' title='bbox 3245 3709 3450 3764; x_wconf 83' lang='lat' dir='ltr'><strong>regem,</strong></span> <span class='ocrx_word' id='word_1_579' title='bbox 3480 3709 3605 3750; x_wconf 84' lang='lat' dir='ltr'><strong>cum</strong></span> 
     </span>
    </p>
   </div>
   <div class='ocr_carea' id='block_1_79' title="bbox 2017 3781 3604 3852">
    <p class='ocr_par' dir='ltr' id='par_1_79' title="bbox 2017 3781 3604 3852">
     <span class='ocr_line' id='line_1_79' title="bbox 2017 3781 3604 3852; baseline 0.002 -17"><span class='ocrx_word' id='word_1_580' title='bbox 2017 3781 2287 3838; x_wconf 85' lang='lat' dir='ltr'><strong>adversus</strong></span> <span class='ocrx_word' id='word_1_581' title='bbox 2326 3789 2609 3852; x_wconf 89' lang='lat' dir='ltr'><strong>parentem</strong></span> <span class='ocrx_word' id='word_1_582' title='bbox 2653 3783 3049 3838; x_wconf 82' lang='lat' dir='ltr'><strong>insurrexerit?</strong></span> <span class='ocrx_word' id='word_1_583' title='bbox 3099 3784 3208 3836; x_wconf 87' lang='lat' dir='ltr'><strong>Aut</strong></span> <span class='ocrx_word' id='word_1_584' title='bbox 3233 3782 3530 3852; x_wconf 86' lang='lat' dir='ltr'><strong>quomodo,</strong></span> <span class='ocrx_word' id='word_1_585' title='bbox 3559 3785 3604 3838; x_wconf 89' lang='lat' dir='ltr'><strong>si</strong></span> 
     </span>
    </p>
   </div>
   <div class='ocr_carea' id='block_1_80' title="bbox 2014 3873 3604 3944">
    <p class='ocr_par' dir='ltr' id='par_1_80' title="bbox 2014 3873 3604 3944">
     <span class='ocr_line' id='line_1_80' title="bbox 2014 3873 3604 3944; baseline 0.001 -18"><span class='ocrx_word' id='word_1_586' title='bbox 2014 3873 2384 3943; x_wconf 84' lang='lat' dir='ltr'><strong>cognitionem</strong></span> <span class='ocrx_word' id='word_1_587' title='bbox 2440 3874 2751 3944; x_wconf 87' lang='lat' dir='ltr'><strong>impertiat,</strong></span> <span class='ocrx_word' id='word_1_588' title='bbox 2816 3873 2940 3930; x_wconf 69' lang='lat' dir='ltr'><strong>Evze</strong></span> <span class='ocrx_word' id='word_1_589' title='bbox 2985 3875 3315 3944; x_wconf 90' lang='lat' dir='ltr'><strong>imposuisse</strong></span> <span class='ocrx_word' id='word_1_590' title='bbox 3366 3875 3604 3930; x_wconf 74' lang='lat' dir='ltr'><strong>dicitur!</strong></span> 
     </span>
    </p>
   </div>
   <div class='ocr_carea' id='block_1_81' title="bbox 330 3962 3602 4040">
    <p class='ocr_par' dir='ltr' id='par_1_81' title="bbox 330 3962 3602 4040">
     <span class='ocr_line' id='line_1_81' title="bbox 330 3962 3602 4040; baseline 0 -23"><span class='ocrx_word' id='word_1_591' title='bbox 330 3962 466 4019; x_wconf 88' lang='lat' dir='ltr'><strong>Nam</strong></span> <span class='ocrx_word' id='word_1_592' title='bbox 516 3965 610 4036; x_wconf 89' lang='lat' dir='ltr'><strong>qui</strong></span> <span class='ocrx_word' id='word_1_593' title='bbox 665 3966 856 4022; x_wconf 86' lang='lat' dir='ltr'><strong>fraude</strong></span> <span class='ocrx_word' id='word_1_594' title='bbox 903 3967 1087 4037; x_wconf 88' lang='lat' dir='ltr'><strong>aliqua</strong></span> <span class='ocrx_word' id='word_1_595' title='bbox 1142 3966 1429 4022; x_wconf 88' lang='lat' dir='ltr'><strong>scientiam</strong></span> <span class='ocrx_word' id='word_1_596' title='bbox 1477 3963 1655 4040; x_wconf 70' lang='lat' dir='ltr'><strong>allert,</strong></span> <span class='ocrx_word' id='word_1_597' title='bbox 1707 3975 1816 4020; x_wconf 87' lang='lat' dir='ltr'><strong>n0n</strong></span> <span class='ocrx_word' id='word_1_598' title='bbox 1870 3965 1918 4019; x_wconf 90' lang='lat' dir='ltr'><strong>is</strong></span> <span class='ocrx_word' id='word_1_599' title='bbox 1955 3965 2263 4032; x_wconf 88' lang='lat' dir='ltr'><strong>scientiam,</strong></span> <span class='ocrx_word' id='word_1_600' title='bbox 2315 3964 2412 4021; x_wconf 90' lang='lat' dir='ltr'><strong>sed</strong></span> <span class='ocrx_word' id='word_1_601' title='bbox 2456 3981 2555 4036; x_wconf 90' lang='lat' dir='ltr'><strong>pro</strong></span> <span class='ocrx_word' id='word_1_602' title='bbox 2620 3981 2683 4021; x_wconf 91' lang='lat' dir='ltr'><strong>ea</strong></span> <span class='ocrx_word' id='word_1_603' title='bbox 2732 3965 3130 4036; x_wconf 86' lang='lat' dir='ltr'><strong>ignorationem</strong></span> <span class='ocrx_word' id='word_1_604' title='bbox 3209 3965 3602 4020; x_wconf 80' lang='lat' dir='ltr'><strong>communicat.</strong></span> 
     </span>
    </p>
   </div>
   <div class='ocr_carea' id='block_1_82' title="bbox 327 4055 3600 4132">
    <p class='ocr_par' dir='ltr' id='par_1_82' title="bbox 327 4055 3600 4132">
     <span class='ocr_line' id='line_1_82' title="bbox 327 4055 3600 4132; baseline 0 -22"><span class='ocrx_word' id='word_1_605' title='bbox 327 4055 484 4122; x_wconf 88' lang='lat' dir='ltr'><strong>Quod</strong></span> <span class='ocrx_word' id='word_1_606' title='bbox 529 4057 636 4112; x_wconf 91' lang='lat' dir='ltr'><strong>illis</strong></span> <span class='ocrx_word' id='word_1_607' title='bbox 681 4058 932 4116; x_wconf 89' lang='lat' dir='ltr'><strong>accidere</strong></span> <span class='ocrx_word' id='word_1_608' title='bbox 976 4059 1287 4115; x_wconf 89' lang='lat' dir='ltr'><strong>certissima</strong></span> <span class='ocrx_word' id='word_1_609' title='bbox 1330 4056 1545 4112; x_wconf 90' lang='lat' dir='ltr'><strong>ratione</strong></span> <span class='ocrx_word' id='word_1_610' title='bbox 1594 4057 1906 4112; x_wconf 83' lang='lat' dir='ltr'><strong>conficitur.</strong></span> <span class='ocrx_word' id='word_1_611' title='bbox 1950 4057 2089 4112; x_wconf 86' lang='lat' dir='ltr'><strong>Cum</strong></span> <span class='ocrx_word' id='word_1_612' title='bbox 2119 4058 2266 4114; x_wconf 90' lang='lat' dir='ltr'><strong>enim</strong></span> <span class='ocrx_word' id='word_1_613' title='bbox 2295 4074 2511 4132; x_wconf 89' lang='lat' dir='ltr'><strong>summa</strong></span> <span class='ocrx_word' id='word_1_614' title='bbox 2539 4059 2594 4114; x_wconf 94' lang='lat' dir='ltr'><strong>in</strong></span> <span class='ocrx_word' id='word_1_615' title='bbox 2623 4060 2835 4131; x_wconf 83' lang='lat' dir='ltr'><strong>inscitia</strong></span> <span class='ocrx_word' id='word_1_616' title='bbox 2861 4064 3171 4121; x_wconf 83' lang='lat' dir='ltr'><strong>versentur,</strong></span> <span class='ocrx_word' id='word_1_617' title='bbox 3215 4073 3336 4113; x_wconf 88' lang='lat' dir='ltr'><strong>eam</strong></span> <span class='ocrx_word' id='word_1_618' title='bbox 3401 4057 3600 4112; x_wconf 82' lang='lat' dir='ltr'><strong>nihilo-</strong></span> 
     </span>
    </p>
   </div>
   <div class='ocr_carea' id='block_1_83' title="bbox 327 4153 3604 4225">
    <p class='ocr_par' dir='ltr' id='par_1_83' title="bbox 327 4153 3604 4225">
     <span class='ocr_line' id='line_1_83' title="bbox 327 4153 3604 4225; baseline 0 -19"><span class='ocrx_word' id='word_1_619' title='bbox 327 4154 511 4208; x_wconf 90' lang='lat' dir='ltr'><strong>minus</strong></span> <span class='ocrx_word' id='word_1_620' title='bbox 542 4154 827 4210; x_wconf 91' lang='lat' dir='ltr'><strong>scientiam</strong></span> <span class='ocrx_word' id='word_1_621' title='bbox 849 4170 972 4210; x_wconf 90' lang='lat' dir='ltr'><strong>esse</strong></span> <span class='ocrx_word' id='word_1_622' title='bbox 995 4161 1210 4225; x_wconf 88' lang='lat' dir='ltr'><strong>putant.</strong></span> <span class='ocrx_word' id='word_1_623' title='bbox 1239 4153 1357 4221; x_wconf 86' lang='lat' dir='ltr'><strong>Qua</strong></span> <span class='ocrx_word' id='word_1_624' title='bbox 1381 4153 1437 4208; x_wconf 92' lang='lat' dir='ltr'><strong>in</strong></span> <span class='ocrx_word' id='word_1_625' title='bbox 1473 4168 1532 4208; x_wconf 93' lang='lat' dir='ltr'><strong>re</strong></span> <span class='ocrx_word' id='word_1_626' title='bbox 1564 4153 1915 4211; x_wconf 86' lang='lat' dir='ltr'><strong>vehementer</strong></span> <span class='ocrx_word' id='word_1_627' title='bbox 1945 4153 2376 4220; x_wconf 89' lang='lat' dir='ltr'><strong>hallucinantur,</strong></span> <span class='ocrx_word' id='word_1_628' title='bbox 2432 4155 2562 4210; x_wconf 91' lang='lat' dir='ltr'><strong>dum</strong></span> <span class='ocrx_word' id='word_1_629' title='bbox 2599 4169 2842 4210; x_wconf 88' lang='lat' dir='ltr'><strong>errorem</strong></span> <span class='ocrx_word' id='word_1_630' title='bbox 2879 4169 3038 4209; x_wconf 90' lang='lat' dir='ltr'><strong>suum</strong></span> <span class='ocrx_word' id='word_1_631' title='bbox 3105 4167 3170 4208; x_wconf 89' lang='lat' dir='ltr'><strong>ac</strong></span> <span class='ocrx_word' id='word_1_632' title='bbox 3234 4153 3604 4224; x_wconf 84' lang='lat' dir='ltr'><strong>ignorantiam</strong></span> 
     </span>
    </p>
   </div>
   <div class='ocr_carea' id='block_1_84' title="bbox 328 4250 1470 4321">
    <p class='ocr_par' dir='ltr' id='par_1_84' title="bbox 328 4250 1470 4321">
     <span class='ocr_line' id='line_1_84' title="bbox 328 4250 1470 4321; baseline -0.001 -16"><span class='ocrx_word' id='word_1_633' title='bbox 328 4250 576 4305; x_wconf 63' lang='lat' dir='ltr'><strong>scientiae</strong></span> <span class='ocrx_word' id='word_1_634' title='bbox 613 4251 988 4321; x_wconf 88' lang='lat' dir='ltr'><strong>appellatione</strong></span> <span class='ocrx_word' id='word_1_635' title='bbox 1015 4251 1393 4307; x_wconf 87' lang='lat' dir='ltr'><strong>dissimulant.</strong></span> <span class='ocrx_word' id='word_1_636' title='bbox 1460 4282 1470 4291; x_wconf 85' lang='grc'><strong>-</strong></span> 
     </span>
    </p>
   </div>
   <div class='ocr_carea' id='block_1_85' title="bbox 399 4344 1915 4418">
    <p class='ocr_par' dir='ltr' id='par_1_85' title="bbox 399 4344 1915 4418">
     <span class='ocr_line' id='line_1_85' title="bbox 399 4344 1915 4418; baseline 0 -21"><span class='ocrx_word' id='word_1_637' title='bbox 399 4345 474 4398; x_wconf 86' lang='grc' dir='ltr'><strong>Ζ’.</strong></span> <span class='ocrx_word' id='word_1_638' title='bbox 503 4344 732 4416; x_wconf 61' lang='grc' dir='ltr'><strong>⁴ιιέρουσι</strong></span> <span class='ocrx_word' id='word_1_639' title='bbox 759 4345 817 4398; x_wconf 87' lang='grc' dir='ltr'>δὲ</span> <span class='ocrx_word' id='word_1_640' title='bbox 848 4345 942 4400; x_wconf 75' lang='grc' dir='ltr'>καὶ</span> <span class='ocrx_word' id='word_1_641' title='bbox 977 4345 1142 4408; x_wconf 83' lang='grc' dir='ltr'>ἄλλας</span> <span class='ocrx_word' id='word_1_642' title='bbox 1184 4346 1490 4418; x_wconf 86' lang='grc' dir='ltr'>μαρτυρίας</span> <span class='ocrx_word' id='word_1_643' title='bbox 1529 4345 1802 4414; x_wconf 89' lang='grc' dir='ltr'>λέγοντες,</span> <span class='ocrx_word' id='word_1_644' title='bbox 1833 4346 1915 4398; x_wconf 77' lang='grc' dir='ltr'><strong>ὅτι</strong></span> 
     </span>
    </p>
   </div>
   <div class='ocr_carea' id='block_1_86' title="bbox 2100 4338 3602 4413">
    <p class='ocr_par' dir='ltr' id='par_1_86' title="bbox 2100 4338 3602 4413">
     <span class='ocr_line' id='line_1_86' title="bbox 2100 4338 3602 4413; baseline -0.003 -15"><span class='ocrx_word' id='word_1_645' title='bbox 2100 4345 2206 4400; x_wconf 76' lang='lat' dir='ltr'><strong>Vll.</strong></span> <span class='ocrx_word' id='word_1_646' title='bbox 2247 4343 2355 4399; x_wconf 88' lang='lat' dir='ltr'><strong>Sed</strong></span> <span class='ocrx_word' id='word_1_647' title='bbox 2385 4344 2490 4398; x_wconf 87' lang='lat' dir='ltr'><strong>alia</strong></span> <span class='ocrx_word' id='word_1_648' title='bbox 2524 4341 2774 4413; x_wconf 73' lang='lat' dir='ltr'><strong>quaedam</strong></span> <span class='ocrx_word' id='word_1_649' title='bbox 2814 4341 3040 4410; x_wconf 89' lang='lat' dir='ltr'><strong>insuper</strong></span> <span class='ocrx_word' id='word_1_650' title='bbox 3081 4338 3395 4394; x_wconf 88' lang='lat' dir='ltr'><strong>testimonia</strong></span> <span class='ocrx_word' id='word_1_651' title='bbox 3421 4338 3602 4409; x_wconf 83' lang='lat' dir='ltr'><strong>profe-</strong></span> 
     </span>
    </p>
   </div>
   <div class='ocr_carea' id='block_1_87' title="bbox 327 4432 1915 4510">
    <p class='ocr_par' dir='ltr' id='par_1_87' title="bbox 327 4436 1915 4509">
     <span class='ocr_line' id='line_1_87' title="bbox 327 4436 1915 4509; baseline 0.001 -19"><span class='ocrx_word' id='word_1_652' title='bbox 327 4436 424 4490; x_wconf 79' lang='grc' dir='ltr'><strong>καὶ</strong></span> <span class='ocrx_word' id='word_1_653' title='bbox 477 4436 719 4507; x_wconf 81' lang='grc' dir='ltr'>Μωῠσῆς</span> <span class='ocrx_word' id='word_1_654' title='bbox 777 4439 834 4490; x_wconf 87' lang='grc' dir='ltr'><strong>ἐν</strong></span> <span class='ocrx_word' id='word_1_655' title='bbox 887 4440 953 4509; x_wconf 79' lang='grc' dir='ltr'>τῇ</span> <span class='ocrx_word' id='word_1_656' title='bbox 1004 4438 1200 4509; x_wconf 82' lang='grc' dir='ltr'>ἐρήμῳ</span> <span class='ocrx_word' id='word_1_657' title='bbox 1257 4437 1348 4491; x_wconf 81' lang='grc' dir='ltr'><strong>τὸν</strong></span> <span class='ocrx_word' id='word_1_658' title='bbox 1395 4438 1519 4507; x_wconf 78' lang='grc' dir='ltr'>ὄφιν</span> <span class='ocrx_word' id='word_1_659' title='bbox 1564 4437 1654 4490; x_wconf 79' lang='grc' dir='ltr'><strong>τὸν</strong></span> <span class='ocrx_word' id='word_1_660' title='bbox 1683 4438 1915 4508; x_wconf 81' lang='grc' dir='ltr'>χαλκοῦν</span> 
     </span>
    </p>
   </div>
   <div class='ocr_carea' id='block_1_88' title="bbox 2025 4432 3606 4510">
    <p class='ocr_par' dir='ltr' id='par_1_88' title="bbox 2026 4432 3606 4506">
     <span class='ocr_line' id='line_1_88' title="bbox 2026 4432 3606 4506; baseline -0.004 -14"><span class='ocrx_word' id='word_1_661' title='bbox 2026 4446 2192 4504; x_wconf 86' lang='lat' dir='ltr'><strong>runt;</strong></span> <span class='ocrx_word' id='word_1_662' title='bbox 2229 4437 2395 4492; x_wconf 86' lang='lat' dir='ltr'><strong>veluti</strong></span> <span class='ocrx_word' id='word_1_663' title='bbox 2448 4435 2668 4506; x_wconf 75' lang='lat' dir='ltr'><strong>Moysen</strong></span> <span class='ocrx_word' id='word_1_664' title='bbox 2714 4449 2923 4488; x_wconf 72' lang='lat' dir='ltr'><strong>aeneum</strong></span> <span class='ocrx_word' id='word_1_665' title='bbox 2963 4439 3270 4502; x_wconf 82' lang='lat' dir='ltr'><strong>serpentem</strong></span> <span class='ocrx_word' id='word_1_666' title='bbox 3305 4432 3358 4486; x_wconf 93' lang='lat' dir='ltr'><strong>in</strong></span> <span class='ocrx_word' id='word_1_667' title='bbox 3390 4432 3606 4486; x_wconf 81' lang='lat' dir='ltr'><strong>deserto</strong></span> 
     </span>
    </p>
   </div>
   <div class='ocr_carea' id='block_1_89' title="bbox 328 4528 1916 4602">
    <p class='ocr_par' dir='ltr' id='par_1_89' title="bbox 328 4528 1916 4602">
     <span class='ocr_line' id='line_1_89' title="bbox 328 4528 1916 4602; baseline 0.002 -20"><span class='ocrx_word' id='word_1_668' title='bbox 328 4528 534 4598; x_wconf 71' lang='grc' dir='ltr'>ὕψωσε,</span> <span class='ocrx_word' id='word_1_669' title='bbox 583 4530 1066 4602; x_wconf 85' lang='grc' dir='ltr'>προστησάμενος,</span> <span class='ocrx_word' id='word_1_670' title='bbox 1113 4531 1200 4584; x_wconf 82' lang='grc' dir='ltr'><strong>ἵνα</strong></span> <span class='ocrx_word' id='word_1_671' title='bbox 1253 4531 1389 4602; x_wconf 78' lang='grc' dir='ltr'>ῐαμα</span> <span class='ocrx_word' id='word_1_672' title='bbox 1447 4533 1560 4595; x_wconf 89' lang='grc' dir='ltr'>τοῖς</span> <span class='ocrx_word' id='word_1_673' title='bbox 1600 4531 1704 4584; x_wconf 83' lang='grc' dir='ltr'>ὑπὸ</span> <span class='ocrx_word' id='word_1_674' title='bbox 1741 4530 1916 4600; x_wconf 81' lang='grc' dir='ltr'>ὄφεως</span> 
     </span>
    </p>
   </div>
   <div class='ocr_carea' id='block_1_90' title="bbox 325 4619 1918 4695">
    <p class='ocr_par' dir='ltr' id='par_1_90' title="bbox 325 4619 1918 4695">
     <span class='ocr_line' id='line_1_90' title="bbox 325 4619 1918 4695; baseline 0.001 -21"><span class='ocrx_word' id='word_1_675' title='bbox 325 4622 680 4693; x_wconf 85' lang='grc' dir='ltr'>δακνομένοις</span> <span class='ocrx_word' id='word_1_676' title='bbox 711 4623 957 4695; x_wconf 85' lang='grc' dir='ltr'>γένηται.</span> <span class='ocrx_word' id='word_1_677' title='bbox 1006 4619 1160 4677; x_wconf 81' lang='grc' dir='ltr'>Εἶναι</span> <span class='ocrx_word' id='word_1_678' title='bbox 1187 4622 1297 4695; x_wconf 83' lang='grc' dir='ltr'>γὰρ</span> <span class='ocrx_word' id='word_1_679' title='bbox 1336 4622 1492 4677; x_wconf 85' lang='grc' dir='ltr'>τοῦτο</span> <span class='ocrx_word' id='word_1_680' title='bbox 1513 4624 1576 4676; x_wconf 85' lang='grc' dir='ltr'><strong>τὸ</strong></span> <span class='ocrx_word' id='word_1_681' title='bbox 1609 4620 1746 4687; x_wconf 80' lang='grc' dir='ltr'>εἶδος</span> <span class='ocrx_word' id='word_1_682' title='bbox 1783 4626 1918 4677; x_wconf 87' lang='grc' dir='ltr'>ίατι-</span> 
     </span>
    </p>
   </div>
   <div class='ocr_carea' id='block_1_91' title="bbox 327 4710 1918 4784">
    <p class='ocr_par' dir='ltr' id='par_1_91' title="bbox 327 4710 1918 4784">
     <span class='ocr_line' id='line_1_91' title="bbox 327 4710 1918 4784; baseline 0.001 -20"><span class='ocrx_word' id='word_1_683' title='bbox 327 4711 425 4765; x_wconf 80' lang='grc' dir='ltr'><strong>κὸν</strong></span> <span class='ocrx_word' id='word_1_684' title='bbox 463 4710 557 4765; x_wconf 89' lang='grc' dir='ltr'><strong>τοῦ</strong></span> <span class='ocrx_word' id='word_1_685' title='bbox 611 4713 890 4784; x_wconf 84' lang='grc' dir='ltr'>δήγματος</span> <span class='ocrx_word' id='word_1_686' title='bbox 943 4713 1182 4782; x_wconf 88' lang='grc' dir='ltr'>λέγουσι.</span> <span class='ocrx_word' id='word_1_687' title='bbox 1233 4714 1405 4768; x_wconf 89' lang='grc' dir='ltr'>Πάλιν</span> <span class='ocrx_word' id='word_1_688' title='bbox 1451 4714 1510 4768; x_wconf 79' lang='grc' dir='ltr'><strong>δὲ</strong></span> <span class='ocrx_word' id='word_1_689' title='bbox 1555 4715 1676 4770; x_wconf 89' lang='grc' dir='ltr'>καθ’</span> <span class='ocrx_word' id='word_1_690' title='bbox 1709 4713 1918 4767; x_wconf 82' lang='grc' dir='ltr'>ἑαυτῶν</span> 
     </span>
    </p>
   </div>
   <div class='ocr_carea' id='block_1_92' title="bbox 327 4801 1919 4878">
    <p class='ocr_par' dir='ltr' id='par_1_92' title="bbox 327 4801 1919 4878">
     <span class='ocr_line' id='line_1_92' title="bbox 327 4801 1919 4878; baseline 0.002 -23"><span class='ocrx_word' id='word_1_691' title='bbox 327 4801 498 4857; x_wconf 79' lang='grc' dir='ltr'>ταῦτα</span> <span class='ocrx_word' id='word_1_692' title='bbox 523 4803 818 4874; x_wconf 80' lang='grc' dir='ltr'>ὁρίζονται.</span> <span class='ocrx_word' id='word_1_693' title='bbox 858 4805 920 4858; x_wconf 80' lang='lat' dir='ltr'><strong>El</strong></span> <span class='ocrx_word' id='word_1_694' title='bbox 954 4805 1063 4878; x_wconf 83' lang='grc' dir='ltr'>γὰρ</span> <span class='ocrx_word' id='word_1_695' title='bbox 1090 4805 1266 4875; x_wconf 84' lang='grc' dir='ltr'>ὄφεων</span> <span class='ocrx_word' id='word_1_696' title='bbox 1291 4801 1358 4878; x_wconf 76' lang='grc' dir='ltr'>ἦν</span> <span class='ocrx_word' id='word_1_697' title='bbox 1382 4805 1452 4859; x_wconf 89' lang='grc' dir='ltr'><strong>τά</strong></span> <span class='ocrx_word' id='word_1_698' title='bbox 1474 4806 1751 4877; x_wconf 83' lang='grc' dir='ltr'>δήγματα,</span> <span class='ocrx_word' id='word_1_699' title='bbox 1792 4805 1919 4876; x_wconf 83' lang='grc' dir='ltr'>βλα-</span> 
     </span>
    </p>
   </div>
   <div class='ocr_carea' id='block_1_93' title="bbox 326 4895 1920 4969">
    <p class='ocr_par' dir='ltr' id='par_1_93' title="bbox 326 4895 1920 4969">
     <span class='ocr_line' id='line_1_93' title="bbox 326 4895 1920 4969; baseline 0.001 -21"><span class='ocrx_word' id='word_1_700' title='bbox 326 4895 465 4967; x_wconf 90' lang='grc' dir='ltr'><strong>ϐερά</strong></span> <span class='ocrx_word' id='word_1_701' title='bbox 488 4896 545 4948; x_wconf 83' lang='grc' dir='ltr'><strong>δέ</strong></span> <span class='ocrx_word' id='word_1_702' title='bbox 583 4895 756 4950; x_wconf 87' lang='grc' dir='ltr'>ταῦτα</span> <span class='ocrx_word' id='word_1_703' title='bbox 779 4913 792 4926; x_wconf 87' lang='grc'><strong>·</strong></span> <span class='ocrx_word' id='word_1_704' title='bbox 818 4898 926 4969; x_wconf 82' lang='grc' dir='ltr'>ἄρα</span> <span class='ocrx_word' id='word_1_705' title='bbox 959 4900 988 4950; x_wconf 93' lang='grc' dir='ltr'>ὁ</span> <span class='ocrx_word' id='word_1_706' title='bbox 1027 4897 1148 4967; x_wconf 74' lang='grc' dir='ltr'>ὄφις</span> <span class='ocrx_word' id='word_1_707' title='bbox 1185 4898 1285 4951; x_wconf 73' lang='grc' dir='ltr'><strong>οὐκ</strong></span> <span class='ocrx_word' id='word_1_708' title='bbox 1332 4897 1556 4966; x_wconf 88' lang='grc' dir='ltr'>ἀγαθόν.</span> <span class='ocrx_word' id='word_1_709' title='bbox 1589 4897 1662 4950; x_wconf 77' lang='grc' dir='ltr'><strong>Τὸ</strong></span> <span class='ocrx_word' id='word_1_710' title='bbox 1687 4897 1744 4950; x_wconf 86' lang='grc' dir='ltr'><strong>δέ</strong></span> <span class='ocrx_word' id='word_1_711' title='bbox 1775 4897 1920 4966; x_wconf 74' lang='grc' dir='ltr'>ὑψω-</span> 
     </span>
    </p>
   </div>
   <div class='ocr_carea' id='block_1_94' title="bbox 329 4986 1916 5062">
    <p class='ocr_par' dir='ltr' id='par_1_94' title="bbox 329 4986 1916 5062">
     <span class='ocr_line' id='line_1_94' title="bbox 329 4986 1916 5062; baseline 0.001 -22"><span class='ocrx_word' id='word_1_712' title='bbox 329 4986 422 5040; x_wconf 87' lang='grc' dir='ltr'><strong>θέν</strong></span> <span class='ocrx_word' id='word_1_713' title='bbox 447 4987 552 5040; x_wconf 83' lang='grc' dir='ltr'><strong>ὑπὸ</strong></span> <span class='ocrx_word' id='word_1_714' title='bbox 581 4988 861 5052; x_wconf 86' lang='grc' dir='ltr'>Μωῡσέως</span> <span class='ocrx_word' id='word_1_715' title='bbox 902 4989 1048 5055; x_wconf 87' lang='grc' dir='ltr'>τότε,</span> <span class='ocrx_word' id='word_1_716' title='bbox 1098 4990 1188 5043; x_wconf 76' lang='grc' dir='ltr'>διὰ</span> <span class='ocrx_word' id='word_1_717' title='bbox 1239 4990 1339 5061; x_wconf 83' lang='grc' dir='ltr'><strong>τῆς</strong></span> <span class='ocrx_word' id='word_1_718' title='bbox 1375 4988 1608 5062; x_wconf 89' lang='grc' dir='ltr'>θεωρίας</span> <span class='ocrx_word' id='word_1_719' title='bbox 1637 4989 1737 5061; x_wconf 82' lang='grc' dir='ltr'>τὴν</span> <span class='ocrx_word' id='word_1_720' title='bbox 1773 4991 1916 5042; x_wconf 77' lang='grc' dir='ltr'>ἴασιν</span> 
     </span>
    </p>
   </div>
   <div class='ocr_carea' id='block_1_95' title="bbox 329 5079 1915 5152">
    <p class='ocr_par' dir='ltr' id='par_1_95' title="bbox 329 5079 1915 5152">
     <span class='ocr_line' id='line_1_95' title="bbox 329 5079 1915 5152; baseline 0.003 -21"><span class='ocrx_word' id='word_1_721' title='bbox 329 5079 584 5144; x_wconf 86' lang='grc' dir='ltr'>ἐποιεῖτο,</span> <span class='ocrx_word' id='word_1_722' title='bbox 615 5080 674 5133; x_wconf 88' lang='grc' dir='ltr'><strong>οὐ</strong></span> <span class='ocrx_word' id='word_1_723' title='bbox 711 5079 800 5134; x_wconf 78' lang='grc' dir='ltr'>διὰ</span> <span class='ocrx_word' id='word_1_724' title='bbox 825 5080 1053 5152; x_wconf 66' lang='grc' dir='ltr'>τῆν’τοῦ</span> <span class='ocrx_word' id='word_1_725' title='bbox 1096 5080 1272 5150; x_wconf 69' lang='grc' dir='ltr'>ὄφεως</span> <span class='ocrx_word' id='word_1_726' title='bbox 1303 5081 1486 5150; x_wconf 82' lang='grc' dir='ltr'>φύσιν,</span> <span class='ocrx_word' id='word_1_727' title='bbox 1535 5080 1672 5134; x_wconf 87' lang='grc' dir='ltr'><strong>ἀλλά</strong></span> <span class='ocrx_word' id='word_1_728' title='bbox 1695 5079 1794 5152; x_wconf 76' lang='grc' dir='ltr'><strong>τὴν</strong></span> <span class='ocrx_word' id='word_1_729' title='bbox 1821 5080 1915 5136; x_wconf 72' lang='grc' dir='ltr'><strong>τοῦ</strong></span> 
     </span>
    </p>
   </div>
   <div class='ocr_carea' id='block_1_96' title="bbox 327 5170 1915 5242">
    <p class='ocr_par' dir='ltr' id='par_1_96' title="bbox 327 5170 1915 5242">
     <span class='ocr_line' id='line_1_96' title="bbox 327 5170 1915 5242; baseline 0.002 -20"><span class='ocrx_word' id='word_1_730' title='bbox 327 5170 464 5223; x_wconf 88' lang='grc' dir='ltr'>Θεοῦ</span> <span class='ocrx_word' id='word_1_731' title='bbox 499 5171 770 5237; x_wconf 82' lang='grc' dir='ltr'>εὐδοκίαν,</span> <span class='ocrx_word' id='word_1_732' title='bbox 797 5173 866 5226; x_wconf 85' lang='grc' dir='ltr'>δι’</span> <span class='ocrx_word' id='word_1_733' title='bbox 895 5172 1074 5242; x_wconf 78' lang='grc' dir='ltr'>ὄφεως</span> <span class='ocrx_word' id='word_1_734' title='bbox 1117 5171 1307 5242; x_wconf 79' lang='grc' dir='ltr'>ὥσπερ</span> <span class='ocrx_word' id='word_1_735' title='bbox 1351 5173 1623 5228; x_wconf 90' lang='grc' dir='ltr'>ἀντίδοτον</span> <span class='ocrx_word' id='word_1_736' title='bbox 1651 5174 1766 5235; x_wconf 86' lang='grc' dir='ltr'>τοῖς</span> <span class='ocrx_word' id='word_1_737' title='bbox 1792 5173 1915 5226; x_wconf 86' lang='grc' dir='ltr'>τότε</span> 
     </span>
    </p>
   </div>
   <div class='ocr_carea' id='block_1_97' title="bbox 324 5264 1906 5338">
    <p class='ocr_par' dir='ltr' id='par_1_97' title="bbox 324 5264 1906 5338">
     <span class='ocr_line' id='line_1_97' title="bbox 324 5264 1906 5338; baseline 0 -20"><span class='ocrx_word' id='word_1_738' title='bbox 324 5264 675 5336; x_wconf 81' lang='grc' dir='ltr'>δεδηγμένοις</span> <span class='ocrx_word' id='word_1_739' title='bbox 728 5265 1120 5337; x_wconf 77' lang='grc' dir='ltr'>ἐργαζομένου.</span> <span class='ocrx_word' id='word_1_740' title='bbox 1174 5265 1339 5318; x_wconf 79' lang='grc' dir='ltr'>Οὐδὲν</span> <span class='ocrx_word' id='word_1_741' title='bbox 1390 5265 1448 5319; x_wconf 85' lang='grc' dir='ltr'><strong>δέ</strong></span> <span class='ocrx_word' id='word_1_742' title='bbox 1498 5265 1808 5338; x_wconf 83' lang='grc' dir='ltr'>θαυμαστὸν</span> <span class='ocrx_word' id='word_1_743' title='bbox 1825 5265 1906 5320; x_wconf 84' lang='grc' dir='ltr'>ὅτι</span> 
     </span>
    </p>
   </div>
   <div class='ocr_carea' id='block_1_98' title="bbox 326 5351 1913 5430">
    <p class='ocr_par' dir='ltr' id='par_1_98' title="bbox 326 5351 1913 5430">
     <span class='ocr_line' id='line_1_98' title="bbox 326 5351 1913 5430; baseline 0 -20"><span class='ocrx_word' id='word_1_744' title='bbox 326 5359 392 5410; x_wconf 84' lang='grc' dir='ltr'>δι’</span> <span class='ocrx_word' id='word_1_745' title='bbox 424 5351 500 5411; x_wconf 82' lang='grc' dir='ltr'>ὧν</span> <span class='ocrx_word' id='word_1_746' title='bbox 527 5375 612 5422; x_wconf 88' lang='grc' dir='ltr'><strong>τις</strong></span> <span class='ocrx_word' id='word_1_747' title='bbox 647 5357 874 5430; x_wconf 82' lang='grc' dir='ltr'>ἐϐλάϐη,</span> <span class='ocrx_word' id='word_1_748' title='bbox 909 5359 994 5412; x_wconf 85' lang='grc' dir='ltr'><strong>διά</strong></span> <span class='ocrx_word' id='word_1_749' title='bbox 1034 5356 1236 5411; x_wconf 78' lang='grc' dir='ltr'>τούτων</span> <span class='ocrx_word' id='word_1_750' title='bbox 1271 5357 1563 5430; x_wconf 85' lang='grc' dir='ltr'>θεραπείας</span> <span class='ocrx_word' id='word_1_751' title='bbox 1593 5359 1771 5428; x_wconf 76' lang='grc' dir='ltr'>ἔτυχε.</span> <span class='ocrx_word' id='word_1_752' title='bbox 1804 5357 1913 5412; x_wconf 78' lang='grc' dir='ltr'><strong>Καὶ</strong></span> 
     </span>
    </p>
   </div>
   <div class='ocr_carea' id='block_1_99' title="bbox 329 5449 1912 5523">
    <p class='ocr_par' dir='ltr' id='par_1_99' title="bbox 329 5449 1912 5523">
     <span class='ocr_line' id='line_1_99' title="bbox 329 5449 1912 5523; baseline -0.001 -20"><span class='ocrx_word' id='word_1_753' title='bbox 329 5451 403 5522; x_wconf 86' lang='grc' dir='ltr'>μή</span> <span class='ocrx_word' id='word_1_754' title='bbox 443 5468 528 5514; x_wconf 91' lang='grc' dir='ltr'><strong>τις</strong></span> <span class='ocrx_word' id='word_1_755' title='bbox 554 5451 826 5514; x_wconf 74' lang='grc' dir='ltr'>κακιζέτω</span> <span class='ocrx_word' id='word_1_756' title='bbox 856 5453 954 5523; x_wconf 74' lang='grc' dir='ltr'>τὴν</span> <span class='ocrx_word' id='word_1_757' title='bbox 985 5451 1077 5504; x_wconf 78' lang='grc' dir='ltr'><strong>τοῦ</strong></span> <span class='ocrx_word' id='word_1_758' title='bbox 1104 5449 1238 5504; x_wconf 81' lang='grc' dir='ltr'>Θεοῦ</span> <span class='ocrx_word' id='word_1_759' title='bbox 1269 5449 1464 5506; x_wconf 84' lang='grc' dir='ltr'>κτίσιν.</span> <span class='ocrx_word' id='word_1_760' title='bbox 1495 5451 1568 5515; x_wconf 84' lang='grc' dir='ltr'>ὠς</span> <span class='ocrx_word' id='word_1_761' title='bbox 1601 5451 1749 5506; x_wconf 79' lang='grc' dir='ltr'>ἄλλοι</span> <span class='ocrx_word' id='word_1_762' title='bbox 1779 5450 1912 5504; x_wconf 89' lang='grc' dir='ltr'>πλα-</span> 
     </span>
    </p>
   </div>
   <div class='ocr_carea' id='block_1_100' title="bbox 324 5542 1910 5614">
    <p class='ocr_par' dir='ltr' id='par_1_100' title="bbox 324 5542 1910 5614">
     <span class='ocr_line' id='line_1_100' title="bbox 324 5542 1910 5614; baseline 0 -18"><span class='ocrx_word' id='word_1_763' title='bbox 324 5542 558 5614; x_wconf 72' lang='grc' dir='ltr'>νώμενοι</span> <span class='ocrx_word' id='word_1_764' title='bbox 588 5544 751 5604; x_wconf 85' lang='grc' dir='ltr'>πάλιν</span> <span class='ocrx_word' id='word_1_765' title='bbox 772 5545 1006 5613; x_wconf 83' lang='grc' dir='ltr'>λέγουσι.</span> <span class='ocrx_word' id='word_1_766' title='bbox 1041 5543 1419 5614; x_wconf 83' lang='grc' dir='ltr'>Προετυποῦτο</span> <span class='ocrx_word' id='word_1_767' title='bbox 1443 5544 1499 5600; x_wconf 85' lang='grc' dir='ltr'>δὲ</span> <span class='ocrx_word' id='word_1_768' title='bbox 1527 5543 1685 5598; x_wconf 87' lang='grc' dir='ltr'>τοῦτο</span> <span class='ocrx_word' id='word_1_769' title='bbox 1711 5547 1822 5606; x_wconf 79' lang='grc' dir='ltr'>τοῖς</span> <span class='ocrx_word' id='word_1_770' title='bbox 1854 5545 1910 5596; x_wconf 88' lang='grc' dir='ltr'><strong>ἐν</strong></span> 
     </span>
    </p>
   </div>
   <div class='ocr_carea' id='block_1_101' title="bbox 401 5691 989 5770">
    <p class='ocr_par' dir='ltr' id='par_1_101' title="bbox 401 5691 989 5770">
     <span class='ocr_line' id='line_1_101' title="bbox 401 5691 989 5770; baseline 0.002 -20"><span class='ocrx_word' id='word_1_771' title='bbox 401 5692 417 5724; x_wconf 66' lang='grc'>⁸</span> <span class='ocrx_word' id='word_1_772' title='bbox 447 5691 612 5750; x_wconf 79' lang='lat' dir='ltr'><strong>Num.</strong></span> <span class='ocrx_word' id='word_1_773' title='bbox 659 5713 770 5759; x_wconf 70' lang='lat' dir='ltr'><strong>XXI,</strong></span> <span class='ocrx_word' id='word_1_774' title='bbox 806 5697 837 5751; x_wconf 91' lang='lat'>8</span> <span class='ocrx_word' id='word_1_775' title='bbox 869 5717 989 5770; x_wconf 88' lang='lat' dir='ltr'><strong>sqq.</strong></span> 
     </span>
    </p>
   </div>
   <div class='ocr_carea' id='block_1_102' title="bbox 611 5792 1243 5852">
    <p class='ocr_par' dir='ltr' id='par_1_102' title="bbox 611 5792 1243 5852">
     <span class='ocr_line' id='line_1_102' title="bbox 611 5792 1243 5852; baseline 0 -2"><span class='ocrx_word' id='word_1_776' title='bbox 611 5793 882 5852; x_wconf 71' lang='lat' dir='ltr'><strong>l’ATnOL.</strong></span> <span class='ocrx_word' id='word_1_777' title='bbox 923 5797 1039 5851; x_wconf 69' lang='lat' dir='ltr'><strong>(in.</strong></span> <span class='ocrx_word' id='word_1_778' title='bbox 1087 5792 1243 5851; x_wconf 75' lang='lat' dir='ltr'><strong>XLI.</strong></span> 
     </span>
    </p>
   </div>
   <div class='ocr_carea' id='block_1_103' title="bbox 2021 4524 3604 4598">
    <p class='ocr_par' dir='ltr' id='par_1_103' title="bbox 2021 4524 3604 4598">
     <span class='ocr_line' id='line_1_103' title="bbox 2021 4524 3604 4598; baseline -0.006 -12"><span class='ocrx_word' id='word_1_779' title='bbox 2021 4531 2333 4593; x_wconf 89' lang='lat' dir='ltr'><strong>sustulisse,</strong></span> <span class='ocrx_word' id='word_1_780' title='bbox 2381 4529 2667 4598; x_wconf 88' lang='lat' dir='ltr'><strong>palamque</strong></span> <span class='ocrx_word' id='word_1_781' title='bbox 2705 4525 3080 4597; x_wconf 87' lang='lat' dir='ltr'><strong>proposuisse,</strong></span> <span class='ocrx_word' id='word_1_782' title='bbox 3115 4531 3175 4579; x_wconf 90' lang='lat' dir='ltr'><strong>ut</strong></span> <span class='ocrx_word' id='word_1_783' title='bbox 3214 4525 3320 4578; x_wconf 88' lang='lat' dir='ltr'><strong>illis</strong></span> <span class='ocrx_word' id='word_1_784' title='bbox 3361 4524 3604 4578; x_wconf 90' lang='lat' dir='ltr'><strong>remedio</strong></span> 
     </span>
    </p>
   </div>
   <div class='ocr_carea' id='block_1_104' title="bbox 2020 4621 3601 4695">
    <p class='ocr_par' dir='ltr' id='par_1_104' title="bbox 2020 4621 3601 4695">
     <span class='ocr_line' id='line_1_104' title="bbox 2020 4621 3601 4695; baseline -0.002 -18"><span class='ocrx_word' id='word_1_785' title='bbox 2020 4631 2187 4687; x_wconf 88' lang='lat' dir='ltr'><strong>esset,</strong></span> <span class='ocrx_word' id='word_1_786' title='bbox 2215 4639 2353 4694; x_wconf 92' lang='lat' dir='ltr'><strong>quos</strong></span> <span class='ocrx_word' id='word_1_787' title='bbox 2385 4639 2612 4695; x_wconf 90' lang='lat' dir='ltr'><strong>serpens</strong></span> <span class='ocrx_word' id='word_1_788' title='bbox 2630 4624 2993 4680; x_wconf 88' lang='lat' dir='ltr'><strong>momorderat</strong></span> <span class='ocrx_word' id='word_1_789' title='bbox 3029 4624 3067 4677; x_wconf 94' lang='grc'>¹.</span> <span class='ocrx_word' id='word_1_790' title='bbox 3101 4621 3217 4677; x_wconf 82' lang='lat' dir='ltr'><strong>Hoc</strong></span> <span class='ocrx_word' id='word_1_791' title='bbox 3246 4622 3390 4676; x_wconf 88' lang='lat' dir='ltr'><strong>enim</strong></span> <span class='ocrx_word' id='word_1_792' title='bbox 3425 4622 3601 4690; x_wconf 92' lang='lat' dir='ltr'><strong>ipsum</strong></span> 
     </span>
    </p>
   </div>
   <div class='ocr_carea' id='block_1_105' title="bbox 2021 4713 3602 4785">
    <p class='ocr_par' dir='ltr' id='par_1_105' title="bbox 2021 4713 3602 4785">
     <span class='ocr_line' id='line_1_105' title="bbox 2021 4713 3602 4785; baseline -0.002 -14"><span class='ocrx_word' id='word_1_793' title='bbox 2021 4724 2344 4785; x_wconf 70' lang='lat' dir='ltr'><strong>praesentem</strong></span> <span class='ocrx_word' id='word_1_794' title='bbox 2401 4717 2509 4772; x_wconf 87' lang='lat' dir='ltr'><strong>vim</strong></span> <span class='ocrx_word' id='word_1_795' title='bbox 2557 4725 2747 4771; x_wconf 86' lang='lat' dir='ltr'><strong>contra</strong></span> <span class='ocrx_word' id='word_1_796' title='bbox 2802 4724 3102 4771; x_wconf 87' lang='lat' dir='ltr'><strong>venenatos</strong></span> <span class='ocrx_word' id='word_1_797' title='bbox 3136 4729 3354 4768; x_wconf 90' lang='lat' dir='ltr'><strong>morsus</strong></span> <span class='ocrx_word' id='word_1_798' title='bbox 3404 4713 3602 4768; x_wconf 89' lang='lat' dir='ltr'><strong>habere</strong></span> 
     </span>
    </p>
   </div>
   <div class='ocr_carea' id='block_1_106' title="bbox 2016 4803 3600 4876">
    <p class='ocr_par' dir='ltr' id='par_1_106' title="bbox 2016 4803 3600 4876">
     <span class='ocr_line' id='line_1_106' title="bbox 2016 4803 3600 4876; baseline -0.001 -16"><span class='ocrx_word' id='word_1_799' title='bbox 2016 4807 2294 4876; x_wconf 75' lang='lat' dir='ltr'><strong>iactitant.</strong></span> <span class='ocrx_word' id='word_1_800' title='bbox 2331 4807 2437 4862; x_wconf 87' lang='lat' dir='ltr'><strong>Sed</strong></span> <span class='ocrx_word' id='word_1_801' title='bbox 2465 4809 2548 4863; x_wconf 85' lang='lat' dir='ltr'><strong>vel</strong></span> <span class='ocrx_word' id='word_1_802' title='bbox 2571 4808 2701 4862; x_wconf 88' lang='lat' dir='ltr'><strong>illud</strong></span> <span class='ocrx_word' id='word_1_803' title='bbox 2735 4815 2924 4862; x_wconf 89' lang='lat' dir='ltr'><strong>contra</strong></span> <span class='ocrx_word' id='word_1_804' title='bbox 2950 4823 3009 4862; x_wconf 88' lang='lat' dir='ltr'><strong>se</strong></span> <span class='ocrx_word' id='word_1_805' title='bbox 3039 4803 3330 4860; x_wconf 83' lang='lat' dir='ltr'><strong>manifeste</strong></span> <span class='ocrx_word' id='word_1_806' title='bbox 3353 4819 3600 4874; x_wconf 88' lang='lat' dir='ltr'><strong>pronun-</strong></span> 
     </span>
    </p>
   </div>
   <div class='ocr_carea' id='block_1_107' title="bbox 2021 4895 3600 4970">
    <p class='ocr_par' dir='ltr' id='par_1_107' title="bbox 2021 4895 3600 4970">
     <span class='ocr_line' id='line_1_107' title="bbox 2021 4895 3600 4970; baseline -0.004 -16"><span class='ocrx_word' id='word_1_807' title='bbox 2021 4901 2180 4954; x_wconf 90' lang='lat' dir='ltr'><strong>tiant.</strong></span> <span class='ocrx_word' id='word_1_808' title='bbox 2221 4901 2276 4954; x_wconf 92' lang='lat' dir='ltr'><strong>Si</strong></span> <span class='ocrx_word' id='word_1_809' title='bbox 2301 4901 2446 4956; x_wconf 88' lang='lat' dir='ltr'><strong>enim</strong></span> <span class='ocrx_word' id='word_1_810' title='bbox 2478 4916 2696 4956; x_wconf 90' lang='lat' dir='ltr'><strong>morsus</strong></span> <span class='ocrx_word' id='word_1_811' title='bbox 2723 4900 2799 4954; x_wconf 92' lang='lat' dir='ltr'><strong>illi</strong></span> <span class='ocrx_word' id='word_1_812' title='bbox 2835 4897 3172 4970; x_wconf 88' lang='lat' dir='ltr'><strong>serpentium</strong></span> <span class='ocrx_word' id='word_1_813' title='bbox 3200 4904 3378 4960; x_wconf 87' lang='lat' dir='ltr'><strong>erant,</strong></span> <span class='ocrx_word' id='word_1_814' title='bbox 3413 4895 3600 4950; x_wconf 87' lang='lat' dir='ltr'><strong>iidem-</strong></span> 
     </span>
    </p>
   </div>
   <div class='ocr_carea' id='block_1_108' title="bbox 2023 4987 3601 5060">
    <p class='ocr_par' dir='ltr' id='par_1_108' title="bbox 2023 4987 3601 5060">
     <span class='ocr_line' id='line_1_108' title="bbox 2023 4987 3601 5060; baseline -0.002 -16"><span class='ocrx_word' id='word_1_815' title='bbox 2023 5005 2131 5059; x_wconf 91' lang='lat' dir='ltr'><strong>que</strong></span> <span class='ocrx_word' id='word_1_816' title='bbox 2189 4990 2504 5060; x_wconf 87' lang='lat' dir='ltr'><strong>perniciosi,</strong></span> <span class='ocrx_word' id='word_1_817' title='bbox 2557 4991 2914 5060; x_wconf 86' lang='lat' dir='ltr'><strong>consequitur</strong></span> <span class='ocrx_word' id='word_1_818' title='bbox 2969 4987 3197 5042; x_wconf 90' lang='lat' dir='ltr'><strong>minime</strong></span> <span class='ocrx_word' id='word_1_819' title='bbox 3243 4987 3448 5041; x_wconf 92' lang='lat' dir='ltr'><strong>bonum</strong></span> <span class='ocrx_word' id='word_1_820' title='bbox 3479 5001 3601 5041; x_wconf 81' lang='lat' dir='ltr'><strong>esse</strong></span> 
     </span>
    </p>
   </div>
   <div class='ocr_carea' id='block_1_109' title="bbox 2023 5080 3599 5152">
    <p class='ocr_par' dir='ltr' id='par_1_109' title="bbox 2023 5080 3599 5152">
     <span class='ocr_line' id='line_1_109' title="bbox 2023 5080 3599 5152; baseline -0.006 -15"><span class='ocrx_word' id='word_1_821' title='bbox 2023 5093 2355 5152; x_wconf 81' lang='lat' dir='ltr'><strong>serpentem.</strong></span> <span class='ocrx_word' id='word_1_822' title='bbox 2405 5081 2560 5150; x_wconf 89' lang='lat' dir='ltr'><strong>Quod</strong></span> <span class='ocrx_word' id='word_1_823' title='bbox 2611 5098 2741 5139; x_wconf 81' lang='lat' dir='ltr'><strong>vero</strong></span> <span class='ocrx_word' id='word_1_824' title='bbox 2789 5091 2902 5138; x_wconf 89' lang='lat' dir='ltr'><strong>tum</strong></span> <span class='ocrx_word' id='word_1_825' title='bbox 2939 5097 2970 5136; x_wconf 90' lang='lat' dir='ltr'><strong>a</strong></span> <span class='ocrx_word' id='word_1_826' title='bbox 3001 5080 3186 5152; x_wconf 80' lang='lat' dir='ltr'><strong>Moyse</strong></span> <span class='ocrx_word' id='word_1_827' title='bbox 3217 5086 3301 5135; x_wconf 91' lang='lat' dir='ltr'><strong>est</strong></span> <span class='ocrx_word' id='word_1_828' title='bbox 3334 5085 3599 5140; x_wconf 80' lang='lat' dir='ltr'><strong>erectum,</strong></span> 
     </span>
    </p>
   </div>
   <div class='ocr_carea' id='block_1_110' title="bbox 2022 5169 3603 5244">
    <p class='ocr_par' dir='ltr' id='par_1_110' title="bbox 2022 5169 3603 5244">
     <span class='ocr_line' id='line_1_110' title="bbox 2022 5169 3603 5244; baseline -0.008 -14"><span class='ocrx_word' id='word_1_829' title='bbox 2022 5174 2138 5230; x_wconf 83' lang='lat' dir='ltr'><strong>sola</strong></span> <span class='ocrx_word' id='word_1_830' title='bbox 2185 5173 2279 5228; x_wconf 49' lang='lat' dir='ltr'><strong>sui.</strong></span> <span class='ocrx_word' id='word_1_831' title='bbox 2332 5173 2793 5244; x_wconf 87' lang='lat' dir='ltr'><strong>contemplatione</strong></span> <span class='ocrx_word' id='word_1_832' title='bbox 2857 5171 3174 5226; x_wconf 87' lang='lat' dir='ltr'><strong>medebatur</strong></span> <span class='ocrx_word' id='word_1_833' title='bbox 3211 5186 3224 5222; x_wconf 89' lang='lat'><strong>:</strong></span> <span class='ocrx_word' id='word_1_834' title='bbox 3258 5184 3367 5224; x_wconf 93' lang='lat' dir='ltr'><strong>non</strong></span> <span class='ocrx_word' id='word_1_835' title='bbox 3414 5169 3603 5236; x_wconf 87' lang='lat' dir='ltr'><strong>utique</strong></span> 
     </span>
    </p>
   </div>
   <div class='ocr_carea' id='block_1_111' title="bbox 2022 5260 3598 5340">
    <p class='ocr_par' dir='ltr' id='par_1_111' title="bbox 2022 5260 3598 5340">
     <span class='ocr_line' id='line_1_111' title="bbox 2022 5260 3598 5340; baseline -0.006 -17"><span class='ocrx_word' id='word_1_836' title='bbox 2022 5269 2166 5340; x_wconf 88' lang='lat' dir='ltr'><strong>quod</strong></span> <span class='ocrx_word' id='word_1_837' title='bbox 2196 5269 2269 5322; x_wconf 91' lang='lat' dir='ltr'><strong>ita</strong></span> <span class='ocrx_word' id='word_1_838' title='bbox 2298 5266 2569 5338; x_wconf 86' lang='lat' dir='ltr'><strong>serpentis</strong></span> <span class='ocrx_word' id='word_1_839' title='bbox 2599 5273 2793 5321; x_wconf 85' lang='lat' dir='ltr'><strong>natura</strong></span> <span class='ocrx_word' id='word_1_840' title='bbox 2842 5263 3044 5332; x_wconf 89' lang='lat' dir='ltr'><strong>ferret;</strong></span> <span class='ocrx_word' id='word_1_841' title='bbox 3074 5263 3168 5320; x_wconf 87' lang='lat' dir='ltr'><strong>sed</strong></span> <span class='ocrx_word' id='word_1_842' title='bbox 3209 5263 3353 5334; x_wconf 89' lang='lat' dir='ltr'><strong>quod</strong></span> <span class='ocrx_word' id='word_1_843' title='bbox 3383 5262 3459 5316; x_wconf 87' lang='lat' dir='ltr'><strong>ita</strong></span> <span class='ocrx_word' id='word_1_844' title='bbox 3493 5260 3598 5314; x_wconf 83' lang='lat' dir='ltr'><strong>Deo</strong></span> 
     </span>
    </p>
   </div>
   <div class='ocr_carea' id='block_1_112' title="bbox 2019 5351 3598 5430">
    <p class='ocr_par' dir='ltr' id='par_1_112' title="bbox 2019 5351 3598 5430">
     <span class='ocr_line' id='line_1_112' title="bbox 2019 5351 3598 5430; baseline -0.004 -17"><span class='ocrx_word' id='word_1_845' title='bbox 2019 5359 2197 5414; x_wconf 83' lang='lat' dir='ltr'><strong>visum</strong></span> <span class='ocrx_word' id='word_1_846' title='bbox 2247 5369 2415 5424; x_wconf 86' lang='lat' dir='ltr'><strong>esset,</strong></span> <span class='ocrx_word' id='word_1_847' title='bbox 2476 5359 2566 5430; x_wconf 92' lang='lat' dir='ltr'><strong>qui</strong></span> <span class='ocrx_word' id='word_1_848' title='bbox 2617 5373 2754 5428; x_wconf 88' lang='lat' dir='ltr'><strong>quos</strong></span> <span class='ocrx_word' id='word_1_849' title='bbox 2809 5366 3090 5428; x_wconf 89' lang='lat' dir='ltr'><strong>serpentes</strong></span> <span class='ocrx_word' id='word_1_850' title='bbox 3129 5361 3488 5426; x_wconf 80' lang='lat' dir='ltr'><strong>pupugerant,</strong></span> <span class='ocrx_word' id='word_1_851' title='bbox 3534 5351 3598 5406; x_wconf 85' lang='lat' dir='ltr'><strong>iis</strong></span> 
     </span>
    </p>
   </div>
   <div class='ocr_carea' id='block_1_113' title="bbox 2020 5446 3597 5520">
    <p class='ocr_par' dir='ltr' id='par_1_113' title="bbox 2020 5446 3597 5520">
     <span class='ocr_line' id='line_1_113' title="bbox 2020 5446 3597 5520; baseline -0.002 -16"><span class='ocrx_word' id='word_1_852' title='bbox 2020 5465 2119 5520; x_wconf 88' lang='lat' dir='ltr'><strong>per</strong></span> <span class='ocrx_word' id='word_1_853' title='bbox 2180 5458 2489 5520; x_wconf 87' lang='lat' dir='ltr'><strong>serpentem</strong></span> <span class='ocrx_word' id='word_1_854' title='bbox 2531 5451 2659 5505; x_wconf 89' lang='lat' dir='ltr'><strong>mali</strong></span> <span class='ocrx_word' id='word_1_855' title='bbox 2707 5449 3006 5505; x_wconf 83' lang='lat' dir='ltr'><strong>remedium</strong></span> <span class='ocrx_word' id='word_1_856' title='bbox 3058 5459 3363 5520; x_wconf 86' lang='lat' dir='ltr'><strong>paraverat.</strong></span> <span class='ocrx_word' id='word_1_857' title='bbox 3409 5446 3597 5516; x_wconf 82' lang='lat' dir='ltr'><strong>Neque</strong></span> 
     </span>
    </p>
   </div>
   <div class='ocr_carea' id='block_1_114' title="bbox 2017 5540 3595 5614">
    <p class='ocr_par' dir='ltr' id='par_1_114' title="bbox 2017 5540 3595 5614">
     <span class='ocr_line' id='line_1_114' title="bbox 2017 5540 3595 5614; baseline -0.002 -17"><span class='ocrx_word' id='word_1_858' title='bbox 2017 5553 2148 5597; x_wconf 87' lang='lat' dir='ltr'><strong>vero</strong></span> <span class='ocrx_word' id='word_1_859' title='bbox 2183 5540 2379 5596; x_wconf 89' lang='lat' dir='ltr'><strong>mirum</strong></span> <span class='ocrx_word' id='word_1_860' title='bbox 2403 5556 2524 5598; x_wconf 91' lang='lat' dir='ltr'><strong>esse</strong></span> <span class='ocrx_word' id='word_1_861' title='bbox 2552 5541 2804 5614; x_wconf 82' lang='lat' dir='ltr'><strong>cuiquam</strong></span> <span class='ocrx_word' id='word_1_862' title='bbox 2826 5549 3058 5614; x_wconf 89' lang='lat' dir='ltr'><strong>oportet,</strong></span> <span class='ocrx_word' id='word_1_863' title='bbox 3084 5543 3130 5598; x_wconf 86' lang='lat' dir='ltr'><strong>si</strong></span> <span class='ocrx_word' id='word_1_864' title='bbox 3155 5540 3298 5596; x_wconf 88' lang='lat' dir='ltr'><strong>unde</strong></span> <span class='ocrx_word' id='word_1_865' title='bbox 3327 5541 3595 5612; x_wconf 76' lang='lat' dir='ltr'><strong>quispiam</strong></span> 
     </span>
    </p>
   </div>
   <div class='ocr_carea' id='block_1_115' title="bbox 3181 5785 3250 5846">
    <p class='ocr_par' dir='ltr' id='par_1_115' title="bbox 3181 5785 3250 5846">
     <span class='ocr_line' id='line_1_115' title="bbox 3181 5785 3250 5846; baseline -0.014 0"><span class='ocrx_word' id='word_1_866' title='bbox 3181 5785 3250 5846; x_wconf 81' lang='lat'><strong>21</strong></span> 
     </span>
    </p>
   </div>
  </div>
