3960 6114
391 249 506 307 Ὲέἷί

1843 250 1903 309 S.
1946 249 2295 309 EPIPHANII

3599 260 3696 315 652

399 358 577 423 laesus
613 365 811 431 fuerat,
872 365 999 422 inde
1049 366 1380 423 medicinam
1416 368 1710 441 acceperit.
1761 367 1873 426 Nec
1921 383 1989 426 es?

2111 377 2178 444 τῇ
2213 374 2408 446 ἐρήμῳ
2439 373 2528 428 διὰ
2568 373 2666 447 τὴν
2704 375 2907 444 αἰτίαν,
2937 376 3006 451 ἢν
3045 377 3216 435 ἐλθὼν
3247 378 3277 432 ὄ
3309 375 3514 446 Κύριος
3556 376 3690 446 λέγει

405 459 554 532 quod
578 459 785 514 idcirco
818 459 1056 516 conditae
1075 476 1172 518 res
1211 476 1240 515 a
1281 461 1392 518 Deo
1417 463 1816 534 vituperentur,
1855 464 2002 534 quod

408 551 655 605 nonnulli
715 567 912 607 rursus
965 551 1281 609 incredibili
1340 569 1530 610 errore
1580 554 1811 610 faciunt.
1866 554 2004 611 illud

405 642 547 695 enim
571 642 1211 713 ﬁgurzeinstar-Judaeis
1245 645 1302 700 in
1340 646 1639 703 solitudine
1673 645 2003 718 degentibus

404 739 686 788 ostensum
744 742 866 803 est;
933 736 1005 791 ob
1035 750 1160 792 eam
1207 737 1383 807 ipsam
1419 738 1713 804 rationem,
1744 753 1906 808 quam
1947 737 2002 792 in

404 822 698 894 Evangelia
719 825 884 899 274
910 825 1174 886 Dominus
1190 828 1478 900 expressit.
1501 827 1770 885 Nimirum
1809 852 1819 886 :
1850 829 2003 885 Sicut

400 915 658 971 exultauit
697 916 910 989 Moyses
956 930 1247 990 serpentem
1289 921 1348 974 in
1375 921 1604 990 deserto,
1638 923 1716 976 ita
1769 923 2004 978 exaltari

403 1018 604 1078 oportet
641 1009 846 1065 Filium
877 1012 1164 1080 hominis“,
1191 1014 1336 1084 quod
1366 1023 1556 1085 postea
1578 1015 1829 1086 contigit.
1865 1014 2000 1070 Nam

403 1099 576 1156 Judaei
614 1102 893 1159 Christum
923 1103 1212 1160 Dominum
1253 1106 1402 1161 velut
1425 1113 1732 1177 serpentem
1760 1106 1991 1176 ignomi-

405 1193 562 1249 niose
587 1201 908 1261 tractantes,
940 1196 1158 1268 ipsimet
1184 1197 1459 1268 serpentis
1486 1197 1723 1258 insidiis.
1775 1197 1882 1254 hoc
1917 1205 2002 1253 est

405 1285 632 1352 diaboli,
661 1288 1019 1344 =veliementer
1045 1288 1239 1345 oll‘ensi
1260 1300 1420 1346 :sunt.
1445 1289 1553 1346 Sed
1578 1299 1636 1344 ut
1665 1297 1850 1346 erecto
1875 1304 2000 1344 ser-

404 1387 588 1449 pente,
622 1379 674 1434 ii
699 1381 791 1451 qui
829 1383 1495 1455 monuerant-appetiti,
1535 1389 1758 1454 repente
1789 1382 1999 1438 liberati

403 1479 534 1526 sunt
556 1491 569 1526 :
590 1472 686 1538 ita,
719 1472 940 1530 Christo
970 1473 1026 1529 in
1054 1490 1274 1532 cruce
1300 1476 1543 1540 sublato,
1575 1475 1772 1530 animae
1801 1483 2000 1529 nostra:

401 1580 432 1618 a
457 1568 667 1636 peccati
695 1567 972 1624 morsibus
989 1576 1424 1640 suntexemptae.
1443 1569 1622 1639 Atque
1643 1569 1784 1624 hanc
1816 1569 1995 1639 ipsam

401 1657 978 1716 Domi-nisententiam
1018 1660 1086 1715 ad
1111 1661 1320 1718 erroris
1343 1663 1434 1719 sui
1459 1661 1826 1733 patrocinium
1863 1659 1996 1715 aﬂ‘e-

2105 468 2162 520 ὲν
2205 465 2283 538 τῷ
2332 467 2692 538 Εὐαγγελίῳ,
2769 468 2851 522 ὅτι
2895 469 2994 536 Ὠς
3048 471 3260 540 ὕψωσε
3301 467 3565 537 Μωῑισῆς
3593 471 3694 523 τὸν

2105 562 2246 633 ὄφιν
2271 562 2342 616 ἐν
2370 562 2444 632 τῇ
2473 562 2696 634 ἐρήμῳ,
2727 564 2917 631 οὕτως
2953 565 3271 635 ὑψωθῆναι
3294 564 3390 619 δεῖ
3411 563 3521 619 τὸν
3563 566 3692 619 Υίὸν

2103 656 2209 710 τοῦ
2247 655 2587 724 ἀνθρώπου,
2616 657 2645 710 δ
2666 659 2760 712 καὶ
2792 659 3004 727 γέγονε.
3052 660 3221 730 Δίκην
3248 659 3360 730 γὰρ
3383 658 3562 729 ὄφεως
3585 659 3688 711 ἀτι-

2105 749 2380 821 μάσαντες
2404 748 2496 804 τὸν
2525 750 2752 822 Σωτῆρα
2774 791 2789 816 ,
2811 749 2920 804 ἀπὸ
2954 750 3248 822 ἐπιϐουλῆς
3270 751 3372 822 τῆς
3394 750 3490 804 τοῦ
3524 751 3688 820 ὄφεως

2103 839 2403 909 ἠδικοῦντο,
2439 841 2583 912 φημὶ
2611 839 2665 893 δὲ
2691 841 2785 894 τοῦ
2807 841 3074 895 διαϐόλου.
3118 842 3228 895 καὶ
3245 841 3502 914 καθάπερ
3534 842 3590 893 ὲν
3612 839 3683 910 τῷ

2101 930 2358 1003 ὑψώματι
2391 931 2487 985 τοῦ
2512 931 2691 1002 ὄφεως
2727 933 2874 996 ἴασις
2909 933 3156 1003 ἐγίγνετο
3187 935 3301 997 τοῖς
3320 931 3683 1005 δεδηγμένοις.

2100 1022 2274 1088 οὕτως
2304 1023 2399 1076 ἐπὶ
2437 1025 2502 1096 τῇ
2562 1023 2658 1077 τοῦ
2687 1025 2928 1097 Χριστοῦ
2960 1023 3266 1097 σταυρώσει
3295 1024 3468 1095 λύτρα
3503 1024 3684 1094 γέγονε

2098 1118 2220 1180 ταῖς
2262 1115 2421 1187 ἡμῶν
2486 1115 2689 1186 ψυχαῖς
2741 1108 2852 1172 ἀπὸ
2902 1117 3015 1171 τῶν
3082 1119 3141 1171 ὲν
3193 1117 3327 1189 ἡμῖν
3383 1116 3684 1186 γενομένων

2098 1203 2393 1275 δηγμάτων
2435 1205 2535 1276 τῆς
2569 1205 2864 1278 ἁμαρτίας.
2895 1207 3126 1278 Φέρουσι
3165 1207 3224 1260 δὲ
3259 1207 3355 1260 καὶ
3383 1205 3516 1259 αὐτὸ
3538 1204 3686 1258 τοῦτο

2098 1297 2161 1350 τὸ
2188 1296 2348 1369 ῥητὸν
2386 1299 2526 1371 πρὸς
2561 1299 2873 1372 μαρτυρίαν
2901 1301 2951 1352 οἱ
2977 1299 3134 1353 αὐτοὶ
3162 1298 3433 1368 λέγοντες,
3466 1299 3549 1351 ὄτι
3579 1297 3684 1369 Οὐχ

2097 1392 2251 1462 ὁρᾷς,
2317 1392 2394 1456 ὡς
2449 1387 2602 1445 εἶπεν
2663 1394 2693 1446 ὁ
2755 1392 2970 1464 Σωτὴρ,
3030 1395 3134 1446 Ὃν
3189 1393 3415 1461 τρόπον
3483 1391 3684 1460 ὕψωσε

2097 1480 2368 1552 Πωῦσῆς
2403 1483 2512 1538 τὸν
2538 1483 2680 1554 ὄφιν
2712 1484 2784 1539 ἐν
2810 1484 2884 1554 τῇ
2900 1483 3120 1555 ἐρήμῳ,
3145 1483 3342 1550 οὕτως
3374 1484 3682 1552 ὑψωθῆναι

2097 1569 2195 1624 δεῖ
2223 1571 2333 1625 τὸν
2373 1571 2512 1626 Υίὸν
2549 1572 2656 1627 τοῦ
2703 1573 3057 1642 ἀνθρώπου;
3081 1573 3191 1626 Καὶ
3223 1572 3311 1627 διὰ
3330 1571 3490 1626 τοῦτο
3516 1573 3610 1626 καὶ
3630 1574 3686 1626 ἐν

2097 1662 2243 1734 ἄλλῳ
2261 1664 2432 1735 τόπῳ,
2473 1665 2629 1734 φασὶ,
2661 1665 2810 1734 λέγει
2835 1666 2857 1698 ⁸
2880 1705 2895 1731 ,
2929 1666 3011 1720 ὅτι
3043 1666 3299 1720 Γίνεσθε
3323 1665 3685 1736 sopor-(yosz

399 1761 548 1807 runt.
581 1751 772 1808 Nonne
795 1755 968 1819 vides,
1001 1756 1278 1826 inquiunt,
1302 1756 1377 1810 ita
1416 1755 1805 1825 pronuntiasse
1833 1753 1989 1810 Chri-

2098 1756 2132 1808 ὁ
2170 1753 2328 1824 ὄφις,
2398 1755 2501 1813 καί
2549 1755 2816 1825 ἀκέραιοι
2850 1756 2932 1824 ὡς
2969 1756 3476 1826 περιστεραί.»Καὶ
3514 1755 3581 1809 τὰ
3611 1757 3682 1819 εἰς

400 1852 547 1900 stum
587 1851 738 1912 :Quo
775 1847 932 1901 modo
964 1849 1216 1903 exultavit
1246 1846 1459 1918 Moyses
1502 1855 1794 1917 serpentem
1823 1847 1877 1900 in
1900 1844 1995 1898 de-

399 1951 564 2004 serto,
625 1937 701 1992 ita
743 1939 975 1992 exaltari
1022 1949 1223 2006 oportet
1285 1939 1488 1994 Filium
1532 1941 1761 1994 hominis
1793 1940 1825 1995 ν
1857 1940 2000 1994 Pro-

401 2037 585 2098 pterea
614 2038 668 2084 et
717 2030 825 2084 alio
873 2032 1113 2088 loco-sic
1143 2032 1389 2103 praecipit
1425 2051 1438 2087 :
1472 2031 1657 2087 Estote
1708 2030 1992 2100 prudentes

2098 1842 2344 1914 σύμϐολα
2385 1845 2734 1910 διδασκαλίας
2791 1847 2856 1899 ἐκ
2916 1845 3052 1899 Θεοῦ
3118 1845 3301 1909 καλῶς
3355 1846 3682 1916 τεταγμένα,

2101 1927 2252 1990 οὗτοι
2326 1937 2406 2000 εἰς
2461 1937 2560 2009 τὴν
2621 1935 2829 1992 ἑαυτῶν
2885 1939 3128 1993 ἐπίνοιαν
3188 1938 3290 2012 τὴν
3329 1939 3684 2010 ὴπατημὲνην

2103 2028 2384 2100 φέρουσιν.

326 2165 351 2186 ,
401 2131 456 2175 ut
486 2131 768 2192 serpentes,
800 2124 1128 2193 etsimplices
1158 2125 1296 2178 sicut
1328 2123 1585 2180 columbis
1618 2127 1661 2178 ⁸.
1698 2122 1790 2179 Sic
1824 2123 1994 2194 igitur
2029 2121 2120 2180 isti
2151 2137 2290 2194 quas
2320 2121 2589 2194 imagines
2618 2136 2684 2178 ac
2707 2122 2866 2195 signa
2896 2122 3177 2180 cmlestem
3247 2123 3316 2179 ad
3380 2124 3682 2180 doctrinam

399 2215 660 2282 praeclare
689 2214 831 2270 Deus
863 2215 1165 2282 transtulit,
1186 2231 1250 2271 ea
1289 2215 1358 2271 ad
1391 2217 1707 2288 dogmatum
1751 2229 1979 2271 suorum
2021 2214 2315 2272 falsitatem
2381 2214 2734 2270 asserendam
2769 2215 3116 2286 impudenter
3141 2217 3583 2273 accommodant.

473 2308 606 2364 Vlll.
637 2307 919 2380 Siquidem
967 2309 1144 2367 Jesus'
1168 2311 1436 2368 Christus
1480 2312 1743 2368 Dominus
1776 2319 1987 2376 noster,

400 2399 653 2470 idemque
683 2401 824 2457 Deus
856 2400 1125 2467 Verbum,
1158 2418 1188 2456 a
1209 2402 1532 2460 Patreante
1565 2406 1764 2461 saecula
1804 2407 1989 2462 omnia

398 2491 517 2546 sine
552 2491 824 2562 principio
865 2499 1195 2563 actempore
1226 2494 1340 2548 ullo
1361 2496 1606 2566 genitus,
1640 2511 1988 2567 nequaquam

401 2589 487 2637 est
515 2598 765 2653 serpens,
800 2584 992 2655 procul
1015 2585 1158 2640 absit
1187 2592 1244 2639 ut
1260 2587 1332 2639 ita
1359 2587 1682 2655 sentiamus,
1727 2589 1821 2644 sed
1855 2604 1989 2642 con-

399 2688 482 2730 tra
527 2686 835 2747 serpentem
891 2675 1132 2733 advenit.
1169 2678 1273 2745 Qui
1310 2680 1356 2734 si
1385 2679 1713 2751 quandoque
1737 2681 1939 2736 dixerit
1970 2695 1984 2732 :

398 2767 583 2824 Estote
605 2769 887 2839 prudentes
923 2781 977 2823 ut
1020 2783 1303 2841 serpentes,
1335 2781 1384 2826 et
1418 2772 1682 2841 simplices
1725 2773 1862 2826 sicut
1893 2789 1983 2826 co-

397 2860 609 2926 lumbte,
643 2862 772 2917 illud
794 2864 1133 2933 interrogare
1159 2878 1281 2927 nos,
1306 2879 1371 2920 ac
1387 2879 1718 2936 cognoscere
1744 2880 1842 2936 par
1874 2872 1979 2930 est,

396 2970 497 3008 cur
516 2955 606 3008 illa
632 2955 763 3020 duo,
786 2955 1096 3010 columbam
1129 2957 1340 3012 scilicet
1368 2972 1432 3012 ac
1464 2965 1792 3028 serpentem,
1821 2958 1984 3014 nobis

395 3045 715 3101 erudiendis
747 3048 1112 3117 proposuerit.
1163 3046 1384 3101 Nullum
1417 3049 1561 3102 enim
1602 3049 1659 3103 in
1702 3055 1978 3119 serpente,

397 3147 596 3207 praeter
621 3137 823 3208 duplex
870 3137 1024 3206 illud,
1059 3139 1364 3209 prudentia:
1391 3141 1668 3210 specimen
1707 3148 1933 3214 apparet
1967 3157 1979 3192 :

395 3231 632 3298 primum
684 3229 830 3300 quod
883 3232 1157 3301 appetitus
1183 3233 1252 3285 ab
1303 3232 1507 3303 aliquo,
1543 3247 1668 3287 cum
1714 3233 1768 3286 in
1809 3231 1988 3302 capite

393 3321 562 3374 vitam
611 3336 831 3376 omnem
903 3336 1060 3377 suam
1101 3322 1348 3377 residere
1393 3324 1613 3386 sentiat,
1644 3325 1793 3378 velut
1816 3323 1987 3378 inter-

393 3411 603 3464 dictum
639 3410 772 3464 illud
825 3411 1056 3477 veritus,
1093 3413 1238 3482 quod
1287 3420 1511 3482 propter
1536 3413 1811 3468 hominem
1843 3412 1986 3469 Deus

395 3502 523 3556 olim
553 3502 610 3556 in
645 3517 767 3557 sese
791 3504 1166 3582 pronuntiavit
1192 3523 1205 3559 :
1231 3503 1405 3576 Caput
1433 3505 1500 3559 ab
1534 3505 1654 3576 ipso
1687 3505 1984 3571 custodies,

394 3594 486 3650 ille
516 3603 624 3650 ate
643 3597 959 3649 calcaneum
989 3595 1010 3627 ³
1039 3614 1052 3651 :
1083 3602 1198 3649 toto
1225 3596 1279 3650 in
1309 3604 1475 3667 caput
1510 3595 1836 3666 complicato
1869 3610 1988 3649 cor-

393 3700 550 3757 pore,
593 3686 834 3757 illudque
880 3697 1168 3759 protegens
1207 3695 1261 3743 et
1298 3688 1604 3755 occultans,
1632 3703 1846 3742 summa
1877 3687 1988 3741 cal-

394 3778 609 3834 liditate
640 3780 914 3850 reliquum
949 3795 1152 3851 corpus
1193 3781 1437 3850 opponit.
1477 3779 1570 3834 Sic
1617 3796 1716 3837 nos
1748 3781 1986 3852 unigena

391 3868 488 3926 Dei
539 3869 711 3927 Filius
759 3887 789 3925 a
835 3870 998 3928 Patre
1055 3888 1404 3944 progressus,
1457 3873 1574 3929 sive
1621 3873 1776 3928 hoste
1800 3886 1985 3942 perse-

392 3974 617 4036 quente,
671 3967 810 4031 sive,
861 3967 1056 4037 quavis
1113 3967 1405 4039 ingruente
1457 3965 1792 4027 calamitate,
1828 3963 1984 4034 jubet

393 4069 579 4113 nostra
607 4061 792 4114 omnia
823 4058 969 4115 ferro
1023 4075 1085 4114 ac
1119 4059 1352 4115 ﬂammis
1384 4059 1985 4131 exponere,solumque

395 4152 564 4206 tutari
609 4161 795 4223 caput,
853 4152 955 4206 hoc
987 4160 1071 4208 est
1117 4154 1344 4208 minime
1380 4153 1653 4222 abnegare
1672 4151 1979 4206 Christum.

395 4242 665 4308 Quoniam
695 4253 862 4313 caput
906 4244 1087 4299 omnis
1117 4244 1219 4297 viri
1267 4253 1350 4299 est
1378 4243 1654 4307 Christus,
1688 4243 1773 4297 vir
1799 4251 1980 4296 autem

393 4334 642 4389 mulieris
702 4341 866 4404 caput
919 4343 1025 4397 est,
1079 4341 1244 4404 caput
1291 4347 1421 4388 vero
1464 4333 1672 4388 Christi
1717 4332 1882 4399 Deus,
1917 4339 1980 4386 ut

2171 2311 2253 2367 H'.
2293 2309 2350 2365 '0
2377 2311 2487 2382 γὰρ
2521 2309 2721 2382 Κύριος
2737 2310 2896 2382 ἡμῶν
2930 2312 3135 2384 Ἰησοῦς
3163 2313 3400 2384 Χριστὸς
3430 2313 3527 2368 καὶ
3557 2312 3685 2376 Θεὸς

2097 2403 2290 2472 Λόγος,
2321 2403 2351 2455 ὁ
2375 2402 2442 2455 ἐκ
2472 2402 2688 2474 Πατρὸς
2728 2402 2836 2475 πρὸ
2880 2403 3098 2458 πάντων
3122 2403 3232 2457 τῶν
3269 2402 3484 2458 αἰώνων
3518 2404 3684 2475 ἁνάρ·

2095 2514 2206 2568 χως
2243 2496 2338 2551 καὶ
2384 2495 2632 2569 άχρὸνως
2655 2493 2960 2567 γεννηθεὶς,
3009 2494 3110 2547 οὐκ
3141 2493 3285 2563 ὄφις,
3335 2493 3411 2567 μὴ
3440 2492 3676 2562 γένοιτοὲ

2094 2588 2230 2642 ἀλλὰ
2272 2587 2417 2642 κατὰ
2445 2587 2538 2641 τοῦ
2603 2588 2781 2658 ὄφεως
2837 2587 3002 2650 αὐτὸς
3032 2581 3217 2658 ἦλθεν.
3265 2585 3392 2638 Ἐὰν
3430 2585 3490 2639 δὲ
3535 2586 3684 2660 εἴπῃ·

2094 2680 2353 2750 Γίνεσθε
2389 2678 2667 2748 φρόνιμοι
2715 2680 2796 2744 ὡς
2831 2681 2864 2733 ό
2907 2677 3065 2748 ὄφις,
3097 2677 3196 2730 καί
3220 2675 3488 2744 ἀκέραιοι
3517 2676 3599 2740 ὡς
3627 2677 3686 2730 al

2090 2771 2466 2840 περιστεραί·
2512 2770 2592 2824 δεῖ
2629 2772 2779 2842 ἡμᾶς
2809 2771 3020 2842 ἐρωτᾷν
3054 2770 3149 2824 καὶ
3181 2768 3498 2838 γινώσκειν,
3521 2767 3613 2820 διὰ
3634 2767 3689 2820 τί.

2088 2865 2157 2919 τά
2185 2865 2281 2918 δύο
2307 2863 2480 2919 ταῦτα
2509 2863 2779 2936 πρόσωπα
2807 2864 2938 2934 ἡμῖν
2964 2863 3045 2926 εἰς
3081 2861 3435 2916 διδασκαλίαν
3457 2877 3685 2931 παρεισ-

2091 2958 2289 3029 ήγαγε,
2340 2959 2440 3029 τῆς
2479 2972 2538 3010 τε
2575 2957 2908 3028 περιστερᾶς
2936 2953 3154 3009 καὶτοῦ
3181 2954 3376 3022 ὄφεως.
3419 2953 3590 3006 Οὐδὲν
3627 2952 3680 3005 δὲ

2090 3052 2149 3104 ὲν
2185 3049 2263 3122 τῷ
2292 3050 2414 3119 ὄφει
2444 3047 2707 3120 φρόνιμον
2752 3048 2892 3120 πλὴν
2924 3044 3018 3101 δύο
3053 3046 3296 3100 τούτων·
3356 3046 3440 3098 ὅτι
3489 3046 3548 3098 ὲν
3609 3043 3686 3116 τῷ

2088 3139 2378 3194 διώκεσθαι
2407 3137 2713 3208 γινώσκων,
2749 3139 2830 3192 ὄτι
2860 3139 2919 3191 ὲν
2940 3139 3006 3209 τῇ
3028 3135 3237 3207 κεφαλῇ
3271 3133 3440 3188 αὑτοῦ
3472 3137 3507 3206 ή
3533 3135 3682 3188 πᾶσα

2089 3233 2205 3304 ζωὴ
2238 3231 2407 3285 αὐτοῦ
2437 3231 2716 3300 τυγχάνει,
2746 3230 2842 3283 καὶ
2885 3227 3071 3292 δεδιὼς
3099 3228 3199 3299 τὴν
3233 3226 3516 3298 ἀνωτέραν
3549 3227 3683 3299 πρδς

2089 3325 2252 3381 αὑτὸν
2316 3323 2616 3396 εἰρημένην
2666 3322 2775 3376 ἀπὺ
2828 3321 2923 3374 τοῦ
2955 3319 3090 3374 Θεοῦ
3135 3320 3224 3374 διὰ
3257 3320 3351 3373 τὸν
3396 3318 3686 3388 ἄνθρωπον

2089 3414 2428 3489 προσταγὴν,
2464 3414 2547 3467 ὄτι
2585 3411 2846 3479 ⁴Ῑίυλάξεις
2878 3410 3046 3466 αὑτοῦ
3099 3410 3362 3483 κεφαλὴν,
3416 3409 3583 3473 αὐτὸς
3624 3407 3683 3462 δέ

2091 3525 2183 3561 σου
2214 3507 2480 3578 πτέρνανο
2511 3505 2632 3560 ὅλον
2658 3505 2718 3558 τδ
2744 3504 2904 3575 σῶμα
2933 3503 3224 3574 ὲνειλήσας-
3251 3503 3345 3556 ἐπὶ
3383 3501 3481 3574 τὴν
3505 3517 3683 3570 κεφα-

2087 3598 2185 3671 λὴν
2208 3597 2396 3662 αὐτοῦ,
2422 3596 2656 3670 κρύπτει
2711 3595 2812 3668 μὲν
2840 3595 2900 3650 τὸ
2937 3594 3164 3668 κρανίον
3190 3592 3409 3657 ἑαυτοῦ,
3451 3593 3685 3665 παραδὶ-

2085 3691 2217 3746 δωσι
2247 3691 2304 3744 δὲ
2320 3691 2381 3745 τὸ
2411 3689 2538 3746 ἄλλο
2562 3689 2724 3761 σῶμα
2753 3691 2813 3743 ὲν
2833 3688 3109 3762 ὑπερϐολῇ
3134 3687 3496 3758 πανουργίας.
3525 3686 3685 3740 Οὕτω

2086 3785 2231 3839 θέλει
2269 3786 2418 3856 ἡμᾶς
2447 3785 2477 3838 ό
2508 3783 2803 3856 μονογενὴς
2829 3783 2960 3847 Θεὸς
2993 3785 3023 3836 ὁ
3049 3784 3116 3836 ὲκ
3144 3779 3360 3851 Πατρὸς
3399 3778 3683 3852 προελθὼν

2085 3879 2145 3931 ὲν
2168 3876 2346 3948 καιρῷ
2375 3875 2620 3947 διωγμοῦ
2654 3875 2750 3929 καὶ
2780 3877 2839 3928 ὲν
2859 3872 3038 3946 καιρῷ
3061 3870 3372 3943 πειρασμοῦ
3398 3871 3465 3924 τὰ
3501 3872 3685 3924 πάντα

2085 3967 2244 4041 ἡμῶν
2272 3965 2626 4040 παραδιδόναι
2662 3967 2912 4040 μαχαίρᾳ
2962 3982 3023 4019 τε
3054 3965 3149 4020 καὶ
3195 3962 3352 4031 πυρὶ,
3387 3962 3686 4031 φυλάττειν

2084 4061 2142 4114 δὲ
2175 4059 2384 4114 ἑαυτῶν
2414 4059 2516 4131 τὴν
2543 4057 2810 4130 κεφαλὴν,
2844 4057 3092 4112 τουτέστι
3120 4056 3356 4129 Χριστὸν
3399 4054 3478 4126 μὴ
3507 4054 3688 4125 ἀρνεῖ-

2085 4152 2232 4208 σθαι.
2275 4150 2606 4223 Ἐπειδήπερ
2633 4150 2846 4222 κεφαλὴ
2869 4149 3071 4213 παντὸς
3096 4147 3388 4221 ἀνθρώπου
3419 4145 3686 4218 Χριστὸς,

2085 4239 2300 4311 κεφαλὴ
2319 4239 2376 4294 δὲ
2389 4238 2646 4308 γυναικὸς
2675 4241 2704 4294 ὁ
2727 4241 2888 4312 ἀνὴρ,
2910 4237 3122 4309 κεφαλὴ
3136 4237 3193 4291 δὲ
3208 4233 3446 4308 Χριστοῦ
3475 4238 3506 4289 ό
3525 4235 3685 4298 Θεὸς,

2083 4333 2226 4389 κατὰ
2257 4332 2348 4387 τὸν
2375 4333 2718 4386 ’Δπόστολον.
2747 4331 2976 4402 Ἕτερον
3002 4330 3166 4384 πάλιν
3189 4329 3300 4400 ἔχει
3334 4327 3688 4400 φρονιμώτα-

393 4425 690 4495 Apostolus
745 4425 985 4494 loquitur
1016 4424 1057 4480 ⁶.
1090 4423 1238 4479 lnest
1282 4440 1408 4481 vere
1439 4436 1494 4479 et
1519 4424 1752 4479 alterum
1783 4425 1841 4479 in
1867 4439 1980 4480 ser-

2095 4442 2175 4482 τον
2206 4426 2318 4497 (47)
2359 4427 2389 4480 ό
2425 4426 2568 4495 ὄφις,
2601 4423 2677 4490 ὣς
2708 4441 2870 4496 φασιν
2907 4426 2957 4478 οἱ
2990 4423 3298 4495 φυσιολόγοι
3331 4421 3462 4494 περὶ
3482 4421 3684 4474 τούτου

391 4527 555 4590 pente
587 4518 891 4589 prudentia:
925 4535 1119 4591 genus,
1152 4525 1212 4573 ut
1243 4518 1312 4573 de
1333 4532 1400 4573 eo
1435 4516 1736 4589 physiologi
1779 4525 1977 4573 testan-

391 4624 504 4671 tur.
535 4612 676 4670 Cum
712 4615 858 4668 enim
904 4629 938 4668 e
981 4627 1147 4670 cavea
1182 4612 1378 4667 sitiens
1414 4612 1482 4667 ad
1513 4626 1711 4681 aquam
1755 4610 1977 4667 bibendi

391 4707 568 4777 gratia
620 4707 884 4778 prorepit,
928 4707 1080 4762 virus
1127 4719 1313 4761 secum
1350 4719 1457 4757 non
1486 4702 1650 4774 275
1679 4701 1855 4769 eﬂert,
1881 4701 1976 4758 sed

390 4797 620 4853 latibulo
648 4798 941 4868 relinquit;
973 4797 1158 4868 itaque
1183 4796 1249 4850 ad
1280 4803 1467 4867 potum
1495 4794 1796 4866 egreditur.

463 4889 621 4956 Quod
652 4891 871 4960 quidem
923 4890 1084 4946 nobis
1127 4887 1452 4944 imitandum
1497 4887 1823 4958 proponitur
1863 4904 1881 4942 :
1923 4892 1984 4940 ut

391 4999 518 5038 cum
555 4982 624 5037 ad
676 4991 925 5040 sanctam
961 4981 1056 5037 Dei
1094 4981 1398 5039 Ecclesiam
1439 4979 1634 5035 orandi
1666 4980 1866 5050 gratia,
1895 4978 1980 5033 vel

2080 4518 2176 4572 τοῦ
2219 4517 2380 4584 ζώου.
2418 4515 2589 4572 Ὅταν
2614 4516 2727 4588 γὰρ
2757 4515 2988 4588 διψήσας
3019 4514 3131 4570 ἀπὸ
3165 4511 3259 4566 τοῦ
3294 4511 3507 4582 φωλεοῦ
3541 4527 3688 4582 προ-

2083 4611 2227 4665 έλθοι
2261 4610 2354 4664 ιπί
2374 4627 2428 4664 τι
2462 4608 2609 4681 ὕδωρ
2642 4609 2730 4661 ῐνα
2767 4607 2890 4679 πίῃ,
2915 4606 2976 4660 οὐ
3002 4603 3544 4678 συμπαραλαμϐάνει
3589 4601 3690 4654 τὸν

2088 4701 2166 4755 ἰὸν
2201 4698 2322 4770 μεθ’
2357 4697 2572 4762 ἑαυτοῦ,
2601 4696 2737 4751 ἀλλὰ
2789 4697 2847 4750 ὲν
2885 4693 2964 4766 τῷ
3010 4693 3204 4766 φωλεῷ
3240 4692 3652 4763 καταλιμπάνει
3671 4707 3686 4720 °

2087 4789 2185 4845 καὶ
2215 4788 2390 4852 οὕτως
2415 4787 2586 4842 ἐλθὼν
2615 4785 2885 4858 λαμϐάνει
2915 4785 3154 4855 τδιπόμα
3187 4783 3295 4838 τῶν
3317 4783 3549 4838 ὑδάτων.

2152 4883 2264 4937 Καὶ
2283 4881 2438 4936 αὐτοὶ
2460 4876 2555 4935 οὖν
2584 4879 2744 4933 τοῦτο
2780 4875 3175 4951 μιμησώμεθα,
3214 4876 3322 4940 ἵνα,
3349 4876 3482 4929 ὅταν
3507 4875 3690 4947 ὲρχώ-

2086 4975 2227 5048 μεθα
2251 4975 2345 5028 ἐπὶ
2380 4975 2480 5047 τὴν
2527 4973 2686 5042 ἁγίαν
2715 4971 2809 5026 τοῦ
2844 4969 2982 5025 Θεοῦ
3033 4969 3382 5040 Ἐκκλησίαν,
3409 4969 3444 5040 ἢ
3475 4970 3554 5031 εἰς
3592 4967 3690 5018 εὑ-

392 5075 461 5130 ad
497 5075 814 5144 usurpanda
896 5073 992 5129 Dei
1047 5075 1308 5146 mysteria
1354 5073 1735 5135 convenimus,
1766 5070 1979 5126 nullum

2095 5068 2200 5139 (ὴν,
2235 5067 2269 5136 ἢ
2300 5069 2380 5131 εἰς
2401 5067 2472 5120 τὰ
2511 5065 2608 5120 τοῦ
2647 5063 2786 5119 Θεοῦ
2813 5063 3111 5136 μυστήρια,
3146 5061 3222 5134 μὴ
3269 5057 3530 5131 φέρωμεν
3556 5056 3687 5131 μεθ’

391 5166 684 5221 nobiscum
727 5167 931 5234 scelus,
974 5168 1306 5238 voluptatem
1353 5165 1584 5231 nullam,
1632 5163 1813 5219 nullas
1846 5177 1973 5217 cum

2095 5159 2286 5215 ιαυτῶν
2317 5159 2539 5226 κακίαν,
2569 5158 2602 5229 ἢ
2652 5157 2867 5229 ἡδονὴν,
2912 5156 2947 5227 ἢ
2992 5154 3214 5227 ἔχθραν,
3248 5154 3284 5224 ἦ
3312 5170 3367 5206 τι
3398 5153 3591 5224 ἕτερον
3626 5155 3688 5204 ὲν

391 5273 665 5333 quoquam
699 5259 1024 5321 simultates,
1057 5257 1270 5314 nullum
1298 5257 1536 5329 denique
1567 5257 1623 5311 in
1647 5255 1848 5311 animis
1874 5268 1975 5308 no-

2095 5255 2192 5316 ταῖς
2220 5251 2482 5316 διανοίαις
2511 5249 2714 5306 αὐτῶν.
2752 5249 2908 5304 Ἐπεὶ
2935 5247 3053 5312 πῶς
3080 5247 3148 5302 ἂν
3179 5245 3398 5317 ἔχωμεν
3434 5243 3686 5306 δυνατῶς

469 5417 486 5448 ¹
511 5418 670 5476 Joan.
702 5435 784 5486 ιιι,
815 5419 903 5474 M.
982 5420 1002 5450 ²
1033 5418 1225 5474 Matth.
1257 5435 1311 5485 κ,
1343 5417 1431 5474 lG.
1507 5419 1529 5450 ³
1554 5416 1691 5473 Gen.
1723 5432 1812 5482 tu,
1850 5413 1940 5472 16.

2116 5417 2244 5470 Cor.
2271 5430 2350 5480 xi,
2378 5415 2462 5470 15.
2544 5381 2693 5485 "rp.
2727 5413 2877 5483 λέγει
2908 5409 3092 5482 φασίν.

468 5577 578 5645 (-i'l)
618 5578 862 5645 Ἕτερον-
895 5577 1081 5632 milis-
1119 5578 1244 5644 ἔχει
1279 5575 1743 5645 φρονιμὼτητος.
1769 5573 1959 5629 Ambr.

2095 5574 2275 5628 'ontem
2312 5573 2503 5645 evomit
2531 5589 2781 5628 venenum
2809 5590 2986 5638 suum,
3017 5583 3067 5628 et
3091 5584 3276 5644 postea
3313 5571 3466 5626 bibit.
3492 5569 3598 5645 ita
3630 5577 3688 5623 et

395 5641 570 5698 scrm.
612 5649 668 5700 in
707 5641 805 5716 fer.
849 5664 887 5701 ll
934 5656 1056 5716 post
1101 5641 1256 5701 Dom.
1281 5641 1512 5711 't'Qua'd.
1546 5641 1803 5714 :Serpens
1843 5661 1962 5698 cum
2071 5641 2166 5716 nos
2198 5644 2410 5714 quando
2431 5645 2500 5697 ad
2532 5645 2703 5700 altare
2730 5645 2823 5698 Dei
2857 5641 3308 5699 communicatur:
3343 5641 3684 5709 accedimus,

397 5716 588 5769 uenerit
614 5716 682 5770 ad
708 5715 985 5787 bibendum
1021 5733 1234 5786 aquam,
1260 5717 1569 5786 priusquam
1604 5716 1767 5783 bibat,
1807 5725 1962 5771 extra
2071 5715 2392 5784 deponamus
2429 5731 2676 5771 venenum
2715 5722 3024 5785 pessimum.
3055 5728 3162 5774 etc.
