3960 6138
285 334 390 392 653

889 326 1262 386 ADVERSUS
1300 322 1646 380 HERESES
1685 321 1814 378 LIB.
1856 320 1894 378 1.
1937 319 2103 377 TOM.
2140 319 2230 376 lll.
2271 352 2342 363 ~—
2381 319 2660 377 llAZRES.
2701 320 2986 379 XXXVIII.

3468 317 3573 376 65-!

286 451 380 504 καὶ
407 448 508 520 τὴν
548 443 879 518 περιστερὰν
911 441 1281 516 μιμήσασθαι,
1314 443 1389 515 μὴ
1417 441 1576 506 ἐκτὸς
1598 439 1880 511 γενόμενοι

2001 439 2118 495 stris
2191 437 2560 509 improbitatis
2614 437 2905 508 vestigium
2982 435 3294 492 efferamus.
3359 435 3576 507 Alioqui

287 542 479 604 κακίας
501 559 514 605 ;
547 540 723 594 καίτοι
746 554 809 607 γε
847 536 940 590 τοῦ
967 535 1160 604 γένους
1181 535 1282 604 τῆς
1305 533 1634 606 περιστερᾶς
1656 534 1715 586 ἐν
1743 529 1883 585 πολ“

287 635 395 698 λοίς
419 634 742 706 πράγμασιν
794 632 895 684 οὐκ
937 627 1354 700 ἐπαινουμένου.
1415 625 1739 680 Ἀκόλαστον
1775 622 1884 695 γὰρ

287 725 445 795 γένος
487 721 842 795 περιστερᾶς,
887 719 982 774 καὶ
1025 715 1354 789 πολυμιξίας
1395 716 1470 788 μὴ
1505 714 1886 786 ἀνακοπτόμεο

296 832 400 878 ιον,
431 814 627 883 λάγνον
667 830 728 865 τε
777 811 874 866 ml
903 810 1024 864 καθ’
1059 807 1212 880 ὥραν
1248 807 1410 879 ἡδονῇ
1448 805 1885 879 προσανακείμε-

288 923 401 965 νον.
449 905 594 978 Πρὸς
620 905 677 958 δὲ
711 903 921 968 τούτοις
952 901 1142 957 ἄτονον
1172 902 1268 956 ml
1310 899 1562 972 βληχρόν.
1596 897 1695 952 Διὰ
1739 898 1796 952 δέ
1823 899 1884 951 τὸ

293 1003 503 1059 ἄκακον
522 997 618 1051 ml
655 995 1014 1070 μακρόθυμον
1058 995 1153 1048 ml
1186 991 1568 1065 ἀμνησίκακον
1590 989 1686 1046 τοῦ
1717 989 1880 1056 ζώου,

292 1093 374 1146 ἔτι
407 1090 515 1162 μὴν
541 1091 637 1144 καὶ
661 1090 748 1144 διὰ
780 1088 842 1143 τὸ
892 1089 950 1142 ἐν
981 1087 1112 1141 εἴδει
1156 1084 1487 1158 περιστερᾶς
1525 1081 1795 1154 πεφάνθαι
1825 1080 1884 1136 τὸ

295 1182 449 1252 ἅγιον
501 1178 748 1252 Πνεῦμα,
787 1178 1129 1252 μιμήσασθαι
1175 1178 1324 1251 ἡμᾶς
1367 1175 1616 1248 βούλεται
1658 1176 1688 1229 ὁ
1740 1175 1885 1239 θεῖος

294 1274 452 1342 λόγος
489 1273 582 1328 τοῦ
636 1272 792 1342 ἁγίου
828 1272 1147 1344 Πνεύματος
1189 1271 1288 1344 τὴν
1339 1269 1613 1342 βούλησιν,
1657 1269 1752 1323 καὶ
1782 1267 1884 1339 τῆς

296 1367 508 1421 ἀκάκου
563 1365 893 1438 περιστερᾶς
936 1363 1037 1436 τὴν
1075 1361 1332 1428 ἀκακίαν,
1381 1359 1542 1426 ὄντας
1589 1357 1688 1432 μὲν
1732 1361 1883 1432 ἡμᾶς

298 1457 596 1530 φρονίμους
634 1458 714 1520 είς
743 1455 805 1509 τὸ
834 1453 1061 1524 ἀγαθὸν,
1084 1451 1378 1523 ἀκεραίους
1409 1449 1466 1504 δὲ
1491 1451 1571 1514 είς
1600 1450 1660 1504 τὸ
1687 1449 1879 1504 κακόν.

298 1556 409 1609 Καὶ
445 1553 665 1609 λέλυται
707 1553 742 1624 ἡ
783 1551 987 1604 τούτων
1033 1549 1184 1603 πᾶσα
1223 1545 1658 1620 δραματουργία.
1704 1543 1882 1609 Εὐθὺς

255 1711 261 1728 ο
295 1648 407 1719 γὰρ
443 1648 472 1701 ό
497 1647 650 1715 ἀγιος
691 1642 1012 1707 Ἀπόστολος
1037 1641 1098 1696 τὸ
1128 1640 1434 1712 πανοῦργον
1465 1638 1558 1693 καὶ
1597 1637 1881 1692 ἐπίϐουλον

295 1741 396 1810 οὐχ
419 1736 659 1810 ὁρίζεται
691 1733 1118 1807 περισσοτέρως,
1161 1729 1300 1786 ἁλλὰ
1340 1729 1478 1784 κατὰ
1513 1729 1605 1784 τοῦ
1634 1728 1880 1783 διαϐόλου

1992 530 2268 601 quomodo
2287 530 2596 584 columbam
2625 529 3119 598 imitabimur,on_isi
3154 529 3375 584 malitiae
3403 530 3578 584 simus

1990 629 2283 700 expertes?
2311 626 2634 698 Quanquam
2665 643 2840 699 genus
2874 626 3006 682 illud
3053 628 3233 681 avium
3283 641 3394 681 non
3427 627 3574 680 omni

1989 736 2056 775 ex
2105 728 2260 792 parte
2306 719 2582 774 laudabile
2611 719 2702 775 sit.
2736 718 2834 774 Est
2879 719 3025 774 enim
3064 718 3391 790 propensius
3419 718 3476 772 in
3511 717 3573 770 li-

1989 811 2253 880 bidinem,
2276 827 2340 868 ac
2370 812 2518 867 coitu
2545 810 2889 882 frequentius
2907 813 3099 874 utitur,
3137 817 3323 881 utpote
3348 808 3573 865 salacis-

1991 905 2191 961 simum
2250 913 2303 960 et
2340 904 2728 976 voluptuosum
2777 905 3003 961 animal.
3054 904 3207 961 Adde
3240 903 3574 958 imbecillum

1990 1003 2044 1051 et
2094 997 2372 1067 ignavum.
2427 996 2533 1052 Sed
2561 997 2707 1068 quod
2755 997 2895 1054 idem
2947 997 3172 1054 minime
3207 997 3570 1065 malum,pa-

1991 1089 2242 1160 tiensque
2273 1089 2366 1154 sit,
2397 1105 2496 1146 nec
2521 1090 2739 1160 injuriae
2763 1091 3091 1156 meminerit,
3120 1098 3234 1145 tum
3275 1103 3403 1146 vero
3430 1087 3574 1159 quod

1990 1178 2254 1234 columba
2269 1181 2452 1249 specie
2467 1178 2703 1249 Spiritus
2726 1189 2952 1238 sanctus
2976 1179 3320 1252 apparuerit;
3341 1178 3574 1249 idipsum

1989 1270 2134 1340 quod
2173 1269 2401 1341 Spiritui
2430 1281 2624 1328 sancto
2654 1280 2867 1343 gratum
2901 1288 2966 1328 ac
3011 1270 3317 1343 jucundum
3354 1275 3460 1336 est,
3493 1269 3569 1324 in-

1991 1364 2240 1420 nocentis
2292 1363 2559 1420 columbze
2618 1365 3024 1436 simplicitatem
3077 1365 3282 1419 imitari
3329 1379 3432 1420 nos
3483 1360 3574 1418 Dei

1989 1451 2229 1511 Verbum
2268 1449 2672 1523 admonuit,‘ut
2703 1457 2848 1531 quod
2875 1457 2942 1512 ad
2974 1458 3178 1513 bonum
3206 1457 3419 1521 attinet,
3445 1472 3575 1528 pru-

1989 1547 2180 1606 dentes
2204 1557 2259 1606 et
2281 1551 2488 1615 callidi,
2521 1551 2588 1607 ad
2627 1553 2834 1607 malum
2867 1567 2998 1608 vero
3029 1551 3308 1622 simplices
3337 1567 3459 1608 esse
3495 1550 3566 1604 vi-

1989 1641 2238 1697 deamur.
2265 1641 2384 1709 Qua
2404 1644 2618 1699 ratione
2652 1645 2831 1698 omnis
2853 1643 3072 1699 illorum
3100 1641 3434 1698 machinatio
3464 1642 3575 1698 dis-

1991 1733 2244 1789 solvitur.
2304 1733 2439 1788 Nam
2463 1743 2519 1790 et
2565 1734 2862 1805 Apostolus
2887 1737 3272 1790 veteratoriam
3309 1734 3576 1791 callidita-

299 1831 394 1885 ml
416 1829 510 1884 τοῦ
544 1829 742 1900 ὄφεως.
765 1827 941 1897 λέγων
963 1843 978 1857 ο
1010 1825 1307 1895 Φοϐοῦμαι
1337 1823 1407 1878 δὲ
1447 1823 1533 1893 μή
1575 1839 1719 1890 πως,
1746 1824 1825 1890 ὡς
1855 1827 1888 1879 ὁ

2001 1831 2100 1879 tem
2129 1833 2182 1879 et
2207 1824 2470 1878 malitiam
2505 1825 2960 1881 abundantiorem
2994 1825 3130 1880 nulli
3161 1839 3325 1896 quam
3359 1823 3577 1879 diabolo

299 1924 437 1994 ὄφις
488 1921 805 1990 ἠπάτησεν
846 1919 1033 1984 Εὕαν,
1073 1917 1143 1972 ἐν
1185 1917 1261 1986 τῇ
1310 1917 1646 1986 πανουργίᾳ
1672 1917 1882 1982 αὑτοῦ,

298 2013 501 2086 φθαρῇ
528 2013 601 2068 τὰ
631 2013 904 2083 νοήματα
920 2007 1089 2080 ὑμῶν
1116 2008 1236 2064 ἀπὸ
1280 2008 1394 2077 τῆς
1423 2007 1765 2076 ἁπλότητος
1787 2008 1887 2061 καί

298 2106 544 2176 ἁγνείας
573 2103 832 2174 Χριστοῦ
863 2103 962 2158 καὶ
983 2102 1394 2169 δικαιοσύνης.
1438 2100 1622 2172 Ὁρᾷς,
1653 2099 1728 2163 ὡς
1764 2098 1887 2169 φθο-

304 2196 405 2267 ρὰν
441 2195 720 2268 ἀπέφηνεν
749 2197 778 2250 ό
823 2194 1168 2259 ’Δπόστολος,
1195 2195 1288 2247 ml
1319 2192 1654 2263 πανουργίαν
1682 2191 1884 2264 δεινὴν,

300 2288 398 2342 καὶ
425 2287 642 2358 ἀπάτην
698 2286 766 2341 τά
794 2286 900 2342 ὑπὸ
948 2273 1045 2341 ’τοῦ
1091 2285 1268 2355 ὄφεως
1318 2285 1457 2357 πρὸς
1488 2285 1588 2358 τὴν
1610 2285 1754 2341 Εὕαν
1786 2304 1879 2339 περ

301 2378 794 2450 πραγματευμένα,
819 2379 914 2434 ml
937 2377 1037 2432 οὐκ
1063 2377 1348 2432 ἐπαινετόν
1361 2395 1414 2431 τι
1430 2377 1583 2449 παρὰ
1603 2377 1696 2431 τοῦ
1719 2376 1886 2432 αὐτοῦ

302 2470 669 2542 γεγενημένον
707 2470 952 2537 ὑπέδειξε
974 2488 990 2538 ;

371 2560 449 2615 8'.
484 2561 822 2632 Πανταχόθεν
838 2561 1018 2616 τοίνυν
1051 2560 1280 2633 φωρατὴ
1317 2563 1412 2616 καὶ
1445 2561 1667 2634 ἔκδηλος
1691 2565 1725 2634 ἡ
1764 2563 1890 2638 τού-

301 2669 412 2706 των
441 2653 595 2708 άνοιά
614 2655 732 2707 ἐστι
762 2656 927 2709 παντὶ
975 2653 1050 2726 τῷ
1081 2655 1391 2726 βουλομένῳ
1433 2653 1632 2708 είδέναι
1666 2653 1764 2726 τὴν
1792 2655 1889 2726 τῆς

303 2744 560 2817 ἀληθείας
591 2745 960 2809 διδασκαλίαν,
991 2746 1086 2798 καὶ
1129 2744 1446 2816 Πνεῦματος
1478 2744 1633 2814 ἁγίου
1665 2744 1887 2815 γνῶσιν.

305 2839 427 2892 Ἵνα
448 2838 504 2892 δὲ
542 2837 616 2909 μὴ
647 2837 923 2891 ἀναλίσκω
949 2837 1158 2907 χρόνον,
1191 2838 1285 2891 ml
1319 2837 1520 2909 ταύτην
1540 2837 1894 2910 διασεισάμεο

306 2948 395 2996 νος
427 2930 524 3002 τὴν
552 2931 796 3002 χαλεπὴν
826 2929 921 2983 καὶ
955 2929 1220 2983 δύσπλουν
1258 2928 1352 2982 τοῦ
1392 2929 1660 3000 πελάγους
1697 2929 1889 3002 ζάλην,

305 3022 399 3076 ἐπὶ
440 3021 539 3085 τὰς
589 3020 782 3092 ἐτέρας
830 3018 1148 3083 θαλαττίους
1192 3017 1550 3090 ποντοπορίας
1590 3018 1651 3072 τὸ
1687 3019 1894 3089 σκάφος

305 3113 620 3184 ὁπλίσομαι,
652 3111 928 3183 ἐπιμελῶς
952 3112 1076 3174 τοὺς
1106 3111 1340 3181 αὐχένας
1369 3108 1585 3182 κρατῶν
1612 3112 1670 3164 ἐν
1699 3113 1764 3184 τῇ
1798 3109 1892 3164 τοῦ

1995 1929 2060 1969 ac
2087 1915 2327 1986 serpenti
2375 1915 2567 1971 tribuit
2603 1915 2849 1983 :Timeo,
2881 1915 3079 1987 inquit,
3103 1932 3166 1970 ne
3199 1916 3338 1969 sicut
3370 1930 3582 1983 serpens

1996 2007 2162 2063 Evam
2183 2008 2388 2064 seduxit
2412 2014 2613 2065 astutia
2650 2027 2772 2076 sua,
2819 2010 2894 2065 ita
2941 2017 3355 2079 corrumpantur
3399 2024 3581 2062 sensus

1996 2100 2170 2163 vestri,
2203 2108 2252 2154 et
2284 2098 2530 2154 excidant
2556 2118 2588 2155 a
2620 2101 2984 2172 simplicitate,
3014 2111 3063 2156 et
3093 2101 3341 2154 castitate
3385 2096 3582 2154 Christi

1995 2208 2057 2246 ac
2075 2191 2295 2260 justitia
2329 2192 2368 2245 ‘.
2405 2191 2539 2247 Vide
2593 2201 2649 2246 ut
2678 2208 2800 2263 quae
2831 2200 3026 2249 contra
3060 2193 3228 2247 Evam
3267 2206 3297 2246 a
3332 2201 3581 2261 serpent:

1996 2291 2205 2340 structa
2229 2294 2378 2349 sunt,
2426 2285 2796 2356 corruptelam
2821 2295 2875 2340 et
2904 2285 3296 2356 nequissimam
3325 2283 3581 2339 astutiam

1997 2388 2060 2429 ac
2089 2374 2336 2430 fraudem
2368 2375 2668 2444 Apostolus
2689 2389 2814 2430 esse
2848 2373 3185 2444 pronuntiet,
3229 2387 3405 2444 neque
3423 2371 3585 2427 laude

1996 2466 2221 2535 dignum
2257 2466 2537 2536 quidpiam
2560 2466 2630 2521 ab
2668 2465 2762 2520 illo
2790 2473 3164 2536 perpetratum
3189 2465 3434 2520 defirniat.

2067 2554 2158 2610 IX.
2187 2555 2456 2623 Quocirca
2488 2555 2638 2612 omni
2659 2572 2725 2611 ex
2755 2565 2908 2628 parte
2941 2558 3156 2612 illorum
3189 2557 3585 2629 constringitur

1998 2664 2062 2704 ac
2091 2649 2401 2705 declaratur
2435 2651 2670 2706 amentia
2693 2693 2707 2718 ,
2744 2651 2789 2708 si
2818 2651 2943 2723 quis
2970 2651 3219 2708 veritatis
3252 2651 3585 2712 doctrinam,

1999 2756 2064 2796 ac
2091 2740 2331 2813 Spiritus
2360 2741 2537 2797 sancti
2561 2743 2849 2798 scientiam
2884 2743 3012 2799 velit
3039 2744 3338 2814 percipere.
3377 2741 3484 2800 Sed
3519 2760 3586 2798 ne

2001 2839 2216 2901 tempus
2251 2833 2392 2887 ultra
2417 2841 2721 2901 conteram,
2755 2833 2858 2889 hac
2906 2835 3055 2889 velut
3105 2833 3306 2889 difﬁcili
3347 2849 3409 2889 ac
3439 2835 3586 2905 peri-

2000 2921 2188 2976 culosa
2229 2922 2402 2995 pelagi
2445 2931 2768 2995 tempestate
2815 2923 3160 2995 perfunctus,
3211 2925 3470 2997 scapham
3515 2927 3583 2979 ad

2001 3013 2138 3071 alios
2159 3014 2564 3086 navigationqu
2588 3032 2785 3074 cursus
2814 3016 3125 3088 expediam:
3149 3017 3285 3074 adeo
3317 3028 3376 3073 ut
3401 3017 3584 3074 fauces

2002 3107 2147 3178 ipsas
2170 3106 2413 3163 studiose
2443 3115 2679 3176 teneam,
2711 3107 2891 3164 divina
2913 3110 2987 3176 vi,
3019 3125 3082 3164 ac
3114 3119 3429 3166 sanctorum
3461 3125 3584 3181 prc-

305 3205 443 3260 Θεοῦ
473 3205 702 3277 δυνάμει
738 3204 832 3257 καὶ
870 3204 1055 3274 εὐχαῖς
1082 3203 1274 3272 ἁγίων,
1305 3203 1453 3266 ὅπως
1484 3202 1890 3274 παραπλέοντες

2001 3201 2156 3256 cibus
2195 3200 2457 3269 confisus,
2493 3210 2627 3258 utet
2653 3202 3145 3260 vehementesirati
3171 3203 3340 3260 maris
3367 3204 3584 3269 fluctus,

307 3295 768 3366 κατοπτεύσωμεν
789 3292 898 3348 τῶν
925 3292 1132 3365 ἀγρίων
1171 3291 1430 3363 κυμάτων
1466 3291 1566 3363 τὴν
1600 3291 1894 3363 κύρτωσιν,

307 3388 526 3444 καὶτῶν
555 3390 737 3453 ἐντοῖς
768 3387 1030 3456 πελάγεσι
1057 3385 1263 3457 θηρίων
1288 3385 1508 3440 ἰοϐόλων
1537 3385 1637 3450 τὰς
1657 3387 1894 3457 μορφάς.

312 3481 616 3554 Ἀπληκτοι
662 3482 719 3534 δὲ
751 3480 859 3534 ἀπὸ
909 3467 1317 3552 σμυραινώδους
1355 3478 1434 3533 ίοῦ
1470 3480 1564 3533 ml
1613 3480 1894 3552 τρυγόνος,

309 3573 404 3626 καὶ
420 3571 736 3644 δρακαίνης,
759 3571 854 3625 ml
887 3570 1212 3643 καρχαρίου,
1244 3569 1340 3624 καὶ
1363 3569 1700 3642 σκορπαίνης
1726 3571 1900 3642 περά-

311 3681 424 3731 σαι,
465 3663 560 3718 ml
595 3663 690 3717 τοῦ
743 3663 917 3718 εὐδίου
959 3663 1060 3733 τῆς
1090 3662 1349 3734 ἀληθείας
1383 3663 1603 3735 λιμένος
1630 3663 1696 3717 δι’
1729 3663 1899 3735 εὐχῆς

309 3758 406 3811 καὶ
437 3758 648 3820 ἱκεσίας
673 3758 952 3828 ἐπιτυχεῖν
974 3756 1333 3828 δυνηθείημεν
1351 3771 1364 3785 ⁸
1399 3756 1780 3828 πληρουμένου
1804 3759 1898 3810 καὶ

310 3850 368 3903 ἐν
413 3848 557 3920 ἡμῖν
595 3846 690 3902 τοῦ
725 3847 914 3920 ῥητοῦ,
943 3847 1060 3913 τοῦ,
1096 3851 1161 3902 Οἱ
1201 3847 1664 3913 καταϐαίνοντες
1682 3849 1770 3915 εὶς
1794 3847 1896 3902 θά-

309 3943 579 4009 λασσαν,
593 3938 701 4007 τὰς
716 3939 932 4008 ἀρετὰς
947 3939 1056 3994 τοῦ
1082 3939 1305 4008 Κυρίου
1332 3936 1742 4008 διηγήσονται.
1781 3939 1896 4010 Ἐφ’

311 4031 505 4102 ἑτέραν
523 4031 700 4086 τοίνυν
721 4031 928 4104 ταύτην
961 4031 1195 4104 καθεξῆς
1219 4029 1317 4101 τὴν
1345 4031 1571 4102 πορείαν
1601 4033 1896 4104 ποιήσομαι

311 4125 448 4196 πρὸς
478 4125 749 4197 διήγησιν.

846 4239 1036 4292 ΚΑΤΑ
1066 4238 1403 4304 ΚΑΙΑΝΩΝ,

441 4351 966 4425 Ὀκτωκαιδεκάτη,
989 4355 1028 4424 η
1069 4353 1166 4407 καὶ
1207 4350 1532 4422 τριακοστὴ
1565 4351 1770 4423 ὀγδόη.

382 4469 460 4521 A’.
497 4467 726 4522 Καϊανοί
750 4437 1286 4538 τινεςιόνομάζονται,
1316 4466 1426 4520 ἀπὸ
1453 4464 1549 4520 τοῦ
1590 4465 1730 4521 Κάῖν
1756 4464 1899 4536 εἰλη-

1999 3302 2052 3348 et
2075 3302 2467 3349 venenatarum
2518 3293 2719 3351 ibidem
2765 3295 3065 3352 bestiarum
3112 3296 3325 3367 species
3366 3304 3588 3370 praetcr-

1999 3385 2182 3442 eundo
2221 3385 2504 3441 videamus
2547 3405 2560 3441 :
2608 3386 2852 3458 nihilque
2886 3388 3045 3443 nobis
3067 3387 3284 3444 interim
3312 3404 3586 3444 muraena—

2001 3493 2145 3544 rum,
2174 3484 2267 3532 aut
2332 3478 2650 3549 pastinacae,
2686 3489 2781 3534 aut
2830 3481 3116 3547 draeaanae,
3162 3491 3256 3537 aut
3294 3484 3586 3546 carcharii,

2001 3570 2084 3626 vel
2135 3585 2432 3641 scorpaenae
2481 3569 2632 3628 virus
2682 3573 2834 3627 exitii
2886 3571 3213 3630 afl‘eratzac
3259 3573 3478 3632 demum
3521 3579 3589 3631 ad

2005 3662 2217 3719 felicem
2268 3664 2516 3734 veritatis
2568 3673 2788 3735 portum
2841 3666 3099 3736 precibus
3141 3674 3196 3721 et
3242 3669 3589 3724 orationibus

2002 3753 2126 3810 freti
2165 3755 2441 3827 navigium
2480 3757 2857 3826 appellamus;
2911 3766 2970 3812 ut
3009 3758 3123 3813 haec
3176 3760 3230 3814 in
3264 3761 3426 3816 nobis
3463 3777 3589 3816 vera

2000 3845 2166 3920 276
2224 3848 2296 3904 sit
2351 3848 2646 3920 Scriptura:
2670 3850 2938 3905 sententia
2970 3869 2985 3905 :
3014 3851 3118 3917 Qui
3144 3853 3391 3923 navigant
3422 3871 3590 3917 mare,

2000 3943 2220 3996 virtutes
2273 3940 2489 3996 Domini
2531 3951 2754 3996 narrant
2785 3943 2825 3996 ‘.
2855 3940 2936 3998 Ad
2975 3944 3202 3999 alteram
3234 3945 3401 4015 igitur
3435 3946 3592 4001 dein-

2001 4049 2150 4104 ceps,
2192 4039 2251 4087 ut
2277 4031 2328 4086 id
2363 4049 2591 4089 narrare
2628 4033 2927 4104 possimus,
2955 4033 3354 4106 profectionem
3407 4037 3590 4092 accin-

2002 4137 2203 4193 gunur.

2427 4233 2800 4292 ADVERSUS
2837 4236 3156 4305 CAIANOS,

2179 4345 2311 4413 Qua:
2335 4359 2415 4405 est
2445 4350 2660 4406 ha'resis
2696 4350 2902 4407 XVIII
2930 4355 3034 4408 sive
3073 4353 3229 4408 XXX
3248 4355 3410 4409 VIII.

2072 4465 2112 4519 l.
2151 4465 2256 4533 Qui
2284 4465 2475 4522 Caiani
2517 4466 2678 4540 vulgo
2716 4476 3125 4541 nuncupantur,
3165 4471 3395 4528 haeresin
3432 4487 3586 4528 suam

311 4560 472 4629 φότες
524 4557 624 4630 τὴν
675 4557 994 4630 ἐπωνυμίαν
1029 4557 1131 4628 τῆς
1162 4559 1448 4630 αἱρέσεως.
1477 4551 1635 4612 Οὗτοι
1667 4558 1777 4630 γὰρ
1807 4557 1890 4611 τὸν

2007 4574 2037 4613 a
2076 4557 2250 4615 Caino
2279 4560 2761 4632 cognominarunt.
2805 4559 2964 4618 liunc
3004 4565 3146 4619 enim
3184 4566 3502 4636 praedicant,
3533 4577 3588 4622 et

309 4651 452 4705 Κάῖν
484 4650 790 4713 ἐπαινοῦσι,
823 4651 916 4704 καὶ
937 4650 1150 4720 πατέρα
1171 4651 1382 4704 ἑαυτῶν
1408 4648 1597 4705 τοῦτον
1622 4651 1898 4718 τάττουσι,

310 4741 407 4797 ml
423 4742 598 4806 αὐτοὶ,
634 4741 710 4806 ὡς
727 4743 923 4807 εἰπεῖν,
951 4741 1028 4806 ὡς
1058 4741 1167 4796 ἀπὺ
1197 4741 1462 4813 διαφορᾶς
1479 4742 1904 4806 ἐπαναστάσεως

310 4835 571 4907 κυμάτων
609 4831 943 4906 ὁρμώμενοι,
972 4833 1073 4887 οὐκ
1112 4833 1216 4902 ἔξω
1243 4833 1396 4898 ὅντες
1418 4831 1514 4887 τοῦ
1548 4832 1712 4888 αὐτοῦ
1740 4832 1902 4887 σάλου

312 4928 407 4982 ml
433 4927 702 4991 κλύδωνος
722 4943 736 4959 ο
761 4927 859 4982 καὶ
900 4927 977 4990 ὡς
1021 4924 1130 4981 ἀπὸ
1149 4925 1496 4990 ἀκανθώδους
1531 4925 1662 4998 ὐλης
1698 4925 1904 4998 προκύ-

307 5023 531 5094 ψαντες,
563 5021 664 5074 οὐκ
703 5019 860 5084 ἐκτὸς
877 5019 1029 5082 ὄντες
1053 5017 1254 5082 παντὸς
1273 5017 1366 5070 τοῦ
1387 5016 1562 5090 σωροῦ
1589 5017 1699 5071 τῶν
1735 5019 1905 5072 ἀκαν-

311 5118 446 5182 θῶν,
479 5118 528 5170 el
554 5116 647 5170 ml
673 5115 920 5186 διάφοροι
947 5112 1027 5184 τῷ
1047 5111 1274 5183 ὀνόματί
1307 5113 1465 5168 εἰσιν.
1495 5111 1774 5170 ’Δκανθῶν
1804 5112 1904 5183 μὲν

309 5210 423 5282 γάρ
448 5209 579 5280 γένη
609 5207 800 5273 πολλὰ,
832 5207 980 5279 ὅμως
1001 5209 1057 5260 ὲν
1088 5204 1334 5260 ἆπασιτὸ
1365 5204 1637 5278 μοχθηρὸν
1660 5207 1760 5279 τῆς
1782 5223 1896 5260 κεν-

309 5301 552 5373 τρώδους
579 5300 792 5364 ἀδικίας
821 5300 1052 5354 ἔνεστιν.

382 5391 541 5450 Οὗτοί
571 5411 704 5465 φασι
728 5394 818 5447 τὸν
850 5393 990 5446 Κάῖν
1018 5393 1083 5445 ἐκ
1116 5391 1217 5462 τῆς
1245 5389 1596 5462 ἰσχυροτέρας
1616 5390 1898 5461 δυνάμεως

309 5489 580 5560 ὑπάρχειν
620 5487 844 5558 καὶτῆς
885 5483 1092 5540 ἄνωθεν
1139 5484 1458 5546 αὐθεντίας⁶
1501 5482 1638 5536 ἀλλὰ
1675 5483 1770 5536 καὶ
1805 5481 1896 5536 τὸν

321 5578 516 5646 Ἡσαῦ,
556 5579 649 5634 καὶ
669 5581 794 5642 τοὺς
832 5578 960 5648 περὶ
990 5576 1156 5648 Κορὲ,
1177 5576 1270 5630 καὶ
1301 5576 1427 5640 τοὺς
1452 5574 1772 5647 Σοδομίτας·
1804 5573 1895 5629 τὸν

391 5766 406 5797 ⁸
433 5761 475 5818 ll
501 5763 628 5822 Cor.
663 5782 737 5834 si,
772 5767 820 5821 ὅ
908 5767 927 5796 ³
955 5763 1124 5824 Eccli.
1155 5782 1307 5833 xmn,
1333 5764 1428 5820 26.

2003 4660 2281 4722 parentem
2331 4667 2491 4708 suum
2546 4653 2840 4723 appellant.
2895 4655 2997 4722 Qui
3029 4656 3249 4727 quidem
3293 4658 3484 4723 variis,
3528 4671 3586 4714 ut

2005 4744 2080 4798 ita
2119 4744 2321 4804 dicam,
2353 4759 2384 4800 e
2424 4743 2690 4799 ﬂuctuum
2723 4744 3120 4815 jactationibus
3141 4749 3362 4815 emersi,
3394 4751 3584 4806 eodem

2005 4834 2061 4889 in
2094 4835 2211 4888 salo
2240 4841 2294 4889 et
2319 4834 2556 4903 procella
2603 4833 3028 4903 confliCtantur;
3067 4853 3130 4892 ac
3171 4841 3319 4894 velut
3348 4856 3380 4896 e
3413 4842 3587 4910 spinis

2003 4938 2057 4982 et
2115 4925 2373 4996 vepribus
2435 4927 2774 4993 eminentes,
2817 4943 3036 5000 unaque
3092 4931 3378 5002 spinarum
3433 4941 3588 4991 strue

2003 5016 2384 5087 comprehensi
2435 5015 2699 5072 duntaxat
2754 5020 3217 5091 appellationibus
3247 5023 3584 5097 discrepant.

2002 5108 2138 5164 Nam
2185 5108 2467 5180 spinarum
2524 5125 2720 5181 genera
2753 5110 2971 5181 quidem
3011 5113 3160 5167 varia
3184 5124 3350 5184 sunt;
3391 5119 3484 5172 sed
3519 5119 3586 5173 ad

2003 5199 2351 5272 pungendum
2385 5202 2802 5274 nocendumque
2827 5204 2910 5261 vis
2947 5205 3203 5264 omnibus
3231 5219 3315 5264 est
3343 5225 3577 5266 commu-

2005 5296 2148 5350 niter
2179 5295 2364 5351 insita.
3337 5289 3342 5297 ’

2079 5388 2245 5459 Igitur
2273 5389 2463 5445 Caiani
2502 5406 2530 5445 a
2558 5391 2850 5464 potentiori
2885 5393 3120 5463 quadam
3151 5395 3352 5451 virtute
3381 5411 3444 5452 ac
3471 5411 3587 5453 cm~

2004 5480 2128 5536 lesti
2156 5483 2481 5541 auctoritate
2517 5484 2824 5541 derivatum
2868 5502 2990 5544 esse
3014 5487 3241 5543 Cainum
3267 5488 3586 5560 praedicant,
3697 5493 3714 5512 ‘

2005 5589 2219 5631 necnon
2253 5583 2306 5632 et
2337 5575 2502 5647 Esau,
2537 5587 2591 5636 et
2641 5578 2780 5636 Core
2805 5595 2928 5637 cum
2975 5581 3110 5647 suis,
3141 5581 3378 5655 itemque
3415 5581 3588 5641 Sodo-
