3950 6134
392 292 509 351 τ55

1823 285 1882 343 S.
1924 280 2272 346 ΕΡΙΡΠΑΝΙΙ

3566 285 3670 340 656

398 417 595 477 muas;
627 406 851 464 Abelum
880 421 1008 464 vero
1032 407 1099 464 ab
1116 406 1457 465 imbecilliori
1478 404 1978 477 virtuteprodiisse.

2087 406 2142 460 δὲ
2176 405 2345 460 ’Ἅϐελ
2376 406 2442 461 ἐκ
2472 405 2573 478 τῆς
2612 404 3007 477 ἀσθενεστέρας
3053 400 3339 475 δυνάμεως
3386 401 3667 476 ὑπάρχειν.

401 500 765 568 Quamobrem
821 501 943 558 illos
975 516 1170 558 omnes
1218 501 1481 573 opinione
1526 515 1625 557 sua
1661 498 1983 562 laudandos,

402 606 467 645 ac
493 607 677 647 secum
703 592 1111 649 necessitudine
1152 592 1478 662 conjunctos
1506 596 1783 654 asserunt,
1809 589 1986 660 deque

412 683 683 752 ejusmodi
730 698 854 738 cum
881 682 1073 738 Caino
1104 691 1157 738 et
1186 681 1505 748 Sodomitis,
1553 682 1695 737 Core
1747 686 1801 736 et
1839 680 1983 736 Esau

400 774 728 845 cOgnatioue
778 773 1108 845 gloriantur,
1156 789 1227 829 ac
1262 773 1519 846 perfecta:
1569 771 1987 840 sublimiorique

399 867 644 922 scientiae
679 867 809 923 illos-
830 866 1138 922 ascribunt.
1171 864 1297 921 ldeo
1322 862 1510 919 mundi
1539 863 1704 934 hujus
1734 861 1984 934 opificem

399 965 614 1026 putant,
640 972 772 1012 etum
826 956 894 1012 ad
933 972 1028 1014 eos
1069 956 1320 1013 funditus
1352 953 1720 1028 prolligandos
1766 953 1983 1009 incum-

396 1050 576 1112 beret,
614 1064 812 1106 nocere
842 1049 979 1105 nihil
1011 1051 1235 1105 omnino
1260 1048 1525 1121 potuisse.
1555 1047 1642 1103 Ab
1673 1062 1740 1103 eo
1782 1047 1985 1119 quippe

401 1139 726 1209 semetipsos
753 1140 1082 1205 occultasse,
1101 1147 1154 1194 ct
1179 1139 1234 1194 in
1262 1154 1579 1211 supremum
1607 1137 1837 1194 Eonem
1863 1152 1987 1195 esse

400 1239 769 1286 commulatos
798 1248 812 1286 :
846 1230 993 1287 unde
1047 1239 1102 1287 et
1155 1230 1457 1287 fortissima
1507 1230 1599 1286 illa
1646 1231 1823 1286 virtus
1876 1236 1982 1286 est.

399 1319 534 1374 Nam
571 1322 693 1376 illos
724 1322 791 1378 ad
828 1338 949 1378 sese
989 1320 1265 1393 Sapientia
1300 1332 1489 1393 utpote
1520 1323 1866 1378 necessarios
1889 1322 1987 1377 ad-

400 1409 567 1463 misit.
621 1408 912 1480 Propterea
950 1408 1145 1466 Judam
1185 1420 1444 1467 accurate
1493 1406 1681 1466 omnia
1731 1411 1848 1466 haec
1887 1410 1986 1466 ha-

401 1500 584 1557 buisse
617 1510 899 1573 perspecta
933 1511 1261 1559 memorant.
1308 1500 1483 1570 Quem
1518 1502 1740 1574 quidem
1770 1501 1983 1557 allinem

394 1606 516 1645 esse
561 1606 720 1647 suum
749 1592 1027 1662 jaCtitant,
1057 1584 1347 1662 eidemque
1391 1593 1748 1648 excellentem
1785 1607 1985 1663 quam-

393 1679 520 1735 dam
554 1681 661 1735 vim
692 1681 1027 1753 cognitionis
1066 1682 1398 1736 attribuunt.
1434 1680 1590 1748 Quod
1640 1696 1818 1752 usque
1848 1682 1984 1738 adeo

2087 494 2243 553 Εἶναι
2270 499 2325 553 δὲ
2353 500 2578 564 τούτους
2608 501 2817 563 πάντας
2848 500 2978 569 παρ’
3000 497 3183 560 αὐτοῖς
3207 496 3551 562 ἐπαινετοὺς,
3581 497 3671 551 καὶ

2086 592 2187 664 τῆς
2225 593 2405 648 αὐτῶν
2457 594 2799 663 συγγενείας.
2852 592 3217 664 Σεμνύνονται
3249 592 3361 665 γὰρ
3393 595 3677 661 συγγενεῖς

2090 680 2229 740 εἶναι
2272 686 2368 740 τοῦ
2404 686 2568 753 Κάῖν,
2613 687 2708 742 καὶ
2742 686 2853 740 τῶν
2870 685 3196 757 Σοδομιτῶν,
3228 687 3322 739 καὶ
3364 684 3560 750 Ἡσαῦ,
3584 686 3675 738 καί

2088 777 2235 848 Κορέ
2254 794 2267 808 ·
2301 778 2396 832 καὶ
2426 771 2595 843 οὗτοι,
2627 778 2814 849 φασὶν,
2836 778 2944 850 είισὶ
2979 777 3078 849 τῆς
3103 775 3319 840 τελείας
3349 776 3445 831 xal.
3472 774 3678 850 ἀνωθεν

2089 844 2363 934 γνῶσεως.
2412 867 2504 921 Διὸ
2553 844 2651 922 καί
2695 867 2788 922 τόν
2839 844 3069 939 ποιητὴν
3109 865 3203 920 τοῦ
3250 867 3460 937 κόσμου
3486 844 3677 921 τούτόυ

2088 957 2243 1027 φησὶ,
2276 957 2403 1030 περὶ
2431 958 2532 1029 τὴν
2570 958 2776 1012 τούτων
2819 957 3079 1012 ἀνάλυσιν
3111 956 3472 1028 ἑσχολακότα,
3511 957 3680 1029 μηδὲν

2083 1045 2402 1119 δεδυνῆσθαι
2425 1049 2622 1113 αὐτοὺς
2638 1048 2858 1120 βλάψαι.
2890 1046 3234 1119 Ἐκρύϐησαν
3260 1047 3370 1120 γὰρ
3399 1047 3494 1102 ἀπ’
3512 1047 3679 1101 αὐτοῦ

2085 1140 2180 1193 καὶ
2217 1140 2629 1212 μετεϐλήθησαν
2662 1142 2742 1210 εἰς
2769 1141 2860 1195 τὸν
2886 1140 2998 1195 ἀνω
3017 1138 3222 1204 Δίῶνα,
3247 1140 3372 1194 ὅθεν
3409 1140 3445 1211 ἡ
3482 1140 3680 1211 ἰσχυρά

2084 1231 2315 1304 δύναμίς
2363 1234 2499 1287 ἑστι.
2556 1233 2702 1306 Πρὸς
2756 1232 2955 1304 ἑαυτὴν
3005 1231 3117 1305 γὰρ
3168 1234 3203 1304 ἡ
3257 1231 3429 1301 Σοφία
3481 1233 3680 1295 αὐτοὺς

2087 1324 2422 1396 προσήκατο,
2460 1323 2624 1395 ίδίους
2674 1322 2846 1394 αὐτῆς
2889 1323 3071 1387 όντας.
3112 1323 3223 1376 Kal
3251 1321 3443 1376 τούτου
3491 1321 3680 1376 ἕνεκεν

2084 1400 2431 1469 τδν“’ἰούδαν
2467 1414 2712 1488 ἀκριϐῶς
2775 1415 2845 1468 τὰ
2882 1396 3012 1487 περὶ
3049 1413 3254 1469 τούτων
3304 1413 3679 1483 ἐπεγνωκέναι

2085 1503 2325 1574 λέγουσι.
2385 1505 2497 1560 Kal.
2540 1505 2731 1560 τοῦτον
2790 1505 2901 1579 γὰρ
2948 1504 3196 1558 θέλουσιν
3254 1499 3397 1558 εἶναι
3441 1504 3679 1574 συγγενῆ

2084 1597 2315 1664 ἑαυτῶν,
2360 1598 2464 1652 νκαὶ
2502 1599 2559 1652 ἑν
2600 1597 2857 1668 γνώσεως
2901 1597 3177 1670 ὑπερϐολῇ
3210 1598 3301 1650 τὸν
3337 1598 3503 1669 αὐτὸν
3548 1614 3684 1652 κατ-

2086 1689 2604 1762 αριθμοῦσιν.⁹Ωστε
2635 1690 2730 1744 καὶ
2760 1689 3160 1762 συνταγμάτιόν
3181 1708 3234 1743 τι
3258 1688 3445 1762 φέρειν
3476 1689 3536 1756 ἑξ
3561 1691 3680 1745 ὀνό-

394 1773 719 1839 del'endunt,
773 1784 835 1829 ut
876 1774 999 1844 ejus
1033 1775 1255 1830 nomine
1298 1774 1623 1844 inscriptum
1660 1775 1982 1845 opusculum

2091 1754 2259 1851 pato;
2289 1780 2476 1849 αὑτοῦ,
2508 1781 2536 1835 ὃ
2568 1781 2904 1851 Εύαγγέλιον
2941 1754 3036 1835 τοῦ
3077 1754 3535 1834 Ἰούδα-καλοῦσι.
3566 1779 3683 1834 Kal.

395 1863 811 1931 circumferant,
862 1866 1009 1936 quod
1060 1864 1216 1921 Iuda:
1272 1864 1631 1937 Evangelium
1683 1866 1981 1936 appellant.

395 1954 496 2009 Cui
553 1955 754 2010 similia
819 1950 1064 2027 quaedam
1117 1956 1222 2010 alia
1264 1956 1543 2010 volumina
1588 1955 1987 2011 conﬁnxerunt

395 2049 659 2104 adversus
711 2041 1022 2120 Hysteram,
1073 2049 1178 2103 hoc
1212 2052 1297 2103 est
1333 2057 1549 2103 uterum
1578 2066 1591 2104 :
1624 2063 1733 2118 quo
1762 2049 1987 2106 nomine

397 2138 568 2195 totius
603 2134 1144 2203 universitatis,'boc
1171 2147 1256 2195 est
1286 2132 1411 2196 eali
1445 2147 1714 2211 terraeque
1754 2139 1988 2197 fabrica-

394 2235 567 2281 torem
633 2234 856 2282 vocant.
919 2225 1129 2299 Negant
1168 2241 1336 2298 porro
1364 2228 1584 2284 liberari
1631 2229 1775 2286 ullos
1801 2245 1984 2300 posse,

395 2317 502 2372 nisi
561 2332 658 2388 per
707 2318 891 2373 omnia
942 2319 1285 2384 transierint,
1316 2319 1464 2392 quod
1517 2326 1572 2375 et
1624 2320 1986 2392 Carpocrates

393 2409 650 2480 opinatus
674 2419 779 2465 est.

464 2499 627 2572 277
679 2502 744 2557 ll.
781 2498 1017 2568 Quilibet
1051 2501 1197 2556 enim
1232 2500 1450 2557 illorum
1484 2499 1649 2572 hujus
1682 2502 1987 2558 occasione

393 2591 665 2660 dogmatis
697 2591 905 2646 nefaria
933 2590 1179 2662 quaedam
1220 2601 1546 2664 perpetrans
1568 2633 1582 2659 ,
1624 2607 1792 2664 seque
1830 2609 1989 2650 exse-

395 2683 617 2738 crandis
656 2682 711 2736 in
746 2682 1069 2740 libidinibus
1108 2697 1174 2738 ac
1217 2684 1545 2755 ﬂagitiorum
1591 2699 1789 2755 genere
1836 2686 1986 2741 omni

395 2775 665 2838 volutans,
702 2774 1043 2845 singulorum
1083 2775 1401 2848 angelorum
1428 2777 1646 2830 nomina
1676 2817 1693 2846 ,
1737 2785 1845 2831 tam
1892 2793 1986 2833 ve-

394 2883 580 2922 rorum
601 2908 616 2935 ,
656 2882 819 2939 quam
853 2867 921 2923 ab
949 2864 1089 2939 ipsis
1128 2867 1488 2923 conﬁCtorum
1519 2867 1780 2924 invocans
1802 2910 1817 2936 ,
1857 2869 1984 2924 uni-

393 2963 592 3031 cuique
620 2961 1000 3017 detestandum
1032 2959 1253 3031 aliquod
1289 2959 1504 3015 facinus
1530 3003 1544 3023 ,
1577 2975 1640 3016 ac
1669 2972 1981 3032 peccatum,

392 3056 540 3109 velut
593 3052 923 3123 praecipuum
962 3052 1245 3106 attribuit:
1293 3066 1359 3106 ac
1401 3053 1779 3124 qualecunque
1818 3070 1980 3110 suum

393 3148 574 3204 scelus
613 3146 747 3201 certi
777 3145 1083 3216 cujuspiam
1118 3145 1185 3199 ad
1227 3145 1403 3216 angeli
1443 3160 1641 3201 nomen
1673 3159 1977 3202 accommo-
2010 3111 2054 3171 C

392 3241 504 3293 dat.
535 3238 672 3293 Cum
697 3238 839 3293 enim
868 3236 1136 3307 ejusmodi
1172 3236 1379 3307 aliquid
1417 3236 1766 3293 committunt
1788 3277 1804 3304 ,
1838 3238 1983 3295 hunc

393 3332 450 3386 in
482 3331 699 3386 modum
738 3327 957 3400 praefari
985 3328 1203 3384 solent:
1238 3326 1283 3383 Ο
1311 3329 1503 3401 angele
1538 3327 1628 3394 N.,
1657 3338 1808 3384 tuum
1845 3344 1983 3399 opus

392 3439 643 3480 exerceo.
681 3422 726 3478 0
762 3429 1003 3494 potestas
1030 3422 1096 3476 N.
1123 3463 1138 3489 ,
1174 3421 1388 3477 actione
1427 3430 1520 3476 tua
1554 3420 1769 3492 fungor.
1804 3422 1983 3494 Atque

394 3517 539 3572 istud
566 3517 743 3587 ipsum
775 3523 891 3580 est,
921 3513 1066 3584 quod
1099 3514 1167 3569 ab
1198 3514 1307 3569 illis
1333 3514 1583 3568 absoluta
1625 3514 1864 3586 cognitio
1894 3514 1981 3569 di-

392 3610 575 3676 citur;
613 3606 1051 3679 quandoquidem
1100 3614 1161 3660 ut
1199 3621 1296 3676 per
1333 3604 1567 3660 nefanda
1614 3607 1798 3660 omnia
1832 3604 1982 3678 ﬂagi-

392 3704 592 3755 tiorum
613 3714 815 3772 genera
845 3699 1065 3769 impune
1089 3698 1164 3752 ita
1195 3697 1507 3765 volitarent,
1538 3713 1570 3753 a
1599 3698 1979 3769 superioribus

391 3793 557 3848 sectis
592 3791 740 3846 velut
767 3790 1089 3862 parentibus
1111 3831 1126 3855 ,
1158 3787 1549 3844 Gnosticorum
1593 3789 1879 3856 videlicet,
1914 3805 1981 3846 ac

388 3883 622 3949 Nicolai,
653 3882 827 3953 iisque
859 3879 1097 3935 amnium
1124 3877 1632 3936 Valentinianorum
1664 3885 1720 3934 et
1772 3879 1979 3950 Carpo-

388 3975 557 4031 cratis
586 3974 932 4045 dogmatibus
958 3971 1304 4028 occasionem
1336 3971 1481 4025 nacti
1517 3976 1668 4025 sunt.

459 4064 711 4121 Pervenit
737 4071 791 4119 et
814 4063 880 4117 ad
905 4079 1006 4118 nos
1040 4072 1225 4118 certus
1245 4061 1563 4118 eorumdem
1599 4060 1758 4125 liber,
1785 4061 1840 4115 in
1866 4075 1976 4132 quo
2048 4114 2053 4119 .

388 4156 814 4213 sceleratissima
840 4155 1029 4209 nescio
1059 4170 1181 4224 qua:
1202 4154 1466 4209 vocabula
1498 4154 1792 4208 commenti
1827 4161 1977 4219 sunt,

392 4249 447 4302 in
479 4262 652 4317 eoque
680 4247 786 4299 ista
813 4245 1189 4298 continentur.
1223 4241 1324 4296 Hic
1354 4252 1458 4307 est,
1491 4243 1689 4310 inquit,
1730 4244 1977 4313 angelus,

392 4353 423 4391 a
467 4352 576 4407 quo
605 4334 818 4406 Moyses
846 4340 1154 4388 excaacatus
1187 4341 1275 4387 est
1298 4371 1314 4396 ,
1348 4333 1497 4403 iique
1532 4334 1709 4403 angeli
1739 4344 1901 4401 sunt,
1944 4352 1977 4391 a

2088 1870 2223 1925 ἄλλα
2251 1872 2374 1926 τινά
2413 1872 2825 1945 συγγράμματα
2875 1872 3140 1936 ὡσαύτως
3168 1872 3498 1928 πλάττονται
3539 1872 3682 1926 κατά

2086 1965 2187 2035 τῆς
2230 1962 2493 2039 ’Υστέρας
2512 1981 2527 1996 ο
2561 1964 2628 2036 ἢν
2685 1963 2953 2035 ’Υστέραν
2974 1961 3065 2018 τὸν
3089 1964 3321 2035 ποιητὴν
3352 1961 3448 2017 τοῦ
3479 1963 3683 2025 παντθις

2086 2054 2278 2110 τούτου
2336 2055 2431 2110 τοῦ
2471 2055 2692 2123 κύτους,
2733 2056 2966 2129 ούρανοῦ
3021 2074 3082 2109 τε
3128 2057 3223 2110 καί
3263 2056 3389 2128 γῆς,
3426 2053 3679 2109 καλοῦσι.

2088 2147 2198 2200 Καί
2233 2144 2306 2219 μὴ
2328 2145 2590 2201 δύνασθαί
2628 2163 2758 2217 φασι
2809 2144 3151 2218 σωθήσεσθαί
3178 2163 3320 2210 τινα,
3352 2144 3453 2198 ἑὰν
3489 2144 3564 2215 μὴ
3590 2142 3681 2197 διά

2089 2237 2308 2293 πάντων
2336 2239 2682 2312 χωρήσωσιν,
2714 2237 2792 2302 ὡς
2815 2234 2912 2291 καὶ
2940 2240 2968 2291 ό
3000 2236 3410 2310 Καρποκράτης
3435 2236 3605 2306 λέγει.

2158 2497 2234 2552 B'.
2276 2497 2544 2562 Ἕκαστος
2575 2499 2686 2572 γάρ
2716 2499 2899 2556 αὐτῶν
2924 2500 3084 2575 δῆθεν
3126 2501 3217 2557 ea
3255 2502 3355 2575 τὴν
3401 2503 3683 2575 πρόφασιν

2083 2580 2290 2660 ταύτην
2338 2588 2554 2660 ἄρρητα
2591 2588 2783 2655 ποιῶν,
2820 2591 2927 2645 ’καὶ
2975 2592 3372 2663 αἰσχρουργίας
3387 2592 3678 2654 ἐπιτελῶν,

2087 2679 2308 2751 ἀμαρτή
2317 2679 2465 2750 ματά
2490 2698 2549 2733 τε
2582 2680 2681 2733 ὃσα
2707 2681 2824 2735 ἐστὶ
2865 2681 3141 2754 πράττων,
3172 2680 3512 2737 ἐπικαλεῖται
3546 2684 3682 2736 ἑκᾶο

2089 2789 2214 2825 στου
2263 2772 2497 2842 ἀγγέλου
2552 2772 2743 2843 όνομα,
2779 2772 2889 2827 τῶν
2937 2792 2995 2828 τε
3038 2772 3208 2829 ὄντων
3258 2773 3531 2844 ἀγγέλων,
3578 2775 3684 2829 καὶ

2084 2864 2195 2917 τῶν
2222 2866 2349 2938 παρ’
2384 2866 2567 2931 αὐτοῖς
2594 2867 2852 2931 πλαστῶς
2884 2864 3224 2937 λεγομένων·
3262 2867 3359 2920 καὶ
3386 2868 3624 2921 ἑκάστου
3661 2871 3682 2900 ⁸

2080 2954 2295 3009 τούτων
2332 2956 2640 3027 προσάπτει
2683 2975 2736 3013 τι
2768 2957 2928 3030 ἔργον
2979 2958 3238 3030 ἀθέμιτον
3288 2958 3399 3011 τῶν
3450 2960 3545 3013 ἐπὶ
3575 2959 3683 3030 τῆς

2082 3046 2524 3119 ἁμαρτημάτων,
2578 3047 2677 3120 τὴν
2731 3048 2932 3123 πρᾶξιν
2958 3050 3056 3122 τὴν
3108 3051 3244 3105 ἰδίαν
3288 3038 3370 3115 ei;
3413 3051 3588 3122 ὄνομα
3614 3049 3682 3107 οὗ

2086 3138 2336 3210 βούλεται
2370 3140 2601 3210 ἀγγέλου
2630 3142 2941 3213 ἀναφέρων.
2974 3142 3086 3196 Kal.
3116 3142 3246 3198 ὅταν
3290 3143 3469 3198 ταῦτα
3499 3146 3679 3215 πράτ-

2083 3248 2270 3298 τωσιν,
2307 3230 2452 3287 οὕτω
2518 3230 2798 3303 λέγουσιν·
2847 3235 2905 3287 Ὁ
2949 3234 3095 3288 δεῖνα
3125 3234 3346 3304 ἄγγελε,
3385 3235 3681 3307 καταχρῶ-

2078 3323 2186 3394 ’μαί
2225 3341 2317 3378 σου
2369 3324 2431 3378 τδ
2480 3324 2674 3397 ἔργον·
2725 3327 2759 3398 ἡ
2812 3325 2960 3380 δεῖνα
2990 3324 3249 3394 ἑξουσία,
3292 3327 3524 3400 πράττω
3580 3346 3677 3382 σου

2083 3416 2182 3487 τὴν
2234 3416 2453 3488 πρᾶξιν.
2506 3416 2616 3470 Kal.
2657 3417 2814 3471 τοῦτο
2861 3417 3063 3486 γνῶσις
3094 3417 3275 3472 τελεία
3317 3420 3449 3490 παρ’
3487 3421 3678 3486 αὐτοῖς

2080 3507 2200 3561 ἑστι
2257 3507 2547 3580 λεγόμενον
2567 3525 2581 3540 °
2634 3509 2822 3581 ἐπειδὴ
2865 3509 3038 3573 ἀδεῶς
3091 3509 3183 3562 ἐπὶ
3229 3509 3330 3574 τὰς
3378 3509 3679 3582 ἀθεμίτους

2085 3601 2480 3674 αἰσχρουργίας
2523 3603 2698 3674 όρμᾷν
2730 3603 2831 3666 τὰς
2878 3602 3182 3673 προφάσεις
3212 3603 3375 3674 δῆθεν
3426 3604 3537 3663 ἀπὸ
3564 3605 3677 3658 τῶν

2084 3694 2497 3766 προειρημένων
2527 3694 2780 3766 μητέρων
2808 3695 2903 3759 καὶ
2931 3695 3183 3768 πατέρων
3210 3696 3497 3769 αἱρέσεων,
3530 3699 3676 3767 φημὶ

2082 3784 2405 3840 Γνωστικῶν
2429 3785 2527 3839 καὶ
2558 3786 2848 3852 Νικολάου,
2885 3788 2977 3841 καὶ
3007 3784 3115 3843 τῶν
3150 3790 3248 3843 σὺν
3275 3789 3465 3853 αὐτοῖς
3526 3790 3673 3845 Ozia-

2080 3874 2320 3932 λεντίνου
2352 3896 2414 3931 τε
2449 3879 2542 3932 καὶ
2565 3877 3026 3951 Καρποκράτους,
3061 3881 3382 3953 ἐσχήκασιν.

2155 4054 2297 4126 Ἤδη
2322 4053 2380 4108 δὲ
2412 4054 2626 4125 διῆλθεν
2658 4056 2738 4119 εἰς
2760 4057 2912 4127 ἡμᾶς
2942 4055 3039 4110 καὶ
3069 4054 3292 4126 βιϐλίον,
3344 4059 3404 4112 ἑν
3428 4051 3475 4128 ᾧ
3502 4060 3675 4117 ἐπλά-

2081 4161 2243 4198 σαντο
2278 4145 2502 4218 ῥήματά
2527 4162 2650 4201 τινα
2684 4146 2916 4218 ἀνομίας
2946 4146 3150 4219 πλήρη,
3199 4147 3347 4209 οὕτω,
3373 4152 3635 4223 περιέχον
3657 4171 3671 4183 ·

2079 4238 2183 4303 ὅτι,
2214 4240 2400 4309 φησὶν,
2440 4232 2608 4302 Οὗτός
2662 4239 2810 4292 ἑστιν
2859 4241 2887 4292 ό
2934 4238 3167 4308 ἄγγελος
3198 4242 3226 4293 ό
3276 4239 3369 4294 τὸν
3427 4243 3674 4298 Μωῦσέα

2078 4333 2388 4405 τυφλώσας,
2429 4333 2525 4387 καὶ
2566 4324 2712 4386 οὗτοί
2754 4334 2894 4387 εἰσιν
2937 4334 2986 4386 οἰ
3022 4332 3244 4401 ἄγγελοι
3275 4334 3327 4387 οἰ
3360 4335 3492 4400 τοὺς
3539 4339 3673 4409 περὶ

388 4429 593 4500 quibus
623 4426 765 4480 Core
786 4464 802 4489 ,
844 4423 1054 4477 Dathan
1099 4429 1156 4477 et
1204 4422 1411 4477 Abiron
1430 4462 1446 4487 ,
1474 4422 1772 4495 eorumque
1797 4436 1977 4484 serta-

2084 4427 2245 4499 Κορὲ,
2278 4426 2374 4480 xal.
2402 4425 2601 4490 Δαθάν,
2632 4425 2727 4479 καὶ
2768 4423 3031 4499 Ἀϐειρὼν
3062 4424 3392 4497 κρύψαντες,
3434 4426 3533 4482 καὶ
3569 4444 3669 4499 με·

390 4532 537 4575 tores
566 4516 823 4574 occultati
855 4514 1231 4584 subtractique
1260 4520 1409 4569 sunt.
1441 4513 1585 4579 Quin
1621 4515 1788 4571 alium
1820 4518 1974 4574 insu-

389 4626 486 4680 per
523 4605 677 4662 Pauli
726 4606 959 4677 apostoli
1017 4604 1237 4661 nomine
1284 4603 1525 4660 libellum
1576 4609 1974 4678 excogitarunt,

390 4708 720 4772 praepostera
745 4699 972 4754 libidine
996 4696 1281 4765 refertum,
1311 4713 1472 4768 quem
1498 4705 1552 4754 et
1576 4698 1635 4762 ii,
1663 4715 1804 4770 quos
1830 4698 1978 4756 Gno-

388 4795 559 4850 sticos
588 4800 803 4855 vocant,
846 4790 1110 4848 adhibere
1135 4791 1344 4856 solent,
1375 4791 1522 4862 quod
1569 4790 1724 4849 Pauli
1756 4793 1970 4850 Anaba-

388 4888 554 4941 ticum
576 4895 809 4940 vocant:
842 4883 1002 4955 cujus
1029 4884 1363 4955 supposititii
1398 4886 1583 4954 operis
1602 4900 1793 4943 ansam
1828 4903 1977 4943 exeo

284 4966 293 4977 ’
385 4985 684 5048 ceperunt,
718 4977 865 5048 quod
897 4978 1187 5048 Apostolus
1231 4977 1348 5046 ipse
1386 4984 1619 5032 lestetur
1641 5018 1656 5043 ,
1689 4994 1748 5035 se
1778 4980 1832 5035 in
1867 4988 1978 5037 ter-

385 5071 518 5137 tium
556 5083 730 5139 usque
762 5067 1155 5124 conscendisse
1187 5067 1412 5130 coelum,
1435 5073 1490 5121 et
1529 5081 1728 5123 arcana
1772 5070 1972 5126 ibidem

383 5144 605 5216 audisse
637 5160 800 5215 verba
824 5201 839 5227 ,
870 5175 991 5232 qua:
1040 5175 1151 5215 non
1180 5158 1307 5213 licet
1346 5157 1551 5212 bomini
1592 5159 1738 5231 loqui
1773 5163 1813 5218 ί.
1847 5160 1973 5218 Haec

384 5261 587 5316 autem,
620 5252 876 5323 inquiunt
899 5291 912 5316 ,
944 5266 1146 5306 arcana
1178 5251 1268 5305 illa
1295 5249 1461 5305 verba
1501 5258 1649 5306 sunt.
1681 5251 1815 5318 Quae
1844 5254 1969 5324 qui-

380 5344 503 5401 dem
542 5346 748 5408 omnia,
779 5343 955 5414 iisque
986 5343 1183 5399 similia
1218 5343 1291 5397 ita
1311 5383 1325 5405 ,
1362 5343 1822 5412 quemadmodum
1852 5362 1972 5401 mo-

381 5439 601 5492 nuimus
627 5478 641 5501 ,
677 5435 895 5502 docent,
933 5442 1072 5489 utet
1102 5435 1261 5490 malis
1302 5434 1563 5488 honorem
1608 5434 1884 5505 habeant,
1918 5447 1973 5495 et

382 5528 554 5585 bonos
590 5528 898 5600 repudient.
942 5525 1075 5581 Nam
1109 5526 1339 5581 Cainum
1392 5524 1635 5584 fortioris
1676 5531 1967 5601 cujusdam

455 5710 471 5744 ¹
506 5706 546 5762 ll
572 5708 699 5763 Cor.
732 5724 834 5774 xu,
871 5709 925 5764 4.
1004 5713 1025 5744 ⁸
1063 5708 1193 5765 Cor.
1226 5708 1449 5779 ἑκάστῳ

2074 4523 2467 4594 ταστήσαντες.
2505 4519 2673 4574 Πάλιν
2707 4519 2763 4572 δὲ
2795 4518 2921 4573 ἄλλο
2951 4520 3353 4591 συνταγμάτων
3394 4519 3670 4575 πλάττου-

2079 4631 2162 4668 σιν
2191 4612 2252 4680 ἑξ
2292 4613 2556 4685 ὀνόματος
2583 4612 2797 4666 Παύλου
2860 4611 2954 4666 τοῦ
2998 4611 3320 4675 ἀποστόλου,
3358 4612 3669 4685 ἀρῤητουρ-

2075 4706 2202 4774 γίας
2233 4704 2508 4776 ἔμπλεων,
2536 4697 2580 4773 ᾧ
2609 4704 2702 4758 καὶ
2737 4706 2785 4757 οἰ
2826 4704 3124 4757 Γνωστικοὶ
3156 4703 3444 4773 λεγόμενοι
3488 4703 3670 4775 χρῶνο

2073 4815 2185 4863 ται,
2216 4797 2245 4850 ὃ
2282 4796 2637 4852 ’Δναϐατικὸν
2687 4795 2899 4850 Παύλου
2935 4795 3184 4862 καλοῦσι,
3235 4795 3337 4867 τὴν
3386 4797 3669 4867 πρόφασιν

2074 4891 2324 4959 εὑρόντες
2354 4890 2462 4944 ἀπὸ
2492 4888 2585 4944 τοῦ
2616 4888 2796 4959 λέγειν
2827 4889 2918 4942 τὸν
2961 4887 3284 4943 Ἀπόστολον
3331 4887 3671 4958 ἀναϐεϐηκέ-

2072 5000 2161 5037 ναι
2198 4982 2303 5047 ἑως
2330 4983 2514 5055 τρίτου
2555 4982 2808 5054 ούρανοῦ,
2839 4981 2934 5035 καὶ
2963 4980 3257 5052 ἀκηκοέναι
3308 4980 3531 5052 ἄρρητα
3563 4982 3667 5050 ῥή-

2073 5093 2240 5147 ματα,
2274 5074 2311 5130 ἃ
2359 5075 2458 5129 ούκ
2507 5076 2624 5142 ἐξὸν
2672 5073 2945 5145 ἀνθρώπῳ
2992 5072 3244 5143 λαλῆσαι.
3292 5066 3410 5127 ’Καὶ
3465 5072 3663 5135 ταῦτα,

2072 5168 2255 5237 φασὶν,
2291 5167 2410 5222 ἑστί
2440 5167 2508 5221 τὰ
2533 5167 2749 5239 ἄρρητα
2777 5167 3019 5238 ῥήματα.
3054 5164 3374 5218 Διδάσκουσι
3404 5163 3463 5217 δὲ
3491 5163 3665 5218 ταῦτα

2069 5262 2164 5315 καὶ
2206 5259 2275 5314 τά
2306 5258 2551 5322 τοιαῦτα,
2604 5261 2729 5324 τοὺς
2774 5259 3045 5330 πονηροὺς
3077 5257 3369 5329 τιμῶντες,
3407 5258 3503 5311 καὶ
3536 5258 3665 5323 τοὺς

2068 5352 2307 5420 ἀγαθοὺς
2356 5353 2810 5424 ἀπαγορεύοντες.
2866 5346 3021 5406 Εἶναι
3054 5350 3183 5422 γὰρ,
3239 5350 3316 5414 ὡς
3371 5352 3659 5421 προεῖπον,

2067 5440 2160 5492 τὸν
2202 5439 2343 5493 Κάῖν
2374 5439 2473 5510 τῆς
2506 5440 2860 5513 ἰσχυροτέρας
2906 5439 3211 5510 δυνάμεως,
3243 5440 3338 5492 καὶ
3366 5437 3459 5492 τὸν
3494 5437 3665 5491 Ἀϐε).

2067 5515 2169 5602 τῆς
2201 5529 2611 5604 ἀσθενεστέρας.
2650 5532 2866 5596 Ταύτας
2893 5530 2951 5585 δὲ
2995 5529 3095 5595 τὰς
3135 5529 3395 5601 δυνάμεις
3436 5532 3502 5601 τῇ
3545 5527 3661 5601 EG;
