3960 6116
315 280 421 339 657

926 290 1295 352 ADVERSUS
1327 293 1671 356 BERESES
1707 299 1836 358 LIB.
1873 301 1915 358 l.
1957 301 2123 362 ΤΟΜ.
2162 302 2341 362 lli.--
2377 305 2654 368 HERES.
2698 311 3005 376 XXXVIIL

3485 318 3617 374 658'

318 405 769 504 προσπλακείσας
827 414 1221 486 γεγεννηκέναι
1293 417 1389 473 τὸν
1456 420 1598 477 xm
1662 423 1759 478 καὶ
1822 424 1910 480 τὸν

2014 440 2135 483 esse
2168 428 2412 497 virtutis,
2450 438 2505 488 et
2533 432 2763 493 Abelum
2791 434 3110 493 inﬁrmioris
3138 436 3401 493 sentiunt.
3448 436 3594 504 Quas

323 496 492 551 Ἀϐελ
508 514 523 529 ·
552 499 648 553 καὶ
683 495 825 555 εἶναι
845 502 946 574 τῆς
969 505 1070 576 μὲν
1092 507 1184 561 τὸν
1205 507 1360 576 Κάϊν,
1391 512 1490 585 τῆς
1511 513 1568 567 δὲ
1595 514 1689 568 τὸν
1717 515 1903 570 Ἀδελ.

319 585 476 645 Εἶναι
506 592 564 646 δὲ
594 592 687 648 τὸν
734 592 904 667 Ἀδὰμ
940 599 1034 651 καὶ
1061 600 1161 671 τὴν
1199 600 1346 656 Εὔαν
1378 603 1489 659 ἀπὺ
1518 605 1627 659 τῶν
1652 607 1908 661 τοιούτων

318 682 624 756 δυνάμεων,
677 686 856 743 εττουν
885 689 1134 758 ἀγγέλων
1166 695 1625 766 γεγεννημένουςο
1662 699 1758 752 καὶ
1784 700 1909 764 τοὺς

320 777 684 850 γεννηθέντας
715 781 932 847 παῖδας,
965 783 1107 839 Κάῖν
1140 786 1203 840 τέ
1235 805 1376 860 φημι
1429 790 1523 845 καὶ
1556 791 1742 859 Ἅϐελ,
1791 793 1908 865 ἐρί-

322 884 412 924 σαι
445 871 583 942 πρὸς
608 872 890 945 ἀλλήλους,
922 876 1016 930 καὶ
1054 877 1146 932 τὸν
1177 883 1574 953 γεγεννημένον
1603 886 1715 955 ἀπὸ
1761 887 1909 958 ἰσχυ-

322 971 421 1036 ρᾶς
470 964 755 1038 δυνάμεως
804 970 1203 1038 πεφονευκέναι
1250 973 1344 1029 τὸν
1390 975 1498 1031 ἀπὸ
1540 980 1642 1050 τῆς
1687 979 1907 1051 ἥττονος

318 1056 604 1130 δυνάμεως
637 1058 732 1114 καὶ
756 1060 1173 1134 ἀσθενεστέρας.

393 1231 469 1286 I".
510 1231 592 1287 Τά
621 1232 679 1287 δὲ
727 1234 869 1291 αὐτὰ
919 1223 1143 1311 μυθώδη
1183 1242 1278 1297 καὶ
1311 1235 1909 1319 οὗτοι-παραπλέκουσι

320 1325 387 1394 τῇ
420 1326 545 1398 περὶ
577 1326 687 1381 τῶν
723 1329 911 1384 αὐτῶν·
933 1332 1276 1407 δηλητηρίων
1305 1338 1403 1410 τῆς
1442 1340 1716 1409 ἀγνωσίας
1740 1342 1906 1409 δόσει,

320 1416 434 1478 τοῖς
501 1417 846 1489 πειθομένοις
894 1424 1359 1494 ἐπιϐουλεύοντες·
1414 1430 1542 1487 Ὀτι
1594 1433 1677 1487 δεῖ
1728 1436 1908 1491 πάντα

319 1506 613 1578 ἄνθρωπον
647 1512 828 1585 ἐαυτῷ
856 1515 1074 1573 ἑλέσθαι
1114 1520 1213 1593 τὴν
1248 1523 1603 1598 ἰσχυροτέραν
1655 1526 1905 1599 δύναμιν,

321 1600 416 1654 καὶ
446 1601 548 1672 τῆς
578 1605 800 1675 ἥττονος
830 1610 928 1664 καὶ
953 1611 1144 1667 ἀτόνου
1172 1616 1632 1690 ἀποχωρίζεσθαι,
1660 1622 1908 1675 τουτέστι

320 1694 422 1762 τῆς
455 1692 548 1747 τὸν
572 1696 809 1768 οὐρανὸν
836 1701 1165 1775 ποιησάσης,
1197 1706 1291 1759 καὶ
1316 1706 1649 1781 τὴνλσὰρκα,
1696 1709 1790 1764 καὶ
1815 1710 1909 1764 τὸν

2011 519 2161 590 ipsas
2195 522 2425 580 virtutes
2473 541 2596 580 cum
2645 525 2755 582 Eva
2794 543 3121 599 congressas
3172 536 3466 602 utrumque
3503 545 3598 600 ge-

2010 614 2198 685 nuisse
2232 615 2313 671 sic
2351 615 2649 683 afﬁrmant,
2693 626 2753 673 ut
2796 619 3023 675 alterius
3060 620 3262 676 Abelns
3313 621 3424 687 sit,
3469 620 3597 676 Caia-

2009 721 2116 762 nus
2141 707 2386 765 alterius.
2416 711 2561 778 Quin
2610 711 2877 770 Adamum
2911 723 3077 787 atque
3100 712 3265 771 Evam
3319 715 3513 771 iisdem
3560 729 3594 775 a

2008 798 2327 867 virtutibus,
2364 802 2479 858 sive
2513 805 2720 875 angelis
2744 806 3011 877 originem
3039 808 3309 863 traxisse:
3347 823 3596 878 quosque

2010 905 2245 961 genuere
2267 904 2457 965 postea
2481 895 2705 993 liberos:
2723 897 2976 963 Cainum,
3005 901 3250 971 inquam,
3267 911 3321 957 et
3341 901 3593 967 Abelum,

2009 998 2196 1039 secum
2225 985 2461 1043 invicem
2492 985 2699 1045 rixatos
2727 1006 2869 1054 esse,
2915 1000 2970 1047 et
3004 993 3096 1063 qui
3131 994 3344 1051 fortiori
3366 994 3449 1051 .ab
3483 994 3597 1048 νίιερ

2009 1080 2124 1131 tute
2168 1085 2499 1149 propagatus
2556 1078 2735 1136 fuerat
2785 1080 3595 1154 inferioris,imbecilliorisque

2010 1167 2253 1222 sobolem
2287 1169 2577 1229 occidisse.

2079 1260 2245 1337 278
2276 1261 2364 1319 ill.
2407 1261 2534 1318 ilazc
2583 1264 2767 1324 omnia
2801 1266 3209 1327 mendaciorum
3250 1274 3501 1340 portenta
3539 1268 3603 1330 in

2008 1353 2287 1410 tradendis
2330 1356 2605 1428 pestiferis
2657 1358 2979 1435 ignorantiae
3028 1376 3144 1417 suae
3193 1363 3471 1433 mysteriis
3526 1362 3596 1416 ad

2007 1452 2339 1503 sectatorum
2370 1450 2665 1519 perniciem
2698 1458 3019 1523 aspergunt,
3047 1451 3211 1523 idque
3253 1453 3591 1509 admonent:

2007 1538 2205 1597 debere
2232 1541 2528 1612 quemlibet
2556 1541 2839 1599 fortiorem
2878 1544 2981 1600 sibi
3021 1545 3284 1618 adoptare
3309 1547 3598 1612 virtutem,

2008 1638 2172 1703 atque
2199 1632 2268 1688 ab
2302 1633 2546 1689 inferiori
2585 1644 2638 1691 et
2670 1636 3011 1693 imbecilliori
3048 1639 3303 1705 secerni,
3341 1654 3405 1694 ea
3442 1637 3594 1695 ride--

2007 1722 2153 1786 licet,
2181 1738 2303 1793 qua:
2326 1733 2381 1778 et
2404 1726 2604 1780 cmlum
2639 1734 2693 1782 et
2715 1741 2960 1796 carnem,
2987 1737 3041 1785 et
3069 1729 3332 1785 mundum
3365 1729 3598 1787 fabrica?

320 1783 554 1886 κόσμον⁸
613 1790 709 1843 καὶ
753 1790 1107 1865 ὑπερϐαίνειν
1151 1797 1232 1862 εἰς
1277 1798 1348 1853 τὰ
1389 1799 1640 1855 ἀνώτατα
1687 1800 1778 1856 διὰ
1808 1803 1908 1875 τῆς

2014 1815 2182 1870 verit:
2215 1815 2404 1888 sicque
2428 1817 2495 1872 ad
2521 1819 2808 1890 superiora
2848 1836 2945 1891 per
2972 1820 3177 1879 Christi
3215 1824 3434 1878 evolare
3460 1839 3595 1894 sup-

461 1876 699 1950 Χριστοῦ
752 1885 1131 1956 σταυρώσεως.
1178 1889 1278 1945 Διά
1309 1892 1418 1965 γὰρ
1466 1893 1654 1963 τοῦτο,
1717 1896 1905 1969 φησὶν,

319 1962 505 2063 ἦλθεν,
547 1971 788 2042 ἀνωθεν,
847 1978 933 2032 ἶνα
987 1983 1047 2035 ἐν
1099 1983 1249 2056 αὐτῷ
1301 1962 1622 2062 ἐπιτελεσθῇ
1678 1962 1909 2063 δύναμις

323 2061 544 2134 ισχυρὰ,
595 2066 740 2120 κατὰ
788 2069 889 2141 τῆς
920 2071 1316 2150 ἀσθενεστέρας
1368 2080 1649 2153 δυνάμεως
1683 2084 1747 2139 τὸ
1783 2061 1910 2157 τρό.

323 2171 483 2208 παιον
536 2156 799 2225 λαϐοῦσα,
837 2163 932 2218 καὶ
987 2166 1051 2220 τὸ
1099 2168 1259 2241 σῶμα
1308 2173 1647 2244 παραδοῦσα.
1698 2156 1831 2230 Kal,
1856 2179 1907 2232 οί

321 2248 424 2343 μέν
472 2250 653 2343 αύτῶν
702 2253 863 2309 τοῦτο
912 2256 1183 2328 λέγουσιν,
1237 2263 1386 2318 ἄλλοι
1418 2264 1474 2318 δὲ
1505 2266 1659 2324 ἄλλα.
1710 2271 1774 2324 Οἱ
1810 2271 1908 2343 μὲν

318 2338 432 2412 γὰρ
473 2341 712 2433 λέγουσι,
762 2347 853 2401 διὰ
906 2350 967 2404 τὸ
1022 2354 1258 2427 πονηρὸν
1300 2352 1441 2413 εῖναι
1497 2359 1591 2414 τὸν
1648 2338 1905 2433 Χριστὸν,

320 2432 692 2524 παραδοθῆναι
735 2438 899 2494 αὐτὸν
941 2442 1047 2497 ὑπὸ
1070 2445 1164 2499 τοῦ
1213 2447 1406 2515 Ἰούδα,
1438 2432 1763 2524 βουλόμενον
1793 2455 1908 2510 δια-

322 2522 581 2620 στρέφειν
611 2527 682 2583 τὰ
730 2530 873 2585 κατά
920 2534 1012 2589 τὸν
1065 2536 1250 2609 νόμον.
1308 2522 1627 2599 Ἐπαινοῢσι
1672 2547 1782 2620 γὰρ
1817 2547 1908 2604 τὸν

320 2615 463 2670 Κάῖν
494 2618 588 2673 καὶ
623 2621 715 2676 τὸν
756 2622 977 2695 Ἰούδαν,
1013 2628 1090 2694 ὡς
1122 2629 1278 2704 ἔφην,
1301 2633 1396 2688 καὶ
1431 2633 1683 2705 λέγουσι·
1716 2615 1907 2694 τούτου

319 2709 511 2766 ἕνεκεν
543 2715 927 2786 παραδέδωκεν
968 2722 1152 2790 αὑτὸν,
1206 2726 1393 2801 ἐπειδὴ
1444 2729 1705 2802 ἠϐούλετο
1740 2749 1909 2788 κατα-

322 2802 472 2899 λύειν
501 2805 571 2860 τά
603 2808 787 2874 καλῶς
818 2811 1192 2887 δεδιδαγμένα.
1226 2819 1410 2874 ’Ἄλλοι
1442 2822 1499 2876 δὲ
1538 2802 1907 2899 [τῶν]ἀύτῶν

318 2897 442 2988 ούχί
474 2914 658 2969 φασιν,
699 2901 836 2958 ἀλλὰ
867 2906 1072 2975 ἀγαθὸν
1100 2910 1264 2965 αὐτὸν
1291 2910 1419 2967 ὄντα
1447 2897 1734 2988 παρέδωκε
1767 2917 1909 2973 κατά

318 2987 420 3060 τὴν
464 2990 786 3062 ἐπουράνιον
835 2997 1057 3065 γνῶσιν.
1114 3001 1400 3071 Ἔγνωσαν
1441 2987 1570 3077 γὰρ,
1621 3007 1806 3080 φησὶν,
1857 3010 1912 3062 οῑε

320 3081 601 3152 ἄρχοντες,
655 3085 749 3139 ἴκρια
800 3086 898 3143 ἐὰν
952 3091 981 3143 ό
1032 3091 1267 3163 Χριστδς
1320 3096 1602 3169 παραδοθῇ
1663 3098 1903 3172 σταυρῷ,

2010 1906 2255 1977 plicium.
2292 1907 2442 1966 Hanc
2490 1911 2635 1966 enim
2676 1911 2847 1970 fuisse
2887 1928 3110 1970 causam
3158 1914 3379 1979 volunt,
3435 1930 3537 1970 cur
3568 1931 3599 1971 e

2010 2002 2151 2056 coelo
2179 2001 2438 2075 delapsus
2471 2005 2580 2073 sit;
2611 2005 2870 2061 nimirum
2905 2014 2965 2062 ut
3007 2005 3168 2067 fortis
3203 2008 3267 2070 in
3302 2009 3423 2079 ipso
3466 2009 3602 2064 soli-

2010 2093 2239 2167 diorque
2272 2097 2446 2153 virtus
2471 2097 2847 2173 perﬁceretur,
2883 2116 2949 2161 ac
2984 2098 3053 2162 de
3078 2099 3603 2161 inﬁrmioretrium.

2009 2187 2175 2258 phum
2214 2186 2485 2253 referret,
2529 2204 2839 2266 corpusque
2887 2191 3146 2249 traderet.
3188 2191 3314 2247 Haec
3347 2192 3598 2252 nonnulli

2009 2294 2075 2334 ex
2129 2278 2265 2353 ipsis
2289 2321 2321 2348 ,ἡ
2355 2280 2447 2335 alii
2488 2296 2624 2339 vero
2668 2281 2776 2335 alia
2819 2281 3137 2351 praedicant.
3172 2281 3406 2350 Quidam
3449 2283 3596 2337 enim

2009 2369 2311 2436 Christum,
2348 2372 2492 2444 quod
2527 2373 2703 2429 malus
2734 2381 2900 2438 esset,
2935 2390 3000 2429 ac
3028 2374 3164 2446 legis
3197 2375 3448 2431 instituta
3480 2375 3596 2429 vio-

2010 2462 2122 2519 lare
2148 2464 2409 2529 auderet,
2438 2480 2469 2519 a
2510 2462 2650 2520 Juda
2680 2465 2964 2536 proditum
3000 2466 3336 2522 existimant.
3366 2466 3605 2525 Cainunt

2008 2555 2197 2623 enim,
2219 2564 2278 2610 ut
2315 2556 2583 2624 diximus,
2619 2556 2927 2629 Judamque
2952 2567 3286 2614 venerantur
3315 2575 3330 2625 ;
3367 2559 3598 2629 ejusque

2008 2647 2087 2702 rei
2125 2646 2320 2718 gratia,
2357 2647 2630 2720 inquiunt,
2662 2649 2814 2704 illum
2841 2649 3107 2721 prodidit,
3141 2650 3291 2722 quod
3330 2651 3605 2723 praeclare

2008 2738 2207 2795 tradita
2250 2740 2537 2812 antiquare
2567 2743 2749 2799 vellet.
2803 2743 2909 2798 Alii
2957 2758 3089 2799 vero
3129 2743 3286 2799 aliter
3330 2743 3608 2811 sentiunt,

2009 2840 2068 2886 ut
2102 2832 2319 2889 tametsi
2348 2828 2526 2890 bonus
2558 2841 2746 2901 esset,
2781 2851 2847 2890 ex
2879 2834 3089 2891 cmlesti
3130 2835 3366 2907 quadam
3411 2837 3606 2908 cogni-i

2007 2922 2154 2978 tione
2185 2922 2258 2978 sit
2288 2923 2559 2994 proditus.
2598 2922 2807 2979 Norant
2855 2924 3023 2989 enim,
3065 2924 3242 2989 aiunt,
3294 2924 3597 2997 principes,

2006 3013 2053 3068 si
2096 3012 2350 3071 Christus
2378 3015 2437 3071 in
2484 3031 2704 3072 crucem
2758 3016 3039 3072 tolleretur
3062 3057 3078 3083 ,
3115 3018 3357 3088 ipsorum
3386 3017 3602 3079 exhau;

2007 3111 2151 3161 stum
2184 3106 2252 3162 iri
2270 3106 2581 3179 "potentiam
2611 3123 2863 3175 omnem;
2921 3108 3069 3179 quod
3117 3123 3244 3164 cum
3271 3104 3443 3164 Judas
3484 3124 3596 3164 non

323 3172 577 3272 κενοῦται
611 3176 811 3272 ⁸αὐτῶν
854 3182 887 3250 ή
942 3182 1214 3257 (ἀσθενὴς)
1267 3185 1515 3259 δύναμις.
1562 3189 1674 3245 Καὶ
1727 3191 1907 3258 τοῦτο,

2014 3172 2314 3268 ignoraret,
2345 3200 2673 3264 maturavit,
2707 3215 3035 3270 omnemque
3059 3199 3277 3272 lapiden
3318 3200 3504 3265 movit,
3538 3208 3607 3259 ut.

322 3263 478 3334 φησι,
508 3266 670 3335 γνοὺς
699 3270 729 3322 ό
771 3267 970 3336 Ἰούδας
996 3273 1250 3342 ἔσπευσε,
1278 3277 1374 3331 καὶ
1418 3278 1598 3335 πάντα
1634 3280 1904 3354 ἐκίνησεν,

321 3354 466 3410 ὥστε
500 3360 835 3432 παραδοῦναι
862 3365 1045 3430 αὐτὸν,
1071 3367 1277 3438 ἀγαθὸν
1308 3369 1470 3444 ἔργον
1510 3375 1742 3446 ποιήσας
1776 3377 1909 3447 ἡμῖν

322 3447 404 3512 εις
434 3451 727 3523 σωτηρίαν.
767 3455 875 3509 Καὶ
898 3455 980 3510 δεῖ
1010 3459 1157 3529 ἡμᾶς
1182 3460 1445 3529 ἐπαινεῖν,
1477 3462 1570 3516 καὶ
1598 3463 1908 3519 ἀποδιδόναι

321 3541 473 3614 αὐτῷ
504 3542 597 3598 τὸν
634 3544 877 3614 ἔπαινον,
908 3550 992 3605 ὄτι
1035 3551 1103 3604 δι’
1136 3554 1304 3608 αὐτοῦ
1337 3555 1751 3629 κατεσκευάσθη
1778 3557 1908 3629 ἡμῖν

321 3636 357 3707 ἡ
404 3636 500 3691 τοῦ
555 3640 793 3712 σταυροῦ
835 3644 1103 3716 σωτηρία,
1148 3649 1243 3701 καὶ
1278 3649 1312 3718 ὴ
1361 3648 1451 3703 διὰ
1495 3640 1603 3721 ’τῆς
1655 3649 1912 3723 τοιαύτης

323 3727 636 3797 ὑποθέσεως
665 3732 778 3788 τῶν
804 3734 918 3790 ἀνω
945 3737 1309 3810 ἀποκάλυψις.

393 3823 551 3879 Κατὰ
581 3826 761 3883 πάντα
790 3828 848 3883 δὲ
875 3831 1079 3902 τρόπον
1105 3827 1248 3888 οὗτοι
1282 3832 1614 3907 ἠπάτηνται,
1644 3837 1745 3891 οὐκ
1771 3837 1911 3909 ἀγα-

323 3915 416 3972 θόν
455 3935 578 3973 τινα
608 3918 878 3991 τιμῶντες
906 3922 939 3994 ἢ
970 3922 1336 3989 ἐπαινοῦντες.
1390 3926 1562 4000 Δῆλον
1605 3926 1686 3995 δὲ,
1714 3928 1797 3983 ὅτι
1846 3933 1911 3985 ἐκ

320 4008 420 4063 τοῦ
482 4009 733 4089 διαϐόλου
790 4014 978 4079 αὐτοῖς
1031 4015 1209 4070 ταῦτα
1252 4016 1633 4091 ὑπέσπαρται,
1688 4020 1761 4075 τὰ
1812 4024 1913 4094 τῆς

321 4102 549 4172 ἀγνοίας
581 4104 728 4176 λέγω
766 4106 863 4162 καὶ
894 4107 1132 4180 ἀπάτης.
1162 4109 1476 4182 Πληροῦται
1513 4112 1571 4167 δὲ
1606 4114 1693 4167 ἐπ’
1727 4115 1913 4180 αὐτοῖς

320 4197 386 4251 τὸ
439 4200 827 4272 γεγραμμένον
850 4217 866 4234 ο
925 4203 1073 4258 οὐαὶ
1111 4203 1237 4271 τοῖς
1284 4205 1537 4276 λέγουσι
1590 4207 1657 4261 τὸ
1720 4208 1913 4264 καλὸν

321 4291 615 4361 πονηρὸν,
650 4294 751 4348 καί
808 4296 877 4350 τὸ
927 4297 1199 4369 πονηρὸν
1248 4299 1476 4371 dxi-ador
1495 4317 1510 4333 °
1559 4304 1615 4356 οι
1651 4301 1914 4370 τιθέντες

321 4385 394 4439 τὸ
425 4387 647 4455 σκότος
679 4388 826 4458 φῶς,
859 4389 960 4445 καὶ
992 4390 1060 4447 τὸ
1091 4391 1220 4461 φῶς
1250 4393 1507 4462 σκότος·
1549 4397 1609 4449 οἱ
1629 4394 1914 4466 λέγοντες

321 4477 392 4532 τὸ
424 4479 619 4549 γλυκὺ
672 4482 911 4551 πικρὸν,
956 4483 1058 4538 καὶ
1091 4486 1160 4540 τὸ
1202 4485 1419 4555 πικρὸν
1456 4488 1671 4557 γλυκύ.
1726 4487 1911 4561 Πάντη

2010 3303 2136 3345 eum
2169 3287 2373 3347 Iudaeis
2409 3291 2667 3348 traderet.
2697 3291 2817 3360 Qua
2849 3293 2905 3348 in
2939 3308 2999 3348 re
3030 3292 3245 3364 egregie
3289 3293 3454 3350 saluti
3494 3308 3597 3348 no-

2011 3391 2140 3439 strae
2177 3386 2472 3441 consuluit.
2505 3385 2582 3441 Ac
2621 3395 2907 3459 propterea
2953 3386 3208 3442 laudibus
3246 3402 3371 3447 eum
3412 3402 3597 3449 remn-

2010 3477 2195 3531 nerari
2222 3491 2324 3533 nos
2354 3484 2590 3548 oportet,
2632 3477 2792 3549 cujus
2823 3492 2989 3553 opera
3017 3479 3199 3535 crucis
3240 3479 3402 3543 nobis
3448 3480 3603 3536 salus

2010 3575 2095 3622 est
2150 3567 2243 3623 illa
2318 3576 2683 3641 comparata,
2749 3585 2965 3629 necnon
3025 3570 3341 3629 caelestium
3411 3587 3613 3634 rerum.

2011 3660 2200 3717 eadem
2233 3676 2302 3719 ex
2324 3661 2613 3719 occasione
2641 3663 3054 3723 communicata
3081 3663 3343 3735 cognitio.
3618 3658 3623 3667 ’

2085 3841 2191 3899 Sed
2224 3859 2348 3899 cum
2388 3843 2480 3899 isti
2522 3842 2746 3898 minime
2785 3842 2990 3900 bonum
3025 3842 3264 3912 aliquem
3298 3841 3506 3896 honore
3536 3855 3602 3901 ac

2012 3933 2175 3991 laude
2208 3942 2631 4007 prosequantur,
2671 3943 2786 3991 toto
2824 3935 2965 3990 coelo
2991 3974 3006 4001 ,
3036 3934 3184 4005 quod
3218 3934 3408 3998 aiunt,
3443 3932 3603 3987 aber-

2011 4034 2156 4082 rant.
2195 4025 2385 4098 Neque
2434 4027 2735 4083 obscurum
2776 4025 2910 4081 illud
2948 4035 3031 4082 est
3056 4065 3073 4092 ,
3124 4025 3241 4081 haec
3277 4024 3640 4108 ignorantiae'

2013 4119 2334 4191 fraudisque
2362 4118 2573 4176 semina
2616 4118 2754 4190 ipsis
2794 4133 2824 4172 a
2869 4117 3089 4173 diabolo
3123 4132 3349 4189 aspersa
3404 4115 3598 4172 fuisse.
3631 4118 3644 4186 ζ

2011 4210 2070 4267 In
2101 4211 2301 4283 quibus
2348 4210 2484 4267 illud
2514 4218 2600 4267 est
2631 4226 2662 4267 e
2697 4210 2984 4282 Scriptura
3025 4209 3351 4283 profectum.
3392 4208 3483 4269 Vw
3511 4209 3604 4285 qui

2012 4303 2196 4360 dicunt
2233 4305 2425 4358 bonum
2464 4303 2667 4358 malum
2690 4344 2706 4369 ,
2761 4312 2811 4360 et
2860 4302 3061 4358 malum
3095 4304 3287 4363 bonum
3313 4317 3332 4356 :
3383 4302 3472 4374 qui
3502 4317 3600 4371 po:

2014 4409 2144 4453 nunt
2171 4398 2412 4453 tenebras
2445 4397 2649 4464 lucem,
2683 4406 2735 4457 et
2766 4396 2933 4459 lucem
2964 4396 3204 4452 tenebras
3230 4413 3250 4453 :
3280 4396 3371 4468 qui
3418 4397 3602 4455 dicunt

2014 4490 2168 4545 dulce
2209 4507 2455 4545 amarunt
2512 4497 2563 4544 et
2597 4506 2842 4549 amarum
2881 4489 3033 4547 dulce
3080 4490 3119 4544 ί.
3156 4487 3290 4543 Nam
3325 4488 3383 4543 in
3419 4486 3615 4549 Veteri,

321 4569 437 4643 γὰρ
461 4571 699 4641 ἐκφωνεῖ
742 4574 959 4631 Παλαιὰ
1000 4577 1096 4630 καὶ
1122 4576 1301 4650 Καινὴ
1334 4578 1599 4651 Διαθήκη,
1633 4579 1728 4634 τοῦ
1770 4580 1910 4636 Κάῖν

2015 4591 2071 4639 et
2095 4581 2244 4639 Novo
2274 4581 2624 4639 Testamento
2654 4580 2810 4637 Caini
2848 4581 3099 4652 impietas
3129 4585 3315 4650 aperta
3353 4593 3417 4633 ac
3451 4578 3616 4637 clara.

322 4660 424 4734 τὴν
468 4663 726 4721 ἀσέϐειαν
773 4667 1306 4742 ἐπικηρυκευομένη.
1339 4662 1499 4725 Οὗτοι
1529 4670 1609 4737 δὲ,
1653 4670 1749 4727 τοῦ
1780 4673 1909 4728 σκό-

321 4766 452 4814 τους
503 4749 657 4816 ὄντες
700 4752 960 4825 ἐρασταὶ,
995 4757 1091 4811 καὶ
1136 4757 1247 4812 τῶν
1276 4759 1589 4816 κακοποιῶν
1641 4763 1910 4834 μιμηταὶ,

323 4842 419 4896 τὸν
459 4842 625 4897 Ἀσελ
657 4843 899 4916 μισοῦσι,
950 4847 1041 4901 τὸν
1091 4849 1149 4903 δὲ
1197 4849 1343 4908 Kuh"
1388 4851 1665 4923 ἀγαπῶσι,
1698 4855 1914 4929 καὶτῷ

337 4932 514 5006 Ἰούδᾳ
556 4934 648 4989 τὸν
681 4934 903 4992 ἔπαινον
951 4938 1175 4996 διδόασι.
1225 4942 1562 5017 Φθοριμαίαν
1609 4945 1667 5000 δὲ
1715 4947 1917 5017 γνῶσιν

325 5027 535 5100 έχουσι,
586 5028 681 5086 δύο
726 5030 1012 5098 τάττοντες
1059 5033 1354 5106 δυνάμεις,
1403 5039 1799 5112 ἀσθενεστέραν
1854 5058 1914 5095 τε

327 5123 424 5178 καὶ
484 5123 881 5200 δυνατωτέραν,
935 5129 1380 5202 ἀντιμαχομένας
1438 5132 1497 5186 δὲ
1560 5133 1700 5214 πρρς
1746 5135 1917 5208 ἀλλή-

325 5214 445 5280 λας,
478 5215 740 5283 ποιούσας
769 5217 827 5272 δὲ
856 5220 916 5274 ἐν
941 5218 1021 5291 τῷ
1052 5221 1244 5293 κόσμῳ
1275 5222 1336 5276 ού
1363 5223 1589 5298 γνώμης
1609 5227 1913 5294 ἀλλοίωσιν,

324 5312 466 5367 ἀλλά
509 5313 620 5368 τῶν
656 5316 1061 5389 γεγενημένων,
1094 5320 1223 5384 τοὺς
1270 5322 1369 5393 μὲν
1416 5323 1558 5379 κατά
1592 5324 1753 5395 φύσιν
1806 5327 1939 5382 ἀπὺη

326 5405 529 5473 κακίας
573 5407 672 5481 τὴν
722 5409 912 5466 οὐσίαν
942 5412 1107 5484 ἔχειν,
1157 5414 1284 5479 τοὺς
1327 5415 1384 5471 δὲ
1415 5417 1523 5472 ἀπὸ
1555 5419 1912 5492 ἀγαθότητος.

328 5496 534 5552 Οὐδένα
575 5498 631 5553 δὲ
674 5500 819 5558 κατὰ
855 5503 1079 5577 γνώμην
1105 5506 1309 5577 ἀγαθὸν
1338 5508 1370 5579 ἦ
1400 5508 1606 5579 φαῦλον
1642 5511 1910 5582 λέγουσιν,

327 5590 466 5646 ἀλλά
494 5593 637 5648 κατὰ
672 5594 855 5665 φύσιν.

407 5776 420 5808 ⁸
455 5772 561 5832 lsa.
594 5792 648 5836 ν.
677 5776 766 5835 20.

2014 4690 2150 4733 voce
2171 4675 2518 4751 praedicatur.
2543 4673 2625 4728 liii
2676 4681 2859 4730 autem
2910 4673 3260 4729 tenebrarum
3301 4677 3617 4738 amatores,

2018 4788 2085 4829 ac
2113 4770 2484 4827 maleﬁcorum
2515 4766 2818 4822 imitatores
2850 4764 3080 4821 Abelum
3111 4765 3365 4829 oderunt,
3400 4771 3455 4820 et
3484 4762 3603 4818 Cai-

2015 4881 2149 4921 num
2209 4867 2395 4918 amant
2414 4900 2445 4926 ,,
2484 4865 2540 4915 et
2578 4854 2774 4912 Judam
2827 4855 3103 4927 praaconio
3160 4871 3261 4914 suo
3298 4855 3600 4915 celebrant.

2017 4953 2125 5011 Sed
2161 4961 2216 5009 et
2239 4948 2708 5029 perniciosissime
2737 4947 3005 5016 sentiunt,
3044 4946 3175 5003 dum
3204 4936 3459 5001 virtutem
3497 4946 3601 5002 du-

2016 5047 2213 5120 plicem
2237 5041 2611 5104 constituunt,
2641 5039 2970 5100 imbecillam
2992 5080 3009 5107 ,
3036 5047 3092 5094 et
3114 5037 3409 5094 ﬁrmiorem
3431 5077 3446 5103 ,
3476 5053 3618 5109 quia,

2014 5151 2201 5196 secum
2240 5133 2475 5189 invicem
2508 5128 2848 5193 dissideant,
2882 5143 2947 5185 ac
2986 5145 3098 5183 non
3147 5128 3491 5189 voluntatum
3543 5126 3602 5188 in

2020 5228 2224 5288 mundo
2259 5225 2577 5282 varietatem
2607 5220 2878 5279 inferant:
2921 5220 3087 5297 279
3120 5220 3213 5278 sed
3260 5219 3392 5281 illud
3438 5218 3599 5290 ρειηίί-

2020 5325 2170 5380 ciant
2189 5301 2229 5389 ,”
2252 5327 2312 5376 ut
2341 5318 2435 5391 qui
2485 5318 2540 5371 in
2593 5317 2771 5371 lucem
2821 5314 3092 5384 prodeunt
3115 5354 3130 5379 ,
3181 5313 3272 5368 alii
3304 5312 3533 5383 primum
3569 5325 3599 5366 a

2023 5418 2167 5473 malo
2196 5422 2406 5471 naturae
2434 5410 2723 5482 originem,
2753 5407 2844 5461 alii
2884 5423 2914 5461 a
2950 5408 3094 5463 bono
3131 5406 3428 5463 derivatam
3456 5405 3597 5459 acci-

2021 5510 2195 5581 piant.
2230 5504 2510 5563 Neminem
2566 5501 2712 5558 enim
2746 5501 2825 5555 illi
2872 5516 2937 5555 cx
2991 5499 3158 5554 animi
3206 5497 3598 5555 deliberatione

2025 5603 2229 5659 bonum
2269 5610 2391 5654 esse
2426 5594 2509 5650 vel
2539 5593 2763 5660 malum,
2803 5590 2897 5648 sed
2927 5598 3120 5648 natura
3163 5591 3281 5662 ipsa
3310 5588 3599 5646 deﬁniunt.
