3950 6154
368 247 472 304 659

1762 259 1822 318 S.
1864 259 2208 320 EPIPHANII

3529 262 3642 319 600

424 369 525 427 IV.
562 370 666 429 Sed
701 373 768 431 de
801 375 973 431 Caino
1005 375 1240 446 primum
1275 378 1406 450 quid
1444 378 1639 438 Vetere
1668 381 1725 438 in
1752 380 1950 440 Testa-

2121 388 2197 444 A'.
2239 388 2352 445 Καὶ
2381 388 2599 463 πρῶτον
2637 389 2838 462 ἴδωμεν
2862 389 2992 461 περὶ
3023 387 3120 444 τοῦ
3155 387 3317 451 Κάῖν,
3344 385 3421 449 ὡς
3472 386 3508 454 ἠ
3540 384 3645 454 μὲν

363 474 550 520 mento
578 469 840 539 scriptum
872 470 942 525 sit
969 470 1346 542 inspiciamus.
1376 472 1720 542 Maledictus,
1744 477 1942 550 inquit,

361 563 467 617 eris
491 581 522 616 a
553 571 715 631 terra,
741 581 858 636 qua:
885 568 1089 636 aperuit
1114 585 1171 624 os
1203 586 1379 636 suum,
1409 582 1458 628 et
1485 575 1710 643 suscepit
1734 577 1948 646 sangui-

362 659 480 707 nem
511 655 700 723 fratris
733 661 809 712 tui
837 658 901 714 de
933 678 1094 716 manu
1117 675 1246 718 tua:
1277 664 1412 736 (47‘)
1439 665 1644 736 erisque
1665 683 1872 738 gemens
1896 679 1947 724 et

366 753 590 803 tremens
619 766 777 819 super
806 761 1006 807 terram
1033 756 1072 809 ².
1099 755 1310 822 Quibus
1340 773 1400 813 ea
1425 760 1796 825 consentiunt,
1823 777 1946 834 qua:

363 835 430 891 de
458 839 650 895 eodem
686 839 950 899 Dominus
974 845 1028 899 in
1051 843 1344 918 Evangelia
1374 847 1615 918 loquitur
1639 890 1655 915 ,
1687 864 1812 904 cum
1851 849 1968 912 Ju-,

365 927 466 982 dazi
507 928 810 999 dixissent,
841 932 1062 990 Patrem
1091 936 1341 993 habemus
1373 937 1543 993 Deum
1567 941 1610 995 '.
1653 939 1747 996 Sic
1797 943 1946 998 enim

366 1018 632 1077 Dominus
662 1026 946 1082 occurrit:
988 1027 1090 1084 Vos
1129 1029 1233 1099 ﬁlii
1267 1032 1394 1086 estis
1429 1031 1598 1102 patris
1625 1033 1784 1088 vestri
1829 1033 1950 1088 dia-

368 1111 495 1178 boti,
521 1115 771 1185 quoniam
800 1118 1028 1174 mendax
1053 1132 1166 1186 est;
1195 1123 1442 1193 quoniam
1477 1135 1628 1192 pater
1659 1125 1772 1192 ejus
1800 1142 1947 1180 men-

367 1203 476 1259 dax
503 1214 604 1262 est.
644 1205 747 1263 Ille
769 1209 1034 1266 homicida
1081 1213 1185 1282 fuit
1217 1214 1282 1268 ab
1329 1215 1515 1280 initio,
1549 1225 1598 1270 et
1646 1217 1701 1271 in
1730 1218 1948 1272 veritate

366 1316 470 1353 non
515 1301 678 1358 stetit.
713 1301 847 1358 Cum
876 1305 1127 1372 loquitur,
1170 1306 1502 1363 mendacium
1537 1325 1601 1364 ex
1629 1311 1842 1380 proprio
1874 1313 1950 1366 loc

366 1393 583 1461 quitur,
623 1398 874 1467 quoniam
927 1408 979 1454 et
1035 1408 1185 1470 pater
1239 1401 1358 1472 ejus
1413 1403 1639 1458 mendax
1675 1413 1813 1460 erat.
1871 1404 1948 1460 Ex

365 1500 476 1554 quo
504 1494 558 1541 et
589 1487 821 1546 haereses
845 1489 966 1546 aliae
997 1506 1122 1547 cum
1152 1493 1293 1548 hanc
1319 1510 1508 1551 vocem
1547 1497 1815 1566 audiunt,
1851 1496 1949 1552 Ju-

364 1577 606 1633 dmorum
634 1588 845 1651 patrem
887 1582 1162 1640 diabolum
1197 1602 1322 1643 esse
1347 1587 1566 1652 dicunt,
1598 1589 1687 1643 cui
1725 1596 1780 1644 et
1809 1590 1950 1646 alius

363 1669 438 1724 sit
462 1679 636 1741 pater,
656 1673 894 1746 huicque
919 1676 1105 1732 itidem
1133 1679 1293 1734 alius.
1321 1676 1428 1734 Sed
1454 1689 1722 1736 excaecata
1747 1689 1949 1748 mente,

2053 482 2266 539 Παλαιὰ
2309 483 2552 556 Διαθήκη
2600 484 2799 556 φησίν·
2865 478 3334 548 Ἐπικατάρατος
3384 475 3469 530 σὺ
3519 473 3645 530 ἀπὸ

2053 571 2165 643 τῆς
2196 572 2331 645 γῆς,
2367 573 2501 642 ἥτις
2539 575 2721 642 έχανε
2760 573 2828 628 τὸ
2875 573 3072 642 στόμα
3114 568 3309 639 αὐτῆς
3349 565 3645 632 δέξασθαι

2053 665 2120 719 τὸ
2159 660 2304 736 αζμα
2354 652 2469 722 τοῦ
2493 665 2760 736 ἀδελφοῦ
2799 681 2916 720 σου
2970 664 3041 718 ἐκ
3085 661 3200 730 τῆς
3253 658 3450 729 χειρός
3499 670 3641 712 σου·

2055 754 2151 808 καὶ
2215 754 2409 810 πάλιν·
2491 754 2955 824 Ἐπικατάρατος
3004 753 3087 808 σὺ
3144 753 3216 807 ἐν
3264 750 3389 817 τοῖς
3444 749 3646 820 ἔργοις

2053 862 2194 916 σου,
2223 847 2324 902 καὶ
2352 848 2468 918 ἔσῃ
2505 847 2739 904 στένων
2778 848 2879 902 καί
2926 846 3156 917 τρέμων
3195 844 3295 900 ἐπὶ
3343 842 3455 911 τῆς
3506 841 3643 911 τῆς.

2056 939 2274 1012 Συνῳδὰ
2301 940 2359 994 δὲ
2388 943 2453 1012 τῇ
2479 939 2696 1013 Παλαιᾷ
2725 939 2970 1012 suam“
2996 941 3025 993 6
3048 937 3252 1009 Κύριος
3273 938 3332 990 ὲν
3354 934 3438 1005 τῷ
3463 935 3648 1002 Εὐαγ-

2054 1033 2222 1104 γελίῳ
2281 1035 2404 1106 περῖ¹
2456 1033 2649 1088 τούτου
2698 1034 2867 1104 λέγει,
2945 1034 3037 1088 ὅτε
3113 1030 3355 1086 Ἰουδαῖοι
3420 1028 3644 1098 ελεγον*

2068 1126 2260 1197 Ἡμεῖς
2287 1126 2521 1197 Πατέρα
2564 1126 2784 1198 ἔχομεν
2827 1125 2936 1180 τὸν
2986 1125 3155 1179 Θεόν.
3215 1122 3272 1176 '0
3327 1122 3385 1176 δὲ
3439 1120 3649 1192 Κύριος

2057 1217 2194 1291 πρὸς
2233 1218 2434 1282 αὐτοὺς
2481 1217 2614 1288 ἔφη·
2660 1215 2860 1288 Ὑμεῖς
2913 1216 3035 1270 υίοι
3063 1215 3209 1269 ἐστε
3258 1211 3367 1267 τοῦ
3420 1211 3649 1282 πατρὸς
3745 1225 3747 1227 ·

2055 1311 2224 1382 ὑμῶν
2268 1311 2374 1368 τοῦ
2406 1309 2690 1366 διαϐόλου
2715 1348 2731 1376 ,
2771 1308 2868 1364 ὅτι
2909 1309 3187 1379 gratiam;-
3229 1307 3424 1361 ἐστίν·
3483 1305 3576 1359 ὅτι
3614 1305 3650 1358 d

2057 1404 2253 1475 πατὴρ
2302 1402 2491 1459 αὑτοῦ
2528 1403 2804 1472 ’ψεύστης
2853 1397 2953 1473 ἦν.
3015 1400 3284 1466 Ἐκεῖνος
3336 1398 3648 1468 ἀνθρωπο-

2058 1497 2274 1561 κτόνος
2304 1490 2404 1565 ἦν,
2434 1492 2534 1547 καὶ
2559 1492 2628 1548 ἐν
2646 1489 2721 1561 τῇ
2749 1491 3004 1560 ἀληθείᾳ
3023 1490 3135 1544 οὐκ
3165 1487 3434 1557 ἔμεινεν.
3471 1485 3651 1537 Ὅταν

2056 1587 2252 1652 λαλεῖ,
2285 1586 2354 1640 τό
2385 1583 2618 1654 ψεῦδος
2645 1583 2714 1638 ἐκ
2754 1581 2875 1637 τῶν
2905 1581 3074 1636 ίδίων
3123 1578 3335 1635 λαλεῖ·
3363 1577 3456 1631 ὅτι
3485 1575 3589 1630 καὶ
3616 1576 3651 1629 ό

2059 1679 2257 1748 πατὴρ
2287 1675 2476 1733 αὐτοῦ
2507 1676 2784 1745 ψεύστης
2810 1669 2912 1744 ἦν.
2946 1672 3110 1725 Ὅθεν
3142 1670 3237 1724 καὶ
3278 1669 3338 1723 αἱ
3373 1666 3532 1722 ἄλλαι
3563 1668 3652 1719 al-

363 1759 736 1836 eﬂ‘renalaque
789 1767 977 1837 lingua
1040 1768 1145 1823 ista
1206 1769 1484 1838 jactitant.
1540 1769 1822 1841 Siquidem
1887 1771 1957 1828 ad

2064 1771 2260 1844 ρέσεις,
2305 1767 2603 1823 ἀκούουσαι
2630 1765 2692 1820 τὸ
2725 1766 2878 1838 ῥῆμα
2925 1762 3106 1830 τοῦτο,
3156 1760 3370 1832 πατέρα
3407 1759 3509 1830 μὲν
3540 1756 3652 1810 τῶν

368 1853 748 1910 universorum
775 1855 1091 1924 Dominum,
1121 1874 1184 1915 ac
1208 1859 1554 1928 Judzeorum,
1601 1870 1655 1918 et
1687 1861 1957 1920 Christia-

369 1959 589 2011 norum,
626 1946 874 2018 adeoque
911 1950 1156 2004 omnium
1187 1949 1357 2006 Deum
1388 1952 1534 2009 illius
1571 1954 1956 2026 cognationem

371 2036 656 2094 referunt:
703 2055 941 2112 eumque
979 2051 1186 2111 patrem
1219 2059 1343 2100 esse
1379 2046 1623 2116 parentis
1672 2047 1822 2104 illius
1853 2064 1955 2119 pu-

367 2138 504 2196 tant,
536 2131 631 2201 qui
672 2131 845 2208 Moysi
882 2135 1051 2206 legem
1083 2137 1515 2209 praescripserit,
1548 2153 1613 2193 ac
1645 2147 1755 2195 tam
1786 2143 1956 2198 multa

367 2222 616 2296 prodigia
650 2229 967 2297 patraverit.
1002 2227 1110 2284 Sed
1161 2229 1318 2302 longe
1345 2246 1406 2288 se
1451 2247 1540 2288 res
1569 2233 1727 2288 aliter
1770 2233 1954 2300 habet,

367 2330 402 2369 ο
453 2316 800 2374 charissime.
870 2319 1003 2376 Nam
1050 2322 1284 2380 subinde
1339 2322 1603 2382 Dominus
1661 2325 1836 2381 nostri
1900 2324 1958 2379 in

366 2409 625 2468 omnibus
677 2427 866 2467 curam
898 2431 1125 2485 gerens,
1179 2433 1248 2472 ne
1285 2431 1386 2487 pro
1437 2417 1559 2475 aliis
1593 2419 1698 2474 alia
1727 2418 1958 2475 subdole

370 2499 700 2572 ﬁngeremus
726 2545 742 2571 ,
774 2513 868 2560 aut
905 2505 1122 2561 illorum
1169 2517 1377 2578 patrem
1427 2523 1616 2565 revera
1672 2509 1956 2566 existima-

368 2608 556 2650 retnus
585 2609 710 2652 esse
739 2595 1018 2654 diabolum
1037 2637 1054 2663 ,
1087 2598 1162 2652 ita
1208 2598 1510 2670 discipulos
1529 2615 1671 2658 suos
1721 2601 1956 2672 alloqui-

368 2691 499 2741 :ur:
535 2685 725 2742 Nonne
769 2688 1041 2743 duodecim
1079 2707 1168 2745 vos
1202 2688 1371 2762 elegi,
1410 2700 1460 2746 et
1505 2707 1641 2747 unus
1697 2707 1762 2747 ea:
1811 2692 1956 2748 vobis

367 2776 613 2834 diaiiolus
639 2780 803 2835 est'?
833 2797 945 2837 non
972 2797 1096 2838 eum
1130 2790 1326 2838 natura
1359 2823 1376 2850 ,
1415 2784 1511 2842 sed
1556 2785 1741 2840 animo
1766 2785 1958 2840 diabo-

367 2869 481 2924 lum
526 2887 650 2928 esse
685 2873 1031 2946 signiﬁcans.
1082 2873 1283 2932 lterum
1323 2876 1433 2932 alio
1477 2877 1532 2932 in
1574 2877 1740 2932 loco:
1793 2876 1957 2932 Pater

369 2962 591 3020 Domine
618 2967 736 3021 ειείὶ
771 2984 834 3022 ac
863 2977 1016 3024 terra:
1044 3008 1061 3034 ,
1090 2986 1241 3024 serva
1284 2987 1371 3025 eos
1401 2987 1532 3043 quos
1581 2970 1774 3026 dedisti
1805 2971 1951 3026 mihi.

2073 1863 2341 1919 Ἰουδαίων
2395 1860 2698 1930 φάσκουσιν
2750 1852 2892 1912 εἶναι
2943 1855 3037 1910 τόν
3086 1852 3356 1916 διάϐολον,
3400 1851 3550 1921 ἔχειν
3591 1865 3651 1902 τε

2061 1955 2274 2026 πατέρα
2300 1953 2477 2018 ἄλλον,
2517 1952 2612 2006 καὶ
2637 1951 2727 2004 τὸν
2757 1946 2925 2003 αὐτοῦ
2956 1945 3170 2018 πατέρα
3211 1942 3376 1998 πάλιν
3411 1939 3649 2012 πατέρα.

2071 2025 2234 2102 Ἀλλά
2277 2041 2703 2118 ἀθυρογλώττως
2755 2029 3106 2111 φθέγγονται,
3150 2034 3251 2108 τὴν
3281 2033 3528 2090 διάνοιαν
3559 2048 3654 2085 τυ·
3745 2025 3751 2030 ’

2060 2139 2413 2211 φλώττοντες.
2447 2136 2558 2190 Καὶ
2580 2135 2691 2206 γὰρ
2719 2134 2813 2188 ὲπὶ
2839 2132 2930 2186 τὸν
2952 2130 3172 2184 πάντων
3194 2126 3498 2197 Δεσπότην,
3516 2123 3650 2178 Θεὸν

2071 2232 2341 2287 Ἰουδαίων
2367 2246 2428 2283 τε
2457 2229 2553 2284 καὶ
2595 2224 2940 2298 Χριστιανῶν
2979 2223 3073 2277 καὶ
3105 2221 3348 2285 πάντων,
3381 2216 3483 2288 τὴν
3523 2233 3653 2284 συγ-
3751 2223 3757 2227 ’

2058 2324 2274 2396 γένειαν
2300 2321 2495 2393 ἐκείνῳ
2526 2322 2546 2353 ⁷
2577 2319 2863 2388 ἀνάγουσι,
2895 2315 3083 2370 τοῦτον
3128 2311 3350 2382 Πατέρα
3380 2309 3478 2363 τοῦ
3509 2308 3653 2362 ὲκεί-

2059 2436 2153 2474 νου
2202 2415 2418 2488 Πατρὸς
2467 2411 2604 2468 εἶναι
2639 2412 2907 2480 λέγοντες,
2943 2408 3036 2462 τὸν
3080 2405 3525 2478 νομοθετήσαντα
3566 2401 3654 2456 διὰ

2060 2507 2362 2569 Μωῦσέως,
2395 2503 2490 2558 καὶ
2521 2500 2763 2556 τοσαῦτα
2814 2498 3092 2570 θαυμάσια
3125 2495 3491 2566 πεποιηκότα.
3538 2493 3652 2546 Οὐκ

2060 2599 2174 2654 ἔστι
2207 2597 2265 2652 δὲ
2287 2595 2464 2660 τοῦτο,
2507 2589 2553 2650 ὦ
2585 2593 2838 2664 ἀγαπητέ
2867 2593 2912 2647 ⁸.
2946 2591 3122 2654 Αὐτὸς
3149 2589 3259 2661 γὰρ
3291 2587 3456 2652 εὐθύς
3487 2601 3654 2658 φησιν

2059 2693 2088 2746 6
2130 2689 2358 2762 Κύριος,
2402 2689 2462 2742 ὲν
2507 2687 2711 2742 ἅπασιν
2752 2683 2912 2757 ἡμῶν
2949 2683 3047 2755 τὴν
3097 2681 3421 2753 ἐπιμέλειαν
3467 2678 3652 2735 eratad-

2063 2801 2245 2857 μενος,
2284 2782 2372 2837 ἵνα
2401 2779 2475 2852 μὴ
2504 2780 2562 2833 ὲν
2596 2777 2939 2849 παρεκϐάσει
2987 2774 3275 2847 γενώμεθα
3304 2774 3398 2829 τοῦ
3429 2789 3656 2839 προκει-

2064 2879 2253 2950 μένου,
2284 2875 2450 2946 ἒτερα
2494 2871 2610 2928 ἀνθ’
2646 2871 2849 2942 ἑτέρων
2889 2869 3234 2941 σοφιζόμενον.
3276 2867 3372 2920 καὶ
3409 2864 3656 2920 διανοού-

2063 2985 2232 3042 μενοι,
2267 2965 2437 3036 λέγει,
2477 2965 2689 3036 πατέρα
2717 2961 2896 3017 αὑτῶν
2939 2956 3080 3015 εἶναι
3121 2959 3214 3013 τὸν
3259 2956 3527 3022 διάϐολον,
3570 2955 3657 3010 λέ-

367 3052 502 3108 Cum
541 3072 689 3110 eram
737 3073 854 3112 cum
903 3060 1368 3129 ipsis,servabam
1415 3078 1541 3128 eos,
1593 3072 1644 3117 et
1693 3079 1843 3118 nemo
1889 3077 1955 3117 ex

2064 3079 2172 3132 γων
2206 3059 2342 3132 πρὸς
2370 3059 2498 3122 τοὺς
2545 3055 2795 3160 μαθηττάς
2811 3073 2846 3160 "
2871 3055 3017 3124 οὐχὶ
3230 3051 3465 3160 (ξέλδξκα
3497 3051 3656 3160 mf“?

367 3147 479 3203 illis
505 3150 802 3217 periit,nisi
833 3153 978 3221 [ilius
1004 3153 1313 3222 perditionis
1343 3154 1385 3210 ⁸.
1403 3156 1551 3214 Alias
1581 3157 1708 3214 item
1734 3175 1748 3212 :
1779 3154 1952 3225 Opor-

369 3249 440 3293 tet
485 3239 686 3296 Filium
715 3243 945 3299 hominis
981 3246 1145 3311 tradi,
1186 3247 1323 3302 sicut
1368 3250 1625 3318 scriptum
1662 3257 1742 3304 est
1777 3248 1841 3303 de
1870 3263 1953 3303 c0.

378 3331 470 3387 Va:
498 3343 675 3388 autem
700 3336 748 3390 ei
781 3353 874 3406 per
909 3354 1061 3409 quem
1104 3338 1366 3397 tradetur.
1408 3341 1618 3395 Bonum
1655 3342 1793 3395 enim
1839 3349 1957 3394 erat

367 3423 435 3489 ei,
468 3424 517 3478 si
549 3435 708 3480 natus
743 3443 847 3480 non
879 3426 1065 3496 [uisset
1099 3431 1253 3484 homo
1275 3430 1366 3486 ille
1397 3431 1441 3496 ",
1482 3438 1537 3486 ct
1571 3440 1788 3486 caetera.

2061 3146 2459 3218 ἐξελεξάμην,
2527 3146 2628 3199 καὶ
2677 3139 2766 3211 εἷς
2821 3143 2891 3210 ἐξ
2942 3143 3112 3215 ὑμῶν
3157 3142 3480 3208 διάϐολοςξ
3533 3143 3656 3212 οὐχ).

2062 3239 2310 3303 διάϐολος
2347 3238 2520 3308 λέγων
2551 3236 2732 3308 φύσει,
2762 3236 2900 3291 ἀλλὰ
2928 3236 3068 3292 κατὰ
3103 3235 3349 3308 γνώμην.
3401 3235 3576 3290 Πάλιν
3601 3235 3658 3288 δὲ

2065 3335 2124 3387 ὲν
2171 3331 2344 3404 ἑτέρῳ
2383 3330 2536 3400 τόπῳ
2579 3329 2761 3398 λέγει·
2806 3327 3021 3399 Πάτερ,
3041 3330 3220 3398 Κύριε
3256 3328 3535 3399 οὐρανοῦ-
3558 3327 3657 3382 καί

2066 3407 2200 3496 γῆς,
2263 3419 2534 3490 τήρησον
2584 3420 2838 3487 τούτους
2884 3419 2994 3488 οὓς
3051 3419 3318 3487 δέδωκάς
3366 3437 3491 3490 μοι.
3526 3419 3660 3474 Ὅτε

366 3515 533 3587 ἢμην
568 3519 698 3588 μετ’
743 3520 960 3590 αὐτῶν,
1014 3523 1289 3594 ἐφύλαξα
1325 3526 1570 3594 αὐτοὺς,
1604 3525 1704 3581 καί
1757 3524 1958 3592 οὐδεὶς
1993 3521 2063 3587 ἐξ
2127 3516 2328 3574 αὐτῶν
2361 3517 2656 3585 ἀπώλετο,
2690 3519 2744 3571 ει
2759 3515 2847 3587 μὴ
2881 3519 2915 3571 ὁ
2968 3516 3100 3583 υίὸς
3137 3515 3248 3586 τῆς
3295 3516 3622 3582 ἀπωλείας.

366 3610 539 3665 Πάλιν
575 3610 765 3668 ἄλλοτε
807 3615 980 3687 λέγει,
1045 3621 1127 3673 ὅτι
1173 3619 1278 3674 Δεῖ
1296 3620 1403 3675 τὸν
1465 3623 1603 3676 Υίόν
1645 3621 1752 3678 τοῦ
1817 3618 2136 3689 ἀνθρώπου
2203 3612 2620 3682 παραδοθῆναι
2687 3611 2840 3666 κατὰ
2902 3611 2969 3666 τό
3030 3613 3438 3683 τετραμμένον
3487 3611 3624 3682 περὶ

367 3701 576 3759 αὐτοῦ.
631 3705 778 3761 Οὐαί
804 3706 873 3762 δὲ
903 3709 979 3763 δι’
1018 3705 1093 3769 οὗ
1122 3711 1624 3784 παραδοθήσεται.
1659 3713 1962 3785 Συνέςρερε
1999 3712 2110 3784 γὰρ
2139 3708 2300 3774 αὺτῷ
2331 3710 2384 3762 εὶ
2412 3709 2524 3762 οὐκ
2561 3706 2878 3778 ἐγεννήθη.
2907 3705 3002 3760 καὶ
3029 3706 3098 3760 τὰ
3127 3705 3275 3777 ἑξῆς·

439 3793 606 3865 280
645 3794 761 3854 Hoc
799 3799 966 3871 igitur
1003 3802 1294 3860 manifeSte
1320 3805 1676 3876 cognovimus
1721 3805 1788 3863 de
1819 3805 1961 3861 Juda

367 3886 709 3946 intellexisse
751 3906 875 3948 cum
920 3891 1125 3952 Judaeis
1179 3897 1518 3969 loqueretur.
1570 3904 1615 3955 A
1667 3917 1777 3973 quo
1815 3901 1960 3958 enim

371 3977 602 4049 quisque
627 3993 919 4054 superatus
953 3992 1057 4054 est,
1091 3986 1258 4059 hujus
1285 3997 1339 4044 et
1369 4006 1562 4048 servus
1590 4000 1714 4059 est;
1752 4006 1816 4046 ac
1845 3991 1964 4047 cui-

369 4082 588 4138 cunque
623 4071 822 4142 aliquis
877 4073 1242 4146 obsequitur,
1301 4079 1449 4136 hunc
1509 4090 1563 4137 et
1611 4081 1784 4152 patris
1840 4081 1965 4135 loco

371 4157 572 4225 habet,
604 4167 660 4215 et
704 4165 957 4234 obsequii
1010 4169 1098 4222 sui
1146 4177 1430 4224 auctorem
1461 4172 1730 4241 agnoscit.
1781 4169 1965 4236 Quare

370 4252 678 4308 ideoxiisce
719 4257 899 4311 verbis
943 4256 1210 4316 Dominus
1255 4262 1462 4317 utitur:
1518 4261 1620 4317 Vos
1658 4263 1758 4332 ﬁlii
1791 4264 1962 4332 patris

373 4339 534 4394 vestri
551 4339 756 4395 diaboli
774 4345 922 4407 estis,
952 4347 1096 4415 quod
1115 4345 1270 4402 Iuda:
1283 4348 1488 4406 Christi
1512 4350 1632 4405 loco
1656 4353 1962 4421 paruerint,

2139 3800 2283 3872 Ἀρα
2306 3799 2437 3870 γοῦν
2470 3797 2772 3864 ὲξάπαντος
2803 3797 3073 3868 ἔγνωμεν,
3096 3797 3173 3862 ὡς
3203 3795 3330 3870 περὶ
3355 3796 3452 3851 τοῦ
3489 3795 3658 3850 Ἰούδα

2065 3893 2220 3962 ἔλεγε
2263 3895 2377 3958 τοῖς
2422 3891 2731 3954 Ἰουδαίοις·
2787 3883 2832 3960 ᾧ
2885 3889 2995 3962 γάρ
3054 3906 3137 3955 τις
3180 3890 3433 3962 ἥττηται,
3484 3889 3660 3959 τούτῳ

2066 3991 2162 4045 καὶ
2193 3983 2547 4044 δεδούλωταιδ
2582 3987 2676 4040 καὶ
2708 3977 2753 4054 ᾧ
2796 4001 2879 4049 τις
2908 3983 3176 4050 πείθεται,
3207 3983 3399 4038 τοῦτον
3445 3983 3660 4056 πατέρα

2067 4083 2289 4156 ἔσχηκε,
2325 4081 2421 4136 xal.
2459 4077 2704 4150 ἀρχηγὸν
2740 4077 2840 4149 τῆς
2876 4075 3042 4130 αὐτοῦ
3078 4073 3318 4138 πειθοῦς.
3357 4074 3530 4146 Φησὶν
3567 4070 3662 4128 οὖν

2068 4175 2098 4228 6
2123 4174 2327 4247 Κύριος
2347 4189 2361 4205 ·
2405 4169 2604 4240 Ὑμεῖς
2641 4168 2760 4225 υἱοὶ
2787 4167 2895 4223 τοῦ
2936 4165 3162 4236 πατρὸς
3197 4165 3367 4236 ὑμῶν
3399 4165 3510 4221 τοῦ
3536 4166 3661 4222 δια-

2072 4267 2256 4324 δόλου
2298 4263 2475 4320 ἐστέ·
2520 4262 2710 4334 ἐπειδὴ
2743 4261 2867 4316 ἀντὶ
2915 4260 3010 4315 τοῦ
3061 4260 3302 4332 Χριστοῦ
3351 4259 3431 4331 τῷ
3492 4258 3662 4330 Ἰούδᾳ

2071 4354 2428 4427 ἐπείσθησαν,
2465 4351 2719 4423 καθάπερ
2748 4350 2856 4405 ἀπὸ
2885 4349 3019 4404 Θεοῦ
3050 4349 3345 4404 ὲκκλίνασα
3372 4351 3406 4420 ἡ
3444 4348 3560 4402 Εὕα
3587 4349 3662 4419 τῷ

372 4432 834 4502 quemadmodum
866 4437 996 4490 olim
1037 4437 1146 4493 Eva
1181 4455 1211 4493 a
1249 4438 1480 4498 Domino
1508 4442 1822 4500 descisceus
1849 4461 1957 4501 scr-

2069 4445 2189 4514 ὅφει
2225 4423 2298 4511 ἐξ⁷
2323 4442 2501 4516 ἀρχῆς
2533 4441 2784 4514 ἐπείσθη.
2825 4442 3056 4495 Ἔπειτα
3085 4442 3167 4496 ὃτι
3193 4440 3290 4495 καὶ
3321 4438 3567 4510 ψεύστης
3595 4433 3662 4510 ἦν

376 4525 522 4595 pcnti
570 4541 777 4583 morem
809 4529 998 4601 gessit.
1041 4529 1249 4588 Deinde
1275 4535 1420 4606 quod
1452 4552 1564 4591 non
1596 4537 1774 4593 solum
1807 4553 1962 4594 men-

375 4617 483 4673 dax
509 4627 677 4683 esset,
706 4620 800 4675 sed
831 4628 888 4677 et
922 4623 1088 4679 etiam
1120 4625 1240 4690 fur;
1284 4641 1382 4697 pro
1407 4642 1473 4684 eo
1505 4636 1670 4699 atque
1698 4627 1754 4682 in
1782 4626 1964 4683 Evan-

373 4712 515 4782 gelio
554 4712 787 4784 legimus
817 4714 839 4746 ⁸
874 4733 889 4770 :
925 4713 1008 4772 0b
1058 4718 1113 4774 id
1171 4719 1384 4777 loculos
1434 4720 1484 4775 ei
1538 4719 1856 4788 commisit,
1896 4735 1966 4775 ne

374 4820 538 4875 quam
582 4806 809 4866 haberet
840 4812 1250 4870 excusationem
1271 4855 1286 4880 ,
1321 4829 1447 4870 cum
1476 4812 1768 4869 Dominum
1803 4829 1966 4871 suum

373 4895 431 4950 in
471 4893 752 4953 hominum
793 4915 991 4959 manus
1031 4903 1103 4959 ob
1140 4906 1386 4975 pecuniae
1439 4905 1792 4977 cupiditatem
1845 4915 1967 4960 tra-

374 4986 547 5041 deret.
579 4988 782 5061 Ecquis
811 5009 942 5050 νει-ο
973 5002 1128 5066 pater
1154 4995 1319 5067 hujus
1347 4997 1490 5053 alius
1539 5005 1624 5053 est
1645 5038 1660 5064 ,
1695 4998 1789 5069 qui
1840 5008 1968 5053 ante

374 5077 552 5148 ipsum
581 5081 814 5138 mendax
854 5084 1018 5141 fuerit
1039 5093 1237 5156 pmter
1279 5087 1508 5142 Cainum
1535 5129 1549 5151 ,
1589 5104 1752 5159 quem
1799 5086 1969 5144 Judas

376 5168 623 5225 imitatus
654 5172 777 5226 est?
803 5171 896 5230 llle
928 5175 1201 5246 siquidem
1232 5177 1386 5232 fratri
1411 5193 1513 5234 suo
1538 5180 1798 5234 mentitus
1837 5178 1969 5232 cha-

376 5255 555 5313 ritatis
600 5273 726 5312 eum
760 5258 1016 5319 fraternae
1053 5267 1236 5336 specie
1273 5267 1522 5338 decepit,
1577 5283 1643 5322 ae
1682 5269 1968 5326 mendacio

374 5350 689 5421 persuasit;
727 5359 782 5407 et
812 5353 869 5408 in
897 5369 1088 5426 agrum
1129 5359 1398 5417 seducens
1440 5359 1709 5436 violentas
1740 5361 1819 5415 illi
1851 5376 1968 5416 ma-

453 5492 467 5522 ¹
499 5489 736 5569 (ξειιο-ιχ,
771 5493 982 5569 μηιε.
1059 5499 1090 5569 ³,
1116 5495 1276 5554 Joan.
1303 5515 1423 5561 vm,
1455 5498 1517 5553 ιι
1552 5513 1675 5569 sqq.

378 5577 478 5626 xu,
507 5564 560 5619 6.
641 5561 736 5621 'F.
769 5564 996 5623 ἐκείνου.
1073 5568 1207 5638 “rp.
1243 5569 1538 5639 ἀγαπητοί.

451 5679 586 5753 (47⁸)
618 5681 717 5739 llic
748 5683 1022 5753 interpres
1053 5683 1258 5747 aliquid
1287 5685 1492 5742 omisit.
1526 5684 1590 5737 l'"
1613 5705 1616 5709 ·
1637 5704 1657 5709 -
1722 5686 1890 5743 Pun.

2070 4536 2132 4590 οὐ
2168 4536 2350 4606 μόνον,
2387 4533 2523 4589 ἀλλὰ
2549 4535 2644 4588 καὶ
2681 4534 2941 4605 κλέπτης.
2975 4534 3118 4589 κατὰ
3158 4531 3220 4586 τὸ
3260 4534 3321 4587 ὲν
3364 4531 3446 4602 τῷ
3478 4533 3664 4602 Εὐαγ-

2071 4627 2238 4699 γελίῳ
2265 4621 2554 4700 εἰρημένον
2576 4643 2590 4657 ·
2626 4626 2718 4680 Διὸ
2755 4627 2848 4681 καὶ
2877 4625 3027 4698 αὐτῷ
3059 4625 3344 4697 παρέδωκε
3387 4623 3451 4678 τὸ
3477 4622 3662 4692 γλωσ-

2074 4722 2328 4792 σόκομον,
2371 4719 2459 4775 ἵνα
2506 4719 2911 4792 ἀναπολόγητος
2934 4716 2992 4794 ᾖ,
3029 4717 3120 4772 διὰ
3163 4717 3535 4790 φιλαργυρίαν
3571 4717 3699 4788 τὸν,

2073 4812 2203 4868 ἴδιον
2231 4811 2513 4886 Δεσπότην
2537 4811 2818 4885 παραδοὺς
2845 4812 2926 4875 είς
2951 4813 3141 4883 χεῖρας
3186 4807 3515 4881 ἀνθρώπιον.
3568 4807 3662 4872 Τίς

2071 4898 2164 4958 οὖν
2192 4904 2221 4958 6
2256 4902 2448 4958 τούτου
2476 4903 2681 4977 πατὴρ,
2711 4905 2740 4958 6
2766 4902 2873 4975 πρὸ
2898 4900 3063 4956 αὐτοῦ
3098 4900 3340 4971 ψεύστης
3374 4899 3660 4970 ὑπάρχων,

2069 4993 2185 5048 ἀλλ’
2225 4993 2260 5064 ἢ
2301 4994 2332 5049 6
2389 4994 2552 5058 Ka't'iv,
2604 4987 2666 5048 οὗ
2709 4992 2956 5065 μιμητὴς
3002 4991 3032 5044 6
3067 4989 3304 5056 Ἰούδας;
3365 4989 3517 5042 Ἐκεῖ
3554 4988 3664 5057 γὰρ

2067 5087 2413 5159 ψευσάμενος
2449 5087 2528 5159 τῷ
2552 5086 2791 5159 ἀδελφῷ,
2823 5086 2900 5151 ὡς
2945 5085 3004 5140 ὲν
3033 5083 3354 5157 φιλαδελφίᾳ
3385 5082 3660 5154 ἠπάτησε,

2069 5180 2164 5233 καὶ
2196 5178 2502 5252 παρέπεισε
2530 5179 2617 5234 διὰ
2649 5178 2742 5234 τοῦ
2773 5177 3021 5250 ψεύδους,
3056 5177 3150 5231 καὶ
3175 5174 3461 5244 ἐξαγαγὼν
3500 5172 3661 5230 αὑτὸν

2068 5273 2128 5326 ἐν
2172 5273 2251 5345 τῷ
2301 5272 2489 5344 πεδίῳ,
2534 5273 2746 5346 ἐπάρας
2793 5269 2891 5344 τὴν
2925 5273 3082 5344 χεῖρα
3115 5268 3458 5324 ἀπέκτεινεν.
3507 5264 3662 5320 Οὖτω

2070 5365 2164 5419 καὶ
2195 5365 2224 5416 6
2282 5365 2505 5431 Ἰούδας,
2556 5367 2617 5423 Τί
2661 5364 2865 5422 θέλετέ
2887 5382 3010 5436 μοι,
3064 5362 3219 5434 φησὶ,
3275 5359 3513 5424 δοῦναι,
3561 5355 3661 5410 καί

1770 5499 1790 5530 ³
1810 5499 1957 5558 Ῐοοηη

2065 5545 2080 5573 ι
2108 5504 2190 5559 Ἠ·
2270 5504 2290 5537 ⁸
2320 5501 2482 5560 Joan.
2514 5520 2644 5574 svnt,
2670 5503 2755 5560 1‘2.
2791 5486 2794 5488 ’
2836 5505 2852 5537 ⁸
2881 5501 3067 5558 Matth.
3104 5515 3248 5567 xxvr,
3281 5497 3374 5554 24.
3453 5497 3472 5528 ⁸
3497 5493 3656 5552 Joau.
