3960 6116
309 297 412 355 661

959 296 1335 354 ADVERSUS
1369 294 1714 353 HERESES
1750 291 1882 351 LIB.
1918 293 1960 350 Ι.
2004 289 2169 351 ΤΟΜ.
2210 290 2300 347 IlI.
2339 321 2408 332 —
2442 289 2718 346 HERES.
2742 286 3031 344 XXXVIII.

3476 281 3587 339 662

308 415 425 483 ἐγὼ
460 411 649 467 αὐτὸν
678 411 1010 481 παραδώσω
1043 414 1220 484 ὐμῖν;
1247 416 1362 481 καὶ,
1396 416 1500 470 Ὃν
1523 415 1601 470 ἂν
1632 414 1891 485 φιλήσω,

2002 430 2106 468 nus
2134 413 2334 469 attulit.
2368 412 2556 483 Neque
2585 412 2740 468 aliter
2766 409 2965 466 Iudas:
3002 394 3141 475 Quid
3170 406 3346 469 vultis,
3379 405 3581 475 inquit,

307 506 492 571 αὐτός
521 504 686 558 ἐστι·
736 505 1075 572 κρατήσατε
1108 508 1317 563 αὐτόν.
1354 508 1465 562 Καὶ
1494 506 1667 562 ἐλθὼν
1701 510 1730 561 6
1760 525 1894 580 προ-

307 595 487 667 δύτης,
524 598 723 664 Χαῖρε,
784 597 1020 667 Ῥαϐϐὴ,
1070 598 1223 668 ἔλεγε
1244 616 1258 630 ο
1297 602 1413 664 τοῖς
1452 599 1653 670 χείλεσι
1692 599 1890 671 τιμῶν,

311 689 541 762 καρδίαν
568 688 624 743 δὲ
659 689 847 762 πόρρω
887 690 1199 762 ἀπέχουσαν
1227 690 1363 745 Θεοῦ
1392 692 1748 763 κεκτημένος.

380 866 457 922 Ε’.
508 866 652 936 Ἀρα
687 864 819 935 γοῦν
854 858 1010 931 οὗτος
1032 868 1061 921 6
1108 866 1330 934 Ἰούδας,
1369 867 1551 941 πατὴρ
1592 868 1770 923 αὐτῶν
1798 887 1891 940 γε-

307 954 552 1025 νόμενος,
584 955 725 1010 κατὰ
749 955 848 1027 τὴν
877 956 1229 1029 ἀρνησιθεῖαν
1266 959 1361 1012 καὶ
1398 959 1683 1030 προδοσίαν
1717 960 1891 1014 Σατα-

308 1052 404 1114 νᾶς
448 1047 694 1119 ὑπάρξας
746 1048 837 1103 καὶ
886 1048 1153 1115 διάϐολος,
1198 1050 1261 1104 οὐ
1298 1052 1363 1122 τῇ
1416 1050 1596 1121 φύσει,
1639 1051 1777 1107 ἀλλὰ
1821 1055 1888 1124 τῇ

307 1139 523 1214 γνώμῃ,
548 1139 661 1204 υἱὸς
688 1138 978 1212 γεγένηται
1008 1136 1161 1206 οὗτος
1190 1142 1286 1196 τοῦ
1317 1143 1458 1198 Κάῖν
1493 1144 1632 1199 κατὰ
1659 1146 1891 1218 μίμησιν

307 1231 403 1285 τοῦ
433 1232 881 1304 ἁνθρωποκτόνου
929 1235 1026 1288 καὶ
1068 1234 1302 1305 ψεύστου
1321 1253 1335 1269 ο
1368 1238 1557 1311 ἐπειδὴ
1598 1239 1693 1294 καὶ
1722 1242 1751 1294 6
1784 1259 1887 1295 πα-

307 1321 412 1392 τὴρ
458 1320 624 1375 αὐτοῦ
672 1323 779 1394 πρὸ
820 1323 985 1377 αὐτοῦ
1035 1324 1279 1398 ψεύστης
1323 1322 1411 1399 ἦν,
1458 1329 1555 1400 οὐχ
1603 1331 1631 1383 6
1696 1331 1886 1402 Ἀδὰμ,

306 1412 421 1467 ἀλλ’
468 1415 497 1467 6
534 1413 782 1478 διάϐολος
804 1430 819 1446 ⁸
853 1408 915 1468 οῦ
952 1416 1052 1488 τὴν
1089 1417 1322 1489 μίμησιν
1354 1419 1511 1490 ἔσχεν
1551 1423 1610 1475 ὲν
1640 1425 1703 1493 τῇ
1735 1423 1889 1477 ἀδελ-

309 1505 588 1576 φοκτονίᾳ,
625 1504 796 1576 μίσει,
827 1505 921 1560 καὶ
958 1507 1037 1577 τῷ
1077 1507 1285 1576 ψεύδει,
1334 1510 1429 1565 καὶ
1457 1511 1594 1583 πρὸς
1622 1512 1755 1566 Θεὸν
1802 1515 1890 1567 ἀνο

305 1597 548 1669 τιλογίᾳ,
593 1596 674 1669 τῷ
718 1597 918 1668 λέγειν,
945 1599 1043 1669 Μὴ
1084 1603 1289 1670 φύλαξ
1322 1603 1438 1674 εὶμί
1474 1605 1580 1658 τοῦ
1617 1605 1886 1676 ἀδελφοῦ

302 1706 453 1758 μου;
484 1691 607 1745 Οὐκ
636 1686 769 1744 οἶδα
793 1691 912 1747 ποῦ
945 1691 1138 1747 ἐστιν.
1176 1692 1332 1749 Οῦτω
1375 1696 1467 1750 καὶ
1492 1697 1520 1749 6
1543 1696 1786 1764 διάϐολος
1807 1697 1887 1769 τῷ

304 1781 497 1854 κυρίῳ
524 1783 657 1855 φησί
680 1800 694 1813 ·
748 1783 847 1852 Μὴ
879 1784 1107 1855 δωρεὰν
1135 1786 1371 1843 σέϐεται
1418 1789 1549 1844 Ἰὼϐ
1573 1789 1683 1844 τὸν
1710 1794 1889 1859 Geor;
1919 1771 1962 1826 Β

318 1873 533 1945 Ἐπειδὴ
568 1874 678 1947 γὰρ
706 1876 869 1941 αὐτὸς
896 1878 925 1930 6
958 1877 1204 1943 διάϐολος
1245 1879 1325 1951 τῷ
1352 1879 1534 1951 ψεύδει
1563 1883 1748 1954 ἀπατᾷ
1789 1884 1890 1955 τὴν

305 1961 450 2018 Εὕαν
488 1966 583 2019 καὶ
610 1967 700 2021 τὸν
752 1969 941 2040 Ἀδάμ,
978 1970 1143 2042 ἕτερα
1184 1972 1300 2025 ἀνθ’
1339 1973 1542 2045 ἑτέρων
1568 1974 1762 2045 λέγων,
1793 1975 1890 2030 καὶ

304 2055 489 2123 φιλίαν
520 2061 895 2132 προσποιητὴν
936 2061 1374 2134 ἐνδεικνύμενος,
1403 2065 1488 2118 ὅτι
1521 2066 1781 2122 Ἕσεσθε
1808 2069 1889 2135 ὡς

303 2149 447 2216 θεοὶ,
489 2150 587 2205 καὶ
633 2154 743 2206 οὐκ
790 2154 1221 2212 ἀποθανεῖσθε’
1261 2156 1452 2213 τοῦτον
1484 2154 1818 2230 μιμούμενος
1859 2164 1888 2216 6

304 2240 459 2307 Κάίν,
494 2246 845 2316 προσχήματι
879 2246 1230 2318 φιλαδελφίας
1269 2250 1456 2320 ήπάτα
1496 2252 1588 2306 τὸν
1636 2253 1883 2323 ἀδελφὸν,

304 2331 477 2402 λέγων
499 2348 513 2366 “
546 2335 877 2406 Διέλθωμεν
903 2340 990 2404 είς
1017 2338 1086 2392 τὸ
1135 2339 1364 2395 πεδίον.
1407 2342 1506 2395 Διὰ
1551 2343 1708 2398 τοῦτο
1735 2346 1827 2399 καὶ
1859 2347 1887 2399 6

303 2422 458 2491 ἅγιος
496 2424 752 2497 Ἰωάννης
792 2422 980 2481 εἶπεν
1028 2428 1092 2482 Ὀ
1116 2428 1317 2499 μισῶν
1348 2431 1456 2486 τὸν
1484 2432 1753 2504 ἀδελφὸν
1778 2437 1886 2490 αὺ-

303 2514 433 2581 τοῦ,
468 2512 647 2584 οὗτος
682 2521 755 2573 οὐ
777 2521 1166 2577 ⁵τετελείωται
1196 2523 1266 2577 ὲν
1296 2522 1373 2593 τῇ
1398 2524 1621 2595 ἀγάπῃ,
1645 2529 1782 2582 ἀλλ’
1817 2530 1888 2583 ἐκ

304 2610 413 2664 τοῦ
446 2611 597 2665 Κάιν
619 2612 792 2667 ἐστίν
814 2629 829 2644 ο
884 2612 975 2669 ὅτι
1004 2613 1319 2670 ἀπέκτεινε
1348 2616 1456 2672 τὸν
1484 2617 1754 2689 ἀδελφὸν
1783 2623 1888 2674 αὐ-

302 2701 431 2758 τοῦ.
465 2703 578 2756 Καὶ
603 2703 703 2758 διὰ
742 2704 800 2757 τί
830 2704 1019 2758 αὐτὸν
1053 2705 1405 2762 ἀπέκτεινεν
1428 2726 1440 2739 ·
1476 2710 1605 2763 Ὅτι
1657 2706 1737 2781 ἦν
1779 2726 1886 2767 πο-

303 2793 458 2861 νηρὰ
482 2794 555 2847 τὰ
581 2795 725 2864 ἔργα
749 2796 935 2851 αὐτοῦ
958 2814 973 2829 ·
1026 2797 1122 2851 καὶ
1163 2797 1405 2870 ἐζήλωσε
1442 2799 1512 2855 τὰ
1538 2800 1674 2873 ἔργα
1700 2802 1884 2871 αὐτοῦ,

302 2883 387 2936 ὄτι
410 2879 477 2955 ἦν
514 2885 673 2940 καλά.
717 2885 875 2941 Οὕτω
903 2890 997 2942 καὶ
1028 2881 1195 2955 οὗτοι,
1229 2891 1428 2961 μᾶλλον
1462 2892 1783 2963 φθονοῦντες
1810 2896 1887 2969 τῷ

308 2972 494 3037 Ἀϐελ,
528 2973 606 3046 τῷ
639 2975 779 3029 καλὰ
802 2976 977 3048 ἔχοντι
1022 2979 1181 3051 ἔργα,
1212 2982 1304 3036 τὸν
1339 2982 1394 3036 δὲ
1426 2984 1567 3037 Κάῖν
1600 2986 1885 3056 τιμῶντες,

305 3064 425 3128 πῶς
455 3065 577 3171 οὐδε·
598 3066 1260 3171 ελέγχονταιῖδιαρῤήδην
1292 3073 1387 3128 τοῦ
1424 3076 1673 3148 Σωτῆρος
1705 3079 1886 3148 λέγονο
1915 3112 1959 3171 c

304 3174 418 3220 τος,
472 3159 566 3211 καὶ
606 3159 882 3231 ἀπότομον
926 3162 1203 3233 ἀπόφασιν
1252 3166 1525 3235 ὁρίζοντος
1577 3169 1778 3236 αὐτοῖς,
1807 3174 1890 3225 ὅτι

305 3251 720 3320 Ζητηθήσεται
767 3253 887 3308 ἀπὸ
925 3254 1037 3324 τῆς
1080 3256 1292 3325 γενεᾶς
1332 3262 1558 3330 ταύτης
1591 3261 1715 3318 πᾶν
1748 3259 1893 3335 αἷμα

302 3342 545 3398 δίκαιον
574 3344 692 3400 ἀπὸ
748 3346 918 3401 Ἅϐελ
947 3347 1055 3402 τοῦ
1087 3347 1324 3404 δικαίου
1358 3352 1423 3406 τὸ
1451 3354 1552 3409 ἀπ’
1579 3354 1774 3425 ἀρχῆς
1795 3356 1893 3409 ἐκ·

305 3434 641 3505 κεχυμένον
671 3436 784 3504 ἕως
808 3439 1105 3509 Ζαχαρίου
1136 3443 1244 3496 τοῦ
1274 3442 1606 3513 προφήτου,
1665 3442 1739 3503 οὗ
1780 3449 1892 3502 ἀπ-

298 3527 606 3581 εκτείνατε
628 3528 826 3598 μέσον
847 3531 954 3587 τοῦ
982 3533 1131 3587 ναοῦ
1162 3532 1261 3590 καί
1288 3536 1394 3592 τοῦ
1424 3540 1857 3609 θυσιαστηρίου
1874 3581 1889 3610 ,

308 3620 405 3673 καὶ
431 3618 500 3673 τὰ
524 3619 653 3691 ἑξῆς
674 3638 688 3687 ;

382 3712 475 3778 εἷ’.
516 3712 629 3767 Οὐκ
659 3713 768 3785 ἄρα
800 3713 1001 3783 τοίνυν,
1034 3715 1109 3781 ὡς
1137 3709 1285 3773 οὗτοί
1326 3737 1483 3789 φασι,
1515 3721 1603 3776 διὰ
1636 3724 1837 3793 γνῶσιν
1863 3725 1893 3777 6

320 3803 523 3869 Ἰούδας
549 3806 837 3878 παρέδωκε
868 3806 959 3861 τὸν
981 3810 1232 3884 Σωτῆρω
1265 3812 1388 3867 οὐδὲ
1430 3814 1672 3869 Ἰουδαῖοι
1701 3815 1894 3887 μισθὸν

266 3956 277 3961 _
306 3894 491 3963 ἔχουσι
515 3896 931 3968 σταυρώσαντες
959 3898 1050 3953 τὸν
1072 3900 1300 3973 Κύριον,
1324 3903 1502 3957 καίτοι
1529 3922 1594 3974 γε
1614 3904 1703 3961 διὰ
1726 3923 1892 3961 σταυ-

306 3987 403 4059 ροῦ
435 3989 669 4060 ἐχόντων
697 3990 855 4061 ήμῶν
883 3992 983 4063 τὴν
1012 3995 1307 4066 σωτηρίαν.
1340 3995 1479 4049 Οὔτε
1501 3995 1611 4068 γὰρ
1644 3997 1893 4070 παρέδω-

304 4097 404 4134 κεν
434 4080 597 4134 αὐτὸν
629 4084 659 4135 6
703 4083 927 4147 Ἰούδας,
959 4084 1046 4138 ἵνα
1072 4086 1298 4159 γένηται
1324 4088 1459 4158 ήμτν
1486 4089 1565 4152 είς
1596 4090 1891 4162 σωτηρίαν·

301 4172 444 4226 ἀλλὰ
470 4174 593 4227 κατ’
619 4173 863 4244 ἄγνοιαν,
913 4177 1097 4248 ζῆλον,
1144 4180 1236 4232 καὶ
1267 4180 1632 4253 φιλαργυρίαν
1665 4183 1894 4255 ἄρνησι-

303 4264 479 4328 θετας.
519 4262 637 4318 Κάν
664 4282 725 4319 τε
752 4267 862 4338 γὰρ
890 4268 1018 4340 εἴπῃ
1054 4269 1087 4340 ἡ
1117 4269 1309 4343 Γραφὴ
1348 4271 1442 4325 τὸν
1485 4273 1721 4343 Χριστὸν
1762 4273 1893 4344 μέλ-

302 4353 468 4407 λοντα
497 4353 714 4426 σταυρῷ
735 4355 1147 4427 παραδίδοσθαι,
1175 4356 1209 4429 ἢ
1237 4357 1342 4411 κᾶν
1368 4357 1514 4412 εἴποι
1540 4361 1573 4430 ή
1604 4357 1724 4414 θεία
1748 4360 1893 4432 Γρα-

1998 505 2127 560 mihi
2154 506 2315 571 dare,
2347 517 2396 561 et
2430 521 2521 576 ego
2554 520 2674 559 eum
2723 502 2864 557 vobis
2901 501 3111 556 tradam
3134 500 3199 553 z‘?
3250 498 3314 551 Et
3338 538 3354 565 ,
3387 497 3582 564 Quem~

1996 614 2199 668 cunque
2222 597 2494 652 osculatus
2527 596 2678 665 fuero
2710 596 2821 663 ipse
2851 604 2951 661 est,
2979 602 3140 647 tenete
3174 608 3291 646 eum
3314 590 3357 646 ’⁸.
3389 589 3453 644 Et
3488 606 3582 643 ac-

1994 689 2197 745 cedens
2226 690 2487 754 traditur,
2518 688 2626 741 Ave
2646 727 2661 751 ,
2703 686 2900 755 inquit,
2941 683 3109 737 Rabbi
3138 684 3183 748 ⁸,
3220 682 3378 736 labiis
3406 681 3581 735 hono-

1995 796 2125 837 rans
2149 819 2165 844 ,
2194 791 2291 837 cor
2322 789 2502 836 autem
2537 779 2696 849 longe
2720 792 2750 831 a
2768 776 2879 831 Deo
2911 783 3179 831 remotum
3212 788 3406 844 gerens
3429 774 3471 826 ⁸.

2068 873 2132 929 ν.
2174 874 2540 940 Quamobrem
2570 871 2661 926 hic
2698 867 2972 925 illeJudas
3006 874 3111 930 est,
3141 867 3234 937 qui
3254 876 3305 920 et
3334 866 3577 935 ipsorum

1992 980 2215 1036 parens,
2264 973 2319 1022 et
2363 975 2586 1036 propter
2609 962 2867 1018 Numinis
2912 960 3326 1031 abnegationem
3393 956 3582 1026 prodi-

1992 1060 2307 1132 tionemque
2330 1060 2563 1116 Satanas
2593 1058 2713 1123 fuit,
2729 1067 2785 1114 et
2808 1056 3085 1112 voluntate
3112 1070 3220 1109 non
3242 1060 3438 1107 natura
3460 1051 3579 1104 dia-

1991 1151 2177 1219 bolus,
2226 1153 2484 1224 idemque
2511 1150 2794 1207 mendacis
2840 1164 2905 1205 ac
2932 1148 3219 1220 parricidae
3248 1144 3406 1202 Caiui
3441 1143 3579 1199 dune

1992 1257 2143 1305 taxat
2179 1248 2485 1304 imitatione
2524 1247 2705 1313 ﬁlius;
2741 1241 3183 1317 quandoquidem
3216 1249 3270 1297 et
3295 1240 3417 1310 ejus
3456 1245 3579 1292 ante

1990 1341 2168 1411 ipsum
2197 1351 2355 1412 pater
2374 1338 2605 1395 mendax
2630 1337 2731 1393 fuit
2760 1352 2867 1392 non
2889 1335 3152 1399 Adamus,
3181 1331 3278 1389 sed
3299 1329 3575 1386 diabolus:

1988 1433 2150 1503 cujus
2182 1434 2237 1487 in
2270 1433 2512 1487 fraterna
2540 1429 2708 1494 caede,
2741 1428 2981 1498 odioque
3011 1441 3075 1481 ac
3110 1423 3399 1480 mendacio
3434 1421 3580 1477 simi-

1989 1527 2275 1583 litudinem
2314 1523 2612 1595 expressit:
2652 1531 2766 1577 tum
2800 1537 2865 1577 eo
2896 1521 3120 1589 insuper
3154 1518 3280 1587 ipso
3310 1514 3457 1586 quod
3491 1513 3577 1569 his

1988 1620 2169 1676 verbis
2198 1617 2308 1672 Deo
2350 1616 2712 1673 contradixit:
2751 1614 2896 1667 Num
2927 1620 3101 1667 custos
3138 1610 3321 1681 fratris
3352 1607 3453 1660 mei
3485 1622 3576 1675 ego

1989 1716 2150 1769 sum?
2197 1711 2299 1767 Ubi
2337 1712 2407 1765 sit
2447 1709 2676 1765 nescio".
2736 1703 3207 1773 Quemadmodum
3249 1707 3302 1756 et
3346 1697 3577 1753 Domino

1990 1804 2241 1860 diabolus
2282 1803 2523 1873 loquitur
2556 1820 2569 1857 :
2610 1800 2753 1856 Num
2789 1801 2993 1870 frustra
3028 1795 3131 1851 Job
3163 1795 3308 1848 timet
3340 1791 3505 1845 Deum
3530 1790 3579 1842 “?

1990 1895 2260 1963 Quoniam
2284 1894 2430 1950 enim
2466 1891 2719 1947 diabolus
2748 1891 2866 1961 ipse
2898 1887 3065 1941 Evam
3096 1893 3152 1940 et
3166 1882 3432 1936 Adamum
3462 1877 3577 1934 suis

1989 1988 2046 2043 in
2088 1986 2336 2042 fraudem
2382 1983 2689 2039 mendaciis
2740 1981 3058 2052 impulerat,
3101 1978 3236 2033 falsa
3284 1990 3381 2046 pro
3432 1972 3577 2028 veris

1990 2096 2289 2152 usurpans,
2306 2094 2371 2133 ac
2393 2077 2709 2133 simulatam
2737 2072 3035 2128 amicitiam
3059 2069 3353 2139 objiciens:
3386 2058 3579 2127 Erilis,

1990 2174 2188 2245 inquit,
2218 2173 2356 2226 sicut
2383 2169 2481 2235 dii,
2504 2178 2554 2223 et
2582 2184 2687 2221 non
2714 2163 3077 2229 moriemini’;
3110 2161 3257 2216 hunc
3289 2157 3577 2213 aemulatus

1988 2266 2126 2321 Cain
2166 2266 2425 2320 fraterna
2454 2258 2742 2315 charitatis
2770 2256 2956 2327 specie
2983 2266 3304 2325 germanum
3339 2247 3574 2315 decepit,

1988 2358 2074 2413 bis
2115 2356 2296 2412 verbis
2335 2354 2652 2423 alloquens:
2696 2346 3049 2419 Egrediamur
3086 2342 3317 2412 foras”.
3368 2338 3576 2393 Idcirco

1990 2450 2185 2505 beatus
2213 2446 2454 2502 Joannes
2482 2446 2556 2498 ita
2594 2440 2786 2499 scribit
2826 2439 2971 2505 :Qui
2996 2436 3107 2492 odit
3146 2435 3367 2502 fratrem
3397 2446 3574 2493 suum,

1989 2541 2149 2611 281
2189 2538 2271 2592 hic
2299 2538 2353 2591 in
2386 2535 2646 2589 charitate
2674 2530 2935 2602 perfectus
2984 2544 3089 2583 non
3116 2535 3218 2589 est,
3266 2522 3355 2577 sed
3406 2528 3483 2575 est
3511 2535 3577 2575 ex

1989 2632 2197 2695 Caino;
2247 2629 2497 2700 quoniam
2537 2626 2758 2696 fratrem
2806 2638 2960 2677 suum
2994 2618 3205 2673 occidit.
3258 2613 3324 2668 Et
3366 2622 3578 2682 propter

1988 2724 2111 2795 quid
2127 2721 2314 2778 occidit
2331 2722 2486 2775 eum?
2511 2717 2773 2784 Quoniam
2796 2730 2952 2783 opera
2975 2711 3089 2781 ejus
3102 2708 3333 2778 maligna
3344 2712 3494 2759 erant
3512 2703 3575 2767 “;

1988 2825 2043 2870 et
2083 2814 2231 2870 illius
2270 2812 2469 2868 invidit
2508 2810 2792 2881 operibus,
2840 2805 3099 2877 quoniam
3142 2808 3300 2858 erant
3327 2800 3574 2854 honesta.

1992 2904 2083 2961 Sic
2106 2905 2182 2961 illi
2216 2906 2387 2961 Abelo
2440 2904 2624 2974 potius
2663 2898 2999 2961 invidentes,
3036 2894 3199 2963 cujus
3232 2905 3399 2961 opera
3435 2889 3576 2942 bona

1990 3002 2143 3060 sunt,
2176 3003 2231 3052 et
2252 2995 2482 3051 Cainum
2515 2994 2873 3053 honorantes,
2905 3002 3087 3042 nonne
3111 2983 3197 3039 vel
3229 2980 3364 3052 ipsis
3389 2977 3580 3034 Salva-

1989 3087 2126 3140 toris
2150 3086 2332 3142 verbis
2357 3082 2648 3139 manifeste
2668 3078 3104 3150 redarguuutur:
3138 3073 3232 3145 qui
3260 3073 3315 3126 in
3338 3070 3462 3124 illos
3491 3082 3580 3121 sc-

1994 3193 2119 3233 vere
2162 3192 2227 3231 ac
2274 3178 2393 3231 sine
2440 3176 2551 3229 ulla
2609 3170 3062 3244 tergiversatione
3108 3164 3433 3222 sententiam
3476 3159 3580 3213 hoc

1992 3269 2157 3324 modo
2192 3270 2350 3324 tulit:
2410 3268 2721 3337 Requiretur
2766 3264 2832 3319 ab
2862 3263 2962 3316 hac
2994 3258 3327 3332 generatione
3364 3252 3579 3324 sanguis

1994 3363 2164 3417 omnis
2188 3362 2392 3432 justus,
2418 3361 2509 3432 qui
2536 3361 2735 3429 e/fusus
2758 3365 2835 3411 est
2865 3356 2930 3410 ab
2948 3354 3080 3409 Abel
3098 3352 3246 3423 justo
3269 3368 3301 3404 a
3322 3347 3583 3419 principio

1994 3468 2158 3523 usque
2188 3451 2256 3507 ad
2286 3450 2607 3505 Zachariam
2634 3448 2965 3518 prophetam,
2992 3461 3145 3512 quem
3165 3441 3432 3497 occidistis
3447 3440 3584 3493 inter

1996 3546 2246 3614 templum
2265 3553 2314 3599 et
2332 3542 2505 3598 altare
2518 3544 2560 3575 "
2572 3542 2596 3595 ?
2624 3549 2729 3596 etc.

2067 3717 2155 3772 Vl.
2186 3715 2407 3773 Falsum
2438 3718 2604 3787 igitur
2630 3722 2736 3780 est,
2767 3713 2913 3785 quod
2948 3713 3039 3769 isti
3068 3713 3347 3782 jactitant.
3374 3710 3578 3766 ludam

1995 3810 2068 3866 ob
2096 3825 2219 3864 eam
2262 3824 2431 3880 quam
2465 3808 2701 3863 habebat
2744 3806 3035 3862 scientiam
3070 3804 3411 3860 Salvatorem
3454 3819 3583 3872 pro-

1995 3903 2241 3958 didisse:
2279 3901 2528 3971 adeoque
2558 3913 2661 3955 nec
2701 3898 2805 3968 ipsi
2851 3895 3027 3952 Judaei
3068 3894 3293 3952 Christo
3331 3895 3386 3949 in
3418 3908 3583 3950 cruce

1994 3994 2190 4051 sulIixo
2238 3992 2548 4048 mercedem
2583 3987 2868 4045 consecuti
2917 3996 3067 4050 sunt,
3109 3987 3361 4057 quamvis
3397 3986 3582 4040 crucis

1996 4086 2164 4142 nobis
2192 4084 2461 4142 beneﬁcio
2496 4083 2650 4139 salus
2678 4081 2983 4138 obvenerit.
3021 4079 3141 4135 Non
3168 4078 3317 4134 enim
3352 4087 3411 4134 ut
3437 4078 3583 4133 salu-

1997 4189 2107 4237 tem
2139 4176 2302 4233 nobis
2323 4174 2564 4238 ail‘erret,
2588 4172 2763 4229 Judas
2792 4172 2944 4227 illum
2973 4170 3230 4237 tradidit;
3264 4168 3361 4226 sed
3383 4170 3582 4241 partim

1997 4266 2331 4339 ignorantia,
2357 4266 2557 4338 partim
2586 4262 2812 4329 invidia,
2835 4271 2891 4319 et
2919 4263 3150 4319 avaritia
3176 4261 3398 4325 ductus,
3417 4276 3581 4331 quam

1997 4375 2125 4415 cum
2158 4358 2256 4416 Dei
2289 4359 2654 4430 abnegatione
2689 4357 3074 4429 coniunxerat.
3109 4355 3326 4410 Etenim
3369 4354 3497 4408 licet
3529 4354 3584 4406 in

303 4445 383 4516 φὴ
416 4445 600 4521 τὰὲπ*
635 4446 849 4519 ἐσχάτῳ
869 4448 887 4479 ί
947 4448 1055 4501 τῶν
1090 4450 1312 4524 ἡμερῶν
1331 4452 1399 4505 δι’
1435 4452 1594 4524 ἡμῶν
1619 4454 1891 4509 ἐπιτελού-

2001 4467 2224 4509 crucem
2258 4461 2443 4507 actum
2496 4450 2561 4506 iri
2600 4450 2883 4507 Christum
2920 4448 3204 4519 Scriptura
3238 4446 3583 4519 praedixerit;

308 4554 450 4608 μενα
479 4538 831 4610 ἀτοπήματα,
864 4540 927 4593 οὐ
959 4539 1181 4606 πάντως
1209 4541 1359 4614 εὖροι
1388 4543 1452 4598 ἄν
1485 4562 1570 4609 τις
1602 4546 1760 4618 ἡμῶν
1781 4547 1891 4601 τῶν

302 4627 378 4681 τὰ
401 4627 698 4700 παράνομα
717 4630 1067 4701 πραττόντων
1087 4632 1406 4701 ἀπολογίαν,
1431 4633 1531 4706 τὴν
1551 4635 1654 4706 τῆς
1674 4636 1896 4709 Γραφῆς

310 4718 621 4791 μαρτυρίαν
640 4720 950 4793 προφέρων,
974 4721 1446 4797 προθεσπιζούσης
1460 4724 1635 4781 ταῦτα
1655 4727 1895 4785 ἔσεσθαι.

307 4811 386 4865 Οὐ
410 4810 519 4885 γὰρ
544 4812 626 4865 ὅτι
674 4807 826 4866 εἶπεν
864 4815 898 4885 ή
930 4811 1145 4887 Γραφή,
1180 4815 1463 4889 ποιοῦμεν·
1496 4819 1611 4873 ἀλλ’
1638 4821 1720 4875 ὅτι
1748 4822 1901 4893 ἐμέλ-

306 4903 476 4974 λομεν
511 4906 707 4969 ποιεῖν,
740 4907 998 4978 προεῖπεν
1034 4909 1067 4979 ή
1108 4908 1320 4980 Γραφὴ,
1351 4909 1441 4964 διὰ
1478 4911 1583 4984 τήν
1620 4912 1716 4966 τοῦ
1765 4914 1900 4969 Θεοῦ

310 4996 647 5067 πρόγνωσιν,
673 4998 769 5051 καὶ
793 4998 880 5052 ἵνα
905 4998 1060 5063 Θεὸς,
1087 4999 1294 5070 ἀγαθὸς
1313 5001 1599 5075 ὑπάρχων,
1626 5004 1903 5078 ἐπιφέρων

307 5089 369 5142 δὲ
397 5088 500 5159 τὴν
526 5088 696 5161 ὀργὴν
728 5088 870 5144 κατὰ
898 5090 1008 5145 τῶν
1034 5091 1483 5166 ἁμαρτανόντων,
1518 5094 1594 5169 μὴ
1616 5096 1901 5170 ὑποληφθῇ

307 5180 475 5235 πάθει
504 5182 887 5253 συνεχόμενος.
930 5183 995 5237 Ἠ
1027 5183 1138 5256 γὰρ
1167 5184 1290 5239 καθ’
1322 5186 1553 5242 ἕκαστον
1584 5188 1692 5243 τῶν
1724 5189 1904 5261 ἁμαρ-

305 5273 580 5328 τανόντων
610 5275 763 5346 παρὰ
793 5274 930 5329 Θεοῦ
966 5275 1105 5348 ὀργὴ
1137 5278 1238 5332 οὐκ
1266 5278 1373 5333 ἀπὸ
1399 5280 1605 5345 πάθους
1639 5282 1897 5353 ὁρμᾶται.

323 5366 559 5431 ’Λπαθὲς
593 5367 703 5440 γὰρ
736 5369 797 5422 τὸ
829 5369 983 5425 Θεῖον
1021 5388 1036 5403 ο
1077 5371 1332 5445 ἐπιφέρει
1367 5373 1423 5427 δὲ
1454 5373 1555 5446 τὴν
1581 5375 1753 5447 ὀργὴν
1781 5378 1907 5430 κατ’

309 5457 608 5529 ἄνθρωπον
633 5462 677 5525 ¹,
720 5461 781 5514 οὐ
818 5462 980 5516 πάθει
1030 5465 1235 5536 ληφθὲν
1293 5466 1747 5538 ἀγανακτήσεως,
1780 5467 1901 5521 οὐδὲ

305 5551 450 5622 ὀργῇ
472 5552 706 5624 ἡττηθὲν
728 5555 819 5608 καί
845 5557 1232 5630 κρατούμενον.
1258 5557 1510 5613 Δείκνυσι
1532 5558 1642 5631 γὰρ
1672 5559 1732 5614 τὸ
1753 5560 1898 5616 ἀπα-

1999 4560 2065 4600 ac
2099 4559 2223 4615 quae
2250 4543 2544 4615 postremis
2572 4542 2914 4613 temporibus
2944 4556 2975 4595 a
3003 4540 3164 4596 nobis
3192 4537 3583 4595 committenda

1999 4646 2131 4692 sunt
2159 4637 2368 4692 scelera
2411 4635 2505 4691 diu
2551 4642 2677 4690 ante
2705 4633 3053 4706 signiﬁcarit,
3088 4631 3319 4695 nullam,
3365 4631 3413 4684 si
3444 4628 3587 4682 male

2002 4731 2291 4803 quidpiam
2315 4729 2615 4801 egerimus,
2649 4744 2716 4784 ex
2746 4728 2882 4783 iisce
2906 4726 3203 4797 Scriptura:
3222 4719 3584 4778 testimoniis.

2003 4839 2125 4894 quae
2156 4822 2211 4877 id
2246 4821 2494 4877 futurum
2535 4820 2925 4893 praenuntiant,
2966 4814 3378 4873 excusationem
3421 4813 3580 4868 habe-

2002 4916 2207 4971 bimus.
2261 4912 2452 4984 Neque
2508 4914 2653 4970 euim
2701 4912 2848 4983 quod
2904 4909 3190 4981 Scriptura
3244 4904 3583 4979 praedixerit,

2002 5007 2209 5064 idcirco
2228 5021 2291 5062 ea
2326 5004 2560 5061 iacimus
2586 5024 2602 5073 ;
2635 5004 2733 5061 sed
2757 5003 2903 5075 quod
2933 5002 3132 5058 facturi
3163 5015 3405 5065 eramus,
3439 4996 3589 5055 Scri-

2002 5106 2166 5170 ptura
2202 5095 2476 5169 praedixit,
2512 5095 2584 5151 ob
2618 5094 3035 5151 antecedentem
3073 5093 3167 5149 Dei
3203 5090 3458 5147 videlicet
3493 5104 3589 5144 co-

2001 5190 2327 5263 gnitionem,
2357 5196 2522 5259 atque
2563 5195 2621 5241 ut
2646 5186 2791 5242 Deus
2820 5187 2959 5256 ipse,
2986 5186 3082 5256 qui
3122 5185 3303 5240 bonus
3327 5191 3434 5247 est,
3462 5197 3588 5237 cum

2004 5280 2269 5337 adversus
2300 5286 2624 5351 peccatores
2666 5278 2805 5333 iram
2857 5284 3097 5342 exercet,
3146 5291 3259 5331 non
3300 5275 3588 5345 perturba-

2006 5372 2158 5427 tione
2189 5372 2372 5442 aliqua
2402 5378 2712 5427 commotus
2731 5385 2858 5426 esse
2892 5368 3164 5423 videatur.
3192 5366 3289 5421 Dei
3314 5366 3588 5436 siquidem

2008 5464 2275 5521 adversus
2328 5472 2647 5536 peccatores
2691 5464 2969 5535 quoslibet
3006 5462 3307 5532 indignatio
3352 5476 3463 5514 non
3521 5460 3590 5512 ab

2014 5560 2124 5615 ulla
2160 5559 2328 5614 animi
2362 5560 2776 5629 perturbatione
2810 5556 3216 5627 proﬁciscitur;
3248 5562 3397 5611 caret
3443 5554 3589 5609 cuitu

393 5707 409 5782 ξ
445 5703 504 5758 1⁴’.
543 5706 833 5782 ἐσχάτων.-
877 5707 987 5782 ξιτ.
1046 5710 1369 5782 ἀνθρώπων.
1456 5715 1477 5747 ³
1507 5715 1693 5771 Matth.
1749 5733 1891 5781 XXVI,

1997 5718 2043 5777 5.
2123 5718 2143 5750 ⁸
2170 5718 2336 5773 Marc.
2396 5731 2524 5781 stv,.
2579 5715 2667 5769 44.
2748 5715 2768 5746 ⁸
2798 5714 2929 5769 ibid.
2962 5712 3051 5769 45.
3128 5713 3149 5744 ⁸
3187 5712 3289 5767 lsa.
3323 5724 3472 5771 χχιιι,
3498 5711 3586 5782 15.

302 5775 327 5806 ⁷
365 5774 501 5833 Gen.
536 5774 689 5848 tv,'9.
766 5782 785 5811 ‘
810 5780 914 5837 Job
954 5797 991 5848 ι,
1019 5784 1072 5837 9.
1150 5774 1336 5841 "Gen.
1372 5786 1514 5857 ιιι,4,
1545 5788 1594 5843 5.

1702 5788 1757 5852 ,³⁸
1788 5779 1891 5845 Gen

1997 5805 2032 5858 ι,
2062 5791 2113 5847 8.
2202 5788 2270 5842 “I
2300 5787 2455 5844 Joan.
2491 5779 2558 5853 ιι,
2588 5787 2687 5855 II;
2730 5802 2810 5853 ιιι,
2840 5786 2927 5840 12.
3008 5785 3049 5816 ¹¹
3083 5782 3270 5838 Matth.
3312 5796 3463 5845 χχιιι,
3495 5779 3584 5835 35.
