3960 6160
868 48 1315 59 κκῨῤ--πι--κ-ι-

341 343 448 403 688

950 353 1324 411 ADVERSUS
1362 353 1709 417 "IERESES
1746 359 1878 420 LIB.
1917 353 1963 419 I.
2004 358 2174 419 TOM.
2216 358 2306 417 111.
2346 388 2417 398 -
2456 352 2738 411 HERES.
2778 350 3029 411 XXXIX.

3513 352 3619 410 666

342 480 481 531 μου,
502 461 545 534 ἦ
562 464 923 529 ἀπείπασθε·
956 470 1052 523 καὶ
1075 470 1238 525 πάλιν
1267 471 1326 525 ὲν
1352 472 1500 545 am,»
1521 475 1795 549 προφήτῃ·
1822 473 1932 527 Καὶ

2058 472 2269 530 81⁵381⁸.
2334 472 2469 529 Item
2521 472 2666 545 apud
2717 473 2885 529 alium
2915 471 3278 545 prophetam:
3314 473 3379 528 Si
3410 474 3618 543 justum

347 552 551 612 ἔδωκαν
578 558 639 612 τὸ
665 558 931 631 ἀργύριον
955 561 1056 632 τὴν
1083 561 1250 635 τιμὴν
1278 563 1372 619 τοῦ
1401 566 1788 637 τετιμημένου.
1819 564 1935 619 Καὶ

345 645 487 704 εἷπε·
520 650 704 717 Κάθες
731 653 864 707 αὐτὸ
889 656 971 718 εἰς
1000 655 1063 710 τὸ
1088 658 1474 732 χωνευτήριον·
1519 659 1592 712 ῐδε
1631 660 1679 713 εἰ
1708 659 1934 731 δόκιμον

346 739 517 808 ἔστιν,
544 742 621 806 ὡς
644 743 1009 819 ἐδοκιμάσθην
1043 747 1149 802 ὑπὸ
1178 748 1288 806 τῶν
1313 762 1331 785 δ
1367 749 1501 805 υἱῶν
1542 751 1780 823 Ἰσραήλ.

418 923 500 1000 ῌ’.
540 922 654 978 Καὶ
684 923 826 979 πόσα
854 927 1003 982 ἐστὶν
1038 928 1148 982 ἀπὸ
1177 927 1277 1000 τῆς
1308 927 1462 993 θείας
1485 930 1712 1002 Γραφῖκ
1742 931 1934 985 συλλέ-

347 1032 469 1085 γειν
502 1016 632 1090 περὶ
659 1016 771 1071 τῶν
798 1018 1202 1077 τελειωθέντων,
1231 1023 1291 1076 ὲν
1316 1021 1398 1094 τῷ
1423 1022 1616 1095 Κυρίῳ
1649 1024 1828 1094 ήμῶν,
1873 1025 1933 1079 οὐ

348 1109 492 1164 κατὰ
516 1111 618 1182 τὴν
649 1110 818 1166 Ἰούδα
840 1113 978 1184 πρὸς
1000 1114 1061 1168 τὸ
1082 1115 1287 1184 ἀγαθὸν
1309 1116 1610 1188 ἐνέργειαν,
1637 1117 1773 1170 ἀλλὰ
1792 1117 1937 1172 κατὰ

347 1202 450 1276 τὴν
480 1203 577 1257 τοῦ
611 1205 866 1279 Σωτῆρος
897 1208 1056 1280 ἡμῶν
1094 1209 1191 1263 καὶ
1230 1211 1439 1283 Κυρίου
1489 1209 1666 1281 Ἰησοῦ
1696 1210 1936 1283 Χριστοῦ

348 1293 446 1348 τοῦ
479 1294 615 1349 Θεοῦ
645 1296 788 1369 ὑπὲρ
813 1298 990 1370 ἡμῶν,
1022 1299 1084 1353 οὐ
1116 1299 1236 1355 κατ’
1263 1301 1531 1373 ἀνάγκην,
1554 1301 1693 1356 ἀλλὰ
1713 1304 1778 1357 ὲκ
1807 1320 1940 1375 προ-

350 1390 616 1461 αιρέσεως
641 1392 837 1447 ἑαυτοῦ
866 1394 1168 1466 παράδοσιν
1192 1395 1288 1449 καὶ
1314 1394 1628 1466 οἰκονομίαν
1652 1394 1747 1449 τοῦ
1771 1396 1938 1450 σταυ-

353 1481 450 1555 ροῦ
503 1484 643 1556 ὑπὲρ
670 1485 770 1556 τῆς
811 1485 971 1558 ἡμῶν
1017 1487 1332 1559 σωτηρίας;
1378 1482 1511 1541 Οἶδα
1556 1487 1613 1541 δὲ
1646 1490 1727 1551 εἰς
1770 1488 1940 1543 πολὺν

349 1577 516 1646 δγκον
560 1576 711 1645 ἄγων
751 1577 851 1641 τὰς
895 1579 1225 1649 μαρτυρίας
1266 1579 1343 1643 ὡς
1391 1579 1541 1649 λέγει
1587 1579 1750 1634 πάλιν
1783 1578 1941 1645 ἄλλος

353 1670 661 1741 προφήτης·
719 1668 1002 1724 Γενέσθω
1051 1671 1090 1740 ἡ
1146 1670 1404 1737 ἔπαυλις
1458 1671 1646 1726 αὐτοῦ
1698 1671 1939 1743 ἕρημος,

351 1760 455 1815 καί
508 1760 623 1831 τὴν
677 1761 1025 1832 ἐπισκοπὴν
1080 1764 1268 1819 αὑτοῦ
1327 1762 1500 1818 λάϐοι
1557 1764 1778 1832 ἕτερος.
1843 1767 1943 1831 Ὃς

2037 573 2114 620 ett
2162 563 2328 629 vobis,
2382 564 2508 619 date
2560 564 2849 619 mercedem
2897 580 3104 632 meam,
3152 573 3246 618 aut
3290 565 3534 620 abdicata
3575 565 3618 619 ⁸.

2034 655 2166 711 Item
2194 656 2337 712 alius
2380 656 2645 727 propheta
2676 674 2688 711 :
2735 654 3015 711 Dederunt
3043 663 3332 727 argentum
3382 657 3620 727 pretium

2034 748 2343 819 appretiati.
2381 748 2448 802 Et
2476 747 2656 803 dixit:
2692 746 2845 804 Mitte
2881 747 2935 802 in
2981 746 3356 813 fundihulum,
3399 757 3455 803 et
3497 748 3625 803 vide

2036 857 2109 896 an
2142 841 2375 911 probum
2401 840 2575 906 sit,ut
2597 841 2863 911 probatus
2884 855 3005 897 sum
3039 854 3071 895 a
3096 840 3226 896 ﬁliis
3252 840 3442 897 lsrael.
3620 886 3621 891 η

2108 934 2291 1005 283Γ
2316 933 2454 989 Vill.
2500 932 2677 1001 Quam
2705 933 2872 995 multa
2918 948 3216 1005 possumus
3247 949 3278 988 e
3319 934 3623 1004 Scripturis

2036 1025 2213 1080 sacris
2271 1024 2505 1089 afferre,
2570 1025 2640 1080 de
2702 1026 2773 1081 iis
2829 1040 2954 1096 qua:
3002 1025 3058 1080 in
3116 1024 3340 1079 Christo
3393 1022 3624 1079 Domino

2038 1115 2282 1187 perfecta
2338 1124 2496 1184 sunt,
2541 1133 2653 1172 non
2698 1132 2764 1172 ea
2820 1117 3042 1188 quidem
3106 1116 3176 1171 ah
3224 1115 3363 1171 Juda
3404 1131 3471 1171 ex
3514 1117 3624 1171 ulla

2037 1210 2423 1267 commodandi
2466 1213 2752 1268 voluntate
2794 1210 3067 1283 profecta,
3110 1211 3207 1266 sed
3253 1227 3319 1266 ex
3365 1227 3429 1266 eo
3459 1212 3661 1265 nimi-~

2036 1312 2162 1353 rum
2191 1298 2338 1369 quod
2380 1297 2636 1355 Salvator
2668 1308 2858 1356 noster
2879 1315 2945 1356 ac
2977 1297 3239 1356 Dominus
3269 1300 3430 1356 Jesus
3468 1300 3628 1355 Chri-

2039 1397 2160 1447 stus
2189 1389 2336 1447 Deus
2375 1407 2476 1462 pro
2520 1382 2680 1449 nobis
2716 1408 2840 1448 sese
2872 1407 2983 1448 non
3025 1394 3353 1450 necessitate
3383 1394 3630 1467 compul-

2040 1498 2158 1547 sus,
2188 1483 2285 1540 sed
2314 1494 2508 1555 sponte
2534 1500 2635 1541 sua
2678 1484 2927 1551 tradidit,
2958 1491 3012 1540 et
3051 1485 3501 1542 administrandae
3542 1501 3631 1541 sa-

2041 1576 2174 1632 Iutis
2215 1584 2419 1633 nostra:
2471 1593 2641 1635 causa
2691 1593 2916 1634 crucem
2963 1578 3152 1633 subiit.
3198 1577 3313 1649 Ego
3348 1594 3478 1634 vero
3518 1594 3629 1633 non

2042 1668 2242 1739 ignoro
2272 1684 2437 1740 quam
2473 1670 2747 1725 intinitum
2772 1670 2845 1727 sit
2875 1670 3193 1726 testimonia
3223 1670 3410 1726 omnia
3444 1686 3631 1742 perse-

2043 1763 2158 1831 qui.
2185 1758 2347 1817 Velut
2377 1762 2523 1834 quod
2548 1764 2617 1819 ab
2636 1763 2743 1818 alio
2772 1763 3315 1834 prOpbetascriptum
3349 1770 3467 1819 est:
3501 1760 3630 1817 Fiat

351 1851 592 1922 πρηνὴς
630 1854 955 1924 γενόμενος
1000 1854 1270 1924 ἐλάκτισε
1307 1854 1519 1927 μέσος,
1551 1857 1650 1910 καί
1679 1855 1938 1925 ἐξεχύθη

2054 1851 2299 1907 habitatio
2339 1854 2455 1923 ejus
2485 1854 2726 1917 deserta,
2756 1864 2805 1908 et
2835 1855 3195 1923 episcopatum
3246 1857 3361 1923 ejus
3403 1855 3631 1922 accipiat

352 1943 553 1999 πάντα
573 1943 649 1999 τὰ
679 1943 901 2016 ἔγκατα
930 1947 951 1978 ⁸
980 1947 1188 2001 αὐτοῦ.
1237 1948 1349 2002 Καὶ
1389 1948 1451 2001 τὸ
1497 1947 1694 2020 πέρας,
1739 1947 1944 2021 ἀγχόνῃ

355 2035 719 2108 χρησάμενος,
753 2036 921 2109 εδει-ξε
955 2036 1015 2091 τὸ
1055 2039 1164 2094 πᾶν
1217 2038 1310 2109 τῆς
1347 2037 1510 2094 αὑτοῦ
1549 2039 1824 2113 σωτηρίας
1855 2040 1936 2095 δι-

361 2116 567 2192 ολέσας,
587 2126 668 2200 τῷ
683 2129 962 2184 διαπεσεῖν
982 2131 1081 2202 τῆς
1096 2131 1327 2196 ἐλπίδος,
1350 2133 1493 2188 κατὰ
1505 2132 1605 2205 τὴν
1625 2133 1794 2189 αὐτοῦ
1816 2124 1949 2189 άταὲ

354 2236 486 2275 κτον
511 2221 608 2274 καὶ
630 2221 879 2295 προπετῆ
914 2222 1058 2277 κατὰ
1093 2222 1190 2276 τοῦ
1222 2225 1496 2278 Δεσπότου
1523 2225 1689 2280 αὑτοῦ
1722 2226 1949 2280 ὲπιόου·’

352 2310 474 2383 λὴν,
496 2312 590 2366 καὶ
617 2312 804 2367 ἕνεκεν
832 2313 1198 2388 φιλαργυρίας
1232 2316 1320 2369 ἐπ’
1351 2316 1726 2389 άρνησιθεΐαν·
1751 2318 1828 2381 ὡς
1846 2316 1941 2371 καὶ

349 2404 407 2458 οἰ
438 2404 727 2459 ἀπόστολοι
749 2407 866 2463 ἀντ’
901 2406 1069 2461 αὑτοῦ
1088 2410 1170 2471 εἰς
1196 2409 1287 2463 τὸν
1316 2410 1496 2465 αὐτῶν
1522 2410 1757 2482 ἀριθμὸν
1784 2413 1941 2466 Ματ-

354 2494 478 2550 θίαν
498 2497 863 2571 κατέστησαν,
887 2499 1157 2570 λέγοντεςο
1197 2502 1312 2572 Ἀφ’
1337 2499 1409 2561 οὗ
1433 2503 1661 2574 παρέϐη
1698 2504 1941 2573 Ἰούδας,

353 2586 644 2644 ἀπελθεῖν
669 2591 758 2657 εἰς
782 2590 890 2645 τὸν
915 2593 1103 2647 τόπον
1130 2593 1236 2647 τὸν
1256 2594 1430 2652 ἴδιον.
1460 2594 1620 2653 Ποῖον
1643 2597 1706 2670 δὴ
1730 2598 1944 2661 τοῦτον,

353 2678 472 2733 ἀλλ’
498 2680 536 2752 ἢ
566 2680 625 2735 ὃν
649 2681 970 2755 ἀπεφήνατο
1001 2683 1151 2757 αὐτῷ
1174 2685 1204 2737 ὁ
1228 2686 1439 2760 Σωτὴρ,
1468 2688 1662 2758 λέγων,
1686 2690 1766 2743 ὅτι
1795 2689 1946 2744 ἔστιν

354 2771 468 2837 υίδς
491 2773 774 2840 ἀπωλείας
800 2792 814 2843 ;
840 2775 1010 2830 Ἔνθα
1056 2776 1215 2848 ἔσχεν
1236 2778 1358 2832 ἀντὶ
1377 2779 1595 2852 μερίδος
1614 2780 1829 2853 μερίδα,
1851 2780 1946 2836 καὶ

355 2864 480 2920 ἀντὶ
502 2867 810 2939 ἐπισκοπῆς
829 2868 1193 2941 άποστολικῆς
1214 2869 1305 2925 τὸν
1328 2867 1493 2927 τόπον
1514 2874 1616 2945 τῆς
1644 2873 1943 2939 ἀπωλείας.

2044 1944 2181 2000 alter
2197 1946 2238 2001 ⁸.
2292 1946 2401 2013 Qui
2435 1961 2722 2015 suspensus
2761 1947 2960 2016 crepuit
3004 1947 3206 2002 medius
3227 1963 3247 2011 ;
3277 1945 3478 2016 diffusa
3509 1954 3633 1999 sunt

2046 2036 2226 2090 omnia
2276 2037 2476 2090 uiscera
2520 2036 2701 2106 ejus".
2750 2036 2826 2090 Ac
2887 2042 3167 2107 postremo
3214 2035 3411 2105 laqueo
3451 2035 3635 2105 gulam

2046 2127 2327 2199 frangens,
2360 2130 2491 2201 quid
2514 2130 2721 2200 egisset
2747 2127 3013 2195 ostendit,
3030 2143 3166 2191 cum
3195 2128 3344 2182 omni
3369 2143 3429 2183 se
3460 2126 3638 2182 salute

2047 2220 2361 2304 spoliasset,
2380 2236 2444 2276 eo
2469 2222 2593 2292 ipso
2616 2220 2762 2292 quod
2793 2221 2864 2276 ob
2894 2221 3133 2276 subitam
3164 2220 3313 2274 illam
3342 2234 3409 2274 ac
3433 2225 3637 2274 temere

2050 2321 2364 2385 susceptam
2388 2322 2587 2370 contra
2618 2313 2911 2368 Dominum
2943 2315 3227 2384 perﬁdiam
3256 2313 3327 2368 ab
3358 2311 3637 2368 aeternita-

2048 2404 2121 2460 tis
2153 2421 2250 2477 spe
2289 2406 2345 2461 in
2376 2406 2550 2462 divini
2588 2404 2845 2462 Numinis
2873 2405 3290 2477 abnegationem
3329 2403 3632 2460 incidisset.

2047 2496 2208 2555 Unde
2245 2509 2299 2556 et
2335 2500 2568 2571 apostoli
2599 2499 2721 2570 ejus
2751 2499 2877 2554 loco
2923 2497 3209 2552 Matthiam
3247 2498 3303 2553 in
3342 2512 3633 2552 numerum

2048 2606 2213 2653 suum
2258 2592 2585 2663 allegerunt,
2620 2589 2911 2645 dicentes:
2949 2586 3035 2644 Es
3064 2604 3166 2658 quo
3207 2585 3382 2641 ludas
3426 2601 3635 2655 proavo-
3696 2600 3701 2607 ·

2048 2694 2250 2749 ricatus
2282 2698 2382 2757 est,
2427 2698 2485 2743 ut
2528 2687 2696 2744 abiret
2736 2691 2790 2744 in
2830 2689 3005 2743 locum
3041 2688 3267 2743 suum".
3310 2686 3640 2754 Quemnam,

2058 2787 2331 2852 obsecro;
2383 2781 2493 2838 nisi
2541 2797 2702 2852 quem
2762 2780 3018 2837 Salvator
3062 2781 3241 2836 eidem
3295 2780 3638 2843 ostenderat,

2055 2891 2182 2932 cum
2208 2890 2333 2932 eum
2364 2874 2692 2947 perditionis
2722 2873 2894 2928 lilium
2945 2873 3280 2945 appellavit°
3305 2874 3328 2927 ?
3365 2871 3464 2927 Hic
3493 2872 3639 2927 enim

356 2959 438 3014 illi
491 2960 819 3032 perditionis
861 2963 1162 3019 attributus
1198 2971 1286 3020 est
1328 2965 1521 3022 locus:
1587 2966 1644 3021 in
1678 2981 1789 3037 quo
1822 2966 1997 3040 partis
2028 2968 2152 3025 loco
2205 2978 2416 3040 partem
2446 2967 2696 3034 alteram,
2738 2967 2843 3022 hoc
2889 2975 2978 3023 est
3018 2966 3164 3021 illam
3199 2979 3299 3036 pro
3340 2965 3643 3036 apostolico

355 3053 677 3126 episcopatu
705 3055 856 3111 exitii
889 3050 1077 3112 sedem
1105 3057 1336 3128 adeptus
1364 3066 1468 3115 est.

429 3148 569 3220 Περὶ
594 3147 787 3203 τούτου
816 3149 874 3204 δὲ
902 3150 1106 3216 ἱκανῶς
1133 3152 1277 3224 ἔχειν
1304 3154 1376 3208 τὰ
1400 3155 1669 3228 εἰρημένα
1697 3156 1951 3229 νομίσαν-

2123 3156 2203 3214 De
2248 3173 2360 3230 quo
2400 3173 2527 3214 cum
2575 3159 2713 3214 satis
2753 3170 3051 3227 superque,
3099 3166 3365 3226 quantum
3419 3153 3640 3224 Opinor,

358 3260 471 3309 τες,
505 3242 745 3314 καθεξῆς
786 3244 950 3299 πάλιν
989 3247 1074 3316 ἐφ’
1104 3247 1299 3319 ἑτέραν
1340 3249 1531 3319 ἴωμεν,
1574 3245 1619 3306 ὦ
1649 3252 1949 3323 ἀγαπητοὶ,

359 3331 429 3386 τὰ
458 3332 648 3389 σκολιά
668 3333 833 3389 πάλιν
881 3335 976 3389 καὶ
1003 3335 1242 3410 θηριώδη
1264 3338 1575 3410 διδάγματα
1597 3341 1619 3373 ³
1649 3344 1742 3396 καὶ
1770 3343 1951 3398 ἰοὸόλα

360 3423 842 3492 ἀποκαλύπτοντες
877 3426 989 3482 τῶν
1031 3428 1185 3501 παρὰ
1216 3433 1336 3494 ταῖς
1374 3430 1591 3496 λοιπαῖς
1621 3432 1682 3499 ἐξ
1715 3434 1953 3489 ἐπιπλά-

363 3535 491 3573 στου
543 3517 859 3591 διαῶλικῆς
904 3521 1150 3586 ἐπινοίας
1196 3521 1275 3594 τῷ
1325 3522 1516 3596 κόσμῳ
1560 3524 1742 3598 λύμης
1788 3526 1954 3581 ἕνεκα

362 3608 912 3682 ὶμϐεόροντημένων.
966 3611 1089 3667 Τῶν
1135 3611 1247 3687 γὰρ
1289 3615 1548 3671 τοιούτων
1592 3616 1691 3688 τὴν
1724 3616 1954 3689 γνώμην

361 3702 474 3757 τῶν
503 3702 597 3756 τοῦ
624 3704 866 3776 χείρονος
891 3706 1259 3778 ὀρεγομένων,
1290 3708 1528 3780 ὲῳκυίαν
1562 3709 1642 3781 τῷ
1677 3710 1825 3780 γένει
1857 3710 1954 3765 τοῦ

366 3794 713 3867 βουπρήστου
744 3796 1019 3870 κανθάρου
1041 3797 1175 3871 (50),
1195 3798 1664 3871 ἀποκαλύψαντες,
1701 3798 1866 3857 οὖσάν
1895 3820 1954 3857 τε

365 3887 636 3960 ὲπιϐλαϐἦ
661 3890 721 3944 ὲν
731 3893 808 3962 τῇ
832 3888 928 3945 τοῦ
954 3890 1090 3944 Θεοῦ
1114 3891 1344 3963 δυνάμει
1373 3894 1834 3960 καταθλάσαντες,
1856 3895 1956 3966 τὴν

364 3981 475 4036 τῶν
499 3981 676 4037 ἄλλων
702 3983 932 4057 ἔρευναν
959 3984 1051 4038 τδν
1081 3983 1209 4039 νοῦν
1245 3986 1656 4059 ὲπιὸαλόμενοι,
1696 3987 1787 4041 τὸν
1824 3986 1956 4042 Θεὸν

365 4073 585 4147 ἀρωγὸν
610 4075 1090 4150 ὲπικαλεσὼμεθα,
1122 4071 1430 4153 ὧηΧριστοῦ
1464 4078 1671 4144 παῖδες.

856 4370 1052 4426 ΚΑΤΑ
1085 4371 1439 4426 ΣΗΘΙΑΝΩΝ
1452 4413 1469 4441 ,

490 4485 1045 4555 Ἐννεακαιδεκάτη,
1066 4486 1104 4556 ἡ
1125 4486 1227 4542 καί
1253 4488 1579 4556 τριακοστὴ
1607 4485 1851 4556 ervam.

370 4693 630 4766 λουμένη.
666 4695 743 4748 Οὐ
774 4692 1055 4765 πανταχοῦ
1087 4693 1148 4747 δὲ
1189 4691 1332 4764 αὕτη
1366 4693 1704 4764 εὑρίσκεται,
1753 4691 1897 4763 οὕτε,
1925 4695 1959 4765 ἡ

372 4787 482 4860 πρὸ
509 4786 716 4860 ταύτης
750 4789 784 4859 ἡ
821 4787 933 4842 τῶν
966 4787 1228 4843 Καϊανῶν
1255 4785 1548 4858 λεγομένη.
1584 4786 1739 4858 Τάχα
1769 4785 1826 4840 δὲ
1857 4785 1957 4859 ἤδη

371 4881 466 4936 καὶ
493 4881 551 4935 αἰ
576 4879 797 4946 πλείους
827 4880 1035 4935 τούτων
1063 4879 1502 4954 έξερῤιξώθησαν
1521 4880 1588 4933 ὲκ
1609 4879 1704 4934 τοῦ
1731 4879 1959 4951 κόσμου.

440 4604 522 4659 A’.
560 4602 818 4674 Σηθιανοὶ
846 4603 1011 4660 πάλιν
1044 4603 1258 4676 αἵρεσις
1289 4604 1454 4676 ἑτέρα
1491 4602 1660 4671 ἐστὶν,
1689 4602 1833 4659 οὕτω
1856 4620 1965 4659 καί
1993 4548 2040 4604 D

2051 3249 2322 3307 hactenus
2356 3264 2387 3304 a
2421 3248 2584 3305 nobis
2607 3249 2949 3319 disputatum
2979 3248 3071 3310 sit,
3100 3245 3167 3307 ad
3201 3246 3363 3300 aliam
3386 3245 3642 3301 haeresim

2050 3349 2404 3400 transeamus
2446 3358 2460 3396 :
2520 3357 2584 3397 ac
2634 3349 2931 3406 tortuosa,
2990 3346 3371 3409 venenataque
3422 3338 3644 3393 illorum

2053 3434 2309 3508 dogmata
2352 3432 2697 3504 detegamus,
2746 3433 2842 3504 qui
2885 3433 3101 3487 czeteris
3134 3431 3189 3486 in
3236 3431 3405 3487 sectis
3447 3431 3648 3487 callido

2053 3525 2320 3583 daemonis
2363 3525 2630 3582 instinctu
2680 3525 2762 3582 sic
2800 3534 3066 3597 tanquam
3132 3523 3364 3579 fulmine
3408 3524 3646 3596 quodam

2054 3619 2275 3691 perciti,
2319 3627 2373 3674 et
2426 3632 2777 3673 communem
2810 3618 2874 3673 ad
2916 3617 3069 3673 orbis
3110 3624 3317 3689 pestem
3363 3632 3426 3672 ac
3461 3618 3647 3689 perni-

2055 3712 2198 3766 ciem
2254 3709 2422 3765 alllati
2485 3717 2636 3765 sunt.
2700 3706 3068 3780 Posteaquam
3127 3710 3273 3764 enim
3336 3708 3644 3765 istiusmodi

2057 3805 2366 3869 hominum,
2391 3803 2487 3874 qui
2518 3801 2888 3858 deterioribus
2919 3801 3235 3873 quibusque
3281 3801 3646 3867 delectantur,

2056 3898 2412 3970 opinionem,
2451 3896 2839 3967 buprestarum
2894 3893 3083 3965 generi
3126 3892 3362 3948 similem
3417 3891 3649 3963 (scara-

2058 3992 2284 4048 benrum
2321 4006 2385 4045 ea
2438 3989 2653 4060 species
2700 3986 2823 4060 est)
2875 3984 3273 4058 patefecimus,
3322 3983 3651 4055 penitusque

2059 4081 2400 4141 mOrtit‘eram
2447 4081 2634 4136 divina
2683 4096 2787 4151 ope
2830 4078 3296 4142 comminuimus,
3354 4077 3422 4132 ad
3471 4078 3652 4148 inqui-

2059 4175 2261 4232 rendas
2306 4181 2533 4230 caeteras
2575 4172 2848 4237 eamdem,
2887 4189 2921 4228 ο
2965 4171 3172 4227 Christi
3222 4170 3352 4239 ﬁlii,
3396 4169 3650 4226 Numinis

2061 4281 2220 4338 opem
2251 4283 2315 4322 ac
2338 4264 2654 4339 praesidium
2686 4265 3072 4336 imploremus.

2383 4379 2550 4453 231.
2595 4377 2882 4436 CONTRA
2920 4375 3335 4444 SETlilANOS,
3448 4350 3453 4453 ξ

2281 4456 2415 4564 9...
2456 4505 2535 4551 est
2576 4495 2793 4551 haeresis
2831 4491 2974 4548 nx
3008 4494 3127 4549 sive
3168 4457 3440 4550 XXXIX.

2138 4608 2182 4664 1.
2210 4608 2333 4664 Alia
2363 4618 2449 4666 est
2475 4608 2869 4666 Sethianorum
2891 4607 3142 4674 haeresis,
3164 4621 3288 4679 quae
3311 4621 3422 4660 non
3455 4605 3658 4676 ubique

2066 4700 2362 4773 reperitur,
2392 4700 2475 4755 uti
2498 4714 2602 4756 nec
2617 4700 2978 4762 Caianorum,
3002 4706 3198 4753 contra
3218 4710 3384 4768 quam
3409 4696 3660 4768 proxime

2068 4792 2496 4864 disputavimus.
2523 4791 2606 4847 Ac
2629 4791 2820 4848 nescio
2849 4806 2918 4845 an
2938 4805 3048 4847 non
3070 4790 3347 4861 pleraeque
3379 4796 3656 4843 sectarum

2069 4882 2383 4942 istiusmodi
2445 4883 2710 4939 radicitus
2777 4882 3093 4953 exstirpata
3161 4882 3294 4939 sint.
3374 4879 3656 4951 Quidquid

371 4973 450 5029 Τδ
487 4973 598 5046 γὰρ
634 4973 837 5037 οὐκέκ
860 4974 997 5041 Θεοῦ
1030 4973 1090 5029 ὃν
1121 4974 1183 5027 οὐ
1219 4974 1573 5046 σταθήσεται,
1621 4972 1759 5027 ἀλλὰ
1786 4971 1951 5045 καιρᾷ

2070 4975 2218 5032 enim
2256 4989 2286 5029 a
2322 4973 2435 5031 Deo
2472 4989 2584 5031 non
2610 4980 2699 5031 est
2723 5014 2740 5040 ,
2792 4972 3102 5030 consistere
3149 4985 3260 5027 non
3298 4977 3516 5042 potest,
3563 4968 3659 5024 sed

376 5068 478 5139 μὲν
516 5066 781 5138 ἀκμάζει,
809 5068 892 5131 είς
922 5067 986 5120 τὸ
1017 5065 1284 5131 παντελὲς
1314 5067 1372 5120 δὲ
1401 5065 1641 5139 διαρκῶς
1664 5066 1766 5119 οὐκ
1788 5066 1970 5137 ἐμπα-

2073 5066 2180 5123 etsi
2202 5066 2488 5138 aliquanto
2511 5073 2763 5138 tempore
2788 5064 2991 5137 vigeat,
3023 5077 3270 5136 perenne
3298 5060 3662 5117 nihilominus

377 5161 628 5234 ραμένει.
661 5161 818 5233 Τάχα
852 5161 912 5215 δὲ
948 5156 1105 5232 οἶμαι
1137 5162 1196 5215 ὲν
1225 5162 1293 5232 τῇ
1327 5160 1438 5214 τῶν
1471 5159 1788 5230 Αἰγυπτίων
1816 5156 1951 5231 χώρς

2074 5173 2200 5216 esse
2229 5159 2440 5231 nequit.
2465 5156 2627 5225 Quod
2652 5156 2760 5214 nisi
2793 5170 2882 5212 me
2910 5154 3053 5210 fallit
3079 5153 3369 5218 memoria,
3401 5159 3536 5224 puto
3574 5165 3663 5207 me

375 5253 841 5326 συντετυχηκέναι
868 5253 965 5307 καὶ
996 5251 1172 5324 ταύτῃ
1205 5254 1271 5323 τῇ
1306 5250 1536 5324 αἱρέσει.
1566 5250 1642 5305 Οὐ
1670 5249 1781 5322 γὰρ
1805 5249 1968 5323 ἀκριο

375 5347 489 5413 ϐὡς
517 5346 621 5419 τὴν
666 5346 852 5419 χώραν
886 5345 1199 5419 μέμνημαι,
1253 5345 1313 5399 ἐν
1422 5343 1608 5408 αὐτοῖς
1651 5342 1969 5413 συνέτυχον.

450 5489 467 5522 ι
499 5505 593 5558 τρ,
613 5486 721 5558 ἀπὸ
752 5485 900 5558 τῶνε
930 5487 980 5558 ἦ
1011 5503 1103 5558 γρ.
1134 5484 1439 5558 σπλάγχνα.
1513 5483 1535 5515 ³
1566 5481 1685 5558 Yet.
1705 5482 1980 5554 δήγματα.

388 5556 409 5590 ’⁸
430 5556 555 5615 Act.
584 5573 624 5624 ι,
652 5557 720 5613 18
816 5557 840 5589 ⁸
868 5556 998 5613 ibid.
1027 5556 1119 5612 25.

458 5677 572 5749 (50)
598 5674 731 5749 for?
748 5672 1152 5749 ,ϐοψτρήστου
1184 5671 1508 5749 κανθάρου.
1545 5670 1797 5749 Ajllianus
1823 5671 1862 5749 l.
1890 5687 1966 5737 vr,

384 5766 436 5805 c.
467 5744 562 5814 '53,
595 5746 807 5801 Plinius
866 5747 901 5799 l.
943 5761 1109 5805 xxxx.
1144 5760 1194 5799 c.
1233 5744 1266 5798 4
1297 5761 1310 5797 :

388 5812 571 5876 rarum
612 5820 663 5874 in
710 5815 876 5874 Italia
901 5856 917 5882 ,
951 5814 1285 5873 simillimum
1338 5812 1610 5872 παι·αὸωο
1649 5812 1913 5884 longipedl
1950 5829 1967 5870 :

1194 5557 1216 5586 ⁹
1238 5554 1398 5611 Joan.
1431 5554 1670 5613 “11.12.

2075 5267 2203 5309 cum
2242 5252 2301 5308 in
2342 5251 2583 5324 Egypto
2614 5264 2792 5307 essem
2840 5249 2896 5304 in
2939 5262 3062 5305 eam
3104 5246 3345 5303 heresin
3374 5242 3661 5307 incidisse,

2078 5360 2259 5417 neque
2306 5345 2453 5401 enim
2492 5343 2714 5416 penitus
2749 5341 2857 5399 loci
2903 5340 3192 5408 recordor,
3234 5339 3329 5396 ubi
3366 5352 3492 5395 cum
3540 5336 3663 5393 istis

2058 5480 2081 5510 ⁸
2113 5479 2304 5538 Matth.
2335 5498 2507 5548 xxvu,
2541 5480 2661 5538 5-9.
2738 5481 2759 5514 ³
2780 5477 3147 5544 Ζεοιι.κι,12.
3225 5475 3404 5532 ‘Psal.
3430 5489 3584 5542 cvm,
3607 5474 3660 5531 8.

2078 5667 2223 5736 fallit
2269 5667 2406 5721 inter
2445 5664 2636 5721 herbas
2685 5666 2863 5722 berem
2904 5665 3175 5730 maxime;
3208 5661 3346 5736 unde
3388 5671 3440 5717 et
3480 5676 3667 5716 nomen

1398 5744 1625 5813 uprestis
1659 5743 1861 5799 animal
1884 5758 1943 5813 res

2078 5733 2312 5800 invenit;
2346 5737 2752 5808 devaratumque
2784 5746 2926 5794 tacto
2956 5736 3078 5808 felle
3114 5737 3192 5792 ita
3230 5733 3570 5807 inﬂammat,
3609 5738 3667 5786 ut

2079 5819 2310 5872 rumpat.
