3950 6184
320 278 419 346 ἱῑϋῖ

1682 301 1693 314 ⁸
1721 289 1778 346 S.
1815 289 2160 348 ΕΡΙΡΙἸΑΝΙΙ

3487 276 3592 332 668

323 427 659 484 congressus
688 431 833 470 sum.
862 411 1233 482 Quamober
1261 429 1384 486 quae
1410 411 1480 470 ad
1507 428 1606 472 eos
1632 420 1909 486 pertinent

2034 411 2122 465 ἰαὶ
2147 409 2218 466 ad
2236 407 2336 481 μὲν
2360 406 2501 464 κατά
2526 404 2770 471 ἱστορίαν
2798 402 2960 473 φύσει
2986 398 3223 470 αὐτοψία
3244 396 3378 463 περὶ
3393 393 3596 468 ταῦτ-ης

322 519 523 575 parum
548 507 723 562 oculis
755 507 890 576 ipsis
925 507 1558 580 usurpavimus,partim
1592 521 1661 561 ex
1687 506 1908 562 illorum

2034 519 2276 574 ηγνωμεν,
2303 502 2373 557 τά
2404 501 2462 556 δὲ
2495 501 2562 554 ὲκ
2590 493 3064 570 συγγραμμάτων.

326 601 675 654 monimentis
698 600 1067 671 percepimus.

396 692 568 764 lgitur
592 691 839 749 Sethiani
882 709 913 748 a
950 693 1120 749 Setho
1143 693 1337 748 Adami
1372 692 1484 747 ﬁlio
1511 697 1684 762 genus
1708 706 1768 746 se
1795 698 1911 744 tra-

327 787 476 842 xisse
509 788 837 857 gloriantur.
869 786 1043 853 Quem
1083 788 1306 858 quidem
1341 801 1676 858 magnopere
1709 781 1909 856 praedi-

326 887 488 943 cant;
523 880 688 946 eique
715 893 837 952 qua:
868 881 936 933 ad
960 879 1220 934 virtutem
1246 892 1311 932 ac
1330 878 1602 952 justitiam
1635 877 1912 948 pertinent

325 969 535 1033 omnia,
574 951 876 1038 earumque
921 969 1097 1039 signa,
1142 983 1206 1023 ac
1252 976 1450 1024 caetera
1485 968 1704 1039 generis
1747 966 1913 1038 hujus

329 1053 658 1111 tittribuunt.
713 1053 1092 1126 Eumdemque
1141 1055 1424 1112 Christum
1482 1056 1802 1123 nominant,
1857 1065 1914 1113 et

331 1137 629 1212 ipsummet
666 1141 854 1198 Jesum
889 1143 1063 1201 fuisse
1097 1144 1442 1201 conﬁrmant.
1465 1145 1645 1216 Atque
1675 1144 1826 1200 hunc
1859 1143 1914 1199 in

333 1234 558 1290 modum
602 1251 763 1291 suum
822 1235 956 1291 illud
1005 1237 1205 1308 dogma
1243 1238 1550 1294 declarant.
1580 1237 1666 1292 Ab
1706 1235 1916 1308 angelis

330 1329 502 1394 enim,
553 1343 664 1383 non
699 1343 731 1383 a
780 1330 1068 1400 superiore
1105 1330 1180 1397 vi,
1236 1330 1509 1402 producta
1555 1345 1680 1387 esse
1723 1329 1918 1385 dicunt

332 1435 537 1475 omnia.

405 1513 470 1570 ll.
512 1511 647 1568 Nam
679 1528 804 1568 cum
831 1513 1119 1584 superiore
1143 1511 1477 1569 Caianorum
1501 1511 1695 1569 heresi
1717 1511 1822 1567 hac
1849 1526 1917 1567 ex

335 1613 487 1673 parte
521 1609 902 1672 consentiunt,
943 1605 1092 1678 quod
1136 1614 1429 1670 asserunt,
1465 1604 1608 1662 duos
1643 1605 1713 1661 ab
1760 1604 1920 1660 initio

333 1695 588 1752 homines
637 1697 957 1760 exstitisse,
1007 1711 1039 1752 a
1091 1695 1296 1767 quibus
1343 1695 1553 1752 Cainus
1605 1703 1661 1751 et
1710 1696 1917 1751 Abelus

2084 676 2245 739 Οὗτοι
2278 683 2390 755 γάρ
2435 684 2485 737 οί
2516 680 2776 752 Σηθιανοὶ
2808 679 2919 734 ἀπὸ
2963 676 3074 750 Σὴθ
3126 674 3223 730 τοῦ
3267 673 3386 729 υίοῦ
3430 674 3602 743 Ἀδάμ

2014 776 2368 850 σεμνύνονται
2405 774 2468 829 τὸ
2502 773 2660 845 γένος
2695 773 2976 840 κατάγειν.
3007 769 3182 824 Αὐτὸν
3205 767 3262 822 δὲ
3291 767 3598 834 δοξάζουσι,

2012 869 2110 924 καὶ
2150 870 2232 934 είς
2275 867 2440 923 αὑτὸν
2482 866 2662 920 πάντα.
2702 865 2916 936 ὅσαπερ
2937 862 3140 934 ἀρετῆς
3185 857 3362 914 εῐνοιιι
3395 857 3600 926 ἀναφέ⁹

2022 979 2199 1034 ρουσι,
2228 960 2298 1016 τά
2332 977 2392 1013 τε
2427 958 2530 1028 τῆς
2567 956 2770 1030 ἀρετ-ῆς
2804 953 3084 1025 τεκμήρια
3109 952 3205 1006 καὶ
3228 949 3600 1019 δικαιοσύνης,

2015 1055 2110 1110 καὶ
2135 1055 2237 1109 ὅσα
2263 1050 2488 1107 τοιαῦτα
2529 1050 2784 1120 ὑπάρχει.
2826 1047 2902 1102 Οὐ
2944 1045 3050 1118 μὴν
3081 1045 3139 1099 δὲ
3175 1043 3313 1099 ἀλλά
3343 1043 3439 1098 καὶ
3465 1043 3606 1115 Χρι-

2017 1147 2142 1201 στὸν
2175 1145 2338 1200 αὐτὸν
2375 1142 2726 1215 ὀνομάζουσι,
2762 1140 2856 1195 καὶ
2883 1140 3047 1194 αὐτὸν
3087 1133 3226 1192 εἶναι
3255 1137 3351 1192 τὸν
3393 1135 3607 1208 Ἰησοῦν

2013 1236 2473 1292 διαϐεϐαιοῦνται.
2504 1234 2825 1290 Διδάσκουσι
2846 1233 2904 1287 δὲ
2931 1231 3114 1287 αὐτῶν
3135 1230 3234 1302 τὴν
3254 1229 3608 1284 διδασκαλίαν

2015 1332 2178 1387 οὕτω·
2222 1331 2367 1394 Ὅτι,
2414 1331 2567 1400 φησὶ,
2611 1327 2672 1393 ἐξ
2709 1325 2958 1397 ἀγγέλων
2987 1324 3280 1398 γεγένηται
3309 1323 3380 1378 τά
3402 1321 3604 1388 πάντα,

2017 1425 2112 1480 καὶ
2137 1422 2236 1476 οὐκ
2269 1422 2334 1475 ἐκ
2363 1421 2462 1491 τῆς
2492 1420 2607 1474 άνω
2637 1417 2941 1488 δυνάμεως.

2089 1517 2165 1570 B'.
2201 1507 2362 1568 Οὗτοι
2389 1512 2499 1584 γὰρ
2531 1509 2746 1582 συνῳδὰ
2790 1508 3010 1577 λέγουσι
3055 1507 3122 1578 τῇ
3164 1503 3358 1577 πρώτῃ
3397 1502 3610 1573 αἱρέσει

2019 1607 2126 1663 τῶν
2168 1605 2425 1662 Καῖανῶν
2477 1601 2619 1658 κατά
2644 1600 2806 1655 τοῦτο
2848 1598 2911 1654 τὸ
2957 1598 3145 1671 μέρος
3176 1595 3510 1668 γεγενῆσθαι
3551 1596 3612 1663 ἐξ

2023 1700 2277 1773 ὑπαρχῆς
2299 1697 2464 1761 εὐθὺς
2501 1694 2596 1750 δύο
2623 1691 2969 1766 ἀνθρώπους,
3002 1691 3097 1745 καὶ
3125 1692 3192 1745 ὲκ
3213 1689 3321 1743 τῶν
3348 1687 3444 1742 δύο
3471 1683 3614 1742 εἶναι

333 1789 512 1844 exorti
556 1799 706 1843 sunt.
752 1787 827 1844 De
857 1788 1061 1859 quibus
1109 1788 1252 1843 inter
1279 1804 1340 1843 se
1377 1787 1712 1845 dissidentes
1740 1787 1920 1858 angeli

2034 1793 2113 1848 τὸν
2141 1794 2280 1848 Κάϊν
2312 1792 2409 1846 καὶ
2435 1789 2529 1843 τὸν
2566 1787 2752 1842 Ἅϐελ.
2789 1785 2927 1856 Περὶ
2957 1783 3163 1838 τούτων
3195 1799 3256 1836 τε
3285 1781 3616 1837 στασιάσαν-

339 1889 528 1934 contra
560 1895 621 1935 se
666 1889 858 1934 mutuo
893 1886 1161 1934 venerunt
1191 1897 1206 1933 :
1247 1878 1412 1949 idque
1450 1876 1826 1950 perfecerunt,
1861 1885 1922 1932 ut

341 1972 569 2026 Abelum
614 1970 842 2026 fratrem
884 1971 1090 2027 Cainus
1139 1971 1437 2027 occideret.
1497 1969 1785 2042 Siquidem
1851 1969 1924 2026 de

339 2063 627 2117 amborum
659 2063 880 2117 illorum
913 2061 1198 2118 hominum
1234 2061 1705 2132 generationibus,
1737 2077 1766 2116 a
1799 2061 1924 2133 qui-

339 2156 442 2212 bus
469 2156 677 2212 Cainus
706 2166 761 2212 et
809 2155 1014 2212 Abelus
1056 2155 1310 2226 producti
1360 2162 1511 2222 sunt,
1552 2156 1924 2226 pugnantibus

335 2248 570 2320 angelis,
611 2248 758 2305 acris
803 2256 888 2304 est
930 2256 1121 2304 coorta
1167 2248 1472 2304 contentio.
1527 2246 1634 2304 Sed
1664 2248 1809 2304 enim
1843 2249 1924 2302 vi-

335 2338 511 2392 ctoria
541 2352 711 2408 penes
742 2337 851 2392 vim
882 2337 1034 2392 illam
1085 2338 1430 2408 superiorem
1464 2336 1566 2394 fuit
1606 2353 1771 2408 quam
1808 2352 1924 2392 ma-

336 2439 474 2484 trem
521 2445 667 2496 esse,
721 2429 1097 2500 feminamque
1144 2429 1436 2487 deﬁniunt.
1477 2430 1691 2502 Quippe
1723 2440 1925 2489 matres

270 2556 278 2563 -
335 2520 408 2576 ab
435 2520 524 2576 his
562 2521 617 2576 in
647 2523 810 2588 cmlo,
841 2529 898 2578 et
935 2521 1178 2588 feminae,
1211 2537 1508 2593 maresque
1541 2523 1923 2590 collocantur;

335 2627 403 2668 ac
437 2613 835 2684 pr0pemodum
863 2615 1030 2670 etiam
1052 2614 1270 2682 generis
1301 2615 1763 2679 necessitudines,
1792 2615 1923 2669 stir-

339 2704 605 2775 piumque
633 2706 837 2776 capita.
875 2704 1245 2778 Posteaquam
1269 2705 1460 2778 igitur,
1485 2715 1547 2761 ut
1581 2707 1759 2772 aiunt,
1795 2707 1928 2762 vicit

337 2797 429 2851 illa
480 2805 656 2852 mater
688 2814 752 2852 ac
786 2798 1014 2867 femina,
1043 2808 1099 2856 et
1143 2798 1379 2855 Abelum
1411 2798 1759 2856 interfectum
1803 2815 1928 2857 esse

337 2893 617 2961 cognovit,
650 2906 840 2946 secum
887 2891 1075 2947 animo
1123 2892 1398 2963 cogitans,
1429 2890 1584 2945 Sethi
1617 2892 1923 2963 generatio-

339 2997 461 3037 nem
495 2985 838 3052 procuravit,
869 2984 1030 3055 eique
1065 2985 1173 3039 vim
1217 3001 1374 3040 suam
1421 2984 1644 3040 indidit.
1689 2984 1929 3041 Proinde

335 3073 501 3146 285
535 3077 616 3132 vis
662 3077 810 3132 illius
849 3077 1158 3148 superioris
1197 3077 1407 3133 semina
1437 3077 1691 3148 quaadam
1735 3091 1928 3149 asper-

2021 1901 2122 1947 τας
2147 1882 2275 1946 τοὺς
2303 1880 2590 1950 ἀγγέλους,
2611 1879 2690 1941 είς
2721 1875 2986 1947 ἀλλήλους
3026 1874 3204 1945 ήκειν·
3231 1870 3376 1927 οὕτω
3415 1889 3476 1925 τε
3515 1889 3614 1925 πε-

2022 1973 2311 2046 ποιηκέναι
2356 1970 2768 2041 ἀποκτανθῆναι
2804 1969 2898 2024 τὸν
2943 1966 3109 2024 ’Ἅϐελ
3158 1965 3266 2022 ὑπὸ
3312 1962 3409 2019 τοῦ
3449 1965 3613 2019 Κάῖν.

2022 2064 2130 2124 Ἦν
2159 2066 2268 2138 γάρ
2295 2067 2329 2138 ἡ
2364 2065 2553 2128 στάσις
2584 2065 2697 2128 τοῖς
2722 2060 2994 2131 ἀγγέλοις,
3030 2056 3456 2128 ἀγωνιζομένοις
3489 2057 3620 2128 περὶ

2022 2161 2132 2216 τῶν
2165 2158 2368 2230 γενεῶν
2400 2157 2511 2212 τῶν
2545 2155 2851 2228 ἀνθρώπων
2877 2151 3085 2209 τούτων
3110 2151 3224 2206 τῶν
3249 2150 3365 2215 δύο,
3400 2149 3497 2206 τοῦ
3521 2167 3617 2219 γε⁴

2025 2253 2352 2326 γεννηκότος
2374 2251 2467 2306 τὸν
2488 2251 2630 2306 Κάῖν
2653 2249 2748 2305 καὶ
2772 2247 2868 2304 τοῦ
2895 2245 3290 2318 γεγεννηκότος
3309 2246 3404 2299 τὸν
3429 2244 3618 2299 ΙἍϐελ.

2025 2343 2450 2418 Κεκρατηκέναι
2481 2342 2540 2399 δὲ
2567 2342 2668 2415 τὴν
2705 2341 2819 2397 ἀνω
2851 2341 3101 2411 δύναμιν,
3146 2339 3214 2410 ῆν
3253 2337 3489 2410 Μητέρα
3513 2337 3620 2406 φά-

2027 2453 2242 2500 σκουσι,
2270 2436 2364 2490 καὶ
2393 2434 2633 2506 θήλειαν.
2675 2434 2834 2487 Δοκεῖ
2869 2431 2980 2501 γάρ
3013 2430 3198 2494 αὐτοῖς
3223 2424 3370 2484 εῖναι
3394 2429 3490 2482 καὶ
3519 2446 3622 2500 μη-

2025 2529 2193 2601 τέρας
2221 2529 2355 2592 ἀνω,
2385 2527 2480 2582 καὶ
2509 2525 2750 2598 θηλείας,
2791 2525 2886 2580 καὶ
2917 2525 3174 2597 ἄρσενας·
3205 2521 3390 2590 ὀλίγου
3415 2521 3473 2574 δὲ
3512 2520 3622 2574 δεῖν

2029 2621 2124 2675 καὶ
2169 2619 2492 2690 συγγενείας
2530 2619 2626 2672 καὶ
2669 2617 3039 2691 πατριαρχίας
3081 2616 3281 2686 λέγειν.
3336 2613 3493 2668 Ἐπεὶ
3530 2610 3625 2667 οὖν

2029 2715 2366 2787 κεκράτηκε,
2405 2713 2590 2783 φασὶν,
2624 2715 2658 2785 ή
2693 2711 2892 2785 Μήτηρ
2925 2712 3022 2764 καὶ
3060 2709 3251 2782 θήλεια
3283 2707 3622 2778 καλουμένη,

2029 2806 2257 2878 γνοῦσα,
2283 2807 2365 2860 ὅτι
2391 2805 2728 2860 ἀπέκτανται
2756 2802 2943 2868 Ἀϐελ,
2975 2800 3367 2872 ὲνθυμηθεῖσα,
3395 2799 3624 2870 εποίησε

2029 2897 2358 2969 γεννηθῆναι
2385 2896 2477 2949 τὸν
2517 2893 2650 2967 Σὴθ,
2689 2895 2785 2949 καὶ
2813 2895 2871 2948 ὲν
2903 2893 3079 2963 τούτῳ
3115 2891 3282 2962 ἔθηκε
3319 2891 3424 2962 τὴν
3452 2891 3626 2961 αὐτῆς

2037 2988 2287 3060 δύναμιν.
2343 2986 2455 3042 Καὶ
2499 2983 2884 3040 καταλαϐοῦσα
2913 2987 2934 3016 ¹
2975 2985 3034 3037 εν
3062 2983 3202 3053 αὐτῇ
3251 2981 3478 3053 σπέρμα
3525 2980 3625 3052 τῆς

2033 3076 2240 3132 ἄνωθεν
2287 3076 2594 3148 δυνάμεως,
2653 3076 2750 3129 καὶ
2797 3074 2888 3129 τὸν
2943 3073 3220 3146 σπινθῆρα
3267 3072 3358 3126 τὸν
3417 3071 3626 3127 ἄνωθεν

337 3157 432 3234 sit,
470 3182 534 3222 ac
581 3168 879 3223 scintillam
923 3167 1174 3235 immisit,
1206 3184 1328 3237 quae
1377 3167 1445 3222 ad
1509 3168 1743 3240 primam
1782 3169 1926 3223 illam

2035 3169 2356 3242 πεμφθέντα
2376 3171 2457 3234 είς
2485 3163 2711 3242 πρώτην
2736 3167 3045 3239 καταϐολὴν
3076 3165 3169 3220 τοῦ
3193 3166 3509 3238 σπέρματος
3535 3164 3627 3218 καὶ

337 3261 568 3316 seminis
621 3261 1076 3332 propagationem
1143 3261 1704 3332 constitutionemque
1778 3263 1932 3332 lapsa

337 3350 409 3406 de
443 3351 586 3406 coelo
617 3351 817 3406 fuerat.
851 3350 1025 3418 Quam
1058 3351 1281 3422 quidem
1313 3353 1546 3424 justitia:
1575 3353 1932 3410 constitutio-

339 3459 463 3499 nem
545 3457 607 3498 ac
655 3444 883 3500 seminis
939 3443 1265 3501 electionem
1314 3445 1490 3503 fuisse
1533 3445 1779 3518 iactant,
1822 3461 1937 3518 quo

340 3533 642 3605 utriusque
681 3533 951 3591 beneﬁcio
981 3537 1306 3607 angelorum
1353 3538 1499 3594 vires
1533 3544 1932 3605 everterentur,

338 3622 434 3694 qui
484 3629 539 3678 et
589 3621 853 3678 mundum
903 3623 1331 3690 fabricaveram,
1383 3633 1439 3682 et
1495 3625 1636 3682 duos
1680 3624 1934 3682 homines

341 3715 500 3770 initio
547 3714 944 3786 produxerant.
995 3715 1145 3784 Quas
1190 3717 1262 3773 ob
1307 3731 1509 3774 causas
1551 3717 1707 3774 Sethi
1759 3732 1932 3788 genus

341 3808 641 3879 separatim
695 3808 764 3863 ab
825 3809 919 3864 illa
971 3808 1186 3880 origine
1234 3807 1537 3866 deductum
1588 3817 1695 3875 est,
1741 3818 1932 3881 utpote

339 3900 574 3955 electum
611 3908 665 3954 et
719 3899 789 3955 ab
835 3899 1051 3970 reliqua
1090 3899 1267 3970 stirpe
1311 3900 1646 3972 seiunctum.
1695 3898 1929 3972 Progre-

341 3989 618 4046 dientibus
659 3988 920 4061 deinceps
967 3990 1335 4062 temporibus,
1367 3999 1422 4046 et
1461 3998 1696 4063 utraque
1743 3992 1934 4048 sobole

341 4085 397 4140 in
437 4100 607 4139 unum
647 4081 904 4150 conﬂata,
953 4083 1058 4138 hoc
1097 4089 1184 4138 est
1223 4083 1402 4138 Caino
1437 4091 1493 4139 et
1519 4083 1690 4140 Abelo
1731 4099 1933 4141 conveo

342 4176 627 4233 nientibus
677 4176 1026 4244 invicemque
1079 4175 1402 4246 permistis,
1449 4175 1699 4230 omnium
1757 4182 1934 4230 mater

341 4283 409 4324 ea
440 4281 501 4321 re
534 4265 920 4320 animadversa
965 4265 1182 4336 generis
1213 4264 1440 4318 immani
1473 4265 1688 4319 semina
1719 4264 1932 4336 integra

331 4374 408 4414 ac
438 4358 660 4415 sincera
705 4363 1111 4427 reprasentare
1148 4356 1460 4422 constituit,
1495 4369 1645 4423 cum,
1673 4357 1754 4410 uti
1786 4356 1929 4412 dixi-

333 4463 490 4512 :mus,
523 4444 660 4501 Abel
685 4454 835 4502 esset
870 4446 1114 4502 occisus.
1158 4444 1216 4500 In
1258 4444 1490 4500 Setbum
1537 4445 1672 4500 illud
1705 4445 1929 4518 delegit,

328 4538 488 4598 etab
513 4535 664 4592 omni
694 4535 817 4594 labe
855 4551 1055 4607 purum
1085 4536 1348 4594 ostendit.
1377 4534 1438 4592 In
1469 4552 1710 4609 eumque
1750 4512 1929 4594 solum
1962 4512 2008 4580 ι)

326 4628 589 4686 .coalestis
634 4628 788 4686 illius
832 4631 918 4686 vis
952 4645 1067 4686 suae
1121 4644 1188 4686 ac
1233 4629 1571 4688 sinceritatis
1599 4645 1775 4702 genus
1829 4631 1932 4687 im-

330 4723 515 4780 anisit.
928 4767 933 4774 .

412 4813 503 4870 lll.
542 4815 784 4872 Rursum
821 4827 955 4871 vero
989 4829 1116 4870 cum
1157 4815 1528 4886 promiscuam
1564 4815 1936 4888 perturbatio-

330 4922 489 4973 nem,
523 4915 576 4964 et
601 4909 924 4980 angelorum
970 4907 1370 4978 hominumque
1399 4909 1730 4967 temerarios
1763 4909 1937 4982 impe-

337 5011 432 5054 tus
465 5007 740 5064 cerneret,
774 4999 926 5071 quod
947 5000 1240 5056 commista
1268 5001 1435 5056 simul
1468 5016 1670 5072 genera
1705 5002 1796 5056 illa
1822 5003 1933 5058 duo

340 5092 602 5158 fuissent,
637 5107 746 5164 qua
791 5110 860 5150 ex
893 5092 1222 5150 confusione
1266 5107 1407 5149 nova
1450 5093 1702 5164 quaedam
1748 5105 1930 5151 essent

335 5200 547 5258 genera
563 5185 886 5250 constituta,
921 5185 1112 5241 eadem
1144 5185 1239 5240 illa
1269 5199 1470 5255 parens
1491 5183 1691 5242 femina
1709 5201 1934 5258 progre-

340 5281 505 5337 Jiens
535 5291 802 5348 aquarum
832 5277 1088 5333 eluvione
1120 5277 1456 5333 contrariam
1487 5291 1708 5333 omnem
1741 5277 1936 5333 factio-

338 5387 477 5428 .nem
501 5369 750 5426 funditus
765 5369 1050 5436 exstinxit,
1077 5378 1138 5424 ut
1166 5371 1485 5440 incorrupta
1514 5385 1579 5424 ac
1599 5369 1748 5439 justa
1779 5370 1932 5428 Sethi

339 5460 525 5529 stirps
544 5461 611 5516 ad
645 5461 869 5516 rmleste
898 5473 1072 5530 genus
1128 5461 1537 5530 scintillamque
1559 5459 1790 5529 iustitiae
1809 5477 1935 5517 con-

351 5548 587 5604 ;ﬁandam
610 5551 664 5606 in
689 5551 852 5607 terris
881 5551 1000 5607 sola
1027 5550 1376 5606 retineretur.
1403 5549 1605 5606 Verum
1636 5549 1777 5606 clam
1817 5551 1933 5624 ipsa

418 5705 442 5740 ⁵
469 5702 630 5759 Deest
667 5704 825 5775 εοκεῖ,
857 5707 938 5762 vel
963 5707 1077 5762 ἐστι
1106 5706 1209 5778 leg.
1286 5706 1304 5736 '
1337 5703 1394 5758 Γ.
1430 5726 1445 5741 --
1595 5706 1828 5764 αὕτα,

2037 3263 2371 3327 συστάσεως.
2410 3263 2522 3315 Καὶ
2565 3256 2708 3316 εἶναι
2747 3259 2954 3331 ταύτην
2989 3259 3251 3313 σύστασιν
3281 3257 3382 3328 τῆς
3421 3258 3630 3312 δικαιο-

2037 3356 2225 3429 σύνης,
2267 3355 2363 3410 καὶ
2388 3354 2620 3426 ἐκλογὴν
2645 3354 2965 3426 σπέρματος
2993 3352 3091 3406 καὶ
3113 3351 3323 3422 γένους·
3365 3351 3517 3415 ὅπως
3542 3350 3630 3404 διά

2033 3449 2134 3520 τῆς
2159 3448 2366 3520 ταύτης
2402 3447 2737 3512 συστάσεως,
2786 3445 2884 3500 καὶ
2924 3444 3119 3499 τούτου
3165 3443 3260 3498 τοῦ
3305 3443 3628 3515 σπέρματος

2036 3539 2437 3614 καθαιρεθῶσιν
2464 3541 2520 3594 αἱ
2543 3540 2805 3611 δυνάμεις
2835 3537 2946 3593 τῶν
2985 3537 3234 3607 ἀγγέλων
3261 3537 3372 3591 τῶν
3415 3537 3506 3592 τὸν
3533 3538 3628 3592 κό-

2037 3649 2174 3704 σμον
2209 3631 2586 3704 πεποιηκότων
2629 3631 2725 3686 καὶ
2757 3631 2882 3694 τοὺς
2919 3629 3013 3683 δύο
3077 3630 3172 3684 ἀπ’
3205 3628 3382 3700 ἀρχῆς
3417 3627 3629 3701 ἀνθρὼ-

2037 3744 2194 3791 πους.
2213 3725 2313 3780 Διά
2331 3725 2536 3796 ταύτην
2559 3720 2654 3779 οῦν
2680 3724 2779 3797 τὴν
2805 3724 2986 3778 αἰτίαν
3009 3724 3104 3778 καὶ
3129 3723 3192 3778 τὸ
3215 3722 3372 3792 γένος
3394 3721 3491 3776 τοῦ
3520 3721 3630 3792 Σὴθ

2035 3817 2331 3890 ἀφορισθὲν
2359 3814 2606 3871 ἐντεῦθεν
2629 3815 2951 3884 κατάγεται,
2981 3813 3213 3886 ἐκλογῆς
3235 3812 3297 3868 ὃν
3330 3813 3426 3868 καὶ
3447 3814 3631 3868 διακεο

2037 3910 2302 3982 κριμένον
2344 3906 2438 3963 τοῦ
2485 3906 2649 3962 ἄλλου
2698 3906 2914 3976 γένους.
2968 3905 3385 3976 Προϐαινόντων
3423 3905 3482 3959 δὲ
3517 3905 3630 3959 τῶν

2035 4000 2270 4071 καιρῶν,
2300 3998 2453 4070 φασὶ,
2482 4000 2576 4054 καὶ
2601 3999 2740 4072 ὁμοῦ
2763 3999 2937 4053 ὅντων
2964 3997 3074 4052 τῶν
3097 3996 3193 4052 δύο
3219 3997 3420 4066 γενῶν,
3446 3997 3544 4052 τοῦ
3571 4015 3632 4052 τε

2036 4087 2176 4141 Κάῖν
2202 4086 2298 4140 καὶ
2325 4085 2418 4142 τοῦ
2450 4087 2618 4141 Ἅϐελ
2652 4089 2734 4152 είς
2764 4086 2828 4141 τὸ
2852 4086 2986 4141 αὐτὸ
3013 4085 3398 4153 συνελθόντων,
3423 4086 3513 4141 διὰ
3536 4105 3632 4142 κα-

2037 4179 2163 4233 κίαν
2211 4179 2434 4251 πολλὴν,
2490 4179 2586 4235 καὶ
2629 4177 2765 4251 ὁμοῦ
2817 4178 3139 4251 μιχθέντων,
3186 4177 3551 4250 ἀποϐλέψασα
3595 4182 3629 4251 ή

2040 4272 2260 4326 πάντων
2274 4272 2495 4344 Μήτηρ,
2533 4271 2775 4344 καθαρὸν
2811 4271 2874 4326 τὸ
2918 4271 3143 4344 σπέρμα
3179 4271 3290 4327 τῶν
3325 4271 3633 4345 ἀνθρώπων

2037 4361 2316 4436 ἠϐουλήθη
2362 4362 2807 4436 ἀπεργάσασθαι,
2855 4362 2933 4428 ὡς
2978 4367 3264 4438 προεῖπον,
3311 4364 3401 4418 διὰ
3437 4365 3500 4418 τὸ
3543 4366 3632 4418 τὸν

2039 4455 2207 4510 Ἀϐελ
2240 4457 2600 4512 ἀπεκτάνθαι.
2624 4457 2734 4512 Καὶ
2756 4455 2946 4512 τοῦτον
2965 4458 3057 4512 τὸν
3077 4457 3186 4529 Σὴθ
3211 4456 3516 4524 ἐξελέξατο,
3540 4458 3633 4513 καὶ

2039 4548 2284 4623 καθαρὸν
2310 4549 2499 4617 ἔδειξε.
2530 4551 2644 4605 Καὶ
2667 4553 2726 4606 ὲν
2749 4549 2924 4620 τούτῳ
2951 4551 3014 4606 τὸ
3039 4552 3195 4620 γένος
3227 4553 3376 4625 μόνῳ
3400 4555 3502 4626 τῆς
3531 4553 3632 4608 αὺ-

2038 4641 2138 4714 τῆς
2171 4641 2455 4713 δυνάμεως
2491 4643 2587 4698 καὶ
2624 4643 2998 4717 καθαρότητος
3029 4645 3307 4700 κατέθετο.

2110 4815 2184 4870 Γ.
2226 4813 2433 4870 ’ἰδοῦσα
2454 4816 2513 4870 δὲ
2539 4817 2702 4873 πάλιν
2723 4817 2925 4882 πολλὴν
2952 4818 3254 4889 ἐπιμιξίαν,
3277 4820 3375 4874 καὶ
3396 4819 3630 4874 ἄτακτον

2038 4907 2217 4981 ὁρμὴν
2247 4907 2357 4963 τῶν
2389 4910 2637 4980 ἀγγέλων
2682 4911 2777 4965 καὶ
2821 4909 2930 4964 τῶν
2971 4909 3298 4983 ἀνθρώπων,
3347 4912 3430 4975 είς
3481 4910 3628 4983 μίξιν

2041 4997 2150 5053 τῶν
2177 4998 2272 5054 δύο
2295 5001 2470 5071 γενῶν
2501 5002 2785 5066 ἐλθόντων,
2828 5001 2923 5055 καὶ
2955 5001 3242 5066 συστάσεις
3265 5000 3443 5070 γενῶν
3477 5018 3628 5066 τινας

2039 5092 2141 5165 τὴν
2171 5092 2352 5148 αὐτῶν
2375 5093 2603 5159 ἀταξίαν
2629 5094 3027 5166 ὲμποιήσασαν,
3055 5092 3383 5164 πορευθεῖσα
3413 5092 3627 5163 πάλινή

2040 5186 2178 5258 αὑτὴ
2207 5187 2409 5260 Μήτηρ
2431 5204 2492 5239 τε
2527 5188 2621 5241 καὶ
2657 5185 2846 5257 θήλεια
2879 5186 3261 5257 κατακλυσμὸν
3283 5186 3508 5258 ήνεγκε,
3538 5188 3629 5240 καὶ

2039 5277 2290 5334 ἀπώλεσε
2310 5280 2491 5333 πᾶσαν
2520 5279 2710 5334 στάσιν
2733 5278 3022 5351 ἀνθρώπου
3045 5277 3245 5341 παντὸς
3259 5277 3451 5348 γένους
3471 5281 3626 5332 ἐναν-

2039 5371 2156 5425 τίου
2179 5389 2192 5402 ·
2219 5372 2307 5428 ἵνα
2334 5372 2496 5444 δῆθεν
2520 5373 2581 5426 τὸ
2604 5371 2844 5444 καθαρὸν
2863 5373 3021 5441 γένος
3041 5372 3102 5426 τὸ
3121 5371 3229 5426 ἀπὺ
3246 5370 3342 5424 τοῦ
3374 5370 3506 5443 Σὴθ,
3536 5370 3626 5424 καὶ

2038 5463 2267 5531 δίκαιον,
2292 5465 2452 5535 μόνον
2481 5465 2640 5540 μείνῃ
2666 5467 2723 5520 ὲν
2749 5465 2959 5537 κόσμῳ,
2984 5466 3062 5530 είς
3088 5463 3349 5519 σύστασιν
3373 5463 3470 5518 τοῦ
3492 5464 3627 5519 ἀνω-

2041 5555 2133 5612 θεν
2165 5557 2357 5628 γένους
2388 5575 2448 5614 τε
2486 5557 2577 5614 καὶ
2607 5557 2900 5631 σπινθῆρος
2937 5561 3036 5632 τῆς
3065 5557 3430 5630 δικαιοσύνης.
3467 5557 3625 5613 Ἐλα-
