3960 6144
349 308 456 366 669

957 310 1338 370 ADV'EBSUS
1378 311 1722 370 [UERESES
1761 313 1889 371 LIB.
1931 313 1973 372 1.
2014 314 2180 374 ΤΟΜ.
2211 310 2299 372 lli.
2335 348 2404 358 —
2435 308 2710 373 "ERES.
2744 300 2986 369 XXXIX.

3513 313 3620 369 670

348 431 438 487 θον
482 432 540 487 δὲ
585 432 756 504 αὐτὴν
807 431 969 488 πάλιν
1013 433 1061 485 οἱ
1108 431 1482 501 άγγελοι,καὶ
1514 433 1801 488 είσέδυσαν
1848 433 1909 487 τὸ

2043 448 2242 493 rursus
2274 434 2452 506 angeli
2474 434 2740 489 Chamum
2771 448 2803 487 e
2833 443 3033 502 genere
3061 427 3174 490 {suo
3204 437 3529 500 prognatum
3564 433 3619 486 iu

349 524 476 595 Χὰμ
528 525 607 587 εἰς
654 524 751 595 τὴν
793 523 1045 587 κιϐωτὸν,
1076 523 1207 578 ὄντα
1236 523 1332 576 τοῦ
1365 523 1547 580 αὐτῶν
1597 524 1930 595 σπέρματος.

2037 540 2221 579 arcam
2266 525 2644 581 introducunt.
2696 522 2829 577 Nam
2882 539 2947 578 ex
2990 529 3117 575 octo
3160 522 3439 590 capitibus
3487 523 3617 584 illis.

359 618 532 673 Ὀκτὼ
556 616 664 689 γὰρ
692 616 881 687 ψυχῶν
914 615 1190 689 σωθεισῶν
1232 617 1292 670 ὲν
1337 619 1404 688 τῇ
1435 617 1555 671 τότε
1584 617 1813 689 λάρνακι
1838 618 1911 672 τοί

2036 634 2158 689 quae
2204 620 2260 674 in
2296 619 2488 675 Noemi
2533 635 2662 676 arca
2719 630 2933 675 servata
2982 620 3261 689 leguntur,
3298 620 3619 676 sincerioris

345 710 491 773 Νῶε,
521 709 662 763 ἑπτὰ
702 710 803 779 μὲν
842 705 982 763 εἷναι
1013 708 1110 764 τοῦ
1144 708 1386 782 καθαροῦ
1420 709 1612 779 γένους
1644 711 1811 780 φασί·
1840 712 1911 766 τδε

2034 712 2256 782 generis
2288 720 2514 783 septena
2548 712 2716 769 fuisse
2749 712 3068 784 pmdicant,
3093 720 3345 767 octavum
3372 729 3500 767 vero
3527 729 3618 767 no-

342 802 401 856 δὲ
427 802 523 857 ἕνα
544 799 682 857 εἶναι
703 804 791 856 τὸν
811 803 943 873 Χάμ
961 803 1060 874 τῆς
1087 802 1254 874 ἄλλης
1279 803 1563 874 δυνάμεως
1594 805 1928 877 ὑπάρχοντα,

343 890 402 945 ὂν
429 892 667 945 εἰσδῦναι
700 891 931 946 λαθόντα
974 894 1073 963 τὴν
1121 894 1233 948 ἄνω
1262 894 1512 967 Μητέρα.
1530 895 1666 947 Ὑπὸ
1693 896 1801 948 τῶν
1828 897 1929 965 ἀγ-

343 984 517 1053 γέλων
550 984 607 1038 δὲ
633 984 695 1039 τὸ
714 985 924 1040 τοιοῦτο
944 987 1332 1051 συσκευασθὲν,
1362 987 1535 1053 οὕτως
1564 988 1929 1059 ἀποτελεσθῆ-

342 1094 448 1131 ναι.
471 1077 686 1149 Ἐπειδὴ
702 1077 1251 1149 γὰρ,φασ“ι,έγνωσαν
1277 1082 1326 1133 οἱ
1352 1080 1596 1151 ἄγγελοι,
1622 1082 1704 1137 ὅτι
1737 1082 1926 1153 μέλλει

345 1170 453 1224 πᾶν
485 1169 546 1223 τὸ
578 1170 801 1241 σπέρμα
832 1169 1011 1224 αὐτῶν
1040 1170 1439 1242 ἁπαλείφεσθαι
1468 1173 1526 1226 ὲν
1547 1172 1625 1243 τῷ
1658 1173 1928 1227 κατακλυ-

346 1260 491 1331 σμῷ,
520 1263 827 1335 πανουργίᾳ
855 1264 963 1317 τινὶ
1006 1263 1098 1317 τὸν
1123 1265 1523 1337 προειρημένον
1549 1266 1678 1337 Χὰμ
1706 1268 1786 1331 εἰς
1811 1268 1928 1321 δια-

340 1354 572 1424 τήρησιν
602 1353 697 1407 τοῦ
728 1354 818 1408 ὑπ’
847 1353 1026 1408 αὐτῶν
1050 1355 1358 1420 κτισθέντος
1382 1356 1572 1426 γένους
1602 1358 1699 1429 τῆς
1728 1358 1927 1424 κακίας

342 1443 753 1516 παρεισέδαλον.
786 1446 896 1500 Καὶ
944 1448 1007 1500 ὲκ
1050 1446 1239 1501 τούτου
1286 1447 1424 1519 λήθη
1466 1448 1561 1502 καὶ
1588 1448 1766 1520 πλάνη
1797 1452 1927 1520 περὶ

338 1537 466 1600 τοὺς
508 1536 850 1608 ἀνθρώπους,
882 1539 976 1593 καὶ
1008 1540 1230 1593 ἄτακτοι
1278 1541 1443 1612 φοραὶ
1483 1542 1921 1613 ἁμαρτημάτων,

340 1629 433 1681 καὶ
466 1626 760 1699 πολυμιξία
793 1630 993 1694 κακίας
1028 1632 1087 1684 ὲν
1125 1630 1203 1702 τῷ
1230 1632 1423 1704 κόσμῳ
1463 1634 1775 1705 γεγένηται.
1812 1634 1924 1688 Καὶ

336 1718 511 1785 οὕτως
539 1723 568 1775 6
595 1722 800 1793 κόσμος
833 1725 914 1787 εἰς
939 1724 1001 1777 τὸ
1032 1725 1255 1796 ἀρχαῖον
1282 1726 1382 1795 τῆς
1399 1725 1625 1791 ἀταξίας
1653 1723 1808 1791 αὖθις
1828 1728 1922 1781 άν-

2033 803 2185 857 mine
2212 802 2484 858 Chamum
2520 804 2590 859 ab
2619 804 2796 859 aliena
2823 805 2874 859 vi
2906 804 3231 873 productum
3257 805 3482 859 latuisse
3510 819 3621 859 cu:-

2031 891 2225 947 lestem
2261 904 2516 961 matrem,
2541 902 2596 951 et
2625 897 2681 951 in
2704 910 2887 950 arcam
2918 897 3240 968 irrepsisse;
3276 906 3329 952 et
3354 896 3407 951 id
3437 898 3613 967 ipsum

2031 982 2349 1053 angelorum
2388 982 2582 1040 l‘raude
2610 998 2676 1039 ac
2704 984 2939 1039 consilio
2969 1000 3091 1041 esse
3120 985 3442 1057 perfectum.
3474 986 3613 1040 Cum

2028 1071 2195 1136 enim,
2232 1081 2290 1127 ut
2322 1073 2495 1139 aiunt,
2540 1074 2862 1131 didicissent
2906 1076 3005 1141 illi,
3040 1092 3215 1147 genus
3255 1092 3417 1132 omne
3449 1093 3611 1133 suum

2028 1161 2221 1219 diluvii
2254 1167 2413 1237 aquis
2446 1168 2945 1236 exterminandum,
2980 1170 3119 1223 mira
3151 1169 3467 1233 calliditate,
3503 1186 3614 1239 quo

2028 1255 2157 1311 mali
2190 1257 2430 1326 generis,
2464 1260 2624 1329 cujus
2660 1268 2915 1316 auctores
2946 1271 3121 1327 erant,
3159 1261 3419 1331 reliquias
3466 1259 3614 1315 fove-

2027 1356 2172 1413 rent,
2195 1348 2461 1405 Cbamum
2489 1350 2543 1405 in
2573 1368 2756 1407 arcam
2789 1353 3089 1409 inculcant.
3124 1352 3171 1407 A
3194 1368 3303 1423 quo
3333 1354 3385 1407 in
3420 1353 3614 1407 huma-

2026 1452 2160 1492 num
2204 1455 2377 1509 genus
2410 1456 2587 1504 error,
2626 1451 2682 1499 et
2731 1444 2954 1510 oblivio,
3004 1452 3170 1514 atque
3215 1442 3609 1497 inconsiderati

2026 1526 2362 1599 ﬂagitiorum
2394 1532 2649 1602 impetus,
2676 1542 2731 1589 et
2760 1536 3027 1591 scelerum
3060 1535 3297 1590 varietas
3323 1532 3606 1603 multiplex

2026 1619 2082 1675 in
2122 1622 2311 1677 orbem
2361 1632 2635 1680 terrarum
2676 1628 2875 1698 erupit.
2925 1627 3103 1697 Atque
3146 1627 3221 1681 ita
3256 1625 3494 1681 mundus
3539 1627 3610 1679 ad

2025 1712 2316 1782 pristinam
2370 1718 2835 1786 perturbationem
2875 1719 3041 1791 286
3072 1720 3252 1775 denuo
3304 1718 3608 1781 revolutus,

335 1810 573 1883 έκαμψε,
608 1813 703 1867 καὶ
731 1814 1039 1886 ἐνεπλήσθη
1070 1818 1280 1883 κακῶν,
1312 1819 1387 1882 ὼς
1418 1818 1476 1883 ἐξ
1498 1819 1674 1890 ἀρχῆς
1697 1820 1804 1892 πρὸ
1824 1820 1911 1873 τοῦ

2023 1804 2246 1873 perinde
2289 1814 2455 1876 atque
2507 1816 2634 1862 ante
2673 1808 2965 1873 diluvium,
3016 1809 3283 1863 malorum
3321 1810 3479 1879 copia
3529 1824 3612 1864 re-

336 1903 747 1975 κατακλυσμοῦ.
766 1906 898 1960 Ἀπὸ
918 1906 975 1959 δὲ
996 1905 1091 1960 τοῦ
1114 1908 1223 1979 Σὴθ
1246 1907 1390 1963 κατὰ
1410 1909 1633 1980 σπέρμα
1661 1911 1755 1964 καὶ
1779 1911 1920 1965 κατὰ

332 1995 588 2069 διαδοχὴν
627 1997 816 2067 γένους
848 2001 877 2052 6
898 2000 1135 2071 Χριστὸς
1175 1997 1339 2071 ἦλθεν
1362 2002 1525 2068 αὐτὸς
1546 2001 1776 2075 Ἰησοῦς,
1801 2005 1922 2075 οὐχὶ

333 2088 475 2142 κατὰ
504 2089 657 2161 γένη,
688 2090 825 2144 ἀλλὰ
854 2090 1182 2162 θαυμαστῶς
1207 2096 1265 2147 ὲν
1296 2093 1376 2164 τῷ
1401 2094 1593 2166 κόσμῳ
1622 2096 1878 2168 πεφηνώς
1902 2113 1916 2128 ·

331 2180 389 2242 ὃς
419 2181 567 2234 ἐστιν
595 2183 756 2247 αὐτὸς
784 2185 812 2236 6
842 2184 972 2256 Σὴθ,
1001 2187 1031 2239 6
1051 2185 1171 2239 τότε
1196 2185 1291 2239 καὶ
1320 2187 1556 2258 Χριστὸς
1583 2186 1678 2242 νῦν
1702 2190 1919 2258 ἐπιφοι-

330 2272 502 2341 τήσας
524 2273 601 2344 τῷ
626 2274 770 2342 γένει
798 2275 908 2330 τῶν
937 2276 1259 2347 ἀνθρώπων,
1286 2277 1395 2331 ἀπὸ
1417 2278 1517 2349 τῆς
1551 2277 1755 2350 μητρὸς
1780 2277 1920 2334 ἄνω·

330 2363 422 2416 θεν
450 2364 877 2438 ἀπεσταλμένος.

403 2544 471 2596 Δ’,
515 2540 700 2596 Ταῦτα
725 2542 901 2598 πάντα
941 2543 1083 2597 οὕτω
1111 2544 1439 2616 γεγενῆσθαί
1489 2561 1652 2614 φασιν
1695 2546 1912 2601 ἐκεῖνοι.

327 2634 506 2706 Μωρὰ
560 2635 636 2701 δὲ,
665 2637 758 2691 καὶ
802 2636 1030 2709 ἀδρανῆ,
1062 2639 1158 2693 καὶ
1205 2640 1540 2709 κενοφωνίας
1591 2640 1803 2712 έμπλεα
1846 2642 1917 2695 τὰ

326 2726 550 2782 τοιαῦτα
587 2728 938 2799 κηρύγματα,
970 2731 1047 2795 ὡς
1098 2731 1259 2785 παντί
1310 2750 1388 2802 τῳ
1431 2733 1589 2805 δῆλόν
1634 2736 1800 2788 ἐστιν.
1838 2735 1913 2788 Οὐ

326 2820 436 2891 γὰρ
479 2820 574 2875 δύο
623 2820 899 2892 ἄνθρωποι
950 2822 1322 2896 ὲπλάσθησαν,
1352 2824 1489 2880 ἀλλὰ
1535 2822 1616 2890 εἷς
1661 2829 1690 2880 6
1715 2827 1909 2898 Ἀδὰμ,

329 2912 421 2965 καὶ
452 2913 517 2966 ὲκ
544 2911 638 2966 τοῦ
669 2911 843 2983 Ἀδὰμ
872 2914 901 2967 ὃ
924 2931 982 2967 τε
1008 2914 1147 2970 Κάῖν
1181 2917 1276 2969 καὶ
1315 2916 1500 2983 Ἅϐελ,
1531 2918 1625 2972 καὶ
1647 2918 1777 2990 Σήθ.
1802 2920 1913 2973 Καὶ

330 3003 509 3058 ιύκέτι
543 3005 607 3058 ὲκ
635 3004 727 3058 δύο
754 3004 1077 3077 ἀνθρώπων,
1113 3007 1227 3060 ἀλλ’
1251 3008 1309 3075 ἐξ
1333 3010 1452 3074 ἐνὸς
1482 3010 1587 3076 ἕως
1619 3010 1712 3065 τοῦ
1738 3031 1908 3067 κατα-

328 3096 569 3168 κλυσμοῦ
603 3097 711 3151 τῶν
737 3098 910 3167 γενῶν
943 3099 1081 3153 ὅλων
1103 3100 1196 3154 τοῦ
1220 3102 1392 3173 Ἀδὰμ
1417 3103 1649 3174 ἐχόντων
1671 3105 1770 3170 τὰς
1791 3109 1911 3160 ἐαυ-

323 3182 432 3237 τῶν
468 3184 754 3249 συστάσεις
786 3187 844 3240 ὲν
885 3186 965 3258 τῷ
992 3189 1199 3259 κόσμῳ.
1221 3190 1351 3245 Ἀπὸ
1399 3191 1457 3245 δὲ
1495 3193 1586 3246 τοῦ
1635 3197 1907 3249 κατακλυ-

323 3274 465 3345 σμοῦ
507 3276 571 3329 ὲκ
612 3277 706 3331 τοῦ
732 3278 854 3332 Νῶε
886 3280 1049 3335 πάλιν
1072 3281 1165 3335 τοῦ
1196 3283 1314 3347 ἑνὸς
1340 3284 1653 3357 ἀνθρώπου,
1682 3289 1777 3342 καὶ
1806 3290 1909 3343 οὐκ

324 3368 389 3421 ὲκ
417 3368 711 3440 διαφόρων,
744 3371 880 3425 ἀλλὰ
907 3372 1015 3426 ἀπὸ
1042 3374 1162 3438 eve;
1188 3376 1282 3429 τοῦ
1310 3376 1453 3443 Νῶε,
1487 3379 1581 3432 τοῦ
1615 3380 1753 3433 κατὰ
1794 3381 1910 3435 δια-

319 3460 482 3532 δοχὴν
504 3463 568 3514 ὲκ
602 3462 917 3534 σπέρματος
939 3465 1033 3519 τοῦ
1065 3466 1193 3538 Σὴθ,
1223 3470 1332 3523 πᾶν
1376 3469 1532 3537 γένος
1564 3471 1674 3524 τῶν
1698 3471 1907 3544 ἀνθρώ·

320 3570 460 3617 πων,
480 3554 669 3618 οὐκεὶς
693 3553 785 3608 δύο
812 3556 1134 3627 αἱρούμενον
1162 3559 1201 3622 ⁸,
1236 3558 1375 3613 ἀλλὰ
1401 3562 1480 3624 είς
1512 3561 1570 3616 ἒν
1595 3561 1768 3631 γένος.
1789 3564 1905 3632 Ἀφ’

320 3637 494 3717 οὗπερ
522 3647 617 3701 καὶ
636 3648 778 3712 Νῶε,
800 3649 895 3703 καὶ
923 3650 955 3721 ἠ
979 3650 1143 3703 αὐτοῦ
1164 3651 1326 3723 γυνὴ,
1354 3653 1448 3706 καὶ
1469 3654 1610 3725 Σὴμ,
1637 3654 1731 3710 καὶ¹
1754 3656 1903 3725 Χάμ,

320 3737 415 3788 καί
447 3736 649 3806 Ἰάφεθ,
675 3739 725 3792 oi
768 3739 957 3793 τούτου
986 3741 1173 3805 παῖδες
1209 3742 1304 3797 καὶ
1327 3747 1475 3816 τρεῖς
1511 3748 1768 3813 γυναῖκες
1797 3747 1905 3800 τῶν

320 3827 485 3881 αὐτοῦ
522 3829 728 3883 παίδων
757 3830 865 3885 ἀπὸ
894 3832 988 3886 τοῦ
1024 3833 1130 3904 Σὴθ
1162 3834 1223 3888 τὸ
1259 3835 1412 3904 γένος
1446 3837 1744 3907 κατάγουσι
1771 3840 1907 3893 πάντ

317 3936 431 3984 τες,
462 3922 557 3975 καὶ⁵
592 3923 712 3993 οὐχὶ
741 3923 848 3977 ἀπὸ
873 3924 966 3978 δύο
989 3925 1292 3997 ἀνθρώπων
1320 3928 1431 3983 τῶν
1480 3929 1555 4001 μὴ
1597 3932 1904 4004 γενομένων

317 4013 459 4067 κατὰ
486 4014 583 4086 τὴν
608 4016 811 4070 τούτων
844 4019 1188 4089 μυθοποιίαν.

389 4186 465 4242 Ε’.
506 4188 731 4254 Βίϐλους
776 4191 835 4245 δέ
871 4209 1027 4259 τινας
1080 4195 1490 4267 συγγράφοντες
1534 4195 1593 4264 ἐξ
1639 4196 1903 4269 ὀνόματος

318 4280 571 4351 μεγάλων
597 4282 829 4355 ἀνδρῶν,
851 4283 911 4352 ἐξ
932 4286 1196 4357 ὀνόματος
1226 4289 1323 4360 μὲν
1344 4289 1450 4362 Σὴθ
1480 4290 1620 4346 ἑπτὰ
1653 4290 1903 4361 λέγοντες

314 4366 456 4425 εἶναι
494 4371 743 4443 βίὸ).ους·
773 4374 940 4440 ἄλλας
984 4376 1042 4431 δὲ
1096 4377 1312 4449 βίϐλους
1354 4380 1546 4453 ἐτέρας
1590 4381 1899 4451 ἀλλογενεῖς

311 4462 459 4516 οὕτω
503 4462 792 4571 καλουσιψ
827 4464 996 4537 άλλην
1043 4466 1101 4520 δὲ
1146 4467 1206 4571 ἐς
1237 4469 1500 4540 ὀνόματος
1521 4472 1797 4545 ’Δϐραὰμ,
1830 4475 1897 4547 ἢν
1932 4514 1977 4571 ι)

314 4553 799 4635 καὶἌποκάλυψιν
832 4556 1133 4625 φάσκουσιν
1155 4554 1313 4624 εῖναι,
1344 4561 1525 4632 πάσης
1566 4563 1762 4627 κακίας
1801 4564 1899 4635 ἐμ-

313 4632 522 4699 πλεωνο
556 4646 745 4718 ἑτέρας
771 4647 827 4701 δὲ
858 4646 917 4712 ἐξ
941 4648 1205 4721 ὀνόματος
1229 4650 1323 4705 τοῦ
1357 4653 1657 4722 Μωῡσέως,
1681 4656 1774 4709 καὶ
1804 4632 1901 4711 άλ-

312 4737 411 4801 λας
443 4737 639 4794 ἄλλων.
675 4739 769 4803 El;
803 4740 1015 4813 μωρίαν
1057 4743 1115 4796 δὲ
1158 4744 1359 4815 πολλὴν
1391 4746 1483 4799 τὸν
1524 4748 1646 4803 νοῦν
1693 4750 1901 4804 ἑαυτῶν

312 4830 667 4897 κατάγοντες,
696 4834 931 4902 γυναῖκά
952 4851 1076 4890 τινα
1115 4835 1335 4907 Ὠραίαν
1363 4837 1611 4907 λέγουσιν
1635 4837 1775 4895 εἶναι
1804 4842 1899 4897 τοῦ

310 4921 594 4994 Σήθ.Ὄρα
638 4922 695 4977 δέ
730 4942 840 4995 μοι,
884 4927 1156 4998 ἁγαπητὲ,
1197 4928 1295 5000 τὴν
1326 4931 1532 4985 τούτων
1574 4932 1778 5000 ἄνοιαν,
1812 4936 1901 4990 ἵνα

311 5014 454 5069 κατὰ
489 5016 666 5071 πάντα
693 5018 892 5087 τρόπον
916 5020 1203 5091 καταγνῷς
1231 5024 1329 5095 τῆς
1355 5024 1536 5079 αὐτῶν
1555 5026 1901 5099 δραματουρ-

310 5110 458 5176 γίας,
486 5111 579 5162 καὶ
608 5109 885 5177 μυθώδους
915 5116 1407 5188 ματαιοφροσύνης,
1439 5119 1532 5173 καὶ
1563 5121 1896 5177 ἐπιπλάστου

309 5200 652 5270 ληρολογίας.
694 5203 815 5256 Εἰσὶ
846 5208 945 5273 μὲν
972 5204 1079 5277 γὰρ
1114 5205 1272 5260 ἄλλαι
1302 5208 1445 5272 τινὲς
1474 5209 1732 5281 αἱρέσεις,
1760 5212 1897 5265 αἴτι-

310 5308 401 5355 νες
444 5291 674 5364 δύναμίν
699 5311 820 5347 τινα
854 5291 992 5349 εἶναι
1022 5294 1289 5365 λέγουσιν,
1322 5299 1389 5369 ἢν
1418 5298 1673 5356 καλοῦσιν
1702 5303 1899 5369 ὀνομα-

310 5384 514 5448 στικῶς
558 5384 796 5456 Ὠραίαν.
821 5387 933 5459 Τὴν
966 5389 1096 5453 παρ’
1116 5388 1298 5454 ἄλλοις
1324 5391 1501 5446 τοίνυν
1535 5395 1898 5468 νομιζομένην

306 5474 799 5545 δύναμιν,Ὤραίαν
832 5496 891 5532 τε
924 5480 1285 5552 καλουμένην,
1323 5481 1465 5536 οὕτω
1517 5490 1751 5552 γυναῖκα
1799 5489 1895 5543 τοῦ

311 5565 419 5636 Σὴθ
450 5567 890 5635 λέγουσιν.”υθεν
915 5572 1189 5646 δυνάμεθά
1221 5592 1277 5629 τε
1314 5574 1609 5647 ἀποδεῖξαι,
1647 5578 1721 5643 ὡς
1757 5582 1891 5649 ῐστε,

390 5744 405 5774 ¹
440 5743 566 5802 Cor.
594 5744 983 5822 διαιρούμενοι.

2024 1894 2312 1951 dundavit.
2372 1897 2644 1954 Cieterum
2701 1914 2731 1952 a
2786 1899 2953 1955 Setho
3015 1902 3333 1955 continuata
3392 1900 3608 1971 generis

2022 1988 2382 2045 successione
2434 1989 2596 2047 Jesus
2624 1991 2881 2047 Christus
2914 1992 3136 2063 prodiit,
3177 2008 3285 2047 non
3331 1994 3449 2063 ipse
3478 1993 3605 2063 qui-

2020 2078 2143 2132 dem
2176 2083 2395 2151 generis
2431 2083 2606 2154 stirpe
2654 2092 2997 2153 procreatus,
3027 2084 3121 2139 sed
3172 2084 3225 2138 in
3256 2084 3402 2139 hunc
3447 2101 3608 2138 mun-

2019 2170 2150 2224 dum
2190 2172 2590 2231 admirabiliter
2618 2174 2988 2231 introductus.
3019 2174 3162 2231 ldem
3193 2177 3341 2231 enim
3373 2177 3464 2247 qui
3497 2177 3607 2232 illis

2025 2258 2595 2332 teinporibus‘Sethus
2634 2265 2760 2329 fuit,
2806 2266 2969 2321 modo
2998 2266 3252 2323 Christus
3299 2269 3606 2338 appellatus

2018 2370 2049 2407 a
2081 2357 2293 2412 caelesti
2342 2367 2517 2414 matre
2554 2360 2623 2415 de
2672 2360 2813 2416 cmlo
2858 2361 3064 2417 missus
3101 2360 3169 2415 ad
3208 2360 3457 2417 homines
3506 2361 3606 2415 de-

2017 2450 2257 2506 scendit.

2086 2538 2175 2596 ιγ.
2204 2539 2319 2595 Hoc
2350 2541 2511 2597 modo
2533 2542 2610 2598 illi
2637 2544 2893 2600 universa
2919 2552 3187 2601 statuunt.
3209 2544 3408 2601 Verum
3435 2561 3598 2615 quam

2018 2631 2239 2697 stolida,
2273 2648 2437 2704 quam
2469 2650 2635 2704 porro
2664 2636 2956 2702 imbecilla,
2989 2652 3055 2692 ac
3079 2653 3217 2693 vana
3253 2639 3362 2693 siut
3387 2655 3508 2709 qua:
3534 2640 3604 2694 ab

2016 2722 2128 2779 illis
2153 2724 2459 2794 jactantur,
2507 2742 2667 2782 nemo
2718 2743 2826 2782 non
2867 2728 3031 2784 videt.
3084 2728 3272 2799 Neque
3313 2730 3457 2785 enim
3492 2731 3602 2785 duo

2015 2815 2222 2869 conditi
2252 2826 2381 2872 sunt
2402 2816 2673 2883 homines,
2710 2820 2805 2875 sed
2839 2836 2982 2876 unus
3011 2821 3277 2876 duntaxat
3312 2823 3554 2877 Adamus
3583 2842 3595 2877 :

2015 2923 2045 2962 a
2079 2924 2189 2979 quo
2224 2908 2384 2974 Cain,
2423 2917 2477 2965 et
2527 2910 2685 2975 Abel,
2727 2909 3035 2982 Setbusque
3074 2915 3261 2984 geniti.
3305 2913 3440 2968 Tum
3478 2916 3598 2969 reli-

2013 3016 2137 3070 quae
2163 3002 2423 3074 deinceps
2451 3003 2519 3058 ad
2560 3004 2824 3059 diluvium
2867 3021 3041 3075 usque
3070 3007 3449 3077 generationes
3486 3022 3594 3062 nou

2015 3109 2044 3146 a
2080 3093 2297 3149 duobus
2333 3095 2665 3161 hominibus,
2697 3096 2793 3153 sed
2822 3113 2888 3152 ex
2933 3114 3044 3153 uno
3070 3100 3247 3154 solum
3281 3100 3476 3169 capite,
3508 3102 3594 3153 ni-

2012 3186 2210 3240 mirum
2237 3188 2467 3252 Adamo,
2502 3189 2742 3258 profecta
2771 3198 2917 3246 sunt.
2948 3190 3054 3247 Sed
3085 3200 3139 3247 et
3169 3193 3237 3249 ab
3266 3209 3375 3247 uno
3402 3208 3595 3250 rursus

2010 3276 2217 3335 Noemo
2246 3290 2369 3351 post
2401 3282 2689 3349 diluvium,
2722 3301 2830 3340 non
2863 3300 2892 3339 a
2917 3286 3151 3343 diversis
3182 3287 3590 3358 insequentium

2006 3372 2161 3444 origo
2189 3372 2520 3441 deducitur;
2573 3390 2603 3430 a
2641 3373 2870 3445 Noemo,
2918 3378 3160 3448 inquam,
3209 3377 3304 3448 qui
3356 3394 3387 3434 e
3441 3377 3592 3433 Sethi

2009 3466 2268 3535 prosapia
2304 3465 2424 3533 fuit,
2454 3484 2628 3537 genus
2657 3469 2941 3584 horinum
2968 3482 3129 3527 omne
3156 3471 3461 3527 derivatum
3485 3480 3592 3535 est.

2009 3572 2114 3584 “nn
2150 3557 2401 3584 ῑιὲΓιι-ζιι...
2445 3560 2676 3584 .I:__:---__
2749 3563 2838 3584 --.Ι
2871 3579 2971 3584 η..-
3029 3566 3188 3584 -.εᾼ..-
3238 3581 3286 3584 --
3315 3566 3467 3584 ,εμηλι
3500 3582 3534 3584 Δί

2006 3572 2117 3611 non
2150 3557 2404 3615 bifariam
2442 3557 2840 3628 divisum,’sed
2871 3579 2978 3619 una
3024 3566 3195 3635 stirpe
3229 3566 3592 3637 comprehcn—

2008 3660 2149 3700 sum.
2187 3646 2264 3702 Ex
2294 3665 2401 3719 qua
2430 3658 2539 3705 tam
2570 3649 2832 3717 Noemus,
2857 3667 3020 3723 quam
3054 3654 3175 3723 eius
3204 3670 3342 3711 uxor
3368 3655 3589 3726 prodiit,

2007 3752 2310 3810 eorumque
2354 3741 2513 3797 liberi
2563 3742 2712 3809 Sem,
2746 3744 2939 3812 Cham,
2980 3744 3177 3815 Japhet
3227 3766 3240 3800 :
3291 3763 3505 3803 necnon
3538 3759 3593 3804 et

2006 3829 2353 3901 singulorum
2397 3834 2701 3908 coniuges;
2735 3837 2828 3907 qui
2872 3837 3093 3908 quidem
3128 3853 3321 3895 omnes
3365 3842 3529 3897 unius
3562 3857 3593 3896 ο

2008 3919 2162 3977 Sethi
2212 3938 2412 3995 genere
2450 3928 2720 3996 procreati
2756 3934 2905 3993 sunt,
2941 3944 3053 3984 non
3096 3944 3126 3983 a
3159 3930 3375 3985 duobus
3415 3932 3591 3986 homio

2003 4017 2166 4074 nibus
2216 4020 2468 4089 producti
2502 4038 2515 4076 :
2549 4022 2642 4092 qui
2698 4038 2979 4093 nunquam
3026 4022 3083 4078 in
3117 4025 3284 4080 terris
3337 4023 3588 4089 fuerunt,

2002 4110 2462 4180 quemadmodum
2493 4112 2585 4169 isti
2618 4113 2959 4169 fabulantur.

2074 4196 2139 4253 ν.
2179 4202 2249 4254 At
2270 4202 2418 4257 enim
2459 4211 2643 4261 certos
2684 4204 2856 4260 libros
2881 4206 3312 4264 clarissimorum
3343 4221 3585 4262 virorum

2001 4294 2319 4349 nominibus
2346 4294 2647 4367 inscriptos
2688 4298 3113 4356 circumferunt.
3141 4299 3218 4355 Ex
3252 4302 3455 4371 quibus
3493 4317 3585 4358 se-

2003 4392 2147 4456 ptem
2180 4390 2405 4443 omnino
2434 4386 2601 4445 Setho
2630 4390 2913 4457 tribuunt;
2946 4392 3084 4448 alios
3112 4408 3237 4448 vero
3259 4392 3584 4461 ἀλλογενεῐς,

2004 4479 2106 4535 hoc
2130 4488 2235 4549 est,
2267 4482 2483 4553 generis
2513 4483 2739 4539 alterius
2771 4495 3110 4555 nuncupant.
3136 4484 3232 4541 Est
3259 4493 3313 4541 et
3342 4487 3483 4542 alius
3517 4486 3585 4542 li-

2006 4572 2104 4628 ber
2139 4572 2281 4629 falso
2317 4573 2617 4630 Abrahami
2647 4578 2891 4641 nomine,
2925 4592 3086 4648 quem
3129 4594 3227 4648 pro
3256 4578 3585 4651 Apocalypsi

1999 4666 2303 4734 venditant,
2337 4668 2487 4722 omni
2516 4669 2759 4739 nequitia
2788 4668 3042 4727 refertus.
3076 4670 3281 4726 Praeter
3308 4687 3472 4742 quem
3504 4674 3582 4727 al-

1997 4767 2177 4815 terum
2209 4775 2240 4814 a
2273 4759 2477 4830 Moyse,
2513 4761 2755 4830 reliquos
2778 4761 2847 4815 ab
2897 4762 3019 4818 aliis
3048 4762 3226 4818 editos
3259 4778 3384 4820 esse
3426 4779 3583 4819 men-

1997 4852 2231 4907 tiuntur.
2263 4851 2343 4905 Ad
2384 4854 2518 4916 haec,
2554 4868 2675 4923 quae
2714 4861 2800 4907 est
2838 4853 3056 4909 illorum
3088 4854 3358 4911 stoliditas
3393 4870 3457 4909 ac
3487 4872 3581 4911 ve.

1996 4946 2187 5001 cordia
2209 4987 2223 5012 ,
2253 4963 2482 5003 uxorem
2527 4946 2681 5004 Sethi
2702 4948 2951 5004 Romam
2990 4949 3181 5005 nescio
3212 4964 3377 5019 quam
3405 4950 3583 5004 nomi-

1998 5038 2166 5093 natim
2183 5047 2399 5095 vocant.
2420 5039 2479 5096 In
2509 5056 2619 5112 quo
2654 5041 3022 5113 vide,quaaso,
3054 5057 3219 5111 quam
3252 5041 3418 5112 inepti
3448 5044 3582 5105 sint,

1998 5138 2059 5184 ut
2098 5130 2316 5186 illorum
2358 5134 2507 5189 velut
2548 5136 2769 5190 scenica
2810 5142 3155 5197 connuenta,
3196 5135 3585 5191 stultissimas-

1995 5236 2103 5290 que
2136 5221 2353 5280 fabulas
2397 5239 2461 5280 ac
2495 5234 2699 5283 temere
2728 5227 2967 5284 conﬁcta
3016 5226 3301 5282 mendacia
3334 5227 3482 5281 omni
3512 5243 3582 5283 ex

1996 5324 2151 5385 parte
2189 5317 2546 5376 condemnes.
2583 5319 2718 5374 Nam
2758 5336 2885 5375 cum
2918 5320 3200 5375 nonnullae
3242 5319 3355 5375 sint
3408 5319 3581 5374 haere-

1994 5420 2086 5462 ses
2119 5422 2241 5478 quae
2277 5410 2385 5464 vim
2447 5410 2742 5481 quamdam
2787 5427 2910 5468 esse
2929 5419 3200 5478 statuunt,
3235 5425 3357 5481 qua:
3389 5408 3584 5465 lloraea

1995 5498 2358 5556 nominetur:
2396 5502 2474 5559 illi
2509 5504 2616 5559 vim
2664 5504 2959 5575 ejusmodi,
3016 5502 3375 5572 llorzcamque
3426 5498 3581 5557 Sethi

1994 5589 2286 5665 conjugem
2312 5596 2593 5655 exstitisse
2611 5598 2929 5669 praedicant.
2957 5596 3033 5652 Ex
3058 5612 3166 5669 quo
3188 5593 3579 5662 demonstrari,
