3960 6130
341 295 437 349 tm
466 326 473 333 ~
561 302 569 307 ·
847 291 851 293 “
1753 293 1812 349 s.
1854 291 1947 351 ΕΡ]

2061 292 2201 350 ANII
3514 298 3629 362 ετξ

344 416 403 462 ιιι
435 406 655 473 videtis,
701 407 835 464 illud
893 413 1097 477 potest,
1147 406 1425 464 hominem
1482 407 1655 466 fuisse
1702 408 1931 466 Sethum

2057 409 2332 482 ὶγαπητοὶ,
2359 410 2453 466 καὶ
2499 410 2657 480 φύσει
2701 413 2991 487 ἄνθρωπον
3041 416 3136 471 τὸν
3184 417 3317 489 Σὴθ,
3358 417 3453 472 καὶ
3499 420 3628 492 οὐχὶ

347 500 532 565 illum;
566 512 666 553 nec
689 499 760 557 ab
781 499 946 569 287
995 499 1122 555 aliis
1159 499 1375 571 origine
1411 499 1713 567 diversum,
1746 509 1936 571 utpote

2057 502 2244 558 ἱνωθέν
2274 521 2328 557 τι
2361 505 2836 576 παρηλλαγμένον,
2867 507 3096 578 ἀδελφὸν
3117 509 3175 563 δὲ
3196 510 3325 564 ὅντα
3348 510 3510 580 φύσει
3531 508 3628 566 τοῦ

342 590 499 643 Caini
527 598 579 644 et
611 589 768 645 Abeli
806 604 1151 660 germanum,
1174 592 1244 647 ab
1274 591 1581 662 iisdemque
1611 592 1933 662 parentibus

342 683 398 735 in
438 682 612 736 lucem
638 681 871 737 editum.
902 679 1157 753 Cognovit
1186 685 1348 747 enim,
1373 692 1430 738 ιιι
1461 681 1744 754 Scriptura
1773 684 1932 751 dicit,

344 770 514 824 Adam
553 786 769 826 uxorem
805 787 960 827 suam
994 770 1161 827 Evam
1185 789 1203 837 ,'
1227 790 1344 845 quin
1376 775 1629 842 concepit,
1661 783 1711 828 et
1735 775 1933 843 peperit

343 863 479 917 Cain
514 864 554 917 ι.
591 862 707 918 Ηοε
740 863 885 920 cuitu
928 865 975 918 ei
1002 880 1200 920 nomen
1230 865 1512 936 imposuit.
1535 864 1680 934 quod
1712 879 1951 933 posses-.

341 955 543 1009 sionem
570 954 866 1025 signiﬁcat,
910 954 1101 1011 dicens
1126 974 1139 1010 :
1170 955 1392 1011 Posscdi
1420 956 1593 1025 ﬁlium
1626 971 1719 1026 per
1748 954 1933 1009 Domi-

343 1062 469 1099 num
497 1044 730 1101 Deum".
763 1047 841 1101 Ac
872 1063 1067 1117 rursus
1111 1047 1341 1104 Abelum
1369 1048 1603 1119 peperit.
1658 1048 1932 1118 Cognovit,

344 1137 541 1207 inquit,
583 1137 757 1192 Adam
807 1141 978 1193 anm
1039 1139 1311 1210 conjugem
1361 1154 1554 1193 suam:
1586 1155 1705 1210 qua:
1746 1153 1934 1193 conce-

342 1232 443 1297 pit,
468 1240 517 1284 et
558 1232 758 1300 peperit
791 1231 999 1301 ﬁlium;
1038 1249 1185 1303 quem
1226 1231 1450 1286 Abelum
1488 1232 1697 1286 uocauit
1720 1231 1761 1286 ³.
1794 1229 1934 1285 Tum

346 1324 536 1379 multis
561 1324 887 1394 interjectis,
918 1333 1042 1396 post
1063 1325 1218 1380 Abeli
1241 1335 1503 1381 mortem:
1539 1324 1816 1394 Cognovit,
1849 1324 1953 1378 in»

345 1418 487 1485 quit,
519 1418 690 1472 Adam
733 1435 950 1474 uxorem
993 1419 1178 1486 Evam,
1209 1437 1327 1491 quis
1358 1422 1620 1490 concepit,
1651 1429 1700 1474 et
1738 1417 1935 1488 peperit

345 1511 540 1578 filium.
573 1522 623 1567 et
650 1513 849 1567 vocavit
880 1513 1127 1578 Sethum,
1156 1515 1302 1585 quod
1341 1516 1816 1584 compensationem
1838 1527 1933 1569 so-

344 1611 457 1657 nat.
492 1602 758 1658 Excitavit
820 1607 983 1670 enim,
1020 1606 1218 1675 inquit,
1251 1606 1381 1661 mihi
1416 1606 1558 1662 Deus
1591 1608 1808 1670 stirpem
1837 1621 1934 1675 pro

342 1697 524 1764 Accio,
556 1714 708 1769 quem
740 1699 1004 1768 interfecit
1029 1698 1168 1754 Cain
1191 1699 1234 1752 ⁵.
1263 1697 1384 1753 Jam
1414 1714 1540 1754 cum
1568 1699 1642 1753 ita
1663 1697 1928 1769 loquitur:

2038 596 2177 649 Κάῖν
2220 596 2313 650 καὶ
2343 594 2509 649 Ἀϐελ
2555 594 2616 662 ἐξ
2664 597 2782 662 ἐνὸς
2831 599 3038 671 πατρὸς
3080 601 3176 654 καὶ
3217 603 3350 672 μιᾶς
3396 603 3623 673 μητρός.

2041 688 2234 756 Ἔγνω
2258 686 2386 757 γὰρ.
2413 689 2598 759 φησιν,
2618 689 2790 760 Ἀδὰμ
2816 691 2983 745 Εὕαν
3001 690 3118 760 τὴν
3135 693 3392 762 γυναῖκα
3411 695 3621 760 αὐτοῦ,

2034 781 2135 834 καὶ
2159 781 2561 836 συλλαϐοῦσα
2592 783 2761 837 ἔτεκε
2794 782 2904 839 τὸν
2924 783 3106 840 Κάτν·
3141 787 3236 840 καὶ
3270 786 3497 841 ἐπέθετο
3526 789 3621 841 αὖ·

2036 869 2113 938 τῷ
2157 870 2329 939 ὄνομα
2374 869 2532 933 Κάῖν,
2581 874 2717 947 ὅπερ
2760 874 3123 946 ἑρμηνεύεται
3153 877 3369 944 κτίσις,
3401 878 3581 946 λέγων
3605 896 3619 912 ·

2050 962 2434 1032 Ὲκτησάμην
2464 962 2600 1017 υἱὸν
2620 963 2721 1017 διὰ
2754 965 2978 1033 Κυρίου
3001 965 3149 1021 Θεοῦ
3169 983 3185 1000 ·
3217 969 3311 1022 καὶ
3343 969 3505 1023 πάλιν
3533 970 3625 1024 τὸν

2041 1052 2207 1106 Ἀϐελ
2225 1068 2239 1082 ·
2272 1055 2461 1123 Ἔγνω
2487 1052 2658 1124 Ἀδὰμ
2678 1056 2847 1110 Εὕαν
2874 1055 2988 1126 τὴν
3015 1058 3271 1128 γυναῖκα
3291 1062 3499 1125 αὑτοῦ,
3523 1062 3624 1116 καὶ

2037 1145 2442 1199 συλλαϐοῦσα
2475 1145 2683 1201 ἔτεκεν
2720 1147 2874 1214 υἱὸν,
2902 1151 3001 1204 καὶ
3032 1150 3290 1207 ἐκάλεσε
3338 1152 3403 1207 τὸ
3436 1154 3626 1222 ὄνομα

2036 1237 2225 1292 αὐτοῦ
2253 1239 2446 1294 Ἅϐελ.
2473 1237 2578 1292 Καὶ
2604 1239 2741 1310 μετὰ
2769 1240 2940 1295 πολλά
2969 1242 3108 1313 μετά
3134 1244 3196 1297 τὸ
3223 1244 3514 1299 ἀποθανεῖν
3533 1245 3627 1298 τὸν

2041 1329 2207 1382 ’Ἅϐελ
2227 1345 2240 1359 ’
2276 1331 2384 1385 Καὶ
2414 1329 2570 1400 ἔγνω
2606 1331 2783 1401 Ἀδὰμ
2804 1331 2971 1388 Εὕαν
2992 1333 3108 1404 τὴν
3129 1337 3382 1406 γυναῖκα
3415 1337 3621 1398 αὑτοῦ,

2036 1421 2136 1476 καὶ
2194 1422 2596 1477 συλλαϐοῦσα
2649 1422 2857 1478 ἔτεκεν
2904 1429 3059 1492 υἱὸν,
3103 1427 3202 1481 καὶ
3251 1428 3509 1483 ἐκάλεσε
3558 1431 3625 1483 τὸ

2039 1513 2228 1582 ὄνομα
2270 1513 2458 1568 αὐτοῦ
2484 1513 2630 1583 Σὴθ,
2660 1515 2797 1585 ὅπερ
2841 1517 3199 1589 ἑρμηνεύεται
3228 1520 3581 1589 ἀπαλλαγή
3606 1538 3622 1553 ·

2050 1603 2371 1672 Ἆνέστησε
2398 1604 2509 1672 γάρ
2528 1623 2633 1673 μοι
2669 1609 2703 1660 ό
2735 1605 2883 1673 Θεὸς
2902 1607 3141 1677 σπέρμα
3172 1608 3309 1665 ἀντὶ
3340 1610 3533 1675 Ἅϐελ,
3553 1611 3627 1664 δν

2038 1693 2349 1749 ἀπέκτεινε
2372 1696 2541 1750 Κάϊν.
2573 1697 2648 1750 Τὸ
2677 1696 2755 1762 δὲ,
2774 1697 3151 1768 Ὲκτησὰμην
3178 1698 3277 1753 διὰ
3306 1699 3476 1768 Θεοῦ,
3508 1701 3625 1767 καὶ,

343 1762 580 1840 Ροεδειίί
595 1787 860 1842 hominem
880 1762 972 1856 per
986 1788 1193 1853 Deum;
1215 1794 1291 1856 et,
1315 1787 1580 1843 Excitavit
1604 1762 1935 1851 mihi'Dcus;

2057 1783 2372 1854 Ἀνέστησέ
2389 1803 2493 1855 μοι
2517 1789 2550 1840 ό
2581 1787 2747 1855 Θεὸς,
2781 1787 2881 1843 ἕνα
2912 1762 3046 1843 ὸεδν
3087 1762 3326 1845 δείκνυσι
3355 1762 3629 1844 τὸννπάνέ

344 1890 515 1930 unum
539 1891 664 1932 esse
698 1876 866 1933 Deum
901 1877 1129 1945 indicat,
1163 1878 1258 1949 qui
1287 1889 1343 1935 et
1377 1879 1636 1934 universa
1670 1876 1933 1932 condide-

345 1972 440 2034 rit,
463 1976 519 2024 et
543 1984 639 2024 eos
665 1970 817 2040 ipsos
840 1970 933 2041 qui
969 1971 1132 2041 geniti
1167 1980 1297 2027 sunt
1316 1972 1551 2043 benigne
1571 1972 1931 2029 concesserit.

346 2060 502 2128 Quod
533 2076 667 2117 vero
697 2076 899 2119 uxores
928 2064 1092 2118 ambo
1130 2063 1231 2128 illi,
1262 2063 1470 2121 Cainus
1497 2080 1562 2119 ac
1583 2063 1808 2130 Sethus,
1837 2063 1936 2118 ha—

2039 1894 2148 1931 των
2181 1876 2432 1948 ποιητὴν,
2465 1878 2562 1932 καὶ
2607 1878 2766 1950 δότην
2815 1879 2922 1934 τῶν
2963 1883 3525 1953 γεγεννημένων.”οτι
3568 1882 3629 1935 δὲ

2039 1958 2185 2019 οὗτοι
2211 1963 2369 2035 ἔσχον
2401 1969 2688 2034 γυναῖκας,
2717 1969 2747 2022 ὅ
2770 1986 2832 2021 τε
2861 1970 3000 2024 Κάῖν
3028 1972 3124 2025 καὶ
3155 1975 3182 2026 ὁ
3209 1973 3341 2045 Σὴθ,
3369 1973 3548 2043 δῆλον.
3568 1974 3627 2025 Ὁ

2040 2055 2150 2129 γὰρ
2185 2056 2351 2110 Ἀϐελ
2378 2057 2643 2129 νεώτερος
2670 2060 3013 2131 ἀπεκτάνθη,
3054 2064 3283 2135 μηδέπω
3310 2066 3515 2135 γήμας.

348 2154 586 2222 buet'int,
614 2156 840 2212 minime
866 2164 949 2212 est
979 2155 1298 2213 obscurum.
1328 2156 1465 2212 Nam
1488 2158 1695 2215 Abelus
1718 2163 1933 2212 matura
1969 2148 2213 2207 nondum
2243 2157 2405 2207 aetate
2437 2152 2689 2209 sublatus
2715 2160 2801 2209 est
2827 2169 2860 2210 e
2896 2155 3104 2212 medio:
3137 2173 3314 2228 neque
3377 2172 3439 2212 se
3503 2171 3627 2211 ma-

347 2252 607 2308 trimonio
628 2252 1012 2322 coniunxerat.

419 2345 506 2402 Vl.
539 2345 770 2403 Exstant
807 2348 864 2404 in
896 2348 1164 2417 Jubilaeis,
1199 2352 1291 2422 qui
1322 2353 1460 2410 liber
1492 2352 1721 2411 Genesis
1761 2352 1935 2408 Parva

2109 2344 2200 2409 α’ν.
2250 2344 2340 2408 Ὦς
2380 2343 2437 2398 δὲ
2486 2345 2545 2398 ὲν
2572 2345 2685 2409 τοῖς
2708 2343 3043 2416 Ἰωϐηλαίοις
3066 2342 3399 2415 εὑρίσκεται,
3428 2345 3497 2414 τῇ
3529 2330 3629 2398 καὶ

348 2438 568 2501 tlicitur.
607 2455 839 2495 uxorum
893 2440 1050 2497 Caini
1099 2440 1366 2516 Sethique
1411 2447 1671 2512 nomina,
1722 2454 1783 2500 ut
1838 2443 1935 2515 qui

2057 2435 2432 2504 ismayevéaer
2460 2436 2796 2508 καλουμένῃ.
2828 2436 2924 2490 καὶ
2951 2435 3283 2507 τὰυόνὸματα
3310 2435 3417 2489 τῶν
3440 2453 3630 2505 γυναι-

350 2530 610 2587 confictas
657 2532 782 2588 illas
813 2532 1028 2589 fabulas
1070 2534 1126 2588 in
1180 2535 1467 2592 hominum
1511 2538 1679 2591 vitam
1719 2538 1939 2592 invexe-

2057 2528 2149 2582 ιῶν
2177 2528 2270 2582 τοῦ
2301 2524 2361 2582 τε
2388 2530 2528 2583 Κάῖν
2555 2528 2651 2582 καὶ
2681 2529 2775 2583 τοῦ
2804 2528 2914 2600 Σὴθ
2969 2530 3002 2600 ἡ
3032 2528 3210 2600 βίϐλος
3236 2528 3481 2600 περιέχει
3498 2544 3514 2559 ο
3538 2529 3630 2583 ἵνα

351 2628 500 2687 runt,
555 2621 765 2691 pudore
813 2625 1040 2679 omnino
1095 2625 1504 2683 sull’undantur.
1549 2628 1764 2684 Etenim
1809 2644 1935 2683 cum

2057 2621 2183 2675 ιατά
2228 2621 2408 2675 πάντα
2449 2621 2650 2693 τρόπον
2693 2615 2840 2676 οὗτοι
2886 2621 3375 2692 καταισχυνθῶσιν,
3406 2624 3457 2675 οἱ
3498 2623 3630 2685 τοὺς

353 2712 594 2769 Adamus
645 2714 933 2786 utriusque
968 2732 1133 2774 sexus
1173 2719 1377 2775 liberos
1428 2723 1784 2793 suscepisset,
1842 2737 1940 2777 ne-

2057 2710 2250 2782 μύθους
2293 2711 2373 2783 τῷ
2417 2711 2517 2782 βίῳ
2548 2712 2987 2784 ῥαψρδήσαντες.
3018 2711 3125 2765 Τοῦ
3155 2712 3265 2783 γὰρ
3295 2712 3474 2783 Ἀδὰμ
3502 2729 3631 2781 γεν-

354 2818 509 2859 cesse
535 2819 634 2874 per
665 2806 755 2859 illa
787 2814 1029 2878 tempora
1059 2808 1182 2877 fuit,
1222 2820 1281 2867 ut
1314 2813 1408 2867 lilii
1439 2813 1783 2869 matrimonia
1812 2828 1939 2868 cum

2057 2809 2306 2879 νήσαντες
2339 2806 2487 2870 υἱοὺς
2513 2806 2609 2860 καὶ
2649 2804 2981 2877 θυγατέρας,
3012 2805 3228 2875 ἀνάγκη
3273 2805 3466 2874 γέγονε
3506 2806 3632 2858 κατ’

353 2894 635 2950 sororibus
661 2896 882 2953 inirent.
919 2897 1105 2970 Neque
1140 2901 1193 2957 id
1223 2910 1342 2958 erat
1381 2903 1733 2960 interdictum
1762 2925 1775 2961 :
1809 2921 1937 2977 pro-

2057 2900 2221 2952 ὲκείνο
2252 2896 2448 2969 καιροῦ
2482 2895 2741 2967 ἀδελφαῖς
2774 2899 2895 2961 ταῖς
2937 2896 3097 2960 ἰδίαις
3132 2894 3469 2967 ωναφθῆναι
3504 2896 3636 2959 τοὺς
3680 2936 3705 2959 .

355 2994 537 3056 pterea
577 2989 721 3059 quod
774 3005 947 3060 genus
993 2994 1141 3048 aliud
1193 3002 1312 3050 erat
1364 2996 1648 3052 hominum
1703 3000 1936 3054 nullum.

2057 2989 2262 3054 παῖδας.
2296 2989 2371 3043 Οὐ
2402 2987 2511 3060 γὰρ
2539 2983 2608 3060 ἦν
2632 2986 2949 3059 παράνομον
2973 2987 3036 3041 τὸ
3061 2986 3304 3041 τοιοῦτον
3329 3004 3343 3018 ·
3376 2987 3500 3040 ἐπεὶ
3525 3004 3636 3058 μη-

355 3077 496 3143 Quin
519 3079 684 3134 etiam
704 3080 949 3138 Adamus
971 3082 1090 3154 ipse
1105 3100 1230 3140 cum
1263 3102 1383 3154 sua,
1420 3095 1481 3143 ut
1510 3089 1583 3144 ita
1607 3088 1809 3154 dicam,
1838 3089 1941 3145 lilia

2057 3082 2133 3136 Βὲν
2156 3083 2343 3154 ἕτερον
2369 3081 2526 3151 γένος
2550 3076 2639 3150 ἦν.
2662 3081 2775 3136 Καὶ
2809 3079 2920 3151 γὰρ
2949 3079 3042 3134 καὶ
3071 3080 3255 3143 αὐτὸς,
3281 3079 3359 3142 ὼς
3391 3078 3522 3142 ἔπος
3554 3079 3637 3131 εξ-

355 3172 887 3242 conjugio'sociatus
933 3185 1038 3244 est,
1066 3195 1230 3249 quam
1270 3180 1340 3236 de
1370 3182 1492 3251 ejus
1535 3198 1766 3254 corpore
1801 3184 1945 3241 Deus

2057 3176 2193 3239 πεῖν,
2222 3176 2251 3228 ὁ
2292 3173 2467 3244 ’Δδάμ
2490 3174 2556 3246 τῇ
2589 3172 2697 3245 ἰδίᾳ
2727 3170 2961 3243 θυγατρὶ
2987 3170 3174 3242 σχεδὸν
3203 3173 3269 3242 τῇ
3300 3172 3365 3224 ἐκ
3399 3169 3495 3224 τοῦ
3527 3168 3637 3222 σώ-

356 3261 638 3319 rllin‘xerat
670 3283 685 3320 :
723 3265 878 3322 nefas
906 3268 1054 3322 enim
1099 3268 1232 3324 illud
1279 3286 1388 3325 non
1432 3280 1570 3328 erat.
1603 3273 1671 3327 Et
1697 3289 1765 3330 ex
1796 3274 1945 3331 illius

2057 3282 2218 3337 ματος
2241 3264 2408 3319 αὑτοῦ
2451 3262 2753 3335 πλασθείτῃ
2780 3260 3049 3333 συνήφθη,
3078 3260 3221 3315 κατά
3246 3260 3510 3330 συζυγίαν
3538 3260 3639 3314 αὑ-

360 3353 567 3420 liheris,
596 3354 798 3414 Cainus
824 3373 1068 3416 sororem
1091 3373 1223 3417 natu
1252 3363 1514 3433 majorem
1547 3366 1724 3433 duxit,
1750 3365 1947 3423 Savem

2057 3356 2126 3430 τῷ
2153 3359 2219 3411 ὲκ
2242 3355 2380 3411 Θεοῦ
2417 3354 2798 3426 πεπλασμένῃ,
2829 3353 2923 3407 καὶ
2950 3353 3052 3407 οὐκ
3087 3349 3158 3425 ἦν
3201 3353 3520 3426 παράνομον
3539 3372 3552 3384 ο
3583 3356 3643 3408 οἴ

362 3445 601 3502 nomine.
636 3446 840 3506 Sethus
882 3466 1046 3521 porro
1081 3451 1275 3508 Adami
1322 3454 1557 3511 ﬁliorum
1591 3459 1788 3513 tertius
1823 3465 1949 3529 post

360 3535 593 3590 Abelum
622 3538 840 3606 genitus
870 3555 994 3595 cum
1039 3542 1144 3597 alia
1174 3558 1365 3601 sorore
1403 3547 1584 3602 Azura
1620 3548 1950 3617 coniunctus

362 3633 467 3682 est.
508 3625 753 3684 Fuerunt
777 3638 832 3687 et
863 3632 954 3687 alii
999 3633 1213 3691 Adamo
1245 3636 1424 3702 liberi,
1453 3649 1510 3694 ut
1548 3640 1601 3694 in
1653 3639 1826 3696 Parva
1860 3641 1951 3696 illa
2028 3636 2033 3647 ’

364 3718 564 3775 Genesi
628 3723 899 3794 scriptum
962 3732 1070 3791 est,
1126 3743 1320 3784 novem
1382 3731 1595 3786 scilicet
1652 3734 1952 3789 secundum

306 3880 319 3889 κ
366 3811 578 3882 priores
601 3812 725 3870 illos
747 3821 881 3881 tres,
911 3824 973 3872 ut
1001 3817 1058 3873 in
1085 3828 1258 3875 totum
1284 3821 1425 3879 ﬁlias
1442 3823 1602 3890 duas,
1623 3839 1802 3882 mares
1826 3825 1957 3882 ιιιιοο

366 3903 545 3959 decim
579 3908 914 3978 susceperit;
946 3925 978 3964 e
1009 3910 1211 3981 quibus
1247 3914 1465 3969 occisus
1505 3930 1668 3981 unus,
1702 3917 1955 3974 undecim

368 3998 693 4067 superstites
722 4001 899 4057 relicti
924 4012 1072 4059 sunt.
1100 4004 1234 4070 Quae
1256 4006 1442 4061 omnia
1474 4006 1528 4062 in
1558 4008 1743 4063 mundi
1770 4007 1956 4083 Origi-

276 4134 283 4141 .
369 4089 552 4155 nibus,
586 4106 651 4147 ac
688 4093 869 4162 primo
894 4093 1062 4150 Mosis
1102 4098 1379 4153 volumine
1411 4098 1497 4155 his
1529 4101 1712 4156 verbis
1747 4102 1959 4173 signin-

368 4189 607 4236 cantur:
648 4182 717 4236 Et
740 4185 868 4239 vixit
912 4185 1089 4242 Adam
1111 4188 1265 4242 annis
1308 4192 1587 4259 nongentis
1638 4193 1879 4263 triginta,
1906 4202 1958 4248 et

334 4314 339 4325 .
370 4273 552 4342 genuit
578 4274 722 4344 ﬁlios
741 4284 793 4329 et
815 4276 983 4346 ﬁlias,
1012 4286 1064 4333 ct
1101 4288 1342 4335 mortuus
1380 4289 1460 4335 est
1488 4281 1531 4335 ⁸.

410 4494 425 4499 ⁷
443 4535 615 4607 288
638 4532 750 4590 Vll.
781 4501 1047 4595 Caeterum
1073 4541 1405 4613 ampliﬁcato
1425 4543 1707 4602 hominum
1739 4563 1959 4620 genere,

2049 3469 2108 3506 τε
2134 3450 2325 3505 τούτου
2354 3448 2463 3503 υἱοὶ
2491 3446 2843 3520 συνήφθησαν
2867 3448 2896 3500 δ
2934 3447 3032 3518 μὲν
3065 3447 3206 3502 Κάἳν
3238 3449 3307 3519 τῇ
3334 3446 3540 3520 ἀδελφῇ
3571 3451 3639 3520 τῇ

2055 3543 2260 3614 μείζονι
2307 3540 2476 3614 Σαυὴ,
2503 3539 2646 3594 οὕτω
2670 3539 3003 3612 καλουμένῃ,
3031 3541 3060 3594 ὁ
3089 3541 3148 3595 δὲ
3171 3539 3280 3613 Σὴθ
3309 3538 3496 3612 τρίτος
3529 3539 3647 3603 uio;

2059 3635 2201 3709 μετά
2228 3635 2320 3690 τὸν
2347 3633 2516 3689 Ἀϐελ
2546 3632 2833 3706 γεννηθεὶς
2861 3636 2928 3705 τῇ
2952 3632 3222 3705 λεγομένῃ
3246 3629 3412 3686 αὑτοῦ
3442 3631 3645 3703 ἀδελφῇ

2067 3728 2316 3801 Ἀζουρᾷ.
2348 3727 2612 3797 Γεγόνασι
2639 3726 2696 3780 δὲ
2721 3725 2801 3798 τῷ
2825 3725 3001 3797 Ἀδὰμ
3030 3726 3124 3781 καὶ
3155 3725 3307 3781 ἄλλοι
3336 3725 3468 3788 υἱοὶ,
3501 3723 3580 3786 ὼς
3610 3726 3643 3793 ἡ

2056 3818 2242 3893 Λεπτὴ
2276 3819 2496 3883 Γένεσις
2528 3817 2795 3891 περιέχει,
2825 3818 2983 3873 ὲννέα
3020 3817 3159 3889 μετά
3185 3818 3314 3881 τοὺς
3340 3818 3490 3887 τρεῖς
3515 3814 3645 3868 τού-

2057 3930 2183 3976 τους
2203 3928 2217 3945 ο
2250 3911 2327 3977 ὡς
2363 3908 2501 3966 εἶναι
2542 3911 2693 3983 αὐτῷ
2714 3910 2809 3966 δύο
2837 3912 2936 3982 μὲν
2968 3909 3295 3983 θυγατέρας,
3318 3909 3559 3982 ἄρρενας
3587 3909 3647 3962 δὲ

2059 4002 2288 4058 δεκαδύο
2308 4019 2321 4034 ·
2355 4002 2452 4056 ἕνα
2487 4003 2588 4075 μὲν
2619 4003 3053 4068 ἀποκτανθέντα,
3093 4003 3285 4058 ἕνδεκα
3320 4002 3379 4055 δὲ
3413 4000 3655 4074 περιλει-

2063 4095 2295 4164 φθέντας
2319 4095 2397 4168 τῷ
2427 4095 2744 4168 βίῳ.Ἔχεις
2764 4096 2822 4150 δὲ
2853 4096 2949 4150 καὶ
2980 4095 3185 4150 τούτων
3208 4095 3308 4167 τὴν
3332 4094 3573 4166 ἔμφασιν
3592 4096 3649 4148 ἐν

2062 4189 2129 4259 τῇ
2154 4187 2375 4241 Γενέσει
2402 4186 2496 4241 τοῦ
2522 4187 2756 4260 κόσμου,
2787 4187 2879 4242 καὶ
2905 4186 3099 4259 πρώτῃ
3123 4186 3291 4259 βίϐλῳ
3316 4187 3471 4260 παρὰ
3493 4188 3648 4242 Monii-

2066 4280 2149 4332 σεϊ
2187 4277 2333 4333 οὕτω
2375 4278 2688 4351 φασκούσῃσ
2720 4279 2832 4333 Καὶ
2854 4277 3070 4346 ἔζησεν
3108 4276 3284 4351 Ἀδὰμ
3328 4277 3433 4347 ἔτη
3476 4277 3650 4333 ἐννα-

2066 4372 2247 4425 κόσια
2268 4369 2609 4439 τριάκοντα,
2641 4370 2741 4425 καί
2766 4369 3100 4439 ἐγέννησεν
3135 4366 3307 4436 υἱοὺς
3344 4365 3445 4422 καί
3474 4372 3665 4437 θυγα-

2066 4461 2262 4531 τέρας,
2293 4461 2395 4517 καὶ
2429 4460 2713 4518 ἀπέθανε.
3170 4484 3175 4487 ·

2139 4555 2214 4610 κ’.
2256 4552 2678 4608 Πλατυνθέντων
2725 4552 2784 4606 δὲ
2809 4552 2919 4607 τῶν
2945 4549 3246 4624 ἀνθρώπων
3278 4550 3416 4624 (5i),
3439 4551 3651 4622 καὶτῆς

374 4638 646 4700 auctoque
675 4637 1022 4700 posterorum
1050 4632 1246 4690 Adami
1290 4636 1543 4703 numero,
1585 4638 1947 4698 honestissim‘

2069 4649 2263 4717 γενεᾶς
2292 4645 2387 4700 τοῦ
2409 4646 2582 4718 ’Δδάμ
2606 4644 3082 4718 ὲπεκτεινομένης,
3117 4648 3152 4717 ἡ
3177 4644 3435 4718 ἀκρίϐεια
3460 4646 3495 4716 ἡ
3518 4644 3651 4699 κατά

374 4722 709 4778 matrimonii
723 4722 916 4793 pudori
932 4726 1366 4785 accuratioribus
1382 4730 1640 4801 paulatim
1654 4731 1864 4803 legibus
1876 4742 1947 4790 est

2070 4716 2162 4794 τὸν
2199 4738 2379 4810 γάμον
2408 4737 2499 4793 τὸν
2534 4716 2730 4809 σεμνὸν
2769 4716 3099 4793 ἐπλατύνετο
3141 4716 3389 4810 καθεξῆς
3428 4735 3646 4809 προϐαίο

374 4813 710 4893 consultum.
731 4812 836 4871 Ubi
861 4815 1006 4885 enim
1022 4816 1233 4874 Adamo
1267 4818 1361 4875 lilii
1396 4835 1463 4876 ac
1489 4830 1716 4893 nepotes
1756 4823 1969 4895 obtige-

377 4916 623 4976 runt;ex
660 4907 835 4979 iisque
853 4909 977 4967 ﬁliae
990 4912 1207 4982 generis
1234 4915 1589 4973 successione
1621 4926 1963 4990 procreatae;

376 5006 495 5054 tum
510 4999 729 5055 demum
748 5016 970 5058 sorores
992 5004 1047 5058 in
1065 5004 1416 5060 matrimonio
1435 5006 1640 5064 habere
1654 5024 1765 5065 non
1783 5009 1964 5069 licuit.

378 5089 569 5163 Itaque
609 5094 696 5149 vel
724 5100 853 5149 ante
877 5093 1141 5166 scriptam
1178 5110 1209 5150 a
1251 5095 1436 5169 Moyse
1461 5095 1660 5170 Legem
1706 5099 1968 5158 honesta-

2072 4847 2260 4885 νουσα.
2288 4829 2401 4885 Καὶ
2425 4829 2659 4902 ἐπείπερ
2699 4829 2956 4898 γεγόνασι
2986 4829 3177 4893 παῖδες
3216 4829 3295 4901 τῷ
3325 4827 3519 4901 Ἀδὰμ,
3562 4825 3653 4881 καὶ

2074 4923 2262 4986 παῖδες
2299 4921 2504 4977 παίδων
2524 4938 2540 4953 ο
2569 4920 2867 4994 θυγατέρες
2897 4921 2955 4976 δὲ
2985 4924 3051 4976 ὲκ
3079 4921 3284 4977 τούτων
3308 4923 3452 4977 κατά
3488 4921 3647 4976 διαδο-

2073 5013 2175 5085 χὴν
2211 5011 2403 5083 γένους
2434 5011 2803 5085 ἐγεννήθησαν
2821 5029 2836 5044 ο
2872 5011 3059 5066 λοιπὸν
3103 5011 3289 5066 οὐκέτι
3332 5015 3433 5077 τάς
3476 5012 3657 5066 αὐτῶν

2073 5103 2311 5175 ἀδελφὰς
2344 5105 2482 5176 πρὸς
2508 5103 2688 5183 γάμον
2708 5104 2924 5176 ἡγοντο.
2942 5101 3104 5157 Ἀλλά
3132 5105 3214 5168 εἰς
3245 5103 3505 5175 εὐνομίαν
3526 5119 3656 5156 κατ-

453 5249 471 5281 ¹
498 5246 633 5305 Gen.
669 5265 744 5318 tv,
773 5250 826 5306 Ι.
900 5253 922 5285 ²
960 5251 1093 5309 ibid.
1172 5254 1193 5286 ³
1223 5255 1355 5311 ibid.
1389 5256 1444 5311 2.
1518 5256 1542 5289 ⁵
1574 5258 1707 5316 ibid.
1743 5259 1833 5317 25.
1908 5263 1931 5295 ⁸

2057 5282 2090 5320 ι.
2123 5280 2177 5329 ν,
2207 5265 2264 5322 4.

451 5366 565 5446 (Eii)
622 5367 1092 5446 ιζλαυυνθᾷντων
1144 5370 1214 5446 δε
1261 5372 1381 5427 τῶν
1432 5374 1780 5444 ἀνθρώπων.
1824 5376 1956 5434 Haec

380 5436 601 5519 quide
642 5436 931 5508 Epiphanii
962 5441 1232 5519 sententia
1264 5436 1666 5519 est_,_quar'n__et
1698 5448 1962 5519 Augusti-

385 5507 490 5584 nns
649 5507 763 5562 xim
792 5520 937 5566 cont.
967 5508 1167 5584 aust.
1212 5528 1332 5584 cap.
1359 5507 1451 5578 55,
1479 5523 1534 5569 et
1566 5507 1959 5576 Hieronfcont.

392 5575 601 5630 "eluid.
647 5587 872 5655 tuentur
904 5596 918 5633 :
951 5575 1545 5655 Abrahami'tempore
1606 5575 1967 5645 nefasl'uisse

389 5658 609 5722 sorores
652 5662 720 5700 ex
757 5651 930 5722 altero
970 5660 1197 5722 parente
1237 5651 1460 5709 ducere.
1506 5655 1613 5710 Sed
1662 5659 1965 5713 reclamant

392 5713 635 5783 plerique
655 5754 668 5781 ,
700 5718 792 5785 qui
825 5713 1016 5775 Sarain
1047 5721 1340 5779 Abrahami
1369 5739 1615 5783 sororem
1644 5726 1818 5787 fuisse
1847 5745 1960 5787 non

2065 5383 2340 5458 dubitant,
2376 5381 2527 5458 quod
2550 5390 2605 5439 et
2637 5379 2987 5458 Abrahamus
3013 5378 3150 5450 ipse,
3174 5378 3431 5458 Genua,
3457 5377 3653 5458 diserte

2067 5455 2377 5532 proﬁtetur.
2395 5448 2539 5532 'lm_<_)_
2553 5469 2684 5509 vero
2706 5462 2780 5532 ειΔ
2796 5448 3297 5532 Davidis;tempore
3326 5448 3566 5532 fortasse
3591 5450 3652 5501 Ii-

2065 5519 2198 5580 cuit.
2227 5526 2442 5596 Alioqui
2477 5524 2718 5579 Thamar
2751 5521 2966 5576 Amnon
3024 5519 3180 5575 fratri
3208 5537 3332 5596 _suo
3374 5536 3485 5596 non
3513 5519 3653 5596 dice-

2066 5605 2169 5663 ret,
2203 5589 3007 5674 utAse'conjugeni_a_parentc
3040 5591 3343 5674 postularet
3377 5630 3391 5659 ,
3437 5589 3481 5646 ll
3528 5589 3653 5660 licg.

2072 5684 2228 5725 xxiii.
2260 5664 2585 5740 Quanquam
2614 5665 2729 5723 scio
2754 5664 2869 5720 haec
2907 5664 3064 5719 aliter
3094 5664 3293 5735 accipi.
