3960 6136
339 324 444 377 875
979 320 1351 378 ADVERSUS
1391 319 1732 376 IIIERESES
1770 319 1900 377 LIB.

2039 318 2190 376 ΙῸΜ.
2231 320 2318 376 Ill.
2360 351 2428 360 —
2469 319 2743 378 ΠᾸΞΠΕΒ.
2788 320 3032 379 XXXIX.
3527 314 3632 373 (ὶῖῦ

339 438 488 506 ἐστη,
526 432 621 487 καὶ
668 431 775 504 πρδ
825 433 919 488 τοῦ
961 433 1050 487 διὰ
1081 435 1364 498 ’Μωῦσέως
1405 435 1684 506 ἐγγράφου
1715 419 1882 508 νύμου
1911 437 1936 489 ὁ

2044 450 2165 488 rum
2196 434 2514 506 nuptiarum
2564 443 2744 491 status
2774 437 2996 506 optimis
3025 433 3261 489 decretis
3301 437 3635 490 constitutus

338 526 479 580 κατὰ
516 525 610 578 τὸν
645 525 844 595 σεμνὸν
867 526 1044 595 γάμον
1079 525 1280 596 θεσμός
1300 542 1314 555 ⁸
1347 526 1442 580 καὶ
1475 527 1539 579 ἑκ
1567 526 1676 579 τῶν
1719 543 1934 598 πατρα-

2039 533 2144 580 est.
2180 525 2322 596 Ergo
2350 524 2713 582 consobrinas
2742 527 2942 583 ducere
2970 543 3089 582 mos
3121 525 3240 580 fuit.
3277 526 3392 591 Qua
3420 527 3632 582 ratione

336 617 548 686 δέλφων
576 615 758 669 αὐτῶν
801 615 898 680 τὰς
927 617 1172 688 γαμετὰς
1197 617 1406 672 ἑαυτῶν
1437 619 1649 689 ἤγοντο.
1689 619 1799 672 Καὶ
1845 620 1936 673 οῦ-

2042 616 2248 672 l‘actum
2279 625 2365 674 est
2389 627 2471 684 ut,
2495 619 2870 690 multiplicatis
2890 619 3224 684 hominibus,
3253 620 3360 673 duo
3385 619 3439 674 in
3459 633 3631 674 unum

341 725 418 760 τω
445 705 867 778 πλατυνομένων
900 707 1025 778 ἄρτι
1059 709 1166 762 τῶν
1198 708 1501 782 ἀνθρώπων
1545 711 1711 782 ἑμίγη
1750 711 1820 764 τὰ
1845 711 1936 765 δύο

2040 723 2238 780 genera
2275 708 2662 774 miscerentur,
2697 709 2855 766 Caini
2885 710 3137 766 videlicet
3177 728 3240 766 ac
3276 710 3462 777 Sethi;
3513 719 3628 764 tum

337 799 492 871 γένη,
528 799 622 853 τοῦ
666 817 726 852 τε
761 801 902 854 Κάῖν
939 800 1078 874 πρὸς
1106 801 1168 855 τὸ
1197 802 1354 871 γένος
1380 803 1475 856 τοῦ
1509 804 1644 875 Σὴθ,
1696 804 1792 857 καλ⁸
1839 803 1934 858 τοῦ

339 891 447 962 Σὴο
483 891 620 963 πρὸς
648 890 896 963 θάτερον,
925 891 1020 947 καὶ
1057 893 1125 946 τὰ
1170 893 1304 948 ἄλλα
1330 895 1441 949 τῶν
1475 897 1606 950 υἱῶν
1643 895 1737 949 τοῦ
1765 896 1938 967 Ἀδὰμ

339 982 494 1052 γένη.
513 981 792 1036 Ἐντεῦθεν
814 983 998 1036 λοιπὸν
1019 983 1114 1037 τοῦ
1137 985 1526 1057 κατακλυσμοῦ
1553 987 1724 1059 ἄρδην
1745 987 1806 1041 τὸ
1828 990 1937 1041 πᾶν

339 1072 442 1143 τῆς
471 1071 714 1136 στάσεως
755 1073 865 1126 τῶν
915 1074 1220 1147 ἀνθρώπων
1245 1077 1633 1142 ἀπολέσαντος,
1658 1077 1930 1148 διαπεφύοο

279 1229 286 1235 _
341 1164 537 1218 λακται
569 1164 729 1235 μόνος
753 1165 876 1218 Νῶε
907 1166 1084 1238 εὑρὼν
1101 1169 1264 1239 ,χάριν
1292 1168 1443 1240 παρὰ
1465 1168 1544 1240 τῷ
1570 1168 1708 1240 Θεῷ,
1729 1171 1939 1234 δίκαιος

342 1255 588 1326 εὑρεθεὶς
620 1256 680 1310 ἑν
708 1257 775 1326 τῇ
804 1256 926 1310 κατ’
952 1259 1130 1311 ἐκεῖνο
1156 1258 1349 1328 καιροῦ
1379 1262 1561 1332 γενεᾷ.
1592 1261 1857 1331 Δάρνακα
1879 1260 1936 1314 δὲ

343 1348 574 1402 κατὰτὰ
608 1348 712 1419 ἤδη
745 1350 1010 1421 πρότερον
1045 1352 1178 1421 ἡμῖν
1221 1353 1488 1423 εἰρημένα
1532 1352 1938 1407 κατεσκεύασεν

343 1438 525 1511 ἑαυτῴ
554 1441 618 1494 ἑκ
650 1441 1075 1512 προστάγματος
1115 1441 1273 1508 Θεοῦ,
1308 1445 1384 1508 ὠς
1411 1445 1630 1515 ἔχουσιν
1659 1446 1715 1498 αἱ
1745 1443 1933 1514 ἀληθι-

342 1530 432 1582 ναὶ
460 1530 694 1601 Γραφαί.
726 1531 814 1583 Ἐν
942 1531 1305 1586 διασεσῶσθαι
1353 1535 1386 1604 ή
1435 1533 1572 1605 αὐτὴ
1616 1534 1813 1602 φάσκει
1838 1533 1938 1603 τῆς

356 1621 640 1692 ’Λληθείας
670 1621 852 1691 βίϐλος
880 1623 1043 1676 αὐτόν
1066 1641 1126 1676 τε
1157 1624 1250 1676 καὶ
1279 1625 1380 1688 τὰς
1408 1627 1814 1697 προειρημένας
1841 1627 1938 1680 αύ-

341 1716 419 1787 τῷ
452 1718 567 1788 ἅμα
593 1717 732 1770 ἑπτά
760 1716 937 1786 ψυχάς
959 1733 973 1748 ο
1008 1719 1151 1788 φημὶ
1187 1718 1244 1772 δὲ
1280 1720 1379 1790 τήν
1415 1735 1474 1772 τε
1507 1719 1650 1774 ἱδὶαν
1681 1721 1934 1789 σύζυγον,

2041 799 2303 869 deinceps
2337 800 2562 871 reliqua
2595 801 2830 858 tiliOrum
2867 801 3058 856 Adami
3086 804 3284 874 stirpes
3311 804 3626 874 promiscue

2035 892 2420 964 iungerentur.
2463 894 2660 950 Postea
2705 911 2831 950 cum
2877 910 3143 965 aquarum
3186 897 3484 950 exundatio
3525 895 3628 950 huc

2039 985 2187 1039 niani
2227 986 2444 1056 generis
2474 994 2676 1041 statum
2731 985 2976 1043 funditus
3021 987 3334 1050 delevisset,
3369 1003 3513 1043 unus
3561 1003 3629 1042 ex

2041 1077 2298 1132 omnibus
2335 1075 2575 1132 Noemus
2605 1085 2856 1134 servatus
2887 1086 2994 1144 est,
3040 1079 3130 1148 qui
3173 1077 3450 1148 gratiosus
3484 1078 3629 1145 apud

2044 1163 2210 1220 Deum
2261 1167 2567 1232 exstiterat,
2627 1167 2770 1237 quod
2805 1175 2966 1223 atate
3011 1183 3108 1223 sua
3140 1167 3328 1237 justus
3365 1175 3510 1222 esset
3555 1168 3634 1221 in-

2039 1266 2252 1312 ventus.
2291 1257 2411 1322 llic,
2442 1267 2500 1311 ut
2533 1266 2659 1314 ante
2692 1259 3141 1322 memoravimus,
3175 1273 3358 1312 arcam
3391 1257 3494 1312 sibi
3523 1256 3638 1312 Deo

2033 1347 2266 1418 jubente
2320 1349 2624 1405 fabricatus
2671 1358 2790 1416 est,
2848 1350 3311 1419 quemadmodum
3370 1362 3631 1418 germana

2038 1439 2237 1494 divina
2269 1439 2403 1511 legis
2452 1441 2794 1496 monimenta
2845 1447 3138 1496 testantur.
3170 1441 3285 1508 Qua
3318 1440 3536 1510 quidem
3579 1439 3635 1493 in

2039 1543 2165 1584 arca
2194 1539 2470 1584 servatum
2499 1529 2761 1585 Noemum
2789 1531 2842 1585 in
2865 1532 3054 1586 eodem
3080 1532 3307 1586 sincera
3331 1530 3634 1600 Scriptum:
3661 1549 3664 1551 λ

2039 1623 2321 1676 volumine
2367 1622 2642 1692 proditum
2693 1631 2800 1690 est,
2836 1638 2962 1678 cum
3007 1637 3181 1693 eoque
3237 1631 3464 1692 septem,
3512 1637 3635 1691 quae

2041 1721 2168 1768 ante
2200 1714 2628 1778 nominavimus,
2654 1716 2856 1785 capita,
2887 1716 2988 1770 hoc
3028 1723 3112 1771 est
3143 1715 3431 1786 coniugem
3458 1714 3633 1784 ipsius

342 1814 439 1866 καὶ
481 1813 608 1875 τοὺς
650 1813 800 1882 τρεῖς
841 1812 1028 1877 υἱοὺς,
1068 1811 1332 1879 γυναῖκάς
1374 1828 1435 1864 τε
1489 1811 1696 1865 τούτων
1735 1812 1936 1883 ὁμοίως

2040 1822 2168 1862 cum
2225 1808 2403 1862 tribus
2444 1807 2656 1870 liberis,
2704 1822 2769 1861 ac
2823 1807 3048 1862 tOtidem
3104 1822 3294 1862 eorum
3344 1806 3632 1861 uxoribus.

343 1907 511 1975 τρεῖς.
531 1905 627 1956 Ἐκ
659 1903 849 1956 τούτου
893 1903 950 1956 δὲ
996 1903 1224 1974 λείψανα
1269 1903 1604 1974 γεγενῆσθαι
1642 1905 1744 1974 τῆς
1795 1905 1937 1960 κατὰ

345 1997 435 2051 τὸν
466 1996 752 2068 ἄνθρωπον
794 1996 1107 2060 συστάσεως
1142 1998 1199 2050 ἑν
1229 1997 1420 2067 κόσμῳ
1452 1997 1615 2050 πάλιν
1645 1998 1678 2068 ἠ
1709 1996 1938 2068 ἀλήθεια

345 2088 680 2159 συνίστησιν.
710 2087 872 2142 Ὅθεν
919 2087 1062 2140 κατὰ
1109 2087 1300 2156 γενεὰν
1348 2087 1790 2160 προϐαινόντων,
1842 2089 1938 2142 καὶ

343 2179 488 2234 κατὰ
517 2179 769 2250 διαδοχὴν
795 2177 913 2232 υἱοῦ
941 2179 1152 2252 πατέρα
1190 2179 1594 2250 διαδεχομένου,
1622 2180 1703 2243 εἱς
1744 2179 1938 2247 γενεὰς

342 2273 506 2326 πέντε
540 2274 569 2325 ὁ
595 2270 730 2326 αἱὼν
743 2261 748 2266 ’
760 2271 1012 2342 ἑλήλακε.

417 2361 520 2416 Καὶ
569 2362 759 2431 γέγονε
814 2364 931 2417 κατ’
959 2363 1132 2415 ἑκεῖνο
1177 2361 1371 2434 καιροῦ
1419 2363 1452 2435 ἡ
1492 2362 1593 2433 τῆς
1620 2362 1937 2428 Βαϐυλῶνος

343 2453 522 2516 κτίσις
551 2453 608 2506 ἐν
638 2456 706 2524 τῇ
736 2453 844 2507 τῶν
873 2453 1179 2526 Ἀσσυρίων
1205 2457 1299 2526 γῇ,
1335 2454 1430 2507 καὶ
1461 2455 1490 2507 ὀ
1517 2455 1608 2506 ὑπ’
1638 2453 1818 2508 αὐτῶν
1855 2455 1936 2508 οἱ·-

342 2544 670 2616 κοδομηθεὶς
720 2545 842 2598 τότε
888 2541 1308 2618 πύργοςῘἯσαν
1354 2545 1412 2599 δὲ
1460 2545 1601 2599 κατὰ
1632 2544 1820 2600 τοῦτον
1847 2545 1937 2599 τὸν

343 2635 556 2706 καιρὸν,
593 2635 668 2698 ὡς
700 2634 800 2706 ἤδη
830 2635 888 2689 ἑν
916 2637 1036 2698 ταῖς
1071 2635 1337 2708 πρότερον
1379 2633 1625 2704 αἱρέσεσι
1667 2633 1934 2705 διηγησά-

345 2746 477 2800 μην,
507 2728 648 2782 κατὰ
677 2729 769 2782 τὸν
800 2729 990 2801 εἱρμὸν
1015 2729 1124 2783 τῶν
1153 2729 1266 2784 ἄνω
1299 2745 1389 2799 μοι
1432 2727 1636 2796 γενεῶν
1667 2744 1935 2799 πραγμα-

341 2820 638 2875 τευθεισῶν
667 2822 716 2874 οἱ
751 2821 954 2886 πάντες
987 2819 1452 2893 ἑϐδομηκονταδύο
1479 2820 1672 2892 ἄνδρες
1704 2819 1798 2873 τὸν
1827 2819 1942 2890 ἀρι-

277 2973 298 2992 .
341 2911 504 2982 θμδν,
533 2912 766 2982 ἀρχηγοὶ
799 2927 857 2964 τε
891 2910 986 2964 καὶ
1026 2909 1419 2978 κεφαλαιῶται,
1447 2908 1542 2961 τοῦ
1573 2909 1669 2980 μὲν
1697 2909 1830 2980 Χὰμ
1853 2909 1941 2978 γέ-

342 3017 468 3062 νους
517 2999 928 3071 τριακονταδύο,
960 2999 1055 3052 καὶ
1095 2997 1189 3052 τοῦ
1226 2999 1345 3070 Σὴμ
1379 2999 1700 3064 δεκαπέντε,
1740 2998 1834 3053 τοῦ
1881 3000 1938 3053 δὲ

321 3111 330 3117 ο
356 3089 534 3160 ἰάφεθ
567 3092 904 3145 εἰκοσιπέντε
924 3091 962 3148 ⁸.
995 3091 1105 3145 Καὶ
1131 3089 1304 3154 οὕτως
1333 3093 1362 3144 ὁ
1391 3090 1602 3162 πύργος
1640 3091 1734 3144 καὶ
1764 3091 1797 3162 ή
1829 3091 1937 3144 Βα-

342 3181 520 3235 ϐυλὼν
565 3183 913 3251 ἑγένετο.Ἐκ
948 3181 1155 3235 τούτων
1191 3182 1570 3254 διεσπάρησαν
1613 3181 1708 3235 ἐπὶ
1755 3183 1952 3256 πᾶσαν

341 3275 441 3346 τὴν
471 3274 572 3344 γῆν
599 3273 761 3342 φυλαί
796 3291 853 3328 τε
883 3275 978 3328 καὶ
1009 3274 1276 3344 γλῶσσαι.
1309 3275 1421 3328 Καὶ
1450 3274 1681 3347 ἐπείπερ
1714 3277 1764 3328 οἱ
1791 3275 1941 3329 ἑϐδοο

346 3365 686 3435 μηκονταδύο
739 3365 860 3419 τότε
923 3367 1016 3420 τὸν
1079 3365 1288 3437 πύργον
1354 3366 1764 3437 οἰκοδομοῦντες
1819 3370 1940 3432 ταῖς

345 3455 620 3524 γλώσσαις
646 3457 1106 3530 διεσκεδάσθησαν
1140 3457 1519 3530 συγχυθέντες,
1557 3459 1648 3512 καὶ
1674 3459 1782 3512 άπὸ
1809 3461 1941 3530 μιᾶς

340 3541 411 3619 ἧς
439 3548 634 3618 ᾔδεσαν
679 3550 1114 3620 ἑμπνευσθέντες
1159 3553 1223 3604 ἑκ
1255 3549 1389 3604 Θεοῦ
1420 3550 1747 3623 βουλήσεως,
1784 3539 1942 3615 ἄλλος

341 3638 512 3710 ἄλλην
538 3640 858 3710 ἐσχήκασιν.
878 3639 969 3707 Ἐξ
987 3633 1172 3713 ὧνπερ
1196 3642 1291 3695 καὶ
1316 3642 1476 3712 μέχρι
1505 3641 1720 3714 δεῦροή
1751 3641 1943 3697 σύστα-

343 3745 429 3795 σις
464 3730 572 3784 τῶν
616 3731 815 3786 λαλιῶν
855 3732 1176 3805 ἐνέστηκεν·
1208 3731 1349 3788 ῶστε
1382 3733 1693 3806 βουλομένῳ
1728 3735 1939 3790 ἔνεστιν

347 3824 527 3895 εὑρεῖν
548 3825 775 3880 ἕκαστον
805 3826 1045 3898 ἀρχηγὸν
1069 3827 1307 3898 ἑκάστης
1334 3827 1588 3899 γλώσσης
1607 3845 1619 3857 ·
1650 3827 1725 3892 ὡς
1747 3827 1938 3882 ’Ῑωυὰν

348 3917 449 3988 μὲν
502 3916 601 3989 τὴν
643 3917 922 3990 Ἑλληνίδα
975 3919 1152 3991 ἔσχεν,
1187 3920 1246 3984 ἑξ
1278 3912 1450 3991 οὗπερ
1491 3921 1586 3974 καὶ
1618 3922 1804 3985 Ἴωνες
1843 3921 1937 3977 κέ-

343 4011 591 4082 κληνται,
612 4013 660 4064 οἱ
685 4012 785 4083 τὴν
811 4011 1050 4067 παλαιὰν
1077 4012 1330 4082 γλῶσσαν
1362 4013 1472 4066 τῶν
1499 4013 1766 4085 Ἑλλήνων
1792 4012 1939 4084 ἔχον-

341 4120 434 4165 τες
454 4115 470 4131 ’
505 4105 688 4174 Θήρας
734 4103 792 4157 δὲ
844 4104 955 4159 τῶν
986 4105 1248 4178 Θρακῶν·
1281 4105 1469 4176 Μοσὸχ
1494 4105 1592 4176 τὴν
1621 4104 1940 4159 Μωσσυνοί-

343 4214 456 4250 κων
489 4196 742 4265 γλῶσσαν
763 4215 776 4228 ο
810 4197 999 4252 Θωϐὲλ
1025 4197 1123 4270 τὴν
1149 4197 1258 4252 τῶν
1286 4197 1570 4252 Θετταλῶν
1589 4214 1602 4227 °
1634 4197 1818 4251 Ἐλοὺδ
1839 4197 1938 4269 τὴν

343 4287 532 4340 Λυδῶν
551 4303 563 4316 ’
597 4287 780 4362 Γεφὰρ
810 4287 909 4361 τὴν
933 4289 1233 4360 Γασφηνῶν
1252 4306 1264 4319 ·
1303 4289 1562 4360 Μιστρὲμ
1589 4288 1688 4361 τὴν
1706 4288 1816 4342 τῶν
1844 4290 1938 4344 Αἱ-

343 4373 624 4441 γυπτίωνσ
664 4376 815 4440 Ψοῦς
867 4375 966 4447 τὴν
1021 4376 1131 4430 τῶν
1161 4377 1532 4449 Ἀξουμιτῶν·
1569 4377 1790 4450 ’Δρμὼτ
1839 4378 1937 4452 τὴν

2047 1900 2414 1967 Quamobrem
2439 1901 2657 1970 generis
2686 1900 2916 1953 humani
2943 1899 3203 1968 reliquias
3231 1900 3286 1953 in
3313 1901 3458 1954 hunc
3479 1915 3636 1952 mun-

2039 1990 2168 2045 dum
2203 2004 2233 2043 a
2263 1988 2471 2044 Noemo
2496 1989 2793 2062 productas
2823 2005 2946 2046 esse
2982 1991 3229 2046 veritatis
3270 1990 3444 2061 ipsius
3478 1989 3635 2044 testi-

2038 2082 2226 2137 monio
2265 2091 2504 2138 constat.
2553 2081 2632 2136 Ex
2674 2098 2785 2153 quo
2825 2083 3186 2153 multiplicata
3224 2083 3398 2152 prole,
3445 2097 3638 2152 perpe~

2041 2182 2248 2244 tuaque
2282 2173 2491 2230 sobolis
2528 2173 2882 2229 successione
2931 2174 3176 2245 quinque
3215 2173 3270 2227 in
3299 2173 3462 2228 terris
3500 2173 3633 2227 stir-

2037 2265 2186 2335 pium
2212 2272 2344 2320 sunt
2376 2264 2517 2320 facta
2548 2266 2809 2319 divortia.

2108 2355 2229 2422 Quo
2252 2349 2499 2426 tempore
2528 2356 2770 2428 Babylon
2811 2358 2867 2412 in
2911 2356 3140 2428 Assyria
3191 2357 3262 2412 ab
3292 2354 3486 2411 iisdem
3521 2355 3633 2410 illis

2039 2453 2344 2510 exstructa,
2400 2447 2492 2517 qui
2540 2455 2595 2501 et
2650 2447 2849 2502 turrim
2908 2448 3298 2504 condiderunt.
3350 2446 3635 2516 Erantque

2039 2547 2180 2601 tum,
2213 2538 2290 2592 uti
2314 2538 2368 2592 in
2399 2538 2782 2608 superioribus
2806 2539 3104 2594 haresibus
3125 2555 3190 2594 ex
3216 2540 3633 2609 generationum

2041 2643 2071 2682 a
2105 2628 2264 2683 nobis
2299 2628 2547 2682 instituta
2597 2629 2739 2684 serie
2767 2629 3202 2685 demonstratum
3229 2637 3336 2694 est,
3381 2629 3634 2684 homines

2041 2720 2211 2776 ferme
2236 2735 2384 2775 uxu
2405 2721 2658 2791 stirpium
2683 2727 2958 2786 auctores,
2979 2729 3034 2776 et
3051 2722 3253 2792 capita.
3278 2720 3546 2776 Nimirum
3565 2737 3633 2776 ex

2038 2812 2230 2866 Chami
2258 2813 2513 2884 progenie
2543 2828 2691 2867 xxxu
2713 2829 2731 2880 ;
2752 2827 2783 2868 e
2805 2824 3003 2882 genere
3031 2814 3178 2880 Sem,
3213 2829 3312 2880 xv;
3352 2828 3383 2869 e
3417 2811 3632 2883 Japheti

2038 2919 2170 2964 vero
2200 2904 2370 2974 stirpe
2396 2920 2522 2969 xxv,
2557 2920 2680 2960 cum
2708 2905 2879 2960 turris
2911 2905 3003 2959 illa
3037 2921 3163 2960 cum
3196 2905 3472 2976 Babylone
3497 2920 3633 2960 con-

2040 2996 2286 3052 deretur.
2317 2997 2400 3051 Ab
2443 2996 2530 3052 his
2560 2997 2616 3051 in
2646 2996 2966 3053 universum
2997 2997 3187 3052 orbem
3231 2998 3484 3052 nationes
3511 3012 3631 3052 om-

2041 3105 2142 3146 nes
2172 3104 2238 3144 ac
2281 3089 2484 3160 lingua
2519 3089 2799 3160 dissipata
2829 3099 2978 3162 sunt.
3008 3089 3374 3161 Posteaquam
3407 3101 3634 3161 septua-

2042 3182 2192 3250 ginta
2241 3181 2318 3236 illi
2373 3183 2505 3246 duo,
2553 3181 2648 3252 qui
2699 3183 2894 3237 turrim
2946 3184 3332 3248 moliebantur,
3385 3183 3634 3240 confusis

2015 3274 2264 3344 linguis,
2280 3273 2389 3329 huc
2413 3275 2651 3345 illucque
2679 3275 2915 3347 dispersi
2946 3285 3076 3334 sunt
3125 3285 3179 3331 et
3212 3291 3309 3346 pro
3337 3291 3444 3332 una
3465 3291 3633 3350 quam

2041 3365 2314 3422 callebant
2353 3365 2496 3422 alius
2542 3367 2704 3422 aliam
2734 3383 2798 3423 ex
2845 3367 3024 3422 amatu
3088 3365 3180 3422 Dei
3247 3382 3311 3421 ac
3351 3368 3636 3422 voluntate

2042 3458 2271 3514 sortitus
2314 3466 2417 3514 est.
2452 3457 2528 3512 Ex
2560 3475 2671 3530 quo
2715 3460 2780 3514 ad
2833 3459 2976 3514 hanc
3015 3475 3192 3530 usque
3224 3460 3367 3515 diem
3418 3460 3633 3531 lingua-

2039 3565 2163 3605 rum
2217 3551 2400 3606 omnis
2442 3561 2527 3607 est
2581 3549 2812 3606 conﬂata
2862 3553 3131 3617 varietas,
3185 3567 3418 3622 quarum
3465 3553 3639 3626 289

2041 3643 2486 3715 uniuscujusque
2517 3645 2644 3699 licet
2683 3652 2964 3708 auctorem
2992 3647 3144 3700 nullo
3176 3647 3392 3716 negotio
3433 3647 3631 3717 depre-

2043 3735 2299 3792 hendere.
2367 3734 2460 3792 Sic
2501 3738 2646 3793 enim
2689 3736 2863 3792 Javan
2933 3735 3108 3792 Graci
3161 3738 3434 3793 sermonis
3481 3740 3633 3809 prin-

2039 3839 2172 3896 ceps
2205 3828 2440 3896 exstitit,
2477 3845 2507 3883 a
2544 3845 2653 3899 quo
2683 3838 2812 3883 sunt
2845 3829 3015 3884 Jones
3043 3832 3434 3901 cognominati,
3463 3848 3631 3902 penes

2039 3933 2179 3989 quos
2208 3923 2412 3976 veteris
2444 3930 2528 3977 est
2555 3922 2758 3976 Graca
2800 3921 3002 3992 lingua
3031 3922 3329 3993 possessio.
3367 3923 3413 3974 A
3449 3919 3630 3979 Thcra

2023 4007 2316 4070 Thracum
2339 4011 2523 4082 lingua
2546 4010 2790 4081 profecta
2821 4019 2925 4078 est,
2959 4011 3428 4082 Mossynacorum
3462 4028 3490 4066 a
3523 4012 3632 4068 Mo-

2039 4100 2210 4156 soeho
2241 4119 2254 4156 :
2289 4115 2321 4155 a
2357 4100 2611 4165 Thobese
2640 4103 3053 4159 Thessalorum.
3084 4104 3224 4159 Elud
3262 4119 3428 4174 porro
3452 4104 3631 4176 Lydo-

2027 4205 2162 4258 rum
2191 4194 2458 4248 sermonis
2477 4203 2667 4249 auctor
2692 4193 2796 4250 fuit
2819 4212 2833 4260 ;
2855 4195 2932 4248 uti
2959 4192 3372 4263 Gasphenorum
3388 4192 3629 4264 Gepliar,

2041 4282 2426 4355 Egyptiorum
2464 4285 2730 4351 Mistrem,
2786 4285 2930 4342 Psus
2980 4285 3395 4352 Axumitarum,
3438 4288 3632 4343 Armot

2038 4374 2315 4443 Arabum;
2357 4391 2422 4431 ac
2461 4376 2744 4447 deinceps,
2774 4393 2842 4431 ne
2889 4377 3210 4447 singillatim
3255 4393 3630 4449 percenseam,

346 4466 459 4518 τῶν
485 4467 732 4538 Ἀράϐων
752 4486 767 4502 ν
799 4471 894 4524 καὶ
940 4469 1048 4523 τῶν
1089 4470 1292 4524 λοιπῶν
1329 4470 1582 4534 ἕκαστος,
1609 4470 1697 4523 ἵνα
1731 4471 1807 4543 μὴ
1837 4488 1936 4526 κα-

2041 4483 2154 4524 sua
2177 4469 2446 4540 cujusque
2466 4469 2666 4540 lingua
2690 4470 2920 4540 reliquis
2948 4480 3034 4526 est
3063 4472 3340 4542 impertita
3374 4473 3625 4528 scientia.

345 4559 478 4614 θένα
536 4560 698 4629 λέγω,
747 4561 883 4618 ἰδίαν
929 4562 1260 4634 ἑνεπνεύσθη
1293 4563 1564 4632 γλῶσσαν.
1613 4564 1726 4618 Καὶ
1771 4563 1944 4628 οὕτως

344 4649 584 4721 ἑκάστης
609 4650 859 4722 γλώσσης
894 4653 928 4723 ἡ
959 4651 1178 4724 διαδοχὴ
1215 4654 1274 4706 ἑν
1301 4651 1380 4723 τῷ
1413 4652 1606 4724 κόσμῳ
1636 4651 1940 4707 πεπλάτυν-

343 4757 452 4794 ται.

417 4828 499 4884 Η’.
541 4830 719 4885 Πόθεν
741 4831 919 4886 τοίνυν
954 4825 1099 4888 οὗτοι
1142 4831 1596 4906 ἑψευδηγόρησαν
1640 4834 1822 4889 αὐτῶν
1864 4835 1936 4890 τὰ

346 4923 589 4993 ῥήματα,
615 4923 980 4995 παρενθέντες
1004 4925 1103 4997 τὴν
1129 4926 1337 4980 ἑαυτῶν
1371 4925 1697 4998 μυθοποιίαν
1728 4945 1934 4997 φαντα-

343 5016 585 5085 ζόμενοι,
631 5017 724 5069 καὶ
763 5016 1237 5087 ὀνειροπολοῦντες
1274 5018 1345 5072 τὰ
1394 5019 1470 5090 μὴ
1504 5017 1634 5073 ὄντα
1664 5019 1740 5084 ὡς
1781 5020 1933 5086 ὄντα,

341 5107 439 5160 καὶ
485 5106 555 5158 τὰ
597 5105 726 5160 ὄντα
767 5107 864 5178 τῆς
903 5105 1110 5160 ἑαυτῶν
1151 5105 1388 5172 διανοίας
1421 5107 1933 5175 διασκεδαννύντες;

355 5200 518 5253 Ἀλλὰ
551 5198 610 5253 τὸ
644 5203 752 5253 πᾶν
790 5200 885 5253 τοῦ
928 5199 1178 5253 διαϐόλου
1227 5199 1476 5270 βούλημα
1517 5198 1680 5254 τοῦτο
1730 5199 1942 5254 ἑνεκὶσ-

343 5309 480 5364 σησε
511 5296 631 5356 ταῖς
657 5291 765 5345 τῶν
798 5290 1105 5362 ἀνθρώπων
1141 5290 1366 5361 ψυχαῖς.
1396 5292 1552 5346 Ἔστι
1586 5291 1644 5345 δὲ
1681 5291 1813 5346 ἱδεῖν
1839 5292 1937 5348 καὶ

341 5369 626 5458 θαυμάσαι
649 5385 786 5457 (5‘2),
819 5385 896 5448 ὼς
943 5385 1000 5437 ἑν
1049 5383 1268 5448 πολλοῖς
1314 5383 1413 5456 μὲν
1460 5384 1786 5456 άτοπήμασι
1837 5382 1932 5438 τὸν

2047 4561 2226 4632 Atque
2273 4563 2350 4617 ita
2399 4562 2742 4634 singularum
2800 4563 3083 4619 successio
3137 4572 3222 4621 est
3252 4566 3513 4634 paulatim
3574 4565 3630 4620 in

2045 4654 2179 4711 orbe
2202 4654 2451 4721 dilatata,
2483 4669 2882 4726 progressaque
2899 4655 3146 4726 longius.

2026 4877 2036 4882 _
2114 4825 2250 4884 Vlll.
2303 4826 2434 4894 Qua
2461 4841 2588 4882 cum
2617 4828 2690 4882 ita
2727 4829 2859 4895 sint,
2899 4831 3065 4894 unde,
3114 4845 3323 4901 quaso,
3370 4831 3622 4888 Serbiani

2041 4920 2210 4976 falsas
2247 4920 2371 4976 illas
2401 4921 2752 4977 narrationes
2801 4932 3156 4994 acceperunt,
3183 4923 3314 4978 dum
3360 4934 3416 4979 et
3472 4925 3626 4982 ﬁctas

2039 5012 2254 5068 fabulas
2285 5011 2610 5080 obtrudunt,
2641 5024 2697 5070 et
2728 5031 2849 5087 qua
2875 5031 3156 5086 nunquam
3193 5016 3492 5071 facta‘sunt
3525 5034 3626 5088 pro

2040 5105 2191 5160 veris
2212 5107 2362 5162 velut
2404 5108 2744 5165 somniantes
2779 5109 3072 5165 effutiunt?
3101 5107 3234 5176 Qua
3277 5118 3459 5165 autem
3494 5127 3625 5166 vera

2042 5199 2332 5271 solidaque
2373 5208 2524 5264 sunt,
2573 5203 2764 5272 procul
2799 5217 2828 5256 a
2871 5202 2988 5258 suis
3019 5202 3122 5273 ipsi
3171 5203 3449 5258 mentibus
3498 5205 3625 5273 reji-

2040 5291 2215 5347 ciunt.
2247 5289 2356 5348 Sed
2385 5291 2647 5346 nimirum
2689 5299 2865 5348 totum
2893 5293 3042 5349 istud
3069 5309 3135 5350 ex
3164 5293 3293 5348 mali
3340 5293 3624 5349 voluntate

2036 5384 2302 5442 damonis
2347 5384 2642 5456 amatuque
2691 5394 3022 5458 conceptum
3073 5387 3329 5444 humanis
3388 5385 3622 5458 ingeniis

413 5528 428 5559 ¹
465 5526 596 5583 Cor.
631 5525 724 5580 τοῦ
763 5525 818 5579 δὲ
865 5524 1042 5595 Ἰάφεθ
1069 5523 1388 5590 δεκαπέντε,
1417 5525 1512 5578 τοῦ
1544 5524 1601 5578 δὲ
1635 5523 1757 5596 Σὴμ
1778 5523 2139 5580 εἱκοσιπέντε.

433 5643 526 5709 52)
572 5644 741 5696 Ἔστι
770 5641 838 5695 δὲ
882 5640 1030 5695 ἱδεῖν
1064 5639 1163 5694 καί
1207 5639 1532 5710 θαυμάσαι.
1571 5638 1697 5694 Hac
1725 5639 1794 5694 de
1819 5639 1929 5694 da-

340 5715 599 5772 monibus
647 5713 918 5768 sententia
975 5727 1006 5764 a
1059 5709 1280 5767 Justino
1324 5709 1566 5780 primum
1623 5711 1922 5780 manavit:

336 5801 571 5858 eamque
600 5791 791 5855 postea
824 5782 1060 5839 lrenaus
1085 5779 1369 5853 amplexus
1406 5789 1489 5839 est
1535 5782 1629 5838 lib.
1665 5797 1717 5848 v,
1751 5795 1801 5837 c.
1831 5779 1920 5834 26.

2038 5638 2172 5697 Vide
2205 5639 2406 5698 Euseb.
2436 5642 2642 5700 Histor.
2671 5643 2763 5700 lib.
2799 5660 2871 5710 tv,
2896 5657 2947 5700 c.
2980 5642 3066 5696 t7.
3091 5641 3222 5710 Qua
3247 5651 3427 5696 tamen
3455 5637 3618 5710 vulgo

2037 5727 2144 5770 non
2179 5715 2462 5786 probatur.
