3960 6164
360 328 467 384 675

1772 312 1830 371 S.
1872 309 2218 369 EPIPHAN’“

3527 305 3640 363 676

355 445 611 502 adhaesit.
654 440 772 508 Qua
794 441 843 497 in
878 453 940 495 re
973 454 1084 494 non
1104 438 1291 495 minus
1321 436 1784 495 considerandum
1813 436 1947 492 illud

2061 431 2343 502 Ξνθρωπον
2371 428 2642 500 ήπάτησε,
2665 426 2762 481 καὶ
2795 425 2871 490 είς
2896 425 3243 498 παρανομίαν
3265 423 3635 491 κατέσπασεν,

360 554 524 610 quam
568 535 950 591 admirandum
995 533 1162 595 venit,
1198 532 1660 604 quemadmodum
1700 531 1790 586 ille
1819 545 1948 585 cum

363 625 612 677 homines
643 621 698 674 in
727 619 973 674 absurda
1001 618 1335 688 indignaque
1361 615 1768 687 quamplurima
1798 613 1950 669 frau-

359 708 614 760 dulenter
656 703 977 775 pellexerit,
1032 711 1196 772 atque
1247 702 1304 755 in
1353 701 1535 756 scelus
1583 700 1947 770 pertraxerit,

361 796 550 857 stupra
585 784 865 849 videlicet,
897 782 1190 849 adulteria,
1222 781 1499 845 libidines,
1546 780 1816 835 idolorum
1852 794 1948 835 su-

360 875 714 945 perstitiones
760 889 826 928 ac
855 872 1187 944 praestigias,
1212 870 1567 943 profusiones
1593 869 1950 942 sanguinum,

362 969 587 1037 rapinas
647 976 702 1022 et
730 965 1070 1022 insatiabiles
1097 963 1449 1034 cupiditates,
1485 963 1684 1027 aleam,
1737 961 1952 1017 voraci-

365 1071 554 1127 tatem,
589 1060 805 1130 aliaque
852 1059 903 1114 id
937 1073 1110 1130 genus
1154 1056 1382 1128 ﬂagitia,
1437 1069 1720 1126 nunquam
1766 1061 1950 1110 tamen

366 1161 494 1206 ante
531 1149 740 1206 Christi
781 1147 1092 1203 Servatoris
1121 1146 1442 1213 adventum,
1491 1145 1950 1201 contumeliosam

368 1246 426 1299 in
461 1243 747 1298 Dominum
784 1257 944 1299 suum
968 1241 1179 1312 jactare
1223 1255 1435 1304 vocem,
1475 1239 1560 1295 vel
1589 1238 1856 1294 rebellare
1881 1239 1954 1294 sit

369 1353 558 1394 ausus.
593 1335 963 1406 Exspectahat
989 1333 1262 1404 siquidem
1288 1333 1418 1388 dum
1449 1331 1705 1388 Christus
1729 1332 1954 1388 adveni-

369 1438 473 1495 ret,
509 1437 569 1484 ut
599 1431 685 1485 vel
733 1431 848 1498 ipse
877 1428 1186 1499 proﬁtetur,
1235 1426 1324 1482 his
1353 1425 1538 1481 verbis
1569 1444 1582 1480 :
1613 1423 1689 1479 De
1736 1433 1787 1480 te
1817 1423 1952 1480 scri-

367 1527 522 1595 ptum
553 1527 637 1575 est
664 1539 678 1574 :
705 1519 971 1585 Quoniam
1001 1519 1201 1589 angelis
1231 1517 1344 1572 suis
1387 1516 1663 1572 mandabit
1708 1517 1774 1572 de
1807 1526 1878 1581 te,
1903 1526 1954 1572 et

367 1613 424 1665 in
472 1611 714 1666 manibus
745 1609 1032 1681 ροτιαὸιιηι
1082 1619 1129 1664 te
1160 1611 1200 1663 '.
1253 1608 1390 1664 Illud
1429 1610 1575 1664 enim
1621 1617 1884 1679 perpetuo
1924 1623 1956 1663 a

368 1702 652 1774 prophetis
679 1703 993 1757 nuntiatum
1025 1701 1296 1765 audierat,
1333 1699 1537 1756 Christi
1569 1699 1786 1754 Domini
1821 1715 1958 1771 prte-

2050 523 2132 586 είς
2160 537 2220 575 τε
2249 520 2506 592 πορνείας
2531 519 2627 573 καὶ
2663 519 2931 590 μοιχείας,
2963 520 3056 571 καὶ
3082 517 3392 587 ἀσελγείας,
3426 516 3612 573 είδωλο

2055 611 2253 684 μανίας
2279 629 2338 665 τε
2381 612 2474 665 καὶ
2517 610 2793 681 γοητείας,
2827 611 2922 663 καὶ
2957 609 3416 682 αἱματεκχυσίας,
3455 610 3632 681 ἁρπα-

2052 702 2154 770 γάς
2183 717 2243 754 τε
2287 700 2382 754 καί⁵
2422 699 2764 770 ἀπληστίας,
2796 698 3022 763 κυϐείας
3064 715 3125 752 τε
3169 699 3264 752 καὶ
3303 698 3637 769 ἀδηφαγίας,

2052 791 2146 844 καὶ
2174 789 2274 843 ὅσα
2323 788 2579 844 τοιαῦτα⁶
2618 788 2856 860 οὐδαμοῦ
2901 788 2960 843 δέ
2991 788 3097 861 πρὸ
3124 790 3224 860 τῆς
3259 787 3353 842 τοῦ
3399 784 3640 860 Χριστοῦ

2052 881 2357 953 παρουσίας
2387 882 2687 953 ἐτόλμησεν
2717 882 2797 945 είς
2817 881 2909 934 τὸν
2939 879 3138 935 ἐαυτοῦ
3169 881 3451 953 Δεσπότην
3474 879 3642 950 φθέγ-

2053 973 2250 1040 ξασθαι
2277 973 2599 1045 βλάσφημον
2632 989 2755 1026 τινα
2784 972 2964 1042 λόγον,
3000 972 3035 1042 ἢ
3063 973 3324 1044 ἀνταρσιν
3365 970 3639 1044 ἐννοῆσαι.

2067 1065 2322 1138 Ἀνέμενε
2350 1065 2461 1138 γὰρ
2490 1065 2590 1136 τὴν
2616 1061 2712 1118 τοῦ
2735 1064 2974 1137 Χριστοῦ
3004 1066 3332 1136 παρουσίαν,
3361 1065 3437 1131 ὡς
3457 1064 3639 1135 λέγει·

2053 1157 2195 1226 Περὶ
2247 1156 2367 1213 σοῦ
2415 1158 2772 1228 remaneat,
2813 1157 2903 1211 ὅτι
2949 1158 3076 1227 τοῖς
3123 1159 3400 1230 ἀγγέλοις
3453 1157 3643 1213 αὐτοῦ

2053 1247 2378 1303 ἐντελεῖται
2407 1249 2543 1318 περὶ
2581 1249 2721 1314 σοῦ,
2759 1248 2860 1304 καί
2887 1249 2988 1303 ἐπί
3031 1249 3246 1318 χειρῶν
3288 1249 3508 1319 ἁροῦσί
3545 1266 3640 1303 σε.

2061 1342 2264 1394 Ἤκουε
2294 1339 2404 1412 γὰρ
2443 1341 2533 1394 ἀεὶ
2567 1339 2677 1394 τῶν
2706 1341 3002 1413 προφητῶν
3032 1341 3509 1410 καταγγελλόντων
3543 1344 3645 1415 τὴν

2056 1432 2298 1504 Χριστοῦ
2329 1432 2658 1505 παρουσίαν,
2686 1432 2956 1505 λύτρωσιν
2994 1433 3261 1506 ἐσομένην
3308 1433 3415 1487 τῶν
3460 1436 3645 1506 ἁμαρ-

2055 1523 2362 1595 τησάντων,
2398 1523 2494 1578 καὶ
2529 1522 2619 1577 διά
2659 1521 2899 1596 Χριστοῦ
2945 1523 3386 1596 μετανοούντων
3423 1526 3644 1597 ἐνόμιζέ

2057 1633 2118 1668 τε
2151 1614 2448 1683 τεύξασθαί
2474 1632 2622 1679 τινος
2647 1616 2846 1680 ἐλέους.
2880 1617 3010 1670 Ὅτε
3043 1616 3102 1670 δὲ
3130 1613 3269 1670 εἶδεν
3307 1619 3336 1670 6
3359 1617 3529 1681 τάλας
3552 1619 3646 1671 τὸν

2059 1705 2296 1778 Χριστὸν
2327 1706 2401 1777 μὴ
2433 1704 2729 1779 δεξάμενον
2753 1706 2920 1760 αὑτοῦ
2942 1707 3039 1779 τήν
3065 1707 3195 1779 περὶ
3229 1707 3501 1780 σωτηρίας
3526 1711 3650 1762 ἐπι-

367 1794 602 1851 sentiam
633 1808 825 1850 eorum
845 1791 1281 1864 redemptionem
1311 1791 1446 1856 fore,
1481 1791 1576 1862 qui
1611 1803 1952 1862 peccassent,

2061 1796 2320 1869 στροφὴν,
2353 1797 2573 1864 ἀνοίξας
2603 1799 2665 1852 τὸ
2687 1799 2864 1871 στόμα
2892 1800 3034 1854 κατὰ
3067 1800 3162 1854 τοῦ
3194 1801 3322 1855 ίδίου
3349 1800 3648 1867 Δεσπότου,

369 1904 436 1943 ac
471 1889 848 1958 pmnitentiam
896 1885 1263 1956 susciperent.
1295 1883 1479 1951 Quare
1508 1891 1562 1940 et
1597 1884 1715 1956 ipse
1741 1885 1960 1942 miseri-

371 1978 576 2033 cordiae
601 1976 857 2032 nonnihil
887 1992 948 2033 se
976 1983 1408 2032 consecuturum
1439 1975 1714 2046 sperabat.
1755 1973 1958 2031 Verum

373 2070 466 2126 ubi
500 2084 658 2126 suam
711 2069 780 2123 ad
815 2069 1171 2124 obtinendam
1211 2067 1443 2123 salutem
1477 2067 1894 2124 conversionem
1927 2082 1960 2122 a

372 2161 597 2218 Christo
651 2160 929 2232 repudiari
992 2159 1179 2215 infelix
1232 2157 1641 2225 animadvertit,
1704 2174 1770 2215 os
1812 2160 1962 2216 illico

369 2260 562 2308 contra
597 2251 885 2307 Dominum
915 2250 1149 2322 aperuit,
1173 2264 1238 2305 ac
1269 2249 1706 2306 maledicentiam
1741 2265 1961 2308 omnem

369 2345 634 2402 evomuit.
660 2342 808 2411 Quin
843 2357 964 2398 eam
997 2352 1234 2398 mentem
1278 2341 1594 2396 hominibus
1637 2341 1847 2412 injecit,
1877 2350 1958 2408 ut,

370 2454 502 2494 vero
527 2445 846 2506 contempto
878 2435 1012 2501 Deo,
1059 2435 1228 2489 alium
1265 2434 1358 2504 qui
1407 2435 1660 2505 nuspiam
1689 2443 1838 2491 esset
1877 2435 1962 2490 in-

373 2529 675 2599 quirerent.
711 2527 825 2582 lloc
869 2527 1038 2597 igitur
1065 2525 1229 2580 modo
1263 2523 1558 2581 Sethianos
1601 2529 1658 2580 in
1704 2525 1955 2583 fraudem

374 2619 641 2688 impulsos
667 2630 793 2672 esse
823 2616 1187 2685 undequaque
1219 2616 1515 2671 constabit.
1556 2614 1837 2686 Siquidem
1869 2615 1959 2672 Se-

370 2709 501 2764 thus
545 2709 674 2762 olim
726 2713 976 2762 mortuus
1027 2713 1131 2772 est,
1173 2713 1413 2777 suntque
1461 2706 1582 2778 ejus
1623 2709 1799 2764 aetatis
1828 2709 1959 2764 anni

370 2801 684 2872 perscripti.
714 2797 850 2853 Nam
883 2813 1007 2854 cum
1041 2813 1215 2858 annos
1241 2799 1466 2855 vixisset
1492 2815 1567 2854 xu
1591 2815 1958 2872 suprancccc,

2058 1890 2159 1961 τὴν
2188 1890 2543 1962 βλασφημίαν
2581 1891 2850 1963 ἐξήμεσε,
2888 1894 3003 1956 τοῖς
3038 1889 3348 1965 ἀνθρώποις
3390 1893 3649 1948 ὑπόνοιαν

2059 1980 2336 2052 ἐμϐαλὼν,
2366 1983 2651 2055 ἀρνεῖσθαι
2683 1984 2782 2056 μὲν
2817 1983 2912 2039 τὸ]
2959 1983 3125 2050 ὄντα,
3175 1984 3268 2038 τὸν
3303 1984 3362 2038 δὲ
3396 1985 3473 2055 μὴ
3518 1985 3649 2039 ὂντα

2059 2073 2264 2146 ζητεῖν.
2321 2075 2478 2129 Οὕτω
2547 2077 2722 2131 τοίνυν
2771 2077 2866 2130 καὶ
2929 2070 3079 2130 οῦτοι
3135 2077 3452 2148 ἐλέγχονται
3505 2076 3653 2131 κατά

2060 2167 2243 2222 πάντα
2273 2169 2477 2240 τρόπον
2501 2169 2868 2241 ἠπατημένοι.
2907 2169 2968 2224 '0
3001 2168 3110 2241 γὰρ
3139 2168 3247 2240 Σὴθ
3274 2168 3526 2240 τέθνηκε,
3557 2170 3652 2222 καὶ

2059 2258 2128 2311 τὰ
2161 2257 2257 2329 ἔτη
2293 2257 2459 2313 αὑτοῦ
2490 2261 2931 2331 ἀναγέγραπται.
2963 2259 3178 2324 Βιὼσας
3210 2258 3318 2330 γὰρ
3355 2260 3452 2330 ἐτη
3495 2261 3653 2313 ἐννα-

2058 2351 2220 2406 κόσια
2247 2351 2497 2419 δεκαδύο,
2525 2352 2586 2406 τὸ
2630 2351 2809 2424 χρεὼν
2863 2353 3138 2417 ἀπέδωκε,
3181 2354 3454 2424 γεννήσας
3500 2355 3652 2418 υἱοὺς

2059 2443 2155 2497 καὶ
2180 2441 2512 2516 θυγατέρας,
2545 2443 2622 2509 ὥς
2667 2461 2836 2517 φησιν
2865 2446 2900 2517 ή
2932 2443 3054 2498 θεία
3094 2445 3308 2518 Γραφή.
3346 2444 3507 2498 Κατὰ
3534 2446 3653 2499 δια-

2055 2535 2217 2608 δοχὴν
2254 2536 2312 2590 δὲ
2333 2539 2362 2591 6
2389 2537 2581 2590 τούτου
2617 2540 2746 2601 παῖς
2794 2536 2984 2607 (Ἑνὼς
2997 2537 3055 2591 δὲ
3093 2533 3160 2609 ἦν
3199 2537 3375 2608 τούτῳ
3419 2536 3649 2607 ὄνομα),

2065 2630 2160 2682 καὶ
2194 2629 2359 2693 αὐτὸς
2408 2628 2612 2701 βιώσας
2663 2629 2758 2701 ἐτη
2800 2630 3091 2685 ἐννακόσια
3141 2629 3324 2696 πέντε,
3374 2629 3652 2700 ὑπήλλαξε

2065 2722 2158 2776 τὸν
2182 2722 2302 2776 καθ’
2341 2723 2490 2794 ἡμᾶς
2519 2722 2655 2793 βίον,
2683 2725 2953 2794 γεννήσας
2990 2725 3140 2788 υίοὺς
3179 2724 3276 2778 καί⁵
3316 2722 3652 2796 θυγατέρας,

2069 2813 2146 2878 ὡς
2177 2814 2289 2886 ἔχει
2322 2817 2374 2888 ή’
2394 2816 2532 2886 αὐτὴ
2562 2815 2741 2887 βίϐλος
2772 2817 2873 2888 τῆς
2901 2815 3183 2889 ἀληθείας.

370 2911 437 2950 ex
475 2895 578 2949 hac
617 2895 726 2950 vita
761 2893 1037 2959 discessit,
1062 2893 1342 2979 ubi'sexus
1383 2894 1670 2966 utriusque
1693 2896 1898 2956 liberos
1919 2906 2189 2977 suscepit,
2223 2917 2282 2963 ut
2313 2909 2514 2965 divinis
2551 2908 3064 2981 Litterisproditum
3098 2916 3201 2966 est.
3237 2908 3520 2964 Successit
3557 2921 3656 2978 pa-

371 2986 445 3062 tri
481 2986 644 3052 ﬁlius,
676 2985 842 3056 29o
887 2985 1032 3042 Enos
1112 2986 1330 3074 nomine
1363 3003 1378 3040 :
1413 2986 1508 3057 qui
1549 3001 1724 3043 annos
1767 2991 1907 3046 vixit
1942 3009 2130 3065 ncccv,
2178 3005 2234 3054 et
2272 3000 2425 3071 prole
2479 3015 2644 3058 sexus
2694 3002 2986 3073 utriusque
3035 3001 3290 3059 similiter
3341 3011 3538 3059 auctus
3579 3001 3658 3056 vi-

382 3079 544 3135 vendi
578 3078 742 3134 ﬁnem
775 3077 926 3143 fecit,
963 3084 1023 3132 ut
1051 3075 1243 3132 eadem
1277 3077 1368 3130 illa
1401 3077 1684 3134 verissima
1718 3082 1924 3154 scripta
1959 3093 2255 3143 testantur.

444 3173 533 3228 IX.
575 3173 836 3241 Quaenam
878 3187 1010 3245 ergo
1045 3172 1186 3228 ratio
1236 3174 1444 3243 patitur
1495 3173 1722 3230 Sethum
1770 3178 1960 3245 istum,

2137 3183 2213 3239 8'.
2247 3181 2422 3239 Πόθεν
2455 3181 2635 3240 τοίνυν
2662 3186 2691 3240 6
2723 3184 2834 3257 Σὴθ
2867 3185 2897 3238 6
2924 3185 3045 3238 τότε
3073 3185 3430 3257 τελευτήσας,
3465 3178 3526 3241 οὗ
3561 3187 3656 3241 καὶ

372 3265 466 3336 qui
504 3271 559 3321 et
593 3266 686 3320 illo
726 3272 973 3336 tempore
1019 3275 1271 3320 mortuus
1298 3271 1404 3333 est,
1433 3271 1488 3321 et
1524 3265 1667 3324 ﬁlios
1704 3269 1964 3341 reliquit,

374 3361 469 3430 qui
514 3373 673 3414 suum
704 3373 921 3428 quoque
951 3357 1077 3412 vita:
1108 3363 1326 3427 tempus
1368 3356 1649 3424 obierunt,
1680 3359 1965 3418 Christum

374 3467 499 3509 esse
533 3449 848 3514 Dominum,
877 3450 972 3520 qui
1008 3448 1466 3520 reprmsentanda:
1508 3449 1793 3506 hominum
1839 3453 2002 3510 vitae'

377 3556 444 3597 ac
499 3539 696 3596 salutis
739 3538 1014 3594 desiderio
1048 3538 1116 3594 de
1145 3535 1372 3609 Virgine
1429 3538 1504 3595 sit
1560 3539 1730 3595 Maria
1775 3551 1964 3612 natus,

377 3649 502 3690 cum
533 3633 676 3689 idem
711 3642 838 3688 ante
865 3646 1030 3708 omne
1052 3639 1269 3702 tempus
1295 3639 1442 3688 esset
1469 3648 1502 3688 a
1528 3631 1690 3690 Patre
1724 3636 1964 3706 genitus,

377 3727 522 3798 apud
552 3742 713 3798 quem
744 3734 1007 3798 perpetuo
1030 3732 1237 3790 manet,
1268 3723 1420 3781 Deus.
1447 3725 1585 3797 ipse,
1619 3725 1968 3802 Verbumque

377 3820 726 3878 subsistens?
784 3819 888 3887 Qui
957 3818 1252 3890 postremis
1307 3819 1647 3890 temporibus
1701 3822 1849 3876 venit
1911 3824 1965 3879 in

377 3914 667 3978 mundum,
716 3921 773 3970 et
820 3929 888 3969 ex
933 3911 1178 3984 Virginis
1226 3911 1418 3970 Matris
1453 3923 1608 3969 utero
1640 3913 1819 3970 eﬁicta
1859 3915 1967 3970 sibi

373 4020 544 4061 carne
568 4015 734 4077 atque
757 4004 1091 4061 circumfusa
1109 4046 1123 4070 ,
1153 4013 1268 4062 tum
1292 4015 1576 4076 assumpta
1596 4006 1762 4062 simul
1783 4009 1967 4063 anima

377 4099 621 4156 numeris
649 4099 905 4156 omnibus
939 4100 1226 4155 absolutus
1263 4099 1426 4154 homo
1459 4098 1637 4155 factus
1667 4108 1770 4156 est.
1807 4099 1968 4156 Post-

377 4206 443 4246 ea
493 4207 624 4247 vero
671 4208 834 4263 quam
881 4192 1006 4247 vita:
1050 4192 1210 4249 nobis
1257 4191 1518 4263 mysteria
1578 4194 1964 4262 praedicassetl,

378 4282 608 4352 justitia:
640 4283 697 4337 in
727 4282 940 4354 agendo
986 4283 1230 4339 cultores
1274 4282 1578 4352 discipulos
1629 4285 1917 4340 constituit
1948 4305 1962 4342 :

383 4386 448 4426 ac
477 4383 587 4426 tum
617 4387 716 4442 per
748 4387 891 4432 sese,
919 4379 1035 4425 tum
1067 4387 1164 4442 per
1194 4371 1318 4426 illos
1348 4372 1647 4426 humanum
1677 4388 1850 4442 genus
1883 4375 1968 4429 di-

381 4462 624 4532 sciplinae
658 4478 772 4518 sua:
803 4462 1153 4517 documentis
1181 4461 1403 4518 erudiit.
1443 4461 1631 4534 Neque
1657 4473 1840 4520 tamen
1871 4475 1967 4521 aut

2067 3275 2175 3330 oiol.
2215 3276 2359 3332 κατά
2397 3277 2652 3349 διαδοχὴν
2693 3277 2994 3350 βιώσαντες
3025 3277 3118 3332 τοῦ
3172 3279 3287 3349 βίου
3318 3279 3653 3346 ἐπαύσαντο,

2069 3369 2425 3442 εὑρεθήσεται
2477 3369 2684 3442 Κύριος
2734 3373 2764 3425 6
2808 3371 2917 3425 ἀπὸ
2960 3371 3181 3443 Μαρίας
3217 3371 3498 3442 γεννηθεὶς
3553 3373 3656 3445 τῆς

2068 3461 2466 3534 ἀειπαρθένου,
2505 3463 2810 3534 εὐδοκήσας
2852 3463 2946 3518 ἐπὶ
2979 3466 3092 3536 ζωῇ
3128 3464 3236 3519 τῶν
3271 3465 3602 3538 ἀνθρώπων,
3627 3470 3656 3521 6

2067 3553 2352 3625 γεννηθεὶς
2383 3555 2651 3627 ἀχρόνους,
2683 3557 2712 3609 6
2741 3554 2819 3609 ὢν
2865 3556 3002 3628 πρὸς
3035 3555 3128 3611 τὸν
3163 3559 3387 3630 Πατέρα
3417 3560 3524 3624 ἀεὶ,
3566 3562 3654 3614 ἐν-

2069 3646 2373 3711 υπόστατος
2412 3647 2546 3710 Θεὸς
2582 3648 2791 3716 Λόγος,
2827 3648 2997 3704 ἐλθὼν
3044 3649 3102 3703 δὲ
3150 3651 3237 3703 ἐπ’
3273 3651 3499 3722 ἐσχάτου
3544 3651 3655 3705 τῶν

2067 3738 2322 3812 ἡμερῶν,
2382 3739 2478 3793 καὶ
2533 3743 2614 3806 είς
2673 3733 2864 3796 ἐαυτὸν
2913 3741 2969 3796 δὲ
3037 3743 3493 3816 ἀναπλασάμενος
3546 3746 3655 3800 ἀπὸ

2071 3833 2283 3902 μήτρας
2321 3830 2664 3904 παρθενικῆς
2719 3832 2920 3906 σάρκα,
2947 3835 3041 3888 καὶ
3086 3835 3265 3907 ψυχὴν
3307 3837 3408 3908 τὴν
3440 3836 3654 3912 ἀνθρω-

2067 3923 2230 3977 πείαν
2261 3922 2522 3995 εἰληφὼς,
2557 3923 2734 3990 οὕτως
2763 3925 3154 4000 ἐνηνθρώπησε
3183 3929 3520 3993 τελειότατα,
3550 3947 3652 4001 κη’

2043 4031 2046 4033 ‘
2069 4015 2238 4089 ρύξας
2267 4020 2398 4088 ήμῖν
2428 4016 2576 4091 ζωῆς
2604 4019 2674 4072 τά
2707 4022 3002 4094 μυστήρια,
3033 4022 3383 4095 δικαιοσύνης
3400 4041 3463 4077 τε
3489 4025 3654 4098 ἐργά-

2067 4126 2166 4175 τας
2197 4110 2326 4175 τοῦς
2353 4111 2520 4165 αὑτοῦ
2548 4111 2797 4185 μαθητὰς
2832 4116 3207 4186 καταστήσας,
3236 4116 3330 4169 καὶ
3361 4114 3461 4188 τὴν
3488 4115 3651 4169 αὑτοῦ

2066 4201 2418 4257 διδασκαλίαν
2462 4203 2530 4257 δι’
2572 4206 2763 4259 ἑαυτοῦ
2802 4223 2860 4260 τε
2895 4208 2988 4260 καὶ
3018 4207 3087 4261 δι’
3132 4207 3312 4262 αὐτῶν
3355 4207 3651 4271 παιδεύσας

2065 4294 2128 4348 τὸ
2160 4294 2316 4363 γένος
2351 4295 2459 4350 τῶν
2488 4296 2826 4370 ἀνθρώπων;
2853 4299 2915 4352 οὐ
2950 4298 3020 4354 τά
3055 4301 3166 4354 τῶν
3199 4299 3482 4373 Σηθιανῶν
3516 4303 3649 4354 ἀπο·

2067 4384 2312 4457 καλύψας
2334 4426 2349 4451 ,
2388 4387 2510 4442 οὐδὲ
2543 4389 2652 4461 Σὴθ
2688 4390 2880 4445 ἑαυτὸν
2931 4390 3236 4463 ὀνομάσαςο
3265 4391 3342 4455 ὡς
3371 4386 3516 4446 οὗτοι
3549 4391 3645 4464 λη-

2071 4475 2309 4548 ροῦντες,
2351 4479 2446 4532 καὶ
2489 4480 2628 4552 μέθῃ
2663 4481 2772 4534 τινὶ
2811 4481 3189 4555 συνεχόμενοι,
3229 4481 3477 4555 ἀπδτῆς
3514 4482 3644 4555 ἀλη-

382 4552 772 4610 Sethianorum
813 4555 906 4609 illa
959 4553 1212 4627 dogmata
1263 4555 1510 4621 tradidit,
1565 4566 1660 4611 aut
1713 4557 1820 4614 sibi
1859 4559 1960 4630 ipsi

2068 4568 2218 4634 θείας
2244 4571 2656 4627 ἐκπεπτώκασι.

382 4646 535 4702 Sethi
565 4663 766 4704 nomen
792 4648 1052 4718 imposuit
1079 4667 1093 4703 :
1125 4649 1179 4703 id
1204 4647 1351 4719 quod
1381 4649 1591 4706 strenui
1621 4648 1698 4704 illi
1729 4659 1964 4723 nugato-

380 4754 490 4803 res,
531 4753 597 4794 ac
629 4739 778 4795 velut
809 4739 950 4794 ebrii
977 4740 1399 4796 mendacissime
1428 4739 1749 4811 praedicant.

453 4827 654 4884 Verum
683 4843 808 4884 cum
839 4827 1002 4885 hodie
1026 4843 1297 4885 summam
1330 4829 1398 4885 ad
1431 4830 1760 4901 paucitatem
1789 4831 1964 4897 haere-

381 4919 461 4977 sis
489 4921 595 4976 ista
627 4919 850 4975 redacta
887 4920 982 4988 sit,
1014 4935 1124 4975 non
1169 4934 1396 4976 necesse
1422 4919 1591 4976 habui
1623 4921 1864 4978 uberiori
1897 4923 1964 4977 il-

381 5013 487 5068 lam
525 5014 776 5069 oratione
818 5012 1102 5079 refellere;
1153 5013 1492 5084 proindeque
1535 5028 1657 5083 quat
1694 5015 1961 5071 hactenus

381 5115 510 5162 sunt
533 5105 679 5161 dicta
701 5104 992 5162 suﬁiciant.
1025 5104 1335 5161 Praesertim
1357 5105 1504 5177 quod
1527 5107 1745 5162 illorum
1773 5122 1962 5163 amen-

379 5202 457 5256 tia
487 5199 787 5270 expugnari
815 5198 976 5254 facile
1005 5208 1207 5270 potest,
1236 5213 1406 5270 seque
1439 5198 1577 5254 adeo
1620 5201 1793 5271 ipsam
1827 5215 1961 5257 con-

377 5293 550 5348 vincit
598 5307 663 5348 ac
717 5292 961 5363 detegit:
997 5305 1108 5346 non
1155 5292 1335 5347 solum
1378 5293 1526 5362 quod
1574 5292 1641 5347 ad
1691 5293 1960 5351 educendi

375 5383 584 5440 Christi
622 5384 887 5440 rationem
921 5382 1114 5439 attinet
1159 5383 1648 5457 plenissimamque
1685 5386 1834 5443 illam
1861 5402 1958 5444 ea.

454 5569 471 5597 ¹
511 5566 655 5623 Psal.
693 5583 778 5632 xc,
812 5569 899 5624 H.

2131 4835 2214 4888 Τὰ
2255 4837 2312 4892 δέ
2349 4835 2446 4891 νῦν
2482 4846 2765 4913 συντόμως
2808 4843 2922 4915 (55)
2974 4843 3142 4918 οὔσης
3190 4845 3294 4918 τῆς
3340 4847 3642 4918 αἱρέσεως,

2057 4927 2162 4981 οὐκ
2192 4929 2466 5000 ἐνδεηθεὶς
2514 4933 2825 4991 ἐπεκτεῖναι
2877 4936 2970 4991 τὸν
3015 4939 3139 4993 κατ’
3178 4939 3353 5011 αὐτῆς
3391 4939 3641 5010 ἔλεγχον,

2058 5021 2336 5095 ἀρκοῦμαι
2396 5028 2512 5090 τοῖς
2571 5027 2810 5101 παροῦσι
2867 5030 3068 5101 μόνοις.
3111 5030 3399 5104 Εῦτρωτος
3447 5031 3553 5103 γὰρ
3610 5030 3642 5100 ἡ

2057 5114 2268 5170 τούτων
2299 5115 2478 5181 ἄνοια,
2517 5121 2614 5173 καὶ
2647 5121 2846 5195 ἑαυτήν
2873 5121 3148 5196 δυναμένη
3180 5141 3253 5192 ,τε
3292 5123 3506 5194 ἐλέγξαι
3551 5123 3643 5177 καὶ

2057 5207 2345 5278 φωρᾶσαι·
2382 5212 2446 5266 ού
2489 5211 2651 5283 μόνον
2686 5214 2814 5287 περὶ
2859 5214 2960 5286 τῆς
2991 5215 3084 5269 τοῦ
3115 5214 3354 5288 Χριστοῦ
3400 5215 3640 5286 ἀγωγῆς,

2058 5299 2156 5353 καὶ
2191 5306 2744 5378 σεσυκοφαντημένης
2778 5305 3124 5372 διδασκαλίας
3155 5307 3248 5362 τοῦ
3275 5307 3366 5361 τὸν
3407 5307 3514 5378 Σὴθ
3549 5306 3642 5358 αὑ-

2057 5389 2149 5445 τὸν
2178 5393 2420 5463 νομίζειν
2457 5411 2518 5450 τε
2553 5398 2648 5452 καὶ
2695 5397 3139 5455 διαϐεϐαιοῦσθαι
3171 5393 3336 5467 εἶναι,
3376 5399 3512 5454 ἀλλά
3550 5400 3642 5452 καὶ

454 5720 566 5794 (5:5)
615 5724 688 5777 Τὰ
724 5725 791 5779 δὲ
814 5727 934 5784 νῦν
966 5731 1300 5799 συντόμως.
1341 5727 1542 5788 Deesse
1571 5727 1852 5802 quidpiam
1891 5727 1959 5786 ad

2061 5727 2161 5802 |jUS
2194 5726 2300 5787 loci
2331 5728 2705 5803 integritatem
2747 5729 3016 5802 suspicor.
