3960 6168
359 295 470 388 ἐπ

1033 326 1407 385 ADVERSUS
1439 323 1784 384 [LERESES
1821 323 1950 381 LIB.

2065 325 2230 384 TOM.
2275 327 2438 385 llI.—
2461 329 2742 388 HERES.
2780 331 2889 388 XL.

3529 349 3637 408 678

360 450 444 512 είς
476 445 576 514 τὴν
615 446 746 519 περὶ
776 445 888 500 τῶν
932 444 1031 500 δύο
1070 439 1380 515 ἀνθρώπων
1415 441 1697 498 ὑπόθεσιν.
1741 444 1805 498 Εί
1845 446 1953 517 γὰρ

2059 445 2282 502 lumuite
2305 446 2639 512 doctrinam,
2669 446 2776 518 q'ua
2808 447 3037 504 Sethum
3070 449 3323 508 eumdem
3366 466 3492 508 esse
3527 467 3656 506 cum

360 543 419 597 αἱ
472 541 736 611 δυνάμεις
779 540 987 594 ἄνωθεν
1039 536 1308 608 ἐσχήκασι
1351 536 1453 608 τὴν
1490 536 1700 609 ἀρχὴν,
1735 536 1837 590 οὐκ
1883 535 1952 590 ἂν

360 637 492 689 ἄνευ
515 634 618 704 τῆς
654 633 803 706 μιᾶς,
823 631 978 704 ὴνδὴ
998 631 1093 684 καὶ
1121 629 1353 703 Μητέρα
1379 631 1649 700 φάσκουσι
1673 632 1784 685 τῶν
1813 631 1952 686 ὅλων

361 721 524 787 εἶναι.
562 723 782 793 ἐγένετό
803 740 865 776 τε
900 722 997 776 καὶ
1025 721 1275 794 ἐπράχθη
1311 722 1379 776 τὰ
1409 725 1515 778 ὑπὸ
1539 723 1650 778 τῶν
1676 723 1771 777 δύο
1805 741 1948 796 πρα-

361 816 582 887 χθέντα.
627 815 961 886 Εὐρίσκεται
994 814 1105 887 γὰρ
1143 817 1178 888 ἡ
1216 815 1314 886 μία
1348 815 1496 870 αίτία
1520 814 1630 869 τῶν
1659 815 1754 870 δύο
1787 813 1946 870 δυνά-

362 925 534 980 μεων,
574 908 672 962 καὶ
698 907 826 961 ἄνευ
871 907 1042 978 αὐτῆς
1081 907 1250 979 μηδὲν
1284 907 1394 960 τῶν
1436 907 1744 979 γενομένων
1783 923 1948 977 γεγοο

361 1001 534 1055 νέναι.
588 999 699 1053 Καὶ
737 997 1180 1072 ἀναδραμοῦνται
1231 999 1412 1053 πάλιν
1432 999 1527 1052 ἐπὶ
1567 999 1630 1052 τὸ
1665 999 1952 1070 ὁμολογεῖν

360 1093 459 1147 ενα
509 1087 651 1147 εἶναι
697 1092 965 1162 δεσπότην
1016 1091 1126 1145 τῶν
1171 1091 1412 1155 πάντων,
1456 1091 1551 1145 καὶ
1596 1091 1949 1164 δημιουργὸν,

361 1185 456 1239 καὶ
475 1185 701 1257 κτίστην
727 1183 836 1238 τῶν
865 1183 1026 1249 ὅλων,
1045 1183 1195 1248 ἅπαξ
1221 1186 1347 1256 μιᾶς
1366 1183 1726 1255 δεικνυμένης
1754 1183 1948 1254 ἀρχῆς.

372 1277 536 1332 Ἀλλὰ
565 1278 662 1333 καὶ
698 1277 829 1348 περὶ
863 1275 1069 1348 ταύτης
1099 1275 1199 1348 τῆς
1235 1276 1503 1348 αἱρέσεως
1533 1273 1708 1330 ταῦτα
1743 1275 1953 1344 φήσαν-

357 1386 472 1436 τες,
490 1371 584 1426 καὶ
601 1368 1054 1445 ἀποκαλύψαντες
1072 1368 1164 1423 τὸν
1188 1367 1264 1423 ίὸν
1294 1369 1392 1441 τῆς
1410 1366 1750 1441 ἐρπετώδους
1769 1365 1949 1422 αὐτῶν

359 1465 427 1518 ἐκ
454 1464 643 1532 γένους
686 1462 929 1518 ἀσπίδων
968 1461 1155 1533 γονῆς,
1185 1461 1272 1532 ἐφ’
1307 1461 1501 1534 ἑτέραν
1548 1461 1711 1517 πάλιν
1753 1459 1946 1532 ἴωμεν,

360 1557 658 1628 ἀγαπητοὶ,
689 1559 756 1630 τῇ
797 1557 933 1628 αὑτῇ
965 1554 1261 1628 ἀκολουθίᾳ
1298 1557 1397 1628 τῆς
1435 1555 1837 1630 πραγματείας.

2057 535 2281 593 Christo
2317 543 2606 602 statuunt,
2655 551 2720 592 ac
2767 540 3206 609 pertinacissime
3250 550 3478 598 tuentur
3512 559 3525 594 :
3557 557 3654 598 νεα

2057 642 2179 683 rum
2213 627 2378 684 etiam
2410 627 2558 699 quod
2589 629 2658 682 de
2679 626 2896 685 duobus
2930 631 3041 687 illis
3088 632 3406 690 hominibus
3436 647 3654 688 asseve-

2055 729 2205 776 rant.
2268 719 2406 774 Nam
2444 720 2491 775 si
2526 729 2741 776 mentes
2786 722 2911 789 illas,
2953 738 3092 794 quas
3133 724 3390 797 δυνάμεις
3425 733 3648 790 vocant,

2056 813 2396 882 superiorem
2452 812 2692 882 aliquam
2726 812 2994 879 originem
3038 826 3366 886 agnoscunt,
3397 814 3649 888 profecto

2053 921 2176 975 qua:
2210 921 2240 960 a
2271 904 2491 961 duabus
2523 913 2654 960 sunt
2686 913 2861 978 gesta,
2898 921 3007 963 non
3042 909 3162 964 sine
3206 910 3378 965 unius
3419 911 3644 977 auxilio,

2055 1013 2218 1070 quam
2248 999 2494 1053 omnium
2528 1005 2758 1054 matrem
2803 1014 2925 1055 esse.
2968 999 3260 1069 deﬁniunt,
3297 1001 3414 1056 ﬁeri
3483 1001 3649 1072 perii.

2054 1091 2214 1161 cique
2244 1098 2562 1162 potuerunt.
2618 1092 2701 1147 Ab
2747 1107 2855 1146 una
2891 1092 3095 1164 quippe
3133 1107 3303 1149 causa
3337 1092 3511 1148 ambae
3541 1093 3651 1149 iilar

2056 1191 2268 1240 mentes
2301 1182 2562 1253 profectae
2593 1191 2743 1249 sunt,
2779 1185 2898 1241 sine
2926 1200 3036 1256 qua
3060 1185 3200 1239 nihil
3233 1185 3457 1240 omnino
3485 1201 3550 1240 ex
3578 1186 3648 1242 iis

2055 1291 2176 1346 qua:
2209 1281 2338 1330 sunt
2387 1273 2615 1345 produci
2647 1275 2844 1346 potuit.
2903 1275 2983 1330 lta
3021 1273 3241 1331 tandem
3277 1290 3344 1331 eo
3391 1290 3649 1331 necessa-

2056 1368 2142 1422 rio
2174 1374 2480 1433 recurrent,
2515 1383 2685 1422 unum
2718 1374 2778 1423 ut
2813 1366 3104 1422 Dominum
3136 1383 3324 1422 rerum
3373 1369 3646 1432 omnium,

2055 1465 2110 1514 et
2143 1465 2447 1526 auctorem,
2498 1473 2563 1512 ac
2616 1459 2957 1514 conditorem
3009 1459 3393 1515 universorum
3449 1459 3647 1514 admit-

2055 1557 2194 1614 tant,
2226 1549 2320 1604 ubi
2346 1549 2514 1604 semel
2539 1549 2869 1620 principium
2899 1549 3125 1605 unicum
3156 1565 3282 1605 esse
3312 1551 3648 1621 comprobac

361 1657 477 1702 tum
509 1648 690 1704 fuerit.
746 1647 842 1703 liis
874 1646 1139 1703 adversus
1165 1646 1307 1701 hanc
1339 1648 1592 1705 heresim
1625 1645 1945 1718 disputatis,
1976 1656 2041 1698 ac
2070 1639 2334 1712 pestifero
2373 1640 2596 1694 illorum
2623 1641 2772 1695 velut
2827 1641 3080 1712 aspidum
3143 1655 3356 1696 veneno
3405 1641 3642 1702 detecto.

361 1740 430 1794 ad
465 1738 628 1794 aliam
656 1738 938 1812 deinceps,
983 1755 1096 1812 quo
1125 1755 1228 1798 nos
1268 1740 1506 1796 instituti
1554 1741 1742 1812 operis
1771 1737 1946 1794 series
1982 1739 2166 1799 vocat,
2199 1730 2567 1791 convertenda
2597 1745 2791 1786 rursus
2820 1732 3021 1787 oratio.

799 1875 991 1928 ΚΑΤΑ
1027 1874 1482 1942 ΔΡΧΟΝΤΙΚΩΝ
1501 1913 1518 1940 ,

644 2009 908 2080 Είκοστὴ
933 2049 949 2076 ,
975 2009 1016 2079 ἠ
1045 2008 1145 2065 καί
1178 2008 1666 2078 τεσσαρακοστή.

432 2118 510 2176 Α’.
541 2120 904 2193 Ἀρχοντικῶν
929 2139 1014 2186 τις
1039 2123 1250 2195 αἵρεσις
1269 2123 1479 2187 τούτοις
1505 2123 1699 2178 ἕπεται
1718 2138 1732 2154 ·
1762 2123 1862 2177 οὐκ
1891 2125 1950 2178 ἐν

365 2212 580 2275 πολλοῖς
606 2212 664 2266 δὲ
695 2213 882 2276 τόποις
917 2211 1059 2283 αὕτη
1094 2214 1366 2283 φαίνεται,
1407 2214 1440 2284 ἢ
1472 2213 1630 2285 μόνον
1657 2215 1715 2268 ἐν
1743 2216 1810 2285 τῇ
1836 2215 1950 2268 Πα-

363 2304 648 2360 λαιστίνων
693 2305 956 2379 ἐπαρχίᾳ.
1003 2308 1358 2378 Μετήνεγκαν
1403 2307 1462 2360 δὲ
1511 2306 1604 2360 τὸν
1659 2305 1836 2360 αὐτῶν
1873 2306 1952 2359 ίὸν

359 2397 464 2470 ἤδη
497 2413 601 2450 που
630 2397 724 2451 καὶ
750 2399 830 2462 είς
873 2401 974 2470 τὴν
1011 2401 1256 2472 μεγάλην
1298 2398 1610 2470 Ἀρμενίαν.
1659 2397 1821 2453 Ἀλλὰ
1855 2401 1950 2453 καὶ

361 2494 420 2544 ἐν
445 2491 513 2561 τῆ
553 2491 726 2562 μικρᾷ
764 2491 1024 2564 Ἀρμενίᾳ
1056 2491 1214 2546 τοῦτο
1234 2492 1297 2545 τὸ
1332 2489 1572 2556 ζιζάνιον
1603 2491 1702 2563 ἥδη
1742 2491 1950 2564 ἐσπαρο

360 2599 449 2634 ται
480 2581 586 2634 ὑπὸ
618 2581 811 2654 ἀνδρὸς
839 2599 984 2646 τινος
1014 2583 1455 2654 ἐπιδημήσαντος
1475 2584 1542 2654 τῇ
1577 2581 1950 2636 Παλαιστίνων

361 2677 433 2744 γῇ
462 2673 569 2726 ἀπὸ
607 2674 897 2746 Ἀρμενίας
929 2676 987 2729 ἐν
1015 2675 1229 2747 χρόνοις
1261 2675 1661 2741 Κωνσταντίου,
1694 2675 1823 2745 περὶ
1849 2673 1949 2745 τὴν

362 2765 530 2820 αὑτοῦ
563 2766 840 2838 τελευτὴν,
875 2768 1156 2822 Εὐτάκτου
1189 2767 1445 2839 ὀνόματι,
1485 2767 1684 2839 μᾶλλον
1725 2766 1782 2820 δὲ
1817 2767 1950 2821 ἁτάο

361 2874 494 2910 κτου
520 2857 611 2910 τὸν
647 2857 869 2928 τρόπον,
897 2857 992 2911 καὶ
1026 2857 1290 2928 μαθόντος
1319 2855 1417 2928 τὴν
1455 2853 1947 2910 κακοδιδασκαλίαν
1976 2923 1978 2925 ᾳ

359 2949 587 3022 ταύτην,
617 2945 736 3003 εἷτα
769 2950 1154 3015 ἐπανελθόντος
1178 2951 1257 3013 είς
1290 2950 1359 3003 τὰ
1383 2950 1556 3003 οίκεῖα
1585 2949 1679 3002 καὶ
1705 2947 1952 3016 διδάξαν-

361 3056 475 3104 τος.
508 3039 788 3093 Μετέλαϐε
814 3039 870 3094 δὲ
894 3082 910 3108 ,
955 3039 1031 3104 ὡς
1078 3039 1214 3112 ἔφην
1237 3081 1251 3104 ,
1279 3040 1338 3093 ἐν
1363 3033 1697 3110 Παλαιστίνῃ
1739 3039 1814 3102 ὡς
1844 3037 1949 3092 ὑπὸ

362 3127 587 3191 ἀσπίδος
640 3128 718 3182 ίὸν
764 3129 874 3182 ἀπὸ
926 3129 1132 3201 Πέτρου
1169 3129 1312 3192 τινος
1361 3128 1660 3200 γέροντος,
1716 3127 1949 3194 ἀναξίως

2276 1865 2438 1936 291
2481 1863 2860 1922 ADVERSUS
2904 1865 3418 1938 ARCIIONTICOS,

2350 2034 2352 2036 τ
2397 1999 2530 2070 Quas
2565 2009 2644 2055 est
2673 2001 2888 2057 haeresis
2922 1999 3032 2056 XX
3069 2002 3148 2058 vel
3191 2002 3311 2090 XL.

2122 2110 2164 2166 Ι.
2208 2109 2468 2166 Proxima
2498 2112 2626 2167 huic
2651 2112 3217 2169 estArchonticorum
3250 2116 3497 2184 lmresis,
3519 2135 3644 2189 quae

2053 2210 2236 2258 tamen
2286 2201 2431 2257 haud
2481 2203 2761 2274 plerisque
2803 2213 2961 2260 extra
3011 2204 3364 2262 Palaestinam
3406 2209 3462 2264 in
3507 2209 3648 2265 locis

2051 2295 2315 2350 cernitur.
2351 2292 2676 2366 Quanquam
2708 2296 2861 2352 virus
2895 2313 3056 2352 suum
3090 2298 3143 2352 in
3169 2299 3434 2368 majorem
3474 2301 3643 2356 etiam

2027 2385 2368 2440 ‘Armeniam
2415 2384 2772 2441 diﬂuderunt.
2810 2384 2922 2441 lmo
2949 2395 3003 2441 et
3047 2387 3103 2442 in
3145 2387 3404 2444 Armenia
3432 2390 3648 2446 minore

2055 2476 2246 2530 lolium
2279 2475 2423 2530 istud
2446 2487 2596 2531 certo
2624 2477 2695 2532 ab
2726 2477 2946 2532 homine
2968 2476 3384 2534 disseminatum
3415 2489 3520 2548 est,
3553 2487 3647 2554 qui

2052 2568 2216 2637 paulo
2247 2575 2376 2622 ante
2403 2566 2713 2623 Constantii
2745 2568 3090 2639 imperatoris
3115 2571 3324 2626 obitum
3354 2588 3422 2627 ex
3454 2577 3648 2630 Arme-

2052 2660 2144 2712 nia
2173 2660 2227 2713 in
2262 2657 2609 2715 Palaestinam
2656 2659 2936 2730 profectus
2964 2670 3071 2726 est,
3104 2661 3368 2718 Eutactus
3399 2666 3644 2732 nomine.

2054 2753 2168 2808 sive
2215 2752 2444 2808 Atactus
2489 2753 2691 2822 potius,
2724 2753 2831 2809 hoc
2865 2763 2950 2810 est
2977 2755 3222 2810 moribus
3263 2757 3642 2827 perturbatus.

2052 2843 2155 2910 Qui
2198 2857 2324 2897 cum
2363 2842 2553 2899 infelix
2579 2845 2710 2899 illud
2769 2845 2970 2916 dogma
3019 2827 3401 2913 combibisset,
3455 2849 3512 2904 in
3553 2866 3651 2921 pa-

2051 2935 2212 2988 triam
2274 2949 2531 2989 reversus
2588 2933 2832 3004 proﬁteri
2905 2937 3075 3006 coepit
3131 2939 3280 3008 quod
3352 2940 3642 2996 didicerat-

2052 3022 2338 3094 Ejusmodi
2383 3040 2550 3095 porro
2583 3027 2729 3081 velut
2773 3027 2840 3082 ab
2875 3026 3064 3098 aspide
3099 3044 3390 3096 venenum,
3443 3047 3473 3086 a
3514 3047 3648 3089 sene

2052 3116 2291 3187 quodam
2337 3115 2614 3183 hauserat,
2655 3120 2876 3174 nomine
2920 3118 3107 3187 Petro,
3141 3121 3236 3176 sed
3281 3121 3510 3177 minime
3542 3122 3648 3178 hac

364 3219 573 3290 Πέτρου
615 3218 950 3289 καλουμένου
983 3259 998 3284 ,
1036 3220 1095 3284 ὃς
1147 3219 1386 3292 κατῴκει
1429 3222 1488 3272 ἐν
1530 3221 1595 3290 τῇ
1629 3219 1729 3290 τῆς
1773 3218 1953 3272 Ἐλευ-

2057 3209 2420 3281 appellatione
2451 3209 2620 3280 digno
2652 3228 2666 3264 :
2712 3211 2807 3281 qui
2840 3211 2897 3266 in
2930 3212 3386 3284 Eleutheropolis,
3423 3221 3476 3270 et
3510 3212 3642 3269 Hie-

365 3309 703 3384 θεροπόλεως
769 3311 1123 3383 Ἰερουσαλὴμ
1173 3313 1189 3344 ¹
1247 3313 1432 3384 ἐνορίᾳ
1462 3351 1477 3377 ,
1539 3310 1795 3366 ἐπέκεινα
1850 3312 1952 3382 τῆς

365 3400 595 3474 Χεϐρὼν
617 3402 730 3475 (54)
755 3405 1003 3476 σημείοις
1028 3405 1197 3474 τρισὶ,
1219 3405 1620 3477 Καϐαρϐαριχὰ
1637 3405 1736 3476 τὴν
1760 3405 1914 3459 πόλιν
1930 3407 1952 3437 ²

374 3490 651 3546 καλοῦσιν.
697 3485 870 3556 Οὗτος
907 3495 935 3546 ὁ
979 3492 1156 3567 γέρων
1205 3493 1275 3547 τά
1314 3493 1508 3565 πρῶτα
1560 3492 1765 3565 ἔνδυμα
1806 3491 1954 3566 εἶχεν

369 3583 712 3656 ἔκπληκτον.
772 3585 1113 3657 ὑποκρίσεως
1162 3585 1354 3657 γέμον.
1409 3586 1648 3653 Ἐξωθεν
1702 3587 1802 3657 μὲν
1843 3586 1952 3659 γὰρ

363 3674 584 3745 άληθῶς
643 3674 838 3729 κώδιον
894 3675 1168 3746 προϐάτου
1223 3675 1495 3747 ἠμφίεστο
1518 3718 1533 3742 ,
1586 3678 1835 3747 ἠγνοεῖτο
1893 3677 1952 3730 δὲ

365 3765 578 3820 ἔνδοθεν
630 3765 794 3828 λύκος
850 3766 1112 3838 ὑπάρχων
1159 3766 1363 3839 ἅρπαξ.
1411 3765 1797 3839 Ἀναχωρητὴς
1845 3766 1954 3839 γάρ

364 3859 541 3913 ἐδόκει
567 3856 730 3923 εἶναι,
762 3859 821 3912 ἐν
863 3859 1114 3929 σπηλαίῳ
1146 3859 1253 3912 τινὶ
1283 3857 1665 3929 καθεζόμενος.
1698 3859 1794 3922 Ὃς
1823 3857 1952 3910 πολ-

365 3952 494 4015 λοὺς
515 3949 677 4022 δῆθεν
705 3951 1011 4022 συνήγαγεν
1034 3952 1115 4014 είς
1144 3949 1408 4014 ἀπόταξιν
1426 3967 1440 3980 ·
1465 3949 1561 4004 καὶ
1585 3950 1768 4022 πατὴρ
1793 3948 1954 4022 δῆθεν

365 4045 459 4100 διὰ
481 4050 552 4098 ’τε
579 4045 641 4097 τὸ
675 4043 856 4115 γῆρας
891 4044 986 4096 καὶ
1019 4043 1081 4096 τὸ
1120 4043 1307 4114 σχῆμα
1351 4042 1631 4095 ἐκαλεῖτο’
1662 4042 1731 4096 τά
1759 4059 1819 4095 τε
1851 4043 1952 4095 αύ-

365 4136 463 4190 τοῦ
510 4136 828 4206 ὑπάρχοντα
868 4137 1109 4205 πτωχοῖς
1144 4133 1407 4204 διένειμε,
1441 4133 1534 4188 καὶ
1583 4131 1706 4186 καθ’
1740 4133 1953 4204 ἡμέραν

370 4227 744 4299 ἐλεημοσύνας
773 4227 967 4280 ἐποίει.
1006 4227 1094 4280 Ἐν
1126 4225 1182 4279 δὲ
1219 4227 1284 4296 τῇ
1318 4224 1509 4297 πρώτῃ
1559 4223 1746 4297 ἡλικίᾳ
1785 4223 1952 4278 αὑτοῦ

369 4321 430 4372 ἐν
465 4317 690 4382 πολλαῖς
719 4317 995 4389 αἱρέσεσιν
1023 4315 1318 4387 ἐξητάσθη.
1362 4316 1483 4369 Ἐπὶ
1521 4315 1734 4369 Ἀετίου
1763 4314 1820 4368 δέ
1858 4313 1968 4368 τοῖ’)⁸

367 4409 675 4465 ἐπισκόπου
703 4405 1124 4478 κατηγορηθεὶς,
1151 4403 1246 4458 καὶ
1275 4403 1554 4475 ἐλεγχθεὶς
1576 4405 1699 4457 τότε
1719 4405 1817 4476 τὴν
1846 4404 1955 4458 τῶν

371 4499 693 4553 Γνωστικῶν
733 4497 934 4569 μετιὼν
966 4497 1197 4568 αἵρεσιν,
1230 4495 1510 4570 καθῃρέθη
1547 4495 1656 4549 ἀπὸ
1693 4495 1787 4550 τοῦ
1819 4513 1953 4568 πρεο

2054 3302 2460 3374 rosolymorum
2487 3301 3018 3374 ﬁnibus,habltabat,
3069 3306 3234 3360 tertio
3282 3306 3351 3360 ab
3391 3304 3648 3362 Hebrone

2054 3391 2255 3463 lapide,
2285 3391 2486 3463 oppido
2515 3393 2663 3463 quod
2700 3391 3108 3450 Cabarbaricha
3148 3397 3459 3451 nominant.
3505 3394 3646 3454 Ilu;c

2053 3497 2221 3555 porro
2246 3485 2363 3540 seni
2400 3485 2634 3540 vestitus
2667 3493 2787 3540 erat
2826 3485 2987 3542 initio
3031 3487 3329 3558 asperitate
3363 3488 3483 3558 ipsa
3515 3489 3648 3545 bor-

2053 3577 2258 3643 ribilis,
2300 3585 2355 3633 et
2386 3576 2452 3632 ad
2499 3579 2904 3634 simulationem
2932 3581 3224 3638 aﬁ'ectatus
3258 3601 3271 3637 :
3305 3598 3370 3638 ac
3396 3599 3520 3640 cum
3551 3600 3647 3640 ex-

2054 3669 2336 3725 trinsecus
2365 3670 2485 3724 ovis
2526 3669 2667 3740 pelle
2695 3680 2840 3726 esset
2867 3669 3115 3737 indutus,
3155 3675 3319 3743 lupus
3355 3685 3472 3730 erat
3497 3677 3646 3733 intus

2056 3762 2452 3833 rapacissimus
2491 3770 2545 3816 et
2580 3763 2852 3818 occultus.
2874 3764 3237 3828 ,Anachoreta
3271 3769 3474 3840 quippe
3519 3786 3644 3827 esse

2053 3855 2342 3910 videbatur
2373 3855 2425 3908 in
2459 3855 2722 3926 spelunca
2772 3855 2997 3927 degens.
3031 3857 3138 3924 Qui
3177 3861 3399 3931 quidem
3435 3863 3645 3932 pleros-

2055 3963 2162 4018 que
2195 3948 2466 4004 abdicatis
2497 3947 2737 4004 fortunis
2786 3951 3046 4006 omnibus
3079 3953 3147 4008 ad
3183 3969 3306 4010 sese
3349 3958 3640 4026 pertraxit.

2054 4037 2325 4108 Paterque
2370 4039 2530 4108 vulgo
2563 4052 2688 4092 cum
2739 4039 2812 4094 ob
2843 4047 3078 4108 aetatem,
3120 4049 3234 4097 tum
3279 4045 3351 4100 ob
3392 4046 3641 4102 habitum

2057 4129 2234 4199 ipsum
2268 4127 2532 4198 appellari
2567 4128 2798 4184 solebat.
2836 4128 2982 4184 Idem
3014 4133 3281 4204 quidquid
3311 4135 3546 4192 habebat
3585 4139 3640 4193 in

2055 4237 2255 4294 egenos
2276 4221 2632 4288 distribuere,
2656 4237 2721 4278 ac
2760 4225 3009 4294 qu0tidie
3030 4229 3226 4299 stipem
3259 4245 3505 4303 erOgare.
3533 4231 3643 4290 Sed

2057 4315 2126 4369 ab
2171 4315 2397 4369 ineunte
2444 4322 2605 4369 aetate
2649 4315 2821 4370 variis
2868 4331 2930 4372 se
2978 4316 3285 4378 haeresibus
3334 4322 3643 4381 addixerat.

2056 4406 2253 4463 Postea
2300 4407 2366 4462 ad
2401 4407 2617 4462 Aetium
2661 4409 2985 4479 episcopum
3038 4411 3278 4482 delatus,
3326 4429 3392 4470 ac
3423 4415 3647 4473 Gttosti-

2057 4514 2247 4555 corum
2281 4499 2509 4555 haeresis
2542 4499 2850 4568 convictus,
2877 4515 2908 4555 a
2933 4504 3240 4560 sacerdotio
3260 4514 3646 4564 exauctoratus

372 4590 681 4662 σϐυτερίου.
705 4585 816 4643 Ἦν
853 4589 963 4661 γὰρ
999 4585 1360 4651 κατασταθείς
1405 4603 1538 4641 ποτε
1582 4588 1953 4661 πρεσϐύτερος

2059 4598 2165 4647 est.
2222 4589 2373 4648 Illius
2433 4593 2638 4664 quippe
2677 4590 2786 4645 loci
2837 4601 3059 4650 creatus
3112 4596 3241 4650 olim
3303 4595 3482 4652 fuerat
3521 4615 3646 4669 pre.

367 4682 470 4738 τοῦ
499 4682 603 4754 (τε)
631 4682 834 4736 τόπου..

443 4772 599 4828 Μετὰ
654 4772 714 4826 δὲ
758 4771 850 4826 τὸν
895 4769 1118 4839 ἔλεγχον
1161 4768 1270 4823 ὑπὸ
1298 4768 1510 4823 Ἀετίου
1558 4769 1814 4842 ἐδιώχθη,
1860 4767 1958 4823 καὶ

369 4864 625 4922 ἀπελθὼν
651 4862 974 4936 κατῴκησεν
1005 4864 1064 4915 ἐν
1090 4863 1160 4934 τῇ
1194 4860 1424 4934 Ἀραϐίᾳ
1457 4862 1516 4915 ἐν
1541 4863 1803 4934 Κωχάὸῃ,
1829 4861 1958 4916 ἔνθα

370 4959 430 5014 ai
465 4957 579 5011 τῶν
604 4955 938 5011 Ἔόιωναίων
981 4971 1042 5008 τε
1083 4956 1180 5008 καὶ
1219 4951 1559 5026 Ναζωραίων
1599 4953 1746 5026 ῥίζαι
1790 4954 1956 5026 ἐνήρ-

372 5051 556 5118 ξαντο,
586 5048 662 5113 ὡς
700 5049 796 5103 καὶ
830 5050 888 5101 ἐν
925 5047 1148 5112 πολλαῖς
1197 5045 1443 5119 αἱρέσεσι
1476 5046 1606 5118 περὶ
1646 5045 1742 5100 τοῦ
1785 5047 1955 5101 τόπου

371 5143 565 5198 τούτου
591 5143 862 5216 ἐσήμανα.
888 5141 1156 5211 ’Ὕστερον
1179 5137 1256 5201 δὲ,
1281 5138 1358 5203 ὡς
1389 5137 1778 5212 σωφρονισθείς
1818 5138 1959 5210 πρὸς

369 5237 435 5290 τὸ
463 5235 664 5306 γῆρας,
699 5233 863 5288 πάλιν
893 5230 1163 5303 ἐπανῆλθε
1196 5229 1377 5302 φέρων
1411 5228 1588 5302 ἐαυτῷ
1626 5229 1830 5302 ταύτην
1859 5229 1960 5302 τὴν

376 5327 613 5383 ίοὸολίαν
645 5325 906 5400 κρύϐδην.
938 5323 1050 5378 Καὶ
1069 5323 1220 5395 παρὰ
1245 5323 1412 5377 πᾶσιν
1437 5322 1823 5395 ἀγνοούμενος,
1853 5323 1960 5387 ἕως

371 5423 466 5476 ὅτε
513 5422 595 5484 εἰς
643 5419 890 5490 ἔσχατον,
933 5416 1028 5486 ἀφ’
1072 5409 1150 5473 ὧν
1192 5417 1273 5479 είς
1306 5408 1423 5470 ὦτά
1470 5432 1632 5469 τινων
1679 5415 1960 5488 ἐψιθύρισε

451 5597 467 5629 ²
498 5595 560 5650 F.
587 5598 684 5650 καὶ
716 5597 943 5667 Ἰερουσ.

1020 5597 1042 5626 ²
1077 5594 1198 5652 Vel.
1231 5596 1327 5651 καὶ
1354 5591 1673 5665 Βαρδαριχὰ
1696 5593 1797 5666 τὴν
1823 5594 2040 5667 κώμην.

2055 4681 2262 4738 sbvter.

2124 4741 2516 4847 beprehensus
2569 4773 2778 4846 itaque,
2820 4783 2876 4831 et
2908 4775 2992 4855 ab
3027 4777 3183 4832 Aetio
3205 4777 3422 4848 pulsus,
3452 4777 3509 4833 in
3538 4777 3645 4834 Coa

2054 4864 2267 4921 chabeu
2311 4865 2527 4920 Arabiae
2567 4866 2825 4936 oppidum
2873 4867 3150 4939 profectus
3173 4877 3258 4925 est
3292 4887 3307 4923 :
3345 4869 3437 4925 ubi
3477 4869 3645 4926 Ebin-

2054 4971 2296 5013 natorum
2344 4971 2410 5013 ac
2460 4955 2846 5014 Nazoraeorum
2900 4960 3112 5017 semina
3151 4960 3420 5032 pullulare
3459 4979 3645 5035 coepe-

2059 5057 2206 5116 rant,
2238 5058 2300 5106 ut
2332 5051 2389 5106 in
2423 5051 2612 5108 multis
2643 5052 2947 5110 refutandis
2994 5053 3298 5113 haaresibus
3333 5065 3493 5110 antea
3525 5070 3644 5110 mo—
3734 5110 3740 5116 ,

2056 5142 2302 5198 nuimus.
2321 5140 2608 5200 Postremo
2631 5145 2780 5201 velut
2802 5147 2977 5202 aetatis
3002 5147 3316 5203 maturitate
3339 5147 3645 5219 sapientior

2058 5233 2260 5301 factus,
2291 5237 2636 5307 postliminio
2678 5239 2861 5308 rediit,
2911 5239 3156 5295 abditum
3201 5238 3336 5295 illud
3385 5241 3540 5296 virus
3586 5241 3644 5297 in

2057 5337 2281 5400 pectore
2319 5330 2521 5396 ferens,
2551 5339 2606 5387 et
2634 5332 2855 5403 ignotus
2881 5332 3164 5399 omnibus,
3203 5331 3380 5388 donec
3423 5331 3643 5388 tandem

2059 5421 2340 5477 nonnullis
2375 5436 2408 5477 e
2433 5423 2806 5493 sermonibus,
2854 5441 2995 5497 quos
3033 5425 3088 5480 in
3131 5421 3438 5494 aliquorum
3475 5436 3644 5480 aures

448 5754 562 5821 (5i)
609 5752 918 5809 Ἐπέκεινα
950 5753 1064 5825 τῆς
1090 5755 1346 5826 Χεϐρών.
1364 5756 1619 5834 Chebron
1643 5755 1953 5827 Eleutherol

2057 5771 2081 5813 s
2116 5753 2279 5827 vulgo
2301 5766 2424 5812 esse
2445 5751 2711 5812 creditur.
