3960 6168
871 59 1171 70 ἓ--ςμ
1188 54 1387 67 annm-afvi-

349 283 445 344 ιιι
554 236 557 237 ί

1017 284 1389 343 ADVERSUS
1428 285 1765 342 lH‘IRESES
1797 286 1935 352 LIB.
1974 286 2017 342 ι.
2062 284 2227 343 TOM.
2271 285 2358 340 lll.
2384 315 2452 325 —-
2493 283 2765 340 "IERES.
2805 284 2919 339 XL.

3519 284 3628 342 682

364 394 709 467 Ἐκκλησίας,
742 395 836 451 καὶ
860 397 919 452 τὸ
953 397 1126 470 ὄνομα
1154 399 1248 452 τοῦ
1284 398 1507 454 Σαϐαὼθ
1542 398 1634 453 τοῦ
1662 400 1753 453 τὸν
1773 400 1935 470 νόμον

2054 405 2205 455 ,estcs
2231 398 2414 465 orbes,
2451 413 2618 469 seque
2645 399 2787 469 apud
2814 413 3257 470 unamquamque
3296 408 3623 470 potestatem

346 488 662 552 δεδωκότος,
696 490 902 543 ἀνιέναι
932 490 1055 545 καθ’
1088 491 1319 545 ἕκαστον
1364 491 1613 563 ούρανὸν,
1669 492 1762 545 καὶ
1793 494 1930 546 ἀπο-

352 581 537 650 λογίαν
578 580 777 635 διδόναι
816 582 1021 654 ἑκάστῃ
1046 581 1295 654 ἐξουσὶσν
1329 583 1425 637 καὶ
1463 583 1636 649 οὕτως
1670 583 1931 655 ὑπερϐαί-

348 692 462 728 νειν
493 673 629 746 πρὸς
680 674 779 745 τὴν
825 674 1103 747 ἀνωτέραν
1146 675 1379 749 Μητέρα
1426 676 1522 729 καὶ
1564 677 1785 747 Πατέρα
1823 675 1931 728 τῶν

348 766 506 831 ὅλων,
535 767 659 820 ὅθεν
703 767 767 838 δὴ
801 767 1070 838 κατῆλθεν
1110 768 1190 831 εἰς
1223 767 1372 821 τόνδε
1402 768 1492 821 τὸν
1528 768 1751 838 κόσμον.
1792 767 1930 838 Ἤδη

349 858 407 911 δὲ
436 852 611 923 εἷπον,
639 858 714 923 ὡς
740 859 1196 930 ἀναθεματίζουσι
1222 859 1283 912 τὺ
1321 859 1622 930 βάπτισμα.
1656 860 1737 925 ὡς
1765 858 1934 929 μυῖαι

351 952 720 1007 θανατοῦσαι
753 952 1123 1022 σαπριοῦσαι
1162 954 1506 1007 σκευασίαν
1545 953 1755 1006 ἐλαίου
1791 952 1936 1020 ἡδύ-

350 1056 614 1114 σματος-ο
660 1041 735 1105 ὡς
773 1041 865 1094 ἐπὶ
900 1041 1108 1095 τούτων
1156 1043 1251 1096 καὶ
1284 1042 1394 1097 τῶν
1437 1042 1637 1112 ὁμοίων
1681 1043 1867 1106 αὐτοῖς
1900 1045 1934 1113 ἡ

353 1132 639 1205 παραϐολὴ
672 1133 750 1204 τῷ
773 1133 1173 1207 Ἐκκλησιαστῇ
1206 1135 1634 1207 είρηται.Μυῖαι
1660 1135 1767 1204 γάρ
1798 1137 1935 1189 εἰσιν

352 1223 571 1295 ἀληθῶς
620 1224 978 1291 θανατοῦσαι,
1028 1226 1125 1280 καὶ
1168 1225 1394 1280 θάνατον
1445 1226 1800 1297 ἐμποιοῦσαι,
1841 1227 1937 1281 καὶ

356 1317 715 1387 σαπρίζουσαι
742 1317 804 1370 τὸ
839 1317 1140 1389 μυρεψικὸν
1164 1318 1341 1373 ἔλαιον
1373 1319 1467 1373 τοῦ
1501 1319 1834 1391 ἡδύσματος,
1869 1319 1938 1372 τὰ

354 1409 487 1476 am
519 1411 613 1463 τοῦ
643 1410 779 1464 Θεοῦ
817 1412 1093 1483 μυστήρια
1138 1411 1207 1465 τά
1234 1414 1291 1465 ἐν
1317 1410 1396 1483 τῷ
1422 1410 1654 1485 ,λουτρῷ
1692 1412 1823 1483 ἡμῖν
1857 1411 1936 1477 είς

353 1500 548 1568 ἄφεσιν
574 1499 858 1572 ἁμαρτιῶν
889 1501 1284 1575 κεχαρισμένα.

424 1593 500 1645 Γ’.
541 1591 852 1662 Θαυμάσειε
890 1593 934 1647 δ’
969 1592 1033 1647 ἄν
1070 1612 1153 1658 τις
1179 1595 1355 1671 εύρὼν
1386 1596 1480 1651 καὶ
1510 1598 1659 1669 παρά
1696 1599 1807 1662 τοῖς
1837 1614 1938 1667 φυλ-

2033 506 2356 547 excusare:
2409 491 2601 559 sicque
2662 490 2729 544 ad
2786 506 3103 562 supremam
3172 491 3401 548 Matrem
3461 502 3627 564 atque

2039 584 2289 639 omnium
2323 583 2609 654 pervenire
2632 582 2945 651 Parentem,
2975 601 3003 640 a
3040 584 3150 656 quo
3186 587 3241 641 in
3287 588 3436 642 bunc
3464 603 3593 641 mun
3613 619 3627 628 ι

2035 676 2165 730 dum
2218 676 2440 745 delapsa
2485 674 2576 731 sit.
2619 674 2869 731 Diximus
2914 677 3247 746 baptismum
3285 679 3353 733 ab
3384 678 3495 733 illis
3537 694 3627 734 re-

2032 767 2152 837 jici.
2189 766 2333 832 Nam
2362 783 2556 823 musca:
2588 769 2868 823 morientes
2895 768 3120 838 perdunt
3168 752 3483 826 suavitatem
3522 788 3626 826 un-

2033 856 2212 927 guenti
2243 872 2261 910 :
2292 857 2436 926 quod
2465 856 2531 911 de
2561 857 2681 912 istis
2702 900 2715 923 ,
2749 872 3051 927 eorumque
3084 859 3357 916 similibus
3396 876 3628 931 prover-

2038 948 2114 1003 bii
2169 949 2352 1017 specie
2374 947 2734 1005 Ecclesiastes
2768 951 3153 1018 pronuntiat’.
3199 950 3398 1008 Muscae
3420 954 3625 1024 quippe

2037 1048 2167 1097 sunt
2220 1039 2537 1104 mortiferae,
2589 1057 2713 1112 quae
2739 1042 3020 1096 conditum
3066 1058 3096 1097 a
3145 1043 3477 1114 seplasiariis
3525 1062 3627 1099 un-

2039 1135 2301 1200 guentum
2354 1128 2629 1196 inﬁciunt,
2679 1129 2865 1185 divina
2908 1122 3161 1187 videlicet
3195 1132 3474 1203 mysteria,
3507 1149 3629 1203 quae

2039 1220 2107 1275 ad
2151 1227 2506 1290 peccatorum
2548 1221 3010 1279 condonationem
3060 1224 3308 1283 nobisin
3354 1226 3627 1297 baptismo

2039 1312 2238 1368 collata
2277 1321 2422 1370 sunt.

2110 1596 2197 1652 lll.
2267 1596 2558 1654 Enimvero
2621 1597 2811 1653 mirari
2866 1600 3140 1671 quispiam
3205 1601 3342 1657 illud
3402 1606 3628 1673 poterit,

358 1691 621 1760 σιολόγοις
652 1691 774 1745 τινὰ
801 1692 1069 1762 ὠφελείας
1090 1692 1324 1764 ἔμπλεα,
1357 1694 1711 1759 ἀπεικασθεὶς
1742 1697 1808 1765 τῇ
1840 1693 1939 1763 τῆς

2054 1705 2207 1761 quam
2245 1690 2416 1743 multa
2447 1690 2502 1743 in
2535 1690 2869 1744 naturalium
2899 1707 3084 1747 rerum
3116 1694 3488 1765 scriptoribus
3524 1698 3632 1752 uti-

359 1783 616 1855 μελίττης
667 1759 921 1851 συνέσει,
960 1785 1057 1854 τῆς
1090 1759 1176 1854 ἐρ’
1208 1785 1423 1840 ἅπαντα
1460 1786 1556 1856 μὲν
1587 1786 1656 1838 τά
1706 1759 1939 1855 βλαστή-

2054 1759 2215 1838 litatis
2241 1782 2402 1853 plena
2438 1774 2692 1852 reperiat,
2726 1782 2773 1837 si
2804 1784 2925 1853 apis
2950 1784 3081 1839 velit
3132 1759 3338 1841 imitari
3386 1788 3630 1857 pruden-

360 1893 509 1946 ματα
541 1873 940 1947 ἐφιζανούσης,
1004 1876 1076 1930 τά
1108 1874 1358 1948 χρήσιμα
1403 1877 1461 1929 δὲ
1511 1878 1677 1948 ἐαυτῇ
1724 1880 1943 1930 ἐπισυν-

357 1967 615 2037 αγούσης.
661 1965 723 2021 '0
768 1966 878 2038 γὰρ
919 1968 1136 2031 συνετὸς
1174 1967 1458 2040 ἄνθρωπος
1494 1969 1790 2040 οὐδαμόθεν
1844 1968 1942 2040 ζη-

362 2056 578 2128 μιοῦται
602 2097 616 2122 ,
651 2057 766 2111 ἀλλ’
792 2057 826 2124 ἢ
873 2058 1208 2128 πανταχόθεν
1236 2058 1511 2130 κερδαίνει
1535 2077 1548 2089 '
1586 2060 1844 2122 ἀσύνετος
1888 2058 1944 2111 δὲ

359 2148 804 2220 ζημιωθήσεται,
832 2150 909 2214 ὡς
941 2151 1037 2203 καὶ
1074 2152 1101 2203 ὁ
1124 2149 1279 2219 ἅγιος
1312 2153 1595 2223 προφήτης
1626 2151 1812 2220 λέγει’
1850 2151 1946 2216 Τίς

358 2241 637 2307 συνετὸς,
669 2241 770 2296 καί
795 2241 1056 2311 συνήσει
1075 2242 1296 2307 muta;
1319 2243 1418 2296 καὶ
1450 2245 1482 2296 ό
1509 2244 1693 2312 λόγος
1721 2243 1945 2310 Κυρίου

358 2330 533 2398 ἐστὶ,
569 2331 669 2385 καὶ
706 2330 997 2402 γνώσεται
1047 2331 1236 2393 αὐτὰ,
1293 2332 1384 2386 ὅτι
1441 2332 1663 2387 εὐθεῖαι
1714 2334 1773 2385 αἱ
1820 2331 1946 2385 ὁδοὶ

359 2424 585 2490 Κυρίου
610 2441 623 2453 ·
676 2424 913 2491 ἀσεϐεῖς
951 2423 1020 2477 δὲ
1071 2423 1532 2491 ἀσθενήσουσιν
1579 2425 1651 2478 ἐν
1701 2421 1948 2488 αὐταῖς;

360 2515 611 2587 Εὖρομεν
662 2515 770 2588 γὰρ
804 2515 899 2570 καὶ
937 2514 1089 2587 παρὰ
1141 2519 1252 2581 τοῖς
1292 2516 1647 2588 καλουμένοις
1698 2513 1949 2584 φυσιολό-

361 2626 513 2679 γοις,
568 2607 768 2678 μᾶλλον
818 2607 875 2661 δὲ
924 2609 1085 2679 ἡμεῖς
1117 2608 1271 2661 αὐτοὶ
1318 2607 1534 2681 ὁρῶμεν
1559 2649 1572 2674 ,
1623 2608 1698 2672 ὡς
1742 2607 1804 2661 τὸ
1841 2607 1949 2662 τῶν

362 2700 655 2775 κανθάρων
685 2700 842 2769 γένος
876 2699 988 2772 (56)
1016 2700 1077 2753 τὸ
1105 2701 1257 2772 παρά
1283 2718 1392 2754 τισι
1433 2700 1665 2771 βυλάρον
1689 2699 1954 2770 καλούμε-

363 2810 454 2847 νον
474 2833 489 2857 ,
533 2792 820 2865 συνήθειαν
868 2792 981 2863 ἔχει
1017 2795 1074 2846 ἐν
1104 2796 1171 2865 τῇ
1203 2793 1435 2863 δυσωδίᾳ
1466 2794 1561 2848 καὶ
1594 2794 1785 2867 κόπρῳ
1815 2795 1950 2847 ἀνα-

364 2887 649 2941 κυλίεσθαι
675 2928 689 2952 ,
726 2887 821 2940 καὶ⁹
854 2885 992 2957 αὕτη
1026 2886 1210 2948 αὐτοῖς
1239 2886 1410 2957 τροφή
1440 2903 1499 2939 τε
1538 2887 1635 2939 καὶ
1678 2886 1911 2959 ἐργασία
1937 2902 1950 2916 ⁸

364 2980 547 3044 ἄλλοις
596 2979 654 3033 δὲ
699 2978 799 3051 τὴν
839 2978 1012 3049 αὐτὴν
1044 2977 1236 3031 τούτου
1272 2976 1582 3049 βορϐορὼδη
1611 2977 1836 3049 τροφὴν,
1874 2979 1952 3041 είς

369 3072 469 3143 μὲν
518 3071 814 3142 ἐπάχθειαν
862 3069 959 3124 καὶ
1011 3070 1325 3140 δυσοδμίαν.
1366 3070 1478 3124 Καὶ
1532 3069 1815 3140 μελίσσαις
1855 3070 1952 3140 μὲν
1980 3099 2023 3155 C

365 3164 577 3236 αύτηή
625 3164 828 3235 κόπρος
877 3163 970 3217 καὶ
1018 3161 1251 3217 δυσωδία
1290 3161 1551 3226 θάνατος,
1594 3162 1849 3234 βυλάροις
1897 3162 1955 3215 δέ

367 3261 515 3311 ἐστιν
548 3256 781 3327 ἐργασία
827 3256 922 3309 καὶ
952 3254 1126 3327 τροφὴ
1180 3254 1275 3309 καὶ
1308 3255 1684 3327 πραγματεία.
1724 3255 1859 3319 Ταῖς
1898 3255 1955 3309 δὲ

372 3350 656 3422 μελίσσαις
689 3349 994 3404 τούναντίον
1022 3351 1055 3417 ἠ
1086 3346 1309 3418 εύοδμία
1339 3348 1433 3400 καὶ
1456 3346 1526 3400 τὰ
1556 3346 1690 3419 ἄνθη
1712 3388 1728 3414 ,
1769 3346 1864 3400 καὶ
1889 3345 1956 3399 τὰ

372 3443 521 3513 μύρα
574 3443 655 3506 είς
685 3438 965 3511 ἀναψυχὴν
985 3481 999 3505 ,
1038 3439 1212 3492 κτίσιν
1240 3454 1299 3501 τε
1350 3436 1445 3490 καὶ
1484 3436 1683 3507 ἐδωδὴν
1706 3479 1721 3502 ,
1756 3439 1833 3500 εἰς
1865 3437 1957 3507 ἐρ-

366 3533 567 3603 γασίαν
601 3532 784 3585 τεκαὶ
826 3529 1244 3603 πραγματείαν·
1285 3530 1397 3591 τοῖς
1428 3526 1485 3580 δὲ
1514 3525 1808 3598 κανθάροις
1843 3520 1957 3590 τοῖς

367 3624 792 3696 προειρημένοις
817 3663 831 3688 ,
861 3622 958 3675 εἴτ’
987 3618 1081 3676 οὖν
1111 3621 1366 3694 βυλάροις
1384 3663 1398 3686 ,
1433 3620 1651 3674 ἐναντία
1678 3618 1747 3672 τά
1774 3618 1958 3673 τοιαῦ-

367 3733 458 3772 τα.
499 3717 559 3770 '0
594 3715 703 3787 γὰρ
735 3714 1055 3786 βουλόμενος
1084 3713 1307 3778 τούτους
1339 3713 1652 3784 δοκιμάσαι,
1689 3711 1764 3775 ὥς
1793 3729 1958 3780 φασιν

369 3810 421 3864 οἱ
446 3808 789 3878 φυσιολόγοι,
825 3806 932 3861 ἀπὸ
968 3806 1140 3878 μύρου
1161 3849 1177 3874 ,
1221 3806 1364 3876 φημὶ
1389 3805 1445 3859 δὲ
1474 3803 1857 3874 ὀποϐαλσάμου
1879 3843 1892 3868 ,
1922 3803 1954 3874 ἢ

370 3901 567 3974 νάρδου
589 3898 793 3962 λαὸὼν,
825 3898 917 3953 καὶ
948 3897 1320 3968 προσενέγκας
1348 3898 1461 3960 τοῖς
1502 3894 1796 3967 κανθάροις
1819 3935 1833 3959 ,
1864 3893 1958 3947 θά-

371 4010 531 4047 νατον
562 3992 743 4053 αὐτοῖς
768 3991 1005 4061 ἐμποιεῖ.
1046 3989 1224 4053 Εὐθὺς
1253 3989 1361 4059 γὰρ
1399 3986 1714 4051 τελευτῶσι,
1757 3985 1958 4057 μὴ-φέ-

373 4100 562 4157 ροντες
589 4082 687 4155 τὴν
713 4081 960 4135 εὐωδίαν.
999 4079 1155 4134 Οὕτω
1186 4079 1281 4134 καὶ
1317 4064 1485 4143 οὗτοι,
1518 4078 1617 4149 τῆς
1660 4076 1759 4148 μὲν
1791 4077 1959 4147 γαλή-

368 4194 472 4248 νης
504 4178 547 4243 ¹,
580 4175 675 4229 καὶ
705 4172 959 4246 πορνείας
985 4212 998 4237 ,
1026 4173 1122 4227 καὶ
1151 4173 1349 4237 κακίας
1391 4171 1710 4243 ὀρεγόμενοι
1735 4211 1749 4236 ,
1782 4171 1859 4233 είς
1890 4169 1959 4224 τὰ

369 4266 589 4339 πονηρὰ
620 4266 801 4338 ἔχουσι
828 4265 926 4338 τὴν
971 4264 1177 4320 ἑαυτῶν
1203 4265 1394 4319 ἐλπίδα
1414 4282 1427 4295 ο
1465 4263 1864 4335 πλησιάσαντες
1901 4261 1960 4317 δέ

366 4358 447 4428 τῷ
480 4356 619 4427 ἁγίῳ
644 4355 853 4427 λουτρῷ
874 4355 968 4408 καὶ
989 4357 1056 4426 τῇ
1087 4353 1332 4426 εύοδμίᾳ,
1368 4354 1803 4424 ἀποθνήσκουσιν
1827 4392 1841 4417 ,
1878 4353 1959 4414 εἰς

2045 1874 2197 1930 tiam.
2232 1888 2356 1941 quas
2403 1871 2646 1927 ﬂosculis
2694 1873 2954 1930 omnibus
2988 1874 3233 1932 insidens
3267 1877 3635 1950 undecunque

2008 1968 2015 1973 '
2045 1965 2147 2019 sibi
2182 1963 2333 2018 utilia
2372 1964 2596 2033 colligit.
2628 1963 2845 2019 Etenim
2877 1965 2960 2019 vir
2992 1966 3233 2035 prudens
3252 1982 3316 2021 ac
3346 1969 3637 2039 perspicax

2046 2056 2195 2111 nulla
2227 2072 2294 2111 ex
2324 2071 2385 2112 re
2414 2054 2806 2112 detrimentum
2839 2058 3008 2128 capit,
3046 2058 3144 2113 sed
3190 2074 3258 2114 ex
3301 2060 3452 2115 omni
3483 2076 3637 2116 occa-

2045 2148 2200 2206 sione
2245 2148 2533 2215 lucratur;
2605 2148 2927 2218 imprudens
2998 2157 3189 2205 contra
3224 2151 3635 2207 incommodum

2047 2255 2111 2295 ac
2139 2241 2402 2295 damnum
2430 2240 2683 2311 percipit,
2717 2243 2798 2295 uti
2814 2248 3039 2296 sanctus
3064 2243 3329 2312 propheta
3358 2251 3593 2300 testatur
3619 2263 3635 2301 :

2048 2333 2182 2399 Quis
2203 2334 2435 2402 sapiens,
2476 2343 2527 2388 et
2551 2334 2803 2404 intelliget
2827 2333 2936 2414 {nec
2956 2336 2980 2388 ?
2999 2344 3048 2389 et
3068 2337 3278 2390 verbum
3302 2335 3522 2391 Domini
3536 2346 3634 2401 est,

2049 2432 2094 2476 et
2123 2433 2393 2493 cognoscet
2416 2424 2568 2479 ista?
2601 2425 2852 2494 quoniam
2894 2433 3050 2479 recta:
3092 2426 3190 2480 vite
3215 2425 3468 2481 Domini:
3491 2429 3639 2497 impii

2049 2525 2225 2570 autem
2248 2514 2662 2586 in/irmabuntur
2691 2519 2745 2571 in
2766 2518 2841 2571 eis
2859 2517 2919 2570 ³2
2950 2517 3111 2588 Apud
3134 2519 3258 2575 illos
3288 2520 3474 2590 igitur,
3499 2538 3639 2591 quos

2050 2609 2188 2677 dixi,
2222 2611 2555 2665 naturalium
2616 2624 2804 2665 rerum
2855 2610 3157 2681 scriptores
3194 2612 3528 2677 invenimus,
3556 2613 3640 2668 vel

2052 2703 2271 2773 ipsimet
2301 2702 2485 2773 potius
2512 2701 2821 2769 cernimus;
2846 2701 3252 2757 scarabaeorum
3280 2717 3472 2774 genus,
3493 2705 3639 2773 quod

2053 2809 2085 2848 a
2119 2792 2453 2864 quibusdam
2504 2793 2756 2865 bylarum
2806 2800 3057 2862 vocatur,
3093 2794 3149 2849 in
3184 2794 3357 2850 fetore
3400 2810 3468 2850 ac
3501 2806 3644 2851 ster-

2052 2901 2181 2941 core
2206 2885 2441 2941 volutari
2474 2886 2675 2952 solere,
2702 2886 3018 2956 unicunque
3043 2886 3153 2942 illis
3178 2886 3313 2957 ipsis
3334 2895 3389 2944 et
3411 2888 3642 2943 alimen—

2052 2986 2169 3032 tum
2200 2987 2255 3033 et
2284 2993 2421 3047 Opus
2449 2994 2594 3043 esse,
2626 2994 2752 3033 cuin
2791 2980 2914 3035 aliis
2945 2981 3102 3037 dirus
3147 2997 3212 3035 ac
3247 2981 3504 3037 sordidus
3553 2981 3644 3037 ille

2054 3071 2214 3127 cibus
2242 3072 2547 3130 molestiam
2589 3087 2653 3126 ac
2687 3088 2948 3129 nauseam
2983 3073 3181 3144 pariat.
3216 3071 3352 3128 Nam
3386 3073 3479 3144 qui
3514 3088 3646 3144 apes

2060 3163 2221 3219 ﬁmus
2255 3178 2321 3218 ac
2374 3163 2517 3219 fetor
2554 3164 2836 3228 interﬁcit,
2892 3164 3185 3220 scarabaeis
3224 3165 3543 3235 alimentum
3578 3180 3643 3219 ac

2057 3256 2341 3312 materiam
2388 3256 2595 3327 praebet
2647 3257 2853 3327 operis,
2886 3268 2945 3312 ut
2977 3258 3087 3315 illis
3118 3256 3280 3314 liores
3317 3266 3372 3312 et
3411 3259 3642 3314 odorum

2058 3348 2382 3420 fragrantia,
2435 3358 2601 3420 atque
2655 3357 3061 3420 unguentorum
3122 3352 3411 3407 suavitas:
3446 3350 3646 3421 quibus

2059 3440 2316 3496 omnibus
2339 3440 2407 3495 ad
2433 3441 2881 3507 oblectationem,
2910 3450 2965 3498 et
2987 3441 3344 3507 melliﬁcium,
3378 3457 3441 3497 ac
3460 3442 3645 3497 cibum

2058 3542 2115 3587 et
2164 3532 2346 3602 operis
2396 3532 2845 3589 exercitationem
2899 3540 3150 3589 utuntur.
3185 3533 3492 3589 Scarabaeis
3516 3549 3648 3589 vero

2058 3625 2219 3695 longe
2264 3625 2379 3679 baec
2425 3625 2706 3680 contraria
2743 3632 2891 3680 sunt.
2927 3626 3092 3698 294
3118 3627 3223 3693 Qui
3253 3629 3401 3682 enim
3431 3628 3649 3698 pericu-

2058 3715 2172 3769 lum
2233 3714 2415 3771 facere
2457 3715 2711 3778 voluerit,
2747 3722 2805 3768 ut
2850 3715 3155 3787 physiologi
3186 3717 3432 3783 tradunt,
3468 3718 3516 3773 si
3547 3733 3649 3771 un-

2060 3814 2341 3876 guentum,
2369 3814 2514 3877 'puta
2561 3794 2999 3877 opobalsamum,
3033 3815 3127 3863 aut
3170 3809 3403 3863 nardum
3456 3824 3644 3863 scara-

2059 3896 2193 3952 bais
2249 3898 2575 3961 admoveat,
2648 3892 2814 3953 letum
2871 3901 2981 3954 illis
3030 3899 3204 3955 affert.
3252 3899 3451 3954 Statim
3500 3900 3648 3955 enim

2060 3987 2332 4043 suavitate
2363 3988 2551 4044 odoris
2580 3997 2899 4045 enecantur.
2922 3989 3015 4045 Sic
3042 3991 3285 4046 haeretici
3310 3991 3386 4045 illi
3421 3999 3645 4061 stupro-

2061 4092 2181 4131 rum
2216 4091 2279 4132 ac
2307 4077 2617 4142 libidinum,
2665 4084 2720 4134 et
2767 4079 3025 4149 nequitiae
3075 4079 3254 4135 omnis
3305 4088 3645 4150 appetentes,

2062 4169 2313 4238 pesSimis
2341 4170 2397 4223 in
2421 4170 2586 4226 rebus
2614 4186 2764 4241 spem
2796 4187 2948 4228 suam
2973 4172 3280 4238 collocant;
3312 4188 3438 4228 mox
3465 4180 3645 4228 autem

2063 4265 2121 4311 ut
2156 4257 2223 4313 ad
2256 4274 2475 4314 sacrum
2520 4259 2853 4330 baptismum
2885 4269 2940 4315 et
2971 4260 3324 4333 lragrantiam
3366 4263 3515 4317 illam
3552 4278 3643 4317 ac-

2063 4349 2350 4415 cesserint,
2388 4350 2720 4418 moriuntur,
2756 4335 3202 4431 blasphemantes
3236 4355 3429 4424 Deum,
3462 4371 3525 4412 ac
3559 4359 3650 4413 dos

368 4450 465 4503 τὸν
494 4449 628 4502 Θεὸν
664 4445 1108 4520 βλασφημοῦντες
1130 4485 1145 4511 ,
1196 4446 1289 4499 καὶ
1323 4445 1419 4518 τὴν
1452 4445 1629 4500 αύτῶν
1661 4446 1949 4517 κυριότητα

2063 4437 2422 4496 minationem
2455 4440 2579 4512 ejus
2610 4449 2955 4513 spernentes.

372 4541 715 4604 ἀθετοῦντες.
1082 4592 1087 4597 .

446 4636 522 4688 Δ’.
580 4634 675 4686 Ἐκ
710 4634 840 4704 μιᾶς
884 4632 941 4687 δὲ
968 4633 1000 4705 ἢ
1029 4631 1121 4686 δύο
1155 4630 1469 4704 μαρτυριῶν
1498 4630 1698 4694 αὐτοὺς
1727 4629 1958 4702 ἀνατρέ-

370 4727 569 4798 ψομεν.
618 4725 683 4778 Εἰ
729 4724 837 4797 γὰρ
878 4725 971 4780 καὶ
1017 4725 1184 4797 ἀρχαὶ
1216 4724 1308 4778 καὶ
1338 4723 1575 4791 ἐξουσίαι
1602 4720 1954 4794 καλούμεναι,

370 4820 476 4873 οὐκ
503 4817 660 4881 ἐκτὸς
691 4815 827 4870 Θεοῦ
864 4810 1022 4870 αὗται
1052 4816 1307 4886 γεγόνασι
1333 4857 1347 4881 ,
1382 4815 1616 4887 μάλιστα
1652 4818 1708 4871 ἐν
1734 4819 1845 4880 τοῖς
1870 4816 1959 4869 ού-

374 4910 583 4981 ρανοῖς.
625 4903 747 4961 Οἶδε
772 4907 881 4979 γὰρ
910 4910 944 4980 ἡ
967 4907 1157 4979 Γραφὴ
1194 4907 1373 4977 λέγειν
1412 4906 1676 4976 ἀγγέλους
1710 4908 1804 4961 καὶ
1829 4908 1961 4979 ἀρχ-

374 5001 645 5071 αγγέλους
669 5043 683 5067 ,
728 5002 830 5054 οὐκ
879 5003 959 5065 είς
997 5000 1348 5072 ἐναντιότητα
1381 5000 1750 5070 τεταγμένους
1774 5043 1787 5066 ,
1826 4999 1963 5053 ἀλλὰ

371 5091 725 5165 λειτουργικὰ
764 5091 1054 5163 πνεύματα
1096 5093 1176 5155 είς
1211 5090 1486 5145 διακονίαν
1520 5090 1962 5161 ἀποστελλόμενα

372 5186 463 5240 διὰ
493 5186 619 5247 τοὺς
656 5184 945 5253 μέλλοντας
978 5184 1333 5255 κληρονομεῖν
1356 5182 1651 5255 σωτηρίαν.
1694 5182 1807 5236 Καὶ
1851 5181 1961 5253 γὰρ

375 5279 468 5332 ἐπὶ
498 5278 597 5349 τῆς
629 5277 733 5348 γῆς
785 5275 907 5330 καθ’
939 5276 1177 5346 ἑκάστην
1223 5274 1497 5345 βασιλείαν
1542 5274 1734 5329 πολλαὶ
1770 5276 1957 5346 ἀρχαὶ,

2136 4626 2225 4683 IV.
2267 4626 2417 4695 Quos
2443 4629 2662 4699 quidem
2688 4647 2796 4685 uno
2827 4632 2909 4686 vel
2939 4633 3113 4688 altero
3147 4632 3461 4687 testimonio
3484 4630 3651 4703 jugu-

2062 4708 2324 4774 labinius.
2356 4719 2492 4774 Nam
2520 4723 2566 4777 si
2600 4738 2740 4793 quos
2763 4724 3106 4794 principatus
3130 4739 3195 4779 ac
3221 4732 3517 4794 potestates
3547 4740 3645 4780 vo-

2067 4827 2279 4877 camus,
2319 4811 2440 4867 sine
2495 4812 2606 4868 Deo
2642 4814 2865 4869 minime
2894 4817 3332 4881 constituuntur,
3369 4817 3422 4870 id
3446 4817 3502 4871 in
3539 4830 3649 4872 cte—

2066 4906 2134 4960 lis
2159 4906 2296 4976 ipsis
2327 4907 2505 4961 locum
2533 4909 2735 4963 habere
2767 4909 3005 4965 maxime
3028 4910 3208 4966 debet.
3246 4909 3480 4979 Angelos
3502 4910 3647 4964 enim

2067 5005 2119 5052 et
2154 4999 2514 5071 archangelos
2564 5000 2851 5070 Scriptura
2893 5010 3302 5065 commemorat,
3338 5017 3448 5056 non
3499 5001 3650 5071 ejus-

2066 5091 2212 5145 modi
2262 5099 2320 5145 ut
2370 5094 2630 5147 contrarii
2671 5092 2780 5149 Deo
2816 5095 2927 5151 sint
2962 5115 2974 5149 :
3013 5096 3108 5151 sed
3145 5094 3649 5149 administratorios

2063 5183 2292 5254 spiritus
2322 5184 2387 5239 ad
2421 5185 2783 5242 ministerium
2817 5189 3036 5254 missos,
3070 5196 3292 5258 propter
3311 5203 3405 5243 eos
3426 5188 3516 5257 qui
3548 5187 3649 5240 lrze-
3684 5214 3687 5221 ›

2062 5277 2348 5334 reditatem
2386 5279 2615 5350 capiunt
2657 5281 2853 5336 salutis
2881 5289 2922 5336 ⁵.
2963 5281 3020 5336 Si
3045 5282 3263 5352 quidem
3305 5292 3357 5337 et
3407 5283 3461 5335 in
3501 5290 3646 5336 terra

453 5436 468 5465 ²
498 5433 764 5505 Suspecta
788 5433 921 5489 mibi
944 5448 1047 5488 vox
1068 5441 1151 5490 est
1179 5431 1461 5519 ratio?)qu
1520 5436 1539 5467 ²
1574 5432 1757 5491 Eccle.
1796 5450 1851 5499 χ,
1885 5434 1936 5489 l.

2072 5432 2199 5490 Osc.
2226 5434 2451 5502 xlv,10.
2530 5436 2551 5466 ⁸
2578 5435 2742 5493 llebr.
2779 5454 2817 5503 ι,
2856 5438 2943 5493 lxi.

450 5589 563 5669 (δύ)
613 5590 713 5653 Ὠς
727 5590 793 5642 τὸ
826 5588 944 5669 τῶν
976 5586 1290 5657 κανθάρων
1320 5589 1514 5662 γένος.
1568 5590 1685 5646 Non
1711 5589 1949 5661 displicel

2054 5589 2238 5647 ιῐηῖιΐὶἰ
2272 5590 2454 5661 lectio,
2489 5592 2599 5664 qui
2639 5592 3001 5649 P/ulularium
3048 5596 3193 5667 legit.
3224 5596 3356 5649 Nam
3408 5596 3651 5669 Βύλσρον

376 5659 511 5715 illud
538 5676 642 5717 non
672 5661 917 5727 expedio.

702 5726 969 5814 Parnm.
1011 5754 1124 5813 Gn.
1162 5726 1359 5814 XLI.-

3156 5757 3321 5816 ‘22
