  <div class='ocr_page' id='page_1' title='image "/cluster/home/n/w/nwhite01/storage/ocr_20150623/41/mdp.39015008169818/363.png"; bbox 0 0 3960 6120; ppageno 0'>
   <div class='ocr_carea' id='block_1_1' title="bbox 367 240 472 293">
    <p class='ocr_par' dir='ltr' id='par_1_1' title="bbox 367 240 472 293">
     <span class='ocr_line' id='line_1_1' title="bbox 367 240 472 293; baseline 0.01 -2"><span class='ocrx_word' id='word_1_1' title='bbox 367 240 472 293; x_wconf 67' lang='lat'><strong>(383</strong></span> 
     </span>
    </p>
   </div>
   <div class='ocr_carea' id='block_1_2' title="bbox 1773 228 2218 289">
    <p class='ocr_par' dir='ltr' id='par_1_2' title="bbox 1773 228 2218 289">
     <span class='ocr_line' id='line_1_2' title="bbox 1773 228 2218 289; baseline -0.002 0"><span class='ocrx_word' id='word_1_2' title='bbox 1773 233 1831 289; x_wconf 89' lang='lat' dir='ltr'><strong>S.</strong></span> <span class='ocrx_word' id='word_1_3' title='bbox 1872 228 2218 288; x_wconf 80' lang='lat' dir='ltr'><strong>EPIPHANII</strong></span> 
     </span>
    </p>
   </div>
   <div class='ocr_carea' id='block_1_3' title="bbox 3539 231 3643 286">
    <p class='ocr_par' dir='ltr' id='par_1_3' title="bbox 3539 231 3643 286">
     <span class='ocr_line' id='line_1_3' title="bbox 3539 231 3643 286; baseline 0 0"><span class='ocrx_word' id='word_1_4' title='bbox 3539 231 3643 286; x_wconf 63' lang='lat'><strong>68‘</strong></span> 
     </span>
    </p>
   </div>
   <div class='ocr_carea' id='block_1_4' title="bbox 365 351 1960 429">
    <p class='ocr_par' dir='ltr' id='par_1_4' title="bbox 365 353 1949 429">
     <span class='ocr_line' id='line_1_4' title="bbox 365 353 1949 429; baseline -0.003 -20"><span class='ocrx_word' id='word_1_5' title='bbox 365 357 647 427; x_wconf 81' lang='lat' dir='ltr'><strong>quodlibet</strong></span> <span class='ocrx_word' id='word_1_6' title='bbox 683 372 909 428; x_wconf 88' lang='lat' dir='ltr'><strong>rcgnum</strong></span> <span class='ocrx_word' id='word_1_7' title='bbox 931 356 1119 427; x_wconf 85' lang='lat' dir='ltr'><strong>plures</strong></span> <span class='ocrx_word' id='word_1_8' title='bbox 1139 357 1305 413; x_wconf 89' lang='lat' dir='ltr'><strong>habet</strong></span> <span class='ocrx_word' id='word_1_9' title='bbox 1334 357 1678 429; x_wconf 84' lang='lat' dir='ltr'><strong>principatus</strong></span> <span class='ocrx_word' id='word_1_10' title='bbox 1710 356 1803 410; x_wconf 92' lang='lat' dir='ltr'><strong>uni</strong></span> <span class='ocrx_word' id='word_1_11' title='bbox 1837 353 1949 423; x_wconf 87' lang='lat' dir='ltr'><strong>regi</strong></span> 
     </span>
    </p>
   </div>
   <div class='ocr_carea' id='block_1_5' title="bbox 2066 351 3641 429">
    <p class='ocr_par' dir='ltr' id='par_1_5' title="bbox 2066 351 3641 428">
     <span class='ocr_line' id='line_1_5' title="bbox 2066 351 3641 428; baseline 0 -20"><span class='ocrx_word' id='word_1_12' title='bbox 2066 356 2200 409; x_wconf 79' lang='grc' dir='ltr'><em>ἀλλὰ</em></span> <span class='ocrx_word' id='word_1_13' title='bbox 2241 356 2344 410; x_wconf 87' lang='grc' dir='ltr'><em>ὑπὸ</em></span> <span class='ocrx_word' id='word_1_14' title='bbox 2383 356 2483 412; x_wconf 76' lang='grc' dir='ltr'><em>ἕνα</em></span> <span class='ocrx_word' id='word_1_15' title='bbox 2525 358 2767 428; x_wconf 76' lang='grc' dir='ltr'><em>βασιλέα.</em></span> <span class='ocrx_word' id='word_1_16' title='bbox 2802 361 2868 411; x_wconf 81' lang='grc' dir='ltr'><strong>Αἱ</strong></span> <span class='ocrx_word' id='word_1_17' title='bbox 2917 357 3024 428; x_wconf 70' lang='grc' dir='ltr'><strong>γὰρ</strong></span> <span class='ocrx_word' id='word_1_18' title='bbox 3056 351 3234 412; x_wconf 78' lang='grc' dir='ltr'><em>οὖσαι</em></span> <span class='ocrx_word' id='word_1_19' title='bbox 3277 355 3550 420; x_wconf 80' lang='grc' dir='ltr'><strong>ἐξουσίαι</strong></span> <span class='ocrx_word' id='word_1_20' title='bbox 3578 355 3641 408; x_wconf 76' lang='grc' dir='ltr'><em>ἐκ</em></span> 
     </span>
    </p>
   </div>
   <div class='ocr_carea' id='block_1_6' title="bbox 367 447 1951 519">
    <p class='ocr_par' dir='ltr' id='par_1_6' title="bbox 367 447 1951 519">
     <span class='ocr_line' id='line_1_6' title="bbox 367 447 1951 519; baseline -0.002 -15"><span class='ocrx_word' id='word_1_21' title='bbox 367 450 665 519; x_wconf 85' lang='lat' dir='ltr'><strong>subjectos.</strong></span> <span class='ocrx_word' id='word_1_22' title='bbox 687 449 820 514; x_wconf 79' lang='lat' dir='ltr'><strong>Qiue</strong></span> <span class='ocrx_word' id='word_1_23' title='bbox 846 451 984 503; x_wconf 89' lang='lat' dir='ltr'><strong>enim</strong></span> <span class='ocrx_word' id='word_1_24' title='bbox 1011 459 1294 518; x_wconf 75' lang='lat' dir='ltr'><strong>potestates</strong></span> <span class='ocrx_word' id='word_1_25' title='bbox 1324 459 1470 512; x_wconf 84' lang='lat' dir='ltr'><strong>sunt,</strong></span> <span class='ocrx_word' id='word_1_26' title='bbox 1491 467 1522 503; x_wconf 92' lang='lat' dir='ltr'><strong>a</strong></span> <span class='ocrx_word' id='word_1_27' title='bbox 1551 448 1656 503; x_wconf 90' lang='lat' dir='ltr'><strong>Deo</strong></span> <span class='ocrx_word' id='word_1_28' title='bbox 1687 447 1951 501; x_wconf 75' lang='lat' dir='ltr'><strong>ordinata:</strong></span> 
     </span>
    </p>
   </div>
   <div class='ocr_carea' id='block_1_7' title="bbox 367 535 1952 610">
    <p class='ocr_par' dir='ltr' id='par_1_7' title="bbox 367 535 1952 610">
     <span class='ocr_line' id='line_1_7' title="bbox 367 535 1952 610; baseline -0.003 -19"><span class='ocrx_word' id='word_1_29' title='bbox 367 549 508 600; x_wconf 83' lang='lat' dir='ltr'><strong>sunt,</strong></span> <span class='ocrx_word' id='word_1_30' title='bbox 537 539 975 608; x_wconf 72' lang='lat' dir='ltr'><strong>aitApostolus‘.</strong></span> <span class='ocrx_word' id='word_1_31' title='bbox 997 537 1185 609; x_wconf 82' lang='lat' dir='ltr'><strong><em>Itaque</em></strong></span> <span class='ocrx_word' id='word_1_32' title='bbox 1210 541 1301 610; x_wconf 84' lang='lat' dir='ltr'><strong>qui</strong></span> <span class='ocrx_word' id='word_1_33' title='bbox 1328 539 1577 608; x_wconf 88' lang='lat' dir='ltr'><strong>potestati</strong></span> <span class='ocrx_word' id='word_1_34' title='bbox 1610 538 1832 598; x_wconf 72' lang='lat' dir='ltr'><strong>resistit,</strong></span> <span class='ocrx_word' id='word_1_35' title='bbox 1859 535 1952 588; x_wconf 88' lang='lat' dir='ltr'><strong>Dei</strong></span> 
     </span>
    </p>
   </div>
   <div class='ocr_carea' id='block_1_8' title="bbox 367 629 1953 701">
    <p class='ocr_par' dir='ltr' id='par_1_8' title="bbox 367 629 1953 701">
     <span class='ocr_line' id='line_1_8' title="bbox 367 629 1953 701; baseline -0.001 -20"><span class='ocrx_word' id='word_1_36' title='bbox 367 629 694 684; x_wconf 71' lang='grc' dir='ltr'><em>ιιι-Δίπαιὶοηί</em></span> <span class='ocrx_word' id='word_1_37' title='bbox 728 632 947 684; x_wconf 77' lang='lat' dir='ltr'><strong>resistit.</strong></span> <span class='ocrx_word' id='word_1_38' title='bbox 987 631 1131 684; x_wconf 85' lang='lat' dir='ltr'><strong>Nam</strong></span> <span class='ocrx_word' id='word_1_39' title='bbox 1171 633 1434 701; x_wconf 82' lang='lat' dir='ltr'><strong>principes</strong></span> <span class='ocrx_word' id='word_1_40' title='bbox 1471 647 1575 685; x_wconf 84' lang='lat' dir='ltr'><strong>non</strong></span> <span class='ocrx_word' id='word_1_41' title='bbox 1619 637 1740 684; x_wconf 84' lang='lat' dir='ltr'><strong>sunt</strong></span> <span class='ocrx_word' id='word_1_42' title='bbox 1771 635 1953 680; x_wconf 88' lang='lat' dir='ltr'><strong>contra</strong></span> 
     </span>
    </p>
   </div>
   <div class='ocr_carea' id='block_1_9' title="bbox 367 722 1952 794">
    <p class='ocr_par' dir='ltr' id='par_1_9' title="bbox 367 722 1952 794">
     <span class='ocr_line' id='line_1_9' title="bbox 367 722 1952 794; baseline -0.001 -21"><span class='ocrx_word' id='word_1_43' title='bbox 367 723 578 788; x_wconf 83' lang='lat' dir='ltr'><strong>bonum,</strong></span> <span class='ocrx_word' id='word_1_44' title='bbox 616 723 705 776; x_wconf 85' lang='lat' dir='ltr'><strong>sed</strong></span> <span class='ocrx_word' id='word_1_45' title='bbox 733 740 828 792; x_wconf 89' lang='lat' dir='ltr'><strong>pro</strong></span> <span class='ocrx_word' id='word_1_46' title='bbox 866 723 1038 777; x_wconf 87' lang='lat' dir='ltr'><strong>bono:</strong></span> <span class='ocrx_word' id='word_1_47' title='bbox 1073 740 1234 794; x_wconf 83' lang='lat' dir='ltr'><strong>neque</strong></span> <span class='ocrx_word' id='word_1_48' title='bbox 1266 733 1388 777; x_wconf 85' lang='lat' dir='ltr'><strong>sunt</strong></span> <span class='ocrx_word' id='word_1_49' title='bbox 1427 732 1614 777; x_wconf 85' lang='lat' dir='ltr'><strong>contra</strong></span> <span class='ocrx_word' id='word_1_50' title='bbox 1658 722 1952 782; x_wconf 78' lang='lat' dir='ltr'><strong>veritatem,</strong></span> 
     </span>
    </p>
   </div>
   <div class='ocr_carea' id='block_1_10' title="bbox 366 812 1955 880">
    <p class='ocr_par' dir='ltr' id='par_1_10' title="bbox 366 812 1955 880">
     <span class='ocr_line' id='line_1_10' title="bbox 366 812 1955 880; baseline -0.001 -15"><span class='ocrx_word' id='word_1_51' title='bbox 366 812 456 865; x_wconf 80' lang='lat' dir='ltr'><strong>sed</strong></span> <span class='ocrx_word' id='word_1_52' title='bbox 486 830 581 880; x_wconf 90' lang='lat' dir='ltr'><strong>pro</strong></span> <span class='ocrx_word' id='word_1_53' title='bbox 616 815 850 867; x_wconf 75' lang='lat' dir='ltr'><strong>veritate.</strong></span> <span class='ocrx_word' id='word_1_54' title='bbox 902 813 987 867; x_wconf 77' lang='lat' dir='ltr'><strong>Vis</strong></span> <span class='ocrx_word' id='word_1_55' title='bbox 1019 823 1192 868; x_wconf 87' lang='lat' dir='ltr'><strong>autem</strong></span> <span class='ocrx_word' id='word_1_56' title='bbox 1236 831 1339 866; x_wconf 87' lang='lat' dir='ltr'><strong>non</strong></span> <span class='ocrx_word' id='word_1_57' title='bbox 1391 815 1568 866; x_wconf 89' lang='lat' dir='ltr'><strong>timere</strong></span> <span class='ocrx_word' id='word_1_58' title='bbox 1602 812 1955 880; x_wconf 85' lang='lat' dir='ltr'><strong>potestatem?</strong></span> 
     </span>
    </p>
   </div>
   <div class='ocr_carea' id='block_1_11' title="bbox 370 902 1956 975">
    <p class='ocr_par' dir='ltr' id='par_1_11' title="bbox 370 902 1956 975">
     <span class='ocr_line' id='line_1_11' title="bbox 370 902 1956 975; baseline -0.001 -18"><span class='ocrx_word' id='word_1_59' title='bbox 370 905 577 959; x_wconf 78' lang='lat' dir='ltr'><strong>Bonum</strong></span> <span class='ocrx_word' id='word_1_60' title='bbox 611 906 720 975; x_wconf 80' lang='lat' dir='ltr'><strong>fac,</strong></span> <span class='ocrx_word' id='word_1_61' title='bbox 743 914 791 959; x_wconf 89' lang='lat' dir='ltr'><strong>et</strong></span> <span class='ocrx_word' id='word_1_62' title='bbox 822 906 1034 960; x_wconf 88' lang='lat' dir='ltr'><strong>habebis</strong></span> <span class='ocrx_word' id='word_1_63' title='bbox 1062 907 1273 960; x_wconf 82' lang='lat' dir='ltr'><strong>laudem</strong></span> <span class='ocrx_word' id='word_1_64' title='bbox 1299 921 1364 959; x_wconf 77' lang='lat' dir='ltr'><strong>ex</strong></span> <span class='ocrx_word' id='word_1_65' title='bbox 1393 905 1509 959; x_wconf 86' lang='lat' dir='ltr'><strong>illa.</strong></span> <span class='ocrx_word' id='word_1_66' title='bbox 1539 902 1661 957; x_wconf 83' lang='lat' dir='ltr'><strong>Non</strong></span> <span class='ocrx_word' id='word_1_67' title='bbox 1685 905 1823 957; x_wconf 89' lang='lat' dir='ltr'><strong>enim</strong></span> <span class='ocrx_word' id='word_1_68' title='bbox 1844 905 1956 957; x_wconf 86' lang='lat' dir='ltr'><strong>sine</strong></span> 
     </span>
    </p>
   </div>
   <div class='ocr_carea' id='block_1_12' title="bbox 370 995 1955 1068">
    <p class='ocr_par' dir='ltr' id='par_1_12' title="bbox 370 995 1955 1068">
     <span class='ocr_line' id='line_1_12' title="bbox 370 995 1955 1068; baseline -0.002 -19"><span class='ocrx_word' id='word_1_69' title='bbox 370 1014 532 1051; x_wconf 81' lang='lat' dir='ltr'><strong>causa</strong></span> <span class='ocrx_word' id='word_1_70' title='bbox 549 997 786 1068; x_wconf 83' lang='lat' dir='ltr'><strong>gladium</strong></span> <span class='ocrx_word' id='word_1_71' title='bbox 806 1007 1005 1068; x_wconf 88' lang='lat' dir='ltr'><strong>portat.</strong></span> <span class='ocrx_word' id='word_1_72' title='bbox 1029 998 1126 1052; x_wconf 89' lang='lat' dir='ltr'><strong>Dei</strong></span> <span class='ocrx_word' id='word_1_73' title='bbox 1149 1000 1287 1052; x_wconf 89' lang='lat' dir='ltr'><strong>enim</strong></span> <span class='ocrx_word' id='word_1_74' title='bbox 1313 999 1551 1051; x_wconf 84' lang='lat' dir='ltr'><strong>minister</strong></span> <span class='ocrx_word' id='word_1_75' title='bbox 1572 995 1640 1049; x_wconf 89' lang='lat' dir='ltr'><strong>ad</strong></span> <span class='ocrx_word' id='word_1_76' title='bbox 1663 995 1758 1049; x_wconf 86' lang='lat' dir='ltr'><strong>hoc</strong></span> <span class='ocrx_word' id='word_1_77' title='bbox 1782 997 1955 1063; x_wconf 83' lang='lat' dir='ltr'><strong>ipsum</strong></span> 
     </span>
    </p>
   </div>
   <div class='ocr_carea' id='block_1_13' title="bbox 371 1085 1957 1158">
    <p class='ocr_par' dir='ltr' id='par_1_13' title="bbox 371 1085 1957 1158">
     <span class='ocr_line' id='line_1_13' title="bbox 371 1085 1957 1158; baseline -0.003 -18"><span class='ocrx_word' id='word_1_78' title='bbox 371 1089 619 1142; x_wconf 83' lang='lat' dir='ltr'><strong>adversus</strong></span> <span class='ocrx_word' id='word_1_79' title='bbox 641 1089 890 1142; x_wconf 87' lang='lat' dir='ltr'><strong>scelerate</strong></span> <span class='ocrx_word' id='word_1_80' title='bbox 914 1089 1183 1156; x_wconf 84' lang='lat' dir='ltr'><strong>quidpiam</strong></span> <span class='ocrx_word' id='word_1_81' title='bbox 1215 1097 1476 1158; x_wconf 86' lang='lat' dir='ltr'><strong>gerentem</strong></span> <span class='ocrx_word' id='word_1_82' title='bbox 1507 1104 1539 1138; x_wconf 92' lang='lat' dir='ltr'><strong>a</strong></span> <span class='ocrx_word' id='word_1_83' title='bbox 1564 1085 1672 1139; x_wconf 87' lang='lat' dir='ltr'><strong>Deo</strong></span> <span class='ocrx_word' id='word_1_84' title='bbox 1703 1085 1957 1137; x_wconf 74' lang='lat' dir='ltr'><strong>constitu-</strong></span> 
     </span>
    </p>
   </div>
   <div class='ocr_carea' id='block_1_14' title="bbox 370 1173 1954 1248">
    <p class='ocr_par' dir='ltr' id='par_1_14' title="bbox 370 1173 1954 1248">
     <span class='ocr_line' id='line_1_14' title="bbox 370 1173 1954 1248; baseline -0.004 -16"><span class='ocrx_word' id='word_1_85' title='bbox 370 1189 477 1233; x_wconf 87' lang='lat' dir='ltr'><strong>tus.</strong></span> <span class='ocrx_word' id='word_1_86' title='bbox 512 1179 750 1235; x_wconf 84' lang='lat' dir='ltr'><strong>Videsne</strong></span> <span class='ocrx_word' id='word_1_87' title='bbox 777 1188 834 1234; x_wconf 94' lang='lat' dir='ltr'><strong>ut</strong></span> <span class='ocrx_word' id='word_1_88' title='bbox 865 1181 978 1234; x_wconf 70' lang='lat' dir='ltr'><strong>haec</strong></span> <span class='ocrx_word' id='word_1_89' title='bbox 1008 1179 1196 1234; x_wconf 90' lang='lat' dir='ltr'><strong>mundi</strong></span> <span class='ocrx_word' id='word_1_90' title='bbox 1227 1187 1472 1248; x_wconf 84' lang='lat' dir='ltr'><strong>potestas</strong></span> <span class='ocrx_word' id='word_1_91' title='bbox 1503 1191 1534 1230; x_wconf 83' lang='lat' dir='ltr'><strong>a</strong></span> <span class='ocrx_word' id='word_1_92' title='bbox 1569 1177 1677 1230; x_wconf 90' lang='lat' dir='ltr'><strong>Deo</strong></span> <span class='ocrx_word' id='word_1_93' title='bbox 1712 1173 1954 1230; x_wconf 85' lang='lat' dir='ltr'><strong>stabilita</strong></span> 
     </span>
    </p>
   </div>
   <div class='ocr_carea' id='block_1_15' title="bbox 371 1264 1954 1341">
    <p class='ocr_par' dir='ltr' id='par_1_15' title="bbox 371 1264 1954 1341">
     <span class='ocr_line' id='line_1_15' title="bbox 371 1264 1954 1341; baseline -0.004 -16"><span class='ocrx_word' id='word_1_94' title='bbox 371 1273 462 1336; x_wconf 88' lang='lat' dir='ltr'><strong>sit,</strong></span> <span class='ocrx_word' id='word_1_95' title='bbox 496 1272 771 1341; x_wconf 80' lang='lat' dir='ltr'><strong>gladiique</strong></span> <span class='ocrx_word' id='word_1_96' title='bbox 796 1271 890 1341; x_wconf 89' lang='lat' dir='ltr'><strong>jus</strong></span> <span class='ocrx_word' id='word_1_97' title='bbox 924 1272 1206 1326; x_wconf 85' lang='lat' dir='ltr'><strong>obtineat?</strong></span> <span class='ocrx_word' id='word_1_98' title='bbox 1233 1269 1418 1340; x_wconf 80' lang='lat' dir='ltr'><strong>Neque</strong></span> <span class='ocrx_word' id='word_1_99' title='bbox 1451 1283 1582 1324; x_wconf 85' lang='lat' dir='ltr'><strong>vero</strong></span> <span class='ocrx_word' id='word_1_100' title='bbox 1626 1266 1681 1321; x_wconf 90' lang='lat' dir='ltr'><strong>id</strong></span> <span class='ocrx_word' id='word_1_101' title='bbox 1711 1264 1954 1328; x_wconf 83' lang='lat' dir='ltr'><strong>aliunde,</strong></span> 
     </span>
    </p>
   </div>
   <div class='ocr_carea' id='block_1_16' title="bbox 370 1355 1957 1434">
    <p class='ocr_par' dir='ltr' id='par_1_16' title="bbox 370 1355 1957 1434">
     <span class='ocr_line' id='line_1_16' title="bbox 370 1355 1957 1434; baseline -0.006 -16"><span class='ocrx_word' id='word_1_102' title='bbox 370 1381 532 1434; x_wconf 85' lang='lat' dir='ltr'><strong>quam</strong></span> <span class='ocrx_word' id='word_1_103' title='bbox 565 1381 593 1418; x_wconf 90' lang='lat' dir='ltr'><strong>a</strong></span> <span class='ocrx_word' id='word_1_104' title='bbox 629 1365 736 1419; x_wconf 91' lang='lat' dir='ltr'><strong>Deo</strong></span> <span class='ocrx_word' id='word_1_105' title='bbox 765 1365 830 1418; x_wconf 89' lang='lat' dir='ltr'><strong>ad</strong></span> <span class='ocrx_word' id='word_1_106' title='bbox 864 1365 1251 1418; x_wconf 87' lang='lat' dir='ltr'><strong>vindicandum</strong></span> <span class='ocrx_word' id='word_1_107' title='bbox 1279 1363 1493 1430; x_wconf 88' lang='lat' dir='ltr'><strong>accipit.</strong></span> <span class='ocrx_word' id='word_1_108' title='bbox 1514 1358 1784 1414; x_wconf 70' lang='lat' dir='ltr'><strong>Cazterum</strong></span> <span class='ocrx_word' id='word_1_109' title='bbox 1809 1355 1957 1427; x_wconf 90' lang='lat' dir='ltr'><strong>quod</strong></span> 
     </span>
    </p>
   </div>
   <div class='ocr_carea' id='block_1_17' title="bbox 371 1454 1957 1526">
    <p class='ocr_par' dir='ltr' id='par_1_17' title="bbox 371 1454 1957 1526">
     <span class='ocr_line' id='line_1_17' title="bbox 371 1454 1957 1526; baseline -0.003 -17"><span class='ocrx_word' id='word_1_110' title='bbox 371 1456 638 1526; x_wconf 77' lang='lat' dir='ltr'><strong>ejusmodi</strong></span> <span class='ocrx_word' id='word_1_111' title='bbox 688 1457 798 1512; x_wconf 91' lang='lat' dir='ltr'><strong>sint</strong></span> <span class='ocrx_word' id='word_1_112' title='bbox 837 1460 891 1510; x_wconf 90' lang='lat' dir='ltr'><strong>in</strong></span> <span class='ocrx_word' id='word_1_113' title='bbox 933 1455 1136 1509; x_wconf 89' lang='lat' dir='ltr'><strong>mundo</strong></span> <span class='ocrx_word' id='word_1_114' title='bbox 1167 1454 1507 1525; x_wconf 82' lang='lat' dir='ltr'><strong>principatus</strong></span> <span class='ocrx_word' id='word_1_115' title='bbox 1539 1467 1602 1506; x_wconf 85' lang='lat' dir='ltr'><strong>ac</strong></span> <span class='ocrx_word' id='word_1_116' title='bbox 1635 1459 1957 1522; x_wconf 84' lang='lat' dir='ltr'><strong>potestates,</strong></span> 
     </span>
    </p>
   </div>
   <div class='ocr_carea' id='block_1_18' title="bbox 371 1549 1959 1618">
    <p class='ocr_par' dir='ltr' id='par_1_18' title="bbox 371 1549 1959 1618">
     <span class='ocr_line' id='line_1_18' title="bbox 371 1549 1959 1618; baseline -0.003 -17"><span class='ocrx_word' id='word_1_117' title='bbox 371 1562 530 1603; x_wconf 86' lang='lat' dir='ltr'><strong>nemo</strong></span> <span class='ocrx_word' id='word_1_118' title='bbox 564 1549 779 1602; x_wconf 90' lang='lat' dir='ltr'><strong>illorum</strong></span> <span class='ocrx_word' id='word_1_119' title='bbox 817 1563 997 1618; x_wconf 81' lang='lat' dir='ltr'><strong>regem</strong></span> <span class='ocrx_word' id='word_1_120' title='bbox 1027 1554 1314 1616; x_wconf 88' lang='lat' dir='ltr'><strong>pr0pterea</strong></span> <span class='ocrx_word' id='word_1_121' title='bbox 1348 1560 1529 1616; x_wconf 85' lang='lat' dir='ltr'><strong>regem</strong></span> <span class='ocrx_word' id='word_1_122' title='bbox 1565 1560 1690 1600; x_wconf 88' lang='lat' dir='ltr'><strong>esse</strong></span> <span class='ocrx_word' id='word_1_123' title='bbox 1723 1557 1959 1613; x_wconf 86' lang='lat' dir='ltr'><strong>negave-</strong></span> 
     </span>
    </p>
   </div>
   <div class='ocr_carea' id='block_1_19' title="bbox 370 1636 1961 1711">
    <p class='ocr_par' dir='ltr' id='par_1_19' title="bbox 370 1636 1961 1711">
     <span class='ocr_line' id='line_1_19' title="bbox 370 1636 1961 1711; baseline -0.003 -17"><span class='ocrx_word' id='word_1_124' title='bbox 370 1643 476 1707; x_wconf 86' lang='lat' dir='ltr'><strong>rit;</strong></span> <span class='ocrx_word' id='word_1_125' title='bbox 514 1641 608 1697; x_wconf 87' lang='lat' dir='ltr'><strong>sed</strong></span> <span class='ocrx_word' id='word_1_126' title='bbox 633 1642 706 1696; x_wconf 85' lang='lat' dir='ltr'><strong>ita</strong></span> <span class='ocrx_word' id='word_1_127' title='bbox 736 1641 1078 1711; x_wconf 90' lang='lat' dir='ltr'><strong>principatus</strong></span> <span class='ocrx_word' id='word_1_128' title='bbox 1109 1642 1235 1696; x_wconf 91' lang='lat' dir='ltr'><strong>illos</strong></span> <span class='ocrx_word' id='word_1_129' title='bbox 1265 1654 1328 1693; x_wconf 89' lang='lat' dir='ltr'><strong>ac</strong></span> <span class='ocrx_word' id='word_1_130' title='bbox 1353 1645 1654 1709; x_wconf 87' lang='lat' dir='ltr'><strong>potestates</strong></span> <span class='ocrx_word' id='word_1_131' title='bbox 1677 1638 1732 1691; x_wconf 90' lang='lat' dir='ltr'><strong>in</strong></span> <span class='ocrx_word' id='word_1_132' title='bbox 1756 1636 1961 1690; x_wconf 92' lang='lat' dir='ltr'><strong>mundo</strong></span> 
     </span>
    </p>
   </div>
   <div class='ocr_carea' id='block_1_20' title="bbox 2061 447 3645 518">
    <p class='ocr_par' dir='ltr' id='par_1_20' title="bbox 2061 447 3645 518">
     <span class='ocr_line' id='line_1_20' title="bbox 2061 447 3645 518; baseline 0.001 -20"><span class='ocrx_word' id='word_1_133' title='bbox 2061 447 2209 500; x_wconf 84' lang='grc' dir='ltr'><strong>Θεοῦ</strong></span> <span class='ocrx_word' id='word_1_134' title='bbox 2255 449 2603 518; x_wconf 79' lang='grc' dir='ltr'><strong>τεταγμέναι</strong></span> <span class='ocrx_word' id='word_1_135' title='bbox 2631 492 2646 516; x_wconf 85' lang='grc'><strong>,</strong></span> <span class='ocrx_word' id='word_1_136' title='bbox 2682 450 2758 513; x_wconf 81' lang='grc' dir='ltr'><em>ὡς</em></span> <span class='ocrx_word' id='word_1_137' title='bbox 2802 449 2953 517; x_wconf 88' lang='grc' dir='ltr'><em>λέγει</em></span> <span class='ocrx_word' id='word_1_138' title='bbox 3000 451 3028 502; x_wconf 85' lang='grc' dir='ltr'><strong>ό</strong></span> <span class='ocrx_word' id='word_1_139' title='bbox 3077 448 3414 510; x_wconf 82' lang='grc' dir='ltr'><em>Ἀπόστολος.</em></span> <span class='ocrx_word' id='word_1_140' title='bbox 3471 447 3645 500; x_wconf 83' lang='grc' dir='ltr'><em>Ὥστε</em></span> 
     </span>
    </p>
   </div>
   <div class='ocr_carea' id='block_1_21' title="bbox 2061 532 3645 610">
    <p class='ocr_par' dir='ltr' id='par_1_21' title="bbox 2061 532 3645 610">
     <span class='ocr_line' id='line_1_21' title="bbox 2061 532 3645 610; baseline 0.001 -20"><span class='ocrx_word' id='word_1_141' title='bbox 2061 532 2175 590; x_wconf 88' lang='grc' dir='ltr'><em>οὖν</em></span> <span class='ocrx_word' id='word_1_142' title='bbox 2218 542 2252 594; x_wconf 89' lang='grc' dir='ltr'><strong>ό</strong></span> <span class='ocrx_word' id='word_1_143' title='bbox 2284 540 2723 610; x_wconf 79' lang='grc' dir='ltr'><em>ἀνθιστάμενος</em></span> <span class='ocrx_word' id='word_1_144' title='bbox 2771 540 2847 610; x_wconf 77' lang='grc' dir='ltr'><em>τῇ</em></span> <span class='ocrx_word' id='word_1_145' title='bbox 2897 542 3185 609; x_wconf 76' lang='grc' dir='ltr'><strong>ἐξουσίᾳ,</strong></span> <span class='ocrx_word' id='word_1_146' title='bbox 3234 539 3308 608; x_wconf 78' lang='grc' dir='ltr'><em>τῇ</em></span> <span class='ocrx_word' id='word_1_147' title='bbox 3354 538 3462 593; x_wconf 86' lang='grc' dir='ltr'><em>τοῦ</em></span> <span class='ocrx_word' id='word_1_148' title='bbox 3498 540 3645 592; x_wconf 61' lang='grc' dir='ltr'><em>Θεοῖ</em></span> 
     </span>
    </p>
   </div>
   <div class='ocr_carea' id='block_1_22' title="bbox 2059 632 3644 704">
    <p class='ocr_par' dir='ltr' id='par_1_22' title="bbox 2059 632 3644 704">
     <span class='ocr_line' id='line_1_22' title="bbox 2059 632 3644 704; baseline -0.003 -19"><span class='ocrx_word' id='word_1_149' title='bbox 2059 632 2311 703; x_wconf 74' lang='grc' dir='ltr'><em>διαταγῇ</em></span> <span class='ocrx_word' id='word_1_150' title='bbox 2345 633 2738 701; x_wconf 85' lang='grc' dir='ltr'><em>ἀνθέστηκεν.</em></span> <span class='ocrx_word' id='word_1_151' title='bbox 2791 636 2855 686; x_wconf 82' lang='grc' dir='ltr'><em>Οἱ</em></span> <span class='ocrx_word' id='word_1_152' title='bbox 2889 635 2998 704; x_wconf 77' lang='grc' dir='ltr'><strong>γὰρ</strong></span> <span class='ocrx_word' id='word_1_153' title='bbox 3034 633 3323 702; x_wconf 76' lang='grc' dir='ltr'><em>ἄρχοντες</em></span> <span class='ocrx_word' id='word_1_154' title='bbox 3370 632 3482 684; x_wconf 82' lang='grc' dir='ltr'><em>οὐκ</em></span> <span class='ocrx_word' id='word_1_155' title='bbox 3528 632 3644 683; x_wconf 74' lang='grc' dir='ltr'><em>εἱσι</em></span> 
     </span>
    </p>
   </div>
   <div class='ocr_carea' id='block_1_23' title="bbox 2060 721 3645 794">
    <p class='ocr_par' dir='ltr' id='par_1_23' title="bbox 2060 721 3645 794">
     <span class='ocr_line' id='line_1_23' title="bbox 2060 721 3645 794; baseline -0.003 -16"><span class='ocrx_word' id='word_1_156' title='bbox 2060 725 2211 779; x_wconf 84' lang='grc' dir='ltr'><em>κατὰ</em></span> <span class='ocrx_word' id='word_1_157' title='bbox 2264 725 2371 778; x_wconf 84' lang='grc' dir='ltr'><em>τοῦ</em></span> <span class='ocrx_word' id='word_1_158' title='bbox 2405 725 2664 794; x_wconf 70' lang='grc' dir='ltr'><em>ἀγαθοῦ,</em></span> <span class='ocrx_word' id='word_1_159' title='bbox 2717 726 2855 780; x_wconf 71' lang='grc' dir='ltr'><em>ἀλλ’</em></span> <span class='ocrx_word' id='word_1_160' title='bbox 2899 725 3049 794; x_wconf 77' lang='grc' dir='ltr'><em>ὑπὲρ</em></span> <span class='ocrx_word' id='word_1_161' title='bbox 3096 724 3204 778; x_wconf 85' lang='grc' dir='ltr'><strong>τοῦ</strong></span> <span class='ocrx_word' id='word_1_162' title='bbox 3241 721 3470 793; x_wconf 79' lang='grc' dir='ltr'><em>ἀγαθοῦ</em></span> <span class='ocrx_word' id='word_1_163' title='bbox 3497 739 3512 754; x_wconf 79' lang='grc' dir='ltr'><strong>ο</strong></span> <span class='ocrx_word' id='word_1_164' title='bbox 3551 722 3645 775; x_wconf 73' lang='grc' dir='ltr'><strong>καί</strong></span> 
     </span>
    </p>
   </div>
   <div class='ocr_carea' id='block_1_24' title="bbox 2059 814 3652 887">
    <p class='ocr_par' dir='ltr' id='par_1_24' title="bbox 2059 814 3652 887">
     <span class='ocr_line' id='line_1_24' title="bbox 2059 814 3652 887; baseline 0 -19"><span class='ocrx_word' id='word_1_165' title='bbox 2059 817 2169 869; x_wconf 78' lang='grc' dir='ltr'><em>οὐκ</em></span> <span class='ocrx_word' id='word_1_166' title='bbox 2206 817 2326 870; x_wconf 76' lang='grc' dir='ltr'><em>εἰσὶ</em></span> <span class='ocrx_word' id='word_1_167' title='bbox 2359 817 2511 871; x_wconf 86' lang='grc' dir='ltr'><em>κατὰ</em></span> <span class='ocrx_word' id='word_1_168' title='bbox 2542 817 2654 885; x_wconf 88' lang='grc' dir='ltr'><em>τῆς</em></span> <span class='ocrx_word' id='word_1_169' title='bbox 2682 819 2972 887; x_wconf 74' lang='grc' dir='ltr'><strong>ἀληθείας</strong></span> <span class='ocrx_word' id='word_1_170' title='bbox 2990 859 3004 882; x_wconf 94' lang='grc'><strong>,</strong></span> <span class='ocrx_word' id='word_1_171' title='bbox 3029 818 3168 872; x_wconf 75' lang='grc' dir='ltr'><em>ἀλλ’</em></span> <span class='ocrx_word' id='word_1_172' title='bbox 3196 815 3350 883; x_wconf 78' lang='grc' dir='ltr'><em>ὑπὲρ</em></span> <span class='ocrx_word' id='word_1_173' title='bbox 3374 814 3482 882; x_wconf 81' lang='grc' dir='ltr'><em>τῆς</em></span> <span class='ocrx_word' id='word_1_174' title='bbox 3503 814 3652 878; x_wconf 61' lang='grc' dir='ltr'><em>ἀνιη-</em></span> 
     </span>
    </p>
   </div>
   <div class='ocr_carea' id='block_1_25' title="bbox 2060 902 3649 980">
    <p class='ocr_par' dir='ltr' id='par_1_25' title="bbox 2060 902 3649 980">
     <span class='ocr_line' id='line_1_25' title="bbox 2060 902 3649 980; baseline -0.004 -19"><span class='ocrx_word' id='word_1_175' title='bbox 2060 910 2243 974; x_wconf 79' lang='grc' dir='ltr'><em>θείας.</em></span> <span class='ocrx_word' id='word_1_176' title='bbox 2284 909 2488 974; x_wconf 80' lang='grc' dir='ltr'><em>Θέλεις</em></span> <span class='ocrx_word' id='word_1_177' title='bbox 2518 909 2586 962; x_wconf 82' lang='grc' dir='ltr'><em>δὲ</em></span> <span class='ocrx_word' id='word_1_178' title='bbox 2609 951 2622 974; x_wconf 92' lang='grc'><strong>,</strong></span> <span class='ocrx_word' id='word_1_179' title='bbox 2661 911 2796 980; x_wconf 70' lang='grc' dir='ltr'><em>φησι</em></span> <span class='ocrx_word' id='word_1_180' title='bbox 2819 950 2835 974; x_wconf 90' lang='grc'><strong>,</strong></span> <span class='ocrx_word' id='word_1_181' title='bbox 2875 909 2992 978; x_wconf 80' lang='grc' dir='ltr'><em>τὴν</em></span> <span class='ocrx_word' id='word_1_182' title='bbox 3018 908 3311 973; x_wconf 80' lang='grc' dir='ltr'><em>ἐξουσίαν</em></span> <span class='ocrx_word' id='word_1_183' title='bbox 3332 904 3419 975; x_wconf 82' lang='grc' dir='ltr'><em>μὴ</em></span> <span class='ocrx_word' id='word_1_184' title='bbox 3452 902 3649 973; x_wconf 62' lang='grc' dir='ltr'><em>φοϐεῖ-</em></span> 
     </span>
    </p>
   </div>
   <div class='ocr_carea' id='block_1_26' title="bbox 2060 991 3652 1069">
    <p class='ocr_par' dir='ltr' id='par_1_26' title="bbox 2060 991 3652 1069">
     <span class='ocr_line' id='line_1_26' title="bbox 2060 991 3652 1069; baseline -0.005 -15"><span class='ocrx_word' id='word_1_185' title='bbox 2060 1005 2198 1055; x_wconf 88' lang='grc' dir='ltr'><em>σθαι</em></span> <span class='ocrx_word' id='word_1_186' title='bbox 2218 1017 2237 1064; x_wconf 90' lang='grc'><strong><em>;</em></strong></span> <span class='ocrx_word' id='word_1_187' title='bbox 2277 1001 2345 1054; x_wconf 84' lang='grc' dir='ltr'><strong>Τὸ</strong></span> <span class='ocrx_word' id='word_1_188' title='bbox 2379 999 2608 1069; x_wconf 74' lang='grc' dir='ltr'><em>ἀγαθὸν</em></span> <span class='ocrx_word' id='word_1_189' title='bbox 2638 1003 2658 1032; x_wconf 75' lang='grc'>⁸</span> <span class='ocrx_word' id='word_1_190' title='bbox 2697 1002 2894 1067; x_wconf 80' lang='grc' dir='ltr'><em>ποίει,</em></span> <span class='ocrx_word' id='word_1_191' title='bbox 2957 1001 3056 1054; x_wconf 78' lang='grc' dir='ltr'><em>καὶ</em></span> <span class='ocrx_word' id='word_1_192' title='bbox 3096 999 3254 1064; x_wconf 78' lang='grc' dir='ltr'><em>ἕξεις</em></span> <span class='ocrx_word' id='word_1_193' title='bbox 3289 996 3544 1049; x_wconf 75' lang='grc' dir='ltr'><em>ἔπαινον</em></span> <span class='ocrx_word' id='word_1_194' title='bbox 3581 991 3652 1056; x_wconf 77' lang='grc' dir='ltr'><strong>ἐξ</strong></span> 
     </span>
    </p>
   </div>
   <div class='ocr_carea' id='block_1_27' title="bbox 2059 1084 3649 1161">
    <p class='ocr_par' dir='ltr' id='par_1_27' title="bbox 2059 1084 3649 1161">
     <span class='ocr_line' id='line_1_27' title="bbox 2059 1084 3649 1161; baseline -0.005 -16"><span class='ocrx_word' id='word_1_195' title='bbox 2059 1091 2270 1158; x_wconf 83' lang='grc' dir='ltr'><em>αὐτῆς.</em></span> <span class='ocrx_word' id='word_1_196' title='bbox 2317 1093 2400 1145; x_wconf 84' lang='grc' dir='ltr'><strong>Οὐ</strong></span> <span class='ocrx_word' id='word_1_197' title='bbox 2435 1091 2544 1161; x_wconf 74' lang='grc' dir='ltr'><strong>γὰρ</strong></span> <span class='ocrx_word' id='word_1_198' title='bbox 2581 1091 2713 1159; x_wconf 76' lang='grc' dir='ltr'><em>εικῆ</em></span> <span class='ocrx_word' id='word_1_199' title='bbox 2741 1091 2916 1160; x_wconf 63' lang='grc' dir='ltr'><em>φορεῖ</em></span> <span class='ocrx_word' id='word_1_200' title='bbox 2943 1091 3056 1158; x_wconf 77' lang='grc' dir='ltr'><em>τὴν</em></span> <span class='ocrx_word' id='word_1_201' title='bbox 3083 1089 3405 1158; x_wconf 82' lang='grc' dir='ltr'><em>μάχαιραν.</em></span> <span class='ocrx_word' id='word_1_202' title='bbox 3442 1084 3649 1138; x_wconf 82' lang='grc' dir='ltr'><em>Διάκο-</em></span> 
     </span>
    </p>
   </div>
   <div class='ocr_carea' id='block_1_28' title="bbox 2060 1175 3653 1250">
    <p class='ocr_par' dir='ltr' id='par_1_28' title="bbox 2060 1175 3653 1250">
     <span class='ocr_line' id='line_1_28' title="bbox 2060 1175 3653 1250; baseline -0.004 -16"><span class='ocrx_word' id='word_1_203' title='bbox 2060 1200 2166 1245; x_wconf 88' lang='grc' dir='ltr'><strong>νος</strong></span> <span class='ocrx_word' id='word_1_204' title='bbox 2198 1182 2308 1250; x_wconf 75' lang='grc' dir='ltr'><strong>γάρ</strong></span> <span class='ocrx_word' id='word_1_205' title='bbox 2337 1183 2510 1236; x_wconf 83' lang='grc' dir='ltr'><em>ἐστιν</em></span> <span class='ocrx_word' id='word_1_206' title='bbox 2553 1185 2642 1247; x_wconf 85' lang='grc' dir='ltr'><em>εις</em></span> <span class='ocrx_word' id='word_1_207' title='bbox 2669 1183 2818 1235; x_wconf 84' lang='grc' dir='ltr'><em>αὐτὸ</em></span> <span class='ocrx_word' id='word_1_208' title='bbox 2865 1182 3040 1235; x_wconf 76' lang='grc' dir='ltr'><em>τοῦτο</em></span> <span class='ocrx_word' id='word_1_209' title='bbox 3077 1182 3145 1234; x_wconf 81' lang='grc' dir='ltr'><em>ἐκ</em></span> <span class='ocrx_word' id='word_1_210' title='bbox 3187 1179 3336 1232; x_wconf 87' lang='grc' dir='ltr'><strong>Θεοῦ</strong></span> <span class='ocrx_word' id='word_1_211' title='bbox 3374 1175 3653 1245; x_wconf 71' lang='grc' dir='ltr'><em>τεταγμέ-</em></span> 
     </span>
    </p>
   </div>
   <div class='ocr_carea' id='block_1_29' title="bbox 2061 1268 3650 1344">
    <p class='ocr_par' dir='ltr' id='par_1_29' title="bbox 2061 1268 3650 1344">
     <span class='ocr_line' id='line_1_29' title="bbox 2061 1268 3650 1344; baseline -0.006 -15"><span class='ocrx_word' id='word_1_212' title='bbox 2061 1293 2167 1342; x_wconf 80' lang='grc' dir='ltr'><strong>νος</strong></span> <span class='ocrx_word' id='word_1_213' title='bbox 2197 1275 2276 1340; x_wconf 89' lang='grc' dir='ltr'><em>τῷ</em></span> <span class='ocrx_word' id='word_1_214' title='bbox 2303 1275 2369 1328; x_wconf 85' lang='grc' dir='ltr'><strong>τὸ</strong></span> <span class='ocrx_word' id='word_1_215' title='bbox 2396 1276 2584 1330; x_wconf 76' lang='grc' dir='ltr'><em>κακὸν</em></span> <span class='ocrx_word' id='word_1_216' title='bbox 2615 1273 2954 1342; x_wconf 81' lang='grc' dir='ltr'><em>πράττοντι.</em></span> <span class='ocrx_word' id='word_1_217' title='bbox 2988 1274 3098 1326; x_wconf 74' lang='grc' dir='ltr'><strong>Καὶ</strong></span> <span class='ocrx_word' id='word_1_218' title='bbox 3121 1273 3253 1344; x_wconf 77' lang='grc' dir='ltr'><em>ὁρᾷς</em></span> <span class='ocrx_word' id='word_1_219' title='bbox 3279 1313 3294 1337; x_wconf 94' lang='grc'><strong>,</strong></span> <span class='ocrx_word' id='word_1_220' title='bbox 3329 1270 3405 1333; x_wconf 84' lang='grc' dir='ltr'><em>ὠς</em></span> <span class='ocrx_word' id='word_1_221' title='bbox 3432 1272 3465 1338; x_wconf 84' lang='grc' dir='ltr'><strong>ή</strong></span> <span class='ocrx_word' id='word_1_222' title='bbox 3495 1268 3650 1332; x_wconf 77' lang='grc' dir='ltr'><em>ἐξου-</em></span> 
     </span>
    </p>
   </div>
   <div class='ocr_carea' id='block_1_30' title="bbox 2065 1363 3652 1440">
    <p class='ocr_par' dir='ltr' id='par_1_30' title="bbox 2065 1363 3652 1440">
     <span class='ocr_line' id='line_1_30' title="bbox 2065 1363 3652 1440; baseline -0.004 -19"><span class='ocrx_word' id='word_1_223' title='bbox 2065 1369 2154 1422; x_wconf 83' lang='grc' dir='ltr'><strong>σία</strong></span> <span class='ocrx_word' id='word_1_224' title='bbox 2187 1368 2326 1439; x_wconf 76' lang='grc' dir='ltr'><em>αὕτη</em></span> <span class='ocrx_word' id='word_1_225' title='bbox 2361 1371 2394 1435; x_wconf 84' lang='grc' dir='ltr'>ἡ</span> <span class='ocrx_word' id='word_1_226' title='bbox 2430 1371 2669 1440; x_wconf 84' lang='grc' dir='ltr'><em>κοσμικὴ</em></span> <span class='ocrx_word' id='word_1_227' title='bbox 2702 1372 2764 1423; x_wconf 86' lang='grc' dir='ltr'><em>ὲκ</em></span> <span class='ocrx_word' id='word_1_228' title='bbox 2792 1369 2926 1422; x_wconf 87' lang='grc' dir='ltr'><em>Θεοῦ</em></span> <span class='ocrx_word' id='word_1_229' title='bbox 2947 1368 3226 1429; x_wconf 82' lang='grc' dir='ltr'><em>τέτακται,</em></span> <span class='ocrx_word' id='word_1_230' title='bbox 3256 1365 3350 1418; x_wconf 74' lang='grc' dir='ltr'><em>καὶ</em></span> <span class='ocrx_word' id='word_1_231' title='bbox 3376 1363 3652 1434; x_wconf 79' lang='grc' dir='ltr'><em>μαχαίρας</em></span> 
     </span>
    </p>
   </div>
   <div class='ocr_carea' id='block_1_31' title="bbox 2062 1450 3651 1530">
    <p class='ocr_par' dir='ltr' id='par_1_31' title="bbox 2062 1450 3651 1530">
     <span class='ocr_line' id='line_1_31' title="bbox 2062 1450 3651 1530; baseline -0.006 -20"><span class='ocrx_word' id='word_1_232' title='bbox 2062 1458 2221 1512; x_wconf 73' lang='grc' dir='ltr'><em>ἔλαϐε</em></span> <span class='ocrx_word' id='word_1_233' title='bbox 2255 1459 2353 1530; x_wconf 77' lang='grc' dir='ltr'><em>τὴν</em></span> <span class='ocrx_word' id='word_1_234' title='bbox 2389 1458 2667 1525; x_wconf 81' lang='grc' dir='ltr'><em>ὲξουσίαν;</em></span> <span class='ocrx_word' id='word_1_235' title='bbox 2712 1459 2825 1511; x_wconf 77' lang='grc' dir='ltr'><strong>Οὐκ</strong></span> <span class='ocrx_word' id='word_1_236' title='bbox 2856 1455 3149 1527; x_wconf 82' lang='grc' dir='ltr'><em>ἀλλαχόθεν</em></span> <span class='ocrx_word' id='word_1_237' title='bbox 3193 1453 3250 1506; x_wconf 88' lang='grc' dir='ltr'><strong>δέ</strong></span> <span class='ocrx_word' id='word_1_238' title='bbox 3294 1452 3458 1504; x_wconf 84' lang='grc' dir='ltr'><em>ποθεν</em></span> <span class='ocrx_word' id='word_1_239' title='bbox 3483 1490 3498 1512; x_wconf 94' lang='grc'><strong>,</strong></span> <span class='ocrx_word' id='word_1_240' title='bbox 3536 1450 3651 1503; x_wconf 77' lang='grc' dir='ltr'><em>ἀλλ’</em></span> 
     </span>
    </p>
   </div>
   <div class='ocr_carea' id='block_1_32' title="bbox 2063 1541 3649 1620">
    <p class='ocr_par' dir='ltr' id='par_1_32' title="bbox 2063 1541 3649 1620">
     <span class='ocr_line' id='line_1_32' title="bbox 2063 1541 3649 1620; baseline -0.006 -18"><span class='ocrx_word' id='word_1_241' title='bbox 2063 1552 2127 1602; x_wconf 84' lang='grc' dir='ltr'><em>ὲκ</em></span> <span class='ocrx_word' id='word_1_242' title='bbox 2165 1549 2340 1612; x_wconf 76' lang='grc' dir='ltr'><em>Θεοῦ,</em></span> <span class='ocrx_word' id='word_1_243' title='bbox 2391 1553 2471 1613; x_wconf 79' lang='grc' dir='ltr'><em>εἰς</em></span> <span class='ocrx_word' id='word_1_244' title='bbox 2525 1551 2825 1620; x_wconf 80' lang='grc' dir='ltr'><em>ἐκδίκησιν.</em></span> <span class='ocrx_word' id='word_1_245' title='bbox 2858 1549 2969 1600; x_wconf 74' lang='lat' dir='ltr'><strong>Kal.</strong></span> <span class='ocrx_word' id='word_1_246' title='bbox 3015 1548 3076 1598; x_wconf 77' lang='grc' dir='ltr'><em>οὐ</em></span> <span class='ocrx_word' id='word_1_247' title='bbox 3119 1543 3394 1614; x_wconf 80' lang='grc' dir='ltr'><em>δυνάμεθα</em></span> <span class='ocrx_word' id='word_1_248' title='bbox 3444 1541 3649 1608; x_wconf 80' lang='grc' dir='ltr'><em>λέγειν,</em></span> 
     </span>
    </p>
   </div>
   <div class='ocr_carea' id='block_1_33' title="bbox 2063 1635 3656 1714">
    <p class='ocr_par' dir='ltr' id='par_1_33' title="bbox 2063 1635 3656 1714">
     <span class='ocr_line' id='line_1_33' title="bbox 2063 1635 3656 1714; baseline -0.006 -18"><span class='ocrx_word' id='word_1_249' title='bbox 2063 1643 2149 1696; x_wconf 79' lang='grc' dir='ltr'><em>διὰ</em></span> <span class='ocrx_word' id='word_1_250' title='bbox 2178 1643 2237 1696; x_wconf 92' lang='grc' dir='ltr'><strong>τὸ</strong></span> <span class='ocrx_word' id='word_1_251' title='bbox 2259 1643 2398 1698; x_wconf 73' lang='grc' dir='ltr'><em>εἶναι</em></span> <span class='ocrx_word' id='word_1_252' title='bbox 2433 1641 2606 1714; x_wconf 76' lang='grc' dir='ltr'><em>ἀρχὰς</em></span> <span class='ocrx_word' id='word_1_253' title='bbox 2632 1643 2726 1696; x_wconf 78' lang='grc' dir='ltr'><em>καὶ</em></span> <span class='ocrx_word' id='word_1_254' title='bbox 2760 1639 3005 1705; x_wconf 80' lang='grc' dir='ltr'><em>ἐξουσίας</em></span> <span class='ocrx_word' id='word_1_255' title='bbox 3032 1641 3088 1692; x_wconf 82' lang='grc' dir='ltr'><em>ὲν</em></span> <span class='ocrx_word' id='word_1_256' title='bbox 3122 1638 3342 1707; x_wconf 83' lang='grc' dir='ltr'><em>κόσμῳ,</em></span> <span class='ocrx_word' id='word_1_257' title='bbox 3375 1635 3466 1688; x_wconf 89' lang='grc' dir='ltr'><strong>τὸν</strong></span> <span class='ocrx_word' id='word_1_258' title='bbox 3500 1635 3656 1704; x_wconf 83' lang='grc' dir='ltr'><em>βασι-</em></span> 
     </span>
    </p>
   </div>
   <div class='ocr_carea' id='block_1_34' title="bbox 368 1709 1960 1806">
    <p class='ocr_par' dir='ltr' id='par_1_34' title="bbox 368 1732 1960 1800">
     <span class='ocr_line' id='line_1_34' title="bbox 368 1732 1960 1800; baseline -0.004 -12"><span class='ocrx_word' id='word_1_259' title='bbox 368 1749 490 1788; x_wconf 88' lang='lat' dir='ltr'><strong>esse</strong></span> <span class='ocrx_word' id='word_1_260' title='bbox 518 1733 800 1796; x_wconf 89' lang='lat' dir='ltr'><strong>latebitur,</strong></span> <span class='ocrx_word' id='word_1_261' title='bbox 834 1742 894 1786; x_wconf 87' lang='lat' dir='ltr'><strong>ut</strong></span> <span class='ocrx_word' id='word_1_262' title='bbox 925 1733 1143 1787; x_wconf 90' lang='lat' dir='ltr'><strong>interim</strong></span> <span class='ocrx_word' id='word_1_263' title='bbox 1180 1732 1399 1786; x_wconf 92' lang='lat' dir='ltr'><strong>illorum</strong></span> <span class='ocrx_word' id='word_1_264' title='bbox 1426 1747 1550 1785; x_wconf 91' lang='lat' dir='ltr'><strong>esse</strong></span> <span class='ocrx_word' id='word_1_265' title='bbox 1578 1745 1760 1800; x_wconf 88' lang='lat' dir='ltr'><strong>regem</strong></span> <span class='ocrx_word' id='word_1_266' title='bbox 1795 1744 1960 1799; x_wconf 88' lang='lat' dir='ltr'><strong>agno-</strong></span> 
     </span>
    </p>
   </div>
   <div class='ocr_carea' id='block_1_35' title="bbox 2066 1709 3656 1806">
    <p class='ocr_par' dir='ltr' id='par_1_35' title="bbox 2066 1709 3656 1806">
     <span class='ocr_line' id='line_1_35' title="bbox 2066 1709 3656 1806; baseline -0.006 -19"><span class='ocrx_word' id='word_1_267' title='bbox 2066 1735 2160 1788; x_wconf 81' lang='grc' dir='ltr'><strong>λέα</strong></span> <span class='ocrx_word' id='word_1_268' title='bbox 2187 1735 2392 1789; x_wconf 79' lang='grc' dir='ltr'><em>τούτων</em></span> <span class='ocrx_word' id='word_1_269' title='bbox 2433 1709 2684 1806; x_wconf 40' lang='grc' dir='ltr'><em>μή-εἷναι</em></span> <span class='ocrx_word' id='word_1_270' title='bbox 2718 1733 2943 1804; x_wconf 78' lang='grc' dir='ltr'><em>βασιλέα</em></span> <span class='ocrx_word' id='word_1_271' title='bbox 2967 1751 2980 1762; x_wconf 92' lang='grc'><strong>·</strong></span> <span class='ocrx_word' id='word_1_272' title='bbox 3015 1732 3149 1785; x_wconf 79' lang='grc' dir='ltr'><em>ἀλλὰ</em></span> <span class='ocrx_word' id='word_1_273' title='bbox 3179 1727 3317 1783; x_wconf 77' lang='grc' dir='ltr'><em>εἶναι</em></span> <span class='ocrx_word' id='word_1_274' title='bbox 3351 1728 3451 1792; x_wconf 78' lang='grc' dir='ltr'><em>τὰς</em></span> <span class='ocrx_word' id='word_1_275' title='bbox 3479 1726 3656 1797; x_wconf 74' lang='grc' dir='ltr'><em>ἀρχὰς</em></span> 
     </span>
    </p>
   </div>
   <div class='ocr_carea' id='block_1_36' title="bbox 370 1820 1962 1896">
    <p class='ocr_par' dir='ltr' id='par_1_36' title="bbox 370 1820 1962 1896">
     <span class='ocr_line' id='line_1_36' title="bbox 370 1820 1962 1896; baseline -0.003 -17"><span class='ocrx_word' id='word_1_276' title='bbox 370 1833 507 1879; x_wconf 84' lang='lat' dir='ltr'><strong>seat.</strong></span> <span class='ocrx_word' id='word_1_277' title='bbox 543 1824 710 1896; x_wconf 85' lang='lat' dir='ltr'><strong>Igitur</strong></span> <span class='ocrx_word' id='word_1_278' title='bbox 734 1825 836 1879; x_wconf 87' lang='lat' dir='ltr'><strong>hoc</strong></span> <span class='ocrx_word' id='word_1_279' title='bbox 873 1825 1074 1894; x_wconf 90' lang='lat' dir='ltr'><strong>ipsum,</strong></span> <span class='ocrx_word' id='word_1_280' title='bbox 1109 1823 1257 1894; x_wconf 89' lang='lat' dir='ltr'><strong>quod</strong></span> <span class='ocrx_word' id='word_1_281' title='bbox 1306 1822 1362 1876; x_wconf 89' lang='lat' dir='ltr'><strong>in</strong></span> <span class='ocrx_word' id='word_1_282' title='bbox 1415 1823 1578 1877; x_wconf 90' lang='lat' dir='ltr'><strong>terris</strong></span> <span class='ocrx_word' id='word_1_283' title='bbox 1607 1821 1830 1884; x_wconf 85' lang='lat' dir='ltr'><strong>accidit,</strong></span> <span class='ocrx_word' id='word_1_284' title='bbox 1866 1820 1962 1875; x_wconf 85' lang='lat' dir='ltr'><strong>de-</strong></span> 
     </span>
    </p>
   </div>
   <div class='ocr_carea' id='block_1_37' title="bbox 372 1913 1958 1984">
    <p class='ocr_par' dir='ltr' id='par_1_37' title="bbox 372 1913 1958 1984">
     <span class='ocr_line' id='line_1_37' title="bbox 372 1913 1958 1984; baseline -0.002 -14"><span class='ocrx_word' id='word_1_285' title='bbox 372 1916 832 1979; x_wconf 83' lang='lat' dir='ltr'><strong>monstravimus;</strong></span> <span class='ocrx_word' id='word_1_286' title='bbox 858 1930 967 1967; x_wconf 93' lang='lat' dir='ltr'><strong>non</strong></span> <span class='ocrx_word' id='word_1_287' title='bbox 989 1929 1111 1970; x_wconf 86' lang='lat' dir='ltr'><strong>esse</strong></span> <span class='ocrx_word' id='word_1_288' title='bbox 1132 1916 1242 1984; x_wconf 89' lang='lat' dir='ltr'><strong>regi</strong></span> <span class='ocrx_word' id='word_1_289' title='bbox 1270 1914 1607 1984; x_wconf 89' lang='lat' dir='ltr'><strong>principatus</strong></span> <span class='ocrx_word' id='word_1_290' title='bbox 1628 1913 1958 1976; x_wconf 89' lang='lat' dir='ltr'><strong>contrarios,</strong></span> 
     </span>
    </p>
   </div>
   <div class='ocr_carea' id='block_1_38' title="bbox 372 1997 1960 2076">
    <p class='ocr_par' dir='ltr' id='par_1_38' title="bbox 372 1997 1960 2076">
     <span class='ocr_line' id='line_1_38' title="bbox 372 1997 1960 2076; baseline -0.002 -13"><span class='ocrx_word' id='word_1_291' title='bbox 372 2007 467 2063; x_wconf 88' lang='lat' dir='ltr'><strong>sed</strong></span> <span class='ocrx_word' id='word_1_292' title='bbox 510 2007 578 2060; x_wconf 88' lang='lat' dir='ltr'><strong>ad</strong></span> <span class='ocrx_word' id='word_1_293' title='bbox 632 2007 844 2076; x_wconf 86' lang='lat' dir='ltr'><strong>imperii</strong></span> <span class='ocrx_word' id='word_1_294' title='bbox 894 2008 1063 2061; x_wconf 90' lang='lat' dir='ltr'><strong>totius</strong></span> <span class='ocrx_word' id='word_1_295' title='bbox 1113 1997 1644 2063; x_wconf 86' lang='lat' dir='ltr'><strong>administrationem</strong></span> <span class='ocrx_word' id='word_1_296' title='bbox 1691 2016 1960 2075; x_wconf 58' lang='lat' dir='ltr'><strong>terraique</strong></span> 
     </span>
    </p>
   </div>
   <div class='ocr_carea' id='block_1_39' title="bbox 375 2095 1962 2166">
    <p class='ocr_par' dir='ltr' id='par_1_39' title="bbox 375 2095 1962 2166">
     <span class='ocr_line' id='line_1_39' title="bbox 375 2095 1962 2166; baseline -0.001 -14"><span class='ocrx_word' id='word_1_297' title='bbox 375 2097 799 2152; x_wconf 82' lang='lat' dir='ltr'><strong>moderationem</strong></span> <span class='ocrx_word' id='word_1_298' title='bbox 857 2098 1176 2166; x_wconf 84' lang='lat' dir='ltr'><strong>subjectos;</strong></span> <span class='ocrx_word' id='word_1_299' title='bbox 1215 2098 1306 2151; x_wconf 90' lang='lat' dir='ltr'><strong>ubi</strong></span> <span class='ocrx_word' id='word_1_300' title='bbox 1361 2095 1540 2152; x_wconf 67' lang='lat' dir='ltr'><strong>caedes</strong></span> <span class='ocrx_word' id='word_1_301' title='bbox 1592 2096 1848 2150; x_wconf 82' lang='lat' dir='ltr'><strong>videlicet</strong></span> <span class='ocrx_word' id='word_1_302' title='bbox 1897 2110 1962 2150; x_wconf 88' lang='lat' dir='ltr'><strong>ac</strong></span> 
     </span>
    </p>
   </div>
   <div class='ocr_carea' id='block_1_40' title="bbox 373 2188 1961 2260">
    <p class='ocr_par' dir='ltr' id='par_1_40' title="bbox 373 2188 1961 2260">
     <span class='ocr_line' id='line_1_40' title="bbox 373 2188 1961 2260; baseline 0 -18"><span class='ocrx_word' id='word_1_303' title='bbox 373 2189 556 2260; x_wconf 72' lang='lat' dir='ltr'><strong>praelia</strong></span> <span class='ocrx_word' id='word_1_304' title='bbox 593 2191 723 2253; x_wconf 88' lang='lat' dir='ltr'><strong>sint,</strong></span> <span class='ocrx_word' id='word_1_305' title='bbox 749 2189 1180 2260; x_wconf 63' lang='lat' dir='ltr'><strong>ignorantiaaque</strong></span> <span class='ocrx_word' id='word_1_306' title='bbox 1214 2205 1278 2243; x_wconf 86' lang='lat' dir='ltr'><strong>ac</strong></span> <span class='ocrx_word' id='word_1_307' title='bbox 1305 2189 1629 2260; x_wconf 70' lang='lat' dir='ltr'><strong>disciplinac,</strong></span> <span class='ocrx_word' id='word_1_308' title='bbox 1651 2188 1961 2243; x_wconf 89' lang='lat' dir='ltr'><strong>observatio</strong></span> 
     </span>
    </p>
   </div>
   <div class='ocr_carea' id='block_1_41' title="bbox 371 2281 1962 2354">
    <p class='ocr_par' dir='ltr' id='par_1_41' title="bbox 371 2281 1962 2354">
     <span class='ocr_line' id='line_1_41' title="bbox 371 2281 1962 2354; baseline -0.001 -20"><span class='ocrx_word' id='word_1_309' title='bbox 371 2282 606 2352; x_wconf 84' lang='lat' dir='ltr'><strong>denique</strong></span> <span class='ocrx_word' id='word_1_310' title='bbox 641 2283 819 2354; x_wconf 89' lang='lat' dir='ltr'><strong>legum</strong></span> <span class='ocrx_word' id='word_1_311' title='bbox 858 2297 921 2337; x_wconf 89' lang='lat' dir='ltr'><strong>ac</strong></span> <span class='ocrx_word' id='word_1_312' title='bbox 949 2282 1335 2353; x_wconf 83' lang='lat' dir='ltr'><strong>transgressio.</strong></span> <span class='ocrx_word' id='word_1_313' title='bbox 1356 2283 1527 2352; x_wconf 73' lang='lat' dir='ltr'><strong>Cujus</strong></span> <span class='ocrx_word' id='word_1_314' title='bbox 1554 2283 1629 2336; x_wconf 91' lang='lat' dir='ltr'><strong>rei</strong></span> <span class='ocrx_word' id='word_1_315' title='bbox 1660 2281 1834 2352; x_wconf 86' lang='lat' dir='ltr'><strong>gratia</strong></span> <span class='ocrx_word' id='word_1_316' title='bbox 1862 2295 1962 2351; x_wconf 86' lang='lat' dir='ltr'><strong>po-</strong></span> 
     </span>
    </p>
   </div>
   <div class='ocr_carea' id='block_1_42' title="bbox 372 2372 1960 2443">
    <p class='ocr_par' dir='ltr' id='par_1_42' title="bbox 372 2372 1960 2443">
     <span class='ocr_line' id='line_1_42' title="bbox 372 2372 1960 2443; baseline -0.001 -15"><span class='ocrx_word' id='word_1_317' title='bbox 372 2382 592 2429; x_wconf 86' lang='lat' dir='ltr'><strong>testates</strong></span> <span class='ocrx_word' id='word_1_318' title='bbox 631 2375 896 2430; x_wconf 75' lang='lat' dir='ltr'><strong>instituta:</strong></span> <span class='ocrx_word' id='word_1_319' title='bbox 949 2385 1100 2440; x_wconf 86' lang='lat' dir='ltr'><strong>sunt,</strong></span> <span class='ocrx_word' id='word_1_320' title='bbox 1133 2384 1193 2429; x_wconf 91' lang='lat' dir='ltr'><strong>ut</strong></span> <span class='ocrx_word' id='word_1_321' title='bbox 1239 2375 1304 2428; x_wconf 88' lang='lat' dir='ltr'><strong>ad</strong></span> <span class='ocrx_word' id='word_1_322' title='bbox 1359 2381 1538 2443; x_wconf 89' lang='lat' dir='ltr'><strong>aptam</strong></span> <span class='ocrx_word' id='word_1_323' title='bbox 1594 2373 1764 2428; x_wconf 89' lang='lat' dir='ltr'><strong>totius</strong></span> <span class='ocrx_word' id='word_1_324' title='bbox 1808 2372 1960 2427; x_wconf 86' lang='lat' dir='ltr'><strong>orbis</strong></span> 
     </span>
    </p>
   </div>
   <div class='ocr_carea' id='block_1_43' title="bbox 372 2467 1962 2538">
    <p class='ocr_par' dir='ltr' id='par_1_43' title="bbox 372 2467 1962 2538">
     <span class='ocr_line' id='line_1_43' title="bbox 372 2467 1962 2538; baseline -0.001 -19"><span class='ocrx_word' id='word_1_325' title='bbox 372 2469 839 2538; x_wconf 76' lang='lat' dir='ltr'><strong>compositumque</strong></span> <span class='ocrx_word' id='word_1_326' title='bbox 866 2467 1321 2538; x_wconf 89' lang='lat' dir='ltr'><strong>gubernationem</strong></span> <span class='ocrx_word' id='word_1_327' title='bbox 1357 2467 1618 2536; x_wconf 70' lang='lat' dir='ltr'><strong>prazclare</strong></span> <span class='ocrx_word' id='word_1_328' title='bbox 1640 2479 1670 2518; x_wconf 88' lang='lat' dir='ltr'><strong>a</strong></span> <span class='ocrx_word' id='word_1_329' title='bbox 1695 2467 1804 2519; x_wconf 91' lang='lat' dir='ltr'><strong>Deo</strong></span> <span class='ocrx_word' id='word_1_330' title='bbox 1826 2479 1962 2518; x_wconf 91' lang='lat' dir='ltr'><strong>con-</strong></span> 
     </span>
    </p>
   </div>
   <div class='ocr_carea' id='block_1_44' title="bbox 371 2555 1962 2628">
    <p class='ocr_par' dir='ltr' id='par_1_44' title="bbox 371 2555 1962 2628">
     <span class='ocr_line' id='line_1_44' title="bbox 371 2555 1962 2628; baseline -0.003 -15"><span class='ocrx_word' id='word_1_331' title='bbox 371 2558 672 2613; x_wconf 85' lang='lat' dir='ltr'><strong>stituantur</strong></span> <span class='ocrx_word' id='word_1_332' title='bbox 726 2573 791 2611; x_wconf 88' lang='lat' dir='ltr'><strong>ac</strong></span> <span class='ocrx_word' id='word_1_333' title='bbox 833 2566 1096 2628; x_wconf 85' lang='lat' dir='ltr'><strong>regantur</strong></span> <span class='ocrx_word' id='word_1_334' title='bbox 1135 2556 1411 2613; x_wconf 80' lang='lat' dir='ltr'><strong>universa.</strong></span> <span class='ocrx_word' id='word_1_335' title='bbox 1447 2556 1593 2610; x_wconf 85' lang='lat' dir='ltr'><strong>Idem</strong></span> <span class='ocrx_word' id='word_1_336' title='bbox 1627 2564 1681 2610; x_wconf 92' lang='lat' dir='ltr'><strong>et</strong></span> <span class='ocrx_word' id='word_1_337' title='bbox 1725 2557 1782 2609; x_wconf 89' lang='lat' dir='ltr'><strong>in</strong></span> <span class='ocrx_word' id='word_1_338' title='bbox 1823 2555 1962 2609; x_wconf 75' lang='lat' dir='ltr'><strong>ccelo</strong></span> 
     </span>
    </p>
   </div>
   <div class='ocr_carea' id='block_1_45' title="bbox 374 2645 1961 2719">
    <p class='ocr_par' dir='ltr' id='par_1_45' title="bbox 374 2645 1961 2719">
     <span class='ocr_line' id='line_1_45' title="bbox 374 2645 1961 2719; baseline -0.001 -17"><span class='ocrx_word' id='word_1_339' title='bbox 374 2664 592 2718; x_wconf 89' lang='lat' dir='ltr'><strong>quoque</strong></span> <span class='ocrx_word' id='word_1_340' title='bbox 639 2649 958 2719; x_wconf 89' lang='lat' dir='ltr'><strong>contingere</strong></span> <span class='ocrx_word' id='word_1_341' title='bbox 999 2664 1226 2704; x_wconf 88' lang='lat' dir='ltr'><strong>necesse</strong></span> <span class='ocrx_word' id='word_1_342' title='bbox 1255 2657 1340 2703; x_wconf 86' lang='lat' dir='ltr'><strong>est</strong></span> <span class='ocrx_word' id='word_1_343' title='bbox 1370 2663 1546 2716; x_wconf 91' lang='lat' dir='ltr'><strong>eoque</strong></span> <span class='ocrx_word' id='word_1_344' title='bbox 1583 2647 1781 2718; x_wconf 90' lang='lat' dir='ltr'><strong>magis,</strong></span> <span class='ocrx_word' id='word_1_345' title='bbox 1817 2645 1961 2716; x_wconf 87' lang='lat' dir='ltr'><strong>quod</strong></span> 
     </span>
    </p>
   </div>
   <div class='ocr_carea' id='block_1_46' title="bbox 376 2740 1964 2810">
    <p class='ocr_par' dir='ltr' id='par_1_46' title="bbox 376 2740 1964 2810">
     <span class='ocr_line' id='line_1_46' title="bbox 376 2740 1964 2810; baseline 0 -18"><span class='ocrx_word' id='word_1_346' title='bbox 376 2741 487 2793; x_wconf 91' lang='lat' dir='ltr'><strong>illic</strong></span> <span class='ocrx_word' id='word_1_347' title='bbox 521 2756 622 2794; x_wconf 89' lang='lat' dir='ltr'><strong>nec</strong></span> <span class='ocrx_word' id='word_1_348' title='bbox 651 2740 877 2806; x_wconf 83' lang='lat' dir='ltr'><strong>invidia,</strong></span> <span class='ocrx_word' id='word_1_349' title='bbox 914 2756 1014 2796; x_wconf 87' lang='lat' dir='ltr'><strong>nec</strong></span> <span class='ocrx_word' id='word_1_350' title='bbox 1042 2741 1345 2807; x_wconf 84' lang='lat' dir='ltr'><strong>aemulatio,</strong></span> <span class='ocrx_word' id='word_1_351' title='bbox 1381 2755 1558 2810; x_wconf 88' lang='lat' dir='ltr'><strong>neque</strong></span> <span class='ocrx_word' id='word_1_352' title='bbox 1587 2740 1764 2810; x_wconf 90' lang='lat' dir='ltr'><strong>legum</strong></span> <span class='ocrx_word' id='word_1_353' title='bbox 1799 2741 1964 2793; x_wconf 85' lang='lat' dir='ltr'><strong>viola-</strong></span> 
     </span>
    </p>
   </div>
   <div class='ocr_carea' id='block_1_47' title="bbox 345 2821 1960 2902">
    <p class='ocr_par' dir='ltr' id='par_1_47' title="bbox 345 2821 1960 2902">
     <span class='ocr_line' id='line_1_47' title="bbox 345 2821 1960 2902; baseline 0.001 -19"><span class='ocrx_word' id='word_1_354' title='bbox 345 2821 473 2894; x_wconf 48' lang='lat' dir='ltr'><strong>&#39;tio,</strong></span> <span class='ocrx_word' id='word_1_355' title='bbox 508 2846 608 2886; x_wconf 91' lang='lat' dir='ltr'><strong>nec</strong></span> <span class='ocrx_word' id='word_1_356' title='bbox 657 2831 854 2887; x_wconf 87' lang='lat' dir='ltr'><strong>seditio</strong></span> <span class='ocrx_word' id='word_1_357' title='bbox 902 2833 1010 2886; x_wconf 89' lang='lat' dir='ltr'><strong>ulla</strong></span> <span class='ocrx_word' id='word_1_358' title='bbox 1055 2833 1160 2899; x_wconf 89' lang='lat' dir='ltr'><strong>sit;</strong></span> <span class='ocrx_word' id='word_1_359' title='bbox 1211 2849 1321 2887; x_wconf 91' lang='lat' dir='ltr'><strong>non</strong></span> <span class='ocrx_word' id='word_1_360' title='bbox 1371 2831 1788 2902; x_wconf 88' lang='lat' dir='ltr'><strong>jusjurandum,</strong></span> <span class='ocrx_word' id='word_1_361' title='bbox 1844 2846 1960 2885; x_wconf 92' lang='lat' dir='ltr'><strong>non</strong></span> 
     </span>
    </p>
   </div>
   <div class='ocr_carea' id='block_1_48' title="bbox 373 2920 1962 2993">
    <p class='ocr_par' dir='ltr' id='par_1_48' title="bbox 373 2920 1962 2993">
     <span class='ocr_line' id='line_1_48' title="bbox 373 2920 1962 2993; baseline 0 -17"><span class='ocrx_word' id='word_1_362' title='bbox 373 2920 536 2991; x_wconf 79' lang='lat'><strong>295</strong></span> <span class='ocrx_word' id='word_1_363' title='bbox 568 2922 778 2992; x_wconf 90' lang='lat' dir='ltr'><strong>rapina,</strong></span> <span class='ocrx_word' id='word_1_364' title='bbox 813 2938 920 2976; x_wconf 90' lang='lat' dir='ltr'><strong>non</strong></span> <span class='ocrx_word' id='word_1_365' title='bbox 955 2922 1158 2993; x_wconf 90' lang='lat' dir='ltr'><strong>aliquid</strong></span> <span class='ocrx_word' id='word_1_366' title='bbox 1193 2923 1487 2992; x_wconf 87' lang='lat' dir='ltr'><strong>ejusmodi.</strong></span> <span class='ocrx_word' id='word_1_367' title='bbox 1525 2922 1704 2988; x_wconf 86' lang='lat' dir='ltr'><strong>Quare</strong></span> <span class='ocrx_word' id='word_1_368' title='bbox 1734 2921 1962 2976; x_wconf 88' lang='lat' dir='ltr'><strong>alterius</strong></span> 
     </span>
    </p>
   </div>
   <div class='ocr_carea' id='block_1_49' title="bbox 375 3011 1958 3083">
    <p class='ocr_par' dir='ltr' id='par_1_49' title="bbox 375 3011 1958 3083">
     <span class='ocr_line' id='line_1_49' title="bbox 375 3011 1958 3083; baseline -0.001 -18"><span class='ocrx_word' id='word_1_369' title='bbox 375 3013 577 3081; x_wconf 83' lang='lat' dir='ltr'><strong>negotii</strong></span> <span class='ocrx_word' id='word_1_370' title='bbox 629 3027 793 3066; x_wconf 86' lang='lat' dir='ltr'><strong>causa</strong></span> <span class='ocrx_word' id='word_1_371' title='bbox 842 3021 1140 3083; x_wconf 84' lang='lat' dir='ltr'><strong>potestates</strong></span> <span class='ocrx_word' id='word_1_372' title='bbox 1189 3013 1442 3068; x_wconf 63' lang='lat' dir='ltr'><strong>stabilita:</strong></span> <span class='ocrx_word' id='word_1_373' title='bbox 1473 3019 1623 3069; x_wconf 89' lang='lat' dir='ltr'><strong>sunt.</strong></span> <span class='ocrx_word' id='word_1_374' title='bbox 1660 3011 1958 3082; x_wconf 88' lang='lat' dir='ltr'><strong>Cujusnam</strong></span> 
     </span>
    </p>
   </div>
   <div class='ocr_carea' id='block_1_50' title="bbox 376 3103 1965 3174">
    <p class='ocr_par' dir='ltr' id='par_1_50' title="bbox 376 3103 1965 3174">
     <span class='ocr_line' id='line_1_50' title="bbox 376 3103 1965 3174; baseline 0 -18"><span class='ocrx_word' id='word_1_375' title='bbox 376 3105 540 3158; x_wconf 87' lang='lat' dir='ltr'><strong>vero?</strong></span> <span class='ocrx_word' id='word_1_376' title='bbox 571 3103 838 3157; x_wconf 87' lang='lat' dir='ltr'><strong>Nimirum</strong></span> <span class='ocrx_word' id='word_1_377' title='bbox 877 3114 1096 3174; x_wconf 89' lang='lat' dir='ltr'><strong>propter</strong></span> <span class='ocrx_word' id='word_1_378' title='bbox 1127 3105 1434 3158; x_wconf 85' lang='lat' dir='ltr'><strong>divinarum</strong></span> <span class='ocrx_word' id='word_1_379' title='bbox 1470 3104 1690 3158; x_wconf 89' lang='lat' dir='ltr'><strong>laudum</strong></span> <span class='ocrx_word' id='word_1_380' title='bbox 1727 3117 1965 3157; x_wconf 89' lang='lat' dir='ltr'><strong>concen-</strong></span> 
     </span>
    </p>
   </div>
   <div class='ocr_carea' id='block_1_51' title="bbox 378 3196 1964 3266">
    <p class='ocr_par' dir='ltr' id='par_1_51' title="bbox 378 3196 1964 3266">
     <span class='ocr_line' id='line_1_51' title="bbox 378 3196 1964 3266; baseline 0.001 -18"><span class='ocrx_word' id='word_1_381' title='bbox 378 3205 513 3259; x_wconf 90' lang='lat' dir='ltr'><strong>tum,</strong></span> <span class='ocrx_word' id='word_1_382' title='bbox 549 3205 603 3250; x_wconf 91' lang='lat' dir='ltr'><strong>et</strong></span> <span class='ocrx_word' id='word_1_383' title='bbox 633 3197 995 3250; x_wconf 85' lang='lat' dir='ltr'><strong>immortalem</strong></span> <span class='ocrx_word' id='word_1_384' title='bbox 1030 3197 1177 3250; x_wconf 85' lang='lat' dir='ltr'><strong>illam</strong></span> <span class='ocrx_word' id='word_1_385' title='bbox 1211 3197 1456 3252; x_wconf 89' lang='lat' dir='ltr'><strong>numinis</strong></span> <span class='ocrx_word' id='word_1_386' title='bbox 1499 3196 1964 3266; x_wconf 74' lang='lat' dir='ltr'><strong>przedicationem.</strong></span> 
     </span>
    </p>
   </div>
   <div class='ocr_carea' id='block_1_52' title="bbox 375 3287 1966 3359">
    <p class='ocr_par' dir='ltr' id='par_1_52' title="bbox 375 3287 1966 3359">
     <span class='ocr_line' id='line_1_52' title="bbox 375 3287 1966 3359; baseline 0.001 -18"><span class='ocrx_word' id='word_1_387' title='bbox 375 3289 545 3357; x_wconf 83' lang='lat' dir='ltr'><strong>Cujus</strong></span> <span class='ocrx_word' id='word_1_388' title='bbox 588 3288 764 3358; x_wconf 87' lang='lat' dir='ltr'><strong>gratia</strong></span> <span class='ocrx_word' id='word_1_389' title='bbox 803 3303 1054 3342; x_wconf 90' lang='lat' dir='ltr'><strong>summus</strong></span> <span class='ocrx_word' id='word_1_390' title='bbox 1088 3287 1177 3342; x_wconf 91' lang='lat' dir='ltr'><strong>ille</strong></span> <span class='ocrx_word' id='word_1_391' title='bbox 1215 3291 1355 3343; x_wconf 90' lang='lat' dir='ltr'><strong>Deus</strong></span> <span class='ocrx_word' id='word_1_392' title='bbox 1388 3304 1451 3341; x_wconf 85' lang='lat' dir='ltr'><strong>ae</strong></span> <span class='ocrx_word' id='word_1_393' title='bbox 1483 3289 1738 3359; x_wconf 84' lang='lat' dir='ltr'><strong>princeps</strong></span> <span class='ocrx_word' id='word_1_394' title='bbox 1787 3289 1966 3342; x_wconf 89' lang='lat' dir='ltr'><strong>omnis</strong></span> 
     </span>
    </p>
   </div>
   <div class='ocr_carea' id='block_1_53' title="bbox 376 3377 1964 3450">
    <p class='ocr_par' dir='ltr' id='par_1_53' title="bbox 376 3377 1964 3450">
     <span class='ocr_line' id='line_1_53' title="bbox 376 3377 1964 3450; baseline 0.003 -19"><span class='ocrx_word' id='word_1_395' title='bbox 376 3392 572 3446; x_wconf 86' lang='lat' dir='ltr'><strong>expers</strong></span> <span class='ocrx_word' id='word_1_396' title='bbox 595 3377 808 3431; x_wconf 69' lang='lat' dir='ltr'><strong>invidia:</strong></span> <span class='ocrx_word' id='word_1_397' title='bbox 830 3393 989 3431; x_wconf 89' lang='lat' dir='ltr'><strong>suum</strong></span> <span class='ocrx_word' id='word_1_398' title='bbox 1019 3378 1217 3448; x_wconf 88' lang='lat' dir='ltr'><strong>cuique</strong></span> <span class='ocrx_word' id='word_1_399' title='bbox 1248 3379 1489 3443; x_wconf 90' lang='lat' dir='ltr'><strong>illorum,</strong></span> <span class='ocrx_word' id='word_1_400' title='bbox 1515 3396 1654 3450; x_wconf 89' lang='lat' dir='ltr'><strong>quos</strong></span> <span class='ocrx_word' id='word_1_401' title='bbox 1685 3381 1964 3450; x_wconf 79' lang='lat' dir='ltr'><strong>produxit,</strong></span> 
     </span>
    </p>
   </div>
   <div class='ocr_carea' id='block_1_54' title="bbox 377 3468 1965 3540">
    <p class='ocr_par' dir='ltr' id='par_1_54' title="bbox 377 3468 1965 3540">
     <span class='ocr_line' id='line_1_54' title="bbox 377 3468 1965 3540; baseline 0.004 -20"><span class='ocrx_word' id='word_1_402' title='bbox 377 3475 759 3521; x_wconf 88' lang='lat' dir='ltr'><strong>ornamentum</strong></span> <span class='ocrx_word' id='word_1_403' title='bbox 825 3483 890 3522; x_wconf 89' lang='lat' dir='ltr'><strong>ac</strong></span> <span class='ocrx_word' id='word_1_404' title='bbox 948 3468 1118 3524; x_wconf 91' lang='lat' dir='ltr'><strong>decus</strong></span> <span class='ocrx_word' id='word_1_405' title='bbox 1177 3470 1450 3537; x_wconf 85' lang='lat' dir='ltr'><strong>attribuit,</strong></span> <span class='ocrx_word' id='word_1_406' title='bbox 1490 3480 1547 3524; x_wconf 92' lang='lat' dir='ltr'><strong>ut</strong></span> <span class='ocrx_word' id='word_1_407' title='bbox 1606 3471 1821 3540; x_wconf 88' lang='lat' dir='ltr'><strong>imperii</strong></span> <span class='ocrx_word' id='word_1_408' title='bbox 1879 3473 1965 3529; x_wconf 91' lang='lat' dir='ltr'><strong>sui</strong></span> 
     </span>
    </p>
   </div>
   <div class='ocr_carea' id='block_1_55' title="bbox 377 3559 1967 3633">
    <p class='ocr_par' dir='ltr' id='par_1_55' title="bbox 377 3559 1967 3633">
     <span class='ocr_line' id='line_1_55' title="bbox 377 3559 1967 3633; baseline 0.003 -19"><span class='ocrx_word' id='word_1_409' title='bbox 377 3559 658 3628; x_wconf 72' lang='lat' dir='ltr'><strong>Splendor,</strong></span> <span class='ocrx_word' id='word_1_410' title='bbox 692 3567 855 3629; x_wconf 87' lang='lat' dir='ltr'><strong>atque</strong></span> <span class='ocrx_word' id='word_1_411' title='bbox 889 3561 1220 3629; x_wconf 89' lang='lat' dir='ltr'><strong>sempiterna</strong></span> <span class='ocrx_word' id='word_1_412' title='bbox 1251 3563 1512 3633; x_wconf 87' lang='lat' dir='ltr'><strong>dignitas,</strong></span> <span class='ocrx_word' id='word_1_413' title='bbox 1530 3571 1792 3633; x_wconf 90' lang='lat' dir='ltr'><strong>perpetuo</strong></span> <span class='ocrx_word' id='word_1_414' title='bbox 1825 3565 1967 3618; x_wconf 91' lang='lat' dir='ltr'><strong>cele-</strong></span> 
     </span>
    </p>
   </div>
   <div class='ocr_carea' id='block_1_56' title="bbox 376 3649 1964 3724">
    <p class='ocr_par' dir='ltr' id='par_1_56' title="bbox 376 3649 1964 3724">
     <span class='ocr_line' id='line_1_56' title="bbox 376 3649 1964 3724; baseline 0.004 -21"><span class='ocrx_word' id='word_1_415' title='bbox 376 3649 584 3704; x_wconf 88' lang='lat' dir='ltr'><strong>bretur.</strong></span> <span class='ocrx_word' id='word_1_416' title='bbox 617 3649 888 3715; x_wconf 89' lang='lat' dir='ltr'><strong>Quocirca</strong></span> <span class='ocrx_word' id='word_1_417' title='bbox 945 3651 1294 3707; x_wconf 86' lang='lat' dir='ltr'><strong>vehementer</strong></span> <span class='ocrx_word' id='word_1_418' title='bbox 1323 3661 1528 3722; x_wconf 39' lang='lat' dir='ltr'><strong>.errant</strong></span> <span class='ocrx_word' id='word_1_419' title='bbox 1568 3653 1680 3719; x_wconf 90' lang='lat' dir='ltr'><strong>isti,</strong></span> <span class='ocrx_word' id='word_1_420' title='bbox 1733 3655 1826 3724; x_wconf 90' lang='lat' dir='ltr'><strong>qui</strong></span> <span class='ocrx_word' id='word_1_421' title='bbox 1868 3653 1964 3710; x_wconf 91' lang='lat' dir='ltr'><strong>Dei</strong></span> 
     </span>
    </p>
   </div>
   <div class='ocr_carea' id='block_1_57' title="bbox 377 3742 928 3814">
    <p class='ocr_par' dir='ltr' id='par_1_57' title="bbox 377 3742 928 3814">
     <span class='ocr_line' id='line_1_57' title="bbox 377 3742 928 3814; baseline 0.004 -20"><span class='ocrx_word' id='word_1_422' title='bbox 377 3743 612 3814; x_wconf 84' lang='lat' dir='ltr'><strong>gratiam</strong></span> <span class='ocrx_word' id='word_1_423' title='bbox 651 3742 928 3814; x_wconf 88' lang='lat' dir='ltr'><strong>ignorant.</strong></span> 
     </span>
    </p>
   </div>
   <div class='ocr_carea' id='block_1_58' title="bbox 453 3831 1963 3907">
    <p class='ocr_par' dir='ltr' id='par_1_58' title="bbox 453 3831 1963 3907">
     <span class='ocr_line' id='line_1_58' title="bbox 453 3831 1963 3907; baseline 0.006 -21"><span class='ocrx_word' id='word_1_424' title='bbox 453 3831 512 3888; x_wconf 82' lang='lat' dir='ltr'><strong>V.</strong></span> <span class='ocrx_word' id='word_1_425' title='bbox 560 3833 694 3888; x_wconf 91' lang='lat' dir='ltr'><strong>Illud</strong></span> <span class='ocrx_word' id='word_1_426' title='bbox 722 3849 851 3888; x_wconf 90' lang='lat' dir='ltr'><strong>vero</strong></span> <span class='ocrx_word' id='word_1_427' title='bbox 885 3836 1112 3906; x_wconf 89' lang='lat' dir='ltr'><strong>insuper</strong></span> <span class='ocrx_word' id='word_1_428' title='bbox 1141 3834 1432 3902; x_wconf 86' lang='lat' dir='ltr'><strong>alIirmant,</strong></span> <span class='ocrx_word' id='word_1_429' title='bbox 1467 3837 1612 3907; x_wconf 91' lang='lat' dir='ltr'><strong>quod</strong></span> <span class='ocrx_word' id='word_1_430' title='bbox 1642 3854 1671 3892; x_wconf 86' lang='lat' dir='ltr'><strong>a</strong></span> <span class='ocrx_word' id='word_1_431' title='bbox 1696 3855 1782 3895; x_wconf 89' lang='lat' dir='ltr'><strong>me</strong></span> <span class='ocrx_word' id='word_1_432' title='bbox 1804 3849 1963 3896; x_wconf 83' lang='lat' dir='ltr'><strong>antea</strong></span> 
     </span>
    </p>
   </div>
   <div class='ocr_carea' id='block_1_59' title="bbox 375 3925 1966 3999">
    <p class='ocr_par' dir='ltr' id='par_1_59' title="bbox 375 3925 1966 3999">
     <span class='ocr_line' id='line_1_59' title="bbox 375 3925 1966 3999; baseline 0.005 -20"><span class='ocrx_word' id='word_1_433' title='bbox 375 3925 583 3980; x_wconf 89' lang='lat' dir='ltr'><strong>dictum</strong></span> <span class='ocrx_word' id='word_1_434' title='bbox 631 3933 737 3989; x_wconf 87' lang='lat' dir='ltr'><strong>est,</strong></span> <span class='ocrx_word' id='word_1_435' title='bbox 769 3925 1050 3981; x_wconf 89' lang='lat' dir='ltr'><strong>diabolum</strong></span> <span class='ocrx_word' id='word_1_436' title='bbox 1097 3928 1342 3998; x_wconf 65' lang='lat' dir='ltr'><strong>septimae</strong></span> <span class='ocrx_word' id='word_1_437' title='bbox 1386 3930 1696 3999; x_wconf 87' lang='lat' dir='ltr'><strong>potestatis,</strong></span> <span class='ocrx_word' id='word_1_438' title='bbox 1735 3931 1839 3986; x_wconf 89' lang='lat' dir='ltr'><strong>hoc</strong></span> <span class='ocrx_word' id='word_1_439' title='bbox 1881 3942 1966 3987; x_wconf 89' lang='lat' dir='ltr'><strong>est</strong></span> 
     </span>
    </p>
   </div>
   <div class='ocr_carea' id='block_1_60' title="bbox 379 4018 1964 4090">
    <p class='ocr_par' dir='ltr' id='par_1_60' title="bbox 379 4018 1964 4090">
     <span class='ocr_line' id='line_1_60' title="bbox 379 4018 1964 4090; baseline 0.004 -18"><span class='ocrx_word' id='word_1_440' title='bbox 379 4018 638 4082; x_wconf 83' lang='lat' dir='ltr'><strong>Sabaoth,</strong></span> <span class='ocrx_word' id='word_1_441' title='bbox 672 4033 797 4074; x_wconf 88' lang='lat' dir='ltr'><strong>esse</strong></span> <span class='ocrx_word' id='word_1_442' title='bbox 827 4019 1015 4073; x_wconf 86' lang='lat' dir='ltr'><strong>ﬁlium.</strong></span> <span class='ocrx_word' id='word_1_443' title='bbox 1039 4019 1277 4074; x_wconf 83' lang='lat' dir='ltr'><strong>Sabaoth</strong></span> <span class='ocrx_word' id='word_1_444' title='bbox 1310 4035 1474 4090; x_wconf 86' lang='lat' dir='ltr'><strong>porro</strong></span> <span class='ocrx_word' id='word_1_445' title='bbox 1499 4019 1813 4078; x_wconf 73' lang='lat' dir='ltr'><strong>Judzeorum</strong></span> <span class='ocrx_word' id='word_1_446' title='bbox 1843 4039 1964 4079; x_wconf 89' lang='lat' dir='ltr'><strong>esse</strong></span> 
     </span>
    </p>
   </div>
   <div class='ocr_carea' id='block_1_61' title="bbox 379 4109 1962 4183">
    <p class='ocr_par' dir='ltr' id='par_1_61' title="bbox 379 4109 1962 4183">
     <span class='ocr_line' id='line_1_61' title="bbox 379 4109 1962 4183; baseline 0.002 -18"><span class='ocrx_word' id='word_1_447' title='bbox 379 4109 570 4176; x_wconf 79' lang='lat' dir='ltr'><strong>Deum,</strong></span> <span class='ocrx_word' id='word_1_448' title='bbox 605 4109 764 4180; x_wconf 91' lang='lat' dir='ltr'><strong>cujus</strong></span> <span class='ocrx_word' id='word_1_449' title='bbox 793 4111 968 4166; x_wconf 90' lang='lat' dir='ltr'><strong>malus</strong></span> <span class='ocrx_word' id='word_1_450' title='bbox 996 4110 1138 4165; x_wconf 86' lang='lat' dir='ltr'><strong>ﬁlius</strong></span> <span class='ocrx_word' id='word_1_451' title='bbox 1171 4112 1240 4165; x_wconf 92' lang='lat' dir='ltr'><strong>sit</strong></span> <span class='ocrx_word' id='word_1_452' title='bbox 1270 4111 1522 4168; x_wconf 88' lang='lat' dir='ltr'><strong>diabolus</strong></span> <span class='ocrx_word' id='word_1_453' title='bbox 1553 4133 1566 4167; x_wconf 84' lang='lat'>:</span> <span class='ocrx_word' id='word_1_454' title='bbox 1602 4115 1697 4183; x_wconf 90' lang='lat' dir='ltr'><strong>qui</strong></span> <span class='ocrx_word' id='word_1_455' title='bbox 1730 4115 1786 4169; x_wconf 87' lang='lat' dir='ltr'><strong>in</strong></span> <span class='ocrx_word' id='word_1_456' title='bbox 1817 4122 1962 4170; x_wconf 79' lang='lat' dir='ltr'><strong>terra</strong></span> 
     </span>
    </p>
   </div>
   <div class='ocr_carea' id='block_1_62' title="bbox 379 4198 1963 4261">
    <p class='ocr_par' dir='ltr' id='par_1_62' title="bbox 379 4198 1963 4261">
     <span class='ocr_line' id='line_1_62' title="bbox 379 4198 1963 4261; baseline 0.004 -8"><span class='ocrx_word' id='word_1_457' title='bbox 379 4200 689 4255; x_wconf 86' lang='lat' dir='ltr'><strong>consistens</strong></span> <span class='ocrx_word' id='word_1_458' title='bbox 735 4198 958 4254; x_wconf 87' lang='lat' dir='ltr'><strong>Parenti</strong></span> <span class='ocrx_word' id='word_1_459' title='bbox 1011 4215 1112 4254; x_wconf 90' lang='lat' dir='ltr'><strong>suo</strong></span> <span class='ocrx_word' id='word_1_460' title='bbox 1164 4201 1484 4256; x_wconf 88' lang='lat' dir='ltr'><strong>reluctetur.</strong></span> <span class='ocrx_word' id='word_1_461' title='bbox 1523 4201 1786 4258; x_wconf 89' lang='lat' dir='ltr'><strong>Eumdem</strong></span> <span class='ocrx_word' id='word_1_462' title='bbox 1835 4221 1963 4261; x_wconf 84' lang='lat' dir='ltr'><strong>vero</strong></span> 
     </span>
    </p>
   </div>
   <div class='ocr_carea' id='block_1_63' title="bbox 380 4279 1958 4363">
    <p class='ocr_par' dir='ltr' id='par_1_63' title="bbox 380 4279 1958 4363">
     <span class='ocr_line' id='line_1_63' title="bbox 380 4279 1958 4363; baseline 0.006 -19"><span class='ocrx_word' id='word_1_463' title='bbox 380 4290 669 4346; x_wconf 84' lang='lat' dir='ltr'><strong>Parentem</strong></span> <span class='ocrx_word' id='word_1_464' title='bbox 717 4307 894 4362; x_wconf 89' lang='lat' dir='ltr'><strong>neque</strong></span> <span class='ocrx_word' id='word_1_465' title='bbox 939 4279 1232 4360; x_wconf 84' lang='lat' dir='ltr'><strong>ejusmodi,</strong></span> <span class='ocrx_word' id='word_1_466' title='bbox 1266 4294 1369 4348; x_wconf 88' lang='lat' dir='ltr'><strong>hoc</strong></span> <span class='ocrx_word' id='word_1_467' title='bbox 1418 4302 1502 4349; x_wconf 91' lang='lat' dir='ltr'><strong>est</strong></span> <span class='ocrx_word' id='word_1_468' title='bbox 1552 4296 1778 4360; x_wconf 88' lang='lat' dir='ltr'><strong>malum,</strong></span> <span class='ocrx_word' id='word_1_469' title='bbox 1815 4312 1958 4363; x_wconf 89' lang='lat' dir='ltr'><strong>esse,</strong></span> 
     </span>
    </p>
   </div>
   <div class='ocr_carea' id='block_1_64' title="bbox 382 4379 1960 4456">
    <p class='ocr_par' dir='ltr' id='par_1_64' title="bbox 382 4379 1960 4456">
     <span class='ocr_line' id='line_1_64' title="bbox 382 4379 1960 4456; baseline 0.006 -22"><span class='ocrx_word' id='word_1_470' title='bbox 382 4396 560 4450; x_wconf 91' lang='lat' dir='ltr'><strong>neque</strong></span> <span class='ocrx_word' id='word_1_471' title='bbox 606 4379 774 4435; x_wconf 91' lang='lat' dir='ltr'><strong>Deum</strong></span> <span class='ocrx_word' id='word_1_472' title='bbox 819 4391 997 4436; x_wconf 86' lang='lat' dir='ltr'><strong>tamen</strong></span> <span class='ocrx_word' id='word_1_473' title='bbox 1049 4382 1201 4436; x_wconf 91' lang='lat' dir='ltr'><strong>illum</strong></span> <span class='ocrx_word' id='word_1_474' title='bbox 1251 4398 1390 4448; x_wconf 86' lang='lat' dir='ltr'><strong>esse,</strong></span> <span class='ocrx_word' id='word_1_475' title='bbox 1429 4385 1521 4454; x_wconf 89' lang='lat' dir='ltr'><strong>qui</strong></span> <span class='ocrx_word' id='word_1_476' title='bbox 1573 4387 1960 4456; x_wconf 88' lang='lat' dir='ltr'><strong>comprehendi</strong></span> 
     </span>
    </p>
   </div>
   <div class='ocr_carea' id='block_1_65' title="bbox 385 4469 1958 4547">
    <p class='ocr_par' dir='ltr' id='par_1_65' title="bbox 385 4469 1958 4547">
     <span class='ocr_line' id='line_1_65' title="bbox 385 4469 1958 4547; baseline 0.007 -21"><span class='ocrx_word' id='word_1_477' title='bbox 385 4478 639 4541; x_wconf 87' lang='lat' dir='ltr'><strong>nequeat.</strong></span> <span class='ocrx_word' id='word_1_478' title='bbox 692 4469 797 4527; x_wconf 89' lang='lat' dir='ltr'><strong>Sed</strong></span> <span class='ocrx_word' id='word_1_479' title='bbox 848 4475 916 4529; x_wconf 87' lang='lat' dir='ltr'><strong>ad</strong></span> <span class='ocrx_word' id='word_1_480' title='bbox 966 4472 1243 4526; x_wconf 87' lang='lat' dir='ltr'><strong>sinistram</strong></span> <span class='ocrx_word' id='word_1_481' title='bbox 1289 4482 1616 4542; x_wconf 87' lang='lat' dir='ltr'><strong>potestatem</strong></span> <span class='ocrx_word' id='word_1_482' title='bbox 1667 4479 1958 4547; x_wconf 89' lang='lat' dir='ltr'><strong>pertinere.</strong></span> 
     </span>
    </p>
   </div>
   <div class='ocr_carea' id='block_1_66' title="bbox 384 4564 1963 4626">
    <p class='ocr_par' dir='ltr' id='par_1_66' title="bbox 384 4564 1963 4626">
     <span class='ocr_line' id='line_1_66' title="bbox 384 4564 1963 4626; baseline 0.006 -9"><span class='ocrx_word' id='word_1_483' title='bbox 384 4564 606 4619; x_wconf 86' lang='lat' dir='ltr'><strong>Addunt</strong></span> <span class='ocrx_word' id='word_1_484' title='bbox 659 4571 714 4619; x_wconf 88' lang='lat' dir='ltr'><strong>et</strong></span> <span class='ocrx_word' id='word_1_485' title='bbox 759 4564 920 4618; x_wconf 89' lang='lat' dir='ltr'><strong>aliam</strong></span> <span class='ocrx_word' id='word_1_486' title='bbox 948 4565 1256 4620; x_wconf 89' lang='lat' dir='ltr'><strong>istiusmodi</strong></span> <span class='ocrx_word' id='word_1_487' title='bbox 1291 4566 1551 4624; x_wconf 78' lang='lat' dir='ltr'><strong>fabulam.</strong></span> <span class='ocrx_word' id='word_1_488' title='bbox 1579 4566 1864 4625; x_wconf 87' lang='lat' dir='ltr'><strong>Diabolum</strong></span> <span class='ocrx_word' id='word_1_489' title='bbox 1895 4573 1963 4626; x_wconf 90' lang='lat' dir='ltr'><strong>ad</strong></span> 
     </span>
    </p>
   </div>
   <div class='ocr_carea' id='block_1_67' title="bbox 382 4655 1966 4730">
    <p class='ocr_par' dir='ltr' id='par_1_67' title="bbox 382 4655 1966 4730">
     <span class='ocr_line' id='line_1_67' title="bbox 382 4655 1966 4730; baseline 0.008 -21"><span class='ocrx_word' id='word_1_490' title='bbox 382 4655 549 4710; x_wconf 82' lang='lat' dir='ltr'><strong>Evam</strong></span> <span class='ocrx_word' id='word_1_491' title='bbox 583 4657 930 4713; x_wconf 89' lang='lat' dir='ltr'><strong>accedentem</strong></span> <span class='ocrx_word' id='word_1_492' title='bbox 963 4673 1089 4712; x_wconf 89' lang='lat' dir='ltr'><strong>cum</strong></span> <span class='ocrx_word' id='word_1_493' title='bbox 1124 4674 1186 4714; x_wconf 88' lang='lat' dir='ltr'><strong>ea</strong></span> <span class='ocrx_word' id='word_1_494' title='bbox 1228 4661 1450 4730; x_wconf 87' lang='lat' dir='ltr'><strong>perinde</strong></span> <span class='ocrx_word' id='word_1_495' title='bbox 1484 4677 1548 4717; x_wconf 85' lang='lat' dir='ltr'><strong>ac</strong></span> <span class='ocrx_word' id='word_1_496' title='bbox 1580 4662 1663 4717; x_wconf 89' lang='lat' dir='ltr'><strong>vir</strong></span> <span class='ocrx_word' id='word_1_497' title='bbox 1697 4680 1821 4718; x_wconf 92' lang='lat' dir='ltr'><strong>cum</strong></span> <span class='ocrx_word' id='word_1_498' title='bbox 1852 4682 1966 4721; x_wconf 90' lang='lat' dir='ltr'><strong>mu-</strong></span> 
     </span>
    </p>
   </div>
   <div class='ocr_carea' id='block_1_68' title="bbox 383 4748 1968 4826">
    <p class='ocr_par' dir='ltr' id='par_1_68' title="bbox 383 4748 1968 4826">
     <span class='ocr_line' id='line_1_68' title="bbox 383 4748 1968 4826; baseline 0.007 -24"><span class='ocrx_word' id='word_1_499' title='bbox 383 4748 516 4802; x_wconf 89' lang='lat' dir='ltr'><strong>liere</strong></span> <span class='ocrx_word' id='word_1_500' title='bbox 553 4749 710 4813; x_wconf 86' lang='lat' dir='ltr'><strong>solet,</strong></span> <span class='ocrx_word' id='word_1_501' title='bbox 740 4750 1192 4806; x_wconf 89' lang='lat' dir='ltr'><strong>consuetudinem</strong></span> <span class='ocrx_word' id='word_1_502' title='bbox 1236 4752 1497 4809; x_wconf 87' lang='lat' dir='ltr'><strong>habuisse</strong></span> <span class='ocrx_word' id='word_1_503' title='bbox 1537 4755 1712 4826; x_wconf 89' lang='lat' dir='ltr'><strong>deque</strong></span> <span class='ocrx_word' id='word_1_504' title='bbox 1743 4773 1805 4812; x_wconf 91' lang='lat' dir='ltr'><strong>ea</strong></span> <span class='ocrx_word' id='word_1_505' title='bbox 1839 4757 1968 4814; x_wconf 86' lang='lat' dir='ltr'><strong>Cai-</strong></span> 
     </span>
    </p>
   </div>
   <div class='ocr_carea' id='block_1_69' title="bbox 383 4843 1962 4918">
    <p class='ocr_par' dir='ltr' id='par_1_69' title="bbox 383 4843 1962 4918">
     <span class='ocr_line' id='line_1_69' title="bbox 383 4843 1962 4918; baseline 0.009 -24"><span class='ocrx_word' id='word_1_506' title='bbox 383 4857 512 4895; x_wconf 87' lang='lat' dir='ltr'><strong>num</strong></span> <span class='ocrx_word' id='word_1_507' title='bbox 559 4851 612 4898; x_wconf 90' lang='lat' dir='ltr'><strong>et</strong></span> <span class='ocrx_word' id='word_1_508' title='bbox 653 4843 882 4898; x_wconf 81' lang='lat' dir='ltr'><strong>Abelum</strong></span> <span class='ocrx_word' id='word_1_509' title='bbox 932 4846 1261 4916; x_wconf 89' lang='lat' dir='ltr'><strong>suscepisse.</strong></span> <span class='ocrx_word' id='word_1_510' title='bbox 1300 4846 1378 4901; x_wconf 80' lang='lat' dir='ltr'><strong>Ex</strong></span> <span class='ocrx_word' id='word_1_511' title='bbox 1414 4863 1522 4918; x_wconf 91' lang='lat' dir='ltr'><strong>quo</strong></span> <span class='ocrx_word' id='word_1_512' title='bbox 1566 4848 1771 4906; x_wconf 79' lang='lat' dir='ltr'><strong>factum</strong></span> <span class='ocrx_word' id='word_1_513' title='bbox 1807 4867 1962 4908; x_wconf 83' lang='lat' dir='ltr'><strong>asse-</strong></span> 
     </span>
    </p>
   </div>
   <div class='ocr_carea' id='block_1_70' title="bbox 382 4933 1962 5011">
    <p class='ocr_par' dir='ltr' id='par_1_70' title="bbox 382 4933 1962 5011">
     <span class='ocr_line' id='line_1_70' title="bbox 382 4933 1962 5011; baseline 0.007 -25"><span class='ocrx_word' id='word_1_514' title='bbox 382 4943 530 4997; x_wconf 81' lang='lat' dir='ltr'><strong>runt,</strong></span> <span class='ocrx_word' id='word_1_515' title='bbox 568 4942 625 4987; x_wconf 91' lang='lat' dir='ltr'><strong>ut</strong></span> <span class='ocrx_word' id='word_1_516' title='bbox 656 4933 709 4989; x_wconf 92' lang='lat' dir='ltr'><strong>in</strong></span> <span class='ocrx_word' id='word_1_517' title='bbox 744 4937 975 4991; x_wconf 87' lang='lat' dir='ltr'><strong>alterum</strong></span> <span class='ocrx_word' id='word_1_518' title='bbox 1010 4953 1149 4992; x_wconf 92' lang='lat' dir='ltr'><strong>unus</strong></span> <span class='ocrx_word' id='word_1_519' title='bbox 1177 4939 1502 5008; x_wconf 86' lang='lat' dir='ltr'><strong>insurgeret,</strong></span> <span class='ocrx_word' id='word_1_520' title='bbox 1541 4958 1638 5011; x_wconf 91' lang='lat' dir='ltr'><strong>pro</strong></span> <span class='ocrx_word' id='word_1_521' title='bbox 1669 4959 1732 4997; x_wconf 89' lang='lat' dir='ltr'><strong>ea</strong></span> <span class='ocrx_word' id='word_1_522' title='bbox 1771 4943 1962 5000; x_wconf 89' lang='lat' dir='ltr'><strong>videli-</strong></span> 
     </span>
    </p>
   </div>
   <div class='ocr_carea' id='block_1_71' title="bbox 382 5025 1959 5097">
    <p class='ocr_par' dir='ltr' id='par_1_71' title="bbox 382 5025 1959 5097">
     <span class='ocr_line' id='line_1_71' title="bbox 382 5025 1959 5097; baseline 0.008 -19"><span class='ocrx_word' id='word_1_523' title='bbox 382 5035 468 5080; x_wconf 87' lang='lat' dir='ltr'><strong>cet</strong></span> <span class='ocrx_word' id='word_1_524' title='bbox 505 5025 727 5088; x_wconf 82' lang='lat' dir='ltr'><strong>invidia,</strong></span> <span class='ocrx_word' id='word_1_525' title='bbox 748 5043 856 5097; x_wconf 89' lang='lat' dir='ltr'><strong>qua</strong></span> <span class='ocrx_word' id='word_1_526' title='bbox 892 5029 947 5082; x_wconf 92' lang='lat' dir='ltr'><strong>in</strong></span> <span class='ocrx_word' id='word_1_527' title='bbox 981 5044 1040 5083; x_wconf 90' lang='lat' dir='ltr'><strong>se</strong></span> <span class='ocrx_word' id='word_1_528' title='bbox 1071 5037 1260 5084; x_wconf 90' lang='lat' dir='ltr'><strong>mutuo</strong></span> <span class='ocrx_word' id='word_1_529' title='bbox 1286 5032 1821 5089; x_wconf 89' lang='lat' dir='ltr'><strong>concitabantur:ac</strong></span> <span class='ocrx_word' id='word_1_530' title='bbox 1852 5052 1959 5092; x_wconf 88' lang='lat' dir='ltr'><strong>non</strong></span> 
     </span>
    </p>
   </div>
   <div class='ocr_carea' id='block_1_72' title="bbox 382 5117 1960 5193">
    <p class='ocr_par' dir='ltr' id='par_1_72' title="bbox 382 5117 1960 5193">
     <span class='ocr_line' id='line_1_72' title="bbox 382 5117 1960 5193; baseline 0.008 -22"><span class='ocrx_word' id='word_1_531' title='bbox 382 5117 506 5172; x_wconf 90' lang='lat' dir='ltr'><strong>ideo</strong></span> <span class='ocrx_word' id='word_1_532' title='bbox 539 5121 682 5188; x_wconf 92' lang='lat' dir='ltr'><strong>quod</strong></span> <span class='ocrx_word' id='word_1_533' title='bbox 717 5119 919 5176; x_wconf 84' lang='lat' dir='ltr'><strong>Abelus</strong></span> <span class='ocrx_word' id='word_1_534' title='bbox 968 5120 1075 5176; x_wconf 89' lang='lat' dir='ltr'><strong>Deo</strong></span> <span class='ocrx_word' id='word_1_535' title='bbox 1123 5131 1270 5177; x_wconf 86' lang='lat' dir='ltr'><strong>esset</strong></span> <span class='ocrx_word' id='word_1_536' title='bbox 1313 5127 1620 5193; x_wconf 88' lang='lat' dir='ltr'><strong>acceptior;</strong></span> <span class='ocrx_word' id='word_1_537' title='bbox 1673 5128 1750 5180; x_wconf 92' lang='lat' dir='ltr'><strong>uti</strong></span> <span class='ocrx_word' id='word_1_538' title='bbox 1783 5143 1841 5182; x_wconf 88' lang='lat' dir='ltr'><strong>se</strong></span> <span class='ocrx_word' id='word_1_539' title='bbox 1871 5145 1960 5186; x_wconf 90' lang='lat' dir='ltr'><strong>res</strong></span> 
     </span>
    </p>
   </div>
   <div class='ocr_carea' id='block_1_73' title="bbox 378 5209 1960 5282">
    <p class='ocr_par' dir='ltr' id='par_1_73' title="bbox 378 5209 1960 5282">
     <span class='ocr_line' id='line_1_73' title="bbox 378 5209 1960 5282; baseline 0.006 -19"><span class='ocrx_word' id='word_1_540' title='bbox 378 5209 576 5275; x_wconf 85' lang='lat' dir='ltr'><strong>habet;</strong></span> <span class='ocrx_word' id='word_1_541' title='bbox 607 5213 701 5266; x_wconf 88' lang='lat' dir='ltr'><strong>sed</strong></span> <span class='ocrx_word' id='word_1_542' title='bbox 737 5226 878 5266; x_wconf 82' lang='lat' dir='ltr'><strong>novo</strong></span> <span class='ocrx_word' id='word_1_543' title='bbox 911 5212 1146 5282; x_wconf 87' lang='lat' dir='ltr'><strong>quodam</strong></span> <span class='ocrx_word' id='word_1_544' title='bbox 1170 5213 1453 5269; x_wconf 88' lang='lat' dir='ltr'><strong>mendacio</strong></span> <span class='ocrx_word' id='word_1_545' title='bbox 1483 5217 1763 5271; x_wconf 86' lang='lat' dir='ltr'><strong>veritatem</strong></span> <span class='ocrx_word' id='word_1_546' title='bbox 1793 5219 1960 5275; x_wconf 87' lang='lat' dir='ltr'><strong>dissi-</strong></span> 
     </span>
    </p>
   </div>
   <div class='ocr_carea' id='block_1_74' title="bbox 379 5303 1952 5381">
    <p class='ocr_par' dir='ltr' id='par_1_74' title="bbox 379 5303 1952 5381">
     <span class='ocr_line' id='line_1_74' title="bbox 379 5303 1952 5381; baseline 0.007 -27"><span class='ocrx_word' id='word_1_547' title='bbox 379 5304 610 5356; x_wconf 89' lang='lat' dir='ltr'><strong>mulant.</strong></span> <span class='ocrx_word' id='word_1_548' title='bbox 631 5303 832 5359; x_wconf 89' lang='lat' dir='ltr'><strong>Ambos</strong></span> <span class='ocrx_word' id='word_1_549' title='bbox 862 5306 1006 5359; x_wconf 89' lang='lat' dir='ltr'><strong>enim</strong></span> <span class='ocrx_word' id='word_1_550' title='bbox 1040 5305 1193 5360; x_wconf 89' lang='lat' dir='ltr'><strong>aiunt</strong></span> <span class='ocrx_word' id='word_1_551' title='bbox 1221 5308 1430 5363; x_wconf 84' lang='lat' dir='ltr'><strong>sororis</strong></span> <span class='ocrx_word' id='word_1_552' title='bbox 1458 5324 1644 5364; x_wconf 88' lang='lat' dir='ltr'><strong>amore</strong></span> <span class='ocrx_word' id='word_1_553' title='bbox 1671 5309 1952 5381; x_wconf 80' lang='lat' dir='ltr'><strong>ﬂagrasse.</strong></span> 
     </span>
    </p>
   </div>
   <div class='ocr_carea' id='block_1_75' title="bbox 377 5392 1956 5470">
    <p class='ocr_par' dir='ltr' id='par_1_75' title="bbox 377 5392 1956 5470">
     <span class='ocr_line' id='line_1_75' title="bbox 377 5392 1956 5470; baseline 0.008 -24"><span class='ocrx_word' id='word_1_554' title='bbox 377 5392 504 5447; x_wconf 80' lang='lat' dir='ltr'><strong>Ideo</strong></span> <span class='ocrx_word' id='word_1_555' title='bbox 535 5393 764 5449; x_wconf 80' lang='lat' dir='ltr'><strong>Cainum</strong></span> <span class='ocrx_word' id='word_1_556' title='bbox 815 5397 869 5450; x_wconf 92' lang='lat' dir='ltr'><strong>in</strong></span> <span class='ocrx_word' id='word_1_557' title='bbox 918 5397 1142 5451; x_wconf 83' lang='lat' dir='ltr'><strong>Abelutn</strong></span> <span class='ocrx_word' id='word_1_558' title='bbox 1180 5398 1514 5452; x_wconf 90' lang='lat' dir='ltr'><strong>concitatum</strong></span> <span class='ocrx_word' id='word_1_559' title='bbox 1547 5401 1722 5470; x_wconf 88' lang='lat' dir='ltr'><strong>ipsum</strong></span> <span class='ocrx_word' id='word_1_560' title='bbox 1753 5402 1956 5458; x_wconf 81' lang='lat' dir='ltr'><strong>intere-</strong></span> 
     </span>
    </p>
   </div>
   <div class='ocr_carea' id='block_1_76' title="bbox 463 5564 1960 5657">
    <p class='ocr_par' dir='ltr' id='par_1_76' title="bbox 463 5566 1960 5657">
     <span class='ocr_line' id='line_1_76' title="bbox 463 5566 1960 5657; baseline -0.015 -31"><span class='ocrx_word' id='word_1_561' title='bbox 463 5567 658 5657; x_wconf 34' lang='lat' dir='ltr'><strong>‘HHom:</strong></span> <span class='ocrx_word' id='word_1_562' title='bbox 703 5589 823 5638; x_wconf 76' lang='lat' dir='ltr'><strong>xm,</strong></span> <span class='ocrx_word' id='word_1_563' title='bbox 859 5574 881 5627; x_wconf 82' lang='grc'>1</span> <span class='ocrx_word' id='word_1_564' title='bbox 913 5588 1032 5644; x_wconf 83' lang='lat' dir='ltr'><strong>sqq.</strong></span> <span class='ocrx_word' id='word_1_565' title='bbox 1123 5566 1144 5598; x_wconf 75' lang='grc' dir='ltr'><strong>ι</strong></span> <span class='ocrx_word' id='word_1_566' title='bbox 1179 5572 1298 5629; x_wconf 48' lang='lat' dir='ltr'><strong>Vm.</strong></span> <span class='ocrx_word' id='word_1_567' title='bbox 1335 5571 1392 5627; x_wconf 65' lang='grc' dir='ltr'><strong>τδ</strong></span> <span class='ocrx_word' id='word_1_568' title='bbox 1423 5573 1611 5632; x_wconf 51' lang='grc' dir='ltr'><strong>καλόν.</strong></span> <span class='ocrx_word' id='word_1_569' title='bbox 1689 5575 1708 5610; x_wconf 73' lang='grc' dir='ltr'><strong>ο</strong></span> <span class='ocrx_word' id='word_1_570' title='bbox 1747 5576 1873 5644; x_wconf 34' lang='lat' dir='ltr'><strong>vett</strong></span> <span class='ocrx_word' id='word_1_571' title='bbox 1901 5578 1960 5634; x_wconf 25' lang='lat' dir='ltr'><strong>eg;</strong></span> 
     </span>
    </p>
   </div>
   <div class='ocr_carea' id='block_1_77' title="bbox 2066 5564 2327 5657">
    <p class='ocr_par' dir='ltr' id='par_1_77' title="bbox 2066 5564 2327 5657">
     <span class='ocr_line' id='line_1_77' title="bbox 2066 5564 2327 5657; baseline 0.019 -22"><span class='ocrx_word' id='word_1_572' title='bbox 2066 5601 2160 5638; x_wconf 79' lang='grc' dir='ltr'><em>εται</em></span> <span class='ocrx_word' id='word_1_573' title='bbox 2197 5564 2327 5657; x_wconf 72' lang='grc' dir='ltr'><em>γάρ.</em></span> 
     </span>
    </p>
   </div>
   <div class='ocr_carea' id='block_1_78' title="bbox 382 5635 716 5707">
    <p class='ocr_par' dir='ltr' id='par_1_78' title="bbox 382 5635 716 5707">
     <span class='ocr_line' id='line_1_78' title="bbox 382 5635 716 5707; baseline 0.006 -15"><span class='ocrx_word' id='word_1_574' title='bbox 382 5635 540 5692; x_wconf 64' lang='lat' dir='ltr'><strong>Carr.</strong></span> <span class='ocrx_word' id='word_1_575' title='bbox 596 5641 716 5707; x_wconf 70' lang='grc' dir='ltr'><em>γῆς.</em></span> 
     </span>
    </p>
   </div>
   <div class='ocr_carea' id='block_1_79' title="bbox 2068 1819 3654 1897">
    <p class='ocr_par' dir='ltr' id='par_1_79' title="bbox 2068 1819 3654 1897">
     <span class='ocr_line' id='line_1_79' title="bbox 2068 1819 3654 1897; baseline -0.006 -17"><span class='ocrx_word' id='word_1_576' title='bbox 2068 1827 2280 1891; x_wconf 78' lang='grc' dir='ltr'><em>καὶτὰς</em></span> <span class='ocrx_word' id='word_1_577' title='bbox 2310 1827 2558 1892; x_wconf 77' lang='grc' dir='ltr'><em>ἐξουσίας</em></span> <span class='ocrx_word' id='word_1_578' title='bbox 2589 1828 2647 1879; x_wconf 80' lang='grc' dir='ltr'><em>ἐν</em></span> <span class='ocrx_word' id='word_1_579' title='bbox 2685 1827 2874 1897; x_wconf 86' lang='grc' dir='ltr'><em>κόσμῳ</em></span> <span class='ocrx_word' id='word_1_580' title='bbox 2893 1868 2908 1892; x_wconf 83' lang='grc'><strong>,</strong></span> <span class='ocrx_word' id='word_1_581' title='bbox 2945 1821 3083 1878; x_wconf 71' lang='grc' dir='ltr'><em>εἶναι</em></span> <span class='ocrx_word' id='word_1_582' title='bbox 3111 1823 3168 1876; x_wconf 82' lang='grc' dir='ltr'><em>δὲ</em></span> <span class='ocrx_word' id='word_1_583' title='bbox 3203 1823 3296 1876; x_wconf 76' lang='grc' dir='ltr'><em>καὶ</em></span> <span class='ocrx_word' id='word_1_584' title='bbox 3332 1821 3422 1874; x_wconf 92' lang='grc' dir='ltr'><strong>τὸν</strong></span> <span class='ocrx_word' id='word_1_585' title='bbox 3448 1819 3654 1872; x_wconf 77' lang='grc' dir='ltr'><em>τούτων</em></span> 
     </span>
    </p>
   </div>
   <div class='ocr_carea' id='block_1_80' title="bbox 2066 1912 3655 1988">
    <p class='ocr_par' dir='ltr' id='par_1_80' title="bbox 2066 1912 3655 1988">
     <span class='ocr_line' id='line_1_80' title="bbox 2066 1912 3655 1988; baseline -0.004 -17"><span class='ocrx_word' id='word_1_586' title='bbox 2066 1918 2308 1988; x_wconf 83' lang='grc' dir='ltr'><em>βασιλέα.</em></span> <span class='ocrx_word' id='word_1_587' title='bbox 2352 1920 2439 1980; x_wconf 78' lang='grc' dir='ltr'><em>Ὠς</em></span> <span class='ocrx_word' id='word_1_588' title='bbox 2489 1915 2582 1972; x_wconf 75' lang='grc' dir='ltr'><em>οὖν</em></span> <span class='ocrx_word' id='word_1_589' title='bbox 2615 1919 2706 1971; x_wconf 74' lang='grc' dir='ltr'><strong>ἐπὶ</strong></span> <span class='ocrx_word' id='word_1_590' title='bbox 2759 1919 2861 1988; x_wconf 83' lang='grc' dir='ltr'><em>γῆς</em></span> <span class='ocrx_word' id='word_1_591' title='bbox 2911 1917 3124 1988; x_wconf 84' lang='grc' dir='ltr'><em>ὁρῶμεν</em></span> <span class='ocrx_word' id='word_1_592' title='bbox 3169 1914 3472 1986; x_wconf 77' lang='grc' dir='ltr'><em>(δέδεικται</em></span> <span class='ocrx_word' id='word_1_593' title='bbox 3503 1912 3524 1944; x_wconf 86' lang='grc'><em>³</em></span> <span class='ocrx_word' id='word_1_594' title='bbox 3553 1913 3655 1964; x_wconf 69' lang='grc' dir='ltr'><em>οὒκ</em></span> 
     </span>
    </p>
   </div>
   <div class='ocr_carea' id='block_1_81' title="bbox 2063 2005 3655 2082">
    <p class='ocr_par' dir='ltr' id='par_1_81' title="bbox 2063 2005 3655 2082">
     <span class='ocr_line' id='line_1_81' title="bbox 2063 2005 3655 2082; baseline -0.003 -20"><span class='ocrx_word' id='word_1_595' title='bbox 2063 2011 2313 2073; x_wconf 77' lang='grc' dir='ltr'><em>ἐναντίας</em></span> <span class='ocrx_word' id='word_1_596' title='bbox 2344 2012 2442 2075; x_wconf 78' lang='grc' dir='ltr'><em>τὰς</em></span> <span class='ocrx_word' id='word_1_597' title='bbox 2497 2011 2669 2082; x_wconf 77' lang='grc' dir='ltr'><em>ἀρχὰς</em></span> <span class='ocrx_word' id='word_1_598' title='bbox 2700 2010 2776 2081; x_wconf 86' lang='grc' dir='ltr'><em>τῷ</em></span> <span class='ocrx_word' id='word_1_599' title='bbox 2826 2009 3074 2079; x_wconf 85' lang='grc' dir='ltr'><em>βασιλεῖ,</em></span> <span class='ocrx_word' id='word_1_600' title='bbox 3131 2008 3245 2060; x_wconf 83' lang='grc' dir='ltr'><em>ἀλλ’</em></span> <span class='ocrx_word' id='word_1_601' title='bbox 3277 2005 3655 2074; x_wconf 81' lang='grc' dir='ltr'><em>ὑποτεταγμέ-</em></span> 
     </span>
    </p>
   </div>
   <div class='ocr_carea' id='block_1_82' title="bbox 2065 2095 3658 2172">
    <p class='ocr_par' dir='ltr' id='par_1_82' title="bbox 2065 2095 3658 2172">
     <span class='ocr_line' id='line_1_82' title="bbox 2065 2095 3658 2172; baseline -0.005 -18"><span class='ocrx_word' id='word_1_602' title='bbox 2065 2118 2160 2164; x_wconf 88' lang='grc' dir='ltr'><strong>νας</strong></span> <span class='ocrx_word' id='word_1_603' title='bbox 2189 2103 2267 2165; x_wconf 83' lang='grc' dir='ltr'><strong>είς</strong></span> <span class='ocrx_word' id='word_1_604' title='bbox 2290 2102 2554 2172; x_wconf 86' lang='grc' dir='ltr'><em>διοίκησιν</em></span> <span class='ocrx_word' id='word_1_605' title='bbox 2583 2101 2787 2162; x_wconf 88' lang='grc' dir='ltr'><em>παντὸς</em></span> <span class='ocrx_word' id='word_1_606' title='bbox 2814 2098 2908 2152; x_wconf 83' lang='grc' dir='ltr'><em>τοῦ</em></span> <span class='ocrx_word' id='word_1_607' title='bbox 2939 2099 3205 2170; x_wconf 74' lang='grc' dir='ltr'><em>βασιλείου</em></span> <span class='ocrx_word' id='word_1_608' title='bbox 3226 2137 3240 2160; x_wconf 94' lang='grc'><strong>,</strong></span> <span class='ocrx_word' id='word_1_609' title='bbox 3271 2097 3364 2150; x_wconf 81' lang='grc' dir='ltr'><em>καὶ</em></span> <span class='ocrx_word' id='word_1_610' title='bbox 3390 2097 3472 2160; x_wconf 83' lang='grc' dir='ltr'><strong>είς</strong></span> <span class='ocrx_word' id='word_1_611' title='bbox 3496 2095 3658 2147; x_wconf 81' lang='grc' dir='ltr'><em>εὐτα-</em></span> 
     </span>
    </p>
   </div>
   <div class='ocr_carea' id='block_1_83' title="bbox 2066 2187 3656 2266">
    <p class='ocr_par' dir='ltr' id='par_1_83' title="bbox 2066 2187 3656 2266">
     <span class='ocr_line' id='line_1_83' title="bbox 2066 2187 3656 2266; baseline -0.004 -20"><span class='ocrx_word' id='word_1_612' title='bbox 2066 2194 2185 2259; x_wconf 81' lang='grc' dir='ltr'><em>ξίαν</em></span> <span class='ocrx_word' id='word_1_613' title='bbox 2209 2196 2310 2266; x_wconf 83' lang='grc' dir='ltr'><em>γῆς</em></span> <span class='ocrx_word' id='word_1_614' title='bbox 2330 2211 2343 2224; x_wconf 88' lang='grc'><strong>·</strong></span> <span class='ocrx_word' id='word_1_615' title='bbox 2381 2193 2509 2248; x_wconf 77' lang='grc' dir='ltr'><em>ἔνθα</em></span> <span class='ocrx_word' id='word_1_616' title='bbox 2541 2194 2691 2263; x_wconf 78' lang='grc' dir='ltr'><em>φόνοι</em></span> <span class='ocrx_word' id='word_1_617' title='bbox 2717 2233 2732 2258; x_wconf 94' lang='grc'><strong>,</strong></span> <span class='ocrx_word' id='word_1_618' title='bbox 2763 2194 2857 2246; x_wconf 73' lang='grc' dir='ltr'><em>καὶ</em></span> <span class='ocrx_word' id='word_1_619' title='bbox 2887 2193 3056 2262; x_wconf 87' lang='grc' dir='ltr'><em>μάχαι</em></span> <span class='ocrx_word' id='word_1_620' title='bbox 3082 2232 3096 2256; x_wconf 92' lang='grc'><strong>,</strong></span> <span class='ocrx_word' id='word_1_621' title='bbox 3123 2190 3334 2258; x_wconf 83' lang='grc' dir='ltr'><em>ἄγνοιαί</em></span> <span class='ocrx_word' id='word_1_622' title='bbox 3365 2206 3425 2242; x_wconf 88' lang='grc' dir='ltr'><strong>τε</strong></span> <span class='ocrx_word' id='word_1_623' title='bbox 3457 2189 3552 2242; x_wconf 68' lang='grc' dir='ltr'><em>καὶ</em></span> <span class='ocrx_word' id='word_1_624' title='bbox 3576 2187 3656 2240; x_wconf 86' lang='grc' dir='ltr'><em>δι-</em></span> 
     </span>
    </p>
   </div>
   <div class='ocr_carea' id='block_1_84' title="bbox 2062 2279 3657 2356">
    <p class='ocr_par' dir='ltr' id='par_1_84' title="bbox 2062 2279 3657 2356">
     <span class='ocr_line' id='line_1_84' title="bbox 2062 2279 3657 2356; baseline -0.005 -16"><span class='ocrx_word' id='word_1_625' title='bbox 2062 2286 2350 2340; x_wconf 85' lang='grc' dir='ltr'><em>δασκαλίαι</em></span> <span class='ocrx_word' id='word_1_626' title='bbox 2378 2327 2392 2350; x_wconf 94' lang='grc'><strong>,</strong></span> <span class='ocrx_word' id='word_1_627' title='bbox 2421 2287 2669 2356; x_wconf 78' lang='grc' dir='ltr'><em>εὐνομίαι</em></span> <span class='ocrx_word' id='word_1_628' title='bbox 2702 2302 2762 2338; x_wconf 86' lang='grc' dir='ltr'><strong>τε</strong></span> <span class='ocrx_word' id='word_1_629' title='bbox 2794 2285 2887 2336; x_wconf 82' lang='grc' dir='ltr'><em>καὶ</em></span> <span class='ocrx_word' id='word_1_630' title='bbox 2920 2281 3289 2354; x_wconf 72' lang='grc' dir='ltr'><em>παρανομίαι·</em></span> <span class='ocrx_word' id='word_1_631' title='bbox 3325 2281 3421 2334; x_wconf 70' lang='grc' dir='ltr'><em>καὶ</em></span> <span class='ocrx_word' id='word_1_632' title='bbox 3462 2279 3657 2333; x_wconf 80' lang='grc' dir='ltr'><em>τούτου</em></span> 
     </span>
    </p>
   </div>
   <div class='ocr_carea' id='block_1_85' title="bbox 2064 2372 3656 2449">
    <p class='ocr_par' dir='ltr' id='par_1_85' title="bbox 2064 2372 3656 2449">
     <span class='ocr_line' id='line_1_85' title="bbox 2064 2372 3656 2449; baseline -0.005 -17"><span class='ocrx_word' id='word_1_633' title='bbox 2064 2380 2221 2449; x_wconf 87' lang='grc' dir='ltr'><em>χάριν</em></span> <span class='ocrx_word' id='word_1_634' title='bbox 2255 2379 2393 2432; x_wconf 76' lang='grc' dir='ltr'><em>εἰσὶν</em></span> <span class='ocrx_word' id='word_1_635' title='bbox 2421 2379 2659 2444; x_wconf 78' lang='grc' dir='ltr'><em>ἐξουσίαι</em></span> <span class='ocrx_word' id='word_1_636' title='bbox 2682 2419 2696 2442; x_wconf 91' lang='grc'><strong>,</strong></span> <span class='ocrx_word' id='word_1_637' title='bbox 2735 2378 2822 2431; x_wconf 79' lang='grc' dir='ltr'><em>ἵνα</em></span> <span class='ocrx_word' id='word_1_638' title='bbox 2859 2378 2938 2440; x_wconf 84' lang='grc' dir='ltr'><strong>είς</strong></span> <span class='ocrx_word' id='word_1_639' title='bbox 2977 2375 3235 2429; x_wconf 71' lang='grc' dir='ltr'><em>εὔτακτον</em></span> <span class='ocrx_word' id='word_1_640' title='bbox 3268 2373 3520 2440; x_wconf 80' lang='grc' dir='ltr'><em>σύνταξιν</em></span> <span class='ocrx_word' id='word_1_641' title='bbox 3555 2372 3656 2441; x_wconf 68' lang='grc' dir='ltr'><em>τῆς</em></span> 
     </span>
    </p>
   </div>
   <div class='ocr_carea' id='block_1_86' title="bbox 2063 2463 3659 2540">
    <p class='ocr_par' dir='ltr' id='par_1_86' title="bbox 2063 2463 3659 2540">
     <span class='ocr_line' id='line_1_86' title="bbox 2063 2463 3659 2540; baseline -0.005 -16"><span class='ocrx_word' id='word_1_642' title='bbox 2063 2471 2156 2524; x_wconf 85' lang='grc' dir='ltr'><em>τοῦ</em></span> <span class='ocrx_word' id='word_1_643' title='bbox 2188 2471 2388 2534; x_wconf 86' lang='grc' dir='ltr'><em>παντὸς</em></span> <span class='ocrx_word' id='word_1_644' title='bbox 2413 2472 2620 2540; x_wconf 78' lang='grc' dir='ltr'><em>κόσμου</em></span> <span class='ocrx_word' id='word_1_645' title='bbox 2645 2469 2966 2540; x_wconf 83' lang='grc' dir='ltr'><em>διοικήσεως</em></span> <span class='ocrx_word' id='word_1_646' title='bbox 2997 2467 3065 2520; x_wconf 82' lang='grc' dir='ltr'><em>τὰ</em></span> <span class='ocrx_word' id='word_1_647' title='bbox 3096 2466 3274 2538; x_wconf 82' lang='grc' dir='ltr'><em>πάντα</em></span> <span class='ocrx_word' id='word_1_648' title='bbox 3302 2467 3366 2519; x_wconf 85' lang='grc' dir='ltr'><em>ὲκ</em></span> <span class='ocrx_word' id='word_1_649' title='bbox 3390 2463 3529 2518; x_wconf 74' lang='grc' dir='ltr'><em>Θεοῦ</em></span> <span class='ocrx_word' id='word_1_650' title='bbox 3565 2481 3659 2516; x_wconf 86' lang='grc' dir='ltr'><em>κα-</em></span> 
     </span>
    </p>
   </div>
   <div class='ocr_carea' id='block_1_87' title="bbox 2063 2557 3656 2633">
    <p class='ocr_par' dir='ltr' id='par_1_87' title="bbox 2063 2557 3656 2633">
     <span class='ocr_line' id='line_1_87' title="bbox 2063 2557 3656 2633; baseline -0.006 -16"><span class='ocrx_word' id='word_1_651' title='bbox 2063 2565 2171 2628; x_wconf 85' lang='grc' dir='ltr'><em>λῶς</em></span> <span class='ocrx_word' id='word_1_652' title='bbox 2197 2563 2511 2633; x_wconf 82' lang='grc' dir='ltr'><em>καταταχθῇ</em></span> <span class='ocrx_word' id='word_1_653' title='bbox 2538 2563 2632 2615; x_wconf 72' lang='grc' dir='ltr'><em>καὶ</em></span> <span class='ocrx_word' id='word_1_654' title='bbox 2672 2561 3003 2632; x_wconf 78' lang='grc' dir='ltr'><em>οἰκονομηθῇ</em></span> <span class='ocrx_word' id='word_1_655' title='bbox 3024 2561 3042 2628; x_wconf 93' lang='grc'>)</span> <span class='ocrx_word' id='word_1_656' title='bbox 3063 2600 3077 2623; x_wconf 95' lang='grc'><strong>,</strong></span> <span class='ocrx_word' id='word_1_657' title='bbox 3107 2559 3249 2611; x_wconf 74' lang='grc' dir='ltr'><em>οὕτω</em></span> <span class='ocrx_word' id='word_1_658' title='bbox 3287 2558 3381 2610; x_wconf 70' lang='grc' dir='ltr'><em>καὶ</em></span> <span class='ocrx_word' id='word_1_659' title='bbox 3404 2559 3462 2608; x_wconf 81' lang='grc' dir='ltr'><em>ὲν</em></span> <span class='ocrx_word' id='word_1_660' title='bbox 3489 2557 3656 2628; x_wconf 80' lang='grc' dir='ltr'><em>οὐρα-</em></span> 
     </span>
    </p>
   </div>
   <div class='ocr_carea' id='block_1_88' title="bbox 2065 2647 3654 2726">
    <p class='ocr_par' dir='ltr' id='par_1_88' title="bbox 2065 2647 3654 2726">
     <span class='ocr_line' id='line_1_88' title="bbox 2065 2647 3654 2726; baseline -0.006 -18"><span class='ocrx_word' id='word_1_661' title='bbox 2065 2655 2140 2726; x_wconf 79' lang='grc' dir='ltr'><em>νῷ</em></span> <span class='ocrx_word' id='word_1_662' title='bbox 2165 2696 2178 2716; x_wconf 93' lang='grc'><strong>,</strong></span> <span class='ocrx_word' id='word_1_663' title='bbox 2213 2655 2447 2726; x_wconf 84' lang='grc' dir='ltr'><em>μάλιστα</em></span> <span class='ocrx_word' id='word_1_664' title='bbox 2481 2654 2538 2706; x_wconf 82' lang='grc' dir='ltr'><em>δὲ</em></span> <span class='ocrx_word' id='word_1_665' title='bbox 2571 2652 2865 2722; x_wconf 78' lang='grc' dir='ltr'><em>ἐξαιρέτως</em></span> <span class='ocrx_word' id='word_1_666' title='bbox 2902 2653 3054 2704; x_wconf 79' lang='grc' dir='ltr'><em>ἐκεῖ·</em></span> <span class='ocrx_word' id='word_1_667' title='bbox 3088 2649 3214 2702; x_wconf 76' lang='grc' dir='ltr'><em>ἔνθα</em></span> <span class='ocrx_word' id='word_1_668' title='bbox 3237 2651 3297 2701; x_wconf 78' lang='grc' dir='ltr'><em>οὐ</em></span> <span class='ocrx_word' id='word_1_669' title='bbox 3326 2647 3520 2717; x_wconf 65' lang='grc' dir='ltr'><em>φθόνος</em></span> <span class='ocrx_word' id='word_1_670' title='bbox 3543 2689 3558 2710; x_wconf 90' lang='grc'><strong>,</strong></span> <span class='ocrx_word' id='word_1_671' title='bbox 3593 2648 3654 2699; x_wconf 77' lang='grc' dir='ltr'><em>οὐ</em></span> 
     </span>
    </p>
   </div>
   <div class='ocr_carea' id='block_1_89' title="bbox 2066 2741 3652 2817">
    <p class='ocr_par' dir='ltr' id='par_1_89' title="bbox 2066 2741 3652 2817">
     <span class='ocr_line' id='line_1_89' title="bbox 2066 2741 3652 2817; baseline -0.005 -18"><span class='ocrx_word' id='word_1_672' title='bbox 2066 2745 2226 2817; x_wconf 77' lang='grc' dir='ltr'><em>ζῆλος</em></span> <span class='ocrx_word' id='word_1_673' title='bbox 2249 2787 2263 2810; x_wconf 94' lang='grc'><strong>,</strong></span> <span class='ocrx_word' id='word_1_674' title='bbox 2302 2747 2360 2798; x_wconf 81' lang='grc' dir='ltr'><em>οὑ</em></span> <span class='ocrx_word' id='word_1_675' title='bbox 2397 2743 2712 2816; x_wconf 88' lang='grc' dir='ltr'><em>παρανομία</em></span> <span class='ocrx_word' id='word_1_676' title='bbox 2739 2785 2754 2807; x_wconf 93' lang='grc'><strong>,</strong></span> <span class='ocrx_word' id='word_1_677' title='bbox 2790 2745 2889 2796; x_wconf 79' lang='grc' dir='ltr'><em>οὐκ</em></span> <span class='ocrx_word' id='word_1_678' title='bbox 2941 2743 3252 2812; x_wconf 77' lang='grc' dir='ltr'><em>ἐναντιότης</em></span> <span class='ocrx_word' id='word_1_679' title='bbox 3277 2779 3291 2803; x_wconf 95' lang='grc'><strong>,</strong></span> <span class='ocrx_word' id='word_1_680' title='bbox 3336 2741 3395 2792; x_wconf 82' lang='grc' dir='ltr'><em>οὐ</em></span> <span class='ocrx_word' id='word_1_681' title='bbox 3441 2741 3652 2802; x_wconf 77' lang='grc' dir='ltr'><em>στάσις,</em></span> 
     </span>
    </p>
   </div>
   <div class='ocr_carea' id='block_1_90' title="bbox 2064 2832 3654 2908">
    <p class='ocr_par' dir='ltr' id='par_1_90' title="bbox 2064 2832 3654 2908">
     <span class='ocr_line' id='line_1_90' title="bbox 2064 2832 3654 2908; baseline -0.004 -19"><span class='ocrx_word' id='word_1_682' title='bbox 2064 2837 2162 2907; x_wconf 80' lang='grc' dir='ltr'><em>οὐχ</em></span> <span class='ocrx_word' id='word_1_683' title='bbox 2184 2838 2371 2908; x_wconf 83' lang='grc' dir='ltr'><em>ὅρκος,</em></span> <span class='ocrx_word' id='word_1_684' title='bbox 2403 2838 2502 2906; x_wconf 75' lang='grc' dir='ltr'><em>οὐχ</em></span> <span class='ocrx_word' id='word_1_685' title='bbox 2529 2835 2788 2906; x_wconf 80' lang='grc' dir='ltr'><em>ἁρπαγὴ,</em></span> <span class='ocrx_word' id='word_1_686' title='bbox 2817 2835 2937 2888; x_wconf 75' lang='grc' dir='ltr'><em>οὐδέ</em></span> <span class='ocrx_word' id='word_1_687' title='bbox 2958 2853 3008 2887; x_wconf 87' lang='grc' dir='ltr'><strong>τι</strong></span> <span class='ocrx_word' id='word_1_688' title='bbox 3032 2834 3218 2906; x_wconf 78' lang='grc' dir='ltr'><em>ἓτερον</em></span> <span class='ocrx_word' id='word_1_689' title='bbox 3242 2833 3348 2885; x_wconf 83' lang='grc' dir='ltr'><em>τῶν</em></span> <span class='ocrx_word' id='word_1_690' title='bbox 3371 2832 3654 2892; x_wconf 77' lang='grc' dir='ltr'><em>τοιούτων,</em></span> 
     </span>
    </p>
   </div>
   <div class='ocr_carea' id='block_1_91' title="bbox 2065 2923 3652 2998">
    <p class='ocr_par' dir='ltr' id='par_1_91' title="bbox 2065 2923 3652 2998">
     <span class='ocr_line' id='line_1_91' title="bbox 2065 2923 3652 2998; baseline -0.003 -18"><span class='ocrx_word' id='word_1_691' title='bbox 2065 2929 2304 2995; x_wconf 78' lang='grc' dir='ltr'><em>ἐξουσίαι</em></span> <span class='ocrx_word' id='word_1_692' title='bbox 2351 2929 2690 2998; x_wconf 69' lang='grc' dir='ltr'><em>τεταγμέναι</em></span> <span class='ocrx_word' id='word_1_693' title='bbox 2745 2929 2852 2980; x_wconf 77' lang='grc' dir='ltr'><em>είσὶ</em></span> <span class='ocrx_word' id='word_1_694' title='bbox 2900 2927 2965 2980; x_wconf 80' lang='grc' dir='ltr'><em>δι’</em></span> <span class='ocrx_word' id='word_1_695' title='bbox 3020 2926 3186 2996; x_wconf 80' lang='grc' dir='ltr'><em>ἄλλην</em></span> <span class='ocrx_word' id='word_1_696' title='bbox 3247 2923 3652 2996; x_wconf 83' lang='grc' dir='ltr'><em>πραγματείαν.</em></span> 
     </span>
    </p>
   </div>
   <div class='ocr_carea' id='block_1_92' title="bbox 2067 3013 3654 3091">
    <p class='ocr_par' dir='ltr' id='par_1_92' title="bbox 2067 3013 3654 3091">
     <span class='ocr_line' id='line_1_92' title="bbox 2067 3013 3654 3091; baseline -0.004 -19"><span class='ocrx_word' id='word_1_697' title='bbox 2067 3021 2235 3073; x_wconf 85' lang='grc' dir='ltr'><em>Ποίαν</em></span> <span class='ocrx_word' id='word_1_698' title='bbox 2286 3021 2342 3073; x_wconf 86' lang='grc' dir='ltr'><strong>δέ</strong></span> <span class='ocrx_word' id='word_1_699' title='bbox 2398 3038 2572 3091; x_wconf 84' lang='grc' dir='ltr'><em>φημι,</em></span> <span class='ocrx_word' id='word_1_700' title='bbox 2606 3019 2719 3073; x_wconf 86' lang='grc' dir='ltr'><em>ἀλλ’</em></span> <span class='ocrx_word' id='word_1_701' title='bbox 2762 3019 2796 3090; x_wconf 80' lang='grc' dir='ltr'>ἢ</span> <span class='ocrx_word' id='word_1_702' title='bbox 2830 3018 2918 3072; x_wconf 81' lang='grc' dir='ltr'><em>διὰ</em></span> <span class='ocrx_word' id='word_1_703' title='bbox 2954 3018 3042 3071; x_wconf 87' lang='grc' dir='ltr'><strong>τὸν</strong></span> <span class='ocrx_word' id='word_1_704' title='bbox 3073 3016 3278 3088; x_wconf 78' lang='grc' dir='ltr'><em>ῥυθμὸν</em></span> <span class='ocrx_word' id='word_1_705' title='bbox 3329 3013 3424 3068; x_wconf 81' lang='grc' dir='ltr'><em>τοῦ</em></span> <span class='ocrx_word' id='word_1_706' title='bbox 3459 3013 3654 3085; x_wconf 75' lang='grc' dir='ltr'><em>ὕμνου,</em></span> 
     </span>
    </p>
   </div>
   <div class='ocr_carea' id='block_1_93' title="bbox 2070 3106 3659 3183">
    <p class='ocr_par' dir='ltr' id='par_1_93' title="bbox 2070 3106 3659 3183">
     <span class='ocr_line' id='line_1_93' title="bbox 2070 3106 3659 3183; baseline -0.006 -17"><span class='ocrx_word' id='word_1_707' title='bbox 2070 3113 2157 3166; x_wconf 70' lang='grc' dir='ltr'><em>διὰ</em></span> <span class='ocrx_word' id='word_1_708' title='bbox 2186 3113 2285 3182; x_wconf 80' lang='grc' dir='ltr'><em>τὴν</em></span> <span class='ocrx_word' id='word_1_709' title='bbox 2322 3113 2434 3167; x_wconf 84' lang='grc' dir='ltr'><em>ἄνω</em></span> <span class='ocrx_word' id='word_1_710' title='bbox 2465 3113 2740 3183; x_wconf 83' lang='grc' dir='ltr'><em>ἀκήρατον</em></span> <span class='ocrx_word' id='word_1_711' title='bbox 2766 3110 3074 3178; x_wconf 83' lang='grc' dir='ltr'><em>δοξολογίαν</em></span> <span class='ocrx_word' id='word_1_712' title='bbox 3098 3149 3112 3173; x_wconf 92' lang='grc'><strong>,</strong></span> <span class='ocrx_word' id='word_1_713' title='bbox 3143 3109 3208 3161; x_wconf 80' lang='grc' dir='ltr'><em>δι’</em></span> <span class='ocrx_word' id='word_1_714' title='bbox 3242 3110 3307 3180; x_wconf 72' lang='grc' dir='ltr'><em>ἢν</em></span> <span class='ocrx_word' id='word_1_715' title='bbox 3337 3107 3604 3177; x_wconf 76' lang='grc' dir='ltr'><em>ἠθέλησεν</em></span> <span class='ocrx_word' id='word_1_716' title='bbox 3626 3106 3659 3156; x_wconf 79' lang='grc' dir='ltr'>ὁ</span> 
     </span>
    </p>
   </div>
   <div class='ocr_carea' id='block_1_94' title="bbox 2070 3201 3658 3278">
    <p class='ocr_par' dir='ltr' id='par_1_94' title="bbox 2070 3201 3658 3278">
     <span class='ocr_line' id='line_1_94' title="bbox 2070 3201 3658 3278; baseline -0.006 -17"><span class='ocrx_word' id='word_1_717' title='bbox 2070 3208 2300 3278; x_wconf 82' lang='grc' dir='ltr'><em>ἄφθονος</em></span> <span class='ocrx_word' id='word_1_718' title='bbox 2324 3206 2480 3277; x_wconf 81' lang='grc' dir='ltr'><em>ἡμῶν</em></span> <span class='ocrx_word' id='word_1_719' title='bbox 2508 3205 2640 3269; x_wconf 85' lang='grc' dir='ltr'><em>Θεὸς</em></span> <span class='ocrx_word' id='word_1_720' title='bbox 2677 3205 2770 3258; x_wconf 71' lang='grc' dir='ltr'><em>καὶ</em></span> <span class='ocrx_word' id='word_1_721' title='bbox 2797 3203 3053 3275; x_wconf 68' lang='grc' dir='ltr'><em>βασιλεὺς</em></span> <span class='ocrx_word' id='word_1_722' title='bbox 3080 3202 3409 3275; x_wconf 83' lang='grc' dir='ltr'><em>χαρίσασθαι</em></span> <span class='ocrx_word' id='word_1_723' title='bbox 3440 3201 3658 3269; x_wconf 78' lang='grc' dir='ltr'><em>ἑκάστῳ</em></span> 
     </span>
    </p>
   </div>
   <div class='ocr_carea' id='block_1_95' title="bbox 2071 3293 3653 3367">
    <p class='ocr_par' dir='ltr' id='par_1_95' title="bbox 2071 3293 3653 3367">
     <span class='ocr_line' id='line_1_95' title="bbox 2071 3293 3653 3367; baseline -0.007 -15"><span class='ocrx_word' id='word_1_724' title='bbox 2071 3299 2178 3352; x_wconf 84' lang='grc' dir='ltr'><em>τῶν</em></span> <span class='ocrx_word' id='word_1_725' title='bbox 2227 3300 2318 3352; x_wconf 88' lang='grc' dir='ltr'><strong>ὑπ’</strong></span> <span class='ocrx_word' id='word_1_726' title='bbox 2375 3297 2539 3351; x_wconf 80' lang='grc' dir='ltr'><em>αὑτοῦ</em></span> <span class='ocrx_word' id='word_1_727' title='bbox 2589 3295 3001 3367; x_wconf 77' lang='grc' dir='ltr'><em>γεγεννημένων</em></span> <span class='ocrx_word' id='word_1_728' title='bbox 3033 3295 3190 3360; x_wconf 79' lang='grc' dir='ltr'><em>δόξαν</em></span> <span class='ocrx_word' id='word_1_729' title='bbox 3233 3293 3653 3364; x_wconf 80' lang='grc' dir='ltr'><em>προσήκουσαν·</em></span> 
     </span>
    </p>
   </div>
   <div class='ocr_carea' id='block_1_96' title="bbox 2069 3382 3655 3460">
    <p class='ocr_par' dir='ltr' id='par_1_96' title="bbox 2069 3382 3655 3460">
     <span class='ocr_line' id='line_1_96' title="bbox 2069 3382 3655 3460; baseline -0.005 -18"><span class='ocrx_word' id='word_1_730' title='bbox 2069 3390 2157 3444; x_wconf 82' lang='grc' dir='ltr'><em>ἵνα</em></span> <span class='ocrx_word' id='word_1_731' title='bbox 2190 3391 2286 3460; x_wconf 87' lang='grc' dir='ltr'><em>τῆς</em></span> <span class='ocrx_word' id='word_1_732' title='bbox 2322 3389 2486 3442; x_wconf 79' lang='grc' dir='ltr'><em>αὐτοῦ</em></span> <span class='ocrx_word' id='word_1_733' title='bbox 2517 3387 2794 3458; x_wconf 80' lang='grc' dir='ltr'><em>βασιλείας</em></span> <span class='ocrx_word' id='word_1_734' title='bbox 2828 3386 2890 3439; x_wconf 89' lang='grc' dir='ltr'><strong>τὸ</strong></span> <span class='ocrx_word' id='word_1_735' title='bbox 2917 3385 3142 3457; x_wconf 82' lang='grc' dir='ltr'><em>φαιδρὸν</em></span> <span class='ocrx_word' id='word_1_736' title='bbox 3181 3384 3280 3438; x_wconf 70' lang='grc' dir='ltr'><em>καὶ</em></span> <span class='ocrx_word' id='word_1_737' title='bbox 3329 3382 3655 3452; x_wconf 75' lang='grc' dir='ltr'><em>ἀκατάπλη-</em></span> 
     </span>
    </p>
   </div>
   <div class='ocr_carea' id='block_1_97' title="bbox 2068 3477 3660 3553">
    <p class='ocr_par' dir='ltr' id='par_1_97' title="bbox 2068 3477 3660 3553">
     <span class='ocr_line' id='line_1_97' title="bbox 2068 3477 3660 3553; baseline -0.004 -15"><span class='ocrx_word' id='word_1_738' title='bbox 2068 3501 2198 3538; x_wconf 87' lang='grc' dir='ltr'><em>κτον</em></span> <span class='ocrx_word' id='word_1_739' title='bbox 2245 3485 2266 3515; x_wconf 65' lang='grc' dir='ltr'><strong>δ</strong></span> <span class='ocrx_word' id='word_1_740' title='bbox 2297 3485 2384 3537; x_wconf 76' lang='grc' dir='ltr'><em>ἀεὶ</em></span> <span class='ocrx_word' id='word_1_741' title='bbox 2419 3481 2744 3553; x_wconf 77' lang='grc' dir='ltr'><em>δοξάζηται;</em></span> <span class='ocrx_word' id='word_1_742' title='bbox 2781 3479 2974 3550; x_wconf 77' lang='grc' dir='ltr'><em>Σαφῶς</em></span> <span class='ocrx_word' id='word_1_743' title='bbox 3006 3479 3184 3532; x_wconf 84' lang='grc' dir='ltr'><em>τοίνυν</em></span> <span class='ocrx_word' id='word_1_744' title='bbox 3217 3479 3413 3532; x_wconf 77' lang='grc' dir='ltr'><em>ἐκεῖνοι</em></span> <span class='ocrx_word' id='word_1_745' title='bbox 3448 3477 3660 3531; x_wconf 66' lang='grc' dir='ltr'><em>πεπλέο</em></span> 
     </span>
    </p>
   </div>
   <div class='ocr_carea' id='block_1_98' title="bbox 2067 3570 3299 3647">
    <p class='ocr_par' dir='ltr' id='par_1_98' title="bbox 2067 3570 3299 3647">
     <span class='ocr_line' id='line_1_98' title="bbox 2067 3570 3299 3647; baseline -0.007 -17"><span class='ocrx_word' id='word_1_746' title='bbox 2067 3593 2277 3647; x_wconf 85' lang='grc' dir='ltr'><em>νηνται,</em></span> <span class='ocrx_word' id='word_1_747' title='bbox 2309 3574 2408 3629; x_wconf 73' lang='grc' dir='ltr'><em>τὴν</em></span> <span class='ocrx_word' id='word_1_748' title='bbox 2438 3575 2598 3643; x_wconf 86' lang='grc' dir='ltr'><em>χάριν</em></span> <span class='ocrx_word' id='word_1_749' title='bbox 2632 3571 2726 3626; x_wconf 75' lang='grc' dir='ltr'><em>τοῦ</em></span> <span class='ocrx_word' id='word_1_750' title='bbox 2751 3570 2887 3625; x_wconf 88' lang='grc' dir='ltr'><em>Θεοῦ</em></span> <span class='ocrx_word' id='word_1_751' title='bbox 2914 3571 3299 3641; x_wconf 82' lang='grc' dir='ltr'><em>ἀγνοήσαντες.</em></span> 
     </span>
    </p>
   </div>
   <div class='ocr_carea' id='block_1_99' title="bbox 2136 3854 3652 3927">
    <p class='ocr_par' dir='ltr' id='par_1_99' title="bbox 2136 3854 3652 3927">
     <span class='ocr_line' id='line_1_99' title="bbox 2136 3854 3652 3927; baseline -0.004 -14"><span class='ocrx_word' id='word_1_752' title='bbox 2136 3858 2213 3914; x_wconf 86' lang='grc' dir='ltr'><strong>Ε’.</strong></span> <span class='ocrx_word' id='word_1_753' title='bbox 2252 3860 2388 3914; x_wconf 77' lang='grc' dir='ltr'><em>Φασὶ</em></span> <span class='ocrx_word' id='word_1_754' title='bbox 2433 3855 2490 3910; x_wconf 86' lang='grc' dir='ltr'><em>δὲ</em></span> <span class='ocrx_word' id='word_1_755' title='bbox 2515 3854 2656 3913; x_wconf 78' lang='grc' dir='ltr'><em>οὗτοι</em></span> <span class='ocrx_word' id='word_1_756' title='bbox 2677 3903 2690 3927; x_wconf 87' lang='grc'><strong>,</strong></span> <span class='ocrx_word' id='word_1_757' title='bbox 2723 3859 2800 3922; x_wconf 86' lang='grc' dir='ltr'><em>ὡς</em></span> <span class='ocrx_word' id='word_1_758' title='bbox 2829 3858 2923 3912; x_wconf 71' lang='grc' dir='ltr'><em>καὶ</em></span> <span class='ocrx_word' id='word_1_759' title='bbox 2949 3858 3061 3912; x_wconf 78' lang='grc' dir='ltr'><em>ἄνω</em></span> <span class='ocrx_word' id='word_1_760' title='bbox 3094 3873 3184 3926; x_wconf 90' lang='grc' dir='ltr'><strong>μοι</strong></span> <span class='ocrx_word' id='word_1_761' title='bbox 3227 3854 3652 3926; x_wconf 74' lang='grc' dir='ltr'><em>προδεδήλωται,</em></span> 
     </span>
    </p>
   </div>
   <div class='ocr_carea' id='block_1_100' title="bbox 2065 3955 3658 4029">
    <p class='ocr_par' dir='ltr' id='par_1_100' title="bbox 2065 3955 3658 4029">
     <span class='ocr_line' id='line_1_100' title="bbox 2065 3955 3658 4029; baseline -0.005 -15"><span class='ocrx_word' id='word_1_762' title='bbox 2065 3961 2158 4015; x_wconf 89' lang='grc' dir='ltr'><strong>τὸν</strong></span> <span class='ocrx_word' id='word_1_763' title='bbox 2189 3961 2434 4015; x_wconf 87' lang='grc' dir='ltr'><em>διάϐολον</em></span> <span class='ocrx_word' id='word_1_764' title='bbox 2465 3957 2605 4013; x_wconf 77' lang='grc' dir='ltr'><em>εἶναι</em></span> <span class='ocrx_word' id='word_1_765' title='bbox 2647 3959 2760 4012; x_wconf 83' lang='grc' dir='ltr'><em>υἱὸν</em></span> <span class='ocrx_word' id='word_1_766' title='bbox 2797 3959 2895 4029; x_wconf 78' lang='grc' dir='ltr'><em>τῆς</em></span> <span class='ocrx_word' id='word_1_767' title='bbox 2924 3957 3157 4027; x_wconf 79' lang='grc' dir='ltr'><em>ἑϐδόμης</em></span> <span class='ocrx_word' id='word_1_768' title='bbox 3185 3955 3436 4020; x_wconf 78' lang='grc' dir='ltr'><em>ἐξουσίας</em></span> <span class='ocrx_word' id='word_1_769' title='bbox 3457 3998 3472 4021; x_wconf 90' lang='grc'><strong>,</strong></span> <span class='ocrx_word' id='word_1_770' title='bbox 3500 3973 3658 4008; x_wconf 82' lang='grc' dir='ltr'><em>τουτ-</em></span> 
     </span>
    </p>
   </div>
   <div class='ocr_carea' id='block_1_101' title="bbox 2066 4045 3655 4107">
    <p class='ocr_par' dir='ltr' id='par_1_101' title="bbox 2066 4045 3655 4107">
     <span class='ocr_line' id='line_1_101' title="bbox 2066 4045 3655 4107; baseline -0.004 -2"><span class='ocrx_word' id='word_1_771' title='bbox 2066 4053 2176 4107; x_wconf 83' lang='grc' dir='ltr'><em>έστι</em></span> <span class='ocrx_word' id='word_1_772' title='bbox 2233 4051 2326 4105; x_wconf 80' lang='grc' dir='ltr'><em>τοῦ</em></span> <span class='ocrx_word' id='word_1_773' title='bbox 2376 4049 2626 4105; x_wconf 80' lang='grc' dir='ltr'><em>Σαϐαὼθ.</em></span> <span class='ocrx_word' id='word_1_774' title='bbox 2678 4045 2832 4103; x_wconf 76' lang='grc' dir='ltr'><em>Εἶναι</em></span> <span class='ocrx_word' id='word_1_775' title='bbox 2884 4049 2941 4101; x_wconf 83' lang='grc' dir='ltr'><em>δὲ</em></span> <span class='ocrx_word' id='word_1_776' title='bbox 2987 4048 3077 4101; x_wconf 88' lang='grc' dir='ltr'><strong>τὸν</strong></span> <span class='ocrx_word' id='word_1_777' title='bbox 3111 4046 3338 4102; x_wconf 79' lang='grc' dir='ltr'><em>Σαϐαὼθ</em></span> <span class='ocrx_word' id='word_1_778' title='bbox 3374 4046 3483 4100; x_wconf 84' lang='grc' dir='ltr'><em>τῶν</em></span> <span class='ocrx_word' id='word_1_779' title='bbox 3527 4047 3655 4100; x_wconf 83' lang='grc' dir='ltr'><em>Ἰου·</em></span> 
     </span>
    </p>
   </div>
   <div class='ocr_carea' id='block_1_102' title="bbox 2064 4151 3655 4226">
    <p class='ocr_par' dir='ltr' id='par_1_102' title="bbox 2064 4151 3655 4226">
     <span class='ocr_line' id='line_1_102' title="bbox 2064 4151 3655 4226; baseline -0.006 -15"><span class='ocrx_word' id='word_1_780' title='bbox 2064 4157 2229 4211; x_wconf 86' lang='grc' dir='ltr'><em>δαίων</em></span> <span class='ocrx_word' id='word_1_781' title='bbox 2252 4175 2265 4189; x_wconf 74' lang='grc' dir='ltr'><strong>ο</strong></span> <span class='ocrx_word' id='word_1_782' title='bbox 2305 4156 2396 4210; x_wconf 91' lang='grc' dir='ltr'><strong>τὸν</strong></span> <span class='ocrx_word' id='word_1_783' title='bbox 2425 4156 2480 4210; x_wconf 84' lang='grc' dir='ltr'><em>δὲ</em></span> <span class='ocrx_word' id='word_1_784' title='bbox 2507 4155 2750 4209; x_wconf 83' lang='grc' dir='ltr'><em>διάϐολον</em></span> <span class='ocrx_word' id='word_1_785' title='bbox 2787 4153 3025 4226; x_wconf 89' lang='grc' dir='ltr'><em>πονηρὸν</em></span> <span class='ocrx_word' id='word_1_786' title='bbox 3057 4153 3224 4206; x_wconf 79' lang='grc' dir='ltr'><em>αὐτοῦ</em></span> <span class='ocrx_word' id='word_1_787' title='bbox 3259 4153 3402 4206; x_wconf 80' lang='grc' dir='ltr'><em>υἱόν·</em></span> <span class='ocrx_word' id='word_1_788' title='bbox 3439 4153 3570 4206; x_wconf 81' lang='grc' dir='ltr'><em>δντα</em></span> <span class='ocrx_word' id='word_1_789' title='bbox 3597 4151 3655 4204; x_wconf 76' lang='grc' dir='ltr'><em>δὲ</em></span> 
     </span>
    </p>
   </div>
   <div class='ocr_carea' id='block_1_103' title="bbox 2065 4256 3656 4333">
    <p class='ocr_par' dir='ltr' id='par_1_103' title="bbox 2065 4256 3656 4333">
     <span class='ocr_line' id='line_1_103' title="bbox 2065 4256 3656 4333; baseline -0.004 -20"><span class='ocrx_word' id='word_1_790' title='bbox 2065 4262 2157 4315; x_wconf 77' lang='grc' dir='ltr'><strong>ἐπὶ</strong></span> <span class='ocrx_word' id='word_1_791' title='bbox 2186 4265 2285 4333; x_wconf 84' lang='grc' dir='ltr'><em>τῆς</em></span> <span class='ocrx_word' id='word_1_792' title='bbox 2317 4263 2338 4293; x_wconf 76' lang='grc'><strong><em>⁵</em></strong></span> <span class='ocrx_word' id='word_1_793' title='bbox 2391 4258 2767 4314; x_wconf 78' lang='grc' dir='ltr'><em>ἐναντιοῦσθαι</em></span> <span class='ocrx_word' id='word_1_794' title='bbox 2798 4257 2876 4329; x_wconf 83' lang='grc' dir='ltr'><em>τῷ</em></span> <span class='ocrx_word' id='word_1_795' title='bbox 2909 4256 3023 4327; x_wconf 81' lang='grc' dir='ltr'><em>ἰδίῳ</em></span> <span class='ocrx_word' id='word_1_796' title='bbox 3058 4256 3254 4327; x_wconf 85' lang='grc' dir='ltr'><em>Πατρί.</em></span> <span class='ocrx_word' id='word_1_797' title='bbox 3288 4257 3397 4309; x_wconf 82' lang='grc' dir='ltr'><strong>Καὶ</strong></span> <span class='ocrx_word' id='word_1_798' title='bbox 3441 4256 3531 4309; x_wconf 89' lang='grc' dir='ltr'><strong>τὸν</strong></span> <span class='ocrx_word' id='word_1_799' title='bbox 3560 4257 3656 4309; x_wconf 60' lang='lat' dir='ltr'><strong>ai:-</strong></span> 
     </span>
    </p>
   </div>
   <div class='ocr_carea' id='block_1_104' title="bbox 2065 4357 3654 4436">
    <p class='ocr_par' dir='ltr' id='par_1_104' title="bbox 2065 4357 3654 4436">
     <span class='ocr_line' id='line_1_104' title="bbox 2065 4357 3654 4436; baseline -0.004 -17"><span class='ocrx_word' id='word_1_800' title='bbox 2065 4365 2160 4419; x_wconf 76' lang='grc' dir='ltr'><em>τοῦ</em></span> <span class='ocrx_word' id='word_1_801' title='bbox 2198 4365 2419 4436; x_wconf 83' lang='grc' dir='ltr'><em>Πατέρα</em></span> <span class='ocrx_word' id='word_1_802' title='bbox 2453 4366 2588 4435; x_wconf 88' lang='grc' dir='ltr'><em>μήτε</em></span> <span class='ocrx_word' id='word_1_803' title='bbox 2627 4362 2866 4416; x_wconf 81' lang='grc' dir='ltr'><em>τοιοῦτον</em></span> <span class='ocrx_word' id='word_1_804' title='bbox 2911 4357 3048 4415; x_wconf 72' lang='grc' dir='ltr'><em>εἶναι</em></span> <span class='ocrx_word' id='word_1_805' title='bbox 3078 4401 3093 4429; x_wconf 86' lang='grc'><strong>,</strong></span> <span class='ocrx_word' id='word_1_806' title='bbox 3137 4363 3277 4434; x_wconf 86' lang='grc' dir='ltr'><em>μήτε</em></span> <span class='ocrx_word' id='word_1_807' title='bbox 3309 4361 3472 4415; x_wconf 85' lang='grc' dir='ltr'><em>πάλιν</em></span> <span class='ocrx_word' id='word_1_808' title='bbox 3511 4359 3654 4414; x_wconf 70' lang='grc' dir='ltr'><em>εἶναι</em></span> 
     </span>
    </p>
   </div>
   <div class='ocr_carea' id='block_1_105' title="bbox 2066 4453 3654 4528">
    <p class='ocr_par' dir='ltr' id='par_1_105' title="bbox 2066 4453 3654 4528">
     <span class='ocr_line' id='line_1_105' title="bbox 2066 4453 3654 4528; baseline -0.004 -18"><span class='ocrx_word' id='word_1_809' title='bbox 2066 4457 2157 4510; x_wconf 88' lang='grc' dir='ltr'><strong>τὸν</strong></span> <span class='ocrx_word' id='word_1_810' title='bbox 2183 4457 2565 4528; x_wconf 83' lang='grc' dir='ltr'><em>ἀκατάληπτον</em></span> <span class='ocrx_word' id='word_1_811' title='bbox 2593 4455 2748 4520; x_wconf 86' lang='grc' dir='ltr'><em>Θεὸν,</em></span> <span class='ocrx_word' id='word_1_812' title='bbox 2779 4455 2838 4508; x_wconf 84' lang='grc' dir='ltr'><strong>δν</strong></span> <span class='ocrx_word' id='word_1_813' title='bbox 2868 4454 3085 4526; x_wconf 87' lang='grc' dir='ltr'><em>Πατέρα</em></span> <span class='ocrx_word' id='word_1_814' title='bbox 3124 4454 3288 4523; x_wconf 79' lang='grc' dir='ltr'><em>φασιν</em></span> <span class='ocrx_word' id='word_1_815' title='bbox 3315 4471 3328 4484; x_wconf 87' lang='grc'>·</span> <span class='ocrx_word' id='word_1_816' title='bbox 3359 4453 3494 4507; x_wconf 83' lang='grc' dir='ltr'><em>ἀλλὰ</em></span> <span class='ocrx_word' id='word_1_817' title='bbox 3537 4455 3654 4525; x_wconf 80' lang='grc' dir='ltr'><em>ἀρι-</em></span> 
     </span>
    </p>
   </div>
   <div class='ocr_carea' id='block_1_106' title="bbox 2070 4542 3654 4619">
    <p class='ocr_par' dir='ltr' id='par_1_106' title="bbox 2070 4542 3654 4619">
     <span class='ocr_line' id='line_1_106' title="bbox 2070 4542 3654 4619; baseline -0.004 -19"><span class='ocrx_word' id='word_1_818' title='bbox 2070 4549 2266 4619; x_wconf 82' lang='grc' dir='ltr'><em>στερᾶς</em></span> <span class='ocrx_word' id='word_1_819' title='bbox 2300 4543 2439 4600; x_wconf 76' lang='grc' dir='ltr'><em>εἶναι</em></span> <span class='ocrx_word' id='word_1_820' title='bbox 2467 4545 2734 4612; x_wconf 78' lang='grc' dir='ltr'><em>ἐξουσίας.</em></span> <span class='ocrx_word' id='word_1_821' title='bbox 2763 4546 2988 4615; x_wconf 83' lang='grc' dir='ltr'><em>Ἕτερον</em></span> <span class='ocrx_word' id='word_1_822' title='bbox 3014 4545 3070 4598; x_wconf 82' lang='grc' dir='ltr'><em>δὲ</em></span> <span class='ocrx_word' id='word_1_823' title='bbox 3096 4543 3256 4598; x_wconf 70' lang='grc' dir='ltr'><em>πάλιν</em></span> <span class='ocrx_word' id='word_1_824' title='bbox 3278 4542 3445 4614; x_wconf 81' lang='grc' dir='ltr'><em>μῦθον</em></span> <span class='ocrx_word' id='word_1_825' title='bbox 3465 4543 3654 4612; x_wconf 83' lang='grc' dir='ltr'><em>λέγου-</em></span> 
     </span>
    </p>
   </div>
   <div class='ocr_carea' id='block_1_107' title="bbox 2071 4634 3653 4708">
    <p class='ocr_par' dir='ltr' id='par_1_107' title="bbox 2071 4634 3653 4708">
     <span class='ocr_line' id='line_1_107' title="bbox 2071 4634 3653 4708; baseline -0.003 -18"><span class='ocrx_word' id='word_1_826' title='bbox 2071 4655 2153 4690; x_wconf 90' lang='grc' dir='ltr'><strong>σιν</strong></span> <span class='ocrx_word' id='word_1_827' title='bbox 2190 4640 2239 4690; x_wconf 85' lang='grc' dir='ltr'><em>οἱ</em></span> <span class='ocrx_word' id='word_1_828' title='bbox 2296 4637 2567 4691; x_wconf 78' lang='grc' dir='ltr'><em>τοιοῦτοι·</em></span> <span class='ocrx_word' id='word_1_829' title='bbox 2613 4639 2734 4691; x_wconf 85' lang='grc' dir='ltr'><em>’Ότι</em></span> <span class='ocrx_word' id='word_1_830' title='bbox 2762 4677 2777 4703; x_wconf 89' lang='grc'><strong>,</strong></span> <span class='ocrx_word' id='word_1_831' title='bbox 2838 4637 3004 4708; x_wconf 77' lang='grc' dir='ltr'><em>φησὶν</em></span> <span class='ocrx_word' id='word_1_832' title='bbox 3031 4679 3045 4704; x_wconf 92' lang='grc'><strong>,</strong></span> <span class='ocrx_word' id='word_1_833' title='bbox 3085 4639 3112 4690; x_wconf 87' lang='grc' dir='ltr'>ὁ</span> <span class='ocrx_word' id='word_1_834' title='bbox 3159 4635 3434 4701; x_wconf 85' lang='grc' dir='ltr'><em>διάϐολος,</em></span> <span class='ocrx_word' id='word_1_835' title='bbox 3485 4634 3653 4688; x_wconf 75' lang='grc' dir='ltr'><em>ἐλθὼν</em></span> 
     </span>
    </p>
   </div>
   <div class='ocr_carea' id='block_1_108' title="bbox 2069 4727 3652 4802">
    <p class='ocr_par' dir='ltr' id='par_1_108' title="bbox 2069 4727 3652 4802">
     <span class='ocr_line' id='line_1_108' title="bbox 2069 4727 3652 4802; baseline 0 -21"><span class='ocrx_word' id='word_1_836' title='bbox 2069 4728 2206 4800; x_wconf 85' lang='grc' dir='ltr'><em>πρὸς</em></span> <span class='ocrx_word' id='word_1_837' title='bbox 2253 4730 2350 4802; x_wconf 81' lang='grc' dir='ltr'><em>τὴν</em></span> <span class='ocrx_word' id='word_1_838' title='bbox 2385 4729 2570 4795; x_wconf 79' lang='grc' dir='ltr'><em>Εὕαν,</em></span> <span class='ocrx_word' id='word_1_839' title='bbox 2611 4729 2853 4802; x_wconf 80' lang='grc' dir='ltr'><em>συνήφοη</em></span> <span class='ocrx_word' id='word_1_840' title='bbox 2899 4731 3036 4800; x_wconf 79' lang='grc' dir='ltr'><em>αὐτῇ</em></span> <span class='ocrx_word' id='word_1_841' title='bbox 3092 4731 3167 4792; x_wconf 79' lang='grc' dir='ltr'><em>ὼς</em></span> <span class='ocrx_word' id='word_1_842' title='bbox 3217 4727 3354 4800; x_wconf 77' lang='grc' dir='ltr'><em>ἀνὴρ</em></span> <span class='ocrx_word' id='word_1_843' title='bbox 3412 4729 3652 4797; x_wconf 77' lang='grc' dir='ltr'><em>γυναικὶ,</em></span> 
     </span>
    </p>
   </div>
   <div class='ocr_carea' id='block_1_109' title="bbox 2069 4819 3648 4892">
    <p class='ocr_par' dir='ltr' id='par_1_109' title="bbox 2069 4819 3648 4892">
     <span class='ocr_line' id='line_1_109' title="bbox 2069 4819 3648 4892; baseline -0.001 -18"><span class='ocrx_word' id='word_1_844' title='bbox 2069 4821 2166 4874; x_wconf 74' lang='grc' dir='ltr'><em>καὶ</em></span> <span class='ocrx_word' id='word_1_845' title='bbox 2198 4821 2484 4892; x_wconf 74' lang='grc' dir='ltr'><em>ἐγέννησεν</em></span> <span class='ocrx_word' id='word_1_846' title='bbox 2514 4821 2575 4886; x_wconf 77' lang='grc' dir='ltr'>ἐξ</span> <span class='ocrx_word' id='word_1_847' title='bbox 2625 4822 2790 4875; x_wconf 78' lang='grc' dir='ltr'><em>αὑτοῦ</em></span> <span class='ocrx_word' id='word_1_848' title='bbox 2823 4823 2913 4875; x_wconf 87' lang='grc' dir='ltr'><strong>τόν</strong></span> <span class='ocrx_word' id='word_1_849' title='bbox 2946 4838 3004 4874; x_wconf 89' lang='grc' dir='ltr'><strong>τε</strong></span> <span class='ocrx_word' id='word_1_850' title='bbox 3040 4819 3174 4873; x_wconf 86' lang='grc' dir='ltr'><em>Κάῖν</em></span> <span class='ocrx_word' id='word_1_851' title='bbox 3207 4820 3420 4874; x_wconf 73' lang='grc' dir='ltr'><em>καὶτὸν</em></span> <span class='ocrx_word' id='word_1_852' title='bbox 3468 4821 3648 4873; x_wconf 72' lang='grc' dir='ltr'><em>Ἅϐελ.</em></span> 
     </span>
    </p>
   </div>
   <div class='ocr_carea' id='block_1_110' title="bbox 2071 4908 3654 4986">
    <p class='ocr_par' dir='ltr' id='par_1_110' title="bbox 2071 4908 3654 4986">
     <span class='ocr_line' id='line_1_110' title="bbox 2071 4908 3654 4986; baseline 0 -20"><span class='ocrx_word' id='word_1_853' title='bbox 2071 4914 2162 4967; x_wconf 88' lang='grc' dir='ltr'><em>Διὸ</em></span> <span class='ocrx_word' id='word_1_854' title='bbox 2202 4915 2477 4985; x_wconf 79' lang='grc' dir='ltr'><em>ἐπανέστη</em></span> <span class='ocrx_word' id='word_1_855' title='bbox 2511 4917 2539 4967; x_wconf 85' lang='grc' dir='ltr'><strong>ό</strong></span> <span class='ocrx_word' id='word_1_856' title='bbox 2573 4910 2653 4978; x_wconf 81' lang='grc' dir='ltr'><em>εἷς</em></span> <span class='ocrx_word' id='word_1_857' title='bbox 2685 4915 2762 4986; x_wconf 80' lang='grc' dir='ltr'><em>τῷ</em></span> <span class='ocrx_word' id='word_1_858' title='bbox 2791 4915 2870 4969; x_wconf 75' lang='grc' dir='ltr'><strong>ἐνὶ</strong></span> <span class='ocrx_word' id='word_1_859' title='bbox 2912 4913 2999 4966; x_wconf 78' lang='grc' dir='ltr'><em>διὰ</em></span> <span class='ocrx_word' id='word_1_860' title='bbox 3040 4912 3200 4983; x_wconf 79' lang='grc' dir='ltr'><em>ζῆλον</em></span> <span class='ocrx_word' id='word_1_861' title='bbox 3239 4908 3478 4983; x_wconf 64' lang='grc' dir='ltr'><em>δνεῖχον</em></span> <span class='ocrx_word' id='word_1_862' title='bbox 3520 4914 3654 4984; x_wconf 68' lang='grc' dir='ltr'><em>πρὸς</em></span> 
     </span>
    </p>
   </div>
   <div class='ocr_carea' id='block_1_111' title="bbox 2068 5017 3650 5092">
    <p class='ocr_par' dir='ltr' id='par_1_111' title="bbox 2068 5017 3650 5092">
     <span class='ocr_line' id='line_1_111' title="bbox 2068 5017 3650 5092; baseline -0.001 -20"><span class='ocrx_word' id='word_1_863' title='bbox 2068 5017 2332 5090; x_wconf 74' lang='grc' dir='ltr'><em>ἀλλήλους</em></span> <span class='ocrx_word' id='word_1_864' title='bbox 2355 5060 2370 5084; x_wconf 93' lang='grc'><strong>,</strong></span> <span class='ocrx_word' id='word_1_865' title='bbox 2395 5019 2515 5089; x_wconf 78' lang='grc' dir='ltr'><em>οὐχὶ</em></span> <span class='ocrx_word' id='word_1_866' title='bbox 2547 5019 2633 5072; x_wconf 80' lang='grc' dir='ltr'><strong>διά</strong></span> <span class='ocrx_word' id='word_1_867' title='bbox 2661 5020 2722 5072; x_wconf 90' lang='grc' dir='ltr'><strong>τὸ</strong></span> <span class='ocrx_word' id='word_1_868' title='bbox 2755 5019 2877 5092; x_wconf 79' lang='grc' dir='ltr'><strong>[ὡς]</strong></span> <span class='ocrx_word' id='word_1_869' title='bbox 2907 5019 3337 5092; x_wconf 81' lang='grc' dir='ltr'><em>εὑηρεστηκέναι</em></span> <span class='ocrx_word' id='word_1_870' title='bbox 3371 5021 3462 5074; x_wconf 88' lang='grc' dir='ltr'><strong>τὸν</strong></span> <span class='ocrx_word' id='word_1_871' title='bbox 3488 5019 3650 5073; x_wconf 79' lang='grc' dir='ltr'><em>’Δϐελ</em></span> 
     </span>
    </p>
   </div>
   <div class='ocr_carea' id='block_1_112' title="bbox 2067 5110 3650 5185">
    <p class='ocr_par' dir='ltr' id='par_1_112' title="bbox 2067 5110 3650 5185">
     <span class='ocr_line' id='line_1_112' title="bbox 2067 5110 3650 5185; baseline 0.003 -23"><span class='ocrx_word' id='word_1_872' title='bbox 2067 5110 2218 5181; x_wconf 83' lang='grc' dir='ltr'><em>Θεῷ,</em></span> <span class='ocrx_word' id='word_1_873' title='bbox 2257 5112 2332 5175; x_wconf 85' lang='grc' dir='ltr'><em>ὡς</em></span> <span class='ocrx_word' id='word_1_874' title='bbox 2379 5112 2493 5182; x_wconf 78' lang='grc' dir='ltr'><em>ἔχει</em></span> <span class='ocrx_word' id='word_1_875' title='bbox 2529 5113 2561 5182; x_wconf 87' lang='grc' dir='ltr'><strong>ἡ</strong></span> <span class='ocrx_word' id='word_1_876' title='bbox 2606 5112 2863 5183; x_wconf 79' lang='grc' dir='ltr'><em>ἀλήθεια,</em></span> <span class='ocrx_word' id='word_1_877' title='bbox 2895 5113 3031 5166; x_wconf 81' lang='grc' dir='ltr'><em>ἀλλὰ</em></span> <span class='ocrx_word' id='word_1_878' title='bbox 3081 5113 3267 5183; x_wconf 76' lang='grc' dir='ltr'><em>ἕτερον</em></span> <span class='ocrx_word' id='word_1_879' title='bbox 3316 5113 3650 5185; x_wconf 79' lang='grc' dir='ltr'><em>πλαζόμενον</em></span> 
     </span>
    </p>
   </div>
   <div class='ocr_carea' id='block_1_113' title="bbox 2067 5198 3651 5276">
    <p class='ocr_par' dir='ltr' id='par_1_113' title="bbox 2067 5198 3651 5276">
     <span class='ocr_line' id='line_1_113' title="bbox 2067 5198 3651 5276; baseline 0.005 -26"><span class='ocrx_word' id='word_1_880' title='bbox 2067 5198 2222 5268; x_wconf 85' lang='grc' dir='ltr'><em>λόγον</em></span> <span class='ocrx_word' id='word_1_881' title='bbox 2249 5200 2512 5269; x_wconf 81' lang='grc' dir='ltr'><em>λέγουσιν.</em></span> <span class='ocrx_word' id='word_1_882' title='bbox 2558 5202 2803 5272; x_wconf 81' lang='grc' dir='ltr'><em>Ἐπειδὴ,</em></span> <span class='ocrx_word' id='word_1_883' title='bbox 2838 5205 3000 5272; x_wconf 70' lang='grc' dir='ltr'><em>φασιν</em></span> <span class='ocrx_word' id='word_1_884' title='bbox 3026 5243 3040 5266; x_wconf 95' lang='grc'><strong>,</strong></span> <span class='ocrx_word' id='word_1_885' title='bbox 3091 5203 3327 5274; x_wconf 78' lang='grc' dir='ltr'><em>ἐρῶντες</em></span> <span class='ocrx_word' id='word_1_886' title='bbox 3368 5199 3510 5275; x_wconf 75' lang='grc' dir='ltr'><em>ἦσαν</em></span> <span class='ocrx_word' id='word_1_887' title='bbox 3548 5207 3651 5276; x_wconf 82' lang='grc' dir='ltr'><em>ἀμ-</em></span> 
     </span>
    </p>
   </div>
   <div class='ocr_carea' id='block_1_114' title="bbox 2067 5302 3649 5380">
    <p class='ocr_par' dir='ltr' id='par_1_114' title="bbox 2067 5302 3649 5380">
     <span class='ocr_line' id='line_1_114' title="bbox 2067 5302 3649 5380; baseline 0.003 -25"><span class='ocrx_word' id='word_1_888' title='bbox 2067 5303 2282 5372; x_wconf 81' lang='grc' dir='ltr'><em>φότεροι</em></span> <span class='ocrx_word' id='word_1_889' title='bbox 2317 5306 2414 5374; x_wconf 81' lang='grc' dir='ltr'><em>τῆς</em></span> <span class='ocrx_word' id='word_1_890' title='bbox 2450 5302 2685 5374; x_wconf 76' lang='grc' dir='ltr'><em>ἀδελφῆς</em></span> <span class='ocrx_word' id='word_1_891' title='bbox 2715 5304 2894 5358; x_wconf 77' lang='grc' dir='ltr'><em>αὐτῶν</em></span> <span class='ocrx_word' id='word_1_892' title='bbox 2932 5306 3030 5376; x_wconf 79' lang='grc' dir='ltr'><em>τῆς</em></span> <span class='ocrx_word' id='word_1_893' title='bbox 3067 5307 3202 5370; x_wconf 83' lang='grc' dir='ltr'><em>ἰδίας</em></span> <span class='ocrx_word' id='word_1_894' title='bbox 3226 5349 3240 5373; x_wconf 90' lang='grc'><strong>,</strong></span> <span class='ocrx_word' id='word_1_895' title='bbox 3272 5307 3465 5361; x_wconf 74' lang='grc' dir='ltr'><em>τούτου</em></span> <span class='ocrx_word' id='word_1_896' title='bbox 3495 5310 3649 5380; x_wconf 83' lang='grc' dir='ltr'><em>χάριν</em></span> 
     </span>
    </p>
   </div>
   <div class='ocr_carea' id='block_1_115' title="bbox 2066 5408 3644 5481">
    <p class='ocr_par' dir='ltr' id='par_1_115' title="bbox 2066 5408 3644 5481">
     <span class='ocr_line' id='line_1_115' title="bbox 2066 5408 3644 5481; baseline 0.003 -21"><span class='ocrx_word' id='word_1_897' title='bbox 2066 5408 2336 5481; x_wconf 78' lang='grc' dir='ltr'><em>ἐπανέστη</em></span> <span class='ocrx_word' id='word_1_898' title='bbox 2369 5414 2395 5464; x_wconf 83' lang='grc' dir='ltr'><strong>ό</strong></span> <span class='ocrx_word' id='word_1_899' title='bbox 2427 5410 2566 5464; x_wconf 79' lang='grc' dir='ltr'><strong>Κὰῖν</strong></span> <span class='ocrx_word' id='word_1_900' title='bbox 2597 5410 2672 5481; x_wconf 79' lang='grc' dir='ltr'><em>τῷ</em></span> <span class='ocrx_word' id='word_1_901' title='bbox 2725 5410 2890 5463; x_wconf 72' lang='grc' dir='ltr'><em>Ἅϐελ</em></span> <span class='ocrx_word' id='word_1_902' title='bbox 2913 5453 2927 5477; x_wconf 86' lang='grc'><strong>,</strong></span> <span class='ocrx_word' id='word_1_903' title='bbox 2977 5413 3070 5466; x_wconf 77' lang='grc' dir='ltr'><em>καὶ</em></span> <span class='ocrx_word' id='word_1_904' title='bbox 3113 5413 3436 5466; x_wconf 78' lang='grc' dir='ltr'><em>ἀπέκτεινεν</em></span> <span class='ocrx_word' id='word_1_905' title='bbox 3469 5413 3644 5466; x_wconf 78' lang='grc' dir='ltr'><em>αὐτόν.</em></span> 
     </span>
    </p>
   </div>
   <div class='ocr_carea' id='block_1_116' title="bbox 2441 5587 3638 5662">
    <p class='ocr_par' dir='ltr' id='par_1_116' title="bbox 2441 5587 3638 5662">
     <span class='ocr_line' id='line_1_116' title="bbox 2441 5587 3638 5662; baseline 0.017 -24"><span class='ocrx_word' id='word_1_906' title='bbox 2441 5596 2459 5620; x_wconf 76' lang='grc'><strong><em>⁵</em></strong></span> <span class='ocrx_word' id='word_1_907' title='bbox 2493 5587 2554 5643; x_wconf 83' lang='lat' dir='ltr'><strong>F.</strong></span> <span class='ocrx_word' id='word_1_908' title='bbox 2590 5590 2985 5661; x_wconf 75' lang='grc' dir='ltr'><em>ἀκατάληκτον.</em></span> <span class='ocrx_word' id='word_1_909' title='bbox 3070 5591 3090 5622; x_wconf 85' lang='grc'><strong><em>⁵</em></strong></span> <span class='ocrx_word' id='word_1_910' title='bbox 3122 5590 3239 5647; x_wconf 83' lang='lat' dir='ltr'><strong>Vet.</strong></span> <span class='ocrx_word' id='word_1_911' title='bbox 3279 5593 3367 5645; x_wconf 79' lang='grc' dir='ltr'><strong>ἐπὶ</strong></span> <span class='ocrx_word' id='word_1_912' title='bbox 3399 5590 3497 5662; x_wconf 79' lang='grc' dir='ltr'><em>τῆς</em></span> <span class='ocrx_word' id='word_1_913' title='bbox 3526 5589 3638 5660; x_wconf 74' lang='grc' dir='ltr'><strong>σῖςο</strong></span> 
     </span>
    </p>
   </div>
  </div>
