3950 6168
297 352 328 405 6
339 356 410 410 85

1001 348 1370 408 snvcnsus
1408 349 1750 408 emensas
1786 350 1915 407 LIB.
1950 350 1989 404 ι.
2031 348 2195 406 ron.
2236 350 2409 405 m.——
2448 350 2718 408 umens.
2761 309 2871 406 re.

3465 355 3574 412 686

303 473 467 528 Φύσει
504 469 614 540 γὰρ
645 468 840 534 αὐτούς
867 486 1030 538 φασιν
1058 472 1125 525 ὲκ
1160 472 1255 526 τοῦ
1293 470 1735 555 σπέρματοςτοῦ
1776 471 1889 527 δια-

2001 469 2188 527 misse.
2220 470 2356 525 Nam
2388 480 2681 543 utrumque
2710 471 2911 528 diaboli
2945 486 2976 526 e
3006 472 3176 543 stirpe
3199 482 3573 545 procreatum,

303 563 459 617 δόλου
486 603 501 624 ,
533 560 609 622 ὡς
631 561 920 629 προεῖπον,
952 561 1331 631 γεγεννῆσθαι.

371 653 603 724 Φέρουσι
650 650 709 704 δὲ
768 650 1105 721 μαρτυρίας,
1163 652 1291 706 ὅταν
1325 651 1627 722 θελήσωσιν
1675 654 1889 726 ἀπατᾷν

304 763 455 809 τινας
475 784 489 808 ,
521 742 628 797 ἀπὸ
660 742 769 796 τῶν
799 741 959 797 θείων
986 742 1205 812 βιϐλίων
1234 784 1249 810 ,
1285 744 1363 808 ὡς
1406 746 1501 798 καὶ
1531 746 1589 799 ὲν
1627 745 1762 819 ἄλλῃ
1799 764 1889 816 μοι

302 839 513 909 αἱρέσει
569 834 726 889 τοῦτο
780 834 1034 907 etp-qut“
1075 836 1104 888 6
1142 837 1331 907 Σωτὴρ
1385 837 1521 908 πρὸς
1569 840 1696 902 τοὺς
1760 839 1893 892 Ἰουο

301 930 488 990 δαίους
519 928 705 997 ἔλεγεν
729 944 742 957 ·
789 926 975 996 Ὑμεῖς
1021 928 1091 981 ἐκ
1136 927 1242 982 τοῦ
1271 928 1507 984 Σατανᾶ
1544 930 1717 982 ἐστε·
1771 930 1885 993 καὶ,

303 1021 485 1074 Ὅταν
515 1017 679 1088 λαλῇ
712 1018 777 1072 τὸ
804 1017 1034 1087 ⁴ψεῦδος
1054 1057 1068 1082 ,
1104 1019 1172 1072 ἐκ
1205 1018 1325 1073 τῶν
1364 1018 1528 1072 ἰδίων
1556 1018 1763 1074 λαλεῖ·
1801 1018 1891 1072 ὅτι

301 1113 403 1165 καὶ
433 1114 465 1165 ὁ
489 1111 688 1179 πατὴρ
713 1110 899 1165 αὐτοῦ
930 1111 1206 1179 ψεύστης
1230 1106 1309 1180 ἦν
1327 1127 1340 1140 ·
1373 1110 1458 1164 ἵνα
1483 1110 1644 1181 δῆθεν
1670 1109 1888 1176 εἴπωσι,

300 1202 393 1257 τὸν
442 1203 685 1257 διάϐολον
736 1198 874 1256 εἶναι
924 1203 1014 1256 τὸν
1069 1203 1235 1257 Κάῖνο
1279 1202 1465 1273 ἐπειδὴ
1518 1204 1773 1275 εἴρηκεν,
1808 1203 1888 1256 ὃτι

314 1295 432 1347 Ἀπ’
454 1293 647 1362 ἀρχῆς
671 1292 1160 1362 ἀνθρωποκτόνος
1225 1287 1305 1361 ἦν
1324 1307 1338 1322 '
1371 1293 1464 1345 καὶ
1497 1293 1585 1345 ἵνα
1606 1292 1756 1366 δείξῃ
1785 1311 1891 1346 παο

300 1384 438 1455 τέρα
466 1385 564 1455 μὲν
600 1382 765 1437 αὑτοῦ
818 1381 958 1437 εἶναι
990 1383 1081 1437 τὸν
1118 1382 1362 1436 διάϐολον
1382 1397 1395 1411 ·
1427 1383 1521 1436 τοῦ
1552 1384 1609 1436 δὲ
1640 1383 1887 1438 διαϐόλου

301 1472 444 1531 εἶναι
476 1478 687 1549 πατέρα
718 1477 809 1531 τὸν
848 1477 1085 1549 ἄρχοντα
1109 1477 1199 1530 τὸν
1241 1476 1481 1549 ψεύστην
1510 1517 1523 1541 ,
1558 1479 1617 1531 ὃν
1649 1478 1889 1550 βλασφη-

305 1569 534 1640 μοῦντες
561 1568 704 1623 κατὰ
742 1569 840 1639 τῆς
870 1569 1076 1623 ἑαυτῶν
1103 1569 1348 1640 κεφαλῆς
1370 1611 1384 1634 ,
1417 1570 1581 1637 φασιν
1609 1569 1772 1623 αὑτὸν
1805 1560 1886 1622 εἷ-

299 1678 391 1713 ναι
423 1661 513 1715 τὸν
540 1659 766 1714 Σαϐαὼθ
815 1661 864 1714 οἱ
904 1661 1122 1732 ἀνόητοι
1150 1702 1164 1725 ,
1200 1660 1513 1732 νομίζοντες
1544 1660 1715 1731 ὄνομα
1750 1657 1887 1715 εἶναι

1999 570 2057 616 ut
2097 562 2361 631 diximus,
2397 564 2689 620 aﬂirmant.

2063 651 2250 723 Neque
2278 654 2476 712 desunt
2503 655 2611 711 illis
2631 656 2943 711 testimonia
2970 657 3143 713 sacris
3175 673 3205 712 e
3229 655 3451 713 Litteris
3480 657 3575 713 de-

1993 752 2268 814 prompta,
2311 747 2511 816 quibus
2543 747 2609 802 ad
2642 747 2948 803 illudendos
2981 751 3227 807 homines
3251 752 3571 806 abutuntur.

1994 833 2318 904 Cujusmodi
2350 838 2496 893 istud
2528 844 2612 894 est
2641 838 2694 892 in
2725 839 2830 891 alia
2859 854 2887 892 a
2915 854 3002 895 me
3025 840 3217 895 haeresi
3244 856 3564 897 commento.

1994 932 2195 989 ratum,
2231 929 2376 997 quod
2410 928 2612 984 Judzeis
2638 930 2887 985 Salvator
2921 932 3060 986 dixit
3096 950 3110 987 :
3159 932 3259 987 Vos
3276 949 3340 986 ea:
3364 933 3574 989 Satana

1991 1019 2117 1072 estis
2152 1019 2193 1073 '.
2229 1018 2293 1073 Et
2323 1037 2336 1073 :
2373 1020 2596 1085 Quando
2621 1023 2852 1092 loquitur
2874 1006 3225 1089 mendacium,
3256 1041 3322 1079 ex
3345 1026 3576 1096 propriis

1996 1110 2229 1180 loquitur
2250 1128 2269 1165 :
2290 1116 2539 1181 quoniam
2563 1124 2612 1170 et
2642 1126 2794 1185 pater
2819 1117 2933 1185 ejus
2955 1134 3069 1171 men
3081 1118 3189 1172 das:
3211 1127 3288 1172 est
3315 1119 3356 1174 ⁸.
3392 1119 3464 1175 Ut
3491 1120 3579 1172 ni-

1994 1201 2193 1256 mirum
2226 1203 2503 1260 diabolum
2537 1222 2661 1263 esse
2685 1206 2915 1263 Cainum
2946 1209 3208 1276 eﬂlciant;
3238 1226 3301 1265 ex
3338 1226 3403 1265 eo
3431 1211 3579 1281 quod

1995 1292 2195 1350 dixerit
2217 1314 2230 1350 :
2252 1298 2540 1352 Homicida
2561 1307 2639 1353 est
2662 1286 2727 1353 ab
2752 1302 2912 1367 initio
2930 1302 2950 1331 ⁷
2980 1320 2993 1356 :
3031 1308 3194 1372 atque
3224 1310 3429 1373 patrem
3457 1304 3577 1374 ejus

1994 1401 2116 1442 esse
2144 1388 2421 1444 diabolum
2446 1393 2776 1460 ostendant;
2809 1394 3013 1449 diaboli
3041 1411 3167 1451 vero
3198 1405 3404 1467 patrem
3435 1412 3580 1452 men-

1992 1478 2185 1536 dacem
2206 1481 2353 1537 illum
2382 1484 2705 1555 principem,
2776 1502 2937 1556 quem
2971 1487 3025 1541 in
3061 1497 3226 1558 caput
3268 1504 3427 1544 suum
3459 1489 3580 1544 bla~

1996 1572 2345 1642 sphemantes
2373 1575 2549 1646 ipsqu
2585 1592 2705 1633 esse
2752 1575 2993 1633 Sabaoth
3024 1579 3368 1635 stolidissimi
3403 1580 3578 1634 homi-

1993 1678 2094 1719 nes
2143 1672 2368 1733 putant;
2416 1668 2562 1737 quod
2609 1682 2809 1723 nomen
2844 1667 2940 1724 Dei
2974 1670 3258 1737 cujusdam
3290 1671 3577 1741 proprium

297 1753 397 1807 τοῦ
436 1752 571 1805 Θεοῦ
606 1753 749 1816 τινὲς
796 1754 813 1784 ¹
860 1753 952 1807 τὸν
1001 1751 1230 1808 Σαϐαὼθ
1257 1793 1272 1819 ,
1300 1753 1375 1818 ὡς
1414 1753 1514 1824 ἤδη
1559 1753 1653 1806 καὶ
1681 1754 1738 1834 ἦν
1768 1756 1888 1817 ταῖς

1997 1771 2117 1811 esse
2145 1758 2355 1813 volunt.
2392 1758 2466 1814 De
2508 1774 2615 1829 qua
2662 1775 2721 1816 re
2754 1762 2809 1814 in
2844 1762 3224 1831 superioribus
3279 1763 3579 1818 haeresibus

298 1845 568 1915 πρότερον
612 1843 856 1915 αἱρέσεσι
886 1843 974 1898 διὰ
1007 1845 1244 1909 πλάτους
1273 1848 1407 1917 ἡμῖν
1456 1844 1888 1915 πεπραγμάτευ-

294 1954 391 1989 ται
423 1936 548 2007 περὶ
583 1935 874 2006 ἑρμηνείας
906 1934 999 1989 τοῦ
1032 1936 1257 1991 Σαϐαὼθ
1283 1976 1298 2003 ,
1329 1937 1425 1991 καὶ
1465 1935 1639 1991 ἄλλων
1688 1936 1887 2006 ὀνομα-

300 2027 455 2091 σιῶν,
495 2026 587 2080 τοῦ
617 2044 675 2080 τε
714 2028 845 2081 Ἠλὶ
886 2027 1096 2082 καὶτοῦ
1129 2028 1304 2082 Ἐλωῒ
1328 2070 1344 2096 ,
1382 2028 1478 2081 τοῦ
1504 2045 1564 2081 τε
1613 2028 1883 2096 Ἰσραὴλ,

296 2118 399 2173 καὶ
446 2117 539 2171 τοῦ
577 2117 764 2174 Σαὸατ
779 2158 794 2183 ,
821 2117 913 2172 τοῦ
943 2135 1003 2172 τε
1038 2118 1285 2173 Ἐλλιὼν
1308 2159 1322 2183 ,
1368 2117 1459 2172 τοῦ
1484 2136 1545 2171 τε
1592 2118 1883 2183 Ῥαϐϐωνὶ,

296 2207 396 2261 τοῦ
422 2225 481 2261 τε
525 2209 619 2273 Ἰὰ,
652 2206 747 2261 τοῦ
776 2226 835 2261 τε
883 2209 1125 2262 Ἄδωνὰῒ
1146 2250 1161 2274 ,
1200 2207 1295 2262 τοῦ
1328 2226 1386 2262 τε
1422 2208 1564 2263 Ἰάϐε
1602 2208 1737 2279 (57).
1800 2208 1888 2272 Ὠς

298 2300 586 2370 ὀνομασίαι
636 2288 744 2353 εἰσὶ
800 2299 1118 2369 δοξολογιῶν
1173 2299 1382 2354 ἅπασαι
1430 2298 1887 2370 ἑρμηνευόμεναι,

300 2393 400 2446 καὶ
433 2392 532 2446 οὐκ
568 2391 811 2462 ὀνόματά
844 2393 964 2445 ἐστὶ
1012 2392 1175 2458 θετὰ,
1208 2392 1284 2456 ὡς
1321 2394 1496 2445 εἰπεῖν
1524 2431 1540 2455 ,
1578 2394 1648 2463 τῇ
1686 2389 1890 2461 Θεότη-

298 2500 376 2537 τι.
418 2483 610 2536 "Ai-tua
634 2485 729 2537 καὶ
761 2483 1011 2538 ἐνταυθοῖ
1043 2482 1544 2555 σπουδασθήσονται
1566 2525 1582 2552 ,
1619 2485 1888 2557 ἑρμηνευ-

301 2572 465 2626 θέντα
496 2574 708 2628 κεῖσθαι
732 2591 747 2605 '
782 2576 845 2629 16
895 2576 1135 2644 Ἰσραὴλ
1182 2576 1343 2640 Θεὸς,
1374 2576 1437 2629 τὸ
1484 2576 1729 2646 Ἐλωειμ
1758 2577 1892 2640 Θεὸς

298 2665 431 2729 ἀεὶ,
465 2665 526 2718 τὸ
572 2666 703 2722 Ἠλὶ
739 2667 873 2731 Θεός
917 2685 1053 2738 μου,
1109 2668 1172 2721 16
1214 2667 1438 2722 Σαδδαῒ
1487 2669 1517 2720 6
1555 2668 1735 2733 ἱκανὸς
1761 2709 1776 2733 ,
1830 2668 1892 2721 τὸ

310 2757 588 2811 Ῥαϐϐωνὶ
633 2760 661 2810 6
699 2758 940 2831 Κύριος,
984 2760 1047 2813 τὸ
1087 2760 1170 2815 Ἰὰ
1199 2760 1435 2832 Κύριος,
1480 2761 1540 2813 τὸ
1585 2760 1832 2815 Ἀδωναῒ
1865 2763 1893 2814 6

298 2847 378 2901 ὢν
409 2849 642 2920 Κύριος,
674 2851 734 2903 τὸ
780 2850 951 2917 Ἰάϐε,
984 2851 1041 2914 ὃς
1065 2847 1133 2922 ἦν
1162 2853 1254 2905 καὶ
1276 2852 1390 2905 ἐστι
1431 2853 1526 2905 καὶ
1550 2852 1636 2906 ἀεὶ
1672 2851 1746 2907 ὢν
1766 2871 1780 2884 ·
1817 2853 1893 2917 ὡς

298 2943 600 3014 ἑρμηνεύει
634 2944 712 3015 τῷ
739 2945 949 3017 Μωῦσῇ
971 2986 986 3010 ,
1040 2946 1092 2998 Ὁ
1122 2943 1208 2999 ὢν
1239 2946 1587 3001 ἀπέσταλκέ
1604 2964 1682 3016 με
1702 2987 1715 3009 .
1739 2948 1893 3017 ἐρεῖς

298 3037 455 3100 πρὸς
476 3036 697 3101 αὐτούς
718 3052 733 3066 '
769 3037 863 3090 καὶ
900 3038 962 3091 τὸ
996 3037 1251 3092 Ἑλλιὼν
1288 3037 1529 3108 ὕψιστος,
1567 3040 1661 3093 καὶ
1693 3040 1754 3092 τὸ
1783 3043 1894 3094 Σα-

1991 1846 2208 1902 abunde
2224 1848 2657 1919 disputavimus;
2678 1852 2769 1907 ubi
2795 1860 2848 1907 et
2870 1852 3112 1908 Sabaoth
3132 1855 3471 1925 aliorumque
3487 1869 3581 1909 no-

1988 1938 2195 1993 minum
2217 1941 2722 2011 interpretationem
2746 1945 3050 2009 attulimus,
3068 1944 3213 1999 velut
3237 1944 3343 2009 Eli,
3362 1953 3417 2000 et
3435 1944 3576 2007 Elei,

1988 2029 2157 2102 296
2180 2030 2373 2097 Israel,
2411 2031 2673 2097 Sadadai,
2710 2033 2909 2101 Elliou,
2938 2034 3200 2100 Rabboni,
3241 2035 3326 2101 la,
3353 2034 3579 2100 Adonai,

1992 2116 2138 2172 labe.
2172 2118 2322 2186 Quas
2363 2121 2584 2191 quidem
2634 2139 2800 2180 voces
2848 2126 2894 2179 si
2942 2132 3091 2181 recte
3131 2127 3574 2196 interpretemur,

1990 2210 2174 2266 varias
2220 2211 2289 2266 ad
2342 2213 2745 2282 praedicandam
2778 2215 2872 2271 Dei
2914 2217 3145 2286 gloriam
3190 2219 3583 2288 appellationes

1989 2316 2133 2365 esse,
2167 2316 2276 2357 non
2318 2303 2424 2373 ipsi
2446 2304 2729 2359 divinitati
2787 2306 3165 2377 significanda:
3190 2309 3447 2379 imposita
3476 2322 3580 2362 no-

1993 2393 2141 2447 mina
2172 2393 2479 2452 docuimus.
2512 2396 2590 2451 Ac
2613 2412 2714 2452 nos
2742 2397 2865 2452 illas
2910 2398 3108 2453 iterum
3136 2399 3240 2454 hoc
3271 2400 3393 2454 loco
3420 2414 3582 2469 repe-

1992 2489 2189 2539 temus.
2207 2487 2301 2539 Est
2328 2485 2495 2555 igitur
2512 2484 2687 2540 Israel
2719 2482 2900 2542 Deus:
2927 2487 3122 2554 Eloim,
3150 2486 3295 2544 Deus
3324 2503 3539 2559 semper
3563 2506 3581 2546 :

1993 2569 2107 2639 Eli,
2130 2571 2274 2629 Deus
2297 2590 2451 2631 meus
2479 2594 2493 2630 ε
2528 2575 2753 2638 Saddai.
2779 2575 3062 2632 sufﬁciens
3092 2593 3105 2629 :
3131 2575 3371 2631 Rabboni
3398 2575 3583 2631 Domi-

1995 2680 2101 2720 nus
2131 2683 2145 2719 :
2175 2664 2243 2719 Ia
2272 2665 2538 2723 Dominus
2566 2685 2579 2721 :
2613 2666 2822 2736 Adonai
2847 2667 2938 2737 qui
2975 2675 3060 2723 est
3093 2666 3361 2722 Dominus
3386 2686 3399 2721 :
3424 2665 3581 2734 Jabe,

1995 2757 2088 2826 qui
2118 2764 2257 2822 erat,
2289 2767 2343 2813 et
2372 2765 2475 2826 est,
2511 2767 2566 2813 et
2591 2774 2806 2830 semper
2826 2760 3079 2826 exsistit;
3118 2759 3579 2831 quemadmodum

1999 2846 2168 2919 Moysi
2201 2848 2317 2918 ipse
2351 2849 2593 2904 declarat
2626 2868 2640 2904 :
2674 2850 2778 2916 Qui
2805 2859 2881 2904 est
2913 2852 3057 2904 misit
3085 2867 3166 2905 me
3199 2851 3268 2904 ad
3298 2868 3406 2913 vos,
3441 2851 3582 2907 dices

1993 2937 2064 2992 ad
2094 2939 2216 2993 illos
2242 2940 2264 2971 ⁸
2292 2960 2303 2995 :
2340 2939 2516 2995 Elliou
2554 2940 2882 2996 altissimum
2913 2948 3074 2994 sonat
3104 2959 3116 2994 :
3153 2940 3410 3003 Sabaoth,
3432 2956 3583 2997 exer-

1995 3033 2227 3088 cituum.
2264 3035 2445 3100 Quare
2493 3035 2750 3090 Dominus
2782 3034 3040 3099 Sabaoth,
3081 3035 3225 3091 idem
3255 3045 3341 3093 est
3372 3052 3436 3095 ac
3475 3035 3583 3092 Do-

298 3125 460 3179 ϐαὼθ
500 3125 782 3197 δυνάμεων
828 3128 1210 3200 ἑρμηνεύεται.
1236 3129 1456 3198 Κύριος
1492 3126 1586 3183 οὗν
1623 3130 1887 3196 Σαϐαὼθ,

1998 3128 2181 3182 minus
2218 3127 2582 3183 exercituum.
2616 3127 2748 3195 Quae
2779 3143 2884 3184 vox
2917 3127 3196 3193 Dominus,
3226 3129 3350 3183 addi
3388 3143 3581 3199 perpe-

299 3216 508 3293 Κύριος
538 3218 647 3273 τῶν
679 3218 981 3290 δυνάμεων.
1014 3220 1185 3274 Παντὶ
1215 3221 1235 3250 ⁸
1271 3220 1381 3293 γὰρ
1407 3222 1728 3293 πρόσκειται
1757 3223 1889 3275 ὅπου

1998 3226 2091 3271 tuo
2137 3217 2295 3281 solet,
2326 3218 2638 3288 ubicunque
2686 3216 2925 3274 Sabaoth
2979 3234 3182 3273 nomen
3231 3219 3579 3284 exprimitur.

298 3311 395 3364 τοῦ
427 3310 656 3364 Σαϐαὼθ
685 3312 855 3382 ὄνομα
879 3312 1026 3383 λέγει
1055 3316 1088 3379 ή
1122 3314 1335 3385 Γραφή.
1361 3312 1438 3367 Οὐ
1473 3314 1632 3385 μόνον
1665 3314 1685 3345 ³
1716 3317 1894 3384 ἐκφω-

297 3406 384 3459 νεῖ
405 3403 640 3472 λέγουσα
659 3421 673 3436 ·
698 3400 835 3458 Εἷπέ
867 3422 957 3476 μοι
981 3404 1207 3459 Σαϐαὼθ
1230 3422 1243 3436 ’
1272 3405 1326 3473 ἢ,
1364 3405 1621 3475 Ἐλάλησε
1644 3404 1889 3459 Σαϐαὼθ·

296 3495 417 3551 ἀλλ’
471 3495 633 3560 εὐθὺς
689 3494 878 3562 λέγει,
934 3494 1139 3566 Κύριος
1195 3493 1445 3549 Σαϐαὼθ.
1490 3493 1649 3548 Οὕτω
1692 3495 1801 3566 γάρ
1857 3497 1893 3567 ἡ

310 3584 535 3655 Ἐϐραῒς
568 3584 767 3654 φάσκει
787 3601 801 3617 ο
855 3582 1082 3637 Ἀδωναῒ
1111 3583 1340 3638 Σαϐαώθ
1368 3600 1381 3613 ·
1425 3584 1566 3655 ὅπερ
1597 3583 1894 3656 ἑρμηνεύε-

297 3695 390 3733 ται
420 3666 623 3747 Κύριος
648 3674 757 3728 τῶν
783 3674 1088 3745 δυνάμεων.

375 3772 467 3837 (τ’.
502 3769 614 3823 Καὶ
644 3768 783 3840 μετά
806 3768 905 3840 τὴν
925 3768 948 3800 ’⁵
972 3769 1100 3842 παρ’
1133 3768 1316 3831 αὐτοῖς
1340 3785 1400 3821 τε
1425 3769 1651 3832 καὶτοῖς
1684 3768 1891 3839 ὁμοίοις

297 3861 447 3917 κατὰ
491 3860 590 3932 τὴν
636 3859 912 3931 τύφλωσιν
949 3859 1049 3930 τῆς
1079 3859 1320 3923 διανοίας
1365 3859 1547 3914 αὐτῶν
1592 3860 1663 3913 τὰ
1707 3859 1891 3923 καλῶς

300 3952 571 4024 εἰρημένα
592 3952 1029 4021 συκοφαντεῖται.
1068 3948 1205 4003 Οὔτε
1235 3950 1344 4023 γὰρ
1374 3952 1504 4023 περὶ
1536 3950 1784 4005 διαϐόλου
1812 3951 1892 4022 τῷ

299 4045 520 4116 Σωτῆρι
564 4046 623 4097 ὲν
668 4043 744 4115 τῷ
793 4043 932 4115 πρὸς
986 4043 1273 4106 Ἰουδαίους
1324 4042 1470 4114 λόγῳ
1518 4043 1772 4116 εἴρηται,
1814 4044 1892 4110 ὡς

301 4133 467 4189 παντί
512 4150 591 4204 τῳ
623 4134 792 4202 σαφὲς
824 4134 1140 4203 εὑρίσκεται
1186 4133 1263 4204 τῷ
1297 4136 1362 4205 τῇ
1390 4132 1617 4206 ἀληθείᾳ
1665 4135 1892 4188 ἀκολουο

300 4224 514 4278 θοῦντι·
558 4223 694 4277 ἀλλὰ
737 4223 825 4277 διὰ
852 4223 944 4276 τὸν
986 4223 1189 4277 Ἰούδαν
1224 4225 1407 4287 αὐτοῖς
1438 4223 1592 4293 ἔλεγε
1622 4225 1683 4278 τὸ
1716 4226 1886 4297 ῥῆμα.

299 4318 418 4370 Οὐκ
449 4312 588 4387 ἦσαν
615 4316 723 4386 γὰρ
746 4315 910 4369 τέκνα
938 4313 1031 4368 τοῦ
1079 4315 1351 4387 Ἀϐραὰμ,
1378 4314 1473 4369 τοῦ
1505 4316 1668 4369 αὐτὸν
1697 4317 1893 4371 ἀποδε-

302 4409 538 4479 ξαμένου
579 4408 685 4462 ὑπὸ
718 4408 815 4479 τὴν
844 4407 975 4479 δρῦν
1004 4408 1103 4479 τὴν
1134 4406 1375 4479 Μαμϐρὴ
1425 4409 1533 4480 πρὸ
1564 4408 1662 4479 τῆς
1693 4408 1890 4481 ἐνσάρ-

1994 3304 2115 3361 Non
2162 3307 2306 3361 enim
2360 3308 2477 3363 sola
2508 3306 2748 3363 Sabaoth
2779 3308 2948 3363 dictio
2971 3309 3214 3378 ponitur,
3247 3317 3399 3380 puta,
3437 3309 3584 3364 Dixit

1995 3400 2129 3455 mihi
2147 3398 2388 3456 Sabaoth
2415 3420 2433 3456 ι
2464 3400 2827 3470 aut,Locutus
2855 3408 2938 3456 est
2966 3400 3235 3468 Sabaoth;
3272 3402 3367 3457 sed
3396 3402 3583 3457 statim

1997 3490 2333 3563 adjungitur,
2365 3490 2629 3548 Dominus
2676 3490 2942 3547 Sabaoth;
2989 3490 3068 3547 lta
3121 3492 3269 3547 enim
3319 3490 3586 3547 Hebraice

1996 3581 2284 3650 scriptum,
2320 3580 2533 3636 Adonai
2572 3580 2834 3647 Sabaoth,
2876 3581 2983 3637 hoc
3029 3590 3115 3638 est
3170 3581 3433 3639 Dominus
3482 3581 3581 3637 Sa-

1997 3672 2183 3728 baoth.

2066 3762 2157 3818 Vl.
2203 3762 2308 3819 Sed
2338 3780 2464 3835 qua:
2486 3766 2748 3835 praeclare
2777 3765 3003 3820 omnino
3032 3764 3177 3820 dicta
3203 3772 3352 3831 sunt,
3376 3764 3491 3820 haec
3516 3765 3586 3820 ab

1997 3853 2125 3919 illis,
2151 3862 2205 3910 et
2232 3855 2451 3910 illorum
2475 3856 2750 3911 similibus
2772 3855 2980 3911 frustra
3006 3870 3117 3925 pra;
3140 3856 3309 3910 animi
3338 3856 3586 3909 caecitate

1997 3962 2092 4018 per
2138 3947 2471 4001 calumniam
2525 3961 2591 4001 ac
2638 3947 2904 4001 malitiam
2953 3948 3344 4017 depravantur.
3370 3945 3585 4002 Etenim

1996 4037 2248 4092 Salvator
2274 4045 2462 4093 uoster
2496 4038 2552 4093 in
2583 4053 2650 4094 eo
2690 4054 2854 4108 quem
2881 4038 2949 4093 ad
2978 4037 3198 4094 Judaeos
3233 4038 3425 4093 habuit
3462 4051 3585 4092 ser-

1995 4144 2176 4196 mone,
2210 4143 2558 4199 nequaquam
2584 4129 2654 4185 de
2682 4129 2901 4184 diabolo
2934 4130 3153 4185 locutus
3187 4137 3292 4196 est,
3324 4136 3384 4183 ut
3420 4142 3584 4183 nemo

1994 4238 2105 4279 non
2150 4232 2339 4294 aperte
2387 4223 2556 4290 videt,
2617 4224 2711 4295 qui
2747 4223 3018 4279 inhaerere
3059 4222 3281 4279 veritati
3328 4221 3582 4289 studeat;

1994 4316 2092 4372 sed
2138 4325 2362 4387 propter
2409 4314 2605 4371 Iudam
2657 4317 2712 4372 id
2760 4317 2829 4372 ab
2867 4332 2933 4372 eo
2973 4326 3299 4386 usurpatum
3334 4322 3440 4371 est.
3465 4313 3585 4369 Non

1994 4410 2138 4466 enim
2178 4410 2589 4467 Abrahamililii
2620 4417 2797 4474 erant,
2825 4409 2917 4480 qui
2951 4424 3011 4464 se
3035 4416 3330 4479 antequam
3362 4423 3585 4463 carnem

304 4518 399 4554 κου
433 4500 598 4553 αὑτοῦ
622 4500 927 4571 παρουσίας
948 4517 963 4533 ο
996 4499 1134 4553 ἀλλὰ
1160 4500 1311 4562 υἱοὺς
1343 4500 1569 4564 ἑαυτοὺς
1599 4500 1889 4555 κατεδίςςα-

1997 4501 2249 4559 indueret
2278 4505 2382 4559 sub
2425 4504 2516 4558 illa
2557 4501 2799 4558 Mambre
2845 4518 3049 4573 quercu
3095 4501 3226 4558 olim
3274 4509 3584 4570 exceperat,

300 4611 405 4647 σαν
434 4592 685 4661 γενέσθαι
713 4593 813 4663 τῆς
836 4591 930 4645 τοῦ
963 4591 1134 4647 Ἰούδα
1158 4591 1452 4664 προδοσίας
1470 4632 1493 4670 ,_
1522 4591 1617 4645 τοῦ
1659 4593 1766 4647 ὑπὸ
1801 4594 1889 4647 τοῦ

1997 4596 2091 4651 sed
2123 4594 2365 4666 perﬁdiae
2405 4594 2560 4650 Iudae
2592 4594 2754 4659 ﬁlios,
2790 4602 2849 4650 ut
2893 4596 2968 4649 ita
3001 4595 3201 4657 dicam,
3231 4610 3329 4649 sua
3370 4609 3429 4649 se
3460 4609 3585 4649 sen-

300 4684 510 4756 Κυρίου
538 4684 755 4737 Σατανᾶ
803 4684 898 4737 καὶ
930 4683 1176 4738 διαϐόλου
1223 4682 1626 4754 ὀνομαζομένου
1646 4726 1660 4751 ,
1702 4684 1778 4748 ὡς
1809 4685 1889 4739 λέ-

1997 4688 2163 4742 tentia
2207 4687 2641 4754 declaraverant,
2688 4696 2851 4757 quem
2899 4685 3165 4742 Dominus
3216 4685 3473 4740 Satanam
3519 4699 3584 4740 ac

297 4792 418 4845 γειο
454 4775 603 4846 Οὐχί
644 4774 874 4829 δώδεκα
903 4773 1061 4845 ὑμᾶς
1091 4774 1500 4846 ἐξελεξάμην,
1538 4776 1637 4830 καὶ
1684 4771 1775 4843 εἷς
1822 4776 1889 4842 ἐξ

1997 4778 2271 4834 diabolum
2302 4779 2572 4844 nominat,
2605 4778 2692 4833 his
2726 4777 2947 4833 verbis:
2982 4776 3170 4830 Nonne
3195 4775 3470 4829 duodecim
3494 4791 3582 4828 vos

298 4864 471 4934 ὑμῶν
513 4866 647 4919 ἐστι
680 4865 999 4932 διάϐολος;
1054 4867 1164 4919 Καὶ
1208 4866 1401 4920 τούτου
1456 4867 1622 4922 ἕνεκα
1674 4868 1743 4941 τὰ
1789 4867 1889 4938 τῆς

1997 4870 2139 4941 elegi,
2168 4878 2217 4924 et
2265 4886 2401 4923 unus
2447 4884 2512 4922 ea:
2554 4868 2699 4922 vobis
2745 4867 2986 4921 diabolus
3024 4852 3182 4921 est”?
3211 4866 3383 4937 Cujus
3416 4865 3583 4921 etiam

300 4957 469 5013 αὑτοῦ
504 4959 872 5030 κακοτροπίας
906 4961 935 5013 6
963 4958 1164 5028 Κύριος
1202 4959 1521 5031 ἑρμηνεύων
1555 4960 1739 5030 ἔλεγεν
1759 5000 1774 5027 ,
1806 4962 1888 5016 ὅτι

1997 4963 2065 5016 rei
2102 4974 2267 5015 causa
2311 4959 2576 5015 Dominus
2620 4959 2867 5030 ejusdem
2910 4958 3315 5028 improbitatem
3351 4972 3583 5028 exagge-

302 5050 491 5103 Ὅταν
523 5049 689 5119 λαλῇ
718 5050 785 5103 τὸ
815 5050 1039 5120 ψεῦδος
1058 5091 1073 5115 ,
1109 5051 1178 5105 ἐκ
1218 5051 1336 5104 τῶν
1367 5052 1533 5106 ἰδίων
1555 5052 1770 5107 λαλεῖ·
1812 5053 1887 5116 ὼς

1997 5065 2118 5105 rans
2146 5068 2159 5105 :
2185 5049 2317 5105 Cum
2355 5050 2604 5121 loquitur,
2635 5050 2834 5120 inquit,
2860 5048 3209 5113 mendacium,
3248 5047 3313 5102 de
3350 5048 3582 5116 propriis

299 5142 397 5196 καὶ
445 5141 679 5212 ἀλλαχοῦ
734 5142 796 5195 τὸ
830 5143 1158 5212 Εὐαγγέλιον
1207 5142 1357 5211 λέγει
1380 5158 1392 5171 ·
1436 5144 1568 5197 ’Ὅτι
1619 5145 1887 5212 κλέπτης

1997 5143 2240 5215 loquitur.
2273 5141 2393 5208 Quo
2421 5142 2658 5212 pertinet
2710 5141 2864 5208 illud,
2895 5140 3041 5211 quod
3073 5141 3127 5195 in
3162 5140 3270 5195 alio
3301 5139 3582 5210 Evangelii

298 5230 417 5305 ἦν,
461 5235 559 5288 καὶ
598 5234 669 5288 τὸ
712 5238 1151 5305 γλωσσόκομον
1186 5235 1369 5301 αὐτὸς
1401 5233 1743 5297 ἐϐάσταζεν.
1780 5232 1886 5290 Οὖ-

1997 5235 2109 5289 loco
2135 5233 2398 5305 scriptum
2436 5240 2541 5300 est,
2580 5235 2828 5302 quoniam
2862 5232 2951 5302 {ur
2975 5240 3110 5299 erat,
3141 5241 3189 5286 et
3220 5232 3420 5287 loculos
3455 5247 3583 5299 por-

297 5342 391 5388 τος
414 5321 565 5387 οὖν-ὁ
590 5326 833 5390 διάϐολος
868 5325 1089 5397 κληθεὶς
1127 5326 1325 5389 Ἰούδας
1351 5368 1365 5392 ,
1395 5325 1610 5397 πατέρα
1638 5326 1764 5399 ἔσχε
1795 5328 1886 5381 τὸν

1997 5328 2137 5382 tabat
2160 5328 2226 5383 ¹⁰.
2256 5326 2354 5384 Hic
2382 5326 2549 5399 igitur
2579 5326 2779 5381 diaboli
2813 5327 3112 5399 insignitus
3147 5327 3370 5381 nomine
3408 5324 3580 5380 Judas

3105 5513 3126 5544 ⁸
3158 5502 3291 5558 ibid.
3386 5502 3406 5532 "
3439 5492 3577 5552 ibid.

392 5505 410 5536 ¹
438 5504 597 5581 corr.
639 5505 814 5581 τινός.Δ
851 5573 869 5581 _
896 5508 916 5537 ³
956 5503 1017 5558 F.
1045 5505 1244 5581 πάντῃ.
1309 5575 1347 5581 Α
1430 5502 1488 5559 F.
1528 5505 1561 5576 ἢ
1590 5506 1651 5559 οὐ
1685 5524 1794 5581 μοι.

1997 5522 2092 5564 )rr.
2133 5509 2335 5581 μάτην.
2497 5509 2518 5540 ⁸
2542 5507 2701 5563 Joan.
2738 5523 2856 5573 νηί,
2893 5505 2981 5562 Η.

306 5574 326 5605 ⁸
347 5574 523 5631 Exod.
562 5591 645 5641 ιιι,
672 5576 726 5633 4.
797 5577 818 5609 ⁹
842 5573 1001 5630 Joan.
1030 5591 1105 5641 γι,
1139 5573 1225 5629 71.
1308 5575 1350 5606 ¹⁰
1376 5573 1661 5645 Joan.'xu,
1687 5573 1742 5632 θ.

372 5733 487 5806 (57)
521 5735 632 5790 Τοῦ
656 5752 717 5789 τε
769 5733 936 5792 Ἰάϐε.
966 5734 1072 5789 Pro
1095 5733 1318 5790 Jehora.
