3950 6136
417 293 520 351 687

1842 281 1907 340 ὃ.
1945 281 2290 339 EPIPIIANII

3595 288 3693 350 688

392 408 652 463 ‘Cainum
699 409 907 475 patrem
956 398 1164 466 habuit,
1193 397 1286 470 qui
1321 395 1553 453 Abelum
1581 395 1808 452 fratrem
1856 412 2010 452 men-

2128 398 2255 452 Κάϊν
2279 438 2294 463 ,
2334 396 2423 451 διά
2445 396 2673 470 ψεύδους
2710 398 3070 471 ἀπατήσαντα
3118 400 3210 455 τὸν
3254 400 3487 473 ἀδελφὸν
3537 406 3694 462 αὐτοῦ

421 498 579 553 dacio
609 510 709 551 suo
743 491 1199 562 circumscripsit,
1236 496 1291 544 et
1335 488 1556 544 occidit.
1590 485 1695 553 Qui
1724 487 1889 543 etiam
1920 485 2007 540 in-

420 584 718 657 terroganti
748 583 981 638 Domino
1009 601 1022 637 :
1071 580 1171 634 Ubi
1201 589 1279 655 est
1312 578 1439 632 Abel
1468 578 1635 647 frater
1662 578 1829 632 tuus?
1858 591 2009 631 men-

421 678 557 732 titus
588 673 872 746 respondit
905 690 918 727 :
953 670 1201 725 Νεεεὶοί.
1235 668 1430 724 Merito
1467 668 1651 738 itaque
1689 668 1856 723 etiam
1883 666 2007 731 iste,

421 770 515 839 qui
551 783 740 824 verum
788 765 1068 822 diabolum
1116 762 1364 817 moribus
1396 767 1482 816 est
1509 760 1777 826 imitatus,
1802 759 1922 829 ejus
1947 757 2012 812 li-

421 859 530 914 lius
567 855 782 913 Domini
812 870 908 911 ore
934 853 1345 926 pronuntiatur.
1380 850 1425 904 A
1454 865 1564 920 quo
1598 849 1745 905 enim
1772 849 2011 920 quisque

424 955 718 1019 superatus
765 957 870 1010 est,
907 945 958 1000 ei
995 951 1049 999 et
1079 943 1271 999 servit.
1300 942 1377 996 Ac
1408 955 1511 996 nos
1544 940 1679 995 adeo
1719 939 2009 1010 quodcun-

424 1055 534 1111 que
559 1039 783 1094 demum
812 1035 1108 1107 egerimus,
1145 1048 1241 1089 eos
1275 1038 1460 1103 patres
1489 1030 1837 1095 habebimus,
1871 1044 2013 1100 quo-

426 1146 552 1186 rum
574 1128 821 1199 exempla
847 1126 1045 1182 iisdem
1072 1122 1232 1179 factis
1260 1111 1658 1193 expressimus.
1675 1119 1838 1190 297
1865 1118 2015 1186 Quo-

427 1224 576 1278 circa
605 1221 894 1293 perspicue
916 1217 1028 1288 jam
1072 1216 1165 1270 illa
1208 1213 1429 1269 Domini
1469 1220 1555 1269 est
1584 1211 1865 1267 declarata
1891 1226 2017 1267 sen—

426 1316 633 1371 tentia:
681 1310 779 1367 Vos
824 1311 949 1366 estis
994 1309 1096 1379 ﬁlii
1139 1304 1363 1361 diaboli.
1403 1303 1561 1369 Item,
1596 1302 1732 1358 Cum
1786 1303 2018 1373 loquitur

426 1407 779 1471 mendacium,
812 1419 879 1459 ea:
905 1401 1130 1473 propriis
1161 1400 1412 1470 loquitur,
1434 1396 1679 1468 quoniam
1704 1406 1855 1464 pater
1902 1394 2017 1463 ejus

427 1498 655 1555 mendax
688 1504 786 1552 est.
820 1496 1033 1561 Quibus
1059 1491 1245 1548 verbis
1273 1489 1472 1544 Judam
1509 1494 1562 1542 et
1591 1485 1824 1542 Cainum
1851 1485 2017 1541 intel-

426 1590 565 1661 ligit.
601 1588 735 1644 Illud
762 1601 893 1643 vero
922 1605 936 1640 :
975 1583 1119 1637 Nam
1146 1592 1200 1636 et
1230 1591 1379 1652 pater
1404 1580 1520 1650 ejus
1548 1578 1783 1645 mendax,
1818 1588 1919 1643 est,
1950 1579 2041 1635 ad.

426 1682 702 1737 diabolum
732 1678 1079 1734 referendum
1106 1683 1213 1741 est,
1238 1671 1385 1743 quod
1408 1671 1477 1725 ad
1509 1670 1632 1741 ejus
1658 1670 2019 1725 imitationem

2110 487 2203 541 τὸν
2246 486 2412 541 Ἀϐελ
2437 529 2451 553 ,
2504 489 2599 543 καὶ
2625 488 3045 544 ἀποκτείναντα.
3089 490 3186 554 ⁸ος
3217 492 3312 544 καὶ
3344 492 3696 564 ἐρωτώμενος

2111 577 2217 631 ὑπὸ
2239 578 2334 630 τοῦ
2364 578 2571 649 Κυρίου
2608 595 2623 611 ο
2663 579 2789 633 Ποῦ
2822 578 2997 633 Ἅϐελ
3025 582 3058 634 ὁ
3085 578 3356 651 ἀδελφός
3388 597 3542 647 σου;
3573 582 3695 653 4&0-

2110 672 2333 743 δόμενος
2375 671 2562 741 ἔλεγεν
2587 688 2601 701 ”
2641 673 2762 726 Οὐκ
2801 668 2954 727 οῖδα.
2997 672 3237 738 Εἰκότως
3270 669 3364 728 οὖν
3392 676 3488 729 καὶ
3529 669 3694 740 οὗτος,

2110 762 2202 816 τὸν
2249 761 2410 832 φύσει
2439 762 2688 816 διάϐολον
2719 763 3100 835 μιμησάμενος
3131 767 3245 828 τοῖς
3279 767 3509 837 τρόποις
3534 807 3550 833 ,
3595 768 3699 832 υίὸς

2112 850 2277 919 αύτοῦ
2307 855 2429 907 κατ’
2460 850 2617 917 ἀξίαν
2663 852 3026 924 ἀνηγόρευται
3071 853 3176 907 ὑπὸ
3205 854 3299 908 τοῦ
3328 855 3605 929 Σωτῆρος.
3637 852 3701 930 ᾯ

2114 946 2223 1015 γὰρ
2266 944 2495 1015 ἦττηταί
2540 960 2626 1008 τις
2646 985 2661 1009 ,
2699 943 2877 1015 τούτῳ
2909 945 3003 998 καὶ
3030 944 3374 1001 δεδούλωται.
3414 948 3530 1002 Καὶ
3555 950 3704 1021 ἡμῶν

2113 1036 2171 1089 δὲ
2192 1035 2454 1100 ἕκαστος,
2486 1035 2662 1089 ὁτιοῦν
2692 1034 2759 1089 ἂν
2791 1036 3080 1109 ἐπιτελέσῃ
3103 1080 3117 1103 ,
3144 1038 3274 1102 τοὺς
3297 1038 3462 1093 τοῦτο
3503 1052 3707 1112 προτε-

2114 1125 2402 1189 τελεκότας
2428 1124 2672 1197 πατέρας
2712 1123 2824 1189 ἕξει
2870 1127 3273 1197 μιμησάμενος.
3304 1128 3504 1197 Σαφῶς
3533 1130 3706 1183 τοίνυν

2117 1216 2363 1288 ἐφράσθη
2384 1218 2416 1287 ἡ
2443 1216 2593 1288 παρά
2606 1217 2700 1271 τοῦ
2712 1218 2916 1290 Κυρίου
2934 1218 3184 1289 λεχθεῖσα
3208 1222 3388 1291 ῥῆσις·
3410 1221 3496 1274 ὅτι
3528 1220 3709 1292 Ὑμεῖς

2119 1308 2305 1363 τέκνα
2335 1307 2477 1362 ἐστὲ
2510 1308 2618 1363 τοῦ
2650 1307 2936 1363 διαϐόλου
2962 1326 2976 1339 ·
3010 1310 3105 1363 καὶ
3134 1312 3298 1365 πάλιν
3322 1327 3337 1342 ·
3379 1310 3573 1366 Ὅταν
3607 1316 3708 1367 .la-

2118 1397 2202 1467 λῇ
2227 1397 2294 1452 τὸ
2322 1397 2550 1467 ψεῦδος
2569 1438 2584 1464 ,
2613 1398 2685 1452 ἐκ
2723 1397 2843 1452 τῶν
2890 1397 3057 1453 ίδίων
3081 1388 3288 1454 λαίιεῖ-
3328 1400 3419 1455 ὅτι
3453 1404 3489 1455 ὁ
3517 1400 3711 1472 πατὴρ

2119 1490 2307 1545 αὑτοῦ
2338 1491 2613 1559 ψεύστης
2637 1491 2811 1545 ἐστίν
2832 1508 2846 1523 ο
2878 1492 2965 1545 ἵνα
2990 1492 3117 1563 εῐπῃ
3156 1492 3363 1547 Ἰούδαν
3406 1495 3504 1548 καὶ
3528 1494 3670 1549 Κάῖν
3690 1510 3702 1521 ·

2121 1580 2240 1638 εἶτα
2259 1623 2275 1649 ,
2314 1584 2424 1638 Kal
2445 1584 2571 1655 ’γὰρ
2620 1587 2654 1639 ό
2702 1583 2901 1653 πατὴρ
2945 1584 3133 1639 αὑτοῦ
3188 1586 3468 1654 ψεύστης
3519 1586 3708 1649 ἐστίν.

2123 1673 2213 1730 ίνα
2240 1675 2366 1745 εἴπῃ
2404 1673 2567 1727 αὑτὸν
2594 1673 2685 1728 τὸν
2734 1673 2979 1729 διάϐολον
3000 1714 3016 1739 ,
3045 1674 3135 1728 διὰ
3173 1675 3242 1728 τὰ
3272 1676 3474 1747 ὁμοίως
3503 1693 3711 1746 πεπρα-

429 1774 498 1829 ab
525 1773 634 1828 illis
679 1772 792 1827 sint
832 1777 1145 1841 perpetrata
1180 1767 1464 1821 nonnulla.
1506 1778 1796 1838 siqumem
1828 1779 1925 1835 per
1955 1777 2018 1819 os

2128 1743 2482 1837 γματευμένα
2507 1767 2727 1838 ἑκάστῳ
2752 1765 2978 1822 τούτων.
2998 1743 3342 1838 Ἐμπνεύσας
3366 1769 3479 1840 γὰρ
3508 1770 3569 1824 έν

431 1862 705 1935 serpentis
748 1860 1029 1929 inspirans
1078 1859 1330 1914 diabolus
1381 1858 1516 1912 falsa
1573 1857 1758 1912 omnia
1804 1856 2018 1910 locutus

432 1963 517 2010 est
546 1972 559 2008 :
592 1954 781 2022 sicque
809 1959 940 2005 tunc
982 1951 1148 2005 Evam
1179 1948 1391 2006 fefellit.
1428 1951 1606 2021 Atque
1633 1950 1780 2003 hunc
1817 1948 1871 2001 in
1902 1961 2020 2000 mo-

432 2049 562 2102 dum
591 2055 705 2101 tota
731 2045 799 2100 ab
826 2044 948 2100 istis
981 2042 1217 2098 conﬁcta
1246 2042 1432 2099 fabula
1467 2043 1686 2114 penitus
1717 2039 2013 2097 evanescit.

431 2139 591 2206 Quod
625 2152 753 2192 vero
778 2138 845 2192 de
873 2135 1046 2191 Caino
1083 2133 1370 2206 Scriptura
1414 2142 1670 2200 testatur,
1705 2133 1860 2189 illum
1906 2131 2015 2186 fra-

431 2243 569 2287 trem
616 2229 890 2286 occidisse
943 2244 1124 2292 suum,
1162 2228 1309 2299 quod
1362 2236 1509 2285 esset
1562 2245 1631 2285 ex
1676 2225 1914 2291 diabolo,
1964 2227 2019 2282 id

430 2325 658 2379 omnino
707 2323 1144 2379 demonstratum
1193 2328 1308 2387 est;
1357 2336 1465 2378 non
1521 2338 1589 2379 ex
1639 2319 1843 2377 diaboli
1896 2328 2019 2376 satu

431 2426 756 2487 conceptum
780 2414 848 2469 ab
871 2415 983 2468 Eva
1010 2413 1182 2470 fuisse
1210 2409 1382 2469 fetum
1415 2416 1684 2486 aliquem;
1718 2415 1792 2469 ita
1823 2422 1884 2468 ut
1910 2414 2020 2468 vel-

434 2516 493 2563 ut
521 2507 777 2577 conjugio
810 2503 1048 2575 quodam
1075 2506 1391 2574 congressis
1421 2506 1803 2576 copulatisque
1823 2519 2022 2575 corpo-

434 2602 587 2655 ribus
618 2599 850 2654 Cainum
887 2604 940 2651 et
955 2596 1187 2653 Abelum
1215 2597 1513 2666 pepererit,
1547 2605 1606 2651 ut
1628 2597 1750 2652 istis
1781 2595 2019 2667 placuit;

434 2691 530 2747 sed
566 2689 637 2745 ob
663 2701 877 2742 morum
913 2683 1353 2753 similitudinem,
1391 2701 1818 2757 expressamque
1846 2686 2021 2741 imita-

435 2784 584 2837 tione
611 2780 814 2835 diaboli
844 2778 1145 2849 nequitiam
1182 2776 1353 2831 lilium
1387 2778 1510 2848 ejus
1540 2778 1822 2848 appellari.

505 2868 621 2928 VII.
663 2870 805 2938 Quin
837 2869 971 2926 illud
995 2870 1159 2925 etiam
1187 2869 1257 2924 ab
1291 2869 1415 2924 istis
1435 2869 1721 2933 asseritur,
1750 2867 2020 2922 Adamum

434 2983 499 3021 ex
539 2964 647 3017 Eva
679 2964 912 3034 conjuge
943 2961 1171 3018 Sethum
1214 2976 1533 3033 germanam
1592 2961 1903 3031 suscepisse
1930 2976 2021 3016 so-

2123 1876 2253 1930 ματι
2274 1859 2367 1912 τοῦ
2398 1860 2576 1929 ὄφεως
2597 1899 2613 1923 ,
2656 1859 2827 1933 ψευδῆ
2858 1861 3036 1916 πάντα
3060 1860 3359 1933 λελάληκεν
3384 1863 3414 1915 ό
3442 1863 3710 1928 διάϐολοςσ

2120 1953 2214 2006 καὶ
2246 1951 2418 2016 οὕτως
2446 1953 2565 2006 τότε
2604 1952 2921 2025 ἐξηπάτησε
2956 1954 3058 2027 τὴν
3086 1953 3258 2009 Εὕαν.
3304 1955 3417 2013 Καὶ
3442 1956 3715 2029 ἀνῄρηται

2120 2043 2274 2115 παρά
2312 2044 2522 2109 τούτοις
2552 2046 2585 2115 ἡ
2633 2044 3025 2118 πεπλανημένη
3064 2046 3376 2116 μυθοποιία.
3408 2048 3534 2102 Κᾶν
3569 2048 3714 2117 λέγει

2080 2210 2085 2214 1
2185 2134 2375 2207 Γραφὴ
2398 2175 2412 2199 ,
2440 2135 2517 2199 ὡς
2543 2137 2572 2189 ό
2614 2135 2755 2189 Κάῖν
2783 2138 3074 2191 ἀπέκτεινε
3108 2137 3199 2192 τὸν
3245 2138 3478 2210 ἀδελφὸν
3526 2138 3710 2205 αὐτοῦ,

2119 2226 2202 2279 ὅτι
2243 2226 2309 2278 ἐκ
2357 2226 2451 2280 τοῦ
2500 2226 2746 2281 διαϐόλου
2792 2224 2892 2301 ἦν·
2928 2229 3142 2301 ἐδείχθη
3184 2218 3296 2301 γάρ
3344 2231 3712 2296 παντάπασιν,

2119 2316 2240 2387 οὐχὶ
2269 2316 2357 2371 διὰ
2386 2316 2447 2370 τὸ
2479 2318 2579 2389 τὴν
2607 2317 2751 2371 Εὔαν
2780 2321 2845 2373 ὲκ
2878 2320 2972 2374 τοῦ
3012 2321 3326 2393 σπέρματος
3349 2321 3445 2375 τοῦ
3471 2321 3713 2375 διαϐόλου

2124 2406 2498 2463 συλλαϐοῦσαν
2524 2449 2538 2473 ,
2586 2411 2664 2474 ὡς
2690 2410 2848 2464 -κατά
2896 2409 3159 2481 συζυγίαν
3209 2413 3415 2484 γάμου’
3442 2414 3544 2467 καὶ
3598 2431 3716 2467 συν-

2123 2498 2318 2568 άφειαν
2337 2500 2605 2569 σωμάτων
2617 2503 3005 2573 γεγεννηκέναι
3028 2503 3117 2557 τὸν
3135 2504 3274 2558 Κάῖν
3297 2504 3394 2557 καὶ
3416 2505 3513 2559 τὸν
3534 2503 3713 2571 Ἅϐελ,

2122 2591 2198 2656 ὡς
2228 2590 2438 2655 τούτοις
2468 2591 2644 2657 ἔδοξεν
2670 2609 2684 2624 ο
2741 2595 2878 2649 ἀλλά
2924 2596 3013 2651 διά
3045 2597 3107 2650 τὸ
3142 2598 3447 2669 όμότροπον
3479 2600 3578 2655 καὶ
3635 2600 3718 2671 μί-

2126 2700 2283 2755 μημα
2334 2683 2433 2754 τῆς
2488 2682 2584 2737 τοῦ
2641 2685 2890 2741 διαϐόλου
2955 2688 3328 2760 κακοτροπίας
3388 2691 3506 2757 υἱὸς
3558 2689 3716 2746 αὑτοῦ

2124 2773 2348 2844 ἤκουσε.

2183 2861 2254 2918 Z'.
2272 2865 2438 2919 Πάλιν
2455 2866 2510 2920 δὲ
2528 2865 2773 2936 λέγουσιν
2793 2869 2841 2921 oi
2860 2868 3033 2934 αὐτοὶ,
3050 2870 3143 2924 τὸν
3159 2871 3351 2943 Ἀδὰμ,
3380 2873 3720 2944 συναφθέντα

2125 2958 2191 3026 τῇ
2224 2955 2337 3028 Εῦᾳ
2362 2960 2427 3029 τῇ
2458 2958 2564 3030 ἰδίᾳ
2591 2962 2827 3031 γαμετῇ,
2861 2961 3249 3032 γεγεννηκέναι
3271 2962 3364 3015 τὸν
3395 2962 3529 3035 Σὴθ,
3565 2964 3721 3033 φύσει

436 3056 637 3111 bolem.
672 3053 812 3108 Tum
845 3067 977 3108 vero
1004 3066 1317 3121 supremam
1348 3050 1495 3104 illam
1529 3051 1793 3105 virtutem
1830 3049 2012 3106 ferunt

2134 3046 2265 3101 ίδιον
2298 3049 2461 3102 αὐτοῦ
2498 3051 2633 3104 υίόν.
2664 3053 2776 3105 Καὶ
2797 3052 2918 3107 τότε
2941 3053 3074 3122 φασὶ
3101 3053 3198 3124 τὴν
3223 3054 3337 3109 ἀνω
3365 3054 3600 3127 δύναμιν
3629 3057 3722 3109 σὺν

436 3166 563 3206 cum
624 3145 967 3202 administris
1034 3142 1129 3199 Dei
1192 3143 1436 3199 melioris
1486 3143 1695 3214 angelis
1742 3143 2022 3213 delapsam

439 3241 665 3296 Sethum
698 3239 875 3309 ipsum
904 3235 1180 3307 rapuisse,
1199 3250 1362 3306 quem
1385 3241 1440 3290 et
1456 3234 1741 3305 ἀλλογενῆ,
1794 3234 1899 3288 hoc
1941 3242 2027 3288 est

439 3333 792 3403 alienigenam
820 3335 1039 3385 vocant.
1078 3325 1251 3394 Quem
1298 3341 1424 3383 eum
1460 3343 1682 3383 sursum
1715 3326 1950 3396 aliquem
1973 3327 2025 3380 in

440 3426 620 3480 locum
652 3421 991 3484 sustulisset,
1041 3434 1106 3474 ac
1136 3419 1400 3475 diuturno
1457 3426 1723 3487 tempore,
1767 3434 1837 3473 ne
1887 3418 2028 3473 forte

441 3514 860 3579 interﬁceretur,
896 3512 1145 3580 aluisset,
1174 3512 1336 3582 longo
1375 3510 1594 3566 demum
1642 3509 1933 3565 intervallo
1969 3510 2023 3565 in

442 3610 589 3665 hunc
615 3609 805 3664 orbem
857 3606 1147 3673 intulisse,
1190 3606 1467 3678 simulque
1525 3615 1581 3661 et
1625 3606 1929 3676 spiritalem
1976 3612 2031 3661 et

442 3719 769 3774 corporeum
829 3701 1177 3765 reddidisse,
1239 3715 1307 3756 ne
1370 3712 1401 3753 a
1442 3698 1655 3765 Caino,
1685 3699 1771 3754 vel
1814 3700 2029 3754 caeteris

439 3797 757 3852 Conditoris
811 3794 1003 3851 mundi
1070 3793 1438 3866 potestatibus
1507 3808 1572 3848 ac
1633 3793 2031 3864 principatibus

364 3956 371 3967 \
443 3888 862 3958 opprimeretur.
924 3885 1203 3947 Eumdem
1256 3901 1424 3957 porro
1470 3883 1790 3942 Creatorem
1868 3895 2032 3954 atque

444 3979 705 4050 Opiﬁcem
740 3979 973 4036 desiisse
1002 3980 1273 4044 venerari,
1302 3987 1356 4035 et
1394 3979 1543 4033 illam
1580 3977 1873 4050 agnovisse
1905 3975 2032 4029 Vir-

446 4075 640 4134 tutem,
672 4083 794 4138 quae
815 4069 966 4122 nullo
995 4066 1390 4136 comprehendi
1419 4067 1643 4122 nomine
1670 4073 1851 4135 potest
1878 4080 1892 4117 :
1929 4079 2033 4119 nec

445 4173 557 4213 non
586 4159 850 4215 adversus
887 4166 1168 4214 auctorem
1188 4158 1398 4222 mundi,
1419 4157 1650 4227 ejusque
1681 4158 2031 4228 principatus

445 4254 502 4299 et
540 4252 841 4314 potestates
873 4246 1141 4315 pleraque
1161 4244 1455 4300 detexisse.
1493 4243 1633 4297 Hinc
1663 4244 1829 4300 etiam
1860 4246 2032 4301 libros

450 4337 659 4406 aliquot
700 4336 989 4391 ediderunt
1046 4335 1199 4392 Setbi
1253 4336 1477 4391 nomine
1535 4336 1855 4406 inscriptos,
1892 4353 2033 4407 quos

2130 3143 2243 3204 τοῖς
2277 3142 2413 3195 ὑπου
2424 3145 2572 3212 ργοίς
2605 3143 2697 3223 τοῦ
2728 3144 2935 3213 ἀγαθοῦ
2964 3145 3099 3199 Θεοῦ
3128 3147 3383 3216 ἀγγέλοις
3418 3148 3722 3219 καταϐεϐη-

2130 3230 2305 3296 κέναι,
2333 3233 2429 3285 καὶ
2455 3233 2763 3304 ήρπακέναι
2797 3236 2961 3290 αὐτὸν
2982 3237 3075 3289 τὸν
3095 3238 3225 3309 Σὴθ,
3249 3237 3309 3293 ὃν
3336 3240 3432 3293 καὶ
3455 3238 3721 3308 ἀλλογενῆ

2132 3323 2373 3378 καλοῦσι.
2417 3326 2528 3378 Καὶ
2559 3328 2939 3398 ἀνενηνοχεναι
2975 3329 3087 3383 ἀνω
3127 3347 3250 3397 που,
3294 3332 3389 3384 καὶ
3419 3330 3725 3403 ἀναθρέψαι

2132 3416 2308 3486 χρόνῳ
2352 3416 2539 3487 ἱκανῷ,
2576 3418 2662 3472 ἵνα
2698 3419 2772 3490 μὴ
2822 3420 3169 3492 ἀποκτανθῇ·
3211 3420 3308 3476 καὶ
3352 3422 3493 3492 μετά
3536 3424 3726 3495 χρόνον

2134 3505 2303 3560 πολὺν
2327 3509 2747 3580 κατενηνοχέναι
2771 3512 2850 3574 είς
2880 3511 3029 3564 τόνδε
3060 3515 3152 3566 τὶν
3173 3512 3399 3583 κόσμον,
3439 3517 3538 3570 καὶ.
3566 3534 3725 3570 πνευ-

2137 3597 2366 3667 ματικὸν
2410 3600 2831 3672 ἀπεργάσασθαι
2880 3603 3066 3669 αὑτὸν,
3115 3604 3209 3657 καὶ⁵
3253 3607 3593 3676 σωματικὸν,
3647 3610 3726 3671 εἰς

2083 3689 2094 3699 ’
2131 3688 2192 3743 τὸ
2221 3689 2294 3760 μὴ
2326 3692 2641 3762 κατισχύειν
2670 3693 2760 3746 τόν
2803 3711 2863 3747 τε
2891 3696 3011 3748 κατ’
3040 3695 3205 3748 αὐτοῦ
3229 3697 3273 3761 ³,
3300 3698 3398 3750 καὶ
3428 3696 3530 3762 τὰς
3563 3699 3727 3762 ἀλλας

2133 3779 2402 3851 ἐξουσίας,
2450 3783 2543 3835 καὶ
2584 3783 2760 3855 ἀρχὰς
2806 3783 2901 3838 τοῦ
2941 3787 3275 3857 κοσμοποιοῦ
3300 3787 3463 3844 Θεοῦ.
3511 3789 3726 3861 Μηκέτι

2132 3874 2189 3928 δὲ
2222 3875 2385 3930 αὐτόν
2430 3892 2561 3945 φασι
2590 3875 3011 3949 λελατρευκέναι
3045 3879 3123 3950 τῷ
3154 3880 3365 3953 Ποιητῇ
3400 3898 3462 3934 τε
3499 3883 3596 3936 καὶ
3627 3885 3729 3953 Δη-

2136 3985 2258 4039 μιου
2268 3968 2400 4040 ργῷ,
2428 3970 2799 4039 ἐπεγνωκέναι
2820 3971 2876 4024 δὲ
2899 3971 2997 4043 τὴν
3018 3972 3463 4043 ἀκατονόμαστον
3477 3974 3729 4046 δύναμιν,

2136 4061 2230 4113 καὶ
2262 4059 2354 4113 τὸν
2379 4060 2491 4114 ἄνω
2520 4060 2724 4130 ἀγαθὸν
2755 4062 2919 4116 Θεόν·
2968 4063 3128 4117 τοῦτο
3151 4064 3595 4136 λελατρευκέναι,
3636 4067 3729 4121 καὶ

2134 4152 2278 4206 κατά
2307 4152 2400 4206 τοῦ
2435 4154 2659 4225 ποιητοῦ
2687 4154 2779 4208 τοῦ
2810 4156 3038 4227 κόσμου,
3069 4157 3164 4211 καὶ
3191 4158 3400 4230 ἀρχῶν,
3442 4160 3543 4214 καὶ
3575 4160 3729 4226 ἐξου-

2135 4244 2267 4299 σιῶν
2293 4246 2466 4301 πολλά
2490 4247 2990 4319 ἀποκεκαλυφέναι.
3031 4242 3102 4321 ᾯ
3117 4250 3183 4321 δὴ
3214 4252 3311 4304 καὶ
3341 4250 3561 4321 βίϐλους
3580 4252 3731 4316 τινὰς

2135 4337 2482 4403 ὲξετύπωσαν
2524 4340 2605 4403 είς
2632 4340 2805 4410 ὄνομα
2832 4339 2998 4393 αὐτοῦ
3038 4339 3132 4394 τοῦ
3164 4341 3274 4412 Σὴθ
3304 4343 3730 4415 γεγραμμένας,

448 4427 521 4483 ab
557 4441 624 4482 co
659 4427 889 4483 traditos
911 4441 977 4482 ac
1008 4426 1232 4482 relictos
1264 4424 1556 4481 atIirmant.
1575 4427 1708 4480 item
1738 4428 1874 4483 alios
1904 4443 2023 4483 cum

2139 4433 2267 4503 παρ’
2298 4430 2463 4485 αὑτοῦ
2506 4431 2675 4496 αὐτὰς
2704 4432 2951 4487 δεδόσθαι
2991 4433 3262 4502 λέγοντες.
3318 4434 3523 4499 ’Δλλας
3554 4435 3611 4489 δὲ
3651 4435 3731 4497 είς

451 4517 632 4583 illius,
680 4523 795 4571 tum
833 4523 1041 4587 septem
1077 4514 1199 4586 ejus
1240 4513 1542 4569 liberorum
1602 4514 1845 4570 neruine.
1879 4515 2034 4571 'l‘oti-

346 4662 353 4667 .
449 4612 575 4667 dem
609 4609 754 4666 enim
806 4608 875 4664 ab
936 4622 1003 4664 eo
1051 4614 1370 4679 procreatos
1421 4606 1648 4672 volunt,
1698 4621 1835 4677 quos
1878 4606 2038 4661 ἀλλο-

448 4702 628 4770 γενεῖς
701 4701 1010 4768 nominant,
1052 4708 1111 4756 ut
1143 4699 1201 4755 in
1231 4698 1354 4755 aliis
1396 4696 1700 4777 haeresibus
1731 4741 1747 4767 ,
1809 4698 2033 4755 Gnosti-

448 4809 645 4852 corum
725 4794 972 4859 scilicet,
1050 4807 1116 4848 ac
1166 4791 1598 4858 Sethianorum,
1664 4793 2033 4849 ostendimus.

448 4887 723 4943 Caeterum
748 4885 837 4942 isti
863 4885 1156 4956 prophetas
1181 4884 1325 4940 alios
1372 4893 1838 4949 commemorant;
1886 4883 2035 4939 Mar-

449 4977 651 5032 tiadem
668 4978 857 5034 neseio
883 4990 1071 5047 quem,
1090 4984 1146 5031 et
1178 4973 1536 5039 Marsianum,
1580 4992 1722 5049 quos
1754 4978 1809 5031 in
1831 4978 2032 5033 caelum

450 5076 643 5138 raptos
671 5068 836 5123 tertio
877 5066 967 5123 die
1023 5066 1380 5123 descendisse
1439 5067 1670 5140 lingunt.
1728 5068 1952 5124 Addunt
1981 5078 2034 5124 et

454 5161 592 5216 alias
622 5161 914 5230 plerasque
955 5159 1363 5215 commentitias
1394 5174 1459 5215 ac
1492 5160 1759 5216 ridiculas
1793 5159 2032 5229 fabulas,

450 5260 508 5310 et
542 5253 598 5307 in
626 5267 817 5307 verum
866 5260 1030 5322 atque
1059 5251 1486 5320 omnipotentem
1521 5251 1690 5322 298
1727 5250 1897 5309 Deum
1927 5253 2034 5307 Pa-

452 5355 593 5402 trem
645 5342 860 5398 Do'mini
914 5343 1089 5400 nostri
1151 5342 1282 5401 Jesu
1362 5342 1570 5400 Christi
1633 5347 2035 5403 contumeliose

456 5439 630 5493 multa
680 5436 959 5507 jactitant.
997 5434 1309 5507 Principem
1372 5435 1544 5503 hunc,
1584 5443 1641 5492 et
1689 5436 2031 5494 inventorem

454 5530 637 5585 omnis
670 5544 793 5586 esse
829 5528 1108 5600 nequitiae,
1160 5536 1220 5585 ut
1263 5529 1350 5586 vel
1381 5530 1502 5600 ipsa
1552 5543 1654 5587 sua
1683 5529 2031 5591 confessione

455 5618 792 5690 iugulentur.

532 5729 552 5762 ί
585 5728 720 5787 Gen.
747 5748 821 5799 IV,
851 5733 902 5789 9.
978 5736 997 5765 ¹
1021 5730 1079 5785 F.
1114 5732 1272 5788 Κάῐν.

2139 4519 2310 4596 ὄνομα
2337 4525 2523 4589 αὐτοῦ,
2562 4525 2658 4579 καὶ
2698 4524 2808 4580 τῶν
2838 4525 2980 4580 ἑπτὰ
3015 4524 3147 4579 υἱῶν
3194 4525 3382 4580 αὐτοῦ.
3443 4527 3585 4581 Φασὶ
3623 4524 3731 4599 γὰρ

2140 4604 2302 4668 αὐτὸν
2362 4615 2748 4686 γεγεννηκέναι
2802 4617 2942 4671 ὲπτά
2988 4617 3295 4688 ἁλλογενεῖς
3339 4618 3730 4690 καλουμένους,

2139 4705 2215 4770 ὡς
2266 4706 2359 4760 καὶ
2397 4708 2454 4759 ἐν
2480 4706 2669 4771 ἄλλαις
2717 4708 2996 4778 αἱρέσεσιν
3036 4710 3363 4780 εἰρήκαμεν,
3409 4710 3731 4764 Γνωστικῶν

2143 4816 2286 4870 φημι
2314 4800 2409 4853 καὶ
2438 4798 2740 4872 Σηθιανῶν.
2797 4795 2955 4854 Οὗτοι
2984 4799 3041 4853 δὲ
3086 4801 3180 4855 καὶ
3210 4801 3405 4865 ἀλλους
3444 4803 3731 4873 προφήτας

2144 4891 2307 4960 φασὶν
2336 4889 2497 4958 εἶναι,
2529 4891 2851 4965 Μαρτιάδην
2885 4894 3028 4956 τινὰ,
3058 4892 3153 4946 καὶ
3182 4892 3522 4964 Μαρσιανδν,
3555 4894 3730 4963 ἁρπα-

2142 4983 2339 5051 γέντας
2362 4984 2442 5047 είς
2467 4983 2594 5046 τοὺς
2609 4978 2892 5055 οὐρανοὺς,
2910 4984 3005 5038 καὶ
3026 4984 3113 5038 διὰ
3131 4982 3355 5055 ἡμερῶν
3370 4985 3543 5055 τριῶν
3560 5000 3727 5038 κατα-

2144 5073 2465 5145 ϐεϐηκότας.
2518 5074 2629 5128 Καὶ
2664 5073 2836 5129 πολλά
2872 5078 3019 5128 ἐστιν
3061 5076 3097 5130 ἂ
3145 5075 3569 5146 μυθοποιοῦντες
3604 5082 3729 5132 πλει-

2147 5166 2287 5230 στῶς
2334 5165 2629 5220 ὲκτυποῦσι
2663 5166 2963 5240 βλάσφημά
2999 5186 3059 5221 τε
3109 5169 3436 5234 πλάττοντες
3470 5169 3612 5224 κατά
3634 5167 3729 5222 τοῦ

2143 5258 2295 5322 ὄντος
2322 5258 2456 5312 Θεοῦ
2486 5261 2945 5333 παντοκράτορος,
2977 5261 3190 5334 Πατρὸς
3214 5260 3306 5315 τοῦ
3336 5263 3547 5336 Κυρίου
3575 5261 3733 5335 ἡμῶν

2158 5348 2331 5422 Ἰησοῦ
2379 5349 2637 5423 Χριστοῦ,
2687 5353 2763 5417 ὡς
2806 5353 3066 5424 ἄρχοντος
3101 5354 3274 5421 ὄντος,
3324 5355 3420 5410 καὶ
3468 5355 3735 5426 πονηρίας

2145 5440 2389 5514 εὑρετοῦ,
2432 5441 2506 5507 ὡς
2535 5443 2631 5496 ἀπ’
2660 5443 2840 5499 αὐτῶν
2881 5442 2991 5498 τῶν
3024 5448 3153 5516 παρ’
3191 5446 3377 5510 αὐτοῖς
3409 5444 3585 5516 λόγων
3616 5440 3729 5500 ἀλί-

2147 5550 2382 5589 σκονται.
