3960 6166
309 367 413 426 689

1020 372 1390 433 ADVERSUS
1423 367 1766 429 H/ERESES
1803 365 1891 424 LII

2002 411 2010 426 .
2042 366 2207 429 TOM.
2248 369 2336 429 111.
2373 404 2443 415 -
2478 372 2755 433 ΗΕΒΕΒ.
2794 373 2907 432 XL.

3483 372 3591 431 690

388 491 452 547 El
478 492 587 566 γὰρ
612 493 869 566 πονηρῶν
898 495 1045 550 ἐστιν
1065 493 1295 567 εὑρετὴς
1320 480 1417 549 καὶ
1438 491 1752 556 κακοποιὸς,
1784 489 1891 553 πῶς

2075 492 2212 551 Nam
2261 495 2308 552 si
2337 495 2606 551 malarum
2654 493 2909 552 inventor
2949 495 2997 552 is
3042 509 3106 553 ac
3157 494 3439 552 maleﬁcus
3478 502 3586 556 est,

315 587 478 652 εὐθὺς
532 588 634 644 οὐκ
673 588 877 658 ἀγαθὸς
932 589 1205 663 εὑρεθείη,
1256 589 1332 654 ὡς
1355 588 1449 644 καὶ
1481 589 1538 641 ἐν
1566 588 1686 650 ταῖς
1709 586 1897 648 ἄλλαις

312 680 588 751 αἱρέσεσιν
620 681 873 751 εἴπαμεν,
900 681 1044 735 κατά
1072 681 1353 753 πορνείας,
1385 680 1480 734 καὶ
1513 678 1780 752 μοιχείας,
1804 677 1899 731 καὶ

310 772 595 845 ἁρπαγῆς,
643 772 739 827 καὶ
791 772 1106 838 πλεονεξίας
1161 774 1561 845 νομοθετήσας;
1618 770 1751 825 Θεὸν
1788 769 1900 840 γὰρ

310 863 472 917 αὐτὸν
511 862 622 916 τῶν
665 862 935 918 Ἰουδαίων
977 863 1072 918 καὶ
1118 864 1274 918 αὑτοὶ
1313 863 1552 933 λέγουσι.
1605 863 1731 927 Τοῖς
1771 863 1901 915 Ἰου-

311 954 484 1020 δαίοις
516 954 574 1009 δὲ
605 955 697 1011 τὸν
733 957 896 1028 νόμον
936 955 1157 1025 ἔδωκεν,
1196 958 1255 1011 ὲν
1278 948 1323 1025 ᾧ
1362 957 1539 1012 πάντα
1577 955 1750 1010 ταῦτα
1790 955 1900 1009 ἀπ-

312 1047 634 1119 ηγόρευσεν,
658 1041 735 1103 ὧν
768 1048 996 1120 εὑρετὴν
1028 1049 1191 1104 αὑτὸν
1216 1048 1467 1118 λέγουσιν
1494 1045 1653 1103 εῖναι.
1688 1047 1816 1113 Πῶς
1842 1047 1902 1102 δὲ

314 1138 497 1212 πατὴρ
524 1140 619 1194 τοῦ
639 1141 855 1195 Σατανᾶ
886 1140 1132 1213 κληθείη,
1165 1143 1193 1196 6
1222 1143 1345 1196 κατ’
1374 1140 1539 1195 αὑτοῦ
1567 1140 1637 1195 τὰ
1665 1138 1903 1195 τοσαῦτα

314 1231 605 1297 ὑποδείξας
634 1232 730 1287 καὶ
763 1233 813 1287 εί
844 1233 1120 1307 ἀλλότριος
1155 1236 1272 1288 ἐστι
1302 1232 1395 1288 τοῦ
1427 1232 1538 1288 ἀνω
1568 1233 1697 1305 παρ’
1719 1233 1903 1298 αὐτοῖς

315 1322 610 1392 λεγομένου
631 1322 788 1390 Θεοῦ,
820 1324 913 1378 καὶ
940 1324 1041 1379 οὐκ
1065 1323 1227 1389 αὐτός
1258 1325 1408 1379 ἐστιν
1436 1324 1466 1377 6
1488 1322 1620 1388 Θεὸς
1645 1323 1674 1375 6
1704 1338 1902 1376 παντο·

315 1415 559 1488 κράτωρ,
594 1416 623 1469 6
656 1415 909 1487 βασιλεὺς
935 1417 1031 1493 καλτ
1053 1415 1258 1489 Κύριος
1280 1417 1441 1488 ἡμῶν
1484 1414 1726 1489 [Ἰησοῦς
1760 1414 1902 1486 Χρι-

316 1505 496 1579 στὸς],
528 1506 640 1598 ὀαὲν
673 1506 844 1578 νόμῳ,
888 1506 982 1561 καὶ
1021 1508 1081 1561 ὲν
1109 1505 1487 1575 Εὐαγγελίοις,
1532 1504 1629 1558 καὶ
1671 1505 1728 1558 ὲν
1764 1521 1902 1577 προο

2007 601 2197 646 nonne
2225 589 2406 646 bonus
2447 590 2535 647 vel
2560 605 2627 646 eo
2658 591 2780 661 ipso
2828 588 3274 660 comprobabitur
3298 628 3314 653 ,
3351 595 3414 643 ut
3462 587 3588 642 aliis

2005 678 2314 735 baresibus
2348 678 2679 749 objecimus,
2713 678 2860 750 quod
2892 685 3083 734 contra
3117 686 3330 748 stupra,
3371 675 3588 731 adulte-

2005 770 2109 835 ria,
2128 771 2357 841 rapinas
2381 785 2446 825 ac
2475 769 2809 842 cupiditates
2822 752 2881 826 et
2902 769 3137 841 injurias
3158 769 3378 825 decreta
3415 769 3587 823 multa

2009 862 2362 919 condiderit?
2387 861 2522 918 Nam
2557 862 2872 918 Iudaeorum
2912 862 3065 917 illum
3101 877 3223 918 esse
3251 861 3422 917 Deum
3450 875 3590 914 con-

2010 955 2257 1013 ﬁtentur.
2280 954 2487 1012 Judaeis
2520 970 2686 1026 porro
2729 954 2905 1025 legem
2950 954 3101 1009 illam
3133 954 3281 1021 tulit,
3314 967 3423 1024 qua
3456 960 3587 1007 sunt

2006 1062 2069 1104 ea
2094 1048 2281 1104 omnia
2305 1049 2604 1119 prohibita,
2631 1064 2863 1121 quorum
2917 1049 3171 1105 inventor
3197 1047 3265 1104 ab
3289 1046 3398 1102 illis
3438 1059 3593 1099 asse-

2015 1139 2182 1195 ritur.
2231 1139 2446 1198 Satanae
2501 1160 2634 1202 vero
2688 1126 2862 1218 pater
2890 1144 2985 1216 qui
3030 1142 3249 1199 demum
3322 1136 3589 1211 appellari

2009 1241 2210 1302 potest,
2231 1235 2325 1305 qui
2352 1245 2464 1292 tam
2493 1238 2666 1293 multa
2694 1238 2960 1293 adversus
2993 1236 3148 1291 illum
3175 1232 3429 1297 ediderit,
3447 1230 3493 1285 si
3517 1228 3587 1283 ab

2011 1323 2107 1380 illo
2168 1340 2408 1394 summo,
2464 1343 2628 1399 quem
2678 1327 2850 1385 Deum
2885 1328 3195 1391 nominant,
3230 1323 3442 1379 alienus
3466 1326 3585 1385 est;

2008 1431 2111 1473 nec
2146 1418 2293 1474 idem
2323 1427 2407 1475 est
2429 1408 2777 1494 omnipotens
2812 1422 2904 1478 ille
2934 1421 3101 1486 Deus,
3159 1434 3259 1474 rex
3305 1423 3361 1472 et
3395 1411 3587 1468 Domi—

2006 1523 2115 1565 nus
2151 1519 2358 1576 noster,
2381 1512 2473 1582 qui
2508 1513 2562 1567 in
2604 1514 2738 1586 lege,
2764 1521 2820 1570 et
2852 1511 3161 1584 Evangeliis
3189 1523 3254 1564 ac
3278 1505 3584 1578 prophetis.

312 1599 532 1670 φήταις,
561 1594 657 1652 καὶ
687 1599 1003 1663 ἀποστόλοις
1028 1599 1194 1664 αὐτὸς
1212 1598 1356 1666 Θεὸς
1371 1599 1605 1668 Κύριος,
1619 1597 1825 1668 Πατὴρ
1836 1594 1891 1650 δὲ

2005 1609 2063 1655 et
2093 1602 2163 1657 ab
2189 1605 2455 1674 apostolis
2471 1607 2799 1672 celebratur,
2820 1605 3073 1660 Dominus
3136 1602 3294 1666 Deus,
3334 1616 3397 1653 ac
3421 1599 3588 1653 Pater

321 1690 654 1761 τοῦΚυρίου
668 1690 840 1760 ἡμῶν
873 1691 1076 1760 Ἰησοῦ
1086 1691 1368 1761 Χριστυῦ;
1382 1691 1458 1755 ὡς
1479 1691 1640 1757 αὑτὸς
1663 1690 1903 1746 διδάσκει

312 1785 500 1855 σαφῶς
527 1785 676 1857 ἡμᾶς
714 1787 742 1839 ὀ
771 1783 977 1857 Κύριος
1006 1786 1063 1839 ὲν
1092 1784 1433 1855 Εὑαγγελίῳ,
1462 1785 1664 1854 λέγων⁹
1706 1787 1903 1854 Εὐχα-

304 1875 494 1945 ριστῶ
531 1893 652 1942 σοι,
698 1875 886 1945 Πάτερ
951 1877 1126 1945 Κύριε
1168 1874 1442 1945 οὐρανῶν
1478 1876 1575 1930 καί
1610 1875 1756 1947 γῆς·
1813 1876 1901 1930 ἵνα

306 1966 459 2040 δείξῃ
485 1967 575 2021 τὸν
604 1967 770 2022 αὑτοῦ
798 1968 1021 2040 Πατέρα
1054 1967 1186 2022 Θεὸν
1217 1968 1312 2022 τὸν
1341 1968 1578 2022 πάντων.

378 2059 461 2112 Η’.
491 2059 602 2113 Καὶ
639 2059 771 2132 περὶ⁵
799 2059 1009 2132 νεκρῶν
1039 2059 1389 2124 ἀναστάσεως
1432 2060 1748 2130 ὑποφαίνων
1778 2058 1898 2113 ἐσε-

310 2150 457 2215 σθαι,
502 2150 662 2206 πάλιν
710 2150 878 2223 φησι⁴
923 2152 1163 2207 Λύσατε
1205 2153 1311 2206 τὸν
1342 2150 1494 2206 ναὸν
1525 2151 1761 2217 τοῦτον,
1797 2150 1897 2204 καὶ

306 2244 379 2298 ἐν
404 2244 604 2313 τρισὶν
638 2243 888 2314 ἡμέραις
930 2242 1112 2316 ἐγερῶ
1146 2244 1352 2299 αὐτόν.
1404 2242 1552 2298 Ναὸν
1580 2243 1637 2297 δὲ
1662 2243 1811 2312 ἔλεγε
1837 2242 1898 2296 τὸ

308 2335 441 2390 ἴδιον
493 2335 671 2407 σῶμα,
707 2335 963 2407 λυόμενον
1024 2336 1124 2406 μὲν
1171 2334 1261 2389 διὰ
1314 2335 1518 2407 χειρῶν
1568 2333 1894 2406 ἀνθρώπων,

305 2427 585 2482 τουτέστιν
615 2428 1093 2501 ἀποκτεινόμενον.
1135 2427 1208 2480 Τὸ
1234 2426 1291 2480 δὲ
1332 2426 1408 2498 μὴ
1444 2425 1503 2480 ὃν
1548 2426 1727 2497 σῶμα,
1757 2425 1911 2480 una

306 2520 525 2593 δοκήσει
554 2520 899 2592 φαινόμενον,
928 2520 1005 2585 ὡς
1032 2513 1177 2575 οὗτοι
1211 2518 1373 2574 πάλιν
1398 2518 1674 2588 λέγουσιν,
1700 2520 1802 2573 οὐκ
1826 2518 1893 2575 ἂν

305 2612 537 2684 ἠδύνατο
569 2615 649 2677 είς
677 2615 865 2686 χεῖρας
905 2612 1181 2685 ἔρχεσθαι,
1211 2610 1519 2684 ἐγείρεσθαί
1548 2628 1609 2666 τε
1638 2613 1703 2683 τῇ
1732 2611 1893 2685 τρίτῃ

302 2707 511 2779 ἡμέρᾳ,
542 2692 728 2770 ’καθὼς
764 2706 1146 2777 ἐπηγγείλατο.
1183 2705 1467 2782 ,Δέδεικται
1489 2705 1667 2759 τοίνυν
1703 2706 1893 2775 σαφῶς

302 2797 392 2853 δια
422 2800 523 2869 τῆς
549 2798 807 2869 τοιαύτης
835 2798 1148 2869 οἰκονομίας
1178 2798 1570 2871 ἀναντίρῤητος
1594 2800 1627 2869 ἡ
1664 2797 1774 2851 τῶν
1802 2815 1891 2850 νε-

302 2887 452 2961 κρῶν
470 2889 765 2954 ἀνάστασις
784 2904 797 2917 ·
835 2889 930 2943 καὶ
959 2888 1084 2943 οὔτε
1120 2889 1278 2960 χρεία
1318 2890 1467 2943 ἐστὶν
1501 2889 1796 2959 ἀπολογίας
1821 2893 1889 2961 τῇ

300 2983 474 3054 ψυχῇ,
527 2983 614 3038 ἵνα
653 2981 864 3055 λαλήσῃ
907 2980 1046 3051 πρὸς
1087 2980 1327 3052 ἑκάστην
1373 2979 1622 3046 ἐξουσίαν
1646 2998 1659 3012 °
1717 2980 1889 3034 πλάτ-

301 3091 485 3128 τονται
511 3076 620 3146 γὰρ
641 3067 786 3131 οὗτοι
811 3076 906 3130 καὶ
928 3076 1107 3141 τοῦτο,
1134 3076 1210 3141 ὡς
1231 3075 1478 3147 εἴρηται·
1515 3072 1650 3130 ἀλλὰ
1675 3072 1764 3127 διὰ
1790 3072 1890 3141 τῆς

2016 1694 2235 1752 Domini
2267 1698 2438 1753 nostri
2483 1696 2614 1754 Iesu
2644 1697 2921 1755 Christi‘?
2948 1708 3007 1753 ut
3046 1697 3189 1752 idem
3229 1702 3414 1765 aperte
3434 1690 3588 1747 Chri-

2007 1797 2128 1845 stus
2149 1789 2204 1843 in
2237 1787 2531 1860 Evangelio
2559 1796 2795 1845 testatur
2819 1789 2907 1844 his
2932 1787 3151 1844 verbis:
3177 1784 3444 1853 Conﬁteor
3468 1782 3584 1846 tibi,

2003 1879 2171 1935 Pater
2212 1878 2439 1935 Domine
2463 1880 2578 1934 caeli
2604 1896 2667 1934 ac
2698 1880 2913 1943 terrw',
2948 1877 3149 1948 quibus
3181 1875 3395 1930 Patrem
3425 1887 3587 1929 suum

2004 1971 2391 2027 universorum
2423 1970 2593 2026 Deum
2617 1985 2740 2027 esse
2777 1968 3072 2041 signiﬁcat.

2076 2060 2211 2117 Vlll.
2261 2060 2604 2117 Mortuorum
2664 2075 2794 2117 vero
2856 2058 3322 2115 resurrectionem
3399 2060 3590 2126 aperte

2001 2154 2245 2211 futuram
2274 2156 2585 2223 denuntiat,
2628 2169 2754 2210 cum
2782 2154 2858 2208 ita
2886 2152 3131 2224 loquitur
3156 2170 3170 2206 :
3201 2149 3399 2206 Solvite
3452 2156 3587 2202 tem-

2000 2249 2149 2320 plum
2182 2249 2298 2315 hoc,
2329 2257 2380 2304 et
2420 2248 2474 2302 in
2506 2246 2676 2301 tribus
2706 2246 2889 2301 diebus
2915 2244 3158 2299 excitabo
3190 2242 3325 2297 illud
3349 2242 3391 2297 ³.
3420 2241 3587 2297 Tem-

1998 2343 2149 2414 plum
2178 2342 2325 2397 enim
2364 2355 2568 2411 corpus
2624 2353 2784 2395 suum
2836 2336 3088 2401 vocabat,
3121 2335 3267 2406 quod
3295 2334 3583 2388 hominum

1999 2434 2254 2491 manibus
2287 2432 2660 2497 evertebatur,
2692 2430 2799 2484 hoc
2825 2437 2911 2485 est
2965 2425 3417 2482 interﬁciebatur.
3445 2423 3584 2478 Nam

1997 2528 2144 2599 quod
2177 2542 2367 2583 verum
2403 2540 2607 2595 corpus
2635 2539 2745 2579 non
2763 2529 2932 2588 esset,
2960 2521 3057 2577 sed
3093 2521 3278 2591 specie
3310 2519 3584 2575 duntaxat

1997 2627 2308 2692 appareret,
2345 2617 2656 2689 cuiusmodi
2699 2616 2778 2671 illi
2809 2615 2984 2672 fuisse
3047 2621 3321 2676 statuunt,
3374 2623 3584 2682 nequa-

1997 2726 2162 2783 quam
2189 2710 2431 2766 bostium
2446 2709 2502 2764 in
2522 2723 2719 2764 manus
2740 2707 2949 2772 venire,
2966 2714 3083 2771 aut,
3103 2713 3165 2760 ut
3187 2702 3577 2775 pollicebatur,

1995 2804 2226 2859 excitari
2257 2802 2347 2860 die
2375 2802 2538 2875 tertia
2577 2802 2868 2874 potuisset.
2918 2799 3046 2855 Haec
3074 2800 3243 2870 igitur
3271 2797 3368 2851 Dei
3400 2795 3581 2861 admi-

1993 2895 2251 2951 nistratio
2282 2893 2572 2965 perspicue
2603 2893 3135 2957 declarat,mortuos
3158 2890 3229 2945 ad
3262 2889 3427 2945 vitam
3456 2886 3578 2942 sine

1993 2988 2103 3043 ulla
2164 2987 2548 3043 controversia
2582 2985 2840 3051 restitui;
2871 2997 2973 3038 nec
3014 2982 3211 3040 animae
3255 2980 3587 3052 purgatione

1993 3078 2106 3134 ulla
2133 3093 2274 3148 opus
2302 3093 2445 3143 esse,
2471 3084 2567 3132 aut
2588 3077 2731 3147 apud
2750 3075 2995 3147 singulas
3022 3080 3322 3146 potestates
3351 3085 3580 3126 causam

301 3164 397 3219 τοῦ
431 3166 636 3239 Κυρίου
676 3167 996 3240 εὐεργεσίας
1034 3168 1133 3240 τῆς
1173 3165 1263 3221 διὰ
1296 3166 1405 3220 τῶν
1434 3165 1631 3236 ἔργων,
1667 3164 1888 3236 καὶτῆς

2002 3171 2075 3226 illi
2098 3185 2256 3228 suam
2300 3185 2424 3226 esse
2452 3169 2849 3242 perorandam:
2900 3165 3048 3238 quod
3104 3166 3217 3231 isti,
3251 3164 3331 3219 uti
3366 3162 3579 3247 dictum

302 3256 540 3322 πίστεως
561 3259 980 3331 συνισταμένης,
1004 3260 1080 3323 ὡς
1106 3259 1255 3329 λέγει
1279 3260 1307 3312 6
1331 3258 1634 3327 ἀγιώτατος
1657 3256 1887 3323 Παῦλος,

303 3351 532 3423 γράφων
557 3351 805 3422 Τιμοθέῳ
836 3351 924 3405 διὰ
955 3350 1159 3405 τούτων
1187 3350 1297 3405 τῶν
1337 3350 1511 3420 λόγων
1536 3366 1549 3380 ·
1583 3351 1776 3415 Ὅπως
1803 3367 1890 3420 τι-

300 3440 563 3509 νώσκοις
581 3443 708 3510 πῶς
726 3443 820 3497 δεῖ
838 3444 909 3498 ἐν
932 3443 1078 3511 οἴκῳ
1101 3443 1325 3512 Κυρίου
1354 3441 1721 3513 περιπατεῖν,
1755 3441 1890 3511 ἥτις

300 3535 474 3590 ἐστὶν
522 3538 846 3609 Ἐκκλησία
899 3537 1048 3591 Θεοῦ
1093 3538 1199 3592 τοῦ
1236 3536 1474 3604 ζῶντος,
1521 3538 1749 3603 στύλος
1787 3534 1889 3589 καὶ

299 3630 596 3701 ἑδραίωμα
636 3629 749 3700 τῆς
788 3630 1104 3697 ἀληθείαςο
1145 3629 1225 3710 ἢν
1259 3633 1314 3685 ol
1346 3630 1565 3685 πολλοὶ
1608 3630 1885 3699 ἀφέντες,

301 3725 390 3790 είς
420 3724 686 3793 μύθους,
734 3723 833 3777 καὶ
880 3724 1252 3794 μωρολογιας
1299 3721 1749 3792 ἐξετράπησαν,
1798 3721 1885 3794 μὴ

301 3815 588 3881 νοοῦντες
614 3814 769 3886 μήτε
793 3814 833 3869 d
859 3814 1132 3885 λέγουσι,
1154 3813 1307 3883 μήτε
1328 3815 1461 3883 περὶ
1496 3819 1676 3869 τίνων
1692 3814 1885 3869 διαϐε-

300 3906 640 3960 ϐαιοῦνταιθ
699 3899 786 3960 ὧν
834 3906 966 3960 ἐστι
1005 3907 1312 3976 Φύγελλος
1350 3907 1449 3961 καὶ
1503 3904 1884 3977 Ἑρμογένης.

313 3997 472 4052 ’Λλλά
492 3999 589 4052 καὶ
615 4000 674 4052 ὲν
718 4000 786 4071 τῇ
831 3997 1058 4071 δευτέρᾳ
1105 3997 1413 4070 Ἐπιστολῇ,
1465 3996 1750 4070 Ὑμέναιον
1792 3999 1887 4054 καὶ

297 4090 524 4162 Φιλητὸν
547 4092 676 4164 περὶ
702 4091 799 4163 τὴν
821 4091 1079 4164 ἀλήθειαν
1100 4090 1462 4163 ὴστοχηκέναι
1481 4091 1662 4162 λέγει·
1690 4092 1886 4158 οἵτινες

298 4184 397 4239 καὶ
416 4184 570 4238 αὑτοὶ
589 4187 656 4257 τῇ
689 4186 899 4256 αἱρέσει
923 4185 1374 4257 ὲξηκολούθησαν,
1398 4184 1554 4239 ἄλλον
1584 4185 1717 4240 Θεὸν
1750 4204 1884 4241 κατ-

296 4275 656 4346 αγγέλλοντες
695 4276 788 4331 καὶ⁵
811 4277 1163 4346 γενεαλογίας
1199 4278 1560 4348 ἀπεράντους,
1605 4277 1700 4332 καὶ
1742 4277 1882 4333 πλά-

1997 3271 2106 3328 est,
2138 3272 2341 3318 temere
2367 3262 2704 3333 praedicant;
2739 3260 2838 3318 sed
2869 3274 2980 3315 uno
3004 3258 3101 3314 Dei
3132 3256 3402 3314 beneﬁcio
3435 3255 3581 3310 dun-

1994 3361 2148 3410 taxat
2165 3353 2431 3425 indigere,
2451 3369 2560 3424 quo
2587 3369 2711 3409 cum
2746 3352 2851 3408 ﬁde
2872 3361 3024 3407 recte
3058 3348 3203 3405 facta
3239 3348 3574 3419 conjungat:

1995 3455 2056 3503 ut
2077 3447 2146 3502 ad
2171 3445 2521 3502 Timotheum
2571 3446 2821 3502 scribens
2863 3445 3163 3515 Apostolus
3203 3443 3354 3499 hisce
3392 3441 3580 3497 verbis

1995 3546 2229 3596 testatur
2255 3559 2267 3595 :
2297 3537 2366 3593 Ut
2388 3540 2529 3594 scias
2561 3538 2825 3610 quomodo
2863 3546 2910 3592 te
2936 3538 3178 3606 oporteat
3210 3537 3266 3589 in
3296 3534 3453 3589 domo
3478 3531 3579 3588 Dei

1992 3632 2290 3698 auibulare,
2340 3647 2458 3702 qua:
2508 3641 2587 3686 est
2632 3630 2878 3687 Ecclesia
2929 3629 3030 3684 Dei
3082 3630 3204 3694 vivi,
3246 3628 3495 3682 columna
3527 3634 3580 3680 et

1994 3724 2390 3794 ﬁrmamentum
2418 3721 2713 3778 veritutis":
2738 3737 2898 3791 quam
2927 3720 3084 3775 multi
3116 3719 3489 3789 relinquentes,
3511 3716 3579 3771 ad

1990 3817 2206 3888 fabulas
2226 3826 2276 3872 et
2302 3817 2529 3894 ineptias
2552 3814 2910 3869 diverterunt'
2940 3832 2953 3869 :
2984 3830 3088 3868 non
3110 3811 3459 3883 intelligentes
3485 3827 3578 3864 nec
3628 3794 3637 3801 ’

1989 3926 2106 3981 qua:
2138 3908 2342 3974 dicunt,
2372 3925 2465 3963 nec
2496 3908 2560 3962 de
2593 3908 2783 3979 quibus
2803 3904 3141 3977 afﬁrmant“;
3175 3919 3241 3959 ea:
3268 3902 3457 3974 quibus
3495 3910 3576 3956 est

1993 4001 2281 4074 Phygelluc
2304 4010 2356 4058 et
2387 4000 2803 4072 Hermogenes".
2840 3998 2947 4054 Sed
2978 4005 3033 4054 et
3070 3998 3127 4051 in
3166 3996 3411 4052 secunda
3450 3994 3576 4066 Epi-

1992 4096 2131 4152 stola
2168 4094 2520 4167 Hymenaeum
2561 4109 2627 4150 ac
2672 4092 2944 4149 Pbiletum
2977 4093 3254 4148 excidisse
3277 4105 3309 4144 a
3339 4088 3575 4144 veritate

1993 4187 2259 4243 scribit“:
2304 4187 2397 4257 qui
2449 4185 2672 4257 quidem
2703 4193 2758 4241 et
2790 4184 2897 4255 ipsi
2953 4183 3010 4237 in
3052 4181 3290 4239 literesin
3324 4180 3572 4252 prolapsi

1991 4287 2154 4348 sunt;
2188 4280 2353 4334 alium
2386 4278 2554 4350 299
2603 4277 2968 4349 praedicantes
3004 4274 3195 4342 Deum,
3231 4288 3298 4329 ac
3324 4272 3576 4344 genealo-

297 4385 398 4438 νην
436 4368 848 4441 ὲπισπείροντες
891 4372 1004 4432 τοῖς
1043 4368 1370 4441 ἀνθρώποις,
1400 4371 1495 4424 καὶ
1523 4370 1774 4439 λέγοντες
1808 4372 1883 4444 μὴ

2002 4374 2110 4445 gias
2156 4371 2649 4436 interminabiles’,
2704 4384 3059 4439 erroremque
3113 4368 3258 4423 inter
3322 4364 3574 4421 homines

296 4461 365 4513 ὲκ
394 4458 531 4513 Θεοῦ
563 4459 891 4530 γεγενῆσθαι
911 4461 1002 4516 τὸν
1023 4461 1247 4533 κόσμον,
1278 4461 1416 4516 ἀλλὰ
1441 4462 1549 4516 ὑπὸ
1573 4462 1759 4535 ἀρχῶν
1788 4465 1882 4518 καὶ

2002 4467 2413 4526 lisseminantes
2441 4480 2565 4520 cum
2590 4478 2622 4518 a
2651 4463 2760 4519 Deo
2794 4469 3057 4536 negarent
3090 4460 3419 4516 fabricatum
3450 4471 3576 4513 esse
3626 4495 3641 4513 κ

208 4567 220 4580 “
295 4552 579 4619 ἐξουσιῶν.
621 4552 733 4625 Τὴν
757 4553 815 4607 δὲ
840 4553 1134 4608 ἀνάστασιν
1161 4554 1262 4626 ἤδη
1296 4553 1624 4625 γεγενῆσθαι
1663 4556 1750 4610 διά
1772 4556 1883 4612 τῶν

2002 4559 2278 4625 mundum,
2309 4555 2403 4613 sed
2436 4570 2467 4610 a
2492 4554 2890 4627 principatibus
2911 4568 2975 4608 ac
2993 4552 3356 4625 potestatibus
3380 4548 3575 4603 condi-

296 4645 606 4717 γενομένων
628 4645 833 4700 τέκνων
862 4645 966 4699 ὑπὸ
995 4644 1226 4699 ἑκάστου
1258 4644 1368 4700 τῶν
1396 4645 1729 4714 γεννώντων.
1771 4648 1881 4720 Τὴν

2002 4659 2107 4706 tum
2139 4655 2470 4705 assererem.
2505 4644 2991 4702 Resurrectionem
3040 4643 3263 4698 demum
3297 4636 3571 4694 accidisse

295 4734 357 4789 δὲ
385 4735 496 4791 τῶν
521 4736 729 4807 νεκρῶν
760 4737 822 4791 οὐ
844 4737 1091 4807 λέγουσιν
1121 4736 1359 4792 ἔσεσθαι.
1390 4737 1501 4791 Καὶ
1529 4739 1712 4809 ὁρᾶτε,
1730 4739 1883 4794 ἀδελ-

2002 4744 2100 4810 iam
2126 4741 2395 4806 dicerent,
2430 4737 2540 4793 illis
2590 4736 2727 4806 ipsis
2778 4733 3151 4805 producendis
3193 4730 3402 4796 liberis,
3428 4741 3569 4797 quos

296 4827 412 4896 φοὶ,
458 4826 553 4881 τὸν
584 4828 906 4902 χαρακτῆρα
948 4828 1046 4900 τῆς
1079 4828 1357 4900 ἀληθείας,
1397 4830 1490 4884 καὶ
1538 4831 1628 4886 τὸν
1662 4831 1882 4903 ἔλεγχον

2002 4840 2283 4908 parentum
2321 4831 2557 4901 quisque
2585 4827 2898 4899 genuisset;
2956 4839 3059 4880 nec
3118 4822 3285 4878 aliam
3319 4828 3568 4874 mortuo—

294 4917 397 4989 τῆς
420 4917 623 4974 τούτων
648 4922 1013 4994 παρανομίας.

2002 4944 2114 4986 rum
2143 4921 2571 4993 exspectandam
2595 4934 2721 4975 esse
2752 4911 3359 4995 resurrectionem.'Vos
3382 4921 3567 4966 autem

297 5027 510 5084 quaeso,
543 5012 764 5080 fratres,
795 5016 1234 5088 animadvertite,
1280 5018 1593 5091 cuiusmodi
1648 5025 1873 5096 propria

2002 5020 2258 5083 veritatis
2312 5028 2466 5083 nota,
2517 5024 2571 5071 et
2600 5013 2668 5070 ad
2706 5014 2926 5069 illorum
2971 5000 3408 5067 convincendam
3460 5006 3567 5061 ini-

297 5103 631 5176 probitatem
651 5115 800 5164 certa
828 5110 987 5167 ratio.
2230 5134 2239 5140 ‘

383 5224 784 5313 Ὑπολαμϐάνω
801 5231 859 5285 δὲ
880 5231 976 5286 καὶ
1000 5232 1130 5304 περί¹
1154 5230 1359 5289 τούτων
1381 5235 1582 5303 ἱκανῶς
1610 5240 1881 5313 εἰρῆσθαι.

2059 5231 2329 5306 Equidem
2366 5229 2502 5287 satis
2525 5242 2804 5300 superque
2852 5224 3117 5281 adversus
3163 5221 3286 5277 illos
3315 5219 3565 5289 disputa-

297 5312 468 5368 Ὅθεν
498 5315 702 5389 ταύτην
739 5320 1082 5391 παραλιπὼν,
1115 5324 1208 5377 ἐπὶ
1238 5327 1337 5390 τὰς
1365 5325 1494 5397 ἑξῆς
1529 5329 1629 5400 τὴν
1660 5331 1886 5403 πορείαν

2002 5344 2100 5385 .um
2144 5344 2174 5382 a
2231 5340 2320 5381 me
2346 5339 2470 5381 esse
2489 5322 2699 5395 judico.
2732 5321 2914 5387 Quare
2944 5319 3048 5373 hac
3077 5317 3282 5373 omissa
3327 5316 3568 5384 reliquas

298 5408 623 5480 ποιήσομαι,
644 5410 821 5466 ἐκεῖνο
844 5413 1002 5484 μόνον
1023 5414 1215 5483 εἰπὼν,
1239 5417 1316 5482 ὡς
1335 5419 1477 5475 πάνυ
1502 5420 1751 5489 φαίνεται
1780 5424 1885 5476 ἐοι-

2002 5435 2308 5491 iersequar,
2338 5424 2393 5475 et
2434 5417 2488 5473 id
2513 5431 2683 5473 unum
2706 5422 2966 5479 attexam,
2993 5412 3142 5467 illam
3175 5411 3309 5466 mihi
3335 5408 3566 5464 liaercsin

298 5499 428 5554 κυῖα
462 5498 601 5572 αὕτη
623 5500 713 5556 διὰ
733 5504 833 5575 τῆς
855 5504 1100 5561 πολυωνύ
1108 5525 1208 5578 μου
1236 5510 1561 5583 ἀρχοντικῆς
1589 5512 1884 5584 ὀνομασίας

2002 5513 2056 5569 ὠ
2091 5511 2448 5581 multiplicem
2479 5507 2929 5564 archonticorum
2954 5504 3372 5575 appellationem
3399 5500 3567 5556 varia:

299 5593 364 5664 τῇ
423 5593 746 5669 πολυπλόκῳ
790 5597 1069 5671 ἑρπετώδῃ
1119 5600 1435 5675 κακοηθείᾳ,
1503 5603 1716 5675 Τρόπον
1775 5605 1882 5676 γάρ

2002 5620 2050 5661 ιο
2085 5604 2356 5675 perplexa:
2397 5609 2711 5673 serpentum
2767 5596 3103 5671 improbitati
3150 5610 3313 5668 quam
3354 5594 3569 5651 similli-

376 5750 614 5832 τρίβον.
645 5756 767 5832 i,__3.
846 5758 866 5832 ξ
897 5757 1081 5832 _1\_la_tth.
1118 5776 1192 5822 χι,
1222 5761 1307 5814 25.
1382 5762 1401 5792 ³
1424 5759 1581 5832 Joan.
1615 5777 1696 5826 ιιι,
1731 5766 1816 5818 19.

2006 5764 2145 5821 Tim.
2180 5764 2378 5832 "1,15.
2474 5768 2495 5799 ³
2533 5759 2575 5817 ll
2646 5759 2780 5817 Tim.
2835 5776 2909 5827 IV,
2962 5762 3013 5817 4.
3123 5758 3185 5811 ει
3218 5755 3360 5811 Tim.
3422 5771 3461 5822 l,
3512 5755 3562 5809 7.

303 5824 325 5858 τ
354 5822 402 5883 ιι
433 5821 574 5881 Tim.
615 5829 769 5891 1,15.
844 5828 864 5861 ε
895 5828 935 5882 u
966 5821 1190 5899 Tim.~u,
1230 5832 1312 5886 ιγ.
1388 5834 1407 5865 ο
1441 5832 1463 5884 1
1495 5830 1636 5887 Tim.
1671 5821 1712 5900 ι’,
1741 5836 1795 5891 4.
