3950 6144
416 288 509 344 691
1094 358 1097 359 ν
1260 292 1267 295 ⁷
1818 293 1876 349 S.
1918 293 2287 358 ΕΡΙΡΗΑΝίΙδ

3584 282 3688 340 δςη

416 424 555 463 mam
582 409 776 466 videri.
824 408 1021 466 Nescio
1053 410 1198 466 enim
1255 424 1366 482 quo
1392 419 1557 481 pacto
1599 411 1681 468 sic
1724 420 1987 484 tanquam

2111 435 2221 473 uva
2250 420 2316 473 ὲκ
2345 415 2555 474 πολλῶν
2592 414 2836 489 ἑρπετῶν
2868 412 3072 485 ἀναμὶξ
3109 412 3208 483 τῆς
3236 407 3449 465 ἑαυτῶν
3476 407 3688 478 πλάνης

353 574 357 578 ἢ
417 501 604 556 multis
633 517 699 557 ex
727 503 999 573 anguibus
1014 501 1263 559 confusis
1280 505 1338 560 in
1363 500 1534 560 unum
1559 520 1623 561 ac
1640 506 1991 577 promiscuis,

419 592 659 662 pestiferi
700 594 849 651 illius
882 596 1093 652 erroris
1123 612 1335 653 venena
1373 599 1611 655 conﬂata
1649 607 1800 656 sunt.
1837 598 1907 654 Ut
1936 600 1991 654 in

416 686 523 741 illis
552 688 751 756 partim
782 687 1042 745 draconis
1090 690 1224 746 insit
1269 691 1525 756 audacia,
1557 692 1758 762 partim
1781 694 1994 766 physali

422 778 709 843 calliditas,
743 781 943 849 partim
984 780 1216 851 spiritus
1241 797 1364 851 quae
1400 790 1486 838 est
1514 783 1570 838 in
1615 783 1829 839 baatone
1859 801 1993 856 sup-

419 869 651 937 pressio,
686 871 887 938 partim
918 873 1149 928 acontias
1198 874 1436 945 agilitas,
1472 875 1670 946 partim
1717 876 1996 932 ostracitae

418 973 589 1029 prona
618 960 927 1017 lubricitas.
970 962 1218 1029 Quorum
1249 966 1494 1019 omnium
1526 965 1666 1021 eliso
1691 968 1890 1038 capite,
1930 984 1996 1023 ac

421 1046 670 1104 veritatis
714 1048 963 1105 doctrina
1009 1053 1273 1118 contrito,
1319 1054 1384 1109 ad
1444 1055 1690 1126 reliquas
1732 1058 1990 1113 transibi-

421 1152 564 1201 mus,
590 1152 654 1193 ac
679 1139 1016 1210 singularum
1054 1140 1347 1199 falsitatem
1382 1160 1610 1217 arguere
1648 1143 1764 1203 Deo
1807 1147 1997 1218 opitu-

422 1229 563 1284 lante
586 1231 929 1287 conabimur.
1122 1231 1135 1235 ”
1988 1234 1995 1241 ’

756 1342 1127 1400 ADVERSUS
1148 1345 1659 1414 CERDONIANOS,

709 1456 841 1523 Qua:
882 1468 961 1512 est
991 1459 1203 1515 Iamsi:
1250 1461 1392 1516 XXI
1435 1464 1513 1517 vel
1563 1462 1713 1538 XLI.

486 1566 527 1621 l.
566 1566 700 1622 Tam
737 1569 823 1625 his
853 1586 1017 1640 quam
1050 1571 1377 1630 Heracleoni
1409 1575 1631 1645 quidam
1661 1575 1839 1632 Cerdo
1868 1591 1998 1633 suc-

417 1661 604 1725 cessit,
642 1662 711 1717 ab
740 1664 929 1718 eadem
956 1666 1148 1720 schola
1179 1666 1485 1736 profectus,
1520 1678 1574 1723 et
1621 1683 1651 1722 a
1686 1668 1909 1723 Simone
1933 1682 1999 1722 ac

2104 508 2423 581 συνηγμένη
2467 508 2614 561 ἐστὶν
2650 510 2684 579 ή
2730 506 2971 561 ίοὸολία-’
3019 497 3128 558 οἷον
3178 501 3241 554 τὸ
3286 499 3464 571 θρασὺ
3493 499 3688 569 ἔχουσα

2095 601 2190 656 τοῦ
2216 601 2530 673 δράκοντος,
2550 600 2617 654 τὸ
2637 598 2854 673 δολερὸν
2883 596 2978 652 τοῦ
2999 596 3261 669 φυσάλου,
3293 594 3395 665 τὴν
3426 592 3687 645 ἀνθέλκο-

2100 712 2184 750 σιν
2216 697 2314 767 τῆς
2344 694 2513 766 πνοῆς
2541 691 2635 747 τοῦ
2664 692 2941 764 βαίτωνος,
2968 691 3029 773 τὸ
3056 688 3261 760 γαῦρον
3282 686 3378 740 τοῦ
3412 685 3683 747 ἀκοντίου,

2095 788 2157 843 τδ
2197 789 2467 860 προπετὲς
2494 786 2590 842 τοῦ
2630 787 2974 858 ὀστρακίτου.
3026 782 3241 837 Τούτων
3262 780 3320 833 δὲ
3344 779 3567 833 πάντων
3590 776 3683 847 τὴν

2099 880 2343 951 κεφαλὴν
2378 880 2862 951 καταπατήσαντες
2889 880 2956 949 τῇ
2981 876 3080 946 τῆς
3113 872 3371 945 ἀληθείας
3407 868 3682 931 ὑποθέσει.

2096 971 2192 1026 ἐπὶ
2215 971 2318 1035 τὰς
2362 971 2554 1035 λοιπὰς
2590 969 2911 1041 διέλθωμεν,
2948 966 3292 1037 ἐπιπόθητοι,
3315 960 3416 1032 τὴν
3450 962 3683 1030 ἑκάστης

2099 1064 2308 1136 πλάνην
2332 1063 2678 1133 ἀποκαλύψαι
2706 1063 2767 1116 ὲν
2795 1060 2915 1132 Θεῷ
2941 1058 3294 1132 πειρώμενοι.

2520 1346 2711 1399 ΚΑΤΑ
2754 1343 3259 1411 ΚΕΡΔΩΝΙΑΝΩΝ,

2181 1459 2447 1528 Εἱκοστὴ
2473 1458 2673 1528 πρώτη
2699 1458 2737 1526 ὴ
2768 1457 2866 1512 καὶ
2892 1455 3357 1545 τεσσαρακοστὴ
3381 1454 3581 1524 πρώτη

2170 1577 2248 1631 Α’.
2291 1575 2513 1647 Κέρδων
2536 1592 2621 1639 τις
2648 1573 2873 1639 τούτους
2904 1576 2996 1628 καὶ
3024 1574 3116 1626 τὸν
3142 1571 3499 1642 Ἡρακλέωνα
3521 1568 3685 1623 διαδὲ-

2101 1685 2276 1738 χεται,
2312 1669 2376 1721 ἐκ
2407 1670 2505 1739 τῆς
2532 1666 2708 1721 αὐτῶν
2750 1667 2942 1736 σχολῆς
2970 1664 3065 1730 ὢν,
3094 1664 3201 1719 ἀπὸ
3231 1663 3478 1733 Σίμωνός
3502 1678 3562 1715 τε
3594 1660 3684 1714 καὶ

416 1748 696 1805 Saturnilo
748 1754 955 1808 erroris
1007 1763 1205 1810 nactus
1236 1756 1415 1811 initia.
1480 1755 1735 1823 Quicum
1773 1773 1804 1813 e
1836 1756 1993 1829 Syria

2111 1758 2418 1832 Σατορνίλου
2445 1757 2626 1813 λαϐὼν
2653 1757 2752 1821 τὰς
2776 1756 3101 1827 προφάσεις.
3134 1750 3304 1819 Οὗτος
3343 1754 3682 1824 μετανάστης

418 1841 645 1896 Romam
678 1846 1066 1915 peregrinandi
1118 1860 1288 1902 causa
1320 1848 1489 1902 miser
1521 1850 1871 1917 accessisset,
1911 1850 1995 1905 sui

418 1933 579 2000 juxta
624 1949 689 1989 ac
730 1944 1062 1993 sectatorum
1132 1954 1361 1994 suorum
1427 1940 1579 1997 labes
1629 1941 1878 2011 quaedam
1934 1957 1999 1996 ac

419 2025 691 2093 pernicies
740 2026 863 2083 fuit.
915 2028 1226 2085 Miserrima
1281 2033 1485 2102 quippe
1530 2040 1663 2086 tunc
1694 2040 1780 2088 est
1819 2032 2001 2086 homi-

418 2130 548 2168 num
581 2125 799 2198 natura,
834 2134 958 2173 cum
989 2117 1083 2175 Dei
1122 2120 1266 2174 viam
1298 2121 1640 2191 relinquens,
1681 2130 1735 2176 et
1758 2137 1788 2176 a
1811 2121 1999 2177 divina

418 2221 477 2261 se
506 2208 799 2263 vocatione
846 2223 1163 2281 segregans,
1201 2210 1421 2281 longius
1481 2213 1728 2268 aberrat.
1783 2212 1999 2280 Quibus

417 2296 549 2351 illud
572 2298 638 2354 de
667 2299 824 2356 canis
854 2299 1037 2356 fabula
1067 2302 1356 2374 contingit,
1391 2303 1485 2372 qui
1522 2305 1575 2358 in
1612 2305 1733 2375 ejus
1767 2306 1913 2376 quod
1945 2305 1998 2359 in

416 2405 510 2444 ore
543 2392 791 2461 gestabat
819 2393 1068 2447 umbram
1107 2394 1377 2460 intentus,
1405 2405 1458 2451 et
1494 2396 1550 2450 in
1580 2411 1778 2466 aquam
1807 2397 1997 2467 despi-

415 2480 590 2545 ciens,
633 2481 763 2536 dum
810 2484 1002 2539 eodem
1053 2484 1180 2539 cibo
1231 2500 1393 2554 quem
1457 2487 1740 2542 mordicus
1791 2486 2001 2542 ferebat

418 2570 682 2640 majorem
730 2574 984 2628 umbram
1019 2589 1142 2630 esse
1176 2577 1511 2646 suspicatur,
1564 2576 1789 2631 diducto
1846 2577 1995 2631 rictu

417 2662 570 2715 illum
612 2663 792 2733 ipsum
818 2667 910 2735 qui
932 2681 1095 2722 verus
1125 2676 1245 2722 erat
1268 2667 1525 2737 perdidit.
1549 2667 1641 2723 Sic
1673 2669 1752 2723 illi
1781 2677 2001 2740 reperta

418 2752 525 2812 via.
570 2753 699 2808 dum
739 2755 859 2825 ejus
910 2756 1150 2824 umbrae,
1198 2773 1363 2827 quam
1412 2759 1470 2812 in
1536 2758 1675 2814 falsa
1741 2760 2000 2829 opinione

417 2843 812 2899 circumferunt
848 2854 1128 2916 compotes
1188 2847 1331 2903 [ieri*
1376 2847 1631 2913 student,
1682 2863 1793 2903 non
1837 2849 2002 2905 modo

416 2934 684 2993 divinitus
714 2952 1045 2995 concessum
1100 2940 1258 3004 illud,
1299 2940 1447 3011 quod
1486 2941 1651 3011 300
1694 2957 1808 3008 ore,
1834 2951 1897 2996 ut
1925 2943 2002 2997 ita

2099 1852 2308 1920 γίνεται
2329 1851 2436 1906 ἀπὸ
2458 1852 2555 1923 τῆς
2572 1850 2791 1923 Συρίας,
2812 1850 2906 1903 καὶ
2923 1851 3015 1903 ἐπὶ
3029 1849 3127 1920 τὴν
3143 1847 3363 1918 Ῥώμην
3380 1845 3575 1911 ἐλθὼν,
3597 1845 3687 1898 λυ-

2102 1943 2247 2015 μεών
2267 1962 2348 2007 τις
2366 1944 2607 2016 πέφηνεν
2643 1943 2820 2013 ἑαυτῷ
2844 1961 2904 1995 τε
2922 1944 3016 1997 καὶ
3037 1944 3151 2005 τοῖς
3172 1940 3321 2011 αὐτῷ
3342 1938 3688 2006 πειθομένοις

2098 2035 2126 2086 ὁ
2138 2034 2221 2087 ὲλε
2229 2052 2253 2086 ε
2256 2034 2516 2109 ενότατος.
2533 2032 2768 2104 Ἐλεεινὴ
2779 2033 2887 2104 γὰρ
2900 2035 2932 2104 ή
2949 2032 3105 2100 φύσις
3117 2030 3224 2084 τῶν
3237 2030 3334 2084 ἀνθ
3343 2028 3689 2102 ρώπων.δταν

2100 2125 2473 2195 καταλείψασα
2501 2125 2600 2197 τὴν
2619 2123 2713 2177 τοῦ
2728 2123 2861 2177 Θεοῦ
2886 2124 3003 2179 ὁδὸν
3021 2123 3310 2186 πλανᾶται,
3333 2122 3431 2174 καὶ
3594 2119 3690 2190 τῆς

2099 2216 2193 2271 τοῦ
2230 2217 2364 2271 Θεοῦ
2387 2216 2633 2288 κλήσεως
2657 2216 2854 2287 ἑαυτὴν
2876 2214 3203 2287 ἀφορίσασα.
3235 2211 3563 2284 Συμϐέὸηκε
3585 2211 3692 2282 γὰρ

2092 2311 2210 2373 τοῖς
2235 2307 2625 2378 τοιούτοις(58)
2662 2311 2695 2377 ἠ
2724 2307 2817 2362 τοῦ
2842 2307 3002 2369 κυνὸς
3034 2304 3324 2376 παροιμία,
3370 2304 3430 2366 ὃς
3460 2306 3529 2374 τῇ
3564 2302 3691 2373 σκιᾷ

2102 2401 2391 2471 προσέχων
2419 2393 2480 2453 οὗ
2511 2401 2760 2469 κατεῖχεν
2804 2400 2861 2451 ὲν
2898 2398 2973 2469 τῷ
3004 2397 3248 2467 στόματι,
3290 2394 3586 2465 ἐμϐλέπων
3615 2394 3690 2457 είς

2102 2492 2269 2563 ὕδωρ,
2304 2493 2398 2545 καὶ
2428 2491 2656 2561 νομίσας
2693 2490 2768 2561 τῷ
2798 2489 2949 2542 ὕδατι
2982 2488 3140 2542 σκιὰν
3172 2486 3396 2558 μείζονα
3429 2482 3573 2539 εἷναι
3598 2483 3692 2554 τῆς

2101 2582 2160 2634 ὲν
2186 2578 2264 2650 τῷ
2290 2579 2515 2651 στόματι
2559 2578 2723 2632 αὑτοῦ
2758 2578 2983 2648 ἐδωδῆς,
3032 2575 3247 2641 ἀνοίξας
3276 2576 3338 2629 τὸ
3367 2574 3566 2646 στόμα,
3601 2574 3693 2627 καὶ

2101 2672 2199 2743 τὴν
2236 2668 2399 2725 οὖσαν
2444 2668 2746 2724 ἀπώλεσεν.
2805 2670 2961 2723 Οὕτω
2993 2669 3088 2724 καὶ
3115 2664 3283 2730 οὗτοι,
3320 2668 3422 2739 τὴν
3452 2667 3575 2720 ὁδὸν
3602 2668 3693 2720 εὐ-

2108 2760 2309 2832 ρόντες,
2333 2759 2425 2813 καὶ
2457 2756 2769 2828 βουλόμενοι
2802 2758 2958 2821 σκιᾶς
2987 2752 3370 2828 περιγενέσθαι
3404 2753 3509 2822 τῆς
3542 2755 3601 2805 ὲν
3628 2753 3690 2822 τῇ

2106 2851 2330 2921 ὑπονοίᾳ
2360 2850 2539 2903 αὐτῶν
2568 2849 2887 2920 γενομένης,
2920 2848 3019 2918 τὴν
3060 2844 3224 2900 οὖσαν
3252 2847 3311 2899 ὲν
3348 2844 3429 2915 τῷ
3464 2842 3692 2914 στόματι

2105 2936 2306 3001 αὐτῶν,
2341 2937 2417 2999 ὡς
2455 2939 2650 3002 εἰπεῖν,
2685 2938 2749 2989 ἐκ
2781 2936 2916 2989 Θεοῦ
2952 2936 3157 3006 τροφὴν
3191 2934 3605 3005 κεχαρισμένην
3632 2931 3690 2984 οὐ

416 3027 668 3093 dixerim,
696 3028 899 3096 ferunt,
930 3031 1248 3086 alimentum
1284 3033 1611 3098 amiserunt,
1642 3033 1740 3089 sed
1770 3033 1998 3105 insuper

2111 3027 2269 3097 μόνον
2295 3024 2605 3092 ἀπώλεσαν,
2640 3025 2775 3078 ἀλλά
2812 3027 2905 3078 καὶ
2946 3024 3167 3096 ὄλεθρον
3198 3025 3412 3087 ἑαυτοῖς
3452 3020 3692 3076 ἑπεσπά·

415 3119 644 3173 exitium
676 3120 779 3174 sibi
825 3121 1311 3192 ipsis‘attulerunt.

492 3207 667 3279 Igitur
693 3209 874 3265 Cerdo
900 3210 1099 3283 Hygini
1132 3228 1288 3282 papae
1307 3215 1646 3285 temporibus
1670 3214 1791 3281 fuit,
1815 3216 1909 3286 qui
1945 3216 1997 3271 in

419 3303 794 3372 apostolorum
819 3302 1036 3370 Jacobi,
1060 3314 1114 3360 et
1148 3304 1298 3359 Petri
1346 3304 1612 3377 Paulique
1645 3307 2003 3361 successione

419 3407 627 3447 nonum
678 3393 858 3449 locum
888 3396 1127 3451 tenebat.
1169 3396 1343 3467 Cujus
1378 3398 1577 3469 dogma
1603 3412 1732 3452 cum
1760 3397 2003 3467 reliquo-

421 3495 567 3551 rum,
594 3498 736 3553 quos
764 3487 1229 3551 enumeravimus,
1264 3487 1648 3542 haereticorum
1675 3488 1838 3557 nugis
1876 3502 2004 3542 con-

419 3575 667 3633 sentiens
691 3577 818 3632 licet
863 3577 1008 3633 idem
1053 3595 1178 3634 esse
1209 3579 1483 3644 videatur,
1521 3578 1777 3634 nonnihil
1817 3587 2003 3635 tamen

345 3745 358 3757 ι
419 3672 717 3743 discrepat,
742 3681 797 3729 et
832 3679 917 3730 est
950 3673 1289 3744 hujusmodi.

489 3851 609 3907 Duo
639 3852 866 3922 perinde
899 3858 1064 3923 atque
1095 3852 1185 3906 alii
1223 3851 1491 3923 principia
1523 3854 1738 3917 statuit,
1780 3867 1848 3907 ac
1872 3851 2006 3908 deos

419 3942 672 3999 videlicet
711 3944 851 3999 duos
890 3963 902 3999 :
934 3944 1137 3999 bonum
1179 3943 1436 4008 alterum,
1468 3951 1522 3999 et
1551 3947 1795 4015 ignotum
1826 3944 2007 3998 omni-

422 4037 547 4099 bus,
588 4051 753 4105 quem
794 4043 850 4091 et
903 4034 1123 4090 Patrem
1176 4033 1308 4091 Jesu
1370 4035 1712 4102 nominavit;
1767 4035 2003 4089 alterum

422 4137 751 4193 creatorem,
780 4128 988 4181 malum
1027 4136 1080 4182 et
1103 4126 1416 4197 cognitum:
1449 4128 1543 4196 qui
1576 4135 1630 4182 et
1671 4126 1729 4180 in
1769 4126 1887 4196 lege
1919 4126 2001 4179 lo-

421 4229 604 4283 cutus,
628 4227 682 4273 et
706 4221 985 4289 prophetis
1016 4220 1292 4289 apparuit,
1317 4233 1381 4272 ac
1408 4233 1467 4273 se
1500 4218 1800 4273 videndum
1829 4232 2004 4287 saepe-

421 4323 653 4363 numero
686 4309 941 4378 praebuit.
973 4307 1256 4364 Christum
1287 4319 1502 4379 negata
1531 4308 1702 4364 Maria
1738 4309 2007 4378 genitum,

423 4408 518 4453 aut
558 4412 725 4452 carne
779 4411 968 4453 revera
1013 4397 1185 4453 fuisse
1237 4400 1514 4452 vestitum.
1569 4396 1676 4452 Sed
1733 4397 2007 4466 ejusmodi

2025 3099 2068 3156 ε
2104 3134 2288 3171 σαντο.

2173 3204 2341 3272 Οὗτος
2369 3207 2545 3263 τοίνυν
2581 3208 2609 3260 ό
2635 3208 2858 3280 Κέρδων
2885 3209 2943 3263 ὲν
2970 3209 3182 3279 χρόνοις
3227 3208 3447 3277 ’Υγίνου
3474 3209 3689 3277 γέγονεν

2102 3300 2422 3363 ἐπισκόπου,
2458 3299 2550 3352 τοῦ
2585 3299 2680 3353 ἕνα
2709 3299 2800 3352 τὸν
2820 3301 2834 3330 ¹
2861 3299 3182 3371 κλῆρον(59)
3216 3300 3445 3368 ἄγοντος
3468 3302 3579 3356 ἀπὺ
3600 3304 3691 3373 τῆς

2102 3389 2212 3442 τῶν
2240 3391 2368 3459 περὶ
2394 3388 2649 3442 Ἰάκωϐον
2676 3389 2770 3441 καὶ
2792 3389 2996 3460 Πέτρον
3019 3388 3114 3442 κοιλ⁵
3135 3389 3348 3444 Παῦλον
3379 3391 3691 3445 ἀποστόλων

2103 3480 2372 3550 διαδοχῆς.
2429 3480 2501 3534 Τὸ
2527 3480 2584 3534 δὲ
2614 3482 2877 3552 κήρυγμα
2917 3480 3103 3547 αὐτοῦ,
3134 3482 3233 3553 τῆς
3279 3482 3391 3536 τῶν
3432 3501 3689 3556 προειρη-

2104 3572 2284 3643 μένων
2329 3571 2692 3644 αἱρεσιαρχῶν
2735 3572 3004 3642 φλυαρίας
3042 3573 3294 3643 μετέχον,
3346 3573 3409 3626 τὸ
3446 3577 3580 3628 αὐτὸ
3602 3576 3692 3646 μὲν

2105 3659 2247 3717 εἶναι
2291 3664 2458 3729 δοκεῖ,
2497 3663 2879 3734 παρήλλακται
2907 3663 2963 3717 δὲ
3010 3665 3142 3736 παρ’
3180 3664 3331 3736 αύτῷ
3356 3666 3548 3719 τοῦτον
3577 3667 3692 3738 έχον

2105 3752 2197 3807 τὸν
2224 3752 2445 3823 τρόπον.

2178 3843 2283 3898 Δύο
2321 3845 2416 3897 καὶ
2448 3835 2602 3908 οὗτος
2631 3843 2806 3915 ἀρχὰς
2846 3845 3119 3917 κεκήρυχε
3158 3844 3239 3916 τῷ
3271 3845 3394 3916 βίῳ,
3423 3846 3521 3900 καὶ
3540 3846 3693 3917 δῆθεν

2110 3937 2266 4000 θεοὺς
2294 3935 2407 4002 δύο,
2435 3936 2529 3989 ἕνα
2559 3936 2783 4005 ἀγαθὸν,
2815 3936 2910 3989 καὶ
2942 3937 3039 3990 ἕνα
3063 3937 3343 4004 ἄγνωστον
3361 3940 3479 4002 τοῖς
3505 3941 3690 4001 πᾶσιν,

2109 4027 2167 4081 ὃν
2201 4028 2297 4082 καὶ
2325 4027 2546 4097 Πατέρα
2568 4026 2661 4080 τοῦ
2692 4027 2868 4098 Ἰησοῦ
2897 4026 3137 4098 κέκληκε
3156 4044 3170 4057 ·
3220 4027 3316 4081 καὶ
3341 4027 3441 4083 ἕνα
3470 4030 3562 4083 τὸν
3592 4032 3692 4100 Δη-

2115 4122 2373 4195 μιουργὸν
2415 4122 2651 4193 πονηρὸν
2700 4121 2829 4175 ὅντα
2872 4122 2965 4177 καὶ
3008 4122 3251 4192 γνωστὸν
3288 4122 3599 4195 λαλήσαντα
3641 4125 3695 4176 ὲν

2116 4215 2195 4286 τῷ
2231 4217 2403 4288 νόμῳ,
2429 4216 2523 4269 καὶ
2541 4218 2599 4270 ὲν
2628 4219 2740 4280 τοῖς
2765 4217 3072 4288 προφήταις
3092 4216 3355 4285 φανέντα.
3384 4218 3485 4271 καὶ
3509 4216 3696 4290 ὁρατὸν

2112 4307 2371 4371 πολλάκις
2397 4310 2706 4378 γενόμενον.
2725 4308 2816 4380 Μὴ
2837 4304 2974 4362 εἶναι
3002 4309 3059 4361 δὲ
3084 4307 3177 4362 τὸν
3191 4309 3429 4380 Χριστὸν
3444 4325 3693 4379 γεγεννη-

2042 4444 2086 4499 D
2118 4399 2276 4470 μένον
2300 4401 2363 4454 ὲκ
2392 4401 2630 4471 Μαρίας,
2667 4401 2801 4471 μηδὲ
2829 4403 2887 4455 ὲν
2913 4400 3077 4472 σαρκὶ
3105 4401 3429 4471 πεφηνέναι,
3457 4401 3594 4455 ἀλλά
3618 4401 3696 4454 δο-

427 4489 610 4560 specie
661 4497 821 4545 tenus
881 4488 1183 4553 exstitisse,
1228 4498 1282 4543 et
1338 4489 1663 4559 apparuisse
1717 4490 1879 4545 talem
1943 4506 2001 4546 ac

2117 4492 2274 4562 κήσει
2303 4492 2455 4557 ὄντα,
2487 4494 2581 4545 καὶ
2611 4493 2828 4563 δοκήσει
2858 4493 3156 4561 πεφηνότα,
3179 4491 3400 4563 δοκήσει
3425 4492 3483 4545 δὲ
3508 4492 3577 4545 τὰ
3604 4493 3696 4545 ὅλα

425 4583 610 4653 specie
638 4581 753 4638 sola
784 4581 1041 4637 universa
1072 4579 1292 4637 fecisse.
1330 4580 1476 4637 Idem
1506 4595 1800 4651 corporum
1823 4596 2006 4637 resur-

423 4675 723 4731 rectionem
763 4675 1048 4743 repudiat;
1074 4670 1242 4729 Vetus
1270 4672 1709 4740 Testamentum,
1744 4673 1887 4744 quod
1908 4690 2006 4743 per

427 4766 676 4837 Moysen,
715 4780 780 4820 ac
800 4766 1101 4836 prophetas
1139 4766 1399 4820 traditum
1440 4774 1557 4831 est,
1588 4774 1849 4836 tanquam
1875 4766 2007 4821 alie-

427 4873 557 4912 num
609 4872 639 4912 a
698 4856 808 4913 Deo
844 4857 1041 4927 rejicit.
1088 4856 1369 4913 Christum
1421 4874 1451 4915 e
1489 4859 1651 4923 coelo,
1703 4866 1868 4929 atque
1926 4858 1995 4913 ab

428 4952 613 5021 ignoto
643 4950 805 5007 Patre
833 4951 1183 5006 descendisse
1214 4953 1337 5007 ideo
1383 4959 1574 5022 putat,
1609 4959 1669 5005 ut
1698 4953 1786 5008 hic
1818 4950 2007 5007 mundi

429 5044 732 5100 conditoris
776 5051 940 5115 atque
987 5043 1201 5114 Opiﬁcis
1244 5044 1530 5113 imperium
1560 5059 1624 5097 ac
1657 5038 2007 5115 tyrannidem

429 5142 727 5192 everteret:
762 5135 813 5190 id
849 5134 995 5205 quod
1052 5136 1173 5191 alias
1200 5135 1473 5206 pleraeque
1522 5136 1760 5191 haereses
1811 5137 2004 5194 existi-

500 5293 517 5323 ¹
547 5290 705 5347 Corr.
738 5291 944 5346 ἔνατον.

501 5412 614 5483 (58)
640 5411 978 5481 Συμὸἐϐηκε
999 5412 1106 5483 γὰρ
1132 5416 1397 5480 τούτους.
1422 5413 1678 5473 lrenazus.
1709 5413 1745 5467 1.
1768 5430 1825 5476 It,
1849 5430 1897 5469 c.
1924 5415 2011 5483 12,

430 5482 682 5538 eumdem
708 5482 997 5551 apologum
1023 5482 1424 5539 Valcntinianis
1448 5483 1845 5537 accommodat.

502 5553 617 5621 (59)
653 5553 761 5606 Τοῦ
791 5552 901 5605 ἕνα
934 5553 1040 5608 τὸν
1070 5553 1317 5621 κλῆρον.
1350 5555 1669 5609 Certissima
1709 5564 1790 5609 est
1823 5570 2011 5611 emen-

432 5624 582 5694 datio
621 5631 831 5694 nostra,
874 5622 1062 5688 ἔνατος
1090 5640 1188 5693 pro
1221 5625 1315 5676 ἕνα
1338 5625 1449 5677 τόν.
1484 5624 1671 5678 Nonus
1700 5627 1844 5680 enim
1871 5641 2011 5694 pon-

435 5692 643 5748 tiﬁcum
677 5693 1047 5749 Romanorum
1068 5692 1259 5749 ordine
1294 5694 1395 5750 fuit
1425 5694 1684 5766 Hyginus,
1722 5695 1765 5752 si
1799 5692 2009 5752 Cletum

2116 4582 2475 4653 πεποιηκότα.
2507 4582 2618 4635 Καὶ
2641 4581 2802 4645 αὐτὸς
2829 4582 3030 4654 σαρκὸς
3050 4581 3348 4636 ἀνάστασιν
3373 4581 3693 4636 ἀπωθεῖται.

2114 4676 2361 4732 Παλαιὰν
2402 4676 2459 4730 δὲ
2492 4675 2825 4746 ἀπαγορεύει
2856 4675 3132 4745 Διαθήκην
3151 4690 3164 4703 ·
3209 4672 3308 4744 τὴν
3339 4672 3396 4726 δὲ
3422 4673 3513 4727 διὰ
3532 4675 3696 4727 Μυιῦ-

2117 4762 2253 4834 σέως
2272 4768 2380 4840 (60)
2401 4767 2496 4821 καὶ
2517 4768 2625 4821 τῶν
2644 4766 2938 4839 προφητῶν
2957 4766 3032 4830 ὡς
3054 4763 3339 4835 ἀλλοτρίαν
3355 4760 3525 4818 οὖσαν
3542 4760 3694 4817 Θεοῦ.

2130 4857 2472 4929 Ἐληλυθέναι
2505 4858 2562 4911 δὲ
2602 4857 2693 4911 τὸν
2718 4859 2952 4929 Χριστὸν
2986 4856 3095 4910 ἀπὸ
3125 4856 3234 4909 τῶν
3274 4854 3484 4910 ἄνωθεν
3515 4856 3579 4908 ὲκ
3604 4851 3697 4907 τοῦ

2111 4951 2390 5020 ἀγνώστου
2430 4950 2668 5020 Πατρὸς,
2715 4951 2794 5013 εἰς
2823 4950 3078 5021 ἀθέτησιν
3110 4949 3208 5019 τῆς
3240 4949 3335 5003 τοῦ
3370 4944 3695 5019 κοσμοποιοῦ

2116 5044 2207 5097 καὶ
2223 5042 2565 5115 Δημιουργοῦ
2588 5042 2840 5107 ἐνταῦθα,
2867 5045 3018 5113 φησὶ,
3040 5044 3213 5115 ἀρχῆς
3235 5042 3331 5096 καὶ
3353 5041 3665 5114 τυραννίδος
3680 5054 3693 5068 ⁸

2112 5135 2302 5208 ὥσπερ
2352 5136 2546 5207 ἀμέλει
2610 5136 2702 5188 καὶ
2751 5134 2942 5189 πολλαὶ
2990 5136 3098 5189 τῶν
3150 5134 3416 5207 αἱρέσεων
3461 5135 3694 5202 ὲξεῖπαν.

2121 5427 2399 5469 numeros.
2461 5410 2530 5465 At
2579 5411 2815 5465 irenzeus
2870 5405 3139 5476 Hyginum
3201 5413 3457 5461 octavum
3522 5404 3699 5476 Romaf

2120 5486 2440 5555 episc0pmu
2498 5486 2746 5536 nominat
2791 5479 2826 5533 Ι.
2871 5472 3112 5548 ιιῐξοιιρ.
3156 5477 3225 5545 4;
3276 5479 3371 5533 scd
3423 5479 3537 5531 hare
3576 5472 3697 5528 alibi

2117 5556 2544 5749 :":(%l6;safrjrds
2598 5620 2694 5678 διὰ
2746 5618 3064 5687 Μωῦσέως.
3117 5617 3243 5691 ch.
3288 5617 3565 5689 Διαθήκην
3606 5610 3702 5683 τὴν

2151 5714 2166 5749 ι
2212 5735 2230 5749 .
2264 5708 2365 5749 etc.
