3950 6154
351 340 457 398 693

1037 341 1408 423 Αοιίειιδιιε
1443 304 1783 402 ambesas
1816 344 1929 402 LIB

2036 394 2037 397 η
2076 348 2240 407 TOM.
2282 348 2367 404 Ill.
2407 382 2477 393 —-
2515 348 2787 408 ΗίΕΙὶΕΞ.
2824 354 2958 409 XLI.

3506 363 3606 415 οειι

363 460 560 531 Ὀλίγῳ
581 458 639 512 δὲ
662 458 737 529 τῷ
764 458 939 531 χρόνῳ
961 454 1114 523 οὗτος
1136 462 1193 514 ὲν
1222 460 1415 536 Ῥώμῃ
1434 464 1744 535 γενόμενος,
1773 485 1929 540 μετα.

2036 474 2206 523 mant.
2234 468 2420 525 Romae
2452 470 2618 543 igitur
2648 471 2799 528 brevi
2834 471 2924 528 ille
2971 481 3213 542 tempore
3244 487 3603 533 commoratu.

350 551 581 607 δέδωκεν
625 547 792 603 αὐτοῦ
840 550 930 603 τὸν
973 551 1049 605 ἰὸν
1093 553 1399 624 Μαρκίωνι.
1457 555 1657 629 Διόπερ
1691 558 1877 614 τοῦτον
1904 561 1934 613 ό

351 642 618 714 Μαρκίων
646 641 934 707 διεδέξατο.

421 733 497 787 B'.
534 731 647 803 Τῆς
674 731 733 785 δὲ
772 731 1035 803 αἱρέσεως
1065 732 1327 799 ὡσαύτως
1373 738 1636 811 φωρατῇς
1657 737 1845 812 οὔσης,
1873 743 1933 798 ὲν

224 874 235 881 ,
352 824 601 895 συντόμῳ
640 823 769 895 περὶ
811 822 1015 894 ταύτης
1062 825 1191 895 ἡμῖν
1226 824 1377 880 ἔσται
1402 826 1579 897 λόγος.
1633 828 1934 902 Ἀρξόμεθα

349 916 408 970 δὲ
434 915 598 970 πάλιν
634 918 734 986 τῆς
774 917 896 969 κατ’
943 916 1109 969 αὑτοῦ
1141 916 1451 991 ἀνατροπῆς
1494 920 1591 974 ἀπ’
1617 922 1796 977 αὐτῶν
1826 923 1934 981 τῶν

352 1009 482 1080 παρ’
512 1006 677 1060 αὑτοῦ
701 1006 1034 1078 λεγομένων.
1070 1009 1191 1063 Ὅτι
1212 1010 1312 1081 μὲν
1341 1010 1451 1082 γὰρ
1491 1010 1585 1066 δύο
1608 1013 1783 1085 ἀρχὰς
1814 1018 1934 1070 επι-

349 1101 546 1155 τοαυτδ
572 1096 709 1155 εἶναι
726 1100 1002 1168 ἀδύνατον,
1025 1101 1204 1174 δῆλον.
1228 1104 1291 1157 ΕΞ
1316 1104 1332 1135 ¹
1361 1103 1469 1177 γὰρ
1501 1094 1565 1159 αἴ
1587 1106 1679 1161 δύο
1710 1108 1775 1161 ἐκ
1802 1111 1933 1181 μιᾶς

349 1190 456 1245 εἱσί
482 1208 643 1256 τινος,
679 1191 712 1263 ἢ
739 1194 771 1263 ἡ
815 1192 911 1263 μὲν
950 1192 1067 1249 ἐστι
1098 1193 1346 1268 δευτέρα,
1378 1197 1413 1266 ἠ
1446 1195 1504 1249 δὲ
1548 1196 1650 1268 τῆς
1674 1198 1932 1272 δευτέρας

346 1280 497 1334 αἰτία
527 1281 622 1334 καὶ
648 1281 814 1352 ἀρχή.
851 1280 1226 1354 Ζητηθήσεται
1249 1279 1340 1337 οὖν
1366 1284 1484 1355 ἦτοι
1511 1285 1658 1338 αίτία
1679 1286 1787 1341 τῶν
1814 1286 1929 1357 δύο,

347 1372 380 1443 ἦ
409 1372 641 1443 ὁποτέρα
689 1373 894 1428 τούτων
931 1375 1074 1447 ἀρχὴ
1108 1372 1242 1430 οὖσα
1281 1377 1382 1449 τῆς
1405 1377 1619 1449 ἑτέρας,
1651 1379 1727 1443 ὡς
1754 1380 1893 1453 εφην
1913 1398 1929 1415 ·

346 1466 441 1519 καὶ
462 1463 635 1530 οὕτως
662 1466 726 1521 ὲκ
762 1467 963 1531 παντὸς
994 1468 1198 1540 τρόπου
1223 1470 1316 1523 ἐπὶ
1353 1470 1454 1543 τὴν
1507 1472 1635 1542 μίαν
1668 1473 1930 1529 ἀνακτέον

344 1557 443 1629 τὴν
467 1558 724 1625 διάνοιαν,
757 1560 857 1632 τὴν
884 1561 1282 1635 εὐρισκομένην
1313 1562 1555 1635 πρώτην,
1582 1565 1642 1632 ἐξ
1658 1561 1730 1638 ἧς
1770 1568 1864 1622 καὶ
1892 1569 1926 1639 ή

341 1649 593 1722 δευτέρα,
623 1651 742 1723 ἦτοι
766 1650 1101 1723 ἀμφότεραι,
1136 1651 1320 1717 καθὼς
1349 1654 1638 1721 δέδεικται,
1666 1660 1744 1721 ὼς
1768 1657 1925 1730 ἔφην.

355 1741 677 1795 Ἐπιτοαυτὸ
690 1741 748 1796 δὲ
768 1741 1030 1822 ἀδύνατον
1049 1743 1150 1808 τὰς
1172 1743 1265 1798 δύο
1289 1745 1466 1816 ἀρχὰς
1487 1745 1755 1819 ὑπάρχειν
1768 1765 1783 1781 ’
1813 1750 1930 1803 ἀλλ’

2035 572 2193 613 suum
2227 557 2491 615 Marcioni
2508 561 2660 618 virus
2686 560 2942 631 aspersit,
2977 577 3139 632 quem
3189 562 3353 617 etiam
3396 580 3611 621 succes-

2035 666 2217 708 sorem
2249 652 2462 709 habuit.

2106 739 2171 795 ll.
2198 742 2397 797 Verum
2435 756 2560 799 cum
2608 757 2721 798 non
2780 741 2964 799 minus
3012 743 3224 799 caeteris
3251 744 3480 802 haeresis
3510 748 3612 803 ista

2035 831 2369 903 deprehendi
2425 850 2490 891 ac
2533 835 2790 907 redargui
2822 834 2983 890 facile
3037 836 3233 904 possit,
3275 840 3464 906 paucis
3494 854 3612 908 qua’

2033 921 2103 976 ad
2122 936 2241 976 eam
2270 922 2549 994 pertinent
2573 925 2930 995 complectar,
2955 925 3183 994 ejusque
3202 924 3514 982 refellenda
3546 929 3612 982 ab

2032 1010 2292 1082 illisipsis
2320 1028 2510 1068 eorum
2538 1013 2773 1070 decretis
2832 1014 3046 1069 initium
3079 1027 3374 1069 arcessam.
3402 1013 3612 1069 Etenim

2033 1100 2142 1157 duo
2159 1103 2321 1159 simul
2351 1119 2539 1160 rerum
2573 1119 2697 1161 esse
2737 1104 3011 1174 principia
3043 1120 3389 1177 nequaquam
3445 1119 3613 1175 posse

2033 1195 2385 1252 manifestum
2425 1204 2532 1253 est.
2574 1196 2715 1251 Nam
2755 1204 2850 1252 aut
2908 1196 3021 1252 duo
3056 1198 3126 1253 ab
3158 1212 3270 1252 uno
3322 1204 3614 1252 manarunt

2031 1287 2235 1359 aliquo,
2273 1296 2369 1343 aut
2395 1304 2567 1345 unum
2619 1289 2924 1346 secundum
2968 1298 3075 1353 est,
3117 1291 3350 1345 alterum
3386 1289 3613 1346 secundi

2032 1390 2201 1433 causa
2265 1393 2458 1434 rursus
2519 1392 2584 1433 ac
2644 1378 3001 1448 principium.
3043 1377 3411 1444 Quaerendum
3450 1379 3615 1448 igitur

2030 1474 2136 1534 est,
2166 1484 2415 1539 quaenam
2451 1469 2734 1524 amborum
2769 1484 2937 1526 causa
2959 1470 3051 1533 sit,
3095 1480 3190 1524 aut
3219 1470 3367 1540 quod
3399 1486 3465 1526 ex
3506 1470 3616 1526 illis

2031 1558 2364 1629 principium
2408 1559 2481 1617 sit
2542 1560 2791 1625 alterius,
2848 1567 2910 1614 ut
2958 1560 3239 1628 diximus;
3299 1560 3491 1630 sicque
3544 1561 3614 1615 ad

2031 1666 2200 1705 unum
2226 1651 2451 1707 omnino
2492 1651 2781 1708 referenda
2836 1653 3119 1724 cogitatio,
3175 1654 3323 1725 quod
3374 1654 3613 1724 primum

2032 1743 2296 1807 occurrit,
2321 1758 2354 1797 a
2381 1759 2493 1814 quo
2510 1746 2839 1818 secundum,
2870 1754 2965 1803 aut
3012 1747 3174 1802 ambo
3221 1747 3315 1801 illa
3341 1745 3615 1816 proﬁcisci

340 1824 466 1877 οὐδὲ
501 1823 849 1899 διαφέρεσθαι
879 1826 975 1899 τὴν
1022 1828 1153 1899 μίαν
1186 1828 1323 1900 πρὸς
1354 1830 1452 1901 τὴν
1491 1830 1659 1901 ἀλλην
1680 1831 1924 1888 δυνατόν.

2036 1830 2550 1891 demonstravimus.
2608 1834 2728 1891 Duo
2777 1851 2944 1907 porro
3005 1836 3171 1892 simul
3224 1844 3286 1890 ut
3346 1835 3617 1907 principia

340 1920 406 1975 Et
428 1921 538 1993 γὰρ
564 1921 940 1994 διαφέρονται,
976 1923 1083 1976 εἰσὶ
1112 1922 1210 1994 μὲν
1237 1922 1351 1977 δύο.
1390 1923 1483 1995 Τῷ
1507 1924 1564 1978 δὲ
1592 1923 1686 1978 δύο
1711 1925 1929 1998 ἀριθμῷ

341 2012 747 2084 εὐρισκόμεναι,
783 2013 875 2066 τὸν
924 2014 1021 2067 ἕνα
1065 2013 1301 2085 ἀριθμὸν
1344 2013 1778 2086 ὑπερϐεϐήκασι.
1822 2016 1928 2070 Τοῦ

339 2103 396 2156 δὲ
434 2104 552 2167 ἐνὸς
584 2104 678 2158 καὶ
713 2103 932 2177 πρώτου
974 2104 1209 2177 ἀριθμοῦ
1249 2104 1605 2177 ζητουμένου,
1639 2108 1695 2161 αἱ
1732 2106 1827 2161 δύο
1850 2106 1929 2178 τῷ

339 2196 424 2250 ἑνὶ
448 2196 666 2269 ἀριθμῷ
704 2198 798 2251 καὶ
846 2197 1106 2269 ἀνωτέρω
1149 2198 1467 2252 ὑπόκεινται
1506 2197 1584 2269 τῷ
1627 2198 1790 2270 αἰτίῳ
1820 2200 1928 2255 τῶν

338 2286 434 2341 δύο
461 2288 594 2342 ὄντι.
652 2288 726 2342 Οὐ
753 2287 862 2360 γὰρ
907 2288 961 2342 αἱ
993 2286 1086 2342 δύο
1112 2289 1170 2341 αἱ
1199 2289 1337 2360 μετά
1360 2289 1456 2343 τὸν
1484 2288 1581 2343 ἕνα
1602 2287 1856 2361 ἀριθμὸν,
1892 2290 1927 2362 ἢ

338 2381 441 2452 τὴν
477 2381 605 2451 μίαν
634 2380 809 2453 ἀρχὴν
836 2382 931 2436 καὶ
959 2380 1205 2454 πρώτην,
1239 2381 1409 2435 αἰτίαι
1438 2381 1647 2435 ἑαυτῶν
1673 2381 1928 2437 δύνανται

338 2471 512 2528 εἶναι·
558 2474 651 2528 τοῦ
677 2473 857 2528 ένικοῦ
904 2472 1142 2547 ἀριθμοῦ
1176 2474 1270 2529 καὶ
1301 2474 1580 2528 ἀνωτάτου
1616 2474 1704 2528 ἀεὶ
1734 2472 1929 2545 ζητου-

344 2564 531 2638 μένου.
563 2565 627 2620 Εἰ
652 2566 760 2638 γὰρ
795 2567 852 2620 αἱ
886 2565 981 2620 δύο
1008 2565 1397 2638 εὑρεθήσονται
1440 2566 1569 2636 μιᾶς
1597 2564 1763 2638 οὔσης
1791 2582 1931 2634 συμ-

344 2656 570 2726 φωνίας,
614 2657 708 2710 καὶ
752 2657 1166 2728 συγχαίρουσαι,
1208 2659 1303 2711 καὶ
1342 2657 1731 2727 συμφωνοῦσαι
1763 2656 1929 2729 ἀλλή-

339 2748 481 2812 λαις,
512 2749 570 2801 ὲν
597 2747 676 2820 τῷ
704 2749 807 2821 τὴν
840 2749 939 2819 μὲν
972 2748 1101 2819 μίαν
1127 2748 1464 2819 παραμένειν
1492 2749 1591 2818 τῆς
1623 2748 1816 2819 ἑτέρας
1840 2748 1930 2800 εὑ-

339 2838 625 2910 δοκούσης,
660 2841 756 2893 καὶ
787 2840 886 2911 τῆς
926 2839 1093 2910 ἄλλης
1126 2838 1183 2891 δὲ
1228 2837 1546 2910 χαιρούσης,
1586 2839 1653 2908 τῇ
1688 2837 1786 2908 τῆς
1814 2836 1929 2890 ἑτέ-

340 2948 442 3001 ρας
456 2930 708 3002 συζυγίᾳ,
724 2933 756 3002 ἡ
781 2930 967 2994 στάσις
982 2931 1066 2994 τίς
1084 2932 1232 2984 ἐστιν
1250 2929 1522 2999 ἀναμέσον
1540 2928 1867 3000 ἀμφοτέρων
1884 2930 1927 2982 ’;

340 3022 405 3076 Ei
453 3021 510 3076 δὲ
564 3023 912 3087 στασιάζουσι
972 3022 1068 3076 καὶ
1128 3021 1400 3091 ἰσχύουσιν
1453 3022 1570 3093 ἅμα
1620 3020 1929 3091 ἀμφότεραι

342 3112 480 3182 πρὸς
512 3115 746 3187 ἀλλήλας
781 3116 869 3169 ἐπ’
902 3115 1044 3187 ῐσης,
1089 3114 1275 3168 οὐκέτι
1307 3113 1542 3185 Χριστὸς
1575 3113 1603 3164 ὁ
1633 3110 1802 3165 ἐλθὼν
1839 3111 1928 3166 διὰ

338 3206 440 3279 τὴν
469 3206 724 3279 ἀθέτησιν
750 3209 848 3279 τῆς
873 3209 1001 3279 μιᾶς
1030 3206 1317 3278 δυνήσεται
1350 3204 1653 3260 καταλῦσαι
1673 3202 1770 3275 τὴν
1797 3203 1930 3257 ταύ-

338 3316 439 3370 της
457 3298 766 3371 τυραννίδα,
790 3299 958 3370 αὐτῆς
978 3298 1203 3369 ἀντεχού
1212 3314 1331 3369 σης,
1355 3297 1449 3350 xal.
1467 3294 1772 3367 δυναμένης
1793 3294 1930 3368 πρὸς

339 3391 441 3462 τὴν
480 3389 593 3444 ἄνω
633 3391 864 3462 ἀόρατον
915 3390 1011 3445 καὶ
1053 3390 1497 3460 ἀκατονόμαστον
1541 3387 1925 3456 ἀγωνίζεσθαι,

340 3481 587 3553 ἀντέχειν
623 3500 683 3536 τε
723 3483 816 3536 καὶ
853 3482 1120 3554 μηδέποτε
1158 3480 1418 3535 δύνασθαι
1448 3464 1830 3534 καταλύεσθαι.

2031 1923 2164 1990 sint,
2199 1923 2319 1980 ﬁeri
2352 1927 2573 1996 penitus
2607 1941 2718 1982 non
2743 1934 2924 1998 potest
2950 1945 2965 1995 ;
2990 1927 3086 1983 sed
3114 1941 3216 1982 nec
3246 1942 3415 1981 unum
3439 1932 3619 1996 potest

2029 2014 2101 2070 ab
2133 2013 2304 2071 altero
2335 2015 2576 2073 diﬂ‘erre.
2601 2015 2659 2071 Si
2693 2018 2839 2073 enim
2865 2016 3150 2083 diﬂ‘erunt,
3178 2017 3288 2072 duo
3313 2017 3424 2072 sint
3453 2031 3620 2088 opor-

2029 2112 2131 2159 tet.
2164 2104 2284 2161 Duo
2306 2122 2436 2163 vero
2462 2108 2510 2163 si
2539 2116 2918 2172 numerentur,
2961 2109 3294 2180 singularem
3328 2123 3618 2163 numerum

2029 2197 2319 2252 excedunt.
2355 2199 2491 2253 Cum
2524 2210 2703 2256 autem
2727 2201 2928 2256 unicus
2957 2201 3061 2257 iste
3095 2216 3160 2256 ac
3180 2202 3393 2272 primus
3424 2216 3617 2256 nume-

2027 2302 2123 2344 rus
2155 2298 2456 2358 quaeratur,
2496 2291 2654 2362 301
2678 2292 2792 2347 duo
2826 2293 2919 2347 illa
2947 2293 3217 2363 principia
3268 2292 3364 2347 uni
3424 2307 3488 2347 ac
3520 2308 3620 2346 su-

2028 2395 2217 2451 premo
2249 2381 2635 2452 subjicientur,
2664 2399 2695 2438 a
2730 2399 2841 2456 quo
2877 2384 3026 2440 velut
3066 2399 3096 2437 a
3132 2398 3302 2439 causa
3338 2382 3455 2437 duo
3481 2382 3615 2437 reii-

2028 2487 2137 2542 qua
2158 2459 2454 2543 pendeant.
2482 2473 2672 2547 Neque
2686 2477 2833 2531 enim
2870 2475 2981 2532 duo
2996 2476 3090 2531 illa
3123 2483 3246 2546 post
3281 2474 3617 2545 singularem

2028 2580 2339 2631 numerum,
2376 2576 2540 2638 atque
2589 2568 2818 2623 unicum
2866 2568 3220 2639 primumque
3277 2566 3611 2638 principium

2028 2656 2115 2711 sui
2144 2670 2266 2712 esse
2304 2671 2472 2712 causa
2502 2667 2733 2728 possunt
2760 2658 3032 2731 ipsorum,
3060 2673 3193 2723 cum
3216 2657 3513 2728 singularis
3550 2670 3617 2710 ae

2031 2761 2322 2816 supremus
2342 2748 2702 2817 nihilominus
2738 2764 3002 2803 numerus
3047 2749 3379 2818 inquiratur.
3412 2744 3615 2818 Finga-

2029 2853 2157 2892 mus
2175 2839 2324 2893 enim
2358 2837 2629 2910 ejusmodi
2688 2856 2816 2897 esse
2865 2840 2976 2895 duo
3006 2850 3070 2894 ut
3124 2842 3269 2895 inter
3322 2855 3444 2895 sese
3485 2854 3619 2894 con-

2029 2929 2288 2992 sentiant,
2313 2943 2378 2984 ac
2410 2932 2776 2987 communiter
2806 2930 3101 3001 gaudeant,
3140 2931 3358 3007 sibique
3385 2944 3620 2985 consen-

2030 3026 2189 3075 tanea
2243 3020 2354 3076 sint
2383 3021 2652 3078 invicem:
2681 3014 2758 3077 ita
2796 3029 2855 3077 ut
2884 3036 2995 3077 uno
3034 3021 3250 3076 volente
3292 3034 3356 3075 ac
3403 3021 3612 3075 libente

2031 3111 2305 3169 adhaereat
2342 3115 2575 3170 alterum
2607 3122 2722 3183 ;,et
2742 3115 2922 3186 ipsum
2962 3130 3182 3185 quoque
3213 3113 3440 3170 alterius
3484 3127 3619 3167 con-

2032 3205 2317 3274 junctione
2361 3205 2702 3274 delectetur,
2744 3222 2998 3278 quamam
3057 3223 3179 3264 esse
3232 3198 3412 3278 potest
3477 3205 3622 3260 inter

2039 3304 2331 3367 utrumque
2377 3297 2693 3353 dissensio?
2754 3297 2852 3354 Sin
2895 3307 3087 3353 mutuo
3131 3298 3505 3361 reluctantur,
3555 3309 3622 3351 ac

2038 3389 2140 3445 sibi
2165 3390 2448 3460 aequaliter
2484 3391 2775 3458 resistunt,
2834 3407 2947 3446 non
2982 3390 3181 3461 poterit
3214 3388 3488 3453 Christus,
3520 3387 3618 3459 qui

2036 3480 2102 3536 ad
2118 3481 2350 3536 alterum
2366 3482 2822 3553 exstinguendum
2841 3481 3097 3545 accessit,
3117 3481 3461 3553 tyrannicum
3500 3478 3618 3548 ejus

340 3573 684 3629 dominatum
713 3582 993 3630 evertere:
1020 3580 1209 3644 utpote
1243 3574 1392 3645 quod
1420 3573 1625 3627 acriter
1648 3571 1904 3637 obsistat,
1939 3579 1994 3627 et
2054 3573 2324 3632 adversus
2372 3590 2690 3646 supremum
2740 3575 2896 3642 illud,
2955 3572 3103 3645 quod
3146 3588 3247 3628 nec
3293 3570 3485 3636 videri,
3520 3584 3623 3627 nec

343 3670 619 3728 nominari
653 3676 855 3741 potest,
914 3670 997 3725 sic
1043 3677 1268 3741 pugnet,
1297 3683 1363 3724 ac
1388 3667 1714 3739 refragetur,
1752 3667 1902 3721 nulla
1932 3678 1990 3722 ut
2013 3668 2065 3724 vi
2088 3668 2248 3739 dejici
2268 3684 2389 3725 sese
2423 3668 2679 3741 patiatur.

409 3766 484 3821 Γ.
530 3768 692 3837 Λέγει
736 3766 794 3820 δὲ
834 3768 863 3819 ό
912 3764 1120 3838 ἠλίθιος
1166 3766 1261 3818 καὶ
1306 3763 1397 3818 τὸν
1439 3765 1602 3835 νόμον
1661 3763 1757 3818 καὶ
1802 3762 1933 3827 τοὺς

339 3861 627 3931 προφήτας
658 3858 757 3929 τῆς
791 3856 1003 3928 φαύλης
1039 3857 1133 3910 καὶ
1164 3854 1411 3919 ἐναντίας
1448 3849 1587 3908 εἶναι
1617 3854 1811 3925 ἀρχῆς,
1840 3854 1933 3908 τὸν

339 3951 397 4005 δὲ
425 3950 658 4023 Χριστὸν
690 3949 789 4022 τῆς
836 3948 1068 4019 ἀγαθῆς.
1118 3946 1290 4002 Πόθεν
1333 3942 1427 4001 οὖν
1470 3946 1520 3999 οἱ
1560 3946 1835 4017 προφῆται
1865 3945 1934 4000 τὰ

341 4044 423 4107 εἰς
452 4043 685 4115 Χριστὸν
711 4041 1075 4112 τετυπωμένα
1115 4038 1602 4112 προανεφώνησαν,
1642 4038 1690 4091 εἰ
1724 4038 1799 4109 μὴ
1833 4038 1933 4109 μία

343 4130 414 4208 ἦν
448 4136 544 4188 καὶ
580 4136 616 4206 ἡ
663 4134 802 4205 αὑτὴ
843 4132 1092 4203 δύναμις,
1139 4134 1174 4203 ὴ
1210 4131 1492 4203 λαλήσασα
1537 4132 1595 4183 ὲν
1638 4129 1789 4200 νόμῳ
1839 4130 1933 4183 καὶ

2110 3763 2199 3818 Ill.
2241 3764 2399 3830 Quod
2456 3772 2640 3820 autem
2679 3763 2910 3817 insanus
2958 3762 3049 3817 ille
3103 3763 3269 3831 legem
3299 3775 3361 3813 ac
3388 3759 3624 3829 prophe-

2037 3865 2124 3913 tas
2168 3856 2444 3912 existimat
2486 3872 2519 3911 a
2559 3855 2821 3912 deteriori
2856 3870 2922 3909 ac
2951 3853 3238 3909 contrario
3269 3867 3392 3907 esse
3415 3851 3625 3920 princi-

2039 3948 2152 4019 pio,
2187 3962 2219 4001 a
2252 3946 2478 4003 meliore
2525 3962 2658 4003 vero
2708 3945 3025 4011 Christum;
3088 3944 3132 3998 si
3180 3943 3233 3997 id
3283 3957 3472 3998 verum
3514 3950 3621 4005 est,

2038 4040 2315 4111 quomodo
2365 4055 2492 4111 quae
2549 4039 2619 4094 ad
2666 4036 2946 4094 Christum
3002 4035 3305 4090 attinebant
3347 4034 3627 4105 prophetae

2006 4112 2203 4188 lcertis
2242 4130 2545 4203 ﬁgurarum
2581 4128 2884 4185 involucris
2918 4126 3133 4183 obtecta
3160 4125 3440 4180 vaticinati
3471 4132 3621 4189 sunt,

345 4229 406 4281 ὲν
458 4227 765 4298 προφήταις
810 4225 904 4279 καὶ
945 4222 1328 4293 Εὐαγγελίοις;
1380 4220 1632 4292 καθάπερ
1660 4219 1837 4288 λέγει·
1881 4219 1929 4271 '0

2041 4220 2151 4276 nisi
2188 4236 2299 4275 una
2343 4220 2648 4290 eademque
2686 4220 2771 4275 vis
2818 4224 2986 4284 esset,
3031 4232 3153 4287 quae
3184 4218 3239 4271 in
3272 4215 3389 4285 lege
3421 4215 3624 4285 pariter

345 4318 556 4375 λαλῶν
595 4319 665 4371 ἐν
708 4316 835 4383 τοῖς
866 4315 1200 4384 προφήταις
1248 4312 1377 4368 ἰδοὺ
1419 4312 1677 4382 πάρειμι,
1728 4311 1823 4366 καὶ
1869 4310 1929 4365 τὰ

2044 4328 2108 4369 ac
2153 4312 2467 4385 prophetis,
2519 4321 2683 4382 atque
2716 4309 3026 4381 Evangeliis
3059 4309 3243 4362 locuta
3272 4306 3381 4362 sit?
3418 4304 3622 4371 Quem-

346 4411 498 4479 ἑξῆς.
527 4409 700 4464 Πόθεν
734 4409 792 4463 δὲ
834 4408 928 4462 καὶ
958 4409 986 4460 ὁ
1019 4405 1223 4477 Κύριος
1249 4407 1307 4458 ὲν
1344 4403 1423 4475 τῷ
1452 4401 1767 4473 Εὑαγγελίῳ
1802 4418 1929 4474 προ-

2043 4406 2338 4462 admodum
2393 4404 2571 4460 dicit:
2604 4404 2709 4469 Qui
2762 4403 3015 4474 loquebar
3066 4404 3119 4457 in
3163 4399 3426 4469 prophetis
3454 4437 3469 4462 ,
3512 4413 3626 4452 ecce

346 4502 614 4572 ανεφὼνει
636 4540 651 4565 ,
715 4500 889 4569 λέγων
911 4518 925 4530 ·
975 4501 1046 4553 El
1099 4496 1349 4552 Μωῢσεῖ
1398 4496 1777 4560 ἐπιστεύετε,
1840 4493 1929 4549 καὶ

2045 4497 2236 4552 adsum
2266 4498 2315 4562 ⁸,
2355 4505 2465 4552 etc.
2514 4494 2787 4570 Praeterea
2831 4511 2927 4550 cur
2956 4494 3223 4549 Dominus
3251 4493 3307 4545 in
3337 4489 3630 4561 Evangelio

344 4594 476 4665 ἐμοὶ
504 4593 583 4649 ἂν
607 4593 954 4648 ἐπιστεύετε
972 4606 987 4621 ·
1016 4591 1247 4656 ἐκεῖνος
1274 4591 1384 4658 γὰρ
1412 4588 1546 4657 περὶ
1589 4588 1735 4657 ἐμοῦ
1768 4588 1929 4658 Erpu-

2044 4589 2408 4661 praadicaret?
2442 4587 2504 4643 Si
2533 4587 2708 4657 Moysi
2745 4586 3046 4650 crederetis,
3079 4584 3362 4639 crederetis
3394 4582 3629 4651 forsitan

344 4690 466 4757 ﬂre;
505 4684 612 4741 Καὶ
658 4684 830 4739 πολλά
885 4700 976 4755 μοι
1031 4683 1147 4736 ἔστι
1199 4682 1329 4753 περὶ
1372 4679 1689 4752 μαρτυριῶν
1735 4680 1929 4748 λέγειν,

2044 4692 2093 4737 et
2127 4682 2295 4738 mihi:
2326 4681 2390 4735 de
2416 4697 2498 4736 me
2521 4681 2661 4734 enim
2708 4680 2799 4733 ille
2842 4678 3053 4747 scripsit
3081 4679 3124 4731 ⁵.
3174 4676 3338 4731 Plura
3372 4674 3628 4744 equidem

347 4777 535 4843 καθὼς
590 4766 916 4849 συναγείρας
969 4775 1165 4847 σχολὴν
1219 4771 1400 4843 ἑαυτῷ
1452 4772 1707 4842 εποίησεν
1756 4773 1785 4823 ὁ
1846 4770 1929 4824 ἐπὶ

2047 4774 2115 4830 de
2141 4773 2415 4844 ejusmodi
2446 4771 2779 4827 testimoniis
2807 4771 2861 4824 in
2886 4769 3125 4825 medium
3157 4766 3353 4822 ali‘erre
3382 4778 3626 4836 possem,

350 4870 738 4941 συγκυρήματι
778 4867 1000 4939 πονηρῷ
1041 4866 1120 4938 τῷ
1157 4866 1347 4937 κόσμῳ
1381 4864 1807 4934 ὲπιϐλαστήσας,
1847 4862 1929 4916 καλ

2047 4866 2246 4937 quibus
2294 4862 2654 4919 accumulatis
2684 4861 2929 4917 scholam
2962 4860 3053 4914 ille
3086 4859 3190 4915 sibi
3220 4856 3497 4921 conﬂavit,
3531 4857 3628 4926 qui

351 4959 633 5029 πλανήσας
675 4959 799 5023 τοὺς
834 4959 924 5012 ὑπ’
966 4956 1128 5011 αὐτοῦ
1164 4954 1634 5025 πεπλανημένους.
1673 4950 1929 5024 Παρελεύ-

2049 4955 2254 5011 infelici
2308 4954 2552 5025 quodam
2604 4953 2718 5008 fato
2767 4966 3114 5007 communem
3162 4949 3231 5003 ad
3271 4950 3421 5004 orbis
3452 4949 3630 5019 perni-

355 5068 523 5122 σομαι
561 5051 618 5105 δὲ
668 5051 763 5104 καὶ
803 5049 1028 5120 ταύτην,
1053 5047 1203 5117 ὡσεὶ,
1230 5045 1474 5117 μέμυκος
1507 5046 1528 5077 ³
1558 5045 1653 5099 καὶ
1690 5061 1929 5114 πεμφρη-

2048 5045 2187 5100 ciem
2217 5043 2473 5110 ellioruit,
2527 5059 2591 5100 ac
2618 5050 2919 5099 sectatores
2963 5057 3094 5097 suos
3137 5041 3190 5095 in
3231 5039 3476 5094 fraudem
3506 5038 3628 5107 im-

352 5143 502 5206 δόνος
541 5141 651 5214 (61)
695 5141 802 5197 τῶν
848 5141 1171 5196 ὀδυνοποιῶν
1219 5142 1284 5192 ὲκ
1337 5138 1601 5191 πετεινῶν
1657 5135 1929 5190 κνωδάλωι

2050 5138 2208 5208 pulit.
2263 5137 2370 5193 Sed
2401 5139 2543 5194 hanc
2588 5153 2692 5209 ego
2734 5152 2953 5208 quoque
2995 5135 3430 5206 przetermittam,
3482 5140 3628 5203 post-

428 5280 447 5311 ¹
473 5277 536 5335 F.
570 5280 627 5350 ἡ.
702 5279 724 5308 ³
749 5276 886 5333 Cum
908 5276 1335 5348 interrogatione
1357 5276 1461 5347 leg.
1497 5274 1854 5346 ἀμφοτέρων;
1925 5275 1929 5302 ⁵

2036 5316 2045 5329 .
2077 5276 2387 5346 μύρμηκος.
2466 5274 2489 5307 ⁸
2513 5273 2618 5332 lsa.
2657 5291 2753 5342 LII,
2781 5274 2833 5328 6.
2911 5273 2931 5305 ⁸
2958 5270 3111 5326 Joan.
3144 5287 3198 5334 ν,
3234 5271 3323 5325 46.

2049 5387 2186 5445 Vide
2214 5388 2579 5444 Scholiasten.
2609 5386 2714 5453 Qui
2748 5386 2998 5457 βέμὸυκα
3026 5384 3342 5457 σφηκοειδὲς
3374 5382 3628 5457 quiddam

2048 5475 2172 5515 esse
2199 5460 2353 5523 dicit,
2384 5460 2551 5531 μέλαν
2582 5459 2721 5511 κατά
2748 5453 2850 5531 τὴν
2877 5453 3088 5531 χροιὰν,
3118 5453 3326 5531 κέντρῳ
3353 5453 3631 5531 χρώμενον

2048 5531 2195 5593 ὼςοῐ
2225 5523 2451 5600 σφῆκές.
2490 5528 2594 5585 Sed
2632 5535 2689 5600 et
2715 5523 2816 5600 τὴν
2860 5523 3189 5600 ⁴έένθρήγηκέε
3243 5523 3360 5600 SW9
3392 5523 3634 5600 ’τενθρηο

2048 5600 2177 5653 δόνα
2213 5615 2242 5652 a
2272 5593 2570 5657 "nonnullis
2620 5593 2867 5671 βέμὸυκα
2913 5593 3270 5654 γοέιιιῆζιίιεο
3320 5593 3629 5666 Stephanus

2050 5670 2105 5723 in
2137 5671 2419 5723 Thesauro.

2050 5670 2105 5725 in
2137 5671 2419 5727 Thesauro.

429 5394 543 5463 (61)
588 5392 748 5449 Ὠσεὶ
789 5393 1085 5463 μέμυκος,
1137 5392 1238 5445 καὶ
1283 5390 1725 5463 πεμφρηδόνος.
1784 5387 1941 5463 Quod

358 5460 557 5535 insecti
584 5479 761 5535 genus
790 5460 878 5517 'sit
919 5462 1100 5535 μέμυξ
1135 5460 1371 5535 viderint
1408 5460 1636 5516 eruditi.
1682 5460 1948 5535 Suspicor

357 5538 481 5605 leg.
502 5530 776 5605 βέμῖὁυκος
807 5550 820 5564 ·
856 5530 1017 5605 quod,
1042 5532 1369 5605 vocabulum
1392 5548 1521 5605 cum
1545 5530 1950 5603 pemphrcdone

357 5549 468 5605 leg.
502 5549 776 5604 βεμουκος
807 5550 820 5564 ·
856 5549 1002 5659 anon
1042 5549 1364 5588 vocabulum
1393 5549 1501 5586 cun

355 5604 650 5676 conjungit
682 5603 853 5660 Nican
893 5619 953 5659 er
988 5602 1232 5672 Alexiph.
1262 5619 1315 5666 v,
1349 5603 1453 5657 185
1487 5621 1501 5657 :

361 5764 755 5837 Πεμφρηδὼν,
786 5764 1020 5837 σφῆκές
1060 5781 1121 5821 τε
1163 5692 1708 5831 καὶῦῗέῖᾝὲῗέῦκες
1746 5762 1947 5830 opstat.
