3950 6154
356 308 460 366 695

1775 303 1831 361 S.
1864 302 2226 365 EPIPHANII.’

3524 303 3626 360 6'36

358 442 522 498 quam
569 440 688 482 eam
736 423 999 495 memycis
1049 423 1362 493 cujusdam,
1402 439 1467 479 ac
1508 420 1967 494 pemphredouis,

2076 422 2378 509 ρμωμένων
2428 420 2532 476 ὑπὸ
2580 421 2710 493 μίαν
2744 420 2900 493 θῆξιν
2927 420 3375 475 ὲκπετασθέντων
3412 422 3513 493 τὴν
3544 423 3630 477 ἀνι

359 516 531 590 (quod
586 529 762 584 vespae
805 529 979 585 genus
1023 515 1126 585 est)
1178 517 1372 583 instar,
1412 532 1534 588 quae
1563 520 1616 570 et
1641 513 1753 570 ictu
1784 516 1940 570 dolo-

2077 515 2241 568 λωσιν
2276 514 2642 585 ποιησάμενος
2667 513 2758 567 διὰ
2798 513 2901 583 τῆς
2936 511 3029 567 τοῦ
3068 510 3203 565 Θεοῦ
3233 512 3632 583 ἐνεργεστάτης

361 624 473 664 rem
501 606 807 673 incutiunt,
833 615 887 661 et
907 622 974 662 ex
998 620 1359 677 pennatorum
1386 609 1720 665 insectorum
1743 621 1941 679 genere

361 706 511 763 sunt,
555 712 666 752 uno
698 705 959 752 contactu
989 699 1306 770 obtrituque
1336 699 1640 772 proﬂigari,
1676 699 1940 757 ellicacis-

312 792 323 801 ’
361 791 498 845 sima
526 788 621 844 Dei
655 788 758 845 ﬁde
789 805 851 844 ac
886 789 1114 845 salutari
1145 773 1377 846 Domini
1402 794 1578 848 nostri
1614 792 1744 848 Jesu
1790 791 1944 846 Chri-

362 884 431 938 sti
484 881 737 937 doctrina
789 882 1079 949 subnixus,
1135 884 1229 955 qui
1270 883 1449 942 dixit:
1494 884 1673 939 Videte
1711 899 1773 938 ne
1802 882 1942 937 deci-

363 973 588 1043 piamini
631 973 674 1029 ¹.
728 972 892 1027 Multi
953 974 1090 1027 enim
1156 976 1358 1029 venient
1415 973 1875 1044 pseudoproplietw
1897 975 1941 1025 ².

367 1064 614 1135 Cumque
644 1072 696 1120 et
725 1064 1020 1136 Apostolus
1063 1064 1130 1121 de
1173 1066 1367 1122 iisdem
1411 1066 1688 1122 emcntitis
1715 1064 1945 1121 christis

367 1168 433 1210 ae
464 1156 761 1227 magistris,
819 1155 1083 1228 falsisque
1115 1156 1381 1212 fratribus
1412 1157 1630 1214 locutus
1663 1156 1942 1211 cautiores

368 1241 471 1302 nos
502 1246 824 1312 reddiderit,
862 1248 929 1302 ad
955 1247 1219 1317 reliquas,
1251 1255 1415 1318 prout
1441 1246 1637 1302 ordine
1667 1262 1788 1303 sese
1817 1245 1948 1302 οπε-

368 1346 519 1403 runt,
552 1337 934 1394 transferenda
966 1338 1125 1393 nobis
1153 1345 1238 1395 est
1261 1339 1459 1393 oratio.

641 1470 1088 1543 30200NTRA
1134 1470 1669 1537 MARCIONISTAS,

582 1584 715 1651 Qua:
772 1594 848 1640 est
909 1585 1125 1641 ha’resis
1190 1582 1367 1649 ΧΧΙΙ
1416 1583 1496 1638 vel
1547 1581 1734 1637 XLII.

442 1694 483 1750 l.
527 1694 794 1761 Marcion,
842 1711 874 1751 a
903 1711 1013 1767 quo
1059 1694 1428 1749 Marcionistae
1483 1693 1752 1749 nominati
1800 1700 1951 1757 sunt,

2041 606 2277 670 πίστεώς
2303 624 2365 660 τε
2399 608 2493 661 καὶ
2524 605 2899 677 σωτηριώδους
2923 604 3272 669 διδασκαλίας
3299 604 3394 658 τοῦ
3424 605 3634 676 Κυρίου

2043 699 2201 770 ήμῶν
2238 697 2414 769 Ἰησοῦ
2475 695 2748 768 Χριστοῦ,
2797 695 2890 750 τοῦ
2932 695 3210 769 εἰπόντος’
3248 696 3515 749 Βλέπετε
3546 695 3633 764 μὴ

2045 789 2413 859 πλανηθῆτε.
2457 788 2686 843 Πολλοὶ
2740 787 2851 858 γὰρ
2900 788 3255 842 ἐλεύσονται
3298 786 3639 856 ψευδοπρο-

2044 883 2244 955 φῆται.
2277 883 2388 937 Καὶ
2419 881 2515 935 τοῦ
2557 878 2880 934 Ἀποστόλου
2915 879 3044 951 περὶ
3083 879 3192 933 τῶν
3224 879 3405 932 αὑτῶν
3441 879 3637 949 ψευδο⁴

2045 976 2301 1048 χρίστων,
2325 975 2419 1028 καὶ
2441 970 2963 1043 ψευδοδιδασκάλων,
2992 969 3087 1025 καὶ
3113 969 3497 1039 ψευδαδέλφων
3531 969 3637 1039 φή-

2049 1083 2262 1132 σαντος,
2289 1065 2383 1118 καὶ
2404 1062 2553 1136 ἡμᾶς
2572 1062 3037 1133 ἀσφαλισαμένου,
3067 1061 3162 1114 ἐπὶ
3187 1058 3288 1124 τάς
3317 1059 3468 1130 ἑξῆς,
3497 1057 3641 1112 κατά

2047 1156 2146 1229 τὴν
2180 1155 2502 1210 ἀκολουθίαν
2533 1152 2936 1226 προϐαινόντων
2970 1153 3077 1207 τῶν
3112 1152 3308 1218 ἄλλων,
3339 1151 3641 1224 ποιήσομαι

2047 1248 2146 1318 τὴν
2174 1248 2468 1319 ὑφήγησιν.

2460 1471 2650 1525 ΚΑΤΑ
2687 1470 3235 1535 ΜΔΡΚῙΩΝῙΣΤΩΝ,

2049 1583 2311 1654 Εὶκοστὴ
2348 1574 2622 1654 δευτέρα,
2656 1587 2695 1655 ἠ
2736 1586 2836 1640 καί
2875 1582 3338 1653 τεσσαρακοστὴ
3372 1582 3645 1651 δευτέρα.

2126 1697 2206 1750 Α’ς
2242 1695 2527 1768 Μαρκίων,
2568 1695 2659 1764 ἀφ’
2691 1690 2863 1767 οὗπερ
2888 1692 3326 1766 Μαρκιωνισταὶ,
3356 1696 3421 1747 ὲκ
3454 1691 3649 1746 τούτου

373 1803 404 1842 a
429 1788 675 1842 Cerdone
701 1788 794 1842 illo
815 1788 943 1842 novi
973 1786 1250 1857 dogmatis
1281 1785 1630 1841 occasionem
1661 1785 1953 1854 arripiens,

2076 1787 2163 1841 ποῦ’
2184 1787 2583 1860 προειρημένου
2623 1786 2905 1859 Κέρδωνος
2937 1787 3035 1857 τὴν
3068 1785 3343 1856 πρόφασιν
3388 1781 3649 1853 εἰληφὼς,

379 1877 572 1946 ingens
605 1883 660 1931 et
683 1876 801 1945 ipse
828 1875 1053 1930 coluber
1083 1874 1139 1928 in
1173 1874 1361 1930 orbem
1397 1881 1668 1929 terrarum
1709 1874 1956 1929 invectus

378 1974 483 2019 est.
550 1963 653 2029 Qui
685 1963 898 2018 inﬁnita
930 1964 1212 2020 hominum
1246 1963 1599 2020 multitudine
1639 1964 1805 2019 variis
1834 1964 1962 2017 arti-

381 2056 483 2111 bus
518 2055 586 2109 ad
636 2054 740 2109 hoc
789 2069 966 2125 usque
1020 2064 1236 2125 tempus
1285 2055 1472 2124 illusa,
1521 2056 1708 2111 ludum
1752 2056 1959 2111 erroris

379 2147 614 2217 aperuit.
647 2146 827 2219 Atque
857 2148 973 2203 haec
1006 2148 1234 2205 haeresis
1260 2149 1423 2206 hodie
1445 2128 1556 2206 non
1584 2148 1747 2205 modo
1772 2148 1961 2204 Romae

381 2247 434 2293 et
464 2239 519 2293 in
549 2237 703 2294 italia
747 2241 1043 2312 reperitur,
1092 2243 1192 2298 sed
1222 2250 1277 2298 et
1303 2242 1600 2315 Egyptum
1631 2258 1695 2298 ac
1722 2241 1962 2298 Palaesti-

377 2346 527 2397 nam,
570 2348 671 2389 nec
716 2350 826 2390 non
891 2336 1147 2392 Arabiam
1201 2351 1266 2393 ac
1313 2337 1554 2411 Syriam,
1616 2339 1855 2409 Cyprum
1896 2354 1961 2394 ac

378 2422 736 2491 Thebaidem,
779 2425 893 2480 imo
931 2428 1097 2484 etiam
1128 2428 1435 2496 Persidem,
1488 2431 1735 2503 aliasque
1778 2433 1960 2502 regio-

378 2530 477 2570 nes
530 2517 690 2587 longe
741 2524 827 2573 est
858 2519 1078 2590 lateque
1119 2531 1430 2593 pervagata.
1482 2508 1695 2590 Quibus
1737 2525 1793 2579 in
1826 2525 1962 2580 locis

377 2606 675 2676 plurimum
720 2609 1099 2679 nequissimus
1145 2613 1359 2670 daemon
1395 2614 1692 2672 calliditate
1749 2630 1848 2670 sua
1901 2630 1965 2671 ac

380 2698 757 2754 fraudulentia
790 2701 1065 2770 profecit.

452 2806 578 2865 Fuit
606 2809 710 2867 iste
746 2825 942 2883 genere
967 2812 1250 2880 Ponticus.
1300 2832 1364 2874 ex
1399 2832 1463 2874 ea
1504 2827 1660 2890 parte
1698 2836 1820 2893 qua
1863 2819 1968 2877 lle-

384 2901 713 2972 lenopontus
747 2903 972 2968 dicitur,
1005 2908 1208 2978 oppido
1249 2908 1473 2979 Sinope,
1505 2911 1966 2980 quemadmodum

384 2988 658 3062 frequenti
712 2994 780 3050 de
818 3011 884 3052 eo
928 2997 1072 3053 fama
1112 3000 1450 3070 percrebuit.
1503 3000 1609 3068 Qui
1655 3003 1813 3059 initio
1842 3004 1969 3059 vita:

384 3085 593 3141 scilicet
632 3088 940 3145 castitatem
989 3106 1102 3161 pre
1133 3107 1192 3147 se
1226 3090 1411 3149 ferens
1456 3095 1855 3150 monachorum
1890 3095 1971 3151 in-

389 3176 574 3230 stituta
597 3160 882 3246 professus
907 3154 1012 3247 est,
1047 3189 1275 3251 parente
1298 3190 1461 3240 natus
1496 3186 1783 3242 catholicae
1818 3201 1970 3241 com-
1994 3154 2038 3212 δ

389 3269 670 3324 :uunionis
720 3271 1004 3342 episcopo.
1055 3271 1256 3329 Postea
1304 3290 1430 3330 cum
1485 3278 1751 3350 virginem
1784 3295 1972 3350 quam-

387 3360 513 3412 dam
566 3359 901 3427 adamasset,
940 3377 1004 3418 ac
1057 3363 1344 3423 fraudibus
1388 3369 1723 3437 pellexisset,
1770 3370 1840 3424 ab
1877 3385 1973 3439 spe

386 3449 515 3504 vita:
554 3451 799 3507 caelestis
836 3453 985 3507 illam
1012 3453 1172 3523 juxta
1225 3471 1289 3511 ac
1333 3458 1694 3526 semetipsum
1741 3458 1964 3528 dejecit.

390 3540 472 3599 0b
504 3543 651 3598 hunc
687 3543 856 3614 igitur
884 3546 1155 3601 incestum
1190 3546 1438 3604 Ecclesia
1476 3548 1545 3606 ab
1587 3550 1709 3622 ipso
1750 3559 1974 3622 parente

393 3636 585 3701 pulsus
626 3644 745 3705 est,
802 3638 921 3693 viro
956 3639 1275 3710 comprimis
1316 3641 1597 3711 religioso;
1631 3657 1696 3698 ac
1726 3645 1973 3701 veritatis

392 3740 584 3793 amore
616 3725 1070 3799 ﬂagrantissimo,
1110 3743 1163 3785 et
1194 3730 1249 3784 in
1285 3729 1388 3786 hac
1424 3733 1752 3806 episcopalis
1787 3752 1976 3792 mune-

393 3818 469 3872 ris
499 3817 979 3875 administratione
1014 3822 1319 3891 prasstanti.
1352 3821 1449 3876 Cui
1490 3839 1615 3878 cum
1650 3824 1852 3881 Marcio
1880 3826 1973 3881 diu

391 3908 736 3980 multumque
770 3911 1168 3982 supplicasset,
1222 3926 1287 3967 ac
1339 3913 1722 3983 pcenitentiam
1781 3925 1975 3987 postu-

390 3999 599 4067 lasset,
669 4001 811 4057 hanc
865 4018 895 4056 a
948 4010 1103 4073 patre
1174 4004 1434 4074 precibus
1489 3992 1654 4062 nullis
1713 4008 1970 4064 obtinuit.

391 4090 784 4150 Vehementem
821 4096 1091 4166 siquidem
1138 4112 1207 4153 ex
1243 4113 1306 4152 ea
1346 4113 1406 4151 re
1447 4098 1691 4152 dolorem
1733 4099 1976 4167 Optimus

393 4199 563 4240 senex
610 4193 665 4240 et
709 4188 1003 4257 episcopus
1047 4197 1312 4256 cmperat,
1344 4173 1493 4258 quod
1531 4204 1640 4243 non
1672 4188 1763 4242 ille
1794 4191 1974 4243 solum

393 4274 728 4338 excidisset,
793 4275 888 4330 sed
942 4283 997 4330 et
1049 4277 1408 4346 ignominiam
1462 4277 1567 4332 sibi
1620 4292 1686 4331 ac
1738 4277 1976 4333 dedecus

394 4364 774 4432 imposuisset.
830 4364 974 4435 Ergo
1014 4367 1108 4420 ubi
1159 4383 1219 4422 se
1248 4368 1417 4423 nullis
1457 4368 1675 4423 artibus
1704 4368 1978 4423 eblandiri

396 4469 561 4523 posse
638 4453 785 4523 quod
847 4463 1073 4523 cuperet
1138 4457 1566 4519 animadvertit,
1624 4457 1974 4527 popularium

396 4561 619 4601 suorum
652 4546 852 4616 probra
887 4561 951 4600 ac
982 4547 1218 4602 ludibria
1253 4563 1363 4602 non
1401 4548 1704 4614 sustinens,
1736 4549 1876 4603 clam
1910 4551 1979 4605 ab

397 4636 599 4706 oppido
620 4635 867 4697 secessit.
902 4651 965 4692 ac
992 4635 1219 4690 Romam
1270 4645 1397 4707 post
1440 4637 1637 4710 Hygini
1671 4653 1825 4709 papae
1869 4638 1981 4694 obi-

399 4737 513 4781 tum
566 4741 689 4781 sese
723 4726 979 4790 contulit,
1015 4727 1163 4796 quia
1196 4727 1357 4782 Petro
1396 4726 1677 4798 Pauloque
1714 4726 1980 4797 apostolis

399 4831 580 4871 nonus
617 4814 877 4872 Ecclesiae
928 4816 1238 4888 prmiuerat.
1285 4819 1362 4874 Eo
1410 4820 1595 4874 statim
1629 4834 1694 4875 ac
1734 4818 1981 4874 Marcion

399 4908 649 4977 pervenit
701 4906 769 4961 ad
821 4909 1069 4965 seniores
1118 4909 1330 4976 adiens,
1376 4910 1470 4980 qui
1504 4910 1574 4964 ab
1605 4910 1980 4979 apostolorum

398 4999 687 5067 discipulis
726 5000 903 5056 edocti
951 5001 1132 5056 adhuc
1174 5011 1516 5071 supererant,
1555 5009 1614 5057 ut
1647 5003 1705 5056 in
1733 5016 1981 5056 commu-

408 5088 629 5143 nionem
678 5088 1055 5147 admitteretur
1096 5091 1165 5146 ab
1206 5092 1276 5147 iis
1320 5092 1527 5147 frustra
1563 5092 1739 5161 petiit.
1772 5092 1978 5158 Quam-

400 5181 591 5237 obrem
619 5182 1004 5241 exstimulatus
1033 5184 1272 5254 invidia,
1323 5184 1472 5255 quod
1511 5199 1623 5239 non
1676 5182 1981 5255 principem

477 5339 492 5368 ⁸
523 5337 657 5393 Luc.
693 5352 807 5403 xxx,
835 5338 887 5395 8.
964 5342 984 5371 ²
1014 5338 1180 5395 Marc.
1213 5357 1329 5407 xm,
1357 5340 1449 5397 22.

1250 5456 1261 5489 1

443 5513 589 5594 ,(62)
628 5512 916 5594 Οὗτος-τύ
948 5517 1143 5594 rarae.
1180 5518 1439 5594 Ponticus
1471 5534 1667 5592 genere
1715 5517 1816 5594 ἰλιίι
1848 5508 1985 5594 Minr-

405 5588 530 5655 eiou
560 5603 596 5655 ξ,
632 5603 791 5655 quem
825 5588 946 5642 ideo
990 5590 1249 5646 Ποντικὸν
1301 5588 1664 5646 λύκον’νοοιιι
1718 5588 1987 5644 Eusebius

409 5654 448 5706 Ι.
486 5671 517 5706 v
551 5654 715 5719 Ηὶεὶη
766 5673 815 5711 c.
855 5659 922 5712 l3
970 5659 1074 5714 hoc
1127 5671 1211 5716 est
1260 5661 1535 5715 Ponticum
1601 5662 1799 5725 lupum.
1849 5657 1986 5713 Male

411 5726 550 5785 enim
584 5725 857 5800 interpres
891 5726 1170 5784 Ponticum
1202 5730 1393 5799 lycum.
1428 5732 1541 5785 Sczi
1620 5733 1627 5737 ’
1694 5740 1869 5782 Διιιιριιι
1899 5728 1985 5781 ad-

2063 1880 2156 1935 καὶ
2185 1880 2348 1944 αὑτὸς
2378 1881 2553 1951 μέγας
2580 1879 2704 1950 ὄφις
2732 1877 2972 1950 προῆλθε
3000 1878 3077 1949 τῷ
3108 1877 3226 1948 βίῳ.
3262 1877 3404 1931 Πολὺ
3432 1877 3491 1930 δὲ
3516 1875 3652 1945 πλῆο

2061 1971 2152 2034 θος
2191 1970 2537 2041 ἐξαπατήσας
2583 1970 2664 2024 ἔτι
2710 1973 2790 2034 είς
2827 1968 2986 2041 δεῦρο
3028 1973 3107 2032 είς
3147 1968 3376 2031 πολλοὺς
3415 1968 3653 2036 τρόπους

2063 2061 2436 2132 προεστήσατο
2464 2060 2853 2115 διδασκαλεῖον.
2889 2060 2954 2113 Ἡ
2975 2059 3034 2113 δὲ
3061 2059 3272 2130 αἵρεσις
3301 2055 3381 2110 ἔτι
3411 2056 3509 2109 καὶ
3536 2054 3651 2118 νῦν,

2062 2152 2119 2207 ἐν
2142 2170 2202 2206 τε
2242 2152 2429 2224 Ῥώμῃ
2470 2151 2565 2207 καὶ
2603 2154 2663 2205 ὲν
2702 2154 2768 2223 τῇ
2812 2151 3033 2222 Ἰταλίᾳ,
3058 2152 3115 2205 ὲν
3148 2148 3412 2220 Αἰγύπτῳ
3444 2165 3509 2202 τε
3562 2145 3656 2200 καὶ

2063 2246 2121 2298 ὲν
2150 2242 2501 2315 Παλαιστίνῃ,
2549 2244 2609 2297 ὲν
2651 2241 2880 2313 ’Δραὸίᾳ
2915 2258 2976 2295 τε
3015 2240 3111 2295 καὶ
3162 2241 3220 2294 ὲν
3261 2243 3331 2311 τῇ
3372 2239 3565 2310 Συρίᾳ,
3599 2239 3655 2293 ὲν

2064 2335 2276 2409 Κύπρῳ
2305 2352 2367 2387 τε
2403 2334 2499 2388 καὶ
2527 2334 2774 2405 Θηϐαΐδι,
2804 2334 2865 2386 οὑ
2900 2335 3006 2406 μὴν
3036 2333 3171 2387 ἀλλὰ
3201 2332 3297 2387 καὶ
3337 2335 3396 2386 ὲν
3432 2335 3501 2403 τῇ
3529 2333 3659 2401 Περ-

2067 2428 2190 2492 σίδι,
2219 2427 2313 2480 καὶ
2341 2429 2399 2480 ὲν
2430 2425 2609 2489 ἄλλοις
2650 2426 2837 2490 τόποις
2863 2426 3200 2498 εὑρίσκεται.
3245 2423 3520 2493 Μεγάλως
3551 2421 3656 2493 γὰρ

2067 2521 2096 2571 ὁ
2127 2519 2361 2589 πονηρὸς
2393 2519 2450 2572 ὲν
2484 2518 2674 2581 αὑταῖς
2708 2518 3003 2589 κατίσχυσε
3035 2517 3134 2589 τὴν
3164 2516 3406 2589 ἀπάτην.

2139 2799 2308 2870 Οὗτος
2354 2806 2415 2859 τὺ
2465 2804 2622 2875 γένος
2669 2803 2783 2876 (62)
2826 2801 3088 2866 Ποντικὸς
3142 2801 3411 2872 ὑπῆρχεν,
3452 2798 3660 2852 Ἕλενο-

2071 2899 2269 2953 πόντου
2300 2897 2358 2952 δέ
2386 2913 2551 2969 φημι,
2583 2895 2830 2967 Σινώπης
2865 2895 2923 2948 δὲ
2962 2894 3192 2958 πόλεως,
3221 2892 3298 2955 ὡς
3326 2890 3498 2954 πολὺς
3539 2889 3662 2961 περὶ

2071 2990 2236 3047 αὑτοῦ
2267 2991 2453 3064 ᾄδεται
2482 2988 2659 3058 λόγος.
2688 2989 2791 3041 Τὸν
2834 2987 2891 3040 δὲ
2934 2985 3149 3058 πρῶτον
3182 2982 3348 3038 αὑτοῦ
3375 2983 3491 3055 βίον
3521 2997 3655 3053 παρ-

2073 3085 2253 3139 θενίαν
2279 3084 2440 3155 δῆθεν
2483 3083 2676 3154 ἤσκει·
2714 3079 2961 3151 μονάζων
3003 3078 3114 3151 γὰρ
3154 3077 3391 3148 ὑπῆρχε,
3422 3076 3520 3128 καὶ
3552 3072 3669 3159 υίὸς

2074 3175 2374 3232 ἐπισκόπου
2424 3171 2523 3243 τῆς
2571 3170 2846 3243 ἡμετέρας
2899 3170 3060 3238 ἁγίας
3104 3167 3398 3238 καθολικῆς
3432 3165 3663 3233 Ἐκκληο

2076 3269 2216 3332 σίας.
2264 3267 2472 3338 Χρόνου
2520 3264 2577 3318 δὲ
2620 3264 2899 3335 προϊόντος
2944 3261 3372 3332 προσφθείρεται
3415 3258 3667 3330 παρθένῳ

2073 3344 2201 3426 τινὶ,
2239 3358 2333 3412 καὶ
2359 3357 2711 3428 ἐξαπατήσας
2741 3356 2840 3427 τὴν
2877 3354 3166 3426 παρθένον,
3198 3352 3308 3407 ἀπὺ
3331 3352 3433 3423 τῆς
3454 3351 3667 3412 ἐλπίδος

2077 3453 2248 3524 αὑτήν
2291 3466 2353 3503 τε
2394 3449 2490 3503 καὶ
2534 3449 2725 3502 ἑαυτὸν
2777 3447 3122 3500 κατέσπασε·
3178 3446 3276 3500 καὶ
3313 3436 3414 3516 τήν
3462 3441 3667 3514 φθορὰν

2076 3539 2567 3612 ἀπεργασάμενος,
2617 3536 2863 3602 ὲξεοῢται
2905 3537 3005 3607 τῆς
3046 3533 3372 3605 Ἐκκλησίας
3423 3531 3530 3586 ὑπὸ
3574 3529 3665 3584 τοῦ

2079 3634 2209 3689 ἰδίου
2242 3631 2470 3704 πατρός.
2507 3624 2617 3683 Ἦν
2651 3630 2761 3700 γὰρ
2799 3627 2963 3683 αὑτοῦ
2994 3630 3023 3681 ὁ
3051 3627 3236 3698 πατὴρ
3267 3626 3334 3679 δι’
3362 3624 3669 3697 ὑπερϐολὴν

2077 3722 2363 3786 εὐλαϐείας
2394 3720 2502 3774 τῶν
2534 3719 2827 3790 διαφανῶν,
2878 3719 2973 3772 καὶ
3020 3717 3228 3789 σφόδρα
3271 3717 3372 3786 τῆς
3414 3715 3669 3787 ἀληθείας

2076 3808 2506 3882 ἐπιμελομένων,
2530 3805 2845 3877 διαπρέπων
2884 3806 2942 3858 ὲν
2979 3806 3045 3875 τῇ
3090 3804 3194 3874 τῆς
3233 3803 3544 3874 ἐπισκοπῆς
3568 3803 3673 3856 λει-

2076 3900 2325 3972 τουργίᾳ.
2358 3898 2536 3953 Πολλὰ
2564 3898 2723 3969 δῆθεν
2752 3899 2780 3951 ὁ
2816 3896 3089 3969 Μαρκίων
3130 3895 3549 3959 καθικετεύσας,
3582 3894 3672 3950 καὶ

2078 3996 2310 4066 αἰτήσας
2344 3992 2655 4064 μετάνοιαν,
2687 3991 2787 4045 οὑκ
2832 3990 3026 4062 εἴληφε
3071 3990 3223 4060 παρά
3264 3990 3360 4044 τοῦ
3405 3991 3537 4044 ἰδίου
3572 4007 3669 4044 πα-

2079 4086 2225 4157 τρός.
2280 4085 2449 4149 Πόνος
2497 4084 2607 4155 γὰρ
2652 4077 2766 4153 εἶχε
2821 4081 2912 4135 τὸν
2953 4082 3231 4150 ἀξιόλογον
3286 4083 3523 4155 γέροντα
3582 4082 3671 4136 καὶ

2080 4178 2398 4241 ἐπίσκοπον,
2431 4177 2512 4230 ὃτι
2557 4175 2618 4228 οὑ
2670 4175 2829 4246 μόνον
2875 4173 3132 4240 ἐξέπεσεν
3176 4174 3406 4239 ἐκεῖνος,
3436 4174 3554 4228 ἀλλ’
3591 4175 3669 4227 ὅτι

2082 4269 2177 4321 καὶ
2223 4265 2372 4336 αὑτῷ
2403 4265 2465 4318 τὸ
2512 4260 2701 4335 αἶσχος
2751 4263 2965 4334 ἔφερεν.
3010 4264 3099 4327 Ὡς
3143 4264 3325 4319 τοίνυν
3367 4266 3471 4319 οὑκ
3516 4265 3670 4336 ἔτυχε

2082 4359 2208 4430 παρ’
2236 4354 2401 4410 αὑτοῦ
2451 4354 2536 4408 διὰ
2572 4356 2670 4425 τῆς
2719 4354 3010 4418 κολακείας
3039 4347 3113 4408 ὧν
3149 4354 3349 4420 ἐδέετο,
3384 4355 3460 4427 μὴ
3494 4355 3670 4427 φέρων

2083 4450 2180 4521 τὴν
2206 4448 2315 4503 ἀπὸ
2353 4448 2462 4502 τῶν
2506 4447 2719 4501 πολλῶν
2752 4448 2971 4518 χλεύην,
3023 4448 3413 4519 ἀποδιδράσκει
3450 4450 3551 4520 τῆς
3580 4449 3672 4503 πό-

2011 4512 2055 4566 D
2084 4512 2221 4604 iam;
2250 4541 2352 4610 τῆς
2380 4541 2570 4612 αὑτῆς,
2598 4540 2692 4594 καὶ
2721 4512 2926 4595 ἄνεισιν
2967 4542 3047 4604 εἰς
3091 4540 3189 4612 τὴν
3221 4512 3448 4614 ’Ῥώμην
3484 4512 3670 4613 αὐτὴν,

2090 4631 2226 4703 μετά
2262 4630 2325 4684 τὸ
2364 4631 2685 4702 τελευτῆσαι
2721 4632 2934 4700 ’Υγῖνον
2975 4632 3068 4686 τὸν
3100 4632 3401 4686 ἐπίσκοπον
3434 4633 3668 4704 Ῥώμης.

2087 4719 2257 4787 Οὗτος
2281 4723 2338 4776 δὲ
2370 4722 2557 4786 ἔνατος
2580 4719 2648 4794 ῆν
2679 4722 2787 4776 ἀπὸ
2814 4723 3019 4795 Πέτρου
3046 4725 3141 4778 καλ⁸
3168 4723 3385 4778 Παύλου
3411 4725 3522 4779 τῶν
3545 4725 3675 4778 ἁπο-

2090 4817 2320 4871 στόλων⁹
2348 4815 2443 4870 καὶ
2492 4816 2727 4881 τοῖςοέτι
2775 4817 3401 4890 πρεσϐύταιςπεριοῦσιζ
3443 4819 3539 4873 καὶ
3571 4817 3673 4872 ἀπὸ

2087 4909 2196 4963 τῶν
2246 4909 2505 4982 μαθητῶν
2559 4909 2668 4964 τῶν
2713 4911 3025 4967 ἀποστόλων
3077 4911 3424 4983 ὁρμωμένοις
3471 4910 3673 4982 συμϐα-

2088 4999 2215 5065 λὼν,
2267 5000 2384 5071 ᾔτει
2441 5000 2806 5071 συναχθῆναι,
2847 5002 2940 5055 καὶ
2982 5001 3158 5066 οὐδεὶς
3199 5003 3350 5075 αὑτῷ
3409 4999 3673 5073 συγκεχώ-

2092 5108 2259 5164 ρηκε·
2289 5092 2436 5163 ζήλῳ
2462 5092 2647 5146 λοιπὸν
2691 5093 2972 5164 ἐπαρθεὶς,
3012 5093 3088 5158 ὡς
3128 5095 3229 5148 οὑκ
3276 5095 3544 5167 ἀπείληφε
3579 5094 3671 5162 τὴν

2094 5185 2385 5258 προεδρίαν
2415 5204 2473 5240 τε
2509 5187 2619 5259 (65)
2655 5188 2749 5241 καὶ
2780 5188 2879 5258 τὴν
2908 5188 3148 5285 εἴσδυσιν
3191 5188 3290 5260 τῆς
3331 5188 3668 5261 Ἐκκλησίας,

2094 5532 2286 5572 versus
2310 5516 2602 5574 nefandum
2649 5520 2793 5576 hunc
2846 5522 3158 5579 haereticum
3200 5542 3230 5579 ν
3267 5526 3436 5581 libros
3464 5522 3667 5579 Tertul.

2094 5586 2241 5712 33131
2251 5603 2373 5704 qua:
2398 5588 2464 5644 de
2488 5589 2608 5662 ejus
2637 5600 2881 5663 tempore
2904 5596 2971 5649 ad
3004 5596 3131 5649 haar.
3157 5611 3302 5661 sui,
3332 5613 3388 5650 ιι.
3410 5597 3459 5660 l,
3486 5598 3667 5666 dispu-

2166 5729 2275 5799 (65)
2310 5730 2405 5796 Ὠς
2451 5732 2561 5785 οὐκ
2605 5732 2904 5805 ἀπείληφε
2937 5735 3052 5805 τὴν
3079 5736 3399 5808 προεδρίαν
3426 5753 3512 5793 τε.
3534 5735 3665 5808 Προ-
