3960 6128
364 325 470 381 697

1032 326 1402 384 ADVERSUS
1431 326 1772 385 HIERESES
1812 327 1937 384 LIB.
1981 330 2024 387 Ι.
2063 328 2230 388 ΤΟΜ.
2271 331 2359 388 ili.
2399 362 2470 373 —
2505 330 2784 388 HERES.
2826 329 2984 385 XLII.

3523 326 3628 381 698

364 444 572 499 ἐπινοεῖ
621 443 802 513 ἐαυτῷ
861 440 957 501 καὶ
1004 446 1339 518 προσφεύγει
1381 451 1448 521 τῇ
1492 447 1603 502 τοῦ-
1642 450 1954 514 ἀπατεῶνος

2066 452 2169 509 illic
2206 452 2410 516 locum,
2448 466 2511 506 ac
2546 467 2616 505 ne
2663 449 2919 505 Ecclesiae
2952 446 3172 518 quidem
3207 444 3413 499 aditum
3455 444 3630 514 impe-

364 535 648 608 Κέρδωνος
672 536 904 609 αἱρέσει.

435 712 509 765 B'.
550 711 660 766 Kal.
697 710 945 784 ἄρχεται,
978 712 1052 778 ὡς
1087 715 1282 780 εἰπεῖν,
1314 713 1375 780 ἐξ
1420 714 1590 784 αὐτῆς
1633 714 1736 788 τῆς
1774 714 1952 787 ἀρχῆς

364 803 459 856 καὶ
496 802 573 867 ὼς
609 803 717 857 ἀπὸ
763 804 942 876 θυρῶν
973 803 1083 859 τῶν
1125 802 1456 875 ζητημάτων
1494 805 1797 877 προτείνειν
1840 806 1952 868 τοῖς

364 895 486 949 κατ’
528 896 706 948 ἐκεῖνο
751 894 946 967 καιροῦ
987 896 1382 967 πρεσϐυτέροις
1426 896 1585 949 τοῦτο
1626 897 1689 949 τὸ
1731 896 1952 968 ζήτημα

361 986 561 1056 λέγων·
596 986 800 1042 Εἴπατέ
840 1004 949 1058 μοι,
989 987 1041 1040 τί
1088 990 1204 1041 ἐστι
1240 987 1331 1055 τὸ,
1370 991 1452 1043 Οὐ
1483 988 1838 1053 βάλλουσιν
1866 983 1951 1041 οἷ-

361 1095 474 1133 νον
502 1078 647 1133 νέον
688 1079 777 1144 εις
819 1077 1050 1145 ἀσκοὺς
1100 1079 1416 1145 παλαιοὺς,
1456 1078 1602 1133 οὐδὲ
1652 1079 1953 1148 ἐπίϐλημα

360 1177 588 1247 ῥάκους
622 1177 898 1249 ἀγνάφου
933 1177 1031 1232 ἐπὶ
1062 1174 1268 1248 ἱματίῴ
1296 1176 1563 1243 παλαιῷ·
1597 1179 1649 1231 εὶ
1680 1176 1748 1230 δὲ
1772 1176 1948 1246 μήγε,

363 1270 462 1324 καὶ
504 1268 573 1323 τὸ
616 1269 909 1338 πλήρωμα
955 1269 1127 1338 αῖρει,
1167 1269 1265 1323 καὶ
1305 1268 1382 1335 τῷ
1422 1267 1653 1334 παλαιῷ
1692 1268 1763 1321 οὐ
1802 1283 1954 1335 συμ-

360 1357 647 1428 φωνήσει.
687 1357 898 1419 Μεῖζον
932 1358 1041 1429 γὰρ
1073 1358 1390 1429 γενήσεται
1434 1359 1668 1428 σχίσμα
1686 1374 1706 1422 ;
1742 1356 1846 1410 Καὶ
1875 1357 1951 1420 ὡς

357 1450 518 1504 τοῦτο
551 1451 791 1522 ἥκουσαν
836 1451 886 1504 οἱ
935 1452 1199 1514 ἐπιεικεῖς
1240 1452 1334 1505 καὶ
1374 1450 1632 1519 πανάγιοι
1660 1450 1760 1521 τῆς
1793 1450 1954 1519 ἁγίας

357 1542 455 1596 τοῦ
499 1541 634 1595 Θεοῦ
686 1541 1014 1613 Ἐκκλησίας
1055 1542 1418 1614 πρεσϐύτεροι
1476 1543 1571 1597 καὶ
1620 1539 1948 1605 διδάσκαλοι,

356 1633 452 1687 τὸν
485 1632 586 1703 τῆς
615 1633 938 1697 ἀκολουθίας
976 1632 1074 1687 καὶ
1104 1632 1368 1705 ἁρμονίας
1401 1633 1742 1696 ἀποδιδόντες
1769 1631 1949 1700 λόγον,

359 1724 455 1779 καὶ
483 1723 782 1798 φράζοντες
806 1723 955 1796 αύτῷ
987 1724 1126 1795 μετὰ
1154 1725 1475 1790 ἐπιεικείας,
1502 1724 1706 1793 ἔλεγονο
1728 1723 1950 1787 Τέκνον,

355 1815 519 1870 τοῦτό
559 1818 709 1872 ἐστιν
753 1817 914 1872 ἀσκοὶ
953 1800 1197 1881 παλαιοὶ,
1233 1819 1291 1871 αί
1332 1817 1443 1871 τῶν
1471 1816 1783 1884 Φαρισαίων
1815 1832 1952 1887 καρ-
1983 1803 2026 1858 Β

359 1909 466 1962 Sict
500 1909 594 1963 καὶ
631 1910 1029 1981 γραμματέων,
1066 1909 1454 1965 παλαιωθεϊσαι
1483 1910 1539 1961 ἐν
1567 1909 1950 1979 ἁμαρτήμασι,

358 2000 452 2053 καὶ
494 2000 567 2072 μὴ
610 2000 899 2072 δεξάμεναι
932 2002 994 2055 τὸ
1024 1999 1290 2075 κήρυγμα
1322 1999 1418 2054 τοῦ
1450 1999 1816 2069 Εὐαγγελίου·
1864 1999 1955 2052 καὶ

358 2092 420 2145 τὸ
454 2091 668 2163 ἱμάτιον
712 2092 773 2145 τὸ
825 2093 1090 2158 παλαιὸν,
1144 2094 1221 2158 ὡς
1261 2094 1357 2147 καὶ
1393 2095 1422 2147 ὁ
1467 2092 1669 2156 Ἰούδας
1714 2091 1957 2145 παλαιω-

361 2182 476 2245 θεὶς
503 2184 560 2235 ἐν
592 2181 929 2255 φιλαργυρίᾳ
966 2182 1065 2236 οὐκ
1092 2181 1308 2247 ἐδέξατο
1336 2179 1431 2235 τοῦ
1454 2179 1643 2235 καινοῦ
1674 2179 1769 2233 καὶ
1798 2180 1953 2251 ἁγίου

362 2276 454 2328 καὶ
488 2274 810 2345 ἐπουρανίου
849 2274 1148 2346 μυστηρίου
1179 2276 1464 2345 κηρυγμα,
1496 2272 1557 2325 τὸ
1586 2272 1687 2341 τῆς
1721 2270 1952 2334 ἐλπίδος.

361 2363 561 2418 Καίτοι
581 2364 874 2433 συναφθεὶς
893 2368 1007 2429 τοῖς
1028 2365 1221 2419 ἕνδεκα
1249 2364 1588 2428 ἀποστόλοις,
1615 2363 1709 2416 καὶ
1735 2362 1956 2431 κληθεὶς

369 2455 453 2509 ὑπ’
494 2453 660 2508 αὐτοῦ
713 2453 808 2508 τοῦ
854 2455 1102 2527 Κυρίου,
1148 2454 1534 2527 περισσότερον
1576 2453 1783 2523 κτίσμα
1829 2452 1956 2522 ἔσχε

360 2544 426 2598 δι’
452 2545 670 2611 ἑαυτοῦ,
703 2546 932 2617 μηδενὸς
976 2546 1126 2618 αὐτῷ
1172 2547 1349 2600 αἰτίου
1403 2546 1729 2617 γενομένου·
1764 2544 1954 2619 ἐπειδὴ

366 2639 395 2708 ἡ
426 2637 633 2691 διάνοια
666 2636 832 2692 αὐτοῦ
874 2638 936 2691 ού
974 2637 1381 2710 συμπεφώνηκε
1410 2641 1476 2709 τῇ
1511 2638 1623 2691 ἀνω
1656 2636 1831 2691 ἐλπίδι
1860 2637 1956 2691 καὶ

360 2728 669 2801 ἐπουρανίῳ
700 2729 891 2800 κλήσει
936 2729 1045 2784 τῶν
1078 2730 1379 2802 μελλόντων
1414 2727 1658 2797 ἀγαθῶν,
1693 2728 1813 2783 ἀντὶ
1850 2728 1957 2781 τῶν

361 2820 596 2875 ἐνταῦθα
624 2821 927 2893 χρημάτων
960 2839 1020 2874 τε
1068 2822 1162 2875 καὶ
1194 2822 1429 2892 κόμπου,
1457 2821 1553 2875 καὶ
1584 2820 1766 2891 φιλίας
1807 2838 1954 2892 παρ-

362 2911 667 2982 ερχομένης
693 2911 905 2974 ἐλπίδος
929 2928 990 2964 τε
1020 2912 1114 2966 καὶ
1140 2911 1354 2982 ἡδονῆς.

445 3002 505 3057 'U
542 3004 619 3069 δὲ,
655 3004 769 3074 Ούχ
816 3003 1011 3069 οὕτως,
1060 3004 1245 3074 φησὶν,
1278 3002 1414 3057 ἀλλά
1464 3003 1601 3058 ἀλλα
1647 3003 1763 3059 ἐστὶ
1804 2999 1958 3074 παρὰ

361 3095 556 3161 ταῦτα,
588 3096 887 3166 ἀντιλέγων
933 3097 962 3149 ὁ
1010 3096 1308 3167 Μαρκίων⁹
1342 3096 1529 3167 ἐπειδὴ
1574 3096 1647 3168 μὴ
1684 3095 1956 3166 ἠθέλησαν

363 3156 552 3241 αὐτὸν⁷
576 3156 831 3252 δέξασθαι
889 3185 1060 3241 Τοῦτο
1104 3156 1197 3241 οὖν
1243 3185 1494 3258 φανερῶς
1519 3156 1719 3249 ἀύτοῖς
1762 3156 1916 3253 ἔλεγε
1937 3200 1952 3216 ο
1983 3156 2029 3217 c

363 3282 432 3337 Τί
459 3282 533 3356 μὴ
554 3283 855 3355 ἠθελήσατέ
890 3300 959 3354 με
987 3281 1378 3349 ὑποδέξασθαι;
1410 3280 1529 3333 Τῶν
1562 3280 1622 3333 δὲ
1664 3280 1955 3349 λεγόντων.

365 3374 451 3428 ὅτι
495 3376 571 3429 υύ
622 3374 897 3445 δυνάμεθα
951 3374 1081 3429 ἄνευ
1128 3374 1229 3445 τῆς
1273 3372 1580 3443 ἐπιτροπῆς
1634 3371 1727 3425 τοῦ
1775 3370 1958 3442 τιμίου

372 3467 580 3539 πατρός
620 3484 713 3520 σου
746 3465 905 3520 τοῦτο
937 3466 1181 3538 ποιῆσαι.
1219 3465 1335 3520 Μία
1371 3466 1483 3536 γάρ
1508 3466 1653 3518 ἐστιν
1691 3465 1725 3535 ἡ
1757 3461 1957 3526 πίστις,

372 3557 468 3611 καὶ⁵
503 3557 601 3628 μία
629 3556 874 3627 ὁμόνοια,
905 3557 1000 3610 καὶ
1046 3557 1104 3609 ού
1138 3554 1432 3627 ,δυνάμεθα
1455 3553 1851 3624 ἐναντιωθῆναι
1884 3553 1962 3624 τῷ

370 3647 521 3719 καλῷ
554 3648 972 3721 συλλειτουργῷ,
1016 3648 1185 3720 πατρὶ
1215 3647 1272 3701 δὲ
1316 3646 1413 3718 σῷ.
1455 3645 1735 3717 Ζηλώσας-
1753 3644 1960 3711 λοιπὸν,

372 3743 466 3797 καὶ
515 3742 596 3805 είς
648 3739 823 3812 μέγαν
871 3739 1059 3812 ἀρθεὶς
1097 3738 1270 3809 θυμὸν
1311 3737 1406 3791 καὶ
1451 3734 1850 3808 ὑπερηφανίαν,
1901 3734 1965 3788 τὸ

370 3828 577 3900 σχίσμα
625 3825 920 3899 ἐργάζεται
946 3890 949 3893 ν
972 3827 1002 3879 6
1052 3824 1326 3888 τοιοῦτος,
1377 3823 1557 3895 ἑαυτῷ
1604 3824 1704 3895 τὴν
1751 3824 1964 3895 αἵρεσιν

368 3920 843 3993 προστησάμενος,
863 3919 961 3973 καὶ
989 3917 1178 3984 εἰπὼν,
1200 3918 1282 3971 ὅτι
1318 3915 1462 3986 Ἐγὼ
1499 3916 1669 3987 σχίσω
1696 3915 1797 3987 τὴν
1837 3916 1963 3969 Ἐκ-

369 4016 598 4088 κλησίαν
637 4014 817 4086 ὑμῶν,
853 4014 949 4067 καὶ
994 4012 1142 4084 βαλῶ
1197 4010 1401 4083 σχίσμα
1446 4012 1505 4063 ἐν
1558 4009 1696 4082 αὐτῇ
1743 4011 1824 4073 είς
1871 4009 1964 4064 τὸν

370 4105 563 4162 αἰῶνα.
605 4105 693 4169 Ὠς
728 4103 936 4175 τάληθῆ
990 4102 1088 4174 μὲν
1132 4101 1341 4181 σχίσμα
1388 4099 1581 4154 ἔϐαλεν
1631 4099 1692 4152 ού
1747 4098 1962 4171 μικρὸν,

371 4198 432 4252 οὐ
452 4197 551 4269 τὴν
587 4195 918 4267 Ἐκκλησίαν
946 4194 1159 4266 σχίσας,
1182 4193 1295 4248 ἀλλ’
1324 4193 1516 4247 ἑαυτὸν
1543 4191 1639 4246 καὶ
1664 4192 1792 4256 τοὺς
1816 4191 1965 4263 αὐτῷ

372 4288 717 4354 πεισθέντας.

442 4382 516 4435 Γθ.
553 4379 754 4434 Ἔλαϐε
783 4380 841 4433 δὲ
877 4379 975 4450 τὴν
1008 4368 1281 4451 πρόφασιν
1325 4378 1390 4432 ἐκ
1430 4375 1526 4431 τοῦ
1562 4374 1961 4450 προειρημένου

372 4470 672 4543 Κέρδωνος,
696 4471 892 4543 γόητος
914 4468 1336 4541 καὶοάπατηλοῦ.
1380 4469 1493 4522 Καὶ
1530 4469 1694 4531 αὐτὸς
1729 4467 1826 4538 μὲν
1854 4467 1963 4539 γὰρ

371 4562 465 4619 δύο
487 4562 748 4635 κηρύττει
773 4561 968 4633 ἀρχάς.
998 4560 1263 4630 Προσθεὶς
1296 4559 1353 4612 δὲ
1379 4559 1542 4613 πάλιν
1568 4559 1783 4630 ἐκείνῳ,
1820 4560 1965 4629 φημὶ

371 4652 451 4726 τῷ
485 4654 751 4727 Κέρδωνι,
779 4653 964 4726 ἕτερόν
1002 4670 1056 4705 τι
1100 4651 1229 4723 παρ’
1277 4651 1489 4707 ἐκείνου
1523 4652 1539 4683 ⁸
1571 4650 1832 4717 δείκνυσι,
1877 4650 1966 4703 λέ-

371 4762 485 4815 γων
512 4748 663 4819 τρεῖς
690 4741 828 4799 εἶναι
867 4740 1043 4817 ἀρχὰς
1064 4784 1080 4811 ,
1114 4743 1243 4816 μίαν
1271 4744 1370 4815 μὲν
1408 4743 1509 4816 τὴν
1545 4744 1659 4798 ἀνω
1704 4744 1966 4799 ἀκατονό-

376 4853 581 4908 μαστον
609 4837 705 4890 καὶ
740 4835 1004 4908 ἀόρατον,
1054 4835 1120 4913 ἦν
1163 4837 1259 4889 καὶ
1296 4834 1501 4904 ἀγαθὸν
1547 4836 1679 4890 Θεὸν
1720 4836 1968 4907 βούλεται

372 4927 573 4997 λέγειν,
608 4926 773 4999 μηδὲν
810 4927 868 4981 δὲ
899 4927 1008 4981 τῶν
1037 4930 1095 4981 ἐν
1135 4927 1214 4998 τῷ
1240 4928 1429 5000 κόσμῳ
1455 4927 1737 4983 κτίσασαν.
1774 4928 1969 4982 Ἀλλον

373 5020 432 5075 δέ
473 5015 614 5074 εἶναι
647 5018 841 5092 ὁρατὸν
866 5019 1020 5087 Θεὸν,
1062 5019 1156 5074 καὶ
1204 5019 1451 5092 κτίστην,
1486 5022 1582 5074 καὶ
1612 5020 1966 5093 δημιουργόν.

299 5107 307 5113 ’
375 5111 633 5166 Διάὄολον
674 5112 733 5166 δὲ
769 5111 974 5182 τρίτον,
1012 5111 1086 5176 ὡς,
1134 5114 1333 5179 εἰπεῖν,
1382 5112 1476 5166 καὶ
1525 5112 1689 5183 μέσον
1730 5113 1840 5167 τῶν
1879 5110 1972 5168 δύο

377 5203 604 5272 τούτων,
658 5202 756 5259 τοῦ
799 5221 860 5257 τε
917 5202 1115 5275 ὁρατοῦ
1164 5205 1260 5257 καὶ
1311 5202 1404 5257 τοῦ
1445 5203 1717 5275 ἀοράτου.
1765 5204 1869 5258 Τὸν
1914 5204 1971 5258 δὲ

377 5298 603 5369 κτίστην
638 5299 732 5352 καὶ
763 5296 1093 5368 δημιουργὸν
1132 5296 1227 5350 καὶ
1273 5295 1490 5366 ὁρατὸν,
1530 5284 1665 5350 Θεδν
1689 5292 1829 5351 εἶναι
1862 5297 1971 5351 τῶν

387 5386 683 5456 Ἰουδαίων,
702 5382 846 5441 εἶναι
877 5386 936 5440 δὲ
977 5385 1139 5439 αὐτὸν
1187 5387 1396 5458 κριτήν.
1438 5387 1579 5459 Παρ’
1619 5386 1768 5458 αὐτῷ
1803 5387 1860 5441 δὲ
1892 5387 1970 5459 τῷ

449 5540 468 5576 ⁸
502 5540 561 5603 F.
585 5543 816 5598 ἐκεῖνον.
889 5545 914 5576 ¹
962 5541 1153 5598 Matth.
1179 5558 1256 5609 ιχ,
1298 5541 1387 5608 16,
1425 5541 1508 5598 l7.

374 5696 564 5780 εδρίαν
612 5696 680 5754 ad
712 5698 1153 5780 communionem
1210 5698 1537 5780 clericorum
1600 5692 1801 5780 refero,
1852 5707 1974 5762 qua:

381 5766 537 5827 loica
596 5770 909 5843 opponitur,
935 5787 1055 5842 qua:
1090 5778 1148 5827 ut
1174 5771 1250 5827 ait
1288 5770 1542 5827 Balsama
1574 5766 1642 5823 ad
1685 5779 1810 5822 can.
1862 5779 1969 5823 Lxx

2050 551 2275 611 trasset,
2311 543 2378 598 ad
2410 541 2569 613 303
2601 540 2922 611 impostoris
2949 537 3217 594 Cerdonis
3250 535 3484 591 haeresin
3506 551 3635 590 εοιιο

2051 636 2242 709 fugere
2272 637 2326 691 in
2359 638 2603 691 animum
2646 634 2883 690 induxit.

2127 726 2196 782 il.
2238 725 2378 782 Tum
2414 725 2484 782 ab
2522 727 2642 798 ipso
2676 725 2947 796 principio
2974 724 3239 793 ipsisque,
3278 730 3340 777 ut
3371 723 3445 777 ita
3475 720 3632 775 dixe-

2052 818 2180 883 rim,
2216 817 2584 888 quaestionum
2623 816 2837 877 foribus
2870 830 3122 879 exorsus,
3159 814 3513 884 presbyteris,
3541 813 3633 883 qui

2053 916 2182 962 tunc
2224 907 2490 977 temporis
2516 912 2674 961 erant
2708 907 2875 976 cmpit
2918 906 3022 960 ista
3072 919 3420 975 proponere:
3463 902 3633 965 Cedo,

2051 1001 2256 1072 inquit,
2282 1000 2412 1071 quid
2450 1000 2558 1055 hoc
2601 999 2705 1054 sibi
2744 1000 2860 1055 vult
2893 1017 2907 1054 :
2941 997 3066 1053 Non
3096 998 3310 1051 mittunt
3337 994 3511 1050 vinum
3542 1012 3637 1048 no-

2054 1111 2173 1149 vum
2205 1094 2260 1147 in
2290 1102 2433 1147 utres
2468 1101 2664 1147 veteres
2706 1108 2867 1163 neque
2904 1091 3308 1144 commissuram
3349 1088 3513 1157 panni
3545 1104 3638 1140 ru-

2053 1187 2138 1240 dis
2188 1185 2242 1239 in
2287 1185 2655 1239 vestimentum
2704 1191 2871 1247 vetus,
2906 1182 3110 1252 alioqui
3168 1179 3304 1235 tollit
3347 1175 3640 1248 plenitudi-

2054 1293 2192 1341 nem,
2242 1292 2403 1347 neque
2448 1275 2607 1330 veteri
2647 1281 2896 1344 congruet
2935 1289 2953 1327 :
2996 1272 3173 1342 major
3224 1271 3363 1325 enim
3403 1269 3639 1322 scissura

2052 1370 2115 1437 ﬁt
2143 1368 2202 1422 ’ἲ
2235 1367 2382 1438 quod
2435 1365 2654 1422 candidi
2686 1365 2764 1421 illi
2788 1380 2852 1421 ac
2879 1363 3222 1420 sanctissimi
3251 1360 3345 1416 Dei
3380 1359 3641 1415 Ecclesia:

2053 1458 2363 1531 presbyteri
2408 1473 2473 1513 ac
2503 1458 2759 1513 doctores
2802 1455 3111 1519 audientes,
3148 1454 3296 1507 hunc
3329 1453 3383 1506 in
3416 1450 3637 1505 modum

2055 1550 2460 1623 respondebant
2492 1568 2505 1604 :
2536 1549 2662 1616 Fili,
2711 1556 2923 1604 veteres
2976 1547 3054 1601 illi
3095 1553 3249 1601 utres
3304 1544 3441 1598 nihil
3490 1542 3639 1597 aliud

2054 1650 2203 1709 sunt,
2245 1657 2408 1712 quam
2466 1639 2894 1704 Pharisaeorum,
2955 1638 3389 1706 Scribarumque
3443 1634 3632 1699 corda,

2056 1749 2179 1805 qua:
2209 1733 2455 1803 peccatis
2501 1732 2967 1795 inveteraverant,
2996 1744 3098 1784 nec
3126 1725 3407 1797 Evangelii
3433 1714 3640 1780 doctri-

2057 1840 2182 1880 nam
2215 1823 2578 1879 admiserant.
2612 1821 2927 1891 Eodemque
2961 1827 3121 1875 vetus
3161 1817 3297 1872 illud
3342 1817 3639 1873 vestimen-

2057 1927 2170 1970 tum
2218 1916 2477 1985 pertinet.
2551 1913 2873 1984 Cujusmodi
2917 1910 3091 1967 Judas
3145 1910 3378 1974 exstitit,
3431 1908 3525 1980 qui
3583 1905 3641 1960 in

2055 2006 2302 2061 avaritiae
2351 2013 2614 2076 tanquam
2660 2011 2934 2060 vetustate
2977 2002 3213 2074 quadam
3262 1999 3642 2064 obsoleverat;

2057 2109 2237 2165 neque
2278 2095 2406 2148 novi
2459 2108 2524 2149 ac
2568 2091 2907 2149 sanctissimi
2982 2088 3337 2157 cmlestisquc
3393 2086 3644 2157 mysterii

2056 2186 2500 2257 praedicationem
2544 2185 2792 2254 accepit;
2830 2182 3050 2237 tametsi
3096 2180 3161 2235 ad
3208 2180 3461 2261 undecim
3507 2192 3643 2246 apo-

2058 2279 2232 2334 stolos
2283 2283 2432 2332 esset
2480 2284 2830 2347 aggregatus,
2870 2281 2925 2329 et
2964 2273 3033 2327 ab
3061 2272 3181 2342 ipso
3214 2270 3449 2325 Domino
3481 2282 3646 2323 voca-

2058 2379 2183 2433 tus,
2243 2382 2306 2423 ex
2360 2382 2469 2438 quo
2521 2366 2783 2437 majorem
2826 2366 3129 2421 scissuram
3177 2378 3288 2418 non
3340 2362 3449 2416 alio
3480 2374 3643 2430 quam

2058 2462 2294 2532 ipsomet
2350 2460 2455 2515 sibi
2514 2467 2743 2514 auctore
2804 2456 3432 2525 conscivit:propterea
3494 2448 3641 2521 quod

2058 2554 2179 2623 ejus
2221 2552 2440 2607 animus
2485 2549 2713 2605 caducis
2742 2549 2831 2605 his
2858 2546 3057 2618 opibus
3091 2561 3156 2601 ac
3192 2545 3358 2609 fastu,
3392 2542 3648 2610 ﬂuxaque

2058 2645 2343 2701 hominum
2368 2642 2633 2709 amicitia,
2664 2656 2728 2697 ac
2756 2632 2853 2712 spe
2878 2640 3268 2710 voluptateque
3295 2635 3646 2704 contemptis,

2057 2752 2408 2809 nequaquam
2460 2752 2520 2792 se
2569 2735 2851 2790 caelestem
2886 2733 2954 2787 ad
3003 2747 3182 2802 spem,
3231 2745 3296 2785 ac
3333 2728 3647 2783 futurorum

2059 2831 2330 2889 bonorum
2390 2827 2734 2885 vacationem
2772 2821 3310 2879 accommodaverat.

2135 3010 2217 3067 Ad
2263 3009 2382 3064 haec
2425 3005 2809 3063 contradicere
2857 3002 3128 3065 Marcion,
3179 3013 3245 3055 ac
3292 2998 3454 3069 longe
3484 3012 3649 3054 secus

2063 3103 2116 3160 id
2170 3102 2374 3157 habere
2421 3116 2481 3157 se
2527 3099 2735 3164 dicere,
2782 3112 2882 3167 pro
2927 3111 2994 3151 eo
3033 3092 3182 3166 quod
3208 3092 3495 3147 admittere
3527 3105 3652 3147 sese

2060 3196 2477 3251 detrectassent.
2501 3189 2682 3257 Quare
2710 3190 2887 3259 palam
2910 3202 3005 3243 eos
3040 3187 3325 3256 alloquens
3351 3202 3362 3237 :
3396 3181 3508 3237 Cur
3537 3196 3645 3246 me,

2062 3289 2261 3361 inquit,
2308 3287 2555 3357 recipere
2590 3281 2887 3339 noluistis?
2918 3279 3342 3351 Responderunt
3385 3275 3505 3331 illi:
3544 3272 3654 3328 No-

2039 3378 2146 3441 '.bis
2186 3380 2403 3453 injussu
2448 3378 2746 3434 venerandi
2792 3375 2969 3446 patris
3025 3373 3106 3428 tui
3153 3372 3337 3427 facere
3363 3365 3509 3425 istud
3539 3381 3652 3421 non

2062 3477 2212 3531 licet.
2263 3472 2383 3530 Una
2433 3472 2708 3543 siquidem
2762 3468 2897 3525 ﬁdes
2940 3473 3045 3532 est,
3090 3473 3146 3521 et
3192 3463 3503 3517 animorum
3544 3473 3653 3515 una

2064 3567 2386 3633 consensio,
2427 3580 2607 3636 neque
2636 3570 2829 3618 contra
2872 3557 3342 3631 spectatissimum
3386 3552 3652 3621 collegam

2064 3668 2276 3733 patrem
2329 3668 2481 3712 tuum
2523 3653 2707 3710 moliri
2748 3650 3031 3723 quidpiam
3078 3660 3397 3733 possumus.
3446 3641 3526 3733 At
3564 3641 3655 3695 ille

2066 3729 2447 3805 vehementius
2495 3740 2945 3802 excaudescens,
2994 3751 3060 3790 ac
3108 3732 3367 3805 superbia
3417 3729 3655 3785 invidia-

2066 3854 2173 3910 que
2199 3838 2445 3908 percitus
2472 3834 2713 3890 schisma
2741 3828 3022 3895 conﬂavit,
3049 3840 3114 3880 ac
3140 3822 3397 3895 privatim
3420 3818 3653 3874 haeresin

2066 3929 2458 3985 architectatus
2504 3931 2631 3980 est:
2660 3930 2715 3978 et
2756 3919 3082 3981 Ecclesiam,
3128 3915 3227 3976 ait,
3271 3918 3510 3967 vestram
3552 3920 3655 3978 ego

2068 4018 2406 4082 dissociabo,
2456 4015 2512 4069 in
2544 4027 2777 4083 eamque
2822 4009 3060 4066 schisma
3108 4004 3500 4074 sempiternum
3546 3998 3654 4053 im-

2069 4113 2307 4167 mittam.
2361 4105 2520 4173 Quod
2581 4105 2673 4160 ille
2716 4115 2907 4159 revera
2955 4112 3061 4153 nec
3108 4093 3385 4151 mediocre
3431 4088 3653 4160 quidem

2068 4201 2257 4271 injecit
2285 4219 2299 4255 :
2330 4213 2439 4253 non
2471 4198 2546 4251 ita
2580 4203 2764 4249 tamen
2800 4199 2858 4247 ut
2886 4187 3212 4250 Ecclesiam,
3250 4181 3346 4239 sed
3378 4188 3435 4235 ut
3461 4193 3522 4235 se
3551 4190 3652 4247 po-

2068 4294 2181 4349 tius
2213 4308 2277 4346 ac
2300 4306 2432 4346 suos
2460 4286 2818 4344 discinderet.

2146 4379 2237 4434 ιιι.
2281 4379 2458 4449 Cujus
2485 4377 2535 4433 ei
2570 4373 2887 4433 schismatis
2918 4372 3304 4442 argumentum
3336 4360 3540 4418 nebulo
3566 4359 3657 4414 ille

2076 4481 2130 4531 et
2166 4476 2432 4543 impostor
2461 4468 2641 4526 Cerdo
2659 4465 2915 4538 praebuit.
2945 4460 3083 4515 Nam
3116 4468 3170 4515 et
3194 4457 3304 4512 duo
3348 4454 3467 4525 ipse
3505 4452 3659 4543 prin-

2073 4565 2221 4637 cipia
2248 4542 2566 4619 constituit.
2599 4559 2670 4612 At
2696 4554 2861 4628 θοή.
2891 4553 3097 4609 Marcio
3133 4549 3354 4605 tertium
3394 4545 3462 4597 ad
3508 4542 3657 4596 illius

2072 4634 2271 4725 dogma
2324 4651 2655 4723 principium
2701 4645 2938 4715 adjecit,
2995 4649 3055 4696 ut
3109 4638 3338 4693 omnino
3386 4634 3491 4688 tria
3524 4634 3653 4697 sint,

2068 4759 2305 4818 quorum
2336 4757 2507 4796 unum
2546 4740 2617 4796 sit
2653 4750 2993 4807 supremum,
3038 4732 3184 4803 quod
3223 4741 3401 4798 neque
3433 4725 3658 4779 nomine

2068 4833 2497 4907 comprehendi,
2551 4843 2729 4899 neque
2771 4829 2893 4882 visu
2940 4823 3146 4897 percipi
3185 4820 3381 4892 possit,
3411 4830 3575 4888 quem
3602 4821 3656 4873 et

2067 4928 2272 4983 bonum
2302 4926 2472 4980 Deum
2516 4920 2777 4992 appellat,
2817 4932 2847 4971 a
2876 4931 2986 4987 quo
3017 4913 3154 4968 nihil
3188 4911 3262 4967 sit
3300 4922 3492 4965 eorum
3537 4919 3658 4976 quae

2073 5019 2130 5073 in
2162 5015 2374 5072 mundo
2403 5021 2533 5070 sunt
2555 5009 2860 5067 conditum.
2889 5007 3138 5061 Alterum
3170 5015 3302 5057 vero
3333 4998 3504 5055 Deum
3534 5010 3657 5051 esse

2072 5107 2208 5163 dicit
2252 5101 2643 5176 aspectabilem
2675 5113 2741 5154 ac
2772 5104 3103 5153 creatorem.
3136 5090 3384 5146 Tertium
3415 5086 3661 5176 denique

2071 5174 2354 5256 diabolum
2390 5194 2537 5250 inter
2581 5191 2776 5247 ambos
2819 5187 2968 5252 illos,
3000 5180 3389 5255 aspectabilem
3426 5174 3655 5239 scilicet,

2069 5302 2123 5349 et
2165 5305 2292 5348 eum
2337 5289 2432 5360 qui
2487 5285 2661 5358 aspici
2704 5283 2898 5355 nequit
2942 5278 3311 5349 interjectum.
3348 5270 3430 5326 Ex
3470 5270 3537 5324 iis
3565 5266 3657 5338 qui

2069 5395 2291 5443 creator
2307 5354 2463 5440 estet
2480 5354 2666 5453 opifex
2688 5354 2969 5446 videt-ique
2987 5378 3187 5445 potest,
3202 5366 3514 5423 Judreorum
3536 5375 3659 5417 esse
3700 5354 3711 5375 ‘

2080 5687 2291 5750 Basilii,
2323 5687 2556 5743 dabatur
2607 5684 2763 5740 Iaicis
2801 5684 2958 5747 ἐκτὸς
2978 5680 3079 5736 τοῦ
3107 5680 3371 5752 βήματος.
3412 5677 3500 5752 illa
3530 5692 3660 5752 vero

2083 5760 2253 5825 ἐντός.
2267 5748 2541 5817 Credibile
2556 5764 2639 5815 est
2666 5756 2812 5814 enim
2834 5748 3442 5812 Marcione'm'clericum
3467 5748 3653 5804 fuisse.
