3960 6130
359 303 459 361 699

1758 307 1817 365 S.
1858 305 2231 375 EPIPHANII;
2249 356 2262 369 ,

3533 308 3636 364 700

361 417 553 484 Deum,
585 415 945 488 eumdemque
971 417 1238 488 judicem.
1276 418 1547 475 Caeterum
1581 419 1873 491 virginitas
1908 437 1938 476 a

2060 420 2333 493 Mapxiww
2363 421 2456 476 καὶ
2484 420 2750 494 παρθενία
2775 420 3130 494 κηρύσσεται.
3156 424 3430 497 Νηστείαν
3453 427 3514 483 δὲ
3542 429 3638 482 καὶ

361 507 635 563 Marcione
679 508 1030 578 praedicatur.
1067 507 1344 579 Jejunium
1369 519 1423 565 et
1455 510 1696 566 Sabbato
1742 512 1938 568 obser-

360 598 476 654 vari
501 598 769 669 praecipit.
822 597 1082 670 Mysteria
1125 599 1535 655 catechumcnis
1584 602 1937 658 cernentibus

361 688 507 757 apud
567 687 718 741 illum
778 689 1146 743 celebrantur.
1203 690 1283 746 Ad
1334 692 1450 746 haec
1507 707 1632 747 vero
1681 694 1937 764 mysteria

359 796 558 851 aquam
602 781 844 836 adhibet.
894 781 1134 837 Sabbato
1167 783 1239 838 ob
1270 799 1389 838 eam
1421 799 1641 839 causam
1668 785 1935 856 jejunium

360 873 560 928 sanxit.
611 872 746 928 Cum
784 875 953 938 enim,
994 876 1091 939 ait,
1136 874 1448 931 Iudaeorum
1500 876 1617 941 Dei,
1658 878 1751 947 qui
1790 878 1937 935 hunc

361 966 628 1022 mundum
676 965 987 1032 fabricavit,
1043 967 1136 1020 illa
1168 968 1238 1022 sit
1282 969 1524 1038 requies,
1568 983 1694 1022 cum
1743 969 1831 1025 die
1861 986 1936 1024 vn

361 1059 714 1128 requieverit,
748 1058 935 1113 eadem
992 1074 1095 1115 nos
1149 1059 1393 1129 jejunare
1444 1059 1808 1126 instituimus,
1870 1076 1940 1117 ne

360 1147 678 1203 Judaeorum
714 1146 810 1204 Dei
852 1148 1049 1204 ritibus
1079 1149 1156 1204 uti
1186 1150 1487 1223 videamur.
1515 1150 1749 1207 Carnem
1778 1159 1940 1223 negat

361 1253 673 1309 resurgere,
716 1237 881 1308 idque
924 1239 1089 1295 habet
1146 1222 1421 1312 plerisque
1466 1258 1590 1297 cum
1638 1222 1939 1299 haeresihus

361 1345 669 1385 commune.
700 1331 910 1386 Anima:
966 1331 1234 1387 duntaxat
1276 1336 1735 1392 resurrectionem
1763 1351 1826 1391 ac
1857 1339 1940 1392 vi-

360 1430 470 1475 tam
500 1421 668 1477 unius
688 1431 742 1477 et
781 1423 1014 1479 salutem
1046 1426 1262 1482 asserit.

430 1513 709 1585 Baptismo
741 1531 850 1571 non
872 1517 1063 1583 semel,
1090 1517 1185 1573 sed
1211 1519 1374 1575 tertio
1397 1520 1542 1592 apud
1572 1521 1696 1577 illos
1718 1521 1939 1577 initian-

358 1613 467 1659 tur.
504 1605 659 1672 Quod
684 1606 799 1662 fieri
824 1606 1031 1664 idcirco
1074 1611 1373 1677 concessit,
1416 1612 1563 1682 quod
1594 1627 1625 1667 a
1654 1612 1940 1683 discipulis

357 1699 496 1762 suis,
537 1699 738 1768 quibus
780 1698 961 1755 fuerat
990 1702 1268 1771 cognitus,
1299 1703 1369 1757 ob
1395 1703 1654 1759 delictum
1692 1703 1847 1769 illud,
1877 1720 1941 1760 ac

2044 512 2106 565 τδ
2139 512 2413 567 Σάϐϐατόν
2444 512 2553 584 (64)
2581 513 2857 586 κηρύττει.
2892 515 3182 588 Μυστήρια
3224 517 3283 570 δὲ
3314 517 3472 590 δῆθεν
3505 523 3636 593 παρ’

2045 604 2196 673 αὐτῷ
2262 604 2590 659 ἐπιτελεῖται
2615 645 2630 669 ,
2690 604 2798 658 τῶν
2868 605 3292 676 κατηχουμένων
3361 609 3635 680 ὁρώντων,

2047 694 2241 748 ’Ὑδατι
2280 694 2338 749 δὲ
2387 690 2541 759 οὗτος
2593 699 2651 749 ἐν
2701 698 2813 758 τοῖς
2852 697 3175 770 μυστηρίοις
3213 698 3431 769 χρῆται.
3472 700 3547 753 Τὸ
3577 700 3634 753 δὲ

2048 787 2326 842 Σάϐϐατον
2390 787 2641 857 νηστεύει
2698 788 2786 842 διὰ
2831 788 3089 860 τοιαύτην
3150 790 3349 844 αἰτίαν.
3391 790 3637 863 Ἐπειδὴ,

2047 882 2199 951 φησι,
2224 880 2318 934 τοῦ
2345 881 2478 934 Θεοῦ
2508 881 2617 934 τῶν
2651 880 2921 935 Ἰουδαίων
2952 882 3098 934 ἐστὶν
3128 883 3162 952 ή
3200 882 3507 946 ἀνάπαυσις
3538 881 3639 936 τοῦ

2048 973 2409 1044 πεποιηκότος
2447 972 2539 1027 τὸν
2584 974 2811 1044 κόσμον,
2854 972 2950 1027 καὶ
2982 974 3040 1027 ἐν
3080 975 3148 1043 τῇ
3198 972 3402 1044 ἐϐδόμῃ
3446 973 3643 1044 ήμέρᾳ

2046 1064 2530 1136 ἀναπαυσαμένου,
2558 1066 2719 1136 ἡμεῖς
2756 1063 3142 1137 νηστεύσωμεν
3177 1063 3405 1134 ταύτην,
3435 1065 3525 1117 ἵνα
3559 1063 3641 1135 μὴ

2045 1156 2107 1211 τὸ
2159 1157 2400 1229 καθῆκον
2450 1158 2543 1211 τοῦ
2592 1156 2728 1211 Θεοῦ
2784 1158 2892 1212 τῶν
2929 1158 3198 1212 Ἰουδαίων
3247 1156 3640 1228 ἐργαζώμεθα.

2047 1249 2158 1321 Τὴν
2190 1252 2290 1321 τῆς
2321 1248 2521 1321 σαρκός
2554 1249 2612 1302 δέ
2647 1248 2827 1303 ἀθετεῖ
2857 1250 3171 1309 ἀνάστασιν,
3207 1250 3459 1320 καθάπερ
3504 1248 3643 1302 πολ-

2045 1340 2134 1395 λαὶ
2159 1324 2578 1413 τῶνάίρέσεων.
2618 1341 2811 1412 Ψυχῆς
2849 1342 2907 1395 δὲ
2957 1340 3256 1395 ἀνάστασιν
3296 1337 3437 1394 εἶναι
3466 1339 3640 1410 λέγει,

2048 1433 2142 1487 κα)⁵
2169 1431 2318 1504 ζωὴν
2349 1432 2443 1486 καὶ
2473 1432 2745 1503 σωτηρίαν
2771 1433 2961 1504 μόνης.

2119 1525 2196 1578 Οὐ
2229 1525 2390 1598 μόνον
2429 1525 2487 1579 δέ
2521 1525 2648 1597 παρ’
2689 1524 2839 1596 αὐτῷ
2874 1523 2934 1578 ἐν
2973 1523 3198 1596 λουτρὸν
3241 1522 3466 1585 δίδοται,
3500 1521 3644 1575 ἀλλά

2049 1619 2144 1671 καὶ
2170 1617 2275 1680 ἕως
2306 1615 2474 1688 τριῶν
2503 1614 2764 1686 λουτρῶν,
2794 1614 2888 1668 καὶ
2931 1614 3188 1667 ἐπέκεινα
3221 1612 3398 1677 ἔξεστι
3435 1611 3646 1666 διδόναι

2048 1709 2180 1780 παρ’
2213 1709 2395 1772 αὐτοῖς
2431 1706 2509 1779 τῷ
2543 1707 2867 1778 βουλομένῳ,
2913 1707 2988 1770 ὡς
3040 1706 3193 1778 παρὰ
3246 1704 3455 1759 πολλῶν
3494 1705 3641 1775 ἀκή-

354 1789 584 1859 virginis
612 1797 890 1860 stuprum,
925 1790 1165 1846 ludibrio
1195 1800 1345 1847 esset
1371 1793 1620 1851 habitus.
1650 1793 1786 1849 Nam
1812 1810 1939 1850 cum

2060 1819 2171 1857 ma.
2206 1801 2532 1873 Συμόέὸηκε
2559 1801 2614 1854 δὲ
2640 1800 2800 1854 τοῦτο
2825 1799 3077 1868 γενέσθαι
3105 1797 3278 1869 αὐτῷ,
3302 1798 3363 1851 τὸ
3389 1796 3647 1867 ἐφίεσθαι

356 1874 621 1945 virginem
685 1876 741 1929 in
813 1879 994 1947 patria
1058 1885 1515 1948 constuprasset,
1577 1887 1633 1935 et
1697 1881 1936 1952 ingentis

2060 1894 2167 1966 τρία
2206 1892 2405 1966 λουτρά
2450 1877 2709 1955 δίδοσθαι,
2749 1892 2818 1945 δι’
2869 1893 2936 1962 ήν
2969 1892 3174 1961 ’ὑπεῖχε
3225 1889 3428 1960 χλεύην
3486 1889 3645 1960 παρὰ

355 1962 546 2033 ﬂagitii
608 1965 897 2022 convictus
981 1965 1329 2038 aufugisset,
1385 1970 1615 2025 alterum
1667 1972 1771 2027 sibi
1823 1973 1934 2027 cir-

356 2055 749 2114 cumforaneus
824 2059 931 2115 iste
1014 2060 1347 2131 baptismum
1439 2062 1679 2131 ascivit;
1770 2064 1938 2121 licere

358 2149 728 2218 pronuntians
758 2158 843 2205 ter
863 2152 1091 2208 omnino
1130 2154 1334 2224 aliquis
1372 2156 1504 2220 elui,
1546 2170 1612 2212 ac
1662 2157 1936 2228 baptismo

358 2247 711 2306 peccatorum
753 2242 819 2297 ad
858 2242 1317 2300 condonationem
1367 2248 1576 2318 expiari
1606 2268 1619 2304 :
1650 2256 1708 2303 ut
1734 2248 1779 2304 si
1811 2251 1937 2319 quis

358 2336 482 2397 post
529 2340 856 2401 usurpatum
892 2335 1129 2405 priorem
1162 2338 1499 2406 peccaverit,
1532 2338 1600 2393 ad
1634 2342 1935 2397 secundum

355 2434 480 2475 cum
515 2424 833 2491 paznitentia
867 2425 1168 2498 confugiat,
1206 2428 1566 2499 similiterque
1606 2432 1849 2495 tertium,
1889 2431 1936 2487 si

358 2521 482 2582 post
558 2516 862 2571 secundum
924 2517 1121 2573 iterum
1176 2534 1236 2574 se
1279 2519 1495 2575 delictis
1561 2521 1935 2580 obstrinxerit.

288 2667 294 2672 .
357 2603 512 2668 Quod
556 2605 623 2658 ad
670 2605 909 2660 infamiae
959 2622 1073 2662 sua:
1108 2608 1409 2663 remedium
1450 2612 1800 2680 excogitavit,
1831 2628 1939 2682 quo

358 2709 419 2748 se
442 2709 663 2748 rursum
714 2703 839 2765 post
862 2695 1081 2754 facinus
1126 2706 1441 2769 purgatum,
1491 2708 1547 2755 et
1595 2701 1737 2757 inter
1779 2702 1936 2757 inno-

359 2794 547 2843 centes
589 2789 992 2844 numerandum
1043 2805 1166 2847 esse
1217 2793 1596 2862 persuaderet.
1662 2795 1744 2849 Ad
1797 2797 1941 2870 quod

358 2878 523 2931 etiam
586 2877 725 2934 falso
784 2881 1160 2937 testimonium
1214 2884 1486 2953 quoddam
1543 2890 1939 2955 accommodat,

361 2968 504 3036 quod
535 2972 718 3039 specie
752 2972 871 3042 ipsa
930 2974 1213 3042 probabile
1244 2976 1419 3045 possit
1453 2975 1626 3031 videri
1663 2997 1676 3032 :
1704 2981 1806 3035 etsi
1833 2998 1941 3038 non

360 3075 426 3115 eo
472 3076 605 3132 quo,
632 3064 744 3117 vult
771 3065 1039 3133 pertineat
1069 3085 1083 3121 :
1116 3068 1196 3120 sic
1225 3067 1368 3120 enim
1393 3068 1625 3124 asserit:
1654 3068 1941 3127 Dominum

2041 1987 2152 2040 τῶν
2188 1986 2350 2040 αὑτὸν
2391 1984 2709 2054 ἐγνωκότων
2743 1982 3001 2055 μαθητῶν
3029 1981 3198 2036 αὐτοῦ
3233 1984 3298 2035 ἐκ
3329 1979 3644 2051 παραπτώ-

2047 2078 2216 2150 ματός
2243 2093 2305 2130 τε
2335 2076 2428 2130 καὶ
2461 2075 2668 2148 φθορᾶς
2688 2075 2787 2145 τῆς
2808 2067 3012 2144 εἰς’τὴν
3036 2073 3306 2145 παρθένον
3331 2071 3647 2142 γεγενημέ-

2043 2185 2162 2241 νης.
2200 2167 2418 2239 Ἐπειδὴ
2464 2166 2694 2238 φθείρας
2730 2169 2789 2220 ἐν
2823 2169 2891 2237 τῇ
2919 2165 3116 2219 ἐαυτοῦ
3162 2164 3316 2218 πόλει
3355 2164 3455 2236 τὴν
3497 2180 3644 2233 παρ-

2044 2260 2217 2323 θένον,
2247 2261 2341 2313 καὶ
2378 2259 2692 2331 ἀποδράσας
2721 2258 2821 2330 μὲν
2867 2260 2926 2311 ἐν
2968 2256 3376 2329 παραπτώματι
3413 2255 3643 2328 μεγάλῳ

2044 2353 2267 2423 εὑρέθη,
2307 2353 2599 2423 ἐπενόησεν
2639 2355 2669 2405 ὁ
2706 2352 2950 2424 ἀγύρτης
2994 2350 3171 2421 ἐαυτῷ
3211 2350 3463 2421 δεύτερον
3513 2349 3642 2402 λου-

2044 2443 2192 2515 τρὸν,
2226 2443 2425 2513 φήσας,
2454 2443 2536 2495 ὅτι
2577 2441 2825 2506 Ἔξεστιν
2864 2441 2969 2505 ἐως
2995 2439 3160 2514 τριῶν
3189 2437 3451 2510 λουτρῶν,
3484 2454 3642 2491 τουτ-

2046 2534 2163 2588 έστι
2195 2534 2362 2606 τριῶν
2417 2530 2764 2603 βαπτισμῶν,
2808 2533 2889 2596 είς
2928 2533 3120 2601 ἄφεσιν
3167 2529 3451 2601 ἁμαρτιῶν
3501 2528 3643 2581 δίδο-

2048 2628 2173 2681 σθαι
2196 2644 2210 2658 ·
2245 2628 2311 2681 ἵν’
2342 2627 2499 2691 εἴτις
2525 2626 2835 2698 παρέπεσεν
2868 2626 2949 2688 εἰς
2976 2625 3037 2677 τὸ
3067 2624 3303 2693 πρῶτον,
3328 2621 3471 2694 λάϐῃ
3513 2620 3632 2674 δεύο

2046 2735 2204 2791 τερον
2235 2719 2590 2791 μετανοήσας,
2613 2718 2709 2772 καὶ
2737 2715 2918 2788 τρίτον
2943 2714 3225 2779 ὡσαύτως,
3254 2713 3348 2768 ἐὰν
3372 2716 3431 2766 ἐν
3457 2729 3644 2785 παρα-

2049 2808 2307 2880 πτώματι
2355 2809 2494 2879 μετὰ
2530 2809 2591 2862 τὸ
2628 2808 2882 2880 δεύτερον
2916 2808 3161 2877 γένηται.
3189 2806 3346 2877 Φέρει
3378 2805 3435 2858 δὲ
3456 2803 3643 2875 δῆθεν,

2051 2899 2139 2952 ἵνα
2168 2900 2266 2970 τὴν
2297 2898 2490 2953 ἑαυτοῦ
2527 2898 2725 2970 χλεύην
2765 2896 3023 2969 ἀνασώσῃ
3056 2899 3136 2960 είς
3167 2896 3517 2968 παράστασιν
3552 2895 3649 2949 αὐ-

2050 2990 2144 3044 τοῦ
2162 3004 2176 3019 ’
2216 2991 2382 3044 ὅτιτὸ
2409 2990 2549 3060 μετὰ
2575 2991 2635 3044 τὸ
2675 2988 2840 3043 αὐτοῦ
2869 2990 3222 3061 παράπτωμα
3251 2986 3415 3040 πάλιν
3440 2985 3651 3039 ἐκαθα-

2056 3081 2235 3153 ρίσθη,
2284 3083 2381 3135 καὶ
2424 3081 2609 3134 λοιπὸν
2655 3082 2713 3135 ὲν
2763 3079 2961 3144 ἀθώοις
3007 3079 3272 3150 ὑπάρχει,
3337 3076 3654 3149 μαρτυρίαν

358 3144 647 3220 postquam
686 3167 715 3204 a
737 3150 948 3205 Joanne
993 3153 1304 3222 baptizatus
1337 3161 1442 3214 est,
1469 3155 1675 3215 dixisse
1698 3156 1941 3227 discipu-

2060 3144 2174 3245 περὶ
2201 3144 2412 3227 ’τούτου
2454 3172 2809 3245 ψευδηγορῶν
2848 3212 2865 3239 ,
2913 3172 2990 3236 ὡς
3033 3144 3294 3241 πιθανὴν,
3339 3144 3658 3239 δυναμένην

362 3236 432 3292 lis
461 3257 473 3292 :
500 3239 778 3309 Baptisma
834 3242 997 3295 habeo
1048 3242 1331 3310 baptizari,
1367 3251 1416 3295 et
1460 3244 1585 3312 quid
1620 3245 1736 3299 volo
1761 3246 1863 3299 nisi
1892 3256 1950 3300 ιιι

363 3333 636 3402 perﬁciam
675 3335 919 3403 ipsum‘?
953 3335 1114 3405 305
1159 3335 1237 3389 Ac
1280 3350 1496 3390 rursum
1527 3356 1540 3391 :
1579 3334 1811 3392 Calicem
1855 3338 1951 3392 ha-

367 3424 458 3478 beo
507 3424 717 3479 bibere:
753 3435 801 3481 et
848 3426 977 3496 quid
1008 3428 1144 3487 volo,
1208 3428 1310 3481 nisi
1359 3436 1419 3481 ut
1476 3429 1722 3497 impleam
1756 3430 1952 3486 illum?

367 3513 525 3570 Unde
566 3516 751 3586 plures
778 3517 901 3572 illos
937 3516 1237 3587 baptismos
1267 3529 1617 3575 commentus
1648 3527 1754 3575 est.

2058 3264 2423 3334 ἐξαπατῆσαι,
2448 3265 2509 3318 οὐ
2530 3264 2688 3317 τοῦτο
2711 3264 2766 3317 δὲ
2793 3262 3187 3334 σημαίνουσαν,
3218 3260 3247 3314 ὃ
3268 3260 3433 3323 αὐτὸς
3475 3259 3653 3328 λέγει,

2056 3358 2139 3411 ὅτι
2181 3356 2345 3427 φησί’
2394 3355 2721 3420 Βαπτισθεὶς
2767 3357 2795 3409 ὁ
2838 3353 3043 3425 Κύριος
3094 3352 3202 3406 ὑπὸ
3245 3350 3339 3405 τοῦ
3380 3351 3657 3415 Ἰωάννου,

2059 3448 2214 3517 ἔλεγε
2240 3450 2353 3511 τοῖς
2385 3446 2678 3519 μαθηταῖς·
2712 3445 3032 3515 Βάπτισμα
3057 3445 3177 3514 ἔχω
3193 3441 3616 3508 ,βαπτισθῆναι
3639 3458 3652 3468 ·

2065 3541 2167 3593 καὶ
2212 3540 2272 3593 τι
2312 3538 2467 3593 θέλω
2505 3541 2556 3592 εὶ
2602 3538 2719 3608 ἤδη
2763 3538 3048 3593 τετέλεκα
3093 3535 3275 3599 abtd;
3320 3535 3416 3588 καὶ
3452 3533 3619 3588 πάλιν
3642 3552 3660 3568 ο

365 3615 661 3687 Ποτήριον
688 3618 805 3689 ἔχω
840 3618 1027 3674 πιεῖνθ
1071 3620 1173 3674 καὶ
1218 3623 1276 3675 τί
1314 3621 1465 3678 θέλω
1500 3622 1616 3694 ἤδη
1656 3624 1956 3694 πληρώσω
1993 3631 2187 3698 αὐτό;
2217 3633 2312 3685 καὶ
2375 3631 2521 3686 οὕτω
2557 3632 2620 3685 τὸ
2691 3630 2891 3685 διδόναι
2935 3628 3108 3682 πλείω
3152 3627 3505 3699 βαπτίσματα
3545 3623 3663 3679 ἐδο-

451 3709 654 3764 άτισεν.
710 3716 717 3727 “

451 3726 654 3764 ατισεν.
714 3726 717 3727 ⁷

367 3726 531 3855 γμιγ.
561 3796 834 3855 Ρταειετεο
860 3800 1034 3872 legem
1069 3816 1133 3856 ac
1190 3802 1487 3875 prophetas
1517 3820 1711 3862 omnes
1736 3806 1957 3878 abjicit;

360 3906 510 3963 quos
551 3892 817 3963 principis
857 3892 1003 3949 illius
1036 3893 1243 3960 alilatu,
1282 3897 1373 3966 qui
1415 3896 1562 3952 hunc
1602 3898 1791 3954 orbem
1827 3914 1961 3954 con-

362 3987 533 4054 adidit,
565 3988 896 4045 vaticinatos
924 3990 1225 4046 existimat.
1256 3992 1543 4048 Christum
1579 4008 1709 4048 vero
1740 3994 1863 4049 ideo
1894 3994 1963 4051 de

358 4079 511 4133 caelo
570 4078 852 4149 delapsum
898 4080 990 4134 illo
1025 4095 1056 4134 a
1092 4078 1344 4147 Parente,
1378 4083 1474 4152 qui
1502 4097 1606 4138 nec
1645 4083 1817 4138 videri
1864 4098 1967 4139 nec

2139 3815 2214 3867 A'.
2240 3814 2315 3868 Οὐ
2338 3815 2496 3886 μόνον
2526 3814 2583 3868 δὲ
2596 3812 2917 3880 τοῦτο,ἀλλὰ
2943 3811 3142 3867 καὶτὸν
3164 3813 3326 3882 νόμον
3340 3807 3661 3873 ἀποϐάλλει,

2064 3906 2161 3959 καὶ
2190 3905 2397 3970 πάντας
2453 3906 2758 3977 προφήτας,
2801 3904 2976 3973 λέγων
3013 3904 3079 3956 ἐκ
3114 3900 3209 3956 τοῦ
3269 3901 3529 3972 ἄρχοντος
3565 3897 3665 3953 τοῦ

2068 3997 2158 4050 τὸν
2196 3998 2402 4068 κόσμον
2432 3997 2791 4068 πεποιηκότος
2819 3997 2945 4059 τοὺς
2969 3994 3245 4058 τοιούτους
3279 4010 3665 4064 προπεφητευ-

2071 4085 2245 4140 κέναι.
2282 4085 2519 4156 Χριστὸν
2546 4086 2603 4139 δὲ
2637 4084 2786 4154 λέγει
2815 4083 3021 4138 ἄνωθεν
3053 4083 3161 4136 ἀπὸ
3184 4081 3278 4135 τοῦ
3310 4082 3546 4154 ἀοράτου
3569 4081 3667 4135 καὶ

308 4202 315 4211 ι
363 4169 647 4223 nominari
676 4179 881 4240 potest,
912 4179 971 4225 ut
1001 4178 1055 4226 et
1085 4173 1299 4229 animas
1334 4173 1617 4241 liberaret,
1652 4184 1708 4230 ct
1740 4175 1948 4238 ,ποτικο-

2072 4178 2515 4249 ἀκατονομάστου
2564 4177 2779 4248 Πατρὺς
2809 4174 3250 4246 καταϐεϐηκέναι
3293 4175 3387 4228 ἐπὶ
3419 4175 3667 4246 σωτηρίᾳ

364 4276 495 4315 Tum
545 4276 609 4316 ac
653 4262 809 4332 legis,
861 4270 915 4317 et
964 4263 1381 4332 pr0phetarum,
1436 4274 1602 4335 atque
1648 4266 1948 4323 istiusmodi

2067 4270 2176 4323 τῶν
2202 4269 2410 4341 ψυχῶν,
2432 4271 2526 4323 καὶ
2557 4270 2650 4322 ἐπὶ
2679 4268 2885 4338 ἐλέγχῳ
2908 4265 3002 4320 τοῦ
3037 4265 3171 4319 Θεοῦ
3205 4265 3313 4319 τῶν
3365 4265 3666 4327 Ἰουδαίων,

366 4359 697 4407 ποωιθτοτυω
726 4353 892 4407 Deum
917 4354 1300 4424 redargueret.
1327 4354 1440 4411 lmo
1460 4356 1525 4411 ad
1557 4357 1763 4413 inferos
1789 4375 1948 4430 usque

2069 4361 2163 4413 καὶ
2187 4361 2375 4431 νόμου,
2410 4360 2505 4413 καὶ
2542 4359 2856 4433 προφητῶν,
2871 4356 3088 4412 καὶτῶν
3104 4357 3380 4411 τοιούτων.
3402 4356 3517 4410 Καὶ
3538 4356 3668 4427 ἄχρι

366 4432 728 4497 "descendisse
763 4442 1075 4507 Dominum,
1104 4452 1164 4499 ut
1193 4454 1248 4499 et
1269 4444 1465 4511 Caino,
1494 4455 1547 4500 et
1574 4446 1734 4512 Core,
1760 4464 1824 4503 ac
1854 4448 1948 4504 Da-

2062 4451 2189 4523 ᾂδσυ
2221 4432 2657 4522 καταϐεϐηκέναι
2694 4439 2787 4504 τὸν
2820 4448 3046 4522 Κύριον,
3079 4448 3167 4503 ἵνα
3186 4446 3335 4518 σώσῃ
3363 4446 3490 4510 τοὺι⁵
3538 4446 3665 4514 περὶ

372 4532 552 4595 thani,
598 4540 653 4587 et
690 4533 942 4600 Abironi,
989 4551 1091 4590 nec
1139 4551 1251 4591 non
1300 4537 1482 4604 Esau,
1533 4554 1598 4595 ac
1644 4543 1963 4600 nationibus

368 4621 654 4686 omnibus,
693 4623 897 4693 quibus
949 4624 1262 4680 Judaeorum
1313 4626 1460 4684 Deus
1502 4629 1681 4685 fuerat
1720 4633 1960 4704 ignotus,

376 4715 610 4772 salutem
636 4715 873 4772 ali‘erret.
902 4718 1133 4773 Abelunt
1167 4736 1317 4786 vero,
1342 4720 1649 4790 Enochum,
1675 4723 1962 4792 Noemum,

374 4807 770 4875 Abrahamum,
795 4810 1063 4876 lsaacum,
1086 4811 1374 4882 Iacobum,
1409 4814 1672 4887 Moysem,
1706 4817 1967 4873 Davidem

374 4915 443 4954 ac
487 4899 833 4956 Salomonem
881 4904 995 4959 illic
1040 4907 1298 4976 relictos;
1354 4911 1612 4979 quoniam
1654 4912 1966 4967 Judaaorum

380 4991 576 5057 Deum,
608 4993 887 5064 inquiunt,
922 5007 1286 5067 agnoverunt,
1318 5003 1412 5071 qui
1437 5004 1814 5059 universitatis
1836 5020 1970 5058 con-

376 5084 527 5141 ditor
557 5099 624 5139 ac
658 5085 961 5143 fabricator
1006 5099 1115 5156 est,
1147 5091 1381 5163 ejusque
1429 5095 1576 5165 leges
1613 5104 1669 5151 et
1719 5096 1970 5151 instituta

376 5177 561 5232 secuti
593 5186 757 5232 sunt:
791 5194 856 5234 ac
898 5195 1006 5235 non
1054 5198 1113 5238 se
1141 5186 1324 5254 potius
1371 5186 1529 5242 alteri
1578 5188 1656 5242 illi
1696 5188 1827 5252 Deo,
1877 5187 1971 5258 qui

382 5267 556 5322 videri
602 5269 779 5325 oculis
817 5273 1030 5341 nequit,
1076 5274 1425 5334 addixerunt.
1474 5277 1595 5333 Jam
1633 5280 1974 5337 mulierculis

384 5359 703 5430 baptizandi
750 5371 1080 5432 potestatem
1129 5368 1281 5426 facit.
1326 5371 1474 5426 Nihil
1507 5381 1592 5430 est
1638 5373 1788 5430 enim
1829 5376 1976 5446 apud

462 5514 478 5546 ¹
508 5515 643 5573 Luc.
684 5532 783 5583 ιιι,
810 5516 899 5574 50.

2073 4543 2340 4606 Kdt'iv,xat
2361 4541 2635 4614 Κορὲ,καὶ
2661 4540 2856 4607 Δαθὰν,
2872 4540 2966 4593 καὶ
2989 4537 3257 4611 Ἀὁηρὼν,
3274 4534 3445 4590 Ἡσαῦ
3462 4553 3526 4589 τε
3570 4535 3668 4590 καὶ

2074 4637 2251 4690 πάντα
2282 4635 2351 4689 τὰ
2387 4635 2515 4705 ἔθνη
2548 4634 2616 4688 τὰ
2647 4633 2721 4705 μὴ
2740 4632 3098 4703 ἐπεγνωκότα
3118 4631 3211 4685 τὸν
3232 4629 3364 4683 Θεὸν
3388 4628 3498 4682 τῶν
3536 4630 3668 4682 Ἰου-

2073 4727 2259 4782 δαίων.
2285 4727 2424 4791 Τοὺς
2445 4725 2502 4779 δὲ
2532 4726 2662 4797 περὶ
2688 4724 2877 4791 Ἀδελ,
2910 4726 3007 4778 καὶ
3041 4721 3235 4794 Ἑνὼχ,
3270 4721 3364 4775 καὶ
3392 4719 3544 4786 Νῶε,
3576 4721 3671 4775 καὶ

2088 4817 2358 4893 Ἀϐραάμ,
2386 4817 2480 4870 καὶ⁵
2515 4816 2719 4883 Ἰσαὰκ,
2756 4817 2851 4870 καὶ
2885 4814 3104 4879 Ἰακὼϐ,
3141 4814 3236 4868 καὶ
3262 4811 3526 4877 Μωῦσέα,
3557 4812 3667 4864 Δα-

2077 4912 2163 4965 ϐίδ
2205 4928 2266 4963 τε
2318 4908 2755 4980 καὶιΣαλομῶνα
2811 4908 2929 4961 ἐκεῖ
2989 4904 3471 4961 καταλελοιπέναι·
3533 4902 3670 4956 διότι

2077 5002 2413 5071 ἐπέγνωσαν,
2469 5002 2622 5070 φησὶ,
2687 4999 2777 5054 τὸν
2828 5000 2960 5053 Θεὸν
3014 4999 3127 5053 τῶν
3204 4996 3487 5061 Ἰουδαίων,
3539 4996 3669 5049 ὄντα

2080 5095 2311 5167 ποιητὴν
2359 5092 2454 5147 καὶ
2497 5093 2743 5163 κτίστην,
2782 5092 2877 5146 καὶ
2925 5092 2995 5145 τὰ
3027 5091 3339 5162 καθήκοντα
3367 5087 3539 5142 αὐτοῦ
3568 5104 3665 5140 πε-

2081 5191 2342 5259 ποιήκασι
2372 5186 2465 5240 καὶ
2496 5185 2616 5256 οὐχὶ
2645 5184 2720 5256 τῷ
2745 5184 2865 5256 Θεῷ
2897 5184 2976 5255 τῷ
2997 5183 3215 5256 ἀοράτῳ
3236 5179 3464 5242 ἑαυτοὺς
3495 5196 3665 5252 προσ-

2082 5280 2353 5335 ανέθεντο.
2408 5279 2601 5339 Δίδωσι
2650 5279 2742 5332 καί
2777 5277 3079 5350 ἐπιτροπὴν
3119 5274 3335 5345 γυναιξὶ
3373 5272 3671 5343 βάπτισμα

2082 5374 2303 5429 διδόναι.
2344 5371 2481 5443 Παρ’
2517 5372 2699 5434 αὐτοῖς
2732 5370 2841 5442 γὰρ
2869 5370 3044 5425 πάντα
3078 5366 3276 5439 χλεύης
3300 5364 3541 5437 ἔμπλεα,
3570 5363 3670 5415 καὶ

466 5666 582 5734 (64)
616 5671 917 5753 Νηστεξαιλ·
945 5670 1165 5753 δὲ’-καὶ.
1196 5670 1261 5725 τὸ
1289 5672 1612 5729 Σιὶέὁίιτον.
1648 5672 1773 5748 Leg.
1828 5655 1948 5731 κατέ

2077 5676 2209 5735 Σάὅ.
2242 5678 2377 5735 Nam
2411 5678 2653 5743 Sabbato
2683 5679 2922 5753 jejunari
2950 5685 3140 5737 contra
3162 5676 3452 5735 Orientalis
3482 5672 3663 5730 Eccle-

400 5740 495 5797 sia:
521 5751 726 5793 morem
751 5740 980 5807 jubebat
1005 5739 1225 5796 Marcio.
