3950 6142
413 343 506 401 701
612 392 619 397 .

1053 343 1424 403 ADVERSUS
1462 344 1808 403 HIERESES
1845 346 1972 401 LIB.
2021 345 2062 402 ι.
2105 345 2271 405 TOM.
2315 346 2407 402 lll.
2447 377 2519 389 -—
2557 345 2835 403 HIERES.
2872 345 3033 403 XLII.

3574 347 3684 400 7οι

409 463 558 519 οὐδὲν
579 461 766 533 ἕτερον
789 477 802 492 ·
834 459 995 514 ὁπότε
1032 461 1129 515 καὶ
1164 462 1233 516 τὰ
1277 463 1555 534 μυστήρια
1589 462 1821 518 ἐνώπιον
1859 482 1965 519 κατ

2094 466 2220 521 illos
2268 466 2377 522 nisi
2420 466 2661 522 ludibrio
2706 482 2772 523 ac
2816 468 2935 524 risu
2979 468 3391 540 dignissimum,
3442 487 3565 527 cum
3597 474 3681 531 vel

405 554 727 626 ηχουμένων
780 554 1048 606 ἐπιτελεῖν
1080 552 1374 624 τολμῶσιν.
1435 555 1757 609 ’Δνάστασιν
1786 555 1885 624 δὲ,’
1916 556 1992 619 ὡς

405 647 576 713 εἷπον,
613 639 768 709 οὗτος
818 645 968 715 λέγει
1001 647 1123 716 οὐχι
1157 647 1448 719 σωμάτων,
1480 647 1615 701 ἀλλά
1645 648 1833 719 ψυχῶν
1853 665 1868 682 ο
1896 650 1992 703 καὶ

406 737 680 807 σωτηρίαν
729 735 955 800 ταύταις
1014 735 1276 807 ὁρίζεται,
1320 737 1442 807 οὐχὶ
1469 740 1582 801 τοῖς
1609 738 1842 809 σώμασι.
1882 739 1992 792 Καὶ

407 824 815 893 μεταγγισμοὺς
873 824 1074 894 ὁμοίως
1108 824 1216 877 τῶν
1258 824 1466 895 ψυχῶν,
1500 827 1594 879 καὶ
1639 844 1991 899 μετενσωμα-

400 911 595 977 τώσεις
631 913 742 967 ἀπὸ
768 915 1036 985 σωμάτων
1067 918 1147 979 είς
1178 914 1405 987 σώματα
1440 919 1660 986 φάσκει.

469 1088 544 1141 E'.
581 1086 927 1159 Πανταχόθεν
982 1090 1041 1143 δὲ
1088 1089 1275 1143 πίπτει
1303 1092 1336 1161 ἡ
1365 1091 1532 1145 αὐτοῦ
1587 1091 1794 1163 ματαία
1829 1110 1986 1148 κενο-

396 1179 597 1248 φωνία,
625 1179 699 1243 ὡς
736 1181 835 1252 ήδη
883 1199 973 1252 μοι
1017 1184 1076 1236 ὲν
1115 1182 1304 1246 ἄλλαις
1350 1184 1594 1255 αἱρέσεσι
1653 1187 1985 1258 πεπραγμά-

395 1287 599 1328 τευται,
637 1272 760 1337 Πῶς
775 1273 883 1343 γὰρ
912 1276 1277 1346 ἀναστήσεται
1305 1276 1338 1346 ἡ
1371 1276 1445 1347 μὴ
1471 1280 1792 1333 πεπτωκυϊα
1805 1278 1981 1352 tinxi};

408 1361 727 1427 Ἀνάστασις
755 1364 812 1418 δὲ
858 1364 976 1429 πῶς
1019 1368 1189 1437 αὐτῆς
1238 1366 1590 1438 κληθήσεται,
1614 1368 1716 1440 τῆς
1767 1370 1842 1442 μὴ
1887 1388 1986 1426 πε-

396 1453 598 1524 σούσης
618 1454 835 1525 ψυχῆς;
883 1458 1000 1510 Πᾶν
1032 1459 1141 1529 γὰρ
1172 1459 1233 1513 τὺ
1262 1460 1459 1512 πίπτον
1491 1461 1841 1526 ἀναστάσεως
1871 1463 1983 1518 δετ-

391 1562 502 1598 ται.
544 1547 741 1601 Πίπτει
778 1547 836 1601 δὲ
863 1548 1017 1619 οὐχή
1047 1550 1215 1621 ψυχὴ,
1263 1549 1399 1604 ἀλλὰ
1454 1552 1635 1626 σῶμα.
1670 1554 1833 1607 Ὅθεν
1887 1556 1984 1609 καὶ

390 1636 614 1700 δικαίως
647 1637 848 1708 πτῶμα
888 1640 1081 1712 αὑτὸή
1121 1643 1379 1715 συνήθεια
1426 1646 1584 1699 εἴωθε
1631 1645 1837 1712 καλεῖν,
1885 1647 1982 1701 καὶ

389 1728 551 1792 αὐτὸς
598 1730 628 1782 6
664 1730 866 1800 Κύριος
906 1732 1095 1797 εἰπὼν,
1141 1735 1223 1788 ὅτι
1248 1738 1439 1791 Ὅπου
1467 1738 1536 1792 τὸ
1580 1737 1809 1807 πτῶμα,
1855 1738 1986 1793 ἐκεῖ

2098 557 2380 629 mysteriis
2430 558 2564 629 ipsis
2613 560 2926 618 astantibus
2982 561 3415 627 catechumenis,
3466 554 3681 635 operari

2097 663 2209 702 non
2232 647 2506 704 dubitent.
2535 648 2693 716 Quod
2720 651 2788 705 ad
2810 652 3268 708 resurrectionem
3291 655 3507 721 attinet,
3540 657 3680 714 hanc

2098 738 2192 794 ille
2222 754 2518 810 corporum
2560 757 2685 798 esse
2718 751 2901 813 negat,
2949 744 3029 797 uti
3076 746 3431 802 monuimus:
3467 748 3680 803 anima-

2095 844 2219 884 rum
2250 832 2524 895 concedit,
2558 834 2763 903 quibus
2793 835 2927 891 solis
2964 837 3216 902 salutem,
3254 855 3362 895 non
3398 842 3525 898 item
3557 859 3681 898 cor-

2094 923 2326 993 poribus
2360 924 2791 981 circumscribit.
2830 927 3150 983 Animarum
3188 929 3423 1001 denique
3453 935 3522 989 ab
3555 936 3678 993 aliis

2095 1012 2150 1067 in
2185 1014 2293 1067 alia
2326 1029 2562 1084 corpora
2587 1016 2946 1088 migrationes
2973 1032 3037 1071 ac
3067 1019 3336 1075 transitus
3376 1024 3590 1078 statuit.

2166 1100 2451 1158 V.Verum
2493 1103 2677 1159 inanis
2713 1117 2778 1158 ac
2806 1103 3040 1158 ridicula
3071 1104 3188 1158 haec
3218 1106 3405 1175 opinio
3430 1109 3579 1163 omni
3610 1125 3678 1165 ex

2094 1199 2250 1263 parte
2290 1192 2553 1259 concidit,
2587 1199 2649 1248 ut
2684 1192 2740 1246 in
2781 1193 2907 1249 aliis
2941 1195 3245 1251 haeresibus
3289 1204 3450 1252 antea
3488 1198 3679 1256 docui—

2091 1300 2238 1340 mus.
2273 1284 2378 1352 Qui
2409 1285 2555 1341 enim
2601 1300 2894 1355 resurgere
2943 1287 3125 1341 anima
3173 1288 3266 1343 illa
3308 1298 3510 1359 potest,
3555 1308 3678 1363 quae

2092 1391 2371 1445 nunquam
2404 1375 2646 1432 corruit?
2676 1375 2984 1442 Quomodo,
3018 1377 3242 1447 inquam
3268 1421 3282 1443 ,
3317 1380 3387 1446 ei,
3413 1396 3534 1450 quae
3564 1398 3675 1438 non

2089 1468 2311 1532 cecidit,
2349 1468 2683 1524 resurrectio
2704 1468 3000 1523 tribuetur?
3020 1467 3297 1539 Quidquid
3326 1472 3470 1525 enim
3502 1473 3670 1536 cadit,

2091 1558 2501 1613 resurrectione
2526 1572 2668 1628 opus
2693 1556 2878 1611 habet.
2913 1554 3075 1611 Cadit
3105 1565 3290 1611 autem
3328 1572 3439 1612 non
3469 1559 3671 1625 anima,

2091 1648 2187 1705 sed
2225 1663 2445 1719 corpus.
2496 1648 2654 1716 Quod
2688 1649 2894 1705 idcirco
2920 1650 3140 1721 πτῶμα,
3169 1650 3274 1705 hoc
3309 1660 3393 1707 est
3423 1650 3670 1717 cadaver,

2101 1740 2440 1796 consuetudo
2479 1740 2790 1796 communis
2835 1742 3092 1812 appellat,
3126 1742 3371 1813 adeoque
3407 1742 3672 1798 Dominus

388 1819 883 1889 συναχθήσονται
940 1822 1039 1877 καί
1103 1828 1158 1880 οἱ
1197 1826 1380 1881 ἀετοί.
1440 1829 1552 1882 Καὶ
1605 1827 1715 1898 γὰρ
1754 1831 1813 1882 ὲν
1869 1831 1968 1893 τοῖς

2091 1830 2229 1902 ipse,
2261 1847 2387 1887 cum
2424 1832 2507 1888 sic
2552 1832 2835 1902 loquitur:
2875 1830 3182 1902 Ubicunque
3228 1841 3305 1888 est
3348 1833 3570 1903 πτῶμα,
3616 1833 3672 1887 id

391 1912 669 1982 μνήμασιν
696 1913 756 1966 οὐ
781 1915 1180 1988 κατακλείομεν
1210 1916 1390 1988 ψυχὰς
1415 1918 1552 1990 (65),
1582 1919 1720 1973 ἀλλὰ
1750 1918 1968 1990 σώματα

2081 1930 2168 1978 est
2203 1939 2414 1992 corpus,
2455 1922 2568 1976 illic
2608 1921 3067 1992 congregabantur
3100 1930 3151 1975 et
3192 1922 3386 1991 aquila:
3413 1923 3451 1976 ¹.
3485 1921 3672 1990 Neque

387 2005 812 2076 κατατιθέαμεν,
843 2008 901 2061 ὲν
929 2010 998 2078 γῇ
1044 2008 1483 2079 καταχώσαντες,
1507 2002 1597 2064 ὧν“
1620 2015 1652 2080 ὴ
1682 2012 1968 2075 ἀνάστασις

2079 2011 2228 2064 enim
2283 2010 2556 2081 sepulcris
2610 2012 2830 2067 animas
2884 2009 3242 2076 includimus,
3296 2010 3392 2066 sed
3439 2025 3672 2081 corpora

384 2095 466 2158 εἰς
503 2096 696 2152 ἐλπίδα
745 2097 859 2169 ἔχει
911 2098 972 2152 τὸ
997 2100 1281 2170 κήρυγμα,
1320 2101 1573 2173 καθάπερ
1608 2103 1637 2154 6
1668 2101 1762 2156 τοῦ
1827 2102 1975 2156 σίτου

386 2187 615 2252 κόκκος·
666 2189 742 2254 ὡς
775 2192 869 2243 καὶ
908 2194 937 2244 6
988 2192 1147 2260 ἅγιος
1188 2192 1509 2257 Ἀπόστολος
1537 2194 1635 2265 τὴν
1673 2193 1976 2266 μαρτυρίαν

383 2280 583 2350 ἧνεγκε
603 2283 732 2354 περὶ
746 2282 839 2335 τοῦ
860 2284 1060 2337 κόκκου
1082 2283 1177 2337 τοῦ
1201 2285 1346 2338 σίτου
1364 2285 1459 2338 καὶ
1484 2284 1592 2340 τῶν
1621 2284 1797 2339 ἄλλων
1815 2302 1978 2356 σπερ-

387 2373 601 2429 μάτωνο
642 2375 736 2429 καί⁵
771 2375 932 2439 αὐτὸς
956 2376 1011 2428 δὲ
1050 2378 1079 2430 ὁ
1101 2376 1305 2446 Κύριος
1329 2377 1388 2428 ὲν
1410 2375 1488 2446 τῷ
1516 2377 1864 2448 Εὐαγγελίῳ’
1891 2378 1974 2431 ὅτι

393 2465 536 2519 Ἐὰν
567 2466 774 2520 πεσὼν
808 2469 841 2521 ὀ
872 2468 1095 2534 κόκκος
1119 2469 1227 2521 τοῦ
1258 2470 1434 2522 σίτου
1459 2469 1757 2538 ἀποθάνῃ,
1782 2472 1973 2539 μόνος

374 2556 563 2624 μένει.
604 2558 662 2610 '0
705 2558 761 2611 δὲ
819 2558 974 2627 ἅγιος
1024 2560 1349 2623 Ἀπόστολός
1364 2577 1565 2632 φησιν·
1617 2561 1829 2633 ἄφρονα
1864 2561 1973 2633 γὰρ

379 2647 535 2701 καλεί
558 2648 648 2701 τὸν
683 2648 910 2703 ἄπιστον
956 2651 1049 2704 τὸν
1085 2652 1221 2715 ὅλως
1281 2651 1718 2723 ἀμφιϐάλλοντα,
1761 2652 1856 2706 καὶ
1878 2652 1970 2705 λὲ-

379 2756 576 2808 γονταο
637 2739 771 2807 Πῶς
804 2742 843 2811 ἡ
891 2741 1233 2809 ἀνάστασις
1267 2744 1527 2813 γίνεται;
1570 2744 1721 2809 ποίῳ
1757 2743 1826 2797 δὲ
1864 2742 1974 2797 σώ-

375 2847 517 2897 ματι
540 2831 864 2900 ἓρχονται;
901 2834 1011 2887 Καὶ
1046 2835 1207 2899 εὐθὺς
1238 2835 1374 2907 πρὸς
1406 2836 1533 2899 τοὺς
1562 2835 1834 2899 τοιούτους
1868 2853 1972 2908 φη-

378 2923 463 2976 σίν
479 2940 492 2954 ·
534 2924 782 2992 Ἄρρων,
810 2924 891 2979 σὺ
914 2924 945 2978 ὃ
969 2927 1243 2994 σπείρεις
1265 2928 1336 2980 οὐ
1359 2924 1746 2996 ζωογονεῖται,
1763 2926 1872 2980 ἐὰν
1881 2925 1968 2996 μὴ

2077 2098 2233 2155 humi
2287 2100 2508 2155 defossa
2547 2101 2932 2171 componimus
2976 2119 2988 2155 :
3027 2101 3231 2171 quibus
3266 2100 3435 2155 divini
3475 2100 3674 2169 praedi-

2076 2193 2294 2249 catione
2316 2193 2467 2248 verbi
2490 2206 2617 2262 spes
2645 2193 3077 2249 resurrectionis
3100 2192 3447 2249 ostenditur:
3480 2207 3674 2261 quem-

2076 2285 2372 2341 admodum
2408 2285 2464 2339 in
2498 2284 2757 2340 frumenti
2781 2300 2977 2355 grano,
3009 2287 3336 2356 exterisque
3365 2286 3669 2342 seminibus

2075 2377 2320 2432 accidit:
2354 2391 2421 2432 ex
2471 2376 2673 2447 quibus
2707 2374 3006 2446 Apostolus
3051 2377 3118 2431 ad
3159 2376 3319 2431 ﬁdem
3360 2374 3668 2431 faciendam

2074 2467 2323 2538 exempla
2355 2467 2629 2537 producit,
2677 2477 2737 2523 ut
2765 2476 2820 2524 et
2853 2468 3083 2541 ipsemet
3129 2469 3187 2524 in
3224 2468 3518 2538 Evangelio
3557 2468 3670 2524 Do-

2073 2562 2258 2616 minus
2291 2579 2305 2615 :
2340 2558 2485 2625 Nisi,
2511 2560 2712 2631 inquit,
2744 2576 2967 2632 granum
2992 2560 3246 2630 frumenti
3271 2560 3462 2615 cadens
3494 2562 3547 2614 in
3571 2569 3671 2615 ter-

2073 2669 2191 2707 ram
2217 2661 2484 2706 mortuum
2506 2654 2688 2722 fuerit,
2715 2655 2889 2730 ipsum
2928 2654 3101 2708 solum
3133 2664 3308 2709 manet
3332 2656 3373 2709 ’.
3399 2654 3563 2726 306
3600 2654 3670 2709 At

2074 2745 2376 2815 Apostolus
2410 2759 2535 2799 eum
2573 2745 2715 2800 idem
2751 2754 3139 2815 argemcntum
3175 2753 3497 2816 pertractat,
3533 2747 3671 2801 insi-

2073 2836 2311 2906 pientem
2349 2852 2474 2891 eum
2507 2837 2761 2906 appellat,
2801 2838 2896 2907 qui
2935 2853 3045 2892 non
3084 2838 3282 2903 credit,
3319 2846 3413 2892 aut
3443 2839 3669 2893 omnino

2072 2927 2336 2983 haesitans
2365 2928 2699 2998 interrogat:
2734 2929 3011 2993 Quomodo
3042 2929 3103 2997 ﬁt
3139 2929 3454 2982 resurrectio
3474 2931 3499 2983 .’
3520 2928 3668 2999 quali

2072 3028 2248 3073 autem
2287 3035 2502 3087 corpore
2550 3020 2793 3076 uenient?
2826 3020 2904 3074 Ac
2948 3020 3134 3075 statim
3185 3028 3378 3075 contra
3432 3021 3553 3076 illos
3586 3020 3667 3075 sic

2071 3110 2351 3181 disputat:
2393 3110 2679 3181 Insipiens,
2711 3122 2769 3165 tu
2796 3113 2935 3182 quod
2964 3113 3194 3166 scminas
3217 3128 3318 3165 non
3344 3112 3662 3181 vivi/icatar,

374 3014 675 3083 ἀποθάνῃ.
738 3018 849 3071 Καὶ
917 3016 1223 3082 ὲξὰπαντος
1280 3018 1481 3085 ἔδειξεν
1534 3020 1567 3089 ή
1626 3017 1817 3089 Γραφὴ
1868 3015 1969 3070 τοῦ

374 3109 727 3172 πεπτωκότος
778 3109 1005 3174 κόκκου,
1042 3112 1289 3164 τουτέστι
1322 3110 1416 3163 τοῦ
1472 3108 1726 3181 σώματος
1747 3110 1841 3163 τοῦ
1870 3109 1967 3163 θα.-

372 3199 666 3269 πτομένου,
723 3200 819 3254 καὶ
884 3202 945 3254 οὐ
984 3202 1162 3273 ψυχῆς
1204 3203 1303 3273 τὴν
1352 3203 1651 3258 ἀνάστασιν
1698 3200 1964 3271 γίνεσθαι.

2078 3201 2173 3254 nisi
2193 3201 2340 3268 prius
2372 3203 2635 3255 moriatur
2659 3202 2706 3255 ³.
2742 3201 2864 3267 Qua
2894 3217 2962 3257 ex
3004 3201 3305 3272 Scriptura:
3339 3204 3667 3256 auctoritate.

372 3291 498 3355 Πῶς
547 3292 605 3345 δὲ
658 3293 804 3366 ψυχὴ
860 3293 1142 3348 ἐλεύσεται
1202 3295 1369 3367 μόνη;
1416 3295 1536 3359 πῶς
1566 3295 1625 3349 δὲ
1658 3294 1965 3365 βασιλεύσει

2078 3291 2232 3363 plane
2286 3291 2423 3346 illud
2475 3292 2861 3363 intelligimus,
2904 3308 3077 3365 grano
3127 3292 3207 3347 illi
3247 3293 3398 3364 quod
3441 3293 3664 3357 cecidit,

374 3383 510 3454 μόνη
531 3386 565 3453 ή
593 3382 727 3454 ὁμοῦ
758 3384 854 3437 σὺν
878 3383 1092 3455 σώματι
1120 3385 1472 3457 ἐργασαμένη
1496 3385 1557 3439 τὸ
1581 3385 1789 3439 δίκαιον
1835 3384 1867 3456 ἢ
1904 3384 1965 3438 τὸ

2078 3382 2179 3437 hoe
2206 3391 2291 3439 est
2325 3384 2650 3453 consepulto
2686 3386 2926 3456 corpori,
2979 3400 3090 3440 non
3142 3386 3360 3450 animae,
3413 3400 3665 3441 resurre-

370 3473 607 3543 φαῦλον;
639 3474 793 3528 ἔσται
821 3476 931 3548 γὰρ
966 3477 1186 3531 ἐναντία
1219 3478 1314 3532 καὶ
1345 3478 1406 3531 οὐ
1440 3477 1630 3531 δικαία
1680 3479 1714 3549 ἡ
1754 3477 1958 3549 κρίσις.

2071 3476 2309 3530 etionem
2340 3490 2463 3531 esse
2492 3476 2907 3533 vindicandam.
2936 3476 3151 3534 Etenim
3177 3477 3453 3548 quomodo
3483 3477 3664 3531 anima

369 3568 486 3623 sola
519 3570 751 3634 veniret,
800 3579 896 3624 aut
946 3586 1178 3641 regnare
1232 3572 1349 3628 sola
1402 3580 1613 3643 posset,
1669 3588 1793 3644 quae
1861 3587 1988 3627 cum
2029 3586 2265 3640 corpore
2303 3572 2451 3641 quod
2485 3572 2695 3642 justum
2729 3575 2827 3644 _vel
2875 3574 3082 3630 malum
3137 3581 3223 3629 est
3300 3573 3665 3629 communiter

367 3665 649 3720 exercuit?
692 3664 851 3721 Esset
889 3666 1092 3738 quippe
1134 3667 1366 3738 iustitiae
1411 3669 1640 3724 minime
1667 3677 2103 3724 consentaneum
2139 3674 2196 3722 ct
2228 3668 2490 3723 alienum.

440 3763 532 3828 ς’.
564 3760 689 3824 Πῶς
719 3762 777 3815 δὲ
808 3763 1206 3835 συσταθήσεται
1240 3766 1268 3817 6
1298 3766 1427 3836 παρ’
1478 3765 1626 3836 αὐτῷ
1672 3764 1960 3836 Μαρκίωνι

366 3850 536 3923 τριῶν
574 3852 758 3925 ἀρχῶν
787 3852 979 3922 λόγος;
1044 3854 1171 3918 Πῶς
1211 3855 1268 3908 δὲ
1306 3858 1334 3908 6
1363 3854 1565 3925 ἀγαθὸς
1604 3855 1959 3927 εὑρεθήσεται

366 3947 426 3999 ὲν
460 3948 573 4009 τοῖς
593 3944 689 3999 τοῦ
728 3947 934 4016 φαύλου
970 3948 1191 4020 μέρεσιν
1234 3948 1395 4020 ἔργον
1418 3949 1683 4004 ἐπιτελῶν
1715 3950 1748 4021 ἢ
1779 3968 1957 4022 σωτη-

368 4037 511 4110 ρίας,
546 4038 581 4109 ἢ
633 4039 745 4094 τῶν
800 4040 1012 4108 ἄλλων;
1042 4042 1106 4096 Ei
1152 4041 1261 4113 γὰρ
1287 4044 1389 4095 οὐκ
1438 4042 1604 4097 αὐτοῦ
1633 4045 1893 4114 τυγχάνει
1930 4044 1959 4096 6

365 4132 590 4202 κόσμος,
636 4133 924 4187 ἀπέστειλε
989 4134 1045 4187 δὲ
1096 4134 1263 4190 αὑτοῦ
1312 4137 1404 4189 τὸν
1447 4136 1727 4207 Μονογενῆ
1753 4138 1833 4200 εἰς
1863 4137 1956 4191 τὸν

364 4223 571 4295 κόσμον
583 4224 770 4278 λαϐεῖν
788 4227 853 4279 ἐκ
869 4225 964 4279 τοῦ
986 4226 1192 4298 κόσμου
1207 4226 1302 4280 τοῦ
1320 4226 1624 4298 ἀλλοτρίου,
1647 4226 1683 4281 ἃ
1703 4226 1776 4298 μὴ
1794 4228 1956 4292 αὐτὸς

362 4317 610 4389 ἔσπειρε,
639 4318 775 4389 μηδὲ
798 4318 1073 4388 ἐποίησενο
1102 4320 1505 4392 εὑρεθήσεταιῆ
1527 4319 1636 4374 τῶν
1661 4320 1956 4392 ἀλλοτρίων

363 4409 724 4480 ὲφιέμενος,ἢ
756 4411 947 4465 πενίαν
977 4412 1367 4482 ὑφιστάμενος,
1407 4414 1501 4467 καὶ
1531 4412 1637 4467 ἴδια
1681 4415 1755 4485 μὴ
1792 4413 1952 4485 ἔχων,

362 4500 459 4552 ἐπὶ
493 4499 560 4554 τὰ
592 4499 850 4572 ἀλλότρια
872 4501 1065 4555 ἑαυτὸν
1095 4503 1382 4566 ἐπιδιδοὺς,
1410 4505 1559 4568 ὅπως
1584 4504 1762 4575 ἑαυτῷ
1791 4522 1957 4575 προσ·

2142 3760 2233 3817 Vl.
2282 3762 2418 3817 Nam
2463 3764 2662 3834 triplex
2706 3763 2839 3818 illud
2882 3762 3178 3818 Mareionis
3208 3762 3536 3834 principium
3568 3778 3657 3817 co-

2068 3850 2277 3907 haerere
2311 3868 2423 3923 quo
2452 3853 2672 3907 demum
2706 3860 2871 3923 pacto
2902 3852 3140 3921 poterit?
3176 3851 3283 3917 Qui
3326 3860 3508 3907 autem
3543 3850 3658 3906 fieri

2037 3950 2039 3952 '
2068 3949 2273 4013 potest,
2304 3950 2363 3997 ut
2389 3945 2486 4014 qui
2517 3944 2696 3999 bonus
2726 3944 2820 4009 sit,
2853 3943 2906 3996 in
2932 3943 3223 3998 deterioris
3249 3930 3498 4014 partibus
3519 3957 3658 4013 opus

2066 4035 2325 4090 moliatur
2356 4037 2547 4101 ullum,
2589 4038 2735 4107 quod
2769 4037 2835 4091 ad
2873 4037 3108 4091 salutem
3150 4046 3204 4091 et
3242 4037 3296 4090 id
3348 4052 3522 4106 genus
3552 4037 3656 4090 alia

2064 4125 2373 4194 pertineat?
2413 4125 2471 4179 Si
2505 4126 2651 4180 enim
2688 4142 2800 4181 non
2837 4126 3011 4197 ipsius
3044 4125 3342 4197 peculiaris
3374 4134 3457 4182 est
3492 4142 3656 4181 mun—

2065 4217 2190 4283 dus,
2223 4226 2277 4274 et
2305 4219 2358 4273 in
2385 4219 2639 4274 eumdem
2668 4219 2961 4290 unigenam
2977 4233 3138 4274 suum
3167 4218 3527 4274 nihilominus
3555 4218 3656 4272 imo

2064 4309 2238 4375 misit,
2276 4319 2335 4366 ut
2370 4327 2437 4367 ex
2482 4311 2660 4367 alieno
2706 4311 2913 4366 mundo
2959 4312 3107 4382 quod
3152 4328 3253 4368 nec
3284 4322 3517 4379 severat,
3555 4329 3655 4369 nec

2065 4401 2293 4469 fecerat,
2328 4404 2570 4460 auferret
2603 4421 2889 4462 :.necesse
2922 4414 3008 4461 est
3042 4406 3195 4460 illum
3233 4408 3319 4462 vel
3348 4408 3653 4462 alienorum

2064 4498 2381 4567 cupiditate,
2425 4499 2510 4554 vel
2555 4499 2784 4569 penuria
2826 4500 3079 4555 laborare
3113 4519 3126 4554 :
3169 4510 3228 4554 ut
3263 4515 3385 4554 cum
3418 4499 3655 4570 propriis

361 4613 463 4661 ποῇ
478 4596 659 4665 ίσηται
677 4596 711 4650 ἀ
730 4597 802 4667 μὴ
824 4597 1087 4670 πρότερον
1106 4597 1239 4668 ἔχει.
1265 4597 1386 4663 Πῶς
1402 4598 1457 4651 δὲ
1483 4597 1959 4670 κριτὴςάναμέσον

2078 4597 2272 4657 :areat,
2318 4592 2373 4644 in
2402 4606 2466 4647 ea
2497 4607 2621 4661 quae
2657 4592 2885 4649 alterius
2930 4601 3082 4657 sunt,
3127 4608 3323 4647 manus
3370 4592 3652 4655 immittat,

363 4689 691 4760 ἀμφοτέρων
715 4692 1005 4761 γενήσεται
1030 4693 1058 4744 6
1089 4691 1459 4763 Δημιουργός;
1489 4686 1623 4744 Εἶτα
1662 4691 1809 4754 τίνας
1846 4690 1958 4759 ἔχει

362 4783 582 4852 κρῖναις
615 4782 678 4834 Ei
710 4781 821 4852 γὰρ
869 4782 979 4837 τῶν
1007 4784 1119 4837 ἀπὸ
1161 4782 1255 4836 τοῦ
1299 4784 1410 4837 ἄνω
1460 4782 1669 4836 σκευῶν
1696 4781 1957 4851 δικαστὴς

363 4873 784 4944 προκαθέζεται,
820 4875 993 4946 ἰσχύει
1015 4877 1155 4947 ὑπὲρ
1184 4876 1275 4930 τὸν
1296 4876 1440 4929 ἅνω·
1465 4876 1652 4947 ἐπειδὴ
1687 4874 1843 4947 φέρει
1875 4876 1956 4938 είς

365 4962 531 5033 μέσον
557 4962 667 5017 τῶν
701 4964 868 5018 αὑτοῦ
900 4966 1198 5035 κριτηρίων
1223 4965 1293 5019 τά
1324 4965 1422 5019 τοῦ
1465 4966 1579 5020 ἄνω
1609 4966 1949 5036 ὑπάρχοντα,

360 5050 435 5113 ὡς
476 5051 555 5121 τῷ
596 5053 886 5125 Μαρκίωνι
928 5055 1096 5121 ἔδοξε.
1128 5056 1237 5108 Καὶ
1277 5058 1324 5108 εἰ
1358 5056 1495 5120 ὅλως
1523 5057 1716 5128 κριτὴς
1747 5056 1950 5126 τυγχά-

361 5159 465 5206 νει,
495 5143 700 5209 δίκαιός
732 5146 868 5201 ἐστι.
895 5146 1167 5217 Δείξωμεν
1189 5147 1245 5200 δὲ
1274 5146 1488 5202 ἀπὸτοῦ
1518 5147 1727 5201 δικαίου
1753 5146 1952 5218 όνόμιιι⁴

361 5251 475 5298 τος,
505 5237 586 5290 ὅτι
608 5238 802 5293 ταυτόν
818 5239 936 5291 ἐστι
958 5240 1019 5292 τὸ
1046 5239 1247 5309 ἀγαθὸν
1266 5242 1361 5293 καὶ
1391 5241 1452 5294 τὸ
1467 5240 1692 5294 δίκαιον.
1709 5240 1826 5293 Πᾶν
1846 5237 1952 5309 γὰρ

366 5323 396 5377 ὃ
414 5324 620 5379 δίκαιόν
638 5329 776 5391 ἐστι,
803 5327 962 5382 τοῦτο
994 5329 1087 5383 καὶ
1127 5329 1357 5398 ἀγαθόν.
1410 5329 1544 5383 Ἀπὸ
1568 5328 1676 5401 γὰρ
1690 5327 1785 5382 τοῦ
1815 5329 1954 5397 ἀγα-

364 5415 458 5469 οὺν
505 5412 647 5472 εἶναι
691 5419 751 5473 τὸ
773 5419 978 5489 ἀγαθὸν
1017 5422 1304 5494 χαρίζεται
1346 5422 1573 5487 δικαίως
1628 5421 1766 5493 μετὰ
1819 5420 1952 5493 ἀλη-

2063 4696 2174 4752 quo
2208 4682 2310 4737 sibi
2344 4697 2465 4752 quae
2501 4692 2662 4737 antea
2696 4700 2805 4738 non
2840 4685 3075 4738 habebat
3103 4691 3356 4753 usurpet.
3386 4682 3654 4736 Conditor

2061 4792 2225 4847 porro
2261 4778 2538 4846 quomodo
2577 4778 2725 4831 inter
2762 4786 3026 4847 utrosque
3058 4777 3350 4846 judicabit,
3386 4784 3481 4829 aut
3514 4791 3652 4841 quo-

2059 4882 2181 4920 rum
2226 4864 2453 4919 omnino
2490 4879 2712 4920 causam
2760 4865 3128 4934 disceptabit?
3177 4864 3237 4918 Si
3281 4864 3426 4919 enim
3459 4863 3526 4919 de
3556 4864 3647 4929 iis,

2057 4973 2181 5027 quae
2209 4956 2265 5011 in
2300 4957 2546 5026 supremi
2594 4957 2745 5013 illius
2787 4956 3137 5028 possessione
3183 4963 3331 5020 sunt,
3376 4955 3649 5022 judicium

2059 5056 2332 5112 exerceat,
2366 5048 2470 5103 erit
2504 5063 2761 5117 Supremo
2811 5049 2904 5103 illo
2948 5047 3265 5116 potentior:
3311 5054 3499 5116 utpote
3552 5046 3646 5116 qui

2059 5156 2182 5211 quae
2215 5140 2335 5209 ejus
2376 5150 2506 5198 sunt
2545 5157 2707 5196 suum
2755 5141 2822 5195 ad
2873 5140 3116 5195 tribunal
3167 5139 3647 5210 cognitionemque

2062 5234 2387 5301 transferat,
2437 5243 2498 5289 ut
2534 5234 2753 5306 quidem
2806 5233 3071 5288 Marcioni
3120 5233 3352 5287 videtur.
3400 5227 3556 5296 Quod
3597 5229 3643 5284 si

2056 5326 2225 5398 judex
2255 5334 2360 5391 est,
2397 5328 2623 5382 omnino
2655 5327 2840 5397 justus
2873 5326 3064 5382 itidem
3102 5326 3176 5382 sit
3202 5331 3437 5397 oportet.
3472 5320 3643 5389 Atqui

2059 5433 2129 5474 ex
2172 5420 2292 5492 ipso
2329 5419 2468 5491 justi
2509 5421 2732 5476 nomine
2764 5420 2968 5476 bonum
2998 5435 3064 5477 ac
3089 5419 3300 5491 justum
3336 5415 3485 5474 idem
3519 5427 3651 5471 esse

437 5528 459 5563 ²
517 5529 652 5590 Luc.
689 5548 825 5601 xvtt,
854 5537 945 5592 '57.
1022 5539 1043 5570 ²
1071 5535 1233 5593 Joan.
1262 5554 1362 5603 xu,
1391 5537 1484 5593 24.
1561 5536 1583 5568 ³
1607 5535 1626 5590 l
1647 5536 1777 5592 Cor.
1804 5551 1897 5603 xv,
1932 5535 2025 5600 55,
2055 5536 2145 5594 36.

440 5644 552 5719 (65)
591 5650 674 5705 οὐ
700 5651 1132 5721 κατακλείομεν
1155 5650 1379 5723 ψυχάς.
1415 5650 1573 5718 Quod
1594 5649 1803 5706 ethnici
1837 5648 1968 5704 certi

2078 5648 2238 5706 ilibus
2265 5650 2555 5707 faciebant.
2589 5647 2727 5708 Hinc
2762 5658 2822 5707 ui
2851 5648 3114 5707 .Eneid.:

1953 5737 2303 5812 Animamque
2345 5741 2584 5811 sepulcro

1535 5805 1838 5863 Conditum.

440 5919 455 5951 I
