3960 6158
320 358 425 412 705

1745 356 1802 413 S.
1846 356 2210 413 ΕΡΙΡΗΑΝΠ·

3496 348 3595 404 7M

322 473 845 530 demonstrabimus.
906 472 1181 544 Quidquid
1235 471 1378 529 enim
1425 472 1633 544 justum
1692 486 1795 540 est,
1851 475 1891 530 ἱ(

2012 474 2160 539 θείας
2185 473 2263 545 τῷ
2292 472 2472 542 ἀγαθὰ
2501 473 2795 546 δράσαντι·
2838 474 2936 529 καὶ
2963 472 3149 528 οὐκέτι
3174 472 3326 527 ἐσται
3374 470 3512 544 πρὸς
3531 466 3589 526 τὸ

320 567 487 619 etiam
528 575 613 621 est
644 566 870 623 bonum.
911 564 987 619 Ex
1034 581 1101 622 eo
1134 565 1524 636 quippe‘quod
1573 566 1777 621 bonum
1815 567 1907 635 sit,

324 657 427 711 hoc
462 656 645 723 habet,
684 664 745 711 ut
789 657 841 713 ei
877 658 970 727 qui
1012 656 1153 712 bona
1202 656 1417 722 fecerit,
1445 657 1595 729 juste
1633 672 1698 712 ac
1730 658 1908 729 reipsa

321 749 523 803 bonum
556 748 838 819 rependat.
866 748 1047 815 Quare
1075 748 1221 819 quod
1248 748 1454 802 bonum
1484 755 1569 802 est
1599 748 1743 802 bono
1772 763 1906 802 cun-

320 840 551 894 trarium
584 855 694 894 non
725 842 865 907 erit;
899 840 1032 895 illud
1064 842 1299 909 scilicet,
1349 840 1492 911 quod
1539 849 1594 896 et
1628 839 1774 895 bono
1810 840 1909 895 bo-

320 945 450 984 num
477 945 545 985 ex
583 931 797 1001 justitia
848 932 1078 996 tribuat,
1115 942 1168 988 et
1204 932 1350 986 malo
1374 930 1587 986 debitas
1615 945 1807 1001 poenas
1840 944 1906 985 ac

320 1023 589 1094 supplicia
639 1025 958 1080 constituat.
1009 1022 1266 1079 Vicissim
1302 1037 1432 1078 vero
1463 1037 1566 1079 nec
1600 1023 1692 1078 ille
1728 1024 1905 1080 bonus

318 1115 446 1176 erit,
485 1114 579 1183 qui
612 1129 738 1169 eum
779 1115 872 1184 qui
908 1114 1088 1171 malus
1112 1115 1190 1170 sit
1218 1115 1274 1169 in
1304 1114 1409 1170 line
1440 1113 1683 1185 praemiis
1716 1113 1901 1182 allicit,

320 1205 426 1261 nisi
458 1203 598 1260 forte
632 1207 959 1277 resipuerit;
992 1207 1448 1277 quamvismodo
1472 1222 1629 1275 super
1654 1206 1815 1262 bonos
1842 1223 1905 1261 ac

320 1296 492 1351 ηιαίοε
524 1298 657 1351 oriri
687 1298 850 1352 solem
895 1314 1049 1352 suum
1083 1298 1270 1368 faciat,
1300 1307 1454 1369 atque
1490 1298 1711 1352 imbrem
1750 1314 1903 1351 suum

321 1388 585 1458 largiatur
618 1391 634 1421 ¹
674 1408 689 1445 :
720 1397 946 1461 propter
977 1406 1097 1445 eam
1132 1406 1255 1461 quae
1289 1390 1342 1444 in
1381 1390 1543 1446 malis
1577 1389 1805 1460 perinde
1838 1404 1903 1445 ac

319 1482 482 1538 bonis
504 1483 751 1538 cernitur
776 1482 991 1537 arbitrii
1016 1482 1350 1537 libertatem.
1378 1479 1567 1552 Neque
1589 1481 1734 1537 enim
1758 1482 1901 1536 bona

315 1572 437 1643 ejus
463 1589 585 1630 esse
617 1583 813 1630 natura
843 1582 1046 1645 potest,
1077 1575 1169 1644 qui
1202 1573 1259 1628 in
1289 1572 1475 1628 futuro
1501 1574 1701 1629 saeculo
1729 1573 1903 1628 scele-

316 1675 437 1722 rato
470 1668 706 1737 cuipiam
739 1667 1046 1722 mercedem
1080 1666 1275 1722 salutis
1306 1666 1577 1728 conferat,
1609 1681 1714 1720 nec
1743 1664 1903 1735 quid-

315 1757 446 1828 quid
476 1758 676 1811 malum
708 1765 791 1812 est
826 1757 1009 1827 potius
1047 1765 1383 1811 exsecretur.
1425 1754 1562 1809 Nam
1600 1755 1761 1825 307
1792 1763 1904 1809 ter-

2015 566 2220 635 άγαθὸν
2270 566 2525 630 ἐναντίως
2586 566 2667 638 τῷ
2710 567 2923 637 ἀγαθῷ,
2959 566 3102 621 κατά
3145 563 3495 635 δικαιοσύνην
3532 561 3589 618 τὸ

2013 656 2216 726 ἀγαθὸν
2244 656 2327 725 τῷ
2358 655 2548 727 ἀγαθῷ
2576 657 2856 729 παρέχων,
2900 657 2995 711 καὶ
3030 656 3111 728 τῷ
3138 654 3329 726 φαύλῳ
3353 653 3453 724 τὴν
3474 655 3590 706 ἐπι-

2011 745 2205 816 τιμίαν
2253 746 2353 817 τῆς
2412 746 2705 816 τιμωρίας.
2749 746 2886 800 Οὐδὲ
2937 744 3098 800 πάλιν
3128 743 3331 812 ἀγαθὸς
3359 742 3426 797 ἂν
3450 743 3534 810 εἴη
3558 743 3589 795 6

2007 836 2094 908 τῷ
2141 836 2362 909 πονηρῷ
2392 836 2485 890 τὸν
2523 837 2732 905 ἀγαθὸν
2768 837 2959 909 μισθὸν
3001 837 3095 891 ἐπὶ
3124 835 3204 907 τῷ
3232 834 3374 889 τέλει
3405 833 3589 888 ἀποδι-

2008 928 2154 995 δοὺς,
2187 929 2261 1001 μὴ
2289 928 2674 999 μετανοοῦντι·
2717 932 2767 983 εἰ
2791 929 2888 984 καὶ
2919 932 2977 984 ἐν
2996 927 3075 1000 τῷ
3096 927 3328 998 παρόντι
3347 925 3591 982 ἀνατέλ-

2006 1024 2103 1075 λοι
2147 1020 2332 1076 αὐτοῦ
2374 1022 2484 1076 τὸν
2512 1022 2692 1091 ἣλιον
2732 1023 2831 1077 ἐπὶ
2875 1021 3138 1092 ἀγαθοὺς
3165 1020 3263 1074 καί
3294 1021 3587 1090 φαύλους,

2006 1112 2107 1166 καί
2155 1112 2263 1167 τὸν
2300 1113 2480 1168 ὑεὲὸν
2497 1114 2685 1169 αὐτοῦ
2708 1113 2980 1185 παρέχοι,
3013 1113 3104 1168 διά
3120 1114 3182 1169 τὸ
3205 1111 3300 1169 νῦν
3333 1111 3588 1177 αὐτεξού-

2009 1221 2142 1269 σιον,
2170 1207 2285 1269 τοῖς
2310 1223 2369 1259 τε
2393 1209 2650 1279 πονηροῖς
2671 1208 2765 1261 καί
2787 1207 3012 1276 ἀγαθοῖς
3033 1206 3359 1278 ἀνθρώποις.
3390 1205 3586 1277 ’Δγαθὴ

2006 1296 2116 1368 γὰρ
2134 1296 2315 1351 οὑκέτι
2341 1297 2494 1352 ἔσται
2510 1299 2696 1370 φύσις,
2715 1301 2811 1354 καὶ
2825 1300 3009 1354 δικαία
3023 1298 3119 1353 τοῦ
3141 1298 3218 1370 τῷ
3238 1297 3459 1370 πονηρῷ
3495 1317 3583 1369 μι-

2008 1389 2132 1443 σθὸν
2162 1392 2219 1444 ἐν
2252 1388 2330 1461 τῷ
2365 1391 2613 1462 μέλλοντι
2635 1392 2791 1446 αἰῶνι
2820 1392 3092 1464 συνιηρίας
3115 1392 3466 1464 παρέχοντος,
3491 1392 3585 1445 καὶ

2004 1481 2066 1534 οὑ
2103 1481 2305 1553 μᾶλλον
2353 1483 2641 1554 μισοῦντες
2685 1485 2747 1538 τὸ
2776 1485 3014 1556 πονηρὸν
3052 1485 3147 1539 καὶ
3180 1484 3402 1554 φαῦλον.
3442 1484 3500 1538 '0
3528 1484 3585 1539 δὲ

2001 1573 2185 1643 τρίτος
2212 1575 2601 1647 εὑρισκόμενος
2632 1579 2762 1649 παρ’
2788 1576 2937 1649 αὑτῷ
2978 1577 3236 1649 πονηρὸς,
3266 1577 3315 1630 εἰ
3348 1576 3461 1647 ἔχει
3487 1577 3585 1648 τὴν

2005 1665 2256 1733 ἐξουσίαν
2283 1667 2352 1722 τὰ
2390 1686 2526 1740 πονη
2537 1669 2604 1739 ρὰ
2634 1670 2989 1741 ἐργάζεσθαι,
3013 1670 3108 1723 καὶ
3138 1668 3452 1740 κατισχύειν
3477 1669 3586 1723 τῶν

2005 1757 2063 1809 ἐν
2116 1756 2196 1828 τῷ
2252 1758 2466 1830 κόσμῳ,
2498 1760 2532 1831 ἢ
2563 1759 2671 1814 τῶν
2699 1759 2908 1815 ἀνωθεν
2938 1760 3180 1828 ἀγαθῶν,
3230 1761 3263 1830 ἢ
3294 1760 3387 1813 τοῦ
3418 1758 3586 1830 μέσου

318 1850 430 1902 tius
480 1849 593 1914 ille,
643 1848 736 1918 qui
785 1863 814 1901 a
865 1845 1143 1901 Marcione
1176 1846 1399 1916 ponitur
1438 1846 1638 1912 malus,
1681 1846 1725 1899 si
1763 1844 1891 1898 male

2002 1846 2234 1911 δικαίου,
2265 1848 2622 1920 εὑρεθήσεται
2654 1851 3003 1922 ίσχυρότερος
3022 1844 3180 1914 οὗτος
3202 1850 3296 1904 δύο
3328 1849 3588 1903 θεῶντῶν

321 1939 517 2009 agendi
554 1946 827 2009 potestate
882 1938 1144 2009 prmditus
1195 1948 1299 2001 est,
1352 1944 1516 2008 atque
1566 1952 1660 1993 eos
1708 1937 1802 2007 qui
1846 1937 1891 1991 in

2002 1940 2155 2011 παρά
2197 1941 2486 2012 Μαρκίωνι
2530 1942 2876 2013 λεγομένων·
2916 1942 3103 2013 ἐπειδὴ
3145 1941 3449 2008 ἐξουσιάζει
3496 1943 3589 2013 ἁρ-

318 2029 525 2085 mundo
554 2039 702 2095 sunt,
749 2036 841 2084 aut
875 2045 905 2085 e
936 2031 1080 2084 cmlo
1118 2030 1328 2100 delapsi
1379 2039 1525 2096 sunt,
1580 2030 1776 2097 bonos,
1807 2038 1891 2085 aut

2002 2033 2196 2097 πάζειν
2222 2032 2291 2086 τὰ
2330 2032 2608 2105 ἀλλότρια.
2647 2034 2757 2089 Καὶ
2788 2035 3040 2107 ἀδρανεῖς
3068 2033 3252 2088 λοιπὸν
3271 2033 3588 2105 καταψηφι-

317 2122 651 2178 mcdiocrem
682 2122 891 2192 justum
929 2137 1246 2193 expugnare
1286 2129 1484 2192 potest,
1525 2122 1742 2179 duobus
1773 2126 1891 2177 reli-

2001 2121 2290 2193 σθήσονται
2320 2124 2369 2175 οἰ
2405 2122 2497 2175 δύο
2528 2123 2678 2197 παρά
2720 2123 2813 2177 τὸν
2837 2123 2935 2177 ἐνα
2969 2123 3228 2194 πονηρὸν,
3252 2124 3304 2175 οἱ
3331 2123 3406 2194 μὴ
3426 2123 3590 2177 δυνά-

314 2214 439 2284 quis
472 2213 579 2270 diis
615 2213 719 2268 erit
757 2213 1050 2284 potentior,
1089 2213 1292 2283 quippe
1327 2214 1420 2284 qui
1453 2213 1630 2268 aliena
1662 2229 1758 2284 per
1789 2214 1891 2268 vim

2000 2231 2152 2286 μενοι
2207 2214 2475 2286 ἀντέχειν,
2527 2216 2623 2269 καὶ
2669 2214 2895 2287 ῥύεσθαι
2939 2215 3051 2269 άπὸ
3098 2214 3193 2267 τοῦ
3242 2212 3587 2286 ἁρπάζοντος

312 2304 483 2371 possit
514 2304 741 2373 eripere.
777 2303 867 2358 Isti
914 2318 1061 2367 vero,
1105 2305 1152 2358 si
1197 2319 1325 2361 eum
1361 2304 1455 2358 illo
1485 2313 1891 2375 comparentur,

1997 2303 2065 2358 τά
2107 2304 2287 2358 αὑτῶν
2309 2305 2461 2370 ὅντα,
2487 2306 2582 2359 καὶ
2609 2308 2689 2370 εἰς
2718 2306 2985 2378 πονηρίαν
3014 2305 3445 2377 μεταϐάλλοντος

310 2396 491 2467 ignavi
521 2406 575 2453 et
605 2398 1170 2454 imbecilleshahendi
1201 2408 1373 2455 sunt:
1408 2401 1501 2471 qui
1537 2400 1756 2472 quidem
1793 2399 2054 2457 resistere
2107 2409 2402 2471 nequeant,
2461 2417 2670 2474 suaque
2722 2402 2793 2459 ab
2821 2403 2989 2470 illius,
3031 2403 3127 2473 qui
3173 2416 3238 2460 ea
3280 2403 3494 2474 rapiat,
3532 2413 3590 2460 et

309 2490 476 2563 insita
516 2491 618 2547 sibi
649 2493 915 2562 pravitate
942 2502 1279 2562 corrumpat,
1313 2492 1515 2562 injuria
1546 2491 1851 2548 vindicare.

382 2579 494 2635 νη.
530 2580 733 2637 Verum
765 2592 822 2637 ut
855 2584 1091 2657 improbi
1122 2583 1412 2639 nebulonis
1438 2585 1630 2639 inanes
1665 2599 1728 2639 ac
1758 2584 1891 2639 ridi-

2075 2575 2149 2632 Z'.
2179 2578 2390 2644 Ἀλλως
2413 2580 2469 2634 δὲ
2498 2581 2662 2637 πάλιν
2689 2583 2992 2654 νοήσωμεν,
3020 2582 3106 2637 ἵνα
3132 2583 3233 2656 τὴν
3268 2582 3470 2655 χλεύην
3492 2583 3588 2638 τοῦ

309 2677 465 2732 culas
494 2676 706 2733 fabulas
735 2680 908 2749 magis
936 2680 1220 2750 magisque
1244 2680 1579 2746 refellamus,
1607 2681 1712 2735 alia
1744 2679 1890 2735 istud

2001 2669 2243 2742 ἀγύρτου
2285 2672 2630 2745 φωράσωμεν
2670 2673 2772 2746 τῆς
2830 2675 3325 2747 ματαιοφροσύνης.
3376 2678 3440 2730 Εἰ
3476 2675 3588 2749 γάρ

309 2770 523 2827 ratione
544 2772 1008 2827 considerandum
1035 2782 1138 2828 est.
1165 2772 1378 2828 Etenim
1408 2773 1454 2829 si
1478 2774 1653 2829 malus
1678 2774 1769 2829 ille
1797 2789 1890 2845 pe-

1998 2761 2135 2825 ὅλως
2174 2765 2203 2815 6
2238 2763 2473 2835 πονηρὸς
2523 2765 2780 2837 ὑπάρχει,
2824 2767 3059 2849 ἁρπάζει
3096 2767 3153 2821 δὲ
3192 2770 3320 2830 τοὺς
3348 2768 3590 2838 ἀγαθοὺς

307 2864 457 2919 uitus
494 2863 668 2918 malus
693 2877 797 2931 est,
833 2874 887 2920 et
925 2880 955 2919 a
990 2865 1135 2919 bono
1180 2865 1540 2922 nihilominus
1586 2866 1757 2922 bonos
1789 2881 1889 2921 au-

308 2955 467 3021 ferat,
506 2956 686 3027 justos
729 2973 759 3012 a
815 2959 990 3027 justo,
1025 2957 1174 3014 solos
1208 2959 1293 3013 sui
1340 2958 1548 3014 similes
1591 2959 1888 3029 relinquat,

1998 2854 2110 2907 ἀπὸ
2152 2855 2247 2908 τοῦ
2284 2856 2515 2925 ἀγαθοῦ,
2547 2859 2642 2911 καὶ
2670 2858 2796 2922 τοὺς
2818 2858 3061 2923 δικαίους
3091 2860 3202 2913 ἀπὸ
3227 2862 3323 2913 τοῦ
3350 2861 3585 2925 δικαίου,

2003 2946 2165 3010 ἰδίους
2187 2947 2243 3000 δὲ
2268 2949 2367 3020 οὑχ
2391 2947 2626 3020 ἁρπάζει
2652 2950 2845 3021 μόνους
2867 2968 2882 2982 ·
2908 2952 3264 3023 εὑρεθήσεται
3295 2952 3324 3004 6
3349 2952 3588 3026 πονηρὸς

307 3049 495 3118 utique
522 3050 698 3105 malus
727 3065 850 3105 esse
881 3050 1117 3113 desinet,
1154 3049 1245 3119 qui
1289 3051 1468 3105 malus
1505 3050 1729 3115 dicitur,
1764 3066 1889 3106 cum

1997 3039 2182 3092 οὑκέτι
2221 3040 2474 3112 πονηρὸς,
2514 3041 2624 3095 τῶν
2668 3041 2890 3110 ἀγαθῶν
2919 3043 3268 3115 ὀρεγόμενος,
3329 3046 3425 3098 καὶ
3466 3048 3588 3098 ἐπι-

306 3141 573 3195 bonorum
610 3141 885 3197 desiderio
922 3148 1192 3206 teneatur,
1229 3141 1562 3212 eosdemque
1591 3143 1693 3198 sibi
1732 3144 1891 3213 quasi

1997 3129 2354 3202 δικαζόμενος
2408 3131 2485 3196 ὡς
2555 3131 2864 3202 βελτιόνων.
2911 3134 2975 3187 Εἰ
3024 3135 3082 3188 δέ
3115 3136 3209 3188 καὶ
3249 3138 3377 3199 τοὺς
3422 3135 3587 3198 ἰδίους

306 3233 564 3288 meliores
601 3248 854 3288 asserere
889 3234 1131 3288 studeat.
1178 3231 1278 3287 Sin
1309 3231 1376 3288 de
1405 3233 1522 3289 suis
1552 3249 1771 3304 quoque
1803 3233 1895 3303 ju-

306 3321 515 3377 dicium
556 3323 832 3388 instituat,
884 3324 954 3379 ab
1000 3324 1180 3398 iisque
1226 3323 1319 3392 qui
1364 3323 1623 3393 injuriam
1669 3324 1895 3381 fecerint

306 3430 500 3486 poenas
531 3417 731 3487 exigat,
759 3432 869 3473 non
899 3418 1012 3488 jam
1051 3419 1231 3475 malus
1263 3420 1371 3475 erit
1401 3429 1590 3491 utpote
1621 3423 1892 3476 malorum

301 3508 472 3579 judex
509 3528 521 3563 :
556 3517 721 3579 atque
767 3510 873 3566 hoc
917 3511 1084 3565 modo
1135 3519 1251 3566 tota
1301 3512 1449 3568 illius
1496 3512 1748 3567 doctrina
1795 3527 1894 3584 per

306 3612 426 3653 sese
474 3598 694 3668 penitus
742 3599 1012 3656 labefacta
1057 3602 1331 3658 concidet.
1375 3602 1529 3658 Nunc
1567 3603 1700 3659 illud
1730 3604 1892 3659 velim

307 3689 442 3746 mihi
481 3690 840 3763 respondeas,
883 3693 1030 3749 unde
1066 3696 1170 3749 tria
1204 3696 1298 3750 illa
1338 3695 1609 3767 principia
1652 3696 1891 3768 idipsum

306 3780 453 3850 quod
480 3791 609 3837 sunt
636 3782 975 3840 obtinuerint
999 3803 1013 3837 :
1039 3792 1135 3840 aut
1157 3786 1282 3854 quis
1309 3786 1523 3856 singula
1547 3785 1663 3841 suis
1691 3786 1892 3845 ﬁnibus

307 3888 372 3929 ac
400 3875 722 3947 regionibus
750 3875 1127 3946 descripserit.
1153 3876 1288 3933 Nam
1314 3878 1360 3936 si
1398 3878 1625 3935 deorum
1666 3879 1893 3950 quilibet

299 3981 409 4021 suo
448 3969 570 4023 loco
608 3968 888 4038 delinitur,
931 3987 1041 4027 non
1091 3972 1326 4042 amplius
1359 3969 1601 4043 perfecta
1648 3973 1741 4028 illa
1785 3973 1892 4029 tria

306 4069 620 4125 censentur,
643 4077 765 4131 qua!
786 4065 956 4121 certis
986 4065 1383 4137 comprehensa
1411 4073 1539 4121 sunt
1562 4081 1627 4121 ac
1660 4066 1897 4122 circum-

306 4149 510 4221 scripta
552 4154 747 4223 spatiis
780 4172 794 4209 :
827 4165 1021 4226 estque
1066 4157 1305 4226 idipsum
1353 4157 1501 4228 quod
1543 4159 1787 4213 continet
1824 4173 1890 4214 eo

305 4244 449 4311 quod
474 4246 786 4301 continetur
800 4247 1011 4318 majus;
1035 4265 1212 4320 neque
1229 4250 1373 4320 quod
1393 4250 1660 4318 ejusmodi
1682 4252 1889 4307 ambitu

304 4334 563 4403 cingitur,
613 4334 707 4390 Dei
750 4338 1173 4407 appellationem
1211 4339 1474 4405 meretur,
1517 4338 1614 4394 sed
1649 4341 1889 4409 spatium

303 4423 440 4478 illud
458 4426 666 4493 utique,
692 4442 802 4496 quo
834 4429 1158 4500 suisipsum
1189 4429 1459 4485 limitibus
1481 4431 1884 4499 complectitur.

301 4515 372 4569 At
389 4518 532 4570 enim
555 4532 679 4572 cum
699 4520 752 4573 in
778 4536 948 4576 unum
973 4522 1499 4593 coiissent,separati
1518 4533 1704 4594 postea
1726 4526 1884 4581 sedes

300 4623 430 4664 suas
462 4621 829 4682 occuparunt,
863 4629 927 4669 ac
950 4615 1172 4686 propria
1203 4615 1440 4686 quisque
1468 4623 1762 4672 contentus
1788 4632 1884 4672 ne-

299 4714 575 4769 quaquam
633 4702 839 4759 invadit
889 4705 946 4759 in
995 4706 1251 4771 alterum,
1312 4713 1406 4760 aut
1463 4705 1881 4777 impressionem

294 4788 449 4843 facit.
494 4789 664 4861 Igitur
706 4808 819 4848 non
867 4794 1104 4865 amplius
1137 4793 1415 4850 contraria
1455 4793 1689 4851 invicem
1722 4799 1885 4849 erunt

299 4878 390 4934 illa
425 4882 718 4955 principia,
748 4900 850 4941 nec
878 4886 1049 4941 ullum
1097 4901 1221 4942 esse
1263 4886 1465 4940 malum
1502 4888 1724 4957 poterit,
1755 4901 1880 4941 cum

297 4983 428 5025 suas
458 4986 551 5027 res
577 4972 808 5029 comiter
832 4990 899 5030 ex
930 4989 1087 5045 aequo
1113 4976 1369 5047 bonoque
1409 4991 1474 5030 ac
1502 4990 1716 5031 summa
1742 4990 1880 5030 con~

298 5056 497 5111 stantia
533 5060 871 5126 moderetur,
931 5078 1034 5118 nec
1065 5064 1210 5118 ultra
1235 5065 1488 5136 progredi
1514 5080 1676 5134 quam
1702 5064 1785 5121 fas
1807 5065 1880 5120 sit

297 5155 536 5216 appetat.
577 5147 684 5206 Sed
727 5152 773 5207 si
815 5153 993 5208 malus
1025 5169 1055 5208 a
1092 5169 1350 5224 supremo
1379 5155 1643 5219 vincitur,
1670 5170 1735 5210 ac
1758 5155 1878 5211 vio-

297 5233 474 5293 lenter
500 5241 864 5310 opprimitur;
916 5259 1042 5298 cum
1083 5252 1137 5299 et
1170 5245 1239 5301 ab
1277 5260 1345 5301 eo
1382 5246 1667 5315 sejunctus
1699 5246 1791 5312 sit,
1822 5256 1878 5302 et

295 5330 575 5399 prepriam
598 5333 783 5389 sedem
812 5333 1077 5404 obtineat,
1108 5351 1230 5405 quae
1260 5337 1387 5393 boni
1418 5338 1566 5394 illius
1596 5353 1661 5393 ac
1692 5352 1879 5408 supre-

297 5418 372 5472 mi
421 5420 556 5476 niliil
604 5422 843 5491 intersit,
893 5442 1073 5498 neque
1114 5428 1414 5500 quidquam
1455 5430 1510 5486 in
1553 5445 1615 5485 ea
1655 5446 1777 5501 quae
1818 5433 1873 5487 in

1999 3222 2195 3294 κρίνει,
2221 3240 2273 3276 τι
2281 3223 2561 3295 μωρίανδὲ
2580 3218 2709 3289 τοὺς
2728 3225 3095 3297 ἀδικήσαντας
3111 3228 3334 3280 ἀπαιτεῖ
3348 3244 3361 3256 '
3394 3227 3585 3281 οὐκέτι

1997 3314 2232 3386 πονηρὸς
2285 3315 2439 3369 ἔσται
2480 3318 2509 3369 6
2549 3316 2803 3388 πονηρῶν
2842 3317 3105 3390 δικαστὴς
3143 3319 3439 3391 ὑπάρχων·
3489 3322 3583 3375 καὶ

1995 3406 2349 3478 εὑρεθήσεται
2398 3407 2541 3461 κατά
2587 3409 2767 3463 πάντα
2812 3409 3013 3481 τρόπον
3046 3411 3079 3481 ἡ
3116 3410 3282 3463 αὑτοῦ
3322 3410 3582 3475 ὑπόθεσις

1995 3498 2196 3569 ἑαυτὴν
2233 3498 2633 3570 ἀνατρέπουσα.
2666 3500 2839 3555 Πόθεν
2878 3501 2934 3555 δὲ
2963 3501 3218 3574 εἰλήφασι
3248 3497 3490 3555 τὸεῖναι
3522 3504 3583 3557 αἰ

1994 3592 2142 3660 τρεῖς
2193 3590 2380 3662 ἀρχαὶ,
2432 3591 2594 3646 πάλιν
2637 3592 2763 3662 λέγε
2788 3609 2803 3626 ’
2841 3593 2928 3657 τίς
2956 3594 3013 3648 δὲ
3040 3594 3069 3646 6
3095 3594 3319 3658 ταύταις
3349 3596 3583 3669 ὁρισμὸν

1995 3677 2436 3749 συστησάμενος;
2477 3680 2538 3733 Εἰ
2566 3681 2664 3753 μὲν
2695 3685 2805 3755 γὰρ
2832 3682 3061 3747 ἕκαστος
3088 3684 3145 3737 ἐν
3178 3683 3256 3755 τῷ
3287 3685 3401 3756 ἰδίῳ
3429 3686 3580 3757 τόπῳ

1995 3767 2393 3841 περιορίζεται,
2421 3772 2801 3833 οὑκέτιτέλεια
2832 3773 2903 3828 τὰ
2930 3776 3057 3847 τρία
3089 3775 3443 3847 εὑρεθήσεται
3468 3779 3572 3849 ὁριο

1995 3858 2222 3931 ζόμενος
2250 3861 2269 3894 ³
2318 3861 2377 3916 ἐν
2418 3880 2528 3917 τισι
2567 3868 2937 3936 περωκτικοῖς
2972 3866 3156 3931 τόποις
3177 3883 3191 3899 ·
3218 3867 3582 3943 εὑρεθήσεται

1993 3951 2051 4004 δὲ
2092 3952 2153 4005 τὸ
2214 3955 2564 4027 περιεκτικὸν
2626 3956 2813 4027 μεῖζον
2854 3955 2950 4011 τοῦ
3010 3959 3436 4030 περιεχομένουσ
3489 3963 3583 4014 καὶ

1993 4043 2177 4098 οὑκέτι
2195 4045 2256 4099 τὸ
2289 4047 2681 4119 περιεχόμενον
2697 4048 2830 4112 Θεὸς
2859 4048 2926 4103 ἂν
2947 4049 3195 4122 κληθείη,
3220 4050 3355 4105 ἀλλά
3382 4052 3582 4123 μᾶλλον

2001 4138 2035 4209 ἡ
2066 4141 2390 4212 περιεκτικὴ
2412 4140 2682 4214 ὁροθεσία.
2715 4143 2779 4196 Εἰ
2805 4142 2862 4196 δὲ
2891 4144 2985 4197 καὶ
3008 4146 3089 4208 εἰς
3111 4145 3307 4198 ταυτὸν
3331 4145 3580 4218 ἀλλήλοις

1993 4232 2276 4304 γενόμενοι
2331 4233 2561 4297 ἕκαστος
2594 4234 2734 4288 κατὰ
2787 4235 2956 4291 δίεσιν
2996 4236 3088 4291 τὸν
3129 4236 3258 4293 ἴδιον
3290 4238 3575 4310 ἐκληρώθη

1991 4323 2177 4389 τόπον,
2222 4325 2319 4378 καὶ
2366 4325 2618 4390 ἕκαστος,
2659 4327 2716 4379 ἐν
2767 4326 2847 4396 τῷ
2879 4326 2992 4399 ἰδίῳ
3037 4328 3132 4390 ὢν,
3169 4327 3248 4399 τῷ
3277 4328 3448 4402 ἐτέρῳ
3476 4329 3579 4383 οὐκ

1995 4414 2324 4487 ἐντρίϐεται,
2376 4416 2496 4470 οὐδὲ
2538 4416 2868 4489 ἐπέρχεταιί
2899 4419 3083 4471 οὐκέτι
3115 4419 3173 4473 αἰ
3205 4420 3373 4491 ἀρχαὶ
3410 4420 3578 4491 ἀλλή-

1993 4505 2114 4570 λαις
2153 4506 2422 4576 ἐναντίαι,
2475 4508 2598 4561 οὑδέ
2643 4525 2728 4573 τις
2764 4509 2944 4563 αὐτῶν
2987 4510 3166 4581 φαύλη
3200 4511 3579 4583 εὑρεθήσεται,

1990 4595 2078 4648 διὰ
2123 4595 2185 4649 τὸ
2224 4596 2367 4650 κατά
2404 4597 2464 4652 τὸ
2511 4598 2741 4664 δίκαιον,
2800 4601 2894 4653 καί
2922 4601 3145 4672 ἥσυχον,
3176 4603 3272 4655 καὶ
3312 4602 3582 4667 εὐσταθὲς

1990 4688 2099 4742 τῶν
2150 4689 2295 4743 ἰδίων
2346 4690 2719 4762 ἐπιμέλεσθαι,
2756 4693 2849 4747 καὶ
2895 4693 2970 4765 μὴ
3011 4694 3325 4766 περαιτέρω
3374 4696 3580 4767 βαίνειν

1974 4781 2440 4862 ἐπιϐαλλόμενον.
2489 4784 2554 4838 Εἰ
2611 4784 2670 4837 δὲ
2697 4786 2726 4838 6
2761 4785 2861 4857 μὲν
2912 4786 3147 4859 πονηρὸς
3178 4787 3285 4841 ὑπὸ
3331 4788 3426 4842 τοῦ
3464 4788 3580 4842 ἄνω

1991 4872 2366 4943 κατισχύεται,
2418 4875 2515 4928 καὶ
2540 4874 2805 4946 βιάζεται,
2843 4876 2937 4930 καὶ
2968 4879 3354 4933 καταπονεῖται
3401 4896 3578 4951 μεμε-

1993 4961 2246 5032 ρισμένος
2293 4962 2392 5030 ὢν,
2431 4964 2527 5018 καὶ
2576 4967 2634 5017 ἐν
2667 4964 2780 5036 ἰδίῳ
2807 4966 2958 5038 τόπῳ
2991 4966 3274 5038 ὑπάρχων,
3310 4959 3372 5021 οὗ
3408 4969 3575 5021 τόπου

1980 5053 2064 5126 τῷ
2121 5053 2235 5109 άνω
2291 5055 2482 5127 ἀγαθῷ
2534 5056 2681 5110 οὐδὲν
2711 5058 3000 5129 προσήκει,
3039 5059 3162 5113 οὐδέ
3196 5077 3249 5113 τι
3286 5061 3378 5115 ὑπ’
3407 5060 3576 5115 αὑτοῦ

1986 5145 2284 5217 κεκτῆσθαι
2347 5146 2458 5200 τῶν
2511 5148 2746 5203 ἐνταῦθα
2795 5148 2939 5219 λέγω
2981 5151 3040 5204 ἐν
3070 5149 3148 5222 τῷ
3185 5150 3281 5205 τοῦ
3335 5152 3575 5224 πονηροῦ

1984 5234 2168 5306 τόπῳ·
2212 5236 2681 5308 τυραννικώτερος
2725 5238 2925 5308 μᾶλλον
2966 5240 3321 5312 εὑρεθήσεται
3378 5245 3404 5296 ὁ
3438 5244 3572 5307 ἀνω,

1984 5326 2077 5379 καὶ
2100 5326 2283 5379 οὑκέτι
2300 5327 2523 5396 ἀγαθὸς,
2539 5329 2629 5383 τὸν
2646 5329 2774 5385 ἴδιον
2796 5330 2943 5398 Υἰὸν,
2962 5332 3136 5387 εἴτουν
3156 5333 3414 5405 Χριστὸν,
3446 5335 3575 5388 ἀπο-

1988 5417 2223 5484 στείλας,
2251 5419 2338 5473 ἴνα
2361 5418 2430 5473 τὰ
2450 5419 2704 5493 ἀλλότρια
2741 5420 2898 5494 λάϐῃ.

461 5517 738 5577 domicilio
777 5529 926 5589 sunt,
952 5521 1097 5592 juris
1130 5523 1350 5594 habeat,
1415 5529 1718 5599 tyrannicis
1778 5533 1952 5604 magis
1990 5534 2097 5589 erit
2121 5535 2368 5595 moribus
2401 5553 2689 5609 supremus
2726 5538 2816 5595 ille
2856 5537 3190 5611 minimeque
3231 5539 3433 5607 bonus,
3474 5539 3567 5610 qui

370 5796 391 5832 ⁸
424 5797 614 5855 Matth.
647 5821 695 5871 ν,
733 5807 837 5862 i5.~
890 5813 908 5842 ¹
940 5811 1002 5867 F.
1038 5813 1347 5886 ὁριζόμενα.

179 5660 187 5676 ,
296 5603 494 5660 Filium
520 5625 703 5677 suum,
731 5629 923 5684 nempe
948 5615 1225 5672 Christum
1252 5619 1550 5687 miserit,ut
1589 5603 1887 5694 usurparet
1910 5626 2104 5687 aliena.
