  <div class='ocr_page' id='page_1' title='image "/cluster/home/n/w/nwhite01/storage/ocr_20150623/41/mdp.39015008169818/374.png"; bbox 0 0 3960 6136; ppageno 0'>
   <div class='ocr_carea' id='block_1_1' title="bbox 396 315 498 374">
    <p class='ocr_par' dir='ltr' id='par_1_1' title="bbox 396 315 498 374">
     <span class='ocr_line' id='line_1_1' title="bbox 396 315 498 374; baseline 0.029 -2"><span class='ocrx_word' id='word_1_1' title='bbox 396 315 498 374; x_wconf 82' lang='lat'><strong>705</strong></span> 
     </span>
    </p>
   </div>
   <div class='ocr_carea' id='block_1_2' title="bbox 1065 315 2992 381">
    <p class='ocr_par' dir='ltr' id='par_1_2' title="bbox 1065 315 2992 381">
     <span class='ocr_line' id='line_1_2' title="bbox 1065 315 2992 381; baseline 0.004 -8"><span class='ocrx_word' id='word_1_2' title='bbox 1065 317 1428 374; x_wconf 77' lang='lat' dir='ltr'><strong>ADVERSUS</strong></span> <span class='ocrx_word' id='word_1_3' title='bbox 1466 315 1806 377; x_wconf 61' lang='lat' dir='ltr'><strong>HIERESES</strong></span> <span class='ocrx_word' id='word_1_4' title='bbox 1835 321 1964 378; x_wconf 86' lang='lat' dir='ltr'><strong>LIB.</strong></span> <span class='ocrx_word' id='word_1_5' title='bbox 2006 322 2046 380; x_wconf 88' lang='grc'>1.</span> <span class='ocrx_word' id='word_1_6' title='bbox 2089 322 2256 381; x_wconf 80' lang='lat' dir='ltr'><strong>TOM.</strong></span> <span class='ocrx_word' id='word_1_7' title='bbox 2297 319 2474 379; x_wconf 86' lang='lat' dir='ltr'><strong>lll.—</strong></span> <span class='ocrx_word' id='word_1_8' title='bbox 2511 321 2788 381; x_wconf 61' lang='lat' dir='ltr'><strong>HERES.</strong></span> <span class='ocrx_word' id='word_1_9' title='bbox 2833 324 2992 380; x_wconf 78' lang='lat' dir='ltr'><strong>XLII.</strong></span> 
     </span>
    </p>
   </div>
   <div class='ocr_carea' id='block_1_3' title="bbox 3533 334 3640 385">
    <p class='ocr_par' dir='ltr' id='par_1_3' title="bbox 3533 334 3640 385">
     <span class='ocr_line' id='line_1_3' title="bbox 3533 334 3640 385; baseline 0.019 -2"><span class='ocrx_word' id='word_1_10' title='bbox 3533 334 3640 385; x_wconf 76' lang='grc' dir='ltr'><strong>Ἶσῠ</strong></span> 
     </span>
    </p>
   </div>
   <div class='ocr_carea' id='block_1_4' title="bbox 463 433 1964 512">
    <p class='ocr_par' dir='ltr' id='par_1_4' title="bbox 463 433 1964 511">
     <span class='ocr_line' id='line_1_4' title="bbox 463 433 1964 511; baseline 0.006 -26"><span class='ocrx_word' id='word_1_11' title='bbox 463 434 570 486; x_wconf 68' lang='grc' dir='ltr'><strong>Καὶ</strong></span> <span class='ocrx_word' id='word_1_12' title='bbox 597 433 701 486; x_wconf 80' lang='grc' dir='ltr'><strong>ποῦ</strong></span> <span class='ocrx_word' id='word_1_13' title='bbox 733 435 762 487; x_wconf 91' lang='lat'><strong>6</strong></span> <span class='ocrx_word' id='word_1_14' title='bbox 789 434 913 505; x_wconf 82' lang='grc' dir='ltr'>ὅρος</span> <span class='ocrx_word' id='word_1_15' title='bbox 957 434 984 486; x_wconf 95' lang='lat'><strong>6</strong></span> <span class='ocrx_word' id='word_1_16' title='bbox 1013 433 1263 506; x_wconf 78' lang='grc' dir='ltr'><strong>διορίζων</strong></span> <span class='ocrx_word' id='word_1_17' title='bbox 1305 435 1404 499; x_wconf 85' lang='grc' dir='ltr'><strong>τὰς</strong></span> <span class='ocrx_word' id='word_1_18' title='bbox 1445 439 1593 508; x_wconf 83' lang='grc' dir='ltr'>τρεῖς</span> <span class='ocrx_word' id='word_1_19' title='bbox 1625 439 1796 511; x_wconf 82' lang='grc' dir='ltr'>ἀρχὰς</span> <span class='ocrx_word' id='word_1_20' title='bbox 1829 441 1964 495; x_wconf 87' lang='grc' dir='ltr'><strong>κατά</strong></span> 
     </span>
    </p>
   </div>
   <div class='ocr_carea' id='block_1_5' title="bbox 2070 433 3636 512">
    <p class='ocr_par' dir='ltr' id='par_1_5' title="bbox 2135 440 3636 512">
     <span class='ocr_line' id='line_1_5' title="bbox 2135 440 3636 512; baseline 0.005 -18"><span class='ocrx_word' id='word_1_21' title='bbox 2135 441 2301 512; x_wconf 76' lang='lat'><strong>308</strong></span> <span class='ocrx_word' id='word_1_22' title='bbox 2345 440 2464 507; x_wconf 86' lang='lat' dir='ltr'><strong>Quo</strong></span> <span class='ocrx_word' id='word_1_23' title='bbox 2509 442 2726 510; x_wconf 83' lang='lat' dir='ltr'><strong>quidem</strong></span> <span class='ocrx_word' id='word_1_24' title='bbox 2774 444 3093 506; x_wconf 90' lang='lat' dir='ltr'><strong>constituto,</strong></span> <span class='ocrx_word' id='word_1_25' title='bbox 3129 443 3220 498; x_wconf 89' lang='lat' dir='ltr'><strong>ubi</strong></span> <span class='ocrx_word' id='word_1_26' title='bbox 3251 443 3340 499; x_wconf 89' lang='lat' dir='ltr'><strong>ille</strong></span> <span class='ocrx_word' id='word_1_27' title='bbox 3371 445 3636 502; x_wconf 78' lang='lat' dir='ltr'><strong>terminus</strong></span> 
     </span>
    </p>
   </div>
   <div class='ocr_carea' id='block_1_6' title="bbox 395 525 1960 604">
    <p class='ocr_par' dir='ltr' id='par_1_6' title="bbox 395 525 1960 604">
     <span class='ocr_line' id='line_1_6' title="bbox 395 525 1960 604; baseline 0.003 -23"><span class='ocrx_word' id='word_1_28' title='bbox 395 528 480 581; x_wconf 87' lang='grc' dir='ltr'>τὸν</span> <span class='ocrx_word' id='word_1_29' title='bbox 511 525 606 578; x_wconf 86' lang='grc' dir='ltr'><strong>τοῦ</strong></span> <span class='ocrx_word' id='word_1_30' title='bbox 638 525 874 596; x_wconf 79' lang='grc' dir='ltr'><strong>ἀγύρτου</strong></span> <span class='ocrx_word' id='word_1_31' title='bbox 913 527 1011 596; x_wconf 83' lang='grc' dir='ltr'>τῆς</span> <span class='ocrx_word' id='word_1_32' title='bbox 1037 526 1344 590; x_wconf 83' lang='grc' dir='ltr'><strong>ὑποθέσεως</strong></span> <span class='ocrx_word' id='word_1_33' title='bbox 1369 527 1558 597; x_wconf 87' lang='grc' dir='ltr'>λόγον;</span> <span class='ocrx_word' id='word_1_34' title='bbox 1589 533 1960 604; x_wconf 87' lang='grc' dir='ltr'>Ζητηθήσεται</span> 
     </span>
    </p>
   </div>
   <div class='ocr_carea' id='block_1_7' title="bbox 394 615 1962 690">
    <p class='ocr_par' dir='ltr' id='par_1_7' title="bbox 394 615 1962 690">
     <span class='ocr_line' id='line_1_7' title="bbox 394 615 1962 690; baseline 0.003 -22"><span class='ocrx_word' id='word_1_35' title='bbox 394 616 499 686; x_wconf 85' lang='grc' dir='ltr'><strong>γὰρ</strong></span> <span class='ocrx_word' id='word_1_36' title='bbox 536 615 795 686; x_wconf 84' lang='grc' dir='ltr'>τέταρτός</span> <span class='ocrx_word' id='word_1_37' title='bbox 817 631 900 678; x_wconf 86' lang='grc' dir='ltr'><strong>τις</strong></span> <span class='ocrx_word' id='word_1_38' title='bbox 936 615 1361 681; x_wconf 76' lang='grc' dir='ltr'><strong>ἐπιεικέστατος,</strong></span> <span class='ocrx_word' id='word_1_39' title='bbox 1405 619 1501 672; x_wconf 81' lang='grc' dir='ltr'><strong>καὶ</strong></span> <span class='ocrx_word' id='word_1_40' title='bbox 1528 620 1636 672; x_wconf 89' lang='grc' dir='ltr'><strong>τῶν</strong></span> <span class='ocrx_word' id='word_1_41' title='bbox 1663 619 1829 690; x_wconf 87' lang='grc' dir='ltr'>τριῶν</span> <span class='ocrx_word' id='word_1_42' title='bbox 1873 638 1962 674; x_wconf 89' lang='grc' dir='ltr'>σο-</span> 
     </span>
    </p>
   </div>
   <div class='ocr_carea' id='block_1_8' title="bbox 394 703 1963 783">
    <p class='ocr_par' dir='ltr' id='par_1_8' title="bbox 394 703 1963 783">
     <span class='ocr_line' id='line_1_8' title="bbox 394 703 1963 783; baseline 0.006 -27"><span class='ocrx_word' id='word_1_43' title='bbox 394 704 654 778; x_wconf 83' lang='grc' dir='ltr'>φώτερος,</span> <span class='ocrx_word' id='word_1_44' title='bbox 679 703 1027 776; x_wconf 85' lang='grc' dir='ltr'>ὁριογνώμων</span> <span class='ocrx_word' id='word_1_45' title='bbox 1047 725 1106 758; x_wconf 91' lang='grc' dir='ltr'>τε</span> <span class='ocrx_word' id='word_1_46' title='bbox 1121 709 1217 760; x_wconf 73' lang='grc' dir='ltr'><strong>καὶ</strong></span> <span class='ocrx_word' id='word_1_47' title='bbox 1231 710 1568 780; x_wconf 77' lang='grc' dir='ltr'>ἐπιστήμων,</span> <span class='ocrx_word' id='word_1_48' title='bbox 1601 710 1659 773; x_wconf 84' lang='grc' dir='ltr'>ὃς</span> <span class='ocrx_word' id='word_1_49' title='bbox 1690 712 1760 765; x_wconf 90' lang='grc' dir='ltr'><strong>τά</strong></span> <span class='ocrx_word' id='word_1_50' title='bbox 1789 712 1963 783; x_wconf 82' lang='grc' dir='ltr'>μέτρα</span> 
     </span>
    </p>
   </div>
   <div class='ocr_carea' id='block_1_9' title="bbox 393 798 1958 875">
    <p class='ocr_par' dir='ltr' id='par_1_9' title="bbox 393 798 1958 875">
     <span class='ocr_line' id='line_1_9' title="bbox 393 798 1958 875; baseline 0.006 -25"><span class='ocrx_word' id='word_1_51' title='bbox 393 799 607 869; x_wconf 82' lang='grc' dir='ltr'><strong>ἑκάστῳ</strong></span> <span class='ocrx_word' id='word_1_52' title='bbox 665 798 901 868; x_wconf 84' lang='grc' dir='ltr'>διένειμέ</span> <span class='ocrx_word' id='word_1_53' title='bbox 955 816 1015 852; x_wconf 90' lang='grc' dir='ltr'><strong>τε</strong></span> <span class='ocrx_word' id='word_1_54' title='bbox 1051 801 1142 854; x_wconf 72' lang='grc' dir='ltr'><strong>καὶ</strong></span> <span class='ocrx_word' id='word_1_55' title='bbox 1177 804 1304 866; x_wconf 81' lang='grc' dir='ltr'>τοὺς</span> <span class='ocrx_word' id='word_1_56' title='bbox 1345 805 1496 873; x_wconf 86' lang='grc' dir='ltr'>τρεῖς</span> <span class='ocrx_word' id='word_1_57' title='bbox 1526 805 1958 875; x_wconf 85' lang='grc' dir='ltr'>είρηνοποίησεν.</span> 
     </span>
    </p>
   </div>
   <div class='ocr_carea' id='block_1_10' title="bbox 395 889 1964 966">
    <p class='ocr_par' dir='ltr' id='par_1_10' title="bbox 395 889 1964 966">
     <span class='ocr_line' id='line_1_10' title="bbox 395 889 1964 966; baseline 0.005 -25"><span class='ocrx_word' id='word_1_58' title='bbox 395 891 455 941; x_wconf 86' lang='grc' dir='ltr'>Εί</span> <span class='ocrx_word' id='word_1_59' title='bbox 483 889 539 941; x_wconf 87' lang='grc' dir='ltr'>δὲ</span> <span class='ocrx_word' id='word_1_60' title='bbox 592 889 666 959; x_wconf 82' lang='grc' dir='ltr'><strong>μὴ</strong></span> <span class='ocrx_word' id='word_1_61' title='bbox 697 890 713 919; x_wconf 76' lang='grc' dir='ltr'><strong>ί</strong></span> <span class='ocrx_word' id='word_1_62' title='bbox 747 889 1096 944; x_wconf 86' lang='grc' dir='ltr'>στασιάσαιεν</span> <span class='ocrx_word' id='word_1_63' title='bbox 1138 893 1274 963; x_wconf 84' lang='grc' dir='ltr'>πρὸς</span> <span class='ocrx_word' id='word_1_64' title='bbox 1320 894 1603 965; x_wconf 84' lang='grc' dir='ltr'>ἀλλήλους,</span> <span class='ocrx_word' id='word_1_65' title='bbox 1641 896 1774 966; x_wconf 80' lang='grc' dir='ltr'>μηδὲ</span> <span class='ocrx_word' id='word_1_66' title='bbox 1797 896 1964 960; x_wconf 87' lang='grc' dir='ltr'>είςτά</span> 
     </span>
    </p>
   </div>
   <div class='ocr_carea' id='block_1_11' title="bbox 392 977 1962 1054">
    <p class='ocr_par' dir='ltr' id='par_1_11' title="bbox 392 977 1962 1054">
     <span class='ocr_line' id='line_1_11' title="bbox 392 977 1962 1054; baseline 0.005 -22"><span class='ocrx_word' id='word_1_67' title='bbox 392 978 552 1032; x_wconf 79' lang='grc' dir='ltr'>ἄλλου</span> <span class='ocrx_word' id='word_1_68' title='bbox 577 978 734 1041; x_wconf 83' lang='grc' dir='ltr'>ἀλλος</span> <span class='ocrx_word' id='word_1_69' title='bbox 783 979 1119 1033; x_wconf 85' lang='grc' dir='ltr'>ἀποστέλλει.</span> <span class='ocrx_word' id='word_1_70' title='bbox 1153 983 1259 1034; x_wconf 81' lang='grc' dir='ltr'>Καὶ</span> <span class='ocrx_word' id='word_1_71' title='bbox 1292 977 1445 1048; x_wconf 72' lang='grc' dir='ltr'>οὗτος</span> <span class='ocrx_word' id='word_1_72' title='bbox 1477 985 1600 1054; x_wconf 85' lang='grc' dir='ltr'>μὲν,</span> <span class='ocrx_word' id='word_1_73' title='bbox 1642 986 1833 1050; x_wconf 81' lang='grc' dir='ltr'>πείσας</span> <span class='ocrx_word' id='word_1_74' title='bbox 1867 986 1962 1050; x_wconf 80' lang='grc' dir='ltr'><strong>τὰς</strong></span> 
     </span>
    </p>
   </div>
   <div class='ocr_carea' id='block_1_12' title="bbox 393 1068 1961 1146">
    <p class='ocr_par' dir='ltr' id='par_1_12' title="bbox 393 1068 1961 1146">
     <span class='ocr_line' id='line_1_12' title="bbox 393 1068 1961 1146; baseline 0.005 -24"><span class='ocrx_word' id='word_1_75' title='bbox 393 1071 538 1140; x_wconf 87' lang='grc' dir='ltr'>τρεῖς</span> <span class='ocrx_word' id='word_1_76' title='bbox 592 1068 785 1140; x_wconf 83' lang='grc' dir='ltr'>ἀρχὰς,</span> <span class='ocrx_word' id='word_1_77' title='bbox 829 1070 1182 1142; x_wconf 79' lang='grc' dir='ltr'>εὑρεθήσεται</span> <span class='ocrx_word' id='word_1_78' title='bbox 1220 1073 1477 1144; x_wconf 85' lang='grc' dir='ltr'>τέταρτος</span> <span class='ocrx_word' id='word_1_79' title='bbox 1509 1076 1602 1127; x_wconf 74' lang='grc' dir='ltr'><strong>καὶ</strong></span> <span class='ocrx_word' id='word_1_80' title='bbox 1637 1075 1961 1146; x_wconf 83' lang='grc' dir='ltr'>σοφώτερος,</span> 
     </span>
    </p>
   </div>
   <div class='ocr_carea' id='block_1_13' title="bbox 392 1159 1963 1236">
    <p class='ocr_par' dir='ltr' id='par_1_13' title="bbox 392 1159 1963 1236">
     <span class='ocr_line' id='line_1_13' title="bbox 392 1159 1963 1236; baseline 0.005 -25"><span class='ocrx_word' id='word_1_81' title='bbox 392 1159 485 1212; x_wconf 71' lang='grc' dir='ltr'>καὶ</span> <span class='ocrx_word' id='word_1_82' title='bbox 514 1159 918 1232; x_wconf 76' lang='grc' dir='ltr'>ἐπιεικέστερος</span> <span class='ocrx_word' id='word_1_83' title='bbox 939 1177 951 1192; x_wconf 79' lang='grc' dir='ltr'><strong>ο</strong></span> <span class='ocrx_word' id='word_1_84' title='bbox 988 1162 1083 1215; x_wconf 76' lang='grc' dir='ltr'>καὶ</span> <span class='ocrx_word' id='word_1_85' title='bbox 1107 1163 1270 1226; x_wconf 85' lang='grc' dir='ltr'>αὑτὸς</span> <span class='ocrx_word' id='word_1_86' title='bbox 1301 1163 1357 1216; x_wconf 87' lang='grc' dir='ltr'><strong>δέ</strong></span> <span class='ocrx_word' id='word_1_87' title='bbox 1399 1166 1456 1217; x_wconf 89' lang='grc' dir='ltr'><strong>ἐν</strong></span> <span class='ocrx_word' id='word_1_88' title='bbox 1486 1163 1598 1235; x_wconf 84' lang='grc' dir='ltr'>ίδίῳ</span> <span class='ocrx_word' id='word_1_89' title='bbox 1630 1165 1779 1236; x_wconf 87' lang='grc' dir='ltr'>τόπῳ</span> <span class='ocrx_word' id='word_1_90' title='bbox 1805 1166 1963 1220; x_wconf 86' lang='grc' dir='ltr'>πάλιν</span> 
     </span>
    </p>
   </div>
   <div class='ocr_carea' id='block_1_14' title="bbox 393 1245 1960 1326">
    <p class='ocr_par' dir='ltr' id='par_1_14' title="bbox 393 1245 1960 1326">
     <span class='ocr_line' id='line_1_14' title="bbox 393 1245 1960 1326; baseline 0.006 -28"><span class='ocrx_word' id='word_1_91' title='bbox 393 1247 798 1318; x_wconf 83' lang='grc' dir='ltr'>ζητηθήσεται,</span> <span class='ocrx_word' id='word_1_92' title='bbox 835 1249 927 1318; x_wconf 77' lang='grc' dir='ltr'>ἀφ’</span> <span class='ocrx_word' id='word_1_93' title='bbox 961 1245 1132 1322; x_wconf 80' lang='grc' dir='ltr'>οῦπερ</span> <span class='ocrx_word' id='word_1_94' title='bbox 1155 1253 1234 1315; x_wconf 86' lang='grc' dir='ltr'><strong>είς</strong></span> <span class='ocrx_word' id='word_1_95' title='bbox 1268 1253 1427 1322; x_wconf 87' lang='grc' dir='ltr'>μέσον</span> <span class='ocrx_word' id='word_1_96' title='bbox 1477 1249 1606 1322; x_wconf 84' lang='grc' dir='ltr'>ἦλθε</span> <span class='ocrx_word' id='word_1_97' title='bbox 1635 1253 1743 1306; x_wconf 90' lang='grc' dir='ltr'><strong>τῶν</strong></span> <span class='ocrx_word' id='word_1_98' title='bbox 1773 1255 1960 1326; x_wconf 84' lang='grc' dir='ltr'><strong>τριῶν,</strong></span> 
     </span>
    </p>
   </div>
   <div class='ocr_carea' id='block_1_15' title="bbox 392 1339 1963 1417">
    <p class='ocr_par' dir='ltr' id='par_1_15' title="bbox 392 1339 1963 1417">
     <span class='ocr_line' id='line_1_15' title="bbox 392 1339 1963 1417; baseline 0.005 -26"><span class='ocrx_word' id='word_1_99' title='bbox 392 1339 485 1392; x_wconf 71' lang='grc' dir='ltr'><strong>καὶ</strong></span> <span class='ocrx_word' id='word_1_100' title='bbox 529 1340 741 1409; x_wconf 79' lang='grc' dir='ltr'>ἑκάστῳ</span> <span class='ocrx_word' id='word_1_101' title='bbox 787 1341 849 1393; x_wconf 83' lang='grc' dir='ltr'>τὸ</span> <span class='ocrx_word' id='word_1_102' title='bbox 903 1341 1066 1413; x_wconf 81' lang='grc' dir='ltr'>μέρος</span> <span class='ocrx_word' id='word_1_103' title='bbox 1118 1342 1298 1411; x_wconf 72' lang='grc' dir='ltr'>σοφῶς</span> <span class='ocrx_word' id='word_1_104' title='bbox 1346 1341 1616 1414; x_wconf 81' lang='grc' dir='ltr'><strong>διώρισεν,</strong></span> <span class='ocrx_word' id='word_1_105' title='bbox 1647 1345 1734 1399; x_wconf 80' lang='grc' dir='ltr'><strong>ἵνα</strong></span> <span class='ocrx_word' id='word_1_106' title='bbox 1773 1346 1847 1417; x_wconf 85' lang='grc' dir='ltr'>μὴ</span> <span class='ocrx_word' id='word_1_107' title='bbox 1884 1349 1963 1410; x_wconf 85' lang='grc' dir='ltr'><strong>εἰς</strong></span> 
     </span>
    </p>
   </div>
   <div class='ocr_carea' id='block_1_16' title="bbox 392 1432 1962 1508">
    <p class='ocr_par' dir='ltr' id='par_1_16' title="bbox 392 1432 1962 1508">
     <span class='ocr_line' id='line_1_16' title="bbox 392 1432 1962 1508; baseline 0.004 -24"><span class='ocrx_word' id='word_1_108' title='bbox 392 1432 652 1504; x_wconf 83' lang='grc' dir='ltr'>ἀλλήλους</span> <span class='ocrx_word' id='word_1_109' title='bbox 699 1433 950 1488; x_wconf 85' lang='grc' dir='ltr'>ἀδικοῖεν.</span> <span class='ocrx_word' id='word_1_110' title='bbox 988 1436 1050 1487; x_wconf 82' lang='grc' dir='ltr'><strong>Εἰ</strong></span> <span class='ocrx_word' id='word_1_111' title='bbox 1091 1434 1148 1488; x_wconf 88' lang='grc' dir='ltr'><strong>δέ</strong></span> <span class='ocrx_word' id='word_1_112' title='bbox 1203 1437 1260 1487; x_wconf 91' lang='grc' dir='ltr'><strong>ἐν</strong></span> <span class='ocrx_word' id='word_1_113' title='bbox 1284 1437 1395 1498; x_wconf 80' lang='grc' dir='ltr'>τοῖς</span> <span class='ocrx_word' id='word_1_114' title='bbox 1426 1436 1520 1489; x_wconf 88' lang='grc' dir='ltr'><strong>τοῦ</strong></span> <span class='ocrx_word' id='word_1_115' title='bbox 1551 1437 1688 1500; x_wconf 85' lang='grc' dir='ltr'>ἐνὸς,</span> <span class='ocrx_word' id='word_1_116' title='bbox 1733 1437 1876 1506; x_wconf 87' lang='grc' dir='ltr'>λέγω</span> <span class='ocrx_word' id='word_1_117' title='bbox 1899 1438 1962 1508; x_wconf 86' lang='grc' dir='ltr'><strong>δὴ</strong></span> 
     </span>
    </p>
   </div>
   <div class='ocr_carea' id='block_1_17' title="bbox 391 1523 1960 1598">
    <p class='ocr_par' dir='ltr' id='par_1_17' title="bbox 391 1523 1960 1598">
     <span class='ocr_line' id='line_1_17' title="bbox 391 1523 1960 1598; baseline 0.003 -22"><span class='ocrx_word' id='word_1_118' title='bbox 391 1524 486 1576; x_wconf 82' lang='grc' dir='ltr'><strong>τοῦ</strong></span> <span class='ocrx_word' id='word_1_119' title='bbox 515 1523 870 1595; x_wconf 76' lang='grc' dir='ltr'>δημιουργοῦ,</span> <span class='ocrx_word' id='word_1_120' title='bbox 901 1525 956 1577; x_wconf 80' lang='grc' dir='ltr'>αἱ</span> <span class='ocrx_word' id='word_1_121' title='bbox 978 1524 1071 1577; x_wconf 78' lang='grc' dir='ltr'>δύο</span> <span class='ocrx_word' id='word_1_122' title='bbox 1095 1524 1261 1595; x_wconf 84' lang='grc' dir='ltr'>ἀρχαί</span> <span class='ocrx_word' id='word_1_123' title='bbox 1289 1526 1424 1579; x_wconf 80' lang='grc' dir='ltr'>εἰσιν</span> <span class='ocrx_word' id='word_1_124' title='bbox 1451 1527 1960 1598; x_wconf 85' lang='grc' dir='ltr'>ὲμπολιτευόμεναι,</span> 
     </span>
    </p>
   </div>
   <div class='ocr_carea' id='block_1_18' title="bbox 391 1615 1964 1690">
    <p class='ocr_par' dir='ltr' id='par_1_18' title="bbox 391 1615 1964 1690">
     <span class='ocr_line' id='line_1_18' title="bbox 391 1615 1964 1690; baseline 0.004 -24"><span class='ocrx_word' id='word_1_125' title='bbox 391 1615 420 1666; x_wconf 82' lang='grc' dir='ltr'>ὅ</span> <span class='ocrx_word' id='word_1_126' title='bbox 451 1632 509 1667; x_wconf 91' lang='grc' dir='ltr'><strong>τε</strong></span> <span class='ocrx_word' id='word_1_127' title='bbox 556 1615 789 1685; x_wconf 84' lang='grc' dir='ltr'>πονηρὸς</span> <span class='ocrx_word' id='word_1_128' title='bbox 818 1616 877 1668; x_wconf 86' lang='grc' dir='ltr'><strong>ἐν</strong></span> <span class='ocrx_word' id='word_1_129' title='bbox 904 1618 1016 1678; x_wconf 86' lang='grc' dir='ltr'>τοῖς</span> <span class='ocrx_word' id='word_1_130' title='bbox 1046 1615 1140 1668; x_wconf 87' lang='grc' dir='ltr'><strong>τοῦ</strong></span> <span class='ocrx_word' id='word_1_131' title='bbox 1181 1615 1510 1687; x_wconf 82' lang='grc' dir='ltr'>δημιουργοῦ</span> <span class='ocrx_word' id='word_1_132' title='bbox 1542 1617 1748 1690; x_wconf 83' lang='grc' dir='ltr'>χώραις</span> <span class='ocrx_word' id='word_1_133' title='bbox 1777 1635 1835 1672; x_wconf 88' lang='grc' dir='ltr'><strong>τε</strong></span> <span class='ocrx_word' id='word_1_134' title='bbox 1871 1619 1964 1672; x_wconf 66' lang='grc' dir='ltr'><strong>καὶ</strong></span> 
     </span>
    </p>
   </div>
   <div class='ocr_carea' id='block_1_19' title="bbox 392 1704 1958 1781">
    <p class='ocr_par' dir='ltr' id='par_1_19' title="bbox 392 1704 1958 1781">
     <span class='ocr_line' id='line_1_19' title="bbox 392 1704 1958 1781; baseline 0.006 -26"><span class='ocrx_word' id='word_1_135' title='bbox 392 1704 608 1776; x_wconf 80' lang='grc' dir='ltr'>χώροις,</span> <span class='ocrx_word' id='word_1_136' title='bbox 669 1705 764 1759; x_wconf 74' lang='grc' dir='ltr'>καὶ</span> <span class='ocrx_word' id='word_1_137' title='bbox 815 1706 843 1759; x_wconf 98' lang='lat'><strong>6</strong></span> <span class='ocrx_word' id='word_1_138' title='bbox 897 1705 989 1758; x_wconf 91' lang='grc' dir='ltr'><strong>τοῦ</strong></span> <span class='ocrx_word' id='word_1_139' title='bbox 1043 1706 1245 1775; x_wconf 84' lang='grc' dir='ltr'>ἀγαθοῦ</span> <span class='ocrx_word' id='word_1_140' title='bbox 1303 1706 1534 1778; x_wconf 84' lang='grc' dir='ltr'>Χριστὸς</span> <span class='ocrx_word' id='word_1_141' title='bbox 1587 1710 1958 1781; x_wconf 77' lang='grc' dir='ltr'>ἐπιδημήσας·</span> 
     </span>
    </p>
   </div>
   <div class='ocr_carea' id='block_1_20' title="bbox 2064 533 3640 606">
    <p class='ocr_par' dir='ltr' id='par_1_20' title="bbox 2064 533 3640 606">
     <span class='ocr_line' id='line_1_20' title="bbox 2064 533 3640 606; baseline 0.003 -18"><span class='ocrx_word' id='word_1_142' title='bbox 2064 533 2170 588; x_wconf 89' lang='lat' dir='ltr'><strong>erit</strong></span> <span class='ocrx_word' id='word_1_143' title='bbox 2200 549 2228 586; x_wconf 92' lang='lat' dir='ltr'><strong>a</strong></span> <span class='ocrx_word' id='word_1_144' title='bbox 2261 548 2372 603; x_wconf 91' lang='lat' dir='ltr'><strong>quo</strong></span> <span class='ocrx_word' id='word_1_145' title='bbox 2405 549 2470 588; x_wconf 80' lang='lat' dir='ltr'><strong>ex</strong></span> <span class='ocrx_word' id='word_1_146' title='bbox 2517 533 2836 602; x_wconf 91' lang='lat' dir='ltr'><strong>impostoris</strong></span> <span class='ocrx_word' id='word_1_147' title='bbox 2867 535 3015 590; x_wconf 91' lang='lat' dir='ltr'><strong>illius</strong></span> <span class='ocrx_word' id='word_1_148' title='bbox 3061 536 3319 606; x_wconf 83' lang='lat' dir='ltr'><strong>opinione</strong></span> <span class='ocrx_word' id='word_1_149' title='bbox 3365 537 3470 591; x_wconf 89' lang='lat' dir='ltr'><strong>tria</strong></span> <span class='ocrx_word' id='word_1_150' title='bbox 3511 548 3640 593; x_wconf 89' lang='lat' dir='ltr'><strong>sunt</strong></span> 
     </span>
    </p>
   </div>
   <div class='ocr_carea' id='block_1_21' title="bbox 2064 625 3640 696">
    <p class='ocr_par' dir='ltr' id='par_1_21' title="bbox 2064 625 3640 696">
     <span class='ocr_line' id='line_1_21' title="bbox 2064 625 3640 696; baseline 0.002 -16"><span class='ocrx_word' id='word_1_151' title='bbox 2064 625 2157 680; x_wconf 87' lang='lat' dir='ltr'><strong>illa</strong></span> <span class='ocrx_word' id='word_1_152' title='bbox 2209 626 2478 696; x_wconf 88' lang='lat' dir='ltr'><strong>principia</strong></span> <span class='ocrx_word' id='word_1_153' title='bbox 2532 627 2821 694; x_wconf 87' lang='lat' dir='ltr'><strong>separata?</strong></span> <span class='ocrx_word' id='word_1_154' title='bbox 2875 626 3211 692; x_wconf 68' lang='lat' dir='ltr'><strong>Quaerendus</strong></span> <span class='ocrx_word' id='word_1_155' title='bbox 3245 629 3502 684; x_wconf 87' lang='lat' dir='ltr'><strong>nimirum</strong></span> <span class='ocrx_word' id='word_1_156' title='bbox 3534 631 3640 684; x_wconf 87' lang='lat' dir='ltr'><strong>erit</strong></span> 
     </span>
    </p>
   </div>
   <div class='ocr_carea' id='block_1_22' title="bbox 2065 715 3637 790">
    <p class='ocr_par' dir='ltr' id='par_1_22' title="bbox 2065 715 3637 790">
     <span class='ocr_line' id='line_1_22' title="bbox 2065 715 3637 790; baseline 0.004 -22"><span class='ocrx_word' id='word_1_157' title='bbox 2065 725 2295 785; x_wconf 90' lang='lat' dir='ltr'><strong>quartus</strong></span> <span class='ocrx_word' id='word_1_158' title='bbox 2341 715 2541 785; x_wconf 87' lang='lat' dir='ltr'><strong>aliquis</strong></span> <span class='ocrx_word' id='word_1_159' title='bbox 2585 718 2956 785; x_wconf 71' lang='lat' dir='ltr'><strong>tequissimus,</strong></span> <span class='ocrx_word' id='word_1_160' title='bbox 3015 734 3076 772; x_wconf 90' lang='lat' dir='ltr'><strong>ac</strong></span> <span class='ocrx_word' id='word_1_161' title='bbox 3109 720 3283 774; x_wconf 90' lang='lat' dir='ltr'><strong>tribus</strong></span> <span class='ocrx_word' id='word_1_162' title='bbox 3317 721 3637 790; x_wconf 81' lang='lat' dir='ltr'><strong>sapientior,</strong></span> 
     </span>
    </p>
   </div>
   <div class='ocr_carea' id='block_1_23' title="bbox 2062 807 3635 884">
    <p class='ocr_par' dir='ltr' id='par_1_23' title="bbox 2062 807 3635 884">
     <span class='ocr_line' id='line_1_23' title="bbox 2062 807 3635 884; baseline 0.004 -23"><span class='ocrx_word' id='word_1_163' title='bbox 2062 809 2212 863; x_wconf 88' lang='lat' dir='ltr'><strong>velut</strong></span> <span class='ocrx_word' id='word_1_164' title='bbox 2252 809 2484 862; x_wconf 90' lang='lat' dir='ltr'><strong>limitum</strong></span> <span class='ocrx_word' id='word_1_165' title='bbox 2537 807 2838 879; x_wconf 77' lang='lat' dir='ltr'><strong>finiumque</strong></span> <span class='ocrx_word' id='word_1_166' title='bbox 2881 812 3242 880; x_wconf 80' lang='lat' dir='ltr'><strong>regendorum</strong></span> <span class='ocrx_word' id='word_1_167' title='bbox 3282 815 3508 881; x_wconf 89' lang='lat' dir='ltr'><strong>peritus,</strong></span> <span class='ocrx_word' id='word_1_168' title='bbox 3542 815 3635 884; x_wconf 92' lang='lat' dir='ltr'><strong>qui</strong></span> 
     </span>
    </p>
   </div>
   <div class='ocr_carea' id='block_1_24' title="bbox 2067 898 3636 972">
    <p class='ocr_par' dir='ltr' id='par_1_24' title="bbox 2067 898 3636 972">
     <span class='ocr_line' id='line_1_24' title="bbox 2067 898 3636 972; baseline 0.004 -21"><span class='ocrx_word' id='word_1_169' title='bbox 2067 913 2226 951; x_wconf 92' lang='lat' dir='ltr'><strong>suum</strong></span> <span class='ocrx_word' id='word_1_170' title='bbox 2260 898 2458 967; x_wconf 89' lang='lat' dir='ltr'><strong>cuique</strong></span> <span class='ocrx_word' id='word_1_171' title='bbox 2489 900 2710 952; x_wconf 90' lang='lat' dir='ltr'><strong>modum</strong></span> <span class='ocrx_word' id='word_1_172' title='bbox 2745 901 3014 972; x_wconf 87' lang='lat' dir='ltr'><strong>attribuit,</strong></span> <span class='ocrx_word' id='word_1_173' title='bbox 3048 916 3110 954; x_wconf 92' lang='lat' dir='ltr'><strong>ac</strong></span> <span class='ocrx_word' id='word_1_174' title='bbox 3137 916 3322 970; x_wconf 89' lang='lat' dir='ltr'><strong>pacem</strong></span> <span class='ocrx_word' id='word_1_175' title='bbox 3349 904 3489 956; x_wconf 90' lang='lat' dir='ltr'><strong>inter</strong></span> <span class='ocrx_word' id='word_1_176' title='bbox 3515 904 3636 959; x_wconf 92' lang='lat' dir='ltr'><strong>illos</strong></span> 
     </span>
    </p>
   </div>
   <div class='ocr_carea' id='block_1_25' title="bbox 2066 987 3636 1058">
    <p class='ocr_par' dir='ltr' id='par_1_25' title="bbox 2066 987 3636 1058">
     <span class='ocr_line' id='line_1_25' title="bbox 2066 987 3636 1058; baseline 0.002 -15"><span class='ocrx_word' id='word_1_177' title='bbox 2066 987 2352 1053; x_wconf 81' lang='lat' dir='ltr'><strong>stabilivit,</strong></span> <span class='ocrx_word' id='word_1_178' title='bbox 2407 994 2466 1040; x_wconf 92' lang='lat' dir='ltr'><strong>ut</strong></span> <span class='ocrx_word' id='word_1_179' title='bbox 2513 1003 2583 1042; x_wconf 90' lang='lat' dir='ltr'><strong>ne</strong></span> <span class='ocrx_word' id='word_1_180' title='bbox 2627 989 2864 1058; x_wconf 89' lang='lat' dir='ltr'><strong>amplius</strong></span> <span class='ocrx_word' id='word_1_181' title='bbox 2899 1005 2928 1043; x_wconf 93' lang='lat' dir='ltr'><strong>a</strong></span> <span class='ocrx_word' id='word_1_182' title='bbox 2969 1005 3028 1044; x_wconf 92' lang='lat' dir='ltr'><strong>se</strong></span> <span class='ocrx_word' id='word_1_183' title='bbox 3061 999 3248 1045; x_wconf 84' lang='lat' dir='ltr'><strong>mutuo</strong></span> <span class='ocrx_word' id='word_1_184' title='bbox 3283 991 3636 1057; x_wconf 89' lang='lat' dir='ltr'><strong>dissiderent,</strong></span> 
     </span>
    </p>
   </div>
   <div class='ocr_carea' id='block_1_26' title="bbox 2066 1079 3638 1146">
    <p class='ocr_par' dir='ltr' id='par_1_26' title="bbox 2066 1079 3638 1146">
     <span class='ocr_line' id='line_1_26' title="bbox 2066 1079 3638 1146; baseline 0.003 -15"><span class='ocrx_word' id='word_1_185' title='bbox 2066 1085 2159 1131; x_wconf 90' lang='lat' dir='ltr'><strong>aut</strong></span> <span class='ocrx_word' id='word_1_186' title='bbox 2195 1079 2333 1132; x_wconf 84' lang='lat' dir='ltr'><strong>alter</strong></span> <span class='ocrx_word' id='word_1_187' title='bbox 2370 1079 2638 1134; x_wconf 85' lang='lat' dir='ltr'><strong>satellites</strong></span> <span class='ocrx_word' id='word_1_188' title='bbox 2672 1094 2803 1134; x_wconf 91' lang='lat' dir='ltr'><strong>suos</strong></span> <span class='ocrx_word' id='word_1_189' title='bbox 2832 1081 2886 1134; x_wconf 91' lang='lat' dir='ltr'><strong>in</strong></span> <span class='ocrx_word' id='word_1_190' title='bbox 2919 1081 3211 1135; x_wconf 86' lang='lat' dir='ltr'><strong>stationem</strong></span> <span class='ocrx_word' id='word_1_191' title='bbox 3260 1082 3488 1146; x_wconf 75' lang='lat' dir='ltr'><strong>alterius</strong></span> <span class='ocrx_word' id='word_1_192' title='bbox 3537 1083 3638 1136; x_wconf 91' lang='lat' dir='ltr'><strong>im-</strong></span> 
     </span>
    </p>
   </div>
   <div class='ocr_carea' id='block_1_27' title="bbox 2064 1168 3639 1244">
    <p class='ocr_par' dir='ltr' id='par_1_27' title="bbox 2064 1168 3639 1244">
     <span class='ocr_line' id='line_1_27' title="bbox 2064 1168 3639 1244; baseline 0.003 -21"><span class='ocrx_word' id='word_1_193' title='bbox 2064 1168 2304 1224; x_wconf 83' lang='lat' dir='ltr'><strong>mitteret</strong></span> <span class='ocrx_word' id='word_1_194' title='bbox 2331 1189 2344 1225; x_wconf 74' lang='grc' dir='ltr'>ε</span> <span class='ocrx_word' id='word_1_195' title='bbox 2369 1179 2532 1240; x_wconf 90' lang='lat' dir='ltr'><strong>atque</strong></span> <span class='ocrx_word' id='word_1_196' title='bbox 2559 1171 2648 1224; x_wconf 91' lang='lat' dir='ltr'><strong>ille</strong></span> <span class='ocrx_word' id='word_1_197' title='bbox 2673 1170 2893 1240; x_wconf 90' lang='lat' dir='ltr'><strong>quidem</strong></span> <span class='ocrx_word' id='word_1_198' title='bbox 2924 1186 3057 1240; x_wconf 80' lang='lat' dir='ltr'><strong>pace</strong></span> <span class='ocrx_word' id='word_1_199' title='bbox 3083 1172 3225 1226; x_wconf 87' lang='lat' dir='ltr'><strong>inter</strong></span> <span class='ocrx_word' id='word_1_200' title='bbox 3249 1174 3353 1226; x_wconf 89' lang='lat' dir='ltr'><strong>tria</strong></span> <span class='ocrx_word' id='word_1_201' title='bbox 3376 1175 3639 1244; x_wconf 89' lang='lat' dir='ltr'><strong>principia</strong></span> 
     </span>
    </p>
   </div>
   <div class='ocr_carea' id='block_1_28' title="bbox 2065 1261 3640 1335">
    <p class='ocr_par' dir='ltr' id='par_1_28' title="bbox 2065 1261 3640 1335">
     <span class='ocr_line' id='line_1_28' title="bbox 2065 1261 3640 1335; baseline 0.004 -21"><span class='ocrx_word' id='word_1_202' title='bbox 2065 1261 2364 1314; x_wconf 87' lang='lat' dir='ltr'><strong>constituta</strong></span> <span class='ocrx_word' id='word_1_203' title='bbox 2393 1269 2622 1330; x_wconf 90' lang='lat' dir='ltr'><strong>quartus</strong></span> <span class='ocrx_word' id='word_1_204' title='bbox 2654 1262 3049 1324; x_wconf 85' lang='lat' dir='ltr'><strong>numerabitur,</strong></span> <span class='ocrx_word' id='word_1_205' title='bbox 3082 1266 3296 1319; x_wconf 64' lang='lat' dir='ltr'><strong>caeteris</strong></span> <span class='ocrx_word' id='word_1_206' title='bbox 3323 1267 3640 1335; x_wconf 86' lang='lat' dir='ltr'><strong>prudentior</strong></span> 
     </span>
    </p>
   </div>
   <div class='ocr_carea' id='block_1_29' title="bbox 2066 1351 3638 1423">
    <p class='ocr_par' dir='ltr' id='par_1_29' title="bbox 2066 1351 3638 1423">
     <span class='ocr_line' id='line_1_29' title="bbox 2066 1351 3638 1423; baseline 0.003 -18"><span class='ocrx_word' id='word_1_207' title='bbox 2066 1366 2128 1406; x_wconf 92' lang='lat' dir='ltr'><strong>ac</strong></span> <span class='ocrx_word' id='word_1_208' title='bbox 2163 1351 2401 1420; x_wconf 87' lang='lat' dir='ltr'><strong>justior;</strong></span> <span class='ocrx_word' id='word_1_209' title='bbox 2432 1360 2486 1407; x_wconf 88' lang='lat' dir='ltr'><strong>et</strong></span> <span class='ocrx_word' id='word_1_210' title='bbox 2515 1352 2657 1407; x_wconf 90' lang='lat' dir='ltr'><strong>idem</strong></span> <span class='ocrx_word' id='word_1_211' title='bbox 2696 1363 2877 1407; x_wconf 86' lang='lat' dir='ltr'><strong>tamen</strong></span> <span class='ocrx_word' id='word_1_212' title='bbox 2917 1353 3033 1422; x_wconf 82' lang='lat' dir='ltr'><strong>ipse</strong></span> <span class='ocrx_word' id='word_1_213' title='bbox 3067 1356 3288 1423; x_wconf 86' lang='lat' dir='ltr'><strong>proprio</strong></span> <span class='ocrx_word' id='word_1_214' title='bbox 3317 1373 3383 1414; x_wconf 73' lang='lat' dir='ltr'><strong>at:</strong></span> <span class='ocrx_word' id='word_1_215' title='bbox 3408 1366 3556 1410; x_wconf 87' lang='lat' dir='ltr'><strong>certo</strong></span> <span class='ocrx_word' id='word_1_216' title='bbox 3585 1357 3638 1410; x_wconf 92' lang='lat' dir='ltr'><strong>in</strong></span> 
     </span>
    </p>
   </div>
   <div class='ocr_carea' id='block_1_30' title="bbox 2065 1442 3637 1514">
    <p class='ocr_par' dir='ltr' id='par_1_30' title="bbox 2065 1442 3637 1514">
     <span class='ocr_line' id='line_1_30' title="bbox 2065 1442 3637 1514; baseline 0.001 -17"><span class='ocrx_word' id='word_1_217' title='bbox 2065 1442 2188 1497; x_wconf 89' lang='lat' dir='ltr'><strong>loco</strong></span> <span class='ocrx_word' id='word_1_218' title='bbox 2218 1443 2544 1512; x_wconf 74' lang='lat' dir='ltr'><strong>quaerendus</strong></span> <span class='ocrx_word' id='word_1_219' title='bbox 2581 1452 2686 1502; x_wconf 91' lang='lat' dir='ltr'><strong>est,</strong></span> <span class='ocrx_word' id='word_1_220' title='bbox 2723 1459 2752 1497; x_wconf 91' lang='lat' dir='ltr'><strong>a</strong></span> <span class='ocrx_word' id='word_1_221' title='bbox 2784 1459 2893 1514; x_wconf 93' lang='lat' dir='ltr'><strong>quo</strong></span> <span class='ocrx_word' id='word_1_222' title='bbox 2925 1445 3089 1498; x_wconf 91' lang='lat' dir='ltr'><strong>trium</strong></span> <span class='ocrx_word' id='word_1_223' title='bbox 3139 1444 3193 1497; x_wconf 90' lang='lat' dir='ltr'><strong>in</strong></span> <span class='ocrx_word' id='word_1_224' title='bbox 3233 1446 3469 1498; x_wconf 84' lang='lat' dir='ltr'><strong>medium</strong></span> <span class='ocrx_word' id='word_1_225' title='bbox 3506 1461 3637 1514; x_wconf 88' lang='lat' dir='ltr'><strong>pro-</strong></span> 
     </span>
    </p>
   </div>
   <div class='ocr_carea' id='block_1_31' title="bbox 2065 1535 3639 1605">
    <p class='ocr_par' dir='ltr' id='par_1_31' title="bbox 2065 1535 3639 1605">
     <span class='ocr_line' id='line_1_31' title="bbox 2065 1535 3639 1605; baseline 0.001 -18"><span class='ocrx_word' id='word_1_226' title='bbox 2065 1549 2288 1604; x_wconf 89' lang='lat' dir='ltr'><strong>gressus</strong></span> <span class='ocrx_word' id='word_1_227' title='bbox 2322 1535 2620 1603; x_wconf 85' lang='lat' dir='ltr'><strong>unicuique</strong></span> <span class='ocrx_word' id='word_1_228' title='bbox 2649 1544 2855 1604; x_wconf 90' lang='lat' dir='ltr'><strong>partem</strong></span> <span class='ocrx_word' id='word_1_229' title='bbox 2890 1550 3043 1588; x_wconf 88' lang='lat' dir='ltr'><strong>suam</strong></span> <span class='ocrx_word' id='word_1_230' title='bbox 3087 1535 3222 1588; x_wconf 84' lang='lat' dir='ltr'><strong>scite</strong></span> <span class='ocrx_word' id='word_1_231' title='bbox 3253 1549 3314 1588; x_wconf 92' lang='lat' dir='ltr'><strong>ac</strong></span> <span class='ocrx_word' id='word_1_232' title='bbox 3340 1537 3512 1605; x_wconf 90' lang='lat' dir='ltr'><strong>perite</strong></span> <span class='ocrx_word' id='word_1_233' title='bbox 3540 1537 3639 1590; x_wconf 86' lang='lat' dir='ltr'><strong>tri-</strong></span> 
     </span>
    </p>
   </div>
   <div class='ocr_carea' id='block_1_32' title="bbox 2067 1622 3638 1692">
    <p class='ocr_par' dir='ltr' id='par_1_32' title="bbox 2067 1622 3638 1692">
     <span class='ocr_line' id='line_1_32' title="bbox 2067 1622 3638 1692; baseline 0 -16"><span class='ocrx_word' id='word_1_234' title='bbox 2067 1623 2267 1686; x_wconf 90' lang='lat' dir='ltr'><strong>buerit,</strong></span> <span class='ocrx_word' id='word_1_235' title='bbox 2309 1639 2376 1676; x_wconf 86' lang='lat' dir='ltr'><strong>ne</strong></span> <span class='ocrx_word' id='word_1_236' title='bbox 2406 1631 2596 1676; x_wconf 91' lang='lat' dir='ltr'><strong>mutuo</strong></span> <span class='ocrx_word' id='word_1_237' title='bbox 2635 1624 2738 1676; x_wconf 89' lang='lat' dir='ltr'><strong>sibi</strong></span> <span class='ocrx_word' id='word_1_238' title='bbox 2789 1622 3044 1692; x_wconf 69' lang='lat' dir='ltr'><strong>iniuriam</strong></span> <span class='ocrx_word' id='word_1_239' title='bbox 3094 1623 3471 1692; x_wconf 83' lang='lat' dir='ltr'><strong>importarent.</strong></span> <span class='ocrx_word' id='word_1_240' title='bbox 3518 1623 3638 1677; x_wconf 80' lang='lat' dir='ltr'><strong>Jam</strong></span> 
     </span>
    </p>
   </div>
   <div class='ocr_carea' id='block_1_33' title="bbox 2067 1713 3640 1782">
    <p class='ocr_par' dir='ltr' id='par_1_33' title="bbox 2067 1713 3640 1782">
     <span class='ocr_line' id='line_1_33' title="bbox 2067 1713 3640 1782; baseline 0 -16"><span class='ocrx_word' id='word_1_241' title='bbox 2067 1728 2194 1768; x_wconf 88' lang='lat' dir='ltr'><strong>vero</strong></span> <span class='ocrx_word' id='word_1_242' title='bbox 2239 1713 2284 1767; x_wconf 91' lang='lat' dir='ltr'><strong>si</strong></span> <span class='ocrx_word' id='word_1_243' title='bbox 2334 1713 2390 1766; x_wconf 91' lang='lat' dir='ltr'><strong>in</strong></span> <span class='ocrx_word' id='word_1_244' title='bbox 2437 1713 2599 1766; x_wconf 90' lang='lat' dir='ltr'><strong>unius</strong></span> <span class='ocrx_word' id='word_1_245' title='bbox 2648 1720 2776 1781; x_wconf 92' lang='lat' dir='ltr'><strong>puta</strong></span> <span class='ocrx_word' id='word_1_246' title='bbox 2824 1713 3090 1767; x_wconf 83' lang='lat' dir='ltr'><strong>creaturis</strong></span> <span class='ocrx_word' id='word_1_247' title='bbox 3139 1713 3486 1782; x_wconf 88' lang='lat' dir='ltr'><strong>possessione</strong></span> <span class='ocrx_word' id='word_1_248' title='bbox 3530 1713 3640 1766; x_wconf 91' lang='lat' dir='ltr'><strong>duo</strong></span> 
     </span>
    </p>
   </div>
   <div class='ocr_carea' id='block_1_34' title="bbox 392 1790 1964 1872">
    <p class='ocr_par' dir='ltr' id='par_1_34' title="bbox 392 1797 1960 1872">
     <span class='ocr_line' id='line_1_34' title="bbox 392 1797 1960 1872; baseline 0.003 -23"><span class='ocrx_word' id='word_1_249' title='bbox 392 1797 573 1850; x_wconf 89' lang='grc' dir='ltr'>οὑκέτι</span> <span class='ocrx_word' id='word_1_250' title='bbox 591 1797 697 1866; x_wconf 79' lang='grc' dir='ltr'>ἄρα</span> <span class='ocrx_word' id='word_1_251' title='bbox 727 1798 918 1869; x_wconf 82' lang='grc' dir='ltr'>κριτὴς</span> <span class='ocrx_word' id='word_1_252' title='bbox 936 1799 1030 1850; x_wconf 76' lang='grc' dir='ltr'><strong>καὶ</strong></span> <span class='ocrx_word' id='word_1_253' title='bbox 1054 1798 1380 1870; x_wconf 84' lang='grc' dir='ltr'>δημιουργὸς</span> <span class='ocrx_word' id='word_1_254' title='bbox 1406 1800 1559 1872; x_wconf 82' lang='grc' dir='ltr'>μόνον</span> <span class='ocrx_word' id='word_1_255' title='bbox 1587 1801 1960 1872; x_wconf 84' lang='grc' dir='ltr'>εὑρεθήσεται,</span> 
     </span>
    </p>
   </div>
   <div class='ocr_carea' id='block_1_35' title="bbox 2070 1790 3638 1872">
    <p class='ocr_par' dir='ltr' id='par_1_35' title="bbox 2070 1801 3638 1871">
     <span class='ocr_line' id='line_1_35' title="bbox 2070 1801 3638 1871; baseline 0.003 -18"><span class='ocrx_word' id='word_1_256' title='bbox 2070 1801 2332 1869; x_wconf 90' lang='lat' dir='ltr'><strong>principia</strong></span> <span class='ocrx_word' id='word_1_257' title='bbox 2362 1808 2690 1865; x_wconf 86' lang='lat' dir='ltr'><strong>versentur;</strong></span> <span class='ocrx_word' id='word_1_258' title='bbox 2728 1801 2904 1854; x_wconf 90' lang='lat' dir='ltr'><strong>malus</strong></span> <span class='ocrx_word' id='word_1_259' title='bbox 2936 1802 3218 1864; x_wconf 87' lang='lat' dir='ltr'><strong>nimirum,</strong></span> <span class='ocrx_word' id='word_1_260' title='bbox 3259 1802 3348 1871; x_wconf 86' lang='lat' dir='ltr'><strong>qui</strong></span> <span class='ocrx_word' id='word_1_261' title='bbox 3387 1802 3440 1854; x_wconf 94' lang='lat' dir='ltr'><strong>in</strong></span> <span class='ocrx_word' id='word_1_262' title='bbox 3473 1802 3638 1870; x_wconf 85' lang='lat' dir='ltr'><strong>hujus</strong></span> 
     </span>
    </p>
   </div>
   <div class='ocr_carea' id='block_1_36' title="bbox 393 1889 1964 1961">
    <p class='ocr_par' dir='ltr' id='par_1_36' title="bbox 393 1889 1964 1961">
     <span class='ocr_line' id='line_1_36' title="bbox 393 1889 1964 1961; baseline 0.003 -18"><span class='ocrx_word' id='word_1_263' title='bbox 393 1889 527 1943; x_wconf 84' lang='grc' dir='ltr'>ἀλλὰ</span> <span class='ocrx_word' id='word_1_264' title='bbox 583 1889 677 1942; x_wconf 74' lang='grc' dir='ltr'><strong>καὶ</strong></span> <span class='ocrx_word' id='word_1_265' title='bbox 728 1889 952 1957; x_wconf 86' lang='grc' dir='ltr'>ἀγαθὸς,</span> <span class='ocrx_word' id='word_1_266' title='bbox 1002 1891 1298 1961; x_wconf 84' lang='grc' dir='ltr'>συγχωρῶν</span> <span class='ocrx_word' id='word_1_267' title='bbox 1329 1893 1442 1954; x_wconf 82' lang='grc' dir='ltr'>τοῖς</span> <span class='ocrx_word' id='word_1_268' title='bbox 1469 1891 1620 1944; x_wconf 74' lang='grc' dir='ltr'>δυσὶν</span> <span class='ocrx_word' id='word_1_269' title='bbox 1645 1894 1723 1956; x_wconf 85' lang='grc' dir='ltr'><strong>είς</strong></span> <span class='ocrx_word' id='word_1_270' title='bbox 1751 1892 1822 1946; x_wconf 83' lang='grc' dir='ltr'><strong>τά</strong></span> <span class='ocrx_word' id='word_1_271' title='bbox 1855 1894 1964 1948; x_wconf 80' lang='grc' dir='ltr'>ἴδια</span> 
     </span>
    </p>
   </div>
   <div class='ocr_carea' id='block_1_37' title="bbox 396 1977 1964 2054">
    <p class='ocr_par' dir='ltr' id='par_1_37' title="bbox 396 1977 1964 2054">
     <span class='ocr_line' id='line_1_37' title="bbox 396 1977 1964 2054; baseline 0.002 -23"><span class='ocrx_word' id='word_1_272' title='bbox 396 1981 568 2032; x_wconf 84' lang='grc' dir='ltr'>ποιεῖν</span> <span class='ocrx_word' id='word_1_273' title='bbox 600 1978 628 2031; x_wconf 87' lang='lat'><strong>6</strong></span> <span class='ocrx_word' id='word_1_274' title='bbox 669 1977 976 2047; x_wconf 83' lang='grc' dir='ltr'>βούλονται·</span> <span class='ocrx_word' id='word_1_275' title='bbox 1009 1978 1042 2048; x_wconf 84' lang='grc' dir='ltr'>ἢ</span> <span class='ocrx_word' id='word_1_276' title='bbox 1086 1979 1321 2049; x_wconf 85' lang='grc' dir='ltr'>ἀδρανὴς</span> <span class='ocrx_word' id='word_1_277' title='bbox 1352 1979 1726 2050; x_wconf 89' lang='grc' dir='ltr'>εὑρεθήσεται,</span> <span class='ocrx_word' id='word_1_278' title='bbox 1767 1984 1861 2034; x_wconf 72' lang='grc' dir='ltr'><strong>καὶ</strong></span> <span class='ocrx_word' id='word_1_279' title='bbox 1889 1982 1964 2054; x_wconf 87' lang='grc' dir='ltr'>μὴ</span> 
     </span>
    </p>
   </div>
   <div class='ocr_carea' id='block_1_38' title="bbox 397 2067 1960 2142">
    <p class='ocr_par' dir='ltr' id='par_1_38' title="bbox 397 2067 1960 2142">
     <span class='ocr_line' id='line_1_38' title="bbox 397 2067 1960 2142; baseline 0.003 -20"><span class='ocrx_word' id='word_1_280' title='bbox 397 2069 594 2140; x_wconf 77' lang='grc' dir='ltr'>ἰσχύων</span> <span class='ocrx_word' id='word_1_281' title='bbox 627 2067 867 2122; x_wconf 87' lang='grc' dir='ltr'>κωλῦσαι</span> <span class='ocrx_word' id='word_1_282' title='bbox 901 2068 1007 2122; x_wconf 89' lang='grc' dir='ltr'>τῶν</span> <span class='ocrx_word' id='word_1_283' title='bbox 1039 2068 1181 2128; x_wconf 84' lang='grc' dir='ltr'>ίδίων</span> <span class='ocrx_word' id='word_1_284' title='bbox 1198 2071 1322 2133; x_wconf 74' lang='grc' dir='ltr'>τοὺς</span> <span class='ocrx_word' id='word_1_285' title='bbox 1347 2069 1656 2141; x_wconf 84' lang='grc' dir='ltr'>ἀλλοτρίους</span> <span class='ocrx_word' id='word_1_286' title='bbox 1686 2071 1960 2142; x_wconf 76' lang='grc' dir='ltr'>ἅρπαγας.</span> 
     </span>
    </p>
   </div>
   <div class='ocr_carea' id='block_1_39' title="bbox 394 2161 1964 2236">
    <p class='ocr_par' dir='ltr' id='par_1_39' title="bbox 394 2161 1964 2236">
     <span class='ocr_line' id='line_1_39' title="bbox 394 2161 1964 2236; baseline 0 -19"><span class='ocrx_word' id='word_1_287' title='bbox 394 2167 456 2218; x_wconf 79' lang='lat' dir='ltr'><strong>Ei</strong></span> <span class='ocrx_word' id='word_1_288' title='bbox 473 2165 526 2217; x_wconf 87' lang='grc' dir='ltr'><strong>δέ</strong></span> <span class='ocrx_word' id='word_1_289' title='bbox 555 2163 647 2216; x_wconf 70' lang='grc' dir='ltr'><strong>καὶ</strong></span> <span class='ocrx_word' id='word_1_290' title='bbox 671 2163 853 2233; x_wconf 81' lang='grc' dir='ltr'>’ήσσων</span> <span class='ocrx_word' id='word_1_291' title='bbox 871 2165 937 2233; x_wconf 78' lang='grc' dir='ltr'>τῇ</span> <span class='ocrx_word' id='word_1_292' title='bbox 964 2161 1188 2232; x_wconf 87' lang='grc' dir='ltr'>δυνάμει</span> <span class='ocrx_word' id='word_1_293' title='bbox 1212 2163 1382 2226; x_wconf 75' lang='grc' dir='ltr'>ἐστὶν,</span> <span class='ocrx_word' id='word_1_294' title='bbox 1401 2163 1582 2216; x_wconf 86' lang='grc' dir='ltr'>οὑκέτι</span> <span class='ocrx_word' id='word_1_295' title='bbox 1609 2164 1964 2236; x_wconf 88' lang='grc' dir='ltr'>εὑρεθήσεται</span> 
     </span>
    </p>
   </div>
   <div class='ocr_carea' id='block_1_40' title="bbox 395 2251 1964 2326">
    <p class='ocr_par' dir='ltr' id='par_1_40' title="bbox 395 2251 1964 2326">
     <span class='ocr_line' id='line_1_40' title="bbox 395 2251 1964 2326; baseline -0.001 -19"><span class='ocrx_word' id='word_1_296' title='bbox 395 2257 427 2326; x_wconf 84' lang='grc' dir='ltr'><strong>ή</strong></span> <span class='ocrx_word' id='word_1_297' title='bbox 474 2255 802 2325; x_wconf 83' lang='grc' dir='ltr'>δημιουργία</span> <span class='ocrx_word' id='word_1_298' title='bbox 869 2252 1215 2306; x_wconf 83' lang='grc' dir='ltr'>συνεστῶσα·</span> <span class='ocrx_word' id='word_1_299' title='bbox 1265 2252 1377 2305; x_wconf 85' lang='grc' dir='ltr'>ἀλλ’</span> <span class='ocrx_word' id='word_1_300' title='bbox 1438 2251 1682 2317; x_wconf 79' lang='grc' dir='ltr'>ἐξέλιπεν</span> <span class='ocrx_word' id='word_1_301' title='bbox 1730 2252 1964 2306; x_wconf 76' lang='grc' dir='ltr'>ἔκπαλαι</span> 
     </span>
    </p>
   </div>
   <div class='ocr_carea' id='block_1_41' title="bbox 395 2342 1963 2417">
    <p class='ocr_par' dir='ltr' id='par_1_41' title="bbox 395 2342 1963 2417">
     <span class='ocr_line' id='line_1_41' title="bbox 395 2342 1963 2417; baseline -0.001 -19"><span class='ocrx_word' id='word_1_302' title='bbox 395 2344 818 2417; x_wconf 80' lang='grc' dir='ltr'>ἀναρπαζομένη</span> <span class='ocrx_word' id='word_1_303' title='bbox 873 2343 994 2396; x_wconf 85' lang='grc' dir='ltr'>καθ’</span> <span class='ocrx_word' id='word_1_304' title='bbox 1059 2343 1291 2414; x_wconf 74' lang='grc' dir='ltr'>ἑκάστην</span> <span class='ocrx_word' id='word_1_305' title='bbox 1343 2343 1556 2414; x_wconf 90' lang='grc' dir='ltr'>ήμέραν</span> <span class='ocrx_word' id='word_1_306' title='bbox 1604 2343 1708 2396; x_wconf 89' lang='grc' dir='ltr'><strong>ὑπό</strong></span> <span class='ocrx_word' id='word_1_307' title='bbox 1753 2361 1812 2396; x_wconf 90' lang='grc' dir='ltr'><strong>τε</strong></span> <span class='ocrx_word' id='word_1_308' title='bbox 1868 2342 1963 2397; x_wconf 87' lang='grc' dir='ltr'><strong>τοῦ</strong></span> 
     </span>
    </p>
   </div>
   <div class='ocr_carea' id='block_1_42' title="bbox 394 2429 1964 2506">
    <p class='ocr_par' dir='ltr' id='par_1_42' title="bbox 394 2429 1964 2506">
     <span class='ocr_line' id='line_1_42' title="bbox 394 2429 1964 2506; baseline -0.003 -18"><span class='ocrx_word' id='word_1_309' title='bbox 394 2434 632 2506; x_wconf 88' lang='grc' dir='ltr'>πονηροῦ</span> <span class='ocrx_word' id='word_1_310' title='bbox 676 2436 756 2496; x_wconf 86' lang='grc' dir='ltr'>εἰς</span> <span class='ocrx_word' id='word_1_311' title='bbox 785 2433 846 2486; x_wconf 75' lang='grc' dir='ltr'>τὸ</span> <span class='ocrx_word' id='word_1_312' title='bbox 891 2432 1020 2485; x_wconf 84' lang='grc' dir='ltr'>ῐδιον</span> <span class='ocrx_word' id='word_1_313' title='bbox 1051 2432 1240 2503; x_wconf 89' lang='grc' dir='ltr'>μέρος,</span> <span class='ocrx_word' id='word_1_314' title='bbox 1271 2433 1366 2484; x_wconf 77' lang='grc' dir='ltr'><strong>καὶ</strong></span> <span class='ocrx_word' id='word_1_315' title='bbox 1396 2432 1500 2485; x_wconf 85' lang='grc' dir='ltr'><strong>ὑπὸ</strong></span> <span class='ocrx_word' id='word_1_316' title='bbox 1520 2429 1614 2484; x_wconf 86' lang='grc' dir='ltr'><strong>τοῦ</strong></span> <span class='ocrx_word' id='word_1_317' title='bbox 1651 2430 1854 2500; x_wconf 77' lang='grc' dir='ltr'>ἀγαθοῦ</span> <span class='ocrx_word' id='word_1_318' title='bbox 1886 2433 1964 2497; x_wconf 83' lang='grc' dir='ltr'><strong>είς</strong></span> 
     </span>
    </p>
   </div>
   <div class='ocr_carea' id='block_1_43' title="bbox 393 2521 1965 2593">
    <p class='ocr_par' dir='ltr' id='par_1_43' title="bbox 393 2521 1965 2593">
     <span class='ocr_line' id='line_1_43' title="bbox 393 2521 1965 2593; baseline -0.001 -16"><span class='ocrx_word' id='word_1_319' title='bbox 393 2525 461 2578; x_wconf 67' lang='grc' dir='ltr'>τὰ</span> <span class='ocrx_word' id='word_1_320' title='bbox 490 2525 621 2580; x_wconf 81' lang='grc' dir='ltr'>ἀνω.</span> <span class='ocrx_word' id='word_1_321' title='bbox 667 2526 777 2578; x_wconf 80' lang='grc' dir='ltr'>Καὶ</span> <span class='ocrx_word' id='word_1_322' title='bbox 821 2523 924 2576; x_wconf 87' lang='grc' dir='ltr'><strong>ποῦ</strong></span> <span class='ocrx_word' id='word_1_323' title='bbox 954 2522 1034 2576; x_wconf 76' lang='grc' dir='ltr'><strong>ἔτι</strong></span> <span class='ocrx_word' id='word_1_324' title='bbox 1060 2526 1094 2593; x_wconf 87' lang='grc' dir='ltr'><strong>ή</strong></span> <span class='ocrx_word' id='word_1_325' title='bbox 1128 2521 1461 2593; x_wconf 85' lang='grc' dir='ltr'>δημιουργία</span> <span class='ocrx_word' id='word_1_326' title='bbox 1511 2521 1866 2593; x_wconf 89' lang='grc' dir='ltr'>σταθήσεται;</span> <span class='ocrx_word' id='word_1_327' title='bbox 1901 2523 1965 2576; x_wconf 79' lang='lat' dir='ltr'><strong>Et</strong></span> 
     </span>
    </p>
   </div>
   <div class='ocr_carea' id='block_1_44' title="bbox 393 2613 1965 2687">
    <p class='ocr_par' dir='ltr' id='par_1_44' title="bbox 393 2613 1965 2687">
     <span class='ocr_line' id='line_1_44' title="bbox 393 2613 1965 2687; baseline -0.003 -17"><span class='ocrx_word' id='word_1_328' title='bbox 393 2618 449 2670; x_wconf 83' lang='grc' dir='ltr'><strong>δέ</strong></span> <span class='ocrx_word' id='word_1_329' title='bbox 480 2617 560 2670; x_wconf 77' lang='grc' dir='ltr'><strong>ὅτι</strong></span> <span class='ocrx_word' id='word_1_330' title='bbox 593 2616 770 2687; x_wconf 82' lang='grc' dir='ltr'>χρόνῳ</span> <span class='ocrx_word' id='word_1_331' title='bbox 800 2614 972 2685; x_wconf 82' lang='grc' dir='ltr'>λήξει,</span> <span class='ocrx_word' id='word_1_332' title='bbox 996 2614 1195 2683; x_wconf 91' lang='grc' dir='ltr'>λέγεις,</span> <span class='ocrx_word' id='word_1_333' title='bbox 1231 2615 1323 2666; x_wconf 61' lang='grc' dir='ltr'><strong>καὶ¹</strong></span> <span class='ocrx_word' id='word_1_334' title='bbox 1351 2613 1578 2667; x_wconf 84' lang='grc' dir='ltr'>δυνατὸν</span> <span class='ocrx_word' id='word_1_335' title='bbox 1603 2613 1806 2685; x_wconf 85' lang='grc' dir='ltr'>ταύτην</span> <span class='ocrx_word' id='word_1_336' title='bbox 1829 2614 1965 2677; x_wconf 86' lang='grc' dir='ltr'>ὅλως</span> 
     </span>
    </p>
   </div>
   <div class='ocr_carea' id='block_1_45' title="bbox 393 2691 1966 2777">
    <p class='ocr_par' dir='ltr' id='par_1_45' title="bbox 393 2691 1966 2777">
     <span class='ocr_line' id='line_1_45' title="bbox 393 2691 1966 2777; baseline -0.002 -17"><span class='ocrx_word' id='word_1_337' title='bbox 393 2707 578 2777; x_wconf 88' lang='grc' dir='ltr'>λήγειν</span> <span class='ocrx_word' id='word_1_338' title='bbox 607 2707 692 2760; x_wconf 82' lang='grc' dir='ltr'><strong>διά</strong></span> <span class='ocrx_word' id='word_1_339' title='bbox 753 2707 849 2777; x_wconf 77' lang='grc' dir='ltr'><strong>τῆς</strong></span> <span class='ocrx_word' id='word_1_340' title='bbox 890 2704 982 2757; x_wconf 88' lang='grc' dir='ltr'><strong>τοῦ</strong></span> <span class='ocrx_word' id='word_1_341' title='bbox 1023 2703 1229 2774; x_wconf 87' lang='grc' dir='ltr'>ἀγαθοῦ</span> <span class='ocrx_word' id='word_1_342' title='bbox 1277 2703 1624 2774; x_wconf 85' lang='grc' dir='ltr'>ἐπιμελείας·</span> <span class='ocrx_word' id='word_1_343' title='bbox 1688 2691 1881 2758; x_wconf 83' lang='grc' dir='ltr'>οὐκοῦν</span> <span class='ocrx_word' id='word_1_344' title='bbox 1937 2706 1966 2757; x_wconf 93' lang='lat'><strong>6</strong></span> 
     </span>
    </p>
   </div>
   <div class='ocr_carea' id='block_1_46' title="bbox 393 2794 1962 2869">
    <p class='ocr_par' dir='ltr' id='par_1_46' title="bbox 393 2794 1962 2869">
     <span class='ocr_line' id='line_1_46' title="bbox 393 2794 1962 2869; baseline -0.003 -16"><span class='ocrx_word' id='word_1_345' title='bbox 393 2800 598 2869; x_wconf 78' lang='grc' dir='ltr'>ἀγαθὸς</span> <span class='ocrx_word' id='word_1_346' title='bbox 625 2798 793 2862; x_wconf 81' lang='grc' dir='ltr'>αἴτιος</span> <span class='ocrx_word' id='word_1_347' title='bbox 814 2799 913 2869; x_wconf 83' lang='grc' dir='ltr'><strong>τῆς</strong></span> <span class='ocrx_word' id='word_1_348' title='bbox 944 2795 1148 2867; x_wconf 81' lang='grc' dir='ltr'>βλάϐης</span> <span class='ocrx_word' id='word_1_349' title='bbox 1169 2794 1324 2849; x_wconf 75' lang='grc' dir='ltr'>ἔσται</span> <span class='ocrx_word' id='word_1_350' title='bbox 1353 2797 1382 2848; x_wconf 94' lang='lat'><strong>6</strong></span> <span class='ocrx_word' id='word_1_351' title='bbox 1407 2796 1480 2866; x_wconf 84' lang='grc' dir='ltr'>μὴ</span> <span class='ocrx_word' id='word_1_352' title='bbox 1507 2796 1674 2850; x_wconf 83' lang='grc' dir='ltr'>πάλαι</span> <span class='ocrx_word' id='word_1_353' title='bbox 1707 2797 1962 2867; x_wconf 89' lang='grc' dir='ltr'>ποιήσας,</span> 
     </span>
    </p>
   </div>
   <div class='ocr_carea' id='block_1_47' title="bbox 392 2888 1965 2964">
    <p class='ocr_par' dir='ltr' id='par_1_47' title="bbox 392 2888 1965 2964">
     <span class='ocr_line' id='line_1_47' title="bbox 392 2888 1965 2964; baseline -0.003 -18"><span class='ocrx_word' id='word_1_354' title='bbox 392 2894 527 2962; x_wconf 74' lang='grc' dir='ltr'>ὅπερ</span> <span class='ocrx_word' id='word_1_355' title='bbox 581 2892 805 2963; x_wconf 75' lang='grc' dir='ltr'>ὔστερον</span> <span class='ocrx_word' id='word_1_356' title='bbox 867 2890 1068 2960; x_wconf 85' lang='grc' dir='ltr'>ἀγαθὸν</span> <span class='ocrx_word' id='word_1_357' title='bbox 1121 2889 1298 2957; x_wconf 77' lang='grc' dir='ltr'>ἔδοξεν</span> <span class='ocrx_word' id='word_1_358' title='bbox 1352 2888 1638 2954; x_wconf 85' lang='grc' dir='ltr'>ἐπιτελεῖν,</span> <span class='ocrx_word' id='word_1_359' title='bbox 1678 2890 1814 2960; x_wconf 91' lang='grc' dir='ltr'>μήτε</span> <span class='ocrx_word' id='word_1_360' title='bbox 1861 2888 1965 2964; x_wconf 84' lang='grc' dir='ltr'><strong>μὴν</strong></span> 
     </span>
    </p>
   </div>
   <div class='ocr_carea' id='block_1_48' title="bbox 395 2981 1966 3053">
    <p class='ocr_par' dir='ltr' id='par_1_48' title="bbox 395 2981 1966 3053">
     <span class='ocr_line' id='line_1_48' title="bbox 395 2981 1966 3053; baseline -0.001 -17"><span class='ocrx_word' id='word_1_361' title='bbox 395 2982 709 3051; x_wconf 77' lang='grc' dir='ltr'>πεποιηκὼς</span> <span class='ocrx_word' id='word_1_362' title='bbox 755 2982 864 3036; x_wconf 84' lang='grc' dir='ltr'><strong>ἀπὸ</strong></span> <span class='ocrx_word' id='word_1_363' title='bbox 901 2981 1010 3034; x_wconf 89' lang='grc' dir='ltr'><strong>τῶν</strong></span> <span class='ocrx_word' id='word_1_364' title='bbox 1062 2981 1347 3046; x_wconf 84' lang='grc' dir='ltr'>ἀνέκαθεν,</span> <span class='ocrx_word' id='word_1_365' title='bbox 1375 2983 1562 3053; x_wconf 74' lang='grc' dir='ltr'>πρὶνῆ</span> <span class='ocrx_word' id='word_1_366' title='bbox 1597 2982 1722 3044; x_wconf 81' lang='grc' dir='ltr'>τοὺς</span> <span class='ocrx_word' id='word_1_367' title='bbox 1750 2982 1966 3045; x_wconf 83' lang='grc' dir='ltr'>πλείους</span> 
     </span>
    </p>
   </div>
   <div class='ocr_carea' id='block_1_49' title="bbox 393 3070 1963 3142">
    <p class='ocr_par' dir='ltr' id='par_1_49' title="bbox 393 3070 1963 3142">
     <span class='ocr_line' id='line_1_49' title="bbox 393 3070 1963 3142; baseline 0 -18"><span class='ocrx_word' id='word_1_368' title='bbox 393 3071 734 3142; x_wconf 79' lang='grc' dir='ltr'>ἀδικηθῆναι,</span> <span class='ocrx_word' id='word_1_369' title='bbox 790 3071 884 3125; x_wconf 70' lang='grc' dir='ltr'><strong>καὶ</strong></span> <span class='ocrx_word' id='word_1_370' title='bbox 946 3070 1229 3140; x_wconf 83' lang='grc' dir='ltr'>ἐγκαθέξει</span> <span class='ocrx_word' id='word_1_371' title='bbox 1277 3073 1296 3102; x_wconf 85' lang='grc'>¹</span> <span class='ocrx_word' id='word_1_372' title='bbox 1353 3071 1550 3135; x_wconf 80' lang='grc' dir='ltr'>αὑτοὺς</span> <span class='ocrx_word' id='word_1_373' title='bbox 1587 3070 1838 3140; x_wconf 85' lang='grc' dir='ltr'>γενέσθαι</span> <span class='ocrx_word' id='word_1_374' title='bbox 1870 3070 1963 3124; x_wconf 91' lang='grc' dir='ltr'><strong>τοῦ</strong></span> 
     </span>
    </p>
   </div>
   <div class='ocr_carea' id='block_1_50' title="bbox 394 3147 1526 3233">
    <p class='ocr_par' dir='ltr' id='par_1_50' title="bbox 394 3147 1526 3233">
     <span class='ocr_line' id='line_1_50' title="bbox 394 3147 1526 3233; baseline -0.001 -17"><span class='ocrx_word' id='word_1_375' title='bbox 394 3161 604 3233; x_wconf 86' lang='grc' dir='ltr'>κριτοῦ,</span> <span class='ocrx_word' id='word_1_376' title='bbox 641 3161 736 3215; x_wconf 74' lang='grc' dir='ltr'>καὶ</span> <span class='ocrx_word' id='word_1_377' title='bbox 766 3163 914 3216; x_wconf 87' lang='grc' dir='ltr'>κάτω</span> <span class='ocrx_word' id='word_1_378' title='bbox 954 3161 1338 3232; x_wconf 84' lang='grc' dir='ltr'>μεμενηκέναι.</span> <span class='ocrx_word' id='word_1_379' title='bbox 1521 3147 1526 3154; x_wconf 44' lang='grc'><em>’</em></span> 
     </span>
    </p>
   </div>
   <div class='ocr_carea' id='block_1_51' title="bbox 2066 1889 3636 1958">
    <p class='ocr_par' dir='ltr' id='par_1_51' title="bbox 2066 1889 3636 1958">
     <span class='ocr_line' id='line_1_51' title="bbox 2066 1889 3636 1958; baseline 0.003 -16"><span class='ocrx_word' id='word_1_380' title='bbox 2066 1890 2385 1958; x_wconf 82' lang='lat' dir='ltr'><strong>regionibus</strong></span> <span class='ocrx_word' id='word_1_381' title='bbox 2413 1889 2658 1958; x_wconf 90' lang='lat' dir='ltr'><strong>locisque</strong></span> <span class='ocrx_word' id='word_1_382' title='bbox 2690 1889 2947 1953; x_wconf 87' lang='lat' dir='ltr'><strong>resideat,</strong></span> <span class='ocrx_word' id='word_1_383' title='bbox 2990 1899 3044 1944; x_wconf 89' lang='lat' dir='ltr'><strong>et</strong></span> <span class='ocrx_word' id='word_1_384' title='bbox 3071 1906 3100 1943; x_wconf 94' lang='lat' dir='ltr'><strong>a</strong></span> <span class='ocrx_word' id='word_1_385' title='bbox 3126 1891 3270 1944; x_wconf 89' lang='lat' dir='ltr'><strong>bono</strong></span> <span class='ocrx_word' id='word_1_386' title='bbox 3303 1892 3500 1945; x_wconf 87' lang='lat' dir='ltr'><strong>missus</strong></span> <span class='ocrx_word' id='word_1_387' title='bbox 3530 1893 3636 1946; x_wconf 89' lang='lat' dir='ltr'><strong>ibi-</strong></span> 
     </span>
    </p>
   </div>
   <div class='ocr_carea' id='block_1_52' title="bbox 2065 1979 3639 2050">
    <p class='ocr_par' dir='ltr' id='par_1_52' title="bbox 2065 1979 3639 2050">
     <span class='ocr_line' id='line_1_52' title="bbox 2065 1979 3639 2050; baseline 0.001 -16"><span class='ocrx_word' id='word_1_388' title='bbox 2065 1981 2298 2050; x_wconf 88' lang='lat' dir='ltr'><strong>demque</strong></span> <span class='ocrx_word' id='word_1_389' title='bbox 2325 1995 2674 2035; x_wconf 87' lang='lat' dir='ltr'><strong>commorans</strong></span> <span class='ocrx_word' id='word_1_390' title='bbox 2711 1979 2995 2044; x_wconf 87' lang='lat' dir='ltr'><strong>Christus;</strong></span> <span class='ocrx_word' id='word_1_391' title='bbox 3026 1997 3367 2050; x_wconf 90' lang='lat' dir='ltr'><strong>consequens</strong></span> <span class='ocrx_word' id='word_1_392' title='bbox 3396 1989 3500 2045; x_wconf 89' lang='lat' dir='ltr'><strong>est,</strong></span> <span class='ocrx_word' id='word_1_393' title='bbox 3531 1997 3639 2036; x_wconf 89' lang='lat' dir='ltr'><strong>non</strong></span> 
     </span>
    </p>
   </div>
   <div class='ocr_carea' id='block_1_53' title="bbox 2066 2065 3684 2148">
    <p class='ocr_par' dir='ltr' id='par_1_53' title="bbox 2066 2065 3684 2148">
     <span class='ocr_line' id='line_1_53' title="bbox 2066 2065 3684 2148; baseline 0.005 -25"><span class='ocrx_word' id='word_1_394' title='bbox 2066 2070 2215 2125; x_wconf 92' lang='lat' dir='ltr'><strong>illum</strong></span> <span class='ocrx_word' id='word_1_395' title='bbox 2249 2071 2410 2148; x_wconf 89' lang='lat' dir='ltr'><strong>modo</strong></span> <span class='ocrx_word' id='word_1_396' title='bbox 2440 2071 2681 2140; x_wconf 90' lang='lat' dir='ltr'><strong>judiccm</strong></span> <span class='ocrx_word' id='word_1_397' title='bbox 2717 2087 2780 2125; x_wconf 90' lang='lat' dir='ltr'><strong>ac</strong></span> <span class='ocrx_word' id='word_1_398' title='bbox 2815 2071 3174 2135; x_wconf 86' lang='lat' dir='ltr'><strong>conditorem,</strong></span> <span class='ocrx_word' id='word_1_399' title='bbox 3211 2072 3302 2126; x_wconf 89' lang='lat' dir='ltr'><strong>sed</strong></span> <span class='ocrx_word' id='word_1_400' title='bbox 3346 2080 3399 2128; x_wconf 92' lang='lat' dir='ltr'><strong>et</strong></span> <span class='ocrx_word' id='word_1_401' title='bbox 3438 2072 3638 2131; x_wconf 86' lang='lat' dir='ltr'><strong>bonum</strong></span> <span class='ocrx_word' id='word_1_402' title='bbox 3670 2065 3684 2070; x_wconf 67' lang='grc'><strong>’</strong></span> 
     </span>
    </p>
   </div>
   <div class='ocr_carea' id='block_1_54' title="bbox 2065 2161 3641 2233">
    <p class='ocr_par' dir='ltr' id='par_1_54' title="bbox 2065 2161 3641 2233">
     <span class='ocr_line' id='line_1_54' title="bbox 2065 2161 3641 2233; baseline 0 -15"><span class='ocrx_word' id='word_1_403' title='bbox 2065 2177 2206 2225; x_wconf 78' lang='lat' dir='ltr'><strong>esse,</strong></span> <span class='ocrx_word' id='word_1_404' title='bbox 2243 2162 2335 2231; x_wconf 91' lang='lat' dir='ltr'><strong>qui</strong></span> <span class='ocrx_word' id='word_1_405' title='bbox 2372 2162 2638 2216; x_wconf 90' lang='lat' dir='ltr'><strong>ambobus</strong></span> <span class='ocrx_word' id='word_1_406' title='bbox 2684 2161 3054 2233; x_wconf 90' lang='lat' dir='ltr'><strong>quodcunque</strong></span> <span class='ocrx_word' id='word_1_407' title='bbox 3097 2162 3241 2232; x_wconf 91' lang='lat' dir='ltr'><strong>apud</strong></span> <span class='ocrx_word' id='word_1_408' title='bbox 3287 2179 3344 2217; x_wconf 90' lang='lat' dir='ltr'><strong>se</strong></span> <span class='ocrx_word' id='word_1_409' title='bbox 3381 2172 3641 2232; x_wconf 88' lang='lat' dir='ltr'><strong>cuperent</strong></span> 
     </span>
    </p>
   </div>
   <div class='ocr_carea' id='block_1_55' title="bbox 2065 2253 3637 2325">
    <p class='ocr_par' dir='ltr' id='par_1_55' title="bbox 2065 2253 3637 2325">
     <span class='ocr_line' id='line_1_55' title="bbox 2065 2253 3637 2325; baseline 0.001 -17"><span class='ocrx_word' id='word_1_410' title='bbox 2065 2269 2223 2325; x_wconf 88' lang='lat' dir='ltr'><strong>agere</strong></span> <span class='ocrx_word' id='word_1_411' title='bbox 2247 2253 2593 2324; x_wconf 90' lang='lat' dir='ltr'><strong>permiserit;</strong></span> <span class='ocrx_word' id='word_1_412' title='bbox 2619 2260 2714 2306; x_wconf 92' lang='lat' dir='ltr'><strong>aut</strong></span> <span class='ocrx_word' id='word_1_413' title='bbox 2745 2269 2874 2307; x_wconf 85' lang='lat' dir='ltr'><strong>sane</strong></span> <span class='ocrx_word' id='word_1_414' title='bbox 2896 2269 3158 2323; x_wconf 83' lang='lat' dir='ltr'><strong>perquam</strong></span> <span class='ocrx_word' id='word_1_415' title='bbox 3182 2255 3285 2308; x_wconf 86' lang='lat' dir='ltr'><strong>erit</strong></span> <span class='ocrx_word' id='word_1_416' title='bbox 3307 2255 3637 2319; x_wconf 88' lang='lat' dir='ltr'><strong>imbecillus,</strong></span> 
     </span>
    </p>
   </div>
   <div class='ocr_carea' id='block_1_56' title="bbox 2067 2343 3642 2414">
    <p class='ocr_par' dir='ltr' id='par_1_56' title="bbox 2067 2343 3642 2414">
     <span class='ocr_line' id='line_1_56' title="bbox 2067 2343 3642 2414; baseline -0.001 -16"><span class='ocrx_word' id='word_1_417' title='bbox 2067 2345 2160 2414; x_wconf 92' lang='lat' dir='ltr'><strong>qui</strong></span> <span class='ocrx_word' id='word_1_418' title='bbox 2201 2345 2503 2398; x_wconf 80' lang='lat' dir='ltr'><strong>alienorum</strong></span> <span class='ocrx_word' id='word_1_419' title='bbox 2545 2343 2852 2412; x_wconf 85' lang='lat' dir='ltr'><strong>direptores</strong></span> <span class='ocrx_word' id='word_1_420' title='bbox 2886 2359 3143 2398; x_wconf 88' lang='lat' dir='ltr'><strong>coercere</strong></span> <span class='ocrx_word' id='word_1_421' title='bbox 3177 2345 3504 2414; x_wconf 84' lang='lat' dir='ltr'><strong>nequiverit.</strong></span> <span class='ocrx_word' id='word_1_422' title='bbox 3538 2344 3642 2414; x_wconf 58' lang='lat' dir='ltr'><strong>Igio</strong></span> 
     </span>
    </p>
   </div>
   <div class='ocr_carea' id='block_1_57' title="bbox 2066 2436 3639 2506">
    <p class='ocr_par' dir='ltr' id='par_1_57' title="bbox 2066 2436 3639 2506">
     <span class='ocr_line' id='line_1_57' title="bbox 2066 2436 3639 2506; baseline -0.001 -16"><span class='ocrx_word' id='word_1_423' title='bbox 2066 2445 2156 2490; x_wconf 91' lang='lat' dir='ltr'><strong>tur</strong></span> <span class='ocrx_word' id='word_1_424' title='bbox 2200 2437 2392 2491; x_wconf 87' lang='lat' dir='ltr'><strong>demus</strong></span> <span class='ocrx_word' id='word_1_425' title='bbox 2439 2436 2590 2489; x_wconf 92' lang='lat' dir='ltr'><strong>illum</strong></span> <span class='ocrx_word' id='word_1_426' title='bbox 2635 2436 2850 2490; x_wconf 77' lang='lat' dir='ltr'><strong>v3ribus</strong></span> <span class='ocrx_word' id='word_1_427' title='bbox 2886 2437 3149 2506; x_wconf 83' lang='lat' dir='ltr'><strong>imparem</strong></span> <span class='ocrx_word' id='word_1_428' title='bbox 3183 2452 3325 2503; x_wconf 89' lang='lat' dir='ltr'><strong>esse,</strong></span> <span class='ocrx_word' id='word_1_429' title='bbox 3368 2452 3639 2506; x_wconf 90' lang='lat' dir='ltr'><strong>nusquam</strong></span> 
     </span>
    </p>
   </div>
   <div class='ocr_carea' id='block_1_58' title="bbox 2067 2524 3644 2596">
    <p class='ocr_par' dir='ltr' id='par_1_58' title="bbox 2067 2524 3644 2596">
     <span class='ocr_line' id='line_1_58' title="bbox 2067 2524 3644 2596; baseline 0.001 -18"><span class='ocrx_word' id='word_1_430' title='bbox 2067 2526 2389 2580; x_wconf 78' lang='lat' dir='ltr'><strong>fabricatum</strong></span> <span class='ocrx_word' id='word_1_431' title='bbox 2429 2539 2566 2594; x_wconf 81' lang='lat' dir='ltr'><strong>Opus</strong></span> <span class='ocrx_word' id='word_1_432' title='bbox 2607 2524 2674 2577; x_wconf 89' lang='lat' dir='ltr'><strong>ab</strong></span> <span class='ocrx_word' id='word_1_433' title='bbox 2723 2539 2784 2577; x_wconf 87' lang='lat' dir='ltr'><strong>eo</strong></span> <span class='ocrx_word' id='word_1_434' title='bbox 2820 2534 3079 2579; x_wconf 87' lang='lat' dir='ltr'><strong>constare</strong></span> <span class='ocrx_word' id='word_1_435' title='bbox 3112 2526 3344 2594; x_wconf 87' lang='lat' dir='ltr'><strong>poterit;</strong></span> <span class='ocrx_word' id='word_1_436' title='bbox 3382 2527 3474 2581; x_wconf 88' lang='lat' dir='ltr'><strong>sed</strong></span> <span class='ocrx_word' id='word_1_437' title='bbox 3501 2526 3644 2596; x_wconf 83' lang='lat' dir='ltr'><strong>jam-</strong></span> 
     </span>
    </p>
   </div>
   <div class='ocr_carea' id='block_1_59' title="bbox 2067 2615 3642 2686">
    <p class='ocr_par' dir='ltr' id='par_1_59' title="bbox 2067 2615 3642 2686">
     <span class='ocr_line' id='line_1_59' title="bbox 2067 2615 3642 2686; baseline 0.001 -17"><span class='ocrx_word' id='word_1_438' title='bbox 2067 2615 2276 2686; x_wconf 87' lang='lat' dir='ltr'><strong>pridcnt</strong></span> <span class='ocrx_word' id='word_1_439' title='bbox 2329 2615 2667 2668; x_wconf 88' lang='lat' dir='ltr'><strong>interciderit</strong></span> <span class='ocrx_word' id='word_1_440' title='bbox 2721 2623 2959 2683; x_wconf 87' lang='lat' dir='ltr'><strong>oportet,</strong></span> <span class='ocrx_word' id='word_1_441' title='bbox 3009 2631 3130 2668; x_wconf 89' lang='lat' dir='ltr'><strong>cum</strong></span> <span class='ocrx_word' id='word_1_442' title='bbox 3177 2616 3369 2670; x_wconf 88' lang='lat' dir='ltr'><strong>diebus</strong></span> <span class='ocrx_word' id='word_1_443' title='bbox 3413 2617 3642 2686; x_wconf 82' lang='lat' dir='ltr'><strong>singulis</strong></span> 
     </span>
    </p>
   </div>
   <div class='ocr_carea' id='block_1_60' title="bbox 2067 2704 3640 2777">
    <p class='ocr_par' dir='ltr' id='par_1_60' title="bbox 2067 2704 3640 2777">
     <span class='ocr_line' id='line_1_60' title="bbox 2067 2704 3640 2777; baseline 0.001 -17"><span class='ocrx_word' id='word_1_444' title='bbox 2067 2707 2381 2774; x_wconf 90' lang='lat' dir='ltr'><strong>decerptum</strong></span> <span class='ocrx_word' id='word_1_445' title='bbox 2408 2704 2645 2760; x_wconf 90' lang='lat' dir='ltr'><strong>indidem</strong></span> <span class='ocrx_word' id='word_1_446' title='bbox 2676 2706 2880 2774; x_wconf 90' lang='lat' dir='ltr'><strong>aliquid</strong></span> <span class='ocrx_word' id='word_1_447' title='bbox 2914 2705 3113 2774; x_wconf 87' lang='lat' dir='ltr'><strong>partim</strong></span> <span class='ocrx_word' id='word_1_448' title='bbox 3147 2721 3178 2760; x_wconf 90' lang='lat' dir='ltr'><strong>a</strong></span> <span class='ocrx_word' id='word_1_449' title='bbox 3203 2708 3344 2761; x_wconf 91' lang='lat' dir='ltr'><strong>malo</strong></span> <span class='ocrx_word' id='word_1_450' title='bbox 3368 2707 3640 2777; x_wconf 85' lang='lat' dir='ltr'><strong>propriam</strong></span> 
     </span>
    </p>
   </div>
   <div class='ocr_carea' id='block_1_61' title="bbox 2069 2796 3646 2868">
    <p class='ocr_par' dir='ltr' id='par_1_61' title="bbox 2069 2796 3646 2868">
     <span class='ocr_line' id='line_1_61' title="bbox 2069 2796 3646 2868; baseline 0 -15"><span class='ocrx_word' id='word_1_451' title='bbox 2069 2800 2122 2854; x_wconf 90' lang='lat' dir='ltr'><strong>itt</strong></span> <span class='ocrx_word' id='word_1_452' title='bbox 2153 2800 2454 2868; x_wconf 78' lang='lat' dir='ltr'><strong>regionem,</strong></span> <span class='ocrx_word' id='word_1_453' title='bbox 2491 2797 2686 2867; x_wconf 89' lang='lat' dir='ltr'><strong>partim</strong></span> <span class='ocrx_word' id='word_1_454' title='bbox 2723 2811 2751 2848; x_wconf 86' lang='lat' dir='ltr'><strong>a</strong></span> <span class='ocrx_word' id='word_1_455' title='bbox 2808 2796 2952 2850; x_wconf 92' lang='lat' dir='ltr'><strong>bono</strong></span> <span class='ocrx_word' id='word_1_456' title='bbox 3004 2799 3057 2850; x_wconf 93' lang='lat' dir='ltr'><strong>in</strong></span> <span class='ocrx_word' id='word_1_457' title='bbox 3095 2799 3379 2866; x_wconf 87' lang='lat' dir='ltr'><strong>superiora</strong></span> <span class='ocrx_word' id='word_1_458' title='bbox 3411 2797 3646 2854; x_wconf 82' lang='lat' dir='ltr'><strong>transfe-</strong></span> 
     </span>
    </p>
   </div>
   <div class='ocr_carea' id='block_1_62' title="bbox 2066 2886 3641 2957">
    <p class='ocr_par' dir='ltr' id='par_1_62' title="bbox 2066 2886 3641 2957">
     <span class='ocr_line' id='line_1_62' title="bbox 2066 2886 3641 2957; baseline -0.002 -13"><span class='ocrx_word' id='word_1_459' title='bbox 2066 2898 2239 2944; x_wconf 85' lang='lat' dir='ltr'><strong>ratur.</strong></span> <span class='ocrx_word' id='word_1_460' title='bbox 2296 2888 2525 2942; x_wconf 87' lang='lat' dir='ltr'><strong>Ubinam</strong></span> <span class='ocrx_word' id='word_1_461' title='bbox 2572 2903 2702 2957; x_wconf 83' lang='lat' dir='ltr'><strong>crgo</strong></span> <span class='ocrx_word' id='word_1_462' title='bbox 2733 2886 2951 2941; x_wconf 91' lang='lat' dir='ltr'><strong>demum</strong></span> <span class='ocrx_word' id='word_1_463' title='bbox 2985 2888 3116 2941; x_wconf 92' lang='lat' dir='ltr'><strong>illud</strong></span> <span class='ocrx_word' id='word_1_464' title='bbox 3147 2889 3422 2956; x_wconf 80' lang='lat' dir='ltr'><strong>opificium</strong></span> <span class='ocrx_word' id='word_1_465' title='bbox 3452 2888 3641 2943; x_wconf 91' lang='lat' dir='ltr'><strong>consi-</strong></span> 
     </span>
    </p>
   </div>
   <div class='ocr_carea' id='block_1_63' title="bbox 2068 2979 3646 3050">
    <p class='ocr_par' dir='ltr' id='par_1_63' title="bbox 2068 2979 3646 3050">
     <span class='ocr_line' id='line_1_63' title="bbox 2068 2979 3646 3050; baseline -0.001 -14"><span class='ocrx_word' id='word_1_466' title='bbox 2068 2981 2206 3036; x_wconf 88' lang='lat' dir='ltr'><strong>stet?</strong></span> <span class='ocrx_word' id='word_1_467' title='bbox 2236 2980 2294 3034; x_wconf 93' lang='lat' dir='ltr'><strong>Si</strong></span> <span class='ocrx_word' id='word_1_468' title='bbox 2324 2979 2582 3050; x_wconf 82' lang='lat' dir='ltr'><strong>paulatim</strong></span> <span class='ocrx_word' id='word_1_469' title='bbox 2637 2980 2942 3034; x_wconf 88' lang='lat' dir='ltr'><strong>desiturum</strong></span> <span class='ocrx_word' id='word_1_470' title='bbox 2992 2979 3351 3048; x_wconf 88' lang='lat' dir='ltr'><strong>respondeas,</strong></span> <span class='ocrx_word' id='word_1_471' title='bbox 3403 2994 3465 3033; x_wconf 91' lang='lat' dir='ltr'><strong>ac</strong></span> <span class='ocrx_word' id='word_1_472' title='bbox 3515 2979 3646 3034; x_wconf 87' lang='lat' dir='ltr'><strong>boni</strong></span> 
     </span>
    </p>
   </div>
   <div class='ocr_carea' id='block_1_64' title="bbox 2067 3071 3648 3142">
    <p class='ocr_par' dir='ltr' id='par_1_64' title="bbox 2067 3071 3648 3142">
     <span class='ocr_line' id='line_1_64' title="bbox 2067 3071 3648 3142; baseline -0.001 -16"><span class='ocrx_word' id='word_1_473' title='bbox 2067 3088 2199 3127; x_wconf 88' lang='lat' dir='ltr'><strong>cura</strong></span> <span class='ocrx_word' id='word_1_474' title='bbox 2253 3073 2546 3142; x_wconf 87' lang='lat' dir='ltr'><strong>studioque</strong></span> <span class='ocrx_word' id='word_1_475' title='bbox 2605 3071 2764 3128; x_wconf 83' lang='lat' dir='ltr'><strong>linem</strong></span> <span class='ocrx_word' id='word_1_476' title='bbox 2825 3073 3123 3142; x_wconf 89' lang='lat' dir='ltr'><strong>aliquando</strong></span> <span class='ocrx_word' id='word_1_477' title='bbox 3180 3079 3648 3140; x_wconf 86' lang='lat' dir='ltr'><strong>consecuturum;</strong></span> 
     </span>
    </p>
   </div>
   <div class='ocr_carea' id='block_1_65' title="bbox 1993 3155 3647 3231">
    <p class='ocr_par' dir='ltr' id='par_1_65' title="bbox 1993 3155 3647 3231">
     <span class='ocr_line' id='line_1_65' title="bbox 1993 3155 3647 3231; baseline -0.002 -15"><span class='ocrx_word' id='word_1_478' title='bbox 1993 3155 2039 3216; x_wconf 90' lang='lat' dir='ltr'><strong>C</strong></span> <span class='ocrx_word' id='word_1_479' title='bbox 2072 3176 2254 3216; x_wconf 91' lang='lat' dir='ltr'><strong>nonne</strong></span> <span class='ocrx_word' id='word_1_480' title='bbox 2285 3161 2420 3214; x_wconf 80' lang='lat' dir='ltr'><strong>illati</strong></span> <span class='ocrx_word' id='word_1_481' title='bbox 2455 3161 2638 3214; x_wconf 90' lang='lat' dir='ltr'><strong>damni</strong></span> <span class='ocrx_word' id='word_1_482' title='bbox 2679 3161 2893 3231; x_wconf 90' lang='lat' dir='ltr'><strong>culpam</strong></span> <span class='ocrx_word' id='word_1_483' title='bbox 2929 3162 3110 3216; x_wconf 89' lang='lat' dir='ltr'><strong>bonus</strong></span> <span class='ocrx_word' id='word_1_484' title='bbox 3155 3162 3258 3216; x_wconf 91' lang='lat' dir='ltr'><strong>iste</strong></span> <span class='ocrx_word' id='word_1_485' title='bbox 3309 3162 3603 3217; x_wconf 87' lang='lat' dir='ltr'><strong>sustinebit</strong></span> <span class='ocrx_word' id='word_1_486' title='bbox 3632 3177 3647 3213; x_wconf 87' lang='lat'><strong>:</strong></span> 
     </span>
    </p>
   </div>
   <div class='ocr_carea' id='block_1_66' title="bbox 393 3249 3653 3328">
    <p class='ocr_par' dir='ltr' id='par_1_66' title="bbox 393 3249 3653 3328">
     <span class='ocr_line' id='line_1_66' title="bbox 393 3249 3653 3328; baseline -0 -17"><span class='ocrx_word' id='word_1_487' title='bbox 393 3258 485 3328; x_wconf 92' lang='lat' dir='ltr'><strong>qui</strong></span> <span class='ocrx_word' id='word_1_488' title='bbox 533 3259 675 3328; x_wconf 88' lang='lat' dir='ltr'><strong>quod</strong></span> <span class='ocrx_word' id='word_1_489' title='bbox 724 3257 852 3312; x_wconf 88' lang='lat' dir='ltr'><strong>boni</strong></span> <span class='ocrx_word' id='word_1_490' title='bbox 906 3249 1105 3311; x_wconf 83' lang='lat' dir='ltr'><strong>fecisse</strong></span> <span class='ocrx_word' id='word_1_491' title='bbox 1149 3264 1338 3325; x_wconf 90' lang='lat' dir='ltr'><strong>postea</strong></span> <span class='ocrx_word' id='word_1_492' title='bbox 1383 3257 1534 3312; x_wconf 90' lang='lat' dir='ltr'><strong>visus</strong></span> <span class='ocrx_word' id='word_1_493' title='bbox 1578 3262 1683 3320; x_wconf 88' lang='lat' dir='ltr'><strong>est,</strong></span> <span class='ocrx_word' id='word_1_494' title='bbox 1726 3269 1838 3309; x_wconf 90' lang='lat' dir='ltr'><strong>non</strong></span> <span class='ocrx_word' id='word_1_495' title='bbox 1867 3254 1960 3308; x_wconf 91' lang='lat' dir='ltr'><strong>diu</strong></span> <span class='ocrx_word' id='word_1_496' title='bbox 1999 3266 2142 3317; x_wconf 85' lang='lat' dir='ltr'><strong>ante,</strong></span> <span class='ocrx_word' id='word_1_497' title='bbox 2200 3255 2446 3323; x_wconf 83' lang='lat' dir='ltr'><strong>adeoque</strong></span> <span class='ocrx_word' id='word_1_498' title='bbox 2485 3254 2640 3308; x_wconf 92' lang='lat' dir='ltr'><strong>initio</strong></span> <span class='ocrx_word' id='word_1_499' title='bbox 2680 3254 2991 3324; x_wconf 79' lang='lat' dir='ltr'><strong>perfecerit,</strong></span> <span class='ocrx_word' id='word_1_500' title='bbox 3049 3262 3342 3325; x_wconf 89' lang='lat' dir='ltr'><strong>antequam</strong></span> <span class='ocrx_word' id='word_1_501' title='bbox 3407 3255 3653 3325; x_wconf 85' lang='lat' dir='ltr'><strong>plerique</strong></span> 
     </span>
    </p>
   </div>
   <div class='ocr_carea' id='block_1_67' title="bbox 394 3344 2834 3420">
    <p class='ocr_par' dir='ltr' id='par_1_67' title="bbox 394 3344 2834 3420">
     <span class='ocr_line' id='line_1_67' title="bbox 394 3344 2834 3420; baseline -0.003 -15"><span class='ocrx_word' id='word_1_502' title='bbox 394 3351 652 3420; x_wconf 81' lang='lat' dir='ltr'><strong>injuriam</strong></span> <span class='ocrx_word' id='word_1_503' title='bbox 685 3349 1016 3418; x_wconf 87' lang='lat' dir='ltr'><strong>acciperent,</strong></span> <span class='ocrx_word' id='word_1_504' title='bbox 1048 3357 1097 3402; x_wconf 92' lang='lat' dir='ltr'><strong>et</strong></span> <span class='ocrx_word' id='word_1_505' title='bbox 1129 3348 1182 3401; x_wconf 92' lang='lat' dir='ltr'><strong>in</strong></span> <span class='ocrx_word' id='word_1_506' title='bbox 1204 3347 1403 3416; x_wconf 89' lang='lat' dir='ltr'><strong>judicis</strong></span> <span class='ocrx_word' id='word_1_507' title='bbox 1432 3357 1702 3418; x_wconf 88' lang='lat' dir='ltr'><strong>potestate</strong></span> <span class='ocrx_word' id='word_1_508' title='bbox 1733 3347 1961 3410; x_wconf 88' lang='lat' dir='ltr'><strong>detenti,</strong></span> <span class='ocrx_word' id='word_1_509' title='bbox 2003 3344 2266 3401; x_wconf 83' lang='lat' dir='ltr'><strong>inferiore</strong></span> <span class='ocrx_word' id='word_1_510' title='bbox 2301 3346 2420 3400; x_wconf 92' lang='lat' dir='ltr'><strong>loco</strong></span> <span class='ocrx_word' id='word_1_511' title='bbox 2454 3347 2834 3401; x_wconf 65' lang='lat' dir='ltr'><strong>remanerent-‘1</strong></span> 
     </span>
    </p>
   </div>
   <div class='ocr_carea' id='block_1_68' title="bbox 466 3437 1970 3510">
    <p class='ocr_par' dir='ltr' id='par_1_68' title="bbox 466 3437 1970 3510">
     <span class='ocr_line' id='line_1_68' title="bbox 466 3437 1970 3510; baseline -0.003 -16"><span class='ocrx_word' id='word_1_512' title='bbox 466 3438 548 3494; x_wconf 83' lang='lat' dir='ltr'><strong>H&#39;.</strong></span> <span class='ocrx_word' id='word_1_513' title='bbox 571 3440 738 3493; x_wconf 86' lang='grc' dir='ltr'>Πάλιν</span> <span class='ocrx_word' id='word_1_514' title='bbox 764 3439 820 3492; x_wconf 85' lang='grc' dir='ltr'><strong>δέ</strong></span> <span class='ocrx_word' id='word_1_515' title='bbox 845 3439 912 3492; x_wconf 85' lang='grc' dir='ltr'><strong>τά</strong></span> <span class='ocrx_word' id='word_1_516' title='bbox 943 3439 1042 3508; x_wconf 84' lang='grc' dir='ltr'>τῆς</span> <span class='ocrx_word' id='word_1_517' title='bbox 1073 3437 1224 3502; x_wconf 86' lang='grc' dir='ltr'>θείας</span> <span class='ocrx_word' id='word_1_518' title='bbox 1257 3440 1480 3510; x_wconf 79' lang='grc' dir='ltr'>Γραφῆς</span> <span class='ocrx_word' id='word_1_519' title='bbox 1506 3440 1606 3492; x_wconf 91' lang='grc' dir='ltr'><strong>οὑκ</strong></span> <span class='ocrx_word' id='word_1_520' title='bbox 1631 3438 1808 3510; x_wconf 83' lang='grc' dir='ltr'>ὀρθῶς</span> <span class='ocrx_word' id='word_1_521' title='bbox 1834 3437 1970 3493; x_wconf 88' lang='grc' dir='ltr'>νοῶν</span> 
     </span>
    </p>
   </div>
   <div class='ocr_carea' id='block_1_69' title="bbox 394 3527 1968 3606">
    <p class='ocr_par' dir='ltr' id='par_1_69' title="bbox 394 3527 1968 3606">
     <span class='ocr_line' id='line_1_69' title="bbox 394 3527 1968 3606; baseline -0.001 -21"><span class='ocrx_word' id='word_1_522' title='bbox 394 3533 682 3606; x_wconf 73' lang='grc' dir='ltr'>προφέρει,</span> <span class='ocrx_word' id='word_1_523' title='bbox 739 3532 832 3584; x_wconf 75' lang='grc' dir='ltr'><strong>καὶ</strong></span> <span class='ocrx_word' id='word_1_524' title='bbox 863 3531 988 3594; x_wconf 82' lang='grc' dir='ltr'>τοὺς</span> <span class='ocrx_word' id='word_1_525' title='bbox 1035 3531 1325 3601; x_wconf 85' lang='grc' dir='ltr'>ἀκεραίους</span> <span class='ocrx_word' id='word_1_526' title='bbox 1353 3527 1596 3601; x_wconf 79' lang='grc' dir='ltr'>ἐξαπατᾷ</span> <span class='ocrx_word' id='word_1_527' title='bbox 1633 3530 1968 3602; x_wconf 77' lang='grc' dir='ltr'>διαστρέφων</span> 
     </span>
    </p>
   </div>
   <div class='ocr_carea' id='block_1_70' title="bbox 392 3619 1964 3692">
    <p class='ocr_par' dir='ltr' id='par_1_70' title="bbox 392 3619 1964 3692">
     <span class='ocr_line' id='line_1_70' title="bbox 392 3619 1964 3692; baseline -0.003 -16"><span class='ocrx_word' id='word_1_528' title='bbox 392 3624 452 3676; x_wconf 73' lang='grc' dir='ltr'>τὸ</span> <span class='ocrx_word' id='word_1_529' title='bbox 484 3623 576 3676; x_wconf 89' lang='grc' dir='ltr'><strong>τοῦ</strong></span> <span class='ocrx_word' id='word_1_530' title='bbox 627 3621 947 3675; x_wconf 87' lang='grc' dir='ltr'>Ἀποστόλου</span> <span class='ocrx_word' id='word_1_531' title='bbox 1004 3621 1199 3692; x_wconf 76' lang='grc' dir='ltr'>ῥητὸν,</span> <span class='ocrx_word' id='word_1_532' title='bbox 1260 3620 1340 3672; x_wconf 86' lang='grc' dir='ltr'><strong>ὅτι</strong></span> <span class='ocrx_word' id='word_1_533' title='bbox 1389 3620 1644 3688; x_wconf 77' lang='grc' dir='ltr'>Χριστὸς</span> <span class='ocrx_word' id='word_1_534' title='bbox 1674 3619 1833 3688; x_wconf 71' lang='grc' dir='ltr'>ἡμᾶς</span> <span class='ocrx_word' id='word_1_535' title='bbox 1866 3620 1964 3684; x_wconf 83' lang='grc' dir='ltr'><strong>ἑξ-</strong></span> 
     </span>
    </p>
   </div>
   <div class='ocr_carea' id='block_1_71' title="bbox 394 3710 1967 3785">
    <p class='ocr_par' dir='ltr' id='par_1_71' title="bbox 394 3710 1967 3785">
     <span class='ocr_line' id='line_1_71' title="bbox 394 3710 1967 3785; baseline -0.001 -18"><span class='ocrx_word' id='word_1_536' title='bbox 394 3715 695 3785; x_wconf 62' lang='grc' dir='ltr'>ηγύρασεν</span> <span class='ocrx_word' id='word_1_537' title='bbox 724 3713 792 3767; x_wconf 81' lang='grc' dir='ltr'>ἐκ</span> <span class='ocrx_word' id='word_1_538' title='bbox 825 3711 933 3780; x_wconf 82' lang='grc' dir='ltr'>τῆς</span> <span class='ocrx_word' id='word_1_539' title='bbox 964 3710 1222 3780; x_wconf 82' lang='grc' dir='ltr'>κατάρας</span> <span class='ocrx_word' id='word_1_540' title='bbox 1255 3711 1361 3764; x_wconf 83' lang='grc' dir='ltr'><strong>τοῦ</strong></span> <span class='ocrx_word' id='word_1_541' title='bbox 1401 3711 1610 3779; x_wconf 80' lang='grc' dir='ltr'>νόμου,</span> <span class='ocrx_word' id='word_1_542' title='bbox 1649 3713 1967 3781; x_wconf 77' lang='grc' dir='ltr'>γενόμενος</span> 
     </span>
    </p>
   </div>
   <div class='ocr_carea' id='block_1_72' title="bbox 393 3798 1964 3875">
    <p class='ocr_par' dir='ltr' id='par_1_72' title="bbox 393 3798 1964 3875">
     <span class='ocr_line' id='line_1_72' title="bbox 393 3798 1964 3875; baseline -0.004 -15"><span class='ocrx_word' id='word_1_543' title='bbox 393 3806 545 3875; x_wconf 83' lang='grc' dir='ltr'>ὑπὲρ</span> <span class='ocrx_word' id='word_1_544' title='bbox 574 3804 744 3875; x_wconf 69' lang='grc' dir='ltr'>ἡμῶν</span> <span class='ocrx_word' id='word_1_545' title='bbox 772 3804 1017 3872; x_wconf 81' lang='grc' dir='ltr'>κατάρα.</span> <span class='ocrx_word' id='word_1_546' title='bbox 1043 3803 1152 3856; x_wconf 84' lang='grc' dir='ltr'><strong>Καί</strong></span> <span class='ocrx_word' id='word_1_547' title='bbox 1181 3819 1375 3873; x_wconf 70' lang='grc' dir='ltr'>φησιν·</span> <span class='ocrx_word' id='word_1_548' title='bbox 1395 3803 1459 3854; x_wconf 86' lang='grc' dir='ltr'><strong>Εἰ</strong></span> <span class='ocrx_word' id='word_1_549' title='bbox 1486 3798 1626 3872; x_wconf 80' lang='grc' dir='ltr'>ἦμεν</span> <span class='ocrx_word' id='word_1_550' title='bbox 1661 3801 1847 3864; x_wconf 89' lang='grc' dir='ltr'>αὑτοῦ,</span> <span class='ocrx_word' id='word_1_551' title='bbox 1865 3803 1964 3854; x_wconf 88' lang='grc' dir='ltr'><strong>οὑκ</strong></span> 
     </span>
    </p>
   </div>
   <div class='ocr_carea' id='block_1_73' title="bbox 393 3890 1966 3965">
    <p class='ocr_par' dir='ltr' id='par_1_73' title="bbox 393 3890 1966 3965">
     <span class='ocr_line' id='line_1_73' title="bbox 393 3890 1966 3965; baseline -0.003 -17"><span class='ocrx_word' id='word_1_552' title='bbox 393 3895 461 3949; x_wconf 84' lang='grc' dir='ltr'>ἂν</span> <span class='ocrx_word' id='word_1_553' title='bbox 507 3895 568 3947; x_wconf 85' lang='grc' dir='ltr'>τὸ</span> <span class='ocrx_word' id='word_1_554' title='bbox 600 3892 790 3948; x_wconf 89' lang='grc' dir='ltr'>ἐαυτοῦ</span> <span class='ocrx_word' id='word_1_555' title='bbox 843 3893 1133 3965; x_wconf 78' lang='grc' dir='ltr'>ἠγόραζεν.</span> <span class='ocrx_word' id='word_1_556' title='bbox 1179 3891 1479 3962; x_wconf 84' lang='grc' dir='ltr'>Ἀγοράσας</span> <span class='ocrx_word' id='word_1_557' title='bbox 1502 3891 1558 3943; x_wconf 86' lang='grc' dir='ltr'><strong>δὲ</strong></span> <span class='ocrx_word' id='word_1_558' title='bbox 1583 3892 1661 3954; x_wconf 88' lang='grc' dir='ltr'><strong>είς</strong></span> <span class='ocrx_word' id='word_1_559' title='bbox 1690 3890 1966 3961; x_wconf 82' lang='grc' dir='ltr'>ἀλλότριον</span> 
     </span>
    </p>
   </div>
   <div class='ocr_carea' id='block_1_74' title="bbox 394 3979 1962 4058">
    <p class='ocr_par' dir='ltr' id='par_1_74' title="bbox 394 3979 1962 4058">
     <span class='ocr_line' id='line_1_74' title="bbox 394 3979 1962 4058; baseline -0.003 -19"><span class='ocrx_word' id='word_1_560' title='bbox 394 3988 594 4057; x_wconf 86' lang='grc' dir='ltr'>κόσμον</span> <span class='ocrx_word' id='word_1_561' title='bbox 626 3983 789 4058; x_wconf 78' lang='grc' dir='ltr'>ἦλθεν</span> <span class='ocrx_word' id='word_1_562' title='bbox 814 3987 959 4056; x_wconf 79' lang='grc' dir='ltr'>ἡμᾶς</span> <span class='ocrx_word' id='word_1_563' title='bbox 1000 3985 1266 4056; x_wconf 86' lang='grc' dir='ltr'>ἀγοράσαι</span> <span class='ocrx_word' id='word_1_564' title='bbox 1301 3982 1428 4045; x_wconf 77' lang='grc' dir='ltr'>τοὺς</span> <span class='ocrx_word' id='word_1_565' title='bbox 1461 3982 1560 4034; x_wconf 88' lang='grc' dir='ltr'><strong>οὑκ</strong></span> <span class='ocrx_word' id='word_1_566' title='bbox 1588 3980 1746 4043; x_wconf 77' lang='grc' dir='ltr'>ὄντας</span> <span class='ocrx_word' id='word_1_567' title='bbox 1775 3979 1962 4035; x_wconf 88' lang='grc' dir='ltr'>αὑτοῦ.</span> 
     </span>
    </p>
   </div>
   <div class='ocr_carea' id='block_1_75' title="bbox 393 4071 1972 4149">
    <p class='ocr_par' dir='ltr' id='par_1_75' title="bbox 393 4071 1972 4149">
     <span class='ocr_line' id='line_1_75' title="bbox 393 4071 1972 4149; baseline -0.004 -18"><span class='ocrx_word' id='word_1_568' title='bbox 393 4079 609 4149; x_wconf 82' lang='grc' dir='ltr'>Ποίημα</span> <span class='ocrx_word' id='word_1_569' title='bbox 634 4077 741 4148; x_wconf 86' lang='grc' dir='ltr'><strong>γάρ</strong></span> <span class='ocrx_word' id='word_1_570' title='bbox 769 4073 908 4147; x_wconf 81' lang='grc' dir='ltr'>ἦμεν</span> <span class='ocrx_word' id='word_1_571' title='bbox 924 4075 1145 4146; x_wconf 61' lang='grc' dir='ltr'>Ἑτέρου,</span> <span class='ocrx_word' id='word_1_572' title='bbox 1181 4075 1274 4128; x_wconf 73' lang='grc' dir='ltr'><strong>καὶ</strong></span> <span class='ocrx_word' id='word_1_573' title='bbox 1303 4073 1390 4126; x_wconf 81' lang='grc' dir='ltr'>διὰ</span> <span class='ocrx_word' id='word_1_574' title='bbox 1427 4071 1582 4124; x_wconf 90' lang='grc' dir='ltr'>τοῦτο</span> <span class='ocrx_word' id='word_1_575' title='bbox 1614 4073 1762 4142; x_wconf 78' lang='grc' dir='ltr'>ἡμᾶς</span> <span class='ocrx_word' id='word_1_576' title='bbox 1792 4073 1972 4137; x_wconf 84' lang='grc' dir='ltr'>αὑτὸς,</span> 
     </span>
    </p>
   </div>
   <div class='ocr_carea' id='block_1_76' title="bbox 393 4162 1971 4239">
    <p class='ocr_par' dir='ltr' id='par_1_76' title="bbox 393 4162 1971 4239">
     <span class='ocr_line' id='line_1_76' title="bbox 393 4162 1971 4239; baseline -0.001 -20"><span class='ocrx_word' id='word_1_577' title='bbox 393 4167 660 4239; x_wconf 73' lang='grc' dir='ltr'>ἠγόραζεν</span> <span class='ocrx_word' id='word_1_578' title='bbox 720 4167 795 4230; x_wconf 84' lang='grc' dir='ltr'><strong>είς</strong></span> <span class='ocrx_word' id='word_1_579' title='bbox 850 4166 945 4237; x_wconf 81' lang='grc' dir='ltr'><strong>τὴν</strong></span> <span class='ocrx_word' id='word_1_580' title='bbox 1002 4162 1195 4218; x_wconf 86' lang='grc' dir='ltr'>ἐαυτοῦ</span> <span class='ocrx_word' id='word_1_581' title='bbox 1237 4163 1402 4234; x_wconf 77' lang='grc' dir='ltr'>ζωήν.</span> <span class='ocrx_word' id='word_1_582' title='bbox 1439 4164 1649 4232; x_wconf 83' lang='grc' dir='ltr'>Ἀγνοεῖ</span> <span class='ocrx_word' id='word_1_583' title='bbox 1679 4164 1734 4216; x_wconf 82' lang='grc' dir='ltr'>δὲ</span> <span class='ocrx_word' id='word_1_584' title='bbox 1770 4164 1904 4227; x_wconf 81' lang='grc' dir='ltr'>ὅλως</span> <span class='ocrx_word' id='word_1_585' title='bbox 1943 4165 1971 4217; x_wconf 92' lang='lat'><strong>6</strong></span> 
     </span>
    </p>
   </div>
   <div class='ocr_carea' id='block_1_77' title="bbox 392 4256 1968 4331">
    <p class='ocr_par' dir='ltr' id='par_1_77' title="bbox 392 4256 1968 4331">
     <span class='ocr_line' id='line_1_77' title="bbox 392 4256 1968 4331; baseline -0.003 -18"><span class='ocrx_word' id='word_1_586' title='bbox 392 4261 600 4331; x_wconf 66' lang='grc' dir='ltr'>ἠλίθιος</span> <span class='ocrx_word' id='word_1_587' title='bbox 617 4300 629 4324; x_wconf 95' lang='grc'><strong>,</strong></span> <span class='ocrx_word' id='word_1_588' title='bbox 657 4261 739 4312; x_wconf 86' lang='grc' dir='ltr'>ὃτι</span> <span class='ocrx_word' id='word_1_589' title='bbox 760 4258 882 4312; x_wconf 83' lang='grc' dir='ltr'>οὑτε</span> <span class='ocrx_word' id='word_1_590' title='bbox 905 4257 1135 4330; x_wconf 82' lang='grc' dir='ltr'>Χριστὸς</span> <span class='ocrx_word' id='word_1_591' title='bbox 1151 4259 1394 4328; x_wconf 84' lang='grc' dir='ltr'>κατάραν</span> <span class='ocrx_word' id='word_1_592' title='bbox 1419 4256 1518 4327; x_wconf 83' lang='grc' dir='ltr'>τὴν</span> <span class='ocrx_word' id='word_1_593' title='bbox 1549 4257 1636 4310; x_wconf 89' lang='grc' dir='ltr'><strong>διά</strong></span> <span class='ocrx_word' id='word_1_594' title='bbox 1655 4260 1754 4326; x_wconf 78' lang='grc' dir='ltr'>τῆς</span> <span class='ocrx_word' id='word_1_595' title='bbox 1785 4259 1968 4328; x_wconf 84' lang='grc' dir='ltr'>ἀμαρ-</span> 
     </span>
    </p>
   </div>
   <div class='ocr_carea' id='block_1_78' title="bbox 393 4347 1968 4422">
    <p class='ocr_par' dir='ltr' id='par_1_78' title="bbox 393 4347 1968 4422">
     <span class='ocr_line' id='line_1_78' title="bbox 393 4347 1968 4422; baseline -0.003 -17"><span class='ocrx_word' id='word_1_596' title='bbox 393 4353 512 4416; x_wconf 88' lang='grc' dir='ltr'>τίας</span> <span class='ocrx_word' id='word_1_597' title='bbox 578 4352 728 4422; x_wconf 81' lang='grc' dir='ltr'>ήμῶν</span> <span class='ocrx_word' id='word_1_598' title='bbox 758 4350 994 4419; x_wconf 80' lang='grc' dir='ltr'>ἀφεῖλεν,</span> <span class='ocrx_word' id='word_1_599' title='bbox 1053 4349 1240 4402; x_wconf 83' lang='grc' dir='ltr'>ἑαυτὸν</span> <span class='ocrx_word' id='word_1_600' title='bbox 1299 4348 1640 4420; x_wconf 85' lang='grc' dir='ltr'>σταυρώσας,</span> <span class='ocrx_word' id='word_1_601' title='bbox 1683 4349 1776 4402; x_wconf 77' lang='grc' dir='ltr'><strong>καὶ</strong></span> <span class='ocrx_word' id='word_1_602' title='bbox 1817 4347 1968 4416; x_wconf 87' lang='grc' dir='ltr'>γενό-</span> 
     </span>
    </p>
   </div>
   <div class='ocr_carea' id='block_1_79' title="bbox 399 4439 1968 4512">
    <p class='ocr_par' dir='ltr' id='par_1_79' title="bbox 399 4439 1968 4512">
     <span class='ocr_line' id='line_1_79' title="bbox 399 4439 1968 4512; baseline -0.001 -18"><span class='ocrx_word' id='word_1_603' title='bbox 399 4459 557 4512; x_wconf 88' lang='grc' dir='ltr'>μενος</span> <span class='ocrx_word' id='word_1_604' title='bbox 602 4442 828 4504; x_wconf 87' lang='grc' dir='ltr'>θάνατος</span> <span class='ocrx_word' id='word_1_605' title='bbox 866 4441 1079 4510; x_wconf 85' lang='grc' dir='ltr'>θανάτῳ</span> <span class='ocrx_word' id='word_1_606' title='bbox 1109 4439 1197 4493; x_wconf 77' lang='grc' dir='ltr'><strong>διὰ</strong></span> <span class='ocrx_word' id='word_1_607' title='bbox 1232 4439 1331 4504; x_wconf 84' lang='grc' dir='ltr'>τὰς</span> <span class='ocrx_word' id='word_1_608' title='bbox 1363 4440 1635 4510; x_wconf 87' lang='grc' dir='ltr'>ἁμαρτίας</span> <span class='ocrx_word' id='word_1_609' title='bbox 1662 4439 1840 4511; x_wconf 85' lang='grc' dir='ltr'>ήμῶν,</span> <span class='ocrx_word' id='word_1_610' title='bbox 1872 4439 1968 4493; x_wconf 74' lang='grc' dir='ltr'>καὶ</span> 
     </span>
    </p>
   </div>
   <div class='ocr_carea' id='block_1_80' title="bbox 2154 3433 3652 3507">
    <p class='ocr_par' dir='ltr' id='par_1_80' title="bbox 2154 3433 3652 3507">
     <span class='ocr_line' id='line_1_80' title="bbox 2154 3433 3652 3507; baseline 0.003 -19"><span class='ocrx_word' id='word_1_611' title='bbox 2154 3433 2287 3489; x_wconf 82' lang='lat' dir='ltr'><strong>Vlll.</strong></span> <span class='ocrx_word' id='word_1_612' title='bbox 2323 3434 2444 3489; x_wconf 88' lang='lat' dir='ltr'><strong>Jam</strong></span> <span class='ocrx_word' id='word_1_613' title='bbox 2501 3437 2649 3504; x_wconf 90' lang='lat' dir='ltr'><strong>quod</strong></span> <span class='ocrx_word' id='word_1_614' title='bbox 2699 3452 2730 3491; x_wconf 90' lang='lat' dir='ltr'><strong>e</strong></span> <span class='ocrx_word' id='word_1_615' title='bbox 2780 3436 2955 3492; x_wconf 87' lang='lat' dir='ltr'><strong>sacris</strong></span> <span class='ocrx_word' id='word_1_616' title='bbox 3013 3435 3394 3507; x_wconf 86' lang='lat' dir='ltr'><strong>depromptum</strong></span> <span class='ocrx_word' id='word_1_617' title='bbox 3430 3434 3652 3492; x_wconf 87' lang='lat' dir='ltr'><strong>Litteris</strong></span> 
     </span>
    </p>
   </div>
   <div class='ocr_carea' id='block_1_81' title="bbox 2075 3526 3654 3598">
    <p class='ocr_par' dir='ltr' id='par_1_81' title="bbox 2075 3526 3654 3598">
     <span class='ocr_line' id='line_1_81' title="bbox 2075 3526 3654 3598; baseline 0.001 -18"><span class='ocrx_word' id='word_1_618' title='bbox 2075 3526 2251 3591; x_wconf 75' lang='lat' dir='ltr'><strong>affert,</strong></span> <span class='ocrx_word' id='word_1_619' title='bbox 2283 3543 2347 3583; x_wconf 93' lang='lat' dir='ltr'><strong>eo</strong></span> <span class='ocrx_word' id='word_1_620' title='bbox 2381 3543 2670 3598; x_wconf 89' lang='lat' dir='ltr'><strong>perperam</strong></span> <span class='ocrx_word' id='word_1_621' title='bbox 2707 3527 3010 3595; x_wconf 90' lang='lat' dir='ltr'><strong>intellecto,</strong></span> <span class='ocrx_word' id='word_1_622' title='bbox 3052 3536 3216 3598; x_wconf 92' lang='lat' dir='ltr'><strong>atque</strong></span> <span class='ocrx_word' id='word_1_623' title='bbox 3265 3527 3511 3597; x_wconf 89' lang='lat' dir='ltr'><strong>Apostoli</strong></span> <span class='ocrx_word' id='word_1_624' title='bbox 3559 3527 3654 3582; x_wconf 92' lang='lat' dir='ltr'><strong>de-</strong></span> 
     </span>
    </p>
   </div>
   <div class='ocr_carea' id='block_1_82' title="bbox 2072 3619 3653 3690">
    <p class='ocr_par' dir='ltr' id='par_1_82' title="bbox 2072 3619 3653 3690">
     <span class='ocr_line' id='line_1_82' title="bbox 2072 3619 3653 3690; baseline -0.001 -15"><span class='ocrx_word' id='word_1_625' title='bbox 2072 3630 2298 3690; x_wconf 87' lang='lat' dir='ltr'><strong>pravata</strong></span> <span class='ocrx_word' id='word_1_626' title='bbox 2339 3623 2632 3686; x_wconf 89' lang='lat' dir='ltr'><strong>sententia,</strong></span> <span class='ocrx_word' id='word_1_627' title='bbox 2678 3619 2996 3680; x_wconf 88' lang='lat' dir='ltr'><strong>rudioribus</strong></span> <span class='ocrx_word' id='word_1_628' title='bbox 3031 3619 3217 3673; x_wconf 77' lang='lat' dir='ltr'><strong>fucum</strong></span> <span class='ocrx_word' id='word_1_629' title='bbox 3256 3619 3447 3689; x_wconf 81' lang='lat' dir='ltr'><strong>objicit</strong></span> <span class='ocrx_word' id='word_1_630' title='bbox 3481 3638 3494 3673; x_wconf 91' lang='lat'><strong>:</strong></span> <span class='ocrx_word' id='word_1_631' title='bbox 3527 3635 3653 3673; x_wconf 89' lang='lat' dir='ltr'><strong>cum</strong></span> 
     </span>
    </p>
   </div>
   <div class='ocr_carea' id='block_1_83' title="bbox 2071 3707 3652 3783">
    <p class='ocr_par' dir='ltr' id='par_1_83' title="bbox 2071 3707 3652 3783">
     <span class='ocr_line' id='line_1_83' title="bbox 2071 3707 3652 3783; baseline -0.003 -17"><span class='ocrx_word' id='word_1_632' title='bbox 2071 3714 2144 3766; x_wconf 90' lang='lat' dir='ltr'><strong>ita</strong></span> <span class='ocrx_word' id='word_1_633' title='bbox 2186 3713 2434 3783; x_wconf 89' lang='lat' dir='ltr'><strong>loquitur</strong></span> <span class='ocrx_word' id='word_1_634' title='bbox 2479 3712 2777 3782; x_wconf 84' lang='lat' dir='ltr'><strong>Apostolus</strong></span> <span class='ocrx_word' id='word_1_635' title='bbox 2813 3730 2826 3764; x_wconf 89' lang='lat'><strong>:</strong></span> <span class='ocrx_word' id='word_1_636' title='bbox 2867 3710 3110 3765; x_wconf 77' lang='lat' dir='ltr'><strong>Christus</strong></span> <span class='ocrx_word' id='word_1_637' title='bbox 3158 3726 3252 3762; x_wconf 83' lang='lat' dir='ltr'><strong>nos</strong></span> <span class='ocrx_word' id='word_1_638' title='bbox 3298 3725 3330 3761; x_wconf 91' lang='lat' dir='ltr'><strong>a</strong></span> <span class='ocrx_word' id='word_1_639' title='bbox 3373 3707 3652 3762; x_wconf 85' lang='lat' dir='ltr'><strong>maledicto</strong></span> 
     </span>
    </p>
   </div>
   <div class='ocr_carea' id='block_1_84' title="bbox 2070 3798 3654 3871">
    <p class='ocr_par' dir='ltr' id='par_1_84' title="bbox 2070 3798 3654 3871">
     <span class='ocr_line' id='line_1_84' title="bbox 2070 3798 3654 3871; baseline -0.003 -15"><span class='ocrx_word' id='word_1_640' title='bbox 2070 3802 2308 3867; x_wconf 79' lang='lat' dir='ltr'><strong>redemit,</strong></span> <span class='ocrx_word' id='word_1_641' title='bbox 2333 3818 2428 3870; x_wconf 87' lang='lat' dir='ltr'><strong>pro</strong></span> <span class='ocrx_word' id='word_1_642' title='bbox 2456 3802 2604 3855; x_wconf 83' lang='lat' dir='ltr'><strong>nobis</strong></span> <span class='ocrx_word' id='word_1_643' title='bbox 2632 3803 2806 3871; x_wconf 79' lang='lat' dir='ltr'><strong>factus</strong></span> <span class='ocrx_word' id='word_1_644' title='bbox 2839 3799 3239 3853; x_wconf 74' lang='lat' dir='ltr'><strong>maledictum&quot;.</strong></span> <span class='ocrx_word' id='word_1_645' title='bbox 3271 3799 3346 3852; x_wconf 80' lang='lat' dir='ltr'><strong>Ex</strong></span> <span class='ocrx_word' id='word_1_646' title='bbox 3376 3813 3483 3867; x_wconf 90' lang='lat' dir='ltr'><strong>quo</strong></span> <span class='ocrx_word' id='word_1_647' title='bbox 3508 3798 3654 3852; x_wconf 85' lang='lat' dir='ltr'><strong>istud</strong></span> 
     </span>
    </p>
   </div>
   <div class='ocr_carea' id='block_1_85' title="bbox 2072 3886 3652 3962">
    <p class='ocr_par' dir='ltr' id='par_1_85' title="bbox 2072 3886 3652 3962">
     <span class='ocr_line' id='line_1_85' title="bbox 2072 3886 3652 3962; baseline -0.005 -15"><span class='ocrx_word' id='word_1_648' title='bbox 2072 3894 2307 3962; x_wconf 80' lang='lat' dir='ltr'><strong>colligit;</strong></span> <span class='ocrx_word' id='word_1_649' title='bbox 2345 3892 2392 3948; x_wconf 90' lang='lat' dir='ltr'><strong>si</strong></span> <span class='ocrx_word' id='word_1_650' title='bbox 2425 3893 2598 3962; x_wconf 90' lang='lat' dir='ltr'><strong>ipsius</strong></span> <span class='ocrx_word' id='word_1_651' title='bbox 2651 3905 2922 3953; x_wconf 89' lang='lat' dir='ltr'><strong>essemus,</strong></span> <span class='ocrx_word' id='word_1_652' title='bbox 2973 3904 3081 3942; x_wconf 90' lang='lat' dir='ltr'><strong>non</strong></span> <span class='ocrx_word' id='word_1_653' title='bbox 3130 3889 3318 3957; x_wconf 90' lang='lat' dir='ltr'><strong>utique</strong></span> <span class='ocrx_word' id='word_1_654' title='bbox 3358 3886 3504 3956; x_wconf 85' lang='lat' dir='ltr'><strong>quod</strong></span> <span class='ocrx_word' id='word_1_655' title='bbox 3539 3886 3652 3955; x_wconf 89' lang='lat' dir='ltr'><strong>jam</strong></span> 
     </span>
    </p>
   </div>
   <div class='ocr_carea' id='block_1_86' title="bbox 2071 3977 3654 4050">
    <p class='ocr_par' dir='ltr' id='par_1_86' title="bbox 2071 3977 3654 4050">
     <span class='ocr_line' id='line_1_86' title="bbox 2071 3977 3654 4050; baseline -0.004 -12"><span class='ocrx_word' id='word_1_656' title='bbox 2071 3999 2232 4039; x_wconf 84' lang='lat' dir='ltr'><strong>suum</strong></span> <span class='ocrx_word' id='word_1_657' title='bbox 2263 3991 2382 4039; x_wconf 91' lang='lat' dir='ltr'><strong>erat</strong></span> <span class='ocrx_word' id='word_1_658' title='bbox 2412 3981 2824 4050; x_wconf 88' lang='lat' dir='ltr'><strong>redempturum</strong></span> <span class='ocrx_word' id='word_1_659' title='bbox 2866 3979 3057 4035; x_wconf 83' lang='lat' dir='ltr'><strong>fuisse.</strong></span> <span class='ocrx_word' id='word_1_660' title='bbox 3105 3977 3240 4032; x_wconf 89' lang='lat' dir='ltr'><strong>Cum</strong></span> <span class='ocrx_word' id='word_1_661' title='bbox 3285 3979 3454 4048; x_wconf 82' lang='lat' dir='ltr'><strong>igitur</strong></span> <span class='ocrx_word' id='word_1_662' title='bbox 3493 3979 3654 4032; x_wconf 85' lang='lat' dir='ltr'><strong>rede-</strong></span> 
     </span>
    </p>
   </div>
   <div class='ocr_carea' id='block_1_87' title="bbox 2067 4071 3652 4141">
    <p class='ocr_par' dir='ltr' id='par_1_87' title="bbox 2067 4071 3652 4141">
     <span class='ocr_line' id='line_1_87' title="bbox 2067 4071 3652 4141; baseline -0.003 -10"><span class='ocrx_word' id='word_1_663' title='bbox 2067 4078 2235 4133; x_wconf 91' lang='lat' dir='ltr'><strong>misse</strong></span> <span class='ocrx_word' id='word_1_664' title='bbox 2265 4077 2502 4141; x_wconf 82' lang='lat' dir='ltr'><strong>dicatur,</strong></span> <span class='ocrx_word' id='word_1_665' title='bbox 2533 4088 2762 4128; x_wconf 89' lang='lat' dir='ltr'><strong>necesse</strong></span> <span class='ocrx_word' id='word_1_666' title='bbox 2791 4081 2877 4127; x_wconf 90' lang='lat' dir='ltr'><strong>est</strong></span> <span class='ocrx_word' id='word_1_667' title='bbox 2902 4073 3138 4126; x_wconf 90' lang='lat' dir='ltr'><strong>alienum</strong></span> <span class='ocrx_word' id='word_1_668' title='bbox 3172 4071 3228 4125; x_wconf 91' lang='lat' dir='ltr'><strong>in</strong></span> <span class='ocrx_word' id='word_1_669' title='bbox 3260 4071 3526 4124; x_wconf 89' lang='lat' dir='ltr'><strong>mttndutn</strong></span> <span class='ocrx_word' id='word_1_670' title='bbox 3557 4086 3652 4141; x_wconf 84' lang='lat' dir='ltr'><strong>pe-</strong></span> 
     </span>
    </p>
   </div>
   <div class='ocr_carea' id='block_1_88' title="bbox 2075 4160 3654 4238">
    <p class='ocr_par' dir='ltr' id='par_1_88' title="bbox 2075 4160 3654 4238">
     <span class='ocr_line' id='line_1_88' title="bbox 2075 4160 3654 4238; baseline -0.006 -15"><span class='ocrx_word' id='word_1_671' title='bbox 2075 4169 2196 4223; x_wconf 92' lang='lat' dir='ltr'><strong>dem</strong></span> <span class='ocrx_word' id='word_1_672' title='bbox 2226 4167 2498 4238; x_wconf 86' lang='lat' dir='ltr'><strong>posuisse,</strong></span> <span class='ocrx_word' id='word_1_673' title='bbox 2531 4172 2592 4218; x_wconf 89' lang='lat' dir='ltr'><strong>ut</strong></span> <span class='ocrx_word' id='word_1_674' title='bbox 2625 4179 2726 4220; x_wconf 90' lang='lat' dir='ltr'><strong>nos</strong></span> <span class='ocrx_word' id='word_1_675' title='bbox 2757 4165 2849 4233; x_wconf 91' lang='lat' dir='ltr'><strong>qui</strong></span> <span class='ocrx_word' id='word_1_676' title='bbox 2882 4163 3025 4217; x_wconf 86' lang='lat' dir='ltr'><strong>illius</strong></span> <span class='ocrx_word' id='word_1_677' title='bbox 3057 4177 3167 4215; x_wconf 89' lang='lat' dir='ltr'><strong>non</strong></span> <span class='ocrx_word' id='word_1_678' title='bbox 3201 4177 3469 4228; x_wconf 84' lang='lat' dir='ltr'><strong>essemus,</strong></span> <span class='ocrx_word' id='word_1_679' title='bbox 3509 4160 3654 4216; x_wconf 88' lang='lat' dir='ltr'><strong>redi-</strong></span> 
     </span>
    </p>
   </div>
   <div class='ocr_carea' id='block_1_89' title="bbox 2075 4254 3657 4329">
    <p class='ocr_par' dir='ltr' id='par_1_89' title="bbox 2075 4254 3657 4329">
     <span class='ocr_line' id='line_1_89' title="bbox 2075 4254 3657 4329; baseline -0.004 -15"><span class='ocrx_word' id='word_1_680' title='bbox 2075 4267 2266 4315; x_wconf 89' lang='lat' dir='ltr'><strong>meret.</strong></span> <span class='ocrx_word' id='word_1_681' title='bbox 2309 4257 2460 4329; x_wconf 89' lang='lat' dir='ltr'><strong>Opus</strong></span> <span class='ocrx_word' id='word_1_682' title='bbox 2510 4257 2655 4312; x_wconf 90' lang='lat' dir='ltr'><strong>enim</strong></span> <span class='ocrx_word' id='word_1_683' title='bbox 2705 4271 2930 4311; x_wconf 88' lang='lat' dir='ltr'><strong>eramus</strong></span> <span class='ocrx_word' id='word_1_684' title='bbox 2983 4255 3233 4319; x_wconf 90' lang='lat' dir='ltr'><strong>alterius,</strong></span> <span class='ocrx_word' id='word_1_685' title='bbox 3288 4254 3520 4324; x_wconf 89' lang='lat' dir='ltr'><strong>ideoque</strong></span> <span class='ocrx_word' id='word_1_686' title='bbox 3553 4266 3657 4308; x_wconf 88' lang='lat' dir='ltr'><strong>nos</strong></span> 
     </span>
    </p>
   </div>
   <div class='ocr_carea' id='block_1_90' title="bbox 2072 4343 3658 4418">
    <p class='ocr_par' dir='ltr' id='par_1_90' title="bbox 2072 4343 3658 4418">
     <span class='ocr_line' id='line_1_90' title="bbox 2072 4343 3658 4418; baseline -0.006 -12"><span class='ocrx_word' id='word_1_687' title='bbox 2072 4351 2238 4406; x_wconf 81' lang='lat' dir='ltr'><strong>vitam</strong></span> <span class='ocrx_word' id='word_1_688' title='bbox 2264 4351 2329 4404; x_wconf 92' lang='lat' dir='ltr'><strong>ad</strong></span> <span class='ocrx_word' id='word_1_689' title='bbox 2352 4363 2504 4405; x_wconf 88' lang='lat' dir='ltr'><strong>suam</strong></span> <span class='ocrx_word' id='word_1_690' title='bbox 2525 4347 2980 4418; x_wconf 87' lang='lat' dir='ltr'><strong>transportandos</strong></span> <span class='ocrx_word' id='word_1_691' title='bbox 3011 4346 3259 4402; x_wconf 91' lang='lat' dir='ltr'><strong>redemit.</strong></span> <span class='ocrx_word' id='word_1_692' title='bbox 3293 4343 3492 4400; x_wconf 84' lang='lat' dir='ltr'><strong>Verum</strong></span> <span class='ocrx_word' id='word_1_693' title='bbox 3523 4343 3658 4398; x_wconf 87' lang='lat' dir='ltr'><strong>illttd</strong></span> 
     </span>
    </p>
   </div>
   <div class='ocr_carea' id='block_1_91' title="bbox 2071 4436 3660 4509">
    <p class='ocr_par' dir='ltr' id='par_1_91' title="bbox 2071 4436 3660 4509">
     <span class='ocr_line' id='line_1_91' title="bbox 2071 4436 3660 4509; baseline -0.004 -12"><span class='ocrx_word' id='word_1_694' title='bbox 2071 4443 2355 4497; x_wconf 90' lang='lat' dir='ltr'><strong>hominum</strong></span> <span class='ocrx_word' id='word_1_695' title='bbox 2404 4440 2800 4496; x_wconf 77' lang='lat' dir='ltr'><strong>stolidissimos</strong></span> <span class='ocrx_word' id='word_1_696' title='bbox 2847 4439 3084 4509; x_wconf 89' lang='lat' dir='ltr'><strong>ignorat,</strong></span> <span class='ocrx_word' id='word_1_697' title='bbox 3126 4453 3470 4509; x_wconf 90' lang='lat' dir='ltr'><strong>nequaquam</strong></span> <span class='ocrx_word' id='word_1_698' title='bbox 3502 4436 3660 4491; x_wconf 86' lang='lat' dir='ltr'><strong>Chri-</strong></span> 
     </span>
    </p>
   </div>
   <div class='ocr_carea' id='block_1_92' title="bbox 395 4529 1964 4602">
    <p class='ocr_par' dir='ltr' id='par_1_92' title="bbox 395 4529 1964 4602">
     <span class='ocr_line' id='line_1_92' title="bbox 395 4529 1964 4602; baseline 0.001 -19"><span class='ocrx_word' id='word_1_699' title='bbox 395 4531 609 4602; x_wconf 89' lang='grc' dir='ltr'>κατάρα</span> <span class='ocrx_word' id='word_1_700' title='bbox 660 4530 824 4593; x_wconf 80' lang='grc' dir='ltr'>αὑτὸς</span> <span class='ocrx_word' id='word_1_701' title='bbox 868 4532 933 4600; x_wconf 81' lang='grc' dir='ltr'><strong>τῇ</strong></span> <span class='ocrx_word' id='word_1_702' title='bbox 978 4530 1192 4600; x_wconf 78' lang='grc' dir='ltr'>κατάρᾳ</span> <span class='ocrx_word' id='word_1_703' title='bbox 1241 4530 1549 4599; x_wconf 83' lang='grc' dir='ltr'>γενόμενος.</span> <span class='ocrx_word' id='word_1_704' title='bbox 1594 4529 1684 4582; x_wconf 80' lang='grc' dir='ltr'><strong>Διὸ</strong></span> <span class='ocrx_word' id='word_1_705' title='bbox 1723 4531 1824 4583; x_wconf 91' lang='grc' dir='ltr'><strong>οὑκ</strong></span> <span class='ocrx_word' id='word_1_706' title='bbox 1854 4531 1964 4585; x_wconf 79' lang='grc' dir='ltr'>ἔστι</span> 
     </span>
    </p>
   </div>
   <div class='ocr_carea' id='block_1_93' title="bbox 2070 4529 3659 4602">
    <p class='ocr_par' dir='ltr' id='par_1_93' title="bbox 2077 4529 3659 4600">
     <span class='ocr_line' id='line_1_93' title="bbox 2077 4529 3659 4600; baseline -0.003 -13"><span class='ocrx_word' id='word_1_707' title='bbox 2077 4542 2220 4588; x_wconf 90' lang='lat' dir='ltr'><strong>stum</strong></span> <span class='ocrx_word' id='word_1_708' title='bbox 2252 4532 2603 4586; x_wconf 88' lang='lat' dir='ltr'><strong>maledictum</strong></span> <span class='ocrx_word' id='word_1_709' title='bbox 2641 4531 2834 4592; x_wconf 81' lang='lat' dir='ltr'><strong>fuisse,</strong></span> <span class='ocrx_word' id='word_1_710' title='bbox 2862 4531 3005 4587; x_wconf 87' lang='lat' dir='ltr'><strong>absit</strong></span> <span class='ocrx_word' id='word_1_711' title='bbox 3031 4539 3089 4585; x_wconf 90' lang='lat' dir='ltr'><strong>ut</strong></span> <span class='ocrx_word' id='word_1_712' title='bbox 3110 4530 3380 4600; x_wconf 87' lang='lat' dir='ltr'><strong>ejusmodi</strong></span> <span class='ocrx_word' id='word_1_713' title='bbox 3400 4529 3659 4600; x_wconf 90' lang='lat' dir='ltr'><strong>quiddam</strong></span> 
     </span>
    </p>
   </div>
   <div class='ocr_carea' id='block_1_94' title="bbox 395 4621 1966 4694">
    <p class='ocr_par' dir='ltr' id='par_1_94' title="bbox 395 4621 1966 4694">
     <span class='ocr_line' id='line_1_94' title="bbox 395 4621 1966 4694; baseline 0.001 -20"><span class='ocrx_word' id='word_1_714' title='bbox 395 4622 629 4694; x_wconf 81' lang='grc' dir='ltr'>Χριστὸς</span> <span class='ocrx_word' id='word_1_715' title='bbox 685 4623 918 4693; x_wconf 89' lang='grc' dir='ltr'>κατάρα,</span> <span class='ocrx_word' id='word_1_716' title='bbox 955 4621 1091 4674; x_wconf 90' lang='grc' dir='ltr'><strong>ἀλλά</strong></span> <span class='ocrx_word' id='word_1_717' title='bbox 1111 4621 1210 4691; x_wconf 85' lang='grc' dir='ltr'>τῆς</span> <span class='ocrx_word' id='word_1_718' title='bbox 1250 4621 1496 4692; x_wconf 89' lang='grc' dir='ltr'>κατάρας</span> <span class='ocrx_word' id='word_1_719' title='bbox 1538 4623 1720 4687; x_wconf 77' lang='grc' dir='ltr'>λύσιςο</span> <span class='ocrx_word' id='word_1_720' title='bbox 1749 4623 1966 4691; x_wconf 84' lang='grc' dir='ltr'>εὐλογία</span> 
     </span>
    </p>
   </div>
   <div class='ocr_carea' id='block_1_95' title="bbox 393 4715 1968 4786">
    <p class='ocr_par' dir='ltr' id='par_1_95' title="bbox 393 4715 1968 4786">
     <span class='ocr_line' id='line_1_95' title="bbox 393 4715 1968 4786; baseline 0.003 -18"><span class='ocrx_word' id='word_1_721' title='bbox 393 4715 450 4768; x_wconf 85' lang='grc' dir='ltr'>δὲ</span> <span class='ocrx_word' id='word_1_722' title='bbox 477 4717 610 4769; x_wconf 81' lang='grc' dir='ltr'>πᾶσι</span> <span class='ocrx_word' id='word_1_723' title='bbox 651 4718 761 4778; x_wconf 84' lang='grc' dir='ltr'>τοῖς</span> <span class='ocrx_word' id='word_1_724' title='bbox 789 4717 868 4780; x_wconf 86' lang='grc' dir='ltr'><strong>είς</strong></span> <span class='ocrx_word' id='word_1_725' title='bbox 904 4715 1064 4769; x_wconf 79' lang='grc' dir='ltr'>αὑτὸν</span> <span class='ocrx_word' id='word_1_726' title='bbox 1091 4715 1303 4786; x_wconf 89' lang='grc' dir='ltr'>ἀληθῶς</span> <span class='ocrx_word' id='word_1_727' title='bbox 1341 4718 1778 4771; x_wconf 89' lang='grc' dir='ltr'>πεπιστευκόσιν.</span> <span class='ocrx_word' id='word_1_728' title='bbox 1812 4717 1968 4772; x_wconf 85' lang='grc' dir='ltr'>Οὑτω</span> 
     </span>
    </p>
   </div>
   <div class='ocr_carea' id='block_1_96' title="bbox 404 4803 1967 4882">
    <p class='ocr_par' dir='ltr' id='par_1_96' title="bbox 404 4803 1967 4882">
     <span class='ocr_line' id='line_1_96' title="bbox 404 4803 1967 4882; baseline 0.003 -23"><span class='ocrx_word' id='word_1_729' title='bbox 404 4808 499 4860; x_wconf 68' lang='grc' dir='ltr'><strong>καὶ</strong></span> <span class='ocrx_word' id='word_1_730' title='bbox 521 4808 598 4870; x_wconf 85' lang='grc' dir='ltr'><strong>τὸ,</strong></span> <span class='ocrx_word' id='word_1_731' title='bbox 627 4807 1016 4877; x_wconf 81' lang='grc' dir='ltr'>ἐξηγόρασεν,</span> <span class='ocrx_word' id='word_1_732' title='bbox 1043 4809 1142 4861; x_wconf 90' lang='grc' dir='ltr'><strong>οὑκ</strong></span> <span class='ocrx_word' id='word_1_733' title='bbox 1157 4803 1330 4875; x_wconf 80' lang='grc' dir='ltr'>εἶπεν,</span> <span class='ocrx_word' id='word_1_734' title='bbox 1360 4809 1686 4878; x_wconf 77' lang='grc' dir='ltr'>ἠγόρασεν.</span> <span class='ocrx_word' id='word_1_735' title='bbox 1705 4808 1841 4863; x_wconf 74' lang='grc' dir='ltr'><strong>Οὔτε</strong></span> <span class='ocrx_word' id='word_1_736' title='bbox 1857 4810 1967 4882; x_wconf 73' lang='grc' dir='ltr'>γὰρ</span> 
     </span>
    </p>
   </div>
   <div class='ocr_carea' id='block_1_97' title="bbox 397 4896 1968 4972">
    <p class='ocr_par' dir='ltr' id='par_1_97' title="bbox 397 4896 1968 4972">
     <span class='ocr_line' id='line_1_97' title="bbox 397 4896 1968 4972; baseline 0.003 -21"><span class='ocrx_word' id='word_1_737' title='bbox 397 4902 478 4962; x_wconf 83' lang='grc' dir='ltr'><strong>είς</strong></span> <span class='ocrx_word' id='word_1_738' title='bbox 531 4898 806 4970; x_wconf 86' lang='grc' dir='ltr'>ἀλλότριον</span> <span class='ocrx_word' id='word_1_739' title='bbox 843 4896 1005 4971; x_wconf 82' lang='grc' dir='ltr'>ἦλθεν</span> <span class='ocrx_word' id='word_1_740' title='bbox 1057 4900 1298 4972; x_wconf 85' lang='grc' dir='ltr'>ἁρπάσαι</span> <span class='ocrx_word' id='word_1_741' title='bbox 1336 4900 1370 4971; x_wconf 77' lang='grc' dir='ltr'>ἢ</span> <span class='ocrx_word' id='word_1_742' title='bbox 1417 4902 1706 4972; x_wconf 87' lang='grc' dir='ltr'>ἀγοράσαι.</span> <span class='ocrx_word' id='word_1_743' title='bbox 1748 4903 1810 4955; x_wconf 79' lang='lat' dir='ltr'><strong>Et</strong></span> <span class='ocrx_word' id='word_1_744' title='bbox 1859 4903 1968 4972; x_wconf 90' lang='grc' dir='ltr'><strong>γάρ</strong></span> 
     </span>
    </p>
   </div>
   <div class='ocr_carea' id='block_1_98' title="bbox 394 4991 1968 5064">
    <p class='ocr_par' dir='ltr' id='par_1_98' title="bbox 394 4991 1968 5064">
     <span class='ocr_line' id='line_1_98' title="bbox 394 4991 1968 5064; baseline 0.001 -20"><span class='ocrx_word' id='word_1_745' title='bbox 394 4991 685 5063; x_wconf 86' lang='grc' dir='ltr'>ήγόρασεν,</span> <span class='ocrx_word' id='word_1_746' title='bbox 721 4991 796 5062; x_wconf 84' lang='grc' dir='ltr'>μὴ</span> <span class='ocrx_word' id='word_1_747' title='bbox 849 4991 985 5062; x_wconf 80' lang='grc' dir='ltr'>ἔχων</span> <span class='ocrx_word' id='word_1_748' title='bbox 1025 4991 1291 5063; x_wconf 76' lang='grc' dir='ltr'>ἠγόρασε,</span> <span class='ocrx_word' id='word_1_749' title='bbox 1339 4992 1434 5046; x_wconf 74' lang='grc' dir='ltr'>καὶ</span> <span class='ocrx_word' id='word_1_750' title='bbox 1475 4992 1550 5055; x_wconf 86' lang='grc' dir='ltr'><strong>ὡς</strong></span> <span class='ocrx_word' id='word_1_751' title='bbox 1581 4994 1792 5062; x_wconf 79' lang='grc' dir='ltr'>πτωχὸς</span> <span class='ocrx_word' id='word_1_752' title='bbox 1819 4991 1854 5046; x_wconf 80' lang='grc' dir='ltr'><strong>ά</strong></span> <span class='ocrx_word' id='word_1_753' title='bbox 1893 4993 1968 5064; x_wconf 83' lang='grc' dir='ltr'>μὴ</span> 
     </span>
    </p>
   </div>
   <div class='ocr_carea' id='block_1_99' title="bbox 397 5079 1964 5156">
    <p class='ocr_par' dir='ltr' id='par_1_99' title="bbox 397 5079 1964 5156">
     <span class='ocr_line' id='line_1_99' title="bbox 397 5079 1964 5156; baseline 0.002 -21"><span class='ocrx_word' id='word_1_754' title='bbox 397 5079 542 5153; x_wconf 80' lang='grc' dir='ltr'>εἶχεν</span> <span class='ocrx_word' id='word_1_755' title='bbox 567 5084 852 5154; x_wconf 86' lang='grc' dir='ltr'>ἐκτήσατο.</span> <span class='ocrx_word' id='word_1_756' title='bbox 899 5083 1009 5137; x_wconf 77' lang='grc' dir='ltr'>Καὶ</span> <span class='ocrx_word' id='word_1_757' title='bbox 1032 5083 1060 5134; x_wconf 83' lang='grc' dir='ltr'>ὃ</span> <span class='ocrx_word' id='word_1_758' title='bbox 1079 5084 1099 5115; x_wconf 83' lang='grc'><strong>³</strong></span> <span class='ocrx_word' id='word_1_759' title='bbox 1127 5101 1292 5155; x_wconf 86' lang='grc' dir='ltr'>κεκτη</span> <span class='ocrx_word' id='word_1_760' title='bbox 1303 5084 1461 5155; x_wconf 89' lang='grc' dir='ltr'>μένος</span> <span class='ocrx_word' id='word_1_761' title='bbox 1485 5086 1632 5154; x_wconf 84' lang='grc' dir='ltr'>ἡμᾶς</span> <span class='ocrx_word' id='word_1_762' title='bbox 1660 5085 1964 5156; x_wconf 86' lang='grc' dir='ltr'>πέπρακεν,</span> 
     </span>
    </p>
   </div>
   <div class='ocr_carea' id='block_1_100' title="bbox 397 5171 1972 5243">
    <p class='ocr_par' dir='ltr' id='par_1_100' title="bbox 397 5171 1972 5243">
     <span class='ocr_line' id='line_1_100' title="bbox 397 5171 1972 5243; baseline 0.001 -19"><span class='ocrx_word' id='word_1_763' title='bbox 397 5172 680 5243; x_wconf 86' lang='grc' dir='ltr'>ἀπορήσας</span> <span class='ocrx_word' id='word_1_764' title='bbox 705 5171 1008 5243; x_wconf 86' lang='grc' dir='ltr'>πέπρακεν,</span> <span class='ocrx_word' id='word_1_765' title='bbox 1041 5171 1147 5225; x_wconf 89' lang='grc' dir='ltr'><strong>ἀπό</strong></span> <span class='ocrx_word' id='word_1_766' title='bbox 1176 5190 1320 5235; x_wconf 85' lang='grc' dir='ltr'>τινος</span> <span class='ocrx_word' id='word_1_767' title='bbox 1360 5173 1469 5242; x_wconf 81' lang='grc' dir='ltr'>ἄρα</span> <span class='ocrx_word' id='word_1_768' title='bbox 1501 5172 1778 5226; x_wconf 85' lang='grc' dir='ltr'>δανειστοῦ</span> <span class='ocrx_word' id='word_1_769' title='bbox 1811 5173 1972 5226; x_wconf 88' lang='grc' dir='ltr'>ἐλαυ-</span> 
     </span>
    </p>
   </div>
   <div class='ocr_carea' id='block_1_101' title="bbox 401 5261 1968 5335">
    <p class='ocr_par' dir='ltr' id='par_1_101' title="bbox 401 5261 1968 5335">
     <span class='ocr_line' id='line_1_101' title="bbox 401 5261 1968 5335; baseline -0.001 -18"><span class='ocrx_word' id='word_1_770' title='bbox 401 5265 646 5334; x_wconf 86' lang='grc' dir='ltr'>νόμενος.</span> <span class='ocrx_word' id='word_1_771' title='bbox 666 5264 803 5317; x_wconf 84' lang='grc' dir='ltr'>Ἀλλ’</span> <span class='ocrx_word' id='word_1_772' title='bbox 833 5265 931 5317; x_wconf 88' lang='grc' dir='ltr'><strong>οὑκ</strong></span> <span class='ocrx_word' id='word_1_773' title='bbox 957 5263 1069 5334; x_wconf 74' lang='grc' dir='ltr'>ἔχει</span> <span class='ocrx_word' id='word_1_774' title='bbox 1097 5262 1291 5326; x_wconf 84' lang='grc' dir='ltr'>οὑτως.</span> <span class='ocrx_word' id='word_1_775' title='bbox 1321 5262 1457 5315; x_wconf 81' lang='grc' dir='ltr'>Οὑτε</span> <span class='ocrx_word' id='word_1_776' title='bbox 1490 5263 1599 5335; x_wconf 84' lang='grc' dir='ltr'><strong>γάρ</strong></span> <span class='ocrx_word' id='word_1_777' title='bbox 1617 5261 1794 5328; x_wconf 77' lang='grc' dir='ltr'>εἶπεν,</span> <span class='ocrx_word' id='word_1_778' title='bbox 1835 5263 1968 5332; x_wconf 79' lang='grc' dir='ltr'>ἠγό-</span> 
     </span>
    </p>
   </div>
   <div class='ocr_carea' id='block_1_102' title="bbox 400 5353 1969 5427">
    <p class='ocr_par' dir='ltr' id='par_1_102' title="bbox 400 5353 1969 5427">
     <span class='ocr_line' id='line_1_102' title="bbox 400 5353 1969 5427; baseline 0 -19"><span class='ocrx_word' id='word_1_779' title='bbox 400 5373 586 5427; x_wconf 82' lang='grc' dir='ltr'>ρασεν,</span> <span class='ocrx_word' id='word_1_780' title='bbox 622 5355 759 5420; x_wconf 84' lang='grc' dir='ltr'>ἀλλ’,</span> <span class='ocrx_word' id='word_1_781' title='bbox 794 5357 1185 5425; x_wconf 69' lang='grc' dir='ltr'>ἐξηγόρασεν.</span> <span class='ocrx_word' id='word_1_782' title='bbox 1223 5354 1446 5424; x_wconf 87' lang='grc' dir='ltr'>Ὅμοιον</span> <span class='ocrx_word' id='word_1_783' title='bbox 1469 5353 1525 5407; x_wconf 86' lang='grc' dir='ltr'><strong>δὲ</strong></span> <span class='ocrx_word' id='word_1_784' title='bbox 1547 5354 1719 5425; x_wconf 87' lang='grc' dir='ltr'>τούτῳ</span> <span class='ocrx_word' id='word_1_785' title='bbox 1749 5355 1778 5406; x_wconf 93' lang='lat'><strong>6</strong></span> <span class='ocrx_word' id='word_1_786' title='bbox 1806 5355 1969 5418; x_wconf 81' lang='grc' dir='ltr'>αὑτὸς</span> 
     </span>
    </p>
   </div>
   <div class='ocr_carea' id='block_1_103' title="bbox 397 5444 1970 5518">
    <p class='ocr_par' dir='ltr' id='par_1_103' title="bbox 397 5444 1970 5518">
     <span class='ocr_line' id='line_1_103' title="bbox 397 5444 1970 5518; baseline -0.001 -17"><span class='ocrx_word' id='word_1_787' title='bbox 397 5447 554 5514; x_wconf 73' lang='grc' dir='ltr'>ἅγιος</span> <span class='ocrx_word' id='word_1_788' title='bbox 615 5447 932 5510; x_wconf 80' lang='grc' dir='ltr'>Ἀπόστολός</span> <span class='ocrx_word' id='word_1_789' title='bbox 998 5464 1162 5517; x_wconf 80' lang='grc' dir='ltr'>φησιν</span> <span class='ocrx_word' id='word_1_790' title='bbox 1189 5463 1204 5478; x_wconf 87' lang='grc'><strong>·</strong></span> <span class='ocrx_word' id='word_1_791' title='bbox 1288 5444 1810 5518; x_wconf 74' lang='grc' dir='ltr'>Ἑξαγοραζόμενοι</span> <span class='ocrx_word' id='word_1_792' title='bbox 1861 5447 1970 5500; x_wconf 76' lang='grc' dir='ltr'><strong>τὸν</strong></span> 
     </span>
    </p>
   </div>
   <div class='ocr_carea' id='block_1_104' title="bbox 398 5533 1962 5608">
    <p class='ocr_par' dir='ltr' id='par_1_104' title="bbox 398 5533 1962 5608">
     <span class='ocr_line' id='line_1_104' title="bbox 398 5533 1962 5608; baseline 0.001 -21"><span class='ocrx_word' id='word_1_793' title='bbox 398 5534 626 5602; x_wconf 79' lang='grc' dir='ltr'>καιρὸν,</span> <span class='ocrx_word' id='word_1_794' title='bbox 658 5533 747 5588; x_wconf 86' lang='grc' dir='ltr'><strong>ὅτι</strong></span> <span class='ocrx_word' id='word_1_795' title='bbox 771 5535 831 5589; x_wconf 83' lang='lat' dir='ltr'><strong>al</strong></span> <span class='ocrx_word' id='word_1_796' title='bbox 860 5533 1073 5604; x_wconf 76' lang='grc' dir='ltr'>ἡμέραι</span> <span class='ocrx_word' id='word_1_797' title='bbox 1107 5536 1363 5605; x_wconf 78' lang='grc' dir='ltr'>πονηραί</span> <span class='ocrx_word' id='word_1_798' title='bbox 1395 5537 1536 5589; x_wconf 83' lang='grc' dir='ltr'>εἱσι.</span> <span class='ocrx_word' id='word_1_799' title='bbox 1560 5535 1672 5589; x_wconf 76' lang='grc' dir='ltr'>Καὶ</span> <span class='ocrx_word' id='word_1_800' title='bbox 1700 5536 1799 5606; x_wconf 77' lang='grc' dir='ltr'><strong>οὐχ</strong></span> <span class='ocrx_word' id='word_1_801' title='bbox 1824 5535 1962 5608; x_wconf 86' lang='grc' dir='ltr'>ήμέ-</span> 
     </span>
    </p>
   </div>
   <div class='ocr_carea' id='block_1_105' title="bbox 473 5681 1730 5752">
    <p class='ocr_par' dir='ltr' id='par_1_105' title="bbox 473 5681 1730 5752">
     <span class='ocr_line' id='line_1_105' title="bbox 473 5681 1730 5752; baseline 0.004 -15"><span class='ocrx_word' id='word_1_802' title='bbox 473 5685 490 5716; x_wconf 79' lang='grc'><strong>⁸</strong></span> <span class='ocrx_word' id='word_1_803' title='bbox 523 5681 581 5739; x_wconf 82' lang='lat' dir='ltr'><strong>F.</strong></span> <span class='ocrx_word' id='word_1_804' title='bbox 612 5684 696 5737; x_wconf 84' lang='grc' dir='ltr'><strong>ἵνα</strong></span> <span class='ocrx_word' id='word_1_805' title='bbox 729 5686 824 5752; x_wconf 89' lang='grc' dir='ltr'>μή.</span> <span class='ocrx_word' id='word_1_806' title='bbox 901 5686 921 5718; x_wconf 82' lang='grc'>¹</span> <span class='ocrx_word' id='word_1_807' title='bbox 953 5684 1015 5739; x_wconf 85' lang='lat' dir='ltr'><strong>F.</strong></span> <span class='ocrx_word' id='word_1_808' title='bbox 1043 5686 1099 5741; x_wconf 89' lang='grc' dir='ltr'><strong>ἐν</strong></span> <span class='ocrx_word' id='word_1_809' title='bbox 1134 5684 1369 5752; x_wconf 78' lang='grc' dir='ltr'>καθέξει.</span> <span class='ocrx_word' id='word_1_810' title='bbox 1446 5683 1614 5744; x_wconf 73' lang='lat' dir='ltr'><strong>&#39;Cor.</strong></span> <span class='ocrx_word' id='word_1_811' title='bbox 1647 5684 1730 5751; x_wconf 79' lang='grc' dir='ltr'>ὃς.</span> 
     </span>
    </p>
   </div>
   <div class='ocr_carea' id='block_1_106' title="bbox 2073 4621 3662 4687">
    <p class='ocr_par' dir='ltr' id='par_1_106' title="bbox 2073 4621 3662 4687">
     <span class='ocr_line' id='line_1_106' title="bbox 2073 4621 3662 4687; baseline -0.003 -10"><span class='ocrx_word' id='word_1_812' title='bbox 2073 4624 2439 4687; x_wconf 80' lang='lat' dir='ltr'><strong>arbitremur;</strong></span> <span class='ocrx_word' id='word_1_813' title='bbox 2477 4623 2572 4677; x_wconf 90' lang='lat' dir='ltr'><strong>sed</strong></span> <span class='ocrx_word' id='word_1_814' title='bbox 2619 4637 2744 4676; x_wconf 93' lang='lat' dir='ltr'><strong>cum</strong></span> <span class='ocrx_word' id='word_1_815' title='bbox 2780 4623 2924 4676; x_wconf 87' lang='lat' dir='ltr'><strong>ultro</strong></span> <span class='ocrx_word' id='word_1_816' title='bbox 2970 4637 3184 4676; x_wconf 89' lang='lat' dir='ltr'><strong>crucem</strong></span> <span class='ocrx_word' id='word_1_817' title='bbox 3223 4621 3498 4683; x_wconf 88' lang='lat' dir='ltr'><strong>subiisset,</strong></span> <span class='ocrx_word' id='word_1_818' title='bbox 3529 4633 3662 4673; x_wconf 87' lang='lat' dir='ltr'><strong>con-</strong></span> 
     </span>
    </p>
   </div>
   <div class='ocr_carea' id='block_1_107' title="bbox 2077 4710 3656 4783">
    <p class='ocr_par' dir='ltr' id='par_1_107' title="bbox 2077 4710 3656 4783">
     <span class='ocr_line' id='line_1_107' title="bbox 2077 4710 3656 4783; baseline -0.005 -13"><span class='ocrx_word' id='word_1_819' title='bbox 2077 4722 2309 4770; x_wconf 88' lang='lat' dir='ltr'><strong>tractum</strong></span> <span class='ocrx_word' id='word_1_820' title='bbox 2339 4729 2370 4767; x_wconf 89' lang='lat' dir='ltr'><strong>a</strong></span> <span class='ocrx_word' id='word_1_821' title='bbox 2408 4715 2566 4768; x_wconf 90' lang='lat' dir='ltr'><strong>nobis</strong></span> <span class='ocrx_word' id='word_1_822' title='bbox 2595 4730 2661 4768; x_wconf 79' lang='lat' dir='ltr'><strong>ex</strong></span> <span class='ocrx_word' id='word_1_823' title='bbox 2703 4722 2926 4783; x_wconf 86' lang='lat' dir='ltr'><strong>peccato</strong></span> <span class='ocrx_word' id='word_1_824' title='bbox 2957 4712 3304 4766; x_wconf 78' lang='lat' dir='ltr'><strong>maledictum</strong></span> <span class='ocrx_word' id='word_1_825' title='bbox 3344 4710 3656 4770; x_wconf 88' lang='lat' dir='ltr'><strong>abstulisse,</strong></span> 
     </span>
    </p>
   </div>
   <div class='ocr_carea' id='block_1_108' title="bbox 2055 4801 3660 4876">
    <p class='ocr_par' dir='ltr' id='par_1_108' title="bbox 2055 4801 3660 4876">
     <span class='ocr_line' id='line_1_108' title="bbox 2055 4801 3660 4876; baseline -0.002 -17"><span class='ocrx_word' id='word_1_826' title='bbox 2055 4804 2237 4876; x_wconf 60' lang='lat'><strong>.309</strong></span> <span class='ocrx_word' id='word_1_827' title='bbox 2268 4814 2325 4858; x_wconf 90' lang='lat' dir='ltr'><strong>ut</strong></span> <span class='ocrx_word' id='word_1_828' title='bbox 2357 4820 2504 4859; x_wconf 92' lang='lat' dir='ltr'><strong>mors</strong></span> <span class='ocrx_word' id='word_1_829' title='bbox 2534 4803 2936 4873; x_wconf 89' lang='lat' dir='ltr'><strong>quodammodo</strong></span> <span class='ocrx_word' id='word_1_830' title='bbox 2969 4803 3160 4856; x_wconf 91' lang='lat' dir='ltr'><strong>mortis</strong></span> <span class='ocrx_word' id='word_1_831' title='bbox 3192 4809 3339 4857; x_wconf 88' lang='lat' dir='ltr'><strong>esset</strong></span> <span class='ocrx_word' id='word_1_832' title='bbox 3375 4801 3533 4869; x_wconf 92' lang='lat' dir='ltr'><strong>culpa</strong></span> <span class='ocrx_word' id='word_1_833' title='bbox 3560 4815 3660 4855; x_wconf 86' lang='lat' dir='ltr'><strong>n0-</strong></span> 
     </span>
    </p>
   </div>
   <div class='ocr_carea' id='block_1_109' title="bbox 2077 4892 3656 4966">
    <p class='ocr_par' dir='ltr' id='par_1_109' title="bbox 2077 4892 3656 4966">
     <span class='ocr_line' id='line_1_109' title="bbox 2077 4892 3656 4966; baseline -0.006 -13"><span class='ocrx_word' id='word_1_834' title='bbox 2077 4909 2190 4953; x_wconf 83' lang='lat' dir='ltr'><strong>Stra</strong></span> <span class='ocrx_word' id='word_1_835' title='bbox 2243 4906 2542 4966; x_wconf 70' lang='lat' dir='ltr'><strong>susceptaa,</strong></span> <span class='ocrx_word' id='word_1_836' title='bbox 2609 4895 2890 4966; x_wconf 90' lang='lat' dir='ltr'><strong>ipsiusque</strong></span> <span class='ocrx_word' id='word_1_837' title='bbox 2957 4893 3229 4948; x_wconf 89' lang='lat' dir='ltr'><strong>maledicti</strong></span> <span class='ocrx_word' id='word_1_838' title='bbox 3283 4892 3656 4946; x_wconf 81' lang='lat' dir='ltr'><strong>maledictum.</strong></span> 
     </span>
    </p>
   </div>
   <div class='ocr_carea' id='block_1_110' title="bbox 2077 4984 3659 5054">
    <p class='ocr_par' dir='ltr' id='par_1_110' title="bbox 2077 4984 3659 5054">
     <span class='ocr_line' id='line_1_110' title="bbox 2077 4984 3659 5054; baseline -0.003 -12"><span class='ocrx_word' id='word_1_839' title='bbox 2077 4987 2257 5054; x_wconf 89' lang='lat' dir='ltr'><strong>Quare</strong></span> <span class='ocrx_word' id='word_1_840' title='bbox 2289 4987 2638 5043; x_wconf 87' lang='lat' dir='ltr'><strong>maledictum</strong></span> <span class='ocrx_word' id='word_1_841' title='bbox 2667 4987 2919 5042; x_wconf 86' lang='lat' dir='ltr'><strong>Christus</strong></span> <span class='ocrx_word' id='word_1_842' title='bbox 2951 4999 3060 5039; x_wconf 93' lang='lat' dir='ltr'><strong>non</strong></span> <span class='ocrx_word' id='word_1_843' title='bbox 3100 4995 3202 5050; x_wconf 87' lang='lat' dir='ltr'><strong>est,</strong></span> <span class='ocrx_word' id='word_1_844' title='bbox 3236 4985 3332 5039; x_wconf 89' lang='lat' dir='ltr'><strong>sed</strong></span> <span class='ocrx_word' id='word_1_845' title='bbox 3372 4984 3659 5039; x_wconf 88' lang='lat' dir='ltr'><strong>dissolutio</strong></span> 
     </span>
    </p>
   </div>
   <div class='ocr_carea' id='block_1_111' title="bbox 2076 5075 3658 5154">
    <p class='ocr_par' dir='ltr' id='par_1_111' title="bbox 2076 5075 3658 5154">
     <span class='ocr_line' id='line_1_111' title="bbox 2076 5075 3658 5154; baseline -0.001 -22"><span class='ocrx_word' id='word_1_846' title='bbox 2076 5079 2384 5154; x_wconf 84' lang='lat' dir='ltr'><strong>maledicti;</strong></span> <span class='ocrx_word' id='word_1_847' title='bbox 2435 5086 2626 5133; x_wconf 87' lang='lat' dir='ltr'><strong>contra</strong></span> <span class='ocrx_word' id='word_1_848' title='bbox 2677 5093 2808 5134; x_wconf 90' lang='lat' dir='ltr'><strong>vero</strong></span> <span class='ocrx_word' id='word_1_849' title='bbox 2857 5076 3161 5133; x_wconf 88' lang='lat' dir='ltr'><strong>benedictio</strong></span> <span class='ocrx_word' id='word_1_850' title='bbox 3202 5075 3456 5130; x_wconf 90' lang='lat' dir='ltr'><strong>omnibus</strong></span> <span class='ocrx_word' id='word_1_851' title='bbox 3485 5075 3658 5130; x_wconf 87' lang='lat' dir='ltr'><strong>estin</strong></span> 
     </span>
    </p>
   </div>
   <div class='ocr_carea' id='block_1_112' title="bbox 2075 5165 3657 5224">
    <p class='ocr_par' dir='ltr' id='par_1_112' title="bbox 2075 5165 3657 5224">
     <span class='ocr_line' id='line_1_112' title="bbox 2075 5165 3657 5224; baseline -0.004 0"><span class='ocrx_word' id='word_1_852' title='bbox 2075 5185 2200 5224; x_wconf 91' lang='lat' dir='ltr'><strong>eum</strong></span> <span class='ocrx_word' id='word_1_853' title='bbox 2240 5184 2364 5224; x_wconf 82' lang='lat' dir='ltr'><strong>vere</strong></span> <span class='ocrx_word' id='word_1_854' title='bbox 2394 5183 2458 5224; x_wconf 90' lang='lat' dir='ltr'><strong>ac</strong></span> <span class='ocrx_word' id='word_1_855' title='bbox 2499 5169 2712 5224; x_wconf 89' lang='lat' dir='ltr'><strong>sincere</strong></span> <span class='ocrx_word' id='word_1_856' title='bbox 2754 5168 3124 5224; x_wconf 88' lang='lat' dir='ltr'><strong>credentibus.</strong></span> <span class='ocrx_word' id='word_1_857' title='bbox 3169 5165 3324 5221; x_wconf 92' lang='lat' dir='ltr'><strong>Unde</strong></span> <span class='ocrx_word' id='word_1_858' title='bbox 3352 5174 3405 5222; x_wconf 88' lang='lat' dir='ltr'><strong>et</strong></span> <span class='ocrx_word' id='word_1_859' title='bbox 3439 5167 3657 5219; x_wconf 82' lang='lat' dir='ltr'><strong>redemit</strong></span> 
     </span>
    </p>
   </div>
   <div class='ocr_carea' id='block_1_113' title="bbox 2074 5257 3656 5332">
    <p class='ocr_par' dir='ltr' id='par_1_113' title="bbox 2074 5257 3656 5332">
     <span class='ocr_line' id='line_1_113' title="bbox 2074 5257 3656 5332; baseline -0.005 -14"><span class='ocrx_word' id='word_1_860' title='bbox 2074 5263 2339 5332; x_wconf 88' lang='lat' dir='ltr'><strong>scriptum</strong></span> <span class='ocrx_word' id='word_1_861' title='bbox 2394 5269 2520 5328; x_wconf 88' lang='lat' dir='ltr'><strong>est,</strong></span> <span class='ocrx_word' id='word_1_862' title='bbox 2569 5277 2679 5316; x_wconf 90' lang='lat' dir='ltr'><strong>non</strong></span> <span class='ocrx_word' id='word_1_863' title='bbox 2723 5264 2867 5316; x_wconf 83' lang='lat' dir='ltr'><strong>emit.</strong></span> <span class='ocrx_word' id='word_1_864' title='bbox 2922 5259 3107 5330; x_wconf 85' lang='lat' dir='ltr'><strong>Neque</strong></span> <span class='ocrx_word' id='word_1_865' title='bbox 3137 5260 3280 5315; x_wconf 92' lang='lat' dir='ltr'><strong>enim</strong></span> <span class='ocrx_word' id='word_1_866' title='bbox 3321 5260 3376 5314; x_wconf 93' lang='lat' dir='ltr'><strong>in</strong></span> <span class='ocrx_word' id='word_1_867' title='bbox 3423 5257 3656 5312; x_wconf 88' lang='lat' dir='ltr'><strong>alienant</strong></span> 
     </span>
    </p>
   </div>
   <div class='ocr_carea' id='block_1_114' title="bbox 2074 5353 3656 5427">
    <p class='ocr_par' dir='ltr' id='par_1_114' title="bbox 2074 5353 3656 5427">
     <span class='ocr_line' id='line_1_114' title="bbox 2074 5353 3656 5427; baseline -0.001 -18"><span class='ocrx_word' id='word_1_868' title='bbox 2074 5357 2480 5427; x_wconf 88' lang='lat' dir='ltr'><strong>possessionem</strong></span> <span class='ocrx_word' id='word_1_869' title='bbox 2536 5356 2824 5426; x_wconf 91' lang='lat' dir='ltr'><strong>diripiendi</strong></span> <span class='ocrx_word' id='word_1_870' title='bbox 2885 5357 2970 5412; x_wconf 85' lang='lat' dir='ltr'><strong>vel</strong></span> <span class='ocrx_word' id='word_1_871' title='bbox 3024 5356 3237 5412; x_wconf 90' lang='lat' dir='ltr'><strong>emendi</strong></span> <span class='ocrx_word' id='word_1_872' title='bbox 3287 5353 3458 5426; x_wconf 87' lang='lat' dir='ltr'><strong>gratia</strong></span> <span class='ocrx_word' id='word_1_873' title='bbox 3485 5353 3656 5408; x_wconf 84' lang='lat' dir='ltr'><strong>venit.</strong></span> 
     </span>
    </p>
   </div>
   <div class='ocr_carea' id='block_1_115' title="bbox 2074 5445 3657 5520">
    <p class='ocr_par' dir='ltr' id='par_1_115' title="bbox 2074 5445 3657 5520">
     <span class='ocr_line' id='line_1_115' title="bbox 2074 5445 3657 5520; baseline -0.001 -20"><span class='ocrx_word' id='word_1_874' title='bbox 2074 5445 2211 5501; x_wconf 82' lang='lat' dir='ltr'><strong>Nam</strong></span> <span class='ocrx_word' id='word_1_875' title='bbox 2243 5449 2290 5503; x_wconf 94' lang='lat' dir='ltr'><strong>si</strong></span> <span class='ocrx_word' id='word_1_876' title='bbox 2321 5457 2545 5515; x_wconf 86' lang='lat' dir='ltr'><strong>emeret,</strong></span> <span class='ocrx_word' id='word_1_877' title='bbox 2585 5448 2732 5520; x_wconf 91' lang='lat' dir='ltr'><strong>quod</strong></span> <span class='ocrx_word' id='word_1_878' title='bbox 2769 5455 2896 5504; x_wconf 84' lang='lat' dir='ltr'><strong>ante</strong></span> <span class='ocrx_word' id='word_1_879' title='bbox 2924 5464 3033 5504; x_wconf 94' lang='lat' dir='ltr'><strong>non</strong></span> <span class='ocrx_word' id='word_1_880' title='bbox 3070 5448 3323 5512; x_wconf 86' lang='lat' dir='ltr'><strong>habebat,</strong></span> <span class='ocrx_word' id='word_1_881' title='bbox 3345 5452 3569 5512; x_wconf 83' lang='lat' dir='ltr'><strong>erueret,</strong></span> <span class='ocrx_word' id='word_1_882' title='bbox 3593 5457 3657 5499; x_wconf 85' lang='lat' dir='ltr'><strong>ac</strong></span> 
     </span>
    </p>
   </div>
   <div class='ocr_carea' id='block_1_116' title="bbox 2076 5539 3658 5614">
    <p class='ocr_par' dir='ltr' id='par_1_116' title="bbox 2076 5539 3658 5614">
     <span class='ocr_line' id='line_1_116' title="bbox 2076 5539 3658 5614; baseline -0.001 -22"><span class='ocrx_word' id='word_1_883' title='bbox 2076 5539 2312 5595; x_wconf 90' lang='lat' dir='ltr'><strong>mendici</strong></span> <span class='ocrx_word' id='word_1_884' title='bbox 2369 5540 2542 5597; x_wconf 92' lang='lat' dir='ltr'><strong>instar</strong></span> <span class='ocrx_word' id='word_1_885' title='bbox 2589 5541 2788 5614; x_wconf 87' lang='lat' dir='ltr'><strong>quibus</strong></span> <span class='ocrx_word' id='word_1_886' title='bbox 2833 5549 3084 5598; x_wconf 87' lang='lat' dir='ltr'><strong>caruerat</strong></span> <span class='ocrx_word' id='word_1_887' title='bbox 3139 5540 3250 5596; x_wconf 82' lang='lat' dir='ltr'><strong>sibi</strong></span> <span class='ocrx_word' id='word_1_888' title='bbox 3296 5543 3658 5609; x_wconf 80' lang='lat' dir='ltr'><strong>compararet.</strong></span> 
     </span>
    </p>
   </div>
   <div class='ocr_carea' id='block_1_117' title="bbox 1807 5685 2277 5760">
    <p class='ocr_par' dir='ltr' id='par_1_117' title="bbox 1807 5685 2277 5760">
     <span class='ocr_line' id='line_1_117' title="bbox 1807 5685 2277 5760; baseline -0.002 -17"><span class='ocrx_word' id='word_1_889' title='bbox 1807 5685 1834 5760; x_wconf 27' lang='grc'>⁸,</span> <span class='ocrx_word' id='word_1_890' title='bbox 1856 5686 2034 5746; x_wconf 86' lang='lat' dir='ltr'><strong>Galat.</strong></span> <span class='ocrx_word' id='word_1_891' title='bbox 2068 5693 2153 5755; x_wconf 84' lang='lat' dir='ltr'><strong>in,</strong></span> <span class='ocrx_word' id='word_1_892' title='bbox 2191 5689 2277 5743; x_wconf 77' lang='lat' dir='ltr'><strong>t5.</strong></span> 
     </span>
    </p>
   </div>
  </div>
