3960 6140
330 309 435 368 707

1725 295 1784 353 S.
1823 291 2164 351 EPIPHANII

3486 285 3589 343 708

329 423 501 492 Cujus
536 428 715 475 autem
763 417 817 473 in
869 415 1084 486 peculio
1115 428 1358 479 eramus,
1408 413 1631 469 omnino
1669 422 1912 484 egestate

2028 433 2114 478 »ας
2149 410 2516 484 ἀγοράξομεν,
2551 410 2670 464 οὐδὲ
2705 407 2869 481 τιμὴν
2909 407 3132 488 ἡμερῶν
3173 407 3416 477 διδόμεν’
3454 405 3588 461 ἀλλὰ

333 529 433 568 nos
463 525 757 582 oppressus
789 509 971 576 aliqua
1000 506 1362 570 vendidisset;
1391 505 1550 574 quasi
1579 519 1608 557 a
1635 504 1908 560 creditore

331 605 585 675 quopiam
617 608 862 655 coactus.
900 598 1085 668 Longe
1117 612 1248 652 vero
1281 612 1402 652 sese
1429 596 1586 649 aliter
1611 611 1698 650 res
1723 595 1906 649 habet.

332 695 446 746 Non
490 693 636 747 enim
675 690 886 746 emendi
922 689 1086 744 verbo
1134 703 1266 742 usus
1297 694 1402 748 est,
1439 686 1534 740 sed
1584 685 1907 740 redimendi.

330 786 430 839 Cui
468 783 646 838 simile
674 792 758 837 est
787 783 942 845 illud,
978 779 1122 850 quod
1156 781 1295 834 idem
1339 779 1630 849 Apostolus
1657 780 1762 833 alio
1793 781 1910 834 loco

331 877 499 929 dixit:
534 873 866 928 Redimentes
894 883 1116 940 tempus,
1147 873 1396 941 quoniam
1425 871 1534 924 dies
1567 871 1693 924 mali
1725 881 1845 924 sunt
1868 873 1907 927 ί.

332 967 494 1035 Atqui
533 980 709 1034 neque
757 965 874 1020 dies
925 973 1184 1022 emuntur
1229 979 1259 1016 a
1307 963 1487 1027 nobis,
1525 979 1622 1016 nec
1657 979 1755 1031 pro
1805 964 1912 1018 illis

334 1059 568 1127 pretium
601 1057 770 1110 ullum
800 1056 1181 1125 persolvimus,
1223 1055 1316 1109 sed
1358 1054 1423 1107 ad
1466 1055 1805 1124 patientiam,
1850 1070 1914 1110 ac

339 1151 704 1213 tolerantiam,
759 1148 1034 1216 animique
1091 1147 1448 1200 constantiam
1499 1146 1908 1216 exprimendam

336 1257 456 1296 eam
506 1239 764 1310 loquendi
818 1239 1085 1292 rationem
1130 1238 1395 1292 adhibuit.
1451 1236 1719 1301 Quocirca
1766 1237 1910 1291 redi-

338 1331 517 1385 mendi
554 1330 775 1383 verbum
807 1335 976 1381 totum
1015 1327 1145 1380 illud
1181 1327 1421 1395 suscepti
1458 1342 1555 1396 pro
1601 1328 1772 1381 salute
1810 1342 1913 1380 no-

338 1431 450 1477 slra
501 1421 770 1490 corporis,
828 1419 1206 1489 adventusque
1270 1420 1544 1488 negotium
1605 1420 1912 1487 significat;

336 1529 446 1583 quo
484 1513 700 1583 quidem
752 1513 861 1581 pati
904 1520 1091 1566 nostra
1137 1526 1304 1565 causa
1344 1511 1597 1580 dignatus
1629 1520 1713 1566 est
1747 1511 1910 1575 Deus,

337 1607 429 1675 qui
467 1607 577 1676 pati
608 1605 746 1659 nihil
777 1604 981 1674 alioqui
1022 1610 1254 1673 poterat,
1306 1618 1430 1656 cum
1459 1604 1514 1656 in
1544 1603 1732 1657 eodem
1765 1610 1910 1658 statu

2011 507 2072 560 τὸ
2103 506 2169 559 δι’
2217 503 2512 576 ὑπομονὴν,
2545 503 2638 556 καὶ
2665 501 2726 555 τὸ
2752 499 3071 571 μελλητικόν
3109 517 3168 552 τε
3200 496 3583 570 μακροθυμίας

2014 597 2313 669 σημαίνων,
2333 595 2492 648 τοῦτο
2508 594 2632 663 ἔφη.
2653 594 2814 646 Ὥστε
2851 592 2930 655 τὸ,
2973 590 3322 659 ὲξηγόρασε,
3346 590 3443 660 τὴν
3463 588 3588 642 ὑπό-

2013 687 2162 741 θεσιν
2218 687 2461 756 ἀπέφηνε
2490 684 2588 754 τῆς
2627 683 2766 754 ὑπὲρ
2802 679 2958 751 ἡμῶν
2999 680 3262 750 ἀναὼχῆς
3301 682 3358 732 ἐν
3401 679 3592 749 κόσμῳ

2014 779 2277 850 ὲνσάρκου
2300 777 2600 848 παρουσίας
2615 793 2628 805 ·
2653 770 2722 846 ἧς
2742 774 3029 840 ἀνεδέξατο
3056 774 3197 844 ὑπὲρ
3215 773 3369 842 ήμῶν
3401 771 3593 824 παθεῖν

2013 874 2040 925 ὁ
2087 870 2302 941 ἀπαθὴς
2347 869 2420 923 ὢν
2467 869 2619 931 Θεὸς,
2668 869 2844 938 μένων
2885 869 2940 919 ὲν
2979 869 3044 936 τῇ
3088 865 3193 935 ἰδία
3227 864 3468 935 ἀπαθείᾳ
3495 863 3593 933 τῆς

2015 963 2183 1016 αὑτοῦ
2234 963 2511 1033 θεότητος·
2557 961 2651 1013 καὶ
2699 959 2833 1013 αὐτὸ
2868 959 2895 1011 ὃ
2939 956 3226 1020 ἀνεδέξατο
3265 956 3404 1025 ὑπὲρ
3434 952 3593 1023 ἡμῶν

2018 1054 2229 1120 παθεῖν,
2265 1055 2362 1107 οὐκ
2390 1051 2676 1123 ἀγοράζων
2701 1052 2848 1121 ἡμᾶς
2873 1049 2966 1102 ἀπ’
2999 1048 3315 1118 ἀλλοτρίων,
3342 1045 3478 1098 ἀλλά
3497 1046 3594 1116 τήν

2019 1145 2272 1198 ὑπόθεσιν
2320 1144 2461 1214 ὑπὲρ
2517 1143 2676 1214 ἡμῶν
2740 1140 2834 1194 τοῦ
2903 1138 3137 1211 σταυροῦ
3202 1137 3597 1206 ἀναδεξάμενος

2021 1238 2358 1308 προαιρέσει,
2398 1237 2492 1289 καὶ¹
2542 1235 2601 1288 ού
2631 1235 2746 1304 μετ’
2777 1233 3039 1302 ἀνάγκης.
3072 1230 3234 1284 Ὅθεν
3271 1228 3595 1299 ὲλήλεγκται

2023 1328 2164 1382 κατά
2186 1329 2360 1381 πάντα
2383 1329 2474 1380 τοῦ
2513 1328 2838 1399 Μαρκίωνος
2881 1329 2909 1378 ὁ
2943 1326 3114 1394 λόγος.
3146 1323 3258 1377 Καὶ
3283 1320 3453 1374 πολλά
3482 1323 3598 1372 ἐστι

2023 1419 2092 1472 τά
2143 1420 2279 1490 πρὸς
2313 1419 2625 1489 ἀνατροπὴν
2672 1419 2767 1487 τῆς
2801 1415 2991 1469 τούτου
3031 1413 3278 1484 μηχανῆς
3313 1411 3406 1464 καὶ
3428 1425 3600 1480 τραγ-

2021 1512 2183 1582 ῳδίας
2205 1553 2218 1576 ,
2247 1510 2306 1575 ἐξ
2341 1510 2598 1572 εὐσεϐοῦς
2623 1507 2883 1578 λογισμοῦ
2925 1507 3018 1561 καὶ
3055 1506 3276 1573 εὐλόγου
3302 1503 3599 1575 ὁρμώμενα

2020 1602 2310 1672 ἐμφάσεως
2334 1603 2390 1654 έν
2421 1603 2486 1671 τῇ
2515 1601 2648 1672 πρὸς
2678 1599 2839 1652 αὑτὸν
2878 1599 3194 1668 ἀντιρῤήσει

336 1703 664 1766 divinitatis,
691 1701 929 1772 patiendi
966 1700 1239 1762 videlicet,
1273 1698 1633 1754 nihilominus
1657 1699 1994 1766 persisteret.
2021 1699 2178 1764 Quod
2207 1713 2336 1752 vero
2392 1696 2603 1767 perpeti
2631 1695 2835 1765 aliquid
2895 1710 2994 1764 pro
3047 1693 3207 1748 nobis
3254 1689 3446 1753 voluit,
3490 1703 3600 1742 non

345 1797 398 1850 id
422 1794 637 1850 emendi
667 1793 837 1846 nostri
866 1792 1041 1862 gratia
1070 1791 1342 1859 praestitit,
1371 1791 1529 1861 quasi
1563 1792 1741 1845 alieno
1793 1792 2067 1861 mancipio
2095 1801 2436 1856 teneremur;
2466 1789 2563 1844 sed
2595 1805 2703 1842 uno
2756 1789 3019 1843 duntaxat
3083 1785 3258 1839 nostri
3319 1782 3503 1836 studio
3550 1781 3605 1835 el

339 1902 524 1941 amore
587 1885 787 1938 ductus
832 1883 1016 1936 crucis
1064 1882 1394 1950 supplicium
1449 1896 1557 1934 non
1610 1882 1936 1936 necessitate
1988 1883 2117 1945 ulla,
2169 1882 2266 1935 sed
2319 1881 2597 1933 voluntate
2653 1878 2936 1934 sustinuit.
2992 1876 3071 1929 Ex
3141 1891 3248 1946 quo
3302 1873 3594 1927 Marcionis

341 1986 452 2031 tota
501 1977 591 2029 illa
637 1976 777 2028 ratio
814 1973 1058 2026 funditus
1099 1972 1481 2027 labefactatur.
1530 1971 1636 2027 Sed
1683 1975 1751 2028 ad
1798 1974 1918 2042 ejus
1948 1975 2256 2030 machinam
2281 1990 2496 2029 omnem
2527 1989 2590 2027 ac
2649 1972 2972 2043 tragaadiam
3021 1969 3391 2031 evertendam,
3432 1967 3605 2020 multa

341 2081 469 2124 sunt
493 2086 520 2122 a
552 2069 710 2124 nobis
735 2070 790 2121 in
821 2068 967 2122 illius
993 2068 1376 2123 refutationem
1401 2076 1682 2138 congesta,
1705 2069 2006 2140 eademque
2037 2071 2293 2141 religiosa
2313 2086 2380 2124 ex
2409 2077 2612 2135 mente,
2637 2069 2914 2138 animique
2939 2075 3088 2122 recta
3136 2067 3349 2120 ratione
3394 2062 3605 2133 praediti

340 2165 737 2236 Significatione
769 2162 1034 2232 profecta.

412 2258 502 2313 1x.
542 2257 663 2312 Jam
703 2259 847 2312 enim
880 2257 946 2310 ad
979 2257 1098 2325 ejus
1134 2235 1369 2326 scripta,
1405 2257 1490 2311 vel
1531 2256 1714 2326 potius
1739 2255 1916 2311 scele—

2092 2251 2170 2304 8’.
2212 2250 2533 2321 Ἐλεύσομαι
2575 2249 2632 2303 δὲ
2667 2251 2744 2314 εἰς
2791 2249 2860 2302 τὰ
2909 2249 2999 2301 ὑπ’
3030 2250 3192 2303 αὐτοῦ
3222 2254 3603 2324 γεγραμμένα,

341 2362 458 2407 rate
488 2351 781 2406 commissa
805 2390 818 2413 ,
852 2365 937 2403 me
968 2348 1214 2402 confero.
1247 2347 1384 2402 Nam
1419 2348 1520 2404 iste
1547 2349 1726 2402 solum
1762 2347 1921 2400 Lucae

341 2444 690 2514 Evangelium
737 2441 1114 2510 amplectitur,
1142 2450 1424 2509 amputato
1456 2447 1636 2494 tamen
1659 2439 1782 2509 ejus
1817 2438 1924 2492 ini-

341 2537 438 2597 tio,
475 2534 617 2603 quod
654 2532 729 2586 ibi
759 2530 1060 2585 Salvatoris
1108 2531 1162 2583 in
1206 2538 1361 2585 utero
1397 2531 1840 2602 generationem,
1869 2535 1924 2584 et

340 2625 585 2693 ejusdem
613 2621 903 2674 adventum
931 2635 1054 2674 cum
1089 2635 1318 2688 corpore
1352 2622 1641 2690 perspicue
1680 2634 1923 2675 comme-

341 2726 536 2772 moret.
579 2715 687 2769 Nec
729 2714 944 2767 initium
995 2711 1156 2766 modo
1203 2711 1638 2782 circumscripsit
1695 2713 1785 2766 ille
1839 2711 1924 2768 sui

344 2811 526 2880 potius
555 2822 715 2877 quam
761 2805 1036 2875 Evangelii
1071 2811 1389 2873 corruptor;
1424 2803 1519 2859 sed
1571 2811 1625 2858 et
1667 2819 1734 2858 ex
1768 2803 1925 2858 initio

345 2903 547 2973 pariter
574 2914 637 2952 ac
673 2899 848 2951 medio
883 2898 1170 2966 plerasque
1197 2897 1448 2951 veritatis
1471 2897 1771 2951 sententias
1801 2912 1926 2951 sus-

343 2994 500 3055 tulit,
571 2991 815 3059 aliasque
866 3005 963 3058 pro
1018 2989 1126 3044 illis
1180 2989 1486 3043 substituit.
1556 2987 1708 3044 Hanc
1762 3004 1925 3042 unam

345 3101 507 3155 porro
541 3082 816 3152 Evangelii
865 3081 1130 3145 formam,
1180 3081 1325 3149 quod
1385 3095 1414 3132 a
1469 3079 1617 3134 Luca
1661 3081 1925 3150 scriptum

345 3177 600 3230 admittit.
638 3174 911 3244 Epistolas
941 3180 1202 3242 przeterea
1232 3171 1386 3225 Pauli
1433 3173 1664 3240 apostoli
1703 3173 1888 3226 decem
1910 3212 1926 3236 ,

344 3268 542 3338 quibus
583 3267 716 3320 solis
771 3266 962 3326 utitur,
1014 3281 1115 3318 nec
1167 3265 1233 3319 iis
1273 3264 1492 3333 quidem
1535 3265 1797 3336 integris,
1833 3264 1928 3318 sed

344 3358 450 3410 alia
478 3373 543 3409 ex
575 3355 683 3408 illis
728 3353 908 3423 capita
941 3353 1210 3418 detrahit,
1246 3355 1351 3407 alia
1380 3363 1704 3408 commutat.
1750 3356 1931 3424 Atque

347 3449 447 3502 hos
504 3446 642 3500 duos
691 3447 859 3499 libros
915 3444 1177 3499 duntaxat
1217 3461 1315 3514 pro
1368 3445 1658 3499 canonicis
1708 3445 1871 3499 habet
1914 3464 1925 3498 :

346 3549 540 3613 praeter
571 3554 708 3608 quos
735 3537 839 3590 alia
874 3536 1096 3607 insuper
1122 3552 1152 3590 a
1183 3551 1240 3590 se
1296 3537 1617 3590 elucubrata
1647 3536 1928 3590 volumina

346 3631 553 3688 erroris
584 3630 747 3699 3m
781 3628 865 3682 sui
901 3628 1163 3683 studiosis
1207 3628 1462 3682 obtrusit.
1496 3627 1750 3696 Epistulae
1775 3642 1926 3692 vero,

347 3739 468 3792 qua:
485 3722 552 3776 ab
570 3722 660 3775 illo
680 3721 1000 3792 probantur,
1017 3719 1241 3774 haesunt
1263 3740 1274 3774 :
1295 3720 1465 3789 prima
1485 3727 1569 3773 est
1593 3718 1659 3772 ad
1676 3718 1927 3784 Galatas;

349 3829 387 3868 ιι
419 3813 485 3866 ad
521 3813 838 3868 Corinthios
871 3811 1079 3880 prima;
1122 3827 1180 3866 ιιι
1205 3811 1268 3865 ad
1307 3809 1623 3865 Corinthios
1655 3809 1927 3876 secunda;

349 3925 403 3962 ιν
427 3907 493 3961 ad
513 3905 820 3971 Romanos;
838 3921 872 3957 v
897 3902 968 3958 ad
995 3903 1516 3958 Thessalonicenses
1539 3902 1749 3973 prima;
1781 3917 1834 3956 vr
1860 3899 1929 3955 ad

347 4001 868 4055 Thessalonicences
901 3997 1177 4059 secunda;
1211 4012 1286 4050 vu
1317 3995 1382 4050 ad
1414 3995 1712 4065 Ephesios;
1740 4011 1834 4049 vm
1861 3994 1927 4048 ad

349 4090 729 4157 Colossenses;
781 4105 837 4142 rx
877 4088 943 4141 ad
973 4088 1374 4154 Philemonem;
1427 4103 1458 4140 χ
1491 4088 1558 4141 ad
1609 4086 1928 4155 Philippen-

352 4198 459 4236 ses.
498 4181 669 4236 Habet
711 4189 765 4234 et
813 4180 880 4234 ad
925 4178 1288 4233 Laodicenses
1329 4178 1588 4248 Epistolae
1630 4178 1928 4248 particulas

351 4272 577 4338 aliquot.
629 4269 748 4334 Qua
794 4284 860 4323 ex
912 4268 1064 4336 ipsa,
1121 4261 1288 4336 quam
1345 4267 1580 4330 retinet,
1616 4266 1926 4336 Evangelii,

352 4357 828 4426 Epistolarumque
874 4355 1082 4420 forma,
1129 4357 1351 4424 planum
1400 4356 1545 4412 hunc
1572 4364 1628 4412 et
1668 4359 1930 4427 imposto-

355 4470 467 4508 rem
519 4469 643 4508 esse
681 4453 1060 4507 demonstrare
1094 4451 1205 4506 Deo
1244 4452 1543 4521 opitulante
1595 4467 1926 4522 possumus,

354 4545 778 4617 plenissimeque
809 4541 1076 4598 refellere.
1120 4542 1335 4598 Etenim
1367 4557 1431 4597 ex
1472 4542 1539 4598 iis
1573 4543 1707 4614 ipsis
1737 4545 1892 4600 libris
1912 4587 1926 4613 ,

350 4654 490 4709 quos
540 4650 828 4708 germanos
876 4650 997 4689 esse
1051 4635 1361 4698 confitetur,
1403 4636 1592 4703 procul
1629 4636 1796 4690 dubio
1842 4653 1929 4693 re-

351 4731 666 4798 darguetur.
715 4725 792 4780 Ex
837 4726 904 4780 iis
938 4726 1159 4795 inquam
1188 4741 1324 4796 quas
1349 4725 1608 4783 adsciscit
1650 4742 1713 4782 ac
1749 4738 1928 4784 servat

351 4821 653 4892 Evangelii,
690 4818 1167 4890 Epistolarumque
1195 4818 1463 4888 reliquiis,
1493 4819 1635 4888 apud
1665 4835 1760 4876 eos
1804 4821 1950 4892 qui-'

1957 3593 2004 3655 (Ζ

1947 3657 1962 3664 ι

2027 2341 2225 2412 μᾶλλον
2256 2342 2311 2394 δὲ
2341 2342 2863 2414 ἐρρᾳδιούργημένα.
2897 2338 3064 2405 Οὗτος
3093 2344 3201 2414 γὰρ
3226 2344 3606 2414 ἐχειΕύαγγέ-

2025 2433 2136 2487 λιον
2169 2435 2326 2504 μόνον
2356 2435 2416 2487 τὸ
2442 2435 2584 2487 κατά
2617 2436 2853 2499 Λουκᾶν,
2885 2437 3355 2505 περικεκομμένον
3381 2438 3489 2489 ἀπὸ
3514 2439 3608 2508 τῆς

2027 2527 2199 2596 ἀρχῆς
2228 2526 2315 2578 διὰ
2345 2527 2444 2596 τὴν
2476 2525 2570 2578 τοῦ
2602 2527 2853 2598 Σωτῆρος
2886 2525 3145 2596 σύλληψιν
3181 2529 3272 2580 καὶ
3293 2529 3392 2598 τὴν
3419 2528 3582 2600 ἔνσαρ

2026 2634 2120 2669 κον
2141 2617 2303 2670 αὐτοῦ
2329 2619 2654 2689 παρουσίαν.
2689 2620 2762 2671 υύ
2804 2620 2961 2690 μόνον
2990 2619 3044 2672 δὲ
3069 2619 3166 2690 τὴν
3201 2622 3372 2692 ἀρχὴν
3402 2623 3596 2676 ἀπέτε-

2030 2727 2130 2780 μεν
2161 2711 2188 2761 ὁ
2212 2710 2592 2781 λυμηνάμενος
2620 2711 2809 2763 ἑαυτὸν
2836 2713 2977 2782 ἤπερ
3006 2711 3065 2762 τὸ
3088 2713 3415 2780 Εὐαγγέλιον
3435 2732 3448 2743 ·
3477 2715 3610 2768 ἀλλὰ

2027 2806 2121 2856 καὶ
2153 2804 2245 2856 τού
2275 2804 2463 2867 τέλους
2492 2804 2586 2856 καὶ
2610 2804 2717 2857 τῶν
2750 2806 2929 2874 μέσων
2975 2805 3146 2857 πολλά
3179 2808 3475 2876 περιέκοψε
3503 2809 3616 2862 τῶν

2026 2894 2128 2964 τῆς
2161 2894 2415 2964 ἀληθείας
2447 2895 2619 2964 λόγων
2640 2913 2652 2926 ·
2681 2896 2815 2949 ἄλλα
2855 2897 2912 2948 δὲ
2963 2897 3115 2967 παρὰ
3155 2897 3225 2952 τά
3253 2903 3616 2971 γεγραμμένα

2029 2986 2402 3058 προστέθεικε.
2431 2987 2593 3056 Mdth
2621 2988 2676 3040 δὲ
2701 2988 2965 3058 κέχρηται
2992 2989 3166 3058 τούτῳ
3196 2989 3274 3059 τῷ
3304 2994 3614 3065 χαρακτῆρι

2029 3079 2107 3149 τῷ
2141 3078 2280 3132 κατὰ
2313 3081 2524 3132 Λουκᾶν
2557 3081 3130 3152 Εὑαγγελίῳ.Ἔχειδὲ
3157 3084 3252 3136 καὶ
3296 3085 3617 3150 Ἐπιστολάς

2031 3171 2160 3242 παρ’
2195 3170 2341 3241 αὐτῷ
2391 3170 2484 3224 τοῦ
2531 3172 2686 3239 ἁγίου
2731 3172 3054 3225 Ἀποστόλου
3105 3174 3257 3236 δέκα,
3283 3168 3372 3237 αἷς
3425 3176 3615 3245 μόναις

2031 3263 2317 3333 κέχρηται,
2346 3264 2406 3315 οὐ
2449 3266 2581 3317 πᾶσι
2621 3265 2677 3316 δὲ
2722 3268 2831 3327 τοῖς
2872 3267 2929 3318 ὲν
2972 3266 3160 3330 αὐταῖς
3187 3268 3613 3340 γεγραμμένοις,

2033 3351 2169 3404 ἀλλά
2195 3370 2315 3406 τινα
2345 3353 2523 3408 αὐτῶν
2551 3355 2912 3425 περιτέμνων,
2950 3358 3071 3410 τινὰ
3099 3359 3156 3411 δὲ
3186 3357 3486 3422 ἀλλοιώσας
3526 3377 3616 3412 κε-

2034 3443 2255 3512 φάλαια.
2280 3445 2520 3509 Ταύταις
2548 3446 2604 3498 δὲ
2628 3450 2748 3510 ταῖς
2775 3447 2895 3500 δυσὶ
2920 3447 3119 3518 βίϐλοις
3150 3449 3616 3521 κέχρηται.”Αλλα

2033 3534 2091 3588 δὲ
2131 3535 2483 3607 συντάγματα
2533 3539 2625 3608 ἀφ’
2650 3539 2842 3592 ἑαυτοῦ
2881 3541 3135 3605 συνέταξε
3178 3544 3289 3604 τοῖς
3324 3543 3419 3596 ἀπ’
3450 3542 3614 3595 αὐτοῦ

2035 3627 2426 3698 πλανωμένοις.
2452 3631 2518 3683 Δί
2545 3631 2600 3683 δὲ
2635 3632 2946 3686 Ἐπιστολαὶ
2975 3635 3030 3684 ai
3063 3635 3192 3705 παρ’
3222 3634 3371 3705 αύτῷ
3399 3634 3616 3705 λεγόμεε

2033 3719 2122 3772 ναί
2182 3721 2324 3772 εἰσι·
2380 3721 2570 3794 πρώτη
2619 3723 2716 3794 μὲν
2766 3724 2904 3794 πρὸς
2970 3725 3237 3790 Γαλάτας,
3287 3727 3513 3796 δεῦτέρα
3558 3727 3615 3780 δὲ

2035 3808 2170 3880 πρὸς
2215 3812 2552 3882 Κορινθίους,
2624 3815 2779 3886 τρίτη
2824 3816 2956 3885 πρὸς
3011 3817 3331 3887 Κορινθίους
3362 3817 3605 3888 δευτέρα,

2033 3900 2265 3972 τετάρτη
2328 3903 2464 3973 πρὸς
2521 3902 2824 3973 Ῥωμαίους
2853 3943 2868 3968 ,
2926 3906 3149 3977 πέμπτη
3210 3907 3346 3978 πρὸς
3407 3909 3612 3962 Θεσσα-

2033 3988 2285 4059 λονικεῖς,
2343 3995 2474 4067 ἕκτη
2502 4035 2518 4061 ,
2562 3998 2699 4070 πρὸς
2742 3998 3162 4060 Θεσσαλονικεῖς
3193 3998 3439 4070 δευτέρα,
3469 4000 3613 4053 ἑϐδό-

2037 4089 2263 4162 μηπρδς
2313 4089 2593 4158 Ἐφεσίους
2619 4129 2634 4154 ,
2711 4092 2871 4162 ὀγδόη
2939 4092 3074 4163 πρὸς
3136 4093 3477 4159 Κολωσσεῖς,
3527 4096 3610 4147 ὲν-

2033 4185 2166 4254 νάτη
2212 4183 2349 4253 πρὸς
2397 4182 2693 4252 Φιλήμονα,
2746 4183 2946 4255 δεκάτη
3004 4183 3140 4254 πρὸς
3193 4185 3604 4258 Φιλιππησίους.

2037 4276 2190 4344 Ἔχει
2223 4275 2279 4327 δὲ
2325 4274 2420 4327 καὶ
2452 4275 2552 4342 τῆς
2583 4275 2718 4344 πρὸς
2759 4276 3078 4338 Λαοδικείας
3117 4277 3418 4350 λεγομένης
3449 4278 3608 4350 μέρη.

2046 4369 2136 4433 Ἐξ
2177 4360 2348 4438 οὗπερ
2379 4366 2724 4436 χαρακτῆρος
2769 4365 2862 4419 τοῦ
2914 4368 3043 4437 παρ’
3072 4368 3234 4420 αὑτοῦ
3282 4368 3609 4439 σωζομένου,

2031 4458 2124 4512 τοῦ
2153 4475 2211 4511 τε
2243 4456 2593 4526 Εὐαγγελίου,
2626 4456 2718 4508 καὶ
2751 4455 2859 4508 τῶν
2887 4455 3218 4510 Ἐπιστολῶν
3239 4459 3332 4511 τοῦ
3358 4460 3613 4513 Ἀποστό-

2032 4551 2145 4614 λου,
2185 4549 2353 4612 δεῖξαι
2380 4546 2538 4599 αὑτὸν
2579 4547 2636 4598 ὲν
2679 4544 2796 4615 Θεῷ
2843 4544 3037 4616 ἔχομεν
3077 4547 3368 4600 ἀπατεῶνα
3397 4548 3492 4602 καὶ
3523 4564 3612 4599 πε-

2035 4640 2393 4711 πλανημένον,
2427 4639 2519 4692 καὶ
2557 4637 2834 4708 ἀκρότατα
2875 4637 3161 4706 διελέγξαι.
3181 4640 3269 4706 Ἐξ
3295 4639 3472 4692 αὐτῶν
3505 4639 3610 4710 γὰρ

2031 4735 2415 4804 ἀναμφιϐόλως
2442 4731 2551 4785 τῶν
2573 4733 2704 4802 παρ’
2726 4729 2890 4783 αὐτοῦ
2911 4731 3358 4802 ὁμολογουμένων
3387 4733 3613 4803 ἀνατρα-

2034 4829 2285 4899 πήσεται.
2305 4825 2400 4878 Ἐκ
2441 4825 2550 4896 γὰρ
2594 4824 2702 4877 τῶν
2739 4821 2929 4900 ,αὐτῶν
2967 4823 3046 4876 ἔτι
3073 4824 3208 4894 ’παρ’
3238 4823 3404 4876 αὑτοῦ
3435 4823 3613 4893 λειψά-

352 4912 506 4974 dem,
551 4911 643 4980 qui
681 4909 959 4979 sapientiae
987 4908 1267 4978 paululum
1319 4908 1591 4976 habeant,
1641 4911 1922 4966 manifeste

2033 4936 2160 4984 νων,
2190 4918 2282 4971 τοῦ
2311 4936 2370 4970 τε
2396 4915 2729 4986 Εὐαγγελίου
2754 4916 2846 4969 καὶ
2873 4913 2980 4968 τῶν
3009 4914 3344 4968 Ἐπιστολῶν
3372 4917 3611 4988 εὑρισκο-

353 5001 748 5070 probabimus,
811 5013 1154 5068 nequaquam
1215 5013 1245 5050 a
1311 4999 1506 5055 Vetere
1579 4998 1932 5056 Testamento

352 5094 628 5148 Christum
649 5132 664 5155 ,
698 5099 790 5144 aut
821 5091 886 5145 ab
913 5107 979 5145 eo
1013 5105 1136 5143 cum
1172 5104 1334 5144 carne
1367 5093 1618 5145 veniente
1639 5090 1934 5160 prophetas

353 5184 669 5238 abhorrere.
692 5181 832 5247 Quin
851 5181 1013 5234 etiam
1034 5180 1488 5236 resurrectionem
1536 5195 1826 5249 corporum
1864 5181 1932 5234 ab

351 5273 610 5344 Apostolo
642 5271 964 5340 praedicari,
994 5278 1047 5326 et
1079 5275 1131 5324 in
1177 5287 1366 5326 eorum
1401 5271 1493 5340 qui
1527 5272 1760 5325 salutem
1796 5287 1930 5326 con-

353 5371 656 5434 sequuntur
707 5378 992 5416 numerum
1059 5364 1426 5416 Abrahamum
1488 5363 1555 5416 ab
1618 5364 1808 5418 eodem
1873 5373 1927 5417 et

352 5456 594 5510 lsaacum
624 5455 996 5524 Jacobumque
1027 5455 1256 5522 referri;
1301 5470 1402 5509 nec
1437 5469 1544 5509 non
1581 5455 1789 5524 reliqua
1827 5455 1924 5510 de-

352 5547 802 5600 monstrabuntur
863 5546 1066 5612 omnia,
1121 5561 1240 5616 qua:
1283 5554 1472 5600 sancta
1529 5544 1624 5600 Dei
1681 5545 1921 5601 Ecclesia

436 5697 449 5726 ¹
487 5695 689 5762 Ephes.
722 5713 773 5761 v,
809 5698 896 5749 i6.

2035 5009 2230 5078 μένων,
2263 5008 2604 5079 δειχθήσεται
2636 5010 2664 5061 ὁ
2694 5007 2926 5077 Χριστὸς
2955 5009 3066 5069 τοῖς
3093 5010 3332 5069 συνετοῑς
3363 5007 3438 5078 μὴ
3467 5006 3612 5060 ἀλλό-

2031 5114 2180 5166 τριος
2219 5093 2360 5150 εἶναι
2405 5097 2651 5160 Παλαιᾶς
2676 5097 2972 5167 Διαθήκης,
3004 5096 3098 5150 καὶ
3131 5097 3180 5149 οί
3212 5098 3487 5168 προφῆται
3517 5091 3609 5150 οὗν

2029 5187 2128 5238 ούκ
2150 5184 2416 5254 ἀλλότριοι
2448 5185 2600 5247 ὄντες
2632 5184 2728 5254 τῆς
2758 5185 2850 5237 τοῦ
2881 5184 3080 5256 Κυρίου
3109 5185 3388 5255 ἐνδημίας,
3415 5186 3505 5237 καὶ
3527 5186 3608 5238 ὅτι

2030 5275 2323 5328 ἀνάστασιν
2343 5273 2542 5343 σαρκὸς
2565 5276 2592 5326 ὁ
2610 5273 2930 5337 Ἀπόστολος
2956 5274 3233 5343 κηρύττει,
3254 5276 3346 5326 καὶ
3371 5273 3608 5335 δικαίους

2032 5367 2156 5428 τοὺς
2187 5367 2471 5436 προφήτας
2489 5364 2762 5434 ὀνομάζει,
2796 5365 2888 5418 καὶ
2913 5367 2969 5416 ὲν
3001 5364 3327 5436 σωζομένοις
3350 5366 3607 5438 ὑπάρχον-

2030 5475 2129 5521 τας
2166 5459 2290 5520 τοὺς
2325 5459 2449 5526 περῖ⁹
2477 5456 2747 5526 Ἀϐραὰμ,
2779 5458 2872 5511 καὶ
2905 5458 3108 5520 Ἰσαὰκ,
3147 5457 3242 5510 καὶ
3274 5457 3486 5520 Ἰακὼϐ,
3514 5456 3606 5512 καὶ

2032 5548 2206 5601 πάντα
2239 5550 2336 5602 ὅσα
2365 5548 2482 5601 ἐστὶ
2514 5547 2608 5615 τῆς
2650 5547 2808 5614 ἁγίας
2845 5547 2936 5601 τοῦ
2977 5546 3110 5600 Θεοῦ
3147 5547 3474 5620 Ἐκκλησίας
3502 5545 3601 5618 (τε.)
