3960 6186
359 330 458 387 ⁸203

1049 330 1428 391 ADVERSUS
1465 331 1810 390 HIERESES
1845 330 1973 390 LIB.
2018 332 2056 387 1.
2100 331 2263 390 TOM.
2305 331 2390 388 ill.
2431 364 2502 377 —
2533 332 2806 394 HIERES.
2834 335 2996 392 XLII.

3531 340 3641 398 710

357 448 602 519 σωτήρια
632 447 726 500 καὶ
752 445 883 515 am
914 409 1009 513 xe‘t
1037 448 1102 499 ἐκ
1126 446 1258 499 Θεοῦ
1289 447 1690 519 ἐστηριγμένα,
1722 448 1781 502 ἐν
1802 466 1862 503 τε
1887 450 1944 520 τῇ

2060 449 2370 520 proﬁtetur,
2405 448 2669 504 salutaria
2700 449 2791 504 illa
2822 450 3065 523 quidem,
3096 465 3160 507 ac
3203 452 3649 526 sancta,Deique
3752 502 3757 517 .

354 540 536 594 πίστει
561 539 656 592 καὶ
687 538 747 591 ἐν
775 539 843 608 τῇ
872 535 1091 606 γνώσει,
1120 537 1213 591 καὶ
1248 539 1308 591 ἐν
1341 538 1535 605 ἐλπίδι,
1565 540 1659 593 καὶ
1691 540 1948 594 διδασκα-

358 632 472 688 λία.

426 726 483 778 I'.
518 722 922 795 Παραθήσομαι
944 720 999 775 δὲ
1019 722 1113 775 καὶ
1148 722 1216 793 ἢν
1238 723 1593 797 ἐποιησάμην
1628 726 1751 780 κατ’
1780 724 1946 780 αὑτοῦ

355 813 762 886 πραγματείαν,
818 813 948 882 πρὶν
992 813 1085 866 τοῦ
1128 813 1339 886 ταύτην
1389 833 1491 886 μου
1537 819 1637 889 τὴν
1695 818 1948 883 σύνταξιν

355 904 747 958 ἐσπουδακέναι
778 903 864 957 διὰ
892 904 993 974 τῆς
1024 904 1180 975 ὑμῶν
1204 904 1315 958 τῶν
1347 907 1594 977 ἀδελφῶν
1632 911 1951 982 προτροπῆς

356 994 702 1068 ποιήσασθαι.
722 995 855 1048 Ἀπὸ
870 995 1007 1048 ἐτῶν
1038 996 1239 1050 ἱκανῶν
1262 998 1354 1051 ἀνε
1364 998 1568 1069 ρευνῶν
1587 999 1603 1030 ²
1631 1000 1731 1070 τὴν
1756 1001 1947 1054 τούτου

355 1088 449 1142 τοῦ
485 1086 811 1159 Μαρκίωνος
835 1088 1268 1160 ἐπινενοημένην
1311 1089 1680 1162 ψευδηγορίαν
1716 1091 1813 1144 καὶ
1860 1091 1951 1162 λη-

363 1180 502 1252 ρὼδη
529 1180 895 1247 διδασκαλίαν,
925 1180 1097 1244 αὐτὰς
1134 1180 1198 1252 δὴ
1247 1181 1348 1246 τὰς
1397 1181 1491 1236 τοῦ
1544 1183 1945 1255 προειρημένου

362 1273 599 1344 βίϐλους,
634 1273 701 1337 ἀς
730 1273 994 1345 κέκτηται
1020 1273 1160 1345 μετά
1187 1277 1375 1347 χεῖρας
1407 1274 1608 1341 λαϐὼν,
1643 1276 1703 1328 τό
1724 1292 1784 1328 τε
1816 1277 1947 1345 παρ’

359 1366 539 1419 αὐτιῖιν
567 1365 860 1434 λεγόμενον
890 1366 1224 1436 Εὐαγγέλιον
1249 1367 1346 1420 καὶ
1370 1366 1727 1421 ἀποστολικὸν
1758 1366 1949 1421 καλού-

364 1475 523 1528 μενον
564 1459 696 1529 παρ’
724 1457 892 1528 αὐτῷ,
922 1458 1366 1529 ἐξανθισάμενος,
1413 1460 1506 1512 καὶ
1551 1459 1946 1530 ἀναλεξάμενος

360 1548 480 1602 καθ’
507 1549 701 1621 εἱρμὸν
734 1549 845 1602 ἀπὸ
882 1548 991 1603 τῶν
1036 1551 1452 1622 προειρημένων
1499 1551 1591 1604 δύο
1626 1551 1845 1622 βιϐλίων
1877 1550 1946 1603 τὰ

358 1641 574 1711 ἐλέγξαι
599 1641 762 1694 αὑτὸν
781 1641 1077 1713 δυνάμενα,
1110 1642 1330 1712 ἐδάφιόν
1358 1660 1411 1696 τι
1439 1642 1745 1708 συντάξεως
1768 1645 1947 1713 ἐποιη-

363 1733 562 1804 σάμην,
597 1731 905 1796 ἀκολούθως
949 1732 1114 1798 τάξας
1151 1734 1447 1803 κεφάλαια,
1497 1736 1592 1789 καὶ
1632 1734 1944 1806 ἐπιγράψας

2055 541 2385 595 auctoritate
2414 539 2694 603 roborata,
2739 556 2859 611 quae
2890 542 3170 597 communi
3204 542 3340 610 ﬁde,
3377 546 3645 611 scientia,

2062 647 2180 702 spe,
2211 633 2571 701 doctrinaque
2597 633 3030 702 comprehendit.

2125 725 2192 780 X.
2240 725 2396 782 Libet
2423 743 2552 783 vero
2581 728 3004 797 disputationem
3040 727 3333 799 quamdam
3363 727 3456 783 hic
3488 728 3640 783 inse-

2052 834 2204 884 rere,
2247 834 2409 888 quam
2453 818 2717 875 adversus
2769 820 3082 874 haereticum
3129 822 3296 875 istum
3351 820 3644 874 elucubra-

2049 926 2268 973 veram,
2301 916 2595 980 autequam
2630 926 2769 981 opus
2801 911 2947 965 istud
2993 910 3214 965 hortatu
3249 920 3433 967 vestro
3462 910 3642 966 susci-

2053 1016 2257 1069 perem.
2306 1000 2440 1055 Nam
2497 1016 2623 1055 cum
2666 1002 2853 1056 multis
2892 1002 3093 1056 abhinc
3148 1003 3307 1057 annis
3350 1001 3643 1056 Marcionis

2051 1094 2216 1163 hujus
2240 1093 2646 1148 commentitias
2676 1093 2909 1171 fabulas,
2936 1104 2990 1148 et
3022 1094 3343 1147 inanissima
3378 1093 3635 1163 dogmata

2049 1192 2429 1255 perscrutatus
2472 1201 2650 1241 essem
2676 1226 2691 1250 ,
2727 1200 2976 1257 quosque
3010 1186 3099 1240 ille
3131 1186 3300 1240 libros
3336 1200 3437 1255 pro
3469 1198 3639 1241 cano--

2049 1277 2188 1332 nicis
2239 1277 2595 1347 comprobat;
2633 1284 2764 1347 puta
2806 1276 3169 1348 Evangelium
3216 1277 3361 1346 quod
3408 1277 3515 1347 ipsi
3548 1291 3645 1330 vo-

2047 1374 2215 1430 cant,
2243 1374 2297 1420 et
2330 1367 2692 1437 apostolicum
2742 1367 2812 1421 ab
2850 1366 3042 1421 iisdem
3097 1366 3439 1419 nominatum
3492 1364 3643 1421 evol-

2048 1472 2202 1523 vens,
2241 1458 2529 1513 selectiora
2561 1458 2690 1512 inde
2725 1459 2985 1512 nonnulla
3011 1498 3025 1522 ,
3062 1473 3183 1527 qum
3210 1448 3273 1512 ad
3309 1458 3459 1510 illum
3492 1456 3643 1511 refu-

2048 1550 2271 1605 tandum
2311 1551 2617 1620 pertinent,
2667 1552 2985 1605 continuata
3019 1549 3160 1604 serie
3205 1549 3641 1619 decerpsissem,

2046 1642 2319 1697 uberioris
2371 1641 2659 1711 cujusdam
2712 1643 2893 1712 operis
2945 1631 3300 1696 fundamenta
3341 1641 3538 1711 posui;
3578 1654 3644 1694 ac

2047 1733 2389 1803 singulorum
2428 1736 2667 1804 capitum
2712 1733 2958 1788 ordinem
2997 1733 3071 1786 ita
3105 1731 3397 1797 distribui,
3425 1738 3485 1784 ut
3518 1731 3643 1785 uni-

360 1823 581 1898 ἑκάστῃ⁵
595 1825 753 1898 ῥήσει
776 1823 1018 1897 πρώτην,
1054 1825 1340 1898 δευτέραν,
1375 1826 1600 1898 τρίτην·
1644 1828 1738 1881 καὶ
1774 1826 1944 1891 οὕτως

2052 1825 2248 1895 cuique
2291 1825 2573 1880 sententia:
2595 1864 2610 1888 ,
2664 1824 2871 1894 prima,
2908 1824 3195 1890 lsecunda,
3230 1824 3391 1878 tertia
3412 1862 3427 1886 ,
3460 1837 3526 1876 ac
3562 1822 3643 1878 sic

359 1917 460 1981 ἕως
500 1917 688 1981 τέλους
728 1916 1027 1987 διεξῆλθον,
1058 1919 1117 1971 ἐν
1157 1913 1240 1982 οἷς
1284 1919 1537 1988 φαίνεται
1564 1918 1789 1988 ἠλιθίως
1816 1918 1939 1972 καθ’

359 2007 548 2061 ἑαυτοῦ
583 2008 675 2061 ἐπὶ
707 2008 908 2072 ταύτας
947 2008 1047 2072 τὰς
1097 2010 1517 2081 παραμεινάσας
1555 2008 1648 2063 τοῦ
1679 2027 1738 2063 τε
1766 2011 1942 2077 Σωτῆ·

360 2117 450 2171 ρος
475 2100 570 2153 καὶ
609 2097 701 2152 τοῦ
719 2099 1042 2153 Ἀποστόλου
1071 2099 1246 2165 λέξεις
1272 2102 1580 2170 φυλάττων.
1609 2103 1675 2155 Ai
1709 2103 1809 2172 μὲν
1831 2103 1941 2174 γὰρ

358 2188 534 2241 αὐτῶν
562 2187 1030 2259 παρηλλαγμένως
1068 2189 1160 2242 ὑπ’
1180 2190 1348 2244 αὑτοῦ
1377 2191 1941 2263 ἐρῤᾳδιουργήθησαν,

354 2282 449 2336 καὶ
478 2280 554 2345 ὡς
583 2282 683 2333 οὐκ
713 2278 827 2351 εἶχε
859 2280 939 2351 τῷ
972 2280 1115 2333 κατά
1147 2282 1361 2336 Λουκᾶν
1403 2282 1723 2352 Εὑαγγελίῳ
1751 2283 1812 2335 τὸ
1848 2283 1943 2337 ἀν-

355 2369 639 2441 τίγραφον,
670 2369 793 2423 οὔτε
823 2371 856 2441 ή
882 2370 977 2423 τοῦ
1004 2371 1363 2425 ἀποστολικοῦ
1392 2374 1740 2444 χαρακτῆρος
1767 2372 1942 2444 ἐμφα-

356 2477 469 2523 σις·
501 2460 637 2515 ἄλλα
663 2460 720 2515 δὲ
751 2460 912 2531 φύσει
937 2461 1011 2525 ὼς
1040 2461 1152 2534 ἔχει
1191 2464 1286 2517 καὶ
1327 2465 1390 2518 τὺ
1422 2465 1755 2536 Εὐαγγέλιον
1785 2466 1878 2519 καὶ
1911 2465 1939 2517 ὁ

369 2552 709 2618 Ἀπόστολος,
748 2552 823 2624 μὴ
872 2553 1180 2622 ἀλλαγέντα
1227 2556 1319 2609 ὑπ’
1354 2556 1541 2623 αὑτοῦ,
1586 2558 1861 2629 δυνάμενα
1885 2557 1940 2610 δὲ

355 2644 518 2697 αὐτὸν
553 2643 870 2714 διελέγχειν,
921 2644 988 2697 δι’
1015 2639 1091 2698 ὧν
1120 2644 1390 2701 δείκνυται
1438 2648 1651 2703 Παλαιὰ
1696 2649 1939 2721 Διαθήκη

358 2734 723 2806 συμφωνοῦσα
769 2736 906 2806 πρὸς
932 2735 1030 2807 τὴν
1062 2737 1230 2804 Νέαν,
1266 2739 1360 2792 καὶ
1389 2741 1423 2810 ἠ
1452 2741 1627 2813 Καινὴ
1671 2742 1809 2813 πρὸς
1841 2742 1941 2815 τὴν

356 2827 600 2882 Παλαιὰν
634 2827 1128 2899 Διαθήκην.Ἀλλαι
1156 2829 1213 2884 δὲ
1243 2831 1405 2884 πάλιν
1433 2833 1609 2897 λέξεις
1630 2834 1739 2887 τῶν
1758 2835 1940 2889 αὐτῶν

357 2916 581 2988 βιϐλίων
614 2917 973 2987 ὑποφαίνουσι
1020 2919 1256 2991 Χριστὸν
1310 2922 1368 2974 ἐν
1410 2923 1574 2992 σαρκὶ
1599 2922 1936 2994 ἐληλυθέναι,

355 3010 451 3063 καὶ
477 3010 534 3061 ἐν
560 3009 691 3081 ἡμῖν
718 3008 937 3073 τελείως
967 3011 1472 3083 ἐνηνθρωπηκέναι.
1490 3012 1651 3068 Ἀλλά
1670 3016 1764 3069 καὶ
1784 3015 1940 3071 ἄλλαι

357 3098 520 3155 πάλιν
552 3098 911 3170 ὁμολογοῦσαι
956 3101 1052 3173 τὴν
1092 3101 1201 3155 τῶν
1246 3103 1458 3174 νεκρῶν
1490 3104 1805 3172 ἀνάστασιν,
1843 3109 1939 3162 καί¹

2050 1916 2309 1987 deinceps
2339 1918 2754 1986 praescriberem
2790 1923 2884 1972 :et
2910 1917 2977 1970 ad
3017 1916 3177 1970 ﬁnem
3218 1930 3392 1985 usque
3427 1914 3644 1984 singula

2054 2017 2342 2075 notarem,
2388 2011 2444 2064 in
2477 2010 2676 2080 quibus
2729 2010 2865 2065 istas
2905 2007 3208 2062 Salvatoris
3252 2014 3346 2061 aut
3395 2005 3642 2075 Apostoli

2050 2103 2355 2159 sententias
2383 2111 2573 2157 contra
2619 2117 2675 2158 se
2713 2101 2930 2157 videtur
2964 2100 3293 2157 stultissime
3320 2098 3638 2153 retinuisse.

2049 2190 2306 2256 Quaedam
2341 2193 2487 2247 enim
2526 2207 2591 2247 ex
2644 2193 2752 2248 illis
2801 2192 2869 2247 ab
2898 2207 2964 2246 eo
3003 2196 3351 2246 commutatae
3382 2189 3645 2258 deprava-

2049 2289 2226 2353 tazque
2262 2292 2422 2347 sunt;
2466 2283 2624 2352 311
2668 2298 2776 2336 non
2809 2298 2872 2337 ea
2914 2281 3018 2336 ﬁde
3055 2288 3461 2351 repraesentata
3483 2321 3498 2346 ,
3532 2295 3642 2348 qua

2052 2383 2147 2431 aut
2192 2376 2246 2428 in
2291 2373 2571 2445 Evangelii
2630 2372 2930 2429 secundum
2986 2372 3186 2426 Lucam
3235 2370 3642 2440 exemplaribus

2049 2468 2324 2538 leguntur,
2368 2474 2461 2522 aut
2509 2466 2843 2537 apostolicus
2894 2464 3011 2535 ipse
3060 2463 3237 2535 stylus
3270 2478 3383 2533 pra:
3416 2478 3474 2518 se
3499 2461 3642 2517 ferre

2049 2561 2320 2615 videatur.
2356 2560 2506 2614 Alias
2560 2559 2802 2626 integras
2856 2563 2909 2610 et
2963 2556 3315 2623 incorruptas
3369 2553 3637 2623 reliquit;

2050 2649 2362 2722 cujusmodi
2407 2650 2624 2705 sincero
2654 2649 2711 2702 in
2738 2646 3032 2717 Evangelio
3077 2654 3131 2700 et
3178 2645 3441 2715 Apostolo
3483 2659 3643 2715 repe-

2051 2745 2307 2809 riuntur;
2339 2758 2407 2797 ex
2455 2742 2658 2813 quibus
2698 2739 2848 2794 illius
2886 2737 3140 2792 convinci
3176 2736 3460 2791 mendacia
3513 2750 3639 2805 pos-

2051 2842 2213 2898 sunt;
2252 2839 2440 2901 utpote
2474 2846 2596 2901 quae
2626 2828 2839 2884 Veteris
2896 2826 3231 2882 Testamenti
3280 2842 3404 2880 cum
3448 2824 3637 2891 Novo,

2050 2925 2216 2995 hujus
2260 2923 2505 2979 vicissim
2544 2938 2667 2978 cum
2695 2922 2790 2975 illo
2822 2920 3243 2975 consensionem
3292 2932 3357 2972 ac
3407 2931 3639 2971 concor-

2052 3017 2194 3071 diam
2248 3015 2548 3070 declarant.
2608 3012 2797 3068 insunt
2838 3012 2890 3064 in
2944 3011 3031 3066 his
3076 3009 3232 3065 libris
3262 3015 3317 3063 et
3348 3009 3453 3062 alia
3484 3009 3636 3073 loca,

2050 3106 2251 3176 quibus
2268 3111 2549 3174 aSsumpta
2571 3118 2736 3157 carne
2761 3102 2978 3157 venisse
2993 3100 3270 3155 Christum
3293 3098 3637 3174 ostendatur,

355 3191 449 3245 τὸν
492 3191 626 3245 Θεὸν
674 3193 770 3247 ἕνα
817 3193 947 3247 ὅντα
987 3192 1193 3263 Κύριον
1238 3194 1455 3248 πάντων
1503 3199 1939 3272 παντοκράτορα,

2052 3212 2113 3252 ac
2145 3196 2441 3267 perfectum
2488 3195 2633 3248 inter
2662 3209 2763 3249 nos
2796 3192 3070 3246 hominem
3112 3190 3283 3244 fuisse
3332 3198 3630 3244 versatum.

355 3283 520 3337 αὐτὸν
554 3284 779 3355 ποιητὴν
810 3285 1040 3355 οὐρανοῦ
1068 3285 1164 3339 καὶ
1189 3286 1313 3357 γῆς,
1344 3287 1438 3341 καὶ
1465 3288 1681 3342 πάντων
1711 3291 1820 3345 τῶν
1853 3293 1945 3346 ἐπὶ

356 3376 459 3445 γῆς
522 3375 830 3447 γενομένων
858 3417 872 3440 ,
931 3377 1025 3429 καὶ
1079 3376 1203 3430 οὔτε
1269 3382 1793 3452 παραχαράσσουσαι
1849 3383 1943 3437 τοῦ

357 3464 692 3533 Εὐαγγελίου
743 3466 841 3537 τὴν
891 3466 1104 3536 κλῆσιν,
1146 3466 1272 3521 οὔτε
1321 3472 1429 3543 μὴν
1476 3472 1806 3547 ἀρνούμεναι
1854 3475 1947 3528 τὸν

357 3558 590 3629 ποιητὴν
618 3559 710 3611 καὶ
742 3558 1072 3630 δημιουργὸν
1115 3558 1224 3613 τῶν
1259 3562 1497 3629 πάντων,
1531 3564 1667 3619 ἀλλά
1690 3565 1947 3638 δηλοῦσαι

356 3649 449 3703 τὸν
493 3648 680 3717 σαφῶς
710 3648 1132 3721 ὡμολογημένον
1182 3653 1288 3706 ὑπὸ
1332 3655 1428 3709 τοῦ
1475 3661 1819 3733 χαρακτῆρος
1850 3662 1945 3715 τοῦ

356 3740 715 3795 ἀποστολικοῦ
759 3740 852 3795 καὶ
884 3742 979 3795 τοῦ
1027 3744 1388 3814 εὐαγγελικοῦ
1415 3748 1788 3820 κηρύγματος.
1837 3753 1949 3807 Καὶ

357 3831 475 3886 ἐστι
503 3831 571 3886 τά
595 3834 726 3903 ἡμῖν
756 3836 1308 3907 πεπραγματευμένα
1340 3839 1397 3891 ἐν
1423 3839 1807 3914 ὑποκειμένοις
1836 3862 1946 3899 πα-

358 3924 716 3999 ρατιθέμενα,
750 3924 909 3981 ἅτινά
937 3927 1053 3980 ἐστι
1085 3928 1237 3984 τάδε.

448 4208 765 4280 Προοίμιον
788 4200 899 4283 τῆς
922 4211 1055 4283 περὶ
1080 4211 1198 4266 τῶν
1226 4215 1577 4283 Μαρκίωνος
1595 4217 1857 4281 ,βιϐλίων

713 4280 1057 4349 ὑποθέσεως
1083 4299 1148 4335 τε
1182 4284 1284 4337 καί
1307 4280 1582 4355 ἐλέγχού.

430 4393 531 4447 IA'.
569 4393 719 4465 Ὅτῳ
747 4394 901 4464 φίλον
939 4396 1056 4449 ἐστὶ
1096 4395 1197 4462 τὰς
1230 4398 1324 4452 τοῦ
1364 4399 1646 4472 ἀπατηλοῦ
1678 4404 1943 4477 Μαρκίω-

2051 3287 2333 3344 Accedunt
2368 3301 2431 3341 ea
2464 3300 2711 3357 quoque,
2742 3284 2945 3354 quibus
2995 3287 3338 3335 mortuorum
3370 3279 3640 3349 praedica-

2053 3389 2142 3435 tur
2186 3378 2477 3444 excitatio;
2529 3376 2783 3444 idemque
2825 3373 2969 3429 Deus
3017 3381 3071 3427 et
3114 3372 3494 3425 universorum
3530 3367 3635 3421 Do.

2051 3472 2234 3526 minus
2256 3470 2633 3539 omnipotens,
2661 3467 2787 3525 caeli
2821 3482 2885 3522 ac
2919 3473 3110 3530 terra},
3141 3466 3494 3534 omniumque
3520 3474 3640 3532 quae

2052 3574 2180 3623 sunt
2213 3566 2269 3621 in
2314 3576 2459 3621 terra
2496 3564 2748 3619 conditor
2782 3562 3117 3633 perhibetur.
3166 3559 3298 3626 Quae
3332 3573 3434 3613 nec
3466 3571 3639 3612 evan-

2051 3660 2276 3730 gelicam
2318 3659 2659 3713 vocationem
2697 3648 3042 3718 adulterant,
3067 3666 3169 3706 nec
3207 3651 3378 3705 totius
3413 3650 3639 3703 univer-

2051 3749 2231 3806 sitatis
2276 3755 2556 3807 auctorem
2588 3761 2652 3801 ac
2682 3747 2989 3800 molitorem
3033 3745 3334 3813 abnegaut;
3362 3742 3456 3797 sed
3486 3756 3642 3796 eum-

2049 3843 2172 3898 dem
2204 3841 2381 3911 ipsum
2419 3838 2666 3894 referunt
2694 3879 2709 3903 ,
2735 3836 2952 3907 qualem
2983 3844 3036 3890 et
3067 3834 3400 3905 apostolicus
3430 3833 3637 3904 stylus,

2051 3944 2105 3990 et
2135 3932 2451 4003 evangelica
2472 3928 2786 4001 praedicatio
2807 3926 3112 4000 proﬁtetur.
3137 3925 3268 3992 Quae
3297 3925 3460 3995 igitur
3488 3925 3639 3979 hunc

2049 4026 2106 4080 in
2136 4023 2358 4078 modum
2410 4019 2814 4076 elaboravimus
2852 4017 2969 4072 suis
3016 4015 3351 4088 argumentis
3390 4013 3633 4086 digesta,

2052 4118 2313 4187 deinceps
2347 4110 2700 4184 proponenda
2727 4117 2877 4165 sunt.

2129 4233 2207 4287 De
2255 4229 2548 4286 Marcionis
2589 4226 2740 4282 libris
2779 4226 3050 4307 opusculi,
3082 4224 3189 4279 sive
3226 4221 3564 4305 refutatioms

2684 4313 3015 4367 prooemium.

2123 4387 2217 4472 XI.
2245 4413 2305 4469 Si
2332 4413 2458 4485 quis
2487 4411 2797 4467 adulterina
2828 4408 3119 4465 Marcionis
3143 4407 3364 4462 inventa
3391 4417 3638 4474 compre-

355 4505 448 4552 νος
476 4486 662 4553 νόθους
699 4488 942 4553 ἐπινοίας
968 4489 1252 4561 ἀκριϐοῦν,
1295 4494 1391 4547 καὶ
1431 4495 1531 4560 τάς
1581 4497 1944 4565 ἐπιπλάστους

2052 4506 2292 4563 hendere
2323 4505 2543 4577 penitus
2574 4503 2795 4569 studet,
2830 4517 2894 4556 ac
2926 4499 3153 4572 pecudis
3188 4497 3337 4552 illius
3364 4495 3638 4552 versutias

355 4579 453 4634 τοῦ
483 4579 647 4633 αὑτοῦ
683 4579 1027 4652 βοσκήματος
1060 4581 1310 4653 μηχανὰς
1341 4583 1722 4654 διαγινώσκειν
1748 4592 1945 4662 τουτῳῖ

358 4671 436 4742 τῷ
465 4670 876 4744 συλλελεγμένῳ
904 4677 1039 4747 πονή
1050 4693 1178 4747 ματι
1212 4676 1455 4747 ἐντυχεῖν
1484 4679 1560 4750 μὴ
1590 4683 1942 4738 κατοκνείτω.

377 4763 467 4816 Ἐκ
500 4762 611 4834 γάρ
651 4762 745 4816 τοῦ
785 4766 915 4834 παρ’
939 4764 1105 4819 αὐτοῦ
1133 4766 1467 4836 Εὑαγγελίου
1492 4767 1562 4821 τὰ
1591 4770 1727 4841 πρὸς
1760 4772 1945 4846 ἀντίρ-

359 4857 518 4927 ῥησιν
549 4854 648 4925 τῆς
678 4854 986 4927 πανούργου
1016 4857 1182 4910 αὐτοῦ
1223 4858 1572 4929 ῥᾳδιουργίας
1606 4862 1944 4917 σπουδάσαν-

354 4963 450 5010 τες
484 4946 865 5018 παρεθέμεθαο
917 4947 982 5001 ἶν’
1010 4949 1059 5000 οἱ
1111 4947 1189 5019 τῷ
1234 4950 1511 5020 πονήματι
1553 4954 1796 5024 ἐντυχεῖν
1826 4940 1944 5009 ἐθέ-

358 5039 564 5105 λοντες,
584 5039 749 5112 ἔχωσι
769 5039 927 5095 τοῦτο
946 5041 1244 5112 γυμνάσιον
1276 5043 1536 5117 ὀξύτητος
1565 5045 1703 5118 πρὸς
1722 5046 1941 5119 ἔλεγχον

356 5131 467 5185 τῶν
499 5132 591 5185 ὑπ’
621 5132 786 5186 αὑτοῦ
814 5134 1062 5203 ἐπινενοη
1072 5135 1248 5204 μένων
1277 5128 1608 5204 ξενολεξιῶν.
1627 5139 1685 5191 Ὀ
1719 5139 1816 5210 μὲν
1834 5139 1944 5212 γάρ

360 5224 643 5297 χαρακτὴρ
668 5224 763 5277 τοῦ
796 5225 939 5279 κατά
969 5226 1184 5279 Λουκᾶν
1213 5229 1472 5298 σημαίνει
1497 5228 1556 5282 τὸ
1582 5231 1941 5300 Εὑαγγέλιονο

356 5315 435 5379 ὡς
459 5314 516 5368 δὲ
540 5315 988 5388 ἠκρωτηρίασται
1020 5317 1157 5387 μήτε
1196 5318 1373 5388 ἀρχὴν
1407 5317 1570 5389 ἔχων,
1603 5322 1743 5392 μήτε
1773 5323 1942 5393 μέσα,

359 5409 501 5477 μήτε
533 5406 706 5471 τέλος,
738 5407 954 5477 ἱματίου
987 5407 1331 5478 βεϐρωμένου
1366 5410 1472 5463 ὑπὸ
1504 5411 1716 5466 πολλῶν
1762 5414 1944 5485 σητῶν
1981 5417 1988 5424 ’

351 5499 665 5569 ἐπέχει“τέν
698 5500 915 5573 τρόπον.
943 5500 1119 5564 Εὐθὺς
1148 5501 1246 5570 μὲν
1279 5500 1389 5573 γὰρ
1416 5504 1476 5556 ἐν
1497 5506 1561 5575 τῇ
1592 5503 1732 5577 ἀρχῇ
1766 5504 1942 5559 πάντα

348 5590 427 5644 τὰ
449 5589 545 5643 ἀπ’
562 5589 739 5659 ἀρχῆς
764 5588 843 5658 τῷ
860 5591 1043 5660 Λουκᾷ
1069 5593 1631 5665 πεπραγματευμένα,
1661 5596 1941 5650 τουτέστιν

432 5768 448 5800 ¹
476 5765 601 5822 For.
633 5767 830 5822 ἱκανῶν
858 5767 979 5838 γάρ.

2049 4613 2241 4655 omnes
2269 4605 2325 4653 et
2359 4594 2591 4651 artiﬁcia
2625 4606 2980 4663 cognoscere,
3010 4590 3115 4644 hoc
3148 4587 3294 4658 quod
3322 4601 3352 4640 a
3389 4600 3476 4639 me
3498 4598 3637 4638 con-

2049 4690 2330 4746 cinnatum
2364 4701 2506 4756 opus
2553 4691 2641 4738 est
2685 4687 2993 4751 percurrat.
3041 4676 3178 4731 Nam
3209 4692 3273 4731 ex
3305 4674 3426 4744 ejus
3458 4673 3638 4727 Evan-

2048 4783 2189 4854 gelio
2215 4794 2337 4851 quae
2379 4785 2569 4832 contra
2607 4772 2959 4829 calliditatem
2993 4769 3168 4839 ipsius
3199 4767 3405 4822 scelere
3453 4762 3637 4854 impiis-

2047 4852 2225 4929 catam
2275 4866 2478 4939 Opponi
2526 4869 2749 4935 queant'
2781 4861 3028 4917 studiose
3071 4857 3401 4927 selegimus,
3438 4861 3499 4907 ut
3538 4852 3633 4922 qui

2046 4968 2292 5016 nostram
2322 4958 2465 5011 hanc
2525 4949 3058 5008 lucubratiunculam
3094 4948 3153 5002 in
3191 4961 3387 5000 manus
3417 4961 3635 5001 sumere

2047 5049 2351 5112 voluerint,
2381 5047 2437 5100 in
2470 5059 2535 5101 ea
2562 5041 2854 5114 quamdam
2882 5039 3154 5094 acuminis
3184 5034 3633 5092 exercitationem

2050 5142 2321 5206 habeant,
2354 5153 2465 5209 quo
2486 5136 2900 5208 peregrinarum
2934 5145 3127 5186 vocum
3167 5131 3236 5183 ab
3267 5129 3361 5182 illo
3392 5133 3636 5196 reperta-

2049 5249 2171 5290 rum
2222 5234 2516 5288 novitatem
2570 5228 2921 5299 redarguant.
2970 5223 3038 5278 Et
3082 5222 3302 5294 quidem
3336 5219 3634 5274 Marcionis

2051 5325 2143 5380 ille
2188 5323 2326 5379 liber
2366 5319 2720 5391 Evangelium
2751 5315 3054 5371 secundum
3096 5312 3300 5367 Lucam
3336 5312 3479 5383 stylo
3512 5311 3635 5379 ipso

2050 5416 2258 5472 referre
2285 5413 2520 5475 videtur,
2555 5419 2612 5464 ut
2642 5418 2824 5463 autem
2870 5408 2938 5462 ab
2962 5423 3027 5462 eo
3058 5405 3340 5461 mutilatus
3387 5409 3505 5459 est.
3529 5400 3635 5456 ini-

2051 5508 2151 5569 tio,
2212 5503 2393 5560 medio
2431 5518 2495 5559 ac
2539 5502 2645 5556 ﬁne
2673 5498 3005 5563 decurtatis,
3035 5496 3244 5551 corrosi
3280 5510 3311 5547 a
3339 5494 3503 5548 tineis
3530 5508 3636 5546 un-

2053 5597 2218 5667 dique
2261 5591 2916 5654 vestimentisimillimus
2970 5596 3074 5645 est.
3132 5585 3344 5641 Etenim
3388 5585 3457 5640 ab
3512 5596 3638 5655 Ipso
