3950 6168
325 297 441 352 ’711

1754 289 1813 348 s.
1856 285 2208 347 EPIPHANll
2288 364 2297 370 ἔ

3518 290 3624 345 ἨΞ

345 410 533 463 statim
564 404 743 470 initio,
763 419 829 460 ea
855 403 1001 459 unde
1022 401 1201 461 Lucas
1230 419 1463 462 exorsus
1492 412 1599 469 est,
1622 403 1881 459 nimirum
1911 421 1927 460 :

2065 419 2107 465 ις
2138 400 2314 469 λέγει⁶
2362 397 2708 470 Ἐπειδήπερ
2736 402 2958 457 πολλοὶ
2985 402 3415 483 ᾧπεχείρησαν,
3436 402 3532 456 καὶ
3559 404 3625 458 τὰ

346 498 612 565 Quoniam
636 494 846 567 quidem
895 497 1049 550 multi
1080 500 1258 551 conati
1287 508 1411 552 sunt
1456 496 1720 552 ordinare
1748 512 1936 551 narra-

345 591 538 642 tionem
559 628 574 652 ,
604 598 708 643 etc.
733 590 772 654 ¹,
807 602 913 643 una
948 603 1071 643 cum
1099 587 1428 644 Elizabethae
1459 596 1515 643 et
1545 588 1725 659 angeli
1754 586 1936 642 Maria:

348 677 553 748 Virgini
584 679 839 732 nuntium
867 677 1144 734 all‘erentis
1168 679 1428 744 historia,
1452 676 1683 734 Joannis
1712 679 1842 734 item
1872 691 1936 732 ac

342 768 809 840 Z.icbariae,312
821 769 1066 838 adeoque
1082 771 1191 823 nati
1208 771 1351 840 apud
1368 770 1680 826 Bethlehem
1696 769 1933 836 Domini,

340 872 465 909 cum
518 858 765 926 ejusdem
801 858 1147 928 genealogia,
1174 876 1235 915 ac
1265 860 1589 930 baptismate
1629 877 1643 915 :
1676 858 1813 925 haec,
1852 858 1937 913 in-

342 962 538 1015 quam,
577 948 763 1002 omnia
806 946 1213 1002 circumcidens
1265 962 1331 1003 ac
1391 949 1747 1013 transiliens,
1811 947 1938 1003 inde

341 1038 697 1109 Evangelium
734 1039 1035 1104 exorditur,
1076 1040 1227 1095 Anno
1260 1057 1329 1094 xv
1360 1040 1560 1095 Tiberii
1616 1038 1848 1095 Caesaris
1877 1042 1898 1072 ¹
1918 1080 1933 1105 ,

341 1137 450 1185 etc.
501 1129 617 1184 Hoc
673 1130 844 1201 igitur
897 1131 1047 1186 illius
1087 1131 1305 1187 initium
1351 1141 1455 1188 est.
1512 1131 1698 1203 Neque
1755 1143 1936 1187 tamen

344 1225 540 1274 caetera
565 1219 759 1274 ordine
781 1221 1048 1290 pertexit;
1071 1237 1263 1277 verum
1289 1221 1563 1292 quaedam,
1589 1232 1649 1277 ut
1675 1222 1937 1287 diximus.

345 1318 631 1382 amputat,
665 1312 818 1368 addit
861 1314 1000 1383 alia,
1043 1331 1248 1389 susque
1293 1317 1505 1387 deque,
1557 1318 1704 1388 quod
1748 1318 1935 1383 aiunt,

343 1401 528 1455 omnia
566 1403 898 1471 perturbans
921 1444 935 1469 ,
970 1421 1072 1461 nec
1114 1413 1263 1462 recta
1312 1408 1602 1479 gradiens,
1638 1408 1732 1464 sed
1772 1408 1933 1463 mali—

343 1494 483 1548 tiose
520 1494 626 1549 huc
657 1495 899 1566 illucque
928 1498 1229 1554 cursitans.
1270 1499 1348 1553 Ea
1386 1513 1553 1568 porro
1585 1509 1935 1569 sequuntur:

414 1585 467 1638 1.
492 1583 686 1640 Abiens
729 1587 942 1641 ostende
984 1597 1032 1642 te
1074 1588 1370 1653 sacerdoti,
1390 1597 1441 1642 et
1470 1590 1602 1658 o/fer
1636 1604 1731 1656 pro
1757 1590 1951 1656 expia»

341 1676 482 1748 tione
524 1687 645 1745 tua,
685 1679 821 1733 sicut
855 1680 1100 1748 praecepit
1131 1677 1365 1749 Moyses,
1404 1690 1462 1733 ut
1497 1681 1566 1734 sit
1588 1680 1683 1734 hoc
1705 1681 1941 1734 testimo-

2037 491 2193 562 ἑξῆςο
2246 492 2340 545 καὶ
2381 491 2450 546 τὰ
2492 492 2621 563 περὶ
2663 492 2763 563 τῆς
2792 492 3096 559 Ἐλισάὸετ,
3128 494 3223 548 καὶ
3263 493 3357 547 τοῦ
3391 493 3622 564 ἀγγέλου

2036 581 2521 654 εὐαγγελιζομένου
2567 583 2668 655 τὴν
2706 584 2927 656 Μαρίαν
2958 584 3258 659 Παρθένον,
3277 584 3529 639 Ἰωάννου
3568 602 3626 640 τε

2038 675 2134 728 καὶ
2163 674 2455 748 Ζαχαρίου,
2481 674 2577 729 καὶ
2600 676 2698 747 τῆς
2734 677 2793 731 ὲν
2825 675 3076 748 Βηθλεὲμ
3102 678 3408 748 γεννήσεως
3434 693 3625 746 γενεα-

2038 766 2243 836 λογίας,
2282 768 2377 821 καὶ
2408 767 2510 838 τῆς
2560 763 2667 821 eoi?
2679 767 3053 839 βαπτίσματος
3077 768 3386 832 ὑποθέσεως
3405 783 3423 800 ο
3456 766 3627 822 ταῦτα

2038 859 2219 913 πάντα
2251 860 2554 931 περικόψας
2586 860 2930 932 ἀπεπήδησε,
2977 859 3075 913 καὶ
3119 859 3293 932 ἀρχὴν
3326 858 3419 913 τοῦ
3447 860 3628 929 Εὐαγ-

2037 950 2219 1019 γελίου
2254 950 2411 1016 ἔταξε
2448 950 2650 1024 ταύτην
2670 967 2683 980 ·
2729 951 2826 1005 Ἐν
2861 950 2941 1016 τῷ
2967 950 3476 1016 πεντεκαιδεκάτῳ
3512 950 3631 1006 ἐτει

2043 1043 2303 1111 Τιϐερίου
2325 1043 2650 1111 Καίσαρος,
2673 1040 2769 1095 καὶ
2791 1041 2861 1095 τὰ
2882 1040 3030 1112 ἑξῆς.
3049 1041 3328 1095 Ἐντεῦθεν
3353 1037 3448 1094 οὖν
3472 1035 3628 1105 οὗτος

2039 1130 2291 1203 ἄρχεται,
2330 1130 2424 1183 καὶ
2455 1130 2516 1183 οὐ
2547 1129 2669 1183 καθ’
2698 1129 2890 1201 εἱρμὸν
2925 1130 3084 1184 πάλιν
3114 1129 3382 1200 ἐπιμένει,
3406 1128 3545 1183 ἀλλὰ
3564 1129 3630 1183 τὰ

2042 1223 2161 1293 μὲν,
2194 1222 2271 1286 ὡς
2314 1223 2598 1293 προεῖπον,
2647 1220 3011 1292 παρακόπτει,
3042 1220 3110 1274 τὰ
3160 1221 3217 1274 δὲ
3267 1220 3622 1292 προστίθησιν

2039 1312 2151 1366 ἄνω
2186 1311 2355 1376 κάτω,
2386 1312 2488 1365 οὐκ
2519 1311 2694 1383 ὀρθῶς
2720 1310 2973 1381 βαδίζων,
3006 1309 3145 1363 ἀλλὰ
3168 1311 3631 1384 ὲῤῥᾳδιουργημέ-

2041 1421 2149 1468 νως
2183 1404 2360 1457 πάντα
2393 1403 2811 1475 περινοστεύων.
2845 1404 2957 1457 Καὶ
2986 1403 3133 1459 ἐστιν
3152 1420 3167 1433 ·

2112 1584 2183 1633 α’.
2209 1578 2270 1632 Ἀ
2279 1578 2519 1634 πελθὼν
2535 1576 2739 1643 δεῖξον
2759 1578 3021 1634 σεαυτὸν
3040 1577 3121 1645 τῷ
3141 1578 3300 1649 ἱερεῖ,
3323 1578 3421 1633 καὶ
3444 1593 3631 1649 προσ⁸

2042 1669 2248 1742 ἐνεγκε
2290 1670 2425 1739 περὶ
2477 1669 2583 1723 τοῦ
2624 1671 2995 1741 καθαρισμοῦ
3041 1686 3180 1738 σου,
3212 1672 3408 1739 καθὼς
3442 1687 3630 1742 προσ-

342 1767 490 1820 nium
531 1768 709 1833 vobis,
741 1785 839 1837 pro
872 1785 938 1825 eo
970 1769 1117 1839 quod
1171 1784 1204 1824 a
1250 1767 1540 1827 Salvatore
1579 1771 1789 1827 dictum
1822 1777 1934 1836 est,

2065 1762 2214 1826 ταξε
2249 1761 2533 1830 Μωϋσῆς,
2565 1763 2666 1815 ἵνα
2746 1764 3076 1832 μαρτύριον
3102 1762 3278 1818 τοῦτο
3301 1764 3465 1834 ὑμῖν.
3487 1764 3629 1819 Ἀνθ’

341 1859 397 1912 in
433 1860 791 1913 testimonium
815 1862 944 1930 ipsis
973 1862 1015 1916 ³.

413 1947 467 2001 2.
507 1948 575 2000 Ut
614 1958 791 2002 autem
819 1951 1038 2015 sciatis,
1069 1951 1195 2021 quia
1226 1959 1540 2021 potestatem
1567 1950 1719 2006 habet
1760 1950 1937 2006 Filius

344 2038 572 2093 hominis
597 2039 904 2095 dimittendi
932 2051 1149 2110 peccata
1172 2045 1225 2096 in
1259 2052 1401 2096 terra
1425 2043 1467 2096 ‘.

418 2117 473 2185 ὅ.
500 2129 763 2186 Dominus
792 2141 871 2186 est
907 2131 1088 2188 Filius
1112 2135 1341 2189 hominis
1369 2135 1531 2188 etiam
1558 2132 1834 2201 Sabbati'.

412 2313 468 2367 ι.
499 2310 700 2367 Judam
731 2312 1083 2369 Isc‘ariothem
1104 2354 1120 2379 ,
1158 2317 1249 2387 qui
1291 2316 1396 2386 fuit
1440 2316 1706 2387 proditor.
1737 2317 1845 2372 Pro
1873 2331 1939 2373 eo

342 2394 487 2471 quod
520 2415 642 2469 est,
687 2402 971 2459 Descendit
1007 2421 1127 2459 cum
1150 2406 1312 2474 ipsis,
1343 2407 1509 2463 habet
1549 2407 1833 2463 Descendit
1883 2408 1941 2462 in

341 2493 485 2561 ipsos
509 2492 552 2545 ⁸.

415 2582 469 2635 5.
503 2581 572 2635 Et
597 2585 766 2637 omnis
794 2584 950 2638 turba
982 2585 1250 2655 quwrebat
1288 2602 1408 2641 eum
1439 2597 1653 2659 tangere
1678 2589 1722 2644 ".

414 2670 469 2725 6.
514 2670 583 2725 Ει
608 2673 717 2741 ipse
743 2673 958 2728 elevatis
1009 2674 1177 2729 oculis
1206 2678 1341 2731 suis.
1372 2676 1672 2732 Secundum
1702 2678 1815 2736 hate
1844 2671 1936 2735 ea-

346 2765 463 2818 dem
488 2761 758 2832 faciebant
787 2764 1054 2834 prophetis
1081 2775 1260 2835 patres
1294 2769 1455 2823 vestri
1478 2769 1521 2824 ⁸.

417 2945 467 2997 7.
496 2943 629 2999 Dico
654 2954 831 3001 autem
858 2958 880 3001 :
912 2946 1140 3002 Tantam
1181 2949 1340 3019 ﬁdem
1365 2965 1527 3021 neque
1554 2950 1611 3004 in
1658 2949 1835 3006 Israel
1858 2950 1941 3005 in-

344 3037 461 3090 veni
486 3039 528 3091 ’.
552 3062 561 3067 -

2043 1847 2105 1907 οὗ
2132 1848 2283 1907 εἴπεν
2311 1855 2339 1906 ὁ
2364 1853 2580 1924 Σωτὴρ,
2606 1856 2692 1919 εὶς
2718 1855 3049 1922 μαρτύριον
3082 1854 3308 1922 αὐτοῖς.

2112 1941 2177 2013 β’.
2220 1942 2355 1997 Ἵνα
2383 1941 2452 1994 δὲ
2487 1941 2705 2010 εἰδῆτε,
2725 1941 2814 1995 ὅτι
2836 1943 3127 2006 ἐξουσίαν
3147 1943 3274 2012 ἔχει
3302 1947 3334 1999 ό
3366 1944 3503 2011 Υἱὸς
3525 1946 3631 2001 τοῦ

1934 2078 1943 2087 .
2039 2031 2354 2102 ἀνθρώπου
2388 2033 2628 2102 ἀφιέναι
2655 2035 2943 2104 ἁμαρτίας
2964 2034 3063 2088 ἐπὶ
3094 2035 3203 2104 τῆς
3231 2036 3364 2107 γῆς.

2112 2133 2179 2194 γ’.
2222 2127 2445 2194 Κύριός
2476 2126 2647 2180 ἐστιν
2676 2129 2709 2180 ὁ
2748 2127 2882 2194 Υἱὸς
2910 2127 3018 2182 τοῦ
3047 2127 3363 2196 ἀνθρώπου
3396 2130 3498 2184 καὶ
3525 2130 3630 2186 τοῦ

2040 2215 2364 2270 Σαϐϐάτου.
2866 2200 2876 2211 ’

2110 2309 2172 2363 δ’.
2214 2308 2441 2363 Ἰούδαν
2495 2307 2844 2376 Ἰσκαριὼθ,
2900 2307 2968 2375 ὃς
3022 2309 3255 2381 ἐγένετο
3312 2312 3629 2382 προδότης.

2053 2398 2199 2451 Ἀντὶ
2236 2397 2410 2464 τοῦδε,
2435 2397 2664 2465 Κατέϐη
2686 2399 2817 2466 μετ’
2846 2396 3065 2463 αὐτῶν,
3114 2398 3248 2470 ἔχει,
3287 2402 3517 2472 Κατέϐη
3560 2402 3631 2459 ἐν

2041 2486 2267 2554 αὐτοῖς.

2114 2575 2174 2633 ε’.
2218 2577 2328 2632 Kal
2357 2577 2476 2644 πᾶς
2504 2581 2538 2632 ό
2564 2579 2749 2648 ὄχλος
2777 2577 2963 2649 ἐζήτει
2989 2579 3283 2637 ἅπτεσθαι
3315 2584 3525 2638 αὑτοῦ.

2116 2675 2190 2733 ς’.
2230 2668 2339 2722 Kal
2370 2668 2554 2734 αὐτὸς
2589 2668 2816 2737 ἐπάρας
2858 2670 3003 2737 τοὺς
3035 2672 3386 2742 ὀφθαλμοὺς
3418 2672 3628 2728 αὐτοῦ.

2048 2760 2203 2815 Κατὰ
2231 2760 2304 2815 τὰ
2335 2759 2489 2814 αὐτὰ
2512 2760 2764 2815 ἐποίουν
2786 2760 2915 2829 τοῖς
2938 2762 3273 2832 προφήταις
3301 2767 3354 2819 οἱ
3379 2766 3634 2835 πατέρες

2040 2851 2227 2922 ὑμῶν.
2264 2848 2273 2856 ’

2112 2936 2178 3009 ζ’.
2221 2943 2386 3015 Λέγω
2412 2943 2480 2999 δέ
2501 2959 2515 2975 '
2553 2944 2863 3014 Τοσαύτην
2895 2945 3105 3001 πίστιν
3133 2946 3278 3001 οὐδὲ
3305 2947 3376 3002 ἐν
3404 2947 3487 3016 τῷ
3515 2949 3627 3005 Ἰσ·

2034 3036 2201 3105 ραὴλ
2226 3032 2427 3105 εὗρον.

412 3131 467 3187 8.
504 3132 863 3204 Depravatum
909 3141 995 3190 est
1024 3134 1094 3190 ab
1121 3150 1187 3190 co
1222 3136 1458 3191 :Beatus
1494 3139 1585 3208 qui
1631 3155 1734 3193 non
1778 3138 1934 3209 fuerit

2113 3135 2182 3198 η’.
2226 3127 2686 3199 Παρηλλαγμένον
2745 3127 2806 3181 τὸ
2833 3169 2849 3195 ,
2907 3127 3208 3198 Μακάριος
3266 3130 3336 3197 ὃς
3384 3129 3494 3185 ἐὰν
3542 3132 3628 3203 μὴ

345 3222 748 3278 scandalizatus
796 3226 855 3279 in
886 3243 967 3279 me
996 3227 1063 3279 ¹⁰.

416 3310 470 3365 9.
500 3311 635 3366 Nam
656 3314 724 3369 ad
752 3313 1021 3370 Joannem
1046 3316 1151 3371 ista
1185 3317 1463 3374 referebat
1490 3336 1502 3372 :
1532 3304 1634 3376 Hic
1650 3322 1809 3377 estde
1837 3340 1938 3394 quo

347 3402 599 3469 scriptum
622 3412 739 3456 est:
767 3403 903 3459 Ecce
923 3422 1017 3476 ego
1043 3408 1193 3461 mitto
1223 3412 1468 3480 angelum
1501 3429 1676 3466 meum
1708 3422 1830 3467 ante
1860 3414 1941 3483 fa-

346 3491 477 3543 ciem
511 3500 658 3544 tuam
678 3493 744 3545 “.

419 3581 505 3636 10.
547 3581 617 3635 Et
656 3584 924 3655 ingressus
970 3586 1029 3640 in
1078 3585 1294 3643 domum
1339 3589 1609 3646 Pharisaei
1649 3590 1935 3648 discubuit.

346 3665 545 3725 Mulier
586 3689 704 3727 vero
738 3685 889 3727 stans
932 3684 1071 3730 retro
1092 3718 1107 3744 ,
1140 3680 1411 3747 peccatrix
1455 3697 1604 3736 secus
1632 3682 1787 3751 pedes
1807 3723 1822 3748 ,
1856 3683 1937 3738 la-

346 3763 540 3833 crymis
571 3764 725 3833 pedes
749 3766 959 3837 rigavit,
990 3779 1041 3823 et
1074 3772 1248 3837 unxit,
1281 3780 1330 3826 et
1358 3774 1599 3828 osculata
1633 3775 1799 3831 est“.

336 3935 341 3940 ’
418 3935 505 3990 ll.
539 3936 604 3991 Et
636 3954 866 3997 rursus:
890 3940 1020 3997 Ilwc
1051 3938 1310 4016 lacrgmis~
1334 3947 1527 4020 rigavit
1551 3949 1717 4020 'pedes
1755 3966 1895 4007 meos
1917 3993 1932 4020 ,

345 4033 395 4078 et
423 4027 596 4092 unxit,
627 4036 677 4080 et
715 4029 959 4084 osculata
997 4042 1075 4086 est
1103 4033 1168 4087 ¹³.

418 4115 507 4169 12.
560 4115 679 4172 Non
740 4119 903 4175 habet
955 4122 1061 4176 ista
1104 4141 1117 4177 :
1158 4122 1335 4179 Mater
1387 4126 1551 4196 ipsius
1579 4168 1593 4192 ,
1639 4138 1691 4183 et
1736 4129 1933 4199 fratres

348 4207 545 4274 ipsius;
573 4208 670 4264 sed
702 4210 805 4265 hoc
833 4212 1010 4266 solum
1044 4231 1058 4267 :
1090 4213 1266 4270 Mater
1305 4227 1398 4270 tua
1443 4227 1493 4272 et
1523 4221 1719 4288 fratres
1750 4224 1829 4276 tui
1864 4222 1929 4279 ⁸⁸.

421 4388 509 4443 15.
542 4387 930 4461 Narigantibus
965 4396 1094 4464 ipsis
1124 4395 1460 4454 obdormivit.
1492 4400 1562 4453 At
1591 4400 1683 4455 ille
1711 4386 1929 4473 surgens

347 4480 633 4551 increpavit
663 4494 870 4538 ventum
893 4495 943 4539 et
976 4504 1122 4543 mare
1149 4490 1215 4543 η.

416 4571 578 4642 313
614 4573 699 4628 14.
732 4571 803 4628 Ει
829 4578 1045 4648 contigit
1074 4578 1200 4633 dum
1245 4581 1366 4648 iret,
1410 4593 1469 4637 ut
1498 4601 1531 4639 a
1567 4586 1734 4641 turbis
1777 4603 1924 4642 com-

347 4663 682 4731 primeretur.
718 4664 788 4719 Et
819 4668 1011 4723 mulier
1052 4686 1172 4725 cum
1215 4675 1471 4746 tetigisset
1503 4679 1697 4747 ipsum,
1730 4688 1926 4733 sanata

249 4778 255 4784 -
347 4763 425 4807 est
471 4772 503 4808 a
544 4757 695 4825 ﬂuxu
741 4761 1037 4830 sanguinis.
1082 4761 1152 4817 Et
1199 4766 1274 4819 ait
1315 4766 1577 4823 Dominus
1606 4786 1625 4824 :
1662 4768 1796 4835 Quis
1842 4786 1925 4826 me

346 4847 553 4916 tetigit?
592 4847 669 4903 Ac
713 4865 931 4906 rursum
971 4872 984 4908 :
1037 4853 1225 4927 Tetigit
1271 4875 1352 4915 me
1392 4861 1607 4931 aliquis.
1653 4859 1797 4916 Nam
1826 4879 1921 4934 ego

345 4938 464 4991 novi
491 4939 731 4993 virtutem
760 4940 826 4996 de
858 4960 939 4997 me
970 4946 1142 5001 exisse
1175 4949 1243 5002 η.

415 5029 502 5085 ib.
537 5030 838 5101 Suspiciens
870 5036 925 5090 in
954 5038 1142 5092 caelum
1175 5038 1506 5097 benedicebat
1536 5044 1667 5111 ipsis
1704 5046 1769 5099 ".

416 5211 502 5265 i6.
536 5214 725 5269 Dicens
754 5231 773 5269 :
805 5216 1020 5285 Oportet
1062 5218 1265 5273 Filium
1302 5219 1531 5278 hominis
1578 5226 1748 5279 multa
1781 5226 1916 5293 pati,

341 5313 391 5359 et
428 5305 613 5368 occidi,
649 5318 696 5359 et
731 5318 847 5377 post
882 5319 984 5366 tres
1007 5311 1117 5367 dies
1148 5328 1416 5385 resurgere
1445 5316 1511 5371 ¹⁸.

371 5610 462 5684 eo.
538 5614 723 5671 ’Luc.
774 5634 869 5684 vn,
901 5622 955 5677 9.
1033 5610 1369 5679 ‘°ibid.23.
1450 5610 1779 5683 ηῐιίίδῖεῖ.

350 5677 392 5708 ⁸⁸
418 5677 548 5734 Luc.
590 5699 702 5753 vni,
732 5677 920 5744 41-16.
1001 5692 1041 5723 ¹⁷
1077 5691 1210 5748 Luc.
1253 5677 1339 5761 ιχ,
1359 5677 1453 5750 716.
1930 5750 1935 5755 ,

2040 3219 2468 3289 σκανδαλισθῇ
2504 3220 2576 3274 ἐν
2603 3219 2758 3290 ἐμοι.

2112 3309 2176 3363 θ’.
2218 3307 2346 3380 Εἶχε
2380 3309 2491 3380 γὰρ
2514 3308 2589 3373 ὡς
2614 3309 2751 3380 πρὸς
2779 3309 3034 3382 Ἰωάννην
3053 3327 3068 3342 ο
3096 3313 3292 3379 Αὐτός
3324 3314 3458 3368 ἐστι
3498 3315 3628 3384 περ)

2040 3397 2113 3458 οὗ
2146 3400 2495 3472 γέγραπται·
2525 3400 2683 3455 ἰδοὺ
2715 3400 2829 3471 ἐγὼ
2859 3403 3215 3458 ἀποστέλλω
3243 3404 3353 3460 τὸν
3371 3407 3627 3478 ἄγγελόν

2035 3510 2155 3562 μου
2184 3492 2299 3560 πρὸ
2325 3491 2650 3561 προσώπου
2678 3508 2815 3548 σου.

2116 3592 2166 3639 ι’.
2207 3585 2314 3639 Kal
2346 3586 2641 3641 εἰσελθὼν
2691 3588 2778 3654 εἰς
2826 3587 2935 3641 τὸν
2966 3584 3141 3659 οἷκον,
3167 3588 3273 3643 τοῦ
3302 3592 3628 3659 Φαρισαίου

2040 3677 2466 3746 κατεκλίθη.Ἡ
2510 3678 2579 3732 δὲ
2616 3679 2794 3748 γυνὴ,
2830 3679 3034 3735 στᾶσα
3062 3682 3255 3735 ὀπίσω
3295 3684 3333 3751 η
3362 3684 3627 3753 ἀμαρτω-

2037 3770 2147 3837 λὸς
2173 3770 2334 3839 παρὰ
2362 3770 2506 3836 τοὺς
2531 3770 2743 3837 πόδας,
2780 3771 2985 3839 ἔϐρεξε
3026 3772 3152 3839 τοῖς
3188 3772 3448 3842 δάκρυσι
3485 3774 3627 3840 τοὺς

2039 3861 2248 3928 πόδας,
2281 3863 2378 3917 καὶ
2405 3861 2646 3931 ἢλειψε,
2682 3863 2781 3917 καὶ
2813 3864 3135 3933 κατεφίλει.

2115 3961 2204 4008 ια’.
2246 3955 2359 4009 Καὶ
2390 3953 2552 4007 πάλιν
2573 3969 2587 3983 ·
2622 3954 2784 4023 Αὕτη
2810 3955 2933 4022 τοῖς
2958 3954 3256 4025 δάκρυσιν
3281 3956 3489 4027 ἕϐρεξέ
3506 3977 3623 4030 μου

1966 4052 1969 4055 ‘
2037 4041 2179 4109 τοὺς
2200 4041 2412 4107 πόδας,
2441 4043 2541 4095 καὶ
2574 4040 2813 4111 ﬁdet-ibe,
2844 4043 2945 4096 καὶ
2987 4043 3317 4112 κατεφίλει.

2111 4133 2197 4203 ιβ’.
2237 4131 2349 4187 Οὐκ
2373 4127 2547 4202 εἶχενο
2594 4133 2666 4186 'H
2695 4133 2889 4202 μήτηρ
2922 4133 3108 4188 αὐτοῦ
3140 4135 3238 4187 καὶ
3275 4138 3331 4189 οἱ
3371 4136 3620 4208 ἀδελφοὶ

2034 4224 2244 4291 αὐτοῦ,
2272 4223 2408 4278 ἀλλὰ
2439 4223 2629 4294 μόνον·
2678 4224 2741 4280 Ἡ
2770 4223 2971 4294 μήτηρ
3007 4240 3124 4281 σου
3152 4226 3253 4281 καὶ
3284 4230 3340 4282 ol
3371 4229 3623 4300 ἀδελφοί

2034 4328 2171 4368 σου.
2984 4350 2993 4371 κ

2106 4412 2196 4475 ιγ’.
2238 4406 2558 4460 Πλεόντων
2600 4405 2802 4460 αὐτῶν
2840 4407 3226 4476 ἀφύπνωσεν.
3256 4410 3309 4463 '0
3344 4409 3414 4463 δὲ
3458 4411 3618 4482 ἐγερ-

1959 4471 2004 4527 D
2031 4471 2155 4561 θεὶς
2187 4496 2510 4564 ἐπετίμησε
2538 4495 2619 4562 τῷ
2649 4496 2846 4566 ἀνέμῳ
2879 4471 2978 4552 παι
3012 4498 3089 4567 τῇ
3113 4499 3399 4569 θαλάσσῃ

2104 4584 2181 4641 ιδ’.
2242 4586 2505 4658 Ἐγένετο
2566 4586 2634 4640 δὲ
2681 4588 2752 4641 ἐν
2804 4588 2886 4655 τῷ
2926 4591 3181 4660 ὑπάγειν
3226 4592 3416 4647 αὑτὸν
3468 4611 3615 4647 συν-

2026 4679 2276 4749 ἐπνιτον
2297 4678 2486 4733 αὐτὸν
2509 4682 2562 4733 oi
2584 4677 2774 4746 ὄχλοι.
2803 4680 2912 4733 Kal
2944 4681 3099 4750 γυνὴ
3126 4681 3407 4751 ἁψαμένη
3433 4684 3614 4740 αὐτοῦ

2028 4771 2162 4839 ἰάθη
2199 4770 2308 4824 τοῦ
2358 4772 2626 4840 αἵματος.
2657 4770 2770 4824 Kal
2797 4766 2969 4825 εἶπεν
3009 4775 3042 4826 ό
3088 4774 3333 4841 Κύριος·
3369 4777 3466 4841 Τίς
3497 4793 3613 4842 μου

2026 4860 2267 4930 iiii-aro;
2312 4862 2406 4915 καὶ
2454 4859 2650 4914 πάλιν
2706 4861 2936 4929 Ἥψατό
2992 4863 3111 4931 μού
3162 4880 3287 4929 τις;
3342 4866 3454 4919 Kal
3508 4865 3611 4936 γὰρ

2029 4952 2219 5020 ἔγνων
2246 4951 2502 5019 δύναμιν
2524 4949 2899 5013 ἐξελθοῦσαν
2926 4951 3027 5004 ἀπ’
3054 4951 3219 5021 ἐμοῦ.

2102 5047 2181 5095 ιε’.
2236 5041 2613 5109 Ἀναϐλέψας
2660 5045 2750 5105 εἰς
2802 5041 2909 5095 τὸν
2951 5029 3215 5111 οὐρανὸν
3270 5047 3605 5117 εὐλόγησεν

2027 5133 2120 5186 ἐπ’
2153 5134 2393 5199 αὐτούς.

2101 5229 2194 5288 ις’.
2223 5222 2444 5293 Λέγων·
2472 5222 2573 5277 Δεῖ
2600 5221 2706 5277 τὸν
2743 5220 2880 5277 Υἱὸν
2919 5224 3026 5279 τοῦ
3059 5226 3377 5296 ἀνθρώπου
3410 5228 3602 5283 πολλὰ

1987 5388 1992 5392 .
2026 5314 2258 5377 παθεῖν,
2304 5313 2403 5366 καὶ
2435 5314 2916 5389 ἀποκτανθῆναι,
2950 5318 3049 5372 καὶ
3086 5318 3237 5389 μετὰ
3276 5319 3434 5388 τρεῖς
3464 5320 3599 5392 ἠμέ-

2018 5419 2128 5472 ρας
2163 5403 2475 5473 ἐγερθῆναι
2486 5446 2499 5459 .

419 5543 436 5575 ¹
468 5542 582 5599 Luc
630 5561 668 5609 ι,
710 5550 760 5602 1.
836 5552 857 5583 ³
892 5550 1025 5607 Luc.
1056 5568 1138 5615 Ill,
1185 5555 1236 5609 1.
1313 5557 1333 5586 ³
1357 5553 1490 5610 Luc.
1524 5574 1578 5616 ν.
1614 5559 1703 5615 14.
1781 5562 1801 5591 ⁸
1832 5562 1934 5619 ibid

419 5610 462 5693 ρ.
538 5614 558 5642 ⁹
588 5614 955 5693 Luc._ytt_,_9.
1006 5623 1369 5693 W‘°_ibid.23.
1450 5629 1490 5657 ”
1525 5629 1655 5681 ibid.
1694 5631 1779 5683 Ξῖ.
1837 5635 1902 5664 ·¹²

2065 5570 2088 5622 ὶ.
2167 5569 2187 5601 ⁸
2219 5569 2349 5624 Luc.
2381 5587 2454 5632 νι,
2487 5572 2539 5627 5.
2626 5523 2657 5603 ’“
2688 5572 2819 5627 ibid.
2860 5572 2947 5630 16.
3020 5576 3040 5606 ⁷
3077 5575 3207 5630 ibid.
3238 5577 3327 5632 19.
3418 5579 3439 5609 ⁸
3473 5576 3579 5632 ibid

2065 5680 2076 5693 .
2115 5638 2201 5693 56.
2282 5642 2323 5673 ³³
2363 5642 2495 5693 ibid.
2523 5642 2610 5693 44.
2688 5644 2733 5675 ³⁸
2764 5642 2899 5693 Luc.
2945 5660 3063 5693 rm.
3095 5647 3183 5693 QE).
3263 5648 3306 5678 η
3342 5648 3469 5693 iliitl.
3511 5649 3576 5693 95

2282 5642 2323 5673 "
2363 5642 2495 5697 ibid.
2523 5642 2610 5697 M.
2688 5644 2733 5675 ”
2764 5642 2899 5698 Luc.
2945 5660 3063 5713 \‘tn,
3095 5647 3183 5701 29.
3263 5648 3306 5678 ¹⁸
3342 5648 3472 5705 ibid.
3511 5649 3595 5705 Si.
