  <div class='ocr_page' id='page_1' title='image "/cluster/home/n/w/nwhite01/storage/ocr_20150623/41/mdp.39015008169818/378.png"; bbox 0 0 3950 6196; ppageno 0'>
   <div class='ocr_carea' id='block_1_1' title="bbox 349 350 457 407">
    <p class='ocr_par' dir='ltr' id='par_1_1' title="bbox 349 350 457 407">
     <span class='ocr_line' id='line_1_1' title="bbox 349 350 457 407; baseline 0.019 -2"><span class='ocrx_word' id='word_1_1' title='bbox 349 350 457 407; x_wconf 79' lang='grc'><strong><em>715</em></strong></span> 
     </span>
    </p>
   </div>
   <div class='ocr_carea' id='block_1_2' title="bbox 1033 345 2916 407">
    <p class='ocr_par' dir='ltr' id='par_1_2' title="bbox 1033 345 2916 407">
     <span class='ocr_line' id='line_1_2' title="bbox 1033 345 2916 407; baseline -0.002 -4"><span class='ocrx_word' id='word_1_2' title='bbox 1033 347 1402 406; x_wconf 77' lang='lat' dir='ltr'><strong><em>ADVERSUS</em></strong></span> <span class='ocrx_word' id='word_1_3' title='bbox 1441 348 1785 407; x_wconf 65' lang='lat' dir='ltr'><strong><em>&quot;ERESES</em></strong></span> <span class='ocrx_word' id='word_1_4' title='bbox 1821 350 1952 405; x_wconf 84' lang='lat' dir='ltr'><strong><em>LIB.</em></strong></span> <span class='ocrx_word' id='word_1_5' title='bbox 1984 349 2028 407; x_wconf 85' lang='lat' dir='ltr'><strong><em>l&#39;.</em></strong></span> <span class='ocrx_word' id='word_1_6' title='bbox 2070 348 2212 406; x_wconf 83' lang='grc' dir='ltr'><strong><em>ΤΟΜ</em></strong></span> <span class='ocrx_word' id='word_1_7' title='bbox 2254 346 2416 403; x_wconf 91' lang='grc'><strong>111.-</strong></span> <span class='ocrx_word' id='word_1_8' title='bbox 2438 346 2712 402; x_wconf 63' lang='lat' dir='ltr'><strong><em>iiIEBES.</em></strong></span> <span class='ocrx_word' id='word_1_9' title='bbox 2754 345 2916 401; x_wconf 75' lang='lat' dir='ltr'><strong><em>XLII.</em></strong></span> 
     </span>
    </p>
   </div>
   <div class='ocr_carea' id='block_1_3' title="bbox 3516 343 3627 403">
    <p class='ocr_par' dir='ltr' id='par_1_3' title="bbox 3516 343 3627 403">
     <span class='ocr_line' id='line_1_3' title="bbox 3516 343 3627 403; baseline 0.027 -2"><span class='ocrx_word' id='word_1_10' title='bbox 3516 343 3627 403; x_wconf 65' lang='grc' dir='ltr'><strong><em>71ιῦ</em></strong></span> 
     </span>
    </p>
   </div>
   <div class='ocr_carea' id='block_1_4' title="bbox 424 466 1940 540">
    <p class='ocr_par' dir='ltr' id='par_1_4' title="bbox 424 466 1934 540">
     <span class='ocr_line' id='line_1_4' title="bbox 424 466 1934 540; baseline 0.002 -18"><span class='ocrx_word' id='word_1_11' title='bbox 424 468 511 532; x_wconf 75' lang='grc' dir='ltr'><em>ιζ’.</em></span> <span class='ocrx_word' id='word_1_12' title='bbox 559 469 668 525; x_wconf 80' lang='grc' dir='ltr'><strong><em>Καὶ</em></strong></span> <span class='ocrx_word' id='word_1_13' title='bbox 720 469 849 524; x_wconf 74' lang='grc' dir='ltr'><em>ἰδοὺ</em></span> <span class='ocrx_word' id='word_1_14' title='bbox 892 469 1002 524; x_wconf 84' lang='grc' dir='ltr'><em>δύο</em></span> <span class='ocrx_word' id='word_1_15' title='bbox 1066 470 1284 540; x_wconf 79' lang='grc' dir='ltr'><em>ἄνδρες</em></span> <span class='ocrx_word' id='word_1_16' title='bbox 1330 470 1720 526; x_wconf 75' lang='grc' dir='ltr'><strong><em>συνελάλουν</em></strong></span> <span class='ocrx_word' id='word_1_17' title='bbox 1751 466 1934 537; x_wconf 86' lang='grc' dir='ltr'><em>αὐτῷ,</em></span> 
     </span>
    </p>
   </div>
   <div class='ocr_carea' id='block_1_5' title="bbox 2076 466 3623 540">
    <p class='ocr_par' dir='ltr' id='par_1_5' title="bbox 2114 466 3623 539">
     <span class='ocr_line' id='line_1_5' title="bbox 2114 466 3623 539; baseline -0.002 -16"><span class='ocrx_word' id='word_1_18' title='bbox 2114 472 2200 525; x_wconf 85' lang='grc'><strong>17.</strong></span> <span class='ocrx_word' id='word_1_19' title='bbox 2233 469 2304 523; x_wconf 75' lang='lat' dir='ltr'><strong><em>Et</em></strong></span> <span class='ocrx_word' id='word_1_20' title='bbox 2328 486 2443 524; x_wconf 82' lang='lat' dir='ltr'><strong><em>ecce</em></strong></span> <span class='ocrx_word' id='word_1_21' title='bbox 2469 470 2575 523; x_wconf 86' lang='lat' dir='ltr'><strong><em>duo</em></strong></span> <span class='ocrx_word' id='word_1_22' title='bbox 2602 470 2699 523; x_wconf 71' lang='lat' dir='ltr'><strong><em>viri</em></strong></span> <span class='ocrx_word' id='word_1_23' title='bbox 2733 469 3083 539; x_wconf 82' lang='lat' dir='ltr'><strong><em>loquebantur</em></strong></span> <span class='ocrx_word' id='word_1_24' title='bbox 3110 485 3228 523; x_wconf 83' lang='lat' dir='ltr'><strong><em>cum</em></strong></span> <span class='ocrx_word' id='word_1_25' title='bbox 3265 484 3324 523; x_wconf 90' lang='lat' dir='ltr'><strong><em>eo</em></strong></span> <span class='ocrx_word' id='word_1_26' title='bbox 3344 507 3358 533; x_wconf 86' lang='lat'><strong>.</strong></span> <span class='ocrx_word' id='word_1_27' title='bbox 3392 466 3544 522; x_wconf 78' lang='lat' dir='ltr'><strong><em>Elius</em></strong></span> <span class='ocrx_word' id='word_1_28' title='bbox 3574 477 3623 523; x_wconf 82' lang='lat' dir='ltr'><strong><em>et</em></strong></span> 
     </span>
    </p>
   </div>
   <div class='ocr_carea' id='block_1_6' title="bbox 368 544 1286 630">
    <p class='ocr_par' dir='ltr' id='par_1_6' title="bbox 368 544 1286 630">
     <span class='ocr_line' id='line_1_6' title="bbox 368 544 1286 630; baseline 0.001 -16"><span class='ocrx_word' id='word_1_29' title='bbox 368 544 574 626; x_wconf 66' lang='grc' dir='ltr'><em>Ἠλίας</em></span> <span class='ocrx_word' id='word_1_30' title='bbox 600 560 697 614; x_wconf 75' lang='grc' dir='ltr'><strong><em>καὶ</em></strong></span> <span class='ocrx_word' id='word_1_31' title='bbox 734 561 995 629; x_wconf 78' lang='grc' dir='ltr'><strong><em>Μωῡσῆς</em></strong></span> <span class='ocrx_word' id='word_1_32' title='bbox 1021 562 1092 615; x_wconf 79' lang='grc' dir='ltr'><strong><em>ἐν</em></strong></span> <span class='ocrx_word' id='word_1_33' title='bbox 1111 561 1286 630; x_wconf 79' lang='grc' dir='ltr'><em>δόξῃ.</em></span> 
     </span>
    </p>
   </div>
   <div class='ocr_carea' id='block_1_7' title="bbox 427 648 1937 728">
    <p class='ocr_par' dir='ltr' id='par_1_7' title="bbox 427 648 1937 728">
     <span class='ocr_line' id='line_1_7' title="bbox 427 648 1937 728; baseline 0.003 -26"><span class='ocrx_word' id='word_1_34' title='bbox 427 657 517 722; x_wconf 82' lang='grc' dir='ltr'><em>ιη’.</em></span> <span class='ocrx_word' id='word_1_35' title='bbox 551 651 650 705; x_wconf 76' lang='grc' dir='ltr'><em>Ἐκ</em></span> <span class='ocrx_word' id='word_1_36' title='bbox 678 650 785 718; x_wconf 80' lang='grc' dir='ltr'><em>τῆς</em></span> <span class='ocrx_word' id='word_1_37' title='bbox 812 652 1076 721; x_wconf 65' lang='grc' dir='ltr'><em>νεφέλης</em></span> <span class='ocrx_word' id='word_1_38' title='bbox 1102 653 1292 728; x_wconf 57' lang='grc' dir='ltr'><em>φωνή</em></span> <span class='ocrx_word' id='word_1_39' title='bbox 1318 648 1510 721; x_wconf 81' lang='grc' dir='ltr'><em>Οὗτός</em></span> <span class='ocrx_word' id='word_1_40' title='bbox 1539 655 1711 707; x_wconf 84' lang='grc' dir='ltr'><em>ἐστιν</em></span> <span class='ocrx_word' id='word_1_41' title='bbox 1738 657 1771 707; x_wconf 85' lang='grc' dir='ltr'><strong><em>ό</em></strong></span> <span class='ocrx_word' id='word_1_42' title='bbox 1807 655 1937 719; x_wconf 74' lang='grc' dir='ltr'><strong><em>Υἱός</em></strong></span> 
     </span>
    </p>
   </div>
   <div class='ocr_carea' id='block_1_8' title="bbox 349 745 1309 814">
    <p class='ocr_par' dir='ltr' id='par_1_8' title="bbox 349 745 1309 814">
     <span class='ocr_line' id='line_1_8' title="bbox 349 745 1309 814; baseline 0.006 -19"><span class='ocrx_word' id='word_1_43' title='bbox 349 759 469 813; x_wconf 83' lang='grc' dir='ltr'><strong><em>μου</em></strong></span> <span class='ocrx_word' id='word_1_44' title='bbox 499 745 531 797; x_wconf 84' lang='grc' dir='ltr'><strong><em>ό</em></strong></span> <span class='ocrx_word' id='word_1_45' title='bbox 558 745 889 814; x_wconf 74' lang='grc' dir='ltr'><em>ἀγαπητός.</em></span> <span class='ocrx_word' id='word_1_46' title='bbox 1304 798 1309 801; x_wconf 87' lang='grc'><em>.</em></span> 
     </span>
    </p>
   </div>
   <div class='ocr_carea' id='block_1_9' title="bbox 428 832 1939 909">
    <p class='ocr_par' dir='ltr' id='par_1_9' title="bbox 428 832 1939 909">
     <span class='ocr_line' id='line_1_9' title="bbox 428 832 1939 909; baseline 0.002 -22"><span class='ocrx_word' id='word_1_47' title='bbox 428 835 512 889; x_wconf 78' lang='grc' dir='ltr'><strong>ιϐ’.</strong></span> <span class='ocrx_word' id='word_1_48' title='bbox 560 834 849 904; x_wconf 80' lang='grc' dir='ltr'><em>Ἐδεήθην</em></span> <span class='ocrx_word' id='word_1_49' title='bbox 880 834 1000 890; x_wconf 88' lang='grc' dir='ltr'><em>τῶν</em></span> <span class='ocrx_word' id='word_1_50' title='bbox 1027 836 1315 907; x_wconf 81' lang='grc' dir='ltr'><em>μαθητῶν</em></span> <span class='ocrx_word' id='word_1_51' title='bbox 1342 853 1481 892; x_wconf 84' lang='grc' dir='ltr'><em>σου.</em></span> <span class='ocrx_word' id='word_1_52' title='bbox 1527 832 1658 908; x_wconf 83' lang='grc' dir='ltr'><strong>Εἶχε</strong></span> <span class='ocrx_word' id='word_1_53' title='bbox 1701 838 1758 891; x_wconf 81' lang='grc' dir='ltr'><em>δὲ</em></span> <span class='ocrx_word' id='word_1_54' title='bbox 1791 837 1939 909; x_wconf 80' lang='grc' dir='ltr'><em>παρὰ.</em></span> 
     </span>
    </p>
   </div>
   <div class='ocr_carea' id='block_1_10' title="bbox 353 929 1933 1001">
    <p class='ocr_par' dir='ltr' id='par_1_10' title="bbox 353 929 1933 1001">
     <span class='ocr_line' id='line_1_10' title="bbox 353 929 1933 1001; baseline 0.002 -19"><span class='ocrx_word' id='word_1_55' title='bbox 353 930 448 996; x_wconf 79' lang='grc' dir='ltr'><em>τὸ,</em></span> <span class='ocrx_word' id='word_1_56' title='bbox 489 932 610 984; x_wconf 84' lang='grc' dir='ltr'><strong><em>Οὐκ</em></strong></span> <span class='ocrx_word' id='word_1_57' title='bbox 660 929 1060 999; x_wconf 74' lang='grc' dir='ltr'><strong><em>ἠδυνήθησαν</em></strong></span> <span class='ocrx_word' id='word_1_58' title='bbox 1110 932 1387 987; x_wconf 76' lang='grc' dir='ltr'><em>ἐκϐαλεῖν</em></span> <span class='ocrx_word' id='word_1_59' title='bbox 1434 934 1601 987; x_wconf 82' lang='grc' dir='ltr'><em>αὑτό.</em></span> <span class='ocrx_word' id='word_1_60' title='bbox 1640 932 1750 987; x_wconf 79' lang='grc' dir='ltr'><strong><em>Καὶ</em></strong></span> <span class='ocrx_word' id='word_1_61' title='bbox 1781 933 1933 1001; x_wconf 84' lang='grc' dir='ltr'><em>πρὸς</em></span> 
     </span>
    </p>
   </div>
   <div class='ocr_carea' id='block_1_11' title="bbox 354 1017 1929 1094">
    <p class='ocr_par' dir='ltr' id='par_1_11' title="bbox 354 1017 1929 1094">
     <span class='ocr_line' id='line_1_11' title="bbox 354 1017 1929 1094; baseline 0.001 -20"><span class='ocrx_word' id='word_1_62' title='bbox 354 1022 598 1088; x_wconf 84' lang='grc' dir='ltr'><em>αὐτούς·</em></span> <span class='ocrx_word' id='word_1_63' title='bbox 633 1017 709 1075; x_wconf 83' lang='grc' dir='ltr'><strong><em>Ὦ</em></strong></span> <span class='ocrx_word' id='word_1_64' title='bbox 738 1021 916 1091; x_wconf 77' lang='grc' dir='ltr'><em>γενεὰ</em></span> <span class='ocrx_word' id='word_1_65' title='bbox 942 1021 1197 1089; x_wconf 80' lang='grc' dir='ltr'><em>ἄπιστος</em></span> <span class='ocrx_word' id='word_1_66' title='bbox 1211 1023 1232 1075; x_wconf 92' lang='lat'><strong><em>!</em></strong></span> <span class='ocrx_word' id='word_1_67' title='bbox 1256 1023 1366 1089; x_wconf 81' lang='grc' dir='ltr'><strong><em>ἕως</em></strong></span> <span class='ocrx_word' id='word_1_68' title='bbox 1389 1022 1675 1094; x_wconf 83' lang='grc' dir='ltr'><em>ἀνέξομαι</em></span> <span class='ocrx_word' id='word_1_69' title='bbox 1706 1021 1873 1093; x_wconf 78' lang='grc' dir='ltr'><em>ὑμῶν</em></span> <span class='ocrx_word' id='word_1_70' title='bbox 1890 1020 1929 1087; x_wconf 61' lang='grc'><strong><em>;“</em></strong></span> 
     </span>
    </p>
   </div>
   <div class='ocr_carea' id='block_1_12' title="bbox 424 1198 1941 1271">
    <p class='ocr_par' dir='ltr' id='par_1_12' title="bbox 424 1198 1941 1271">
     <span class='ocr_line' id='line_1_12' title="bbox 424 1198 1941 1271; baseline -0.003 -15"><span class='ocrx_word' id='word_1_71' title='bbox 424 1210 494 1257; x_wconf 86' lang='grc' dir='ltr'><strong><em>κ’.</em></strong></span> <span class='ocrx_word' id='word_1_72' title='bbox 535 1202 590 1255; x_wconf 89' lang='grc' dir='ltr'>Ὁ</span> <span class='ocrx_word' id='word_1_73' title='bbox 625 1201 736 1270; x_wconf 77' lang='grc' dir='ltr'><strong><em>γὰρ</em></strong></span> <span class='ocrx_word' id='word_1_74' title='bbox 780 1203 912 1269; x_wconf 72' lang='grc' dir='ltr'><strong><em>Υἱὸς</em></strong></span> <span class='ocrx_word' id='word_1_75' title='bbox 946 1203 1052 1257; x_wconf 87' lang='grc' dir='ltr'><strong><em>τοῦ</em></strong></span> <span class='ocrx_word' id='word_1_76' title='bbox 1101 1201 1417 1270; x_wconf 79' lang='grc' dir='ltr'><em>ἀνθρώπου</em></span> <span class='ocrx_word' id='word_1_77' title='bbox 1451 1201 1661 1271; x_wconf 72' lang='grc' dir='ltr'><em>μέλλει</em></span> <span class='ocrx_word' id='word_1_78' title='bbox 1693 1198 1941 1268; x_wconf 76' lang='grc' dir='ltr'><em>παραδί-</em></span> 
     </span>
    </p>
   </div>
   <div class='ocr_carea' id='block_1_13' title="bbox 351 1294 1291 1363">
    <p class='ocr_par' dir='ltr' id='par_1_13' title="bbox 351 1294 1291 1363">
     <span class='ocr_line' id='line_1_13' title="bbox 351 1294 1291 1363; baseline -0.002 -13"><span class='ocrx_word' id='word_1_79' title='bbox 351 1296 563 1350; x_wconf 88' lang='grc' dir='ltr'><em>δοσθαι</em></span> <span class='ocrx_word' id='word_1_80' title='bbox 595 1298 682 1360; x_wconf 83' lang='grc' dir='ltr'><strong><em>εὶς</em></strong></span> <span class='ocrx_word' id='word_1_81' title='bbox 716 1294 919 1363; x_wconf 81' lang='grc' dir='ltr'><em>χεῖρας</em></span> <span class='ocrx_word' id='word_1_82' title='bbox 948 1295 1291 1363; x_wconf 82' lang='grc' dir='ltr'><em>ἀνθρώπων.</em></span> 
     </span>
    </p>
   </div>
   <div class='ocr_carea' id='block_1_14' title="bbox 427 1380 1999 1457">
    <p class='ocr_par' dir='ltr' id='par_1_14' title="bbox 427 1380 1999 1457">
     <span class='ocr_line' id='line_1_14' title="bbox 427 1380 1999 1457; baseline -0.003 -15"><span class='ocrx_word' id='word_1_83' title='bbox 427 1387 532 1442; x_wconf 85' lang='grc' dir='ltr'><em>κα’.</em></span> <span class='ocrx_word' id='word_1_84' title='bbox 582 1387 735 1442; x_wconf 75' lang='grc' dir='ltr'><em>Οἱιδέ</em></span> <span class='ocrx_word' id='word_1_85' title='bbox 781 1388 958 1442; x_wconf 86' lang='grc' dir='ltr'><em>τοῦτο</em></span> <span class='ocrx_word' id='word_1_86' title='bbox 1004 1389 1322 1457; x_wconf 80' lang='grc' dir='ltr'><em>ἀνέγνωτε,</em></span> <span class='ocrx_word' id='word_1_87' title='bbox 1356 1389 1413 1441; x_wconf 81' lang='grc' dir='ltr'><em>τί</em></span> <span class='ocrx_word' id='word_1_88' title='bbox 1452 1386 1707 1455; x_wconf 81' lang='grc' dir='ltr'><em>ἐποίησε</em></span> <span class='ocrx_word' id='word_1_89' title='bbox 1739 1385 1934 1439; x_wconf 77' lang='grc' dir='ltr'><strong><em>Δαϐίδ-</em></strong></span> <span class='ocrx_word' id='word_1_90' title='bbox 1996 1380 1999 1385; x_wconf 34' lang='grc' dir='ltr'><strong>λ</strong></span> 
     </span>
    </p>
   </div>
   <div class='ocr_carea' id='block_1_15' title="bbox 355 1473 1438 1545">
    <p class='ocr_par' dir='ltr' id='par_1_15' title="bbox 355 1473 1438 1545">
     <span class='ocr_line' id='line_1_15' title="bbox 355 1473 1438 1545; baseline 0.001 -14"><span class='ocrx_word' id='word_1_91' title='bbox 355 1475 661 1545; x_wconf 79' lang='grc' dir='ltr'><strong><em>Εἰσῆλθεν</em></strong></span> <span class='ocrx_word' id='word_1_92' title='bbox 690 1479 778 1543; x_wconf 81' lang='grc' dir='ltr'><strong><em>εὶς</em></strong></span> <span class='ocrx_word' id='word_1_93' title='bbox 806 1478 915 1529; x_wconf 77' lang='grc' dir='ltr'><strong><em>τὸν</em></strong></span> <span class='ocrx_word' id='word_1_94' title='bbox 945 1473 1113 1531; x_wconf 74' lang='grc' dir='ltr'><em>οἶκον</em></span> <span class='ocrx_word' id='word_1_95' title='bbox 1136 1477 1241 1532; x_wconf 79' lang='grc' dir='ltr'><strong><em>τοῦ</em></strong></span> <span class='ocrx_word' id='word_1_96' title='bbox 1273 1479 1438 1532; x_wconf 88' lang='grc' dir='ltr'><em>Θεοῦ.</em></span> 
     </span>
    </p>
   </div>
   <div class='ocr_carea' id='block_1_16' title="bbox 424 1566 1940 1638">
    <p class='ocr_par' dir='ltr' id='par_1_16' title="bbox 424 1566 1940 1638">
     <span class='ocr_line' id='line_1_16' title="bbox 424 1566 1940 1638; baseline 0.001 -18"><span class='ocrx_word' id='word_1_97' title='bbox 424 1566 528 1637; x_wconf 82' lang='grc' dir='ltr'><strong><em>κβ’.</em></strong></span> <span class='ocrx_word' id='word_1_98' title='bbox 560 1566 916 1637; x_wconf 77' lang='grc' dir='ltr'><em>Εὑχαριστῶ</em></span> <span class='ocrx_word' id='word_1_99' title='bbox 948 1585 1080 1634; x_wconf 86' lang='grc' dir='ltr'><em>σοι,</em></span> <span class='ocrx_word' id='word_1_100' title='bbox 1131 1566 1312 1638; x_wconf 56' lang='grc' dir='ltr'><em>Κιῗιριε</em></span> <span class='ocrx_word' id='word_1_101' title='bbox 1353 1570 1461 1623; x_wconf 86' lang='grc' dir='ltr'><strong><em>τοῦ</em></strong></span> <span class='ocrx_word' id='word_1_102' title='bbox 1500 1570 1782 1638; x_wconf 62' lang='grc' dir='ltr'><em>οίψανοῦ.</em></span> <span class='ocrx_word' id='word_1_103' title='bbox 1827 1570 1940 1624; x_wconf 73' lang='grc' dir='ltr'><strong><em>Οὐκ</em></strong></span> 
     </span>
    </p>
   </div>
   <div class='ocr_carea' id='block_1_17' title="bbox 349 1653 1941 1733">
    <p class='ocr_par' dir='ltr' id='par_1_17' title="bbox 349 1653 1941 1733">
     <span class='ocr_line' id='line_1_17' title="bbox 349 1653 1941 1733; baseline 0.003 -22"><span class='ocrx_word' id='word_1_104' title='bbox 349 1653 466 1730; x_wconf 83' lang='grc' dir='ltr'><em>εἶχε</em></span> <span class='ocrx_word' id='word_1_105' title='bbox 498 1658 589 1724; x_wconf 83' lang='grc' dir='ltr'><em>δὲ,</em></span> <span class='ocrx_word' id='word_1_106' title='bbox 634 1660 732 1714; x_wconf 79' lang='grc' dir='ltr'><strong><em>καὶ</em></strong></span> <span class='ocrx_word' id='word_1_107' title='bbox 777 1659 886 1728; x_wconf 78' lang='grc' dir='ltr'><em>τῆς</em></span> <span class='ocrx_word' id='word_1_108' title='bbox 919 1659 1049 1730; x_wconf 71' lang='grc' dir='ltr'><strong><em>γῆς.</em></strong></span> <span class='ocrx_word' id='word_1_109' title='bbox 1082 1661 1218 1714; x_wconf 75' lang='grc' dir='ltr'><em>Οὔτε</em></span> <span class='ocrx_word' id='word_1_110' title='bbox 1239 1705 1253 1727; x_wconf 93' lang='grc'><strong><em>,</em></strong></span> <span class='ocrx_word' id='word_1_111' title='bbox 1285 1661 1508 1732; x_wconf 80' lang='grc' dir='ltr'><strong><em>Πάτερ,</em></strong></span> <span class='ocrx_word' id='word_1_112' title='bbox 1543 1659 1706 1733; x_wconf 77' lang='grc' dir='ltr'><em>εἶχεν.</em></span> <span class='ocrx_word' id='word_1_113' title='bbox 1758 1663 1941 1732; x_wconf 82' lang='grc' dir='ltr'><strong>Ἐλέγ-</strong></span> 
     </span>
    </p>
   </div>
   <div class='ocr_carea' id='block_1_18' title="bbox 351 1751 1590 1827">
    <p class='ocr_par' dir='ltr' id='par_1_18' title="bbox 351 1751 1590 1827">
     <span class='ocr_line' id='line_1_18' title="bbox 351 1751 1590 1827; baseline 0.003 -22"><span class='ocrx_word' id='word_1_114' title='bbox 351 1770 508 1823; x_wconf 76' lang='grc' dir='ltr'><em>χεται</em></span> <span class='ocrx_word' id='word_1_115' title='bbox 539 1752 624 1805; x_wconf 82' lang='grc' dir='ltr'><strong><em>δέ·</em></strong></span> <span class='ocrx_word' id='word_1_116' title='bbox 658 1752 810 1808; x_wconf 81' lang='grc' dir='ltr'><strong><em>κάτω</em></strong></span> <span class='ocrx_word' id='word_1_117' title='bbox 833 1754 943 1827; x_wconf 73' lang='grc' dir='ltr'><strong><em>γὰρ</em></strong></span> <span class='ocrx_word' id='word_1_118' title='bbox 969 1751 1135 1826; x_wconf 76' lang='grc' dir='ltr'><em>εἶχεν,</em></span> <span class='ocrx_word' id='word_1_119' title='bbox 1168 1755 1280 1809; x_wconf 77' lang='grc' dir='ltr'><strong><em>Ναὶ</em></strong></span> <span class='ocrx_word' id='word_1_120' title='bbox 1306 1757 1339 1809; x_wconf 84' lang='grc' dir='ltr'><strong><em>ό</em></strong></span> <span class='ocrx_word' id='word_1_121' title='bbox 1367 1754 1590 1826; x_wconf 87' lang='grc' dir='ltr'><em>Πατήρ.</em></span> 
     </span>
    </p>
   </div>
   <div class='ocr_carea' id='block_1_19' title="bbox 2042 562 2610 634">
    <p class='ocr_par' dir='ltr' id='par_1_19' title="bbox 2042 562 2610 634">
     <span class='ocr_line' id='line_1_19' title="bbox 2042 562 2610 634; baseline -0.005 -17"><span class='ocrx_word' id='word_1_122' title='bbox 2042 562 2252 634; x_wconf 78' lang='lat' dir='ltr'><strong><em>Moyses</em></strong></span> <span class='ocrx_word' id='word_1_123' title='bbox 2286 564 2339 616; x_wconf 91' lang='lat' dir='ltr'><strong><em>in</em></strong></span> <span class='ocrx_word' id='word_1_124' title='bbox 2365 562 2536 632; x_wconf 86' lang='lat' dir='ltr'><strong><em>gloria</em></strong></span> <span class='ocrx_word' id='word_1_125' title='bbox 2571 563 2610 614; x_wconf 90' lang='grc'><strong><em>¹.</em></strong></span> 
     </span>
    </p>
   </div>
   <div class='ocr_carea' id='block_1_20' title="bbox 2118 652 3548 710">
    <p class='ocr_par' dir='ltr' id='par_1_20' title="bbox 2118 652 3548 710">
     <span class='ocr_line' id='line_1_20' title="bbox 2118 652 3548 710; baseline -0.002 0"><span class='ocrx_word' id='word_1_126' title='bbox 2118 656 2200 710; x_wconf 88' lang='grc'><strong><em>18.</em></strong></span> <span class='ocrx_word' id='word_1_127' title='bbox 2238 654 2281 706; x_wconf 73' lang='grc' dir='ltr'><em>Ε</em></span> <span class='ocrx_word' id='word_1_128' title='bbox 2311 655 2445 708; x_wconf 89' lang='lat' dir='ltr'><strong><em>nube</em></strong></span> <span class='ocrx_word' id='word_1_129' title='bbox 2477 670 2575 708; x_wconf 69' lang='lat' dir='ltr'><strong><em>vos:</em></strong></span> <span class='ocrx_word' id='word_1_130' title='bbox 2604 670 2621 707; x_wconf 87' lang='lat'><em>:</em></span> <span class='ocrx_word' id='word_1_131' title='bbox 2652 655 2754 707; x_wconf 84' lang='lat' dir='ltr'><strong><em>llic</em></strong></span> <span class='ocrx_word' id='word_1_132' title='bbox 2774 663 2849 707; x_wconf 88' lang='lat' dir='ltr'><strong><em>est</em></strong></span> <span class='ocrx_word' id='word_1_133' title='bbox 2884 652 3060 707; x_wconf 81' lang='lat' dir='ltr'><strong><em>Filius</em></strong></span> <span class='ocrx_word' id='word_1_134' title='bbox 3092 669 3233 708; x_wconf 87' lang='lat' dir='ltr'><strong><em>meus</em></strong></span> <span class='ocrx_word' id='word_1_135' title='bbox 3259 653 3483 707; x_wconf 83' lang='lat' dir='ltr'><strong><em>dilectus</em></strong></span> <span class='ocrx_word' id='word_1_136' title='bbox 3505 655 3548 707; x_wconf 81' lang='grc'><strong><em>².</em></strong></span> 
     </span>
    </p>
   </div>
   <div class='ocr_carea' id='block_1_21' title="bbox 2116 834 3624 911">
    <p class='ocr_par' dir='ltr' id='par_1_21' title="bbox 2116 834 3624 911">
     <span class='ocr_line' id='line_1_21' title="bbox 2116 834 3624 911; baseline -0.005 -16"><span class='ocrx_word' id='word_1_137' title='bbox 2116 840 2206 895; x_wconf 83' lang='grc'><strong><em>19.</em></strong></span> <span class='ocrx_word' id='word_1_138' title='bbox 2239 839 2437 911; x_wconf 80' lang='lat' dir='ltr'><strong><em>Rogavi</em></strong></span> <span class='ocrx_word' id='word_1_139' title='bbox 2481 839 2771 909; x_wconf 76' lang='lat' dir='ltr'><strong><em>discipulos</em></strong></span> <span class='ocrx_word' id='word_1_140' title='bbox 2817 846 2955 893; x_wconf 85' lang='lat' dir='ltr'><strong><em>tuos.</em></strong></span> <span class='ocrx_word' id='word_1_141' title='bbox 3006 834 3163 903; x_wconf 84' lang='lat' dir='ltr'><strong><em>Quod</em></strong></span> <span class='ocrx_word' id='word_1_142' title='bbox 3199 835 3253 889; x_wconf 90' lang='lat' dir='ltr'><strong><em>in</em></strong></span> <span class='ocrx_word' id='word_1_143' title='bbox 3301 835 3488 890; x_wconf 78' lang='lat' dir='ltr'><strong><em>codice</em></strong></span> <span class='ocrx_word' id='word_1_144' title='bbox 3522 847 3624 887; x_wconf 86' lang='lat' dir='ltr'><strong><em>suo</em></strong></span> 
     </span>
    </p>
   </div>
   <div class='ocr_carea' id='block_1_22' title="bbox 2042 926 3619 1001">
    <p class='ocr_par' dir='ltr' id='par_1_22' title="bbox 2042 926 3619 1001">
     <span class='ocr_line' id='line_1_22' title="bbox 2042 926 3619 1001; baseline -0.006 -15"><span class='ocrx_word' id='word_1_145' title='bbox 2042 932 2298 997; x_wconf 85' lang='lat' dir='ltr'><strong><em>habebat,</em></strong></span> <span class='ocrx_word' id='word_1_146' title='bbox 2330 939 2729 1001; x_wconf 76' lang='lat' dir='ltr'><strong><em>przeterquam:</em></strong></span> <span class='ocrx_word' id='word_1_147' title='bbox 2764 927 2887 982; x_wconf 83' lang='lat' dir='ltr'><strong><em>Non</em></strong></span> <span class='ocrx_word' id='word_1_148' title='bbox 2910 937 3190 997; x_wconf 85' lang='lat' dir='ltr'><strong><em>potuerunt</em></strong></span> <span class='ocrx_word' id='word_1_149' title='bbox 3216 927 3401 996; x_wconf 78' lang='lat' dir='ltr'><strong><em>ejicere</em></strong></span> <span class='ocrx_word' id='word_1_150' title='bbox 3426 926 3619 994; x_wconf 84' lang='lat' dir='ltr'><strong><em>ipsum.</em></strong></span> 
     </span>
    </p>
   </div>
   <div class='ocr_carea' id='block_1_23' title="bbox 2048 1013 3624 1091">
    <p class='ocr_par' dir='ltr' id='par_1_23' title="bbox 2048 1013 3624 1091">
     <span class='ocr_line' id='line_1_23' title="bbox 2048 1013 3624 1091; baseline -0.006 -15"><span class='ocrx_word' id='word_1_151' title='bbox 2048 1021 2113 1076; x_wconf 73' lang='lat' dir='ltr'><strong><em>Et</em></strong></span> <span class='ocrx_word' id='word_1_152' title='bbox 2158 1023 2233 1075; x_wconf 88' lang='lat' dir='ltr'><strong><em>ait</em></strong></span> <span class='ocrx_word' id='word_1_153' title='bbox 2280 1021 2349 1075; x_wconf 84' lang='lat' dir='ltr'><strong><em>ad</em></strong></span> <span class='ocrx_word' id='word_1_154' title='bbox 2395 1023 2537 1091; x_wconf 89' lang='lat' dir='ltr'><strong><em>ipsos</em></strong></span> <span class='ocrx_word' id='word_1_155' title='bbox 2578 1038 2595 1076; x_wconf 92' lang='lat'><em>:</em></span> <span class='ocrx_word' id='word_1_156' title='bbox 2640 1019 2684 1075; x_wconf 92' lang='lat'><em>0</em></span> <span class='ocrx_word' id='word_1_157' title='bbox 2721 1020 2991 1090; x_wconf 86' lang='lat' dir='ltr'><strong><em>generatio</em></strong></span> <span class='ocrx_word' id='word_1_158' title='bbox 3036 1017 3308 1072; x_wconf 87' lang='lat' dir='ltr'><strong><em>incredula</em></strong></span> <span class='ocrx_word' id='word_1_159' title='bbox 3326 1016 3346 1069; x_wconf 88' lang='lat'><strong><em>.’</em></strong></span> <span class='ocrx_word' id='word_1_160' title='bbox 3386 1013 3624 1086; x_wconf 77' lang='lat' dir='ltr'><strong><em>quandin</em></strong></span> 
     </span>
    </p>
   </div>
   <div class='ocr_carea' id='block_1_24' title="bbox 2042 1114 2531 1170">
    <p class='ocr_par' dir='ltr' id='par_1_24' title="bbox 2042 1114 2531 1170">
     <span class='ocr_line' id='line_1_24' title="bbox 2042 1114 2531 1170; baseline -0.004 -1"><span class='ocrx_word' id='word_1_161' title='bbox 2042 1130 2129 1169; x_wconf 78' lang='lat' dir='ltr'><strong><em>ros</em></strong></span> <span class='ocrx_word' id='word_1_162' title='bbox 2163 1114 2432 1170; x_wconf 72' lang='lat' dir='ltr'><strong><em>sustinebo</em></strong></span> <span class='ocrx_word' id='word_1_163' title='bbox 2456 1114 2475 1145; x_wconf 86' lang='grc'>³</span> <span class='ocrx_word' id='word_1_164' title='bbox 2506 1115 2531 1167; x_wconf 69' lang='grc'><em>9</em></span> 
     </span>
    </p>
   </div>
   <div class='ocr_carea' id='block_1_25' title="bbox 2112 1198 3625 1259">
    <p class='ocr_par' dir='ltr' id='par_1_25' title="bbox 2112 1198 3625 1259">
     <span class='ocr_line' id='line_1_25' title="bbox 2112 1198 3625 1259; baseline -0.006 -1"><span class='ocrx_word' id='word_1_165' title='bbox 2112 1205 2201 1258; x_wconf 84' lang='lat'><strong><em>20.</em></strong></span> <span class='ocrx_word' id='word_1_166' title='bbox 2245 1204 2421 1258; x_wconf 82' lang='lat' dir='ltr'><strong><em>Filius</em></strong></span> <span class='ocrx_word' id='word_1_167' title='bbox 2462 1205 2600 1259; x_wconf 90' lang='lat' dir='ltr'><strong><em>enim</em></strong></span> <span class='ocrx_word' id='word_1_168' title='bbox 2640 1202 2869 1256; x_wconf 77' lang='lat' dir='ltr'><strong><em>hominis</em></strong></span> <span class='ocrx_word' id='word_1_169' title='bbox 2911 1198 3204 1255; x_wconf 87' lang='lat' dir='ltr'><strong><em>tradendus</em></strong></span> <span class='ocrx_word' id='word_1_170' title='bbox 3242 1207 3320 1253; x_wconf 87' lang='lat' dir='ltr'><strong><em>est</em></strong></span> <span class='ocrx_word' id='word_1_171' title='bbox 3356 1199 3408 1252; x_wconf 91' lang='lat' dir='ltr'><strong><em>in</em></strong></span> <span class='ocrx_word' id='word_1_172' title='bbox 3438 1213 3625 1250; x_wconf 87' lang='lat' dir='ltr'><strong><em>manus</em></strong></span> 
     </span>
    </p>
   </div>
   <div class='ocr_carea' id='block_1_26' title="bbox 2040 1297 2377 1350">
    <p class='ocr_par' dir='ltr' id='par_1_26' title="bbox 2040 1297 2377 1350">
     <span class='ocr_line' id='line_1_26' title="bbox 2040 1297 2377 1350; baseline 0 0"><span class='ocrx_word' id='word_1_173' title='bbox 2040 1297 2311 1350; x_wconf 75' lang='lat' dir='ltr'><strong><em>hominum</em></strong></span> <span class='ocrx_word' id='word_1_174' title='bbox 2338 1298 2377 1350; x_wconf 73' lang='grc'><strong>’⁵.</strong></span> 
     </span>
    </p>
   </div>
   <div class='ocr_carea' id='block_1_27' title="bbox 2111 1380 3628 1461">
    <p class='ocr_par' dir='ltr' id='par_1_27' title="bbox 2111 1380 3628 1461">
     <span class='ocr_line' id='line_1_27' title="bbox 2111 1380 3628 1461; baseline -0.007 -17"><span class='ocrx_word' id='word_1_175' title='bbox 2111 1390 2202 1444; x_wconf 87' lang='lat'><strong><em>2|.</em></strong></span> <span class='ocrx_word' id='word_1_176' title='bbox 2239 1388 2417 1461; x_wconf 70' lang='lat' dir='ltr'><strong><em>Neque</em></strong></span> <span class='ocrx_word' id='word_1_177' title='bbox 2463 1389 2558 1443; x_wconf 88' lang='lat' dir='ltr'><strong><em>hoc</em></strong></span> <span class='ocrx_word' id='word_1_178' title='bbox 2603 1388 2829 1458; x_wconf 73' lang='lat' dir='ltr'><strong><em>legistis,</em></strong></span> <span class='ocrx_word' id='word_1_179' title='bbox 2875 1385 3001 1457; x_wconf 84' lang='lat' dir='ltr'><strong><em>quid</em></strong></span> <span class='ocrx_word' id='word_1_180' title='bbox 3046 1385 3227 1455; x_wconf 75' lang='lat' dir='ltr'><strong><em>fecerit</em></strong></span> <span class='ocrx_word' id='word_1_181' title='bbox 3278 1382 3495 1437; x_wconf 76' lang='lat' dir='ltr'><strong><em>Datid:</em></strong></span> <span class='ocrx_word' id='word_1_182' title='bbox 3534 1380 3628 1435; x_wconf 85' lang='lat' dir='ltr'><strong><em>ln-</em></strong></span> 
     </span>
    </p>
   </div>
   <div class='ocr_carea' id='block_1_28' title="bbox 2042 1477 2877 1549">
    <p class='ocr_par' dir='ltr' id='par_1_28' title="bbox 2042 1477 2877 1549">
     <span class='ocr_line' id='line_1_28' title="bbox 2042 1477 2877 1549; baseline -0.002 -17"><span class='ocrx_word' id='word_1_183' title='bbox 2042 1496 2251 1549; x_wconf 85' lang='lat' dir='ltr'><strong><em>gressns</em></strong></span> <span class='ocrx_word' id='word_1_184' title='bbox 2276 1489 2353 1533; x_wconf 87' lang='lat' dir='ltr'><strong><em>est</em></strong></span> <span class='ocrx_word' id='word_1_185' title='bbox 2384 1480 2435 1531; x_wconf 89' lang='lat' dir='ltr'><strong><em>in</em></strong></span> <span class='ocrx_word' id='word_1_186' title='bbox 2464 1478 2676 1532; x_wconf 84' lang='lat' dir='ltr'><strong><em>domum</em></strong></span> <span class='ocrx_word' id='word_1_187' title='bbox 2713 1477 2807 1531; x_wconf 87' lang='lat' dir='ltr'><strong><em>Dei</em></strong></span> <span class='ocrx_word' id='word_1_188' title='bbox 2836 1478 2877 1530; x_wconf 88' lang='grc'><em>⁸.</em></span> 
     </span>
    </p>
   </div>
   <div class='ocr_carea' id='block_1_29' title="bbox 2112 1567 3627 1641">
    <p class='ocr_par' dir='ltr' id='par_1_29' title="bbox 2112 1567 3627 1641">
     <span class='ocr_line' id='line_1_29' title="bbox 2112 1567 3627 1641; baseline -0.005 -15"><span class='ocrx_word' id='word_1_189' title='bbox 2112 1573 2202 1626; x_wconf 81' lang='lat'><strong><em>22.</em></strong></span> <span class='ocrx_word' id='word_1_190' title='bbox 2236 1571 2451 1626; x_wconf 85' lang='lat' dir='ltr'><strong><em>Gratias</em></strong></span> <span class='ocrx_word' id='word_1_191' title='bbox 2483 1588 2582 1641; x_wconf 91' lang='lat' dir='ltr'><strong><em>ago</em></strong></span> <span class='ocrx_word' id='word_1_192' title='bbox 2614 1571 2729 1633; x_wconf 89' lang='lat' dir='ltr'><strong><em>tibi,</em></strong></span> <span class='ocrx_word' id='word_1_193' title='bbox 2761 1570 2980 1624; x_wconf 84' lang='lat' dir='ltr'><strong><em>Domine</em></strong></span> <span class='ocrx_word' id='word_1_194' title='bbox 3013 1570 3166 1632; x_wconf 67' lang='lat' dir='ltr'><strong><em>caeli;</em></strong></span> <span class='ocrx_word' id='word_1_195' title='bbox 3198 1567 3412 1633; x_wconf 88' lang='lat' dir='ltr'><strong><em>deerat,</em></strong></span> <span class='ocrx_word' id='word_1_196' title='bbox 3436 1575 3487 1620; x_wconf 89' lang='lat' dir='ltr'><strong><em>et</em></strong></span> <span class='ocrx_word' id='word_1_197' title='bbox 3520 1578 3627 1619; x_wconf 86' lang='lat' dir='ltr'><strong><em>ter-</em></strong></span> 
     </span>
    </p>
   </div>
   <div class='ocr_carea' id='block_1_30' title="bbox 2043 1657 3627 1729">
    <p class='ocr_par' dir='ltr' id='par_1_30' title="bbox 2043 1657 3627 1729">
     <span class='ocr_line' id='line_1_30' title="bbox 2043 1657 3627 1729; baseline -0.007 -9"><span class='ocrx_word' id='word_1_198' title='bbox 2043 1681 2155 1728; x_wconf 72' lang='lat' dir='ltr'><strong><em>ra&#39;;</em></strong></span> <span class='ocrx_word' id='word_1_199' title='bbox 2189 1664 2281 1720; x_wconf 91' lang='lat' dir='ltr'><strong><em>sed</em></strong></span> <span class='ocrx_word' id='word_1_200' title='bbox 2318 1673 2371 1718; x_wconf 88' lang='lat' dir='ltr'><strong><em>et</em></strong></span> <span class='ocrx_word' id='word_1_201' title='bbox 2403 1679 2529 1729; x_wconf 70' lang='lat' dir='ltr'><strong><em>vos,</em></strong></span> <span class='ocrx_word' id='word_1_202' title='bbox 2564 1661 2748 1725; x_wconf 85' lang='lat' dir='ltr'><strong><em>Pater,</em></strong></span> <span class='ocrx_word' id='word_1_203' title='bbox 2790 1661 2993 1716; x_wconf 80' lang='lat' dir='ltr'><strong><em>aberat.</em></strong></span> <span class='ocrx_word' id='word_1_204' title='bbox 3027 1659 3132 1715; x_wconf 81' lang='lat' dir='ltr'><strong><em>Sed</em></strong></span> <span class='ocrx_word' id='word_1_205' title='bbox 3159 1676 3223 1714; x_wconf 84' lang='lat' dir='ltr'><strong><em>ex</em></strong></span> <span class='ocrx_word' id='word_1_206' title='bbox 3252 1674 3318 1712; x_wconf 80' lang='lat' dir='ltr'><strong><em>eo</em></strong></span> <span class='ocrx_word' id='word_1_207' title='bbox 3349 1657 3627 1729; x_wconf 77' lang='lat' dir='ltr'><strong><em>redargui-</em></strong></span> 
     </span>
    </p>
   </div>
   <div class='ocr_carea' id='block_1_31' title="bbox 2044 1749 3389 1827">
    <p class='ocr_par' dir='ltr' id='par_1_31' title="bbox 2044 1749 3389 1827">
     <span class='ocr_line' id='line_1_31' title="bbox 2044 1749 3389 1827; baseline -0.007 -16"><span class='ocrx_word' id='word_1_208' title='bbox 2044 1766 2155 1820; x_wconf 91' lang='lat' dir='ltr'><strong><em>tur,</em></strong></span> <span class='ocrx_word' id='word_1_209' title='bbox 2186 1754 2331 1827; x_wconf 86' lang='lat' dir='ltr'><strong><em>quod</em></strong></span> <span class='ocrx_word' id='word_1_210' title='bbox 2357 1755 2521 1825; x_wconf 84' lang='lat' dir='ltr'><strong><em>paulo</em></strong></span> <span class='ocrx_word' id='word_1_211' title='bbox 2548 1761 2670 1826; x_wconf 84' lang='lat' dir='ltr'><strong><em>post</em></strong></span> <span class='ocrx_word' id='word_1_212' title='bbox 2696 1753 2916 1815; x_wconf 84' lang='lat' dir='ltr'><strong><em>habeat,</em></strong></span> <span class='ocrx_word' id='word_1_213' title='bbox 2955 1751 3130 1805; x_wconf 71' lang='lat' dir='ltr'><strong><em>Etiam</em></strong></span> <span class='ocrx_word' id='word_1_214' title='bbox 3164 1749 3328 1804; x_wconf 83' lang='lat' dir='ltr'><strong><em>Pater</em></strong></span> <span class='ocrx_word' id='word_1_215' title='bbox 3350 1752 3389 1802; x_wconf 76' lang='lat'><strong><em>°.</em></strong></span> 
     </span>
    </p>
   </div>
   <div class='ocr_carea' id='block_1_32' title="bbox 310 1825 1940 1920">
    <p class='ocr_par' dir='ltr' id='par_1_32' title="bbox 310 1825 1937 1920">
     <span class='ocr_line' id='line_1_32' title="bbox 310 1825 1937 1920; baseline 0.004 -23"><span class='ocrx_word' id='word_1_216' title='bbox 310 1849 318 1854; x_wconf 85' lang='grc'><strong><em>“</em></strong></span> <span class='ocrx_word' id='word_1_217' title='bbox 422 1852 528 1913; x_wconf 81' lang='grc' dir='ltr'><strong><em>κγ’.</em></strong></span> <span class='ocrx_word' id='word_1_218' title='bbox 584 1839 720 1897; x_wconf 62' lang='lat' dir='ltr'><strong><em>Eii-:3</em></strong></span> <span class='ocrx_word' id='word_1_219' title='bbox 754 1845 832 1917; x_wconf 79' lang='grc' dir='ltr'><em>τῷ</em></span> <span class='ocrx_word' id='word_1_220' title='bbox 873 1825 1118 1918; x_wconf 72' lang='grc' dir='ltr'><strong><em>νομωιῷ·</em></strong></span> <span class='ocrx_word' id='word_1_221' title='bbox 1170 1850 1272 1902; x_wconf 82' lang='grc' dir='ltr'><em>Ἐν</em></span> <span class='ocrx_word' id='word_1_222' title='bbox 1315 1846 1396 1913; x_wconf 87' lang='grc' dir='ltr'><em>τῷ</em></span> <span class='ocrx_word' id='word_1_223' title='bbox 1441 1825 1603 1918; x_wconf 87' lang='grc' dir='ltr'><em>νόμῳ</em></span> <span class='ocrx_word' id='word_1_224' title='bbox 1635 1849 1692 1903; x_wconf 87' lang='grc' dir='ltr'><em>τί</em></span> <span class='ocrx_word' id='word_1_225' title='bbox 1730 1848 1937 1920; x_wconf 76' lang='grc' dir='ltr'><strong><em>γέγρα-</em></strong></span> 
     </span>
    </p>
   </div>
   <div class='ocr_carea' id='block_1_33' title="bbox 2076 1825 3628 1920">
    <p class='ocr_par' dir='ltr' id='par_1_33' title="bbox 2111 1825 3628 1915">
     <span class='ocr_line' id='line_1_33' title="bbox 2111 1825 3628 1915; baseline -0.005 -13"><span class='ocrx_word' id='word_1_226' title='bbox 2111 1825 2216 1902; x_wconf 61' lang='grc'><strong><em>25.</em></strong></span> <span class='ocrx_word' id='word_1_227' title='bbox 2239 1847 2383 1900; x_wconf 78' lang='lat' dir='ltr'><strong><em>Dixit</em></strong></span> <span class='ocrx_word' id='word_1_228' title='bbox 2426 1825 2741 1915; x_wconf 71' lang='lat' dir='ltr'><strong><em>legiSperito</em></strong></span> <span class='ocrx_word' id='word_1_229' title='bbox 2773 1864 2786 1898; x_wconf 92' lang='lat'>:</span> <span class='ocrx_word' id='word_1_230' title='bbox 2823 1842 2887 1897; x_wconf 83' lang='lat' dir='ltr'><strong><em>In</em></strong></span> <span class='ocrx_word' id='word_1_231' title='bbox 2927 1844 3036 1914; x_wconf 88' lang='lat' dir='ltr'><strong><em>lege</em></strong></span> <span class='ocrx_word' id='word_1_232' title='bbox 3071 1842 3196 1913; x_wconf 84' lang='lat' dir='ltr'><strong><em>quid</em></strong></span> <span class='ocrx_word' id='word_1_233' title='bbox 3224 1842 3480 1911; x_wconf 88' lang='lat' dir='ltr'><strong><em>scriptum</em></strong></span> <span class='ocrx_word' id='word_1_234' title='bbox 3510 1843 3628 1895; x_wconf 80' lang='lat' dir='ltr'><strong><em>est?</em></strong></span> 
     </span>
    </p>
   </div>
   <div class='ocr_carea' id='block_1_34' title="bbox 348 1936 1938 2012">
    <p class='ocr_par' dir='ltr' id='par_1_34' title="bbox 348 1936 1938 2012">
     <span class='ocr_line' id='line_1_34' title="bbox 348 1936 1938 2012; baseline 0.003 -23"><span class='ocrx_word' id='word_1_235' title='bbox 348 1950 530 1999; x_wconf 60' lang='lat' dir='ltr'><strong><em>sitat;</em></strong></span> <span class='ocrx_word' id='word_1_236' title='bbox 558 1936 666 1991; x_wconf 79' lang='grc' dir='ltr'><strong><em>Καὶ</em></strong></span> <span class='ocrx_word' id='word_1_237' title='bbox 696 1937 1059 2006; x_wconf 81' lang='grc' dir='ltr'><em>ἀποκριθείς.</em></span> <span class='ocrx_word' id='word_1_238' title='bbox 1093 1938 1249 1993; x_wconf 78' lang='grc' dir='ltr'><em>Μετὰ</em></span> <span class='ocrx_word' id='word_1_239' title='bbox 1268 1938 1366 2009; x_wconf 79' lang='grc' dir='ltr'><em>τὴν</em></span> <span class='ocrx_word' id='word_1_240' title='bbox 1399 1939 1691 2012; x_wconf 80' lang='grc' dir='ltr'><em>ἀπόκρισιν</em></span> <span class='ocrx_word' id='word_1_241' title='bbox 1722 1940 1817 1994; x_wconf 76' lang='grc' dir='ltr'><strong><em>τοῦ</em></strong></span> <span class='ocrx_word' id='word_1_242' title='bbox 1851 1957 1938 1993; x_wconf 87' lang='grc' dir='ltr'><strong><em>νο-</em></strong></span> 
     </span>
    </p>
   </div>
   <div class='ocr_carea' id='block_1_35' title="bbox 353 2022 1938 2099">
    <p class='ocr_par' dir='ltr' id='par_1_35' title="bbox 353 2022 1938 2099">
     <span class='ocr_line' id='line_1_35' title="bbox 353 2022 1938 2099; baseline 0.004 -21"><span class='ocrx_word' id='word_1_243' title='bbox 353 2026 517 2095; x_wconf 78' lang='grc' dir='ltr'><em>μικοῦ</em></span> <span class='ocrx_word' id='word_1_244' title='bbox 551 2022 703 2093; x_wconf 70' lang='grc' dir='ltr'><em>εἶπεν</em></span> <span class='ocrx_word' id='word_1_245' title='bbox 721 2045 733 2057; x_wconf 90' lang='grc'>·</span> <span class='ocrx_word' id='word_1_246' title='bbox 776 2028 985 2096; x_wconf 81' lang='grc' dir='ltr'><em>Ὀρθῶς</em></span> <span class='ocrx_word' id='word_1_247' title='bbox 1009 2026 1193 2095; x_wconf 82' lang='grc' dir='ltr'><em>εἶπες.</em></span> <span class='ocrx_word' id='word_1_248' title='bbox 1229 2028 1408 2084; x_wconf 84' lang='grc' dir='ltr'><em>Τοῦτο</em></span> <span class='ocrx_word' id='word_1_249' title='bbox 1436 2032 1614 2093; x_wconf 82' lang='grc' dir='ltr'><em>ποίει,</em></span> <span class='ocrx_word' id='word_1_250' title='bbox 1642 2030 1741 2083; x_wconf 78' lang='grc' dir='ltr'><em>καὶ</em></span> <span class='ocrx_word' id='word_1_251' title='bbox 1764 2030 1938 2099; x_wconf 79' lang='grc' dir='ltr'><em>ζήσῃ.</em></span> 
     </span>
    </p>
   </div>
   <div class='ocr_carea' id='block_1_36' title="bbox 423 2115 1943 2192">
    <p class='ocr_par' dir='ltr' id='par_1_36' title="bbox 423 2115 1943 2192">
     <span class='ocr_line' id='line_1_36' title="bbox 423 2115 1943 2192; baseline 0.005 -20"><span class='ocrx_word' id='word_1_252' title='bbox 423 2118 518 2172; x_wconf 87' lang='grc' dir='ltr'><em>κδ’.</em></span> <span class='ocrx_word' id='word_1_253' title='bbox 555 2119 667 2173; x_wconf 74' lang='grc' dir='ltr'><strong><em>Καὶ</em></strong></span> <span class='ocrx_word' id='word_1_254' title='bbox 692 2115 814 2174; x_wconf 79' lang='grc' dir='ltr'><em>εἷπε</em></span> <span class='ocrx_word' id='word_1_255' title='bbox 836 2139 849 2153; x_wconf 86' lang='grc'><strong>·</strong></span> <span class='ocrx_word' id='word_1_256' title='bbox 890 2121 984 2187; x_wconf 88' lang='grc' dir='ltr'><em>Τίς</em></span> <span class='ocrx_word' id='word_1_257' title='bbox 1015 2121 1085 2185; x_wconf 79' lang='grc' dir='ltr'><strong><em>ἐξ</em></strong></span> <span class='ocrx_word' id='word_1_258' title='bbox 1119 2121 1287 2191; x_wconf 76' lang='grc' dir='ltr'><em>ὑμῶν</em></span> <span class='ocrx_word' id='word_1_259' title='bbox 1316 2122 1437 2187; x_wconf 75' lang='grc' dir='ltr'><em>ἕξει</em></span> <span class='ocrx_word' id='word_1_260' title='bbox 1467 2122 1672 2192; x_wconf 65' lang='grc' dir='ltr'><em>φίλον,</em></span> <span class='ocrx_word' id='word_1_261' title='bbox 1701 2124 1798 2178; x_wconf 78' lang='grc' dir='ltr'><em>καὶ</em></span> <span class='ocrx_word' id='word_1_262' title='bbox 1832 2139 1943 2179; x_wconf 84' lang='grc' dir='ltr'><em>πο·-</em></span> 
     </span>
    </p>
   </div>
   <div class='ocr_carea' id='block_1_37' title="bbox 347 2211 1944 2284">
    <p class='ocr_par' dir='ltr' id='par_1_37' title="bbox 347 2211 1944 2284">
     <span class='ocr_line' id='line_1_37' title="bbox 347 2211 1944 2284; baseline 0.001 -21"><span class='ocrx_word' id='word_1_263' title='bbox 347 2211 631 2277; x_wconf 86' lang='grc' dir='ltr'><em>ρεὺσεται</em></span> <span class='ocrx_word' id='word_1_264' title='bbox 682 2212 834 2280; x_wconf 73' lang='grc' dir='ltr'><em>πρὸς</em></span> <span class='ocrx_word' id='word_1_265' title='bbox 880 2214 1070 2267; x_wconf 63' lang='grc' dir='ltr'><em>αὐτὰν</em></span> <span class='ocrx_word' id='word_1_266' title='bbox 1104 2216 1546 2283; x_wconf 76' lang='grc' dir='ltr'><em>μεσονυκτίου,</em></span> <span class='ocrx_word' id='word_1_267' title='bbox 1580 2214 1762 2268; x_wconf 76' lang='grc' dir='ltr'><em>αἰτῶν</em></span> <span class='ocrx_word' id='word_1_268' title='bbox 1788 2216 1944 2284; x_wconf 81' lang='grc' dir='ltr'><em>τρεῖς</em></span> 
     </span>
    </p>
   </div>
   <div class='ocr_carea' id='block_1_38' title="bbox 350 2301 1945 2372">
    <p class='ocr_par' dir='ltr' id='par_1_38' title="bbox 350 2301 1945 2372">
     <span class='ocr_line' id='line_1_38' title="bbox 350 2301 1945 2372; baseline 0.003 -17"><span class='ocrx_word' id='word_1_269' title='bbox 350 2301 609 2370; x_wconf 82' lang='grc' dir='ltr'><em>ἀρτους;</em></span> <span class='ocrx_word' id='word_1_270' title='bbox 639 2304 732 2356; x_wconf 78' lang='grc' dir='ltr'><strong><em>καὶ</em></strong></span> <span class='ocrx_word' id='word_1_271' title='bbox 754 2303 941 2356; x_wconf 80' lang='grc' dir='ltr'><em>λοιπόν</em></span> <span class='ocrx_word' id='word_1_272' title='bbox 963 2320 977 2333; x_wconf 81' lang='grc'><em>’</em></span> <span class='ocrx_word' id='word_1_273' title='bbox 1014 2303 1259 2369; x_wconf 74' lang='grc' dir='ltr'><em>Αἰτεῖτε,</em></span> <span class='ocrx_word' id='word_1_274' title='bbox 1289 2303 1389 2358; x_wconf 79' lang='grc' dir='ltr'><em>καὶ</em></span> <span class='ocrx_word' id='word_1_275' title='bbox 1425 2303 1766 2372; x_wconf 74' lang='grc' dir='ltr'><em>δοθήσεται.</em></span> <span class='ocrx_word' id='word_1_276' title='bbox 1806 2306 1945 2359; x_wconf 82' lang='grc' dir='ltr'><em>Τίνα</em></span> 
     </span>
    </p>
   </div>
   <div class='ocr_carea' id='block_1_39' title="bbox 353 2394 1944 2466">
    <p class='ocr_par' dir='ltr' id='par_1_39' title="bbox 353 2394 1944 2466">
     <span class='ocr_line' id='line_1_39' title="bbox 353 2394 1944 2466; baseline 0.001 -18"><span class='ocrx_word' id='word_1_277' title='bbox 353 2397 463 2462; x_wconf 61' lang='grc' dir='ltr'><strong><em>γὰρ</em></strong></span> <span class='ocrx_word' id='word_1_278' title='bbox 494 2394 563 2458; x_wconf 83' lang='grc' dir='ltr'><strong><em>ἐξ</em></strong></span> <span class='ocrx_word' id='word_1_279' title='bbox 594 2394 763 2464; x_wconf 85' lang='grc' dir='ltr'><em>ὑμῶν</em></span> <span class='ocrx_word' id='word_1_280' title='bbox 792 2396 903 2449; x_wconf 74' lang='grc' dir='ltr'><strong><em>τὸν</em></strong></span> <span class='ocrx_word' id='word_1_281' title='bbox 939 2396 1162 2465; x_wconf 78' lang='grc' dir='ltr'><strong><em>πατέρα</em></strong></span> <span class='ocrx_word' id='word_1_282' title='bbox 1196 2396 1325 2463; x_wconf 78' lang='grc' dir='ltr'><em>υἱὸς</em></span> <span class='ocrx_word' id='word_1_283' title='bbox 1352 2395 1587 2463; x_wconf 78' lang='grc' dir='ltr'><strong><em>αἰτήσει</em></strong></span> <span class='ocrx_word' id='word_1_284' title='bbox 1617 2397 1810 2466; x_wconf 78' lang='grc' dir='ltr'><em>ἰχθὺν,</em></span> <span class='ocrx_word' id='word_1_285' title='bbox 1844 2396 1944 2451; x_wconf 74' lang='grc' dir='ltr'><strong><em>καὶ</em></strong></span> 
     </span>
    </p>
   </div>
   <div class='ocr_carea' id='block_1_40' title="bbox 353 2484 1943 2556">
    <p class='ocr_par' dir='ltr' id='par_1_40' title="bbox 353 2484 1943 2556">
     <span class='ocr_line' id='line_1_40' title="bbox 353 2484 1943 2556; baseline 0.004 -19"><span class='ocrx_word' id='word_1_286' title='bbox 353 2484 490 2537; x_wconf 78' lang='grc' dir='ltr'><em>ἀντὶ</em></span> <span class='ocrx_word' id='word_1_287' title='bbox 541 2487 748 2554; x_wconf 68' lang='grc' dir='ltr'><em>ἰχθύος</em></span> <span class='ocrx_word' id='word_1_288' title='bbox 796 2486 936 2556; x_wconf 58' lang='grc' dir='ltr'><em>ὅφιν</em></span> <span class='ocrx_word' id='word_1_289' title='bbox 978 2486 1257 2541; x_wconf 81' lang='grc' dir='ltr'><strong><em>ἐπιδώσει</em></strong></span> <span class='ocrx_word' id='word_1_290' title='bbox 1303 2486 1500 2553; x_wconf 84' lang='grc' dir='ltr'><em>αὐτῷ;</em></span> <span class='ocrx_word' id='word_1_291' title='bbox 1553 2487 1592 2556; x_wconf 81' lang='grc' dir='ltr'><strong><em>ἣ</em></strong></span> <span class='ocrx_word' id='word_1_292' title='bbox 1642 2486 1779 2542; x_wconf 74' lang='grc' dir='ltr'><em>ἀντὶ</em></span> <span class='ocrx_word' id='word_1_293' title='bbox 1824 2487 1943 2543; x_wconf 87' lang='grc' dir='ltr'><strong><em>ὠοῦ</em></strong></span> 
     </span>
    </p>
   </div>
   <div class='ocr_carea' id='block_1_41' title="bbox 351 2576 1944 2650">
    <p class='ocr_par' dir='ltr' id='par_1_41' title="bbox 351 2576 1944 2650">
     <span class='ocr_line' id='line_1_41' title="bbox 351 2576 1944 2650; baseline 0.004 -20"><span class='ocrx_word' id='word_1_294' title='bbox 351 2582 689 2643; x_wconf 75' lang='grc' dir='ltr'><em>σκορπίον;</em></span> <span class='ocrx_word' id='word_1_295' title='bbox 720 2581 791 2632; x_wconf 85' lang='lat' dir='ltr'><strong><em>El</em></strong></span> <span class='ocrx_word' id='word_1_296' title='bbox 838 2576 951 2634; x_wconf 85' lang='grc' dir='ltr'><em>οὗν</em></span> <span class='ocrx_word' id='word_1_297' title='bbox 986 2580 1172 2650; x_wconf 72' lang='grc' dir='ltr'><em>ὑμεῖς,</em></span> <span class='ocrx_word' id='word_1_298' title='bbox 1215 2580 1464 2649; x_wconf 71' lang='grc' dir='ltr'><em>πονηροὶ</em></span> <span class='ocrx_word' id='word_1_299' title='bbox 1501 2579 1704 2649; x_wconf 80' lang='grc' dir='ltr'><em>ὄντες,</em></span> <span class='ocrx_word' id='word_1_300' title='bbox 1742 2580 1944 2636; x_wconf 85' lang='grc' dir='ltr'><em>οιδατε</em></span> 
     </span>
    </p>
   </div>
   <div class='ocr_carea' id='block_1_42' title="bbox 352 2666 1624 2741">
    <p class='ocr_par' dir='ltr' id='par_1_42' title="bbox 352 2666 1624 2741">
     <span class='ocr_line' id='line_1_42' title="bbox 352 2666 1624 2741; baseline 0.005 -23"><span class='ocrx_word' id='word_1_301' title='bbox 352 2666 584 2736; x_wconf 78' lang='grc' dir='ltr'><em>δόματα</em></span> <span class='ocrx_word' id='word_1_302' title='bbox 606 2670 818 2739; x_wconf 75' lang='grc' dir='ltr'><em>ἀγαθὰ,</em></span> <span class='ocrx_word' id='word_1_303' title='bbox 850 2672 1022 2738; x_wconf 79' lang='grc' dir='ltr'><em>πόσῳ</em></span> <span class='ocrx_word' id='word_1_304' title='bbox 1044 2669 1289 2741; x_wconf 78' lang='grc' dir='ltr'><em>μᾶλλον</em></span> <span class='ocrx_word' id='word_1_305' title='bbox 1315 2675 1349 2727; x_wconf 88' lang='grc' dir='ltr'><strong><em>ό</em></strong></span> <span class='ocrx_word' id='word_1_306' title='bbox 1381 2671 1582 2741; x_wconf 79' lang='grc' dir='ltr'><em>Πατήρ</em></span> <span class='ocrx_word' id='word_1_307' title='bbox 1605 2688 1624 2736; x_wconf 91' lang='grc'><strong><em>;</em></strong></span> 
     </span>
    </p>
   </div>
   <div class='ocr_carea' id='block_1_43' title="bbox 426 2761 1938 2836">
    <p class='ocr_par' dir='ltr' id='par_1_43' title="bbox 426 2761 1938 2836">
     <span class='ocr_line' id='line_1_43' title="bbox 426 2761 1938 2836; baseline 0.003 -23"><span class='ocrx_word' id='word_1_308' title='bbox 426 2761 961 2833; x_wconf 79' lang='grc' dir='ltr'><em>κε’.-Περικέκοπται</em></span> <span class='ocrx_word' id='word_1_309' title='bbox 1006 2763 1069 2816; x_wconf 75' lang='grc' dir='ltr'><em>τὸ</em></span> <span class='ocrx_word' id='word_1_310' title='bbox 1120 2765 1249 2836; x_wconf 72' lang='grc' dir='ltr'><em>περὶ</em></span> <span class='ocrx_word' id='word_1_311' title='bbox 1306 2766 1461 2818; x_wconf 84' lang='grc' dir='ltr'><strong><em>Ἰωνᾶ</em></strong></span> <span class='ocrx_word' id='word_1_312' title='bbox 1506 2765 1600 2820; x_wconf 84' lang='grc' dir='ltr'><strong><em>τοῦ</em></strong></span> <span class='ocrx_word' id='word_1_313' title='bbox 1637 2764 1938 2836; x_wconf 78' lang='grc' dir='ltr'><strong><em>προφήτου.</em></strong></span> 
     </span>
    </p>
   </div>
   <div class='ocr_carea' id='block_1_44' title="bbox 355 2848 1943 2924">
    <p class='ocr_par' dir='ltr' id='par_1_44' title="bbox 355 2848 1943 2924">
     <span class='ocr_line' id='line_1_44' title="bbox 355 2848 1943 2924; baseline 0.002 -21"><span class='ocrx_word' id='word_1_314' title='bbox 355 2848 486 2921; x_wconf 80' lang='grc' dir='ltr'><strong><em>Εἶχε</em></strong></span> <span class='ocrx_word' id='word_1_315' title='bbox 520 2851 631 2923; x_wconf 80' lang='grc' dir='ltr'><strong><em>γάρ</em></strong></span> <span class='ocrx_word' id='word_1_316' title='bbox 651 2869 665 2884; x_wconf 90' lang='grc'><strong>·</strong></span> <span class='ocrx_word' id='word_1_317' title='bbox 704 2854 766 2906; x_wconf 85' lang='grc' dir='ltr'><strong><em>Ἠ</em></strong></span> <span class='ocrx_word' id='word_1_318' title='bbox 806 2853 981 2924; x_wconf 78' lang='grc' dir='ltr'><em>γενεὰ</em></span> <span class='ocrx_word' id='word_1_319' title='bbox 1007 2854 1162 2921; x_wconf 78' lang='grc' dir='ltr'><em>αὕτη</em></span> <span class='ocrx_word' id='word_1_320' title='bbox 1184 2894 1198 2916; x_wconf 94' lang='grc'><strong><em>,</em></strong></span> <span class='ocrx_word' id='word_1_321' title='bbox 1231 2853 1486 2922; x_wconf 79' lang='grc' dir='ltr'><em>σημεῖον</em></span> <span class='ocrx_word' id='word_1_322' title='bbox 1525 2857 1598 2909; x_wconf 84' lang='grc' dir='ltr'><em>οὐ</em></span> <span class='ocrx_word' id='word_1_323' title='bbox 1623 2853 1943 2921; x_wconf 80' lang='grc' dir='ltr'><em>δοθήσεται</em></span> 
     </span>
    </p>
   </div>
   <div class='ocr_carea' id='block_1_45' title="bbox 352 2940 1942 3016">
    <p class='ocr_par' dir='ltr' id='par_1_45' title="bbox 352 2940 1942 3016">
     <span class='ocr_line' id='line_1_45' title="bbox 352 2940 1942 3016; baseline 0.003 -21"><span class='ocrx_word' id='word_1_324' title='bbox 352 2940 530 3011; x_wconf 76' lang='grc' dir='ltr'><em>αὐτῇ.</em></span> <span class='ocrx_word' id='word_1_325' title='bbox 566 2943 681 2997; x_wconf 80' lang='grc' dir='ltr'><strong><em>Οὐκ</em></strong></span> <span class='ocrx_word' id='word_1_326' title='bbox 716 2941 830 3014; x_wconf 83' lang='grc' dir='ltr'><em>εἶχε</em></span> <span class='ocrx_word' id='word_1_327' title='bbox 862 2944 925 3015; x_wconf 79' lang='grc' dir='ltr'><em>δὴ</em></span> <span class='ocrx_word' id='word_1_328' title='bbox 969 2945 1098 3016; x_wconf 74' lang='grc' dir='ltr'><em>περὶ</em></span> <span class='ocrx_word' id='word_1_329' title='bbox 1130 2944 1332 3014; x_wconf 81' lang='grc' dir='ltr'><em>Νινευῆ</em></span> <span class='ocrx_word' id='word_1_330' title='bbox 1381 2945 1476 2999; x_wconf 71' lang='grc' dir='ltr'><strong><em>καὶ</em></strong></span> <span class='ocrx_word' id='word_1_331' title='bbox 1512 2943 1828 3016; x_wconf 82' lang='grc' dir='ltr'><em>βασιλίσσης</em></span> <span class='ocrx_word' id='word_1_332' title='bbox 1857 2945 1942 3000; x_wconf 88' lang='grc' dir='ltr'><strong><em>νό-</em></strong></span> 
     </span>
    </p>
   </div>
   <div class='ocr_carea' id='block_1_46' title="bbox 353 3032 967 3104">
    <p class='ocr_par' dir='ltr' id='par_1_46' title="bbox 353 3032 967 3104">
     <span class='ocr_line' id='line_1_46' title="bbox 353 3032 967 3104; baseline 0.005 -20"><span class='ocrx_word' id='word_1_333' title='bbox 353 3048 470 3095; x_wconf 77' lang='grc' dir='ltr'><em>του,</em></span> <span class='ocrx_word' id='word_1_334' title='bbox 505 3033 598 3084; x_wconf 79' lang='grc' dir='ltr'><strong><em>καὶ</em></strong></span> <span class='ocrx_word' id='word_1_335' title='bbox 625 3032 967 3104; x_wconf 65' lang='grc' dir='ltr'><em>Σολομῶνος.</em></span> 
     </span>
    </p>
   </div>
   <div class='ocr_carea' id='block_1_47' title="bbox 425 3126 1942 3198">
    <p class='ocr_par' dir='ltr' id='par_1_47' title="bbox 425 3126 1942 3198">
     <span class='ocr_line' id='line_1_47' title="bbox 425 3126 1942 3198; baseline 0.006 -21"><span class='ocrx_word' id='word_1_336' title='bbox 425 3131 537 3190; x_wconf 81' lang='grc' dir='ltr'><strong><em>κς’.</em></strong></span> <span class='ocrx_word' id='word_1_337' title='bbox 599 3126 744 3180; x_wconf 72' lang='grc' dir='ltr'><strong><em>Ἀντὶ</em></strong></span> <span class='ocrx_word' id='word_1_338' title='bbox 792 3126 884 3179; x_wconf 80' lang='grc' dir='ltr'><strong><em>τοῦ</em></strong></span> <span class='ocrx_word' id='word_1_339' title='bbox 909 3167 923 3187; x_wconf 84' lang='grc'><strong><em>,</em></strong></span> <span class='ocrx_word' id='word_1_340' title='bbox 978 3131 1358 3197; x_wconf 84' lang='grc' dir='ltr'><em>Παρέρχεσθε</em></span> <span class='ocrx_word' id='word_1_341' title='bbox 1408 3128 1526 3198; x_wconf 80' lang='grc' dir='ltr'><em>τὴν</em></span> <span class='ocrx_word' id='word_1_342' title='bbox 1577 3127 1781 3198; x_wconf 71' lang='grc' dir='ltr'><em>κρίσιν</em></span> <span class='ocrx_word' id='word_1_343' title='bbox 1834 3129 1942 3186; x_wconf 88' lang='grc' dir='ltr'><strong><em>τοῦ</em></strong></span> 
     </span>
    </p>
   </div>
   <div class='ocr_carea' id='block_1_48' title="bbox 355 3214 1841 3290">
    <p class='ocr_par' dir='ltr' id='par_1_48' title="bbox 355 3214 1841 3290">
     <span class='ocr_line' id='line_1_48' title="bbox 355 3214 1841 3290; baseline 0.003 -20"><span class='ocrx_word' id='word_1_344' title='bbox 355 3217 527 3281; x_wconf 81' lang='grc' dir='ltr'><em>Θεοῦ,</em></span> <span class='ocrx_word' id='word_1_345' title='bbox 561 3214 693 3289; x_wconf 79' lang='grc' dir='ltr'><em>εἶχε,</em></span> <span class='ocrx_word' id='word_1_346' title='bbox 728 3218 1105 3289; x_wconf 68' lang='grc' dir='ltr'><em>Παρέρχεσθε</em></span> <span class='ocrx_word' id='word_1_347' title='bbox 1136 3220 1252 3288; x_wconf 78' lang='grc' dir='ltr'><em>τὴν</em></span> <span class='ocrx_word' id='word_1_348' title='bbox 1283 3220 1509 3290; x_wconf 76' lang='grc' dir='ltr'><em>κλῆσιν</em></span> <span class='ocrx_word' id='word_1_349' title='bbox 1535 3220 1642 3275; x_wconf 89' lang='grc' dir='ltr'><strong><em>τοῦ</em></strong></span> <span class='ocrx_word' id='word_1_350' title='bbox 1673 3220 1841 3276; x_wconf 82' lang='grc' dir='ltr'><em>Θεοῦ.</em></span> 
     </span>
    </p>
   </div>
   <div class='ocr_carea' id='block_1_49' title="bbox 426 3309 1945 3384">
    <p class='ocr_par' dir='ltr' id='par_1_49' title="bbox 426 3309 1945 3384">
     <span class='ocr_line' id='line_1_49' title="bbox 426 3309 1945 3384; baseline 0.002 -21"><span class='ocrx_word' id='word_1_351' title='bbox 426 3309 529 3374; x_wconf 77' lang='grc' dir='ltr'><strong>κζ’.</strong></span> <span class='ocrx_word' id='word_1_352' title='bbox 565 3311 709 3364; x_wconf 78' lang='grc' dir='ltr'><strong><em>Οὐαὶ</em></strong></span> <span class='ocrx_word' id='word_1_353' title='bbox 738 3312 901 3381; x_wconf 82' lang='grc' dir='ltr'><em>ὑμῖν,</em></span> <span class='ocrx_word' id='word_1_354' title='bbox 928 3313 1013 3366; x_wconf 84' lang='grc' dir='ltr'><em>ὅτι</em></span> <span class='ocrx_word' id='word_1_355' title='bbox 1042 3314 1402 3384; x_wconf 78' lang='grc' dir='ltr'><em>οἰκοδομεῖτε</em></span> <span class='ocrx_word' id='word_1_356' title='bbox 1427 3316 1500 3369; x_wconf 87' lang='grc' dir='ltr'><em>τὰ</em></span> <span class='ocrx_word' id='word_1_357' title='bbox 1519 3316 1801 3384; x_wconf 85' lang='grc' dir='ltr'><em>μνήματα</em></span> <span class='ocrx_word' id='word_1_358' title='bbox 1824 3313 1945 3367; x_wconf 85' lang='grc' dir='ltr'><strong><em>τῶν</em></strong></span> 
     </span>
    </p>
   </div>
   <div class='ocr_carea' id='block_1_50' title="bbox 358 3401 1943 3476">
    <p class='ocr_par' dir='ltr' id='par_1_50' title="bbox 358 3401 1943 3476">
     <span class='ocr_line' id='line_1_50' title="bbox 358 3401 1943 3476; baseline 0.005 -23"><span class='ocrx_word' id='word_1_359' title='bbox 358 3401 702 3471; x_wconf 64' lang='grc' dir='ltr'><em>προφητῶν,</em></span> <span class='ocrx_word' id='word_1_360' title='bbox 739 3404 837 3458; x_wconf 80' lang='grc' dir='ltr'><em>καὶ</em></span> <span class='ocrx_word' id='word_1_361' title='bbox 871 3407 925 3458; x_wconf 83' lang='lat' dir='ltr'><strong><em>oi</em></strong></span> <span class='ocrx_word' id='word_1_362' title='bbox 955 3405 1208 3474; x_wconf 77' lang='grc' dir='ltr'><em>πατέρες</em></span> <span class='ocrx_word' id='word_1_363' title='bbox 1248 3404 1416 3476; x_wconf 71' lang='grc' dir='ltr'><em>ὑμῶν</em></span> <span class='ocrx_word' id='word_1_364' title='bbox 1444 3405 1804 3463; x_wconf 80' lang='grc' dir='ltr'><em>ἀπέκτειναν</em></span> <span class='ocrx_word' id='word_1_365' title='bbox 1835 3407 1943 3461; x_wconf 84' lang='grc' dir='ltr'><strong><em>αὐ-</em></strong></span> 
     </span>
    </p>
   </div>
   <div class='ocr_carea' id='block_1_51' title="bbox 265 3495 517 3561">
    <p class='ocr_par' dir='ltr' id='par_1_51' title="bbox 265 3495 517 3561">
     <span class='ocr_line' id='line_1_51' title="bbox 265 3495 517 3561; baseline -0.008 -13"><span class='ocrx_word' id='word_1_366' title='bbox 265 3553 271 3557; x_wconf 85' lang='lat'><em>_</em></span> <span class='ocrx_word' id='word_1_367' title='bbox 353 3495 517 3561; x_wconf 71' lang='grc' dir='ltr'><em>τούς.</em></span> 
     </span>
    </p>
   </div>
   <div class='ocr_carea' id='block_1_52' title="bbox 426 3574 1945 3663">
    <p class='ocr_par' dir='ltr' id='par_1_52' title="bbox 426 3574 1945 3663">
     <span class='ocr_line' id='line_1_52' title="bbox 426 3574 1945 3663; baseline 0.003 -23"><span class='ocrx_word' id='word_1_368' title='bbox 426 3596 534 3658; x_wconf 78' lang='grc' dir='ltr'><em>κη’.</em></span> <span class='ocrx_word' id='word_1_369' title='bbox 581 3574 701 3644; x_wconf 18' lang='grc' dir='ltr'><strong>Οὐκ.</strong></span> <span class='ocrx_word' id='word_1_370' title='bbox 743 3587 879 3661; x_wconf 77' lang='grc' dir='ltr'><em>εἶχε·</em></span> <span class='ocrx_word' id='word_1_371' title='bbox 931 3596 1034 3645; x_wconf 76' lang='grc' dir='ltr'><strong><em>Διὰ</em></strong></span> <span class='ocrx_word' id='word_1_372' title='bbox 1090 3594 1264 3646; x_wconf 77' lang='grc' dir='ltr'><em>τοῦτο</em></span> <span class='ocrx_word' id='word_1_373' title='bbox 1309 3587 1479 3646; x_wconf 80' lang='grc' dir='ltr'><em>εἶπεν</em></span> <span class='ocrx_word' id='word_1_374' title='bbox 1526 3595 1563 3659; x_wconf 84' lang='grc' dir='ltr'><strong><em>ή</em></strong></span> <span class='ocrx_word' id='word_1_375' title='bbox 1615 3595 1806 3663; x_wconf 65' lang='grc' dir='ltr'><em>Σοφία</em></span> <span class='ocrx_word' id='word_1_376' title='bbox 1838 3590 1945 3645; x_wconf 89' lang='grc' dir='ltr'><strong><em>τοῦ</em></strong></span> 
     </span>
    </p>
   </div>
   <div class='ocr_carea' id='block_1_53' title="bbox 356 3681 1946 3755">
    <p class='ocr_par' dir='ltr' id='par_1_53' title="bbox 356 3681 1946 3755">
     <span class='ocr_line' id='line_1_53' title="bbox 356 3681 1946 3755; baseline 0.001 -21"><span class='ocrx_word' id='word_1_377' title='bbox 356 3681 531 3745; x_wconf 86' lang='grc' dir='ltr'><em>Θεοῦ,</em></span> <span class='ocrx_word' id='word_1_378' title='bbox 562 3681 909 3737; x_wconf 74' lang='grc' dir='ltr'><em>Ἀποστελῶ</em></span> <span class='ocrx_word' id='word_1_379' title='bbox 945 3687 1033 3750; x_wconf 74' lang='grc' dir='ltr'><em>εἰς</em></span> <span class='ocrx_word' id='word_1_380' title='bbox 1073 3684 1296 3750; x_wconf 76' lang='grc' dir='ltr'><em>αὐτοὺς</em></span> <span class='ocrx_word' id='word_1_381' title='bbox 1330 3683 1662 3753; x_wconf 51' lang='grc' dir='ltr'><em>προφήτας-ο</em></span> <span class='ocrx_word' id='word_1_382' title='bbox 1696 3684 1790 3740; x_wconf 71' lang='grc' dir='ltr'><strong><em>καὶ</em></strong></span> <span class='ocrx_word' id='word_1_383' title='bbox 1820 3684 1946 3755; x_wconf 73' lang='grc' dir='ltr'><em>περὶ</em></span> 
     </span>
    </p>
   </div>
   <div class='ocr_carea' id='block_1_54' title="bbox 353 3775 1946 3848">
    <p class='ocr_par' dir='ltr' id='par_1_54' title="bbox 353 3775 1946 3848">
     <span class='ocr_line' id='line_1_54' title="bbox 353 3775 1946 3848; baseline 0.002 -22"><span class='ocrx_word' id='word_1_384' title='bbox 353 3775 590 3843; x_wconf 71' lang='grc' dir='ltr'><em>αἵματος</em></span> <span class='ocrx_word' id='word_1_385' title='bbox 643 3776 913 3846; x_wconf 69' lang='grc' dir='ltr'><em>Ζαχαρίου</em></span> <span class='ocrx_word' id='word_1_386' title='bbox 962 3778 1059 3829; x_wconf 67' lang='grc' dir='ltr'><strong><em>καὶ</em></strong></span> <span class='ocrx_word' id='word_1_387' title='bbox 1091 3777 1256 3830; x_wconf 75' lang='grc' dir='ltr'><strong><em>Ἅϐελ</em></strong></span> <span class='ocrx_word' id='word_1_388' title='bbox 1302 3776 1412 3830; x_wconf 82' lang='grc' dir='ltr'><strong><em>τῶν</em></strong></span> <span class='ocrx_word' id='word_1_389' title='bbox 1446 3775 1772 3848; x_wconf 69' lang='grc' dir='ltr'><em>προφητῶψ</em></span> <span class='ocrx_word' id='word_1_390' title='bbox 1815 3776 1946 3829; x_wconf 84' lang='grc' dir='ltr'><em>’Ὅτι</em></span> 
     </span>
    </p>
   </div>
   <div class='ocr_carea' id='block_1_55' title="bbox 350 3865 1568 3937">
    <p class='ocr_par' dir='ltr' id='par_1_55' title="bbox 350 3865 1568 3937">
     <span class='ocr_line' id='line_1_55' title="bbox 350 3865 1568 3937; baseline 0.001 -18"><span class='ocrx_word' id='word_1_391' title='bbox 350 3865 816 3934; x_wconf 70' lang='grc' dir='ltr'><em>ἐκζητηθήσεται</em></span> <span class='ocrx_word' id='word_1_392' title='bbox 843 3867 912 3921; x_wconf 82' lang='grc' dir='ltr'><em>ἐκ</em></span> <span class='ocrx_word' id='word_1_393' title='bbox 943 3867 1054 3935; x_wconf 77' lang='grc' dir='ltr'><em>τῆς</em></span> <span class='ocrx_word' id='word_1_394' title='bbox 1082 3867 1292 3937; x_wconf 75' lang='grc' dir='ltr'><em>γενεᾶς</em></span> <span class='ocrx_word' id='word_1_395' title='bbox 1326 3869 1568 3935; x_wconf 79' lang='grc' dir='ltr'><em>ταύτης.</em></span> 
     </span>
    </p>
   </div>
   <div class='ocr_carea' id='block_1_56' title="bbox 427 3956 1945 4029">
    <p class='ocr_par' dir='ltr' id='par_1_56' title="bbox 427 3956 1945 4029">
     <span class='ocr_line' id='line_1_56' title="bbox 427 3956 1945 4029; baseline 0.001 -20"><span class='ocrx_word' id='word_1_396' title='bbox 427 3956 532 4010; x_wconf 82' lang='grc' dir='ltr'><strong><em>κΘ’.</em></strong></span> <span class='ocrx_word' id='word_1_397' title='bbox 564 3956 729 4028; x_wconf 76' lang='grc' dir='ltr'><strong><em>Λέγω</em></strong></span> <span class='ocrx_word' id='word_1_398' title='bbox 773 3957 899 4024; x_wconf 77' lang='grc' dir='ltr'><em>τοῖς</em></span> <span class='ocrx_word' id='word_1_399' title='bbox 932 3960 1134 4028; x_wconf 68' lang='grc' dir='ltr'><em>φίλοις</em></span> <span class='ocrx_word' id='word_1_400' title='bbox 1165 3977 1285 4029; x_wconf 84' lang='grc' dir='ltr'><strong><em>μου</em></strong></span> <span class='ocrx_word' id='word_1_401' title='bbox 1308 3977 1320 3991; x_wconf 87' lang='grc'><strong>·</strong></span> <span class='ocrx_word' id='word_1_402' title='bbox 1354 3959 1452 4028; x_wconf 82' lang='grc' dir='ltr'><strong><em>Μὴ</em></strong></span> <span class='ocrx_word' id='word_1_403' title='bbox 1497 3957 1798 4027; x_wconf 67' lang='grc' dir='ltr'><em>φοϐηθῆτε</em></span> <span class='ocrx_word' id='word_1_404' title='bbox 1825 3957 1945 4013; x_wconf 81' lang='grc' dir='ltr'><em>ἀπὸ</em></span> 
     </span>
    </p>
   </div>
   <div class='ocr_carea' id='block_1_57' title="bbox 351 4049 1948 4123">
    <p class='ocr_par' dir='ltr' id='par_1_57' title="bbox 351 4049 1948 4123">
     <span class='ocr_line' id='line_1_57' title="bbox 351 4049 1948 4123; baseline 0.001 -21"><span class='ocrx_word' id='word_1_405' title='bbox 351 4049 471 4104; x_wconf 83' lang='grc' dir='ltr'><em>τῶν</em></span> <span class='ocrx_word' id='word_1_406' title='bbox 503 4051 985 4106; x_wconf 82' lang='grc' dir='ltr'><em>ἀποκτεινόντων</em></span> <span class='ocrx_word' id='word_1_407' title='bbox 1029 4050 1095 4104; x_wconf 84' lang='grc' dir='ltr'><em>τὸ</em></span> <span class='ocrx_word' id='word_1_408' title='bbox 1145 4051 1345 4121; x_wconf 76' lang='grc' dir='ltr'><em>σῶμαο</em></span> <span class='ocrx_word' id='word_1_409' title='bbox 1394 4052 1694 4123; x_wconf 69' lang='grc' dir='ltr'><em>φοϐηθῆτε</em></span> <span class='ocrx_word' id='word_1_410' title='bbox 1734 4051 1803 4105; x_wconf 91' lang='grc' dir='ltr'><em>δὲ</em></span> <span class='ocrx_word' id='word_1_411' title='bbox 1840 4053 1948 4106; x_wconf 84' lang='grc' dir='ltr'><em>τὸν</em></span> 
     </span>
    </p>
   </div>
   <div class='ocr_carea' id='block_1_58' title="bbox 347 4142 1948 4214">
    <p class='ocr_par' dir='ltr' id='par_1_58' title="bbox 347 4142 1948 4214">
     <span class='ocr_line' id='line_1_58' title="bbox 347 4142 1948 4214; baseline 0.001 -19"><span class='ocrx_word' id='word_1_412' title='bbox 347 4142 502 4212; x_wconf 84' lang='grc' dir='ltr'><em>μετὰ</em></span> <span class='ocrx_word' id='word_1_413' title='bbox 529 4142 596 4196; x_wconf 88' lang='grc' dir='ltr'><strong><em>τὸ</em></strong></span> <span class='ocrx_word' id='word_1_414' title='bbox 626 4144 975 4199; x_wconf 80' lang='grc' dir='ltr'><em>ἀποκτεῖναι</em></span> <span class='ocrx_word' id='word_1_415' title='bbox 1018 4143 1240 4214; x_wconf 82' lang='grc' dir='ltr'><em>ἔχοντα</em></span> <span class='ocrx_word' id='word_1_416' title='bbox 1276 4145 1569 4209; x_wconf 79' lang='grc' dir='ltr'><em>ἐξουσίαν</em></span> <span class='ocrx_word' id='word_1_417' title='bbox 1596 4143 1819 4210; x_wconf 75' lang='grc' dir='ltr'><em>,βαλεῖν</em></span> <span class='ocrx_word' id='word_1_418' title='bbox 1858 4147 1948 4209; x_wconf 80' lang='grc' dir='ltr'><em>εἰς</em></span> 
     </span>
    </p>
   </div>
   <div class='ocr_carea' id='block_1_59' title="bbox 354 4230 1946 4305">
    <p class='ocr_par' dir='ltr' id='par_1_59' title="bbox 354 4230 1946 4305">
     <span class='ocr_line' id='line_1_59' title="bbox 354 4230 1946 4305; baseline 0.003 -20"><span class='ocrx_word' id='word_1_419' title='bbox 354 4233 632 4303; x_wconf 79' lang='grc' dir='ltr'><em>γέενναν.</em></span> <span class='ocrx_word' id='word_1_420' title='bbox 662 4234 776 4287; x_wconf 72' lang='grc' dir='ltr'><strong><em>Οὐκ</em></strong></span> <span class='ocrx_word' id='word_1_421' title='bbox 810 4230 923 4305; x_wconf 79' lang='grc' dir='ltr'><em>εἶχε</em></span> <span class='ocrx_word' id='word_1_422' title='bbox 961 4234 1049 4288; x_wconf 79' lang='grc' dir='ltr'><strong><em>δέ·</em></strong></span> <span class='ocrx_word' id='word_1_423' title='bbox 1087 4235 1237 4305; x_wconf 74' lang='grc' dir='ltr'><strong><em>οὐχὶ</em></strong></span> <span class='ocrx_word' id='word_1_424' title='bbox 1285 4235 1467 4289; x_wconf 83' lang='grc' dir='ltr'><em>πέντε</em></span> <span class='ocrx_word' id='word_1_425' title='bbox 1507 4236 1796 4305; x_wconf 88' lang='grc' dir='ltr'><em>στρουθιά</em></span> <span class='ocrx_word' id='word_1_426' title='bbox 1836 4236 1946 4290; x_wconf 87' lang='grc' dir='ltr'><em>ἀσ-</em></span> 
     </span>
    </p>
   </div>
   <div class='ocr_carea' id='block_1_60' title="bbox 259 4325 1946 4393">
    <p class='ocr_par' dir='ltr' id='par_1_60' title="bbox 259 4325 1946 4393">
     <span class='ocr_line' id='line_1_60' title="bbox 259 4325 1946 4393; baseline 0.002 -15"><span class='ocrx_word' id='word_1_427' title='bbox 259 4330 262 4332; x_wconf 75' lang='grc'><strong><em>’</em></strong></span> <span class='ocrx_word' id='word_1_428' title='bbox 353 4325 585 4393; x_wconf 84' lang='grc' dir='ltr'><em>σαρίων</em></span> <span class='ocrx_word' id='word_1_429' title='bbox 630 4325 740 4379; x_wconf 82' lang='grc' dir='ltr'><em>δύο</em></span> <span class='ocrx_word' id='word_1_430' title='bbox 787 4326 1166 4390; x_wconf 76' lang='grc' dir='ltr'><em>πωλοῦνται;</em></span> <span class='ocrx_word' id='word_1_431' title='bbox 1218 4326 1315 4380; x_wconf 76' lang='grc' dir='ltr'><strong><em>καὶ</em></strong></span> <span class='ocrx_word' id='word_1_432' title='bbox 1361 4326 1431 4381; x_wconf 78' lang='grc' dir='ltr'><strong><em>ἐν</em></strong></span> <span class='ocrx_word' id='word_1_433' title='bbox 1475 4327 1543 4393; x_wconf 82' lang='grc' dir='ltr'><em>ἐξ</em></span> <span class='ocrx_word' id='word_1_434' title='bbox 1593 4326 1791 4382; x_wconf 85' lang='grc' dir='ltr'><em>αὐτῶν</em></span> <span class='ocrx_word' id='word_1_435' title='bbox 1833 4328 1946 4381; x_wconf 87' lang='grc' dir='ltr'><strong><em>οὐκ</em></strong></span> 
     </span>
    </p>
   </div>
   <div class='ocr_carea' id='block_1_61' title="bbox 351 4415 1658 4486">
    <p class='ocr_par' dir='ltr' id='par_1_61' title="bbox 351 4415 1658 4486">
     <span class='ocr_line' id='line_1_61' title="bbox 351 4415 1658 4486; baseline 0.005 -19"><span class='ocrx_word' id='word_1_436' title='bbox 351 4415 529 4468; x_wconf 77' lang='grc' dir='ltr'><em>ἐστιν</em></span> <span class='ocrx_word' id='word_1_437' title='bbox 551 4415 1033 4486; x_wconf 67' lang='grc' dir='ltr'><em>ἐπιλελησμένον</em></span> <span class='ocrx_word' id='word_1_438' title='bbox 1061 4416 1317 4471; x_wconf 86' lang='grc' dir='ltr'><em>ἐνώπιον</em></span> <span class='ocrx_word' id='word_1_439' title='bbox 1350 4418 1455 4473; x_wconf 90' lang='grc' dir='ltr'><strong><em>τοῦ</em></strong></span> <span class='ocrx_word' id='word_1_440' title='bbox 1490 4419 1658 4473; x_wconf 83' lang='grc' dir='ltr'><em>Θεοῦ.</em></span> 
     </span>
    </p>
   </div>
   <div class='ocr_carea' id='block_1_62' title="bbox 423 4505 1946 4580">
    <p class='ocr_par' dir='ltr' id='par_1_62' title="bbox 423 4505 1946 4580">
     <span class='ocr_line' id='line_1_62' title="bbox 423 4505 1946 4580; baseline 0.003 -21"><span class='ocrx_word' id='word_1_441' title='bbox 423 4505 490 4559; x_wconf 85' lang='grc' dir='ltr'><strong><em>λ’.</em></strong></span> <span class='ocrx_word' id='word_1_442' title='bbox 533 4508 680 4561; x_wconf 75' lang='grc' dir='ltr'><strong>’Δντὶ</strong></span> <span class='ocrx_word' id='word_1_443' title='bbox 720 4508 816 4562; x_wconf 78' lang='grc' dir='ltr'><strong><em>τοῦ</em></strong></span> <span class='ocrx_word' id='word_1_444' title='bbox 834 4547 848 4571; x_wconf 91' lang='grc'><strong><em>,</em></strong></span> <span class='ocrx_word' id='word_1_445' title='bbox 890 4509 1288 4580; x_wconf 75' lang='grc' dir='ltr'><em>Ὀμολοτήσει</em></span> <span class='ocrx_word' id='word_1_446' title='bbox 1333 4509 1590 4566; x_wconf 75' lang='grc' dir='ltr'><em>ἐνώπιον</em></span> <span class='ocrx_word' id='word_1_447' title='bbox 1631 4510 1750 4564; x_wconf 83' lang='grc' dir='ltr'><em>τῶν</em></span> <span class='ocrx_word' id='word_1_448' title='bbox 1774 4510 1946 4580; x_wconf 72' lang='grc' dir='ltr'><strong><em>ἀγγέ-</em></strong></span> 
     </span>
    </p>
   </div>
   <div class='ocr_carea' id='block_1_63' title="bbox 351 4596 1616 4670">
    <p class='ocr_par' dir='ltr' id='par_1_63' title="bbox 351 4596 1616 4670">
     <span class='ocr_line' id='line_1_63' title="bbox 351 4596 1616 4670; baseline 0.006 -20"><span class='ocrx_word' id='word_1_449' title='bbox 351 4599 482 4651; x_wconf 69' lang='grc' dir='ltr'><em>λων</em></span> <span class='ocrx_word' id='word_1_450' title='bbox 514 4596 621 4651; x_wconf 88' lang='grc' dir='ltr'><strong><em>τοῦ</em></strong></span> <span class='ocrx_word' id='word_1_451' title='bbox 651 4598 820 4663; x_wconf 87' lang='grc' dir='ltr'><em>Θεοῦ,</em></span> <span class='ocrx_word' id='word_1_452' title='bbox 850 4597 1108 4653; x_wconf 85' lang='grc' dir='ltr'><em>ἐνώπιον</em></span> <span class='ocrx_word' id='word_1_453' title='bbox 1131 4600 1237 4655; x_wconf 89' lang='grc' dir='ltr'><strong><em>τοῦ</em></strong></span> <span class='ocrx_word' id='word_1_454' title='bbox 1267 4600 1415 4654; x_wconf 87' lang='grc' dir='ltr'><em>Θεοῦ</em></span> <span class='ocrx_word' id='word_1_455' title='bbox 1449 4601 1616 4670; x_wconf 80' lang='grc' dir='ltr'><em>λέγει.</em></span> 
     </span>
    </p>
   </div>
   <div class='ocr_carea' id='block_1_64' title="bbox 424 4688 1944 4763">
    <p class='ocr_par' dir='ltr' id='par_1_64' title="bbox 424 4688 1944 4763">
     <span class='ocr_line' id='line_1_64' title="bbox 424 4688 1944 4763; baseline 0.003 -22"><span class='ocrx_word' id='word_1_456' title='bbox 424 4688 524 4744; x_wconf 81' lang='grc' dir='ltr'><em>λα’.</em></span> <span class='ocrx_word' id='word_1_457' title='bbox 560 4690 675 4743; x_wconf 77' lang='grc' dir='ltr'><strong><em>Οὐκ</em></strong></span> <span class='ocrx_word' id='word_1_458' title='bbox 702 4688 815 4761; x_wconf 85' lang='grc' dir='ltr'><em>ἔχει</em></span> <span class='ocrx_word' id='word_1_459' title='bbox 854 4691 947 4744; x_wconf 79' lang='grc' dir='ltr'><strong><em>τό·</em></strong></span> <span class='ocrx_word' id='word_1_460' title='bbox 993 4692 1055 4744; x_wconf 91' lang='lat'><strong><em>&#39;0</em></strong></span> <span class='ocrx_word' id='word_1_461' title='bbox 1090 4692 1233 4759; x_wconf 86' lang='grc' dir='ltr'><em>Θεὸς</em></span> <span class='ocrx_word' id='word_1_462' title='bbox 1277 4691 1642 4763; x_wconf 64' lang='grc' dir='ltr'><em>ἀμφιέννυσι</em></span> <span class='ocrx_word' id='word_1_463' title='bbox 1673 4693 1779 4747; x_wconf 82' lang='grc' dir='ltr'><em>τὸν</em></span> <span class='ocrx_word' id='word_1_464' title='bbox 1806 4695 1944 4762; x_wconf 81' lang='grc' dir='ltr'><strong><em>χόρ-</em></strong></span> 
     </span>
    </p>
   </div>
   <div class='ocr_carea' id='block_1_65' title="bbox 351 4798 1087 4836">
    <p class='ocr_par' dir='ltr' id='par_1_65' title="bbox 351 4798 1087 4836">
     <span class='ocr_line' id='line_1_65' title="bbox 351 4798 1087 4836; baseline -0.012 0"><span class='ocrx_word' id='word_1_465' title='bbox 351 4798 481 4836; x_wconf 80' lang='grc' dir='ltr'><em>τον.</em></span> <span class='ocrx_word' id='word_1_466' title='bbox 1078 4824 1087 4827; x_wconf 93' lang='grc'><strong><em>-</em></strong></span> 
     </span>
    </p>
   </div>
   <div class='ocr_carea' id='block_1_66' title="bbox 425 4872 1949 4947">
    <p class='ocr_par' dir='ltr' id='par_1_66' title="bbox 425 4872 1949 4947">
     <span class='ocr_line' id='line_1_66' title="bbox 425 4872 1949 4947; baseline 0.001 -18"><span class='ocrx_word' id='word_1_467' title='bbox 425 4874 528 4946; x_wconf 78' lang='grc' dir='ltr'><strong><em>λβ’.</em></strong></span> <span class='ocrx_word' id='word_1_468' title='bbox 573 4874 768 4945; x_wconf 84' lang='grc' dir='ltr'><strong><em>’Υμῶν</em></strong></span> <span class='ocrx_word' id='word_1_469' title='bbox 799 4874 868 4929; x_wconf 87' lang='grc' dir='ltr'><em>δὲ</em></span> <span class='ocrx_word' id='word_1_470' title='bbox 905 4878 938 4930; x_wconf 88' lang='grc' dir='ltr'>ό</span> <span class='ocrx_word' id='word_1_471' title='bbox 972 4876 1177 4946; x_wconf 84' lang='grc' dir='ltr'><em>Πατὴρ</em></span> <span class='ocrx_word' id='word_1_472' title='bbox 1214 4872 1400 4943; x_wconf 78' lang='grc' dir='ltr'><em>οἶδεν,</em></span> <span class='ocrx_word' id='word_1_473' title='bbox 1431 4876 1522 4931; x_wconf 79' lang='grc' dir='ltr'><em>ὅτι</em></span> <span class='ocrx_word' id='word_1_474' title='bbox 1550 4877 1788 4947; x_wconf 75' lang='grc' dir='ltr'><em>χρῄζετε</em></span> <span class='ocrx_word' id='word_1_475' title='bbox 1816 4878 1949 4931; x_wconf 84' lang='grc' dir='ltr'><strong><em>τού-</em></strong></span> 
     </span>
    </p>
   </div>
   <div class='ocr_carea' id='block_1_67' title="bbox 354 4968 1078 5041">
    <p class='ocr_par' dir='ltr' id='par_1_67' title="bbox 354 4968 1078 5041">
     <span class='ocr_line' id='line_1_67' title="bbox 354 4968 1078 5041; baseline 0.001 -20"><span class='ocrx_word' id='word_1_476' title='bbox 354 4985 477 5021; x_wconf 79' lang='grc' dir='ltr'><strong><em>των</em></strong></span> <span class='ocrx_word' id='word_1_477' title='bbox 495 4985 509 4999; x_wconf 75' lang='grc'><em>’</em></span> <span class='ocrx_word' id='word_1_478' title='bbox 545 4968 655 5021; x_wconf 85' lang='grc' dir='ltr'><em>τῶν</em></span> <span class='ocrx_word' id='word_1_479' title='bbox 685 4968 966 5041; x_wconf 82' lang='grc' dir='ltr'><em>σαρκικῶν</em></span> <span class='ocrx_word' id='word_1_480' title='bbox 992 4969 1078 5041; x_wconf 85' lang='grc' dir='ltr'><strong><em>δή.</em></strong></span> 
     </span>
    </p>
   </div>
   <div class='ocr_carea' id='block_1_68' title="bbox 425 5059 1949 5129">
    <p class='ocr_par' dir='ltr' id='par_1_68' title="bbox 425 5059 1949 5129">
     <span class='ocr_line' id='line_1_68' title="bbox 425 5059 1949 5129; baseline -0.001 -15"><span class='ocrx_word' id='word_1_481' title='bbox 425 5061 529 5129; x_wconf 82' lang='grc' dir='ltr'><strong><em>λγ’.</em></strong></span> <span class='ocrx_word' id='word_1_482' title='bbox 560 5060 798 5129; x_wconf 83' lang='grc' dir='ltr'><em>Ζητεῖτε</em></span> <span class='ocrx_word' id='word_1_483' title='bbox 838 5060 938 5129; x_wconf 81' lang='grc' dir='ltr'><em>δὴ.</em></span> <span class='ocrx_word' id='word_1_484' title='bbox 962 5061 1078 5129; x_wconf 83' lang='grc' dir='ltr'><em>τὴν</em></span> <span class='ocrx_word' id='word_1_485' title='bbox 1113 5061 1445 5126; x_wconf 79' lang='grc' dir='ltr'><em>βασιλείαν</em></span> <span class='ocrx_word' id='word_1_486' title='bbox 1480 5061 1586 5119; x_wconf 87' lang='grc' dir='ltr'><strong><em>τοῦ</em></strong></span> <span class='ocrx_word' id='word_1_487' title='bbox 1620 5059 1775 5115; x_wconf 84' lang='grc' dir='ltr'><em>Θεοῦ</em></span> <span class='ocrx_word' id='word_1_488' title='bbox 1797 5103 1812 5127; x_wconf 91' lang='grc'><strong><em>,</em></strong></span> <span class='ocrx_word' id='word_1_489' title='bbox 1849 5060 1949 5114; x_wconf 80' lang='grc' dir='ltr'><strong><em>καὶ</em></strong></span> 
     </span>
    </p>
   </div>
   <div class='ocr_carea' id='block_1_69' title="bbox 353 5151 1634 5231">
    <p class='ocr_par' dir='ltr' id='par_1_69' title="bbox 353 5151 1634 5231">
     <span class='ocr_line' id='line_1_69' title="bbox 353 5151 1634 5231; baseline -0.001 -24"><span class='ocrx_word' id='word_1_490' title='bbox 353 5152 543 5207; x_wconf 85' lang='grc' dir='ltr'><em>ταῦτα</em></span> <span class='ocrx_word' id='word_1_491' title='bbox 583 5151 782 5207; x_wconf 81' lang='grc' dir='ltr'><em>πάντα</em></span> <span class='ocrx_word' id='word_1_492' title='bbox 814 5154 1292 5225; x_wconf 86' lang='grc' dir='ltr'><em>προστεθήσεται</em></span> <span class='ocrx_word' id='word_1_493' title='bbox 1321 5154 1483 5223; x_wconf 82' lang='grc' dir='ltr'><em>ὑμῖν.</em></span> <span class='ocrx_word' id='word_1_494' title='bbox 1625 5222 1634 5231; x_wconf 36' lang='lat'><strong><em>.</em></strong></span> 
     </span>
    </p>
   </div>
   <div class='ocr_carea' id='block_1_70' title="bbox 426 5239 1926 5314">
    <p class='ocr_par' dir='ltr' id='par_1_70' title="bbox 426 5239 1926 5314">
     <span class='ocr_line' id='line_1_70' title="bbox 426 5239 1926 5314; baseline 0 -19"><span class='ocrx_word' id='word_1_495' title='bbox 426 5243 522 5298; x_wconf 59' lang='lat'><strong><em>16&#39;.</em></strong></span> <span class='ocrx_word' id='word_1_496' title='bbox 575 5243 719 5297; x_wconf 79' lang='grc' dir='ltr'><em>’Λντὶ</em></span> <span class='ocrx_word' id='word_1_497' title='bbox 748 5244 868 5308; x_wconf 76' lang='grc' dir='ltr'><em>τοῦ,</em></span> <span class='ocrx_word' id='word_1_498' title='bbox 905 5248 938 5300; x_wconf 84' lang='grc' dir='ltr'><strong><em>ό</em></strong></span> <span class='ocrx_word' id='word_1_499' title='bbox 988 5243 1192 5313; x_wconf 75' lang='grc' dir='ltr'><em>Πατὴρ</em></span> <span class='ocrx_word' id='word_1_500' title='bbox 1234 5241 1423 5312; x_wconf 83' lang='grc' dir='ltr'><em>ὑμῶν,</em></span> <span class='ocrx_word' id='word_1_501' title='bbox 1453 5245 1710 5312; x_wconf 73' lang='grc' dir='ltr'><em>όΠατηρ</em></span> <span class='ocrx_word' id='word_1_502' title='bbox 1758 5239 1926 5314; x_wconf 76' lang='grc' dir='ltr'><em>εἶχεν.</em></span> 
     </span>
    </p>
   </div>
   <div class='ocr_carea' id='block_1_71' title="bbox 424 5420 1943 5495">
    <p class='ocr_par' dir='ltr' id='par_1_71' title="bbox 424 5420 1943 5495">
     <span class='ocr_line' id='line_1_71' title="bbox 424 5420 1943 5495; baseline 0.001 -19"><span class='ocrx_word' id='word_1_503' title='bbox 424 5426 520 5478; x_wconf 80' lang='grc' dir='ltr'><em>λε’.</em></span> <span class='ocrx_word' id='word_1_504' title='bbox 564 5423 711 5478; x_wconf 75' lang='grc' dir='ltr'><em>Ἀντὶ</em></span> <span class='ocrx_word' id='word_1_505' title='bbox 744 5422 862 5490; x_wconf 76' lang='grc' dir='ltr'><em>τοῦ,</em></span> <span class='ocrx_word' id='word_1_506' title='bbox 904 5422 1153 5491; x_wconf 78' lang='grc' dir='ltr'><em>δευτέρᾳ</em></span> <span class='ocrx_word' id='word_1_507' title='bbox 1187 5423 1226 5491; x_wconf 78' lang='grc' dir='ltr'><em>ἢ</em></span> <span class='ocrx_word' id='word_1_508' title='bbox 1264 5424 1428 5494; x_wconf 81' lang='grc' dir='ltr'><em>τρίτῃ</em></span> <span class='ocrx_word' id='word_1_509' title='bbox 1472 5421 1743 5493; x_wconf 73' lang='grc' dir='ltr'><em>φυλακῇ,</em></span> <span class='ocrx_word' id='word_1_510' title='bbox 1775 5420 1943 5495; x_wconf 82' lang='grc' dir='ltr'><em>εἶχεν,</em></span> 
     </span>
    </p>
   </div>
   <div class='ocr_carea' id='block_1_72' title="bbox 353 5514 1018 5584">
    <p class='ocr_par' dir='ltr' id='par_1_72' title="bbox 353 5514 1018 5584">
     <span class='ocr_line' id='line_1_72' title="bbox 353 5514 1018 5584; baseline 0.003 -17"><span class='ocrx_word' id='word_1_511' title='bbox 353 5514 690 5583; x_wconf 78' lang='grc' dir='ltr'><em>ἐσπερινὴν</em></span> <span class='ocrx_word' id='word_1_512' title='bbox 710 5515 1018 5584; x_wconf 64' lang='grc' dir='ltr'><em>φυλακήν.</em></span> 
     </span>
    </p>
   </div>
   <div class='ocr_carea' id='block_1_73' title="bbox 434 5671 1211 5739">
    <p class='ocr_par' dir='ltr' id='par_1_73' title="bbox 434 5671 1211 5739">
     <span class='ocr_line' id='line_1_73' title="bbox 434 5671 1211 5739; baseline 0.004 -16"><span class='ocrx_word' id='word_1_513' title='bbox 434 5673 449 5703; x_wconf 83' lang='grc'><strong>¹</strong></span> <span class='ocrx_word' id='word_1_514' title='bbox 487 5671 717 5739; x_wconf 78' lang='lat' dir='ltr'><strong><em>an.tx,</em></strong></span> <span class='ocrx_word' id='word_1_515' title='bbox 757 5674 845 5727; x_wconf 82' lang='lat'><strong><em>5|.</em></strong></span> <span class='ocrx_word' id='word_1_516' title='bbox 908 5676 929 5704; x_wconf 82' lang='grc'>¹</span> <span class='ocrx_word' id='word_1_517' title='bbox 967 5672 1095 5727; x_wconf 87' lang='lat' dir='ltr'><strong><em>ibid.</em></strong></span> <span class='ocrx_word' id='word_1_518' title='bbox 1121 5674 1211 5728; x_wconf 73' lang='lat'><strong><em>55.</em></strong></span> 
     </span>
    </p>
   </div>
   <div class='ocr_carea' id='block_1_74' title="bbox 356 5743 1773 5812">
    <p class='ocr_par' dir='ltr' id='par_1_74' title="bbox 356 5743 1773 5812">
     <span class='ocr_line' id='line_1_74' title="bbox 356 5743 1773 5812; baseline -0.001 -14"><span class='ocrx_word' id='word_1_519' title='bbox 356 5743 541 5812; x_wconf 70' lang='grc' dir='ltr'><em>ὕδατι.</em></span> <span class='ocrx_word' id='word_1_520' title='bbox 614 5746 633 5775; x_wconf 81' lang='grc'><strong>⁸</strong></span> <span class='ocrx_word' id='word_1_521' title='bbox 659 5745 789 5797; x_wconf 90' lang='lat' dir='ltr'><strong><em>ibid.</em></strong></span> <span class='ocrx_word' id='word_1_522' title='bbox 833 5744 921 5797; x_wconf 75' lang='lat'><strong><em>30.</em></strong></span> <span class='ocrx_word' id='word_1_523' title='bbox 1017 5744 1058 5812; x_wconf 60' lang='grc' dir='ltr'><em>’θ</em></span> <span class='ocrx_word' id='word_1_524' title='bbox 1091 5744 1224 5798; x_wconf 90' lang='lat' dir='ltr'><strong><em>ibid.</em></strong></span> <span class='ocrx_word' id='word_1_525' title='bbox 1252 5744 1344 5798; x_wconf 61' lang='lat'><strong><em>42.</em></strong></span> <span class='ocrx_word' id='word_1_526' title='bbox 1445 5745 1484 5776; x_wconf 83' lang='lat'>“</span> <span class='ocrx_word' id='word_1_527' title='bbox 1518 5745 1647 5799; x_wconf 85' lang='lat' dir='ltr'><strong><em>ibid.</em></strong></span> <span class='ocrx_word' id='word_1_528' title='bbox 1683 5744 1773 5796; x_wconf 74' lang='grc'><strong><em>47.</em></strong></span> 
     </span>
    </p>
   </div>
   <div class='ocr_carea' id='block_1_75' title="bbox 2045 1933 3624 2010">
    <p class='ocr_par' dir='ltr' id='par_1_75' title="bbox 2045 1933 3624 2010">
     <span class='ocr_line' id='line_1_75' title="bbox 2045 1933 3624 2010; baseline -0.006 -15"><span class='ocrx_word' id='word_1_529' title='bbox 2045 1941 2115 1995; x_wconf 84' lang='grc' dir='ltr'><em>Ει</em></span> <span class='ocrx_word' id='word_1_530' title='bbox 2161 1942 2499 2010; x_wconf 87' lang='lat' dir='ltr'><strong><em>respondens.</em></strong></span> <span class='ocrx_word' id='word_1_531' title='bbox 2546 1937 2677 1992; x_wconf 83' lang='lat' dir='ltr'><strong><em>Post</em></strong></span> <span class='ocrx_word' id='word_1_532' title='bbox 2726 1937 3019 2006; x_wconf 75' lang='lat' dir='ltr'><strong><em>legisperiti</em></strong></span> <span class='ocrx_word' id='word_1_533' title='bbox 3058 1950 3413 2005; x_wconf 67' lang='lat' dir='ltr'><strong><em>responsum,</em></strong></span> <span class='ocrx_word' id='word_1_534' title='bbox 3451 1933 3624 1988; x_wconf 73' lang='lat' dir='ltr'><strong><em>dixit:</em></strong></span> 
     </span>
    </p>
   </div>
   <div class='ocr_carea' id='block_1_76' title="bbox 2044 2029 3059 2099">
    <p class='ocr_par' dir='ltr' id='par_1_76' title="bbox 2044 2029 3059 2099">
     <span class='ocr_line' id='line_1_76' title="bbox 2044 2029 3059 2099; baseline -0.006 -12"><span class='ocrx_word' id='word_1_535' title='bbox 2044 2032 2201 2088; x_wconf 87' lang='lat' dir='ltr'><strong><em>Recte</em></strong></span> <span class='ocrx_word' id='word_1_536' title='bbox 2227 2032 2437 2086; x_wconf 71' lang='lat' dir='ltr'><strong><em>dixisti.</em></strong></span> <span class='ocrx_word' id='word_1_537' title='bbox 2475 2030 2592 2085; x_wconf 83' lang='lat' dir='ltr'><strong><em>Hoc</em></strong></span> <span class='ocrx_word' id='word_1_538' title='bbox 2624 2030 2733 2099; x_wconf 81' lang='lat' dir='ltr'><strong><em>fac,</em></strong></span> <span class='ocrx_word' id='word_1_539' title='bbox 2764 2039 2813 2083; x_wconf 83' lang='lat' dir='ltr'><strong><em>et</em></strong></span> <span class='ocrx_word' id='word_1_540' title='bbox 2854 2029 2987 2082; x_wconf 72' lang='lat' dir='ltr'><strong><em>rites</em></strong></span> <span class='ocrx_word' id='word_1_541' title='bbox 3018 2029 3059 2081; x_wconf 91' lang='lat'><strong><em>&quot;.</em></strong></span> 
     </span>
    </p>
   </div>
   <div class='ocr_carea' id='block_1_77' title="bbox 2114 2118 3629 2187">
    <p class='ocr_par' dir='ltr' id='par_1_77' title="bbox 2114 2118 3629 2187">
     <span class='ocr_line' id='line_1_77' title="bbox 2114 2118 3629 2187; baseline -0.005 -10"><span class='ocrx_word' id='word_1_542' title='bbox 2114 2122 2207 2177; x_wconf 69' lang='lat'><strong><em>24.</em></strong></span> <span class='ocrx_word' id='word_1_543' title='bbox 2258 2123 2320 2176; x_wconf 69' lang='lat' dir='ltr'><strong><em>lit</em></strong></span> <span class='ocrx_word' id='word_1_544' title='bbox 2368 2123 2507 2177; x_wconf 75' lang='lat' dir='ltr'><strong><em>dixit</em></strong></span> <span class='ocrx_word' id='word_1_545' title='bbox 2541 2141 2552 2175; x_wconf 88' lang='lat'><strong>:</strong></span> <span class='ocrx_word' id='word_1_546' title='bbox 2592 2121 2723 2187; x_wconf 81' lang='lat' dir='ltr'><strong><em>Quis</em></strong></span> <span class='ocrx_word' id='word_1_547' title='bbox 2764 2128 2994 2173; x_wconf 85' lang='lat' dir='ltr'><strong><em>vestrum</em></strong></span> <span class='ocrx_word' id='word_1_548' title='bbox 3037 2118 3245 2171; x_wconf 87' lang='lat' dir='ltr'><strong><em>habebit</em></strong></span> <span class='ocrx_word' id='word_1_549' title='bbox 3276 2119 3540 2182; x_wconf 88' lang='lat' dir='ltr'><strong><em>amicum,</em></strong></span> <span class='ocrx_word' id='word_1_550' title='bbox 3581 2127 3629 2172; x_wconf 84' lang='grc' dir='ltr'><strong><em>ιι</em></strong></span> 
     </span>
    </p>
   </div>
   <div class='ocr_carea' id='block_1_78' title="bbox 2044 2211 3631 2279">
    <p class='ocr_par' dir='ltr' id='par_1_78' title="bbox 2044 2211 3631 2279">
     <span class='ocr_line' id='line_1_78' title="bbox 2044 2211 3631 2279; baseline -0.006 -9"><span class='ocrx_word' id='word_1_551' title='bbox 2044 2215 2140 2271; x_wconf 85' lang='lat' dir='ltr'><strong><em>ibit</em></strong></span> <span class='ocrx_word' id='word_1_552' title='bbox 2175 2215 2244 2269; x_wconf 86' lang='lat' dir='ltr'><strong><em>ad</em></strong></span> <span class='ocrx_word' id='word_1_553' title='bbox 2270 2216 2420 2268; x_wconf 58' lang='lat' dir='ltr'><strong><em>illum</em></strong></span> <span class='ocrx_word' id='word_1_554' title='bbox 2453 2213 2626 2267; x_wconf 87' lang='lat' dir='ltr'><strong><em>media</em></strong></span> <span class='ocrx_word' id='word_1_555' title='bbox 2662 2221 2833 2274; x_wconf 87' lang='lat' dir='ltr'><strong><em>nocte,</em></strong></span> <span class='ocrx_word' id='word_1_556' title='bbox 2869 2213 3150 2278; x_wconf 78' lang='lat' dir='ltr'><strong><em>postulans</em></strong></span> <span class='ocrx_word' id='word_1_557' title='bbox 3187 2224 3291 2265; x_wconf 89' lang='lat' dir='ltr'><strong><em>tres</em></strong></span> <span class='ocrx_word' id='word_1_558' title='bbox 3316 2212 3522 2279; x_wconf 77' lang='lat' dir='ltr'><strong><em>panes?</em></strong></span> <span class='ocrx_word' id='word_1_559' title='bbox 3556 2211 3631 2262; x_wconf 75' lang='lat' dir='ltr'><strong><em>At:</em></strong></span> 
     </span>
    </p>
   </div>
   <div class='ocr_carea' id='block_1_79' title="bbox 2044 2303 3629 2377">
    <p class='ocr_par' dir='ltr' id='par_1_79' title="bbox 2044 2303 3629 2377">
     <span class='ocr_line' id='line_1_79' title="bbox 2044 2303 3629 2377; baseline -0.004 -16"><span class='ocrx_word' id='word_1_560' title='bbox 2044 2307 2306 2377; x_wconf 78' lang='lat' dir='ltr'><strong><em>deinceps</em></strong></span> <span class='ocrx_word' id='word_1_561' title='bbox 2341 2324 2354 2359; x_wconf 88' lang='lat'><strong>:</strong></span> <span class='ocrx_word' id='word_1_562' title='bbox 2395 2304 2564 2359; x_wconf 86' lang='lat' dir='ltr'><strong><em>Petite</em></strong></span> <span class='ocrx_word' id='word_1_563' title='bbox 2592 2314 2641 2358; x_wconf 85' lang='lat' dir='ltr'><strong><em>et</em></strong></span> <span class='ocrx_word' id='word_1_564' title='bbox 2667 2303 2909 2357; x_wconf 83' lang='lat' dir='ltr'><strong><em>dabitur.</em></strong></span> <span class='ocrx_word' id='word_1_565' title='bbox 2943 2303 3075 2370; x_wconf 83' lang='lat' dir='ltr'><strong><em>Quis</em></strong></span> <span class='ocrx_word' id='word_1_566' title='bbox 3105 2305 3242 2357; x_wconf 90' lang='lat' dir='ltr'><strong><em>enim</em></strong></span> <span class='ocrx_word' id='word_1_567' title='bbox 3282 2320 3348 2357; x_wconf 75' lang='lat' dir='ltr'><strong><em>ex</em></strong></span> <span class='ocrx_word' id='word_1_568' title='bbox 3378 2303 3520 2357; x_wconf 79' lang='lat' dir='ltr'><strong><em>vobis</em></strong></span> <span class='ocrx_word' id='word_1_569' title='bbox 3552 2311 3629 2356; x_wconf 89' lang='lat' dir='ltr'><strong><em>est</em></strong></span> 
     </span>
    </p>
   </div>
   <div class='ocr_carea' id='block_1_80' title="bbox 2042 2397 3633 2468">
    <p class='ocr_par' dir='ltr' id='par_1_80' title="bbox 2042 2397 3633 2468">
     <span class='ocr_line' id='line_1_80' title="bbox 2042 2397 3633 2468; baseline -0.003 -17"><span class='ocrx_word' id='word_1_570' title='bbox 2042 2409 2215 2466; x_wconf 88' lang='lat' dir='ltr'><strong><em>pater,</em></strong></span> <span class='ocrx_word' id='word_1_571' title='bbox 2249 2414 2280 2451; x_wconf 90' lang='lat' dir='ltr'><strong><em>a</em></strong></span> <span class='ocrx_word' id='word_1_572' title='bbox 2311 2415 2411 2468; x_wconf 88' lang='lat' dir='ltr'><strong><em>quo</em></strong></span> <span class='ocrx_word' id='word_1_573' title='bbox 2444 2397 2586 2466; x_wconf 81' lang='lat' dir='ltr'><strong><em>[ilius</em></strong></span> <span class='ocrx_word' id='word_1_574' title='bbox 2615 2406 2754 2467; x_wconf 74' lang='lat' dir='ltr'><strong><em>peIat</em></strong></span> <span class='ocrx_word' id='word_1_575' title='bbox 2783 2397 2997 2466; x_wconf 85' lang='lat' dir='ltr'><strong><em>piscem,</em></strong></span> <span class='ocrx_word' id='word_1_576' title='bbox 3029 2406 3075 2449; x_wconf 89' lang='lat' dir='ltr'><strong><em>et</em></strong></span> <span class='ocrx_word' id='word_1_577' title='bbox 3106 2412 3203 2465; x_wconf 83' lang='lat' dir='ltr'><strong><em>pro</em></strong></span> <span class='ocrx_word' id='word_1_578' title='bbox 3240 2397 3383 2464; x_wconf 80' lang='lat' dir='ltr'><strong><em>pisce</em></strong></span> <span class='ocrx_word' id='word_1_579' title='bbox 3419 2410 3633 2463; x_wconf 85' lang='lat' dir='ltr'><strong><em>serpen-</em></strong></span> 
     </span>
    </p>
   </div>
   <div class='ocr_carea' id='block_1_81' title="bbox 2045 2486 3631 2558">
    <p class='ocr_par' dir='ltr' id='par_1_81' title="bbox 2045 2486 3631 2558">
     <span class='ocr_line' id='line_1_81' title="bbox 2045 2486 3631 2558; baseline -0.003 -14"><span class='ocrx_word' id='word_1_580' title='bbox 2045 2501 2148 2545; x_wconf 87' lang='lat' dir='ltr'><strong><em>tem</em></strong></span> <span class='ocrx_word' id='word_1_581' title='bbox 2181 2490 2332 2544; x_wconf 85' lang='lat' dir='ltr'><strong><em>dabit</em></strong></span> <span class='ocrx_word' id='word_1_582' title='bbox 2365 2490 2488 2543; x_wconf 87' lang='lat' dir='ltr'><strong><em>illi?</em></strong></span> <span class='ocrx_word' id='word_1_583' title='bbox 2514 2499 2607 2543; x_wconf 88' lang='lat' dir='ltr'><strong><em>aut</em></strong></span> <span class='ocrx_word' id='word_1_584' title='bbox 2646 2504 2741 2558; x_wconf 90' lang='lat' dir='ltr'><strong><em>pro</em></strong></span> <span class='ocrx_word' id='word_1_585' title='bbox 2768 2506 2862 2541; x_wconf 80' lang='lat' dir='ltr'><strong><em>oro</em></strong></span> <span class='ocrx_word' id='word_1_586' title='bbox 2897 2488 3268 2556; x_wconf 82' lang='lat' dir='ltr'><strong><em>scorpionem?</em></strong></span> <span class='ocrx_word' id='word_1_587' title='bbox 3294 2486 3354 2542; x_wconf 89' lang='lat' dir='ltr'><strong><em>Si</em></strong></span> <span class='ocrx_word' id='word_1_588' title='bbox 3386 2503 3508 2557; x_wconf 89' lang='lat' dir='ltr'><strong><em>ergo</em></strong></span> <span class='ocrx_word' id='word_1_589' title='bbox 3541 2503 3631 2541; x_wconf 78' lang='lat' dir='ltr'><strong><em>vos</em></strong></span> 
     </span>
    </p>
   </div>
   <div class='ocr_carea' id='block_1_82' title="bbox 2045 2577 3631 2650">
    <p class='ocr_par' dir='ltr' id='par_1_82' title="bbox 2045 2577 3631 2650">
     <span class='ocr_line' id='line_1_82' title="bbox 2045 2577 3631 2650; baseline -0.002 -16"><span class='ocrx_word' id='word_1_590' title='bbox 2045 2596 2165 2634; x_wconf 82' lang='lat' dir='ltr'><strong><em>cum</em></strong></span> <span class='ocrx_word' id='word_1_591' title='bbox 2190 2580 2309 2635; x_wconf 87' lang='lat' dir='ltr'><strong><em>sitis</em></strong></span> <span class='ocrx_word' id='word_1_592' title='bbox 2337 2579 2490 2642; x_wconf 88' lang='lat' dir='ltr'><strong><em>mali,</em></strong></span> <span class='ocrx_word' id='word_1_593' title='bbox 2527 2579 2694 2633; x_wconf 84' lang='lat' dir='ltr'><strong><em>nostis</em></strong></span> <span class='ocrx_word' id='word_1_594' title='bbox 2726 2578 2868 2633; x_wconf 89' lang='lat' dir='ltr'><strong><em>dona</em></strong></span> <span class='ocrx_word' id='word_1_595' title='bbox 2900 2580 3065 2644; x_wconf 83' lang='lat' dir='ltr'><strong><em>bona,</em></strong></span> <span class='ocrx_word' id='word_1_596' title='bbox 3094 2588 3293 2650; x_wconf 86' lang='lat' dir='ltr'><strong><em>quanto</em></strong></span> <span class='ocrx_word' id='word_1_597' title='bbox 3322 2579 3488 2649; x_wconf 85' lang='lat' dir='ltr'><strong><em>magis</em></strong></span> <span class='ocrx_word' id='word_1_598' title='bbox 3522 2577 3631 2631; x_wconf 81' lang='lat' dir='ltr'><strong><em>Pa-</em></strong></span> 
     </span>
    </p>
   </div>
   <div class='ocr_carea' id='block_1_83' title="bbox 2046 2673 2757 2742">
    <p class='ocr_par' dir='ltr' id='par_1_83' title="bbox 2046 2673 2757 2742">
     <span class='ocr_line' id='line_1_83' title="bbox 2046 2673 2757 2742; baseline 0.003 -15"><span class='ocrx_word' id='word_1_599' title='bbox 2046 2684 2124 2727; x_wconf 91' lang='lat' dir='ltr'><strong><em>ter</em></strong></span> <span class='ocrx_word' id='word_1_600' title='bbox 2146 2673 2206 2728; x_wconf 66' lang='grc'><strong><em>⁸⁸9</em></strong></span> <span class='ocrx_word' id='word_1_601' title='bbox 2755 2740 2757 2742; x_wconf 25' lang='grc' dir='ltr'><strong><em>η</em></strong></span> 
     </span>
    </p>
   </div>
   <div class='ocr_carea' id='block_1_84' title="bbox 2115 2760 3628 2835">
    <p class='ocr_par' dir='ltr' id='par_1_84' title="bbox 2115 2760 3628 2835">
     <span class='ocr_line' id='line_1_84' title="bbox 2115 2760 3628 2835; baseline -0.001 -17"><span class='ocrx_word' id='word_1_602' title='bbox 2115 2765 2206 2821; x_wconf 81' lang='lat'><strong><em>25.</em></strong></span> <span class='ocrx_word' id='word_1_603' title='bbox 2240 2767 2534 2835; x_wconf 84' lang='lat' dir='ltr'><strong><em>Amputata</em></strong></span> <span class='ocrx_word' id='word_1_604' title='bbox 2582 2773 2740 2818; x_wconf 85' lang='lat' dir='ltr'><strong><em>erant</em></strong></span> <span class='ocrx_word' id='word_1_605' title='bbox 2788 2779 2850 2819; x_wconf 87' lang='lat' dir='ltr'><strong><em>ea</em></strong></span> <span class='ocrx_word' id='word_1_606' title='bbox 2899 2777 3020 2833; x_wconf 58' lang='lat' dir='ltr'><strong><em>quat</em></strong></span> <span class='ocrx_word' id='word_1_607' title='bbox 3053 2762 3118 2816; x_wconf 85' lang='lat' dir='ltr'><strong><em>ad</em></strong></span> <span class='ocrx_word' id='word_1_608' title='bbox 3154 2760 3347 2817; x_wconf 84' lang='lat' dir='ltr'><strong><em>Jonam</em></strong></span> <span class='ocrx_word' id='word_1_609' title='bbox 3398 2763 3628 2833; x_wconf 84' lang='lat' dir='ltr'><strong><em>pertine—</em></strong></span> 
     </span>
    </p>
   </div>
   <div class='ocr_carea' id='block_1_85' title="bbox 2047 2854 3631 2926">
    <p class='ocr_par' dir='ltr' id='par_1_85' title="bbox 2047 2854 3631 2926">
     <span class='ocr_line' id='line_1_85' title="bbox 2047 2854 3631 2926; baseline -0.002 -15"><span class='ocrx_word' id='word_1_610' title='bbox 2047 2857 2200 2912; x_wconf 83' lang='lat' dir='ltr'><strong><em>bant.</em></strong></span> <span class='ocrx_word' id='word_1_611' title='bbox 2235 2856 2327 2911; x_wconf 87' lang='lat' dir='ltr'><strong><em>Sic</em></strong></span> <span class='ocrx_word' id='word_1_612' title='bbox 2358 2858 2505 2912; x_wconf 86' lang='lat' dir='ltr'><strong><em>enim</em></strong></span> <span class='ocrx_word' id='word_1_613' title='bbox 2534 2857 2769 2911; x_wconf 84' lang='lat' dir='ltr'><strong><em>habebat</em></strong></span> <span class='ocrx_word' id='word_1_614' title='bbox 2807 2875 2819 2910; x_wconf 95' lang='lat'>:</span> <span class='ocrx_word' id='word_1_615' title='bbox 2855 2854 3134 2911; x_wconf 67' lang='lat' dir='ltr'><strong><em>Generuio</em></strong></span> <span class='ocrx_word' id='word_1_616' title='bbox 3160 2855 3227 2909; x_wconf 90' lang='lat' dir='ltr'><strong><em>ha</em></strong></span> <span class='ocrx_word' id='word_1_617' title='bbox 3245 2856 3631 2926; x_wconf 82' lang='lat' dir='ltr'><strong><em>c,signuntnmt</em></strong></span> 
     </span>
    </p>
   </div>
   <div class='ocr_carea' id='block_1_86' title="bbox 2046 2945 3634 3016">
    <p class='ocr_par' dir='ltr' id='par_1_86' title="bbox 2046 2945 3634 3016">
     <span class='ocr_line' id='line_1_86' title="bbox 2046 2945 3634 3016; baseline -0.001 -15"><span class='ocrx_word' id='word_1_618' title='bbox 2046 2945 2267 3001; x_wconf 85' lang='lat' dir='ltr'><strong><em>dabitur</em></strong></span> <span class='ocrx_word' id='word_1_619' title='bbox 2310 2948 2358 3001; x_wconf 88' lang='lat' dir='ltr'><strong><em>ei</em></strong></span> <span class='ocrx_word' id='word_1_620' title='bbox 2386 2948 2429 3001; x_wconf 85' lang='lat'><strong><em>&#39;.</em></strong></span> <span class='ocrx_word' id='word_1_621' title='bbox 2462 2945 2926 3003; x_wconf 85' lang='lat' dir='ltr'><strong><em>Desiderabantur</em></strong></span> <span class='ocrx_word' id='word_1_622' title='bbox 2969 2946 3131 3001; x_wconf 80' lang='lat' dir='ltr'><strong><em>etiam</em></strong></span> <span class='ocrx_word' id='word_1_623' title='bbox 3186 2947 3297 3003; x_wconf 85' lang='lat' dir='ltr'><strong><em>illa.</em></strong></span> <span class='ocrx_word' id='word_1_624' title='bbox 3331 2947 3533 3016; x_wconf 84' lang='lat' dir='ltr'><strong><em>quibus</em></strong></span> <span class='ocrx_word' id='word_1_625' title='bbox 3567 2945 3634 3000; x_wconf 76' lang='lat' dir='ltr'><strong><em>de</em></strong></span> 
     </span>
    </p>
   </div>
   <div class='ocr_carea' id='block_1_87' title="bbox 2048 3037 3594 3111">
    <p class='ocr_par' dir='ltr' id='par_1_87' title="bbox 2048 3037 3594 3111">
     <span class='ocr_line' id='line_1_87' title="bbox 2048 3037 3594 3111; baseline -0.006 -15"><span class='ocrx_word' id='word_1_626' title='bbox 2048 3040 2263 3107; x_wconf 74' lang='lat' dir='ltr'><strong><em>Ninive,</em></strong></span> <span class='ocrx_word' id='word_1_627' title='bbox 2300 3049 2354 3096; x_wconf 90' lang='lat' dir='ltr'><strong><em>et</em></strong></span> <span class='ocrx_word' id='word_1_628' title='bbox 2388 3040 2575 3111; x_wconf 77' lang='lat' dir='ltr'><strong><em>regina</em></strong></span> <span class='ocrx_word' id='word_1_629' title='bbox 2601 3039 2810 3105; x_wconf 84' lang='lat' dir='ltr'><strong><em>Austri,</em></strong></span> <span class='ocrx_word' id='word_1_630' title='bbox 2841 3054 2905 3093; x_wconf 77' lang='lat' dir='ltr'><strong><em>ac.</em></strong></span> <span class='ocrx_word' id='word_1_631' title='bbox 2941 3038 3238 3094; x_wconf 86' lang='lat' dir='ltr'><strong><em>Salomone</em></strong></span> <span class='ocrx_word' id='word_1_632' title='bbox 3277 3037 3333 3091; x_wconf 85' lang='lat' dir='ltr'><strong><em>ﬁt</em></strong></span> <span class='ocrx_word' id='word_1_633' title='bbox 3367 3038 3594 3092; x_wconf 84' lang='lat' dir='ltr'><strong><em>mentio.</em></strong></span> 
     </span>
    </p>
   </div>
   <div class='ocr_carea' id='block_1_88' title="bbox 2117 3130 3628 3199">
    <p class='ocr_par' dir='ltr' id='par_1_88' title="bbox 2117 3130 3628 3199">
     <span class='ocr_line' id='line_1_88' title="bbox 2117 3130 3628 3199; baseline -0.004 -11"><span class='ocrx_word' id='word_1_634' title='bbox 2117 3133 2212 3189; x_wconf 86' lang='lat'><strong><em>26.</em></strong></span> <span class='ocrx_word' id='word_1_635' title='bbox 2259 3133 2367 3189; x_wconf 90' lang='lat' dir='ltr'><strong><em>Pro</em></strong></span> <span class='ocrx_word' id='word_1_636' title='bbox 2414 3134 2502 3188; x_wconf 88' lang='lat' dir='ltr'><strong><em>bis</em></strong></span> <span class='ocrx_word' id='word_1_637' title='bbox 2547 3132 2751 3198; x_wconf 84' lang='lat' dir='ltr'><strong><em>verbis,</em></strong></span> <span class='ocrx_word' id='word_1_638' title='bbox 2789 3131 3086 3187; x_wconf 73' lang='lat' dir='ltr'><strong><em>Prtt’leritis</em></strong></span> <span class='ocrx_word' id='word_1_639' title='bbox 3137 3130 3234 3185; x_wconf 89' lang='lat' dir='ltr'><strong><em>Dei</em></strong></span> <span class='ocrx_word' id='word_1_640' title='bbox 3266 3130 3531 3199; x_wconf 86' lang='lat' dir='ltr'><strong><em>judicium</em></strong></span> <span class='ocrx_word' id='word_1_641' title='bbox 3567 3132 3628 3197; x_wconf 71' lang='grc' dir='ltr'><strong><em>δ’,</em></strong></span> 
     </span>
    </p>
   </div>
   <div class='ocr_carea' id='block_1_89' title="bbox 2048 3221 3254 3294">
    <p class='ocr_par' dir='ltr' id='par_1_89' title="bbox 2048 3221 3254 3294">
     <span class='ocr_line' id='line_1_89' title="bbox 2048 3221 3254 3294; baseline -0.002 -16"><span class='ocrx_word' id='word_1_642' title='bbox 2048 3221 2758 3294; x_wconf 74' lang='lat' dir='ltr'><strong><em>rescripserat.-Prwteritis</em></strong></span> <span class='ocrx_word' id='word_1_643' title='bbox 2792 3222 2886 3277; x_wconf 87' lang='lat' dir='ltr'><strong><em>Dei</em></strong></span> <span class='ocrx_word' id='word_1_644' title='bbox 2914 3223 3254 3277; x_wconf 81' lang='lat' dir='ltr'><strong><em>vocationem.</em></strong></span> 
     </span>
    </p>
   </div>
   <div class='ocr_carea' id='block_1_90' title="bbox 2116 3312 3637 3387">
    <p class='ocr_par' dir='ltr' id='par_1_90' title="bbox 2116 3312 3637 3387">
     <span class='ocr_line' id='line_1_90' title="bbox 2116 3312 3637 3387; baseline 0.001 -22"><span class='ocrx_word' id='word_1_645' title='bbox 2116 3312 2209 3367; x_wconf 89' lang='lat'><strong><em>27.</em></strong></span> <span class='ocrx_word' id='word_1_646' title='bbox 2246 3312 2334 3368; x_wconf 75' lang='grc' dir='ltr'><strong><em>γω</em></strong></span> <span class='ocrx_word' id='word_1_647' title='bbox 2368 3314 2530 3380; x_wconf 85' lang='lat' dir='ltr'><strong><em>vobis,</em></strong></span> <span class='ocrx_word' id='word_1_648' title='bbox 2561 3316 2812 3384; x_wconf 83' lang='lat' dir='ltr'><strong><em>quoniam</em></strong></span> <span class='ocrx_word' id='word_1_649' title='bbox 2838 3315 3117 3385; x_wconf 68' lang='lat' dir='ltr'><strong><em>azdificatis</em></strong></span> <span class='ocrx_word' id='word_1_650' title='bbox 3147 3316 3388 3384; x_wconf 82' lang='lat' dir='ltr'><strong><em>sepulcra</em></strong></span> <span class='ocrx_word' id='word_1_651' title='bbox 3414 3317 3637 3387; x_wconf 79' lang='lat' dir='ltr'><strong><em>prophe-</em></strong></span> 
     </span>
    </p>
   </div>
   <div class='ocr_carea' id='block_1_91' title="bbox 2050 3409 3322 3474">
    <p class='ocr_par' dir='ltr' id='par_1_91' title="bbox 2050 3409 3322 3474">
     <span class='ocr_line' id='line_1_91' title="bbox 2050 3409 3322 3474; baseline 0.004 -15"><span class='ocrx_word' id='word_1_652' title='bbox 2050 3416 2249 3473; x_wconf 80' lang='lat' dir='ltr'><strong><em>tarum,</em></strong></span> <span class='ocrx_word' id='word_1_653' title='bbox 2289 3417 2339 3461; x_wconf 91' lang='lat' dir='ltr'><strong><em>et</em></strong></span> <span class='ocrx_word' id='word_1_654' title='bbox 2366 3420 2549 3474; x_wconf 83' lang='lat' dir='ltr'><strong><em>patres</em></strong></span> <span class='ocrx_word' id='word_1_655' title='bbox 2576 3410 2736 3463; x_wconf 82' lang='lat' dir='ltr'><strong><em>uestri</em></strong></span> <span class='ocrx_word' id='word_1_656' title='bbox 2762 3409 3064 3464; x_wconf 85' lang='lat' dir='ltr'><strong><em>occiderunt</em></strong></span> <span class='ocrx_word' id='word_1_657' title='bbox 3099 3412 3221 3464; x_wconf 86' lang='lat' dir='ltr'><strong><em>illos</em></strong></span> <span class='ocrx_word' id='word_1_658' title='bbox 3256 3411 3322 3464; x_wconf 84' lang='grc'><strong><em>¹¹.</em></strong></span> 
     </span>
    </p>
   </div>
   <div class='ocr_carea' id='block_1_92' title="bbox 2118 3583 3632 3658">
    <p class='ocr_par' dir='ltr' id='par_1_92' title="bbox 2118 3583 3632 3658">
     <span class='ocr_line' id='line_1_92' title="bbox 2118 3583 3632 3658; baseline 0.003 -18"><span class='ocrx_word' id='word_1_659' title='bbox 2118 3586 2209 3642; x_wconf 84' lang='lat'><strong><em>28.</em></strong></span> <span class='ocrx_word' id='word_1_660' title='bbox 2240 3586 2466 3643; x_wconf 87' lang='lat' dir='ltr'><strong><em>Deerat:</em></strong></span> <span class='ocrx_word' id='word_1_661' title='bbox 2498 3583 2786 3657; x_wconf 78' lang='lat' dir='ltr'><strong><em>Propterea</em></strong></span> <span class='ocrx_word' id='word_1_662' title='bbox 2809 3599 2859 3643; x_wconf 87' lang='lat' dir='ltr'><strong><em>et</em></strong></span> <span class='ocrx_word' id='word_1_663' title='bbox 2892 3587 3179 3658; x_wconf 73' lang='lat' dir='ltr'><strong><em>Sapientia</em></strong></span> <span class='ocrx_word' id='word_1_664' title='bbox 3200 3587 3294 3644; x_wconf 90' lang='lat' dir='ltr'><strong><em>Dei</em></strong></span> <span class='ocrx_word' id='word_1_665' title='bbox 3322 3589 3457 3643; x_wconf 71' lang='lat' dir='ltr'><strong><em>dixit</em></strong></span> <span class='ocrx_word' id='word_1_666' title='bbox 3480 3589 3632 3644; x_wconf 72' lang='lat' dir='ltr'><strong><em>:Hit.</em></strong></span> 
     </span>
    </p>
   </div>
   <div class='ocr_carea' id='block_1_93' title="bbox 2050 3680 3633 3753">
    <p class='ocr_par' dir='ltr' id='par_1_93' title="bbox 2050 3680 3633 3753">
     <span class='ocr_line' id='line_1_93' title="bbox 2050 3680 3633 3753; baseline 0.004 -21"><span class='ocrx_word' id='word_1_667' title='bbox 2050 3688 2158 3733; x_wconf 87' lang='lat' dir='ltr'><strong><em>tam</em></strong></span> <span class='ocrx_word' id='word_1_668' title='bbox 2193 3680 2263 3732; x_wconf 88' lang='lat' dir='ltr'><strong><em>ad</em></strong></span> <span class='ocrx_word' id='word_1_669' title='bbox 2292 3680 2413 3735; x_wconf 86' lang='lat' dir='ltr'><strong><em>illos</em></strong></span> <span class='ocrx_word' id='word_1_670' title='bbox 2444 3682 2727 3751; x_wconf 82' lang='lat' dir='ltr'><strong><em>prophetas</em></strong></span> <span class='ocrx_word' id='word_1_671' title='bbox 2760 3683 2801 3712; x_wconf 82' lang='lat'>&quot;</span> <span class='ocrx_word' id='word_1_672' title='bbox 2831 3700 2843 3735; x_wconf 89' lang='lat'><strong>:</strong></span> <span class='ocrx_word' id='word_1_673' title='bbox 2876 3687 2930 3736; x_wconf 89' lang='lat' dir='ltr'><strong><em>et</em></strong></span> <span class='ocrx_word' id='word_1_674' title='bbox 2959 3683 3027 3737; x_wconf 91' lang='lat' dir='ltr'><strong><em>de</em></strong></span> <span class='ocrx_word' id='word_1_675' title='bbox 3060 3684 3325 3753; x_wconf 76' lang='lat' dir='ltr'><strong><em>sanguine</em></strong></span> <span class='ocrx_word' id='word_1_676' title='bbox 3355 3682 3633 3739; x_wconf 65' lang='lat' dir='ltr'><strong><em>Zachariae</em></strong></span> 
     </span>
    </p>
   </div>
   <div class='ocr_carea' id='block_1_94' title="bbox 2046 3771 3633 3845">
    <p class='ocr_par' dir='ltr' id='par_1_94' title="bbox 2046 3771 3633 3845">
     <span class='ocr_line' id='line_1_94' title="bbox 2046 3771 3633 3845; baseline 0.003 -21"><span class='ocrx_word' id='word_1_677' title='bbox 2046 3779 2102 3825; x_wconf 79' lang='lat' dir='ltr'><strong><em>et</em></strong></span> <span class='ocrx_word' id='word_1_678' title='bbox 2134 3771 2268 3825; x_wconf 81' lang='lat' dir='ltr'><strong><em>Abel</em></strong></span> <span class='ocrx_word' id='word_1_679' title='bbox 2302 3773 2725 3843; x_wconf 81' lang='lat' dir='ltr'><strong><em>prophetarum:</em></strong></span> <span class='ocrx_word' id='word_1_680' title='bbox 2772 3771 2940 3845; x_wconf 59' lang='lat'><strong><em>315</em></strong></span> <span class='ocrx_word' id='word_1_681' title='bbox 2967 3772 3231 3838; x_wconf 80' lang='lat' dir='ltr'><strong><em>Quoniam</em></strong></span> <span class='ocrx_word' id='word_1_682' title='bbox 3275 3776 3570 3845; x_wconf 86' lang='lat' dir='ltr'><strong><em>requiretur</em></strong></span> <span class='ocrx_word' id='word_1_683' title='bbox 3602 3792 3633 3828; x_wconf 83' lang='grc' dir='ltr'><strong><em>ο</em></strong></span> 
     </span>
    </p>
   </div>
   <div class='ocr_carea' id='block_1_95' title="bbox 2047 3862 2527 3929">
    <p class='ocr_par' dir='ltr' id='par_1_95' title="bbox 2047 3862 2527 3929">
     <span class='ocr_line' id='line_1_95' title="bbox 2047 3862 2527 3929; baseline 0 -14"><span class='ocrx_word' id='word_1_684' title='bbox 2047 3862 2385 3929; x_wconf 81' lang='lat' dir='ltr'><strong><em>generatione</em></strong></span> <span class='ocrx_word' id='word_1_685' title='bbox 2408 3864 2527 3915; x_wconf 88' lang='lat' dir='ltr'><strong><em>hac.</em></strong></span> 
     </span>
    </p>
   </div>
   <div class='ocr_carea' id='block_1_96' title="bbox 2118 3949 3640 4024">
    <p class='ocr_par' dir='ltr' id='par_1_96' title="bbox 2118 3949 3640 4024">
     <span class='ocr_line' id='line_1_96' title="bbox 2118 3949 3640 4024; baseline 0.003 -22"><span class='ocrx_word' id='word_1_686' title='bbox 2118 3949 2212 4005; x_wconf 81' lang='lat'><strong><em>29.</em></strong></span> <span class='ocrx_word' id='word_1_687' title='bbox 2246 3950 2373 4004; x_wconf 86' lang='lat' dir='ltr'><strong><em>Dico</em></strong></span> <span class='ocrx_word' id='word_1_688' title='bbox 2406 3952 2591 4005; x_wconf 82' lang='lat' dir='ltr'><strong><em>amicis</em></strong></span> <span class='ocrx_word' id='word_1_689' title='bbox 2628 3952 2757 4007; x_wconf 87' lang='lat' dir='ltr'><strong><em>meis</em></strong></span> <span class='ocrx_word' id='word_1_690' title='bbox 2801 3967 2820 4004; x_wconf 92' lang='lat'><strong><em>:</em></strong></span> <span class='ocrx_word' id='word_1_691' title='bbox 2859 3951 3043 4007; x_wconf 85' lang='lat' dir='ltr'><strong><em>Nolite</em></strong></span> <span class='ocrx_word' id='word_1_692' title='bbox 3075 3954 3257 4007; x_wconf 89' lang='lat' dir='ltr'><strong><em>timere</em></strong></span> <span class='ocrx_word' id='word_1_693' title='bbox 3282 3970 3394 4017; x_wconf 90' lang='lat' dir='ltr'><strong><em>eos,</em></strong></span> <span class='ocrx_word' id='word_1_694' title='bbox 3426 3955 3516 4024; x_wconf 86' lang='lat' dir='ltr'><strong><em>qui</em></strong></span> <span class='ocrx_word' id='word_1_695' title='bbox 3546 3970 3640 4007; x_wconf 90' lang='lat' dir='ltr'><strong><em>oc-</em></strong></span> 
     </span>
    </p>
   </div>
   <div class='ocr_carea' id='block_1_97' title="bbox 2048 4044 3625 4117">
    <p class='ocr_par' dir='ltr' id='par_1_97' title="bbox 2048 4044 3625 4117">
     <span class='ocr_line' id='line_1_97' title="bbox 2048 4044 3625 4117; baseline 0.001 -19"><span class='ocrx_word' id='word_1_696' title='bbox 2048 4044 2231 4098; x_wconf 85' lang='lat' dir='ltr'><strong><em>cidunt</em></strong></span> <span class='ocrx_word' id='word_1_697' title='bbox 2256 4059 2483 4114; x_wconf 85' lang='lat' dir='ltr'><strong><em>corpus;</em></strong></span> <span class='ocrx_word' id='word_1_698' title='bbox 2529 4046 2702 4098; x_wconf 87' lang='lat' dir='ltr'><strong><em>timete</em></strong></span> <span class='ocrx_word' id='word_1_699' title='bbox 2748 4060 2866 4099; x_wconf 89' lang='lat' dir='ltr'><strong><em>vero</em></strong></span> <span class='ocrx_word' id='word_1_700' title='bbox 2901 4062 3023 4099; x_wconf 90' lang='lat' dir='ltr'><strong><em>eum</em></strong></span> <span class='ocrx_word' id='word_1_701' title='bbox 3062 4048 3152 4117; x_wconf 86' lang='lat' dir='ltr'><strong><em>qui</em></strong></span> <span class='ocrx_word' id='word_1_702' title='bbox 3185 4055 3465 4116; x_wconf 83' lang='lat' dir='ltr'><strong><em>postquam</em></strong></span> <span class='ocrx_word' id='word_1_703' title='bbox 3497 4048 3625 4100; x_wconf 88' lang='lat' dir='ltr'><strong><em>occi-</em></strong></span> 
     </span>
    </p>
   </div>
   <div class='ocr_carea' id='block_1_98' title="bbox 2047 4136 3633 4210">
    <p class='ocr_par' dir='ltr' id='par_1_98' title="bbox 2047 4136 3633 4210">
     <span class='ocr_line' id='line_1_98' title="bbox 2047 4136 3633 4210; baseline 0.003 -21"><span class='ocrx_word' id='word_1_704' title='bbox 2047 4137 2204 4205; x_wconf 87' lang='lat' dir='ltr'><strong><em>derit,</em></strong></span> <span class='ocrx_word' id='word_1_705' title='bbox 2233 4136 2384 4192; x_wconf 86' lang='lat' dir='ltr'><strong><em>habet</em></strong></span> <span class='ocrx_word' id='word_1_706' title='bbox 2414 4146 2722 4208; x_wconf 87' lang='lat' dir='ltr'><strong><em>potestatem</em></strong></span> <span class='ocrx_word' id='word_1_707' title='bbox 2759 4137 3001 4192; x_wconf 87' lang='lat' dir='ltr'><strong><em>mittendi</em></strong></span> <span class='ocrx_word' id='word_1_708' title='bbox 3032 4139 3084 4193; x_wconf 90' lang='lat' dir='ltr'><strong><em>in</em></strong></span> <span class='ocrx_word' id='word_1_709' title='bbox 3110 4139 3396 4210; x_wconf 87' lang='lat' dir='ltr'><strong><em>gehennam</em></strong></span> <span class='ocrx_word' id='word_1_710' title='bbox 3422 4139 3485 4193; x_wconf 78' lang='grc'><strong><em>⁸³.</em></strong></span> <span class='ocrx_word' id='word_1_711' title='bbox 3527 4137 3633 4193; x_wconf 80' lang='lat' dir='ltr'><strong><em>Nec</em></strong></span> 
     </span>
    </p>
   </div>
   <div class='ocr_carea' id='block_1_99' title="bbox 2049 4228 3628 4301">
    <p class='ocr_par' dir='ltr' id='par_1_99' title="bbox 2049 4228 3628 4301">
     <span class='ocr_line' id='line_1_99' title="bbox 2049 4228 3628 4301; baseline -0.001 -17"><span class='ocrx_word' id='word_1_712' title='bbox 2049 4229 2283 4285; x_wconf 85' lang='lat' dir='ltr'><strong><em>habebat</em></strong></span> <span class='ocrx_word' id='word_1_713' title='bbox 2312 4229 2442 4285; x_wconf 85' lang='lat' dir='ltr'><strong><em>illud</em></strong></span> <span class='ocrx_word' id='word_1_714' title='bbox 2476 4248 2488 4285; x_wconf 93' lang='lat'>:</span> <span class='ocrx_word' id='word_1_715' title='bbox 2518 4228 2708 4283; x_wconf 87' lang='lat' dir='ltr'><strong><em>Nonne</em></strong></span> <span class='ocrx_word' id='word_1_716' title='bbox 2736 4230 2962 4301; x_wconf 82' lang='lat' dir='ltr'><strong><em>quinque</em></strong></span> <span class='ocrx_word' id='word_1_717' title='bbox 3001 4247 3238 4299; x_wconf 84' lang='lat' dir='ltr'><strong><em>passeres</em></strong></span> <span class='ocrx_word' id='word_1_718' title='bbox 3286 4239 3508 4286; x_wconf 76' lang='lat' dir='ltr'><strong><em>veneunt</em></strong></span> <span class='ocrx_word' id='word_1_719' title='bbox 3541 4229 3628 4283; x_wconf 84' lang='lat' dir='ltr'><strong><em>di-</em></strong></span> 
     </span>
    </p>
   </div>
   <div class='ocr_carea' id='block_1_100' title="bbox 2048 4321 3634 4390">
    <p class='ocr_par' dir='ltr' id='par_1_100' title="bbox 2048 4321 3634 4390">
     <span class='ocr_line' id='line_1_100' title="bbox 2048 4321 3634 4390; baseline 0.002 -17"><span class='ocrx_word' id='word_1_720' title='bbox 2048 4321 2266 4389; x_wconf 86' lang='lat' dir='ltr'><strong><em>pondio,</em></strong></span> <span class='ocrx_word' id='word_1_721' title='bbox 2291 4331 2339 4375; x_wconf 88' lang='lat' dir='ltr'><strong><em>et</em></strong></span> <span class='ocrx_word' id='word_1_722' title='bbox 2375 4338 2511 4375; x_wconf 82' lang='lat' dir='ltr'><strong><em>unus</em></strong></span> <span class='ocrx_word' id='word_1_723' title='bbox 2542 4336 2608 4375; x_wconf 74' lang='lat' dir='ltr'><strong><em>ex</em></strong></span> <span class='ocrx_word' id='word_1_724' title='bbox 2636 4321 2765 4390; x_wconf 81' lang='lat' dir='ltr'><strong><em>ipsis</em></strong></span> <span class='ocrx_word' id='word_1_725' title='bbox 2801 4338 2903 4375; x_wconf 89' lang='lat' dir='ltr'><strong><em>non</em></strong></span> <span class='ocrx_word' id='word_1_726' title='bbox 2942 4331 3020 4377; x_wconf 88' lang='lat' dir='ltr'><strong><em>est</em></strong></span> <span class='ocrx_word' id='word_1_727' title='bbox 3066 4324 3121 4376; x_wconf 90' lang='lat' dir='ltr'><strong><em>in</em></strong></span> <span class='ocrx_word' id='word_1_728' title='bbox 3168 4323 3424 4378; x_wconf 85' lang='lat' dir='ltr'><strong><em>oblivione</em></strong></span> <span class='ocrx_word' id='word_1_729' title='bbox 3452 4339 3634 4378; x_wconf 88' lang='lat' dir='ltr'><strong><em>coram</em></strong></span> 
     </span>
    </p>
   </div>
   <div class='ocr_carea' id='block_1_101' title="bbox 2050 4393 3429 4466">
    <p class='ocr_par' dir='ltr' id='par_1_101' title="bbox 2050 4393 3429 4466">
     <span class='ocr_line' id='line_1_101' title="bbox 2050 4393 3429 4466; baseline 0.002 -1"><span class='ocrx_word' id='word_1_730' title='bbox 2050 4412 2160 4466; x_wconf 86' lang='lat' dir='ltr'><strong><em>Deo</em></strong></span> <span class='ocrx_word' id='word_1_731' title='bbox 2190 4413 2275 4466; x_wconf 68' lang='grc' dir='ltr'><strong><em>ιιι</em></strong></span> <span class='ocrx_word' id='word_1_732' title='bbox 3414 4393 3429 4401; x_wconf 79' lang='grc'><em>’</em></span> 
     </span>
    </p>
   </div>
   <div class='ocr_carea' id='block_1_102' title="bbox 2120 4504 3635 4582">
    <p class='ocr_par' dir='ltr' id='par_1_102' title="bbox 2120 4504 3635 4582">
     <span class='ocr_line' id='line_1_102' title="bbox 2120 4504 3635 4582; baseline 0.003 -22"><span class='ocrx_word' id='word_1_733' title='bbox 2120 4504 2211 4561; x_wconf 76' lang='grc'><strong><em>50.</em></strong></span> <span class='ocrx_word' id='word_1_734' title='bbox 2252 4504 2358 4560; x_wconf 79' lang='lat' dir='ltr'><strong><em>Pro</em></strong></span> <span class='ocrx_word' id='word_1_735' title='bbox 2411 4506 2496 4563; x_wconf 90' lang='lat' dir='ltr'><strong><em>his</em></strong></span> <span class='ocrx_word' id='word_1_736' title='bbox 2549 4507 2765 4574; x_wconf 77' lang='lat' dir='ltr'><strong><em>verbis,</em></strong></span> <span class='ocrx_word' id='word_1_737' title='bbox 2807 4507 3162 4578; x_wconf 80' lang='lat' dir='ltr'><strong><em>Conﬁtebitur</em></strong></span> <span class='ocrx_word' id='word_1_738' title='bbox 3211 4524 3393 4563; x_wconf 87' lang='lat' dir='ltr'><strong><em>coram</em></strong></span> <span class='ocrx_word' id='word_1_739' title='bbox 3437 4510 3635 4582; x_wconf 86' lang='lat' dir='ltr'><strong><em>angelis</em></strong></span> 
     </span>
    </p>
   </div>
   <div class='ocr_carea' id='block_1_103' title="bbox 2049 4597 2928 4665">
    <p class='ocr_par' dir='ltr' id='par_1_103' title="bbox 2049 4597 2928 4665">
     <span class='ocr_line' id='line_1_103' title="bbox 2049 4597 2928 4665; baseline 0.002 -13"><span class='ocrx_word' id='word_1_740' title='bbox 2049 4597 2171 4663; x_wconf 88' lang='lat' dir='ltr'><strong><em>Dei,</em></strong></span> <span class='ocrx_word' id='word_1_741' title='bbox 2204 4599 2479 4665; x_wconf 86' lang='lat' dir='ltr'><strong><em>rescribit,</em></strong></span> <span class='ocrx_word' id='word_1_742' title='bbox 2507 4616 2688 4653; x_wconf 87' lang='lat' dir='ltr'><strong><em>coram</em></strong></span> <span class='ocrx_word' id='word_1_743' title='bbox 2718 4600 2829 4655; x_wconf 89' lang='lat' dir='ltr'><strong><em>Deo</em></strong></span> <span class='ocrx_word' id='word_1_744' title='bbox 2864 4602 2928 4654; x_wconf 77' lang='grc'><strong><em>³⁵.</em></strong></span> 
     </span>
    </p>
   </div>
   <div class='ocr_carea' id='block_1_104' title="bbox 2118 4688 3400 4762">
    <p class='ocr_par' dir='ltr' id='par_1_104' title="bbox 2118 4688 3400 4762">
     <span class='ocr_line' id='line_1_104' title="bbox 2118 4688 3400 4762; baseline 0.002 -20"><span class='ocrx_word' id='word_1_745' title='bbox 2118 4690 2208 4742; x_wconf 77' lang='grc'><strong>51.</strong></span> <span class='ocrx_word' id='word_1_746' title='bbox 2246 4688 2364 4743; x_wconf 81' lang='lat' dir='ltr'><strong><em>Non</em></strong></span> <span class='ocrx_word' id='word_1_747' title='bbox 2397 4690 2560 4745; x_wconf 86' lang='lat' dir='ltr'><strong><em>habet</em></strong></span> <span class='ocrx_word' id='word_1_748' title='bbox 2592 4691 2695 4745; x_wconf 85' lang='lat' dir='ltr'><strong><em>ista</em></strong></span> <span class='ocrx_word' id='word_1_749' title='bbox 2728 4707 2740 4741; x_wconf 95' lang='lat'>:</span> <span class='ocrx_word' id='word_1_750' title='bbox 2775 4691 2916 4748; x_wconf 79' lang='lat' dir='ltr'><strong><em>Deus</em></strong></span> <span class='ocrx_word' id='word_1_751' title='bbox 2946 4693 3097 4747; x_wconf 78' lang='lat' dir='ltr'><strong><em>vestit</em></strong></span> <span class='ocrx_word' id='word_1_752' title='bbox 3123 4693 3302 4762; x_wconf 77' lang='lat' dir='ltr'><strong><em>fenum</em></strong></span> <span class='ocrx_word' id='word_1_753' title='bbox 3336 4694 3400 4745; x_wconf 86' lang='grc'><strong><em>¹⁶.</em></strong></span> 
     </span>
    </p>
   </div>
   <div class='ocr_carea' id='block_1_105' title="bbox 2078 4848 3659 4937">
    <p class='ocr_par' dir='ltr' id='par_1_105' title="bbox 2078 4848 3659 4937">
     <span class='ocr_line' id='line_1_105' title="bbox 2078 4848 3659 4937; baseline -0.003 -15"><span class='ocrx_word' id='word_1_754' title='bbox 2078 4899 2082 4902; x_wconf 57' lang='grc'>‹</span> <span class='ocrx_word' id='word_1_755' title='bbox 2120 4869 2208 4922; x_wconf 75' lang='lat'><strong><em>52.</em></strong></span> <span class='ocrx_word' id='word_1_756' title='bbox 2256 4866 2421 4920; x_wconf 81' lang='lat' dir='ltr'><strong><em>Pater</em></strong></span> <span class='ocrx_word' id='word_1_757' title='bbox 2471 4848 2638 4920; x_wconf 80' lang='lat' dir='ltr'><strong><em>vester</em></strong></span> <span class='ocrx_word' id='word_1_758' title='bbox 2670 4869 2845 4929; x_wconf 85' lang='lat' dir='ltr'><strong><em>novit,</em></strong></span> <span class='ocrx_word' id='word_1_759' title='bbox 2890 4854 3139 4937; x_wconf 83' lang='lat' dir='ltr'><strong><em>quoniam</em></strong></span> <span class='ocrx_word' id='word_1_760' title='bbox 3187 4864 3267 4918; x_wconf 86' lang='lat' dir='ltr'><strong><em>his</em></strong></span> <span class='ocrx_word' id='word_1_761' title='bbox 3311 4881 3441 4935; x_wconf 85' lang='lat' dir='ltr'><strong><em>opus</em></strong></span> <span class='ocrx_word' id='word_1_762' title='bbox 3476 4863 3659 4917; x_wconf 78' lang='lat' dir='ltr'><strong><em>habe-&#39;</em></strong></span> 
     </span>
    </p>
   </div>
   <div class='ocr_carea' id='block_1_106' title="bbox 2052 4958 3368 5029">
    <p class='ocr_par' dir='ltr' id='par_1_106' title="bbox 2052 4958 3368 5029">
     <span class='ocr_line' id='line_1_106' title="bbox 2052 4958 3368 5029; baseline -0.003 -15"><span class='ocrx_word' id='word_1_763' title='bbox 2052 4962 2118 5015; x_wconf 88' lang='lat' dir='ltr'><strong><em>tis</em></strong></span> <span class='ocrx_word' id='word_1_764' title='bbox 2147 4961 2218 5025; x_wconf 73' lang='lat'><strong><em>‘7;</em></strong></span> <span class='ocrx_word' id='word_1_765' title='bbox 2251 4958 2395 5013; x_wconf 87' lang='lat' dir='ltr'><strong><em>haud</em></strong></span> <span class='ocrx_word' id='word_1_766' title='bbox 2420 4959 2585 5013; x_wconf 82' lang='lat' dir='ltr'><strong><em>dubie</em></strong></span> <span class='ocrx_word' id='word_1_767' title='bbox 2614 4973 2734 5029; x_wconf 75' lang='lat' dir='ltr'><strong><em>quae</em></strong></span> <span class='ocrx_word' id='word_1_768' title='bbox 2760 4958 2828 5013; x_wconf 89' lang='lat' dir='ltr'><strong><em>ad</em></strong></span> <span class='ocrx_word' id='word_1_769' title='bbox 2859 4972 3080 5012; x_wconf 78' lang='lat' dir='ltr'><strong><em>carnem</em></strong></span> <span class='ocrx_word' id='word_1_770' title='bbox 3113 4960 3368 5011; x_wconf 87' lang='lat' dir='ltr'><strong><em>attinent.</em></strong></span> 
     </span>
    </p>
   </div>
   <div class='ocr_carea' id='block_1_107' title="bbox 2116 5048 3635 5121">
    <p class='ocr_par' dir='ltr' id='par_1_107' title="bbox 2116 5048 3635 5121">
     <span class='ocr_line' id='line_1_107' title="bbox 2116 5048 3635 5121; baseline -0.004 -15"><span class='ocrx_word' id='word_1_771' title='bbox 2116 5052 2205 5108; x_wconf 80' lang='lat'><strong><em>53.</em></strong></span> <span class='ocrx_word' id='word_1_772' title='bbox 2242 5051 2481 5117; x_wconf 78' lang='lat' dir='ltr'><strong><em>Quwrite</em></strong></span> <span class='ocrx_word' id='word_1_773' title='bbox 2511 5061 2686 5105; x_wconf 85' lang='lat' dir='ltr'><strong><em>autem</em></strong></span> <span class='ocrx_word' id='word_1_774' title='bbox 2714 5066 2930 5121; x_wconf 87' lang='lat' dir='ltr'><strong><em>regnum</em></strong></span> <span class='ocrx_word' id='word_1_775' title='bbox 2964 5048 3083 5113; x_wconf 87' lang='lat' dir='ltr'><strong><em>Dei,</em></strong></span> <span class='ocrx_word' id='word_1_776' title='bbox 3113 5059 3161 5103; x_wconf 85' lang='lat' dir='ltr'><strong><em>et</em></strong></span> <span class='ocrx_word' id='word_1_777' title='bbox 3192 5048 3302 5103; x_wconf 80' lang='lat' dir='ltr'><strong><em>ha&#39;c</em></strong></span> <span class='ocrx_word' id='word_1_778' title='bbox 3329 5048 3507 5102; x_wconf 88' lang='lat' dir='ltr'><strong><em>omnia</em></strong></span> <span class='ocrx_word' id='word_1_779' title='bbox 3539 5048 3635 5101; x_wconf 86' lang='lat' dir='ltr'><strong><em>ad-</em></strong></span> 
     </span>
    </p>
   </div>
   <div class='ocr_carea' id='block_1_108' title="bbox 2043 5142 2557 5213">
    <p class='ocr_par' dir='ltr' id='par_1_108' title="bbox 2043 5142 2557 5213">
     <span class='ocr_line' id='line_1_108' title="bbox 2043 5142 2557 5213; baseline -0.006 -16"><span class='ocrx_word' id='word_1_780' title='bbox 2043 5143 2298 5213; x_wconf 78' lang='lat' dir='ltr'><strong><em>jicientur</em></strong></span> <span class='ocrx_word' id='word_1_781' title='bbox 2327 5142 2469 5197; x_wconf 83' lang='lat' dir='ltr'><strong><em>vobis</em></strong></span> <span class='ocrx_word' id='word_1_782' title='bbox 2498 5142 2557 5194; x_wconf 74' lang='grc'><strong><em>³⁸.</em></strong></span> 
     </span>
    </p>
   </div>
   <div class='ocr_carea' id='block_1_109' title="bbox 2121 5233 3632 5307">
    <p class='ocr_par' dir='ltr' id='par_1_109' title="bbox 2121 5233 3632 5307">
     <span class='ocr_line' id='line_1_109' title="bbox 2121 5233 3632 5307; baseline -0.002 -16"><span class='ocrx_word' id='word_1_783' title='bbox 2121 5237 2211 5291; x_wconf 72' lang='grc'><strong><em>54.</em></strong></span> <span class='ocrx_word' id='word_1_784' title='bbox 2242 5235 2348 5292; x_wconf 84' lang='lat' dir='ltr'><strong><em>Pro</em></strong></span> <span class='ocrx_word' id='word_1_785' title='bbox 2387 5252 2453 5293; x_wconf 91' lang='lat' dir='ltr'><strong><em>eo</em></strong></span> <span class='ocrx_word' id='word_1_786' title='bbox 2492 5236 2637 5307; x_wconf 88' lang='lat' dir='ltr'><strong><em>quod</em></strong></span> <span class='ocrx_word' id='word_1_787' title='bbox 2668 5243 2774 5303; x_wconf 90' lang='lat' dir='ltr'><strong><em>est,</em></strong></span> <span class='ocrx_word' id='word_1_788' title='bbox 2806 5233 2971 5290; x_wconf 88' lang='lat' dir='ltr'><strong><em>Pater</em></strong></span> <span class='ocrx_word' id='word_1_789' title='bbox 3013 5246 3199 5301; x_wconf 73' lang='lat' dir='ltr'><strong><em>tester,</em></strong></span> <span class='ocrx_word' id='word_1_790' title='bbox 3234 5234 3489 5301; x_wconf 85' lang='lat' dir='ltr'><strong><em>habebat,</em></strong></span> <span class='ocrx_word' id='word_1_791' title='bbox 3521 5237 3632 5288; x_wconf 86' lang='lat' dir='ltr'><strong><em>Pa-</em></strong></span> 
     </span>
    </p>
   </div>
   <div class='ocr_carea' id='block_1_110' title="bbox 2053 5330 2212 5385">
    <p class='ocr_par' dir='ltr' id='par_1_110' title="bbox 2053 5330 2212 5385">
     <span class='ocr_line' id='line_1_110' title="bbox 2053 5330 2212 5385; baseline 0 -2"><span class='ocrx_word' id='word_1_792' title='bbox 2053 5340 2130 5385; x_wconf 91' lang='lat' dir='ltr'><strong><em>ter</em></strong></span> <span class='ocrx_word' id='word_1_793' title='bbox 2150 5330 2212 5383; x_wconf 73' lang='lat'><strong><em>&quot;.</em></strong></span> 
     </span>
    </p>
   </div>
   <div class='ocr_carea' id='block_1_111' title="bbox 2122 5420 3631 5489">
    <p class='ocr_par' dir='ltr' id='par_1_111' title="bbox 2122 5420 3631 5489">
     <span class='ocr_line' id='line_1_111' title="bbox 2122 5420 3631 5489; baseline -0.004 -10"><span class='ocrx_word' id='word_1_794' title='bbox 2122 5424 2212 5479; x_wconf 77' lang='grc'><strong><em>55.</em></strong></span> <span class='ocrx_word' id='word_1_795' title='bbox 2260 5422 2365 5479; x_wconf 86' lang='lat' dir='ltr'><strong><em>Pro</em></strong></span> <span class='ocrx_word' id='word_1_796' title='bbox 2410 5425 2517 5480; x_wconf 84' lang='lat' dir='ltr'><strong><em>his</em></strong></span> <span class='ocrx_word' id='word_1_797' title='bbox 2546 5440 2699 5489; x_wconf 74' lang='lat' dir='ltr'><strong><em>vero,</em></strong></span> <span class='ocrx_word' id='word_1_798' title='bbox 2744 5427 2977 5480; x_wconf 80' lang='lat' dir='ltr'><strong><em>secunda</em></strong></span> <span class='ocrx_word' id='word_1_799' title='bbox 3024 5433 3117 5478; x_wconf 89' lang='lat' dir='ltr'><strong><em>aut</em></strong></span> <span class='ocrx_word' id='word_1_800' title='bbox 3165 5423 3323 5478; x_wconf 88' lang='lat' dir='ltr'><strong><em>tertia</em></strong></span> <span class='ocrx_word' id='word_1_801' title='bbox 3365 5420 3631 5487; x_wconf 83' lang='lat' dir='ltr'><strong><em>custodio,</em></strong></span> 
     </span>
    </p>
   </div>
   <div class='ocr_carea' id='block_1_112' title="bbox 2051 5514 3233 5585">
    <p class='ocr_par' dir='ltr' id='par_1_112' title="bbox 2051 5514 3233 5585">
     <span class='ocr_line' id='line_1_112' title="bbox 2051 5514 3233 5585; baseline -0.003 -15"><span class='ocrx_word' id='word_1_802' title='bbox 2051 5514 2429 5582; x_wconf 84' lang='lat' dir='ltr'><strong><em>substituerat,</em></strong></span> <span class='ocrx_word' id='word_1_803' title='bbox 2457 5518 2803 5585; x_wconf 74' lang='lat' dir='ltr'><strong><em>vespertinam</em></strong></span> <span class='ocrx_word' id='word_1_804' title='bbox 2834 5518 3133 5573; x_wconf 85' lang='lat' dir='ltr'><strong><em>custodiam</em></strong></span> <span class='ocrx_word' id='word_1_805' title='bbox 3166 5515 3233 5568; x_wconf 82' lang='grc'><strong><em>²⁰.</em></strong></span> 
     </span>
    </p>
   </div>
   <div class='ocr_carea' id='block_1_113' title="bbox 1281 5667 1940 5793">
    <p class='ocr_par' dir='ltr' id='par_1_113' title="bbox 1281 5672 1940 5793">
     <span class='ocr_line' id='line_1_113' title="bbox 1281 5672 1940 5729; baseline -0.005 -3"><span class='ocrx_word' id='word_1_806' title='bbox 1281 5674 1301 5704; x_wconf 84' lang='grc'>³</span> <span class='ocrx_word' id='word_1_807' title='bbox 1333 5673 1463 5727; x_wconf 88' lang='lat' dir='ltr'><strong><em>ibid.</em></strong></span> <span class='ocrx_word' id='word_1_808' title='bbox 1499 5674 1587 5729; x_wconf 68' lang='lat'><strong><em>40.</em></strong></span> <span class='ocrx_word' id='word_1_809' title='bbox 1668 5674 1687 5704; x_wconf 71' lang='grc'>⁸</span> <span class='ocrx_word' id='word_1_810' title='bbox 1723 5672 1853 5727; x_wconf 86' lang='lat' dir='ltr'><strong><em>ibid.</em></strong></span> <span class='ocrx_word' id='word_1_811' title='bbox 1890 5672 1940 5723; x_wconf 54' lang='lat'><strong><em>4-»</em></strong></span> 
     </span>
     <span class='ocr_line' id='line_1_114' title="bbox 1290 5742 1913 5793; baseline 0 0"><span class='ocrx_word' id='word_1_812' title='bbox 1290 5746 1344 5793; x_wconf 80' lang='lat'><strong><em>2-</em></strong></span> <span class='ocrx_word' id='word_1_813' title='bbox 1445 5745 1484 5776; x_wconf 81' lang='lat'>“</span> <span class='ocrx_word' id='word_1_814' title='bbox 1518 5745 1647 5793; x_wconf 79' lang='lat' dir='ltr'><strong><em>ibid.</em></strong></span> <span class='ocrx_word' id='word_1_815' title='bbox 1683 5744 1773 5793; x_wconf 74' lang='grc'><strong><em>47.</em></strong></span> <span class='ocrx_word' id='word_1_816' title='bbox 1870 5742 1913 5772; x_wconf 84' lang='grc'>¹¹</span> 
     </span>
    </p>
   </div>
   <div class='ocr_carea' id='block_1_114' title="bbox 2076 5667 3631 5793">
    <p class='ocr_par' dir='ltr' id='par_1_114' title="bbox 2102 5667 3631 5793">
     <span class='ocr_line' id='line_1_115' title="bbox 2103 5667 3631 5733; baseline 0.005 -17"><span class='ocrx_word' id='word_1_817' title='bbox 2103 5667 2234 5722; x_wconf 86' lang='lat' dir='ltr'><strong><em>Luc.</em></strong></span> <span class='ocrx_word' id='word_1_818' title='bbox 2272 5684 2347 5725; x_wconf 74' lang='lat' dir='ltr'><strong><em>vn.</em></strong></span> <span class='ocrx_word' id='word_1_819' title='bbox 2376 5669 2427 5721; x_wconf 79' lang='grc'><strong><em>5.</em></strong></span> <span class='ocrx_word' id='word_1_820' title='bbox 2480 5671 2498 5698; x_wconf 86' lang='grc'><strong><em>⁸</em></strong></span> <span class='ocrx_word' id='word_1_821' title='bbox 2536 5667 2667 5724; x_wconf 79' lang='lat' dir='ltr'><strong><em>an.</em></strong></span> <span class='ocrx_word' id='word_1_822' title='bbox 2710 5689 2764 5733; x_wconf 65' lang='grc' dir='ltr'><em>κ,</em></span> <span class='ocrx_word' id='word_1_823' title='bbox 2790 5673 2881 5728; x_wconf 87' lang='lat'><strong><em>2|.</em></strong></span> <span class='ocrx_word' id='word_1_824' title='bbox 2954 5679 2973 5708; x_wconf 81' lang='grc'><strong>⁷</strong></span> <span class='ocrx_word' id='word_1_825' title='bbox 3008 5674 3139 5727; x_wconf 87' lang='lat' dir='ltr'><strong><em>ibid.</em></strong></span> <span class='ocrx_word' id='word_1_826' title='bbox 3165 5675 3258 5729; x_wconf 85' lang='lat'><strong><em>27.</em></strong></span> <span class='ocrx_word' id='word_1_827' title='bbox 3334 5674 3357 5705; x_wconf 83' lang='grc'>⁸</span> <span class='ocrx_word' id='word_1_828' title='bbox 3388 5673 3523 5728; x_wconf 78' lang='lat' dir='ltr'><strong><em>an.</em></strong></span> <span class='ocrx_word' id='word_1_829' title='bbox 3555 5687 3631 5733; x_wconf 73' lang='lat' dir='ltr'><strong><em>xu,</em></strong></span> 
     </span>
     <span class='ocr_line' id='line_1_116' title="bbox 2102 5737 3628 5793; baseline 0.001 -2"><span class='ocrx_word' id='word_1_830' title='bbox 2102 5739 2193 5792; x_wconf 67' lang='lat'><strong><em>49.</em></strong></span> <span class='ocrx_word' id='word_1_831' title='bbox 2296 5738 2340 5769; x_wconf 84' lang='grc'>¹³</span> <span class='ocrx_word' id='word_1_832' title='bbox 2375 5737 2508 5793; x_wconf 73' lang='lat' dir='ltr'><strong><em>Luc.</em></strong></span> <span class='ocrx_word' id='word_1_833' title='bbox 2540 5753 2642 5793; x_wconf 74' lang='lat' dir='ltr'><strong><em>xu.</em></strong></span> <span class='ocrx_word' id='word_1_834' title='bbox 2669 5742 2724 5793; x_wconf 72' lang='grc'><strong><em>4.</em></strong></span> <span class='ocrx_word' id='word_1_835' title='bbox 2762 5744 2818 5793; x_wconf 84' lang='lat'><strong><em>5-</em></strong></span> <span class='ocrx_word' id='word_1_836' title='bbox 2921 5746 2965 5783; x_wconf 66' lang='grc' dir='ltr'><strong><em>η</em></strong></span> <span class='ocrx_word' id='word_1_837' title='bbox 2992 5744 3125 5793; x_wconf 76' lang='lat' dir='ltr'><strong><em>ibid-</em></strong></span> <span class='ocrx_word' id='word_1_838' title='bbox 3167 5741 3222 5793; x_wconf 82' lang='lat'><strong><em>6.</em></strong></span> <span class='ocrx_word' id='word_1_839' title='bbox 3326 5745 3369 5776; x_wconf 69' lang='grc' dir='ltr'><em>ιι</em></span> <span class='ocrx_word' id='word_1_840' title='bbox 3409 5743 3538 5793; x_wconf 84' lang='lat' dir='ltr'><strong><em>ihid.</em></strong></span> <span class='ocrx_word' id='word_1_841' title='bbox 3574 5741 3628 5793; x_wconf 83' lang='lat'><strong><em>8.</em></strong></span> 
     </span>
    </p>
   </div>
   <div class='ocr_carea' id='block_1_115' title="bbox 1941 5758 2193 5795">
    <p class='ocr_par' dir='ltr' id='par_1_115' title="bbox 1941 5758 2193 5795">
     <span class='ocr_line' id='line_1_117' title="bbox 1941 5758 2193 5795; baseline -0.012 -1"><span class='ocrx_word' id='word_1_842' title='bbox 1941 5758 2071 5795; x_wconf 76' lang='lat' dir='ltr'><strong><em>&quot;NII.</em></strong></span> <span class='ocrx_word' id='word_1_843' title='bbox 2102 5758 2193 5792; x_wconf 61' lang='grc' dir='ltr'><em>ϐυ.</em></span> 
     </span>
    </p>
   </div>
   <div class='ocr_carea' id='block_1_116' title="bbox 2296 5737 3628 5818">
    <p class='ocr_par' dir='ltr' id='par_1_116' title="bbox 2296 5737 3628 5818">
     <span class='ocr_line' id='line_1_118' title="bbox 2296 5737 3628 5818; baseline 0.006 -28"><span class='ocrx_word' id='word_1_844' title='bbox 2296 5738 2340 5769; x_wconf 71' lang='grc' dir='ltr'><strong>η</strong></span> <span class='ocrx_word' id='word_1_845' title='bbox 2375 5737 2508 5794; x_wconf 74' lang='lat' dir='ltr'><strong><em>Luc.</em></strong></span> <span class='ocrx_word' id='word_1_846' title='bbox 2540 5742 2725 5808; x_wconf 65' lang='lat'><strong><em>1:1,4,</em></strong></span> <span class='ocrx_word' id='word_1_847' title='bbox 2762 5744 2818 5799; x_wconf 82' lang='lat'><strong><em>5.</em></strong></span> <span class='ocrx_word' id='word_1_848' title='bbox 2921 5746 2965 5783; x_wconf 69' lang='grc' dir='ltr'><em>ιι</em></span> <span class='ocrx_word' id='word_1_849' title='bbox 2992 5744 3125 5812; x_wconf 80' lang='lat' dir='ltr'><strong><em>ibid.</em></strong></span> <span class='ocrx_word' id='word_1_850' title='bbox 3167 5741 3259 5818; x_wconf 77' lang='lat' dir='ltr'><strong><em>o._</em></strong></span> <span class='ocrx_word' id='word_1_851' title='bbox 3326 5745 3369 5776; x_wconf 73' lang='grc' dir='ltr'><strong><em>ιι</em></strong></span> <span class='ocrx_word' id='word_1_852' title='bbox 3408 5743 3538 5800; x_wconf 86' lang='lat' dir='ltr'><strong><em>ibid.</em></strong></span> <span class='ocrx_word' id='word_1_853' title='bbox 3574 5741 3628 5798; x_wconf 84' lang='lat'><strong><em>8.</em></strong></span> 
     </span>
    </p>
   </div>
   <div class='ocr_carea' id='block_1_117' title="bbox 361 5806 1940 5899">
    <p class='ocr_par' dir='ltr' id='par_1_117' title="bbox 361 5806 1937 5899">
     <span class='ocr_line' id='line_1_119' title="bbox 361 5806 1937 5899; baseline -0.001 -30"><span class='ocrx_word' id='word_1_854' title='bbox 361 5815 406 5845; x_wconf 81' lang='lat'>&quot;</span> <span class='ocrx_word' id='word_1_855' title='bbox 436 5806 570 5869; x_wconf 79' lang='lat' dir='ltr'><strong><em>ibid.</em></strong></span> <span class='ocrx_word' id='word_1_856' title='bbox 598 5814 688 5869; x_wconf 71' lang='lat'><strong><em>28.</em></strong></span> <span class='ocrx_word' id='word_1_857' title='bbox 768 5811 809 5845; x_wconf 79' lang='grc'>¹⁷</span> <span class='ocrx_word' id='word_1_858' title='bbox 837 5814 969 5868; x_wconf 87' lang='lat' dir='ltr'><strong><em>ibid.</em></strong></span> <span class='ocrx_word' id='word_1_859' title='bbox 1007 5810 1096 5867; x_wconf 79' lang='lat'><strong><em>30.</em></strong></span> <span class='ocrx_word' id='word_1_860' title='bbox 1178 5814 1221 5845; x_wconf 80' lang='grc'>¹⁸</span> <span class='ocrx_word' id='word_1_861' title='bbox 1253 5815 1385 5868; x_wconf 90' lang='lat' dir='ltr'><strong><em>ibid.</em></strong></span> <span class='ocrx_word' id='word_1_862' title='bbox 1414 5816 1504 5873; x_wconf 79' lang='lat'><strong><em>5|.</em></strong></span> <span class='ocrx_word' id='word_1_863' title='bbox 1586 5816 1626 5845; x_wconf 86' lang='grc'><strong><em>¹⁹</em></strong></span> <span class='ocrx_word' id='word_1_864' title='bbox 1663 5813 1795 5868; x_wconf 86' lang='lat' dir='ltr'><strong><em>ibid.</em></strong></span> <span class='ocrx_word' id='word_1_865' title='bbox 1833 5812 1937 5899; x_wconf 53' lang='lat'><strong><em>50.!</em></strong></span> 
     </span>
    </p>
   </div>
   <div class='ocr_carea' id='block_1_118' title="bbox 2076 5806 2319 5899">
    <p class='ocr_par' dir='ltr' id='par_1_118' title="bbox 2076 5806 2319 5864">
     <span class='ocr_line' id='line_1_120' title="bbox 2076 5806 2319 5864; baseline -0.008 -1"><span class='ocrx_word' id='word_1_866' title='bbox 2076 5809 2211 5864; x_wconf 88' lang='lat' dir='ltr'><strong><em>ibid.</em></strong></span> <span class='ocrx_word' id='word_1_867' title='bbox 2229 5806 2319 5862; x_wconf 76' lang='lat'><strong><em>&#39;58.</em></strong></span> 
     </span>
    </p>
   </div>
   <div class='ocr_carea' id='block_1_119' title="bbox 700 5928 1344 5991">
    <p class='ocr_par' dir='ltr' id='par_1_119' title="bbox 700 5928 1344 5991">
     <span class='ocr_line' id='line_1_121' title="bbox 700 5928 1344 5991; baseline 0.006 -4"><span class='ocrx_word' id='word_1_868' title='bbox 700 5928 976 5987; x_wconf 77' lang='lat' dir='ltr'><strong><em>PATROL.</em></strong></span> <span class='ocrx_word' id='word_1_869' title='bbox 1020 5928 1137 5989; x_wconf 77' lang='lat' dir='ltr'><strong><em>Gn.</em></strong></span> <span class='ocrx_word' id='word_1_870' title='bbox 1180 5929 1344 5991; x_wconf 76' lang='lat' dir='ltr'><strong><em>XLI.</em></strong></span> 
     </span>
    </p>
   </div>
   <div class='ocr_carea' id='block_1_120' title="bbox 3254 5900 3325 5961">
    <p class='ocr_par' dir='ltr' id='par_1_120' title="bbox 3254 5900 3325 5961">
     <span class='ocr_line' id='line_1_122' title="bbox 3254 5900 3325 5961; baseline 0 0"><span class='ocrx_word' id='word_1_871' title='bbox 3254 5900 3325 5961; x_wconf 85' lang='lat'><strong><em>23</em></strong></span> 
     </span>
    </p>
   </div>
  </div>
