3960 6138
291 285 395 340 719

1698 280 1756 337 S.
1800 279 2145 337 EPIPHANII

3469 278 3575 336 ’ἕΞο

358 402 448 457 67.
498 398 716 457 Recidit
764 399 818 456 id
862 400 1009 472 quod
1054 416 1084 456 a
1118 400 1285 457 Petro
1329 408 1542 473 gestum
1595 409 1700 469 est,
1744 417 1867 457 cum

2047 402 2141 471 ξζν.
2180 400 2464 473 Παρέκοοζιε
2499 401 2579 467 τὸ,
2610 399 2900 474 “inorqu
2923 401 3152 474 Πέτρος,
3182 399 3270 455 ὅτε
3310 400 3576 470 ἐπάταξε,

288 494 583 564 percussit,
610 501 664 547 et
687 494 994 563 amputavit
1027 494 1334 548 auriculam
1369 496 1408 548 ¹.

356 585 448 640 68.
479 584 549 639 Ει
586 585 679 657 qui
720 584 960 640 tenebant
1008 586 1327 650 illudebant,
1361 588 1637 651 «edentes,
1672 598 1726 642 et
1761 604 1883 657 per-

288 676 542 728 cutientes
579 674 820 729 dicebant
850 689 869 729 :
895 674 1252 745 Prophetiza;
1280 678 1397 748 quis
1429 688 1508 732 est
1539 678 1627 749 qui
1673 687 1721 733 te
1760 694 1882 748 per-

288 768 453 823 cussit
485 768 545 822 ’Ἰ

361 859 455 917 69.
486 859 620 916 Post
652 859 759 916 ista
790 877 802 913 :
844 857 1312 917 Huncinvenimus
1347 860 1723 915 subvertentem
1759 877 1884 931 gen-

293 961 395 1006 tem
450 961 688 1006 nostram
732 952 776 1015 ἒ,
818 950 1151 1015 addidit,“
1201 950 1556 1006 destruentem
1610 950 1770 1021 legem
1830 959 1883 1005 et

291 1042 592 1113 prophetas.

358 1134 521 1206 317
547 1135 637 1190 70.
672 1134 832 1190 Aliud
867 1149 1084 1204 quoque
1105 1141 1235 1203 post
1271 1132 1386 1188 haec
1416 1131 1577 1187 verba
1605 1146 1616 1182 :
1654 1130 1723 1184 Et
1756 1148 1880 1201 pro.

289 1228 547 1283 hibentem
596 1228 797 1282 tributa
844 1227 975 1282 dare
1020 1226 1065 1291 ⁸,
1119 1225 1355 1296 subjecit
1404 1241 1417 1278 :
1460 1235 1515 1279 et
1567 1234 1879 1279 avertentem

289 1337 482 1377 uxores
511 1329 560 1375 et
589 1320 754 1391 ﬁlios.

360 1415 450 1470 7i.
488 1414 554 1469 Et
584 1418 840 1470 venientes
868 1415 922 1469 in
953 1413 1129 1468 locum
1145 1413 1236 1479 qui
1270 1411 1468 1466 dicitur
1500 1411 1767 1466 Calvarite
1799 1413 1880 1465 lo-

290 1523 402 1570 cus,
449 1509 832 1577 cruciﬁa‘erunt
875 1522 1017 1569 eum,
1063 1516 1111 1559 et
1160 1504 1448 1558 diriserunt
1480 1506 1879 1567 t'estimeuta,et

288 1597 600 1652 obseuratus
628 1606 707 1652 est
742 1597 824 1651 sol
858 1598 901 1652 '.

358 1687 449 1742 72.
472 1687 584 1744 Hoc
617 1688 847 1745 abstulit
878 1706 892 1742 :
929 1685 1099 1741 Hodie
1120 1700 1327 1738 mecum
1356 1684 1461 1739 eris
1484 1686 1537 1738 in
1561 1684 1813 1750 paradiso
1832 1683 1873 1737 ⁸.

359 1869 447 1924 75.
492 1867 560 1921 Et
595 1868 834 1921 clamans
866 1882 985 1921 voce
1014 1882 1208 1938 magna
1236 1863 1525 1933 exspiravit
1552 1863 1593 1915 ⁷.

359 1960 447 2015 74.
492 1958 560 2012 Et
612 1974 727 2013 ecce
766 1959 843 2012 vir
873 1959 1081 2012 nomine
1122 1955 1321 2026 Joseph
1359 1954 1652 2024 depositum
1690 1969 1878 2022 corpus

290 2048 526 2111 involvit,
549 2058 597 2103 et
613 2050 788 2119 posuit
826 2051 881 2102 in
913 2057 1249 2102 monumento
1277 2049 1452 2102 exciso
1479 2046 1521 2101 ⁸.

364 2140 448 2194 ’”5.
494 2139 562 2194 Et
624 2149 932 2195 revertentes
978 2140 1239 2194 siluerunt
1292 2137 1529 2193 Sabba'o
1589 2137 1879 2193 secundum

288 2230 598 2286 mandatum
631 2233 672 2284 θ.

359 2344 446 2400 76.
476 2343 731 2399 Dixerunt
759 2345 1013 2416 quierant
1042 2344 1097 2397 in
1129 2351 1264 2397 reste
1290 2340 1608 2407 alba:Quid
1642 2341 1880 2412 qua'ritis

288 2440 541 2494 viventem
579 2455 700 2493 cum
751 2437 1015 2492 mortuis?
1049 2435 1318 2492 Surrexit.
1357 2434 1731 2490 Recordamini
1763 2450 1882 2505 qua:

290 2533 494 2586 iocutus
515 2540 613 2593 est,
637 2547 754 2584 cum
784 2529 1103 2584 adhucesset
1123 2545 1141 2584 :
1160 2526 1430 2595 Quoniam
1454 2535 1659 2596 oportet
1679 2525 1881 2580 Filium

288 2624 512 2677 hominis
543 2623 659 2691 pati
680 2631 738 2676 et
765 2620 907 2675 tradi
931 2621 998 2674 ι’.

362 2696 446 2769 π.
469 2714 611 2782 Quin
644 2728 710 2770 ca
732 2712 1033 2778 subtraxit,
1057 2728 1180 2784 qua:
1203 2711 1479 2783 Cleoplue,
1503 2721 1556 2767 et
1575 2709 1695 2781 ejus
1729 2709 1883 2766 socio

290 2808 437 2863 dicta
466 2815 615 2868 sunt,
646 2822 770 2862 cum
800 2807 909 2863 illis
937 2808 1219 2862 occurrit:
1247 2804 1292 2862 0
1319 2806 1535 2861 stultiet
1560 2805 1701 2859 tardi
1728 2805 1884 2860 corde

291 2901 358 2955 ad
388 2899 703 2955 credendum
726 2901 783 2955 in
805 2900 1048 2956 omnibus
1071 2916 1189 2972 qua:
1218 2899 1383 2954 locuti
1412 2909 1532 2954 sunt
1571 2900 1883 2971 prophetat!

294 2992 482 3050 Nonne
518 2997 630 3050 hare
660 2995 891 3064 oportuit
939 2994 1092 3064 pati?
1127 2995 1202 3047 Ac
1245 3007 1342 3063 pro
1379 2992 1465 3047 his
1492 2992 1734 3047 omnibus
1764 3008 1883 3063 qua:

1988 496 2080 550 καὶ
2104 494 2357 564 ἀφείλετο
2385 495 2446 549 τὸ
2475 492 2593 560 οὖς.

2057 588 2159 661 ξη¹.
2195 590 2260 642 οι
2278 587 2648 659 συνέχοντες
2673 586 3008 653 ἐνέπαιζον,
3033 587 3334 658 δέροντες,
3358 589 3458 643 καὶ
3477 590 3580 645 τις-

1985 695 2239 745 πτοντες
2274 677 2516 749 ἔλεγον*
2549 678 3006 749 Προφήτευσον
3037 679 3132 747 τίς
3160 679 3331 734 ἐστιν
3376 682 3409 734 ό
3441 682 3576 735 nai-

1986 788 2104 838 σας
2131 787 2244 836 σε;
2912 780 2917 785 ‘
3175 782 3199 803 °'

2052 862 2154 928 50'.
2187 862 2492 935 Προσέθετο
2534 864 2672 936 μετὰ
2706 864 2902 918 τοῦτο·
2935 863 3156 919 Τοῦτον
3183 864 3439 933 εὕρομεν
3459 863 3583 917 δια-

1988 957 2330 1027 στρέφοντα
2383 956 2450 1011 τὸ
2516 957 2719 1021 ἔθνος,
2772 986 2842 1001 -
2877 957 2974 1012 καὶ
3030 957 3411 1024 καταλιὶρντα
3468 957 3577 1008 τὸν

1989 1051 2179 1118 νόμον
2201 1049 2298 1102 καὶ
2328 1048 2473 1117 τοὺς
2492 1049 2827 1119 προφήτας.

2055 1141 2114 1194 o'.
2154 1141 2450 1214 Προσθήκη
2510 1141 2650 1212 μετὰ
2698 1140 2780 1206 τὸ,
2829 1139 3169 1198 Κελεύοντα
3222 1138 3449 1209 φόρους
3486 1137 3574 1208 μὴ

1984 1230 2216 1293 δοῦναι,
2256 1262 2322 1272 -
2346 1232 2448 1286 καὶ
2498 1232 2964 1301 ἀποστρέφοντα
3010 1230 3118 1297 τὰς
3153 1229 3445 1299 γυναῖκας
3479 1228 3575 1282 καὶ
3648 1248 3662 1262 ο

1983 1325 2056 1376 τὰ
2092 1323 2292 1377 τέκνα.
2368 1368 2373 1383 ,
2422 1311 2429 1318 ’

2053 1422 2152 1470 οαν.
2189 1415 2297 1469 Kal
2328 1415 2619 1484 ἐλθόντες
2641 1421 2730 1483 εὶς
2749 1419 2938 1472 τόπον
2955 1415 3286 1488 λεγόμενον
3313 1416 3574 1485 Κρανίου

1982 1509 2191 1575 τόπον,
2234 1510 2629 1579 ἐσταύρωσαν
2654 1512 2861 1575 αὐτὸν,
2907 1513 3003 1566 καὶ
3046 1509 3460 1580 διεμερίσαντο
3503 1509 3575 1564 τὰ

1984 1600 2199 1669 ἱμάτια,
2240 1602 2281 1632 ⁸⁸
2315 1601 2643 1669 ἐσκοτίσθη
2668 1605 2701 1656 ό
2727 1601 2920 1669 ἥλιος.

2054 1693 2150 1762 οβ’.
2185 1692 2473 1766 Παρέκοψε
2497 1694 2578 1747 τόν
2610 1693 2885 1763 Σήμερον
2911 1693 3040 1763 μετ’
3066 1693 3215 1763 ἐμοῦ
3246 1692 3362 1764 ἔσῃ
3393 1692 3464 1746 ἐν
3492 1688 3576 1756 τῷ

1982 1785 2323 1854 παραδείσῳ
2334 1821 2351 1838 .

2050 1886 2151 1948 ογ’.
2186 1880 2299 1933 Kal
2339 1880 2631 1950 φωνήσας
2660 1880 2833 1951 φωνῇ
2855 1880 3113 1952 μεγάλῃ,
3147 1880 3499 1947 ἐξέπνευσε.

2051 1972 2146 2028 οδ’.
2177 1974 2284 2027 Kal
2308 1974 2439 2028 ἰδοὺ
2469 1975 2626 2043 ἀνὴρ
2651 1976 2896 2044 ὀνόματι
2931 1975 3176 2044 Ἰωσὴφ,
3208 1974 3479 2029 καθελὼν
3504 1971 3574 2027 τὸ

1982 2063 2153 2135 σῶμα
2184 2064 2512 2130 ἑνετύλιξε,
2538 2066 2637 2120 καὶ
2663 2066 2880 2133 ἔθηκεν
2900 2066 2970 2120 ἐν
2988 2066 3251 2137 μνήματι
3275 2065 3572 2132 λαξευτῷ.

2054 2164 2143 2210 σε’.
2168 2157 2278 2212 Kal
2314 2157 2777 2229 ὑποστρέψασαι
2812 2160 3146 2229 ἡσύχασαν
3176 2159 3240 2213 τὸ
3268 2155 3576 2213 Σὰϐὄαὲον

1983 2250 2134 2304 κατὰ
2163 2250 2271 2303 τὸν
2306 2252 2515 2322 νόμον.

2053 2348 2158 2406 ος’.
2184 2338 2381 2397 Εἶπαν
2410 2346 2465 2397 οι
2485 2343 2556 2397 ἐν
2583 2342 2795 2413 ἐσθῆτι
2822 2342 3087 2415 λαμπρᾷ·
3126 2344 3185 2398 Τί
3214 2342 3432 2413 ζητεῖτε
3465 2341 3577 2396 τὸν

1984 2431 2170 2495 ζῶντα
2187 2434 2339 2504 μετὰ
2366 2435 2486 2488 τῶν
2507 2434 2775 2504 νεκρῶν;
2817 2438 3087 2507 Ἠγέρθη.
3110 2436 3436 2506 Μνήσθητε
3457 2434 3577 2488 ὅσα

1983 2525 2295 2595 ἐλάλησεν
2317 2526 2407 2580 ἔτι
2447 2527 2532 2581 ὢν
2554 2546 2567 2559 ·
2607 2528 2731 2582 Ὅτι
2769 2529 2860 2582 δεῖ
2889 2529 2997 2584 τὸν
3042 2529 3180 2583 Υἱὸν
3205 2528 3313 2584 τοῦ
3351 2526 3575 2596 ἀνθρώ-

1984 2634 2103 2672 που
2140 2618 2372 2683 παθεῖν,
2406 2619 2503 2673 καὶ
2539 2618 2969 2688 παραδοθῆναι.

2053 2709 2147 2774 οζν.
2186 2709 2473 2782 Παρέκοψε
2506 2709 2567 2764 τὸ
2596 2710 2886 2782 εἰρημένον
2917 2712 3055 2784 πρὸς
3080 2711 3329 2765 Κλεόπαν
3359 2711 3455 2764 καὶ
3480 2708 3576 2762 τὶν

1985 2801 2165 2866 ἄλλον,
2211 2803 2301 2856 ὅτε
2347 2804 2678 2875 συνήντησεν
2724 2806 2924 2869 αὐτοῖς,
2957 2804 3051 2858 τό·
3087 2799 3163 2859 ’.Ω
3207 2804 3451 2872 ἀνόητοι
3474 2805 3574 2861 καὶ

1978 2892 2228 2961 βραδεῖς
2258 2892 2365 2947 τοῦ
2414 2895 2724 2948 πιστεύειν
2751 2895 2850 2948 ἐπὶ
2904 2894 3097 2951 πᾶσιν
3132 2890 3222 2962 οἷς
3259 2894 3578 2964 ἐλάλησαν

1985 2989 2040 3040 οἱ
2076 2984 2405 3055 προφῆται]
2431 2984 2573 3054 Οὐχὶ
2605 2985 2789 3040 ταῦτα
2819 2985 2942 3042 ἔδει
2979 2987 3228 3052 παθεῖν;
3246 2988 3354 3041 Καὶ
3373 2987 3493 3041 ἀντὶ
3516 2987 3577 3040 δὲ

291 3085 453 3140 locuti
480 3095 602 3140 sunt
623 3084 958 3155 prophetat“,
992 3084 1231 3155 scripsit,
1268 3084 1322 3137 in
1361 3083 1625 3149 omnibus,
1657 3100 1775 3155 qua:
1796 3083 1875 3137 ιο-

2007 3078 2096 3141 ὀὖ,
2121 3079 2212 3147 ἐφ’
2236 3072 2326 3143 οἷς
2350 3077 2665 3145 ἐλάλησαν
2688 3082 2741 3133 οἱ
2771 3078 3094 3148 προφῆται,
3116 3110 3185 3121 -
3208 3079 3301 3149 ἐφ’
3324 3074 3415 3146 οἷς
3439 3077 3578 3133 ἐλά-

292 3185 443 3231 ιιιιιιε
468 3193 585 3230 sum
626 3174 789 3230 vobis.
848 3175 955 3231 Sed
983 3191 1048 3230 ex
1082 3190 1148 3230 eo
1178 3173 1546 3244 redarguitur,
1576 3174 1721 3245 quod
1754 3190 1879 3230 cum

295 3283 485 3338 panem
522 3267 702 3338 fregit,
741 3268 916 3336 aperti
952 3276 1080 3321 sunt
1109 3266 1276 3329 oculi,
1310 3275 1363 3321 et
1390 3273 1789 3337 cognoverunt.

363 3360 453 3414 78.
491 3358 631 3427 Quid
669 3345 873 3413 turbati
922 3358 1094 3413 estis?
1139 3357 1316 3411 l'idete
1354 3373 1565 3421 manus,
1590 3368 1639 3411 et
1670 3358 1823 3427 pedes
1860 3373 1880 3412 .'

290 3452 543 3521 quoniam
603 3450 823 3510 spiritus
858 3464 981 3503 ossa
1034 3465 1136 3501 non
1186 3447 1361 3502 habet.
1406 3451 1542 3501 sicut
1579 3462 1658 3500 nte
1691 3446 1879 3502 videtis

293 3543 482 3596 habere
514 3543 580 3595 ¹¹.

363 3632 564 3687 Pneter
588 3633 720 3696 haec.
752 3648 873 3703 quae
921 3639 1225 3701 sequuntur
1253 3638 1446 3685 contra
1472 3629 1744 3686 haereseos
1774 3644 1877 3684 au-

291 3738 496 3781 ctorem
543 3727 730 3792 istum,
785 3725 913 3779 huic
947 3739 975 3777 a
1021 3723 1180 3779 nobis
1216 3723 1469 3779 instituto
1516 3724 1882 3795 adiungamus

291 3818 462 3888 operi.
494 3817 627 3884 Qua:
659 3816 880 3887 quidem
915 3814 1059 3886 apud
1086 3814 1337 3870 eumdem
1390 3816 1698 3870 invenimus
1734 3814 1881 3868 hunc

291 3910 347 3964 in
387 3909 546 3966 linem
581 3917 865 3981 usurpata,
911 3917 971 3962 ut
1006 3906 1374 3978 Epistolarum
1438 3907 1591 3966 Pauli
1638 3908 1877 3977 apostoli

282 4005 532 4075 speciem
585 4019 697 4075 pra:
750 4018 810 4060 se
858 4000 1086 4058 ferrent.
1120 4002 1270 4068 Quas
1308 4013 1486 4056 tamen
1517 4016 1626 4055 non
1667 4015 1879 4064 omnes,

294 4098 390 4153 sed
424 4107 604 4151 certas
653 4096 921 4150 duntaxat
952 4093 1214 4159 asciscit;
1255 4108 1488 4162 quarum
1522 4093 1577 4146 in
1615 4093 1765 4147 calce
1797 4101 1881 4147 to-

292 4192 403 4244 tius
450 4187 634 4257 operis
678 4186 899 4240 nomina
949 4185 1406 4254 subscripsimus,
1459 4183 1775 4253 cuiusmodi
1824 4183 1881 4237 in

294 4280 612 4348 Apostolico
630 4278 699 4332 ab
717 4277 830 4331 illis
852 4277 1122 4345 inscripto
1143 4275 1284 4329 libro
1301 4275 1672 4343 reperiuntur.
1702 4275 1883 4345 Atque

1981 3174 2149 3240 ,λησα
2176 3167 2335 3239 ὑμῖν.
2376 3169 2493 3222 Ἑλέ
2509 3187 2688 3240 ίχεται
2710 3170 2787 3232 δὲ,
2817 3172 2920 3232 ὅτε,
2942 3173 3031 3225 ὅτε
3060 3173 3255 3226 ἕκλασε
3276 3173 3367 3226 τὸν
3389 3173 3575 3245 ἄρτον,

1982 3260 2338 3336 ἠνεῴχθησαν
2376 3263 2423 3315 οἱ
2457 3262 2746 3333 ὀφθαλμοὶ,
2784 3264 2878 3317 καὶ
2912 3265 3253 3333 ἐπέγνωσαν.

2051 3362 2152 3426 οη⁹.
2194 3353 2261 3408 Τί
2296 3356 2715 3425 τεταραγμένοι
2760 3357 2940 3420 ἐστέ;
2991 3358 3170 3412 Ἴδετε
3220 3359 3328 3426 τὰς
3378 3358 3578 3430 χεῖρας

1982 3447 2081 3500 καὶ
2124 3446 2266 3513 τοὺς
2309 3446 2531 3513 πόδας·
2573 3446 2664 3502 ὅτι
2725 3450 2962 3520 πνεῦμα
3030 3450 3215 3505 ὅστέα
3268 3455 3381 3507 οὐκ
3432 3454 3577 3523 ἔχει,

1982 3537 2179 3605 καθὼς
2209 3538 2314 3608 ἐμὲ
2343 3538 2609 3608 θεωρεῖτε
2640 3541 2882 3610 ἔχοντα.
2962 3602 2967 3605 _

2056 3632 2178 3684 Ἔτι
2213 3631 2270 3684 δὲ
2302 3632 2398 3684 καὶ
2442 3630 2618 3685 ταῦτα
2665 3634 3041 3704 συνάπτομεν·
3076 3635 3216 3689 κατὰ
3266 3635 3360 3689 τοῦ
3396 3654 3580 3707 προει⁶

1983 3721 2221 3793 ρημένου
2271 3723 2624 3795 αἱρεσιάρχου
2663 3724 2835 3798 ταύτῃ
2860 3729 2925 3797 τῇ
2951 3727 3108 3798 ἡμῶν
3131 3730 3251 3780 κατ’
3280 3728 3444 3781 αὐτοῦ
3480 3745 3579 3781 πε-

1984 3813 2459 3885 πραγματευμένῃ
2516 3815 2730 3885 σχέσει·
2792 3816 2952 3871 ἆτινα
3011 3820 3141 3890 παρ’
3206 3818 3357 3889 αὐτῷ
3416 3819 3580 3873 πάλιν

1982 3904 2309 3975 ἐφεύρομεν,
2353 3904 2428 3968 ὡς
2460 3906 2519 3958 ἐν
2560 3906 2931 3980 ὲθελοδοόιήσει
2980 3908 3091 3962 τῶν
3136 3910 3230 3964 τοῦ
3279 3911 3579 3965 ἀποστόλου

1982 3994 2194 4049 Παύλου
2236 3997 2597 4053 Ἐπιστολῶν·
2632 4001 2731 4072 οὐχ
2769 4003 2927 4067 ὅλων,
2959 4001 3075 4057 ἀλλ’
3109 4004 3289 4072 ἐνίων,
3313 4000 3388 4061 ὧν
3412 4009 3471 4060 ὲν
3501 4006 3581 4079 τῷ

1980 4086 2123 4140 τέλει
2148 4089 2245 4160 τῆς
2281 4089 2462 4161 πάσης
2492 4093 2874 4163 πραγματείας
2900 4095 2957 4147 αἱ
2980 4095 3270 4166 ὀνομασίαι
3295 4099 3387 4168 ὑφ’
3417 4100 3579 4171 ἡμῶν

1982 4179 2371 4251 ὲνετάχθησαν,
2403 4181 2480 4245 ὼς
2520 4185 2651 4256 παρ’
2690 4186 2840 4257 αὑτῷ
2876 4188 2938 4242 τὸ
2987 4189 3367 4245 Ἀποστολικὸν
3410 4192 3581 4264 ἐμφέ-

1987 4285 2156 4340 ρεται.
2190 4271 2300 4324 Καὶ
2345 4272 2526 4326 αὐτῶν
2555 4274 2613 4328 δὲ
2644 4275 3188 4350 ἠκρωτηριασμένων
3235 4282 3484 4353 συνήθως
3509 4286 3579 4356 τῇ

296 4372 418 4425 illas
445 4371 595 4440 ipsas
621 4370 847 4438 insuper
883 4367 1089 4421 usitato
1117 4366 1211 4421 illo
1243 4380 1345 4422 suo
1367 4364 1575 4437 ﬂagitio
1600 4366 1875 4425 mutilatas

2007 4361 2156 4414 ιύτοῦ
2176 4363 2496 4436 ῥᾳδιουργίᾳ
2514 4381 2529 4396 ο
2557 4365 2634 4431 ὡς
2660 4368 2754 4421 καὶ
2778 4371 2837 4423 ὲν
2865 4370 2945 4441 τῷ
2966 4373 3328 4445 προταχθέντι
3354 4374 3582 4446 ὀνόματι

296 4460 580 4532 proposuit
615 4478 628 4514 :
653 4456 1110 4529 quemadmodum
1136 4456 1191 4510 in
1226 4456 1457 4510 alterum
1478 4457 1629 4510 illum
1654 4456 1875 4523 librum,

2007 4453 2307 4525 ἓύαγγελίῳ
2356 4455 2585 4526 λείψανα
2635 4459 2733 4531 μὲν
2777 4461 2870 4516 τοῦ
2915 4464 3173 4535 ἀληθινοῦ
3220 4445 3575 4537 Εὐαγγελίου,

293 4554 382 4610 cui
399 4554 690 4623 Evangelio
706 4565 903 4606 nomen
921 4549 1201 4619 imposuit,
1223 4556 1281 4602 ut
1299 4548 1444 4619 quod
1464 4565 1550 4605 res
1572 4559 1657 4604 est
1681 4549 1886 4614 dicam,

296 4643 538 4715 germani
566 4642 842 4714 Evangelii
874 4639 1134 4710 reliquias
1156 4639 1415 4710 conjecit,
1451 4655 1514 4694 ac
1532 4640 1887 4697 nihilominus

298 4747 479 4791 tamen
514 4737 696 4791 omnia
732 4733 1007 4789 malitiose
1048 4731 1355 4803 callideque
1382 4733 1721 4804 depravavit.

295 4895 462 4967 318
484 4893 560 4949 Ex
599 4892 838 4967 Epistula
864 4891 937 4967 ad
983 4890 1281 4967 Bonnanos,
1309 4906 1431 4967 quae
1455 4891 1599 4962 apud
1626 4892 1780 4947 illum
1808 4891 1878 4947 Iv

788 4972 893 5026 est,
926 4964 980 5018 in
1031 4964 1351 5034 Apostolico
1377 4961 1418 5016 ι.

366 5080 418 5133 i.
458 5078 764 5148 Quicunque
785 5078 896 5133 sine
924 5076 1032 5148 lege
1052 5085 1412 5146 peccaverunt,
1438 5076 1551 5131 sine
1575 5074 1683 5147 lege
1697 5086 1745 5131 et
1762 5094 1881 5147 per-

295 5169 461 5230 ibunt,
489 5179 538 5221 et
559 5169 852 5237 quicunque
887 5167 943 5219 in
966 5167 1075 5236 lege
1096 5175 1459 5234 peccaverunt,
1486 5181 1583 5234 per
1608 5168 1773 5237 legent
1795 5168 1883 5236 ju-

292 5260 630 5314 dicabantur.
681 5256 807 5311 Non
861 5257 1001 5310 enim
1062 5256 1335 5310 auditores
1399 5255 1528 5326 legis
1568 5255 1707 5326 justi
1757 5266 1879 5310 sunt

297 5350 439 5419 apud
482 5349 667 5413 Deum,
709 5347 798 5401 sed
837 5347 1066 5416 factores
1094 5348 1226 5417 legis
1248 5346 1783 5416 justificabuntur”.

1964 4544 2037 4600 ἐἰ
2069 4547 2149 4602 δεῖ
2177 4547 2387 4621 τάληθῆ
2431 4549 2641 4619 λέγειν·
2669 4553 2819 4624 ὅμως
2841 4555 2897 4608 δὲ
2925 4555 2996 4609 τὰ
3040 4558 3219 4613 πάντα
3251 4559 3441 4624 δεινῶς
3475 4576 3582 4632 μη-

1986 4642 2396 4714 χανευσάμενος
2422 4644 2703 4697 ἐνόοευσεν
2720 4683 2731 4696 .

1983 4907 2098 4979 Τῆς
2141 4909 2279 4980 πρὸς
2324 4909 2629 4980 Ῥωμαίους
2659 4913 2974 4991 nuptae-sip
2996 4920 3069 4982 A',
3115 4917 3175 4972 ἐν
3209 4918 3266 4973 δὲ
3295 4918 3374 4991 τῷ
3417 4922 3583 4976 Ἀπο-

2592 4981 2825 5055 στολιόιῷ
2859 4987 2938 5040 Α’.

2054 5100 2124 5147 α’.
2175 5093 2349 5148 Ὅσοι
2388 5094 2624 5165 ἀνόμως
2694 5096 2992 5168 ἥμαρτον,
3038 5103 3274 5174 ἀνόμως
3321 5108 3421 5162 καὶ
3465 5109 3582 5164 ἀπ-

1983 5186 2288 5241 ολοῦνται’
2319 5187 2420 5241 καὶ
2461 5181 2596 5242 ὅσοι
2637 5190 2902 5260 ἐννόμως
2941 5192 3225 5264 ἥμαρτον,
3259 5198 3357 5254 διὰ
3390 5200 3581 5272 νόμου

1990 5276 2400 5347 κριθήσονται.
2442 5282 2527 5334 Οὐ
2566 5281 2676 5350 γὰρ
2707 5286 2761 5337 οἱ
2798 5285 3081 5354 ἀκροαταὶ
3125 5288 3233 5343 τοῦ
3270 5294 3458 5362 νόμου
3488 5293 3582 5348 δι-

1989 5384 2144 5422 καιοι
2189 5369 2352 5437 παρὰ
2398 5369 2474 5436 τῷ
2509 5371 2655 5439 Θεῷ,
2695 5375 2833 5429 ἀλλ’
2875 5380 2930 5430 οἱ
2961 5381 3200 5448 ποιηταὶ
3250 5385 3357 5438 τοῦ
3390 5388 3582 5457 νόμου

1988 5460 2505 5527 δικαιωθήσονται.

367 5639 569 5721 llus:
600 5640 860 5721 “1".50-
937 5643 957 5672 ³
988 5639 1119 5721 ibi“;
1153 5640 1282 5721 (ἷξε.
1308 5637 1501 5721 ,³14ὲὲ
1527 5655 1699 5721 ἔδω)
1730 5643 1797 5721 ἓο.
1823 5644 1865 5721 ,⁸

2007 5647 2384 5721 ιμ’-Πῶλῦὅ,
2422 5650 2514 5707 45.
2559 5652 2579 5683 σ
2612 5651 2857 5709 illiust.
2912 5655 3202 5712 7ibid.46.
3270 5658 3575 5721 'ibid.50.

347 5711 477 5767 ibid.
503 5712 593 5765 56.
666 5713 707 5743 “’
742 5710 872 5764 Luc.
900 5726 1026 5764 xxiv
1083 5711 1135 5764 5.
1176 5711 1216 5741 ¹¹
1250 5709 1381 5765 ibid.
1421 5710 1615 5764 25-31.
1655 5714 1697 5744 "
1728 5713 1859 5772 ibid.

2020 5717 2079 5791 f3
2108 5718 2272 5775 Rom.
2301 5709 2480 5788 πίω,
2520 5723 2600 5777 15.
2672 5722 2859 5780 “For.
2895 5724 2924 5779 ὃ
2955 5709 3097 5784 ἐποι.
3123 5709 3201 5760 -ίί
3223 5709 3573 5801 διιρὖίῖκᾶἶξ
