3950 6174
347 322 453 378 7'27

1761 326 1819 383 S.
1863 323 2206 382 EPIPHANII

3529 321 3633 381 723

340 454 487 505 lnter
537 464 638 505 nos
687 457 848 519 atque
898 448 1050 503 illum
1103 449 1414 513 conveniat,
1462 464 1526 503 ea
1579 455 1761 503 tamen
1809 458 1940 505 sunt

2064 449 2258 514 ίδοντα,
2285 448 2379 502 καὶ
2411 446 2607 520 ἔχοντα
2631 446 2874 528 ἔμφασιν
2903 447 3174 519 ὲνσάρκον
3209 447 3515 519 παρουσίας

344 540 638 612 ejusmodi,
682 549 739 597 ut
779 542 1118 597 Salvatorem
1155 550 1408 597 nostrum
1452 549 1734 612 assumpta
1769 556 1938 597 carne

346 634 559 691 venisse
620 633 908 689 manifeste
963 633 1294 703 signiﬁcent.
1355 632 1494 686 Tum
1551 648 1675 703 qua:
1724 632 1940 691 Veteris

343 724 590 798 Novique
626 723 963 782 Testamenti
1007 728 1430 782 consensionem
1464 727 1802 792 ostendunt;
1844 734 1937 781 aut

344 816 631 886 ipsiusmet
672 815 767 872 Dei
820 815 944 870 Filii
979 817 1409 880 confessionem,
1441 832 1550 887 qua
1601 816 1773 873 Deum
1816 831 1942 873 esse

342 908 467 963 caeli
497 918 764 979 [ermque
798 909 1162 974 conditorem,
1197 916 1251 964 et
1301 908 1356 963 in
1391 909 1507 981 lege
1550 909 1943 980 prophetisque

346 1000 611 1064 locutum,
656 1016 721 1056 ac
764 1000 1000 1072 denique
1044 999 1261 1057 Patrem
1311 1017 1436 1057 esse
1471 1018 1632 1057 suum
1682 1001 1940 1058 aﬂirmat.

345 1092 422 1148 De
460 1093 563 1148 hoc
597 1094 764 1164 igitur
797 1102 1126 1164 argumento
1160 1094 1378 1149 brevem
1420 1095 1572 1149 illum
1605 1104 1944 1151 commenta-

349 1187 490 1241 rium
540 1186 687 1241 velut
737 1186 947 1242 scholia
981 1185 1229 1256 quaedam
1263 1185 1702 1254 elaboravimus;
1736 1195 1943 1242 totum-

345 1293 453 1348 que
503 1277 647 1335 istud
698 1293 837 1348 opus
869 1295 900 1333 e
938 1277 1230 1335 Marcionis
1270 1278 1427 1334 libris
1465 1278 1534 1333 ad
1574 1280 1800 1335 verbum
1849 1294 1946 1334 ex-

345 1379 617 1440 cerptum,
655 1371 736 1426 sic
781 1380 1038 1441 tanquam
1078 1370 1305 1439 majoris
1357 1371 1593 1442 alicujus
1650 1373 1828 1427 solum
1880 1386 1946 1426 ac

347 1462 783 1523 fundamentum,
818 1463 1207 1533 prasinisimus.
1252 1462 1359 1518 Sed
1406 1479 1475 1521 ue
1520 1466 1566 1520 si
1612 1463 1745 1535 quid
1784 1463 1840 1518 in
1880 1478 1946 1518 eo

344 1560 429 1608 est
458 1553 524 1606 ad
565 1553 975 1624 intelligendum
1015 1554 1231 1610 diﬂicile
1259 1556 1591 1626 quibusdam
1621 1555 1946 1627 ignorantiae

344 1643 586 1698 tenebris
620 1645 883 1700 lectorum
925 1645 1164 1701 obducat
1195 1647 1434 1714 animos,
1468 1648 1648 1718 placet
1685 1646 1946 1716 deinceps

346 1735 560 1806 singula
586 1751 616 1790 a
644 1753 732 1792 me
762 1739 1044 1808 proposita
1079 1740 1307 1809 suisque
1336 1740 1510 1795 titulis
1549 1740 1816 1810 inscripta
1851 1753 1944 1792 ca-

2041 538 2138 594 τοῦ
2169 540 2424 613 Σωτῆρος
2463 539 2559 594 καὶ
2596 540 2903 611 μαρτυρίας
2937 544 3257 611 συμφωνίας
3298 538 3399 609 τῆς
3427 540 3638 609 Καινῆς

2044 633 2182 704 πρὸς
2207 632 2455 687 Παλαιὰν
2476 631 2778 703 Διαθήκην,
2804 631 2902 686 καὶ
2930 631 3226 702 ὁμολογίας
3255 629 3350 684 τοῦ
3384 630 3518 684 Υίοῦ
3543 629 3636 684 τοῦ

2042 723 2179 778 Θεοῦ
2208 726 2267 778 ὲν
2298 724 2379 795 τῷ
2406 724 2727 794 Εὑαγγελίῳ
2754 723 3150 794 ὁμολογοῦντος
3177 723 3270 777 τὸν
3305 722 3437 776 Θεὸν
3479 740 3637 792 ποιη-

2041 816 2143 887 τὴν
2170 816 2403 888 οὐρανοῦ
2438 833 2497 869 τε
2529 815 2622 869 καὶ
2657 815 2761 885 τῆς
2788 815 2915 885 γῆς,
2958 814 3124 868 αὐτόν
3148 831 3211 867 τε
3244 813 3559 884 λαλήσαντα
3583 813 3636 867 ὲν

2046 885 2196 979 νόμῳ
2235 885 2330 961 καὶ
2375 909 2433 960 ὲν
2474 909 2785 979 προφήταις
2804 925 2818 937 ·
2867 906 2997 961 ίδιον
3030 906 3089 960 δὲ
3136 905 3325 959 τοῦτον
3354 901 3493 960 εἶναι
3533 885 3644 979 Παέ

2046 967 2183 1069 τέρα
2211 997 2402 1051 αὑτοῦ.
2441 967 2553 1052 Κάὶ
2591 967 2732 1068 αῦτη
2761 967 2861 1067 τῆς
2895 996 3303 1069 προειρημένης
3331 995 3485 1066 ὑμῶν
3513 967 3649 1050 ὑπο)

2016 1089 2247 1153 θέσεως
2292 1091 2326 1161 ἡ
2374 1089 2849 1161 σχολιοποιηθείσα
2894 1088 3160 1160 σύντομος
3216 1088 3643 1160 ὑπομνηματικὴ

2046 1181 2107 1247 ἐξ
2138 1183 2491 1254 ἀντιγράφων
2524 1181 2620 1237 τοῦ
2654 1181 2981 1255 Μαρκίωνος
3027 1180 3280 1247 σύνταξις
3318 1181 3458 1251 πρὸς
3489 1179 3639 1246 ἔπος,

2044 1273 2121 1337 ὡς
2154 1272 2375 1343 ὲδάφιον
2402 1276 2533 1345 ἡμῖν
2564 1274 2951 1346 γεγραμμένη.
2981 1274 3102 1328 Ἵνα
3131 1272 3189 1326 δὲ
3224 1273 3300 1344 μὴ
3324 1273 3392 1327 τὰ
3417 1275 3477 1327 ὲν
3506 1272 3640 1344 αὐτῇ

2045 1363 2318 1434 δυσνόητά
2373 1364 2529 1434 παρὰ
2576 1381 2689 1417 τισι
2737 1363 3031 1427 σκοτεινῶς
3079 1362 3425 1433 ἀγνοούμενα
3477 1362 3647 1432 ἐμφέ-

2052 1472 2246 1526 ρηται,
2282 1451 2440 1519 αὖθις
2479 1454 2643 1509 πάλιν
2674 1454 2805 1519 τοὺς
2846 1454 3117 1526 ἀριθμοὺς
3154 1453 3265 1507 τῶν
3298 1453 3645 1525 ἐπιγραφῶν,

2049 1547 2268 1622 πρώτου
2324 1547 2469 1620 φημὶ
2515 1548 2611 1600 καὶ
2665 1545 2923 1618 δευτέρου
2964 1549 3060 1601 καὶ
3110 1546 3295 1618 τρίτου
3348 1544 3648 1616 κεφαλαίου

2049 1639 2173 1693 καθ’
2219 1639 2414 1712 εἱρμὸν
2459 1638 2737 1702 ὲπιλύσω,
2785 1638 2853 1691 δι’
2892 1639 2960 1709 ἢν
3010 1638 3193 1695 αἰτίαν
3242 1639 3451 1709 ἑκάστη
3508 1638 3651 1705 λέξις

2050 1730 2336 1802 ἀνελέχθη,
2373 1729 2468 1783 καὶ
2507 1731 2743 1785 ἐνταῦθα
2787 1729 3123 1803 μετεϐλήθη.
3151 1727 3424 1802 Ἀρξομαι
3467 1729 3527 1783 δὲ
3555 1727 3647 1782 τοῦ

345 1825 480 1895 pita,
543 1826 803 1895 primum,
859 1829 1163 1883 secundum
1230 1843 1295 1882 ac
1349 1828 1574 1883 tertium
1627 1827 1952 1898 explicando

2064 1825 2236 1894 λέγειν
2267 1823 2463 1886 οὕτως.
2876 1890 2884 1901 ν

347 1925 621 1982 tractare,
661 1934 997 1990 causamque
1061 1921 1461 1988 demonstrare,
1512 1929 1732 1993 propter
1778 1935 1942 1992 quam
1984 1935 2326 1992 unaquaeque
2352 1918 2561 1974 delecta
2623 1935 2730 1976 vox
2762 1928 2868 1986 est,
2905 1918 3060 1974 etab
3123 1918 3215 1973 illo
3253 1923 3487 1971 mutata.
3516 1913 3652 1970 lliuc

348 2007 516 2078 igitur
546 2009 862 2081 disputandi
903 2010 1118 2065 initium
1152 2011 1373 2068 faciam.

503 2110 765 2187 Scholion
794 2143 867 2183 ex
894 2126 1191 2198 Evangelio
1220 2145 1331 2201 quo
1360 2129 1565 2187 Marcio
1597 2132 1791 2188 utitur.

421 2329 471 2381 l.
518 2326 681 2392 Vade,
712 2329 926 2385 ostende
973 2342 1021 2385 te
1066 2333 1355 2400 sacerdoti,
1391 2345 1437 2389 et
1470 2335 1601 2404 offer
1629 2350 1723 2403 pro
1762 2350 1953 2406 purga-

349 2420 488 2472 tione
518 2430 630 2485 tua,
662 2421 800 2475 sicut
829 2424 1077 2492 prwcepit
1122 2422 1355 2494 Moyses,
1387 2435 1445 2478 ut
1495 2426 1564 2479 sit
1594 2425 1951 2480 testimonium

348 2510 445 2566 hoc
479 2514 620 2566 t'obis
656 2515 693 2568 ¹.

422 2690 702 2748 Refutatio
742 2693 795 2749 l.
826 2693 1085 2751 Potuitne
1116 2695 1401 2764 Dominus,
1440 2698 1486 2754 si
1530 2709 1724 2755 contra
1755 2699 1947 2772 legem,

350 2784 596 2856 legisque
630 2784 801 2841 Deum
842 2802 997 2843 suam
1033 2788 1279 2858 haberet,
1314 2799 1370 2845 ut
1398 2792 1624 2856 asseris,
1661 2807 1948 2863 compara-

351 2886 461 2933 tam
495 2876 825 2941 doctrinam,
851 2884 1058 2937 curatis
1101 2896 1132 2935 a
1188 2897 1249 2938 se
1294 2882 1631 2946 hominibus,
1673 2882 1840 2937 veluti
1874 2885 1950 2939 le-

350 2984 518 3039 proso
560 2970 708 3036 huic,
761 2972 1075 3029 istiusmodi
1121 2972 1442 3029 mandatum
1481 2974 1643 3030 edere
1676 2989 1693 3029 ε
1724 2974 1864 3030 Vade
1901 2986 1951 3029 et

2054 2121 2275 2194 Σχόλιον
2295 2119 2405 2175 ἀπὸ
2434 2116 2531 2173 τοῦ
2563 2118 2896 2206 Εὐαγγελίου
2922 2118 3016 2173 τοῦ
3051 2120 3181 2191 παρ’
3208 2116 3357 2188 αὐτῷ
3390 2117 3472 2189 τῷ
3495 2119 3653 2190 Μαρ-

2760 2207 2940 2245 κιωνι.

2127 2331 2198 2381 α’.
2266 2323 2564 2379 Ἀπελθὼν
2624 2322 2829 2388 δεῖξον
2879 2324 3146 2378 σεαυτὸν
3208 2321 3291 2389 τῷ
3338 2324 3507 2393 ἱερεῖ,
3562 2322 3654 2379 καί

2056 2418 2431 2489 προσένεγκε
2476 2417 2611 2486 περὶ
2661 2418 2769 2471 τοῦ
2824 2416 3201 2486 καθαρισμοῦ
3250 2432 3370 2472 σου
3396 2459 3412 2482 ,
3459 2418 3656 2486 καθὼς

2050 2501 2395 2582 ’προσέταξε
2456 2508 2720 2578 Μωῢσῆς
2743 2551 2758 2574 ,
2818 2510 2921 2563 ἵνα
2974 2503 3018 2581 ᾗ
3080 2510 3417 2579 μαρτύριον
3480 2509 3655 2564 τοῦτο

2056 2604 2225 2676 ὑμῖν.

2134 2698 2397 2771 Ἔλεγχος
2430 2706 2499 2753 α’.
2554 2699 2680 2763 Πῶς
2720 2699 2954 2769 ἠδύνατο
2984 2700 3012 2752 ὁ
3066 2699 3272 2770 Κύριος
3313 2700 3342 2752 ὁ
3390 2701 3539 2755 κατὰ
3566 2700 3656 2754 τοῦ

2060 2791 2226 2863 νόμον
2265 2792 2360 2846 καὶ
2395 2792 2539 2846 κατὰ
2563 2788 2657 2845 τοῦ
2690 2790 2829 2845 Θεοῦ
2859 2789 2957 2844 τοῦ
2991 2790 3159 2862 νόμου
3190 2791 3333 2862 ἒχων
3366 2791 3468 2864 τὴν
3493 2790 3657 2846 αὐτοῦ

2058 2882 2434 2950 διδασκαλίαν,
2464 2883 2541 2947 ὡς
2576 2884 2641 2937 σὺ
2664 2883 2792 2955 φὴς,
2820 2882 3003 2950 λέγειν
3028 2884 3142 2945 τοῖς
3166 2881 3263 2936 ὑπ’
3294 2882 3464 2936 αὐτοῦ
3501 2883 3656 2953 θερα-

2061 2976 2407 3047 πευομένοις,
2443 2976 2589 3046 φημὶ
2613 2975 2671 3029 δὲ
2714 2976 2792 3047 τῷ
2845 2973 3062 3047 λεπρῷ·
3123 2972 3421 3028 Ἆπελθὼν
3454 2974 3655 3039 δεῖξον

351 3063 568 3117 ostende
597 3072 644 3117 te
661 3064 930 3120 sacerdoti
949 3065 1063 3138 (ubi
1080 3080 1205 3120 cum
1246 3065 1587 3121 sacerdotem
1621 3082 1952 3123 commemo-

2064 3068 2325 3123 σεαυτὸν
2372 3063 2453 3133 τῷ
2510 3066 2657 3136 ἱερεῖ
2698 3069 2876 3139 (ἱερεῖ
2913 3066 3024 3137 γὰρ
3068 3065 3277 3134 λέγων,
3318 3067 3421 3118 οὐκ
3480 3066 3656 3120 ἀθετεῖ

351 3164 457 3217 rat,
488 3155 624 3226 legis
651 3157 1023 3213 sacerdotium
1054 3174 1165 3213 non
1195 3158 1442 3229 abrogat)
1469 3168 1519 3214 et
1552 3160 1685 3229 olfer
1713 3176 1808 3227 pro
1830 3175 1959 3231 pur-

350 3246 562 3315 gatione
593 3249 731 3303 tua?
766 3247 844 3303 Ac
879 3248 1004 3304 licet
1031 3263 1221 3303 vocem
1272 3248 1441 3315 illam,
1482 3267 1696 3315 munus,
1729 3252 1959 3306 inducas

353 3352 421 3390 ex
453 3337 713 3405 o/ferendi
747 3339 938 3405 verbo,
967 3340 1324 3395 nihilominus
1360 3348 1597 3408 constat,
1630 3343 1699 3399 de
1733 3328 1962 3398 munere

352 3420 508 3482 illiilli
536 3445 659 3486 esse
697 3430 961 3487 locutum.
994 3434 1157 3505 323
1195 3434 1300 3489 Pro
1326 3437 1643 3506 purgatione
1677 3445 1790 3501 tua,
1821 3437 1960 3491 sicut

352 3523 601 3591 prerupit
650 3521 884 3594 Moyses.
928 3524 1084 3591 Quod
1136 3526 1183 3583 si
1238 3526 1441 3600 Moysis
1491 3535 1764 3598 praecepto
1805 3527 1962 3598 jubet

353 3611 748 3681 obtemperari,
805 3615 941 3686 legis
987 3615 1153 3672 Deum
1200 3618 1428 3674 minimc
1477 3620 1829 3687 condemnat,
1868 3628 1962 3675 aut

355 3705 405 3760 ci
457 3706 752 3763 maledicit.
812 3709 918 3764 Sed
977 3719 1085 3765 tam
1142 3714 1521 3784 semetipsum,
1577 3728 1741 3784 quam
1790 3710 1959 3768 Deum

356 3797 572 3854 Patrem
609 3817 769 3857 suum
798 3803 969 3874 legem
1004 3802 1177 3873 Moysi
1205 3805 1501 3862 tradidisse
1532 3805 1845 3861 conﬁrmat.
1876 3804 1959 3859 'l'u

355 3907 505 3961 vero,
540 3892 767 3962 Marcio,
802 3895 1101 3967 Scriptum
1125 3898 1290 3954 verba
1335 3898 1670 3970 depravasti.
1698 3897 1832 3954 Nam
1865 3913 1963 3969 pro

356 3999 423 4039 eo
471 3987 618 4056 quod
660 3997 769 4052 est,
816 3989 871 4044 in
915 3992 1276 4049 testimonium
1321 3993 1475 4062 ipsis,
1504 3992 1558 4045 in
1601 3993 1962 4047 testimonium

356 4074 522 4141 vobis,
547 4093 716 4135 ausus
740 4094 804 4136 es
831 4082 1159 4139 rescribere.
1192 4083 1349 4150 Quod
1389 4084 1443 4138 in
1469 4094 1622 4139 tuum
1649 4090 1814 4155 caput
1842 4100 1964 4155 per-

359 4169 551 4239 spicue
582 4174 846 4229 mentitus
886 4190 969 4229 es.
1019 4175 1077 4229 Si
1124 4178 1269 4230 enim
1320 4177 1375 4229 in
1416 4176 1780 4230 testimonium
1821 4174 1962 4231 vobis

361 4261 580 4326 dixerit,
614 4265 1005 4321 testiﬁcatione
1037 4268 1126 4321 illa
1160 4267 1562 4336 comprobavit,
1606 4283 1714 4322 non
1748 4268 1965 4323 venisse

362 4367 422 4406 se
454 4353 625 4421 legem
658 4354 891 4419 solvere,
922 4356 1006 4410 vel
1043 4357 1356 4425 prophetas,
1392 4357 1486 4411 sed
1519 4357 1819 4427 adimplere
1846 4360 1887 4411 ³.

2060 3162 2161 3234 τὴν
2206 3160 2302 3215 τοῦ
2369 3159 2536 3231 νόμου
2585 3158 2913 3232 ἱερωσύνην)
2957 3159 3054 3213 καὶ
3107 3157 3483 3228 προσένεγκε
3529 3158 3655 3227 περὶ

2060 3246 2167 3308 τοῦ
2193 3253 2564 3323 καθαρισμοῦ
2592 3269 2746 3316 σου;
2772 3254 2890 3307 Κᾶν
2905 3270 2964 3305 τε
2991 3248 3275 3322 ἀποκόψῃς
3303 3250 3415 3320 (66)
3443 3251 3531 3318 τὸ,
3556 3251 3655 3304 δὼ-

2052 3362 2188 3414 ρον,
2211 3346 2514 3415 φανήσεται
2537 3346 2600 3398 ἐκ
2637 3343 2755 3408 τοῦ,
2782 3344 3174 3414 προσένεγκε,
3214 3342 3296 3395 ὅτι
3325 3343 3457 3414 περὶ
3485 3342 3656 3415 δώρου

2061 3436 2231 3505 λέγει.
2260 3436 2400 3505 Περὶ
2420 3435 2527 3490 τοῦ
2548 3432 2912 3504 καθαρισμοῦ
2952 3449 3092 3497 σου,
3111 3430 3307 3498 καθὼς
3322 3430 3656 3500 προσέταξε

2062 3527 2346 3596 Μωῢσῆς.
2381 3528 2445 3581 Ei
2481 3527 2591 3599 γὰρ
2617 3526 2712 3580 τοῦ
2757 3525 3040 3590 Μωῦσέως
3072 3525 3132 3578 τὸ
3161 3525 3497 3597 πρόσταγμα
3530 3542 3657 3595 cup.

2064 3619 2309 3674 ϐουλεύει
2350 3601 2637 3688 γενέσθαι,
2670 3618 2772 3671 οὐκ
2818 3615 3023 3681 ἀθετεῖ,
3053 3616 3173 3670 οὐδὲ
3225 3615 3545 3687 βλασφημεῖ
3575 3614 3659 3668 τὸν

2063 3713 2196 3766 Θεὸν
2230 3711 2323 3765 τοῦ
2360 3712 2547 3783 νόμου.
2589 3708 2751 3764 Ἀλλὰ
2790 3709 3044 3780 ὁμολογεί
3075 3709 3169 3761 καὶ
3213 3708 3398 3774 αὐτὸν,
3441 3707 3540 3760 καὶ
3574 3706 3659 3759 τὸν

2064 3803 2229 3857 αὐτοῦ
2258 3802 2483 3873 Πατέρα
2513 3802 2650 3854 Θεὸν
2682 3801 2774 3854 τὸν
2808 3800 2973 3871 νόμον
3001 3799 3079 3870 τῷ
3100 3801 3327 3853 Μωῦσεῖ
3348 3798 3657 3852 δεδωκέναι.

2064 3895 2400 3967 Διὲστρεψας
2437 3894 2495 3948 δὲ
2541 3893 2603 3948 τὸ
2655 3892 2840 3965 ῥητὸν,
2873 3886 2918 3949 ὧ
2965 3892 3256 3963 Μαρκίων.
3290 3891 3441 3945 Ἀντὶ
3478 3891 3539 3944 δὲ
3571 3887 3659 3943 τοῦ

2065 3989 2260 4051 εἰπεῖν,
2302 3987 2393 4051 είς
2432 3985 2766 4054 μαρτύριον
2800 3982 3006 4049 αὐτοῖς
3028 4024 3041 4045 ,
3064 3982 3418 4051 μαρτύριον,
3465 3981 3657 4047 λέγων,

2064 4078 2229 4147 ὑμῖν,
2266 4076 2375 4129 Καὶ
2416 4073 2577 4127 τοῦτο
2617 4073 2805 4144 σαφῶς
2857 4075 3074 4144 ἐψεύσω
3126 4070 3269 4126 κατὰ
3311 4072 3412 4141 τῆς
3464 4068 3659 4125 σαυτοῦ

2065 4169 2330 4239 κεφαλῆς.
2368 4168 2434 4220 Εἰ
2470 4166 2581 4238 γὰρ
2606 4166 2937 4237 μαρτύριον
2962 4168 3105 4234 ὑμῖν
3138 4163 3346 4232 ἔλεγεν,
3382 4164 3652 4234 ὲμμᾶρτυ-

2069 4278 2159 4332 ρον
2191 4260 2355 4314 αὐτὸν
2388 4259 2585 4337 ἐποίει,
2612 4259 2697 4312 ὃτι
2733 4259 2830 4312 οὐκ
2876 4253 3009 4327 ἦλθε
3040 4255 3347 4310 καταλῦσαι
3376 4255 3470 4308 τὸν
3503 4256 3658 4326 νόμον

2065 4355 2099 4426 ἢ
2136 4356 2264 4418 τοὺς
2292 4356 2602 4426 προφήτας,
2638 4352 2776 4406 ἀλλὰ
2806 4351 3116 4423 πληρῶσαι.

435 4418 696 4493 Ss-holion
758 4441 814 4495 2.
865 4440 933 4494 Ut
993 4418 1169 4495 autem
1220 4418 1405 4496 sciatis
1469 4445 1594 4512 quia
1646 4418 1952 4512 potestatein

2088 4418 2099 4426 '
2138 4418 2359 4516 Σχόλιον
2383 4418 2625 4515 βίἽνα
2666 4442 2734 4497 δὲ
2759 4418 2957 4527 εὶὸῆξε
2983 4481 2997 4505 ,
3053 4442 3143 4494 ὅτι
3196 4440 3493 4504 ἐξουσίαν
3541 4440 3657 4508 ἔχει

363 4530 517 4586 habet
555 4530 730 4586 Filius
762 4532 990 4586 hominis
1021 4531 1322 4587 dimittendi
1369 4543 1583 4601 peccatu
1633 4535 1687 4589 in
1731 4545 1876 4589 terra
1917 4536 1955 4588 ³.

441 4706 627 4761 Refut.
675 4706 730 4760 2.
769 4708 904 4761 Cum
946 4708 1130 4781 itaque
1172 4708 1370 4765 Filium
1399 4727 1458 4767 se
1497 4710 1736 4766 hominis
1779 4711 1962 4782 appel-

370 4802 440 4854 let
474 4799 710 4869 unigeua
742 4798 835 4856 Dei
866 4799 1057 4869 Filius,
1094 4803 1371 4859 hominem
1396 4819 1454 4858 se
1485 4819 1608 4859 esse
1636 4821 1744 4859 non
1778 4812 1959 4873 negat,

372 4890 688 4969 frustraque
718 4891 860 4962 apud
892 4902 943 4949 te
966 4896 1201 4955 canitur,
1236 4896 1419 4966 specie
1466 4895 1619 4950 illum
1662 4903 1823 4949 tenus
1866 4908 1965 4963 ap-

373 4983 641 5055 paruisse.
665 4983 797 5038 Item
829 4984 872 5041 εῖ
900 4995 1222 5053 potestatein
1253 4988 1415 5043 habet
1447 4989 1501 5041 in
1532 4994 1699 5051 terra,
1722 5002 1830 5041 non
1865 4988 1969 5041 erit

372 5088 517 5132 terra
547 5078 616 5132 ab
643 5077 812 5139 illius,
853 5092 919 5132 ac
940 5077 1117 5133 Patris
1148 5079 1322 5148 ipsius
1344 5078 1603 5147 operibus
1626 5077 1823 5132 aliena.

446 5167 633 5222 Schol.
656 5166 708 5220 5.
743 5166 1000 5222 Dominus
1029 5181 1106 5223 est
1137 5167 1313 5223 Filius
1354 5168 1605 5230 hominis,
1636 5169 1800 5221 etiam
1831 5166 1969 5221 Sab-

373 5261 482 5316 bati
510 5261 551 5314 ’⁵.

2068 4536 2102 4586 ό
2145 4531 2278 4611 ridi;
2305 4531 2412 4586 τοῦ
2446 4530 2767 4601 ἀνθρώπου
2810 4531 3049 4599 ἀφιέναι
3084 4531 3377 4600 ἁμαρτίας
3414 4529 3517 4583 ἐπὶ
3555 4527 3659 4597 τῆς

2068 4642 2201 4693 της.

2145 4714 2366 4787 Ἕλεγχ.
2408 4715 2474 4784 β’.
2516 4717 2579 4769 Εἰ
2627 4710 2719 4768 οῦν
2755 4715 2884 4769 ru»;
2920 4712 3212 4786 ἀνθρώπου
3257 4712 3451 4767 ἑαυτὸν
3486 4711 3659 4770 καλεῖ,

2072 4808 2172 4862 οὐκ
2209 4808 2453 4879 ἀρνεῖται
2499 4808 2601 4879 τὴν
2644 4807 3061 4879 ἐνανθρώπησιν
3102 4807 3130 4858 ὁ
3177 4806 3524 4876 Μονογενής·
3572 4802 3659 4857 καὶ

2078 4897 2255 4969 μάτην
2299 4898 2453 4971 παρὰ
2492 4901 2576 4952 σοὶ
2606 4897 2790 4970 ᾅδεται
2829 4898 2891 4949 τὸ
2936 4898 3157 4969 δοκήσει
3198 4895 3519 4966 πεφηνέναι.
3557 4892 3659 4947 Καὶ
3706 4920 3717 4928 ·

2075 4993 2124 5044 εί
2164 4990 2277 5062 ἔχει
2321 4992 2573 5058 ἐξουσίαν
2621 4992 2717 5044 ἐπὶ
2760 4992 2861 5062 τῆς
2894 4991 3018 5060 γῆς,
3068 4990 3169 5043 οὐκ
3202 4988 3471 5059 ’ἀλλοτρία
3508 4989 3542 5058 ἡ
3594 4987 3654 5055 γῖ

2073 5082 2182 5134 τῶν
2210 5082 2377 5136 αὐτοῦ
2418 5082 2741 5152 ποιημάτων
2781 5082 2874 5135 καὶ
2904 5080 2999 5134 τοῦ
3021 5080 3186 5134 αὐτοῦ
3216 5080 3452 5151 Πατρός.
3646 5082 3655 5149 3

2145 5173 2300 5243 Σχόλ.
2344 5181 2413 5243 γ’.
2461 5174 2677 5242 Κύριός
2718 5174 2890 5227 ἐστιν
2930 5176 2964 5228 ό
2999 5172 3133 5240 Υἱὸς
3173 5172 3281 5228 τοῦ
3326 5156 3652 5241 ἀνθρώπωέ

2075 5265 2172 5319 καί
2203 5264 2312 5319 τοῦ
2344 5265 2667 5319 Σαιτϐάτου.
3649 5263 3664 5307 ί

449 5420 462 5451 ¹
492 5418 626 5478 luc.
656 5437 712 5485 ν,
742 5419 825 5473 14.
907 5420 927 5448 ²
953 5417 1141 5473 Matth.
1171 5435 1223 5481 ν,
1260 5419 1345 5473 i7.
1425 5417 1444 5447 ³
1482 5414 1616 5470 Luc.
1647 5433 1699 5478 v,
1732 5416 1821 5470 at.
1900 5415 1952 5470 ⁵1

2065 5435 2188 5483 .v1,
2231 5420 2285 5474 Ei.

449 5596 563 5665 (66)
605 5597 730 5650 Κάν
766 5614 828 5650 τε
877 5597 1220 5665 ἀποκόψῃς.
1256 5596 1416 5665 Aliud
1461 5595 1573 5664 egit
1606 5592 1966 5665 Epiphanius,

377 5664 502 5722 cuin
535 5682 722 5736 vocem
761 5666 929 5736 δῶρον
983 5664 1122 5720 mala
1162 5667 1263 5736 lide
1298 5682 1326 5717 a
1371 5664 1643 5736 Marrioue
1693 5664 1960 5720 sublatam

381 5735 632 5791 rrcditlit.
663 5732 852 5802 Neque
870 5737 1013 5789 enim
1046 5736 1187 5803 apud
1221 5734 1440 5796 Lucam,
1475 5743 1565 5786 aut
1595 5732 1836 5785 Marcum
1873 5752 1959 5789 re-

384 5806 609 5877 peritur.
637 5805 836 5873 Atque,
866 5814 925 5859 ut
955 5806 1167 5872 opinor,
1200 5805 1301 5859 loti
1337 5803 1564 5858 alterius
1604 5804 1961 5862 sim"‘°wiiuc

2080 5599 2363 5674 deceptus,
2392 5603 2485 5672 qui
2512 5614 2595 5658 est
2618 5602 2808 5660 Matth.
2844 5622 2895 5665 v,
2916 5604 3015 5660 ‘25:
3037 5601 3097 5659 Si
3122 5605 3280 5674 oﬂ'ers
3308 5621 3497 5661 manus
3519 5615 3656 5674 tntum

2075 5670 2144 5723 ad
2180 5670 2770 5747 ιιιιιινεςυιυβώρου,
2807 5675 2924 5733 sive
2985 5670 3221 5731 muneris
3263 5691 3454 5733 vocem
3509 5673 3656 5730 alteri

2072 5757 2290 5814 quoque
2321 5744 2394 5798 illi
2419 5745 2628 5800 tribuit.
