3950 6154
284 365 390 420 ’ἕξω

918 368 1285 427 ADVERSUS
1321 368 1665 427 HERESES
1686 352 1832 425 tus.
1877 369 1921 424 ι.
1964 370 2131 425 ron.
2175 364 2264 422 Ill.
2305 397 2376 409 —
2413 366 2688 425 uanas.
2730 370 2892 426 XLII.

3463 369 3567 425 730

360 477 582 551 Ἕλεγχ.
622 497 656 549 γ
676 521 689 535 .
719 480 829 536 Δύο
849 484 1010 548 εὐθὺς
1047 488 1105 540 ἐν
1141 486 1347 561 ταυτῷ,
1377 488 1472 543 καὶ
1495 485 1623 542 Υἲδν
1661 482 1869 560 ἀνθρὼ-

2048 484 2231 541 Befut.
2279 486 2334 542 '5.
2399 483 2519 541 Duo
2565 486 2728 542 simul
2783 488 2884 543 hoc
2933 487 2989 541 in
3032 487 3151 542 loco
3195 484 3446 540 Salvator
3497 485 3566 540 de

284 586 415 634 που,
444 571 538 623 καὶ
563 569 753 640 κύριον
786 573 1066 631 Σαϐϐάτου
1092 578 1283 634 ἑαυτὸν
1311 580 1341 633 6
1377 578 1568 650 Σωτὴρ
1592 580 1866 650 ὁμολογεῖ,

282 659 574 726 διδάσκων,
603 662 690 717 ἵνα
727 664 802 735 μὴ
840 665 901 720 τδ
935 668 1213 724 Σάϐϐατον
1249 670 1530 743 ἀλλότριον
1569 670 1672 740 τῆς
1700 670 1867 725 αὐτοῦ

284 754 560 824 ποιήσεως
594 755 917 827 νομίζηται·
963 760 1066 815 κᾶν
1093 779 1153 815 τε
1189 761 1418 832 ἔσχατον
1440 764 1456 794 ¹
1495 763 1624 827 Υἱὸς
1655 761 1867 834 ἀνθρὼ-

286 859 393 896 που
427 844 533 897 ἀπὸ
563 844 663 915 τῆς
696 848 964 920 ὲνσάρκου
990 854 1293 925 παρουσίας
1325 854 1521 927 κληθῇ.

358 936 514 1006 Σχόλ.
544 937 586 990 δ’
593 978 607 992 .
658 939 893 994 Ἰούδαν
931 942 1339 1015 Ἰονκαριώτην,
1365 947 1434 1014 ὃς
1461 947 1699 1017 ἐγένετο
1728 962 1844 1015 προ

286 1026 492 1098 ὄότης.
527 1031 675 1085 Ἀντὶ
705 1032 763 1086 δὲ
801 1033 918 1099 τοῦ,
967 1037 1186 1107 κατέϐη
1219 1041 1348 1109 μετ’
1388 1038 1607 1103 αὐτῶν,
1652 1040 1869 1107 κατέϐη

283 1118 360 1174 ἐν
389 1121 612 1189 αὐτοῖς.

364 1213 579 1285 Ἐλεγχ.
610 1215 672 1270 δ’.
701 1217 931 1285 Ἰούδας
971 1220 1370 1290 Ἰσκαριώτης.
1390 1222 1457 1289 ὃς
1478 1220 1715 1293 ἐγένετο
1736 1234 1878 1290 προ·

287 1304 487 1374 δότης.
527 1307 685 1372 Τίνος
728 1308 893 1378 λέγε;
929 1311 1155 1376 Πάντως
1189 1313 1285 1367 τοῦ
1332 1312 1751 1385 συλληφθέντας,
1786 1311 1875 1365 να)⁸

291 1395 399 1467 μὴν
416 1397 507 1449 καὶ
524 1397 966 1470 ἐσταυρωμένον,
979 1402 1074 1455 καὶ
1090 1404 1262 1459 πολλὰ
1278 1405 1626 1470 πεπονθότος.
1641 1404 1768 1468 Πῶς
1782 1399 1875 1459 οὖν

291 1486 614 1558 συλληφθεὶς
650 1490 1015 1561 σταυροῦται,
1049 1496 1080 1547 6
1110 1494 1185 1566 μὴ
1229 1496 1334 1549 ὑπὸ
1377 1496 1520 1569 ἁφὴν
1552 1496 1876 1551 ὑποπίπτων

288 1579 433 1633 κατὰ
454 1579 545 1633 τὸν
588 1581 680 1634 σὺν
711 1582 889 1651 λόγον,
920 1578 965 1637 ὦ
996 1587 1297 1657 Μαρκίων;
1325 1588 1557 1660 Δόκησιν
1590 1589 1700 1660 γὰρ
1736 1585 1875 1641 εἶναι

287 1667 490 1738 λέγεις.
522 1670 940 1745 Ἐλεγχθήσεται
964 1675 1021 1728 δὲ
1046 1678 1079 1747 ἡ
1106 1677 1333 1732 ὑπόνοια
1360 1696 1451 1732 σου
1470 1720 1485 1741 ,
1515 1679 1638 1732 ἀντὶ
1666 1678 1761 1732 τοῦ
1783 1694 1876 1747 γε·

287 1760 554 1832 γράφθαι.
586 1764 785 1817 Ἰούδαν
806 1766 1095 1839 προδότην.
1131 1769 1416 1841 Προέδωκε
1447 1770 1555 1843 γὰρ
1607 1771 1701 1826 καὶ
1731 1787 1875 1843 παρ-

1971 576 2154 645 seipso
2186 575 2473 646 proﬁtetur
2502 594 2517 632 :
2552 576 2813 633 nimirum
2837 577 3034 633 Filium
3067 577 3308 633 hominis
3338 593 3397 632 se
3420 592 3566 642 esse,

1971 666 2304 740 Sabbatique
2325 668 2634 734 dominum,
2659 685 2729 726 ne
2763 668 3063 726 Sahbatum
3093 686 3123 724 a
3153 670 3435 725 molitione
3465 684 3565 724 sua

1978 759 2278 815 abhorrere
2300 762 2649 828 crederetur;
2681 762 2898 818 etiamsi
2928 763 3069 833 quod
3096 772 3430 833 postremum
3456 768 3563 820 est.

1971 849 2143 908 Filius
2180 852 2422 909 hominis
2453 853 2527 908 ob
2559 863 2899 925 assumptam
2926 870 3147 909 carnem
3184 854 3507 925 appelletur.

2044 944 2230 999 Schol.
2265 943 2320 998 4.
2355 943 2556 998 ludam
2611 943 2926 1009 lsearioten,
2959 947 3053 1016 qui
3099 945 3200 1015 fuit
3254 945 3495 1015 proditor
3520 944 3564 1002 ⁵.

1970 1033 2079 1090 Pro
2106 1050 2173 1091 eo
2211 1051 2341 1091 vero
2362 1035 2508 1106 quod
2543 1044 2648 1102 est,
2677 1037 2951 1093 descendit
2984 1054 3103 1091 cum
3132 1038 3261 1106 ipsis
3287 1038 3331 1102 ',
3355 1036 3568 1092 descen-

1972 1128 2052 1181 dit
2083 1129 2138 1182 in
2172 1129 2333 1193 ipsos,
2366 1128 2514 1199 legit.
2554 1188 2555 1191 η

2046 1217 2230 1274 Refut.
2265 1220 2318 1273 4.
2350 1217 2526 1273 Judas
2559 1217 2871 1282 Iscariotes,
2905 1220 2998 1290 qui
3021 1219 3127 1290 fuit
3162 1220 3429 1290 proditor.
3457 1220 3566 1275 Cu-

1971 1310 2191 1382 iusnam
2233 1310 2500 1365 obsecro?
2540 1309 2814 1364 Nimirum
2860 1311 3031 1377 illius,
3077 1313 3169 1382 qui
3212 1310 3574 1381 comprehcn-

1975 1417 2093 1468 sus,
2125 1400 2235 1456 imo
2273 1411 2328 1456 et
2369 1402 2426 1456 in
2463 1417 2681 1457 crucem
2728 1402 2981 1460 sublatus
3029 1403 3312 1473 multaque
3348 1417 3573 1473 perpes-

1976 1509 2073 1549 sus
2102 1504 2205 1549 est.
2252 1492 2498 1561 Quanam
2546 1495 2712 1566 igitur
2757 1495 2972 1550 ratione
3028 1496 3462 1565 comprehensus
3492 1492 3558 1547 af-

1978 1584 2066 1656 ﬁgi
2124 1587 2275 1643 cruci
2331 1588 2554 1658 poterit,
2613 1587 2707 1658 qui
2776 1589 3109 1644 contrectari
3170 1588 3455 1652 manibus,
3512 1594 3567 1641 ut

1973 1677 2277 1741 existimas,
2311 1694 2421 1733 non
2460 1686 2661 1748 potest,
2715 1696 2748 1733 ο
2797 1679 3040 1735 Marcio?
3075 1680 3222 1735 Nihil
3253 1681 3398 1736 enim
3435 1695 3563 1750 prae

1977 1780 2062 1824 ter
2087 1767 2304 1823 inanem
2339 1771 2576 1839 speciem
2613 1770 2828 1827 tribuis.
2861 1771 2967 1826 Sed
3002 1773 3115 1827 haec
3150 1783 3242 1827 tua
3273 1772 3460 1842 opinio
3489 1772 3567 1825 fa~

288 1852 491 1907 έδωκεν
521 1855 602 1916 εἰς
642 1859 834 1927 χεῖρας
858 1857 1163 1930 ἀνθρώπων
1200 1862 1295 1915 τὸν
1335 1862 1530 1915 ἑαυτοῦ
1570 1863 1872 1934 Δεσπότην.

2000 1852 2079 1908 :ile
2103 1853 2472 1918 convincitur,
2499 1869 2566 1908 ex
2615 1868 2682 1909 eo
2720 1853 2867 1924 quod
2904 1856 3172 1926 scriptum
3222 1865 3329 1922 est,
3372 1853 3570 1911 Judatu

288 1945 457 1998 Οὐδὲν
490 1946 548 1999 δέ
585 1964 643 2000 σε
688 1947 862 2021 ὢνησε
900 1951 963 2003 τὸ
985 1993 1001 2018 ,
1039 1952 1269 2021 Κατέϐη
1307 1954 1378 2008 ἐν
1419 1955 1625 2021 αὐτοῖς
1671 1953 1873 2024 λέγειν,

286 2037 410 2089 ἀντὶ
435 2036 550 2100 τοῦ,
591 2042 719 2109 μετ’
758 2042 970 2099 αὐτῶν.
1014 2045 1090 2098 Οὐ
1138 2045 1249 2117 γὰρ
1293 2046 1520 2101 δύνασαι
1569 2047 1876 2117 φαντασίαν

286 2124 513 2197 ὁρίζειν,
551 2129 642 2181 τὸν
676 2131 829 2203 παρὰ
860 2133 943 2186 σοι
970 2134 1141 2190 κακόν
1163 2137 1183 2167 ²
1216 2153 1269 2190 τι
1309 2135 1538 2209 ὕστερον
1587 2139 1699 2194 ὑπὸ
1732 2137 1878 2208 ἁφὴν

291 2218 561 2274 πίπτοντα
588 2222 959 2295 δεικνύμενον.

364 2482 522 2554 Σχόλ.
571 2482 651 2539 ε’..
679 2486 791 2541 Καὶ
850 2485 971 2553 πᾶς
1021 2491 1054 2543 ὁ
1112 2489 1296 2558 ὄχλος
1342 2487 1530 2555 ἐζήτει
1583 2488 1877 2544 ἅπτεσθαι

289 2575 494 2629 αὑτοῦ.
515 2577 626 2630 Καὶ
651 2578 836 2645 αὐτὸς
857 2579 1083 2649 ἐπάρας
1110 2581 1254 2648 τοὺς
1285 2579 1634 2651 ὀφθαλμοὺς
1665 2580 1877 2646 αὑτοῦ,

294 2670 392 2723 καὶ
410 2670 479 2723 τὰ
504 2670 652 2742 ἑξῆς.

364 2758 596 2832 Ἐλεγχ.
626 2769 688 2818 ε’.
726 2762 852 2827 Πῶς
894 2762 1056 2817 πάλιν
1096 2767 1125 2819 6
1159 2763 1317 2837 ὄχλος
1366 2764 1597 2836 ἠδύνατο
1637 2763 1878 2836 ἅψασθαι

290 2852 389 2907 τοῦ
418 2854 564 2924 ἁφὴν
597 2855 672 2927 μὴ
704 2854 952 2927 ἐχοντος;
988 2857 1184 2921 Ποίους
1224 2856 1283 2911 δὲ
1316 2857 1630 2928 ὀφθαλμοὺς
1671 2857 1879 2929 ἐπῆρεν

293 2948 376 3010 εὶς
403 2946 665 3017 οὐρανοὺς
691 2950 719 3001 6
757 2950 823 3002 ὲκ
852 2949 1053 3021 σαρκὸς
1084 2948 1159 3021 μὴ
1191 2949 1573 3021 ήρμοσμὲνοςς
1622 2948 1760 3002 Ἀλλ’
1793 2950 1879 3003 ἵνα

290 3034 479 3109 δείξῃ,
528 3037 610 3090 ὅτι
662 3038 889 3111 μεσίτης
921 3039 1056 3093 Θεοῦ
1096 3042 1193 3095 καὶ
1237 3038 1542 3113 ἀνθρώπων
1593 3040 1880 3112 ἄνθρωπος

294 3128 531 3201 Χριστὸς
573 3128 797 3199 Ἰησοῦς,
838 3129 977 3201 ἔχων
1027 3131 1097 3185 τὰ
1132 3132 1440 3204 ἀμφότερα,
1476 3131 1535 3198 ἐξ
1573 3130 1878 3203 ἀνθρώπων

299 3187 400 3293 μέν
445 3187 542 3293 τὴν
587 3187 803 3295 stipata:
853 3187 918 3278 ἐκ
966 3224 1023 3278 δὲ
1064 3187 1200 3279 Θεοξῖ
1228 3187 1466 3298 ,Πατρδς
1510 3187 1611 3297 τὴν
1650 3187 1880 3297 ἀορατον
1906 3187 1950 3242 C

293 3313 501 3366 οὐσίαν.

370 3492 563 3565 Σχόλχ.
609 3502 685 3561 ς’.
731 3498 893 3552 Κατὰ
915 3498 987 3552 τὰ
1032 3497 1185 3552 αὐτὰ
1212 3498 1460 3553 ἐποίουν
1492 3498 1616 3566 τοῖς
1652 3499 1885 3569 προφή-

296 3603 430 3653 ταις
457 3591 510 3642 οὶ
540 3589 791 3658 πατέρες
819 3589 1007 3660 ὑμῶν.

377 3681 607 3753 Ἕλεγχ.
647 3681 720 3748 ς’.
763 3684 826 3737 Et
853 3684 1146 3757 προφητῶν
1193 3686 1487 3757 μέμνηται,
1518 3686 1619 3740 οὐκ
1642 3687 1885 3759 ἀρνεῖται

303 3775 591 3845 προφήτας
610 3791 624 3804 '
667 3776 715 3827 εἰ
746 3775 954 3828 ἐκδικεί
978 3776 1070 3829 τὸν
1096 3775 1207 3829 τῶν
1252 3775 1548 3848 προφητῶν
1577 3777 1756 3845 φόνον,
1792 3777 1888 3831 καὶ

298 3865 551 3930 ὀνειδίζει
595 3866 724 3930 τοὺς
758 3869 1166 3936 πεφονευκότας
1196 3887 1256 3921 τε
1295 3870 1389 3922 xui.
1422 3867 1750 3933 διώξαντας,
1788 3868 1888 3922 οὐκ

298 3956 585 4029 ἀλλότριος
641 3958 940 4029 προφητῶν
992 3961 1282 4031 τυγχάνει,
1333 3958 1472 4013 ἀλλὰ
1528 3960 1660 4024 Θεὸς
1710 3959 1888 4013 αὐτῶν

299 4049 563 4120 ὑπάρχει,
589 4051 617 4102 6
644 4051 743 4121 τὴν
769 4050 1029 4105 σύστασιν
1056 4052 1239 4105 αὐτῶν
1274 4051 1614 4122 ποιούμενος.

375 4140 533 4209 Σχόλ.
562 4137 625 4204 ξ.
663 4139 827 4211 Λέγω
858 4142 1035 4212 ὑμῖν·
1067 4143 1380 4211 Τοσαύτην
1406 4143 1614 4196 πίστιν
1650 4142 1793 4197 οὐδὲ
1819 4142 1891 4198 ἐν

299 4229 386 4298 τῷ
424 4231 674 4301 Ἰσραὴλ
704 4229 906 4301 εὗρον.

380 4325 602 4397 Ἔλεγχ.
635 4323 699 4390 ζ’.
719 4326 783 4380 Εἰ
811 4325 932 4379 οὐδὲ
964 4327 1021 4378 ὲν
1049 4324 1129 4396 τῷ
1165 4325 1381 4396 Ἰσραὴλ
1416 4324 1671 4396 τοιαύτην
1707 4325 1891 4380 πίστιν

304 4408 489 4488 εὗρεν,
521 4417 598 4480 ὡς
634 4418 692 4469 ἐν
737 4416 815 4488 τῷ
862 4417 970 4470 ἀπὸ
1011 4416 1183 4470 ἐθνῶν
1223 4416 1431 4469 ἐλθόντι
1481 4418 1887 4489 ἑκατοντάρχῃ,

1974 1942 2335 2018 proditorem.
2366 1941 2575 1999 Revera
2615 1943 2818 2015 quippe
2854 1944 3145 1999 Dominum
3193 1961 3353 2001 suum
3386 1945 3562 2016 prodi-

1975 2033 2089 2101 dit,
2142 2042 2197 2090 et
2246 2034 2303 2089 in
2358 2050 2554 2093 manus
2602 2037 2883 2092 hominum
2930 2026 3174 2092 tradidit.
3223 2035 3410 2108 Neque
3446 2052 3571 2092 vero

1976 2139 2200 2181 causam
2249 2132 2399 2180 tuam
2455 2128 2723 2193 sublevat,
2763 2128 2932 2199 quod,
2970 2128 3250 2185 Descendit
3304 2131 3359 2185 in
3409 2131 3573 2199 ipsos,
3690 2188 3693 2191 λ

1977 2231 2109 2282 non,
2147 2234 2266 2271 cum
2295 2219 2447 2288 ipsis,
2479 2221 2853 2277 substitueris.
2898 2219 3086 2292 Neque
3110 2224 3253 2277 enim
3289 2239 3448 2279 cassa
3481 2224 3548 2276 ad

1978 2308 2338 2380 umbrataque
2373 2312 2558 2381 specie
2595 2310 2823 2368 delinire
2869 2322 3023 2383 potes
3071 2314 3256 2378 illum,
3289 2330 3449 2384 quem
3493 2324 3570 2369 ta-

1977 2408 2069 2457 ctu
2111 2408 2425 2470 perceptum
2464 2402 2635 2459 fuisse
2669 2405 2876 2459 fateare
2911 2404 3026 2475 ipse
3061 2406 3143 2461 vel
3175 2405 3397 2461 invitus.

2046 2493 2212 2567 325
2249 2494 2434 2550 Schol.
2464 2497 2518 2552 5.
2543 2495 2613 2550 Et
2636 2498 2806 2551 omnis
2840 2496 2997 2551 turba
3018 2497 3285 2568 quaerebat
3312 2514 3431 2552 eum
3455 2506 3578 2551 tan-

1977 2601 2114 2654 gere.
2144 2585 2212 2639 Et
2242 2586 2371 2655 ipse,
2399 2588 2612 2643 elevatis
2642 2588 2812 2644 oculis
2850 2590 2962 2644 suis
3004 2590 3047 2655 ⁸,
3076 2596 3181 2645 etc.

2050 2762 2231 2820 Refut.
2268 2765 2322 2820 5.
2352 2764 2457 2833 Qui
2486 2765 2704 2821 tandem
2734 2774 2959 2839 tangere
2995 2768 3147 2823 illum
3183 2769 3345 2825 turba
3375 2768 3574 2840 potuit,

1978 2855 2073 2926 qui
2130 2863 2339 2911 tactum
2390 2873 2607 2912 omnem
2662 2858 2957 2929 ellugeret?
2991 2859 3276 2926 Quosnam
3334 2876 3465 2916 vero
3518 2861 3576 2915 in

1979 2949 2178 3004 cmlum
2207 2951 2397 3007 oculos
2430 2952 2675 3017 sustulit,
2717 2952 2809 3022 qui
2858 2952 3084 3008 minime
3126 2968 3190 3009 ex
3240 2969 3407 3009 carne
3441 2968 3575 3007 con-

1981 3043 2193 3097 staret?
2246 3042 2351 3100 Sed
2411 3040 2474 3097 nt'
2524 3044 2745 3114 planum
2796 3042 3020 3112 faceret,
3072 3046 3426 3101 mediatorem
3483 3045 3575 3100 Dei

1982 3141 2037 3189 et
2068 3133 2346 3189 hominum
2384 3134 2660 3192 hominem
2705 3151 2829 3192 esse
2881 3134 3160 3193 Christum
3188 3136 3373 3194 Jesum
3407 3138 3450 3203 ⁷,
3480 3137 3574 3207 qui

1985 3235 2275 3297 utrumque
2300 3228 2777 3298 complecteretur,
2806 3233 2971 3298 atque
3013 3228 3082 3283 ab
3125 3227 3437 3283 hominibus
3462 3243 3587 3282 car-

1983 3334 2130 3383 nem,
2172 3334 2203 3373 a
2247 3317 2359 3375 Deo
2388 3335 2518 3375 vero
2573 3318 2736 3374 Patre
2786 3328 3037 3373 naturam
3091 3319 3410 3398 accepisset,
3456 3335 3575 3390 qua:-

1982 3411 2267 3467 oculorum
2299 3410 2471 3466 aciem
2503 3409 2733 3482 fugeret.

2055 3499 2241 3557 Schol.
2294 3500 2348 3557 6.
2398 3500 2698 3556 Secundum
2752 3503 2865 3558 haec
2913 3504 3100 3559 eadem
3136 3501 3405 3573 faciebant
3457 3516 3578 3571 pro.

1983 3592 2155 3663 phetis
2181 3603 2359 3663 patres
2395 3594 2558 3649 vestri
2586 3594 2630 3649 ⁸.

2056 3684 2238 3744 Refut.
2281 3684 2334 3739 6.
2382 3684 2519 3759 Cum
2556 3686 2945 3756 prophetarum
2998 3685 3333 3742 mentionem
3391 3682 3580 3747 faciat,

1986 3776 2281 3846 prophetas
2332 3791 2441 3830 non
2488 3777 2760 3847 repudiat.
2809 3776 3060 3847 Cumque
3111 3776 3329 3831 illorum
3372 3774 3578 3828 caedem

1961 3865 2306 3934 ulciscatur,
2338 3867 2512 3937 iisque
2540 3868 2633 3937 qui
2666 3866 2987 3923 occiderunt
3021 3881 3084 3921 ac
3129 3865 3400 3936 persecuti
3427 3873 3577 3927 sunt,

1988 3957 2133 4013 Istud
2161 3957 2338 4026 ipsum
2364 3958 2682 4028 exprobret,
2708 3972 2817 4011 non
2849 3971 2879 4010 a
2908 3955 3190 4028 prophetis
3219 3956 3452 4017 alienus,
3482 3952 3578 4008 sed

1987 4048 2303 4105 eorumdem
2341 4047 2485 4103 Deus
2512 4048 2635 4109 erit,
2662 4065 2688 4099 ιι
2717 4064 2826 4117 quo
2861 4049 2935 4102 illi
2970 4047 3237 4119 originem
3272 4053 3576 4100 traxerunt.

2061 4141 2245 4197 Schol.
2278 4140 2328 4194 7.
2364 4139 2498 4195 Dico
2560 4140 2703 4196 vobis
2731 4182 2746 4208 ,
2780 4139 2903 4195 Non
2950 4140 3125 4195 inveni
3170 4147 3372 4193 tantam
3423 4136 3580 4208 ﬁdem

1989 4248 2152 4302 neque
2179 4234 2234 4286 in
2265 4230 2441 4286 Israel
2471 4235 2515 4288 ⁹.

2064 4322 2246 4379 Refut.
2281 4323 2328 4376 7.
2368 4321 2422 4377 Si
2458 4339 2528 4378 ne
2563 4325 2617 4378 in
2646 4322 2813 4379 Israel
2839 4323 3058 4395 quidem
3093 4328 3362 4377 tanta~est
3395 4321 3462 4374 ab
3490 4319 3586 4374 illo

1994 4415 2127 4471 lides
2154 4415 2395 4478 inventa,
2427 4424 2632 4485 quanta
2667 4417 2721 4470 in
2754 4416 3077 4471 centurione
3107 4414 3200 4469 illo
3230 4411 3441 4485 gentili,
3472 4426 3584 4465 non

303 4510 418 4581 ἄρα
449 4510 509 4563 ού
546 4509 703 4579 ψέγει
730 4510 829 4582 τὴν
861 4509 1215 4583 τοῦ,’1σραὴλ
1255 4511 1457 4564 πίστιν.
1493 4512 1555 4564 Ei
1592 4509 1700 4579 γὰρ
1737 4509 1881 4563 ἀλλό-

2000 4506 2161 4579 igitur
2192 4504 2409 4562 israelis
2451 4507 2609 4563 ﬁdem
2658 4508 3007 4563 condemnat.
3043 4506 3147 4572 Qui
3177 4505 3224 4561 si
3252 4521 3285 4558 a
3316 4504 3426 4559 Dco
3452 4503 3584 4558 alie-

304 4619 459 4676 τριον
484 4602 506 4634 ³
533 4602 667 4656 Θεοῦ
694 4603 931 4674 ὑπῆρχε,
974 4603 1070 4657 καὶ
1101 4604 1201 4657 οὐκ
1242 4604 1408 4657 αὑτοῦ
1449 4602 1541 4657 καὶ
1585 4602 1679 4655 τοῦ
1720 4601 1886 4657 αὑτοῦ

309 4692 546 4764 Πατρὸς,
575 4693 676 4746 οὐκ
706 4693 772 4746 ἂν
805 4694 1008 4765 ταύτης
1035 4695 1272 4747 ἐποιεῖτο
1301 4695 1391 4747 τὸν
1422 4693 1660 4750 ἔπαινον.

380 4784 537 4855 Σχόλ.
566 4792 636 4856 η’.
672 4785 1135 4856 Παρηλλαγμένον
1164 4785 1244 4849 τὸ,
1281 4784 1584 4852 Μακάριος
1613 4785 1680 4851 ὃς
1705 4786 1777 4840 οὐ
1806 4784 1893 4855 μὴ

310 4875 739 4945 σκανδαλισθῇ
791 4877 860 4931 ἐν
889 4877 1040 4947 ἐμοί.
1095 4873 1221 4947 Εἶχε
1268 4877 1377 4947 γὰρ
1416 4877 1492 4940 ὡς
1533 4876 1669 4949 πρὸς
1715 4877 1897 4931 Ἰωάν-

311 4985 412 5039 νην
448 4967 581 5039 (67).

389 5059 610 5129 Ἔλεγχ.
635 5066 706 5130 η’.
726 5060 903 5113 Κᾶντε
946 5060 1084 5133 πρὸς
1116 5061 1370 5133 Ἰωάννην
1407 5060 1543 5131 ἔχοι,
1572 5060 1735 5115 κᾶντε
1758 5060 1895 5131 πρὸς

317 5150 483 5206 αὑτὸν
520 5151 611 5203 τὸν
652 5152 910 5223 Σωτῆρα.
958 5150 1252 5224 μακαρίζει
1300 5154 1427 5216 τοὺς
1474 5152 1551 5224 μὴ
1610 5150 1898 5204 σκανδαλιε

317 5240 582 5313 ζομὲνους
606 5242 725 5312 ἤτοι
768 5245 826 5297 ὲν
871 5243 1042 5314 αὐτῷ,
1083 5245 1201 5314 ἦτοι
1231 5246 1289 5297 ἐν
1330 5244 1586 5317 Ἰωάννῃ·
1632 5244 1719 5296 ἵνα
1753 5241 1825 5313 μὴ
1862 5242 1899 5297 ἃ

319 5331 399 5405 μὴ
430 5331 670 5386 ἀκούωσι
709 5334 840 5405 παρ’
886 5333 1050 5387 αὐτοῦ
1091 5336 1302 5399 ἑαυτοῖς
1347 5334 1715 5388 πλάσσωνται.
1742 5334 1897 5403 Ἔχει

394 5491 547 5526 ιπην
596 5509 628 5526 ε-

394 5491 411 5521 ⁸
442 5489 565 5545 For.
596 5491 660 5545 τὸ
689 5490 871 5561 ἔτχατ.
932 5494 953 5524 ²
976 5490 1132 5545 Corr.
1171 5493 1411 5546 κᾶκοντι.
1469 5490 1490 5521 ³
1514 5489 1637 5543 For.
1674 5489 1860 5558 ἁλλότρ

321 5573 385 5622 ιι,
424 5558 479 5615 5.
554 5561 577 5593 ⁸
609 5561 743 5615 Luc.
785 5577 858 5625 vn,
882 5560 973 5616 9.5.
1050 5566 1070 5595 ’
1106 5558 1238 5616 Luc.
1267 5576 1363 5622 vn,
1395 5561 1447 5615 9.
1526 5560 1569 5591 '°
1601 5559 1734 5613 ibid.
1767 5560 1860 5612 “23.

396 5713 508 5785 {67)
532 5712 819 5786 Postrema
854 5715 1042 5786 verba,
1073 5710 1186 5785 εἶχε
1208 5686 1315 5786 γὰρ
1342 5713 1417 5786 ὡς
1446 5714 1583 5785 πρὸς
1619 5712 1894 5786 ’Ῐωάνντινν

325 5783 496 5854 supra
528 5784 583 5838 in
620 5787 862 5840 locorum
895 5783 1297 5840 indiculo’cutn’
1325 5783 1533 5840 scholia
1562 5786 1595 5839 9
1638 5783 1900 5854 copulan-

724 5508 871 5561 τχατ.
896 5560 905 5561 7
932 5494 953 5524 ²
976 5490 1132 5561 σοι-ιζ.
1171 5482 1411 5546 κᾶκοντι.
1469 5490 1490 5521 ³
1514 5487 1637 5561 For.
1664 5488 1907 5561 eumn
1935 5505 1976 5552 ς.

1996 4614 2101 4653 nus
2130 4605 2296 4665 esset,
2337 4614 2514 4668 neque
2560 4608 2653 4653 aut
2701 4598 2768 4653 ad
2812 4614 2892 4663 se,
2932 4607 3026 4652 aut
3051 4597 3118 4652 ad
3165 4595 3382 4650 Patrem
3422 4610 3583 4649 suum

1997 4693 2275 4754 attineret,
2310 4707 2651 4760 nequaquam
2684 4691 2829 4744 illam
2864 4689 3200 4760 praedicaret.

2071 4782 2257 4837 Schol.
2295 4782 2347 4837 8.
2387 4780 2651 4836 Mutatum
2705 4780 2850 4835 istud
2905 4788 2990 4835 est
3030 4798 3042 4832 :
3088 4778 3286 4832 Beatus
3335 4776 3425 4847 qui
3478 4791 3582 4829 non

1998 4875 2157 4944 fuerit
2190 4874 2588 4927 scandalizatus
2638 4874 2695 4926 in
2737 4888 2818 4927 me
2857 4871 2922 4925 “.
2966 4870 3176 4940 Quippe
3211 4868 3280 4923 ad
3315 4865 3579 4923 Joannem

1998 4965 2360 5020 referebatur.

2070 5054 2252 5110 Refut.
2286 5055 2338 5110 8.
2375 5053 2499 5111 Sive
2543 5053 2611 5109 ad
2653 5052 2941 5119 Joannem,
2976 5053 3091 5108 sive
3133 5051 3201 5107 ad
3243 5051 3419 5122 ipsum
3462 5046 3584 5103 Sal-

2001 5158 2240 5205 vatorem
2274 5150 2561 5219 pertineat,
2592 5149 2782 5204 beatos
2814 5148 2937 5203 illos
2966 5162 3089 5203 esse
3112 5144 3456 5217 pronuntiat,
3488 5141 3583 5213 qui

2000 5239 2354 5297 scandalizati
2391 5254 2498 5293 non
2528 5238 2731 5294 fuerint
2759 5239 2815 5293 in
2845 5253 2926 5303 se,
2956 5238 3041 5294 vel
3074 5238 3129 5292 in
3158 5235 3390 5298 Joanne,
3426 5249 3493 5289 ne
3518 5249 3582 5288 ea

1998 5333 2100 5387 sibi
2124 5331 2349 5402 ﬁngant,
2373 5347 2493 5401 qua:
2522 5346 2553 5386 a
2580 5346 2639 5386 se
2668 5347 2775 5386 non
2812 5330 3103 5386 audierint.
3135 5327 3243 5384 Sed
3267 5329 3408 5383 inest
3429 5321 3588 5396 quid-

2058 5488 2079 5520 ⁶
2112 5488 2243 5545 Luc.
2273 5507 2349 5546 Vl.
2375 5490 2459 5545 16.
2550 5491 2570 5521 ⁸
2606 5488 2740 5544 ibid.
2771 5489 2854 5544 l7.
2932 5489 2954 5521 ⁸
2988 5486 3120 5542 ibid.
3154 5485 3242 5540 i9.
3337 5483 3357 5514 "
3386 5481 3402 5535 I
3438 5479 3586 5537 Tim.

2005 5719 2110 5765 tur.
2151 5708 2486 5781 Scripserat.
2526 5708 2633 5781 nisi
2678 5709 2858 5776 fallor,
2897 5706 3120 5774 Marcio,
3151 5704 3209 5770 ὃς
3249 5702 3308 5757 ού
3360 5698 3591 5756 σκανδα·

2008 5778 2321 5847 λισθήσεται
2353 5782 2407 5834 ἐν
2432 5778 2602 5849 αὐτῷ.
