3960 6176
399 364 508 419 736

1822 369 1878 426 S.
1925 370 2266 427 EPIPIIANII

3576 368 3689 425 πο

403 478 756 539 Divinitatem
803 483 979 554 ipsam
1023 498 1095 540 ne
1140 494 1197 540 tu
1238 481 1467 557 quidem
1506 487 1737 543 audebis
1781 488 1987 544 dicere.

2129 495 2156 547 ὑ
2193 494 2490 566 τολμήσεις
2540 494 2741 563 λέγειν.
2790 493 2852 546 ΕΞ
2896 491 2954 546 δὲ
3001 489 3104 545 κάν
3149 488 3346 553 εἴποις,
3392 485 3537 540 κατά
3579 486 3692 555 τῆς

403 571 580 641 Atque
624 574 969 638 utmaxime
1014 576 1242 641 audeas,
1297 585 1450 633 tuum
1503 579 1559 632 in
1610 587 1797 649 caput,
1837 595 1995 635 exse-

401 662 629 725 crande,
668 664 959 720 maledicta
998 666 1105 721 ista
1137 668 1402 723 recident.
1438 667 1543 724 Sed
1572 685 1735 726 nemo
1766 679 1870 737 est,
1897 672 1995 741 qui

401 766 511 805 non
559 754 828 826 intelligat
880 773 1039 821 eum,
1083 759 1178 827 qui
1229 760 1393 815 homo
1436 777 1628 816 revera
1675 763 1746 818 sit
1785 762 1992 829 factus,

402 858 599 899 somno
657 856 880 917 propter
942 864 1147 920 corpus
1209 850 1540 923 indigentem
1604 854 1992 910 obdormiisse.

402 931 538 988 Nam
564 937 656 1004 qui
687 939 837 993 illum
869 941 1203 1007 excitarunt,
1234 958 1343 998 non
1377 945 1580 998 larvam
1606 946 1866 1015 aliquam,
1896 946 1992 1001 sed

404 1040 590 1079 veram
628 1027 866 1086 hominis
902 1041 1155 1087 naturam
1189 1038 1615 1092 contuebantur.
1641 1036 1805 1108 327
1841 1036 1997 1093 Unde

405 1122 459 1170 et
514 1119 769 1175 munibus
833 1124 1247 1190 concutientes,
1308 1129 1829 1197 compellantesque,
1874 1144 1999 1185 sese

406 1206 559 1263 illum
609 1213 1041 1283 expergefecisse
1090 1222 1386 1273 testantur.
1436 1219 1670 1292 Surgens
1710 1221 1869 1284 enim,
1915 1220 1999 1275 in-

406 1300 545 1368 quit,
580 1301 672 1356 ille
706 1305 816 1371 ipse
845 1308 935 1375 qui
970 1311 1295 1372 .dormierat,
1336 1327 1504 1368 carne
1539 1313 1799 1383 praeditus
1832 1312 1994 1377 Deus,

406 1408 437 1448 e
480 1397 621 1451 coelo
662 1398 934 1470 delapsus,
983 1411 1204 1474 prepter
1247 1420 1349 1461 nos
1377 1421 1542 1460 carne
1585 1407 1834 1472 vestitus,
1875 1413 1997 1459 tan-

2098 583 2267 638 αὑτοῦ
2323 584 2585 655 κεφαλῆς,
2639 583 2890 655 θεήλατε,
2925 581 3357 653 βλασφημήσας.
3406 575 3579 631 Παντὶ
3625 576 3689 631 δέ

2096 693 2177 748 τῳ
2209 676 2366 748 δῆλόν
2408 678 2575 742 ἐστιν,
2622 677 2705 730 ὅτι
2755 675 2785 727 ὁ
2841 675 2901 729 ἐν
2953 673 3182 746 ἀληθείᾳ
3236 670 3690 742 ὲνανθρωπήσας,

2100 768 2273 823 ὕπνου
2305 768 2544 841 χρῄζων,
2589 767 2678 822 διὰ
2721 767 2784 822 τὸ
2815 765 3129 838 σωματικὸν
3155 764 3426 817 ὕπνωσεν.
3463 763 3528 815 Οἱ
3576 761 3693 830 γὰρ

2099 862 2265 917 αὐτὸν
2291 861 2665 923 διυπνῐσαντες
2701 861 2762 913 οὐ
2793 859 3015 930 δόκησιν
3045 853 3208 922 εἶδον,
3249 854 3387 910 ἀλλά
3418 852 3692 924 ὲνανθρώ-

2101 970 2269 1025 πησιν
2296 951 2579 1024 ἀληθινήν.
2623 951 2841 1022 ’Δμέλει
2886 949 3047 1022 χερσὶ
3080 948 3379 1013 κινοῦντες,
3430 947 3527 1001 καὶ
3575 963 3696 1015 φω-

2100 1046 2366 1116 νήσαντες
2397 1041 2790 1114 μαρτυροῦσιν,
2825 1042 2908 1096 ὃτι
2937 1041 3188 1115 ἤγειραν.
3234 1035 3527 1101 Ἀναστὰς
3554 1034 3692 1106 γὰρ,

2100 1133 2289 1204 φησὶν,
2328 1137 2363 1187 ό
2386 1133 2690 1202 κοιμηθεὶς
2716 1132 2849 1196 θεὸς
2880 1131 3239 1204 σαρκοφὸρος,
3271 1130 3301 1182 ὁ
3332 1127 3427 1182 ἀπ’
3454 1127 3694 1199 οὐρανοῦ

2101 1222 2396 1290 κατελθὼν,
2426 1225 2520 1278 καὶ
2547 1225 2726 1295 σάρκα
2756 1223 2824 1276 δι’
2844 1224 2993 1294 ἡμᾶς
3017 1221 3449 1293 ἀμφιεσάμενος,
3476 1218 3693 1290 ἠγέρθη

2105 1318 2204 1388 μὲν
2246 1316 2323 1380 ὡς
2371 1315 2678 1387 ἄνθρωπος,
2713 1316 3041 1385 ἐπετίμησε
3064 1314 3121 1368 δὲ
3166 1314 3244 1376 ὼς
3290 1312 3424 1377 Θεὸς
3468 1311 3545 1380 τῇ
3585 1314 3698 1366 θα-

2099 1402 2333 1473 λάσση,
2366 1406 2460 1459 καὶ
2486 1405 2713 1476 ἐποίησε
2744 1406 2787 1459 ⁷.

407 1504 571 1557 quam
611 1491 774 1548 homo
833 1497 1142 1554 “suscitatus
1182 1507 1288 1565 est,
1357 1500 1453 1555 sed
1494 1507 1683 1571 utpote
1726 1499 1870 1556 Deus
1940 1500 2229 1570 increpavit
2299 1516 2493 1567 mare,
2552 1507 2840 1571 totumque
2909 1498 3044 1553 illud
3108 1497 3489 1553 admirandum
3552 1512 3707 1566 opus

407 1585 682 1656 praestitit.

478 1668 665 1735 Schol.
703 1682 787 1737 14.
822 1682 890 1737 Et
924 1686 1144 1756 contigit
1178 1703 1298 1740 cum
1332 1689 1453 1751 iret,
1484 1697 1543 1741 ut
1575 1706 1607 1741 a
1639 1686 1806 1742 turbis
1849 1703 1996 1742 cam-

407 1773 742 1840 primeretur.
789 1773 857 1827 Et
907 1777 1101 1831 mulier
1139 1794 1258 1830 cum
1302 1780 1555 1849 tetigisset
1598 1780 1770 1843 ipsum
1807 1788 2000 1832 sanata

2179 1683 2336 1754 Σχόλ.
2368 1680 2429 1736 ιδ’
2435 1725 2450 1740 .
2484 1682 2757 1751 Ἐγένετο
2795 1681 2865 1734 ἐν
2894 1679 2976 1746 τῷ
3022 1679 3278 1750 ὑπάγειν
3307 1681 3513 1743 αὐτὸν,
3545 1698 3707 1738 συν-

2105 1775 2357 1844 έπνιγον
2386 1773 2576 1828 αὐτὸν
2596 1776 2650 1826 ol
2680 1773 2871 1843 ὄχλοι.
2907 1772 3018 1827 Kal
3062 1772 3217 1842 γυνὴ
3266 1773 3545 1843 ἁψαμένη
3586 1778 3701 1830 αὐ·-

408 1873 487 1917 est
520 1881 552 1917 a
586 1865 737 1932 ﬂuxu
777 1870 1075 1937 sanguinis.
1108 1867 1174 1921 Et
1212 1870 1289 1922 ait
1328 1869 1623 1924 Dominus:
1655 1870 1787 1936 Quis
1816 1886 1896 1925 me
1930 1879 2003 1924 ιε’

2129 1867 2211 1922 ὀὗ
2245 1866 2382 1934 ἰάθη
2420 1865 2528 1919 τοῦ
2564 1866 2833 1935 αἵματος.
2888 1862 2998 1919 Καὶ
3038 1861 3208 1918 εἶπεν
3238 1867 3271 1918 ό
3312 1866 3561 1934 Κύριος·
3603 1866 3703 1933 Τίς

413 1957 565 2023 tigit.’
586 1957 662 2010 Ac
693 1973 912 2013 rursum
944 1978 959 2013 :
998 1959 1190 2031 Tetigit
1223 1979 1301 2017 me
1338 1965 1551 2034 aliquis.
1590 1962 1734 2016 Nam
1760 1980 1853 2034 ego
1885 1963 2004 2018 novi

411 2045 653 2099 virtutem
677 2045 742 2101 de
763 2064 842 2102 me
866 2050 1039 2103 exisse
1069 2053 1108 2103 '.

484 2133 669 2190 Refut:
710 2138 795 2192 li.
830 2138 962 2193 Cum
1011 2142 1127 2196 iret.
1170 2141 1288 2197 Non
1335 2143 1495 2209 dixit,
1562 2162 1682 2199 cum
1733 2145 1891 2211 irent,
1938 2161 2007 2203 ne

411 2227 568 2282 aliter
596 2229 770 2295 illum,
802 2247 962 2302 quam
998 2235 1180 2290 caeteri
1218 2236 1321 2291 iter
1363 2236 1623 2293 facientes
1658 2238 1857 2305 solent,
1904 2239 2005 2291 ha-

412 2319 597 2375 buisse
623 2322 899 2379 crederes.
933 2325 1091 2391 Quod
1119 2343 1251 2382 vero
1278 2330 1547 2399 scriptum
1568 2339 1673 2393 est,
1698 2331 2007 2398 comprime-

412 2408 568 2465 batur
602 2429 634 2465 a
677 2414 866 2480 turbis,
909 2417 1097 2487 utique
1137 2418 1390 2488 spiritum
1430 2420 1805 2491 comprimere
1834 2420 2009 2474 turbat

412 2518 522 2558 nou
550 2515 818 2573 poterant.
863 2504 969 2561 Sed
1012 2516 1067 2562 et
1106 2509 1325 2571 mulier,
1359 2524 1481 2579 qua;
1511 2509 1686 2579 tetigit
1716 2524 1780 2563 ac
1815 2516 2007 2563 sanata

411 2601 519 2657 est,
552 2610 660 2648 non
694 2611 899 2661 aerem,
935 2597 1031 2653 sed
1064 2600 1363 2654 humanum
1407 2599 1669 2670 quiddam
1702 2600 1845 2671 quod
1876 2616 2009 2655 con-

414 2685 634 2739 trectari
669 2696 855 2754 posset
878 2688 1077 2758 attigit.
1106 2688 1174 2745 Ut
1197 2691 1343 2746 enim
1375 2691 1693 2747 ostenderet
1722 2691 2007 2746 mulierem

414 2788 615 2845 corpus
647 2776 795 2832 illius
829 2793 938 2833 non
968 2780 1151 2849 specie
1178 2781 1294 2835 sola
1333 2781 1615 2853 tetigisse,
1645 2782 1790 2837 istud
1822 2783 2008 2852 ipsum

415 2868 779 2937 responsione
806 2886 905 2925 sua
935 2871 1180 2927 declarat
1214 2892 1227 2929 ε
1266 2874 1398 2941 Quis
1435 2889 1514 2928 me
1546 2874 1757 2945 tetigit?
1790 2872 1934 2927 Nam
1959 2883 2012 2928 et

416 2964 535 3014 novi
559 2960 796 3014 virtutem
827 2978 858 3014 a
888 2977 969 3016 me
997 2964 1191 3019 exisse.

488 3052 677 3106 SchoL
751 3052 840 3109 l5.
924 3053 1230 3132 suspiciens
1299 3058 1355 3110 in
1421 3057 1621 3112 caelum.
1679 3057 2014 3112 benedicebat

416 3143 545 3210 ipsis
576 3145 620 3198 ’.

488 3234 672 3290 Refut.
721 3236 805 3292 15.
853 3237 913 3292 Si
960 3239 1014 3294 in
1062 3240 1262 3295 caelum
1314 3241 1582 3311 suspexit,
1627 3257 1692 3297 ac
1732 3242 2011 3299 benedixit

411 3322 548 3388 illis,
582 3328 869 3382 oculorum
906 3331 1387 3403 membrorumque
1428 3333 1764 3403 reliquorum
1807 3335 2015 3393 formas

419 3428 529 3469 non
556 3417 740 3486 specie
767 3425 929 3474 tenus
960 3421 1304 3491 praeferebat.

492 3504 677 3562 Schol.
709 3507 795 3563 l6.
822 3509 1012 3566 Dicens
1044 3531 1059 3567 :
1096 3512 1312 3582 Oportet
1344 3515 1549 3573 Filium
1584 3521 1811 3575 hominis
1847 3520 2017 3576 multa

420 3597 558 3667 pati,
592 3608 642 3652 et
671 3600 862 3664 occidi,
890 3611 942 3656 et
969 3612 1088 3671 post
1120 3614 1223 3659 tres
1252 3605 1365 3661 dies
1394 3625 1665 3680 resurgere
1687 3612 1728 3665 ³.

490 3771 673 3830 Refut.
708 3776 792 3831 16.
819 3778 955 3831 Cum
990 3782 1227 3837 hominis
1259 3782 1477 3850 Filium,
1510 3788 1613 3842 hoc
1643 3797 1725 3844 est
1750 3790 2013 3860 seipsum,

420 3877 474 3921 et
488 3870 596 3938 pati
618 3870 919 3925 etinterllci
954 3870 1277 3944 Unigeuitus
1315 3876 1405 3932 Dei
1428 3877 1598 3935 Filius
1620 3881 1868 3947 allirmet,
1904 3883 2019 3937 haec

421 3961 684 4017 nimirum
714 3963 805 4017 illa
834 3977 1027 4019 contra
1058 3978 1111 4022 te
1136 3972 1347 4024 securis
1370 3980 1474 4036 est,
1504 3988 1626 4043 qua:
1658 3974 1873 4030 radices
1895 3983 2019 4030 tuas

421 4068 613 4107 omnes
651 4064 931 4124 amputat,
980 4073 1014 4110 ο
1064 4057 1267 4112 Marcio
1303 4061 1370 4115 de
1409 4062 1583 4132 spinis
1615 4071 1822 4128 exerte,
1857 4063 2018 4118 nubes

423 4143 535 4198 sine
573 4162 734 4215 aqua,
776 4146 938 4201 arbor
976 4147 1334 4216 infructuosa,
1371 4144 1782 4209 et‘uutumnalis
1812 4157 1852 4208 ⁵.
1884 4155 2018 4209 Nam

424 4243 478 4291 et
507 4236 692 4291 statim
725 4238 948 4305 subiicit
982 4255 998 4293 :
1031 4238 1100 4292 Et
1133 4251 1249 4309 post
1283 4255 1387 4296 tres
1417 4243 1528 4299 dies
1558 4261 1844 4316 resurgere.
1878 4245 2017 4311 Quid

425 4337 512 4384 est
543 4337 727 4383 autem
753 4330 901 4399 quod
935 4349 1224 4404 resurgere
1261 4336 1488 4396 dicitur,
1519 4339 1627 4393 nisi
1657 4354 1861 4409 corpus
1886 4340 2017 4395 illud

426 4412 577 4488 quod
626 4434 850 4488 passum
905 4432 1012 4488 est,
1043 4426 1217 4495 .atqui
1254 4426 1308 4480 in
1344 4428 1677 4484 monimento
1710 4432 2021 4501 sepultum?

433 4507 634 4566 Umbra
654 4514 821 4578 enim,
850 4523 946 4570 aut
975 4526 1191 4583 ventus,
1228 4530 1324 4574 aut
1353 4522 1602 4593 Spiritus,
1630 4531 1725 4578 aut
1751 4525 1901 4580 larva
1922 4543 2018 4582 ne-

2101 1975 2222 2027 μου
2254 1956 2485 2026 inlato;
2514 1956 2611 2009 καὶ
2637 1956 2824 2010 πάλιν·
2872 1956 3111 2023 ’Ἥψατό
3142 1956 3259 2024 μού
3294 1973 3405 2022 τις.
3449 1957 3561 2011 Kal
3590 1957 3702 2028 γὰρ

2106 2048 2301 2118 ἔγνων
2326 2046 2585 2116 δύναμιν
2628 2046 3009 2112 ἐξελθοῦσαν
3037 2045 3140 2099 ἀπ’
3172 2045 3342 2115 ἐμοῦ.

2182 2141 2400 2211 Ἐλεγχ.
2433 2139 2513 2194 ιδ’.
2532 2141 2636 2194 Ἐν
2659 2139 2740 2203 τῷ
2760 2136 3015 2209 ὑπάγειν
3041 2141 3248 2194 αὐτόν’
3284 2140 3378 2194 καὶ
3392 2139 3494 2193 οὐκ
3521 2135 3701 2205 εἶπεν,

2106 2232 2177 2286 ἐν
2215 2228 2298 2296 τῷ
2323 2228 2579 2300 ὑπάγειν
2609 2228 2833 2294 αὐτοὺς
2856 2269 2870 2293 ,
2912 2228 3002 2281 ἵνα
3049 2230 3124 2299 μὴ
3153 2227 3356 2300 ἑτέρως
3382 2229 3547 2282 αὑτὸν
3572 2245 3706 2301 σχη-

2112 2322 2330 2393 ματίσει
2380 2320 2533 2394 παρὰ
2569 2321 2672 2393 τὴν
2721 2319 2831 2373 τῶν
2883 2319 3307 2392 ὁδοιπορούντων
3356 2322 3704 2375 ἀκολουθίαν.

2109 2414 2186 2468 Τὸ
2232 2413 2310 2478 δὲ,
2360 2412 2735 2482 συνέπνιγον
2780 2411 2969 2466 αὐτὸν
3012 2414 3067 2465 οἱ
3105 2412 3297 2481 ὄχλοι,
3338 2412 3557 2484 πνεῦμα
3603 2414 3709 2467 οὐκ

2110 2505 2371 2577 ἠδύναντο
2416 2504 2743 2576 συμπνίγειν
2773 2505 2822 2557 οε
2855 2502 3023 2574 ὄχλοι.
3050 2503 3194 2575 Γυνὴ
3226 2504 3283 2558 δὲ
3315 2505 3570 2577 ἁψαμένη
3610 2505 3711 2560 καὶ

2114 2594 2347 2659 ἰαθεῖσα,
2401 2580 2503 2647 οὒκ
2534 2593 2697 2665 ἀέρος
2724 2593 2922 2665 ἥψατο.
2959 2592 3098 2647 ἀλλά
3143 2593 3288 2663 ἁφῆς
3332 2596 3704 2666 ἀνθρωπείας.

2113 2685 2231 2739 Ἵνα.
2259 2682 2370 2756 γάρ
2412 2682 2583 2755 δείξῃ,
2619 2684 2702 2736 ὅτι
2753 2683 2874 2754 οὐχὶ
2902 2682 3122 2755 δοκήσει
3176 2684 3337 2755 μόνον
3379 2687 3413 2755 ή
3464 2686 3576 2755 ἁφὴ
3609 2686 3711 2740 τοῦ

2114 2773 2367 2846 σώματος
2411 2772 2576 2827 αὐτοῦ
2615 2773 2721 2827 ὑπὸ
2754 2774 2853 2844 τῆς
2896 2775 3157 2843 γυναικὸς
3200 2775 3516 2846 γεγένηται,
3564 2776 3712 2831 διδά-

2114 2880 2231 2917 σκει
2261 2863 2436 2931 λέγων
2457 2879 2474 2895 ο
2519 2863 2614 2928 Τίς
2639 2879 2760 2931 μου
2790 2861 3030 2931 ﬁgi-ato;
3077 2863 3185 2917 Kal
3222 2864 3334 2932 γὰρ
3371 2862 3569 2933 ἔγνων
3600 2862 3711 2918 δύο

2108 2970 2295 3024 ναμιν
2319 2954 2699 3019 ἐξελθοῦσαν
2725 2953 2829 3008 ἀπ’
2872 2954 3041 3024 ἐμοῦ.

2184 3045 2341 3117 Σχόλ.
2387 3045 2470 3098 ιε’.
2523 3045 2891 3116 Ἀναϐλέψας
2929 3048 3015 3113 εἰς
3073 3045 3215 3113 τοὺς
3250 3045 3573 3114 οὐρανοὺς,
3601 3048 3712 3113 ηὐ-

1990 3154 2001 3166 “
2112 3141 2384 3210 λότησεν
2424 3140 2670 3207 αὐτούς.

2185 3230 2406 3303 Ἐλεγχ.
2447 3238 2526 3284 ιε’.
2567 3231 2631 3284 Εἰ
2672 3228 2967 3299 ἀνέϐλεψεν
3017 3230 3099 3293 εἰς
3155 3226 3464 3300 οὐρανοὺς,
3490 3228 3586 3282 καὶ
3614 3230 3713 3298 ηὑ-

2121 3324 2352 3397 λόγησεν
2384 3323 2471 3377 ἐπ’
2497 3324 2716 3388 αὐτοὺς,
2750 3324 2812 3377 οὐ
2842 3323 3064 3392 δοκήσει
3111 3316 3226 3392 εἶχε
3256 3321 3365 3375 τῶν
3406 3339 3466 3375 τε
3506 3323 3713 3392 ὀφθαλ-

2125 3416 2242 3489 μῶν
2270 3416 2363 3470 καὶ
2390 3415 2498 3469 τῶν
2526 3415 2701 3470 ἀλλων
2751 3414 2930 3486 μελῶν
2963 3415 3033 3468 τὰ
3063 3416 3337 3486 σχήματα.

2192 3511 2350 3583 Σχόλ.
2388 3517 2485 3576 ις’.
2525 3508 2756 3580 Λέγωνθ
2791 3509 2893 3563 Δεῖ
2925 3507 3031 3563 τὸν
3078 3507 3217 3562 Υἱὸν
3240 3507 3349 3562 τοῦ
3392 3506 3725 3577 ἀνθρώπου

2122 3605 2326 3659 πολλὰ
2348 3602 2579 3667 παθεῖν,
2610 3601 2710 3659 καὶ
2738 3598 3210 3669 ἀποκτανθῆναι,
3249 3600 3348 3655 καὶ
3377 3601 3525 3669 μετὰ
3553 3599 3716 3669 τρεῖς

2124 3694 2350 3765 ἡμέρας
2374 3693 2708 3765 ἐγερθῆναι.

2200 3785 2420 3856 Ἐλεγχ.
2453 3783 2549 3851 ις’.
2574 3786 2638 3839 El
2663 3785 2791 3838 Υἱὸν
2814 3783 3101 3856 ἀνθρώπου
3126 3784 3219 3837 καὶ
3244 3781 3433 3837 παθεῖν
3455 3782 3551 3835 καὶ
3578 3781 3717 3834 ἀπο-

2126 3877 2425 3948 κτανθῆναι
2469 3876 2662 3929 ἑαυτὸν
2713 3875 2969 3947 ὁμολογεῖ
3014 3876 3043 3930 ὁ
3096 3873 3391 3946 μονογενὴς
3436 3872 3568 3936 Υἱὸς
3617 3872 3720 3926 τοῦ

2124 3967 2283 4032 Θεοῦ,
2328 3968 2468 4021 κατὰ
2515 3966 2610 4020 σοῦ
2644 3967 2801 4038 ἀξίνη
2845 3968 2994 4021 ἐστὶν
3044 3967 3185 4038 αὕτη
3229 3964 3575 4037 ὲκτέμνουσά
3617 3981 3715 4018 σου

2127 4064 2310 4117 πᾶσαν
2335 4063 2437 4132 τὴν
2470 4060 2646 4133 ῥίζαν,
2680 4055 2726 4115 ὦ
2758 4060 2820 4125 ἐξ
2856 4060 3108 4115 ἀκανθῶν
3154 4058 3521 4129 γεγεννημένε
3557 4059 3719 4129 Μαρ-

2126 4158 2281 4225 κίίων,
2314 4158 2409 4211 καὶ
2455 4159 2680 4227 νεφέλη
2732 4156 2974 4227 ἆνυδρε,
3021 4155 3277 4225 δένδρον
3324 4171 3389 4208 τε
3438 4153 3717 4223 ἄκαρπον

2127 4251 2226 4305 καὶ
2257 4251 2714 4320 φθινοπωρινῶν.
2750 4249 2857 4304 Καὶ
2886 4250 2996 4322 γάρ
3027 4267 3161 4320 φησι
3197 4248 3357 4304 πάλιν
3376 4263 3389 4276 ’
3433 4247 3543 4302 Kal
3562 4247 3725 4317 μετὰ

2126 4341 2285 4410 τρεῖς
2347 4342 2571 4411 ἡμέρας
2603 4340 2939 4410 ἐγερθῆναι.
2974 4341 3040 4394 Tl
3069 4340 3126 4393 δὲ
3156 4334 3545 4411 τδέγερθῆναι
3571 4338 3710 4410 (71),

2128 4432 2254 4486 ἀλλ’
2279 4433 2313 4504 ἢ
2359 4432 2492 4486 αὐτὸ
2513 4432 2575 4485 τὸ
2601 4430 2869 4494 πεπονθὸς
2899 4431 2994 4485 καὶ
3014 4431 3185 4501 ταφὲν
3222 4432 3281 4483 ἐν
3300 4430 3390 4500 ’τῷ
3422 4429 3715 4501 μνημεὶῳ;

2130 4525 2363 4597 Δόκησις
2394 4525 2472 4588 δὲ,
2490 4527 2523 4595 ἢ
2549 4523 2770 4595 ἄνεμος,
2802 4523 2835 4594 ἢ
2873 4521 3110 4593 πνεῦμα,
3139 4519 3717 4592 ἢφαντασέα,κηδείαν

428 4621 535 4677 que
558 4606 721 4663 funus
739 4623 801 4664 ac
827 4611 1191 4682 sepulturam,
1221 4629 1324 4669 nec
1345 4616 1803 4672 resurrectionem
1825 4633 2009 4689 capere

2129 4616 2224 4670 καὶ
2262 4616 2440 4687 ταφὴν
2474 4617 2575 4669 οὐκ
2614 4615 2907 4687 ἐνεδέχετο,
2938 4616 3034 4669 καὶ
3068 4614 3385 4670 ἀνάστασιν.

429 4700 718 4769 potuisset.

499 4790 683 4847 Schol.
720 4794 806 4849 l7.
839 4794 903 4849 Et
934 4813 1051 4851 ecce
1081 4797 1179 4852 viri
1204 4816 1322 4853 cum
1347 4800 1443 4855 illo
1472 4801 1842 4873 loquebantur,
1871 4801 2020 4859 Elius

428 4887 477 4934 et
508 4878 717 4952 Moyses
739 4883 793 4937 in
822 4886 995 4955 gloria
1023 4886 1062 4938 ⁵.

499 4972 682 5029 lielut.
710 4976 790 5029 l't.
835 4977 1111 5044 Quantum
1140 4982 1393 5053 equidem
1430 4983 1626 5052 opinor
1656 4985 1806 5040 hisce
1841 4984 2023 5040 verbis

430 5063 538 5120 falx
562 5066 675 5132 illa,
703 5086 867 5140 qitam
897 5070 1196 5129 Zacharias
1222 5084 1619 5130 commemorat
1646 5077 1688 5139 ‘,
1725 5076 2019 5133 adversum

430 5160 877 5228 tesigniliCatur;
903 5163 1069 5233 328
1114 5182 1237 5235 qum
1278 5175 1368 5219 tua
1409 5168 1590 5221 omnia
1624 5177 1814 5222 contra
1848 5169 2017 5239 legem

431 5263 496 5304 ac
528 5252 819 5322 prophetas
851 5256 1134 5311 mendacia
1187 5258 1456 5313 succidat.
1498 5260 1710 5314 Etenim
1761 5259 2020 5330 quoniam

431 5358 744 5399 emersurus
784 5361 908 5401 eras
960 5348 1278 5418 aliquando,
1327 5351 1424 5421 qui
1475 5351 1591 5421 lege
1635 5352 2024 5422 prophetisquc

433 5436 753 5506 repudiatis,
797 5452 826 5490 a
860 5436 1145 5497 Salvatore
1187 5423 1419 5514 ejusque
1453 5444 1647 5513 gloria,
1698 5459 1764 5498 ac
1810 5442 2023 5498 cmlesti

542 5596 558 5625 ¹
593 5594 722 5649 Luc.
748 5614 864 5660 vm,
889 5597 957 5653 42
986 5614 1106 5669 sqq.

1734 5605 1752 5634 ³
1781 5604 1907 5659 ibid.
1944 5602 2034 5657 ‘22.

437 5660 656 5715 ἔπαυσε.

1203 5599 1381 5656 'Luc.
1436 5618 1510 5666 Ix,
1554 5603 1636 5692 lli.

534 5775 623 5843 7i)
659 5776 717 5829 Τί
746 5777 812 5829 δὲ
835 5778 898 5830 τὸ
933 5775 1265 5846 ἐγερθῆναι.
1293 5780 1451 5834 Cort'.
1484 5780 1723 5848 ἐγερθέν.

2198 4796 2355 4867 Σχόλ.
2397 4795 2483 4861 ιζ’.
2537 4794 2648 4849 Kal.
2691 4793 2821 4850 ἰδοὺ
2863 4793 3080 4862 ἄνδρες
3110 4789 3503 4847 συνελάλουν
3533 4787 3709 4853 αὐτῷ,

2140 4891 2339 4957 Ἠλίας
2384 4890 2481 4943 καὶ
2517 4887 2779 4958 Μωϋσῆς
2810 4887 2882 4940 ἑν
2907 4886 3078 4956 δόξῃ.

2205 4984 2424 5053 Ἐλεγχ.
2470 4981 2555 5046 ιζ’.
2595 4981 2772 5052 Τάχα,
2821 4976 2999 5051 οἶμαι,
3027 4977 3115 5032 διὰ
3147 4978 3253 5031 τῶν
3290 4974 3466 5045 λόγων
3512 4972 3714 5026 τούτων

2126 5071 2188 5126 τὸ
2228 5071 2383 5143 παρὰ
2427 5070 2508 5142 τῷ
2538 5069 2679 5140 ἁγίῳ
2721 5068 2966 5140 Ζαχαρία
3014 5068 3281 5139 δρέπανον
3325 5064 3467 5119 κατά
3500 5062 3617 5127 σοῦ,
3670 5056 3715 5115 ὦ

2128 5161 2415 5234 Μαρκίων,
2466 5159 2905 5223 ἁνατετύπωται,
2956 5156 3221 5227 ἐκτέμνον
3266 5172 3361 5209 σου
3396 5156 3576 5209 πᾶσαν
3619 5151 3716 5224 τὴν

2103 5257 2114 5269 “
2129 5257 2269 5311 κατὰ
2282 5257 2446 5327 νόμον
2464 5255 2556 5309 καὶ
2570 5253 2865 5326 προφητῶν
2883 5254 3132 5323 ἐπινενοη
3140 5251 3308 5323 μένην
3332 5247 3713 5320 ψευδηγορταν.

2143 5349 2362 5420 Ἐπειδὴ
2391 5348 2501 5420 γὰρ
2547 5346 2772 5416 ἔμελλες
2804 5345 3019 5400 ἀθετεῖν
3061 5344 3226 5415 νόμον
3271 5342 3366 5397 καὶ
3408 5341 3717 5412 προφήτας,

2131 5439 2450 5511 ἀλλοτρίους
2474 5438 2672 5501 αὐτοὺς
2703 5437 2927 5506 φάσκων
2958 5435 3054 5490 τοῦ
3084 5435 3337 5507 Σωτῆρος
3362 5436 3457 5487 καὶ
3502 5433 3602 5501 τῆς
3629 5430 3718 5481 αὺ-

2142 5606 2160 5633 δ
2192 5600 2317 5655 lud.
2351 5600 2405 5653 2.
2505 5600 2524 5632 ⁸
2555 5598 2688 5656 Lu'c.
2731 5614 2806 5665 ix,
2830 5596 2920 5653 5|.
3032 5597 3052 5628 °
3086 5593 3253 5650 Zach.
3289 5608 3342 5657 ν,
3370 5591 3427 5647 2.
3537 5587 3558 5619 ⁷
3586 5577 3715 5641 For.
