3950 6172
252 277 363 333 737

935 273 1305 334 ADVERSUS
1338 272 1683 332 IIIERESES
1719 270 1861 329 LIB.
1888 270 2116 328 I.TOM.
2161 271 2249 327 Ill.
2284 303 2354 313 —
2396 271 2667 328 ιιλεηεδ.
2709 272 2869 329 XL".

3447 270 3552 328 758

252 396 350 450 τοῦ
381 394 564 466 δόξης,
595 392 692 448 καὶ
733 397 834 467 τῆς
884 394 1048 450 αὑτοῦ
1092 395 1281 451 ἐνθέου
1327 393 1697 457 διδασκαλίας,
1749 394 1847 463 ἀμ-

1964 390 2211 446 doc'rina
2261 390 2471 445 alienos
2513 405 2609 445 eos
2655 406 2779 446 esse
2822 388 3207 455 contenderes,
3255 397 3553 462 utrumque

252 488 521 560 φοτέρους
555 489 732 560 ἤγαγε
769 486 886 559 μεθ’
924 488 1119 543 ἑαυτοῦ
1152 490 1211 542 ὲν
1254 491 1319 560 τῇ
1358 487 1465 558 ἰδίᾳ
1492 485 1658 539 αὑτοῦ
1696 484 1849 556 δόξῃ,

256 580 352 633 καὶ
388 579 558 645 ἔδειξε
609 583 723 645 τοῖς
773 580 940 635 αὑτοῦ
998 579 1290 651 μαθηταῖς,
1348 579 1442 632 καὶ
1500 580 1549 631 οἱ
1606 577 1849 649 μαθηταὶ

258 671 389 742 ἡμῖν
433 672 529 725 καὶ
555 671 635 743 τῷ
686 672 899 744 κόσμῳ,
945 671 1191 726 τουτέστι
1228 671 1391 724 παντὶ
1419 667 1690 741 ἀνθρώπῳ
1725 666 1850 737 βου-

256 763 470 834 λομένῳ
496 762 630 834 ζῇν·
667 764 754 819 ἵνα
784 765 874 819 διὰ
916 765 1014 836 μὲν
1045 763 1140 817 τοῦ
1170 762 1413 834 πρώτου,
1441 762 1517 826 ὼς
1566 764 1623 815 ὲν
1665 760 1845 833 ἀξίνῃ,

257 856 353 907 σοῦ
400 855 542 927 τέμῃ
591 856 689 919 τὰς
725 856 901 928 ῥίζας,
941 857 1031 911 διὰ
1077 856 1135 909 δὲ
1179 854 1275 909 τοῦ
1325 855 1602 926 δευτέρου,
1650 853 1726 917 ὼς
1757 851 1849 906 διὰ

255 948 525 1019 δρεπάνου
568 948 662 1002 τοῦ
712 949 873 1019 λόγου
902 949 1001 1020 τῆς
1037 948 1316 1019 ἀληθείας,
1348 947 1560 1019 ἐκτέμῃ
1595 962 1689 998 σου
1719 944 1848 1008 τοὺς

255 1040 508 1103 κλάδους,
559 1040 688 1103 τοὺς
726 1039 789 1093 τὸ
845 1036 1068 1094 κώνειον
1107 1038 1205 1093 καὶ
1243 1038 1542 1108 θανάσιμον
1593 1037 1703 1098 τοῖς
1754 1036 1849 1089 ἀν-

254 1129 496 1200 θρώποις
525 1130 887 1195 ἑκποιοῦντας
923 1129 1155 1201 γλοιώδη
1185 1129 1318 1183 ὀπὸν
1362 1127 1733 1199 βλασφημίας.
1781 1126 1847 1179 Εἰ

252 1222 366 1292 γὰρ
400 1221 679 1293 ἀλλότριος
710 1217 778 1294 ἦν
810 1221 1052 1291 Μωῦσῆς
1082 1223 1110 1274 6
1143 1220 1249 1275 ὑπὸ
1273 1219 1369 1273 τοῦ
1402 1217 1639 1291 Χριστοῦ
1679 1214 1846 1269 πάλαι

256 1314 568 1379 πιστευθεὶς
605 1314 697 1368 τὸν
731 1315 917 1386 νόμον,
951 1315 1046 1369 καὶ
1091 1316 1141 1367 οἱ
1190 1311 1469 1385 προφῆται
1516 1306 1658 1382 ἦσαν
1689 1307 1847 1362 ἀλλό-

251 1424 418 1478 τριοι,
462 1407 562 1460 οὑκ
605 1408 672 1461 ἂν
724 1409 911 1471 αὑτοῖς
966 1408 1064 1461 σὺν
1105 1405 1254 1476 αὑτῷ
1293 1409 1351 1459 ὲν
1399 1397 1482 1476 τῇ
1524 1405 1629 1476 ἰδίᾳ
1677 1400 1846 1457 αὑτοῦ

250 1498 384 1573 δόξῃ
414 1499 790 1554 ἀπεκάλυπτε.
838 1500 1013 1553 Βλέπε
1045 1499 1155 1572 γὰρ
1186 1497 1247 1551 τὸ
1287 1496 1493 1567 Θαῦμα,
1528 1498 1609 1550 ὅτι
1636 1497 1757 1550 οὐδὲ
1789 1498 1847 1550 ἐν

250 1592 335 1663 τῷ
377 1593 619 1662 μνήματι
667 1591 891 1651 τούτους
931 1590 1155 1659 ἔδειξεν,
1189 1590 1312 1643 οὑδὲ
1360 1588 1510 1659 παρὰ
1553 1589 1643 1643 τὸν
1685 1606 1848 1642 σταυ-

256 1684 387 1756 ρόν·
416 1684 531 1738 ἀλλ’
566 1684 654 1738 ὅτε
699 1684 760 1738 τὸ
797 1684 965 1755 μέρος
992 1684 1093 1755 τῆς
1122 1680 1288 1735 αὑτοῦ
1328 1680 1486 1750 δόξης
1529 1680 1605 1744 ὡς
1632 1681 1712 1744 εἰς
1743 1681 1846 1751 ἀρ-

1952 481 2020 535 ad
2049 481 2181 535 illud
2218 481 2407 552 gloriae
2435 496 2548 535 suae
2577 496 2641 535 ac
2672 482 2975 549 majestatis
3005 482 3243 552 speciem
3275 482 3549 548 adhibuit,

1950 588 2017 627 ac
2047 573 2341 643 discipulis
2376 573 2494 628 suis
2538 573 2820 639 ostendit;
2856 574 3113 644 discipuli
3153 588 3320 643 porro
3365 573 3551 640 nobis,

1948 678 2015 719 ac
2048 664 2149 718 toti
2192 663 2327 719 adeo
2360 663 2567 718 mundo
2598 663 3001 732 significarunt,
3049 665 3153 719 hoc
3191 672 3277 719 est
3320 666 3551 720 cuilibet

1948 753 2183 819 homini,
2215 756 2309 826 qui
2345 756 2470 810 vitae
2507 770 2572 809 ac
2614 755 2809 811 salutis
2852 754 3127 811 desiderio
3156 755 3552 821 teneatur._Ni-

1950 846 2151 901 mirum
2182 856 2240 901 ut
2265 847 2359 917 qui
2403 847 2578 916 primo
2618 846 2739 901 loco
2774 856 3110 903 memoratus
3149 858 3255 910 est.
3287 851 3451 905 asciae
3479 850 3553 905 sit

1950 937 2166 1003 instar,
2234 954 2356 1008 qua:
2424 939 2638 993 radices
2706 948 2829 994 tuas
2915 939 3183 998 excidat;
3251 941 3390 995 alter
3466 942 3547 996 sic

1950 1037 2212 1100 tanquam
2237 1031 2488 1086 veritatis
2517 1030 2628 1083 falx
2661 1045 2844 1085 ramos
2878 1037 3006 1084 tuos
3032 1038 3299 1099 amputet,
3327 1046 3392 1085 ex
3424 1032 3551 1102 qui-

1951 1120 2055 1175 bus
2085 1121 2279 1176 cicutae
2320 1120 2518 1177 similis
2568 1136 2632 1185 ac
2674 1121 2892 1177 letlril‘er
2926 1122 3018 1177 ille
3051 1138 3271 1188 succus,
3304 1124 3554 1194 viscique

1948 1225 2103 1264 more
2152 1211 2584 1280 sequacissimus
2633 1211 2981 1280 exprimitur.
3042 1209 3181 1263 Nam
3236 1211 3282 1265 si
3339 1211 3551 1265 alienus

1948 1309 2097 1357 esset
2125 1301 2340 1374 Moyses
2373 1302 2483 1366 ille,
2529 1302 2618 1356 cui
2661 1302 2796 1371 legis
2833 1309 2918 1356 est
2955 1316 2985 1355 a
3023 1300 3245 1358 Christo
3271 1301 3548 1371 quondam

1951 1392 2207 1447 mandata
2234 1393 2541 1464 provincia,
2569 1393 2612 1446 si
2640 1393 2801 1447 alieni
2829 1394 3054 1463 in~uper
3081 1394 3380 1465 prophetae,
3408 1409 3547 1448 nun-

1947 1500 2116 1556 quam
2157 1500 2255 1540 eos
2292 1500 2479 1540 secum
2526 1500 2625 1540 sua
2671 1486 2761 1538 illa
2808 1485 2861 1539 in
2902 1486 3075 1556 gloria
3114 1493 3549 1555 repraesentaret.

1949 1574 2009 1631 In
2039 1592 2148 1647 quo
2174 1576 2303 1646 quid
2336 1577 2581 1632 mirabile
2604 1577 2921 1648 contigerit,
2946 1578 3342 1634 animadverte.
3362 1576 3550 1648 Neque
3640 1620 3643 1621 ν

1951 1667 2097 1722 enim
2147 1667 2268 1721 illos
2325 1668 2380 1722 in
2426 1669 2677 1738 sepulcro
2707 1708 2722 1732 ,
2770 1678 2864 1722 aut
2916 1669 2983 1723 ad
3029 1684 3248 1724 crucem
3284 1683 3551 1739 apparere

254 1776 479 1846 ραϐῶνα
509 1778 641 1847 ἡμῖν
669 1776 1048 1838 ἀπεκάλυπτε,
1072 1775 1193 1828 τότε
1218 1776 1345 1839 τοὺς
1376 1774 1586 1843 ἁγίους,
1609 1773 1847 1827 Μωῦσέα

1964 1759 2158 1824 roluit;
2194 1760 2285 1815 sed
2334 1770 2464 1814 tunc
2511 1761 2715 1823 solum.
2755 1777 2880 1815 cum
2915 1760 3226 1832 splendoris
3262 1762 3345 1816 sui
3378 1761 3549 1832 parti-

250 1865 315 1918 τέ
346 1882 488 1937 φημι
518 1866 613 1919 καὶ
652 1865 860 1928 Ἠλίαν,
906 1864 1023 1935 ἅμα
1055 1862 1203 1944 αὑτῴ
1245 1865 1484 1936 ἢγαγεν,
1529 1866 1678 1928 ὅπως
1714 1880 1847 1932 συγ-

251 1953 628 2026 κληρονόμους
661 1954 759 2026 τῆς
792 1953 957 2009 αὑτοῦ
997 1953 1274 2025 βασιλείας
1317 1955 1516 2019 αὑτοὺς
1568 1952 1845 2027 ὑποδείξῃ.

329 2220 487 2291 Σχόλ.
531 2227 620 2292 ιη’.
674 2222 771 2275 Ἐκ
798 2220 910 2291 τῆς
936 2219 1200 2290 νεφέλης
1226 2216 1394 2288 φωνή
1416 2233 1428 2246 ο
1461 2212 1651 2283 Οὗτός
1677 2215 1851 2269 ἐστιν

253 2316 291 2368 ὁ
335 2315 470 2380 Υἱός
496 2330 617 2384 μου
657 2316 690 2368 ὁ
733 2314 1060 2382 ἀγαπητός.

332 2406 554 2477 Ἔλεγχ.
592 2413 682 2477 ιη’.
725 2405 895 2459 Παντί
939 2423 1019 2476 τῳ
1048 2402 1208 2475 δῆλόν
1244 2403 1412 2467 ἐστιν,
1453 2401 1596 2472 ὅτιὴ
1651 2399 1849 2472 νεφέλη

254 2498 359 2553 οὐκ
406 2497 553 2551 ἐστιν
604 2496 881 2568 ἀνωτὰτη,
935 2496 1061 2550 οὕτε
1111 2496 1255 2568 ὑπὲρ
1300 2494 1528 2565 οὐρανὸν
1589 2492 1847 2567 ὑπάρχει,

254 2589 394 2643 ἀλλὰ
422 2591 479 2643 ὲν
513 2590 580 2659 τῇ
613 2588 735 2642 καθ’
764 2590 796 2659 ή
808 2589 915 2658 μᾶς
944 2588 1154 2642 κτίσει·
1190 2587 1314 2641 ὅθεν
1343 2589 1377 2658 ὴ
1410 2585 1561 2656 φωνὴ
1595 2586 1733 2657 πρὸς
1757 2584 1850 2639 τὸν

254 2682 489 2752 Σωτῆρα
537 2679 761 2751 ἠνέχθη.
803 2680 867 2732 Εἰ
912 2680 1092 2732 τοίνυν
1129 2680 1158 2732 6
1192 2676 1382 2748 Πατὴρ
1411 2678 1505 2731 καὶ
1552 2678 1610 2731 ὲν
1651 2676 1848 2749 νεφέλῃ

251 2772 431 2835 λαλεῖ,
472 2771 841 2826 ὑποδεικνύων
890 2773 1004 2834 τοῖς
1045 2770 1311 2841 μαθηταῖς
1348 2769 1441 2823 τὸν
1488 2767 1654 2822 αὑτοῦ
1697 2769 1850 2836 Υἱὸν,

251 2866 359 2918 οὑκ
399 2864 558 2928 ἄλλος
594 2865 744 2919 ἐστὶν
777 2867 806 2918 6
838 2861 1200 2935 Δημιουργὸς,
1234 2861 1373 2916 ἀλλὰ
1399 2864 1428 2915 6
1472 2862 1659 2925 αὑτὸς.
1692 2863 1721 2914 6
1757 2861 1851 2915 ml.

252 2956 346 3010 διὰ
391 2956 619 3026 νεφέλης
661 2954 740 3026 τῷ
773 2955 889 3025 ίδὶῳ
938 2953 1054 3024 mg»
1107 2954 1484 3027 μαρτυρήσας,
1526 2953 1619 3005 καὶ
1653 2953 1713 3006 οὑ
1742 2952 1851 3006 τῶν

255 3051 400 3121 ὑπὲρ
430 3049 657 3121 οὐρανὸν
688 3048 867 3119 μόνων
895 3045 1192 3111 δεσπόζων,
1225 3045 1301 3110 ὡς
1323 3045 1489 3110 αὑτὸς
1524 3046 1773 3115 φάσκεις.

327 3230 483 3302 Σχὸλ.
530 3229 617 3285 ιϐ’.
671 3227 965 3297 Ἐδεήθην
992 3226 1113 3281 τῶν
1133 3226 1420 3296 μαθητῶν
1459 3243 1598 3283 σου.
1634 3222 1761 3297 Εἶχε
1789 3227 1847 3280 δὲ

257 3323 415 3395 παρὰ
467 3321 548 3384 τὸ,
590 3323 702 3375 οὐκ
753 3318 1158 3388 ἠδυνήθησαν
1206 3317 1487 3373 ἐκϐαλεῖν
1526 3318 1696 3384 αὐτὸ,
1747 3318 1847 3373 καὶ

255 3415 410 3486 πρὸς
437 3413 659 3480 αὐτούς
679 3429 692 3444 ·
724 3407 800 3467 Ὦ
824 3410 1000 3481 γενεὰ
1027 3411 1303 3477 ἄπιστος,
1331 3410 1443 3476 ἕως
1472 3410 1617 3465 πότε
1639 3409 1851 3475 ἀνέξοα

256 3524 361 3573 aut
398 3504 601 3576 ὑμῶν;

337 3621 557 3691 Ἐλεγχ.
602 3617 688 3673 ιθν.
730 3617 824 3681 T6,
875 3617 985 3684 ἕως
1035 3617 1209 3682 πότε,
1251 3616 1517 3688 ὲνσάρκου
1547 3614 1849 3686 παρουσίας

256 3714 454 3786 χρόνου
507 3712 625 3765 ἐστὶ
666 3710 1029 3785 σημαντικόν.
1079 3710 1190 3763 Καὶ
1236 3708 1318 3772 τὸ,
1370 3704 1446 3764 Ὦ
1489 3711 1666 3778 γενεὰ
1715 3706 1850 3761 ἄπι-

256 3823 408 3872 στος
428 3823 443 3838 ·
474 3806 550 3869 ὡς
581 3804 693 3858 τῶν
726 3802 1023 3876 προφητῶν
1040 3803 1133 3856 ἐπὶ
1162 3801 1240 3871 τῷ
1269 3802 1494 3873 ὀνόματι
1522 3800 1688 3856 αὑτοῦ
1725 3801 1848 3854 θεο-

259 3902 464 3975 σήμεια
512 3897 905 3970 ἐργασαμένων
968 3896 1064 3949 καὶ
1131 3894 1611 3960 πεπιστευκότων,
1682 3893 1757 3955 ὡς
1821 3893 1850 3946 6

270 3992 458 4056 ἸΙλίας
500 3990 814 4063 εὑρίσκεται
869 3987 1039 4043 ποιῶν
1116 3989 1211 4042 καὶ
1272 3987 1605 4050 Ἐλισσαῖος.
1655 3987 1749 4040 καὶ
1800 3987 1848 4041 oi

256 4086 429 4143 ἄλλοι.

331 4179 489 4249 Σχόλ.
544 4185 612 4233 κ’.
668 4179 723 4230 '0
773 4176 882 4247 γὰρ
941 4173 1073 4239 Υἱὸς
1119 4172 1228 4227 τοῦ
1279 4170 1593 4240 ἀνθρώπου
1636 4170 1850 4240 μέλλει

259 4270 701 4337 παραδίδοσθαι
738 4272 827 4336 εἰς
871 4269 1072 4338 χεῖρας
1112 4264 1455 4334 ἀνθρώπων.

338 4363 560 4434 Ἔλεγχ.
594 4362 662 4417 κ’.
700 4361 832 4416 Υἰοῦ
865 4359 1172 4432 ἀνθρώπου,
1205 4359 1299 4414 καὶ
1337 4356 1848 4429 παραδοθησομένου

259 4453 343 4517 εἰς
374 4454 560 4523 χεῖρας
605 4451 937 4522 ἀνθρώπων,
971 4451 1031 4504 οὑ

257 4543 585 4613 φαντασίας,
606 4541 742 4595 ἀλλὰ
765 4539 1015 4612 σώματος
1048 4540 1145 4593 καὶ
1177 4537 1354 4610 μελῶν
1388 4537 1603 4607 θεωρία.

331 4698 490 4769 Σχόλ.
538 4706 644 4751 κα’.
688 4695 842 4750 Οὐδὲ
890 4694 1068 4750 τοῦτο
1109 4695 1412 4765 ἀνέγνωτε
1434 4737 1448 4759 ,
1486 4696 1544 4749 τί
1596 4696 1850 4764 ἐποίησε

258 4788 473 4852 Δαϐίδ;
505 4785 810 4856 Εἰσῆλθεν
838 4787 927 4851 εἰς
951 4784 1060 4839 τὸν
1085 4781 1252 4839 οἷκον
1279 4785 1387 4839 τοῦ
1420 4785 1591 4839 Θεοῦ.

336 4879 562 4951 Ἐλεγχ.
613 4885 717 4933 κα’.
768 4878 832 4930 Εἰ
876 4871 1025 4930 οἷκον
1058 4875 1195 4930 Θεοῦ
1227 4875 1426 4947 φάσκει
1458 4876 1548 4931 τὸν
1576 4872 1724 4930 οἷκον
1750 4875 1851 4946 τῆς

258 4973 415 5044 παρὰ
460 4972 737 5035 Μωῦσέως
780 4971 1073 5041 γενομένης
1132 4969 1535 5052 σκηνοπηγίας..
1575 4969 1674 5022 οὑκ
1724 4966 1853 5022 ἀθε-

1952 1852 2134 1905 cnlam
2172 1853 2330 1907 nobis
2362 1854 2505 1907 velut
2531 1854 2893 1909 arrhabouem
2914 1869 2975 1906 ac
2997 1855 3192 1924 pignus
3214 1861 3545 1923 aspergeret.

1953 1942 2090 1997 Tum
2138 1945 2284 1998 enim
2338 1954 2561 2001 sanctos
2610 1946 2733 2000 illos
2780 1962 2964 2001 secum
3017 1945 3237 2015 Moysen
3278 1954 3331 2001 et
3376 1945 3552 2003 Eliam

1952 2036 2201 2101 adduxit,
2239 2048 2298 2094 ut
2327 2038 2573 2107 ejusdem
2608 2054 2797 2095 secum
2840 2039 2993 2111 regni
3028 2039 3441 2110 participes,'ac
3469 2053 3555 2095 so-

1950 2132 2065 2188 cios
2091 2148 2215 2188 esse
2244 2143 2599 2189 monstraret.

2022 2221 2208 2278 Schol.
2255 2222 2341 2277 18.
2393 2221 2440 2275 Ε
2471 2222 2605 2277 nube
2643 2239 2780 2278 vox:
2815 2222 2918 2277 Hic
2956 2232 3036 2277 est
3077 2221 3255 2279 Filius
3295 2240 3439 2278 meus
3467 2224 3553 2278 di-

1950 2312 2117 2367 lectus
2160 2312 2196 2369 ί.

2020 2401 2204 2458 Refut.
2241 2403 2330 2457 18.
2367 2402 2715 2461 Manifestum
2747 2404 2924 2460 cuivis
2955 2413 3061 2468 est,
3093 2405 3308 2475 opinor,
3348 2404 3549 2461 nubem

1950 2510 2129 2565 neque
2178 2510 2436 2565 suprema
2492 2497 2547 2551 in
2602 2496 2853 2567 regione,
2903 2513 3083 2566 neque
3122 2514 3288 2568 supra
3347 2499 3548 2555 caelum

1950 2603 2110 2656 esse;
2141 2588 2234 2644 sed
2273 2589 2326 2642 in
2362 2588 2466 2644 hac
2495 2588 2679 2644 infima
2715 2590 3059 2645 conditarum
3103 2605 3285 2645 rerum
3310 2593 3552 2646 statione

1950 2683 2201 2748 versari;
2232 2681 2378 2737 unde
2407 2697 2510 2735 vox
2533 2689 2617 2737 est
2644 2683 2711 2735 ad
2732 2679 3078 2737 Salvator-cm
3101 2681 3346 2752 delapsa.
3378 2682 3550 2753 Igitur

1952 2774 1999 2830 si
2037 2775 2104 2831 de
2144 2775 2288 2831 nube
2330 2774 2544 2830 locutus
2591 2774 2771 2840 Pater,
2828 2775 3023 2830 Filium
3072 2791 3232 2831 suum
3263 2775 3551 2846 discipulis

1951 2869 2212 2931 ostendit,
2257 2882 2366 2922 non
2416 2868 2556 2922 alius
2591 2882 2713 2921 esse
2750 2875 2928 2937 potest
2979 2866 3262 2931 Conditor,
3306 2882 3469 2936 quam
3507 2866 3554 2922 is

1952 2956 2070 3027 ipse
2092 2960 2186 3029 qui
2216 2975 2314 3029 per
2342 2960 2540 3014 nubem
2569 2957 2708 3012 Filio
2734 2973 2835 3013 suo
2859 2958 3231 3013 testimonium
3252 2958 3507 3028 praestitit
3532 2977 3548 3015 :

1953 3064 2054 3103 nec
2088 3052 2142 3103 in
2187 3065 2251 3105 ea
2296 3050 2497 3113 solum,
2538 3063 2662 3119 quae
2690 3049 2831 3103 caelo
2871 3047 3155 3118 superiora
3190 3053 3341 3111 sunt,
3373 3046 3551 3101 domi-

1952 3149 2142 3193 natum
2174 3140 2462 3195 obtinebit.

2019 3232 2205 3288 Schol.
2242 3235 2328 3288 19.
2358 3232 2555 3305 Rogavi
2576 3233 2864 3303 discipulos
2903 3242 3041 3287 tuos.
3070 3230 3424 3301 liabebatque
3444 3244 3552 3286 cae-

1946 3332 2086 3384 tera.
2115 3332 2501 3395 prmterquam,
2543 3343 2645 3379 non
2671 3332 2950 3394 potuerunt
2981 3323 3166 3393 ejicere
3190 3321 3352 3387 illud,
3380 3329 3434 3375 et
3471 3321 3551 3374 ait

1949 3417 2018 3471 ad
2048 3417 2229 3486 ipsos:
2260 3416 2540 3472 Generatio
2578 3415 2876 3476 incredula,
2915 3414 3150 3485 quandiu
3182 3430 3269 3468 vos
3295 3413 3474 3482 patiar
3494 3411 3553 3466 ’ἲ

2020 3597 2204 3655 Refut.
2244 3600 2332 3655 19.
2359 3599 2479 3655 Vox
2512 3601 2624 3665 illa,
2652 3600 2927 3671 quandiu,
2959 3606 3177 3669 tempus
3210 3597 3342 3653 illud
3377 3597 3552 3670 signi-

1951 3689 2095 3753 ﬁcat.
2125 3706 2234 3762 quo
2260 3690 2516 3747 Christus
2551 3692 2606 3746 in
2642 3699 2788 3746 terra
2815 3706 2940 3746 cum
2973 3703 3141 3744 carne
3162 3695 3414 3743 versatus
3442 3694 3549 3742 est.

1950 3780 2065 3836 Hoc
2093 3792 2275 3837 autem
2303 3825 2318 3849 ,
2353 3783 2636 3838 Generatio
2667 3782 2965 3844 incredula,
2995 3795 3061 3836 eo
3092 3779 3353 3851 nimirum
3390 3779 3552 3834 refer-

1950 3883 2061 3940 tur,
2086 3876 2230 3946 qnod
2262 3877 2315 3931 in
2357 3877 2532 3947 ipsius
2561 3877 2782 3931 nomine
2823 3874 3102 3946 prophetae
3132 3872 3377 3942 prodigia
3399 3887 3551 3942 quae-

1948 3952 2073 4021 dam
2098 3966 2391 4029 ediderint,
2423 3967 2583 4036 eique
2622 3965 2997 4031 crediderint;
3030 3961 3339 4031 cujusmodi
3380 3961 3549 4026 Elias,

1951 4056 2204 4120 Elisaeus,
2236 4056 2443 4127 aliique
2475 4056 2676 4112 fecisse
2699 4056 2976 4127 leguntur.

2024 4147 2210 4204 Schol.
2258 4147 2351 4202 20.
2397 4146 2571 4203 Filius
2619 4149 2758 4202 enim
2807 4144 3037 4200 hominis
3087 4143 3330 4213 futurum
3377 4149 3452 4195 est
3494 4150 3549 4193 ut

1952 4243 2201 4295 tradatur
2233 4241 2288 4294 in
2321 4256 2510 4294 manus
2544 4240 2815 4294 hominum
2850 4238 2891 4292 ³.

2018 4333 2187 4404 329
2215 4331 2399 4388 Refut.
2430 4332 2521 4387 20.
2569 4330 2818 4387 Hominis
2853 4329 2943 4385 ille
2974 4326 3169 4387 Filius.
3205 4325 3297 4396 qui
3334 4323 3390 4378 in
3427 4338 3547 4376 ma-

1067 4450 1339 4520 δοκήσεως
1371 4451 1403 4518 ἡ
1441 4447 1699 4518 ἔμφασις,
1730 4447 1847 4500 οὐδὲ

1964 4440 2064 4479 nus
2109 4433 2227 4479 erat
2258 4422 2557 4479 tradendus
2590 4423 2900 4488 hominum,
2940 4437 3050 4475 non
3100 4419 3388 4490 opinione,
3426 4432 3549 4487 spec

1958 4515 2153 4586 cieque
2183 4516 2323 4579 sola.
2361 4517 2455 4571 sed
2483 4515 2737 4586 corporis
2770 4528 2833 4569 ac
2863 4513 3234 4568 membrorum
3268 4509 3456 4564 habitu
3484 4522 3550 4563 ac

1958 4607 2376 4663 conﬁrmatione
2412 4608 2541 4662 talis
2572 4608 2805 4662 exstitit.

2032 4698 2220 4753 Schol.
2260 4699 2348 4751 21.
2396 4697 2579 4767 Neque
2605 4700 2703 4751 hoc
2732 4696 2952 4767 legistis,
2980 4695 3109 4765 quid
3139 4692 3320 4763 fecerit
3354 4690 3545 4758 David,

1958 4805 2078 4842 cum
2109 4791 2375 4860 ingressus
2403 4799 2481 4844 est
2511 4791 2566 4842 in
2597 4789 2814 4842 domum
2846 4786 2945 4841 Dei
2965 4787 3024 4840 δῖ

2024 4879 2208 4935 Refut.
2240 4880 2331 4935 21.
2373 4880 2510 4935 Cum
2543 4879 2957 4935 tabernaculum
2997 4879 3129 4933 illud
3155 4876 3338 4949 Moyse
3371 4877 3545 4932 collo-

1955 4981 2138 5028 catum
2183 4971 2277 5027 Dei
2309 4973 2531 5027 domum
2561 4973 2832 5043 appellet,
2868 4988 3211 5041 nequaquam
3244 4972 3412 5041 legem
3453 4977 3552 5025 aut

256 5066 347 5117 τεί
378 5063 468 5117 τὸν
504 5063 687 5134 νόμον,
718 5062 840 5116 οὐδὲ
882 5063 970 5117 τὸν
1016 5061 1146 5115 Θεὸν
1181 5061 1273 5114 τὸν
1308 5061 1617 5132 λαλήσαντα
1664 5064 1725 5114 ὲν
1773 5060 1847 5132 τῷ

1964 5061 2128 5117 Deum
2162 5060 2363 5131 ipsum,
2397 5063 2491 5132 qui
2529 5063 2581 5115 in
2614 5063 2730 5133 lege
2756 5063 2972 5117 locutus
3005 5068 3112 5123 est,
3145 5060 3333 5128 abjicit
3388 5058 3545 5114 Hunc

257 5156 429 5228 νόμῳ.
482 5155 613 5209 Θεὸν
653 5155 765 5226 γὰρ
807 5154 971 5208 αὑτὸν
1003 5155 1222 5224 φάσκει,
1252 5155 1309 5217 ὃς
1351 5155 1498 5207 ἐστιν
1530 5152 1697 5208 αὑτοῦ
1740 5155 1854 5208 Πα-

257 5248 390 5317 τὴρ,
423 5245 456 5316 ἦ
498 5244 661 5307 αὐτὸς
696 5245 1030 5314 Μονογενής.
1082 5243 1255 5297 Εῖωθε
1286 5243 1396 5314 γὰρ
1431 5242 1623 5312 Τριὰς,
1660 5243 1852 5315 Πατὴρ

258 5339 356 5393 καὶ
405 5337 536 5401 Υἱὸς
579 5338 675 5391 καὶ
723 5337 879 5406 ἆγιον
935 5336 1177 5408 Πνεῦμα,
1231 5337 1471 5407 ἐνεργεῖν
1508 5334 1565 5388 ἐν
1603 5351 1663 5387 τε
1703 5334 1852 5405 νόμῳ

260 5432 359 5485 καὶ
409 5430 715 5502 προφήταις
769 5428 865 5482 καὶ
921 5427 1303 5497 Εὑαγγελίοις,
1357 5428 1453 5480 καὶ
1508 5427 1566 5479 ἐν
1614 5427 1851 5481 ἀποστό-

259 5522 397 5589 ὶοις.

1961 5155 2165 5226 quippe
2196 5153 2364 5209 Deum
2391 5155 2661 5218 nominat,
2691 5154 2785 5225 qui
2811 5154 2932 5223 ejus
2965 5153 3126 5207 Pater
3148 5161 3253 5216 est,
3284 5161 3378 5205 aut
3400 5151 3541 5218 ejus-

1959 5245 2082 5301 dem
2108 5243 2460 5316 Unigenitus.
2493 5244 2644 5300 Solet
2681 5245 2827 5301 enim
2863 5252 3053 5301 sancta
3081 5243 3350 5305 Trinitas,
3385 5243 3547 5295 Pater

1958 5347 2014 5395 et
2057 5336 2254 5403 Filius,
2288 5347 2342 5395 et
2389 5339 2633 5410 Spiritus
2664 5348 2915 5402 sanctus,
2960 5352 3070 5393 non
3123 5337 3179 5391 in
3214 5336 3332 5407 lege
3369 5335 3548 5390 solum

1958 5435 2015 5483 et
2047 5428 2355 5500 prophetis,
2394 5429 2488 5486 sed
2534 5413 2846 5502 Ev‘angeliis
2893 5436 3058 5501 atque
3088 5428 3353 5498 apostolis
3381 5440 3548 5497 opera

1959 5532 2059 5573 sua
2096 5518 2376 5589 perﬁcere.

338 5706 758 5775 ‘Luc.lx,35.
836 5676 1252 5773 'ibiil.49,/tl.
1330 5703 1637 5761 whims.
1716 5704 2090 5767 'Luc.vt,5.
