3950 6142
445 251 544 304 739

1845 245 1903 299 S.
1950 245 2286 302 ΕΡΙῘἮΑΝΙΙ

3631 249 3730 306 Ἰίο

509 366 694 420 Schol.
742 362 835 418 22.
876 360 1095 419 Gratias
1145 381 1245 434 ago
1296 362 1412 426 tibi,
1466 363 1688 417 Domine
1739 363 1876 418 caeli.
1912 362 2020 418 Nec

2197 364 2353 435 Σχόλ.
2387 363 2492 436 κβν.
2526 364 2881 435 Εὐχαριστῶ
2908 382 3028 430 σοι,
3073 367 3276 434 Κύριε,
3307 363 3416 422 τοῦ
3450 363 3721 436 οὐρανοῦ.

431 456 708 526 aserlpsit,
734 464 781 509 et
807 464 963 509 terra:
987 472 1006 520 ;
1033 471 1211 525 neque
1240 458 1429 517 etiam,
1458 455 1635 510 Pater.
1661 454 1765 509 Sed
1778 472 1840 509 ex
1866 471 1933 509 eo
1955 464 2033 509 ta-

437 559 556 600 men
583 547 905 607 revincitur.
930 548 1074 617 quod
1110 547 1252 601 infra
1276 546 1562 617 sequitur:
1590 549 1769 602 Etiam
1802 548 1963 602 Pater
1985 551 2027 604 ί.

506 638 692 695 Refut.
733 640 824 695 ΞΩ.
871 639 1103 694 Domino
1145 640 1329 710 itaque
1375 642 1500 696 eteli
1535 640 1738 709 gratias
1781 643 1922 712 agit;
1963 642 2031 696 ll-

437 739 555 796 ret,
616 742 812 796 terrm,
868 734 1205 799 sustuleris;
1245 735 1373 789 licet
1416 735 1597 789 Patris
1654 751 1846 789 vocem
1899 737 2031 791 sub-

435 826 686 886 traxeris,
711 825 937 901 Marcio,
976 842 1045 881 ne
1089 825 1305 881 Patrem
1345 842 1374 880 a
1414 828 1635 883 Christo
1677 845 1861 894 suum,
1900 845 2028 900 pro-

434 917 675 971 nuntiari
715 918 1068 973 Conditorem
1108 919 1449 974 ostenderes.
1508 919 1710 974 Vivuut
1747 921 1926 975 adhuc
1974 929 2029 977 et

434 1009 651 1075 spirant
698 1009 945 1063 veritatis
985 1009 1077 1062 illa
1108 1024 1137 1062 a
1179 1016 1230 1062 te
1278 1010 1464 1064 relicta
1511 1012 1775 1066 membra.
1811 1011 2026 1068 Vocula:

438 1102 541 1154 illa)
597 1102 877 1166 nimirum,
908 1117 1047 1172 quas
1084 1109 1139 1155 tu
1173 1103 1323 1157 velut
1364 1104 1417 1157 in
1450 1105 1700 1173 reliquiis
1744 1107 2024 1177 neglectas

435 1209 531 1260 per
552 1194 885 1248 oblivionem
912 1194 1188 1250 retinuisti
1219 1215 1231 1249 :
1264 1194 1464 1261 Etiam,
1495 1195 1691 1250 Pater!
1714 1197 1790 1251 Ex
1822 1199 2027 1268 quibus

435 1286 597 1355 plane
629 1285 775 1341 istud
816 1286 1141 1355 conficitur;
1180 1288 1402 1358 preprio
1434 1287 1581 1341 Patri
1616 1290 1824 1357 gratias
1850 1291 2028 1361 egisse

432 1375 712 1431 Christum
773 1375 1086 1441 Dominum,
1134 1376 1500 1448 eumdemque
1552 1379 1675 1433 coali
1737 1379 2026 1433 Dominum

431 1470 762 1539 appellasse,
812 1478 871 1523 ut
926 1469 1261 1538 singularem
1314 1470 1370 1524 in
1426 1479 1478 1525 te
1511 1472 1809 1541 quamdam
1846 1473 2025 1529 inesse

432 1562 726 1615 amentiam
782 1568 1053 1632 oporteat,
1100 1578 1209 1633 qua
1255 1562 1487 1617 liberam
1540 1563 1789 1619 veritatis
1839 1580 2025 1619 vocem

430 1668 537 1706 non
574 1667 866 1722 agnoscas.

2134 460 2246 525 Ορκ
2292 458 2405 529 εἶχε
2449 458 2527 520 δὲ,
2580 461 2676 512 καὶ
2736 457 2847 526 τῆς
2899 457 3038 530 τῆς·
3096 457 3243 520 οὔτε,
3292 457 3507 527 Πάτερ.
3566 453 3724 530 εἶχεν.

2146 549 2458 619 Ἐλέγχεται
2490 549 2576 602 δέ·
2613 550 2763 603 κάτω
2796 550 2904 623 γὰρ
2934 547 3099 624 εἶχεν,
3132 552 3268 611 Nai.
3299 554 3334 608 ό
3373 550 3597 618 Πατήρ.

2210 640 2428 711 Ἔλεγχ.
2460 640 2564 711 κβ’.
2613 641 2940 713 Εὑχαριστεί
2973 643 3164 718 Κυρίῳ
3206 641 3302 697 τοῦ
3344 642 3604 713 οὐρανοῦ,
3631 640 3728 696 κᾶν

2133 732 2411 806 περιέλῃς,
2452 731 2564 799 τῆς
2595 732 2727 802 γῆς,
2768 732 2873 787 κᾶν
2911 734 3239 807 παρακὸψῃς
3280 734 3365 798 τὸ,
3404 734 3620 804 Πάτερ.
3648 734 3729 789 ἵνα

2135 824 2210 894 μὴ
2244 823 2468 894 Πατέρα
2499 823 2664 878 αὑτοῦ
2709 823 3016 897 ὑποδείξῃς.
3048 826 3338 897 Μαρκίων,
3374 825 3468 881 τὸν
3499 826 3730 897 Χριστὸν

2131 913 2358 981 λέγοντα
2386 917 2476 969 τὸν
2507 918 2871 988 Δημιουργόν.
2902 918 3073 975 Μένει
3104 918 3213 988 γὰρ
3240 918 3341 988 τῆς
3371 918 3637 989 ἀληθείας
3664 920 3730 974 τὰ

2136 1008 2269 1079 μέλη
2304 1009 2501 1074 ζῶντα.
2536 1010 2750 1082 Ὥσπερ
2803 1011 2911 1080 γάρ
2961 1012 3019 1067 ἐν
3070 1010 3308 1081 λειψάνῳ
3361 1012 3507 1071 κατὰ
3561 1010 3732 1083 λήθην

2131 1101 2339 1167 εἴασας,
2377 1098 2422 1156 ὦ
2470 1104 2756 1174 Μαρκίων,
2804 1105 2885 1165 τὸ,
2926 1103 3056 1169 Nai,
3090 1108 3123 1158 ό
3158 1104 3382 1173 Πατήρ.
3425 1105 3729 1160 Ἀποδέδει-

2131 1210 2255 1245 κται
2283 1193 2459 1246 τοίνυν
2492 1192 2792 1258 ἐξάπαντος
2817 1193 2894 1263 τῷ
2925 1194 3039 1263 ἰδίῳ
3064 1194 3242 1265 Πατρλ.
3271 1195 3621 1264 εὐχαριστεῖν
3646 1194 3730 1247 τὸν

2130 1286 2386 1356 Χριστὸν,
2420 1303 2514 1345 και
2559 1285 2790 1356 οὐρανοῦ
2823 1285 3027 1356 Κύριον
3064 1287 3227 1343 αὑτὸν
3271 1287 3563 1356 ὀνομάζειν
3587 1304 3602 1317 ·
3643 1286 3730 1341 καὶ

2131 1376 2298 1448 πολλή
2338 1395 2432 1430 σου
2483 1377 2907 1449 φρενοϐλάϐεια,
2953 1377 3031 1449 μὴ
3082 1379 3419 1434 κατανοοῦσα
3462 1382 3565 1443 τῆς
3601 1380 3730 1452 άλη-

2131 1470 2280 1534 οείας
2313 1471 2412 1543 τὴν
2439 1472 2753 1543 ἐλευθερίαν
2784 1471 2823 1524 ⁸.

500 1710 688 1799 εριιῖιι.
737 1744 829 1798 23.
870 1742 1023 1797 Dixit
1072 1744 1418 1813 legisperito:
1457 1744 1519 1799 lu
1572 1746 1680 1816 lege
1718 1745 1843 1815 quid
1885 1748 2020 1801 scri-

2201 1736 2356 1806 Σχόλ.
2414 1745 2519 1806 κγ’.
2551 1738 2702 1792 Εϊπε
2761 1736 2842 1804 τῷ
2885 1738 3143 1807 νομικῷ·
3188 1741 3286 1795 Ἐν
3331 1739 3414 1807 τῷ
3462 1741 3635 1811 νόμῳ
3680 1744 3733 1798 τί

429 1845 577 1899 pham
619 1837 746 1889 est?
797 1832 865 1887 Et
920 1835 1260 1903 respondens.
1305 1834 1437 1888 Post
1488 1836 1781 1905 legisperiti
1835 1838 2017 1902 verba,

429 1926 568 1980 dixit
603 1945 617 1979 :
650 1925 806 1980 Recte
825 1927 1037 1981 dixisti.
1072 1926 1187 1982 Hoc
1215 1927 1324 1997 fac,
1355 1938 1402 1981 et
1432 1929 1564 1982 vives
1590 1932 1630 1983 '.

500 2098 686 2154 Refut.
725 2099 816 2155 23.
859 2100 995 2155 Cum
1038 2100 1132 2157 Dei
1158 2101 1329 2160 Filius
1361 2107 1591 2175 ipsumet
1616 2107 1816 2163 veritas
1852 2117 2017 2175 esset,

428 2194 704 2247 neminem
735 2209 924 2248 eorum
954 2196 1047 2265 qui
1089 2212 1148 2251 se
1173 2196 1240 2251 de
1279 2199 1385 2251 vita
1426 2202 1814 2271 consequenda
1848 2202 2021 2257 inter-

428 2290 708 2352 rogarent,
749 2282 962 2339 fefellit.
1007 2284 1064 2340 Si
1099 2288 1321 2357 quidem
1365 2298 1423 2343 ut
1452 2290 1616 2343 vitam
1655 2290 1898 2346 humano
1926 2308 2021 2362 ge-

428 2374 545 2428 neri
571 2374 914 2438 conciliaret,
943 2376 1179 2432 advenit.
1213 2378 1395 2445 Quare
1429 2396 1552 2435 cum
1588 2388 1643 2437 et
1665 2382 1788 2437 vita:
1819 2392 2023 2439 nostra:

426 2480 614 2519 curam
648 2468 901 2535 gesserit,
927 2476 981 2522 et
1017 2470 1065 2523 ei
1090 2470 1183 2539 qui
1208 2471 1380 2539 legem
1412 2482 1679 2537 servaret,
1709 2474 2020 2529 adfuturam

428 2554 597 2609 vitam
644 2556 983 2624 ostenderit;
1023 2556 1117 2612 sed
1159 2567 1212 2612 et
1256 2575 1405 2621 cum,
1448 2562 1538 2631 qui
1572 2577 1695 2617 cum
1746 2564 1863 2633 lege
1905 2563 2021 2633 ipsa

426 2652 798 2703 consentanee
827 2648 1206 2718 responderat,
1240 2653 1500 2720 praeclare
1533 2653 1743 2709 dixisse
1787 2663 2023 2711 testatus

430 2738 617 2799 fuerit,
659 2738 785 2807 quis
827 2740 932 2793 erit
974 2748 1083 2793 tam
1118 2757 1311 2797 vecors
1349 2758 1412 2796 ac
1447 2744 1720 2815 stupidus,
1758 2746 2021 2801 Marcioni

430 2839 491 2884 ut
544 2831 827 2893 iuliaareat,
874 2832 968 2903 qui
1024 2831 1138 2888 Deo
1191 2835 1267 2892 illi
1313 2837 1626 2901 maledicat,
1679 2854 1707 2891 a
1753 2857 1863 2910 quo
1913 2858 2021 2896 non

431 2920 596 2977 modo
633 2922 719 2979 lex
775 2923 828 2978 in
871 2923 1144 2989 homines,
1184 2926 1277 2980 sed
1326 2935 1380 2982 et
1407 2926 1684 2999 Evangelii
1723 2940 1808 2987 est
1849 2934 2023 3003 gratia

430 3015 700 3076 derivata.
729 3023 789 3069 ut
814 3030 874 3072 se
897 3016 1140 3072 hominis
1164 3018 1312 3074 illius
1340 3022 1626 3076 erroribus
1656 3023 1896 3087 addicat,
1926 3025 2018 3094 qui

429 3120 609 3176 neque
637 3121 701 3160 ex
739 3106 875 3174 lege,
920 3123 1100 3178 neque
1141 3125 1209 3164 ex
1251 3108 1458 3178 Spiritu
1492 3122 1682 3168 sancto
1724 3116 1887 3170 ullam
1926 3117 2022 3172 do-

428 3198 621 3252 ctrinae
659 3214 772 3253 suae
805 3200 1128 3269 particulam
1157 3204 1533 3271 expresserit?

499 3289 664 3360 330
690 3290 876 3346 Schol.
920 3292 1013 3346 25.
1057 3291 1125 3345 Et
1164 3294 1302 3348 dixit
1334 3312 1351 3348 :
1381 3295 1514 3360 Quis
1557 3306 1785 3352 vestrum
1818 3298 2025 3353 habebit

428 3383 684 3445 amicum,
713 3392 761 3437 et
791 3383 887 3436 ibit
912 3383 982 3437 ad
1016 3384 1169 3438 illum
1194 3385 1368 3441 media
1409 3398 1579 3450 nocte,
1604 3391 1881 3457 postulans
1917 3400 2023 3446 tres

426 3487 590 3543 panes
608 3477 633 3528 ?
660 3476 737 3528 Ac
779 3476 1038 3545 deinceps
1066 3495 1079 3530 :
1108 3476 1297 3537 I’etite.
1349 3487 1399 3532 et
1427 3478 1667 3533 dabitur.
1704 3481 1836 3547 Quis
1883 3484 2022 3536 enim

426 3579 495 3618 ea:
527 3562 669 3617 vobis
704 3575 781 3618 est
813 3573 982 3634 pater,
1017 3584 1049 3619 a
1086 3584 1188 3637 quo
1222 3568 1370 3636 ﬁlius
1423 3579 1566 3638 petat
1588 3570 1807 3638 piscem.
1842 3580 1893 3625 et
1927 3588 2023 3640 pro

426 3658 568 3728 pisce
599 3667 888 3725 serpentem
920 3658 1073 3712 dabit
1112 3660 1237 3716 illi?
1269 3670 1361 3714 aut
1383 3676 1480 3730 pro
1519 3678 1613 3715 ovo
1655 3663 2024 3731 scorpionem?

428 3747 492 3803 Si
522 3764 646 3818 ergo
674 3765 763 3803 vos
791 3766 910 3803 cum
939 3750 1059 3805 sitis
1093 3752 1248 3819 ntali,
1274 3753 1442 3807 nostis
1468 3752 1603 3807 bona
1633 3755 1784 3820 data,
1822 3764 2020 3825 quanto

427 3841 597 3912 magis
631 3840 792 3895 Pater
809 3843 830 3877 ³
846 3843 871 3882 9

495 3932 681 3987 Refut.
713 3934 804 3988 24.
847 3933 923 3989 Ex
959 3937 1075 3991 hoc'
1109 3936 1230 3991 loco
1273 3936 1413 3992 vafri
1463 3937 1705 3994 hominis
1753 3941 2021 4011 supersti-

422 4024 564 4080 tiosa
608 4034 663 4080 et
721 4027 979 4082 allectata
1034 4029 1229 4099 religio
1279 4030 1647 4087 convincitur.
1704 4030 1822 4087 Non
1871 4033 2018 4086 enim

423 4117 641 4185 optima:
685 4118 923 4187 alicujus
975 4120 1248 4175 mercedis
1301 4123 1499 4191 gratia,
1545 4130 1639 4176 aut
1681 4140 1777 4191 spe
1818 4139 2018 4178 conse-

424 4209 657 4278 quenda:
707 4210 1141 4269 immortalitatis
1179 4214 1463 4277 inductus.
1497 4215 1591 4270 sed
1623 4232 1690 4270 ex
1740 4217 2019 4286 impietate

424 4315 487 4355 ac
523 4302 800 4371 pestifera:
834 4304 1112 4372 opinionis
1144 4304 1382 4360 falsitate
1423 4308 1671 4361 ciborum
1708 4317 2021 4378 temperan-

2119 1820 2480 1889 γέγραπται;
2518 1826 2621 1880 Kal
2675 1825 3039 1893 ἀποκριθείς.
3093 1830 3247 1886 Μετὰ
3288 1831 3391 1901 τὴν
3435 1833 3734 1903 ἀπόκρισιν

2120 1913 2215 1966 τοῦ
2266 1914 2492 1985 νομικοῦ
2546 1911 2698 1975 εἶπεν
2720 1934 2734 1948 ⁸
2784 1908 2992 1986 Ὀρθῶς
3041 1916 3237 1988 εἶπας.
3304 1922 3489 1979 Τοῦτο
3543 1927 3729 1994 ποίει,

2122 2005 2223 2057 καὶ
2258 2005 2432 2075 ζήσῃ.

2196 2096 2412 2167 Ἐλεγχ.
2458 2099 2564 2166 κγ’.
2607 2098 2861 2170 Ἀλήθεια
2886 2100 2961 2154 ὢν
3004 2104 3032 2156 ὁ
3064 2102 3192 2167 Υἱὸς
3219 2102 3317 2156 τοῦ
3351 2102 3512 2170 Θεοῦ,
3542 2106 3733 2160 οὐδένα

2122 2186 2327 2240 ἐπλάνα
2350 2187 2458 2263 τῷν
2495 2188 2618 2259 περὶ
2643 2189 2791 2261 ζωῆς
2829 2190 3183 2260 ἐρωτώντων.
3219 2194 3319 2249 Διὰ
3348 2195 3457 2267 γάρ
3496 2198 3604 2265 τὴν
3629 2197 3732 2253 τῶν

2122 2278 2425 2350 ἀνθρώπων
2472 2281 2615 2353 ζωὴν
2667 2281 2914 2353 ἐλήλυθε.
2967 2285 3125 2354 Ζωῆς
3168 2287 3352 2342 τοίνυν
3398 2288 3730 2359 ἐπιμελομὲο

2120 2388 2212 2429 νου
2251 2370 2439 2433 αὑτοῦ,
2477 2374 2574 2425 καὶ
2618 2375 3034 2440 ὑποδεικνύντος
3070 2379 3163 2432 τὸν
3209 2379 3374 2449 νόμον
3416 2380 3496 2450 τῷ
3524 2380 3730 2449 φυλάτ-

2122 2480 2267 2517 τοντι
2296 2465 2391 2517 καὶ
2435 2467 2721 2538 ποιήσαντι
2775 2468 2920 2540 ζωὴν
2967 2471 3267 2544 ὑπάρχειν,
3324 2472 3420 2526 καὶ
3470 2472 3554 2542 τῷ
3594 2473 3732 2531 κατὰ

2122 2554 2283 2625 νόμον
2336 2556 2688 2626 ἀποκριθέντι
2763 2560 3037 2629 φήσαντος
3098 2560 3276 2632 ὀρθῶς
3335 2559 3729 2631 λελαλῃκὲναι.

2124 2648 2217 2701 καὶ
2262 2647 2449 2712 Οὕτως
2473 2649 2615 2703 ποίει
2654 2652 2748 2703 καὶ
2802 2653 2958 2723 ζήσῃ.
3016 2654 3099 2717 τίς
3131 2652 3305 2716 οὑτως
3358 2654 3731 2725 ὲμϐρὸντητος

2125 2738 2191 2795 ἂν
2240 2740 2345 2811 εἴη,
2403 2743 2480 2805 ὡς
2534 2742 2817 2797 πείθεσθαι
2876 2744 2974 2814 μὲν
3023 2745 3101 2814 τῷ
3153 2747 3441 2818 Μαρκίωνι
3489 2747 3734 2818 βλασφη-

2130 2830 2319 2901 μοῦντι
2354 2833 2435 2895 εἰς
2466 2832 2557 2884 τὸν
2598 2831 2751 2901 Θεὸν,
2800 2833 2892 2886 τὸν
2939 2835 3033 2887 καὶ
3086 2834 3249 2904 νόμον
3300 2835 3395 2889 καὶ
3431 2836 3535 2904 τὴν
3571 2837 3732 2907 χάριν

2125 2920 2219 2975 τοῦ
2256 2922 2589 2990 Εὑαγγελὶου
2616 2926 2728 2985 τοῖς
2772 2922 3079 2993 ἀνθρώποις
3118 2925 3545 2995 κεχαρισμένον,
3582 2925 3729 2995 αὐτῷ

2125 3012 2183 3065 δὲ
2216 3013 2627 3083 συναπάγεσθαι
2655 3013 2733 3084 τῷ
2761 3016 2899 3085 μήτε
2925 3017 2990 3069 ὲκ
3020 3016 3208 3085 νόμου,
3241 3018 3378 3087 μήτε
3405 3018 3519 3073 ἀπὸ
3556 3017 3729 3075 Ilvati-

2135 3123 2302 3177 ματος
2340 3107 2496 3175 ἁγίου
2523 3107 2700 3177 ἔχοντί
2726 3124 2777 3159 τι
2815 3106 2917 3176 τῆς
2948 3105 3332 3171 διδασκαλίαςς
3564 3100 3571 3105 ’

2197 3284 2354 3354 Σχόλ.
2402 3283 2498 3338 κδ’.
2542 3284 2651 3338 Kal
2705 3284 2867 3339 εἷπε·
2904 3284 2999 3349 Τίς
3047 3283 3117 3349 ἐξ
3164 3282 3333 3354 ὑμῶν
3364 3285 3492 3350 ἔξει
3521 3287 3726 3356 φίλον,

2127 3378 2224 3429 καὶ
2274 3377 2629 3443 πορεύσεται
2669 3374 2819 3444 πρὸς
2859 3375 3047 3430 αὐτὸν
3073 3378 3510 3444 μεσονυκτίου,
3550 3378 3730 3432 αἰτῶν

2127 3467 2284 3535 τρεῖς
2306 3466 2556 3535 ἅρτουςξ
2597 3468 2690 3521 καὶ
2732 3467 2948 3521 λοιπόν·
2971 3469 3214 3534 Αἰτεῖτε,
3246 3471 3344 3523 καί
3378 3469 3726 3540 δοθήσεται.

2133 3560 2271 3613 Τίνα
2332 3559 2442 3629 γὰρ
2488 3558 2558 3623 ἐξ
2606 3558 2774 3627 ὑμῶν
2839 3561 2944 3613 τὸν
2995 3560 3221 3628 πατέρα
3273 3561 3406 3626 υἱὸς
3470 3561 3730 3627 ciuica;-

2128 3650 2323 3719 ἰχθὺν,
2358 3651 2455 3705 καὶ
2490 3650 2623 3704 ἀντὶ
2675 3651 2881 3720 ἰχθύος
2914 3651 3053 3719 ὅφιν
3078 3651 3359 3705 ἐπιδώσει
3391 3653 3593 3718 abuit;
3630 3654 3725 3706 καί

2124 3744 2260 3799 ἀντὶ
2285 3743 2403 3798 dio?)
2436 3746 2733 3823 qxopm’or
2757 3761 2774 3807 ;
2801 3745 2869 3796 Et
2900 3740 3015 3799 οὖν
3043 3744 3212 3821 ὑμεῖς
3241 3745 3495 3813 πονηροί
3527 3745 3730 3800 οἴδατε

2123 3838 2351 3907 δόματα
2381 3837 2597 3907 ἀγαθὰ,
2637 3838 2806 3901 πόσῳ
2837 3836 3082 3906 μᾶλλον
3113 3840 3145 3889 ὁ
3182 3836 3417 3905 Πατήρς

2198 3931 2420 3998 Ἔλεγχ.
2459 3927 2555 3981 κδ’.
2599 3928 2951 3999 Ἐλήλεγ·τται
2982 3929 3038 3981 δὲ
3067 3929 3161 3983 τοῦ
3197 3929 3483 4001 ἀπατηλοῦ
3527 3930 3560 4000 ἡ
3611 3930 3729 3984 ἐθε-

2121 4021 2452 4093 λοθρησκεία
2487 4021 2584 4091 τῆς
2617 4020 2893 4084 πολιτείας
2926 4019 3032 4074 ἀπὸ
3073 4020 3262 4073 τούτου
3295 4021 3389 4075 τοῦ
3423 4021 3619 4094 ῥητοῦ.
3652 4023 3729 4076 Οὔ

2123 4111 2230 4184 γὰρ
2263 4111 2413 4182 αὑτῷ
2437 4111 2502 4165 δι’
2530 4110 2854 4183 ἐγκράτειαν
2877 4111 2911 4181 ἡ
2942 4111 3207 4173 πολιτεία,
3245 4112 3367 4165 οὐδὲ
3406 4112 3495 4166 διὰ
3532 4114 3730 4183 μισθὸν

2121 4203 2325 4273 ἀγαθὸν
2371 4204 2466 4257 καὶ
2512 4202 2701 4257 ἐλπίδα
2740 4202 2980 4273 άγῶνος’
3016 4203 3152 4258 ἀλλά
3200 4203 3291 4257 διὰ
3325 4204 3592 4259 ἀσέϐειαν
3631 4221 3730 4260 κα·-

2122 4297 2419 4369 κοτροπίαν
2465 4295 2645 4367 κακῆς
2688 4295 2961 4358 ὑπονοίας.
3003 4294 3256 4349 Διδάσκει
3294 4295 3406 4366 γάρ
3440 4292 3599 4361 οὗτος
3630 4300 3730 4367 ἑμ-

423 4392 558 4447 :iam
600 4393 874 4448 adhibuit.
928 4396 1203 4451 Animatis
1249 4398 1396 4451 enim
1440 4400 1587 4451 vesci
1638 4399 1909 4467 prohibet,
1953 4415 2017 4454 ac

2130 4388 2308 4460 ζμύχων
2345 4388 2419 4459 μὴ
2463 4386 2921 4458 μεταλαμϐάνειν,
2954 4387 3180 4456 φάσκων
3223 4387 3443 4459 ἐνόχους
3484 4384 3626 4443 εἶναι
3658 4390 3726 4459 τῇ

423 4496 551 4538 reos
581 4497 706 4538 esse
730 4482 946 4551 judicio
977 4492 1134 4554 putat
1171 4486 1298 4541 illos
1328 4486 1422 4555 qui
1470 4501 1667 4542 carnes
1700 4487 2011 4559 degustent,

422 4582 683 4646 tanquam
723 4577 939 4632 animas
971 4575 1282 4633 comedant.
1316 4576 1471 4645 Quod
1498 4580 1718 4650 quidem
1747 4582 1797 4634 in
1822 4581 2014 4651 primis

420 4673 507 4722 est
535 4665 861 4723 absurdum.
891 4666 1081 4739 Neque
1114 4669 1261 4725 enim
1303 4685 1434 4724 caro
1462 4677 1566 4734 est,
1611 4670 1707 4727 sed
1740 4671 1794 4725 in
1827 4672 2014 4726 carni-

422 4756 528 4813 bus
570 4757 714 4814 inest
763 4758 971 4815 anima.
1017 4756 1210 4829 Neque
1247 4773 1377 4814 vero
1422 4760 1709 4815 brutorum
1772 4759 2013 4814 animam

422 4851 650 4920 perinde
691 4860 856 4922 atque
905 4852 1189 4907 hominum
1237 4853 1535 4924 pretiosam
1584 4868 1709 4908 esse
1751 4852 2013 4915 dicimus,

423 4944 519 4997 sed
559 4944 626 4998 ad
648 4944 823 4998 vitam
859 4943 1130 4999 duntaxat
1176 4945 1508 5000 animalibus
1557 4959 1902 5000 concessam.
1942 4945 2012 4997 At

424 5038 517 5092 ille
540 5038 892 5094 miserrimus
927 5052 1053 5093 cum
1080 5039 1451 5094 sectatoribus
1477 5039 1596 5093 suis
1624 5039 1872 5092 eamdem
1911 5036 2013 5090 ho-

424 5127 632 5181 minum
663 5144 809 5191 esse,
839 5145 961 5199 quae
988 5131 1041 5185 in
1075 5131 1302 5199 reliquis
1334 5129 1710 5184 animantibus
1742 5129 2009 5194 cernitur,

421 5219 664 5274 animam
702 5221 1005 5276 existimat.
1051 5220 1208 5287 Quod
1250 5224 1299 5276 ei
1346 5221 1542 5292 dogma
1573 5220 1852 5291 plerisque
1883 5236 2009 5274 cum

420 5309 548 5365 aliis
585 5319 672 5365 est
712 5310 1019 5365 bmrcsibus
1048 5328 1359 5367 commune.
1412 5312 1547 5367 Nam
1580 5320 1634 5366 et
1662 5310 2009 5373 Valentinus,

419 5409 477 5451 et
507 5400 863 5467 Colorbasus,
906 5412 959 5457 et
981 5402 1227 5458 Gnostici
1258 5421 1472 5469 onmes,
1508 5420 1571 5459 ac
1600 5404 1878 5458 Manichari
1904 5416 2011 5457 tra-

424 5493 710 5549 ductiones
734 5496 1001 5564 quasdam
1042 5496 1369 5561 animarum,
1408 5505 1570 5565 atque
1601 5498 1655 5551 in
1694 5497 1846 5551 varia
1880 5511 2005 5549 cor-

494 5643 670 5709 'Luc.
702 5673 758 5717 ι,
781 5660 871 5710 21.
953 5646 971 5673 ²
1002 5657 1129 5711 Luc.
1169 5671 1221 5720 χ,
1249 5654 1340 5718 ‘27,
1371 5655 1466 5712 28.
1542 5659 1559 5686 ‘
1587 5652 1722 5711 Luc.
1758 5674 1836 5718 χι.
1870 5660 1902 5716 5
1925 5677 2044 5732 sqq.

2121 4482 2301 4553 κρίσει
2343 4483 2468 4545 τοὺς
2513 4479 2623 4534 τῶν
2651 4479 2831 4552 κρεῶν
2861 4481 3298 4552 μεταλήπτορας,
3330 4480 3407 4545 ὡς
3442 4480 3513 4535 ἂν
3542 4483 3728 4553 ψυχάς

2122 4573 2417 4637 ἐσθίοντας.
2463 4572 2692 4627 Ἡλίοιον
2724 4572 2782 4625 δέ
2815 4573 2931 4625 ἐστι
2971 4571 3031 4625 τὸ
3061 4574 3186 4625 πᾶν.
3226 4573 3303 4625 Οὐ
3330 4573 3443 4645 γάρ
3481 4574 3553 4628 τὰ
3585 4574 3728 4644 κρέα

2122 4669 2155 4739 ἡ
2188 4667 2358 4737 ψυχὴ,
2389 4666 2502 4720 ἀλλ’
2536 4668 2594 4719 ἐν
2619 4668 2731 4729 τοῖς
2769 4666 2993 4736 κρέασιν
3035 4666 3067 4735 ή
3111 4664 3275 4737 ψυχή.
3317 4666 3430 4720 Καὶ
3461 4666 3586 4720 οὔτε
3614 4668 3724 4737 ψυ-

2121 4760 2225 4830 χήν
2246 4760 2424 4829 φαμεν
2465 4753 2603 4811 εἶναι
2646 4758 2746 4829 τὴν
2790 4759 2848 4810 ὲν
2888 4759 2999 4821 τοῖς
3031 4756 3209 4823 ζώοις,
3238 4758 3314 4821 ὡς
3344 4758 3446 4829 τὴν
3473 4758 3584 4810 τῶν
3622 4760 3722 4809 ἀνα

2112 4852 2354 4923 θρώπων
2401 4852 2609 4922 τιμίαν,
2658 4850 2794 4903 ἀλλὰ
2839 4849 3017 4920 ψυχὴν
3059 4851 3141 4912 εἰς
3180 4848 3241 4902 τὸ
3288 4846 3391 4920 ζῇν
3438 4850 3603 4921 μόνον
3658 4848 3722 4900 τὸ

2118 4945 2275 5009 ζῶον.
2318 4944 2545 5015 Νομίζει
2593 4943 2648 4997 δὲ
2693 4946 2722 4997 ὁ
2764 4942 2993 5005 ἐλεεινὸς
3040 4934 3192 5005 οὗτος
3234 4940 3353 5011 ἅμα
3403 4944 3521 5006 τοίς
3574 4939 3720 4994 οὕτω

2120 5036 2426 5108 φρονοῦσιν,
2461 5038 2543 5090 ὅτι
2593 5038 2627 5106 ἡ
2665 5035 2803 5106 αὐτὴ
2835 5033 2981 5105 ψυχὴ
3026 5035 3084 5088 ὲν
3130 5035 3244 5097 τοῖς
3277 5033 3591 5105 ἀνθρώποις
3624 5034 3716 5087 καὶ

2120 5128 2280 5192 ζώοις
2309 5129 2565 5199 ὑπάρχει.
2591 5126 2761 5180 Τοῦτο
2783 5126 2891 5197 γὰρ
2922 5124 3073 5195 παρὰ
3104 5124 3326 5188 πολλαῖς
3354 5124 3467 5178 τῶν
3504 5124 3719 5179 πεπλα-

2118 5220 2367 5291 νημένων
2410 5220 2675 5291 αἱρέσεων
2727 5221 2904 5289 μάτην
2944 5217 3410 5287 ὑπολαμϐάνεται.
3456 5218 3567 5272 Καὶ
3604 5216 3717 5287 γὰρ

2118 5314 2210 5366 καὶ
2240 5312 2587 5375 Οὑαλεντῖνος
2622 5314 2716 5367 καὶ
2746 5310 3110 5382 Κοὶιόρϐασος,
3144 5309 3443 5364 Γνωστικοί
3479 5325 3541 5364 τε
3573 5309 3718 5362 πάν-

2112 5423 2204 5468 τες
2234 5408 2328 5459 καὶ
2354 5407 2643 5477 Μαελιχαίοι
2671 5406 2763 5460 καὶ
2788 5403 3195 5475 μεταγγισμοὺς
3218 5397 3361 5458 εἶναι
3388 5401 3579 5474 ψυχῶν
3608 5404 3716 5470 φά-

2116 5513 2324 5561 σκουσι,
2380 5499 2473 5550 καὶ
2530 5494 3049 5567 μετενσωματὼσεις
3109 5494 3208 5566 τῆς
3250 5493 3433 5565 ψυχῆς
3488 5493 3599 5546 τῶν
3655 5494 3716 5548 tv

2127 5660 2145 5686 ⁸
2168 5652 2287 5710 Vel.
2317 5656 2646 5719 ὀδοιπορίαν.
