3960 6130
1700 24 1873 33 ψ...ίῶ

296 227 383 282 lil

956 222 1328 281 ADVERSUS
1367 223 1710 287 "IERESES
1742 228 1872 287 LIB.
1915 227 1957 285 1.
1998 228 2165 285 ΤΟΜ.
2208 226 2294 284 Ill.
2339 257 2408 267 ——
2446 220 2719 280 ILERES.
2760 219 2920 276 XLII.

3414 276 3435 287 ς
3454 192 3561 284 at:

286 343 534 415 ἀγνωσία
563 342 886 415 ἀνθρώπων,
919 343 996 408 ὡς
1033 346 1185 401 αὐτοί
1215 363 1349 416 φασι
1378 347 1522 403 κατά
1559 364 1680 403 τινα
1711 345 1878 418 μυθο-

1990 360 2115 415 pora
2156 344 2424 401 transitus
2447 358 2572 404 esse
2600 340 2898 405 deﬁniunt;
2939 340 3089 411 quod
3127 339 3195 396 ad
3217 355 3314 399 eos
3336 343 3560 414 quidem

286 438 488 490 ποιίαν·
510 439 526 468 ¹
555 435 756 498 ταύτας
779 437 941 506 φασὶν
979 438 1350 509 ἐπιστρέφειν,
1385 439 1479 493 καὶ
1517 455 1870 508 μετενσωμα-

283 529 509 584 τοῢσθαι
541 530 621 595 εἰς
645 529 876 587 ἕκαστον
906 530 1014 583 τῶν
1044 529 1218 596 ζώων,
1257 531 1361 596 ἕως
1400 531 1466 592 ἂν
1512 531 1739 603 ἐπιγνῷ,
1775 531 1871 586 καὶ

284 621 429 685 οὕτω
478 621 814 702 καθαρθεῖσα
875 622 967 679 καὶ
1017 621 1343 683 ἀναλυθεῐσα
1383 625 1622 695 μεταστῇ
1672 623 1754 686 εἰς
1802 621 1872 681 τὰ

285 715 605 788 ἐπουράνια.

360 986 470 1045 Καὶ
535 984 750 1055 πρῶτον
812 982 910 1054 μὲν
964 979 1284 1052 ἐλήλεγκται
1342 979 1511 1035 αὑτοῦ
1563 981 1597 1058 ἡ
1645 980 1872 1051 μάταιος

289 1079 440 1135 πᾶσα
472 1076 566 1137 τοῦ
603 1076 773 1147 μύθου
803 1073 1138 1143 κατασκευή.
1170 1073 1387 1129 Τούτων
1430 1073 1539 1146 γὰρ
1579 1073 1677 1144 τὴν
1709 1074 1871 1145 ἀκρί-

290 1174 445 1227 ϐειαν
481 1170 654 1233 οὐδεὶς
686 1168 843 1232 ἄλλος
870 1166 1094 1227 δύναται
1134 1148 1333 1219 ειδέναι
1362 1164 1501 1237 ὑπὲρ
1530 1165 1622 1223 τὸν
1672 1166 1875 1237 Κύριον

292 1264 448 1335 ἡμῶν
486 1261 691 1333 Ἰησοῦν
724 1260 977 1332 Χριστὸν,
1006 1260 1099 1315 τὸν
1140 1259 1362 1314 ἐλθόντα
1392 1259 1480 1315 διὰ
1511 1258 1572 1313 τὸ
1604 1258 1875 1330 πρόϐατον

289 1358 351 1409 τὸ
397 1355 694 1420 ἀπολωλὸς,
745 1356 990 1415 τουτέστι
1033 1354 1122 1411 διὰ
1158 1354 1258 1418 τὰς
1291 1353 1472 1425 ψυχὰς
1516 1352 1625 1407 τῶν
1663 1352 1864 1424 ἀνθρώ-

292 1465 437 1505 πωνο
469 1447 527 1513 ὃς
564 1446 672 1502 τῶν
711 1445 888 1500 αὐτῶν
932 1445 1357 1516 ἐπιμελούμενος
1391 1444 1725 1515 ἐθεράπευσε
1768 1442 1873 1512 ψυ-

290 1540 459 1609 χικῶς
485 1539 579 1603 καὶ
611 1537 958 1608 σωματικῶς,
991 1537 1238 1608 σώματός
1276 1554 1336 1590 τε
1369 1536 1462 1591 καὶ
1485 1536 1659 1608 ψυχῆς
1686 1535 1878 1591 δεσπό-

292 1636 420 1705 ζων,
457 1630 679 1700 καὶτῆς
710 1628 947 1684 ἐνταῦθα
985 1629 1130 1701 ζωῆς
1150 1628 1483 1701 παρεκτικδς
1516 1626 1620 1690 ὢν,
1655 1628 1749 1681 καὶ
1776 1627 1877 1697 τῆς

1975 436 2226 492 homines
2264 435 2486 499 attinet,
2527 435 2622 505 qui
2664 435 2718 491 in
2750 434 3093 505 ignoratione
3137 443 3451 495 versantur.
3482 436 3561 491 De

1972 531 2173 603 quibus
2203 528 2394 585 nescio
2441 541 2606 598 quam
2645 524 2886 581 fabulam
2930 526 3227 583 commenti
3271 534 3422 588 sunt,
3473 542 3562 582 re-

1972 624 2093 679 dire
2162 621 2421 677 videlicet
2472 619 2749 681 animam,
2804 632 2869 672 ac
2919 634 2980 673 se
3019 618 3075 673 in
3124 619 3561 689 umunquodquc

1973 715 2334 770 animantium
2366 712 2616 777 induere,
2644 710 2819 765 donec
2846 712 3213 781 cognitionem
3246 712 3438 783 adepta
3464 712 3557 776 sit,

1973 816 2140 877 atque
2182 806 2258 860 ita
2305 813 2567 876 purgata,
2621 803 3002 873 dissolutaque
3054 803 3111 857 in
3147 804 3392 858 cwlestia
3441 804 3561 857 loca

1972 900 2319 970 commigret.
3140 910 3143 914 ‘

2047 991 2155 1048 Sed
2185 990 2453 1061 inprimis
2486 1003 2691 1043 vanum
2726 987 2859 1042 illud
2902 987 3175 1043 somnium
3214 988 3363 1042 nullo
3396 1003 3562 1060 nego-

1974 1082 2054 1138 tio
2091 1081 2461 1137 convincitur.
2506 1078 2723 1141 Etenim
2764 1080 2898 1150 quid
2945 1081 3124 1149 reipsa
3154 1090 3374 1149 geratur
3418 1083 3563 1137 scire

1976 1190 2138 1229 nemo
2169 1174 2365 1230 melius
2400 1182 2601 1245 potest,
2634 1188 2799 1243 quam
2823 1170 2984 1229 Jesus
3008 1173 3263 1228 Christus
3299 1172 3564 1229 Dominus

1978 1274 2186 1331 noster,
2226 1267 2321 1335 qui
2368 1264 2762 1335 recuperanda:
2813 1265 2932 1318 ovis
2975 1264 3201 1334 perditae
3244 1265 3415 1335 gratia
3469 1264 3565 1320 dc-

1976 1358 2215 1422 scendit,
2251 1358 2357 1411 hoc
2379 1365 2464 1413 est
2483 1366 2542 1411 ut
2571 1358 2784 1413 animas
2812 1357 3071 1411 liberaret
3094 1356 3399 1420 hominum,
3426 1372 3565 1427 quo-
3594 1398 3605 1411 κ

1980 1466 2102 1509 rum
2143 1449 2364 1504 utilitati
2395 1465 2458 1504 ac
2490 1451 2797 1506 rationibus
2827 1448 3100 1509 serviens,
3129 1457 3239 1502 tam
3273 1449 3382 1503 illis
3422 1465 3564 1519 quas

1978 1542 2115 1604 dixi,
2148 1552 2314 1610 quam
2359 1540 2685 1609 corporibus
2726 1539 2862 1609 ipsis
2891 1537 3195 1593 remedium
3225 1539 3442 1605 attulit;
3477 1550 3565 1593 ut-

1982 1643 2107 1702 pote
2143 1633 2392 1703 corporis
2428 1633 2652 1703 pariter,
2690 1633 2995 1702 animaeque
3033 1632 3311 1693 dominus,
3352 1647 3419 1688 ac
3451 1641 3563 1686 tam

295 1721 592 1795 μελλούσης
611 1737 625 1753 ’
657 1718 750 1775 τοῦ
782 1720 880 1791 μὲν
909 1719 1331 1792 τελευτήσαντος
1365 1721 1409 1783 ³,
1442 1720 1585 1790 φημὶ
1610 1718 1667 1775 δὲ
1695 1718 1874 1782 Λάζα-

1990 1727 2268 1796 praesentis
2297 1742 2459 1797 quam
2491 1726 2691 1781 futurae
2715 1726 2839 1779 vita:
2865 1725 3109 1794 largitor.
3145 1724 3244 1779 Hic
3270 1727 3415 1779 enim
3440 1734 3565 1795 post

295 1832 410 1889 ρον,Ι
445 1812 540 1867 καὶ
572 1812 663 1874 τὸν
701 1811 814 1873 υἱὸν
840 1812 938 1884 τῆς
979 1813 1176 1884 χήρας,
1204 1814 1299 1866 καὶ
1330 1810 1429 1883 τὴν
1468 1811 1743 1883 θυγατέρα
1784 1811 1877 1864 τοῦ

292 1902 742 1985 ἀρχισυναγώγου
772 1903 879 1961 ἀπὸ
915 1902 1125 1976 νεκρῶν
1149 1903 1388 1977 ἐγείρας,
1413 1902 1512 1959 οὐκ
1537 1904 1617 1966 είς
1646 1900 1880 1973 πονηρὸν

291 1999 491 2063 αὐτοὺς
540 1997 723 2071 φέρων
746 2035 762 2060 ,
811 1996 886 2060 ὡς
928 1996 1083 2051 αὐτοὶ⁴
1137 1996 1199 2057 τὸ
1242 1996 1403 2067 σῶμα
1442 1995 1688 2066 φυλακὴν
1740 1992 1880 2049 εἶναι

291 2090 731 2161 δογματίζουσιν,
770 2086 907 2144 ἀλλὰ
951 2087 1155 2156 ἀγαθὸν
1194 2088 1396 2152 ποιῶν,
1442 2088 1535 2142 καὶ
1575 2086 1877 2155 γινώσκων,

293 2185 375 2237 ὅτι
399 2184 493 2238 καὶ
519 2183 552 2252 ἡ
581 2180 814 2236 ἐνταῦθα
837 2182 895 2234 ἐν
928 2180 1092 2253 σαρκὶ
1121 2181 1409 2253 παραμονὴ
1434 2182 1522 2234 ὑπ’
1550 2181 1715 2235 αὐτοῦ
1750 2180 1882 2251 ὥρι-

296 2292 438 2341 σται,
492 2276 587 2331 καὶ
617 2277 650 2345 ἡ
686 2274 953 2346 μέλλουσα
993 2273 1192 2349 σαρκὸς
1223 2274 1316 2328 καὶ
1346 2272 1524 2344 ψυχῆς
1562 2273 1877 2336 ἀνάστασις.

296 2369 407 2423 Καὶ
464 2370 512 2422 ει
554 2367 717 2425 πάλιν
747 2367 884 2439 ᾔδει,
924 2367 1005 2427 δτι
1049 2366 1150 2438 μία
1187 2365 1332 2436 ψυχή
1370 2369 1516 2419 ἐστιν
1549 2367 1584 2437 ἡ
1629 2367 1687 2418 ἐν
1721 2365 1881 2431 ζώοις

296 2462 389 2523 καὶ
438 2462 499 2514 ἐν
542 2458 872 2532 ἀνθρώποις,
912 2458 1091 2536 ψυχῆς
1132 2458 1189 2511 δὲ
1232 2453 1364 2530 ἦλθε
1404 2457 1731 2529 ποιήσασθαι
1781 2458 1880 2530 τὴν

298 2552 604 2625 σωτηρίαν,
649 2552 749 2607 οὐκ
792 2552 897 2609 ἔδει
946 2552 1109 2607 αὑτὸν
1150 2551 1247 2611 ἕνα
1275 2550 1649 2623 καθαρίσαντα
1687 2551 1880 2622 δαιμο-

297 2645 521 2712 νιῶντα,
547 2644 691 2714 λέγω
715 2643 780 2717 δὴ
806 2644 897 2698 τὸν
924 2642 1031 2702 ἀπὸ
1059 2641 1169 2699 τῶν
1197 2659 1301 2715 μνη
1311 2642 1476 2713 μείων
1505 2640 1880 2712 ἐξερχόμενον,

298 2738 554 2797 κελεῦσαι
602 2740 715 2802 τοῖς
773 2736 1023 2807 δαίμοσιν
1068 2734 1361 2807 ἀπελθεῖν,
1413 2735 1508 2787 καὶ
1565 2734 1883 2787 ἀποκτεῖναι

296 2831 585 2902 δισχιλίους
610 2830 847 2901 χοίρους,
879 2829 928 2882 εἰ
950 2828 1063 2885 [crat
1084 2822 1225 2898 ἦσαν
1256 2828 1312 2880 al
1340 2826 1511 2897 ψυχαὶ⁸
1536 2824 1644 2878 τῶν
1672 2821 1885 2896 ἀνθρώ-

299 2941 419 2980 πων
457 2923 553 2977 καὶ
597 2921 705 2974 τῶν
748 2919 965 2993 χοίρων.
1010 2918 1134 2982 Πῶς
1167 2916 1278 2990 γὰρ
1324 2919 1452 2988 μιᾶς
1493 2914 1884 2987 ἐπιμελόμενος

299 3015 575 3088 δισχιλίων
598 3013 771 3069 ἐποίει
808 2998 1057 3084 6λὲορον;
1085 3013 1149 3067 El
1190 3010 1246 3065 δὲ
1285 3010 1448 3065 πάλιν
1486 3010 1560 3074 ὡς
1598 3008 1720 3078 ὄφις
1759 3025 1886 3061 σκο-

300 3108 467 3164 λιεύει
510 3106 923 3179 μηχανώμενος,
962 3104 1057 3159 καὶ
1103 3104 1275 3173 λέγων
1295 3144 1309 3167 ,
1354 3104 1437 3157 ὅτι
1481 3102 1671 3155 ἔλυσεν
1715 3100 1886 3164 αὐτὰς

302 3199 411 3261 ἀπὸ
436 3199 543 3253 τῶν
568 3198 858 3269 σωμάτων,
887 3197 974 3253 ἵνα
997 3195 1293 3251 ἀνέλθωσιν
1313 3211 1327 3225 ’
1357 3194 1467 3248 ἔδει
1506 3194 1596 3247 τὸν
1640 3191 1890 3265 Λάζαρον

303 3290 534 3353 λυθέντα
576 3289 670 3351 τοῦ
722 3290 973 3359 σώματος
1025 3289 1099 3361 μὴ
1149 3286 1474 3358 ἐπιστρέψαι
1517 3285 1679 3341 πάλιν
1724 3287 1803 3348 εἰς
1829 3284 1890 3337 τὸ

305 3384 499 3455 σῶμαε
538 3382 738 3457 μᾶλλον
777 3380 836 3437 δὲ
866 3381 962 3437 καὶ
1004 3380 1167 3437 αὑτὸν
1205 3380 1297 3432 τὸν
1332 3378 1692 3450 δαιμονιῶντα
1730 3375 1891 3429 λῦσαι

301 3476 429 3543 τοὺς
448 3474 679 3546 δεσμοὺς
709 3472 804 3529 τοῦ
829 3471 1080 3543 σώματος
1098 3490 1110 3507 ο
1139 3471 1253 3528 ἀλλ’
1284 3471 1385 3524 οὐκ
1412 3469 1663 3540 ἐποίησεν
1686 3467 1887 3530 οὕτως·

304 3568 551 3639 προενόει
604 3565 661 3621 δὲ
716 3564 916 3643 μᾶλλον
967 3562 1107 3619 οὓτω
1158 3561 1250 3616 τοῦ
1307 3560 1557 3633 σώματος
1622 3559 1778 3624 εἰδὼς
1830 3559 1891 3613 τὸ

305 3659 483 3730 σνμφέ
490 3675 601 3731 ρον.

314 3994 319 3999 ,
373 3934 633 3995 Διέπεσεν
672 3936 701 3993 ό
742 3933 872 4006 περὶ
920 3932 1097 4004 ψυχῆς
1141 3949 1236 3987 σου
1286 3931 1464 4000 λόγος,
1509 3923 1553 3984 ὦ
1599 3929 1886 4002 Μαρκίων,

303 4028 399 4091 καὶ
428 4027 537 4080 τῶν
572 4026 682 4081 ἀπὸ
712 4026 806 4081 σοῦ
851 4026 947 4085 καὶ
991 4024 1100 4078 τῶν
1138 4023 1313 4083 ἄλλων
1348 4024 1611 4096 αἱρέσεων
1635 4024 1890 4095 ὁρμωμέ-

302 4138 428 4173 νων.
465 4119 574 4172 Καὶ
602 4119 731 4189 περὶ
765 4118 863 4189 τῆς
899 4117 1272 4189 προσποιητῆς
1308 4133 1401 4169 σου
1432 4115 1704 4179 πολιτείας
1733 4111 1889 4179 αὖθις

303 4214 436 4286 ἐρῶ,
467 4213 554 4271 διὰ
580 4211 641 4266 τὸ
671 4212 848 4280 λέγειν
878 4227 936 4267 σε
967 4210 1201 4281 πονηρὸν
1234 4204 1374 4262 εἶναι
1410 4210 1505 4263 καλ⁴
1532 4207 1791 4278 ἀθέμιτον
1827 4206 1888 4260 τὸ
1922 4228 1927 4233 υ

305 4305 524 4379 σαρκῶν
565 4303 1019 4375 μεταλαμϐάνειν.
1072 4300 1315 4371 Ἐλέγχει
1373 4300 1431 4352 δέ
1492 4317 1551 4353 σε
1607 4302 1636 4355 ό
1696 4300 1888 4371 Σωτὴρ

1980 1819 2230 1889 corporis
2262 1819 2494 1881 obitum,
2530 1817 2819 1879 Lazarum,
2861 1824 2915 1871 et
2947 1817 3126 1871 viduae
3154 1817 3345 1879 (ilium,
3376 1832 3439 1871 ac
3473 1832 3567 1888 sy-

1983 1926 2205 1982 nagoga:
2237 1910 2503 1981 principis
2528 1910 2693 1963 ﬁliam
2716 1909 2978 1963 excitavit
3010 1923 3041 1962 a
3073 1909 3331 1974 mortuis,
3362 1923 3472 1963 non
3507 1915 3568 1964 ut

1983 2002 2038 2056 in
2091 2002 2297 2057 malum
2335 2001 2596 2072 quiddam
2647 2001 2772 2061 i-ll’os
2822 1999 3011 2056 subire
3046 2000 3437 2069 compelleret:
3469 2014 3569 2055 cu-

1978 2093 2219 2164 jusmodl
2267 2092 2600 2163 ergastulum
2652 2090 2743 2146 isti
2802 2089 3001 2144 animae
3047 2103 3252 2159 corpus
3303 2103 3427 2145 esse
3455 2098 3570 2144 sta-

1981 2190 2162 2248 tuunt,
2208 2184 2304 2238 sed
2351 2184 2553 2237 bonum
2596 2181 2785 2250 utique
2813 2182 2971 2253 331
3000 2182 3244 2244 molitus,
3289 2194 3354 2234 ac
3399 2180 3569 2249 probe

1983 2274 2131 2333 istud
2162 2275 2492 2346 intelligens,
2533 2282 2640 2327 tam
2670 2273 2817 2331 illam
2847 2274 2902 2327 in
2924 2287 3155 2341 corpore
3178 2269 3569 2326 commoratio-

1982 2383 2107 2423 nem
2140 2383 2170 2421 a
2200 2382 2279 2430 se,
2321 2381 2484 2436 quam
2520 2363 2759 2419 futuram
2784 2363 2970 2419 carnis
2990 2371 3045 2416 et
3086 2363 3283 2417 animat
3320 2378 3569 2419 resurre-

1982 2461 2219 2515 ctionem
2248 2474 2374 2515 csse
2413 2457 2716 2512 deﬁnitam.
2754 2459 2830 2510 Ac
2864 2456 2908 2511 si
2944 2456 3282 2525 reliquorum
3315 2457 3568 2510 animan-

1984 2552 2120 2608 tium
2169 2552 2417 2606 eamdem
2467 2559 2630 2619 atque
2676 2548 2961 2602 hominum
3018 2562 3141 2602 esse
3178 2554 3397 2617 putaret
3450 2547 3569 2602 ani-

1984 2661 2153 2708 mam,
2179 2660 2304 2699 cum
2333 2644 2531 2699 anima:
2556 2641 2838 2703 servandae
2867 2657 3034 2697 causa
3065 2642 3325 2708 venisset,
3359 2655 3569 2710 nequa-

1984 2753 2150 2810 quam
2198 2738 2488 2809 Oportebat
2528 2736 2815 2806 arreptitio
2861 2751 2973 2790 uno
3009 2743 3341 2805 persanata,
3390 2732 3483 2804 qui
3539 2747 3571 2787 e

1986 2831 2356 2886 monumentis
2384 2830 2588 2895 exibat,
2617 2829 2769 2884 abire
2805 2830 3081 2884 damones
3105 2827 3322 2897 jubere,
3351 2841 3415 2880 ac
3443 2840 3578 2897 por-

1986 2938 2177 2982 corum
2208 2922 2381 2981 millia
2409 2921 2517 2976 duo
2545 2920 2834 2992 perimere,
2872 2923 2918 2977 si
2949 2921 3001 2975 in
3040 2921 3221 2991 porcis
3251 2918 3571 2975 et‘hominio

1988 3014 2091 3069 bus
2129 3013 2329 3069 eaedem
2362 3013 2560 3067 animae
2600 3012 2901 3067 rcsideant.
2944 3011 3057 3067 Cur
3096 3002 3244 3067 enim
3283 3010 3449 3066 unius
3480 3024 3569 3065 cu-

1994 3120 2107 3159 ram
2137 3119 2262 3159 cum
2293 3105 2530 3159 duorum
2570 3104 2800 3158 millium
2831 3104 3206 3160 commutabat
3244 3102 3455 3158 exitio?
3486 3103 3570 3157 Ad

1992 3199 2107 3253 haec
2136 3199 2182 3253 si
2215 3199 2486 3270 serpentis
2519 3201 2697 3254 instar
2720 3197 2959 3267 obliquis
3002 3195 3233 3251 ﬂexibus
3267 3194 3463 3250 callide
3496 3195 3568 3250 ir-

1992 3301 2165 3362 repat,
2201 3306 2265 3347 ac
2291 3292 2460 3357 dicat,
2500 3293 2622 3348 ideo
2646 3308 2675 3346 a
2707 3290 2957 3361 corporis
2993 3290 3114 3345 illas
3150 3289 3385 3345 vinculis
3412 3304 3581 3345 exso-

1992 3382 2162 3449 lutas,
2204 3399 2426 3440 sursum
2451 3393 2511 3439 ut
2547 3386 2765 3440 evolare
2792 3390 3050 3454 possent;
3092 3383 3257 3436 etiam
3302 3380 3572 3439 Lazarum

1992 3490 2092 3547 par
2111 3487 2231 3535 erat
2258 3491 2487 3548 corpore
2510 3477 2773 3543 solutum,
2803 3475 2868 3529 ad
2894 3490 3096 3546 corpus
3126 3476 3325 3528 iterum
3350 3473 3573 3527 minime

1992 3566 2215 3631 reverti,
2255 3567 2501 3637 adeoque
2541 3567 2692 3621 illum
2721 3567 2899 3637 ipsum
2937 3582 3099 3636 quem
3149 3564 3392 3620 diximus
3421 3576 3574 3619 arreo

1992 3660 2211 3729 ptitium
2258 3660 2510 3730 corporis
2560 3658 2799 3714 vinculis
2839 3658 3299 3728 eximere:quud
3351 3655 3574 3726 quidem

1994 3750 2174 3807 facere
2202 3751 2399 3814 noluit,
2444 3750 2540 3807 sed
2579 3751 2796 3820 corpori
2828 3750 3010 3819 potius
3052 3751 3159 3804 hoc
3193 3749 3358 3804 modo
3391 3748 3573 3817 provi-

1991 3842 2092 3904 dit,
2125 3840 2271 3896 haud
2310 3841 2535 3912 ignarus
2566 3842 2696 3911 quid
2732 3841 3081 3912 potissimum
3105 3843 3407 3911 expediret.

2062 3933 2429 4001 Quamobrem
2454 3933 2567 3987 ruit
2586 3934 2675 3986 ilia
2696 3941 2810 3999 tua,
2834 3932 3059 3998 Marcio,
3077 3947 3425 4007 tuorumque,
3443 3952 3573 3992 nec—

1993 4045 2102 4083 non
2141 4036 2196 4083 ct
2230 4037 2553 4083 caeterorum
2601 4026 2667 4081 de
2718 4025 2903 4080 anima
2950 4027 3333 4082 haereticorum
3368 4030 3574 4101 Opinio.

1991 4122 2068 4177 De
2094 4122 2350 4177 simulata
2384 4135 2515 4176 vero
2537 4120 2630 4174 illa
2650 4126 2747 4173 tua
2768 4120 2894 4174 vitae
2926 4121 3238 4192 integritate
3265 4137 3412 4178 nunc
3439 4137 3574 4192 pau-

1992 4219 2074 4272 cis
2112 4216 2384 4287 agendum
2419 4221 2540 4282 est;
2579 4214 2755 4285 deque
2777 4227 2843 4269 eo
2872 4214 3019 4286 quod
3059 4214 3385 4273 sceleratum
3415 4226 3575 4287 atque

1991 4305 2382 4362 exsecrabilem
2436 4321 2598 4363 usum
2649 4304 2897 4360 carnium
2945 4321 3071 4363 esse
3116 4308 3428 4375 contendis.
3471 4307 3577 4366 Sed

304 4397 467 4457 πλέον
520 4414 615 4455 σου
664 4396 1048 4465 ἐπιστάμενος,
1099 4394 1195 4447 καὶ
1244 4392 1509 4446 διδάσκων
1558 4392 1623 4445 τὸ
1671 4390 1883 4449 κάλλιον

1994 4399 2252 4453 nimirum
2315 4407 2368 4455 te
2414 4397 2665 4455 Salvator
2711 4398 2830 4469 ipse
2883 4398 3246 4465 condemnat,
3306 4402 3400 4472 qui
3453 4417 3578 4457 cum

302 4489 413 4549 ἀπὸ
454 4489 546 4543 τοῦ
585 4487 827 4545 τοιούτου
871 4486 1057 4559 ῥητοῦ.
1104 4486 1269 4555 Λέγει
1314 4484 1450 4556 γάρ·
1501 4486 1641 4540 Τίνα
1681 4487 1714 4539 ὁ
1754 4483 1889 4551 ὐἱὸς

304 4579 525 4649 αἰτήσῃ
556 4578 879 4650 ιχθύνςμὴ
925 4579 1065 4649 ὄφιν
1111 4576 1388 4632 ἐπιδώσει
1438 4576 1634 4643 ulmi);
1675 4576 1714 4646 ἢ
1752 4576 1888 4632 ἀντὶ

300 4672 421 4729 dici;
452 4673 788 4741 axopalor;
814 4674 924 4728 Καὶ
951 4671 1178 4744 ὕστερόν
1210 4686 1374 4742 φησιν
1399 4685 1412 4700 ο
1449 4671 1517 4723 Et
1554 4664 1668 4724 οὖν
1695 4669 1885 4738 ὑμεῖς.

302 4764 555 4833 πονηροὶ
584 4763 775 4830 ὄντες,
805 4764 1005 4818 οἵδατε
1038 4763 1263 4834 δόματα
1288 4762 1479 4833 ἀγαθὰ
1506 4760 1738 4815 διδόναι
1765 4759 1889 4826 τοῖς

300 4856 536 4924 τέκνοις
582 4856 777 4928 ὑμῶν,
829 4858 1002 4922 πόσῳ
1040 4856 1285 4927 μᾶλλον
1332 4858 1366 4910 ὁ
1416 4854 1622 4924 Πατὴρ
1657 4852 1827 4924 ὑμῶν
1855 4856 1890 4907 ό

300 4948 660 5027 ἐπουράνιος
681 4965 701 5015 ;
727 4950 791 5003 El
814 4949 995 5004 τοίνυν
1018 4949 1228 5020 δόματα
1248 4948 1426 5018 ἀγαθὰ
1449 4947 1715 5017 κέκληκεν
1734 4945 1888 5017 ἰχθὺν

302 5043 399 5097 καὶ
437 5042 563 5106 ὠὸν,
603 5042 665 5096 οὐ
702 5042 937 5113 πονηρὸν
985 5042 1045 5094 τὸ
1087 5042 1202 5112 μετ’
1237 5040 1585 5113 εὐχαριστίας
1643 5041 1709 5094 ἐκ
1751 5036 1889 5093 Θεοῦ

302 5130 561 5204 χαρισθὲν
612 5130 1181 5203 μεταλαμϐανόμενον,
1216 5131 1310 5187 καὶ⁴
1353 5129 1677 5201 ἐλήλεγκταί
1719 5147 1814 5184 σου
1853 5131 1887 5205 ή

301 5225 642 5298 κακοτροπία
666 5212 1020 5297 πανταχόθεν.

376 5406 530 5478 Σχόλ.
571 5412 667 5460 κε’.
709 5406 1133 5478 Παρακέκοπται
1168 5406 1229 5459 τὸ
1276 5407 1406 5478 περὶ
1447 5408 1601 5461 Ἰωνᾶ
1637 5406 1731 5461 τοῦ
1757 5423 1891 5480 προ-

304 5502 497 5572 φήτου.
550 5495 676 5568 Εἶχε
722 5499 863 5568 γάρ·
902 5499 971 5553 Ἠ
1021 5498 1197 5569 γενεὰ
1247 5498 1401 5566 αὕτη
1444 5497 1699 5566 σημεῖον
1731 5499 1774 5561 ³,
1816 5500 1889 5553 οὐ

377 5688 393 5720 ⁸
420 5686 543 5742 For.
582 5686 693 5740 καί.
771 5689 791 5719 ⁸
819 5684 940 5740 For.
985 5685 1103 5747 τοὺς
1157 5684 1254 5751 μὲν
1288 5683 1736 5754 τελευτήσαντας.

1995 4491 2225 4546 scicntia
2257 4491 2418 4563 longe
2448 4491 2744 4557 antecellit,
2782 4499 2894 4546 tum
2919 4491 3051 4562 quid
3086 4493 3282 4549 melius
3308 4487 3455 4549 esset
3478 4494 3578 4549 hac

1996 4583 2266 4637 sententia
2296 4583 2614 4652 complexus
2651 4589 2736 4637 est
2768 4601 2781 4637 :
2812 4581 3071 4648 Quisnam
3097 4591 3196 4643 est,
3243 4598 3277 4635 a
3303 4598 3404 4652 quo
3434 4582 3579 4651 ﬁlius

1993 4684 2135 4745 petat
2158 4676 2390 4746 piscem;
2429 4691 2554 4728 num
2585 4683 2876 4743 serpentem
2911 4673 3061 4726 dabit
3108 4674 3191 4726 illi
3222 4682 3315 4727 aut
3355 4689 3449 4743 pro
3487 4690 3577 4728 ovo

1996 4769 2364 4837 scorpionem?
2394 4765 2605 4832 Quibus
2630 4767 2734 4819 ista
2766 4764 3001 4833 subjecit
3033 4778 3050 4818 :
3080 4763 3137 4819 Si
3172 4782 3292 4839 ergo
3339 4782 3426 4820 vos
3459 4782 3579 4820 cum

1995 4863 2114 4917 sitis
2150 4860 2281 4913 mali
2302 4859 2466 4912 nostis
2497 4858 2635 4912 bona
2662 4856 2793 4911 data
2823 4856 2954 4911 dare
2980 4857 3110 4926 ﬁliis
3144 4857 3349 4922 vestris,
3383 4866 3578 4928 quanto

1997 4955 2167 5025 magis
2202 4952 2366 5007 Pater
2398 4960 2566 5006 vester
2615 4950 2881 5006 caelestis?
2905 4949 3075 5020 Igitur
3112 4964 3236 5003 cum
3278 4947 3405 5003 data
3439 4949 3577 5003 bona

1998 5046 2204 5117 piscem
2229 5058 2503 5114 ovumque
2527 5041 2796 5107 nominet,
2824 5042 3025 5096 malum
3047 5057 3155 5096 non
3179 5046 3265 5095 est
3290 5039 3446 5102 illud,
3469 5056 3579 5111 quo

1997 5139 2217 5195 coalitus
2261 5149 2528 5192 concesso
2564 5150 2691 5191 cum
2737 5134 3038 5205 gratiarum
3086 5133 3301 5188 actione
3343 5132 3582 5201 perfrui-

1997 5246 2157 5292 mur;
2187 5229 2435 5300 adeoque
2465 5234 2557 5283 tua
2578 5243 2645 5283 ex
2674 5227 2825 5282 omni
2851 5234 3005 5298 parte
3031 5224 3187 5281 fraus
3217 5224 3582 5296 impietasque

1996 5314 2284 5387 detegitur.

2049 5408 2255 5465 'Scltol.
2298 5409 2393 5465 25.
2434 5408 2749 5463 Detraetum
2793 5406 2927 5463 illud
2950 5416 3118 5475 κει-οι,
3154 5406 3301 5477 quod
3344 5405 3411 5460 ad
3455 5421 3582 5475 pro-

1998 5502 2216 5571 phetam
2260 5500 2454 5555 Jouam
2488 5503 2738 5571 pertinet.
2783 5499 2873 5556 Sic
2918 5502 3062 5556 cnim
3115 5499 3387 5555 habebat:
3417 5494 3580 5554 Gene.

1816 5684 1835 5712 ³
1863 5683 2015 5738 Adde
2036 5683 2196 5747 αἰτεῖ,
2228 5684 2322 5734 καὶ
2359 5684 2605 5752 σημεῖον.
