3960 6124
1286 24 1375 26 Ῠὴκ
1402 22 1469 27 .--
1494 22 1597 27 squ...“
1616 18 1775 29 ...πμ-.-

332 348 436 406 745

968 354 1335 416 ADVERSL'S
1376 362 1710 420 Ii.’£liESi‘.S
1744 367 1866 420 LIB.

2003 365 2147 420 [ῸΜ.
2190 365 2365 420 III.——
2395 367 2667 426 HERES.
2708 370 2864 428 XLII.

3470 383 3572 440 746

341 469 560 525 Ἰούδα·
604 472 696 523 καὶ
730 476 846 541 μετ’
881 475 1065 544 ὀλίγα·
1106 479 1253 543 Ἕως
1294 481 1441 548 ἔλθῃ
1482 475 1530 547 ᾧ
1570 485 1643 537 τὰ
1675 486 1897 539 ἀποκεί-

2013 483 2315 538 ascendisti.
2351 484 2689 556 Requiescens
2712 490 3025 547 accubuisti.
3055 491 3173 551 Non
3196 497 3399 566 deﬁciet
3421 504 3573 570 prin-

320 576 508 629 μενα·
559 561 653 613 καί
700 563 882 629 αὐτὸς
911 568 1241 633 προσδοκία
1276 571 1483 625 ἐθνῶν.
1525 574 1630 625 Καὶ
1680 575 1770 626 ἐπ’
1799 577 1903 627 αὺ-

326 648 435 702 τὸν
461 650 604 718 ἔθνη
651 651 986 708 ἐλπιοῦσιν.
1032 656 1256 722 Ἡσαΐας
1299 661 1384 714 δέ·
1427 663 1568 735 Ἰδοὺ
1608 666 1646 731 ἡ
1687 665 1901 732 παρθέ-

325 748 434 805 νος
470 740 540 793 έν
575 742 784 810 γαστρί
835 744 975 807 ἕξει.
1022 747 1287 818 Ἱερεμίας
1323 751 1409 803 δέ·
1447 753 1555 804 Καὶ
1595 753 1902 820 ἄνθρωπός

324 831 475 897 ἐστι,
508 833 735 909 καίκτίς
764 836 1050 903 γνώσεται
1075 842 1304 903 αὐτόν;
1338 844 1571 912 Μιχαίας
1598 860 1610 872 ·
1646 846 1751 898 Καὶ
1798 846 1898 909 σὺ,

325 922 626 993 Βηθλεέμ·
665 926 759 979 καὶ
804 926 922 995 μεθ’
956 928 1137 1000 ἔτερα·
1175 934 1275 984 Ἐκ
1315 933 1430 986 σοῦ
1458 952 1558 1000 μοι
1589 935 1900 998 ἐξελεύσε-

323 1029 419 1066 ται
449 1015 797 1084 ἡγούμενος,
831 1018 926 1070 καὶ
958 1019 1025 1071 τὰ
1053 1020 1197 1090 ἑξῆς.
1239 1022 1294 1074 Ὀ
1327 1023 1383 1076 δὲ
1417 1025 1701 1095 Μαλαχίας
1724 1043 1737 1056 θ
1782 1026 1901 1089 Ἐξ-

325 1105 545 1174 αίεενης
581 1109 668 1172 είς
712 1108 819 1161 τὸν
860 1111 1010 1163 ναὸν
1049 1111 1179 1177 ἥξει
1212 1114 1461 1180 Κύριος·
1522 1118 1548 1169 6
1592 1116 1647 1168 δὲ
1699 1117 1895 1170 Δαϐίδσ

327 1191 566 1247 Εἶπεν-ό
596 1196 810 1262 Κύριος
849 1197 927 1262 τῷ
963 1201 1150 1266 Κυρίῳ
1187 1219 1326 1269 μου,
1362 1202 1455 1255 καὶ
1498 1203 1565 1256 τὰ
1610 1204 1754 1275 ἑξῆς.
1791 1206 1899 1258 Καὶ

326 1285 496 1339 πολλὰ
523 1287 637 1340 ἐστι
665 1287 864 1356 λέγειν,
893 1292 987 1343 καὶ
1011 1293 1171 1344 αὑτοῦ
1211 1293 1455 1362 λέγοντος
1491 1296 1583 1349 τοῦ
1610 1298 1860 1369 Σωτῆρος
1881 1340 1895 1353 .

321 1377 387 1430 El
422 1379 650 1447 Μωυσῇ
692 1381 1056 1445 ἐπιστεύετε,
1105 1384 1445 1441 ἐπιστεύετε
1482 1386 1558 1442 ἂν
1602 1389 1700 1443 καί
1745 1391 1896 1460 ἐμοί.

336 1465 597 1534 Ἐκεῖνος
629 1470 738 1537 γὰρ
771 1472 899 1539 περὶ
940 1473 1086 1541 ἐμοῦ
1123 1474 1364 1544 ἔγραψε.

395 1726 549 1797 Σχόλ.
581 1727 686 1799 κη’.
720 1731 832 1785 Οὐκ
856 1728 986 1804 εἷχεσ
1016 1736 1119 1790 Atil
1134 1737 1309 1791 τοῦτο
1330 1736 1498 1793 εἶπεν
1522 1742 1558 1809 η
1584 1745 1767 1811 σοφία
1791 1746 1893 1799 τοῦ

2005 591 2122 643 ceps
2167 591 2231 628 ex
2258 573 2404 629 Inda
2438 579 2453 607 ¹
2488 585 2626 631 :etc.
2662 580 2738 633 Ae
2789 582 2949 649 paqu
2992 593 3110 654 post
3143 605 3155 639 :
3185 586 3358 643 Donec
3399 595 3571 647 veniat

2004 663 2087 713 cui
2117 665 2343 730 reposita
2384 674 2533 728 sunt;
2568 677 2619 719 et
2642 668 2751 734 ipse
2791 676 3109 737 exspectatio
3138 679 3370 744 gentium
3395 695 3415 733 :
3438 694 3487 736 et
3516 686 3573 739 in

2003 752 2173 817 ipsum
2213 763 2385 822 gentes
2430 755 2711 823 sperabunt
2732 759 2793 812 ι’.
2826 759 2985 830 333
3011 763 3177 819 Isaias
3214 782 3379 824 vero:
3415 768 3570 835 Ecce,

2002 842 2199 909 inquit,
2252 845 2393 913 virgo
2431 848 2681 914 concipiet
2706 848 2747 914 ¹;
2781 846 3042 908 Jeremias
3094 855 3218 909 item
3264 876 3278 911 :
3316 858 3382 913 Et
3421 862 3573 918 homo

2000 942 2097 995 est,
2142 943 2190 985 et
2225 936 2341 1002 quis
2379 948 2651 1005 cognoscet
2680 939 2829 992 illum
2856 941 2879 993 Ρ
2909 941 2953 993 Μ
2965 944 3160 999 ichzeas
3194 965 3206 1000 :
3238 947 3307 1001 Et
3334 958 3389 1004 tu
3416 952 3575 1007 Betti-

2003 1022 2186 1087 lehem,
2240 1033 2374 1090 etc.;
2419 1033 2472 1080 et
2505 1029 2667 1097 paulo
2717 1038 2883 1099 post:
2919 1030 3002 1084 Ea:
3028 1041 3075 1086 te
3105 1036 3231 1090 milii
3280 1042 3574 1109 egredietur

1999 1110 2109 1165 dux
2129 1112 2168 1176 ³,
2204 1122 2308 1168 etc.
2338 1114 2406 1168 At
2438 1114 2733 1174 Malachias
2763 1139 2775 1174 :
2810 1119 3004 1175 Statim
3042 1124 3093 1177 in
3131 1129 3380 1196 templum
3407 1135 3572 1189 veniet

2002 1202 2320 1258 Dominus‘.
2371 1205 2504 1261 Nam
2552 1210 2697 1279 quod
2747 1211 2813 1266 ad
2859 1213 3116 1270 Daviticm
3173 1231 3405 1290 spectat,
3461 1226 3574 1280 haec

1997 1294 2144 1350 illius
2220 1306 2303 1351 est
2372 1299 2650 1367 praedictio
2718 1322 2732 1357 :
2784 1304 2934 1359 Dixit
3022 1306 3284 1366 Dominus
3348 1313 3576 1373 Domino

1998 1403 2109 1440 meo
2129 1388 2172 1452 ⁸,
2224 1395 2329 1443 etc.
2368 1388 2596 1445 Bessum
2636 1401 2689 1448 et
2735 1394 3022 1454 innumera
3072 1404 3178 1457 alia
3224 1421 3571 1475 percensere,

1996 1495 2119 1533 cum
2153 1481 2453 1549 prmsertim
2483 1498 2512 1536 a
2542 1484 2770 1541 Domino
2798 1488 2869 1543 sit
2896 1491 3101 1546 dictum
3133 1513 3146 1548 :
3181 1493 3241 1549 Si
3262 1491 3440 1569 Moysi
3463 1519 3577 1557 cre-

1995 1568 2208 1634 deretis,
2241 1573 2518 1628 crederetis
2553 1576 2782 1644 forsitan
2811 1591 2861 1634 et
2896 1584 3043 1639 mihi.
3080 1584 3158 1640 De
3197 1604 3277 1642 me
3312 1568 3451 1645 enim
3485 1596 3575 1650 ille

1995 1663 2207 1726 scripsit
2233 1663 2273 1716 °.

2068 1750 2250 1807 Schol.
2308 1755 2397 1809 28.
2464 1756 2704 1814 Deerat:
2737 1762 3021 1832 Propterea
3065 1780 3115 1824 et
3169 1776 3432 1842 sap.'entia
3475 1776 3575 1830 Dei

323 1817 495 1871 Θεοῦο
537 1820 916 1877 Ἀποστέλλω
938 1828 1026 1891 εὶς
1046 1829 1268 1895 αὐτοὺς
1288 1833 1619 1899 προφήταςο
1645 1836 1737 1888 καὶ
1770 1839 1896 1910 περὶ

325 1910 555 1937 ..τ....---
584 1915 843 1937 η,.--..-2-η
875 1919 957 1937 ,μηι
994 1919 1096 1937 κιρ
1128 1920 1143 1935 ς
1252 1923 1265 1937 ι
1342 1923 1363 1934 ε-
1659 1927 1683 1937 ..
1816 1932 1838 1937 μ

2003 1839 2172 1895 dixit:
2202 1843 2415 1899 Mittam
2465 1849 2535 1901 ad
2576 1849 2696 1905 illos
2736 1817 3167 1925 prophetas’;et
3194 1817 3276 1918 de.
3312 1870 3575 1937 sanguine

322 1910 555 1978 αἵματος
582 1915 848 1985 Ζαχαρίου
874 1919 967 1971 καὶ
994 1919 1157 1973 Ἅϐελ
1182 1923 1275 1974 καὶ
1296 1923 1404 1977 τῶν
1431 1927 1724 1997 προφητῶν
1743 1971 1756 1992 ,
1813 1932 1894 1983 ὅτι

318 2001 780 2073 ἐκζητηθήσεται
816 2008 934 2061 ἀπὸ
964 2009 1072 2078 τῆς
1099 2012 1307 2080 γενεᾶς
1339 2017 1578 2082 ταύτης.

397 2094 617 2164 Ἐλεγχ.
647 2104 751 2167 κη’.
784 2101 892 2152 Καὶ
930 2101 987 2154 ὲν
1029 2103 1202 2175 τούτῳ
1246 2122 1328 2158 σοι
1364 2107 1530 2178 πολλὴ
1562 2111 1809 2180 αἰσχύνη,
1851 2107 1895 2166 ὦ

324 2183 611 2254 Μαρκίων,
642 2187 738 2240 τοῦ
769 2191 1116 2261 χαρακτῆρος
1142 2195 1236 2265 τῆς
1272 2194 1530 2267 ἀληθείας
1565 2202 1892 2272 σωζομένου,

323 2274 539 2345 καὶτῆς
568 2281 919 2351 παρεκτομῆς
952 2283 1060 2337 τῶν
1097 2285 1424 2356 κλεμμάτων
1452 2307 1544 2342 σου
1571 2293 1896 2364 εὑρισκομέ-

323 2381 443 2434 νης,
461 2366 675 2421 ἀπὸτοῦ
697 2370 1030 2443 ἀντιγράφου
1048 2375 1140 2428 τοῦ
1165 2378 1304 2431 κατὰ
1327 2381 1538 2434 Λουκᾶν
1563 2382 1894 2454 Εὐαγγελίου

325 2454 433 2509 τῶν
457 2457 636 2511 τόπων
657 2461 1080 2533 εὑρισκομένων,
1114 2467 1209 2520 καὶ
1234 2468 1344 2522 τῶν
1371 2472 1519 2542 παρὰ
1547 2474 1639 2525 σοῦ
1670 2476 1899 2549 decipe-

321 2543 530 2599 θέντων
557 2543 950 2619 ἐλεγχομένων.

399 2636 553 2707 Σχόλ.
598 2637 699 2692 κίν.
744 2639 905 2710 Λέγω
945 2642 1015 2695 δὲ
1056 2644 1178 2711 τοῖς
1198 2648 1400 2716 φίλοις
1412 2668 1551 2719 μου·
1592 2654 1689 2723 Μὴ
1717 2659 1899 2727 φοϐη-

325 2727 472 2796 θῆτε
494 2730 611 2783 ἀπὸ
634 2731 755 2783 τῶν
780 2734 1255 2793 ἀποκτεινόντων
1280 2741 1347 2793 τὸ
1378 2743 1566 2812 σῶμα·
1602 2748 1901 2817 φοϐήθητε

324 2817 399 2873 δὲ
430 2819 537 2873 τὸν
569 2822 718 2890 μετὰ
750 2823 816 2877 τὸ
844 2826 1188 2882 ἀποκτεῖναι
1222 2831 1442 2901 ἔχοντα
1469 2836 1584 2904 τὴν
1610 2838 1902 2903 ἐξουσίαν

324 2911 547 2974 ,βαλεῖν
599 2915 685 2979 είς
732 2915 1001 2984 γέενναν.
1054 2921 1167 2974 Οὐκ
1218 2922 1332 2994 εἶχε
1391 2925 1468 2978 δέ·
1524 2930 1668 2998 Οὐχὶ
1724 2933 1902 2988 πέντε

330 3002 618 3066 στρουθία
654 3003 964 3072 ἀσσαρίων
996 3009 1105 3063 δύο
1137 3013 1436 3082 πωλεῖται,
1480 3018 1577 3070 καὶ
1614 3018 1684 3072 ἐν
1702 3021 1772 3087 ἐξ
1798 3026 1903 3077 αὺ-

332 3088 452 3143 τῶν
471 3094 581 3145 οὐκ
613 3093 784 3148 ἔστιν
802 3097 1284 3183 ἐπιλείησμένον
1306 3106 1562 3163 ἐνώπιον
1586 3112 1692 3166 τοῦ
1722 3115 1901 3178 Θεοῦ;

417 3199 627 3275 Ἑλεγχ.
664 3205 765 3262 κο¹.
800 3208 891 3274 Τὸ,
921 3210 1082 3277 Λέγω
1107 3213 1221 3284 ἐγὼ
1252 3217 1376 3284 τοῖς
1406 3221 1606 3288 φίλοις
1638 3242 1779 3291 μουο
1806 3228 1902 3295 Μὴ
1931 3190 1975 3246 C

335 3293 634 3363 φοϐηθῆτε
666 3297 785 3351 ἀπὸ
824 3299 941 3352 τῶν
970 3302 1447 3363 ἀποκτεινόντων
1478 3312 1542 3366 τὸ
1575 3314 1765 3384 σῶμα·
1796 3293 1903 3386 ειτολ

334 3383 553 3452 (Monte
578 3385 647 3438 δὲ
674 3389 783 3442 τὸν
813 3390 1031 3460 ἔχοντα
1057 3394 1349 3459 ἐξουσίαν
1372 3402 1459 3466 τὸ,
1484 3404 1635 3472 μετὰ
1665 3383 1732 3461 τὸ
1757 3383 1905 3462 deto-

336 3475 562 3531 οιτεῖναι
592 3480 659 3532 τὸ
682 3478 875 3550 σῶμα,
897 3482 1011 3552 τὴν
1040 3487 1483 3558 ψυχὴνβαλεῐν
1514 3499 1602 3564 είς
1632 3499 1902 3566 γέενναν,

335 3567 632 3636 ἀναγκάζει
678 3588 767 3636 σε,
788 3566 852 3627 ’ὦ
895 3576 1179 3646 Μαρκίων,
1215 3582 1309 3635 καὶ
1341 3582 1409 3637 τὰ
1440 3586 1567 3655 ἑξῆς
1596 3589 1693 3667 τῆς
1728 3606 1905 3661 παρα-

334 3658 497 3730 6ολῆς
522 3661 870 3734 ὁμολογῆσαι.
905 3668 1066 3722 Ἀνευ
1086 3669 1195 3741 γὰρ
1214 3673 1308 3726 τοῦ
1337 3675 1470 3729 Θεοῦ
1494 3658 1901 3747 οὐδὲνγίνεται,

335 3748 440 3803 κᾶν
481 3749 690 3821 ὲπάρῃς
734 3751 797 3805 τὸ
837 3755 966 3825 περὶ
1011 3757 1118 3811 τῶν
1163 3762 1480 3831 στρουθίων.
1546 3768 1904 3840 Ἀπολόγησαι

330 3834 426 3893 οὖν
465 3844 592 3913 περὶ
628 3844 738 3897 τῶν
765 3848 824 3900 ὲν
855 3848 934 3917 τῷ
973 3851 1121 3921 ῥητῷ
1154 3856 1619 3925 καταλειφθέντων
1654 3834 1759 3916 ὑπο
1784 3834 1899 3932 σοῦ,

330 3924 377 3984 ὧ
410 3934 694 4003 Μαρκίων.
734 3939 843 3991 Καὶ
867 3940 1159 4012 ἀπόκριναι
1189 3948 1319 4016 ἡμῖν
1348 3924 1402 4001 τί
1431 3950 1610 4024 διανοῇ
1645 3958 1773 4027 περὶ
1804 3924 1900 4011 acii

329 4023 579 4091 ἐξουσίαν
614 4027 847 4096 ἔχοντος.
880 4031 940 4084 El
965 4032 1072 4105 γὰρ
1110 4037 1276 4108 φαίης
1309 4042 1469 4095 αὑτὸν
1502 4023 1638 4099 εἶναι
1667 4023 1757 4101 τον
1785 4051 1898 4103 Πα-

328 4115 465 4186 τέρα
488 4115 583 4169 τοῦ
613 4119 983 4203 Χριστοῦητὸν
1016 4127 1109 4180 καὶ
1146 4130 1296 4201 παρὰ
1335 4124 1417 4187 σοί
1443 4136 1644 4204 ἀγαθὸν
1671 4140 1896 4212 λεγόμε-

326 4221 415 4258 νον
438 4206 587 4274 Θεὸν,
611 4211 656 4261 εί
679 4212 773 4263 καὶ
793 4214 975 4277 κακῶς
996 4216 1242 4289 διαιρεῖς,
1269 4225 1435 4292 ὅμως,
1464 4229 1647 4300 ἐπειδὴ
1667 4218 1778 4300 ἔχει
1798 4234 1897 4305 τὴν

326 4296 593 4362 ἐξουσίαν,
627 4301 864 4367 δέδωκας
906 4307 1066 4362 αὐτὸν
1110 4316 1301 4385 κριτὴν
1342 4317 1492 4385 ὄντα,
1544 4296 1646 4376 καὶ.
1682 4296 1896 4397 ἑκάστω

325 4387 557 4456 νέμοντα
586 4390 645 4443 τὸ
678 4396 798 4446 κατ’
831 4394 1007 4459 ἀξίαν.
1046 4401 1108 4452 El
1149 4403 1203 4455 δὲ
1232 4406 1292 4457 οὐ
1336 4407 1492 4461 τοῦτο
1530 4412 1727 4480 λέγεις,
1761 4387 1893 4471 ἀλλᾶ

323 4476 414 4530 τὸν
438 4481 776 4552 Δημιουργὸν
797 4486 887 4540 τὸν
910 4491 1060 4558 παρὰ
1090 4493 1172 4545 σοὶ
1203 4496 1362 4563 φύσει
1393 4517 1424 4551 κ

321 4564 445 4632 λέγε
479 4583 567 4636 μοι
598 4568 682 4632 τίς
712 4571 883 4642 τούτῳ
914 4574 1108 4629 δέδωκε
1136 4579 1233 4649 τὴν
1264 4583 1527 4646 ἐξουσίαν.
1658 4593 1765 4664 γὰρ
1800 4598 1890 4663 ἀφ’

318 4656 512 4708 ἑαυτοῦ
545 4658 678 4728 ἔχει,
714 4662 820 4732 ἄρα
862 4665 1033 4732 μέγας
1075 4671 1211 4734 ἐστὶ,
1248 4674 1339 4726 καὶ
1380 4677 1626 4741 ἐξουσίαν
1829 4656 1891 4738 έί

316 4743 376 4796 δὲ
421 4745 512 4798 τοῦ
576 4749 781 4818 κρίνειν
834 4753 1080 4819 ἐξουσίαν
1128 4758 1261 4829 ἔχει,
1304 4765 1394 4817 καὶ
1446 4768 1537 4819 τοῦ
1583 4770 1795 4835 σώζειν.
1832 4776 1890 4827 ὐ

316 4834 429 4905 γὰρ
452 4835 746 4907 δυνάμενος
769 4842 973 4911 κρίνειν
1004 4845 1223 4902 δύναται
1251 4854 1343 4905 καὶ
1366 4856 1637 4913 ἀπολύειν.
1667 4834 1775 4916 Καὶ
1799 4864 1891 4917 ἅλ-

315 4923 443 4988 λως’
479 4927 561 4992 Εἰ,
597 4929 690 4981 τοῦ
733 4934 922 5002 κριτοῦ
959 4936 1241 5006 βάλλοντος
1271 4946 1368 5009 τὰς
1410 4947 1587 5019 ψυχὰς
1625 4954 1701 5016 είς
1740 4956 1891 5023 γέεν-

314 5028 433 5078 ναν,
463 5017 492 5067 ὁ
519 5015 650 5081 Θεὸς
682 5022 709 5072 6
736 5022 937 5089 ἀγαθὸς
965 5027 1027 5078 οὐ
1063 5029 1246 5098 ῥύεται
1274 5015 1462 5099 αὐτὰς,
1555 5015 1888 5114 πανταχόθεν

312 5104 422 5157 τῶν
451 5108 631 5162 αὐτῶν
654 5112 1077 5185 ἐπιμελούμενος
1103 5122 1288 5191 ψυχῶν
1317 5126 1433 5190 πῶς
1454 5129 1519 5181 ἂν
1542 5132 1625 5200 εἴη
1655 5104 1884 5204 ἀγαθός

310 5195 347 5267 ἢ
383 5196 490 5268 γὰρ
518 5199 597 5252 ὅτι
627 5201 967 5276 ίσχυρότερος
996 5209 1159 5262 αὐτοῦ
1192 5215 1327 5278 ἐστι,
1360 5220 1453 5271 καὶ
1485 5222 1546 5273 οὐ
1577 5223 1795 5279 δύναται
1825 5231 1888 5283 ἐκ

311 5287 494 5357 χειρὸς
535 5289 777 5359 ρύεσθαν
812 5295 843 5365 ἢ
879 5296 959 5349 ὅτι
991 5297 1210 5354 δύναται
1259 5305 1377 5374 μὲν,
1422 5311 1484 5362 οὐ
1524 5311 1769 5379 βούλεται
1807 5318 1883 5373 δέ.

312 5378 424 5431 Καὶ
467 5380 569 5433 ποῦ
610 5385 643 5453 ἡ
690 5385 994 5459 ἀγαθότης;
1037 5393 1100 5445 El
1128 5394 1204 5454 δὲ,
1242 5399 1429 5471 ἐπειδὴ
1457 5378 1617 5469 αὐτὸς
1650 5407 1884 5475 ἔκτισεν,

310 5466 559 5530 ἐξουσίαν
589 5473 701 5543 ἔχει
729 5477 820 5529 καὶ
850 5480 1054 5548 κρίνειν
1111 5484 1226 5548 πῶς
1254 5488 1282 5539 ὁ
1312 5490 1423 5543 ἄνω
1449 5493 1581 5559 Θεὸς
1614 5500 1640 5550 6
1666 5499 1769 5554 ὑπὸ
1794 5504 1886 5557 σοῦ

381 5624 738 5714 ιιίέξθηκξιιχ,
774 5636 827 5689 9.
896 5639 948 5714 f:
978 5639 1263 5714 ihi_d.S'I‘I-

307 5710 359 5756 ν,
395 5694 482 5750 46.
561 5699 579 5727 ⁷
615 5699 746 5755 Luc.
782 5720 854 5763 xu,
883 5706 967 5760 49.
1045 5712 1065 5741 ⁸
1092 5694 1332 5770 ibid.15I.

626 5792 896 5859 Ρλτιωι.
945 5801 1058 5862 Gn.
1110 5807 1269 5871 XLI.

1342 5650 1361 5679 ¹
1398 5649 1497 5729 Isa.
1540 5671 1634 5717 vn,
1676 5658 1760 5711 Μ.
1840 5661 1860 5692 ³
1893 5661 2050 5715 Mich.
2087 5683 2139 5729 ν,
2166 5668 2219 5721 2.

1413 5723 1432 5753 ⁸
1465 5721 1593 5780 Luc.
1629 5742 1722 5793 xu,
1755 5729 1807 5795 4,
1971 5736 2013 5765 ¹⁰
2052 5721 2178 5791 ἰὺίίί.
2203 5737 2254 5792 6.

2004 1931 2299 1999 Zachariae,
2342 1945 2396 1992 et
2448 1939 2602 2005 Abel,
2643 1953 2697 1996 et
2748 1948 3173 2018 prephetarum,
3207 1931 3463 2025 quoniam
3500 1975 3578 2013 re-

2000 2026 2235 2095 quiretur
2264 2045 2296 2081 a
2315 2034 2647 2097 generatione
2674 2034 2772 2089 hac
2801 2038 2842 2091 ⁸.

2066 2115 2248 2171 Rcfut.
2283 2118 2371 2175 28.
2409 2121 2697 2180 Enimvero
2739 2144 3008 2184 summam
3068 2133 3157 2189 hic
3190 2136 3312 2203 tibi,
3346 2138 3572 2208 Marcio,

1996 2208 2154 2264 locus
2205 2211 2559 2281 ignominiam
2596 2216 2785 2283 inurit,
2825 2236 2948 2275 cum
2988 2226 3236 2283 veritatis
3267 2229 3447 2285 adhuc
3482 2234 3570 2286 in-

1999 2308 2146 2370 tegra
2187 2300 2357 2355 forma
2383 2305 2572 2359 relicta
2598 2309 2689 2372 sit,
2715 2324 2777 2364 ac
2810 2310 2994 2367 furtim
3020 2330 3050 2368 a
3084 2325 3136 2373 te
3162 2320 3375 2376 sublata
3408 2329 3572 2379 muti-

1999 2391 2216 2461 lataque
2241 2395 2358 2449 loca
2394 2395 2555 2454 facile
2602 2403 2981 2472 reperiantur;
3029 2424 3092 2461 ac
3121 2425 3240 2479 qua:
3274 2412 3492 2480 desunt,
3518 2418 3572 2472 in

1999 2481 2278 2554 Evangelii
2306 2490 2606 2544 secundum
2652 2491 2852 2548 Lucam
2889 2500 3294 2568 exemplaribus
3323 2505 3575 2577 legantur

2000 2575 2272 2637 omnibus,
2306 2586 2365 2632 ut
2397 2595 2518 2650 qua:
2553 2583 2651 2637 abs
2691 2593 2742 2639 te
2772 2595 2897 2641 sunt
2924 2588 3219 2648 interversa
3251 2598 3569 2664 prodantur.

2076 2665 2259 2722 Schol.
2291 2668 2380 2726 29.
2413 2671 2540 2726 Dico
2567 2685 2741 2729 autem
2766 2678 2952 2732 amicis
2978 2682 3103 2736 meis
3133 2700 3151 2736 :
3182 2683 3363 2742 Nolite
3394 2691 3575 2746 timere

2001 2771 2087 2810 eos
2125 2759 2218 2827 qui
2239 2761 2481 2816 occidunt
2514 2781 2702 2834 corpus
2731 2782 2749 2820 :
2786 2769 2958 2823 timete
2989 2787 3105 2826 vero
3143 2791 3282 2841 eum,
3314 2782 3405 2850 qui
3431 2794 3575 2849 post-

2002 2863 2159 2918 quam
2183 2851 2432 2905 occiderit
2476 2853 2629 2909 habet
2678 2867 2983 2924 potestatem
3017 2864 3264 2920 mittendi
3296 2870 3351 2922 in
3387 2873 3572 2940 gehen—

2004 2955 2128 2991 nam
2158 2941 2201 2995 ’.
2238 2940 2348 2996 Nec
2389 2944 2621 3000 habebat
2647 2948 2777 3004 illud
2815 2968 2827 3003 :
2864 2949 3053 3007 Nonne
3084 2958 3309 3029 quinque
3334 2977 3572 3028 passeres

2004 3042 2219 3086 veneunt
2242 3033 2526 3103 dupondio,
2551 3048 2598 3091 et
2619 3056 2753 3095 unus
2785 3059 2850 3096 ea:
2876 3045 2983 3099 illis
3009 3064 3111 3102 non
3139 3059 3216 3103 est
3241 3052 3294 3105 in
3318 3053 3573 3113 oblivione

2006 3138 2184 3175 coram
2222 3123 2327 3180 Deo
2363 3127 2451 3179 “'1’

2077 3235 2259 3294 Refut.
2288 3239 2375 3294 29.
2415 3239 2536 3295 Ilaec
2560 3243 2674 3314 ipsa
2703 3247 2865 3302 verba
2893 3267 2907 3304 :
2934 3249 3064 3306 Dico
3088 3269 3179 3324 ego
3196 3257 3383 3313 amicis
3416 3261 3574 3316 meis:

2008 3325 2187 3384 Nolite
2244 3332 2426 3386 timere
2469 3351 2556 3388 eos
2589 3338 2678 3405 qui
2711 3340 2953 3395 occidunt
2996 3360 3185 3413 corpus
3208 3350 3434 3404 :‘timete
3457 3368 3577 3407 vero

2004 3437 2119 3474 eum
2153 3424 2244 3492 qui
2271 3436 2545 3496 postquam
2567 3432 2811 3487 occiderit
2838 3452 3045 3505 corpus,
3087 3439 3239 3496 habet
3268 3456 3576 3512 potestatem

2004 3514 2241 3568 mittendi
2274 3517 2506 3572 animam
2538 3521 2589 3575 in
2626 3523 2944 3592 gehennam,
2979 3532 3250 3599 parabolae
3285 3539 3449 3592 etiam
3492 3556 3578 3595 re-

2005 3600 2148 3670 liqua
2190 3603 2347 3660 fateri
2379 3616 2432 3660 te
2472 3623 2691 3680 cogunt.
2731 3612 2962 3682 Etenim,
3001 3619 3120 3675 sine
3151 3620 3239 3677 Dei
3278 3634 3414 3681 nutu
3441 3629 3573 3684 nihil

2003 3695 2228 3749 omnino
2255 3698 2483 3766 geritur,
2530 3705 2778 3771 quamvis
2808 3709 2951 3776 quod
2991 3710 3057 3765 de
3087 3716 3401 3781 passeribus
3440 3722 3575 3775 scri-

2001 3792 2150 3851 ptum
2183 3799 2266 3842 eSt
2292 3788 2527 3846 auferas.
2567 3793 2730 3863 Igitur
2754 3796 2819 3851 de
2849 3799 2914 3854 iis
2945 3815 3064 3869 qua:
3093 3803 3148 3857 in
3180 3804 3281 3860 hac
3305 3812 3573 3867 sententia

2000 3874 2259 3930 dicuntur
2276 3879 2548 3935 reddenda
2575 3885 2671 3937 tibi
2701 3888 2839 3940 ratio
2854 3897 2958 3953 est,
2996 3905 3029 3945 ο
3061 3891 3286 3951 Marcio.
3313 3897 3390 3953 Ae
3414 3901 3570 3955 velim

2000 3964 2130 4019 mihi
2155 3970 2505 4037 respondeas,
2536 3974 2664 4042 quid
2688 3975 2753 4030 de
2779 3993 2842 4033 eo
2868 3994 3115 4048 censeas,
3140 3986 3569 4056 quipotestatem

2000 4053 2199 4111 habere
2231 4059 2448 4113 dicitur.
2485 4062 2540 4117 Si
2578 4069 2720 4119 enim
2756 4067 2972 4125 Patrem
3016 4053 3169 4129 illum
3208 4053 3409 4134 Christi
3447 4097 3569 4137 esse

1998 4143 2223 4212 dixeris,
2272 4150 2651 4223 euindemque,
2700 4174 2859 4227 quem
2904 4172 2958 4216 tu
2997 4165 3199 4222 bonum
3238 4185 3361 4227 esse
3401 4174 3566 4229 Deum

1996 4236 2263 4305 praedicas
2286 4257 2298 4305 ;
2324 4245 2425 4297 etsi
2449 4247 2587 4300 male
2612 4256 2666 4302 tu
2707 4252 2923 4319 quidem
2947 4272 3190 4327 separas,
3222 4271 3405 4319 tamen
3435 4282 3569 4335 quo-

1996 4324 2140 4378 niam
2192 4338 2462 4397 potestate
2497 4336 2757 4404 praeditus
2796 4353 2910 4408 est,
2953 4324 3196 4415 ju‘dicem
3239 4366 3361 4408 esse
3399 4324 3570 4409 conii-

1996 4417 2147 4482 teris,
2168 4420 2258 4488 qui
2294 4438 2390 4490 pro
2419 4427 2625 4482 meritis
2643 4432 2759 4487 suis
2776 4440 3202 4510 unumquodque
3233 4456 3565 4513 compcnsct.

1431 4503 1583 4570 ριτὴν
1610 4506 1704 4574 ᾁδό
1711 4525 1889 4575 μενον,

2003 4505 2102 4560 Aut
2141 4511 2185 4564 si
2226 4513 2389 4567 alium
2434 4532 2559 4572 esse
2598 4525 2905 4594 quempiam
2950 4529 3189 4597 judicas,
3217 4534 3565 4593 Conditorem

1996 4597 2225 4665 scilicet,
2258 4618 2417 4670 quem
2452 4614 2507 4658 tu
2548 4611 2766 4679 preprie
2803 4614 3043 4682 jUdICOﬂI
3088 4624 3396 4690 constituis,
3431 4629 3567 4683 cedo

1991 4686 2116 4753 quis
2151 4688 2199 4741 ei
2226 4700 2550 4759 potestatem
2590 4702 2944 4758 commiserit.
2981 4705 3131 4764 Ilanc
3158 4712 3368 4769 enimsi
3403 4716 3565 4771 habet

1992 4775 2109 4845 ipse
2128 4795 2222 4846 per
2260 4798 2398 4849 sese,
2428 4801 2656 4856 magnus
2691 4792 2876 4861 utique
2905 4806 3008 4864 est,
3040 4813 3101 4852 ac
3130 4809 3396 4869 potestate
3422 4824 3562 4878 pra:-

1991 4870 2158 4927 ditus.
2186 4873 2339 4939 Quod
2368 4877 2413 4929 si
2465 4879 2748 4945 judicandi
2804 4900 2971 4954 penes
3013 4903 3135 4943 eum
3189 4870 3558 4964 facultas-est,

1990 4963 2091 5016 erit
2116 4972 2168 5018 et
2209 4968 2479 5022 servandi.
2534 4969 2633 5045 Qui
2667 4974 2811 5027 enim
2837 4977 3271 5045 jurisdictionem
3303 5003 3563 5047 etercere

1952 5061 2187 5121 tpotest,
2226 5067 2401 5124 potest
2421 5065 2475 5113 et
2513 5063 2813 5119 absolvere.
2844 5064 3130 5134 Prmterea,
3163 5073 3326 5146 334
3348 5079 3391 5131 si
3434 5094 3558 5133 cum

1982 5142 2148 5210 iudex
2205 5146 2260 5199 in
2309 5147 2611 5216 gehennam
2672 5155 2979 5225 praecipites
3022 5142 3268 5217 immittit
3295 5142 3557 5233 —animas,

1989 5232 2162 5289 bonus
2192 5235 2278 5291 ille
2307 5235 2473 5302 Deus,
2496 5243 2586 5311 qui
2616 5252 2819 5299 tantam
2854 5250 3160 5306 animarum
3185 5270 3371 5310 curam
3399 5260 3571 5329 gerit,

1990 5338 2097 5377 non
2120 5342 2215 5382 eas
2243 5329 2454 5396 liberat,
2484 5334 2665 5389 haberi
2711 5338 2887 5395 bonus
2910 5343 2998 5411 qui
3026 5347 3261 5412 poterit?
3292 5357 3385 5402 aut
3415 5350 3556 5404 enim

1990 5414 2078 5470 ille
2128 5417 2321 5474 fortior
2364 5432 2467 5488 est,
2514 5443 2615 5482 nec
2659 5445 2722 5482 ex
2766 5431 2885 5500 ejus
2932 5438 3185 5494 manilus
3231 5448 3559 5510 extorquere

1988 5517 2207 5577 potest;
2244 5521 2336 5567 aut
2373 5523 2430 5568 ut
2463 5516 2694 5574 facultas
2723 5536 2993 5594 suppetat,
3026 5528 3180 5584 deest
3216 5541 3393 5586 tamen
3426 5533 3563 5587 libe—

2313 5671 2329 5703 ‘
2363 5671 2592 5732 Malacb.
2630 5682 2788 5745 "1,1.
2868 5684 2887 5714 ⁵
2912 5683 3052 5741 Psal.
3090 5703 3199 5752 CIX,
3228 5690 3272 5744 I.
3351 5692 3370 5719 “
3396 5690 3555 5746 δῆλα.

3117 5853 3191 5910 ΞΜ-
