3960 6114
458 326 562 383 747
1882 314 1938 368 8.
1979 313 2322 369 EPIPHANH
2708 326 2719 331 ‘
3621 311 3724 367 748

454 439 615 496 randi
644 436 914 493 voluntas.
945 429 1180 488 Ubinam
1219 427 1385 500 igitur
1425 426 1517 482 illa
1551 426 1766 483 bonitas
1794 427 1911 481 est?
1943 425 2038 480 Sin

2163 425 2510 497 ιυθευόμενός
2538 441 2688 488 τινας
2718 421 2955 495 μερικῶς
2999 420 3196 488 aditu;
3241 424 3302 475 Εί
3351 422 3447 493 μὲν
3483 422 3592 476 ἀπὸ
3616 425 3725 477 τῶν

455 531 714 602 quoniam
755 525 892 579 alter
917 523 1006 578 ille
1039 521 1306 585 condidit,
1346 519 1469 574 ideo
1501 525 1555 572 et
1577 518 1859 589 judicandi
1883 505 2038 588 pote:

2163 517 2441 587 ἱλλοτρίων
2490 515 2783 586 λαμϐάνων
2833 513 3017 579 σώζει,
3072 513 3386 566 πλεονεκτεῖ
3428 512 3725 585 ἀλλοτρίων

453 599 573 676 stas
628 617 676 673 ei
729 615 1010 677 tribuitur,
1056 611 1332 682 quomodo
1379 625 1672 680 supremus
1728 610 1839 672 ille,
1878 626 2037 679 quem

2163 608 2286 679 ιρῶν
2312 626 2323 638 ·
2357 608 2405 659 εἰ
2449 606 2505 660 δὲ
2547 607 2606 659 οὐ
2643 607 2869 675 φάσκεις
2903 603 3214 668 πλεονεξίαν
3240 599 3400 667 εἶναι,
3432 605 3520 660 διὰ
3553 605 3615 658 τὸ
3645 607 3725 669 είς

455 709 639 778 ﬁngis,
677 706 822 761 Deus
853 703 1149 758 nonnullos
1182 716 1247 755 ex
1284 699 1468 769 aliqua
1510 706 1667 768 parte
1698 697 1934 751 liberare
1958 697 2041 749 di—

2163 697 2350 766 ὶγαθὸν
2374 698 2433 750 τὸ
2457 698 2617 769 ἔργον
2642 696 2887 766 γίνεσθαι
2920 696 3015 749 καὶ
3049 697 3337 766 σωτήριον,
3371 698 3725 769 προσωπολή-

453 800 633 856 citur?
655 798 782 861 Sive
809 798 952 853 cnim
976 795 1153 849 aliena
1186 791 1406 862 rapiens
1438 796 1749 852 conservat,
1785 789 2039 858 iniuriam

2163 805 2288 859 τττην
2319 791 2480 844 αὐτον
2510 790 2706 853 ποιεῖς,
2752 787 2827 859 μὴ
2864 787 2925 841 τὸ
2965 786 3169 856 ἀγαθὸν
3204 787 3334 850 ίσως
3364 788 3553 854 πᾶσιν,
3591 788 3726 844 ἀλλὰ

449 894 748 962 cupiditate
771 907 868 946 sua
893 888 1019 942 facit
1045 885 1203 941 alteri
1228 903 1240 936 :
1267 883 1381 938 sive
1410 890 1695 951 propterea
1719 895 1882 947 negas
1902 880 2042 947 inju-

2163 880 2394 950 μερικῶς
2425 878 2700 933 ποιοῦντα.

450 987 588 1038 riam
623 998 768 1045 esse,
800 978 944 1050 quod
1003 977 1072 1031 ad
1124 978 1324 1032 bonum
1368 972 1603 1041 alicujus
1650 986 1713 1025 ac
1757 971 1986 1025 salutem
2028 969 2248 1035 referat,
2282 986 2641 1042 personarum
2671 969 2822 1025 illum
2848 968 3051 1026 habere
3076 969 3341 1024 rationem
3367 966 3605 1037 iudicas,
3632 970 3724 1040 qui

452 1089 563 1130 non
600 1072 817 1128 benede
848 1067 1103 1124 omnibus
1124 1063 1425 1135 aequaliter,
1451 1061 1547 1118 sed
1610 1061 1777 1115 certis
1829 1060 2096 1115 duntaxat
2134 1063 2331 1118 mereri
2356 1062 2590 1118 studeat.

525 1165 709 1221 Schol.
750 1163 838 1218 50.
869 1160 976 1215 Pro
995 1160 1080 1214 his
1116 1157 1333 1213 verbis:
1373 1152 1723 1223 Conﬁtebitur
1747 1169 1926 1207 coram
1949 1170 2046 1207 an-

452 1259 644 1328 gelis‘,
688 1255 991 1325 rescripsit,
1044 1264 1225 1304 coram
1256 1246 1387 1302 Deo.

530 1347 716 1403 Refut.
753 1346 844 1400 50.
903 1342 1143 1411 Apparet
1179 1336 1404 1393 omnino
1429 1376 1445 1399 ,
1504 1348 1849 1405 nequaquam
1889 1332 2041 1387 illum

455 1439 753 1496 secundum
831 1433 1001 1488 Deum
1055 1428 1370 1493 ambulare,
1423 1426 1553 1482 hcet
1610 1426 1903 1481 veritatem
1958 1423 2042 1478 vel

454 1530 657 1599 exiguo
683 1525 950 1583 vocabulo
977 1524 1297 1578 commutet.
1331 1516 1434 1582 Qui
1471 1517 1616 1571 enim
1669 1530 1858 1570 eorum
1920 1530 2040 1584 quae

454 1629 583 1677 sunt
617 1619 771 1676 initio
805 1617 1011 1686 scripta
1036 1619 1246 1683 partem
1285 1608 1523 1678 aliquam
1540 1620 1892 1675 corrumpere
1929 1619 2040 1658 non

453 1712 690 1773 dubitat,
728 1724 759 1763 a
790 1708 876 1762 via
916 1702 1157 1759 veritatis
1193 1700 1425 1754 aberrat.

2218 1157 2375 1227 Σχόλ.
2410 1156 2480 1211 λ’.
2523 1155 2670 1210 Ἀντὶ
2712 1155 2827 1209 τοῦ·
2891 1154 3274 1225 Ὁμολογήσει
3308 1155 3567 1213 ἐνώπιον
3609 1155 3726 1213 τῶν
3780 1199 3784 1202 .

2147 1246 2437 1316 ἀγγέλων,
2468 1246 2677 1309 ἐκεῖνος
2702 1244 2809 1299 τοῦ
2845 1244 2992 1298 Θεοῦ
3020 1244 3188 1313 λέγει.

2221 1336 2439 1409 Ἔλεγχ.
2486 1337 2551 1391 λ’.
2586 1335 2932 1406 Πανταχόθεν
2970 1336 3250 1407 ἐλέγχεται
3291 1336 3366 1409 μὴ
3410 1337 3551 1392 κατὰ
3593 1337 3727 1392 Θεὸν

2143 1430 2532 1501 πορευόμενος,
2571 1430 2673 1484 κᾶν
2710 1447 2769 1482 τε
2796 1431 2852 1481 ὲν
2876 1428 3200 1500 βραχυτάτῳ
3236 1429 3380 1500 λόγῳ
3407 1430 3724 1502 παραλλάξῃ

2143 1519 2242 1590 τὴν
2281 1520 2558 1591 ἀλήθειαν.
2611 1520 2668 1572 Ὀ
2704 1519 2918 1590 τολμῶν
2957 1519 3067 1590 γάρ
3106 1536 3162 1572 τι
3194 1520 3599 1592 παραλλάσσειν
3618 1520 3727 1574 τῶν

2145 1611 2545 1683 γεγραμμένων
2574 1610 2831 1682 ἀπαρχῆς
2858 1612 2959 1664 οὐκ
2988 1612 3046 1664 ὲν
3077 1611 3181 1682 6δῷ
3204 1610 3461 1682 ἀληθείας
3487 1614 3725 1673 ἵσταται.

526 1802 713 1857 Schol.
752 1799 839 1854 51.
881 1794 1001 1850 Νοιι
1034 1792 1201 1847 habet
1241 1791 1387 1845 ista:
1417 1787 1555 1842 Deus
1598 1788 1747 1841 vestit
1782 1786 1959 1856 fenum
1996 1787 2040 1842 '.

2215 1780 2366 1852 Σχόλ.
2408 1781 2510 1834 λα’.
2546 1781 2660 1835 Οὐκ
2695 1779 2808 1851 ἔχει
2840 1780 2920 1833 τό·
2960 1780 3020 1833 '0
3056 1779 3200 1846 Θεὸς
3230 1778 3592 1849 ἀμφιέννυσι
3619 1780 3727 1834 τὸν

529 1971 709 2028 Ιὶρίιιι.
735 1969 823 2024 51.
857 1966 1010 2022 Licet
1038 1978 1099 2019 ea
1141 1977 1263 2033 qum
1292 1962 1497 2032 scripta
1530 1969 1659 2016 sunt
1691 1975 1800 2014 non
1839 1974 1903 2014 ea
1941 1957 2043 2014 [ide

456 2062 692 2121 referas.
728 2073 837 2131 qua
871 2072 900 2110 a
933 2053 1218 2110 Salvatore
1272 2051 1624 2121 pronuntiata
1660 2057 1810 2114 sunt,
1851 2049 2040 2105 eadem

455 2165 638 2210 tamen
672 2152 762 2205 illa
795 2151 913 2204 loca
970 2148 1025 2201 in
1076 2144 1395 2214 Evangelio,
1435 2157 1544 2212 quo
1589 2141 1829 2198 Ecclesia
1858 2142 2044 2196 catho-

455 2246 561 2299 lica
598 2243 789 2304 utitur,
832 2239 1039 2307 integra
1078 2242 1410 2290 servantur:
1444 2231 1846 2302 quantumlibet
1876 2231 2043 2285 Deum

457 2336 610 2389 illum
662 2331 921 2400 abneges,
962 2325 1057 2396 qui
1108 2322 1288 2377 Verbo
1332 2336 1434 2376 suo
1469 2319 1718 2374 condidit
1758 2320 2039 2381 universa,

453 2426 759 2494 eademque
804 2435 939 2476 cura
993 2433 1092 2474 sua
1144 2412 1601 2485 providentiaque
1633 2411 2041 2480 complectitur,

456 2533 525 2573 ne
551 2516 675 2571 feno
710 2514 929 2585 quidem
957 2516 1223 2576 excepto;
1252 2519 1414 2575 quem
1446 2505 1671 2574 insuper
1717 2503 1882 2558 Deum
1926 2501 2044 2555 Sal-

457 2620 613 2663 vator
639 2621 739 2663 sua
775 2619 907 2659 voce
951 2599 1239 2655 confessus
1269 2606 1372 2652 est.

530 2698 716 2754 Schol.
740 2696 829 2752 '52.
869 2693 1028 2748 Pater
1055 2700 1221 2745 tester
1257 2689 1395 2743 novit
1442 2688 1703 2756 corporeis
1745 2688 1869 2741 iisce
1902 2686 2043 2741 vobis

458 2807 587 2861 opus
601 2805 711 2844 esse
727 2788 769 2842 ³.

532 2883 720 2939 Refut.
759 2881 846 2937 52.
906 2880 1064 2936 Novit
1099 2880 1261 2934 Pater
1291 2875 1594 2946 discipulos
1621 2871 1871 2942 corporis
1901 2868 2047 2923 indi-

460 2992 587 3049 gere
625 2973 1110 3032 commoditatibus
1133 3012 1148 3037 ,
1180 2984 1319 3039 quas
1350 2967 1559 3022 idcirco
1590 2968 1850 3034 procurat
1880 2977 1894 3026 ;
1935 2975 2045 3014 non

2145 1873 2383 1940 χόρτον.
3144 1905 3151 1911 ο

2218 1966 2438 2035 Ἐλεγχ.
2473 1964 2573 2018 λα’.
2609 1965 2671 2017 Εἰ
2702 1965 2795 2017 καὶ
2832 1963 2906 2035 μὴ
2936 1965 3028 2035 ὲᾷς
3048 1963 3116 2018 τὰ
3135 1964 3514 2035 γεγραμμένα,
3541 1965 3618 2030 ὡς
3646 1956 3726 2018 εἷ-

2143 2076 2236 2129 χεν
2271 2058 2376 2110 ὑπὸ
2404 2057 2499 2110 τοῦ
2532 2057 2783 2127 Σωτῆρος
2815 2056 3101 2127 εἰρημένα,
3125 2055 3241 2109 ἀλλ’
3269 2052 3426 2124 οὖνγε
3459 2056 3723 2120 σώζονται

2142 2153 2191 2204 oi
2217 2150 2371 2203 τόποι
2396 2150 2452 2201 ὲν
2481 2147 2559 2218 τῷ
2584 2147 2900 2217 Εὐαγγελίῳ
2926 2147 3025 2217 τῆς
3050 2146 3212 2215 ἁγίας
3247 2147 3595 2218 Ἐκκλησίας’
3624 2147 3726 2202 κᾶν

2143 2243 2353 2315 ἀρνήσῃ
2384 2241 2447 2294 σὺ
2476 2242 2566 2293 τὸν
2590 2240 2721 2293 Θεὸν
2746 2239 2837 2293 τὸν
2868 2240 3046 2294 πάντα
3084 2239 3439 2309 πεποιηκότα,
3470 2241 3567 2293 καὶ
3593 2241 3730 2294 πάν-

2144 2349 2250 2385 των
2285 2330 2674 2401 ἐπιμελόμενον
2693 2328 2771 2399 τῷ
2803 2329 2962 2399 Λόγῳ
2984 2328 3171 2388 αὑτοῦ,
3199 2328 3328 2400 ἄχρι
3356 2332 3450 2383 καὶ
3477 2329 3574 2384 τοῦ
3595 2330 3722 2402 χόρ-

2144 2440 2259 2486 του,
2285 2421 2379 2476 καὶ
2406 2420 2509 2474 ὑπὸ
2536 2420 2627 2473 τοῦ
2651 2420 2902 2489 Σωτῆρος
2930 2419 3378 2492 ὁμολογούμενον.

2221 2682 2376 2754 Σχόλ.
2400 2679 2502 2733 λ6⁹.
2549 2678 2731 2750 Ὑμῶν
2766 2677 2831 2732 δὲ
2855 2682 2886 2732 ό
2913 2677 3116 2747 Πατὴρ
3147 2673 3331 2759 οἶδεν,
3364 2679 3453 2733 ὅτι
3483 2678 3726 2751 χρῄζετε

2146 2775 2373 2828 τούτων
2404 2770 2524 2827 τῶν
2554 2768 2878 2838 σαρκικῶν.

2221 2863 2441 2933 Ἔλεγχ.
2456 2861 2555 2932 λβ¹.
2572 2855 2726 2917 Οἶδεν
2743 2861 2770 2913 6
2788 2860 2996 2932 Πατὴρ,
3016 2860 3095 2914 ὅτι
3110 2860 3399 2933 χρῄζουσιν
3412 2861 3462 2915 οἱ
3488 2861 3729 2933 μαθηταὶ

2147 2955 2256 3011 τῶν
2281 2955 2556 3028 σαρκικῶν
2581 2953 2799 3026 χρειῶν,
2822 2955 2914 3007 καὶ
2934 2956 3147 3026 προνοεῖ
3166 2954 3274 3007 τῶν
3295 2954 3569 3007 τοιούτων·
3594 2971 3730 3026 προ-

411 3058 423 3066 ’
460 3044 519 3125 in
548 3069 657 3123 alio
676 3066 914 3138 quodam
934 3080 1097 3135 quam
1126 3064 1179 3117 in
1197 3063 1301 3117 hoc
1326 3060 1559 3123 saeculo;
1591 3071 1767 3124 neque
1794 3055 1847 3108 in
1872 3055 2042 3109 aliena

2163 3050 2261 3101 mai
2287 3046 2345 3099 δὲ
2381 3046 2480 3100 οὐκ
2514 3047 2571 3100 ἐν
2598 3045 2741 3115 ἄλλῳ
2771 3044 2945 3107 αἰῶνι,
2978 3045 3089 3115 ἀλλ’
3121 3045 3371 3110 ἐνταῦθα,
3401 3045 3501 3098 οὐκ
3524 3046 3584 3098 ὲν
3616 3047 3728 3108 τοῖς

462 3112 519 3125 ⁵·-
548 3112 654 3123 ἠ--ν
678 3112 914 3138 ιι--νν--ηη
936 3112 1097 3135 *ι’-νυ·-
1126 3112 1179 3117 ---
1198 3112 1261 3117 --ν
1279 3112 1297 3116 ν
1327 3112 1393 3115 -η
1414 3112 1423 3113 ί
1446 3112 1453 3113 κ
1546 3112 1559 3123 ι
1681 3112 1694 3124 .

462 3158 837 3230 possessione,
868 3155 961 3212 sed
991 3156 1044 3209 in
1077 3155 1145 3211 iis
1173 3153 1335 3207 rebus
1368 3164 1602 3220 quarum
1648 3148 1764 3218 ipse
1795 3145 2042 3200 conditor

2163 3135 2448 3206 Ξιλλοτρίοις
2479 3134 2578 3206 τὴν
2621 3112 2878 3205 πρόνοιαν
2911 3133 3019 3186 τῶν
3052 3112 3258 3186 ’ἑαυτοῦ
3307 3133 3510 3187 δούλων
3540 3133 3726 3187 ποιού-

462 3260 567 3316 est,
594 3264 784 3305 servos
832 3261 964 3303 suos
1018 3243 1288 3315 singulari
1320 3240 1666 3313 providentia
1704 3238 2041 3309 gubernans.

536 3340 719 3394 Schol.
761 3338 845 3392 55.
871 3336 1103 3404 Quwrite
1137 3349 1351 3405 regnum
1384 3330 1495 3396 Dei,
1528 3340 1575 3385 et
1603 3330 1711 3383 Ita'c
1749 3328 1927 3383 omnia
1957 3326 2046 3379 ad-

455 3433 711 3502 jicientur
740 3430 883 3484 vobis
923 3429 963 3483 ‘.

536 3520 720 3579 Refut.
754 3522 843 3576 55.
882 3519 939 3575 Si
968 3518 1157 3573 alienis
1194 3524 1568 3573 sustentamur
1604 3513 1820 3583 opibus,
1857 3516 2047 3581 estque

464 3615 604 3669 alius
635 3613 878 3668 caelestis
930 3609 1082 3680 regni
1124 3608 1286 3673 Deus,
1320 3604 1451 3677 quid
1489 3611 1669 3674 potest
1701 3604 1756 3656 in
1788 3602 1893 3656 hoc
1924 3616 2047 3656 esse

463 3721 716 3762 sermone
747 3700 1210 3760 consentaneum?
1235 3698 1366 3752 Nam
1398 3708 1491 3752 aut
1515 3696 1581 3751 ad
1614 3695 1765 3759 illum
1783 3701 1889 3747 tam
1909 3691 2046 3746 inie-

463 3797 610 3851 riora
639 3797 740 3851 ista
766 3795 1058 3866 pertinent,
1085 3807 1248 3863 quam
1277 3791 1501 3845 caeleste
1529 3801 1784 3857 regnum,
1815 3783 2047 3853 ideoque

463 3887 724 3944 inferiora
761 3888 874 3942 haec
911 3885 1116 3950 omnia,
1146 3898 1267 3955 quae
1314 3896 1411 3938 sua
1444 3879 1605 3952 335
1653 3885 1802 3944 sunt,
1835 3891 1933 3947 pro
1970 3876 2047 3930 la-

462 3980 731 4044 boreillo,
774 3994 935 4050 quem
968 3978 1117 4048 regni
1154 3975 1239 4030 sui
1276 3973 1607 4030 desiderium
1655 3968 1852 4024 all‘erre
1883 3968 2041 4033 solet,

463 4071 777 4128 hominibus
822 4069 1108 4139 rependit;
1160 4073 1254 4120 aut
1284 4067 1356 4119 ita
1423 4077 1651 4133 regnum
1691 4060 2046 4128 futurumque

463 4163 722 4220 saeculum
765 4161 831 4214 ad
866 4161 1018 4213 illum
1072 4157 1332 4228 pertinet,
1384 4165 1441 4209 ut
1473 4153 1589 4207 haec
1623 4151 1808 4206 inﬁma
1838 4149 2044 4205 Condi-

462 4249 572 4303 tori
597 4247 883 4303 tribuenda
898 4247 1038 4310 sint;
1062 4260 1129 4299 ex
1150 4259 1258 4312 quo
1281 4242 1527 4311 sequitur
1540 4238 1852 4295 Conditoris
1869 4237 2045 4308 ipsius

463 4340 795 4396 voluntatem
841 4337 908 4391 ad
938 4336 1177 4404 supremi
1230 4334 1376 4388 illius
1407 4347 1634 4402 regnum
1665 4329 2044 4386 accommoda-

465 4437 575 4484 tam
599 4444 741 4492 esse,
771 4443 895 4482 cum
959 4427 1026 4482 iis
1080 4426 1335 4480 omnibus
1387 4423 1724 4494 gratiﬁcetur
1757 4431 1811 4478 et
1839 4422 2040 4487 faveat,
2073 4448 2118 4503 ο

464 4521 834 4591 qnijustitiam
873 4519 1044 4590 ipsius
1099 4531 1165 4570 ac
1208 4531 1434 4587 regnum
1477 4514 1776 4585 requirant.
1803 4515 1960 4580 Quod
1991 4515 2039 4571 si

461 4612 759 4666 voluntatis
788 4610 937 4664 nulla
963 4604 1373 4672 dissensio,sed
1404 4620 1620 4661 summa
1645 4604 1891 4676 quaedam
1906 4620 2039 4660 con-

460 4702 649 4759 cordia
678 4705 770 4770 sit,
803 4718 910 4756 non
929 4702 1041 4772 jam
1066 4700 1175 4756 duo
1206 4706 1355 4765 sunt,
1385 4699 1556 4754 triave
1581 4698 1868 4769 principia.
1897 4698 2037 4753 Vere

2152 3244 2330 3298 μενος,
2361 3225 2475 3279 ἀλλ’
2505 3226 2562 3277 ὲν
2589 3228 2702 3288 τοῖς
2729 3218 2825 3278 ὑπ”
2850 3223 3014 3277 αὐτοῦ
3045 3225 3403 3295 ἐκτισμένοις.

2218 3316 2372 3388 Σχόλ.
2402 3316 2502 3385 λγ’.
2533 3314 2769 3384 Ζητεῖτε
2794 3314 2908 3383 τὴν
2921 3315 3253 3380 ,ϐασιλείαν
3287 3313 3395 3368 τοῦ
3423 3315 3594 3381 Θεοῦ,
3626 3315 3728 3370 καὶ

2148 3408 2334 3462 ταῦτα
2362 3405 2557 3460 πάντα
2583 3403 3056 3473 προστεθήσεται
3083 3403 3245 3473 ὑμῖν.

2222 3498 2442 3567 Ἐλεγχ.
2481 3495 2583 3564 λγ’.
2632 3497 2697 3549 Εἰ
2733 3494 2842 3549 τῶν
2862 3494 3023 3549 ἄλλου
3049 3495 3069 3525 ⁸
3088 3491 3418 3565 τρεφόμεθα,
3440 3493 3535 3547 καὶ
3570 3493 3731 3559 ἄλλος

2147 3586 2280 3649 Θεὸς
2314 3586 2410 3655 τῆς
2450 3584 2724 3655 βασιλείας
2754 3584 2861 3638 τῶν
2890 3583 3134 3654 οὐρανῶν
3158 3568 3414 3654 ὑπάρχει,
3440 3583 3560 3648 πῶς
3592 3583 3675 3637 ἔτι
3701 3587 3733 3639 ὁ

2147 3677 2303 3745 λόγος
2337 3676 2727 3747 συμφωνήσει;
2755 3675 2815 3727 Εἰ
2853 3674 2961 3745 γὰρ
2983 3671 3185 3727 ταὺτοῦ
3216 3675 3332 3725 ἐστι
3371 3672 3439 3727 τὰ
3472 3673 3730 3739 ἐνταῦθα,

2147 3769 2242 3824 καὶ
2280 3768 2443 3823 αὑτοῦ
2491 3769 2637 3819 ἐστιν
2679 3768 2712 3837 ὴ
2747 3765 3010 3836 βασιλεία·
3055 3765 3135 3819 διὸ
3177 3764 3502 3836 προστίθησι
3552 3765 3732 3819 πάντα

2146 3860 2214 3915 τὰ
2239 3860 2473 3915 ἐνταῦθα
2495 3858 2623 3913 ὄντα
2649 3856 2812 3910 αὐτοῦ
2835 3856 2922 3911 διὰ
2947 3856 3037 3911 τὸν
3060 3857 3304 3927 κάματον
3324 3855 3416 3909 τοῦ
3439 3856 3604 3910 πόθου
3628 3857 3732 3927 τῆς

2147 3952 2312 4007 αὑτοῦ
2345 3950 2641 4024 βασιλείας·
2676 3950 2709 4021 ἢ
2746 3950 2910 4003 αὐτοῦ
2946 3949 3099 4021 μὲνὴ
3136 3947 3403 4019 βασιλεία,
3440 3950 3534 4003 καὶ
3560 3951 3590 4003 6
3613 3952 3731 4003 ἐκεῖ

2146 4046 2302 4114 αἰὼν,
2340 4044 2433 4099 τοῦ
2464 4045 2520 4098 δὲ
2550 4040 2894 4114 Δημιουργοῦ
2925 4040 2990 4093 τὰ
3010 4038 3267 4093 ἐνταῦθα·
3298 4039 3393 4093 καὶ
3417 4039 3731 4093 συνευδοκεῖ

2144 4143 2173 4195 6
2199 4136 2540 4211 Δημιουργὸς
2567 4137 2633 4206 τῇ
2662 4132 2759 4187 τοῦ
2797 4133 2908 4188 ἄνω
2943 4130 3212 4201 βασιλείᾳ,
3253 4131 3728 4202 ἀντιλαμϐανόμε-

2145 4250 2234 4296 νος
2265 4233 2373 4285 τῶν
2404 4229 2500 4299 τὴν
2530 4226 2876 4296 δικαιοσύνην
2907 4223 3000 4278 τοῦ
3031 4225 3143 4278 ἄνω
3172 4222 3268 4277 καὶ
3309 4222 3584 4292 βασιλείαν
3627 4223 3732 4294 ζη-

2144 4321 2400 4377 τούντων.
2437 4318 2584 4381 Μιᾶς
2615 4316 2673 4369 δὲ
2705 4313 2871 4385 οὔσης
2899 4313 3165 4375 εὐδοκίας,
3197 4313 3290 4365 καὶ
3322 4312 3441 4382 οὐχὶ
3469 4311 3729 4382 διαφερο-

2150 4414 2337 4487 μένης,
2382 4409 2566 4466 οὐκέτι
2615 4407 2708 4460 δύο
2745 4405 2911 4478 ἀρχαὶ
2943 4404 2976 4475 ἢ
3010 4406 3177 4474 τρεῖς
3229 4401 3308 4473 τῷ
3359 4402 3468 4475 γὰρ
3509 4403 3622 4457 ὄντι
3644 4397 3730 4466 εἷς

2147 4510 2294 4561 ἐστιν
2321 4506 2349 4559 6
2373 4504 2525 4567 Θεὸς,
2553 4504 2582 4555 6
2608 4500 2676 4554 τὰ
2704 4500 2881 4553 πάντα
2910 4497 3162 4566 ποιήσας
3191 4496 3419 4567 ποιήσας
3442 4495 3499 4548 δὲ
3522 4494 3725 4562 καλῶς,

2146 4597 2241 4652 καὶ
2267 4597 2367 4650 οὐκ
2401 4593 2681 4655 ἐναντίως.
2717 4588 2906 4660 Ἦμῶν
2934 4587 2991 4640 δέ
3015 4589 3132 4639 ἐστι
3161 4586 3223 4639 τὸ
3250 4585 3607 4657 ἁμαρτάνειν,
3631 4587 3728 4639 καὶ

2146 4691 2472 4762 σφάλλεσθαι
2507 4692 2563 4741 ὲν
2589 4686 2668 4758 τῷ
2700 4684 2897 4745 θέλειν,
2930 4682 3026 4735 καὶ
3054 4683 3111 4734 ἐν
3136 4679 3215 4751 τῷ
3255 4680 3328 4752 μὴ
3360 4679 3555 4735 θέλειν.

460 4795 605 4849 enim
628 4793 770 4850 Deus
800 4812 944 4851 unus
962 4786 1066 4860 est,
1104 4794 1194 4864 qui
1222 4794 1477 4849 universa
1509 4793 1793 4859 condidit;
1824 4801 1880 4848 et
1945 4791 2167 4864 quidem
2233 4790 2392 4852 bene,
2464 4788 2597 4838 non’
2619 4780 2898 4836 contrario
2949 4776 3112 4831 modo
3150 4775 3415 4831 condidit.
3487 4776 3725 4831 Peecare

462 4906 592 4947 vero
624 4901 872 4947 nostrum
926 4901 1030 4955 est,
1087 4902 1250 4960 atque
1287 4891 1341 4945 in
1393 4889 1643 4960 eligendo
1675 4889 2039 4960 fugiendoque
2072 4887 2345 4941 aberrare.

532 4986 720 5042 Schol.
748 4987 836 5041 54.
866 4985 971 5040 Pro
994 5001 1058 5040 eo
1093 4985 1238 5055 quod
1259 4992 1373 5039 est;
1406 4984 1567 5039 Pater
1602 4994 1765 5039 vester
1793 4986 1836 5051 ⁸,
1867 4984 2032 5039 habe-

457 5076 573 5145 bat,
604 5076 786 5132 Pater.

529 5167 713 5223 Refut.
744 5168 989 5222 34.Nihil
1011 5183 1189 5223 causa:
1216 5173 1417 5222 nostra:
1447 5182 1514 5221 ne
1534 5166 1639 5222 hoc
1667 5166 1788 5221 loco
1813 5166 2032 5236 quidem

457 5259 649 5324 oliicis,
698 5260 794 5314 sed
833 5274 953 5314 eam
986 5261 1161 5332 magis
1190 5260 1468 5327 sublevas,
1504 5260 1634 5314 dum
1666 5259 1863 5314 horum
1898 5256 2036 5313 infe-

457 5352 664 5406 riorum
688 5364 876 5405 curam
911 5366 941 5404 a
971 5349 1135 5407 Patre
1163 5367 1264 5408 suo
1297 5352 1412 5422 geri
1461 5350 1807 5407 conﬁtentem
1837 5346 2034 5402 Salva-

454 5448 628 5498 torem
658 5441 894 5496 inducis.

2212 4980 2365 5051 Σχόλ.
2399 4977 2492 5032 λδ¹.
2548 4974 2693 5028 Ἀντὶ
2716 4970 2830 5025 τοῦ·
2888 4969 2953 5021 '0
2985 4965 3188 5034 Πατὴρ
3222 4964 3409 5034 ὑμῶν,
3447 4968 3481 5020 ὁ
3518 4967 3722 5035 Πατὴρ

2166 5068 2190 5112 τ

2136 5088 2436 5232 ε⁶ὶςἓλεγχ.
2473 5157 2696 5212 λδ’.Καὶ
2732 5157 2788 5208 ὲν
2825 5131 3000 5222 τοότῳ
3036 5151 3188 5204 οὐδὲν
3225 5150 3375 5220 ἡμᾶς
3414 5149 3715 5221 ἀδικήσεις,

2134 5255 2273 5310 ἀλλὰ
2298 5254 2377 5306 ἔτι
2405 5247 2845 5311 ὲπιὸεὸαιώσεις.
2884 5245 2988 5297 Τὸν
3017 5242 3128 5312 γὰρ
3157 5240 3319 5296 αὐτοῦ
3343 5242 3567 5314 Πατέρα
3586 5259 3718 5314 προ-

2138 5347 2276 5399 νοεῖν
2309 5343 2416 5398 τῶν
2457 5339 2690 5394 ἐνταῦθα
2721 5335 3079 5409 ὡμολόγησας
3112 5333 3204 5386 τὸν
3237 5332 3471 5402 Σωτῆρα
3498 5334 3719 5404 etp-qu-

2136 5455 2241 5495 ναι.

533 5611 721 5684 ‘_Lue.
758 5630 858 5681 xu,
899 5615 988 5671 ‘28.
1098 5616 1272 5671 ’ibid.
1309 5617 1361 5673 8.
1471 5615 1491 5647 ³
1521 5616 1654 5672 ibid.
1700 5617 1789 5672 50.
1890 5614 1914 5646 ⁵
1943 5613 2042 5671 ibid

2163 5633 2193 5668 ι.
2302 5611 2324 5646 ⁵
2354 5610 2479 5668 ibid.
2522 5609 2611 5665 50.
2731 5606 2754 5639 ⁸
2788 5606 2943 5663 Corr.
2975 5607 3039 5659 ἐκ
3068 5601 3178 5659 τῶν
3203 5598 3387 5655 ἄλλον.
3501 5599 3524 5631 ⁷
3552 5596 3714 5656 Corr.

459 5678 494 5744 ὴ
517 5680 643 5751 rde-
