3950 6180
324 406 423 466 ⁷149

956 398 1325 464 ADVERSLS
1362 400 1705 461 llERESES
1743 406 1870 462 LIB.
1907 406 1946 462 1.
1988 405 2149 462 ΤΟΜ.
2194 407 2277 460 ιιι.
2323 437 2387 448 —-
2429 408 2699 465 HERES.
2742 411 2901 467 XLII.

3459 413 3564 469 750

389 522 543 593 Σχὸλ.
587 522 682 578 λε’.
734 521 880 576 Ἀντὶ
915 523 1029 586 τοῦ,
1065 522 1318 593 δευτέρᾳ
1360 524 1397 593 ἢ
1429 526 1596 593 τρίτῃ
1627 523 1891 593 φυλακᾷ,

2073 524 2254 579 Schol.
2285 526 2371 579 ὃὸ.
2414 524 2519 580 Ριό
2566 541 2635 580 eo
2688 528 2833 596 quod
2875 535 2977 593 est,
3015 529 3263 594 secunda,
3307 530 3382 585 vel
3414 536 3569 589 tertia

330 613 484 687 εἶχεν,
513 614 804 683 ἑσπερινῇ
831 614 1100 685 φυλακῇ.

394 707 614 779 Ἔλεγχ.
640 706 734 762 λεν.
779 707 1174 778 Ἐλήλεγκταιὸ
1194 706 1490 778 κτηνώδης,
1522 706 1899 779 μεταστρέψας

329 800 446 862 τοὺς
484 797 665 861 Θείους
694 798 888 866 λόγους
931 799 1175 870 ἀνοήτως
1222 800 1359 871 πρὸς
1402 800 1498 870 τὴν
1536 799 1729 853 ἑαυτοῦ
1769 798 1899 851 ὑπό-

1999 614 2239 668 custodia
2270 616 2309 679 ³,
2340 616 2660 685 scripserat,
2703 620 2990 687 vespertina
3012 620 3274 676 custodia.

2071 705 2250 761 Refut.
2287 706 2374 762 '55.
2413 706 2491 761 Ex
2516 708 2617 762 hoc
2640 708 2758 763 loco
2788 710 3073 767 manifeste
3098 713 3273 769 bellua
3307 716 3410 770 ista
3440 730 3572 771 con-

2004 799 2240 852 vincitur
2268 799 2451 853 divina
2514 800 2580 853 ad
2625 803 2912 871 Opiniones
2962 819 3090 861 suas
3122 809 3341 861 oracula
3379 810 3574 879 depra-

329 908 491 947 νοιαν.
520 891 594 944 Οὐ
626 889 735 962 γὰρ
772 891 1029 963 ήμεριναὶ
1066 891 1305 959 γίνονται
1329 891 1441 961 (75)
1476 889 1735 959 φυλακαὶ,
1765 888 1901 943 ἀλλὰ

2024 905 2179 943 νθεεε.
2238 889 2421 960 Neque
2483 892 2626 946 enim
2686 893 2896 949 diurnae
2947 905 3075 949 sunt
3118 900 3400 966 custodiae,
3475 901 3569 955 sed

333 984 663 1054 νυκτεριναὶ,
714 980 820 1034 άπὸ
863 979 1100 1052 ἑσπέρας
1144 983 1225 1044 εἰς
1262 980 1361 1051 τὴν
1400 980 1622 1051 πρώτην
1656 979 1900 1049 φυλακὴν

331 1077 606 1148 προκοπὴν
633 1076 731 1146 τῆς
760 1074 1107 1138 ἐπεκτάσεως
1143 1075 1384 1145 ἔχουσαι,
1415 1076 1510 1128 καὶ
1538 1075 1640 1127 οὐκ
1667 1074 1776 1127 ἀπὸ
1801 1074 1900 1143 τῆς

331 1168 398 1221 ἔω
444 1171 523 1230 εἰς
560 1166 659 1238 τὴν
696 1167 956 1238 ἑσπέραν,
1007 1166 1082 1229 ὡς
1128 1160 1280 1229 οὗτος
1323 1166 1602 1219 ἁλίσκεται
1652 1165 1902 1237 ῥᾳδιουρ-

331 1264 520 1332 γήσας.

396 1349 549 1419 Σχόλ.
575 1348 685 1412 λς’.
723 1347 885 1412 Ἥξει
918 1351 953 1402 ὁ
980 1349 1195 1416 Κύριος
1235 1342 1341 1401 τοῦ
1381 1347 1605 1401 δούλου
1643 1340 1899 1411 ἐκείνου,

332 1441 421 1496 καὶ
450 1440 833 1509 διχοτομήσει
871 1441 1080 1505 αὐτὸν,
1114 1440 1213 1495 καὶ
1240 1440 1304 1494 τὸ
1329 1441 1512 1510 μέρος
1535 1441 1722 1497 αὑτοῦ
1752 1444 1905 1512 μετὰ

331 1532 442 1587 τῶν
464 1533 738 1585 ἀπίστων
770 1532 962 1598 θήσει.

398 1622 613 1692 Ἔλεγχ.
648 1623 754 1692 λς’.
785 1622 879 1686 Τίς
904 1624 932 1675 6
960 1623 1255 1694 διχοτομῶν
1280 1625 1372 1679 16v
1402 1625 1582 1680 δοῦλον
1607 1643 1620 1693 ;
1657 1627 1803 1696 λέγε.
1840 1627 1903 1680 Εἰ

333 1714 427 1784 μὲν
456 1716 483 1767 6
516 1714 857 1784 Δημιουργὸς
903 1715 998 1768 καὶ
1041 1715 1234 1786 κριτὴς
1279 1716 1430 1787 παρὰ
1473 1717 1565 1770 σοῦ
1615 1718 1903 1789 λεγόμενος

2005 990 2307 1044 nocturne,
2338 996 2460 1051 quae
2504 996 2534 1035 a
2578 998 2805 1053 vespera
2862 986 3091 1054 primam
3152 988 3217 1042 ad
3263 992 3569 1046 custodiam

2004 1081 2391 1142 prorogantur,
2452 1089 2559 1127 non
2609 1091 2636 1127 a
2687 1078 2959 1131 matutino
2997 1077 3239 1133 diluculo
3270 1081 3336 1133 ad
3377 1098 3570 1152 vespe-

2004 1181 2142 1229 ram,
2168 1166 2624 1236 quemadmodum
2658 1167 2759 1223 iste
2791 1167 3061 1240 ﬂagitiose
3096 1173 3394 1227 substituit.

2076 1346 2263 1401 Schol.
2305 1346 2391 1402 56.
2436 1346 2612 1402 Veniet
2649 1340 2905 1405 Dominus
2936 1353 3071 1407 servi
3100 1344 3267 1419 illius,
3309 1366 3358 1411 et
3377 1352 3573 1412 sccabft

2004 1451 2141 1498 eam,
2180 1445 2227 1489 et
2259 1445 2461 1504 partem
2490 1437 2603 1507 ejus
2620 1450 2773 1508 ponet
2798 1458 2915 1496 cum
2939 1443 3238 1513 inﬁdelibus
3279 1448 3321 1501 '.

2076 1612 2256 1668 ltcfut.
2282 1613 2369 1670 36.
2403 1614 2536 1681 Quis
2556 1616 2716 1673 istius
2745 1619 2885 1674 servi
2905 1632 3082 1675 sector
3104 1631 3206 1688 est,
3236 1624 3460 1693 agedum
3497 1625 3578 1677 di-

2007 1705 2136 1758 cito.
2168 1703 2224 1759 Si
2254 1707 2396 1759 enim
2429 1708 2516 1763 ille
2551 1707 2666 1777 ipse
2692 1708 2939 1776 Creator,
2973 1726 3132 1781 quem
3169 1714 3484 1782 tujudicem
3514 1731 3577 1770 ac

330 1804 458 1867 Θεός
478 1806 627 1857 ἐστιν
647 1806 675 1857 6
691 1804 848 1858 τοῦτο
863 1805 1069 1875 μέλλων
1092 1808 1376 1876 πράσσειν,
1392 1808 1499 1879 ἄρα
1514 1809 1679 1862 αὑτοῦ
1698 1812 1832 1863 εἰσιν
1855 1812 1902 1863 οἱ

2024 1797 2175 1852 )eum
2219 1799 2434 1863 statuis,
2489 1799 2590 1853 hoc
2623 1801 2846 1854 omnino
2878 1801 3125 1860 facturus
3175 1814 3281 1868 est,
3325 1800 3391 1860 ad
3434 1808 3577 1861 hunc

332 1895 527 1948 πιστοί’
560 1895 829 1966 ἐπιτιμῶν
850 1897 956 1966 γάρ
976 1897 1052 1968 τῷ
1078 1898 1151 1970 μὴ
1179 1899 1359 1963 καλῶς
1385 1901 1678 1969 πράττοντι
1709 1900 1900 1971 δούλῳ,

2024 1890 2167 1943 )lane
2202 1888 2386 1944 ﬁdeles
2422 1891 2793 1960 pertinebunt.
2822 1886 3034 1948 Etenim
3068 1911 3284 1951 servum
3317 1898 3406 1952 ille
3435 1898 3577 1953 haud

330 1986 392 2039 τὸ
415 1985 597 2055 μέρος
622 1986 809 2040 αὑτοῦ
836 1988 987 2056 μετὰ
1017 1987 1137 2040 τῶν
1162 1990 1435 2043 ἀπίστων
1466 1991 1722 2058 τίθησιν·
1761 1992 1809 2043 εἰ
1846 1992 1903 2045 δὲ

331 2080 358 2130 6
380 2076 568 2148 Πατὴρ
598 2077 690 2129 τοῦ
721 2078 959 2148 Χριστοῦ
992 2081 1162 2145 ἐστιν,
1187 2080 1219 2152 ἢ
1242 2082 1403 2145 αὐτὸς
1429 2084 1456 2134 6
1482 2082 1760 2153 Χριστὸςὸ
1780 2083 1905 2154 μέλ-

330 2170 434 2223 λων
476 2168 636 2222 τοῦτο
681 2171 966 2235 ἐπιτελεῖν,
1016 2173 1203 2241 σαφῶς
1249 2173 1348 2245 τὴν
1402 2173 1707 2244 μαρτυρίαν
1754 2173 1906 2245 παρὰ

330 2259 511 2331 σαυτῷ
560 2260 849 2331 φυλάττεις
896 2262 1035 2316 κατὰ
1072 2263 1164 2316 σοῦ
1195 2258 1381 2316 οὖσανο
1417 2263 1691 2334 ὁμολογῶν
1725 2265 1833 2335 γὰρ
1870 2264 1902 2334 ἢ

331 2349 562 2420 Χριστὸν
605 2350 637 2421 ἢ
672 2349 762 2403 τὸν
796 2351 960 2404 αὐτοῦ
1005 2352 1226 2423 Πατέρα
1269 2351 1428 2405 τοῦτο
1477 2353 1737 2423 πράττειν
1780 2354 1906 2424 μὲλ-

328 2441 485 2495 λοντα
518 2443 919 2513 ἀναμφιϐόλως,
959 2443 1319 2515 ὡμολόγησας
1361 2444 1453 2497 τὸν
1484 2445 1644 2498 αὑτὸν
1687 2445 1899 2517 κριτὴν,

330 2535 418 2586 καὶ
451 2534 543 2587 τὸν
562 2534 721 2588 αὐτὸν
744 2535 968 2603 ἀγαθὸν,
1000 2536 1093 2588 καὶ
1120 2536 1216 2589 ἕνα
1243 2536 1391 2599 ὄντα,
1425 2536 1531 2589 τῶν
1563 2530 1663 2590 ὦδε
1685 2537 1776 2589 καὶ
1798 2537 1905 2590 τῶν

330 2626 443 2677 ἐκεῖ
468 2625 878 2696 προνοούμενον.

399 2718 552 2784 >“χὸλ.
583 2716 675 2781 λζ’.
712 2718 807 2783 Μή
839 2732 985 2771 ποτε
1010 2720 1319 2786 κατασύρῃ
1358 2735 1432 2773 σε
1458 2719 1608 2787 πρὸς
1645 2718 1753 2771 τὸν
1786 2736 1906 2787 κριο

329 2807 463 2875 τὴν,
499 2809 595 2862 καὶ
620 2812 649 2863 ό
676 2809 883 2878 κριτὴς
905 2810 1247 2877 παραδώσει
1274 2825 1347 2863 σε
1376 2807 1456 2875 τῷ
1482 2810 1788 2879 πράκτορι.

402 2899 621 2971 Ἔλεγχ.
646 2901 743 2964 λζ’.
762 2900 971 2973 Κριτὴν
991 2899 1241 2971 λέγειτὸν
1255 2902 1906 2974 Δημιουργὸν,πράκτορα

326 2990 385 3044 δὲ
417 2990 645 3045 ἕκαστον
675 2994 782 3046 τῶν
808 2990 974 3046 αὐτοῦ
1012 2993 1279 3062 ἀγγέλων,
1323 2995 1621 3064 μέλλοντας
1655 2980 1907 3047 άτέαιτεῖν

327 3082 456 3147 τοὺς
479 3083 833 3155 ἁμαρτωλοὺς
872 3083 941 3138 τά
976 3085 1359 3157 πεπραγμένα.
1388 3088 1524 3139 Ποῖα
1551 3085 1606 3138 δὲ
1632 3085 1748 3139 ἀλλ’
1772 3085 1805 3155 ἢ
1839 3084 1908 3137 τά

328 3176 624 3246 σφάλματα
650 3177 744 3230 καὶ
773 3177 1166 3248 ἁμαρτήματα,
1199 3176 1235 3231 ἃ
1266 3178 1360 3230 καὶ
1384 3179 1412 3230 6
1449 3177 1654 3248 Ἰησοῦς
1691 3175 1907 3246 βδελύσ-
1933 3213 1977 3268 C

329 3284 507 3331 σεται,
546 3266 582 3320 ἂ
613 3268 709 3321 καὶ
739 3269 803 3322 σὺ
845 3267 1210 3339 ἀπαγορεύειν
1250 3267 1465 3337 λέγεις;
1508 3269 1570 3321 Εἰ
1609 3267 1787 3321 τοίνυν
1815 3266 1851 3322 ἃ
1880 3268 1909 3320 6

327 3358 536 3426 ἀγαθὸς
574 3358 706 3422 Θεὸς
742 3357 1111 3428 βδελύσσεται,
1147 3359 1243 3412 καὶ⁹
1288 3360 1316 3412 6
1362 3358 1577 3429 κριτὴς,
1608 3359 1703 3412 καὶ
1738 3361 1766 3412 6
1800 3360 1906 3430 Δη-

331 3450 593 3521 μιουργὸς
631 3451 700 3504 τά
734 3451 873 3505 αὐτὰ
908 3451 1274 3522 βδελύσσεται,
1310 3444 1390 3514 εἷς
1422 3452 1538 3503 ἐστι
1567 3450 1660 3503 καὶ
1693 3452 1722 3503 6
1746 3450 1909 3513 αὐτὸς

326 3541 437 3593 ἀπὸ
464 3540 556 3595 τοῦ
584 3540 748 3611 ἔργου
778 3541 1143 3611 δεικνύμενος,
1168 3540 1385 3610 καὶτῆς
1420 3542 1549 3609 μιᾶς
1582 3540 1849 3603 εὐδοκίας.

404 3631 559 3702 Σχόλ.
586 3632 686 3703 λη’.
719 3628 826 3687 Ἦν
859 3633 1356 3705 παρακεκομμένον
1397 3633 1506 3686 ἀπὸ
1542 3632 1659 3697 τοῦ,
1687 3629 1911 3689 Ἦλθόν

330 3740 494 3790 τινες
526 3725 1002 3795 ἀναγγέλλοντες
1035 3724 1196 3792 αὐτῷ
1231 3727 1363 3796 περὶ
1398 3726 1518 3778 τῶν
1546 3727 1910 3793 Γαλιλαίων,

323 3812 420 3871 ὧν
450 3815 515 3869 τὸ
544 3811 688 3884 atria
729 3814 1015 3884 συνέμιξε
1056 3816 1313 3883 Πιλᾶτος
1349 3816 1500 3885 μετὰ
1531 3815 1650 3869 τῶν
1687 3815 1913 3872 θυσιῶν

328 3905 553 3971 αὐτῶν,
581 3906 685 3968 ἕως
710 3905 843 3958 ὅπου
874 3904 1019 3974 λέγει
1050 3904 1179 3976 περὶ
1208 3906 1312 3958 τῶν
1343 3908 1400 3958 ὲν
1429 3904 1507 3976 τῷ
1535 3905 1757 3977 Σιλωὰμ
1781 3906 1912 3959 δέκα

327 3999 426 4052 καὶ
464 3996 607 4050 ὀκτὼ
646 3997 1023 4052 ἀποθανόντων
1058 3999 1115 4051 ὲν
1154 3997 1233 4068 τῷ
1272 3998 1485 4069 πύργῳ’
1530 3990 1633 4053 καῖ
1661 4000 1743 4052 ὅτι
1780 3999 1913 4052 Ἐὰν

318 4088 414 4159 μὴ
435 4087 867 4156 μετανοήσητε
894 4087 986 4142 καὶ
1013 4088 1116 4151 ἕως
1135 4088 1235 4157 τῆς
1258 4106 1332 4141 πα
1345 4088 1576 4159 ραόολῆς
1597 4089 1695 4159 τῆς
1718 4091 1909 4158 συκῆς,

324 4179 464 4249 περὶ
484 4174 548 4248 ἦς
578 4173 731 4231 εἶπεν
772 4179 801 4230 6
829 4178 1094 4249 γεωργὸς,
1138 4178 1219 4230 ὅτι
1264 4178 1534 4243 Σκάπτω,
1564 4178 1663 4231 καὶ
1699 4177 1914 4243 ,βάλλω

324 4273 569 4337 κόπρια,
600 4272 697 4323 καὶ
732 4269 841 4323 ἐὰν
860 4271 945 4339 μὴ
972 4271 1232 4336 ποιήσει,
1266 4270 1556 4339 ἔκκοψον.

406 4361 625 4431 Ἐλεγχ.
666 4362 767 4433 λη’,
800 4362 1017 4414 Τούτων
1049 4363 1265 4415 πάντων
1295 4364 1589 4433 ἐποιήσατο
1619 4363 1716 4435 τὴν
1747 4362 1913 4432 ἀφαί-

326 4469 486 4524 ρεσιν
530 4455 559 4507 6
598 4452 853 4524 συλητὴς,
889 4453 1102 4524 κρύψας
1135 4455 1228 4521 ἀφ’
1263 4448 1459 4508 ἑαυτοῦ
1493 4455 1590 4526 τὴν
1634 4455 1910 4525 ἀλήθειαν,

2007 1988 2154 2035 recte
2184 1997 2302 2036 sese
2322 1989 2591 2051 gerentem
2611 1985 2897 2054 increpans
2914 1996 3117 2055 partem
3139 1989 3284 2043 illius
3314 2000 3429 2042 cum
3458 1993 3577 2059 inﬁ-

2005 2072 2209 2125 delibus
2243 2072 2409 2140 ponit.
2443 2072 2599 2138 Quod
2638 2074 2684 2128 si
2713 2073 2875 2130 Pater
2910 2078 3026 2147 ipse
3053 2078 3277 2146 Christi,
3308 2082 3388 2135 vel
3419 2084 3580 2136 etiam

2005 2166 2257 2237 Christus
2280 2166 2513 2235 idipsum
2545 2168 2893 2235 prmstiturus
2915 2173 3385 2242 est,per5picuum
3417 2175 3584 2226 habes

2006 2265 2195 2310 contra
2253 2264 2306 2311 lc
2362 2256 2757 2311 testimonium.
2792 2256 2928 2311 Cum
2978 2260 3124 2313 enim
3166 2260 3467 2320 Christum.
3501 2266 3579 2317 vel

2006 2346 2178 2414 ipsius
2204 2342 2420 2399 Patrem
2465 2344 2601 2399 citra
2633 2347 2796 2400 ullam
2835 2351 3263 2404 controversiam
3312 2350 3580 2406 facturum

2007 2435 2059 2490 id
2109 2451 2230 2491 csse
2278 2434 2505 2503 fateare,
2546 2438 2795 2493 eumdem
2829 2440 3033 2508 pariter
3058 2448 3112 2495 et
3140 2440 3380 2510 judicem
3407 2453 3462 2497 et
3489 2446 3572 2497 ho-

2008 2544 2158 2594 nuni,
2216 2536 2271 2583 et
2315 2530 2536 2584 unicum
2568 2537 2679 2583 tam
2724 2529 3033 2586 inﬁmorum
3079 2547 3239 2603 quam
3275 2535 3579 2591 caelestium

2007 2620 2407 2675 moderatorem
2431 2621 2743 2677 constituis.

2080 2712 2263 2767 Schol.
2298 2714 2385 2767 57.
2422 2712 2504 2768 Ne
2532 2715 2667 2784 forte
2703 2715 2875 2769 trahat
2903 2725 2949 2770 te
2974 2717 3311 2787 adjudiccm,
3334 2731 3382 2773 et
3413 2719 3587 2791 .judex

2009 2803 2187 2856 tradat
2213 2813 2261 2857 te
2278 2806 2516 2858 exactori
2550 2803 2590 2858 ³.

2077 2893 2241 2965 336
2273 2893 2453 2950 Refut.
2484 2895 2571 2949 57.
2606 2893 2852 2950 Iudicem
2875 2896 2967 2952 hic
2985 2898 3295 2955 Creatorem
3329 2903 3581 2972 appellat,

2007 2994 2317 3041 exactorem
2365 3000 2530 3056 porro
2569 2986 2744 3055 ipsius
2778 2988 3094 3057 angelorum
3128 2991 3447 3060 quemlibet,
3489 2997 3582 3064 qui

2009 3078 2278 3133 factorum
2315 3079 2582 3139 rationem
2627 3094 2654 3131 a
2674 3080 3056 3149 peccatoribus
3086 3083 3321 3154 exigent.
3340 3083 3469 3151 Quae
3488 3102 3579 3145 au,-

2013 3179 2118 3223 tem
2183 3171 2274 3224 illa
2334 3170 2496 3237 facta,
2532 3172 2637 3227 nisi
2691 3173 2888 3228 delicta
2921 3180 2974 3230 et
3007 3182 3231 3245 peccata
3275 3185 3423 3240 sunt,
3466 3194 3585 3247 quae

2012 3259 2171 3317 Jesus
2198 3262 2520 3327 detestatur,
2551 3271 2624 3327 et,
2651 3274 2711 3317 ut
2751 3263 2941 3322 fateris
2968 3267 3104 3337 ipse,
3130 3262 3587 3341 prohilictiErgo

2013 3365 2136 3404 cum
2167 3352 2355 3405 eadem
2390 3351 2502 3415 illa,
2534 3368 2656 3422 qua:
2676 3353 2854 3410 bonus
2893 3352 3035 3411 Deus
3053 3365 3386 3422 exsecratur,
3417 3359 3585 3429 judex

2012 3442 2314 3498 detestetur
2341 3452 2396 3498 et
2438 3445 2714 3509 conditor,
2753 3461 2899 3503 unus
2950 3447 3204 3519 idemque
3249 3466 3414 3521 opere
3446 3453 3587 3524 ipso,
3668 3510 3681 3521 ,

2013 3549 2077 3589 ac
2110 3535 2406 3590 voluntatis
2442 3538 2806 3594 consensione
2833 3539 3165 3595 declaratur.

2085 3629 2269 3683 Schol.
2295 3629 2381 3684 58.
2414 3628 2726 3685 Sustulerat
2758 3648 2823 3686 ex
2857 3632 2949 3687 illo
2980 3634 3101 3689 loco
3137 3653 3149 3688 ε
3200 3633 3456 3690 Venerunt
3480 3636 3592 3706 qui-

2012 3718 2136 3773 dam
2164 3721 2468 3775 nuntiantes
2508 3721 2609 3790 ipsi
2632 3722 2696 3774 de
2727 3720 2990 3787 Galilwis,
3026 3740 3250 3794 quorum
3284 3729 3591 3796 sanguinem

2014 3811 2300 3865 miscuerat
2349 3810 2561 3866 Pilatus
2602 3829 2720 3866 cum
2750 3814 3031 3883 sacriﬁciis
3072 3831 3276 3881 eorum,
3313 3832 3488 3886 usque
3520 3819 3588 3871 ad

2014 3917 2099 3967 ea,
2139 3904 2336 3973 quibus
2374 3904 2441 3958 de
2466 3904 2768 3959 octodecim
2807 3905 2914 3959 illis
2942 3913 3025 3961 est
3055 3922 3259 3976 sermo,
3291 3911 3384 3979 qui
3415 3911 3469 3963 in
3504 3909 3591 3964 Si-

2016 3996 2157 4050 loam
2194 3997 2353 4050 ruina
2380 3998 2553 4051 turris
2581 3998 2833 4067 oppressi
2859 4008 2987 4053 sunt
3017 4000 3059 4053 δ.
3084 3998 3216 4056 Item
3242 4016 3255 4053 :
3289 4000 3413 4056 Nisi
3431 4003 3589 4070 poeni-

2017 4090 2236 4141 tentiam
2261 4088 2490 4157 egeritis,
2520 4102 2694 4156 usque
2735 4088 2803 4142 ad
2839 4090 3154 4158 parabolam
3199 4091 3358 4158 ﬁcus,
3394 4094 3461 4149 de
3482 4110 3590 4163 qua

2014 4179 2153 4233 dixit
2183 4179 2422 4249 agricola
2445 4195 2458 4230 :
2485 4176 2733 4246 Fodium,
2760 4187 2810 4233 et
2831 4181 3043 4235 mittam
3064 4191 3317 4255 stercora,
3339 4194 3388 4239 et
3419 4186 3466 4239 si
3488 4203 3590 4240 non

2015 4272 2217 4340 fecerit,
2249 4269 2426 4325 excide
2457 4261 2498 4325 ⁸.

2087 4362 2269 4419 Refut.
2298 4364 2388 4419 58.
2429 4362 2556 4419 Haec
2602 4365 2724 4421 ideo
2746 4366 2990 4422 nefarius
3015 4366 3199 4437 praedo
3229 4368 3501 4423 subtraxit
3529 4386 3592 4420 ac

2017 4455 2368 4525 semetipsum
2390 4457 2616 4512 veritate
2646 4455 2939 4522 fraudavit,
2962 4459 3108 4528 quod
3134 4457 3394 4514 Dominus
3434 4457 3592 4511 Pilati

322 4547 422 4599 διὰ
452 4546 514 4598 16
551 4546 641 4599 τὺν
672 4546 879 4617 Κύριον
914 4547 1412 4618 συμπεφωνηκέναι
1444 4547 1522 4618 τῷ
1551 4547 1731 4611 καλῶς
1762 4548 1906 4600 δικά-

2024 4549 2348 4602 sententiam
2401 4563 2508 4618 qua
2557 4548 2806 4604 homines
2858 4550 2994 4604 istos
3048 4550 3172 4619 jure
3215 4550 3590 4610 damnaverat,

326 4655 490 4690 σαντι
510 4638 639 4700 τοὺς
662 4626 938 4701 τοιούτους
964 4637 1202 4709 Πιλάτῳ·
1228 4638 1323 4692 καὶ
1348 4639 1428 4691 ὅτι
1458 4638 1638 4701 καλῶς
1668 4640 1716 4692 οἱ
1754 4640 1813 4692 ὲν
1841 4637 1906 4708 τᾷ

2024 4640 2364 4710 approbarit;
2395 4640 2650 4710 quodque
2683 4641 2835 4695 alteri
2868 4640 2965 4702 illi,
2991 4641 3083 4710 qui
3138 4640 3195 4694 in
3228 4638 3433 4693 Siloam
3469 4656 3588 4707 per-

321 4726 561 4796 Σιλωάμ
604 4726 876 4781 ἀπέθανον
922 4727 1241 4799 ἁμαρτωλοὶ
1285 4727 1456 4793 ὀντες,
1496 4728 1592 4782 καὶ
1634 4729 1738 4782 ὑπὸ
1782 4728 1917 4791 Θεοῦ

322 4818 505 4882 οὕτως
539 4819 961 4892 τιμωρηθέντες.
1008 4820 1175 4873 Ὅταν
1207 4820 1285 4894 δὲ.
1311 4820 1743 4891 ρᾳδιουργήσωσί
1773 4837 1916 4883 τινες

321 4909 590 4981 βασιλικά
632 4912 1051 4981 προστάγματα,
1097 4911 1205 4963 ἀπὸ
1243 4910 1350 4964 τῶν
1394 4911 1634 4983 ἀρχαίων
1668 4911 1735 4965 τά
1764 4906 1913 4965 ἀντί-

321 5017 525 5071 γραφα
547 5000 659 5071 (74)
683 5003 1072 5074 προφερόμενα
1103 5001 1524 5073 ὴσφαλισμένως
1546 5002 1738 5072 ἔχοντα
1764 5003 1917 5072 ὲλέγ-

323 5110 419 5162 χει
451 5092 578 5156 τοὺς
608 5092 867 5165 ἄφρονας.
901 5094 1086 5160 Οὕτως
1121 5096 1218 5148 καὶ
1246 5094 1354 5148 ἀπὸ
1391 5094 1485 5148 τοῦ
1517 5093 1795 5164 βασιλικοῦ
1834 5096 1915 5149 οῖ·-

322 5199 455 5239 κου,
494 5182 740 5235 τουτέστι
778 5184 880 5252 τῆς
918 5185 1080 5252 ἁγίας
1106 5185 1198 5238 τοῦ
1232 5183 1367 5237 Θεοῦ
1406 5183 1753 5255 Ἐκκλησίας,
1783 5203 1917 5254 τρο-

322 5270 635 5339 φερόμενον
657 5272 718 5325 16
741 5272 1070 5341 Εὐαγγέλιον
1099 5273 1310 5343 ἐλέγχει
1335 5274 1460 5336 τοὺς
1485 5274 1790 5341 ἀφανιστάς
1805 5272 1913 5326 τῶν

317 5359 516 5413 καλῶν
548 5362 859 5433 ἐνδυμάτων
890 5363 1033 5434 μῦας

406 5518 423 5547 ³
456 5512 589 5569 Luc.
630 5533 729 5583 xu,
759 5515 847 5573 58.

404 5672 518 5738 (75)
555 5676 634 5748 οὐ
676 5675 784 5741 γὴρ
823 5676 1101 5748 Διλιιερινιιὶ
1141 5679 1427 5747 γίνονται.
1465 5678 1618 5748 Apud
1658 5675 1907 5746 Xenoph.

316 5753 375 5796 ta
388 5758 514 5814 m_c_n
558 5745 935 5814 ἡμεροσκόπος
961 5756 1063 5800 est.

402 5810 518 5881 (74)
562 5810 703 5866 Ἃπό
727 5813 843 5868 τῶν
871 5816 1137 5885 ἀρχαίων
1166 5818 1233 5871 τὰ
1253 5818 1601 5885 ἀντί’-Πειρη.
1631 5818 1784 5871 Corr.
1806 5815 1911 5868 τῶν

2018 4730 2216 4797 ierant,
2251 4729 2445 4784 merito
2475 4744 2568 4783 eas
2605 4744 2794 4798 paanas
2817 4727 3035 4783 dedisse
3063 4728 3370 4793 videantur,
3403 4736 3593 4797 utpote

2022 4829 2360 4889 peccatores,
2401 4827 2455 4874 et
2494 4818 2762 4888 ejusmodi
2808 4835 2835 4871 a
2893 4817 3003 4873 beo
3061 4818 3346 4888 suppliciis
3388 4818 3590 4876 alIecti.

2021 4910 2126 4965 Sed
2166 4919 2226 4964 ut
2267 4909 2616 4979 imperatoris
2673 4908 2849 4963 edicta
2887 4909 2934 4963 si
2976 4907 3070 4973 qui
3115 4923 3466 4978 corrumpere
3528 4925 3594 4963 ac

2018 5004 2319 5073 depravare
2352 5011 2640 5063 conentur,
2668 5001 2878 5069 prolata
2911 5016 2978 5054 ex
3011 4999 3247 5056 archivis
3276 4999 3590 5055 ﬁdelissima

2019 5092 2349 5160 exemplaria
2372 5092 2595 5146 insanos
2626 5090 2748 5144 illos
2778 5091 3105 5157 redarguunt
3136 5109 3148 5143 :
3182 5089 3274 5144 sic.
3305 5105 3334 5144 e
3363 5091 3590 5160 palatio,

2022 5181 2125 5233 hoc
2163 5188 2247 5235 est
2283 5179 2527 5234 Ecclesia
2573 5186 2782 5244 sancta,
2822 5179 3204 5248 depromptum
3239 5178 3588 5251 Evangelium

2018 5271 2382 5342 egregiarum,
2411 5281 2468 5325 ut
2499 5272 2574 5325 ita
2601 5271 2781 5327 dicam
2835 5270 3072 5326 vestium
3092 5284 3374 5326 arrosores
3406 5289 3588 5328 mures

2017 5364 2175 5420 facile
2202 5364 2423 5433 detegit.

950 5524 969 5552 ¹
1003 5521 1133 5576 ibid.
1168 5522 1259 5578 46.
1337 5523 1357 5553 ³
1386 5521 1515 5575 ibid.
1547 5522 1633 5574 53.
1712 5521 1733 5551 ’⁸
1765 5519 1894 5575 Luc.
1924 5527 2042 5587 λιιι,
2078 5520 2195 5574 1-4.
2274 5520 2294 5551 ⁸
2326 5519 2455 5575 ibid.
2487 5517 2617 5573 5-8.

2020 5677 2272 5750 ἀρχείων,
2302 5692 2367 5750 ex
2397 5678 2665 5750 Archivis.
2703 5678 2937 5747 Ignatius
2969 5682 3125 5750 epist.
3159 5695 3232 5741 νι,
3274 5683 3340 5732 ad
3375 5678 3589 5736 Pliilad.

2020 5748 2226 5821 ᾗκουσα
2273 5747 2380 5821 γάρ
2404 5765 2564 5821 τινων
2596 5748 2900 5821 λεγόντων,
2952 5747 3054 5809 ὅτι.
3105 5751 3228 5802 Ἐὰν
3269 5750 3343 5821 μὴ
3376 5754 3431 5804 ὲν
3479 5754 3593 5816 τοῖς

2020 5815 2259 5887 ἀρχείοις
2290 5815 2434 5889 εὕρω
2463 5819 2555 5872 τοῦ
2591 5815 2945 5888 Εὑάγγελίου,
2975 5822 3035 5873 ού
3070 5815 3325 5874 πιστεύω.
