3950 6130
429 351 527 408 Ἱΰι

1826 346 1882 400 S.
1927 345 2264 402 EPIPHANII

3579 345 3698 414 τις

501 469 680 524 Schol.
718 468 781 522 59
842 464 991 519 IIanc
1017 474 1188 518 autem
1213 463 1385 534 ﬁliam
1438 462 1684 526 Abraluv,
1715 478 1871 532 quam
1897 463 1993 515 ulli

2185 467 2336 536 Σχόλ,
2361 467 2456 520 λθ’.
2500 470 2729 536 Ταύτην
2753 470 2820 523 δὲ
2845 469 3133 540 θυγατέρα
3164 471 3211 526 Ἀ
3222 473 3431 542 ϐραίιμ,
3453 471 3532 540 ἣν
3548 471 3697 541 ἕδη-

425 563 564 632 gavit
593 559 823 614 Satanas
871 560 909 610 ¹.

497 649 676 705 Refut.
706 649 793 704 59.
827 647 961 703 Cum
988 645 1212 700 vcuicns
1242 644 1503 700 Dominus
1551 640 1840 697 Ahrahami
1884 642 2004 694 ﬁliae

425 755 611 796 curam
680 739 963 810 suscipiat,
1007 753 1115 793 non
1155 739 1262 793 erit
1306 737 1373 791 ab
1404 751 1470 791 eo
1501 735 1712 790 alienus
1755 733 2004 787 Abraha-

423 851 570 889 mus.
593 833 769 900 Quem
823 833 926 887 hoc
976 831 1098 902 ipso
1128 829 1401 900 placuisse
1432 827 1534 882 sibi
1563 827 1828 888 declarat,
1859 823 2002 892 quod

423 926 542 995 ejus
576 925 699 980 ﬁlia:
731 923 1106 979 misericordia
1141 926 1438 975 moveatur.

495 1018 677 1073 Schol.
741 1015 830 1070 40.
884 1015 1016 1070 Item
1087 1013 1219 1067 illud
1262 1012 1504 1066 ademit:
1544 1009 1691 1063 Tunc
1759 1003 2003 1060 videbitis

426 1108 720 1172 Abraham,
767 1105 948 1172 Isaac,
997 1112 1046 1160 et
1081 1102 1270 1164 Iacob,
1315 1111 1363 1156 et
1407 1116 1584 1154 omnes
1629 1095 1906 1166 prophetas
1950 1094 2004 1146 in

427 1217 583 1272 regno
607 1199 701 1254 Dei
724 1200 766 1254 ἐ
801 1197 908 1252 Pro
946 1211 1055 1267 quo
1090 1193 1372 1265 rescripsit
1411 1211 1424 1246 :
1465 1190 1598 1246 Cum
1626 1205 1802 1242 omnes
1824 1187 2002 1255 justas

425 1292 660 1347 videritis
698 1291 753 1344 in
802 1305 958 1358 regno
1025 1287 1142 1354 Dei,
1186 1303 1274 1340 vos
1317 1293 1494 1338 autem
1535 1282 1796 1338 erclusos.
1844 1277 2008 1346 Adje-

425 1385 630 1454 citque,
661 1382 894 1437 detentos
917 1380 1073 1450 foris.
1121 1377 1210 1436 Et.
1257 1377 1376 1432 Illic
1423 1385 1500 1431 est
1546 1375 1699 1443 ﬂetus
1726 1380 1773 1425 et
1807 1367 2006 1424 stridor

423 1475 680 1530 dentium.

489 1652 650 1724 337
680 1651 863 1708 Refut.
899 1651 984 1705 60.
1022 1647 1309 1715 Quomodo
1338 1646 1587 1701 veritatis
1625 1641 1850 1712 vestigia
1888 1651 2008 1708 pro.

420 1743 688 1798 duntur!
767 1741 920 1796 Viam
1005 1741 1150 1796 enim
1235 1739 1512 1792 occultare
1587 1749 1749 1790 nemo
1806 1737 2002 1802 potest.

421 1839 500 1890 Ac
543 1835 672 1890 licet
715 1834 966 1888 homines
1000 1833 1069 1887 ab
1122 1847 1186 1886 ea
1229 1844 1523 1891 revocare,
1567 1835 1619 1881 et
1667 1827 1721 1879 in
1757 1836 1998 1878 errorem

425 1925 600 1995 possit
649 1923 953 1987 abducere,
1015 1930 1108 1976 aut
1168 1920 1373 1992 ignaris
1423 1917 1807 1978 dissimulare,
1859 1913 1997 1966 idem

423 2024 605 2070 tamen
636 2015 891 2070 itinerum
925 2012 1112 2084 peritis
1147 2013 1259 2067 ﬁeri
1309 2012 1536 2081 nequit;
1577 2009 1703 2080 quia
1727 1995 1908 2069 terra,
1946 2006 1999 2058 in

421 2122 529 2179 qua
575 2107 646 2162 sit
673 2107 940 2177 impressa
983 2105 1099 2168 via,
1143 2103 1258 2157 tolli
1309 2102 1554 2156 funditus
1591 2117 1621 2156 e
1669 2099 1846 2154 medio
1891 2113 1999 2150 non

423 2207 620 2270 potest.
662 2197 726 2252 Et
761 2197 1012 2268 quamvis
1053 2195 1200 2251 illam
1242 2196 1500 2250 obscuret
1531 2194 1803 2264 quispiam
1826 2235 1840 2256 ,
1874 2207 1998 2245 cum

420 2289 562 2345 idem
599 2296 779 2343 tamen
816 2287 981 2358 hujus
1009 2287 1161 2342 locus
1193 2293 1494 2347 remaneat,
1527 2285 1620 2355 qui
1643 2299 1768 2340 vam
1807 2285 2000 2354 tlcpra-

415 2380 624 2438 vaverit
656 2393 686 2434 a
721 2379 914 2450 peritis
957 2377 1100 2434 haud
1139 2377 1356 2434 dillicile
1407 2379 1741 2450 coarguitur.
1794 2374 1998 2442 Quam-

414 2471 602 2526 obrem
651 2469 921 2525 orationis
991 2469 1167 2538 ipsius
1219 2469 1444 2538 vestigia
1507 2475 1560 2522 ct
1609 2466 1998 2536 consequentia

417 2563 651 2632 respice.
684 2559 842 2615 Illum
874 2559 1018 2614 enim
1047 2559 1226 2628 ipsum
1267 2574 1574 2616 sermonem
1611 2558 1678 2612 ad
1710 2572 1999 2627 quemnam

417 2653 584 2706 alium
617 2659 978 2722 praeterquam
1009 2650 1076 2704 ad
1106 2647 1322 2706 Judaros
1368 2649 1599 2705 habuit?
1638 2649 1792 2716 Quod
1825 2651 1870 2704 si
1900 2649 1997 2704 Ju-

418 2745 566 2800 dseos
617 2744 1030 2814 alloquebatur,
1059 2743 1172 2813 jam
1212 2759 1308 2800 eos
1348 2744 1494 2800 intus
1549 2741 1718 2798 fuisse
1769 2742 1999 2798 demun-

417 2837 648 2900 strahat,
679 2844 732 2891 ct
756 2851 784 2888 a
811 2835 1086 2904 justorum
1116 2837 1393 2892 consortio
1426 2844 1762 2906 segregatos.
1784 2836 1851 2888 At
1873 2851 2001 2888 vero

417 2929 638 2998 quinam
687 2928 722 2981 ii
754 2935 922 2995 sunt,
973 2928 1078 2982 nisi
1131 2927 1439 2990 Abraham,
1476 2925 1658 2992 Isaac,
1701 2925 1905 2990 Jacob,
1948 2932 2001 2978 rt

415 3019 738 3090 prophetae?
775 3018 894 3076 Non
938 3020 1084 3076 enim
1126 3021 1241 3072 ait:
1289 3017 1537 3072 Videbitis
1577 3018 1755 3087 justas
1792 3017 2000 3070 intran-

2105 575 2216 610 σεν
2246 562 2276 611 ὀ
2304 559 2594 626 Σατανᾶς.

2181 651 2399 719 Ἔλεγχ.
2428 651 2529 704 λθ¹.
2560 653 2622 705 Εἰ
2652 653 2750 722 τῆς
2779 652 3048 721 θυγατρὸς
3085 653 3180 706 τοῦ
3213 653 3463 722 Ἀϐραὰμ
3495 654 3699 722 ἐπιμε-

2105 739 2278 792 λεῖται
2320 741 2489 795 ἐλθὼν
2535 745 2562 795 ὁ
2602 743 2828 814 Κύριος,
2883 746 2982 796 οὐκ
3018 743 3296 814 ἀλλότριος
3337 743 3506 797 αὑτοῦ
3541 745 3697 797 ἐστιν

2120 830 2386 902 Ἀϐραάμ.
2432 833 2714 904 Ὁμολογεῖ
2740 833 2849 905 γὰρ
2875 834 3038 888 αὐτὸν
3065 834 3215 905 αὐτῷ
3237 833 3694 905 εὐηρεστηκέναι,

2105 919 2286 976 οἶκτον
2316 926 2395 988 είς
2423 925 2521 996 τὴν
2556 925 2720 979 αὐτοῦ
2750 926 3025 998 θυγατέρα
3053 926 3484 996 ἐνδεικνύμενος.
3703 927 3714 938 ’

2179 1016 2330 1084 Σχόλ.
2398 1023 2470 1086 μ’.
2521 1017 2805 1087 Παρέκοψε
2871 1017 3032 1070 πάλιν
3096 1019 3177 1069 τό⁹
3253 1018 3389 1070 Τότε
3463 1015 3700 1084 ὄψεσθε

2119 1107 2382 1175 Ἀϐραὰμ,
2433 1109 2528 1160 καὶ
2589 1108 2807 1172 Ἰσαὰκ,
2862 1109 2962 1163 καὶ
3030 1106 3246 1171 Ἰακὼϐ,
3304 1105 3404 1158 καὶ
3457 1105 3701 1168 πάντας

2106 1199 2249 1265 τοὺς
2277 1201 2586 1269 προφήτας
2616 1203 2685 1254 ἐν
2717 1199 2791 1269 τῇ
2815 1200 3104 1266 βασιλείᾳ
3127 1199 3232 1252 τοῦ
3265 1197 3432 1252 Θεοῦ·
3473 1199 3596 1252 ἀντί
3637 1197 3696 1248 δὲ

2105 1291 2293 1344 τούτου
2323 1292 2597 1362 ἐποίησεν·
2637 1292 2766 1346 Ὅτε
2795 1291 3028 1357 πάντας
3058 1291 3200 1356 τοὺς
3223 1291 3494 1358 δικαίους
3525 1289 3698 1357 ιδητε

2105 1379 2263 1449 ἐντῇ
2273 1384 2566 1450 ,ϐασιλείᾳ
2586 1384 2692 1438 τοῦ
2723 1385 2894 1447 Θεοῦ,
2914 1382 3070 1453 ὑμᾶς
3093 1383 3161 1436 δὲ
3180 1383 3693 1453 ἐκϐαλλομένους.

2109 1475 2422 1545 Προσέθηκε
2469 1475 2546 1538 δὲ,
2602 1473 3046 1544 κρατουμένους
3084 1475 3220 1539 ἕεωο
3271 1473 3400 1526 ἐκεῖ
3436 1474 3612 1528 ἔσται
3661 1477 3698 1528 ὁ

2109 1569 2438 1636 κλαυθμός,
2475 1569 2568 1621 καὶ
2603 1573 2635 1621 0'
2660 1567 2932 1637 ,ϐρυγμὸς
2957 1565 3078 1620 τῶν
3100 1566 3381 1620 ὀδόντων.

2183 1661 2403 1730 Ἔλεγχ.
2439 1668 2510 1731 μ’.
2552 1659 2675 1725 Πῶς
2715 1661 2786 1714 τὰ
2827 1661 2948 1730 ἴχνη
2981 1659 3080 1730 τῆς
3109 1658 3366 1728 ἀληθείας
3401 1658 3692 1726 φαίνεταιῑ

2109 1751 2184 1803 Οὐ
2231 1752 2339 1821 γάρ
2385 1768 2466 1814 τις
2505 1750 2622 1804 ὁδὸν
2663 1751 2883 1804 δύναται
2927 1741 3258 1821 ἀποκρύψαι.
3285 1749 3564 1819 Πλανῆσαι
3595 1750 3698 1819 μὲν

2105 1842 2211 1912 γὰρ
2236 1841 2554 1913 ἀνθρώπους
2582 1841 2805 1895 δύναται
2833 1841 2892 1906 ἐξ
2907 1841 3104 1912 αὐτῆς,
3129 1841 3224 1893 καὶ
3248 1840 3564 1910 ἀποκρύψαι
3590 1841 3696 1893 αὑ-

2101 1928 2198 1998 τὴν
2232 1928 2340 1982 ἀπὸ
2369 1929 2479 1982 τῶν
2512 1928 2847 1998 ἀγνοούντων
2867 1947 2878 1958 ·
2913 1929 3020 1982 ἀπὸ
3041 1929 3096 1982 δὲ
3114 1929 3223 1982 τῶν
3252 1930 3309 1981 ὲν
3331 1928 3496 2000 πείρᾳ
3517 1929 3698 1997 αὐτῆς

2103 2021 2402 2089 γεγονότων
2447 2019 2723 2074 ἀδύνατον.
2757 2021 2832 2074 Οὐ
2863 2019 2972 2090 γὰρ
2999 2019 3220 2074 δύναται
3257 2020 3358 2091 τὴν
3403 2020 3530 2090 γῆν,
3563 2019 3700 2073 ἔνθα

2101 2103 2168 2180 ἦν
2201 2110 2232 2180 ή
2256 2109 2395 2172 ὁδὸς,
2418 2109 2702 2178 ἀφανίσαι,
2737 2109 2840 2164 κᾶν
2867 2127 2927 2162 τε
2953 2109 3124 2181 αὐτὴν
3153 2107 3457 2181 ἀμαυρὼσῃ
3475 2125 3490 2140 ο
3514 2108 3612 2162 τοῦ
3633 2126 3697 2162 τε

2101 2201 2266 2254 τόπου
2303 2200 2711 2272 παραμένοντος
2753 2202 2853 2272 τῆς
2880 2200 3000 2254 ὁδοῦ
3030 2201 3136 2255 ὑπὸ
3180 2202 3288 2255 τῶν
3312 2202 3696 2270 γινωσκόντων

2103 2291 2384 2362 ἐλέγχεται
2418 2293 2447 2344 ὁ
2472 2292 2571 2363 τὴν
2603 2291 2720 2344 ὁδὸν
2750 2290 3166 2362 ρᾳδιουργήσας.
3195 2291 3339 2359 Ὅρα
3369 2289 3434 2360 δὴ
3467 2289 3534 2343 τά
3571 2289 3695 2360 ἴχνη

2101 2382 2202 2454 τῆς
2234 2383 2574 2447 ἀκολουθίας.
2603 2383 2707 2437 Τὸν
2734 2382 2843 2454 γὰρ
2870 2383 3028 2452 λόγον
3055 2382 3242 2436 τοῦτον
3267 2382 3404 2453 πρὸς
3433 2381 3558 2434 τίνα
3581 2380 3698 2433 ἑλε-

2103 2493 2218 2545 γεν,
2255 2475 2370 2529 ἀλλ’
2395 2476 2428 2546 ἢ
2453 2475 2592 2546 πρὸς
2618 2476 2746 2538 τοὺς
2773 2475 3098 2538 Ἰουδαίους;
3133 2475 3243 2528 Καὶ
3288 2474 3336 2526 εἰ
3386 2472 3523 2542 πρὸς
3565 2473 3696 2535 τοὺς

2115 2564 2419 2628 Ἰουδαίους,
2451 2565 2554 2634 ἤδη
2579 2561 2778 2628 ἔδειξεν
2803 2564 2998 2627 αὐτοὺς
3027 2563 3193 2626 ἔνδον,
3223 2561 3315 2615 καὶ
3354 2554 3694 2630 ἐκϐαλλομέ-

2102 2673 2224 2719 νους
2243 2655 2348 2708 ἀπὸ
2376 2654 2482 2708 τῶν
2507 2655 2748 2708 δικαίων.
2779 2653 2933 2716 Τίνες
2971 2655 3016 2707 δ’
3047 2651 3113 2706 ἂν
3141 2647 3272 2718 εἷεν,
3302 2649 3417 2704 ἀλλ’
3449 2650 3482 2719 ἢ
3512 2651 3565 2702 οἱ
3598 2651 3697 2703 αὐ-

2101 2747 2209 2800 τῶν
2243 2745 2498 2818 πατέρες,
2518 2745 2790 2818 Ἀϐραὰμ,
2840 2745 2933 2798 καὶ
2965 2744 3168 2807 Ἰσαὰκ,
3220 2743 3315 2796 καὶ
3345 2740 3566 2806 Ἰακὼϐ,
3601 2741 3695 2793 καὶ

2106 2837 2414 2908 προφῆταις
2455 2837 2530 2889 Οὐ
2558 2836 2668 2908 γὰρ
2691 2831 2849 2888 εἶπεν
2869 2853 2884 2868 ο
2915 2837 3171 2902 Ὄψεσθε
3197 2833 3471 2897 δικαίους
3501 2835 3697 2899 εἰσερ-

2104 2927 2416 2997 χομένους,
2444 2927 2540 2980 καὶ
2561 2925 2716 2996 ὑμᾶς
2731 2927 2818 2996 μὴ
2842 2924 3304 2994 εἰσερχομένους
3321 2941 3333 2954 ⁸
3371 2923 3694 2992 ἀλλ’,Ὄψε-

2104 3024 2214 3073 σθε
2242 3019 2382 3085 τοὺς
2403 3019 2674 3084 δικαίους
2694 3018 2764 3072 ἐν
2786 3017 2858 3086 τῇ
2879 3017 3178 3090 βασιλείᾳ,
3205 3013 3363 3086 ὑμᾶς
3386 3014 3456 3068 δὲ
3479 3016 3691 3069 ἐκϐαλ-

417 3121 490 3166 tes
525 3124 544 3164 :
573 3126 658 3164 vos
703 3117 876 3164 autem
917 3125 1020 3164 non
1051 3109 1346 3173 intrantes;
1383 3110 1512 3173 sed,
1547 3109 1788 3164 videbitis
1823 3108 1998 3176 justas

2112 3111 2420 3180 λομένους.
2457 3111 2566 3165 Καὶ
2594 3111 2722 3180 περὶ
2763 3109 2860 3180 μὲν
2903 3107 2996 3162 τοῦ
3028 3107 3461 3178 ἐκϐαλλομένους
3492 3106 3691 3178 μελλη-

416 3206 470 3259 in
492 3219 669 3274 regno,
698 3219 786 3258 vos
825 3210 998 3258 autem
1029 3201 1242 3272 ejectos.
1279 3199 1382 3254 Ubi
1414 3201 1557 3271 quod
1601 3201 1806 3270 cjcctos
1833 3200 2001 3265 dicit,

369 3343 373 3347 .
414 3294 572 3364 quasi
617 3291 862 3348 futurum
910 3293 1234 3353 denuntiat:
1266 3291 1447 3362 justos
1484 3305 1615 3346 vero
1641 3291 1755 3360 jam
1801 3291 2000 3346 ibidem

417 3383 624 3440 versari
651 3382 948 3456 signiﬁcat,
973 3383 1067 3453 qui
1093 3398 1270 3454 neque
1295 3397 1482 3448 carne,
1515 3397 1692 3454 neque
1713 3383 2002 3438 vocatione

417 3474 486 3529 ab
525 3475 632 3530 illis
682 3475 842 3528 alieni
891 3483 1054 3539 sunt,
1096 3473 1191 3530 sed
1231 3477 1600 3528 communith
1648 3474 1828 3528 vocati
1879 3481 2004 3531 ante

415 3564 620 3625 Christi
655 3563 958 3622 Salvatoris
992 3564 1286 3621 adventum
1327 3564 1598 3634 justitiam
1641 3564 1821 3636 adepti
1852 3577 1998 3622 sunt.

417 3657 626 3714 Sed-illi
648 3655 784 3713 foris
802 3665 1024 3712 manent
1043 3658 1273 3720 scilicet,
1293 3655 1422 3712 dum
1449 3657 1598 3712 intus
1613 3671 1800 3712 eorum
1821 3667 2004 3728 patres

415 3749 674 3817 resident.
691 3749 854 3816 Quod
885 3749 988 3806 nisi
1013 3751 1193 3806 futura
1217 3764 1504 3820 corporum
1527 3757 1610 3806 est
1635 3753 1964 3808 resurrectio
1985 3793 1999 3816 ,

413 3842 684 3898 undenam
713 3841 956 3898 deutimn
983 3842 1072 3898 ille
1091 3841 1293 3898 stridor
1333 3841 1385 3896 in
1415 3839 1621 3910 judicio
1661 3858 1780 3899 esse
1801 3852 1980 3905 potest

413 3931 578 3987 homo
605 3933 994 3990 stolidissime!

481 4023 668 4080 Schol.
695 4025 784 4080 41.
811 4023 954 4080 illud
984 4025 1110 4082 item
1142 4027 1364 4082 sustulit
1401 4046 1413 4082 :
1458 4027 1673 4083 Venicnt
1695 4030 1760 4083 ab
1800 4031 2000 4084 oriente

409 4123 461 4170 et
515 4115 808 4182 occidente,
849 4125 899 4170 et
945 4121 1244 4172 recumbent
1277 4119 1334 4172 in
1387 4136 1566 4190 regno.
1611 4121 1748 4175 Tum
1804 4121 1936 4176 illud
1983 4142 1994 4177 :

415 4205 587 4257 Erunt
619 4205 891 4258 novissimi
919 4205 1099 4272 primi.
1140 4203 1272 4261 Item
1305 4225 1318 4260 :
1349 4208 1694 4263 Accesserant
1734 4209 2000 4266 Pharisa'i

413 4294 644 4348 dicen:es
683 4312 702 4346 :
736 4293 872 4357 Exi,
905 4304 954 4348 et
1002 4295 1172 4360 vade;
1207 4299 1459 4366 quoniam
1515 4298 1752 4354 Herodes
1801 4303 1910 4356 vult
1951 4314 2000 4359 te

2103 3202 2270 3266 τικῶς
2290 3204 2606 3274 ἀπεφήνατο
2623 3219 2638 3235 ο
2668 3201 2794 3266 τοὺς
2823 3201 2880 3254 δὲ
2907 3201 3147 3263 δικαίους
3168 3199 3268 3271 ἤδη
3290 3199 3452 3263 ὄντας
3477 3198 3692 3252 ἀπέδει-

2105 3293 2193 3359 ξεν
2239 3293 2339 3346 οὐκ
2383 3292 2694 3364 ἀλλοτρίους
2735 3291 2943 3346 τούτων
2991 3290 3134 3345 κατά
3177 3289 3274 3361 τὴν
3323 3288 3526 3362 σάρκα,
3569 3288 3691 3341 οὐδὲ

2103 3385 2245 3438 κατά
2275 3385 2374 3456 τὴν
2403 3384 2616 3455 κλῆσιν,
2643 3383 2780 3437 ἀλλά
2814 3383 2952 3456 μετά
2995 3381 3202 3436 τούτων
3234 3381 3537 3452 κληθέντας
3567 3379 3692 3442 τοὺς

2105 3475 2202 3546 ἤδη
2232 3474 2684 3544 δεδικαιωμένους
2717 3473 2825 3546 πρὸ
2855 3473 2956 3544 τῆς
2987 3473 3252 3545 ὲνσάρκου
3281 3471 3449 3526 αὐτοῦ
3481 3488 3689 3542 παρουο

2106 3567 2244 3630 σίας.
2273 3569 2336 3620 Εἰ
2365 3567 2421 3620 δὲ
2451 3567 2546 3620 καὶ
2574 3565 2678 3631 ἔξω
2713 3567 2994 3637 μένοντας,
3027 3567 3104 3630 ὼς
3139 3565 3248 3618 τῶν
3291 3565 3542 3638 πατέρων
3585 3563 3690 3616 ἔσω

2102 3659 2290 3712 ὄντων.
2329 3659 2500 3712 Πόθεν
2526 3659 2584 3712 δὲ
2617 3657 2862 3729 βρυγμὸς
2884 3657 3111 3712 ὀδόντων
3151 3656 3361 3725 γίνεται
3387 3657 3446 3708 ὲν
3476 3657 3538 3726 τῇ
3574 3654 3692 3725 κρί-

2106 3769 2207 3813 σει,
2241 3747 2286 3803 ὦ
2311 3751 2504 3821 quota,
2528 3750 2622 3804 ἐὰν
2649 3749 2723 3821 μὴ
2756 3749 3050 3813 ἀνάστασις
3080 3747 3348 3819 σωμάτων
3382 3746 3638 3817 γένηται;

2173 4041 2324 4111 Σχόλ.
2381 4046 2488 4111 μα’.
2545 4038 2829 4110 Παρέκοψε
2880 4037 3042 4092 πάλιν
3093 4037 3182 4091 τό“
3234 4037 3522 4102 Ἧξουσιν
3573 4039 3688 4094 ἀ.τὸ

2102 4132 2415 4187 ἀνατολῶν
2450 4131 2550 4185 καὶ
2592 4128 2864 4200 δυσμῶν,
2907 4129 3004 4184 καί
3059 4129 3573 4196 ἀνακλιθήσονται
3621 4132 3690 4185 ἐν

2102 4226 2177 4295 τῇ
2208 4227 2530 4292 ,βασιλείᾳο
2567 4224 2662 4278 καὶ
2693 4225 2785 4276 τό’
2839 4225 2905 4276 Ol
2947 4222 3194 4292 ἔσχατοι
3239 4223 3489 4276 ἔσονται
3535 4221 3688 4292 πρῶ-

2101 4334 2222 4370 τοι·
2256 4317 2350 4371 καὶ
2377 4316 2436 4370 τό
2453 4333 2467 4349 ·
2495 4314 2853 4384 Προσῆλθον
2873 4313 3180 4382 Φαρισαῖοι
3217 4314 3534 4384 λέγοντες·
3561 4314 3690 4378 Ἕξ-

414 4384 728 4452 inter/icere.
759 4381 873 4440 Nec
901 4399 1008 4439 non
1037 4393 1093 4440 et
1133 4388 1279 4442 istud
1311 4407 1324 4442 :
1357 4389 1617 4446 Abeuntes
1655 4392 1814 4448 dicite
1855 4395 1998 4464 vulpi

2112 4412 2258 4472 ελθε,
2295 4407 2393 4461 καὶ
2443 4381 2734 4476 πορεύου·
2789 4406 2881 4458 ὅτι
2918 4381 3176 4474 Ἡρώδης
3230 4381 3309 4460 σε
3352 4408 3512 4460 θέλει
3549 4409 3690 4462 ἀπο-

414 4475 536 4530 huic
554 4514 573 4566 ι
609 4491 784 4546 usque
826 4477 891 4533 ad
925 4493 1023 4541 θεν
1054 4495 1159 4534 ποη
1196 4480 1337 4550 ea?“
1370 4481 1676 4550 P’Ol’helam
1709 4487 1876 4540 οεσίάί
1905 4504 1999 4541 επ·
2031 4475 2073 4528 D
2104 4499 2360 4554 aereis-av
2393 4501 2484 4553 καὶ
2510 4475 2604 4552 τό·
2637 4496 3036 4566 Πορευθέντες
3066 4498 3273 4552 εἴπατε
3315 4497 3392 4566 τῇ
3431 4499 3686 4554 ἀλώπεκι

415 4579 499 4621 tra
528 4565 884 4625 Hierusalem.
919 4567 1060 4624 Illud
1111 4569 1278 4625 etiam
1325 4589 1339 4626 :
1377 4570 1742 4641 Hierusalem,
1798 4576 1996 4633 Hieru-

415 4660 517 4714 lem
536 4699 552 4725 ,
583 4677 700 4731 qua:
731 4662 927 4717 occidis
948 4663 1229 4732 prop/tetas
1265 4674 1316 4718 et
1359 4665 1571 4734 lapidas
1594 4685 1684 4724 eos
1733 4670 1824 4740 qui
1849 4672 1920 4725 ad
1950 4683 1997 4727 te

414 4752 567 4807 missi
592 4763 717 4808 sunt
741 4770 759 4808 :
787 4753 916 4810 Item
945 4755 1132 4822 :Stcpe
1163 4758 1304 4812 volui
1325 4775 1640 4831 congregare
1658 4803 1672 4826 ,
1697 4763 1836 4816 sicut
1881 4766 1998 4835 gal-

413 4843 527 4897 lina
558 4841 730 4912 pttllas
756 4861 909 4907 suos,
939 4856 993 4901 et
1019 4845 1388 4918 :Rclinquetur
1407 4849 1550 4903 vobis
1579 4850 1768 4906 domus
1791 4865 1997 4924 vestra;

412 4942 506 4990 et:
542 4933 666 4990 Non
696 4953 777 4992 me
803 4938 1064 5003 videbitis,
1099 4944 1262 4994 donec
1307 4941 1498 4995 dicatis
1534 4958 1552 4996 :
1587 4945 1900 5004 Benedictus
1923 4951 1962 5006 ³.

2104 4591 2310 4657 ταύτῃ,
2341 4589 2444 4652 ἕως
2469 4588 2602 4641 ὅπου
2635 4581 2786 4639 εἶπεν
2806 4603 2818 4616 ·
2857 4587 2978 4638 Οὐκ
3016 4583 3323 4653 ἐνδέχεται
3375 4586 3689 4656 προφήτην

2103 4680 2439 4737 ἀπολέσθαι
2484 4679 2602 4745 ἕξω
2645 4675 3072 4747 Ἰερουσαλήμο
3121 4677 3215 4730 καὶ
3257 4677 3348 4731 τό·
3401 4678 3687 4745 Ἰερουσα-

2103 4771 2682 4842 λῆμςἾερσυσαλὴμ,
2707 4769 2746 4836 ἡ
2787 4769 3230 4823 ἀποκτείνουσα
3272 4768 3418 4831 τοὺς
3465 4767 3687 4838 προφή-

2103 4880 2211 4929 τας
2245 4863 2340 4916 καὶ
2385 4861 2790 4917 λιθοϐολοῦσα
2831 4860 2973 4925 τοὺς
3008 4858 3516 4930 ἀπεσταλμένους
3539 4877 3552 4890 ·
3599 4858 3685 4912 καὶ

2105 4956 2164 5008 τό
2185 4971 2197 4983 ·
2229 4953 2533 5019 Πολλάκις
2570 4952 2844 5021 ἠθέλησα
2883 4951 3243 5016 ἐπισυνάξαι
3287 4951 3371 5018 ὡς
3415 4952 3579 5020 ὄρνις
3619 4949 3684 5002 τὰ

411 5031 596 5090 τέκνα
627 5049 776 5089 σουο
809 5035 903 5088 καὶ
932 5035 1020 5087 τό·
1063 5035 1310 5105 Ἀφίεται
1355 5038 1496 5106 ὑμῖν
1536 5042 1568 5091 ό
1610 5038 1772 5106 ςΐκος
1809 5045 2006 5114 ιἰιιῶν-
2044 5050 2136 5102 καί
2165 5049 2256 5102 τόδ
2293 5053 2373 5103 Οὐ
2397 5049 2482 5118 μὴ
2517 5045 2680 5116 ιδνητέ
2715 5064 2812 5117 με,
2855 5045 2966 5113 ἕως
2997 5042 3068 5102 οὗ
3115 5047 3324 5114 clunes
3350 5063 3366 5077 ο
3418 5049 3683 5115 Εὐλογη-

407 5123 612 5194 μένος.

482 5213 668 5271 Rel'ut.
696 5214 784 5269 M.
813 5214 950 5272 Vide
993 5217 1232 5272 hominis
1256 5214 1594 5281 'audaciaut,
1631 5231 1693 5270 ac
1737 5228 1995 5287 quantum

410 5322 475 5364 ex
526 5305 821 5376 Evangelio
867 5308 1176 5364 subtrahat.
1232 5307 1702 5376 Quemadmodum
1769 5310 1814 5364 si
1868 5313 1992 5382 quis

411 5399 632 5457 animali
659 5399 915 5470 quopiam
951 5399 1006 5453 in
1041 5399 1176 5456 duas
1208 5408 1391 5472 partes
1419 5400 1675 5466 dissecto,
1705 5400 1989 5457 dimidium

405 5489 532 5559 eius
583 5489 852 5561 imperitis
903 5491 1189 5555 osmndat,
1239 5507 1304 5546 ac
1357 5491 1688 5561 persuadere
1735 5501 1994 5562 conetur,

407 5581 678 5650 ejusmodi
737 5590 908 5637 totum
969 5581 1168 5636 animal
1218 5598 1378 5646 esse,
1438 5597 1540 5637 nec
1590 5581 1641 5635 ei
1698 5582 1993 5654 quidquam

411 5670 746 5741 ademptum.

483 5787 502 5820 ⁸
536 5783 670 5841 Luc.
695 5800 818 5854 xm,
857 5787 942 5840 16.
1021 5785 1042 5814 ¹
1070 5785 1204 5840 ibid.
1241 5784 1332 5840 29.
1414 5788 1432 5817 ³
1461 5788 1488 5837 i‘
1520 5789 1526 5796 '
1555 5788 1560 5793 ’

2181 5225 2400 5296 Ἐλεγχ.
2435 5233 2543 5296 μα’.
2587 5229 2730 5299 Ὅρα
2775 5228 2870 5299 τὴν
2917 5227 3185 5299 τοσαύτην
3229 5226 3470 5297 τόλμαν,
3521 5225 3684 5292 ﬁdenti

2101 5317 2334 5368 ποιεῖται
2376 5317 2663 5388 ἀφαίρεσιν
2690 5319 2784 5372 τοῦ
2819 5318 3279 5388 Εὐαγγελίου.Ὡς
3327 5318 3382 5370 εἰ
3425 5335 3512 5380 τις
3551 5314 3684 5387 λάϐῃ

2100 5404 2260 5470 ζῶον,
2297 5407 2388 5460 καὶ
2429 5409 2635 5480 ἐκτέμῃ
2681 5410 2832 5474 αὐτὸ,
2870 5409 3052 5464 καὶτὸ
3080 5411 3250 5480 ἥμισυ
3286 5409 3381 5462 τοῦ
3415 5408 3682 5479 σώματος,

2097 5495 2191 5548 καὶ
2224 5497 2284 5548 ὲν
2327 5496 2406 5568 τῷ
2449 5501 2640 5571 ἡμίσει
2684 5503 2809 5566 τοὺς
2843 5501 3171 5569 ἀγνοοῦντας
3210 5499 3535 5570 πειράσεται
3567 5496 3684 5550 πεί-

2093 5583 2228 5651 θειν,
2259 5587 2470 5643 τοιοῦτο
2501 5587 2641 5644 εἶναι
2673 5592 2734 5646 τὸ
2763 5591 2900 5657 ζῶον
2928 5591 3122 5660 λέγων,
3149 5591 3241 5644 καὶ
3275 5589 3444 5661 μηδὲν
3467 5589 3564 5644 ἀπ’
3587 5586 3686 5640 αὑ-

2091 5677 2185 5731 τοῦ
2221 5680 2593 5750 ἀφαιρεῖσθαι.
