3960 6112
403 292 510 351 73$

1824 300 1882 356 S.
1924 299 2265 358 EPlPHANll

3462 314 3670 372 .756

474 406 655 467 Schol.
697 409 786 467 48.
834 411 1064 478 Quando
1107 424 1471 472 occurrerunt
1514 417 1702 475 decem
1757 419 1979 491 leprosi.

2157 423 2311 493 Σχόλ.
2350 431 2460 497 μη’.
2504 426 2632 481 Ὅτε
2663 430 3003 502 συνήντησαν
3031 432 3080 485 οἱ
3108 430 3242 489 δέκα
3274 430 3485 504 λεπροί.
3536 434 3670 487 Ἄπι

400 498 522 568 Quo
546 503 599 557 in
638 504 759 559 loco
789 505 961 559 multa
985 515 1219 562 resecat.
1251 502 1444 580 Itaque
1474 511 1666 568 scribit
1697 531 1711 567 :
1743 512 1810 566 Et
1839 515 1986 567 misit

399 609 486 647 eas
529 595 705 649 dicens
754 612 775 650 :
812 595 1100 659 Ostendite,
1134 615 1223 654 vos
1276 602 1641 658 sacerdotibus
1666 605 1682 636 ‘
1719 621 1734 671 ;
1784 620 1849 661 ac
1885 621 1986 679 pro

400 684 524 740 aliis
545 687 651 740 alia
680 689 991 758 supposuit,
1021 689 1096 745 ita
1125 692 1443 763 concipiens
1475 713 1488 749 :
1522 693 1686 750 Multi
1712 708 1865 753 erant
1905 700 1984 754 le-

397 778 543 843 prosi
582 778 638 832 in
679 778 865 835 diebus
902 779 1090 836 Elisari
1132 783 1428 854 prophetae,
1475 795 1526 841 et
1580 804 1729 842 nemo
1768 799 1985 846 curatus

400 878 479 923 est
511 871 614 925 nisi
658 870 913 927 Naaman
948 871 1118 944 Syrus
1150 877 1193 931 ².

474 959 659 1018 Reiut.
691 963 780 1020 48.
815 963 930 1022 Hoc
958 966 1015 1020 in
1050 968 1169 1024 loco
1208 969 1531 1041 prophetam
1576 971 1842 1029 Dominus
1873 974 1987 1030 Eli-

402 1058 570 1107 satum
608 1056 856 1110 nominat
876 1096 891 1121 ,
925 1073 1094 1128 seque
1136 1060 1272 1116 adeo
1297 1061 1638 1118 demonstrat
1669 1079 1732 1119 ea
1762 1081 1884 1136 qua:
1917 1067 1986 1121 ab

404 1144 496 1198 illo
546 1144 718 1217 signis
760 1154 814 1203 et
853 1147 1153 1206 involucris
1197 1154 1478 1223 mqualiter
1506 1155 1833 1212 adumbrata
1868 1158 1986 1212 fue-

405 1247 563 1302 rant,
608 1240 788 1307 reipsa
828 1241 1166 1310 complesse,
1209 1260 1320 1315 quo
1367 1245 1729 1315 Marcionem,
1767 1265 1831 1304 ac
1877 1266 1986 1305 cae-

407 1340 551 1387 teros
629 1348 820 1391 omnes
890 1338 1279 1406 protihetarum
1342 1348 1746 1412 contemptores
1826 1342 1987 1397 refel-

405 1422 557 1478 leret.

476 1512 658 1570 Schol.
682 1516 771 1572 49.
798 1516 1012 1573 Venient
1064 1520 1176 1575 dies
1199 1561 1211 1585 ,
1243 1523 1454 1593 quando
1495 1522 1862 1579 desiderabitis
1911 1525 1986 1578 vi-

402 1603 524 1659 dere
552 1621 714 1661 unum
739 1624 804 1662 ex
831 1607 1013 1665 diebus
1048 1609 1178 1666 Filii
1207 1614 1438 1669 hominis
1466 1615 1505 1669 ³.

476 1695 658 1754 Rclut.
706 1702 794 1756 49.
845 1704 978 1760 Cum
1031 1713 1085 1759 et
1141 1705 1259 1761 dies
1319 1714 1601 1771 numeret,
1652 1714 1707 1762 et
1771 1715 1982 1762 certum

402 1797 619 1861 tempus
652 1792 877 1859 indicet.
911 1807 965 1852 et
997 1798 1195 1853 Filium
1226 1812 1284 1852 se
1309 1798 1546 1853 hominis
1576 1799 1832 1869 appellat,
1857 1812 1988 1854 sane

406 1894 719 1937 mensuram
748 1889 1037 1955 quamdam
1084 1888 1261 1944 aetatis
1298 1888 1591 1960 signiﬁcat,
1626 1905 1691 1945 ac
1725 1889 1990 1960 praedica-

407 1972 572 2030 tionis
611 1990 724 2031 suae
769 1978 1048 2035 deﬁnitum
1094 1980 1236 2035 diem
1287 1982 1595 2037 constituit.
1632 1980 1841 2049 Quare,
1880 1999 1986 2038 non

406 2077 602 2134 expers
630 2068 813 2124 carnis
839 2078 924 2126 est
957 2070 1229 2132 Verbum.
1268 2075 1363 2130 sed
1397 2074 1450 2128 in
1484 2089 1716 2145 corpore
1751 2076 1989 2134 benevo-

405 2156 519 2211 lum
552 2159 685 2214 illud
709 2170 791 2216 est
822 2162 916 2218 Dei
944 2166 1237 2221 consilium
1273 2168 1575 2236 perfectum

478 2248 661 2306 Schol.
690 2252 777 2308 50.
827 2254 977 2310 Dixit
1015 2258 1066 2311 ei
1091 2259 1307 2329 quidam
1335 2275 1352 2312 :
1378 2257 1636 2330 Magister
1668 2260 1797 2317 bone
1816 2262 1836 2315 !
1862 2262 1989 2333 quid

405 2338 604 2409 faciens
644 2343 803 2397 vitam
844 2354 1100 2401 wternam
1131 2348 1449 2417 possidebo?
1489 2350 1559 2403 At
1610 2351 1703 2405 ille
1744 2368 1762 2407 :
1805 2351 1990 2408 Nolite

404 2446 487 2483 me
532 2429 705 2487 dicere
741 2433 934 2490 bonum
973 2454 992 2492 :
1025 2455 1161 2494 unus
1208 2450 1287 2494 est
1351 2441 1515 2497 bonus
1565 2443 1723 2499 Deus.
1779 2444 1991 2515 Adjecit

407 2522 526 2587 ille,
556 2522 737 2579 Pater.
772 2525 878 2583 Sed
921 2539 975 2584 et
1007 2545 1107 2599 pro
1145 2547 1209 2587 eo
1253 2533 1401 2603 quod
1440 2541 1556 2601 est,
1596 2535 1857 2591 Mandata
1900 2555 1986 2594 no-

405 2614 477 2667 sti
495 2614 549 2680 ξ,
584 2616 808 2687 scripsit
840 2619 952 2685 ille,
986 2618 1248 2676 Mandata
1278 2625 1416 2679 novi.

477 2703 659 2760 Refnt.
695 2709 785 2764 50.
821 2710 898 2768 Ne
952 2712 1208 2768 mandata
1267 2727 1423 2773 antea
1471 2718 1769 2789 perscripta
1825 2719 1992 2776 fuisse

406 2807 771 2868 monstraret,
838 2803 913 2857 ita
969 2805 1312 2863 substituit:
1377 2807 1640 2864 Mandata
1685 2812 1822 2866 novi.
1885 2811 1992 2867 Sed

407 2888 673 2955 integrum
718 2902 883 2962 caput
914 2893 1044 2949 illud
1093 2911 1156 2949 ex
1206 2897 1319 2965 ipsa
1362 2902 1631 2956 sermonis
1674 2910 1759 2957 est
1797 2917 1991 2959 conse-

406 2983 625 3047 quentia
670 2983 1040 3042 manifestum.
1086 2986 1150 3040 Et
1203 2991 1462 3058 quoniam
1508 2991 1725 3048 Patrem
1785 2994 1989 3049 bonum

2090 514 2258 585 έκοψε
2284 516 2341 567 δὲ
2372 518 2561 585 πολλὰ,
2585 521 2679 573 καὶ
2711 522 2985 593 ἐποίησεν·
3019 522 3395 577 Ἀπέστειλεν
3423 524 3671 591 αὐτοὺς,

2085 606 2280 676 λέγων
2303 626 2317 639 ο
2363 609 2603 675 Δείξατε
2632 612 2885 680 ἑαυτοὺς
2924 615 3047 682 τοῖς
3091 614 3352 684 ἱερεῦσι*
3399 617 3493 669 καὶ
3536 616 3673 674 ἄλλα

2086 699 2199 753 ἀντ’
2223 700 2398 754 ἄλλων
2421 703 2664 774 ἐποίησε,
2686 705 2882 774 λέγων,
2912 707 2993 760 ὅτι
3031 707 3257 783 Πολλοί
3271 707 3480 775 λεπροὶ
3509 705 3674 777 ἦσαν

2085 793 2156 848 ἐν
2203 794 2448 864 ἡμέραις
2489 797 2835 853 Ἐλισσαίου
2881 800 2987 854 τοῦ
3025 802 3356 872 προφήτου,
3407 803 3505 856 καὶ
3559 803 3672 855 οὐκ

2085 885 2450 956 ἐκαθαρίσθη
2489 890 2540 942 ει
2562 888 2649 958 μὴ
2674 889 2909 960 Νεεμᾶν
2939 894 2971 944 o'
2995 893 3207 959 Σύρος.

2160 978 2380 1050 Ἔλεγχ.
2435 985 2546 1051 μη’.
2592 982 2700 1034 Καὶ
2757 981 2994 1035 ἐνταῦθα
3036 984 3322 1055 προφήτην
3365 983 3456 1035 τὸν
3488 982 3667 1035 Ἐλισ-

2089 1071 2239 1124 σαῖον
2265 1070 2421 1125 καλεῖ
2443 1073 2470 1123 ὁ
2509 1072 2731 1143 Κύριος,
2763 1074 2859 1127 καὶ
2888 1073 3079 1128 ἑαυτὸν
3113 1074 3424 1146 πληροῦντα
3449 1074 3520 1128 τὰ
3555 1076 3669 1127 ἔσο-

2086 1157 2272 1223 τύπως
2296 1162 2426 1230 παρ’
2449 1161 2655 1214 ἐκείνου
2682 1163 3149 1234 προγεγενημένα,
3184 1165 3270 1217 ἵνα
3294 1164 3487 1235 ἐλέγχῃ
3514 1165 3670 1234 Map-

2087 1250 2277 1316 κίωνα,
2308 1251 2402 1304 καὶ
2435 1251 2645 1314 πάντας
2669 1253 2796 1317 τοὺς
2834 1252 3159 1316 ἀθετοῦντας
3194 1252 3329 1308 Θεοῦ
3358 1254 3665 1324 προφήτας.

2158 1521 2311 1592 Σχὸλ.
2346 1521 2453 1594 μθ’.
2491 1520 2877 1576 Ἐλεύσονται
2925 1520 3156 1592 ἡμέραι,
3196 1519 3341 1574 ὅταν
3381 1517 3669 1589 ἐπιθυμή-

2085 1628 2166 1681 ση
2175 1629 2236 1666 τε
2252 1612 2402 1682 μίαν
2426 1612 2548 1667 τῶν
2564 1613 2800 1683 ἡμερῶν
2821 1612 2927 1666 τοῦ
2960 1613 3098 1667 Υἱοῦ
3130 1611 3235 1666 τοῦ
3261 1609 3593 1680 ἀνθρώπου.

2098 1754 2105 1759 .
2161 1705 2383 1777 Ἐλεγχ.
2436 1705 2545 1778 μθ’.
2586 1705 2650 1760 Εἰ
2682 1706 2896 1777 ἡμέρας
2928 1705 3171 1777 ἀριθμεῖ,
3202 1704 3295 1758 καὶ
3343 1703 3531 1775 χρόνον
3573 1720 3671 1779 ση-

2092 1798 2290 1871 μαίνει,
2322 1799 2418 1853 καὶ
2468 1797 2598 1852 Υἱὸν
2628 1797 2917 1870 ἀνθρώπου
2965 1797 3114 1867 λέγει
3157 1798 3376 1851 ἑαυτὸν⁸
3423 1796 3532 1869 ἄρα
3576 1796 3670 1853 καὶ

2092 1892 2290 1962 μέτρον
2320 1890 2539 1960 ἡλικίας
2566 1888 2831 1954 ὑπέδειξε,
2863 1890 2958 1944 καὶ
3000 1890 3221 1962 ἡμερῶν
3258 1888 3351 1943 τοῦ
3380 1887 3674 1960 κηρύγμα-

2088 2001 2180 2048 τος
2224 1984 2547 2054 ὑπόδειγμα.
2584 1983 2697 2038 Οὐκ
2741 1984 2979 2056 ἄσαρκος
3020 1978 3112 2037 οὖν
3166 1984 3195 2037 ό
3247 1981 3437 2050 Λόγος,
3469 1980 3583 2035 ἀλλ’
3612 1982 3671 2033 ἐν

2090 2073 2306 2147 σώματι
2330 2075 2362 2146 ή
2388 2074 2620 2129 εὐδοκία.

2162 2245 2315 2318 Σχόλ.
2352 2252 2415 2302 ν’.
2456 2241 2603 2301 Εἷπέ
2635 2263 2723 2311 τις
2748 2246 2897 2314 πρὸς
2920 2245 3137 2298 αὐτόν·
3160 2241 3496 2296 Διδάσκαλε
3531 2242 3678 2310 ἀγα-

2090 2338 2155 2393 θέ
2171 2339 2193 2392 !
2212 2339 2270 2393 τι
2290 2339 2552 2407 ποιήσας
2573 2336 2727 2406 ζωὴν
2746 2337 2986 2391 αἰώνιον
3007 2333 3439 2403 κληρονομήσω
3456 2350 3476 2397 ;
3506 2334 3560 2387 '0
3579 2334 3669 2388 δέ’

2089 2432 2186 2499 Μή
2223 2450 2303 2503 με
2346 2432 2486 2503 λέγε
2537 2432 2793 2501 ἀγαθόν’
2853 2427 2941 2497 εἷς
2981 2430 3154 2483 ἐστιν
3192 2429 3414 2499 ἀγαθὸς·
3440 2432 3472 2483 ό
3505 2430 3672 2494 Θεός.

2091 2523 2395 2596 Προσέθετο
2427 2524 2634 2587 ἐκεῖνος
2659 2540 2673 2554 ·
2722 2522 2776 2576 ’0
2817 2523 3038 2591 Πατήρ.
3077 2522 3185 2576 Καὶ
3227 2522 3347 2576 ἀντὶ
3393 2523 3486 2576 τοῦ
3509 2539 3523 2551 ·
3562 2523 3675 2588 Τὰς

2090 2615 2342 2681 ἐντολὰς
2376 2611 2564 2680 οἶδας,
2590 2613 2758 2681 λέγει,
2795 2615 2906 2679 Τὰς
2929 2612 3183 2678 ἐντολὰς
3210 2609 3359 2667 οἴδα.

2166 2706 2383 2778 Ἐλεγχ.
2415 2713 2477 2759 ν’.
2523 2707 2640 2760 Ἵνα
2662 2706 2736 2777 μὴ
2778 2706 2926 2778 δείξῃ
2968 2706 3067 2770 τὰς
3095 2706 3314 2769 ἐντολὰς
3347 2705 3446 2777 ἤδη
3479 2720 3680 2776 προγε-

2091 2799 2438 2872 γραμμένας,
2471 2798 2645 2867 λέγει’
2674 2798 2785 2865 Τὰς
2809 2799 3060 2865 ἐντολὰς
3090 2795 3239 2852 οἶδα.
3258 2799 3330 2852 Τὸ
3352 2799 3408 2851 δὲ
3437 2797 3556 2851 ὅλον
3586 2815 3685 2869 κεῖ

2093 2892 2319 2962 φάλαιον
2353 2891 2582 2962 φανερὸν
2608 2892 2844 2962 ὑπάρχει
2874 2891 2981 2945 άπὸ
3003 2891 3105 2961 τῆς
3125 2890 3464 2955 ἀκολουθίας.
3495 2890 3603 2944 Καὶ
3626 2892 3677 2943 εἰ

2093 2983 2312 3054 Πατέρα
2363 2981 2566 3051 ἀγαθὸν
2612 2982 2829 3051 φάσκει,
2866 2982 2962 3034 καὶ
3004 2981 3136 3036 Θεὸν
3178 2982 3453 3052 ὀνομάζει,
3493 2982 3676 3046 καλῶς

407 3070 660 3140 appellat,
696 3089 761 3129 ac
789 3073 993 3142 Deum,
1035 3081 1297 3148 prmclare
1325 3080 1454 3135 illud
1487 3083 1762 3150 ostendit;
1795 3102 1983 3156 quem-

2107 3074 2204 3128 ἱιπὺ
2236 3074 2331 3127 τοῦ
2355 3074 2522 3145 νόμου
2555 3073 2649 3126 τοῦ
2678 3074 2892 3144 Πατρὸς
2916 3073 3081 3127 αὑτοῦ
3110 3075 3350 3129 διδάσκει
3377 3075 3466 3128 τὸν
3497 3074 3680 3145 βουλό.

409 3164 538 3219 libet
567 3180 633 3220 ex
661 3163 840 3222 Patris
873 3170 958 3224 sui
990 3171 1107 3241 lege
1131 3211 1144 3234 ,
1177 3172 1322 3226 velut
1353 3174 1625 3244 quoddam
1658 3178 1783 3232 vitae
1819 3180 1992 3248 patri-

407 3259 648 3313 monium
675 3253 1008 3335 posse350
1035 3266 1294 3336 consequi
1316 3284 1330 3331 ;
1352 3268 1611 3329 necjllam
1640 3270 1989 3338 condemnat,

410 3358 501 3403 aut
529 3350 705 3419 rejicit
738 3371 752 3407 :
786 3353 882 3408 sed
916 3369 1011 3410 eos
1048 3358 1227 3426 potius
1263 3360 1422 3429 quiin
1453 3360 1569 3432 lege
1593 3361 1865 3428 vixerunt,
1892 3366 1994 3418 im-

411 3442 693 3497 tnmtalcm
744 3444 911 3499 vitam
945 3449 1169 3505 sortitos
1209 3464 1333 3505 esse
1370 3460 1623 3519 testatur,
1659 3452 1879 3526 Moysen
1911 3456 1992 3509 vi-

308 3550 323 3575 τ
409 3531 624 3599 dclicet,
651 3549 715 3589 ac
748 3538 1043 3606 prophetas
1067 3550 1315 3597 caeteros.

483 3622 667 3680 Schol.
705 3627 792 3682 5i.
821 3627 1047 3686 Factum
1076 3644 1252 3689 autem
1285 3646 1362 3691 est
1399 3654 1515 3691 cum
1551 3641 1991 3711 appropinquaret

408 3714 621 3772 Jericho
643 3759 656 3781 ,
688 3736 856 3775 aecus
887 3723 1155 3780 clamabat
1189 3743 1208 3781 :
1236 3726 1389 3793 Iesu,
1413 3731 1495 3799 ﬁli
1525 3731 1719 3798 David,
1749 3735 1994 3789 miserere

409 3809 529 3862 mei.
572 3809 635 3865 Et
669 3829 786 3867 cum
811 3825 1028 3872 curatus
1053 3829 1209 3886 esset,
1237 3823 1313 3875 ait
1341 3841 1359 3877 .’
1394 3822 1553 3879 Fides
1589 3837 1682 3880 tua
1713 3836 1763 3881 te
1785 3827 1991 3882 salvum

409 3900 534 3973 fecit
566 3904 609 3959 ⁸.

479 3993 661 4050 Relut.
693 3998 780 4052 51.
812 3998 1030 4055 Nullum
1054 4002 1195 4059 inest
1229 4004 1282 4059 in
1324 4004 1428 4062 ﬁde
1460 4008 1827 4064 mendacium.
1855 4008 1991 4064 Nam

410 4087 455 4139 si
491 4087 773 4152 mentitur,
794 4090 929 4146 ﬁdes
952 4106 1065 4147 non
1094 4101 1202 4148 est.
1240 4095 1308 4147 At
1331 4096 1422 4151 ille
1454 4111 1580 4150 cum
1609 4097 1876 4163 dixisset,
1911 4098 1993 4166 [ili

409 4173 616 4240 David,
664 4192 694 4231 a
741 4178 962 4235 Christo
1010 4183 1294 4250 laudatur;
1350 4200 1659 4257 nomenque
1706 4188 1993 4245 confessus

410 4262 554 4329 quod
578 4263 809 4333 petierat
840 4265 1115 4336 impetrat.
1146 4269 1262 4326 Non
1290 4272 1380 4327 ille
1413 4274 1732 4344 increpatur
1763 4284 1819 4329 ut
1850 4292 1997 4331 men-

412 4356 551 4417 dax,
590 4355 683 4410 sed
732 4356 1063 4424 prmdicatur
1101 4369 1158 4414 ut
1194 4362 1386 4420 ﬁdelis.
1431 4363 1551 4420 Non
1604 4367 1787 4422 carnis
1828 4369 1994 4437 igitur

2098 3184 2256 3238 μενον
2285 3166 2382 3239 τὴν
2427 3166 2571 3237 ζωὴν
2604 3166 3041 3237 κληρονομῆσαι⁸
3071 3168 3165 3221 καὶ
3197 3168 3296 3221 οὐκ
3327 3166 3525 3231 ἀθετεῖ,
3553 3167 3678 3219 οὐδὲ

2094 3258 2426 3313 ἀπωθεῖται·
2471 3257 2607 3312 ἀλλὰ
2654 3258 2852 3329 μᾶλλον
2893 3260 3259 3332 ἐπιμαρτυρεῖ
3279 3259 3403 3323 τοὺς
3439 3261 3496 3312 ὲν
3528 3258 3678 3329 νόμῳ

2095 3351 2583 3422 πολιτευσαμένους
2647 3350 2792 3423 ζωὴν
2850 3351 3066 3406 αἰώνιον
3118 3351 3677 3424 κεκληρονομηκέναι,

2095 3443 2333 3498 Μωϋσέα
2357 3461 2416 3497 τε
2446 3443 2691 3508 καὶτοὺς
2716 3443 2909 3508 ἄλλους
2946 3445 3250 3517 προφήτας.

2165 3627 2320 3699 Σχόλ.
2350 3635 2451 3682 να¹.
2505 3626 2767 3697 Ἐγένετο
2799 3625 2867 3679 δὲ
2897 3626 2967 3680 ἐν
2994 3624 3074 3691 τῷ
3099 3622 3346 3696 ἐγγίζειν
3390 3622 3582 3678 αὐτὸν
3603 3622 3681 3691 τῆ

2107 3722 2338 3792 ἰεριχὼ,
2363 3721 2594 3791 τυφλὸς
2624 3722 2764 3775 ἐϐόα
2782 3739 2796 3752 ·
2835 3720 3028 3789 Ἰησοῦ
3059 3719 3150 3774 vis
3181 3719 3377 3783 Δαϐὶδ,
3416 3718 3682 3786 ἐλέησόν

2087 3831 2184 3884 με.
2217 3814 2325 3868 Καὶ
2374 3812 2472 3867 ὅτε
2503 3811 2657 3880 ἰάθη,
2688 3812 2882 3881 φησίν
2904 3828 2917 3844 ·
2953 3810 3017 3865 Ἠ
3057 3811 3262 3876 πίστις
3288 3823 3405 3863 σου
3443 3807 3681 3863 σέσωκέ

2094 3922 2188 3959 σε.

2168 3996 2388 4067 Ἐλεγχ.
2427 3977 2526 4050 ναί.
2567 3994 2661 4048 Ἐν
2713 3994 2894 4048 πίστει
2937 3994 3038 4047 οὐκ
3084 3992 3161 4046 ἔνι
3204 3992 3429 4054 ψεῦδοςο
3473 3993 3522 4044 εξ
3571 3990 3681 4063 γὰρ

2092 4087 2366 4159 ψεύδεται,
2396 4088 2455 4141 οὐ
2509 4086 2709 4150 πίστις.
2758 4086 2922 4155 Λέγει
2973 4083 3137 4154 γοῦν·
3201 4082 3291 4137 Υἱὲ
3343 4081 3542 4145 Δαὸὶδ,
3589 4082 3683 4133 καὶ

2094 4180 2421 4243 ἐπαινεῖται,
2456 4178 2552 4232 καὶ
2580 4177 2864 4249 κομίζεται
2895 4176 2956 4229 τὸ
2982 4177 3187 4247 αἴτημα
3222 4176 3249 4227 ὁ
3272 4175 3332 4227 τὸ
3354 4173 3524 4243 ὄνομα
3548 4173 3682 4241 ὁμου

2094 4273 2349 4343 λογήσας.
2380 4270 2489 4324 Καὶ
2539 4269 2639 4323 οὐκ
2693 4267 2998 4340 ἐπετιμήθη
3048 4267 3123 4330 ὡς
3176 4265 3437 4336 ψεύστης,
3466 4263 3684 4325 ἀλλ’ὡς

2097 4365 2285 4429 πιστὸς
2319 4363 2688 4435 ἐμακαρίσθη.
2720 4362 2837 4415 Οὐκ
2868 4362 2977 4432 ἄρα
3001 4360 3237 4431 ἄσαρκος
3266 4361 3293 4412 ὁ
3323 4359 3412 4413 διὰ
3439 4360 3539 4429 τὴν
3564 4358 3684 4411 ἐπί-

411 4455 528 4499 crat
583 4462 781 4517 expers
836 4449 929 4520 qui
981 4451 1053 4506 ob
1100 4453 1246 4508 illam
1307 4457 1541 4514 nominis
1596 4458 1990 4515 invocationem

2107 4456 2292 4528 κλησιν
2329 4454 2424 4509 τοῦ
2467 4455 2728 4525 ὀνόματος
2756 4452 3121 4524 χαρισάμενος
3149 4450 3226 4521 τῷ
3255 4449 3442 4520 τυφλῷ
3470 4449 3532 4501 τὸ
3562 4448 3683 4517 βλέ-

411 4553 557 4592 rauco
601 4539 778 4594 visura
818 4542 1080 4598 restituit.
1130 4543 1341 4618 Quippe
1394 4566 1500 4605 non
1547 4568 1685 4606 vana
1732 4554 1990 4611 duntaxat

2107 4566 2242 4603 πειν.
2261 4546 2557 4618 Ἀληθινῶς
2586 4544 2695 4617 γὰρ
2721 4540 2809 4615 ἦν,
2839 4544 2932 4598 καὶ
2958 4545 3019 4597 οὐ
3057 4545 3294 4614 δοκήσει,
3317 4543 3382 4595 ἐκ
3400 4541 3493 4595 τοῦ
3523 4541 3686 4610 σπέρ-

411 4630 614 4697 specie,
644 4634 737 4684 sed
770 4631 950 4700 reipsa
984 4635 1285 4691 secundum
1319 4653 1539 4696 carnem
1569 4657 1599 4697 e
1640 4644 1812 4714 stirpe
1847 4645 2002 4699 Davi-

411 4720 494 4774 alis
529 4721 793 4790 originem
839 4723 1073 4781 duxerat
1100 4728 1168 4783 de
1205 4729 1524 4787 beatissima
1558 4732 1781 4806 Virgine
1825 4736 1992 4791 Maria

409 4821 603 4877 natus,
646 4822 699 4868 et
738 4830 767 4868 a
795 4828 988 4873 sancto
1039 4819 1243 4890 Spiritu
1275 4822 1566 4881 formatus.

481 4904 667 4962 Schol.
708 4908 798 4963 52.
853 4909 1124 4965 Mutilavit
1177 4914 1279 4968 ista
1311 4934 1323 4968 :
1354 4915 1656 4986 Assumptis
1713 4916 1992 4972 duodecim

412 4999 487 5051 ait
522 5016 539 5051 :
576 4999 704 5054 Ecce
728 5004 1061 5058 ascendimus
1098 5004 1553 5077 Hierosolymam,
1585 5018 1632 5062 et
1659 5024 1995 5062 consumma-

412 5089 607 5144 buntur
667 5096 843 5147 omnia
911 5113 1031 5166 qua:
1109 5099 1310 5166 scripta
1379 5111 1501 5153 sunt
1560 5117 1652 5169 per
1713 5102 1993 5171 prophetas

410 5183 474 5237 de
517 5181 658 5236 Filio
700 5184 927 5241 hominis
952 5203 971 5241 :
996 5190 1258 5258 tradetur,
1296 5193 1585 5259 occidetur,
1626 5204 1676 5248 et
1721 5197 1878 5248 tertia
1909 5196 1994 5250 die

412 5287 644 5345 resurget
668 5276 707 5329 ⁸.
752 5276 872 5332 lla:c
900 5280 1082 5337 omnia
1120 5283 1366 5338 sustulit.

485 5456 663 5512 Relut.
711 5459 799 5513 52.
847 5458 918 5513 Ut
964 5477 1232 5533 nusquam
1281 5473 1425 5520 recta
1459 5467 1759 5538 gradiatur.
1802 5467 1990 5535 Quan-

413 5559 577 5625 quam
626 5549 772 5606 illius
820 5550 1114 5623 obliquitas
1161 5570 1225 5610 ac
1269 5558 1410 5612 maia
1452 5559 1507 5614 iu
1553 5561 1810 5615 omnibus
1860 5561 1993 5617 ﬁdes

2103 4660 2272 4713 ματος
2316 4641 2484 4694 Δαὸὶδ
2534 4639 2674 4693 κατὰ
2726 4638 2927 4709 σάρκα,
2967 4636 3074 4690 ἀπὸ
3122 4638 3340 4707 Μαρίας
3387 4638 3487 4708 τῆς
3520 4637 3685 4705 ἁγίας

2103 4733 2399 4805 Παρθένου,
2432 4732 2525 4786 καὶ
2553 4732 2640 4785 διὰ
2676 4730 2989 4800 Πνεύματος
3017 4728 3172 4836 ἁγίου
3205 4728 3621 4800 γεγεννημένος.

2171 4914 2328 4985 Σχόλ.
2362 4913 2459 4984 νβ’.
2502 4911 2790 4984 Παρέκοψε
2827 4913 2921 4965 τό⁸
2974 4910 3344 4980 Παραλαϐὼν
3391 4910 3535 4978 τοὺς
3576 4911 3682 4964 δώ-

2100 5007 2265 5071 δεκα,
2288 5008 2499 5076 ἔλεγεν
2514 5023 2527 5037 ’
2567 5006 2711 5061 Ἰδοὺ
2734 5006 3134 5074 ἀναϐαίνομεν
3159 5007 3246 5070 είς
3280 5005 3680 5074 Ἱεροσόλυμα,

2100 5099 2197 5154 καὶ
2237 5099 2669 5169 τελεσθήσεται
2712 5097 2908 5151 πάντα
2946 5096 3019 5151 τὰ
3061 5095 3432 5166 γεγραμμένα
3467 5098 3537 5149 ἐν
3560 5096 3684 5161 τοῖς

2100 5190 2421 5259 προφήταις
2457 5191 2587 5258 περὶ
2618 5189 2723 5243 τοῦ
2764 5188 2899 5243 Υἱοῦ
2927 5188 3034 5242 τοῦ
3055 5186 3390 5255 ἀνθρώπου.
3414 5187 3683 5257 Παραδο-

2099 5283 2346 5349 θήσεται
2387 5284 2517 5350 γὰρ,
2561 5281 2656 5335 καὶ
2683 5280 3219 5349 ἀποκτανθήσεται,
3250 5281 3348 5336 καὶ
3399 5280 3476 5349 τῇ
3516 5283 3684 5350 τρίτῃ

2098 5373 2287 5444 ἡμέρᾳ
2316 5372 2858 5442 ἐγερθήσεται.”ολα
2882 5372 3052 5425 ταῦτα
3078 5372 3377 5444 παρέκοψε.

2172 5467 2392 5537 Ἕλεγχ.
2422 5466 2521 5536 νβ’.
2566 5465 2766 5518 Ἵναέν
2803 5464 2988 5535 μηδενὶ
3016 5462 3376 5536 ὀρθοποδήσῃ.
3407 5464 3499 5536 Μὴ
3525 5465 3683 5535 ὀρθο-

2100 5560 2275 5613 ποδῶν
2308 5559 2364 5612 δὲ
2390 5558 2675 5629 ἐλέγχεται
2712 5555 3051 5629 ρᾳδιουργῶν
3084 5555 3225 5610 κατά
3256 5555 3433 5609 πάντα
3455 5555 3681 5628 τρόπον.

386 5795 397 5810 ι
496 5719 672 5784 ithc.
708 5729 932 5795 mnu.
1011 5732 1029 5759 ¹
1063 5729 1196 5794 Luc.
1228 5749 1298 5802 tv,
1334 5738 1422 5792 ‘27.
1505 5738 1523 5770 ³
1552 5738 1687 5793 Luc.
1733 5757 1866 5809 xvtt,
1898 5743 1988 5797 ΕΗ.

2120 5741 2252 5797 Luc.
2289 5757 2444 5809 mu,
2482 5740 2544 5797 l8
2578 5756 2698 5813 sqq.
2779 5742 2798 5773 ’
2839 5740 2970 5805 ὼὶὰ.
3004 5741 3090 5796 55.
3163 5742 3183 5772 ⁶
3209 5739 3343 5795 ibid.
3383 5739 3471 5799 5|.
