3950 6146
310 334 406 389 757

965 332 1338 390 ADVERSUS
1380 331 1723 389 I'IERESES
1762 330 1880 386 LIB

2015 328 2179 384 TOM.
2221 329 2313 383 111.
2356 354 2424 369 σ-
2462 328 2737 385 ΗΑΞΒΕΞ.
2777 326 2935 384 XLII.

3455 325 3560 383 758

310 452 553 524 Ἐκρυψε
593 451 701 523 7&9
725 451 792 506 τὰ
817 451 974 523 ῥητὰ,
999 452 1084 506 ἵνα
1108 451 1267 523 δῆθεν
1299 453 1366 506 τὰ
1396 454 1523 524 περὶ
1548 449 1643 506 τοῦ
1671 451 1872 514 πάθους

1995 449 2294 520 'eprehendi
2318 456 2516 519 potest.
2536 448 2713 505 Verba
2724 448 2868 505 enim
2888 449 2979 503 illa
3004 447 3369 505 dissimulavit
3398 447 3522 504 ideo
3540 491 3555 516 ,

303 541 898 615 ἀρνήσηται.⁰ἴ“στερον
936 543 993 596 δὲ
1034 542 1378 611 ὁμολογοῦντι
1402 543 1566 596 αὐτὸν
1595 541 1878 612 ἐσταυρῶ-

310 632 453 698 σθαι,
494 634 573 697 εἰς
625 631 853 704 μάταιον
904 631 1052 703 αὐτῷ
1101 635 1129 686 ὁ
1171 632 1332 696 πόνος
1379 632 1480 703 τῆς
1533 631 1880 704 ῥᾳδιουργίας

305 725 478 778 ἔσται.

379 900 535 970 Σχόλ.
592 906 688 968 νγ’.
731 898 1018 971 Παρέκοψε
1059 899 1121 953 τὸ
1165 900 1457 969 κεφάλαιον
1502 901 1564 954 τὸ
1608 902 1738 973 περὶ
1782 902 1878 957 τοῦ

306 993 452 1056 ὄνου,
488 990 579 1044 καὶ¹
608 990 885 1061 Βεθφαγὴ,
918 990 1012 1044 καὶ
1050 989 1111 1043 τὸ
1142 991 1270 1062 περὶ
1301 993 1398 1062 τῆς
1426 991 1631 1055 πόλεως
1664 992 1758 1045 καὶ
1786 992 1878 1045 τοῦ

310 1081 479 1152 ἱεροῦ.
519 1082 673 1135 Διότι
705 1080 1108 1152 τεῃοαμμένον
1131 1076 1241 1152 ἦν’
1294 1083 1356 1137 '0
1383 1078 1546 1148 οἶκός
1572 1100 1689 1151 μου
1718 1083 1881 1148 οἶκος

311 1171 659 1242 προσευχῆς
694 1172 1061 1241 κληθήσεται
1087 1190 1099 1203 ·
1135 1174 1231 1227 καὶ
1267 1174 1486 1228 ποιεῖτε
1510 1166 1697 1227 αὑτὸν
1723 1174 1882 1239 σπή-

311 1267 484 1316 λαιον
509 1263 773 1332 λῃστῶν.

382 1349 605 1420 Ἐλεγχ.
640 1358 741 1420 νγ’.
784 1351 885 1406 Τδν
910 1352 1128 1422 ἔλεγχον
1154 1354 1352 1425 ἑαυτῆς
1377 1354 1409 1425 ἡ
1439 1355 1606 1408 κακία
1627 1357 1724 1426 οὐχ
1745 1358 1876 1428 ὁρᾷ·

311 1439 606 1508 τυφλώττει
637 1442 763 1512 γάρ.
797 1442 981 1496 Οἴεται
1003 1443 1059 1496 δὲ
1087 1444 1345 1497 δύνασθαι
1374 1446 1746 1519 ἀποκρύπτειν
1784 1449 1881 1519 τὴν

309 1529 407 1598 τῆς
438 1529 690 1601 ἀληθείας
732 1532 848 1586 ὀδόν
869 1551 880 1564 ·
916 1534 1053 1605 ὅπερ
1079 1536 1224 1588 ἐστὶν
1256 1535 1533 1592 ἀδύνατον.
1564 1537 1736 1601 Εὐθὺς
1773 1539 1881 1609 γὰρ

308 1624 637 1695 ἀνεπήδησε,
668 1626 989 1696 παραλιπὼν
1017 1628 1113 1681 ὅλα
1136 1629 1204 1681 τὰ
1236 1629 1503 1698 κεφάλαια
1529 1630 1595 1683 τὰ
1624 1648 1881 1702 προειρη-

311 1717 448 1787 μένα
476 1716 561 1769 διὰ
586 1717 676 1771 τὸν
711 1719 1127 1789 μαρτυρηθέντα
1153 1721 1315 1774 τόπον
1342 1721 1434 1774 τοῦ
1461 1722 1593 1777 ναοῦ
1619 1723 1744 1777 ὅντα
1778 1724 1878 1777 αύ-

306 1807 402 1860 τοῦ
452 1809 599 1872 ῐδιον,
636 1810 728 1862 καὶ
776 1812 854 1873 εὶς
887 1810 1055 1881 ὄνομα
1096 1810 1258 1864 αὑτοῦ
1306 1811 1739 1883 ᾠκοδομημένον.
1768 1815 1880 1867 Καὶ
1910 1789 1950 1842 Β

305 1899 417 1952 ἀπὸ
458 1899 556 1970 τῆς
598 1899 804 1971 Ἰεριχὼ
833 1900 1145 1954 καταλιπὼν
1193 1904 1374 1955 πᾶσαν
1418 1902 1517 1972 τὴν
1562 1902 1881 1958 ἀκολουθίαν

307 1988 408 2058 τῆς
431 1988 755 2059 ὁδοιπορίας,
785 1988 901 2052 πῶς
941 2007 999 2043 τε
1037 1985 1200 2061 ἦλθον
1242 1992 1322 2054 είς
1360 1991 1629 2061 Βηθανίαν
1672 1994 1763 2047 καὶ
1801 1996 1881 2058 εἰς

308 2080 593 2151 Βηθφαγὴ.
627 2081 788 2134 Φύσει
832 2082 939 2153 7&9
986 2081 1256 2154 λεωφόρος
1295 2079 1363 2155 ἦν
1410 2084 1636 2159 παλαιὰ,
1673 2087 1881 2155 ἄγουσα

307 2173 390 2234 είς
448 2171 801 2243 Ἰερουσαλὴμ
844 2172 932 2227 διὰ
980 2172 1073 2226 τοῦ
1125 2174 1282 2244 ὅρους
1322 2176 1430 2228 τῶν
1469 2175 1731 2239 Ἐλαιῶν,
1782 2178 1881 2229 οὐκ

307 2258 583 2325 ἄγνωστος
619 2253 751 2312 οὖσα
781 2262 895 2322 τοῖς
929 2260 1023 2313 καὶ
1051 2259 1142 2313 τδν
1162 2260 1325 2314 τόπον
1357 2262 1803 2332 ίστοροῦσιν.”1να
1824 2263 1881 2318 δὲ

309 2349 537 2420 ἐλεγχθῇ
564 2349 673 2402 ἀπὸ
701 2350 793 2402 τοῦ
821 2348 950 2403 ίδίου
986 2351 1270 2421 στόματος,
1297 2351 1458 2421 φησίν
1475 2368 1489 2382 ·
1531 2352 1791 2421 Ἐγένετο
1811 2354 1881 2407 ἐν

305 2436 412 2507 μιᾷ
443 2437 554 2491 τῶν
582 2437 816 2508 ἡμερῶν
847 2439 1243 2506 διδάσκοντος
1280 2441 1465 2495 αὑτοῦ
1500 2442 1569 2495 ἐν
1605 2441 1685 2506 τῷ
1727 2443 1878 2511 Ιερῷ,

307 2520 605 2591 ἐζήτησαν
650 2524 957 2579 ἐπιϐαλεῖν
1003 2526 1096 2579 ἐπ’
1126 2527 1311 2581 αὑτὸν
1352 2528 1458 2595 τὰς
1509 2529 1732 2597 χεῖρας,
1781 2530 1877 2584 καὶ

306 2612 710 2682 ἐφοϐήθησαν,
737 2614 812 2678 ὡς
840 2615 948 2686 ἔχει
993 2616 1133 2687 μετά
1168 2617 1325 2671 τοῦτο
1368 2618 1427 2672 τὸ
1464 2619 1754 2688 κεφάλαιον
1787 2619 1878 2675 νδ.

308 2704 434 2769 Πῶς
478 2701 569 2759 οὖν
617 2705 724 2758 ἀπὸ
762 2706 968 2778 Ἱεριχὼ
1011 2708 1227 2775 ἐγένετο
1274 2711 1331 2762 ὲν
1360 2711 1438 2782 τῷ
1466 2710 1616 2781 ἱερῷ,
1649 2711 1755 2765 ἀπὸ
1782 2714 1881 2784 τῆς

309 2794 483 2864 αὐτῆς
519 2794 824 2865 ὁδοιπορίας
846 2797 1239 2870 γνωσθήσεται,
1267 2799 1475 2853 καὶτοῦ
1505 2803 1602 2872 τῆς
1622 2801 1741 2856 ὁδοῦ
1768 2803 1882 2856 δια-

309 2886 603 2956 στήματος.
624 2887 759 2940 Ἀλλ’
794 2889 878 2941 ἵνα
918 2889 1055 2960 ὀφθῇ
1090 2891 1117 2941 6
1155 2890 1473 2962 ρᾳδιουργὸς
1518 2893 1881 2964 παρακρύψας

307 2975 379 3029 τὰ
412 2979 470 3030 ὲν
500 2981 565 3050 τῇ
598 2979 699 3050 ὁδῷ
728 2981 1014 3052 γενόμενα,
1046 2983 1136 3035 καὶ
1166 2983 1224 3035 ὲν
1251 2982 1328 3052 τῷ
1364 2982 1494 3054 ἱερῷ
1526 2983 1761 3055 ῥηθέντα
1788 2984 1880 3036 ὑπ’

307 3067 476 3168 αἰ)τοῦ
521 3068 614 3121 τοῦ
656 3070 907 3168 Σωτῆρος
949 3071 1053 3143 πρὸ
1090 3073 1277 3125 τούτου
1317 3072 1494 3142 λόγου,
1521 3073 1663 3142 λέγω
1688 3074 1781 3145 δή·
1826 3075 1879 3127 '0
1907 3109 1950 3168 ϐ

307 3151 475 3222 οἶκός
506 3173 627 3225 μου
670 3153 833 3223 οἶκος
877 3159 1224 3228 προσευχῆς
1266 3161 1650 3229 κληθήσεται,
1678 3162 1773 3215 καὶ
1811 3161 1880 3216 τὰ

308 3242 456 3312 ἑξῆς,
491 3243 566 3306 ὡς
592 3243 703 3314 ἔχει
733 3247 766 3314 ἡ
804 3246 1127 3317 προφητεία.

380 3334 535 3406 Σχὸλ.
570 3335 660 3389 νδ’.
705 3338 812 3391 Καὶ
843 3337 1138 3405 ἐζήτησαν
1181 3340 1488 3395 ἐπιϐαλεῖν
1526 3340 1633 3407 τὰς
1682 3341 1882 3412 χεῷας

307 3424 403 3478 ἐπ’
438 3425 643 3488 αὐτὸν,
662 3426 761 3479 καὶ
787 3428 1194 3497 ἐφοϐήθησαν.
1482 3440 1485 3447 ’

386 3514 605 3585 Ἐλεγχ.
642 3516 734 3569 νδ⁸.
775 3516 1081 3591 Ἐθεωρήθη
1111 3521 1203 3573 καὶ
1233 3522 1551 3594 ήρμηνεύθη
1582 3524 1640 3576 ἐν
1668 3523 1744 3595 τῷ
1776 3524 1883 3596 πρὸ

309 3604 500 3657 τούτου
544 3605 750 3677 ἐλέγχῳ
799 3608 895 3662 σὺν
937 3612 1003 3680 τῇ
1050 3612 1266 3681 φράσειν
1306 3614 1422 3683 μετ’
1473 3615 1738 3685 ὲππομῆς
1783 3615 1883 3686 τῆς

309 3699 715 3768 προσηκούσης.

383 3786 538 3855 Σχόλ.
572 3794 665 3842 νεθ.
714 3791 882 3845 Πάλιν
916 3791 1154 3862 ἀπέκοψε
1178 3793 1246 3846 τὰ
1283 3795 1408 3866 περὶ
1439 3796 1530 3850 τοῦ
1562 3796 1882 3868 ἀμπελῶνος

308 3875 405 3930 τοῦ
442 3878 784 3950 ὲκδεδομένου
812 3887 1078 3955 γεωργοῖς
1098 3900 1111 3913 ’
1153 3886 1245 3938 καὶ
1274 3886 1365 3939 τό·
1404 3886 1465 3941 Τί
1491 3882 1603 3941 οὖν
1630 3889 1761 3943 ἐστι
1791 3888 1879 3956 τὸ,

310 3968 497 4022 Λίθον
520 3970 591 4024 ὃν
609 3972 1066 4043 ἀπεδοκίμασαν
1111 3979 1165 4030 οὶ
1198 3977 1693 4047 οὶκοδομοῦντες;

370 4061 588 4133 Ἐλεγχ.
613 4071 705 4120 γε’.
729 4066 894 4119 Οὐδὲν
914 4068 1061 4137 ἡμᾶς
1093 4068 1339 4138 ἀδικήσει
1355 4068 1529 4125 τούτο.
1565 4071 1682 4125 Κάν
1699 4088 1759 4123 τε
1776 4069 1882 4142 7&9

309 4150 442 4203 αὐτὸ
468 4153 765 4225 περικόψῃ,
810 4156 908 4208 οὐκ
941 4157 1034 4227 ἀφ’
1077 4157 1231 4227 ἡμῶν
1258 4159 1555 4228 ἀπέκοψεν,
1587 4160 1722 4214 ἀλλὰ
1756 4163 1883 4214 ἐαυ-

308 4239 403 4292 τὸν
447 4242 539 4295 καὶ
573 4243 697 4307 τοὺς
729 4245 891 4298 αὑτοῦ
923 4247 1246 4317 ἐζημίωσεν.
1299 4250 1524 4313 Ἰκανῶς
1568 4251 1674 4322 γὰρ
1706 4254 1733 4305 6
1762 4252 1883 4305 κατ’

310 4324 477 4377 αὐτοῦ
510 4326 728 4398 ἔλεγχός
752 4332 888 4395 ἐστι,
918 4332 1006 4386 διὰ
1026 4334 1298 4388 πλειόνων
1328 4340 1660 4409 μαρτυριῶν.

384 4502 538 4570 Σχόλ.
567 4511 657 4568 νς’.
709 4506 971 4579 Ἀπέκοψε
1000 4511 1090 4564 τό*
1120 4514 1247 4577 Ὅτι
1276 4514 1342 4568 δὲ
1364 4517 1689 4585 ἐγείρονται
1708 4521 1760 4571 οἱ
1790 4535 1885 4571 νε-

310 4593 463 4660 κροὶ,
495 4597 753 4666 Μωῦσῆς
788 4600 1056 4668 ἐμήνυσε
1083 4606 1215 4673 περὶ
1258 4606 1364 4659 τοῦ
1390 4607 1585 4670 βάτου
1613 4609 1748 4680 (75),
1805 4611 1887 4675 ὡς

307 4685 472 4754 ,λέγει
522 4689 763 4755 Κύριον,
800 4693 907 4744 τὸν
933 4694 1082 4749 Θεὸν
1137 4698 1382 4767 Ἀϐραὰμ
1415 4699 1513 4752 καὶ
1547 4700 1763 4765 Ἰσαὰκ,
1787 4704 1885 4756 καὶ

324 4777 540 4832 Ἰακώϐ.
580 4783 724 4849 Θεὸς
749 4784 786 4837 δ
802 4786 819 4803 ’⁷
833 4786 964 4841 ἐστὶ
994 4785 1240 4852 ζώντων,
1268 4791 1367 4844 καὶ
1391 4792 1528 4861 οὐχὶ
1558 4793 1805 4861 νεκρῶν.

388 4895 607 4967 Ἔλεγχ.
634 4899 740 4963 νς’.
776 4899 1064 4971 Θαυμάσαι
1090 4902 1239 4956 ἔστιν
1268 4906 1359 4957 ἐπὶ
1387 4908 1452 4976 τῇ
1484 4906 1638 4977 ἀνοίᾳ
1668 4906 1761 4959 τοῦ
1786 4924 1887 4977 μα-

312 4985 795 5057 ταιόφρονοςζπῶς
832 4992 953 5061 οὐχὶ
975 4995 1104 5057 νοεῖ,
1147 4993 1228 5046 ὅτι
1258 4995 1347 5062 ἴση
1374 4995 1511 5066 αὕτη
1550 4999 1583 5066 ἡ
1614 4998 1889 5068 μαρτυρία

311 5074 569 5143 τυγχάνει
601 5078 664 5146 τῇ
692 5076 785 5131 τοῦ
816 5078 1066 5151 Λαζάρου
1090 5080 1187 5133 τοῦ
1220 5082 1456 5152 πτωχοῦ,
1491 5085 1584 5137 καὶ
1616 5088 1682 5156 τῇ
1709 5103 1888 5158 παρα-

313 5164 443 5237 ϐολῇ
461 5166 569 5218 τῶν
595 5168 669 5239 μὴ
698 5171 1160 5241 συγχωρουμένων
1185 5174 1264 5234 είς
1289 5173 1386 5243 τὴν
1414 5173 1688 5243 βασιλείαν
1714 5177 1888 5230 εἰσελ-

316 5256 460 5309 θεῖν·
490 5250 566 5315 ὦν
596 5260 918 5330 παραϐολῶν
949 5262 1017 5314 τὰ
1048 5260 1274 5331 λείψανα
1306 5263 1476 5328 εἴασε,
1511 5266 1605 5319 καὶ
1642 5267 1700 5319 οὺ
1746 5284 1889 5339 παρ-

317 5346 531 5417 έκοψεν,
574 5349 707 5403 ἀλλὰ
737 5352 830 5405 ἐπὶ
860 5353 924 5423 τῇ
963 5351 1127 5405 αὐτοῦ
1160 5354 1388 5425 αἰσχύνῃ
1419 5356 1771 5411 καταλέλοιπε
1804 5359 1885 5422 τὸ,

1980 545 2040 592 ιιι
2068 552 2188 607 quae
2209 538 2276 592 ad
2311 536 2518 591 Christi
2552 535 2869 592 Passionem
2902 537 3137 591 attinent
3176 545 3416 607 negaret.
3452 534 3560 591 Sed

1978 642 2103 683 cum
2155 628 2354 684 deinde
2395 627 2721 683 cruciﬁxum
2772 626 3023 683 eumdem
3072 642 3196 684 esse
3240 628 3553 694 conﬁtetur,

1980 719 2186 775 frustra
2232 726 2318 775 est
2344 719 2522 774 omnis
2556 718 2626 773 ab
2649 731 2715 773 eo
2753 716 3092 786 depravandi
3125 717 3273 773 illius
3302 718 3406 772 loci
3435 733 3558 773 sus-

1978 818 2168 881 ceptus
2194 810 2367 865 labor.

2045 900 2230 956 Schol.
2272 901 2360 956 55.
2413 899 2687 971 Expunxit
2739 908 2793 956 et
2848 909 3014 971 caput
3081 901 3215 955 illud
3275 901 3343 956 de
3398 902 3555 957 asino

1979 990 2324 1063 Bethphage,
2390 999 2445 1047 et
2507 992 2676 1058 urbe,
2747 1000 2910 1062 atque
2963 992 3164 1061 templo
3189 992 3227 1045 ί.
3294 991 3557 1058 Quoniam

1979 1083 2230 1150 scriptum
2261 1092 2339 1137 est
2369 1099 2387 1136 :
2424 1081 2623 1137 Domus
2662 1099 2780 1137 mea
2805 1083 2994 1137 domus
3042 1083 3299 1136 orationis
3348 1083 3556 1138 vocabi-

1982 1183 2087 1229 tur.
2119 1173 2187 1227 Et
2212 1174 2392 1243 facitis
2420 1191 2533 1229 eam
2568 1175 2869 1242 speluncam
2910 1176 3177 1229 latronum
3204 1176 3247 1231 ¹.

2053 1345 2233 1403 Refut.
2267 1348 2355 1404 53.
2403 1349 2557 1405 Caeca
2589 1358 2673 1406 est
2720 1350 3044 1421 improbitas
3081 1350 3296 1417 omnis;
3348 1365 3448 1405 nec
3495 1366 3558 1406 ea

1982 1439 2124 1494 videt
2167 1440 2360 1509 quibus
2402 1440 2650 1511 redargui
2690 1442 2891 1510 possit,
2939 1456 3003 1495 ac
3034 1456 3093 1496 se
3136 1441 3279 1509 quod
3317 1439 3432 1495 ﬁeri
3463 1456 3560 1493 ne-

1980 1531 2099 1600 quit
2124 1530 2375 1595 omnino,
2400 1531 2648 1587 veritatis
2680 1534 2821 1585 viam
2855 1532 3137 1586 occultare
3161 1540 3343 1601 sperat
3375 1545 3555 1600 posse.

1985 1619 2075 1674 Sic
2107 1621 2229 1685 iste,
2268 1620 2655 1690 prartcrmissis
2696 1621 2763 1676 iis
2784 1622 3039 1675 omnibus
3067 1636 3187 1690 quae
3219 1620 3328 1674 dixi
3365 1619 3561 1689 capiti-

1983 1710 2108 1772 bus,
2159 1711 2392 1780 abrupte
2439 1712 2741 1774 transiliit,
2785 1718 2845 1764 ut
2877 1712 3008 1767 illud
3056 1711 3122 1765 de
3155 1713 3356 1783 templo
3405 1712 3558 1766 testi-

1982 1803 2223 1856 monium
2263 1803 2496 1867 vitaret,
2536 1818 2647 1872 quo
2680 1805 2954 1873 peculiare
2994 1802 3098 1857 sibi
3135 1803 3444 1864 illudesse,
3495 1816 3559 1857 ac

1982 1894 2187 1947 nomini
2221 1908 2321 1948 suo
2359 1893 2720 1949 constitutum
2765 1894 3053 1964 significat.
3085 1893 3163 1947 Ac
3203 1891 3459 1963 deinceps
3490 1893 3560 1947 ab

1982 1983 2353 2040 Hierichuntis
2384 1986 2664 2040 mentione
2692 1993 2863 2039 totam
2918 1984 3134 2038 itineris
3166 1984 3361 2038 seriem
3397 1985 3559 2037 omit-

1980 2074 2094 2137 tit,
2155 2083 2322 2145 utque
2383 2075 2704 2130 Bethaniam
2761 2090 2824 2129 ac
2872 2074 3184 2145 Bethpbage
3228 2075 3558 2144 pervenerit.

1982 2165 2150 2222 Vetus
2202 2168 2348 2222 enim
2408 2173 2525 2221 erat
2578 2168 2693 2225 via,
2747 2182 2870 2235 qua:
2922 2182 3019 2235 per
3079 2167 3274 2221 Oliveti
3321 2176 3557 2221 montem

1981 2251 2355 2323 Hierosolyma
2382 2253 2646 2319 ducebat,
2689 2252 2846 2324 34],
2881 2269 3044 2322 quam
3085 2255 3226 2308 haud
3276 2256 3556 2321 ignorant,

1979 2343 2073 2412 qui
2123 2358 2187 2398 ea
2232 2343 2352 2398 loca
2396 2351 2708 2415 peragrant.
2746 2343 2947 2400 Verum
3002 2353 3060 2399 ut
3108 2361 3208 2401 suo
3253 2348 3427 2416 ipsius
3465 2362 3560 2402 ore

1980 2434 2380 2489 convincatur:
2432 2434 2656 2489 Factum
2697 2443 2811 2501 est,
2856 2437 3065 2507 inquit,
3108 2438 3161 2490 in
3203 2454 3309 2490 una
3351 2438 3557 2491 dierum

1980 2524 2194 2580 docente
2223 2526 2316 2579 illo
2359 2527 2414 2580 in
2466 2525 2656 2595 templo
2685 2567 2697 2589 ,
2751 2536 3071 2597 qua’sterunt
3114 2529 3323 2597 injicere
3382 2530 3435 2582 in
3495 2530 3557 2582 it-

1982 2616 2092 2671 Ium
2122 2633 2339 2681 manus,
2384 2627 2435 2671 et
2500 2618 2828 2683 timuerunt,
2871 2630 2933 2674 ut
2976 2619 3226 2690 sequenti
3268 2621 3445 2690 capite
3490 2620 3559 2675 54
3653 2641 3656 2644 ’

1982 2709 2307 2765 declaratur.
2361 2709 2526 2780 Igitur
2576 2710 3036 2780 quemadmodum
3100 2710 3454 2767 Hierichunte
3504 2710 3557 2764 in

1983 2800 2239 2870 templum
2270 2802 2479 2855 venerit
2502 2816 2564 2857 ex
2606 2802 2795 2858 eodem
2820 2804 2912 2857 illo
2942 2804 3136 2858 itinere
3170 2818 3234 2858 ac
3262 2804 3363 2858 viae
3389 2804 3551 2858 inter-

1981 2890 2125 2944 vallo
2151 2886 2519 2961 cognoscitur.
2544 2889 2649 2945 Sed
2682 2906 2747 2946 eo
2775 2907 2864 2947 res
2896 2891 3128 2946 adducta
3145 2898 3258 2956 est,
3279 2901 3336 2946 ut
3365 2893 3561 2963 impro-

1980 2977 2083 3032 bus
2106 2978 2193 3032 ille
2213 2985 2487 3032 veterator
2508 2979 2700 3048 quaein
2716 2980 2801 3032 via
2817 2990 2967 3050 gesta
3002 2988 3129 3034 sunt
3169 2988 3222 3035 et
3268 2981 3322 3034 in
3356 2982 3560 3051 templo

1983 3081 2013 3121 a
2034 3066 2314 3124 Salvatore
2333 3076 2460 3124 ante
2491 3069 2638 3124 hunc
2661 3084 2965 3125 sermonem
2993 3070 3278 3124 suntdicta
3308 3071 3561 3126 dissimu-

1984 3158 2129 3214 lasse
2159 3158 2425 3213 videatur.
2466 3157 2777 3212 Nimirum:
2813 3158 3013 3213 Domus
3060 3176 3173 3212 mea
3204 3158 3391 3215 domus
3433 3178 3557 3214 ora-

1985 3249 2145 3302 tionis
2176 3247 2468 3313 vocabitur,
2500 3257 2627 3315 etc.,
2661 3257 2721 3302 ut
2750 3249 2803 3302 in
2840 3249 3120 3320 prophetia
3148 3251 3417 3322 leguntur.

2056 3337 2239 3395 Schol.
2272 3339 2361 3394 54.
2392 3338 2460 3392 Et
2487 3341 2807 3410 quazsierunt
2840 3340 3054 3409 injicere
3092 3356 3277 3395 manus
3306 3343 3360 3396 in
3386 3342 3560 3408 illum,

1982 3437 2032 3484 et
2071 3430 2360 3484 timuerunt
2377 3430 2418 3484 ⁸.

2054 3518 2238 3576 Refut.
2280 3522 2369 3577 54.
2400 3521 2533 3588 Quae
2562 3522 2628 3578 ad
2660 3522 2807 3578 hunc
2834 3524 3013 3579 locum
3048 3532 3320 3595 spectant,
3352 3540 3413 3580 ea
3437 3540 3564 3596 pro-

1983 3610 2128 3665 xima
2162 3610 2492 3667 refutatione
2518 3627 2644 3667 cum
2681 3613 2799 3684 ipsa
2845 3614 3103 3684 loquendi
3136 3615 3365 3682 ratione,
3398 3630 3561 3685 quam

1984 3699 2100 3757 ﬁeri
2146 3702 2321 3771 potuit
2369 3702 2695 3759 brevissime
2742 3719 2983 3774 expensa
3029 3712 3158 3760 sunt
3191 3715 3244 3760 et
3271 3705 3561 3774 explicata.

2059 3789 2245 3847 Schol.
2280 3792 2368 3847 55.
2400 3792 2531 3847 Item
2563 3794 2714 3848 illum
2751 3794 2962 3849 induxit
2990 3795 3191 3860 locum,
3222 3810 3331 3865 quo
3360 3794 3427 3849 de
3456 3796 3563 3848 vite

1986 3881 2077 3935 illa
2108 3882 2288 3952 agitur
2308 3884 2564 3953 agricolis
2584 3884 2784 3941 locata.
2807 3883 2983 3954 Atque
3009 3886 3110 3939 hoc
3140 3884 3361 3953 insuper
3386 3902 3398 3937 :
3421 3884 3562 3949 Quid

1985 3974 2261 4044 estigitur,
2298 3973 2527 4042 lapidem
2562 3991 2712 4045 quem
2732 3978 3138 4043 reprobaverunt
3162 3975 3571 4046 wdiﬁcantes‘?‘

2055 4062 2235 4119 Refut.
2272 4065 2359 4120 55.
2391 4064 2539 4119 Nihil
2572 4065 2626 4120 id
2665 4065 2886 4136 quidem
2928 4082 3125 4123 nocere
3163 4068 3322 4123 nobis
3358 4076 3559 4139 potest.

1986 4152 2227 4211 Tametsi
2272 4155 2418 4210 enim
2465 4156 2643 4212 locum
2688 4157 2855 4213 istum
2886 4159 3170 4221 exemerit,
3216 4174 3326 4213 non
3360 4158 3471 4213 ullo
3504 4159 3557 4213 id

1985 4257 2177 4301 nostro
2202 4247 2402 4302 damno
2431 4249 2676 4313 sustulit,
2711 4248 2805 4304 sed
2837 4249 2938 4305 sibi
2981 4249 3085 4320 ipsi
3123 4250 3348 4321 suisque
3381 4249 3558 4306 fraudi

1986 4337 2169 4405 potius
2197 4337 2316 4392 fuit.
2347 4339 2740 4409 Compluribus
2777 4340 2918 4395 enim
2955 4341 3285 4397 testimoniis
3311 4343 3443 4398 satis
3473 4358 3564 4398 su—

1921 4454 1961 4507 D
1988 4442 2190 4497 perque
2214 4428 2504 4487 refellitur.

2060 4518 2245 4574 Schol.
2282 4519 2371 4575 56.
2416 4519 2621 4576 Delevit
2649 4522 2787 4577 illud
2815 4541 2829 4578 :
2861 4523 3002 4590 Quia
3026 4541 3142 4580 vero
3173 4525 3365 4579 mortui
3386 4540 3565 4579 resur-

1988 4619 2136 4678 gunt,
2177 4608 2387 4679 Moyses
2419 4612 2650 4665 ostendit
2688 4628 2836 4666 secus
2873 4611 3082 4676 rubum,
3130 4613 3264 4666 sicut
3294 4611 3422 4664 dicit
3450 4610 3565 4665 Do-

1989 4701 2191 4753 minum
2227 4700 2393 4753 Deum
2423 4702 2712 4767 Abraham,
2745 4702 2904 4756 Isaac
2932 4713 2980 4756 et
3002 4702 3193 4758 Iacob.
3226 4702 3363 4756 Deus
3391 4710 3567 4756 autem

1986 4800 2063 4844 est
2096 4794 2349 4854 vivorum,
2382 4807 2485 4844 non
2520 4800 2847 4845 mortuorum
2875 4794 2915 4846 '.

2060 4888 2267 4957 Refot.‘
2304 4902 2390 4957 56.
2449 4902 2817 4958 Admirandus
2879 4898 3036 4974 plane
3088 4907 3266 4962 insani
3324 4906 3563 4963 hominis

1984 5003 2192 5065 stupor.
2228 4996 2366 5065 Quid
2410 4997 2592 5049 enim?
2638 5012 2746 5052 non
2794 4997 2924 5053 illud
2970 4999 3436 5066 animadvertisse,
3467 5015 3565 5070 par

1990 5088 2133 5141 istud
2172 5103 2293 5142 esse
2337 5088 2707 5143 testimonium
2757 5091 2928 5144 altero
2964 5091 3038 5144 illi
3079 5090 3146 5144 de
3181 5093 3430 5147 mendico
3471 5091 3566 5145 La-

1992 5191 2151 5240 zaro,
2210 5192 2423 5232 necnon
2493 5186 2549 5232 et
2605 5193 2792 5233 eorum
2846 5178 3114 5247 parabolae
3152 5179 3352 5248 quibus
3411 5179 3564 5249 regni

1992 5270 2171 5324 aditus
2204 5270 2622 5325 intercluditur?
2652 5270 2895 5337 Quarum
2931 5269 3149 5341 quidem
3182 5270 3564 5345 parabolarum

1992 5361 2251 5431 reliquias
2283 5362 2540 5424 servavit,
2569 5378 2670 5417 nec
2707 5372 2763 5418 ut
2798 5362 2901 5417 alia
2928 5363 3189 5433 pleraque
3217 5363 3455 5419 sustulit.
3489 5360 3567 5416 lta

398 5524 414 5553 ¹
448 5526 579 5584 Luc.
620 5544 730 5596 xix,
762 5529 850 5584 29.
926 5531 947 5560 ¹
976 5530 1106 5586 ibid.
1140 5530 1230 5585 4ο.
1311 5532 1332 5564 ³
1363 5529 1496 5587 Luc.
1531 5550 1620 5601 xx,
1658 5534 1736 5591 l9.
1818 5536 1841 5567 ⁸
1874 5537 1880 5590 i

1995 5538 2129 5605 .17;
2176 5541 2313 5609 psal.
2351 5554 2519 5608 cxvn,
2551 5541 2641 5598 22.
2721 5543 2741 5574 ⁸
2774 5539 2915 5598 Luc.
2941 5557 3030 5609 xx,
3065 5542 3155 5610 37,
3198 5540 3283 5597 58.

391 5705 504 5776 (75)
540 5708 678 5778 Περὶ
711 5710 819 5780 τῆς
851 5712 1065 5777 βάτου.
1104 5714 1256 5786 Apud
1293 5714 1493 5769 Lucam
1523 5715 1658 5788 lege.
1691 5716 1783 5769 ἐπὶ
1819 5717 1919 5787 τῆς
1957 5712 2145 5787 βάτου.
