3960 6110
411 293 515 352 ’139

1795 291 1854 346 S.
1895 291 2235 348 EPIPHANII

3575 294 3677 351 7ϋο

411 425 625 469 summa
673 423 770 464 sua
810 421 934 463 cum
988 407 1299 479 ignominia
1327 406 1493 462 verba
1527 406 1616 461 illa
1657 405 1988 478 dereliquit:

2113 409 2271 462 Ἐκεῖ
2292 410 2461 463 ἔσται
2492 412 2523 463 d
2554 409 2857 479 κλαυθμὸς
2891 409 2986 464 καὶ
3014 413 3045 464 ό
3073 410 3347 479 ,βρυγμὸς
3371 409 3485 463 τῶν
3509 410 3681 463 ὀδόν-

416 500 536 556 lllic
567 502 666 556 erit
697 501 855 569 ﬂetus
893 510 944 555 et
976 501 1177 555 stridor
1207 497 1447 553 dentium
1469 501 1507 552 ι.
1539 498 1811 555 Οωῑθτιιω
1846 499 1995 568 quod

407 597 463 647 et
505 588 709 661 digitus
756 594 884 660 post
929 588 1142 644 obitum
1194 590 1249 645 in
1295 602 1493 660 aquam
1541 588 1907 662 immergitur,
1943 595 1999 643 et

411 696 550 752 aqua
580 682 824 754 linguam
854 680 1163 753 refrigerat,
1197 684 1275 737 uti
1302 683 1369 737 de
1402 680 1610 736 Lazaro
1641 681 1795 737 dives
1824 680 1998 735 Abra-

410 773 573 828 bamo
611 774 864 842 dicebat;
901 774 1159 844 quodque
1185 773 1432 837 dentium
1464 774 1668 828 stridor
1701 784 1787 830 est
1817 791 1880 831 ac
1905 775 1998 832 ﬂe-

410 868 518 925 ιιιε,
547 872 871 935 argumento
900 872 986 920 εει
1016 866 1483 920 resurrectionem
1513 881 1638 921 esse
1668 880 1995 938 corporum:

411 953 764 1024 quantumvis
806 969 869 1009 ea
923 968 1046 1025 qua:
1092 955 1160 1010 de
1196 964 1541 1010 mortuorum
1593 959 1998 1014 resurrectione

411 1054 536 1102 vere
564 1055 693 1102 sunt
719 1058 749 1099 a
782 1044 1016 1102 Domino
1045 1050 1255 1118 prolata
1294 1064 1462 1119 pecus
1496 1050 1587 1104 illa
1618 1052 1924 1107 sustulerit.

478 1135 642 1213 342
673 1135 860 1192 Schol.
903 1138 991 1192 57.
1029 1140 1137 1194 Ista
1178 1154 1398 1210 quoque
1430 1144 1820 1211 praetermisit:
1857 1144 1998 1210 Quia

411 1243 529 1282 vero
580 1238 858 1298 resurgant
915 1230 1112 1283 mortui
1153 1240 1203 1284 et
1244 1230 1457 1301 Moyses
1494 1233 1746 1299 ostendit,
1796 1235 1997 1301 dicens,

415 1317 579 1371 Deum
622 1318 911 1384 Abraham,
954 1330 1004 1374 et
1055 1320 1220 1376 Deum
1272 1321 1451 1388 Isaac,
1497 1334 1545 1378 et
1594 1324 1762 1379 Deum
1805 1325 1994 1392 Jacob,

412 1404 578 1466 Deum
612 1411 845 1466 vivorum
869 1414 910 1467 '.

483 1500 670 1561 Refut.
708 1505 796 1560 57.
838 1504 1113 1572 Quoniam
1147 1504 1232 1560 bis
1261 1505 1449 1561 eadem
1475 1521 1505 1560 a
1537 1505 1822 1564 Salvatore
1852 1525 2000 1579 repe-

413 1595 513 1649 tita
537 1595 797 1665 parabola
820 1603 927 1661 est,
963 1596 1086 1651 idco
1112 1596 1199 1650 bis
1230 1612 1350 1650 eam
1374 1598 1783 1667 proposuimus,
1817 1615 1905 1663 ne,
1940 1610 1999 1653 ut

409 1684 887 1742 circumforaneus
918 1688 1021 1743 iste
1059 1686 1287 1753 Marcio,
1327 1689 1626 1759 quidquam
1657 1706 1845 1745 eorum
1875 1707 1996 1761 qua:

2097 516 2234 555 των.
2277 500 2552 555 Δακτύλου
2594 501 2651 554 δὲ
2682 501 3087 573 ὲμΰρεχομένου
3123 504 3202 565 εἰς
3229 501 3376 573 ὕδωρ
3411 502 3550 573 μετὰ
3578 504 3681 574 τὴν

2097 590 2347 645 ἐντεῦθεν
2401 591 2739 662 ἀπαλλαγὴν,
2801 593 2895 646 καὶ
2932 591 3183 663 γλώσσης
3224 593 3679 663 καταψυχομένης

2099 682 2272 746 ὕδατι,
2294 683 2367 746 ὡς
2392 684 2420 735 ὁ
2448 683 2699 747 πλούσιος
2736 683 2839 755 ἔφη
2864 682 2940 752 τῷ
2978 684 3229 755 Ἀϐραὰμ
3255 684 3343 738 διὰ
3376 684 3467 737 τὸν
3500 684 3681 748 Λάζα-

2101 793 2213 845 ρον,
2240 777 2332 829 καὶ
2359 776 2604 847 βρυγμοῦ
2634 777 2882 841 ὀδόντων,
2925 777 3021 831 καὶ
3062 776 3343 847 κλαυθμοῦ
3369 776 3680 847 γινομένου,

2100 867 2450 932 ἀναστάσεως
2496 868 2762 939 σωμάτων
2802 871 2918 922 ἐστὶ
2956 871 3202 940 σημεῖον,
3243 868 3343 921 κᾶν
3385 868 3685 940 παρακύψῃ

2099 961 2126 1011 ὁ
2157 959 2437 1029 κτηνώδης
2465 960 2534 1014 τὰ
2567 961 2671 1014 ὑπὸ
2700 962 2909 1035 Κυρίου
2934 963 3062 1034 περὶ
3094 963 3447 1025 ἀναστάσεως
3471 960 3685 1031 νεκρῶν

2100 1050 2315 1119 ἀληθῶς
2347 1052 2466 1123 εἱρη
2477 1052 2630 1123 μένα.

2171 1141 2327 1211 Σχόλ.
2357 1140 2455 1205 νζ’.
2505 1143 2621 1196 Οὐκ
2656 1138 2766 1213 εἶχε
2790 1142 2963 1198 ταῦτα
2982 1157 2995 1172 '
3034 1143 3153 1196 Ὅτι
3184 1141 3252 1196 δὲ
3278 1142 3604 1211 ἐγείρονται
3630 1143 3686 1195 οι

2098 1234 2321 1301 νεκροὶ,
2345 1234 2441 1287 καὶ
2464 1233 2725 1303 Μωϋσῆς
2740 1234 3008 1303 ἐμήνυσε
3025 1234 3238 1303 λέγων,
3266 1231 3687 1308 Θεὸν-Ἀϐραὰμ
3728 1276 3739 1283 .

2100 1323 2197 1375 καὶ
2225 1322 2373 1377 Θεὸν
2407 1325 2622 1389 Ἰσαὰκ,
2670 1325 2767 1378 καὶ
2802 1324 2950 1380 Θεὸν
3000 1324 3214 1388 Ἰακὼϐ,
3255 1326 3404 1379 Θεὸν
3432 1323 3681 1385 ζώντων.

2176 1504 2395 1576 Ἔλεγχ.
2421 1504 2517 1569 νζ¹.
2549 1504 2648 1558 Διὰ
2672 1504 2733 1557 τὸ
2756 1504 3086 1576 δευτερῶσαι
3110 1503 3198 1557 τὸν
3224 1504 3450 1575 Σωτῆρα
3472 1502 3570 1573 τὴν
3588 1516 3689 1556 πα-

2105 1598 2356 1671 ραϐολὴν,
2380 1597 2571 1661 διττῶς
2592 1598 2719 1668 παρ’
2745 1599 2901 1667 ἡμῶν
2930 1598 3246 1650 ἐντέτακται
3269 1610 3282 1624 ·
3308 1597 3394 1649 ἴνα
3428 1595 3503 1667 μὴ
3530 1595 3688 1649 ἀπει-

2101 1690 2391 1761 καζόμενοι
2442 1689 2518 1760 τῷ
2554 1690 2764 1760 ἁγύρτῃ
2801 1690 3106 1761 Μαρκίωνι,
3143 1690 3303 1759 ἡμεῖς
3334 1686 3687 1760 παραλείψω·

409 1778 616 1847 scripta
648 1783 778 1832 sunt
806 1778 1139 1848 praeteriisse
1172 1779 1475 1836 videamur.
1514 1782 1783 1837 Caeterum
1822 1783 1876 1837 in
1904 1802 1994 1839 su-

2113 1779 2202 1849 μέν
2222 1797 2274 1833 τι
2296 1777 2403 1832 τῶν
2419 1796 2593 1851 γεγρα
2602 1779 2841 1849 μμένων.
2871 1778 3009 1849 Ἤδη
3029 1780 3086 1833 ὲν
3102 1778 3179 1849 τῷ
3199 1777 3372 1830 ἀνωτέ
3383 1794 3457 1849 ρῳ
3475 1776 3690 1846 ἐλέγχῳ

408 1869 611 1938 periori
643 1867 974 1924 refutatione
1015 1870 1424 1939 improbitatem
1485 1872 1634 1928 illius
1686 1888 1749 1927 ac
1791 1875 1999 1930 calum-

408 1960 557 2017 niam
588 1962 804 2017 abunde
836 1961 1120 2017 diluimus.

483 2051 671 2109 Schol.
721 2053 810 2109 58.
863 2052 1000 2109 Illud
1047 2056 1251 2111 ademit
1300 2070 1561 2128 praeterea
1603 2080 1614 2113 :
1662 2059 1903 2129 Capillus
1937 2060 2000 2114 de

410 2146 583 2214 capite
608 2154 780 2201 vestro
813 2164 916 2202 non
944 2147 1199 2216 peribit’.

480 2233 1939 2297 Refut.58.............

480 2326 666 2384 Schol.
701 2328 789 2384 59.
826 2329 1029 2385 lterum
1064 2329 1179 2385 htec
1215 2331 1443 2386 abstulit
1476 2350 1489 2387 :
1527 2331 1673 2387 Tunc
1702 2333 1790 2405 qui
1821 2334 1875 2387 in
1896 2331 1999 2387 Ju-

408 2419 526 2475 daea
544 2428 667 2475 sunt
688 2420 900 2492 fugiant
924 2420 994 2475 ad
1024 2430 1247 2487 montes,
1275 2429 1407 2487 etc.,
1432 2423 1505 2478 ob
1529 2438 1592 2479 ea
1609 2439 1732 2494 qua!
1760 2441 1998 2495 sequun-

410 2519 522 2577 tur,
554 2509 720 2567 donec
751 2522 1188 2567 consummentur
1221 2515 1399 2567 omnia
1429 2530 1547 2584 qua?
1576 2518 1776 2585 scripta
1805 2529 1927 2571 sunt
1952 2517 1994 2574 ⁸.

477 2683 666 2742 Refut.
704 2685 794 2743 59.
830 2686 1146 2745 Ubliviosus
1183 2688 1270 2745 hic
1303 2688 1469 2745 homo
1498 2698 1727 2748 caeteros
1759 2691 1845 2746 sui
1876 2708 2000 2748 esse

410 2779 640 2845 similes,
684 2779 789 2836 hoc
827 2788 913 2837 est
944 2781 1200 2847 stolidos,
1235 2784 1534 2840 existimat.
1571 2784 1684 2840 Nec
1722 2787 1996 2857 intelligit,

408 2871 457 2927 si
487 2870 572 2927 vel
617 2871 897 2927 minimam
946 2874 1196 2929 voculam
1238 2876 1542 2946 reliquerit,
1590 2892 1709 2932 eam
1765 2876 1832 2932 ad
1878 2893 2001 2932 sese

407 2960 842 3018 convincendum
895 2963 1098 3019 facere.
1155 2963 1371 3031 Quanto
1431 2967 1598 3039 igitur
1646 2966 1818 3037 magis
1871 2982 1997 3021 cum

2100 1871 2390 1943 γεγένηται
2424 1874 2456 1942 ἡ
2491 1872 2629 1926 κατὰ
2651 1872 2749 1942 τῆς
2780 1867 2943 1925 αὑτοῦ
2972 1870 3319 1942 ῥᾳδιουργίας
3341 1870 3684 1941 ἀντίρρησις.

2173 2045 2327 2117 Σχὸλ.
2359 2052 2460 2116 vr].
2508 2046 2678 2103 Πάλιν
2707 2047 2985 2119 παρέκοψε
3017 2047 3078 2102 τό
3099 2064 3113 2078 ·
3162 2048 3303 2117 Θρὶξ
3335 2047 3404 2102 ἐκ
3454 2046 3565 2117 τῆς
3592 2062 3691 2102 κε-

2100 2138 2302 2207 φαλῆς
2328 2139 2497 2209 ὑμῶν
2525 2142 2596 2195 οὐ
2622 2141 2709 2211 μὴ
2737 2142 3056 2209 ἀπόληται.

2176 2232 3685 2304 Ἕλεγχ.νη¹.............

2172 2322 2327 2392 Σχόλ.
2357 2323 2453 2377 νϐ’.
2502 2323 2671 2378 Πάλιν
2714 2325 2993 2396 παρὲκοψε
3020 2326 3194 2379 ταῦτα
3215 2343 3227 2356 ·
3277 2326 3413 2378 Τότε
3439 2327 3492 2377 0i
3520 2323 3590 2376 ὲν
3612 2319 3688 2392 τῇ

2113 2414 2364 2481 Ἰουδαίᾳ
2410 2414 2800 2484 φευγέτωσαν
2835 2419 2924 2483 εις
2962 2420 3033 2470 τὰ
3079 2416 3207 2485 ὅρη,
3264 2415 3359 2469 καὶ
3400 2415 3469 2469 τὰ
3512 2413 3642 2482 ἑξῆς
3670 2428 3684 2445 ο

2099 2506 2186 2561 διὰ
2220 2507 2289 2560 τὸ.
2325 2508 2698 2581 ἐπιφερόμενα
2736 2512 2793 2563 ὲν
2820 2509 2898 2580 τῷ
2933 2509 3103 2582 ῥητῷ,
3154 2509 3263 2574 ἕως
3296 2506 3585 2578 πληρωθῇ
3616 2507 3692 2570 τὰ

2100 2596 2493 2667 γεγὮαιιμέφά.

2174 2689 2392 2758 Ἕλεγχ.
2413 2689 2509 2743 νθ’.
2542 2692 2702 2744 Δοκεῖ
2725 2689 2895 2762 λήθην
2926 2690 3263 2763 κεκτημένος
3290 2690 3416 2753 τοὺς
3442 2690 3691 2753 ἅπαντας

2103 2776 2251 2841 ἴσους
2292 2777 2441 2849 αὑτῷ
2485 2781 2744 2849 ἀνοήτους
2794 2779 2949 2835 εἶναι.
3006 2782 3113 2833 Καὶ
3153 2782 3253 2833 οὐκ
3291 2775 3435 2833 οἶδεν
3474 2780 3551 2833 ὅτι
3583 2779 3691 2833 κᾶν

2104 2869 2298 2940 μικρὸν
2316 2870 2479 2940 ῥητὸν
2500 2872 2592 2924 ὑπ’
2615 2871 2779 2925 αὐτοῦ
2802 2872 3160 2944 καταλειφθῇ,
3181 2872 3402 2944 ἔλεγχον
3428 2873 3684 2924 ποιεῖται.

2102 2963 2259 3032 Πόσῳ
2296 2964 2494 3033 μᾶλλον
2531 2966 2625 3019 καὶ
2657 2964 2865 3019 πολλῶν
2901 2964 3082 3036 ῥητῶν
3116 2965 3207 3019 ὑπ’
3240 2966 3405 3019 αὐτοῦ
3439 2982 3688 3035 παρακο·

407 3052 645 3123 plurima
690 3054 858 3110 verba
899 3055 967 3110 de
1016 3058 1289 3113 sententia
1326 3044 1603 3113 detrahit?
1628 3060 1994 3125 Quamobrem

2113 3055 2343 3122 πέντων;
2390 3056 2554 3109 Οὐδὲν
2590 3057 2770 3111 τοίνυν
2806 3059 3005 3112 κωλύει
3036 3057 3127 3112 τὸν
3155 3057 3478 3129 βουλόμενον
3506 3074 3685 3129 παραο

408 3146 536 3202 licet
581 3145 849 3203 mutilatis
898 3147 966 3203 iis
1000 3148 1069 3203 ab
1112 3149 1208 3204 illo
1242 3149 1571 3206 testimoniis
1604 3151 1709 3205 alia
1743 3152 1989 3222 quaedam

2113 3146 2265 3202 >εἴναι
2294 3146 2517 3212 ταύταις
2547 3153 2668 3213 ταῖς
2702 3151 3224 3222 παρακεκομμέναις
3259 3150 3589 3222 μαρτυρίαις
3620 3148 3689 3202 τὰ

407 3252 532 3307 qua:
562 3236 793 3308 ipsemet
821 3240 1061 3295 admittit
1102 3256 1395 3312 opponere.
1439 3243 1571 3309 Quae
1608 3259 1733 3299 cum
1764 3245 1994 3301 sublatis

2113 3241 2228 3313 παρ’
2253 3241 2417 3294 αὐτοῦ
2441 3242 2864 3313 ὁμολογηθέντα.
2902 3243 3259 3313 Δειχθήσεται
3284 3243 3393 3314 γὰρ
3416 3242 3691 3313 σύμφωνα

410 3329 481 3384 ab
516 3344 581 3385 eo
614 3330 841 3401 reliquis
876 3333 1101 3388 omnino
1135 3347 1508 3391 consentanea
1542 3351 1665 3392 esse
1698 3338 1990 3392 constabit.

410 3421 697 3493 Ejusmodi
728 3433 856 3480 sunt
889 3425 1000 3492 illa,
1035 3426 1089 3481 in
1112 3428 1312 3498 quibus
1333 3429 1678 3486 Abrahamus
1700 3438 1824 3501 post
1848 3447 1996 3485 mor-

410 3524 520 3567 tem
556 3512 632 3567 ita
670 3514 901 3584 loquens
937 3515 1218 3571 inducitur
1250 3536 1263 3572 :
1298 3517 1508 3573 Habent
1540 3518 1762 3591 Moysen
1790 3532 1839 3574 et
1867 3537 1994 3589 pro-

407 3603 627 3673 phetas;
678 3608 821 3675 ipsos
872 3608 1095 3663 audiant
1118 3609 1163 3667 ⁸.
1213 3610 1345 3676 Qum
1400 3611 1545 3666 enim
1598 3614 1875 3682 propheta
1932 3630 1995 3669 ac

410 3696 628 3769 Moyses
658 3698 940 3764 dixerunt,
975 3715 1004 3754 a
1043 3699 1155 3757 Deo
1190 3710 1320 3758 sunt
1354 3702 1512 3758 Patre
1547 3704 1809 3774 profecta.
1844 3716 1898 3760 et
1927 3709 1994 3759 ah

411 3784 643 3857 ipso'met
680 3787 777 3845 Dei
811 3788 950 3845 Filio
990 3789 1219 3846 Domino
1261 3799 1477 3859 nostro,
1516 3808 1726 3847 necnon
1764 3802 1818 3846 c-t
1867 3792 1993 3864 Spi-

409 3881 519 3936 ritu
562 3884 788 3948 sancto;
826 3900 949 3955 quae
982 3884 1201 3955 quidem
1236 3886 1488 3941 mandata
1529 3887 1749 3956 scriptis
1780 3887 1994 3957 impleri

412 3974 631 4053 penitus
659 3976 925 4046 Oportuit.

481 4066 669 4122 Schol.
699 4066 789 4123 60.
823 4067 1057 4124 Locutus
1089 4080 1168 4125 est
1201 4088 1317 4125 cum
1357 4073 1787 4144 magistratibus,
1814 4091 1996 4145 quem—

410 4158 704 4213 admodum
733 4159 889 4213 illum
921 4161 1150 4216 traderet
1175 4164 1251 4217 eis
1279 4164 1319 4217 ⁸.

482 4249 665 4305 Refut.
698 4252 788 4306 60.
821 4251 868 4307 Ο
902 4252 1195 4309 Marcionis
1242 4255 1620 4310 incredibilem
1664 4258 1988 4312 amentiam!

409 4340 547 4406 Quis
572 4341 718 4401 enim
742 4340 885 4398 alius
906 4350 1104 4411 praeter
1126 4343 1325 4398 Judam
1350 4346 1565 4400 locutus
1594 4347 1714 4402 est?
1748 4354 1840 4400 aut
1860 4349 1991 4418 quid

409 4431 633 4486 tandem
657 4431 903 4487 facturus
940 4432 1110 4497 aliud,
1159 4435 1267 4489 nisi
1294 4433 1630 4492 Salvatorem
1656 4437 1994 4495 traditurus?

406 4523 527 4584 lam
560 4539 695 4580 vero
726 4526 772 4581 si
807 4524 1063 4579 Salvator
1102 4526 1360 4590 traditur,
1412 4528 1658 4597 profecto
1694 4544 1799 4584 non
1834 4531 1995 4589 inane

408 4616 684 4688 quoddam
722 4625 1001 4688 spectrum
1030 4626 1171 4686 erat,
1200 4620 1298 4675 sed
1323 4620 1499 4676 solida
1531 4622 1768 4679 hominis
1799 4631 1995 4678 natura

406 4709 719 4765 constabat.
744 4708 880 4764 Nam
908 4710 952 4764 si
978 4710 1114 4764 nihil
1140 4718 1338 4780 praeter
1358 4711 1612 4780 spiritum
1639 4712 1800 4776 foret,
1828 4729 1997 4769 carne

407 4801 658 4871 praeditis
700 4801 1020 4857 hominibus
1072 4803 1214 4857 tradi
1264 4804 1580 4873 neutiquam
1613 4812 1817 4875 posset.
1849 4803 1994 4859 Idem

404 4908 539 4964 ergo
572 4889 718 4949 Deus
747 4908 871 4948 cum
913 4903 1079 4957 esset,
1114 4906 1401 4966 assumpta
1445 4910 1609 4951 carne
1641 4905 1996 4951 contrectan-

405 4983 536 5037 dum
569 4998 631 5039 se
655 4983 911 5055 praebuit,
941 4983 1341 5054 hominumque
1376 4986 1627 5040 manibus
1658 4997 1849 5055 sponte
1875 5002 1999 5054 pcr-

408 5073 582 5129 misit.
616 5073 724 5129 Sed
765 5074 845 5128 illi
888 5074 1024 5130 adeo
1058 5075 1215 5130 stulti
1246 5085 1398 5140 sunt,
1439 5085 1717 5131 secum'ut
1749 5080 1995 5131 oratione

2096 3333 2225 3386 ὄντα
2271 3335 2479 3397 τούτοις
2523 3338 2634 3398 τοῖς
2678 3336 2767 3388 ὑπ’
2811 3335 3020 3389 ἐκείνου
3069 3341 3467 3402 περικοπείτιν,
3515 3337 3573 3387 ἐν
3605 3329 3690 3398 οἷς

2096 3425 2281 3493 ἔλεγεν
2304 3428 2331 3479 ὁ
2362 3426 2614 3497 Ἀϐραὰμ
2640 3426 2777 3497 μετὰ
2800 3428 2895 3499 τὴν
2918 3427 3177 3498 τελευτήν
3199 3445 3211 3457 ·
3248 3428 3499 3496 Ἔχουσι
3516 3430 3688 3481 Maii?-

2096 3520 2210 3575 σέα
2254 3519 2353 3573 καὶ
2392 3520 2534 3585 τοὺς
2580 3520 2926 3589 προφήτας·
2980 3519 3423 3575 ἀκουσάτωσαν
3464 3517 3682 3571 αὐτῶν.

2104 3612 2169 3664 Ἀ
2194 3612 2378 3681 ἔλεγον
2408 3614 2513 3684 γὰρ
2541 3614 2591 3665 οἱ
2619 3615 2893 3684 προφῆται
2920 3613 3014 3668 καὶ
3031 3612 3293 3682 Μωῠσῆς,
3327 3612 3390 3665 ἐκ
3418 3610 3555 3665 Θεοῦ
3578 3611 3689 3664 Πει-

2095 3705 2223 3775 τρὸς
2247 3700 2335 3775 ἦν,
2360 3707 2451 3759 καὶ
2484 3705 2542 3772 ἐξ
2568 3705 2733 3759 αὑτοῦ
2760 3706 2856 3759 τοῦ
2886 3706 3090 3778 Κυρίου
3119 3704 3250 3758 Υἱοῦ
3277 3703 3371 3757 τοῦ
3396 3703 3558 3765 Θεοῦ,
3589 3701 3687 3755 καὶ

2094 3793 2188 3847 τοῦ
2221 3795 2378 3863 ἁγίου
2404 3794 2739 3866 Πνεύματος,
2776 3796 2811 3851 ὃ.
2844 3795 2949 3849 ἔδει
2983 3794 3350 3866 γεγραμμένα
3388 3793 3518 3846 ὄντα
3553 3792 3687 3863 πλη-

2098 3885 2345 3956 ρουσθαι.

2168 4065 2319 4135 Σχὸλ.
2359 4064 2418 4129 ξ’.
2465 4064 2857 4132 Συνελὰλησε
2886 4064 3006 4130 τοῖς
3042 4062 3399 4132 στρατηγοῖς
3430 4064 3519 4128 τὸ,
3555 4061 3687 4129 πῶς

2095 4158 2282 4210 αὐτὸν
2305 4157 2549 4225 παραδῷ
2573 4160 2797 4222 αὐτοῖς.

2172 4251 2392 4320 Ἐλεγχ.
2420 4250 2488 4315 ξ’.
2519 4253 2580 4302 Ὢ
2606 4248 3001 4322 φρενοϐλάϐεια
3031 4247 3125 4302 τοῦ
3151 4249 3504 4321 Μαρκίωνοςῐ
3548 4250 3684 4303 Συν-

2094 4344 2322 4415 ελάλησε
2341 4361 2353 4374 ο
2379 4343 2509 4413 τίςῆ
2536 4343 2796 4408 Ἰούδας⁷;
2819 4342 2872 4395 τί
2888 4341 3134 4411 ποιῆσαι,
3160 4341 3323 4411 ἀλλ’ἢ
3347 4341 3686 4412 παραδοῦναι

2096 4436 2188 4489 τὸν
2225 4435 2489 4507 Σωτῆρα;
2526 4435 2960 4505 Παραδιδομὲνου
2990 4434 3046 4487 δὲ
3081 4433 3173 4487 τοῦ
3199 4434 3473 4505 Σωτῆρος,
3498 4433 3685 4487 οὐκέτι

2095 4527 2315 4594 δόκησις
2360 4530 2388 4581 ὁ
2447 4512 2908 4599 τταραδιδὸμενος,
2969 4527 3106 4580 ἀλλὰ
3152 4525 3402 4597 ἀλήθεια.
3466 4527 3529 4579 Et
3574 4526 3685 4596 γὰρ

2096 4619 2311 4690 πνεῦμα
2336 4616 2403 4679 ἦν
2422 4621 2602 4690 μόνον,
2625 4623 2905 4691 σαρκικοῖς
2918 4619 3226 4691 ἀνθρώποις
3250 4621 3310 4672 οὐ
3344 4620 3681 4690 παρεδίδοτο.

2106 4714 2266 4766 Ἀλλὰ
2290 4712 2422 4776 Θεὸς
2453 4712 2528 4765 ὢν
2547 4712 2650 4765 ὑπὸ
2685 4713 2827 4782 ἁφὴν
2856 4712 3067 4781 γέγονε,
3103 4712 3281 4782 σάρκα
3321 4711 3683 4781 ἐνδυσάμενος

2091 4807 2170 4867 εἰς
2215 4808 2403 4876 χεῖρας
2454 4804 2800 4875 ἀνθρωπίνης
2846 4804 3060 4872 φύσεως
3102 4804 3290 4857 ἑαυτὸν
3341 4802 3483 4856 ἑκὼν
3537 4820 3683 4874 παρ-

2090 4897 2283 4949 εδίδου.
2308 4896 2579 4950 Τὰναντέα
2614 4899 2706 4950 καὶ
2740 4899 2952 4960 ἑαυτοῖς
2988 4896 3091 4949 ὑπό
3113 4896 3296 4960 ἀνοίας
3329 4897 3680 4965 φθέγγονται.

2090 4988 2199 5039 Καὶ
2232 4986 2341 5057 γὰρ
2376 4987 2467 5040 καί
2502 5004 2654 5049 ποτε,
2687 4986 3067 5057 διαλεγόμενός
3102 5006 3205 5040 τισι
3242 4988 3349 5040 τῶν
3384 4987 3550 5041 αὐτοῦ
3575 5004 3683 5057 μα-

2090 5078 2269 5147 θητῶν
2298 5079 2688 5150 Μαρκιωνιστῇ
2736 5096 2863 5141 τινι,
2907 5080 3002 5133 καὶ
3040 5080 3234 5147 λέγων,
3266 5080 3341 5142 ὡς
3370 5080 3430 5131 ὲν
3467 5078 3549 5149 τῷ
3580 5080 3688 5132 Εὖ-

407 5181 509 5221 sua
544 5176 807 5236 pugnent.
852 5166 931 5223 Ac
970 5168 1193 5223 memini
1224 5184 1311 5223 me
1342 5168 1644 5238 aliquando
1674 5169 1835 5241 343
1869 5186 1991 5222 cum

2113 5169 2331 5239 ιγγελίῳ
2368 5170 2502 5239 ἔχει,
2545 5170 2627 5221 ὅτι
2680 5170 2993 5240 παρέλαϐεν
3026 5172 3187 5223 αὑτὸν
3229 5173 3308 5233 εἰς
3352 5170 3452 5241 τὴν
3475 5171 3686 5242 ἔρημον

406 5259 705 5316 Marcionis
736 5259 974 5331 quodam
1017 5261 1290 5333 discipulo
1336 5263 1726 5333 disputantem,
1770 5278 1894 5316 cum
1929 5278 1992 5315 ex

2113 5261 2150 5311 τὸ
2185 5260 2402 5331 πνεῦμα
2453 5262 2813 5332 πειρασθῆναι
2858 5264 2962 5314 ὑπὸ
3008 5264 3100 5315 τοῦ
3142 5263 3410 5327 διαϐόλου,
3473 5264 3685 5325 ἥκουσα

406 5350 705 5423 Evangelio
732 5352 911 5407 locum
946 5352 1097 5405 illum
1132 5354 1450 5422 objicereut,
1498 5371 1606 5423 quo
1644 5355 1695 5407 in
1735 5354 1853 5407 loco
1897 5354 1994 5407 du-

2113 5353 2221 5423 ταρ’
2259 5354 2444 5417 αὑτοῦ,
2473 5356 2555 5407 ὅτε
2587 5355 2710 5418 Πῶς
2735 5356 2957 5408 ἐδύνατο
2985 5357 3226 5419 Σατανᾶς
3264 5357 3352 5407 τὸν
3379 5355 3507 5408 ὄντα
3526 5356 3684 5417 θεὸν,

403 5451 529 5497 ctus
557 5442 609 5496 in
645 5442 922 5498 desertum
955 5457 986 5496 a
1018 5442 1214 5512 spiritu
1249 5444 1450 5498 dicitur
1472 5485 1486 5506 ,
1526 5453 1583 5498 ut
1627 5452 1935 5499 tentaretur
1964 5461 1993 5497 a

2113 5445 2188 5497 (αἰ
2216 5445 2438 5515 μείζονα
2471 5447 2634 5499 αὑτοῦ
2663 5448 3000 5518 ὑπάρχοντα,
3035 5449 3129 5500 καὶ
3152 5449 3356 5517 Κύριον
3382 5448 3571 5513 αὐτοῦ,
3607 5449 3686 5511 ὼς

483 5621 501 5652 ⁸
530 5619 664 5696 Luc.
697 5639 817 5696 aut.
853 5624 951 5696 728.
1032 5629 1051 5658 ²
1082 5626 1215 5683 Luc.
1251 5645 1342 5696 xx,
1366 5628 1453 5691 57,
1487 5628 1573 5683 38.
1657 5629 1675 5658 ³
1708 5627 1837 5679 Luc.
1874 5642 1986 5689 xxi,
2028 5625 2112 5682 l9.
2189 5625 2209 5656 ⁸
2243 5625 2375 5680 ibid.
2406 5591 2494 5689 2i,
2526 5627 2614 5681 22.
2694 5629 2713 5659 ⁸
2739 5627 2873 5682 Luc.
2930 5644 3038 5694 xvi,
3094 5626 3181 5682 99.
3262 5627 3282 5655 ⁸
3310 5623 3441 5683 Luc.
3473 5628 3681 5693 mni.

417 5696 436 5737 ἐ
460 5703 554 5767 τρο
578 5689 640 5742 τὸ
669 5692 725 5743 τὶ
754 5695 999 5764 ποιῆσαι,
