3950 6176
394 342 499 399 769

1051 339 1422 415 ADVERSUS
1463 338 1804 396 IMZRESES
1844 339 1969 397 LIB.
2016 341 2055 395 1.
2100 340 2264 396 ΤΟΜ.
2306 340 2393 396 lll.
2439 375 2500 385 —
2554 344 2826 400 lleliES.
2870 344 3029 401 XL".

3569 352 3674 407 770

394 480 483 528 τις
505 461 839 529 καταλείψῃ
866 458 1112 527 πατέρα,
1140 461 1236 513 καὶ
1258 461 1505 530 μητέρα,
1530 462 1626 514 καὶ
1657 461 1981 530 ἀδελφοὺς,

2098 461 2322 515 dixerit:
2363 461 2583 516 Ilonora
2634 474 2836 528 patrem
2888 474 2935 518 et
2980 473 3199 518 matrem
3234 466 3289 531 ²;
3327 466 3452 519 item
3486 484 3497 519 :
3540 466 3675 533 Qui:

394 556 495 609 καὶ
529 553 807 624 γυναῖκα,
846 553 943 607 καὶ
990 552 1193 614 τέκνα,
1240 553 1333 603 καὶ
1380 552 1446 604 τὰ
1490 551 1620 621 ἑξῆς
1646 592 1659 615 ,
1697 554 1808 604 οὐκ
1853 552 1985 605 ἔστι

387 662 506 714 μου
528 644 831 713 μαθητήςο
859 644 956 713 οὐχ
989 643 1074 696 ἵνα
1095 642 1342 712 μισῶμεν
1370 642 1629 712 πατέρας.
1659 644 1773 696 ἀλλ’
1800 644 1884 696 ἵνα
1915 643 1985 713 μὴ

393 734 735 805 ὑπαγὼμεϐα
764 736 1016 806 πατέριον
1047 735 1346 803 ¹ἐπιταγὴν
1377 734 1570 803 ἐτέρας
1600 735 1834 797 πίστεως
1852 735 1985 805 (80),

391 828 426 899 ἢ
458 828 646 899 τρόπῳ
680 827 829 899 παρὰ
861 830 958 898 τὴν
980 826 1075 879 τοῦ
1106 828 1356 896 Σωτῆρος
1387 826 1758 879 διδασκαλίαν.

2098 552 2233 603 Deus
2267 553 2567 621 conjunxit,
2600 556 2753 608 homo
2786 573 2885 608 non
2921 568 3125 623 separet
3167 558 3205 609 ³.
3243 557 3320 610 Ac
3349 558 3562 612 tametsi
3599 559 3673 612 ita

2093 648 2463 715 pronuntiarit
2501 648 2598 702 :Si
2629 650 2744 717 quis
2795 667 2897 703 non
2951 651 3216 714 reliquerit
3257 659 3458 717 patrem
3480 658 3529 702 et
3566 666 3675 703 ma-

2091 746 2246 801 trem,
2272 750 2319 790 el
2355 737 2575 805 fratres,
2603 750 2653 792 et
2692 756 2911 793 uxorem
2941 753 2988 794 et
3023 741 3184 809 ﬁlios,
3215 752 3346 806 elc.,
3381 758 3482 795 non
3505 748 3673 810 potest

2093 844 2240 881 meus
2288 846 2401 883 esse
2433 830 2730 899 discipulus
2761 833 2819 895 ις
2854 848 2960 886 non
2996 834 3118 887 ideo
3151 841 3330 888 tamen
3363 834 3667 903 usurpavit,

395 932 455 978 ut
511 932 768 994 parentes
805 924 930 977 odio
977 924 1261 978 habendos
1299 922 1658 992 praeciperet;
1702 922 1795 975 sed
1833 931 1887 973 ut
1920 936 1989 974 ne
2027 921 2091 973 ad
2118 924 2352 977 alienam
2392 925 2549 979 (idem
2584 927 2998 995 capessendam,
3068 928 3413 997 quidpiamve
3482 926 3671 982 Salva-

394 1015 532 1068 toris
578 1014 885 1083 disciplinae
927 1013 1269 1066 contrarium
1315 1020 1605 1080 parentum
1653 1028 1751 1065 nos
1804 1012 2096 1081 imperium
2129 1026 2292 1083 atque
2326 1018 2630 1070 auctoriias
2666 1027 3012 1087 provocaret.

465 1105 618 1175 Σχόλ.
646 1104 745 1159 οα’.
786 1106 891 1158 Καὶ
940 1105 1225 1169 ἐλθόντες
1280 1107 1367 1169 εὶς
1415 1107 1603 1158 τόπον
1654 1107 1983 1173 λεγόμενον

392 1199 651 1266 Κρανίου
692 1198 894 1262 τόπος,
941 1196 1332 1265 ἐσταύρωσαν
1358 1197 1563 1258 αὐτίν,
1603 1197 1699 1250 καὶ
1737 1196 1983 1264 διεμερί-

392 1307 581 1344 σαντο
614 1289 685 1343 τὰ
711 1289 907 1357 Ιμάτια
937 1287 1143 1349 αὑτοῦ,
1180 1288 1277 1341 καὶ
1303 1289 1628 1355 ἐσκοτίσθη
1657 1288 1905 1363 diu/oc.

468 1383 689 1453 Ἐλεγχ.
715 1388 814 1436 οα’.
854 1381 988 1445 Δόξα
1018 1381 1094 1451 τῷ
1130 1381 1383 1452 ὲλεήμονι
1402 1382 1539 1452 Θεῷ,
1559 1380 1635 1452 τῷ
1660 1381 1979 1452 συνδήσαντί

395 1490 489 1526 σου
515 1473 582 1526 τὰ
603 1473 842 1543 ἅρματα,
878 1466 922 1524 ὦ
952 1470 1151 1542 Φαραὼ
1185 1471 1450 1542 Μαρκίων
1477 1474 1488 1525 !
1518 1473 1625 1524 Καὶ
1656 1471 1978 1541 βουλομένου

394 1586 489 1621 σου
523 1565 846 1636 ἀποδράσαι,
900 1565 1287 1617 κατεπόντισεν
1324 1564 1461 1618 αὐτὰ
1507 1566 1564 1617 ἐν
1603 1567 1665 1635 τῇ
1712 1564 1976 1635 θαλάσσῃ.

393 1656 871 1729 Προφασιζόμενος
904 1655 1013 1727 γὰρ
1060 1656 1126 1709 τὰ
1170 1656 1371 1715 πάντα,
1418 1656 1515 1725 οὐχ
1556 1656 1696 1720 ἕξεις
1749 1656 1979 1710 ἐνταῦθα

2164 1107 2347 1161 Schol.
2390 1109 2474 1165 7i.
2522 1109 2587 1162 Et
2614 1112 2869 1163 venientes
2894 1111 2945 1163 in
2982 1110 3173 1171 locum,
3211 1110 3297 1178 qui
3320 1108 3513 1161 ditilur
3542 1107 3669 1162 Cal-

2090 1198 2249 1250 varire
2285 1199 2451 1262 locus,
2497 1202 2872 1269 cruciﬁxcrunt
2912 1210 3056 1263 eum,
3097 1209 3145 1252 et
3184 1200 3475 1253 diviserunt
3517 1200 3672 1253 vesti—

2088 1302 2282 1356 menta,
2310 1304 2355 1344 et
2394 1293 2704 1347 obscuratae
2738 1303 2814 1347 est
2846 1294 2984 1347 sol“.

2160 1381 2342 1437 Refut.
2387 1384 2476 1439 7t.
2516 1384 2732 1440 Gratias
2775 1385 3117 1440 misericordi
3160 1384 3294 1448 Deo,
3330 1365 3424 1455 qui
3474 1399 3672 1440 currus

2087 1481 2211 1528 tuos
2250 1475 2512 1545 alligavit,
2556 1492 2588 1530 ο
2621 1475 2835 1531 Pharao
2873 1476 3103 1531 Mart-io!
3138 1477 3375 1546 illosque
3421 1475 3551 1529 dum
3587 1475 3674 1530 fu-

2088 1579 2209 1634 gam
2253 1568 2463 1622 moliris
2490 1570 2543 1621 iu
2574 1584 2723 1624 mare
2753 1569 3079 1623 demersit‘.
3116 1566 3250 1621 Nam
3280 1583 3404 1620 cum
3452 1581 3669 1621 omnem

2089 1658 2482 1725 tergiversandi
2534 1661 2878 1715 occasionem
2919 1668 3126 1728 captes,
3167 1659 3302 1713 nihil
3345 1659 3431 1712 hie
3478 1666 3671 1728 quote

392 1751 649 1822 οὐδεμίαν
697 1751 990 1821 πρόφασιν.
1055 1748 1112 1802 '0
1164 1750 1272 1818 γὰρ
1329 1749 1402 1820 μὴ
1436 1750 1612 1820 σάρκα
1660 1750 1817 1819 ἔχων,
1864 1749 1983 1803 οὔτε

2098 1764 2321 1804 excuses
2352 1753 2545 1805 alierre
2574 1752 2802 1821 poteris.
2840 1750 3051 1805 Etenim
3089 1750 3183 1819 qui
3212 1764 3376 1803 carne
3413 1764 3517 1802 non
3540 1762 3670 1801 con-

395 1841 776 1913 σταυρωθῆναι
830 1840 1076 1894 δύναται.
1132 1839 1259 1903 Πῶς
1315 1839 1414 1892 οὐκ
1476 1840 1676 1908 ἔφυγες
1726 1839 1786 1891 τὸ
1842 1840 1983 1910 μέγα

393 1933 551 1987 τοῦτο
577 1931 773 2003 ρητόν;
821 1929 945 1995 Πῶς
980 1930 1081 1983 οὐκ
1114 1930 1477 2001 ἐπεχείρησας
1518 1930 1723 2001 κρύψαι
1755 1930 1852 2001 τὴν
1885 1949 1983 2000 με-

394 2025 564 2095 γάλην
592 2023 797 2095 ταύτην
825 2021 1232 2094 πραγματείαν,
1257 2022 1354 2092 τὴν
1388 2021 1631 2075 λύσασαν
1663 2039 1756 2074 σου
1802 2023 1982 2075 πᾶσαν

390 2118 489 2190 τὴν
521 2114 580 2182 ὲξ
610 2117 785 2188 ἀρχῆς
823 2114 1291 2187 μεμηχανημένην
1335 2115 1738 2185 κακοτροπίανς
1768 2115 1827 2166 Εἰ
1874 2114 1983 2183 γὰρ

391 2212 530 2275 ὅλως
563 2208 907 2281 ἐσταυρώθη,
943 2208 1061 2271 πῶς
1084 2209 1143 2260 οὑ
1181 2206 1400 2276 βλέπεις
1436 2207 1525 2259 τὸν
1570 2206 1982 2277 ἐσταυρωμένον

389 2303 538 2372 ἁφὴν
568 2302 781 2373 ἔχοντα,
811 2299 907 2353 καὶ
955 2298 1107 2369 ἥλοις
1136 2297 1235 2360 τὰς
1274 2300 1463 2368 χεῖρας
1511 2296 1856 2368 πηγνύμενον
1889 2298 1983 2350 καὶ

394 2394 593 2459 πόδας;
648 2394 761 2447 Οὐκ
808 2391 873 2446 ἂν
926 2391 981 2444 δὲ
1027 2390 1258 2461 ἠδύνατο
1306 2390 1527 2461 δόκησις
1577 2388 1736 2443 τοῦτο
1772 2385 1908 2442 εἶναι
1947 2389 1979 2459 ἢ

395 2488 707 2557 φάντασμα,
747 2485 822 2547 ὡς
852 2484 916 2536 σὺ
961 2483 1165 2551 λέγεις,
1202 2481 1338 2535 ἀλλὰ
1378 2480 1537 2552 σῶμα
1584 2479 1819 2552 ἀληθῶς,
1858 2480 1885 2533 ὃ
1919 2481 1983 2532 ἐκ

394 2579 615 2651 Μαρίας
645 2577 866 2649 εἴληφεν
898 2577 925 2630 ὁ
959 2575 1182 2647 Κύριος,
1225 2573 1424 2645 σάρκα,
1470 2572 1629 2641 φύσιν
1655 2573 1754 2644 τὴν
1782 2574 1982 2643 ἡμετέ-

400 2689 496 2743 ραν
547 2673 639 2723 καὶ
666 2668 848 2732 ὀστέα,
885 2668 977 2720 καὶ
1003 2665 1070 2720 τὰ
1100 2665 1234 2719 ἄλλα
1259 2682 1271 2694 '
1303 2663 1487 2736 ἐπειδὴ
1525 2663 1865 2735 ὁμολογεῖται
1890 2664 1982 2716 καὶ

296 2812 299 2813 ,
396 2763 549 2836 παρὰ
578 2763 659 2815 σοὶ
689 2758 906 2829 σταυρῷ
934 2757 1277 2829 προσπαγεὶς
1306 2758 1332 2808 ὁ
1374 2757 1596 2827 Κύριος.

469 2960 622 3032 Σχόλ.
660 2957 760 3028 οβ’.
797 2955 1086 3027 [lapsi-nonis
1116 2954 1177 3007 τό
1197 2972 1209 2984 ·
1244 2954 1513 3023 Σήμερον
1543 2953 1669 3022 μετ’
1698 2954 1842 3021 ἐμοῦ
1867 2954 1982 3010 Eon

395 3056 466 3108 ἑν
495 3051 570 3118 τῷ
600 3048 968 3118 παραδείσῳ.

472 3143 691 3211 Ἐλεγχ.
723 3138 822 3209 οβ’.
840 3136 1036 3201 Καλῶς
1052 3136 1211 3189 τοῦτο
1228 3136 1319 3190 καὶ
1344 3135 1618 3208 ἁρμοδίως
1638 3152 1712 3189 πα
1722 3134 1978 3204 ρέκοψας,

395 3232 443 3291 ὦ
489 3235 788 3307 Μαρκίων*
846 3231 1051 3301 ἐπῆρες
1078 3229 1184 3300 γὰρ
1229 3229 1336 3283 ἀπὸ
1378 3228 1601 3282 σεαυτοῦ
1645 3230 1742 3300 τὴν
1779 3229 1981 3282 εἴσοδον

396 3330 491 3385 τοῦ
526 3325 875 3397 παραδείσου.
911 3321 1049 3376 Οὔτε
1095 3321 1203 3393 γὰρ
1240 3321 1303 3373 σὺ
1334 3320 1640 3392 είσελεύσῃ,
1694 3319 1817 3373 οὔτε
1856 3322 1982 3383 τοὺς

380 3423 498 3476 σὺν
525 3420 607 3472 σοὶ
637 3417 838 3479 ἐάσεις.
871 3414 1034 3467 Φύσει
1076 3412 1185 3485 γὰρ
1218 3412 1297 3483 τῷ
1330 3413 1444 3467 ὄντι
1487 3412 1703 3484 μισοῦσι
1748 3412 1809 3466 τὸ
1842 3414 1982 3481 ἀγα-

398 3514 491 3568 θὸν
512 3513 561 3565 οἱ
593 3508 904 3570 πλανῶντες
931 3506 1024 3559 καὶ
1052 3505 1478 3576 πεπλανημένοι.

471 3690 627 3761 Σχόλ.
673 3695 774 3756 ογ’.
832 3686 942 3740 Καὶ
1017 3685 1309 3755 φωνήσας
1364 3686 1536 3756 φωνῇ
1586 3687 1820 3758 μεγάλῃ
1884 3687 1984 3751 ἐξ-

399 3785 721 3838 έπνευσεν.

475 3876 692 3947 Ἐλεγχ.
718 3883 816 3945 ογ’.
841 3877 904 3929 Εί
924 3875 1268 3942 ἐξέπνευσεν,
1294 3868 1339 3928 ὦ
1360 3874 1647 3945 Μαρκίων,
1676 3873 1771 3926 καὶ
1803 3874 1992 3949 φωνὴν,

403 3968 644 4040 μεγάλην
674 3967 945 4027 ἀπέδωκε,
970 3966 1135 4021 πόθεν
1169 3965 1443 4032 ὲξέπνεεν,
1472 3965 1505 4035 ἢ
1543 3964 1595 4017 τί
1625 3964 1684 4018 τὸ
1721 3965 1983 4030 ὲκπνέον;

399 4061 571 4131 Δῆλον
598 4060 656 4114 δέ
680 4061 817 4123 ἐστι,
853 4059 957 4113 κᾶν
986 4061 1050 4113 σὺ
1084 4058 1162 4130 μὴ
1196 4058 1403 4128 λέγεις.
1429 4058 1592 4128 Ψυχὴ
1622 4057 1717 4110 σὺν
1755 4060 1821 4128 τῇ
1867 4057 1986 4110 θεό-

401 4172 525 4226 τητι
558 4154 666 4208 ἀπὸ
694 4152 944 4224 σώματος
968 4151 1386 4224 ἐκπορευοείσα,
1418 4150 1512 4203 τοῦ
1542 4149 1790 4221 σώματος
1816 4150 1984 4204 ἄπνου

406 4245 708 4316 μείναντος,
742 4243 856 4313 ἔχει
885 4244 918 4313 ἡ
943 4242 1189 4310 ἀλήθεια.

475 4507 633 4578 Σχολ.
671 4505 763 4559 οόν.
817 4503 962 4557 Ἰδοὺ
988 4501 1143 4569 ἀνὴρ
1170 4503 1415 4570 ὀνόματι
1453 4500 1676 4569 Ἰωσὴφ
1718 4499 1987 4554 καθελὼν

404 4600 467 4651 τὸ
494 4596 667 4665 σῶμα
714 4591 1022 4656 ἐνετύλιξε
1065 4588 1320 4655 σινδόνι,
1356 4588 1453 4642 καὶ
1484 4587 1702 4655 ἔθηκεν
1730 4588 1799 4641 ἐν
1833 4604 1985 4655 μνη-

398 4689 549 4759 μείῳ
579 4683 872 4750 λαξευτῷ.

479 4780 698 4850 Ἕλεγχ.
726 4777 815 4831 οδ’.
851 4778 913 4829 Et
953 4776 1034 4840 τὸ,
1078 4774 1370 4839 καθελὼν,
1402 4775 1495 4828 καὶ
1527 4774 1871 4840 ἐντυλίξας’.
1899 4775 1987 4828 καὶ

403 4873 486 4936 τὸ,
522 4870 707 4925 θεῖναι
738 4869 807 4922 ἑυν
848 4866 1113 4938 μνήματι
1161 4866 1459 4931 λαξευτῷ,
1497 4866 1558 4917 οὐ
1605 4865 1781 4918 πείθει
1831 4884 1912 4929 σε,
1948 4861 1993 4919 ὦ

406 4959 691 5029 Μαρκίων,
715 4957 798 5020 τίς
822 4974 916 5009 σου
952 4955 1337 5027 ἠλιθιώτερος
1374 4955 1439 5007 Τί
1464 4956 1520 5008 δὲ
1561 4954 1687 5009 ἄλλο
1726 4956 1990 5026 σαφέστε·

407 5069 501 5124 ρον
534 5054 567 5123 ὴ
603 5052 639 5103 Γ
647 5052 789 5122 ραφὴ
823 5046 935 5120 εἶχε
973 5049 1162 5117 δεῖξαι,
1201 5051 1360 5103 ὁπότε
1403 5051 1496 5102 καὶ
1539 5049 1599 5103 τὸ
1644 5052 1855 5122 μνῆμα,
1899 5052 1991 5104 καὶ

407 5144 499 5197 τὸν
523 5144 708 5209 τόπον,
738 5144 832 5196 καὶ
874 5142 934 5194 τὸ
968 5136 1103 5205 εἶδος
1128 5141 1316 5208 ἔδειξε,
1362 5143 1455 5194 καὶ
1480 5141 1573 5194 τοῦ
1619 5140 1867 5212 σώματος
1894 5143 1991 5211 τὴν

407 5234 705 5306 τριήμερον
757 5233 926 5294 θέσιν,
963 5231 1058 5284 καὶ
1097 5230 1156 5283 τὸ
1201 5230 1400 5301 εἵλημα
1448 5230 1548 5300 τῆς
1598 5231 1853 5295 σινδόνος,
1906 5232 1991 5283 ἵνα

410 5325 559 5397 δείξῃ
585 5326 683 5397 τὴν
707 5327 888 5378 πᾶσαν
919 5321 1203 5390 ἀλήθειαν·

482 5576 499 5607 ¹
527 5573 727 5627 Deesse
741 5570 961 5625 videtur
996 5566 1267 5622 nonnihil.
1325 5568 1345 5597 ⁸
1371 5564 1558 5619 Matth.
1586 5581 1675 5619 xv.
1705 5564 1758 5616 4.

412 5658 529 5710 ιη,
557 5643 647 5697 24.
726 5644 744 5674 ⁷
779 5640 911 5695 Luc.
951 5654 1112 5704 mn,
1143 5639 1232 5693 45.
1301 5636 1324 5667 ⁸
1348 5635 1480 5689 Luc.
1507 5651 1586 5697 XI,
1611 5634 1702 5689 5‘2.

490 5795 601 5868 (80)
646 5772 968 5866 Ἐπιταγὴν
1016 5794 1223 5863 ἐτέρας
1259 5793 1536 5857 πίστεως.
1574 5792 1733 5845 (Sorr.
1775 5790 2031 5860 ἐπιταγῇ.

2021 4449 2068 4508 D

1839 5563 1859 5593 ³
1889 5562 2078 5616 Matth.
2121 5577 2233 5620 χιιι,
2269 5561 2322 5615 6.
2384 5560 2407 5589 ⁸
2437 5559 2571 5614 Luc.
2603 5575 2716 5626 xw,
2748 5558 2839 5613 ‘26.
2906 5558 2926 5588 ⁵
2959 5555 3088 5611 Luc.
3120 5570 3274 5619 mu,
3299 5552 3388 5608 55.

1779 5635 1798 5665 ⁹
1832 5632 1965 5688 Luc.
2000 5648 2160 5697 χχιιι,
2195 5630 2287 5687 46.

2086 1850 2218 1905 stat,
2257 1858 2325 1896 ne
2361 1841 2500 1913 attigi
2533 1843 2752 1911 quidem
2784 1843 2937 1897 cruci
2968 1851 3163 1912 potest.
3197 1840 3483 1907 Quomodo
3507 1840 3671 1910 igitur

2086 1942 2196 1989 tam
2228 1936 2495 1991 illustrem
2533 1936 2859 1991 sententiam
2885 1937 3111 1991 minime
3140 1936 3429 1991 devitasti?
3463 1942 3556 1987 aut
3586 1935 3669 1987 in-

2086 2046 2220 2100 gens
2261 2029 2365 2083 hoc
2402 2029 2680 2099 negotium
2721 2029 2917 2083 callide
2961 2028 3316 2083 dissimulare
3347 2041 3456 2080 non
3491 2039 3549 2079 es
3588 2038 3674 2095 ag-

2084 2136 2331 2188 gressus,
2364 2135 2474 2190 nuo
2502 2128 2591 2173 tua
2624 2119 2777 2176 fraus
2814 2120 2995 2182 omnis
3028 2127 3082 2173 et
3125 2117 3451 2188 improbitas
3488 2115 3671 2169 fundi-

2085 2220 2174 2265 tus
2210 2211 2537 2265 labefactata
2578 2210 2861 2264 concidit?
2898 2210 3028 2262 Nam
3064 2210 3105 2263 si
3147 2209 3373 2261 omnino
3408 2207 3557 2260 cruci
3591 2214 3674 2259 est

2084 2302 2299 2365 alIixus,
2329 2319 2429 2359 cur
2464 2318 2572 2355 non
2601 2302 2733 2356 illud
2768 2302 2940 2365 vides,
2974 2318 3097 2356 cum
3130 2302 3220 2370 qui
3257 2299 3556 2354 crucifixus
3589 2305 3674 2351 est

2076 2396 2391 2457 .attrcclari,
2414 2395 2645 2465 ejusque
2669 2408 2864 2448 manus
2888 2408 2950 2447 ac
2981 2393 3146 2464 pedes
3172 2392 3346 2448 clavis
3367 2392 3673 2462 perforari?

2085 2492 2262 2559 Quare
2306 2506 2415 2545 non
2447 2491 2562 2543 haec
2596 2490 2775 2543 inanis
2806 2489 2976 2551 larva,
3025 2487 3107 2542 vel
3156 2487 3369 2556 species
3415 2500 3537 2541 esse
3576 2500 3673 2555 p0-

2086 2584 2206 2647 tuit,
2248 2590 2306 2637 ut
2340 2581 2579 2648 asseris;
2613 2579 2708 2635 sed
2758 2593 2947 2633 verum
2995 2593 3216 2647 corpus,
3256 2577 3399 2646 quod
3426 2591 3455 2631 e
3504 2575 3673 2629 Maria

2086 2674 2338 2728 Christus
2361 2672 2591 2740 accepit,
2620 2684 2841 2734 carnem
2870 2668 3121 2722 videlicet
3149 2675 3499 2731 nostramLet
3520 2680 3679 2728 ossa,

2087 2777 2390 2834 cmleraquc
2420 2765 2669 2833 corporis
2714 2763 2960 2816 membra
2992 2780 3005 2815 :
3039 2760 3483 2830 quandoquidem
3521 2759 3674 2813 cruci

2088 2855 2303 2908 allixum
2339 2869 2461 2909 esse
2496 2852 2785 2906 Dominum
2814 2868 2882 2907 ne
2914 2853 3030 2922 ipse
3061 2852 3280 2921 quidem
3305 2850 3574 2904 diﬂiteris.

2162 2944 2345 2999 Schol.
2391 2943 2476 2997 72.
2522 2942 2635 2997 Hoc
2686 2944 2909 3014 insuper
2957 2942 3225 2998 abstulit:
3261 2941 3434 2995 Hodie
3474 2956 3673 2994 mecum

2088 3037 2193 3089 eris
2222 3036 2274 3089 in
2305 3035 2616 3103 paradiso".

2166 3128 2350 3182 Rel‘ut.
2373 3129 2459 3181 72.
2485 3126 2651 3181 Recte
2676 3128 2777 3181 lzoe
2810 3133 2865 3181 et
2894 3133 3266 3181 consentanee
3295 3125 3516 3194 quidem
3545 3124 3677 3180 sub-

2090 3217 2327 3282 traxisli,
2369 3217 2594 3270 Marcio.
2645 3214 2893 3269 Paradisi
2937 3217 3081 3270 cnim
3130 3216 3224 3270 tibi
3256 3215 3459 3269 aditum
3505 3216 3674 3268 inter-

2089 3309 2322 3375 clusisti,
2360 3319 2415 3360 ut
2452 3323 2629 3377 neque
2662 3315 2777 3362 tute
2827 3307 3156 3379 ingrediare,
3210 3322 3384 3375 neque
3418 3314 3542 3359 tuos
3581 3320 3678 3374 pa-

2092 3403 2248 3458 tiaris
2274 3401 2483 3471 ingredi
2510 3402 2552 3455 ⁸.
2597 3401 2672 3455 ita
2709 3402 2852 3455 enim
2896 3410 3271 3471 comparatum
3303 3408 3405 3463 est,
3443 3407 3500 3451 ut
3531 3397 3677 3467 quod

2088 3493 2294 3547 bonum
2336 3500 2420 3547 est
2458 3490 2675 3545 oderint
2714 3498 2823 3545 tam
2861 3492 2955 3559 qui
3004 3491 3059 3545 in
3112 3507 3354 3546 errorem
3386 3490 3676 3557 inducunt,

2091 3597 2253 3654 quam
2285 3584 2375 3651 qui
2408 3581 2589 3635 induci
2626 3596 2685 3636 se
2720 3582 3063 3648 permittunt.

2165 3672 2353 3727 Schol.
2414 3672 2499 3726 75.
2566 3669 2633 3724 Et
2690 3671 2999 3724 exclamans
3067 3687 3190 3725 voce
3245 3686 3440 3740 magna
3500 3668 3672 3739 exspi-

2092 3765 2281 3819 ravit".

2163 3855 2348 3911 Refut.
2390 3854 2477 3907 75.
2521 3854 2657 3909 Cum
2703 3853 3017 3924 exspirarit,
3052 3868 3085 3905 ο
3120 3852 3359 3907 Marcio!
3403 3853 3677 3917 Christus,

2092 3957 2147 4003 et
2190 3948 2245 4001 in
2293 3947 2568 4017 ingentem
2600 3960 2789 3999 vocem
2833 3945 3095 4014 eruperit,
3129 3945 3352 4013 quinam
3399 3945 3682 4013 exspirare

2097 4039 2289 4109 potuit,
2316 4046 2410 4091 aut
2432 4037 2561 4107 quid
2595 4037 2812 4090 tandem
2839 4037 3176 4106 exspiravit?
3204 4035 3472 4088 Nimirum
3495 4050 3682 4105 quam-

2094 4131 2223 4186 libet
2248 4128 2412 4200 348
2436 4137 2640 4194 taceas,
2684 4126 3036 4182 manifestum
3090 4126 3233 4182 istud
3272 4135 3356 4182 est
3391 4145 3403 4179 :
3441 4127 3679 4180 animam

2096 4224 2289 4287 fuisse,
2321 4239 2443 4293 quae
2485 4238 2606 4277 cum
2641 4220 2932 4275 divinitate
2966 4235 2996 4274 a
3046 4235 3275 4289 corpore
3318 4220 3676 4282 discesserit;

2096 4334 2219 4371 eum
2251 4317 2469 4370 interim
2513 4316 2708 4369 anima:
2743 4314 2875 4368 illud
2910 4329 3107 4384 expers
3148 4320 3414 4378 maneret,
3450 4320 3510 4366 ut
3542 4312 3682 4367 veri-

2097 4417 2180 4461 tas
2208 4407 2327 4475 ipsa
2360 4404 2625 4459 continet.

2177 4498 2362 4552 Schol.
2423 4498 2508 4551 7-4.
2551 4495 2686 4550 Ecce
2733 4497 2830 4561 vir,
2878 4496 3086 4548 nomine
3127 4493 3345 4563 Ioseph,
3393 4494 3684 4562 depositum

2104 4606 2289 4656 corpus
2318 4587 2554 4646 involvit,
2585 4596 2632 4640 et
2669 4587 2845 4655 posuit
2866 4587 2920 4638 in
2952 4592 3283 4638 monumento
3307 4585 3483 4636 exciso
3512 4585 3575 4636 ⁸ο.

2170 4766 2354 4821 Refut.
2394 4765 2478 4818 74.
2523 4761 2580 4815 Si
2612 4762 2693 4815 hae
2726 4776 2906 4825 voces,
2950 4760 3265 4829 depositum,
3306 4764 3359 4810 et
3395 4757 3678 4818 involvens,

2100 4871 2153 4918 et
2193 4877 2381 4930 ponere
2410 4864 2462 4911 in
2496 4865 2832 4910 monumento
2863 4854 3058 4916 exciso,
3092 4853 3423 4921 persuadere
3452 4850 3548 4903 tibi
3586 4864 3682 4902 nec

2096 4958 2329 5022 queunt,
2364 4948 2589 5009 Marcio,
2617 4945 2745 5015 quid
2773 4952 2825 4999 te
2856 4943 2982 5013 tingi
3014 4950 3192 5012 potest
3209 4940 3520 4995 amentitts?
3542 4938 3680 5006 Quid

2095 5057 2277 5099 autem
2333 5040 2536 5096 clarius
2587 5037 2831 5091 iudicare
2877 5033 3159 5104 Scriptura
3204 5031 3399 5102 potuit,
3454 5045 3579 5085 cum
3630 5037 3683 5084 et

2099 5140 2536 5196 monumentum,
2578 5138 2632 5183 et
2676 5129 2876 5191 locum,
2928 5134 2981 5181 et
3028 5125 3149 5194 ejus
3196 5125 3429 5178 formam
3479 5136 3543 5175 ac
3586 5122 3679 5175 de-

2098 5223 2455 5293 scriptionem
2488 5217 2855 5289 expresserit;
2897 5215 3167 5270 addiderit
3211 5215 3438 5284 insuper
3473 5212 3683 5266 tridua-

2098 5330 2221 5368 nam
2253 5314 2401 5367 illam
2431 5313 2485 5367 in
2519 5311 2771 5381 sepulcro
2800 5307 3310 5370 commorationem,
3346 5320 3468 5358 cum
3498 5301 3682 5358 sindo-

2096 5408 2184 5462 nis
2211 5406 2515 5468 involucro,
2550 5402 2629 5457 uti
2655 5407 2822 5455 totam
2852 5398 2930 5453 rei
2953 5398 3237 5454 veritatem
3262 5391 3612 5451 ostenderet?

3467 5550 3486 5579 ‘
3510 5547 3682 5603 Exod.

2369 5630 2412 5661 ¹⁰
2438 5630 2573 5685 ibid.
2606 5629 2695 5684 55.
