3960 6144
292 314 297 319 ’
337 312 432 368 771

1742 301 1798 361 s.
1836 288 2177 357 EPIPllA'Nll

3478 299 3589 356 7'72

406 422 599 483 Schol.
638 420 722 474 75.
766 417 830 471 Et
866 424 1170 471 reuertentes
1201 415 1445 470 mulieres
1478 415 1737 469 siluerunt
1768 415 1902 469 Sab-

2078 413 2230 485 Σχόλ.
2259 419 2351 466 σε’.
2394 413 2500 466 Kal
2531 411 2989 479 ὑποστρέψασαι
3020 413 3080 464 at
3113 409 3393 481 γυναῖκες
3431 412 3590 481 ἡσύ-

333 514 455 569 bato
480 511 759 567 secundum
788 509 1098 562 mandatum
1125 509 1164 558 ⁸.

402 604 582 659 Refut.
627 603 712 656 75.
741 600 912 663 Unde,
945 615 1148 672 quaeso,
1184 600 1439 655 mulieres
1466 613 1694 654 reversa:
1740 597 1905 652 sunt?

331 707 426 752 aut
459 711 559 750 cur
586 695 802 749 demum
843 693 1063 748 siluisse
1108 702 1417 753 narrantur,
1449 692 1551 746 nisi
1592 699 1650 744 ut
1687 690 1900 743 illarum

331 789 664 850 testimonia,
720 785 918 854 quibus
952 784 1163 838 insania
1205 793 1294 837 tua
1349 783 1712 853 redarguitur,
1755 779 1904 834 Scri-

331 889 490 951 ptura
535 876 882 934 declararet?
925 873 1064 930 Ecce
1095 876 1191 929 tibi
1226 875 1481 929 mulieres
1519 880 1810 935 testantur,
1849 880 1903 926 et

332 972 585 1042 apostoli,
627 978 678 1025 ct
718 968 911 1031 Judaei,
963 977 1017 1023 et
1072 968 1270 1038 angeli,
1308 975 1360 1020 et
1396 965 1595 1035 Joscph
1640 965 1776 1031 ipse,
1809 964 1900 1031 qui

336 1061 623 1117 tractabile
655 1076 857 1131 corpus
890 1077 919 1115 e
960 1076 1125 1114 cruce
1158 1059 1398 1121 demisit,
1432 1066 1487 1112 et
1507 1056 1767 1111 obvolvit.
1798 1054 1903 1109 Ve-

334 1168 455 1206 rutn
504 1153 619 1221 quis
659 1168 775 1205 eum
821 1150 1072 1218 corrigat,
1100 1149 1189 1218 qui
1219 1149 1443 1214 seipsum
1473 1163 1567 1199 suo
1596 1144 1803 1214 judicio
1843 1161 1905 1197 ac

334 1244 597 1298 uoluntate
624 1239 865 1311 pervertit
888 1242 910 1295 ?
937 1242 1011 1294 uti
1037 1240 1299 1309 scriptum
1338 1239 1623 1306 lcginius'.

405 1333 585 1388 Schol.
621 1334 709 1387 76.
754 1333 1011 1387 Dixerunt
1041 1333 1128 1403 qui
1156 1341 1305 1385 erant
1333 1332 1385 1384 in
1414 1339 1549 1384 veste
1582 1329 1704 1382 alba
1725 1344 1742 1381 :
1765 1327 1904 1394 Quid

333 1428 569 1497 quwritis
604 1428 849 1481 viventem
894 1443 1009 1479 cum
1061 1425 1319 1478 mortuis?
1348 1421 1609 1477 Surrexit.
1641 1419 1905 1474 Recorda-

336 1518 462 1569 mini
511 1533 626 1587 qua:
668 1516 871 1570 locutus
920 1524 1019 1577 est,
1065 1532 1185 1568 cum
1233 1513 1404 1567 adhuc
1447 1512 1907 1578 esset:Quoniam

334 1616 533 1675 oportet
563 1608 733 1675 ﬁlium
757 1606 984 1660 hominis
1013 1607 1125 1673 pati
1150 1614 1197 1658 et
1222 1604 1425 1661 tradi’.

405 1775 585 1831 Rcfut.
632 1774 716 1829 76.
757 1774 943 1828 Fidem
999 1773 1095 1827 tibi
1133 1773 1310 1827 facere
1361 1789 1429 1827 ne
1474 1772 1649 1843 angeli
1686 1773 1901 1842 quidem
1940 1746 1982 1802 Β

336 1871 425 1926 isti
450 1874 699 1939 possunt,
726 1882 757 1920 ο
778 1865 1006 1917 Marcio!
1033 1864 1161 1917 dum
1190 1864 1366 1932 ipsum
1395 1863 1575 1917 triduo
1599 1863 1739 1917 inter
1759 1877 1906 1916 mor-

337 1971 461 2015 tuos
495 1964 770 2013 versatum
808 1971 931 2010 esse
966 1954 1293 2023 praedicant,
1322 1953 1682 2023 eumdemque
1720 1963 1906 2024 postea

338 2050 660 2113 redivivum,
709 2061 809 2101 nec
851 2044 1084 2115 amplius
1134 2052 1439 2106 mortuum;
1485 2045 1576 2113 qui
1626 2045 1907 2099 divinitate

336 2141 555 2211 quidem
615 2139 733 2208 ipsa
783 2144 1043 2206 perpetuo
1097 2135 1264 2201 vivat,
1325 2151 1499 2203 neque
1552 2144 1779 2191 mortem
1838 2138 1908 2191 sit

335 2237 593 2301 exp-crtus
620 2226 932 2297 aliquando,
971 2238 1138 2281 carne
1170 2240 1300 2280 vero
1331 2226 1512 2280 triduo
1554 2236 1802 2282 mortuus
1822 2229 1907 2295 ja-

336 2322 530 2385 cuerit,
570 2334 635 2372 ae
663 2319 842 2373 denuo
874 2317 1053 2371 vivere
1075 2316 1322 2385 cmperit.
1359 2315 1449 2370 Sic
1475 2316 1618 2371 enim
1655 2318 1907 2372 mulieres

338 2408 1044 2481 alloquuntur:Surrexit;
1098 2423 1199 2460 non
1259 2415 1337 2460 est
1383 2406 1485 2460 hic.
1541 2405 1682 2472 Quid
1730 2416 1906 2461 autem

338 2503 483 2557 aliud
510 2501 765 2572 surgendi
807 2514 933 2562 vox,
972 2498 1221 2551 nisieum
1263 2496 1556 2551 dormiisse
1598 2498 1909 2566 signiﬁcat?

338 2595 493 2661 Quod
535 2594 751 2662 quidem
795 2589 1137 2643 manifestius
1177 2595 1363 2658 postea
1394 2588 1694 2642 declarant.
1729 2590 1911 2642 Recor-

2005 521 2203 573 χασαν
2240 504 2305 556 τὸ
2337 502 2639 556 σάϐϐατον
2661 503 2811 556 κατὰ
2841 503 2949 555 τὸν
2977 503 3183 570 νόμον.

2078 596 2297 665 Ἕλεγχ.
2327 600 2419 647 σε’.
2457 593 2626 646 Πόθεν
2652 592 2994 665 ὑπέστρεψαν
3013 594 3070 646 αἱ
3094 594 3385 662 γυναῖκες;
3420 592 3508 646 διὰ
3535 593 3589 646 τί

2002 686 2060 739 δὲ
2093 686 2188 739 καὶ
2234 686 2296 738 τὸ
2340 685 2617 755 ἡσύχασαν
2666 685 3011 755 γέγραπται;
3056 683 3169 736 ἀλλ’
3217 684 3303 736 ἵνα
3342 681 3497 755 δείξῃ
3550 686 3587 754 ἡ

2004 777 2043 827 Γ
2048 776 2192 847 ραφὴ
2224 775 2319 847 τὴν
2376 775 2555 829 αὐτῶν
2603 775 2930 845 μαρτυρίαν,
2980 774 3307 844 ὲλέγχουσάν
3344 792 3437 827 σου
3486 775 3587 845 τὴν

2004 868 2207 931 ἄνοιαν,
2236 860 2281 919 ὧ
2319 864 2604 936 Μαρκίων.
2643 865 2773 918 Ἰδοὺ
2803 865 2911 932 γὰρ
2946 866 3040 916 καὶ
3069 868 3325 932 γυναῖκες
3371 882 3589 936 μαρτυ-

2006 956 2158 1029 ροῦσι
2185 999 2199 1023 ,
2242 957 2336 1009 καὶ
2392 954 2699 1017 ἀπόστολοι,
2758 956 2852 1007 καὶ
2902 954 3162 1016 Ἰουδαῖοι,
3212 954 3306 1007 καὶ
3341 955 3586 1022 ἄγγελοι,

2005 1049 2100 1098 καὶ
2143 1045 2339 1115 Ἰωσὴφ
2366 1047 2393 1097 ὁ
2431 1044 2747 1115 (tutam,th
2779 1043 2948 1106 ὅντως
2991 1044 3149 1113 σῶμα
3198 1042 3459 1107 καθελὼν,
3492 1045 3591 1096 καὶ

2005 1135 2303 1205 ἐνειλήσας.
2348 1137 2441 1200 Τίς
2471 1133 2538 1185 δὲ
2582 1133 2880 1203 κοσμήσει
2928 1134 3034 1186 τὸν
3076 1134 3593 1202 αὑτοκατακρίτως

2005 1226 2222 1279 ἑαυτὸν
2254 1224 2687 1293 διαστρέφοντα
2705 1240 2732 1288 ;_
2750 1225 2826 1287 ὡς
2856 1225 2970 1277 ἔστι
3001 1226 3406 1295 γεγραμμένον.

2076 1317 2230 1385 Σχόλ.
2259 1322 2363 1380 ος⁸.
2404 1313 2601 1369 Εἶπαν
2633 1318 2686 1369 οἱ
2723 1317 2793 1368 ἐν
2824 1315 3035 1384 ἐσθῆτι
3076 1314 3318 1384 λαμπρᾷ
3344 1334 3356 1346 ·
3400 1317 3461 1370 Τί
3490 1316 3589 1383 ζη-

2006 1408 2156 1462 τεῖτε
2183 1407 2291 1460 τὸν
2311 1406 2495 1466 ζῶντα
2519 1408 2669 1475 μετὰ
2698 1404 2817 1461 τῶν
2842 1406 3100 1475 νεκρῶν;
3143 1407 3399 1475 Ἠγέρθη.
3429 1409 3592 1474 Μνή-

1952 1484 1974 1503 ’
2006 1503 2205 1567 σθητε-
2228 1499 2342 1552 ὅσα
2373 1500 2682 1567 ἐλάλησεν
2714 1499 2798 1551 ἔτι
2844 1498 2929 1551 ὢν
2951 1501 3079 1567 μεθ’
3119 1497 3302 1567 ὑμῶν·
3338 1499 3463 1553 Ὅτι
3499 1500 3593 1553 δεῖ

2007 1590 2113 1642 τίν
2156 1590 2291 1642 Υἱὸν
2316 1590 2421 1642 τοῦ
2453 1589 2765 1657 ἀνθρώπου
2793 1590 2993 1644 πολλὰ
3015 1590 3245 1655 παθεῖν,
3279 1590 3378 1644 καὶ
3408 1602 3529 1656 περ
3548 1610 3591 1644 t-

2009 1679 2277 1748 δοθῆναι.

2083 1773 2302 1842 Ἔλεγχ.
2339 1780 2445 1837 ος’.
2472 1772 2606 1825 Ούδὲ
2634 1766 2780 1826 οὗτοί
2809 1789 2867 1824 σε
2894 1772 3168 1825 πείθουσιν
3197 1776 3247 1826 ol
3269 1772 3509 1842 ἄγγελοι,
3546 1760 3594 1826 ὧ

2010 1864 2292 1934 Μαρκίων,
2320 1864 2705 1934 ὁμολογοῦντες
2739 1863 2839 1933 μὲν
2873 1864 3034 1917 αὑτὸν
3063 1868 3356 1935 τριήμερόν
3384 1865 3589 1934 μεταξὺ

2010 1954 2216 2023 νεκρῶν
2241 1953 2590 2023 γεγενῆσθαι,
2618 1952 2794 2016 ζῶντα
2820 1952 2875 2004 δὲ
2908 1952 3111 2016 λοιπὸν,
3149 1955 3243 2006 καὶ
3274 1954 3457 2007 οὐκέτι
3502 1973 3590 2007 νεά

2012 2047 2173 2114 κρῦν·
2218 2045 2304 2097 ἀεὶ
2345 2045 2441 2114 μὲν
2482 2043 2659 2104 ζῶντα
2688 2046 2745 2095 ὲν
2778 2047 2842 2114 τῇ
2881 2043 3113 2114 θεότητι,
3163 2045 3254 2097 καὶ
3294 2046 3417 2116 μηδ’
3454 2045 3593 2107 ὅλως

2010 2134 2370 2205 νεκρωθέντα,
2414 2133 2758 2205 νεκρωθέντα
2789 2134 2847 2187 δὲ
2876 2136 3016 2189 κατὰ
3060 2137 3236 2208 σάρκα
3264 2137 3327 2190 τὸ
3358 2139 3592 2209 τριήμε-

2014 2242 2126 2297 ρον,
2156 2226 2250 2279 καὶ
2281 2225 2439 2278 πάλιν
2466 2225 2663 2290 ζῶντα.
2684 2226 2912 2295 Λέγουσι
2930 2226 3039 2297 γὰρ
3059 2228 3249 2291 αὑταῖς
3268 2244 3281 2257 ·
3322 2227 3591 2295 Ἀνέστη·

2007 2323 2115 2375 οὐκ
2144 2322 2319 2374 ἔστιν
2355 2316 2490 2376 ὦδε.
2525 2322 2597 2373 Τὸ
2629 2321 2685 2374 δὲ
2710 2320 2935 2389 ἀνέστη
2964 2321 3014 2374 τί
3045 2324 3161 2373 ἐστι
3191 2321 3239 2372 εί
3269 2319 3342 2391 μὴ
3380 2320 3462 2372 ὅτι
3495 2318 3592 2371 καὶ

2006 2413 2310 2484 ἐκοιμήθη;
2348 2413 2689 2481 Σαφέστερον
2731 2412 2840 2482 γὰρ
2874 2412 3006 2464 αὐτὸ
3056 2410 3388 2482 διηγοῦνται.
3428 2401 3592 2478 Μνή-

2005 2507 2189 2570 σϐητε
2240 2506 2366 2575 γὰρ,
2410 2504 2595 2575 φησὶν,
2644 2503 2732 2557 ὅτι
2775 2504 2861 2557 ἐτι
2899 2503 3113 2573 περιὼν
3152 2502 3338 2556 ταῦτα
3382 2504 3591 2570 ἔλεγεν

2007 2594 2151 2662 ὑμῖν
2167 2613 2180 2624 ·
2219 2596 2347 2649 Ὅτι
2378 2595 2471 2648 δεῖ
2494 2595 2706 2649 παθεῖν
2732 2594 2840 2648 τὸν
2865 2595 3002 2649 Υἱόν
3023 2595 3129 2649 τοῦ
3151 2593 3483 2662 ἀνθρώπου.

337 2687 541 2740 dnmini
578 2685 758 2748 enim,
791 2684 1060 2753 inquiunt,
1106 2681 1355 2752 quoniam
1384 2697 1502 2734 cum
1528 2681 1698 2736 adhuc
1730 2684 1912 2738 viveret
1954 2689 2086 2742 talia
2113 2692 2318 2744 loeutus
2352 2703 2428 2744 est
2462 2691 2647 2744 vobis:
2682 2690 2823 2755 Quia
2863 2700 3063 2758 oportet
3099 2692 3211 2761 pati
3262 2688 3461 2743 Filium
3502 2682 3599 2738 lto-

340 2798 520 2835 ηιυιιε.

414 2872 597 2927 Schol.
633 2872 722 2924 77.
767 2868 906 2936 Quin
942 2882 1001 2922 ea
1030 2868 1272 2932 sustulit,
1312 2883 1432 2937 quae
1484 2868 1735 2939 Cleophte
1765 2870 1901 2938 ejus-

2085 2871 2235 2939 Σχόλ.
2266 2868 2357 2933 οξ.
2378 2868 2659 2941 Παρὲκοψε
2684 2869 2742 2922 τὸ
2764 2868 3049 2941 εἰρημένον
3074 2868 3210 2939 πρὸς
3233 2869 3482 2923 Κλεόπαν
3499 2871 3589 2925 καὶ

338 2976 444 3030 qne
472 2960 625 3013 socio
654 2959 797 3012 dicta
827 2965 974 3019 sunt.
1010 2972 1133 3010 cum
1176 2956 1283 3012 illis
1307 2960 1548 3012 occurrit
1573 2977 1584 3011 :
1608 2959 1651 3015 0
1675 2960 1827 3013 stulti
1864 2970 1911 3014 et

2019 2959 2105 3015 τὸν
2148 2962 2327 3027 ἄλλον,
2373 2963 2462 3014 ὅτε
2503 2962 2836 3032 συνήντησεν
2882 2961 3087 3023 αὐτοῖς,
3114 2961 3210 3012 τό’
3237 2957 3307 3014 Ὧ
3347 2963 3591 3030 ἀνόητοι

340 3049 482 3103 tardi
529 3049 682 3102 corde
724 3048 792 3100 ad
850 3046 1163 3101 credendum
1210 3048 1265 3099 in
1312 3047 1551 3100 omnibus
1593 3065 1709 3116 qua:
1753 3050 1912 3103 locuti

337 3149 460 3194 sunt
501 3139 797 3208 propltetw!
828 3137 1015 3191 Nonne
1067 3137 1179 3190 Iuvc
1230 3138 1462 3203 oportuit
1494 3139 1676 3204 pati“?
1703 3141 1777 3193 Ac
1810 3156 1911 3210 pro

337 3230 446 3292 his,
476 3231 529 3282 in
556 3229 794 3283 omnibus
819 3245 934 3297 qua:
971 3228 1134 3301 tocuti
1171 3235 1292 3280 sunt
1330 3228 1592 3296 prop/reue
1616 3270 1630 3290 ,
1669 3231 1909 3299 scripsit,

339 3320 392 3372 in
423 3319 588 3390 349
608 3321 846 3373 omnibus
897 3334 1012 3388 qua:
1047 3319 1251 3373 locutus
1276 3335 1391 3373 sum
1420 3319 1586 3376 vobis.
1613 3321 1721 3375 Sed
1752 3338 1815 3375 ex
1848 3338 1914 3377 eo

340 3411 701 3481 redarguitur,
751 3408 896 3479 quod
937 3425 1059 3463 cum
1109 3424 1295 3477 panem
1341 3410 1519 3480 fregit,
1572 3409 1741 3480 aperti
1791 3424 1913 3467 sunt

340 3501 479 3554 oculi
510 3517 711 3563 eorum,
742 3510 789 3554 et
819 3509 1165 3570 cognoverunt
1191 3498 1342 3553 illum
1363 3502 1406 3556 ⁵.

413 3592 597 3647 Βεΐυι.
629 3593 713 3645 77.
759 3591 910 3647 Unde
961 3591 1049 3646 illa
1099 3594 1257 3661 panis
1314 3591 1545 3646 tractio?
1599 3593 1706 3656 dic,
1757 3595 1915 3649 sodes

342 3684 561 3738 Marcio.
591 3682 727 3737 Num
776 3684 844 3737 ab
892 3683 1037 3737 inani
1069 3683 1246 3752 aliqua
1277 3681 1482 3750 forma;
1519 3698 1587 3736 an
1621 3699 1650 3736 a
1686 3700 1916 3754 corpore

343 3774 482 3829 mole
511 3774 690 3841 aliqua
727 3780 1032 3845 const_aute,
1061 3787 1125 3826 ac
1159 3787 1345 3826 revera
1378 3772 1523 3826 istud
1568 3781 1763 3842 agente
1791 3788 1916 3842 pro-

342 3867 481 3922 fecta
515 3866 637 3921 est?
661 3865 796 3920 Cum
822 3866 965 3920 enim
1000 3872 1304 3933 resurgeret
1333 3878 1363 3918 a
1398 3851 1654 3929 mortuis,
1673 3879 1798 3918 cum
1832 3880 1917 3919 eo-

342 3959 464 4012 dem
515 3957 606 4010 illo
650 3955 997 4011 sanctissimo
1037 3968 1264 4022 corpore
1311 3953 1489 4023 reipsa
1545 3953 1802 4009 surrexit.
1836 3953 1916 4006 Tu

345 4039 602 4117 veropro
627 4048 710 4100 his
732 4046 912 4101 verbis
941 4064 954 4099 :
990 4043 1178 4098 Nonne
1205 4043 1314 4098 lure
1336 4052 1458 4098 sunt
1479 4061 1596 4114 qua:
1615 4044 1777 4097 locuti
1796 4053 1918 4099 sunt

341 4139 642 4206 prop/tem?
684 4136 1004 4191 Rescribcrc
1056 4151 1223 4190 ausus
1265 4151 1324 4190 es
1358 4154 1371 4188 :
1408 4133 1595 4188 Nonne
1642 4135 1753 4188 lucc
1796 4144 1918 4189 sunt

343 4244 459 4296 qua:
491 4228 695 4280 locutus
729 4242 842 4278 sum
869 4225 1047 4279 vobis?
1076 4225 1239 4294 Atqui
1278 4224 1323 4278 si
1372 4224 1472 4278 hoc
1509 4225 1616 4279 illis
1644 4224 1872 4279 dixisset
1902 4243 1915 4278 :

2014 3054 2109 3106 καὶ
2137 3053 2385 3121 ,ϐραδεῖς
2422 3054 2529 3107 τοῦ
2575 3053 2880 3105 πιστεύειν
2926 3049 3115 3105 πᾶσιν
3150 3044 3242 3117 οἷς
3278 3052 3591 3120 ἐλάλησαν

2013 3151 2064 3199 οἱ
2097 3140 2435 3215 προφῆταιν
2475 3140 2609 3215 οὐχὶ
2656 3139 2843 3197 ταῦτα
2887 3140 3007 3197 ἔδει
3048 3142 3288 3205 παθεῖν;
3323 3145 3416 3196 καὶ
3466 3144 3588 3196 ἀντὶ

2014 3236 2128 3297 τοῦ,
2159 3232 2252 3304 ἐφ’
2297 3230 2387 3301 οἷς
2407 3234 2723 3302 ἐλάλησαν
2754 3237 2805 3288 οἱ
2841 3231 3158 3301 προφῆται,
3192 3234 3466 3303 ἐποίησεν,
3500 3230 3588 3303 ἑεὲ⁴

2013 3320 2103 3391 οἷς
2132 3324 2412 3393 ἐλάλησα
2464 3324 2627 3394 ὑμῖν.
2664 3318 2976 3393 Ἐλέγχεται
3008 3323 3082 3384 δὲ,
3113 3325 3212 3385 ὅτι,
3243 3326 3330 3377 ὅτε
3368 3325 3586 3378 ἐκλασε

2013 3417 2120 3470 τὸν
2145 3414 2345 3484 ἄρτον,
2391 3416 2771 3484 ἠνοίχθησαν
2812 3415 3012 3469 αὐτῶν
3053 3417 3107 3468 ot
3148 3417 3464 3484 ὀφθαλμοὶ,
3491 3417 3589 3469 καὶ

2013 3509 2367 3578 ἐπέγνωσαν
2395 3509 2600 3562 αὐτόν.
2782 3580 2788 3585 ﬁ

2090 3600 2307 3669 Ἔλεγχ.
2340 3598 2431 3663 οζ’.
2492 3598 2662 3652 Πόθεν
2706 3599 2739 3669 ἡ
2784 3598 2974 3663 κλάσις
3012 3596 3105 3651 τοῦ
3135 3597 3300 3668 ἄρτου
3342 3598 3587 3667 ἐγένετος

2015 3686 2161 3757 λέγε,
2193 3685 2238 3743 ὦ
2293 3689 2579 3761 Μαρκίων.
2626 3689 2760 3743 ’Λπδ
2800 3690 3101 3768 φαντασίας
3133 3689 3166 3759 ἢ
3199 3682 3307 3742 ἀπὸ
3340 3687 3587 3758 σώματος

2016 3779 2366 3852 ἐνεργοῦντος
2395 3778 2634 3854 ὀγκηροῦ
2682 3779 2826 3834 κατὰ
2867 3780 3154 3852 inﬂatas;
3203 3779 3462 3840 Ἀναστὰς
3482 3778 3591 3846 γὰρ

2018 3872 2081 3923 ὲκ
2107 3871 2213 3924 τῶν
2246 3872 2477 3942 νεκρῶν,
2510 3875 2566 3926 ὲν
2597 3868 2746 3942 αὐτῷ
2774 3871 2852 3942 τῷ
2888 3870 3027 3940 ἁγίῳ
3056 3867 3267 3940 σώματι
3306 3869 3504 3937 ἀνέστη
3532 3869 3588 3919 ἐν

2020 3959 2265 4034 ἀληθείᾳ.
2317 3963 2604 4034 Ἐποίησας
2654 3960 2733 4028 δὲ,
2794 3957 2839 4016 ὦ
2879 3961 3166 4035 Μαρκίων,
3216 3962 3338 4016 ἀντὶ
3382 3962 3475 4015 τοῦ
3507 3964 3588 4015 Οὐ

2016 4054 2203 4132 ταῦτά
2233 4055 2403 4108 ἐστιν
2423 4053 2462 4108 ά
2487 4052 2806 4123 ἐλάλησαν
2835 4057 2889 4108 ot
2918 4053 3257 4123 xpogﬁtat;
3299 4055 3381 4107 Οὐ
3409 4052 3591 4106 ταῦτά

2017 4144 2188 4197 ἐστιν
2216 4141 2255 4196 ἁ
2284 4140 2559 4211 ἐλάλησα
2585 4143 2749 4213 ὑμῒν;
2780 4144 2843 4197 Et
2881 4138 2937 4196 δὲ
2967 4139 3117 4195 εἶπεν
3151 4144 3335 4206 αὐτοῖς
3355 4160 3368 4172 θ
3419 4141 3589 4195 Ἐλάο

2018 4240 2182 4303 λησα
2236 4236 2401 4305 ὑμῖν,
2444 4236 2617 4307 πάντη
2678 4236 2972 4302 ἐγίνωσκον
3022 4235 3185 4288 αὐτὸν
3230 4233 3296 4288 ἂν
3327 4234 3436 4287 ἀπὸ
3497 4232 3590 4286 τοῦ

345 4316 574 4372 Locutus
609 4332 725 4369 sum
757 4314 919 4377 vobis,
955 4330 1022 4368 ex
1050 4315 1118 4370 iis
1153 4316 1339 4383 utique
1372 4313 1552 4370 verbis
1602 4315 1780 4383 ipsum
1828 4331 1911 4369 co-

2021 4327 2178 4395 λόγου
2204 4327 2297 4381 τοῦ
2319 4306 2613 4397 ἐλάλησα
2629 4327 2790 4397 ὑμῖν.
2827 4326 2953 4391 Πῶς
2983 4322 3076 4380 οὖν
3101 4328 3158 4379 ὲν
3181 4329 3248 4397 τῇ
3284 4324 3472 4380 κλάσει
3495 4323 3590 4377 τοῦ

344 4424 607 4478 gnoscere
649 4407 966 4460 debuerant.
998 4406 1106 4459 Cur
1152 4406 1317 4475 igitur
1350 4407 1403 4460 in
1449 4405 1748 4476 frangendo
1785 4423 1911 4476 pane

2019 4416 2186 4488 ἄρτου
2251 4417 2434 4486 λέγει’
2488 4418 2885 4487 Ἠνοίχθησαν
2941 4416 3140 4471 αὐτῶν
3186 4420 3237 4470 ot
3275 4416 3587 4485 ὀφθαλμοὶ,

346 4499 588 4567 suhjicit,
623 4497 802 4565 Aperti
848 4504 968 4550 sunt
1013 4495 1228 4550 illorum
1280 4497 1438 4561 oculi,
1484 4505 1533 4550 et
1574 4512 1911 4567 cognoverunt

2019 4506 2141 4583 atat
2169 4506 2522 4578 ἐπέγνωσαν
2574 4504 2793 4561 αὐτόν·
2858 4506 2957 4559 καὶ
3008 4500 3266 4575 ἄραντος
3321 4502 3590 4574 ἐγένετο;

344 4608 462 4645 eum
490 4600 579 4645 :et
611 4588 819 4644 evanuit
841 4590 864 4645 ?
886 4589 960 4642 Ita
989 4586 1191 4658 quippe
1216 4587 1381 4643 Deum
1408 4588 1652 4655 decebat,
1685 4590 1775 4659 qui
1802 4605 1911 4644 cor-

2022 4601 2269 4671 Ἔπρεπε
2291 4598 2400 4668 γὰρ
2425 4597 2573 4668 αὐτῷ
2595 4596 2714 4667 Θεῷ
2738 4593 2871 4657 ὄντι.
2899 4598 2993 4650 καὶ
3017 4595 3398 4667 μεταϐάλλοντι
3426 4594 3590 4649 αὑτοῦ

345 4700 447 4753 pus
475 4700 632 4738 suum
681 4682 735 4734 in
785 4680 1028 4751 spiritale
1061 4680 1444 4744 convertisset.
1476 4697 1662 4736 verum
1698 4681 1911 4751 quidem

2019 4690 2078 4743 τὸ
2113 4689 2272 4760 σῶμα
2291 4691 2370 4753 είς
2408 4689 2801 4759 πνευματικὸν,
2844 4686 3113 4741 δεικνύναι
3152 4686 3249 4757 μὲν
3278 4682 3408 4740 αὐτὸ
3436 4685 3593 4755 σῶμα

346 4775 478 4829 illud
508 4772 820 4834 ostendere,
854 4771 946 4826 sed
980 4773 1194 4841 Quoties
1220 4780 1402 4826 tamen
1435 4773 1683 4828 libuisset
1717 4781 1911 4828 morta-

2019 4777 2289 4851 ἀληθινὸν,
2341 4775 2713 4851 ἀφαντοῦσθαι
2762 4779 2819 4833 δὲ
2861 4782 2948 4832 cits
2984 4775 3261 4831 ἐϐούλετοο
3302 4779 3384 4831 ὃτι
3418 4779 3593 4832 πάντα

347 4866 478 4919 lium
497 4864 671 4919 oculis
694 4862 1018 4918 subtrahere
1044 4876 1057 4915 :
1081 4863 1300 4932 quando
1330 4864 1464 4917 nihil
1488 4872 1571 4920 est
1599 4864 1742 4933 quod
1774 4863 1918 4918 illius

347 4963 664 5025 potestatem
716 4953 959 5023 ell‘ugiat.
988 4950 1123 5005 Nam
1164 4960 1217 5006 et
1239 4952 1468 5008 Elisazus
1492 4955 1755 5024 propheta
1796 4969 1917 5007 cum

344 5057 512 5110 esset,
535 5054 589 5101 et
618 5061 647 5098 a
676 5044 785 5099 Deo
815 5043 1077 5098 beneﬂcio
1101 5042 1368 5110 ejusmodi
1399 5050 1545 5098 esset
1569 5042 1814 5106 allectus,
1855 5044 1923 5097 ab

2015 4872 2163 4943 αὐτῷ
2192 4870 2414 4926 δυνατά.
2446 4872 2554 4926 Καὶ
2574 4872 2682 4943 γὰρ
2721 4871 2815 4923 καὶ
2856 4864 3153 4932 Ἐλισσαῖος
3179 4870 3465 4940 προφήτης
3490 4868 3589 4931 ὣν,

2017 4963 2113 5015 καὶ
2136 4965 2200 5016 ὲκ
2221 4959 2356 5016 Θεοῦ
2378 4958 2558 5015 λαϐὼν
2585 4959 2683 5032 τὴν
2724 4961 2903 5032 χάριν,
2935 4959 3103 5031 ᾔτησε
3132 4959 3281 5031 παρὰ
3304 4959 3437 5011 Θεοῦ
3470 4960 3593 5022 τοὺς

2019 5052 2177 5106 αὑτὸν
2245 5050 2543 5124 ζητοῦντας
2600 5052 2937 5122 παταχθῆναι
2988 5049 3257 5122 ἁορασίᾳ·
3318 5051 3414 5103 καὶ
3458 5052 3592 5102 ἐπα-

344 5141 533 5195 eodem
559 5128 871 5207 postulavit,
899 5145 958 5189 ut
987 5135 1078 5203 qui
1104 5149 1163 5189 se
1187 5142 1512 5204 quaarcrent,
1544 5133 1669 5188 czeci
1702 5142 1911 5202 repente

2024 5142 2320 5213 τάχθησαν,
2363 5140 2455 5196 καὶ
2487 5143 2587 5195 ούκ
2618 5140 2844 5193 ἔϐλεπον
2876 5136 3035 5193 αὑτὸν
3063 5140 3298 5193 τοιοῦτον
3326 5138 3457 5192 ὄντα
3483 5132 3591 5202 οἷος

348 5231 538 5285 tierent
567 5247 579 5281 :
615 5227 760 5297 quod
791 5225 862 5280 ita
886 5232 1095 5296 gestum
1123 5234 1227 5284 est.
1256 5234 1315 5279 ut
1341 5230 1464 5279 etnn
1497 5225 1572 5278 illi
1609 5225 1911 5293 cuiusmodi

2019 5226 2099 5301 ἦν.
2140 5231 2301 5284 Ἀλλὰ
2339 5232 2434 5285 καὶ
2469 5232 2526 5284 ὲν
2569 5228 2825 5300 Σοδόμοις
2866 5230 2966 5299 τὴν
3002 5226 3172 5299 θύραν
3198 5226 3290 5280 τοῦ
3327 5227 3451 5280 Λὼτ
3480 5229 3588 5280 ἀπ-

345 5329 463 5374 crat
494 5318 679 5373 videre
713 5332 820 5370 non
865 5315 1145 5384 possent“.
1186 5315 1495 5381 Quinetiam
1532 5314 1785 5371 Sodomis
1818 5332 1911 5369 an-

2019 5321 2259 5394 ἐκρυψαν
2293 5323 2341 5373 οἱ
2373 5321 2615 5390 ἄγγελοι,
2643 5321 2737 5373 καὶ
2775 5319 2874 5372 οὐκ
2911 5319 3134 5371 ἔϐλεπον
3165 5314 3333 5388 αὐτὴν
3364 5319 3415 5370 ot
3438 5316 3591 5370 Σοδο-

346 5412 448 5478 geli
484 5408 602 5461 Loti
631 5409 829 5461 ostium
861 5405 1166 5461 subducere
1209 5407 1385 5461 oculis
1426 5410 1740 5474 potuerunt,
1780 5405 1911 5459 adeo

2019 5413 2191 5479 μῖται.
2220 5409 2313 5480 Μὴ
2348 5412 2442 5462 καὶ
2488 5411 2521 5480 ἡ
2548 5408 2686 5479 θύρα
2710 5407 2803 5460 τοῦ
2833 5406 2955 5460 Λὼτ
2988 5407 3207 5476 δόκησις
3239 5401 3329 5476 ἦν,
3355 5400 3400 5459 ὦ
3433 5407 3591 5475 Map-

348 5511 408 5553 ut
435 5500 636 5555 intueri
666 5498 796 5553 illud
827 5496 1121 5551 Sodomitas
1148 5495 1551 5565 nequiverint'.
1588 5494 1911 5549 Utrumnam

2019 5499 2190 5565 κίων;
2230 5502 2330 5570 οὐχ
2386 5499 2734 5552 ὑπολείπεται
2783 5497 2839 5552 δέ
2889 5514 2972 5563 σοι
3010 5496 3291 5566 ἀντιλογία
3342 5496 3586 5567 οὐδεμία.

422 5612 595 5686 :Luc.
630 5630 785 5686 util,
833 5614 920 5668 56.
1014 5615 1033 5644 ⁸
1074 5612 1251 5669 Ecclc.
1295 5629 1330 5680 I,
1374 5614 1455 5666 15.
1536 5611 1707 5667 'Luc.
1746 5630 1890 5680 χειν,

2056 5621 2076 5651 ⁴
2108 5619 2238 5674 ibid.
2279 5618 2341 5671 15
2368 5633 2487 5686 sqq.
2566 5618 2587 5649 ⁸
2621 5616 2752 5670 ibid.
2783 5612 2871 5669 51.
2949 5617 2969 5645 ⁸
2999 5613 3061 5667 IV
3095 5612 3225 5683 Reg.
3255 5628 3331 5679 Vl,
3372 5610 3433 5665 IS
3464 5622 3588 5677 sqq.

351 5678 375 5714 ⁷
411 5677 547 5736 Gen.
581 5697 694 5747 nx,
728 5684 784 5735 Η
809 5698 929 5754 sqq.
