3950 6148
419 343 526 401 773

1052 341 1421 400 ADVERSUS
1460 339 1801 397 [UERESES
1839 339 1964 395 LIB.
2006 340 2048 397 Ι.
2088 340 2250 397 ΤΟΜ.
2289 341 2449 397 Ill.—
2486 340 2760 398 HIERES.
2802 341 2962 399 XL".

3573 340 3677 396 ττι

422 459 659 514 Ἐκλασε
675 458 881 533 γὰρτδν
902 458 1063 532 ἄρτον
1092 460 1300 530 σαφῶς,
1327 460 1420 513 καὶ⁵
1455 458 1675 514 διέδωκε
1704 460 1817 522 τοῖς
1836 456 1991 512 αὐτοῦ

2105 457 2269 529 igitur
2299 457 2418 512 Loti
2451 456 2617 526 ianua
2648 471 2788 510 vana
2819 456 3066 525 quaedam
3108 454 3319 526 species
3344 453 3466 518 fuit,
3496 453 3686 509 ollar—

422 550 715 623 μαθηταῖς.

488 809 646 880 Σχόλ.
676 816 775 881 οη’.
817 812 878 866 Τί
899 810 1318 882 τεταραγμένοι
1348 796 1522 877 suis;
1545 810 1723 867 Ἴδετε
1745 812 1851 878 τὰς
1878 812 1998 881 χεῖ.

412 898 524 967 ράς
538 918 660 969 μου
698 901 795 955 καὶ
853 902 995 969 τοὺς
1052 905 1241 972 πόδας
1264 921 1412 974 μουο
1455 905 1544 958 ὅτι
1583 904 1818 974 πνεῦμα
1845 903 1997 960 ὀστᾶ

417 986 530 1040 οὐκ
555 986 704 1056 ἔχει,
730 989 925 1056 καθὼς
948 991 1054 1061 ἐμὲ
1078 993 1345 1061 θεωρεῖτε
1366 993 1603 1061 ἔχοντα.

491 1080 713 1151 Ἐλεγχ.
758 1089 858 1153 οη’.
886 1084 982 1147 Τίς
1011 1085 1112 1138 οὐκ
1161 1085 1227 1138 ἂν
1274 1086 1622 1157 καταγελάσῃ
1664 1085 1760 1140 τοῦ
1805 1084 1993 1157 λήρου,

417 1175 476 1227 ἐν
506 1173 791 1247 ἀφροσύνῃ
813 1176 1005 1229 ἑαυτὸν
1041 1177 1135 1231 καὶ
1160 1178 1361 1248 ἑτέρων
1390 1177 1569 1247 ψυχὰς
1607 1177 1996 1240 κατασπῶντος

416 1265 496 1328 είς
538 1263 702 1335 ᾆδην;
766 1265 829 1318 Et
884 1267 979 1336 μὲν
1026 1268 1133 1338 γὰρ
1170 1269 1267 1339 οὐχ
1311 1268 1627 1339 ὡμολόγητο
1659 1272 1787 1342 παρ’
1829 1268 1993 1322 αὑτοῦ

417 1358 449 1426 η
480 1356 675 1427 πλάνη,
706 1355 800 1409 καὶ
842 1357 1169 1429 συγγνώμην
1214 1356 1357 1430 εἶχον
1386 1361 1434 1412 οἱ
1468 1360 1559 1413 ὑπ’
1589 1360 1752 1414 αὐτοῦ
1784 1362 1994 1432 ἠπατη-

421 1448 605 1518 μένοι·
660 1448 754 1501 νῦν
793 1448 849 1502 δὲ
910 1450 1096 1520 ἐπειδὴ
1143 1451 1350 1514 ἐκεῖνος
1400 1451 1741 1522 ὡμολόγησε,
1793 1452 1888 1505 καὶ
1932 1451 1991 1505 οὐ

418 1539 646 1611 περιῆρε
680 1539 749 1593 τὰ
779 1540 916 1611 ῥητὰ
946 1540 1136 1607 ταῦτα,
1168 1542 1601 1611 ἀναγινώσκουσι
1642 1543 1698 1597 δὲ
1741 1544 1879 1598 αὐτὰ
1900 1544 1994 1598 καὶ

413 1632 461 1683 oi
496 1631 683 1694 αὑτοῦ,
714 1633 746 1702 ἡ
775 1634 1015 1704 ἁμαρτία
1038 1633 1202 1715 αὐτος)
1242 1635 1335 1688 καὶ
1361 1634 1470 1688 τῶν
1498 1636 1676 1690 αὐτῶν
1703 1637 1873 1707 μένει,
1900 1636 1994 1690 καὶ

2101 546 2227 601 cio?
2253 546 2371 601 Non
2402 544 2560 601 video
2592 543 2723 615 quid
2757 553 2948 598 contra
2975 546 3088 599 haec
3119 545 3330 601 hiscere
3360 542 3561 615 possis.
3597 539 3683 595 Si-

2099 634 2320 706 quidem
2364 649 2560 705 panem
2611 631 2901 691 manifeste
2955 632 3135 704 fregit,
3167 641 3221 688 et
3272 633 3329 686 in
3378 630 3684 702 discipulos

2100 741 2233 782 suos
2262 724 2565 781 distribuit.

2171 814 2356 870 Schol.
2377 814 2463 868 78.
2508 814 2649 880 Quid
2675 814 2874 868 turbati
2896 815 3064 868 estis?
3096 811 3278 867 Videte
3303 828 3492 866 manus
3516 828 3683 875 meas,

2095 918 2146 963 et
2174 909 2326 976 pedes
2366 923 2525 967 meos.
2551 908 2677 976 quia
2702 907 2922 976 spiritus
2947 922 3069 959 ossa
3093 921 3195 959 non
3218 904 3394 970 habet,
3432 906 3568 958 sicut
3605 920 3684 957 me

2098 996 2280 1051 videtis
2318 996 2508 1049 habere
2525 998 2568 1050 ².

2168 1088 2350 1144 Refut.
2380 1088 2467 1142 78.
2509 1087 2641 1154 Quis
2666 1086 3096 1157 nugacissimum
3124 1084 3269 1139 hunc
3293 1100 3401 1139 non
3435 1083 3681 1146 irrideat,

2096 1182 2189 1252 qui
2212 1180 2510 1236 stoliditate
2541 1195 2640 1235 sua
2663 1195 2787 1233 cum
2815 1177 3190 1246 semetipsum,
3219 1183 3332 1230 tum
3359 1183 3684 1230 caeterorum

2098 1274 2310 1327 animas
2339 1271 2406 1325 ad
2430 1270 2634 1327 inferos
2663 1269 2949 1325 detrudat?
2983 1268 3117 1322 Nam
3150 1268 3253 1323 nisi
3289 1267 3406 1322 haec
3440 1267 3530 1321 ille
3561 1283 3688 1321 con-

2100 1364 2341 1420 ﬁteretur
2358 1364 2564 1428 omnia,
2593 1364 2815 1418 haberet
2840 1362 2959 1432 ejus
2980 1376 3136 1415 error
3159 1361 3399 1414 colorem
3426 1361 3684 1430 aliquem,

2096 1470 2161 1510 ac
2188 1457 2342 1510 venia
2370 1455 2517 1525 digni
2549 1465 2827 1524 utcunque
2850 1452 3048 1515 forent,
3073 1452 3167 1522 qui
3194 1468 3253 1507 se
3284 1453 3355 1506 ab
3377 1454 3469 1506 illo
3501 1451 3683 1522 decipi

2096 1554 2434 1618 paterentur.
2468 1548 2623 1602 Nunc
2650 1561 2773 1601 cum
2806 1554 2859 1601 et
2886 1546 2991 1601 iste
3019 1546 3184 1601 verba
3220 1546 3309 1599 illa
3348 1561 3447 1616 pro
3477 1561 3688 1616 germa-

2098 1642 2185 1693 nis
2212 1639 2427 1704 habeat,
2462 1654 2562 1693 nec
2585 1628 2655 1694 ea
2677 1640 2961 1694 sustulerit
2990 1657 3004 1693 :
3039 1647 3094 1694 et
3139 1639 3207 1693 ab
3245 1638 3492 1709 ejusdem
3518 1637 3687 1692 disci-

412 1722 788 1793 ἀπαραίτητον
821 1724 881 1777 τὺ
909 1724 1072 1778 αὑτοῦ
1125 1727 1219 1779 καὶ
1249 1727 1311 1779 τὺ
1340 1726 1520 1781 αὐτῶν
1552 1726 1686 1798 πῦρ,
1723 1727 1991 1781 άναπαλο-

2105 1730 2240 1801 pulis
2273 1731 2684 1800 legantur,cum
2711 1738 3068 1799 utrorumque
3096 1730 3380 1794 delictum,
3417 1736 3531 1782 tum
3556 1743 3685 1782 vero

414 1817 602 1885 γήτοις
648 1811 766 1869 οὖσι
790 1834 804 1847 ο
854 1816 1040 1886 σαφῶς
1080 1816 1174 1870 τοῦ
1205 1818 1457 1889 Σωτῆρος
1494 1797 1824 1885 διδάξαντος,
1842 1817 1990 1888 μετὰ

2105 1797 2239 1893 ignis
2279 1797 2599 1886 ille'manet,
2628 1835 2789 1891 quem
2811 1820 2959 1875 nulla
2982 1797 3368 1891 tergiversatio
3403 1820 3579 1890 possit
3599 1818 3657 1874 ei
3673 1850 3682 1859 -

412 1908 707 1962 ἀνάστασιν
744 1907 878 1961 ὁστᾶ
906 1909 1000 1962 καὶ⁵
1029 1908 1208 1980 σάρκα
1234 1909 1348 1980 ἔχει
1378 1911 1418 1974 ί,
1445 1911 1521 1973 ὡς
1548 1909 1709 1974 αὐτὸς
1739 1908 1986 1982 ἐμαρτύ-

415 2015 549 2071 ρησε
607 1999 779 2068 λέγων
798 2016 811 2032 ο
862 2000 954 2066 Ὠς
983 2000 1088 2072 ἐμὲ
1113 2000 1286 2070 ὁρᾶτε
1314 2000 1553 2072 ἔχοντα.

482 2258 631 2330 Αὕτη
683 2260 828 2314 ἐστὶν
875 2263 907 2333 η
958 2262 1079 2314 κατ’
1116 2260 1280 2314 αὐτοῦ
1312 2262 1419 2315 ἀπὺ
1448 2262 1554 2316 τῶν
1579 2261 1845 2331 λειψάνων
1882 2261 1988 2314 τῶν

412 2350 544 2419 παρ’
574 2347 722 2418 αὐτῷ
767 2347 1086 2421 σωζομένων
1125 2350 1188 2402 ἐκ
1230 2349 1324 2403 τοῦ
1360 2348 1691 2418 Εὐαγγελίου
1734 2349 1988 2413 ὑπόθεσις

410 2439 513 2507 τῆς
544 2437 699 2510 ήμῶν
724 2439 1099 2510 πεποιημένης
1121 2439 1187 2491 δι’
1204 2439 1366 2492 αὑτὸν
1397 2440 1796 2510 πραγματείας,
1820 2439 1896 2502 ὣς
1924 2455 1988 2507 γε

411 2528 614 2600 νομίζω
644 2528 841 2594 ἱκανῶς
874 2529 1016 2600 ἔχειν
1048 2530 1183 2602 πρὸς
1224 2529 1493 2584 ἀντίθεσιν
1533 2531 1630 2601 τῆς
1657 2530 1819 2583 αὐτοῦ
1850 2530 1992 2584 ἀπά-

410 2639 530 2692 της.
573 2623 895 2695 Ἐλεύσομαι
933 2623 1106 2677 δὲκαὶ
1134 2626 1212 2688 εἰς
1246 2627 1311 2678 τὰ
1335 2624 1459 2695 έξῆς
1482 2623 1587 2677 τῶν
1620 2623 1990 2677 ἀποστολικῶν

412 2715 594 2786 ῥητῶν
642 2717 771 2787 παρ’
818 2716 968 2787 αὐτῷ
1006 2716 1087 2770 ἔτι
1132 2716 1558 2788 σωμαζομένων,
1595 2717 1689 2770 καὶ
1720 2716 1783 2769 δι’
1833 2715 1990 2787 ἡμῶν

415 2808 576 2861 πάλιν
629 2807 803 2871 οὕτως
840 2808 1304 2878 άναλελεγμένων.
1363 2809 1450 2862 Ἐν
1488 2807 1723 2879 πρώτοις
1760 2808 1817 2861 δὲ
1859 2810 1989 2878 ἡμῖν

413 2901 508 2952 καὶ
555 2898 679 2955 καθ’
722 2899 914 2970 εἱρμὸν
962 2900 1025 2971 δὴ
1069 2900 1192 2952 ὅλου
1224 2898 1397 2962 οὕτως
1437 2897 1849 2969 προταχθέντων
1882 2897 1991 2951 ἀπὸ

412 2990 513 3061 τῆς
542 2990 678 3062 πρὸς
723 2991 968 3055 Γαλάτας
1015 2990 1321 3061 ἐπιστολῆς.
1358 2989 1506 3062 Αὕτη
1534 2991 1644 3061 γὰρ
1686 2991 1817 3061 παρ’
1841 2989 1991 3061 αὐτῷ

415 3082 604 3155 πρώτη
632 3086 829 3138 κεῖται.
871 3083 1063 3155 Ἡμεῖς
1083 3083 1141 3137 δὲ
1163 3081 1259 3153 τὴν
1293 3082 1558 3153 ἀναλογὴν
1578 3084 1697 3136 τότε
1732 3084 1993 3154 ἐποιησά-

417 3172 578 3242 μεθα,
604 3174 701 3244 οὐχ
737 3173 813 3237 ὡς
859 3173 988 3243 παρ’
1016 3172 1185 3243 αὐτῷ,
1218 3172 1331 3226 ἀλλ’
1371 3173 1446 3236 ὼς
1475 3172 1588 3243 ἔχει
1621 3174 1681 3226 τὸ
1708 3174 1989 3227 ἀποστολι-

412 3262 509 3317 κὺν
550 3264 734 3335 ῥητὸν,
768 3264 867 3334 τὴν
915 3263 1051 3335 πρὸς
1084 3264 1389 3334 Ῥωμαίους
1430 3264 1690 3333 τάξαντες
1733 3264 1991 3337 πρώτην·

412 3345 516 3406 ὦδε
546 3352 602 3406 δὲ
643 3352 784 3407 κατὰ
806 3353 896 3407 τὸν
934 3353 1098 3408 αὐτοῦ
1134 3355 1455 3427 χαρακτῆρα
1479 3396 1494 3421 ,
1544 3355 1715 3421 οὓτως
1761 3375 1993 3429 παρατι·

414 3443 637 3516 Θέμεθα.

531 3736 664 3791 Ἀπὸ
696 3734 808 3805 τῆς
838 3736 987 3805 πρὸς
1009 3736 1151 3803 τοὺς
1183 3737 1462 3804 Γαλάτας
1498 3739 1880 3809 Ἐπιστολῆς.

486 3847 638 3919 Σχόλ.
669 3855 736 3901 α’.
773 3847 1022 3913 Μάθετε,
1054 3848 1142 3902 ὅτι
1170 3852 1203 3902 ό
1242 3848 1470 3916 δίκαιος
1501 3851 1569 3903 ἐκ
1613 3852 1870 3917 πίστεως
1897 3850 1990 3917 ω-

414 3953 603 3993 σεται.
638 3938 809 3991 Ὅσοι
843 3935 954 4005 γὰρ
992 3938 1110 3991 ὑπὸ
1135 3939 1342 4007 νόμον,
1373 3938 1493 3992 ὑπὸ
1518 3938 1784 4009 κατάραν
1807 3942 1985 3994 εἰσίν.

427 4028 479 4080 '0
500 4025 566 4079 δὲ
581 4025 842 4094 ποιήσας
864 4026 1018 4080 αὐτὰ
1039 4025 1277 4095 ζήσεται
1304 4026 1374 4080 ἐν
1403 4027 1625 4093 αὐτοῖς.

487 4118 707 4189 Ἐλεγχ.
732 4125 802 4173 α’.
834 4118 927 4179 Τὸ.
952 4118 1200 4184 Μάθετε,
1226 4118 1315 4172 ὅτι
1338 4122 1371 4173 ό
1394 4118 1621 4185 δίκαιος
1640 4119 1708 4172 ἐκ
1730 4120 1990 4186 πίστεως

415 4212 673 4281 ζήσεται,
702 4210 924 4265 κατὰτὰ
956 4211 1061 4263 ὑπὸ
1083 4209 1178 4263 τοῦ
1211 4210 1533 4264 Ἀποστόλου
1557 4211 1823 4282 εἰρημένα
1849 4211 1990 4283 Γρα-

416 4305 521 4375 φῆς
570 4305 686 4357 ἐστι
743 4303 985 4368 Παλαιᾶς
1034 4302 1277 4357 δεκτικά.
1314 4303 1502 4357 Ἀτινά
1547 4306 1663 4356 ἐστι
1712 4303 1862 4374 παρὰ
1894 4301 1989 4356 τοῦ

428 4394 749 4448 Ἀποστόλου
798 4395 879 4457 είς
911 4394 1184 4464 ἡμετέραν
1224 4393 1368 4463 ζωὴν
1406 4394 1514 4448 ἀπὸ
1559 4394 1653 4448 τοῦ
1692 4394 1857 4465 νόμου
1896 4394 1991 4446 καὶ

320 4536 325 4539 Α
416 4486 523 4541 τῶν
556 4485 851 4558 προφητῶν
876 4459 1142 4558 εἰρημένα
1171 4487 1298 4557 περὶ
1326 4459 1536 4556 Καινῆς
1573 4459 1868 4557 Διαθηκης,
1895 4485 1990 4537 καὶ
2022 4459 2067 4517 θ

419 4581 630 4649 σύζυγα
658 4579 786 4634 ὄντα
815 4581 916 4649 τῆς
947 4581 979 4649 ή
990 4579 1105 4648 μῶν
1144 4577 1379 4641 ἐλπίδος.
1413 4578 1524 4631 Καὶ
1547 4577 1629 4639 τὸ,
1658 4575 1779 4631 ὑπὸ
1811 4574 1990 4632 κατά-

410 4689 531 4741 ραν
579 4671 719 4735 εἰσὶ,
763 4671 947 4742 φησὶν,
988 4673 1070 4724 ὃτι
1106 4672 1166 4724 ὲν
1207 4668 1286 4740 τῷ
1311 4670 1460 4740 νόμῳ
1487 4668 1683 4739 ἀπειλὴ
1722 4667 1993 4738 ἐτύγχανε

399 4764 561 4830 ,κατὰ
583 4763 682 4833 τῆς
707 4762 801 4817 τοῦ
841 4763 1009 4834 Ἀδὰμ
1026 4764 1327 4834 παρακοῆς,
1360 4762 1466 4825 ἕως
1492 4763 1579 4816 ὅτε
1605 4758 1767 4833 ἦλθεν
1789 4763 1818 4814 ὁ
1850 4760 1993 4814 ἄνω-

417 4853 509 4907 θεν
548 4852 737 4916 ἐλθὼν,
788 4851 884 4905 καὶ
927 4851 1117 4905 ἑαυτὸν
1174 4851 1282 4905 ἀπὸ
1314 4848 1410 4904 τοῦ
1461 4850 1631 4920 Ἀδὰμ
1674 4850 1993 4919 φυράματος

417 4943 577 5014 σῶμα
627 4943 931 5013 άμφιάσας,
981 4941 1243 5013 μετέϐαλε
1287 4941 1386 5011 τὴν
1420 4941 1665 5011 κατάραν
1724 4940 1805 5002 εἰς
1842 4938 1994 4993 εὐλο-

415 5035 559 5103 γίαν.

486 5124 641 5195 Σχόλ.
673 5123 737 5193 β’.
785 5121 1240 5190 Ἐπικατάρατος
1271 5121 1392 5189 πᾶς
1424 5126 1471 5195 ό.
1496 5120 1858 5189 κρεμάμενος
1889 5119 1988 5173 ἐπὶ

416 5218 628 5283 ξύλου.
667 5218 720 5269 Ὁ
766 5215 835 5269 δὲ
862 5216 931 5269 ἐκ
977 5214 1090 5282 τῆς
1119 5215 1479 5284 ἐπαγγελίας
1524 5213 1621 5267 διὰ
1662 5211 1773 5279 τῆς
1819 5212 1989 5264 ἐλευ-

416 5309 611 5378 θέρας.

491 5400 712 5471 Ἔλεγχ.
745 5396 808 5467 β’.
845 5397 1071 5460 Δεικνὺς
1099 5395 1260 5450 πάλιν
1290 5397 1319 5449 ὁ
1350 5395 1501 5464 ἆγιος
1540 5395 1859 5458 ’Λπόστολος
1887 5395 1987 5465 τὴν

416 5491 727 5562 οἰκονομίαν
754 5489 854 5559 τῆς
882 5488 1146 5559 ἐνσάρκου
1173 5487 1474 5559 παρουσίας
1505 5487 1597 5540 καὶ
1628 5486 1721 5540 τοῦ
1758 5485 1990 5556 σταυροῦ

417 5585 512 5640 ἐπὶ
539 5585 603 5656 τῇ
627 5583 779 5637 λύσει
807 5580 907 5652 τῆς
930 5579 1173 5648 κατάρας
1194 5578 1506 5649 γινομένην,
1536 5577 1708 5650 ταύτῃ
1735 5577 1791 5629 δὲ
1830 5594 1992 5648 προσ-

2094 1912 2283 1983 fugere
2308 1927 2322 1965 :
2351 1920 2539 1983 utpote
2562 1913 2763 1981 quibus
2784 1912 2965 1967 omnis
2993 1912 3245 1982 adempta
3271 1912 3344 1967 sit
3367 1911 3676 1967 excusatio.

2091 2004 2227 2059 Nam
2260 2005 2315 2059 id
2363 2013 2552 2075 aperte
2596 2004 2849 2061 Salvator
2879 2005 3133 2071 edocuit;
3166 2012 3289 2074 post
3326 2003 3687 2059 resurrectio-

2094 2112 2216 2152 nem
2246 2086 2467 2151 ossibus
2496 2111 2556 2151 se
2586 2110 2650 2151 ac
2677 2111 2844 2152 carne
2875 2105 3154 2160 constare,
3186 2094 3333 2166 quod
3367 2095 3482 2149 haec
3514 2094 3687 2164 ipsius

2093 2188 2258 2244 verba
2280 2187 2665 2244 demonstrant
2697 2208 2710 2244 :
2743 2187 2892 2244 Sicut
2924 2205 3005 2243 me
3036 2188 3221 2242 videtis
3260 2186 3471 2242 habere.

2166 2280 2344 2347 Atque
2372 2278 2475 2333 hoe
2501 2278 2646 2334 illius
2669 2278 2851 2348 operis
2888 2285 3267 2348 argumentum
3282 2286 3387 2344 est,
3418 2276 3564 2347 quod
3598 2277 3685 2331 ad.

2092 2383 2288 2425 versus
2320 2368 2649 2424 Marcionem
2685 2369 3117 2432 elaboraveram,
3169 2368 3425 2438 quodque
3472 2384 3541 2423 ex
3578 2368 3685 2424 illis

2090 2458 2367 2530 Evangelii
2397 2458 2561 2529 350
2603 2458 2870 2529 reliquiis,
2914 2473 3052 2529 quas
3093 2458 3272 2513 adhuc
3315 2459 3534 2522 retinet,
3566 2473 3689 2512 car-

2092 2550 2225 2619 ptim
2256 2565 2316 2606 se
2346 2550 2605 2619 legeram.
2633 2550 2791 2616 Quod
2823 2550 3041 2621 quidem
3058 2549 3123 2604 ad
3159 2549 3509 2605 reiutandum
3536 2550 3685 2604 illius

2092 2657 2333 2697 errorem
2350 2642 2596 2696 suilicere
2610 2641 3049 2697 arbitror.Venio
3064 2657 3209 2697 nunc
3219 2641 3288 2697 ad
3303 2642 3543 2711 reliquas
3559 2658 3688 2712 apo-

2093 2733 2217 2789 stoli
2246 2733 2570 2796 sententias,
2598 2748 2735 2803 quas
2765 2733 2989 2803 perinde
3008 2731 3397 2788 adseiscendas
3427 2732 3637 2803 putarit
3667 2750 3681 2785 :

2091 2838 2193 2892 ego
2225 2838 2354 2878 vero
2389 2832 2570 2877 vestra
2598 2838 2763 2878 causa
2799 2824 3143 2893 potissimum
3172 2824 3441 2892 excerpsi,
3470 2823 3525 2878 in
3550 2823 3686 2878 iisce

2092 2913 2463 2984 proponeudis
2488 2915 2739 2968 eumdem
2774 2929 2884 2984 quo
2921 2914 3010 2969 ille
3038 2928 3170 2969 Usus
3198 2921 3303 2979 est,
3332 2914 3577 2968 ordinem
3602 2931 3686 2969 se-

2093 3005 2338 3075 riemque
2374 3006 2543 3070 tenui,
2582 3012 2641 3059 ut
2674 3005 2741 3059 ab
2766 3019 2829 3059 ea
2868 3020 2989 3074 qua:
3020 3005 3086 3060 ad
3118 3004 3338 3060 Galatas
3371 3006 3575 3076 scripta
3599 3015 3685 3062 est

2093 3095 2307 3150 initium
2343 3094 2600 3151 facerem.
2635 3094 2789 3150 Hanc
2815 3096 2959 3149 enim
2993 3096 3168 3166 primo
3199 3096 3289 3152 ille
3334 3096 3454 3151 loco
3485 3113 3684 3167 pr0po-

2096 3187 2227 3243 suit.
2261 3184 2366 3240 Sed
2412 3203 2515 3243 nos
2562 3187 2690 3240 olim
2737 3194 2989 3256 excerpta
3034 3194 3220 3242 nostra
3255 3188 3335 3242 sic
3366 3187 3684 3243 instituera-

2092 3292 2237 3344 mus,
2273 3293 2381 3333 non
2431 3287 2490 3333 ut
2538 3278 2685 3333 illius
2727 3279 2971 3333 ordinem
3022 3294 3395 3350 sequeremur,
3427 3279 3522 3335 sed
3555 3296 3679 3335 eum

2094 3384 2254 3438 quem
2286 3370 2582 3437 apostolica
2612 3370 2817 3439 scripta
2841 3379 3255 3439 repraesentant,
3290 3372 3547 3427 nimirum
3573 3373 3684 3442 pri-

2094 3476 2241 3515 mum
2273 3467 2332 3514 ut
2364 3460 2543 3515 locum
2577 3475 2641 3515 ea
2670 3476 2793 3531 quae
2825 3463 2889 3514 ad
2920 3460 3199 3521 Romanos
3227 3461 3433 3532 scripta
3463 3469 3549 3518 est
3581 3462 3682 3517 ob-

2094 3550 2308 3604 tineret.
2340 3549 2497 3606 Nunc
2530 3558 2712 3606 autem
2743 3552 2929 3606 omnia
2961 3552 3025 3606 ad
3063 3552 3212 3608 illius
3243 3568 3344 3608 nos
3369 3544 3599 3607 formam
3627 3560 3684 3608 et

2054 3679 2058 3683 -
2091 3642 2401 3713 exemplum
2432 3643 2844 3697 accommodata
2872 3658 3259 3712 pr0ponemus.

2514 3754 2600 3809 Ea:
2634 3755 2879 3825 Epistola
2905 3755 2974 3809 ad
3009 3754 3255 3813 Galatas.

2163 3865 2348 3920 Schol.
2387 3866 2433 3919 Ι.
2478 3865 2681 3920 Discite
2710 3868 2835 3937 quia
2871 3868 3058 3936 justus
3096 3884 3162 3922 ea:
3189 3868 3294 3937 [ide
3336 3870 3479 3924 vivet.
3512 3870 3682 3936 Quot-

2089 3965 2210 4026 quot
2247 3956 2386 4008 enim
2416 3955 2511 4008 sub
2543 3955 2652 4025 lege
2678 3965 2822 4017 sunt.
2849 3956 2944 4008 sub
2972 3957 3254 4012 maledicto
3282 3968 3425 4013 sunt.
3455 3959 3561 4025 Qui
3579 3975 3679 4012 au-

2092 4058 2192 4101 tem
2220 4048 2398 4114 [eeerit
2425 4047 2552 4109 ista.
2586 4047 2719 4100 vivet
2753 4048 2807 4101 in
2836 4050 2911 4100 eis
2929 4047 2972 4099 ³.

2162 4137 2347 4193 Refut.
2384 4139 2435 4192 Ι.
2479 4137 2606 4192 Ηιιιο
2636 4139 2752 4206 ipsa
2783 4139 2947 4194 verba
2974 4156 2986 4192 :
3027 4139 3228 4193 Discite
3261 4139 3387 4209 quia
3405 4138 3587 4207 justus
3615 4154 3681 4192 ea:

2092 4228 2196 4298 ﬁde
2222 4230 2367 4290 vivet,
2402 4229 2471 4283 ab
2495 4230 2755 4297 Apostolo
2784 4237 3043 4299 usurpata
3073 4228 3485 4284 Testamentum
3515 4227 3681 4285 Vetus

2092 4321 2469 4389 comprobant.
2501 4319 2630 4375 Haec
2657 4322 2802 4374 enim
2836 4321 2905 4376 ab
2940 4322 3030 4375 illo
3062 4329 3191 4376 sunt
3218 4337 3283 4375 ex
3314 4321 3431 4391 lege
3460 4335 3524 4376 ac
3553 4336 3679 4391 pro-

2097 4412 2275 4483 phetis
2311 4411 2377 4466 ad
2411 4413 2575 4465 vitam
2608 4412 2768 4469 nobis
2799 4414 3199 4468 conciliandam
3229 4412 3297 4468 de
3320 4414 3472 4467 Novo
3493 4410 3681 4468 Testa-

2094 4514 2277 4558 mento
2303 4505 2679 4574 pronuntiata,
2712 4515 2765 4560 et
2794 4506 3013 4576 quidem
3050 4520 3172 4559 cum
3204 4519 3300 4574 spe
3333 4516 3521 4560 nostra
3555 4519 3683 4561 con-

2091 4604 2373 4651 sentanea.
2404 4597 2555 4662 Quod
2594 4606 2775 4651 autem
2824 4597 2921 4650 sub
2964 4598 3245 4651 maledicto
3284 4613 3397 4650 esse
3428 4596 3580 4662 dicit,
3613 4612 3680 4651 eo

2091 4687 2437 4742 referendum
2469 4695 2572 4751 est,
2600 4686 2745 4755 quod
2777 4688 3042 4742 adversus
3072 4687 3265 4740 Adami
3295 4687 3554 4741 delictum
3580 4685 3677 4741 Dei

2090 4775 2552 4830 eomminationes
2586 4775 2639 4827 in
2678 4775 2795 4844 lege
2825 4775 3271 4837 continebantur,
3303 4774 3479 4828 donec
3509 4790 3541 4829 e
3568 4788 3679 4829 οω-

2092 4868 2144 4921 Ιο
2174 4868 2376 4921 missus
2425 4864 2711 4918 adveniret
2737 4864 3014 4927 Christus,
3046 4865 3140 4935 qui
3168 4880 3231 4920 ex
3266 4863 3463 4918 Adami
3492 4880 3676 4922 massa

2099 4955 2394 5011 formatum
2427 4957 2527 5010 sibi
2558 4970 2761 5025 corpus
2792 4956 3025 5011 induens
3054 4956 3402 5010 maledictum
3429 4955 3486 5009 in
3517 4954 3679 5011 bene-

2098 5048 2390 5103 dictionem
2424 5047 2715 5104 convertit.

2172 5136 2354 5192 Schol.
2389 5137 2446 5191 2.
2490 5135 2810 5190 Haledictus
2852 5136 3022 5189 omnis
3066 5136 3157 5204 qui
3189 5135 3372 5205 pende!
3411 5136 3467 5189 in
3509 5135 3673 5204 ligno.

2099 5225 2203 5291 Qui
2238 5236 2412 5279 autem
2446 5241 2511 5280 ea;
2534 5226 2937 5294 repromissione
2956 5234 3053 5288 est,
3079 5240 3143 5278 ea:
3165 5225 3332 5279 libera
3349 5226 3387 5281 ⁸.

2166 5396 2349 5451 Rcl‘ut.
2386 5396 2438 5450 2.
2481 5396 2616 5463 Cum
2649 5395 2754 5451 hoc
2784 5395 2905 5451 loco
2928 5410 3124 5452 rursus
3151 5396 3445 5466 Apostolus
3474 5392 3674 5466 signiti-

2097 5497 2201 5553 Cet,
2237 5495 2507 5555 suscepta:
2536 5485 2721 5540 carnis
2766 5483 3294 5539 administrationem
3342 5497 3579 5550 omnem,
3609 5493 3675 5536 ac

2098 5592 2317 5632 erucem
2371 5579 2438 5633 ad
2489 5578 2786 5632 tollendum
2826 5577 3173 5667 maledictum
3209 5576 3566 5645 pertinuisse;
3596 5574 3675 5629 id-

494 5745 511 5775 ¹
536 5740 663 5801 For.
697 5742 860 5813 ἔχειν,
888 5741 974 5797 vel
1002 5742 1084 5795 ὅτι
1118 5739 1250 5810 ἔχει.
1330 5739 1350 5770 ²
1381 5735 1514 5791 Luc.
1542 5749 1693 5801 χειν,
1721 5734 1807 5788 59.
1887 5734 1907 5766 ε
1938 5734 1991 5790 (ἔς

2105 5776 2116 5790 .
2147 5734 2326 5803 "1,10
2356 5726 2479 5805 sqq.
2559 5732 2581 5766 ⁸
2606 5732 2740 5789 ibid.
2767 5732 2867 5800 M;
2901 5732 3058 5790 Deut.
3097 5749 3212 5799 xxi,
3245 5733 3334 5790 ‘23.
