3950 6138
341 309 443 366 175

1713 305 1770 360 S.
1815 303 2156 360 ΕΡΙΝΙΑΝΙῘ

3501 318 3613 375 ’ῖῑϐ

341 437 443 494 que
477 421 656 492 ipsum
685 429 735 475 et
767 420 820 474 in
859 419 972 490 lege
1019 427 1176 472 an'ea
1208 417 1471 488 scriptum
1497 433 1559 472 ac
1595 419 1910 486 praedictum

2029 418 2325 490 γέγραπται
2355 421 2375 452 ³
2406 422 2462 474 ἐν
2494 423 2570 493 τῷ
2602 425 2752 495 νόμῳ
2774 427 2870 482 ,καὶ
2903 431 3387 500 προπεφητεῦσθαι
3415 437 3605 505 ἐτοιλέι

341 512 542 574 fuisse;
577 527 640 566 ac
666 511 883 565 demum
913 513 966 564 in
994 509 1274 566 S.:|vatore
1305 509 1630 580 perfectum,
1652 510 1799 564 haud
1825 511 1919 564 ob-

333 619 495 660 scure
523 602 785 670 declarat,
822 616 926 656 non
975 601 1211 656 alienam
1267 618 1298 656 a
1347 600 1632 656 Salvatore
1670 617 1798 656 esse
1848 602 1916 654 le-

339 708 472 762 gem,
507 702 692 765 utpote
735 708 856 762 quae
903 691 972 747 ab
1024 695 1116 747 illo
1149 693 1379 761 gerenda
1413 693 1593 747 omnia
1625 693 1917 747 vaticinata

337 779 518 842 fuerit,
550 796 613 835 ac
642 782 956 836 testimonio
991 783 1385 837 con-roborarit.

404 870 590 927 Schol.
628 873 680 926 5.
727 873 1004 942 Testiﬁcor
1055 889 1287 935 rursum,
1313 876 1561 943 quoniam
1609 873 1763 927 homo
1811 875 1918 926 circ

331 965 592 1018 cumcisus
619 964 823 1016 debitor
853 975 932 1018 est
957 966 1208 1018 universis
1243 964 1368 1035 legis
1396 965 1724 1034 implendw'.

403 1143 559 1214 351
601 1140 784 1196 Refut.
821 1141 871 1196 ’5.
911 1139 1063 1207 Quod
1101 1143 1214 1201 ait,
1250 1141 1456 1195 debitor
1499 1150 1598 1206 est,
1643 1156 1753 1194 non
1797 1148 1920 1196 tan-

225 1219 230 1222 ’
335 1249 498 1306 quam
541 1233 608 1288 de
659 1248 719 1286 re
760 1233 1013 1302 quapiam
1063 1232 1336 1302 prohibita
1371 1233 1528 1295 dixit,
1563 1232 1658 1287 sed
1695 1232 1762 1288 de
1796 1248 1920 1303 gra-

335 1327 485 1381 viore
529 1326 760 1395 quodam
819 1339 1004 1388 onere,
1047 1324 1188 1394 quod
1247 1325 1520 1379 sublevari
1563 1332 1761 1394 potest.
1814 1324 1917 1380 Sed

330 1415 427 1471 ita.
466 1432 607 1470 unus
649 1427 706 1470 ut
741 1417 812 1470 sit
847 1415 1129 1482 Dominus,
1161 1416 1253 1486 qui
1284 1427 1336 1471 et
1369 1431 1600 1471 onerare
1640 1417 1834 1486 possit,
1870 1427 1924 1471 et

331 1505 398 1561 de
429 1521 592 1561 onere
629 1507 934 1571 detrahere,
971 1523 1070 1576 p-'o
1117 1521 1306 1562 comm
1344 1507 1640 1571 voluntate,
1681 1508 1774 1575 qui
1822 1508 1921 1564 ob-

334 1596 492 1650 latam
523 1611 620 1666 per
649 1597 769 1665 ejus
810 1597 1040 1666 gratiam
1076 1597 1248 1666 ipsius
1283 1597 1516 1651 adventu
1552 1595 1784 1650 salutem
1814 1596 1921 1650 mi-

333 1688 477 1742 nime
502 1689 934 1757 repudiaverim.

396 1779 590 1836 Schol.
624 1781 680 1834 4.
715 1779 824 1835 Pro
862 1795 928 1835 eo
954 1779 1100 1849 quod
1134 1785 1218 1833 est
1247 1794 1262 1831 :
1301 1777 1571 1831 Modicum
1605 1778 1918 1848 fermentum

337 1881 498 1925 totam
523 1887 757 1926 massam
789 1872 1080 1939 corrumpit
1109 1869 1151 1932 ³,
1182 1869 1465 1938 rescripsit
1492 1867 1778 1922 adulterat.

405 1962 587 2017 Refut.
617 1963 669 2018 4.
698 1961 776 2018 Ne
813 1961 958 2032 quod
988 1961 1060 2016 sit
1095 1959 1238 2030 apud
1290 1961 1440 2014 illum
1478 1959 1724 2014 veritatis
1753 1960 1921 2015 vesti-

335 2057 502 2125 gium,
543 2070 812 2124 nusquam
853 2053 968 2109 fere
1015 2053 1327 2122 Scripturas
1363 2051 1560 2122 attigit,
1594 2052 1723 2121 quin
1763 2052 1920 2105 mali-

335 2148 471 2200 tiose
524 2145 728 2215 aliquid
776 2146 1125 2209 immutaret;
1177 2143 1274 2198 sed
1305 2159 1370 2197 ex
1400 2159 1466 2197 eo
1497 2143 1640 2212 quod
1673 2144 1920 2212 sequitur

331 2236 598 2292 orationis
629 2235 800 2291 series
827 2236 946 2306 ipsa
975 2234 1266 2289 manifesta
1313 2233 1577 2288 redditur.
1626 2231 1762 2287 Nam
1813 2233 1920 2287 fer-

333 2334 613 2394 mentum,
667 2324 813 2380 velut
872 2324 1046 2378 forma
1099 2324 1377 2395 quaedam,
1433 2339 1628 2380 massae
1676 2325 1918 2380 subacta:

331 2433 466 2490 opus
497 2423 602 2482 est,
633 2423 688 2472 et
718 2415 1060 2472 fermentatio
1087 2417 1206 2486 ipsa
1245 2431 1274 2470 e
1331 2415 1559 2470 subacta
1591 2430 1770 2473 massa
1819 2417 1916 2483 tit;

333 2523 504 2578 neque
537 2507 912 2578 primigeniam
955 2505 1184 2561 formam
1221 2505 1512 2571 destruxit,
1555 2507 1649 2576 qui
1687 2507 1920 2576 pruden-

330 2613 412 2657 ter
452 2597 864 2656 similitudinem
933 2598 1079 2652 illam
1130 2599 1702 2670 comparationemque
1739 2605 1920 2654 trans-

331 2694 472 2748 tulit.

400 2783 584 2838 Schol.
637 2781 691 2836 5.
742 2779 926 2836 Omuis
953 2781 1090 2834 enim
1127 2780 1214 2834 tea:
1253 2780 1308 2835 in
1347 2797 1407 2836 eo
1438 2781 1583 2836 vobis
1628 2781 1872 2852 impletur
1896 2801 1916 2840 :

339 2876 528 2946 Diliges
553 2874 853 2945 proximam
889 2883 1036 2926 tuum
1069 2874 1206 2928 sicut
1242 2875 1528 2942 teipsum'.

398 2967 579 3022 ltetut.
615 2967 668 3022 5.
712 2966 850 3034 Quid
891 2967 1154 3021 attinebat
1192 2967 1512 3036 Apostolum
1549 2969 1719 3038 legem
1763 2969 1910 3023 adhi-

2021 529 2138 580 νην,
2157 507 2273 565 εἷτα
2297 513 2636 572 τελεσθεῖσαν
2666 519 2758 570 ἐπὶ
2780 519 2856 588 τῷ
2879 521 3104 592 Σωτῆρι.
3131 524 3375 591 ἐπέδειξε
3396 529 3605 596 σαφῶς,

2021 603 2101 654 ὅτι
2134 605 2232 656 οὐκ
2292 604 2568 677 ἀλλότριος
2621 611 2648 662 ὁ
2689 610 2852 677 νόμος
2897 611 2993 665 τοῦ
3031 615 3298 686 Σωτῆρος.
3341 619 3610 689 Προεφὴ-

2019 709 2178 744 τευσε
2217 693 2325 766 γὰρ
2379 698 2473 750 καὶ
2508 699 2856 772 ἐμαρτύρησε
2881 705 2991 765 τοῖς
3034 703 3128 756 ὑπ’
3157 706 3322 760 αὑτοῦ
3349 708 3612 778 μέλλουσι

2019 785 2288 852 γίνεσθαι.

2091 877 2247 946 Σχόλ.
2279 886 2349 948 γ’.
2399 884 2780 955 Μαρτύρομαι
2827 886 2896 942 δὲ
2927 890 3132 954 πάλιν,
3177 891 3265 946 ὅτι
3291 893 3608 964 ἅνθριιιπος

2021 971 2518 1040 περιτεμνόμενος
2551 975 2862 1046 ὀφειλέτης
2892 979 3066 1036 ἐστὶν
3091 981 3241 1036 ὅλον
3281 984 3390 1038 τὸν
3417 987 3604 1058 νόμον

2021 1059 2356 1126 πληρῶσαι.

2097 1151 2316 1222 Ἕλεγχ.
2349 1162 2418 1223 γ’.
2452 1156 2546 1218 Τὸ,
2575 1159 2890 1229 ὀφειλέτης
2923 1164 3115 1230 ἐστὶν,
3147 1168 3329 1222 οὐκέτι
3355 1171 3433 1234 ὡς
3477 1173 3608 1243 περὶ

2023 1243 2394 1314 ἀπειρημένου
2443 1247 2613 1316 λέγει,
2655 1250 2793 1304 ἀλλὰ
2837 1254 2964 1324 περὶ
3023 1254 3325 1329 βαρυτέρου
3378 1263 3604 1332 φορτίου

2021 1333 2320 1405 δυναμένου
2377 1337 2796 1410 ὲλαφρυνθῆναι.
2837 1343 2987 1408 Ἔνος
3031 1346 3086 1398 δὲ
3120 1348 3272 1412 ὄντος
3303 1353 3602 1420 Δεσπότου,

2021 1422 2320 1494 δυναμένου
2378 1429 2472 1480 καὶ
2534 1430 2788 1502 βαρύνειν
2840 1434 2934 1486 καὶ
2981 1436 3306 1506 ὲλαφρύνειν
3361 1441 3452 1494 διὰ
3503 1445 3607 1512 τῆς

2023 1516 2396 1588 προαιρέσεως
2423 1521 2531 1574 τῶν
2572 1524 2646 1594 μὴ
2681 1529 3176 1598 παραιτησαμένων
3208 1534 3605 1600 καταδέξασθαι

2021 1607 2120 1679 τὴν
2171 1609 2258 1662 διὰ
2307 1610 2406 1680 τῆς
2443 1613 2665 1684 χάριτος
2719 1616 2884 1670 αὑτοῦ
2925 1621 2983 1671 ὲν
3028 1623 3093 1692 τῇ
3137 1623 3386 1694 ὲνσάρκῳ
3435 1627 3604 1681 αὐτοῦ

2024 1696 2296 1768 παρουσίᾳ
2328 1703 2622 1772 σωτηρίαν.

2090 1787 2254 1882 Σχιξλ.
2276 1787 2320 1841 δ’
2328 1828 2362 1882 ,μ
2387 1791 2532 1882 Ἀντὶ
2560 1793 2674 1860 τοῦ,
2709 1797 2902 1866 Μικρὰ
2930 1797 3074 1870 ζύμη
3093 1801 3242 1856 ὅλον
3264 1805 3332 1860 τὸ
3360 1809 3606 1882 φύραμα

2020 1873 2204 1944 ζυμοῖ,
2243 1879 2465 1951 ἐποίησε
2496 1881 2538 1946 ⁸,
2570 1882 2760 1938 δολοῖ.

2093 1968 2313 2064 ΪΈλεγχ.
2340 1971 2404 2026 δ’.
2439 1971 2555 2026 Ἵνα
2585 1976 2750 2046 μηδὲν
2777 1978 2972 2050 ἀληθὲς
2999 1986 3128 2056 παρ’
3145 1986 3292 2058 αὐτῷ
3321 1991 3604 2064 εὑρεθείη,

2018 2060 2254 2156 οὐδαμοῦ
2285 2065 2469 2156 σχεδὸν
2494 2067 2623 2122 ἄνευ
2650 2071 3000 2142 ῥᾳδιουργίας
3021 2083 3139 2142 ταῖς
3168 2080 3409 2151 Γραφαῖς
3433 2060 3606 2156 προσ-

2019 2152 2321 2220 ενήνεκται.
2377 2155 2536 2210 Ἀλλὰ
2565 2159 2662 2210 ἀπ’
2692 2161 2862 2230 αὐτῆς
2883 2165 2982 2234 τῆς
3011 2167 3332 2231 ἀκολουθίας
3365 2175 3397 2243 ἡ
3431 2152 3606 2243 φανέ-

2023 2258 2188 2312 ρωσις
2215 2244 2308 2340 τοῦ
2341 2245 2500 2314 λόγου
2531 2249 2760 2317 γίνεται.
2801 2253 2864 2306 Ἡ
2886 2257 3154 2330 γὰρςύμη
3185 2259 3244 2315 τὸ
3268 2259 3406 2328 εἶδος
3435 2284 3502 2334 (pi;
3514 2271 3605 2340 ρά.

2022 2351 2192 2404 ματος
2223 2335 2411 2406 ἔργον·
2451 2341 2545 2394 καὶ
2565 2342 2672 2396 ἀπὸ
2699 2345 2794 2398 τοῦ
2821 2349 3142 2420 φυράματος
3174 2355 3234 2406 τὸ
3263 2335 3602 2428 ζυμοῦσθαιο

2018 2428 2114 2479 καὶ
2169 2429 2270 2480 οὐκ
2316 2433 2374 2484 ὲν
2399 2433 2514 2496 τοῖς
2552 2436 2929 2506 πρωτοτύποις
2963 2441 3024 2494 τὸ
3087 2439 3226 2508 εἶδος
3268 2449 3532 2516 ἠφάνιζεν
3575 2456 3604 2507 ὁ

2021 2519 2260 2584 συνετῶς
2314 2522 2412 2592 τὴν
2470 2527 2787 2599 παραϐολὴν
2845 2531 2937 2583 τοῦ
2991 2535 3309 2607 αίνίγματος
3367 2546 3603 2614 ποιησά-

2021 2624 2201 2679 μενος.

2086 2791 2246 2862 Σχόλ.
2273 2798 2334 2845 ε’.
2371 2793 2424 2845 Ὁ
2475 2794 2584 2864 γὰρ
2632 2796 2752 2864 πᾶς
2786 2799 2970 2868 νόμος
3000 2801 3143 2872 ὑμῖν
3182 2809 3600 2878 πεπλήρωται’

2017 2883 2038 2914 ⁷
2076 2883 2439 2954 Ἀγαπήσεις
2462 2885 2569 2938 τὸν
2603 2891 2871 2956 πλησίον
2895 2907 3012 2947 σου
3043 2895 3124 2961 ὡς
3155 2901 3438 2956 σεαυτόν.

2090 2977 2308 3047 Ἐλεγχ.
2335 2984 2393 3031 ε’.
2425 2979 2521 3042 Τίς
2545 2981 2658 3033 ἐστι
2687 2983 2846 3054 χρεία
2867 2983 2944 3055 τῷ
2965 2986 3105 3058 ἁγίῳ
3119 2989 3425 3064 Ἀποστόλῳ
3450 2995 3604 3066 νόμῳ

331 3065 476 3128 bere,
522 3061 568 3116 si
623 3075 653 3114 a
700 3059 977 3115 veteribus
1023 3057 1298 3114 mandatis
1351 3058 1560 3114 Novum
1595 3059 1914 3115 Testamen-

2029 3068 2275 3138 χρῆσθαι,
2305 3072 2353 3123 εί
2407 3071 2813 3142 ἀπηλλοτρίωτο
2852 3076 3028 3149 Καινὴ
3069 3080 3310 3154 Διαθήκη
3363 3057 3464 3156 τλῇς

333 3165 441 3207 tum
471 3153 833 3208 abhorreret?
863 3153 967 3207 Sed
1004 3160 1062 3205 ut
1095 3158 1281 3212 aperte
1322 3158 1650 3206 monstraret
1683 3153 1790 3206 duo
1825 3153 1914 3206 illa

2029 3157 2172 3220 tati;
2201 3159 2551 3228 νομοθεσίας;
2600 3161 2738 3216 Ἀλλ’
2770 3165 2856 3218 ἵνα
2887 3165 3055 3241 δείξῃ,
3087 3169 3166 3223 ὄτι
3195 3153 3437 3238 τοῦίὲνὺς
3461 3177 3601 3232 Θεοῦ

333 3242 678 3300 Testamenta
700 3245 767 3298 ab
794 3259 902 3297 uno
923 3242 1223 3312 eodemque
1251 3251 1478 3298 auctore
1505 3243 1614 3298 Deo
1641 3260 1914 3308 manasse,

2029 3250 2072 3300 ιί
2101 3247 2194 3302 δύο
2220 3250 2508 3327 Διαθῆκαι,
2543 3255 2691 3326 καὶὴ
2723 3259 3010 3328 συμφωνία
3034 3261 3094 3313 τὸ
3125 3263 3474 3336 πληρωτικὸν
3501 3271 3601 3324 τοῦ

332 3346 705 3404 summamque
737 3334 1019 3388 amborum
1049 3348 1171 3388 esse
1207 3333 1584 3398 concordiam,
1627 3336 1914 3404 utrobique

2029 3340 2182 3412 νόμου
2212 3341 2303 3396 διὰ
2331 3343 2432 3412 τῆς
2458 3345 2679 3418 ἀγάπης
2706 3349 2802 3401 τοῦ
2816 3350 3041 3423 πλησίον
3070 3333 3373 3428 ίσορῥύπως
3398 3363 3458 3414 ἐν
3476 3366 3600 3427 ταῖς

335 3423 701 3492 proximorum
735 3424 1001 3478 charitate
1051 3423 1222 3494 legem
1275 3425 1488 3494 impleri
1543 3426 1913 3494 significatur,

2029 3432 2107 3486 Ξύο
2126 3433 2422 3506 Διαθήκαις
2473 3439 2820 3510 γνωρίζεται,
2873 3443 2934 3496 τὸ
2981 3423 3166 3500 τέλεον
3192 3423 3600 3520 -ὲργαξομένου

331 3532 452 3585 quae
509 3512 804 3587 perfectum
874 3515 1239 3586 omnibusque
1303 3517 1549 3572 numeris
1605 3519 1914 3574 absolutum
2013 3523 2076 3576 τὸ
2098 3503 2325 3587 ἀγαθὸν,
2363 3503 2528 3587 νόμου
2559 3503 2838 3584 τελείωσιν
2867 3528 3020 3587 εἶπεν
3041 3531 3182 3587 εἶναι

333 3610 532 3661 bonum
579 3605 794 3662 efﬁciat.
847 3605 970 3662 Ideo
1011 3605 1400 3676 perfectionem
1445 3608 1581 3678 legis
1620 3609 1914 3678 Apostolus

331 3696 650 3752 charitatem
681 3711 803 3752 esse
829 3697 1040 3752 deﬁnit.

397 3787 592 3844 Schol;
615 3789 668 3844 ϐ.
700 3787 990 3858 Manifesta
1022 3797 1146 3843 sunt
1175 3798 1348 3844 autem
1382 3804 1538 3858 opera
1565 3793 1764 3857 contis,
1799 3811 1915 3865 qua:

331 3889 447 3934 sunt
473 3881 778 3950 fornicatio,
801 3881 1162 3945 immunditia,
1217 3881 1430 3934 luxuria
1451 3920 1466 3944 ,
1509 3883 1776 3940 idolorum
1811 3904 1914 3941 scr-

332 3973 481 4036 ritus,
515 3973 787 4040 veneﬁcia,
821 3973 1149 4036 inimicitiis,
1195 3973 1570 4037 contentiones,
1615 3976 1907 4031 (emutatio-

323 4079 436 4124 ues,
465 4064 582 4124 ira.
617 4065 769 4126 νίκαν,
801 4063 1176 4124 dissensiones.
1211 4073 1387 4125 sectae,
1413 4063 1717 4130 homicidia,
1749 4067 1914 4120 ebrie-

329 4165 481 4218 tates,
506 4159 968 4208 commessationes
998 4168 1015 4205 :
1045 4169 1162 4222 qua:
1188 4154 1420 4220 pra-dico
1451 4153 1590 4207 vobis
1619 4158 1752 4210 sicut
1783 4174 1922 4224 prw-

325 4245 459 4304 dixi,
488 4245 735 4312 quoniam
763 4245 852 4312 qui
881 4243 1014 4296 tatia
1037 4251 1198 4312 agunt
1229 4258 1441 4312 regnum
1478 4241 1576 4295 Dei
1608 4261 1710 4299 non
1740 4249 1908 4314 possi-

326 4333 517 4388 debunt
547 4332 587 4385 ⁸.

399 4420 578 4476 Iit-(ut.
605 4419 660 4474 6.
692 4419 738 4473 O
774 4419 1093 4476 admiranda
1134 4418 1226 4474 Dei
1268 4423 1544 4492 mysteria,
1585 4438 1648 4478 ac
1687 4423 1909 4479 Marcio-
1940 4415 1984 4470 ι)

327 4513 414 4568 uis
458 4511 737 4568 erroribus
787 4510 1016 4566 adversa
1058 4511 1344 4580 dogmata!
1389 4513 1600 4568 Etenim
1632 4516 1771 4569 mala
1801 4533 1913 4571 om-

325 4603 414 4658 nia
435 4601 587 4658 carni
611 4601 950 4656 tribuuntur.
971 4599 1046 4656 Ea
1076 4615 1240 4670 porro
1256 4611 1517 4672 perpetuo
1535 4619 1641 4658 non
1669 4607 1906 4671 exstitit;

323 4693 420 4751 sed
440 4701 594 4750 sexto
607 4695 826 4748 demum
849 4693 957 4757 die,
977 4700 1091 4747 tum
1111 4707 1236 4748 cum
1253 4695 1494 4751 Adamus
1513 4695 1778 4754 formatus
1799 4707 1902 4766 est,

322 4801 446 4843 esse
463 4786 650 4856 cmpit.
671 4783 746 4838 Ex
771 4799 880 4854 quo
902 4785 976 4839 illi
1001 4783 1350 4852 refelluntur,
1374 4787 1467 4858 qui
1490 4789 1690 4842 malum
1715 4791 1783 4843 ab
1807 4791 1904 4844 ini-

327 4877 400 4933 tio
417 4891 481 4933 ac
496 4892 709 4947 semper
723 4877 1002 4933 exstitisse
1016 4878 1332 4948 praedicant.
1355 4878 1516 4950 Atqui
1540 4896 1639 4950 neq
1649 4898 1712 4936 ue
1739 4881 1900 4937 simul

323 4983 387 5023 ac
425 4967 656 5022 formata
685 4983 815 5022 caro
855 4975 960 5032 est,
991 4977 1276 5040 peccatum
1321 4971 1562 5034 admisit,
1590 4989 1658 5026 ne
1689 4975 1898 5042 peccati

321 5069 514 5113 auctor
555 5060 650 5130 qui
693 5061 840 5114 illam
870 5061 1097 5116 ﬁnxerat
1140 5061 1648 5133 haberetur;quasi
1688 5067 1898 5134 peccati

323 5165 468 5206 ream
517 5164 738 5205 carnem
784 5151 1009 5208 molitus
1057 5162 1234 5218 esset;
1281 5169 1458 5224 neque
1512 5155 1712 5208 malum
1761 5172 1900 5226 opus

323 5241 500 5312 ipsum
526 5242 840 5297 antecessit.
866 5241 1067 5297 Verum
1097 5244 1380 5314 aliquanto
1415 5243 1574 5315 352
1615 5255 1737 5314 post
1772 5257 1900 5302 tem-

324 5347 450 5400 pore
475 5349 505 5386 a
529 5331 624 5389 Dei
647 5333 910 5404 obsequio
941 5336 1255 5392 desciscens
1285 5336 1526 5394 Adamus
1556 5350 1620 5390 ac
1649 5337 1898 5394 libertate

318 5423 596 5495 praeditus,
629 5440 724 5496 per
751 5441 888 5491 sese,
934 5442 998 5483 ac
1033 5435 1228 5498 sponte
1265 5444 1365 5484 sua
1412 5437 1670 5498 certoque
1711 5432 1895 5485 consi—

390 5603 406 5620 ⁸
429 5603 598 5659 Galat.
629 5627 681 5670 ν,
723 5613 772 5666 5.

368 5670 526 5728 Deest
548 5677 604 5728 ἐν
625 5680 718 5744 τῷ.

849 5615 868 5644 ²
900 5613 1028 5667 ἱιιίιι.
1054 5613 1108 5666 9.
1198 5613 1220 5644 ³
1245 5613 1374 5669 ibid.
1405 5615 1489 5670 14.

1603 5615 1624 5646 ⁸
1651 5617 1778 5669 ibid.
1815 5616 1994 5672 lii—2|.

2013 3523 2076 3576 τὸ
2098 3523 2325 3592 ἀγαθὸν,
2363 3526 2528 3598 νόμου
2559 3529 2838 3584 τελείωσιν
2867 3528 3020 3588 εἶπεν
3041 3531 3182 3592 εἶναι
3212 3541 3312 3609 τὴν
3351 3543 3599 3616 ἀγάπην.

2084 3789 2240 3861 Σχόλ,
2287 3798 2360 3856 ς’,
2389 3793 2619 3861 Φανερὰ
2647 3792 2716 3848 δέ
2761 3795 2894 3850 ἐστι
2927 3798 2998 3853 τὰ
3031 3799 3174 3870 ἔργα
3205 3801 3312 3870 τῆς
3332 3809 3563 3876 σαρκός
3582 3829 3599 3843 ο

2013 3883 2186 3938 ἅτινά
2224 3883 2354 3938 ἐστι
2407 3887 2671 3952 πορνεία,
2709 3889 3068 3960 ἀκαθαρσία,
3099 3895 3406 3966 ἀσέλγεια,
3429 3903 3596 3956 εἰδω-

2011 3977 2383 4044 λολατρείαι,
2435 3979 2792 4047 φαρμακεῖαι
2813 4021 2827 4045 ,
2887 3983 3093 4053 ἔχθραι
3115 4027 3130 4050 ,
3169 3987 3348 4056 ἕρεις,
3401 3991 3598 4061 ζῆλοι,

2012 4069 2206 4138 θυμοὶ,
2257 4071 2517 4139 ἐριθεῐαι,
2552 4071 2954 4140 διχοστασίαι,
3007 4075 3290 4144 αἱρέσεις,
3355 4084 3598 4150 φθόνοι,

2005 4163 2199 4228 μέθαι,
2261 4161 2444 4231 κῶμοι
2467 4179 2480 4192 ⁸
2527 4164 2723 4230 καθὼς
2775 4167 2872 4220 καὶ
2930 4169 3236 4236 προεῖπον,
3297 4171 3387 4226 ὅτι
3432 4178 3487 4228 οἱ
3522 4177 3596 4232 τὸ

2010 4252 2254 4307 τοιαῦτα
2282 4253 2666 4321 πράσσοντες
2683 4256 3014 4320 ,ϐασιλείαν
3036 4261 3184 4314 Θεοῦ
3205 4264 3278 4316 οὑ
3301 4267 3587 4334 nupero-

2007 4343 2338 4414 μήσουσιν.

2087 4437 2306 4510 Ἐλεγχ.
2336 4447 2408 4504 ς’.
2435 4441 2500 4492 Ὢ
2516 4440 2832 4512 θαυμασίων
2861 4445 3174 4516 μυστηρίων
3193 4447 3285 4500 καὶ
3297 4448 3594 4506 ἀντιθέτων

2010 4529 2144 4582 Θεοῦ
2193 4530 2632 4600 ὑποδειγμάτων.
2695 4535 2773 4603 Τῇ
2841 4535 2950 4604 γὰρ
3021 4537 3183 4606 σαρκὶ
3233 4541 3475 4610 περιῆψε
3522 4545 3592 4598 τὰ

2011 4621 2188 4674 πάντα
2219 4621 2386 4676 δεινά.
2427 4624 2490 4675 Ἡ
2514 4623 2652 4694 σὰρξ
2673 4624 2728 4676 δὲ
2753 4626 2851 4679 οὐκ
2885 4627 2970 4680 ἀεὶ
2996 4623 3064 4698 ἦν
3084 4646 3097 4659 ·
3129 4630 3245 4682 ἀλλ’
3279 4633 3338 4685 ἐν
3364 4637 3428 4706 τῇ
3457 4635 3592 4709 ἕκτῃ

2007 4709 2190 4782 ἡμέρᾳ.
2231 4709 2330 4780 τὴς
2364 4714 2742 4783 κοσμοποιίας,
2783 4713 2878 4768 τοῦ
2936 4716 3106 4786 Ἀδὰμ
3159 4719 3514 4789 πλασθέντας,
3559 4726 3594 4796 ἡ

2010 4799 2148 4871 σὰρξ
2195 4799 2381 4856 ἔκτοτε
2447 4803 2572 4874 ἔσχε
2612 4805 2710 4874 τὴν
2754 4806 2950 4877 ἀρχὴν,
2985 4808 3128 4878 φημὶ
3161 4809 3264 4876 τῆς
3294 4811 3552 4875 πλάσεως
3576 4834 3591 4846 ·

2011 4891 2095 4944 ἵνα
2144 4891 2472 4963 ἐλεγχθῶσιν
2509 4897 2558 4948 οἱ
2603 4894 2854 4964 λέγοντες
2891 4898 2978 4950 ἀεὶ
3014 4899 3108 4952 καὶ⁸
3148 4899 3208 4964 ἐξ
3249 4902 3425 4973 ἀρχῆς
3450 4899 3593 4960 εἶναι

2005 4983 2066 5035 τὺ
2097 4985 2284 5040 κακόν.
2315 4985 2426 5038 Καὶ
2456 4985 2564 5056 γὰρ
2589 4985 2711 5039 οὕτε
2747 4986 2891 5052 ἐξότε
2922 4989 3163 5061 ἐπλάσθη
3188 4994 3219 5062 ὴ
3243 4993 3381 5062 σὰρξ
3405 4995 3587 5065 ἦμαρ-

2003 5085 2116 5130 τεν,
2160 5070 2248 5124 ἵνα
2311 5071 2386 5143 μὴ
2430 5074 2458 5124 ὁ
2510 5073 2753 5145 πλάστης
2800 5077 2973 5140 αἴτιος
3020 5079 3248 5151 νομισθῇ
3285 5082 3586 5154 ἁμαρτίας,

2006 5158 2215 5224 πλάσας
2275 5162 2452 5230 σάρκα
2511 5165 2843 5238 ἁμαρτωλήν
2871 5183 2888 5202 ο
2945 5167 3068 5221 οὔτε
3122 5171 3448 5244 προϋπῆρχε
3487 5173 3584 5228 τοῦ

2004 5250 2320 5320 πλάσματος
2378 5253 2440 5306 τὸ
2474 5255 2660 5309 κακόν.
2695 5257 2852 5310 Μετὰ
2875 5259 3065 5330 χρόνον
3095 5259 3151 5312 δὲ
3179 5263 3237 5314 ἐν
3274 5267 3526 5334 παρακοῇ
3554 5264 3585 5316 ό

2016 5341 2188 5411 Ἀδὰμ
2237 5343 2494 5412 γεγονὼς,
2557 5345 2696 5418 ἔχων
2731 5349 2794 5402 τὸ
2840 5349 3219 5415 αὐτεξούσιον,
3263 5355 3586 5426 προαιρέσει

2005 5433 2112 5503 ἰδίᾳ.
2141 5433 2234 5502 ἀφ’
2275 5436 2469 5488 ἑαυτοῦ
2499 5440 2595 5508 τὴν
2626 5441 2898 5512 ἁμαρτίαν
2931 5444 3011 5505 εἰς
3050 5444 3242 5497 ἑαυτὸν
3280 5443 3582 5518 διανοηθεὶς

2107 5622 2126 5652 ³
2163 5621 2286 5678 For.
2315 5626 2516 5697 ταύτην
2542 5636 2592 5682 et
2624 5631 3052 5701 προγεγράφθαι.
3132 5635 3151 5664 ⁶
3178 5652 3266 5702 γρ.
3293 5634 3561 5704 ἐποίησαν
