3950 6154
322 275 421 330 777

988 268 1358 326 ADVERSUS
1396 265 1741 324 llrEllESES
1779 265 1908 321 LIB.

2029 264 2193 321 TOM.
2236 253 2434 318 ιιι.’-
2472 262 2748 318 ΠΑΞΜΞΞ.
2792 260 2949 315 XL".

1988 27 2120 35 ————-

3348 222 3353 229 ’
3461 255 3563 309 *ηε

260 444 275 469 ο
321 389 518 462 ἑπραξε
545 407 557 420 ·
583 391 725 462 φημι
744 390 823 456 δὲ,
855 388 954 460 τὴν
1000 391 1257 461 ἀθέτησιν
1286 387 1377 443 τοῦ
1414 386 1581 442 αὑτοῦ
1614 386 1884 441 Δεσπότου
1917 432 1924 447 ι

2032 399 2064 438 ο
2094 390 2317 455 peccato
2361 397 2419 435 se
2456 381 2767 446 obstrinxit,
2805 381 2934 435 dum
2965 382 3060 450 p’er
3095 376 3260 432 animi
3292 380 3570 430 contuma-

264 505 280 554 ι
323 483 405 537 Sta
439 485 538 554 τῆς
592 482 875 553 παρακοῆς
930 482 1317 553 ποιησάμενος.
1371 478 1483 535 Ποῦ
1521 479 1703 532 τοίνυν
1729 473 1798 549 ἦν
1829 478 1892 531 τὸ

324 575 511 639 κακὸν,
568 573 732 645 πρινὴ
763 575 860 645 τὴν
896 575 1075 647 σάρκα
1115 569 1284 637 εἷναις
1326 570 1451 634 Πῶς
1477 570 1532 623 δὲ
1565 570 1725 633 εὐθὺς
1757 568 1894 622 πλα-

325 667 510 720 σθείσα
567 669 629 721 ού
672 669 734 720 τὸ
776 667 947 721 κακὸν
995 665 1325 737 εἰργάσατο,
1367 663 1504 719 ἀλλά
1542 664 1717 734 χρόνῳ
1763 679 1892 733 μετ-

324 759 547 825 Errata;
578 759 720 830 ’Ἄρα
755 746 884 827 γοῦν
907 758 1170 828 ἀνῄρηται
1194 759 1222 810 ὁ
1247 758 1374 828 περὶ
1390 757 1487 827 τῆς
1503 755 1700 818 κακίας
1723 753 1895 824 ἀρχῆς

326 849 498 918 λόγος.
535 849 607 902 Οὐ
642 849 749 920 γὰρ
776 848 993 903 δύναται
1022 847 1323 918 ἀρχαῖζειν,
1347 847 1532 917 ἐπειδὴ
1554 848 1610 899 ὲν
1639 847 1705 916 τῇ
1733 845 1897 915 σαρκὶ

329 943 389 1009 τῇ
428 938 860 1010 μεταγενεστέρᾳ
910 938 972 991 τὸ
1024 938 1270 1008 γίνεσθαι
1317 937 1490 1009 ἔχειὴ
1528 937 1715 1002 κακία,
1753 937 1786 1007 ἢ
1822 936 1896 1006 μὴ

328 1027 573 1097 γίνεσθαι
597 1045 611 1057 ·
637 1028 730 1081 καὶ
745 1025 866 1081 οὔτε
898 1028 930 1098 ἡ
962 1026 1098 1098 σὰρξ
1119 1026 1280 1079 πάλιν
1312 1026 1755 1097 ἀκληρονόμητός
1783 1025 1897 1078 ἐστι

327 1117 434 1170 τῶν
458 1119 817 1189 ἐπουρανίων.
847 1116 959 1172 Καὶ
988 1118 1061 1189 μή
1083 1134 1165 1180 τις
1180 1115 1413 1189 λάϐηται
1432 1116 1526 1170 τοῦ
1551 1115 1703 1184 ἁγίου
1735 1117 1898 1168 Ἀπο-

330 1208 522 1261 στόλου
572 1207 822 1272 εἰπόντος
845 1223 861 1238 ·
894 1206 1054 1276 rape
1093 1206 1193 1261 καὶ
1223 1203 1367 1277 αἷμα
1397 1207 1726 1272 ,βασιλείαν
1753 1204 1902 1260 Θεοῦ

330 1300 403 1353 οὐ
468 1297 1059 1368 κληρονομήσουσιν.
1101 1298 1176 1351 Οὐ
1216 1296 1325 1368 γὰρ
1377 1298 1557 1351 πᾶσαν
1610 1295 1788 1367 σάρκα
1819 1295 1905 1348 ai-

1994 476 2134 530 ciam
2192 473 2404 529 Domini
2454 473 2538 527 sui
2596 473 2935 542 majestatem
2986 468 3280 525 imminuit.
3338 466 3568 522 Ubinam

1994 581 2124 638 ergo
2172 579 2376 628 rerum,
2427 571 2714 634 antequam
2771 578 2899 618 caro
2942 561 3254 633 prodiisset,
3287 568 3571 632 peccatum

1996 655 2130 713 fuit?
2169 656 2277 711 Aut
2300 669 2537 726 quanam
2583 655 2795 709 ratione
2825 668 2931 709 non
2964 653 3127 708 simul
3158 662 3320 722 atque
3352 651 3573 706 condita

1995 758 2099 812 est,
2124 747 2217 803 sed
2255 747 2533 816 aliquanto
2564 754 2751 817 postea
2793 745 3079 800 intervallo
3120 744 3323 797 malum
3353 742 3576 797 commi-

1998 841 2116 896 sit?
2142 818 2504 907 Quamobrem
2537 840 2714 895 omnis
2760 839 2850 892 illa
2886 836 2953 893 de
2984 835 3252 908 principio
3291 834 3416 888 mali
3452 848 3575 889 sen-

2001 930 2167 985 tentia
2205 928 2433 984 corruit.
2470 928 2588 983 Non
2614 918 2757 983 enim
2794 928 3073 997 antiquum
3103 940 3223 981 esse
3250 931 3425 994 potest
3463 938 3577 977 ma-

2000 1021 2134 1085 lum,
2161 1019 2307 1092 quod
2347 1022 2402 1075 in
2433 1018 2725 1077 recentiori
2754 1033 2883 1074 caro
2918 1018 3081 1073 habet
3122 1024 3179 1070 ut
3230 1018 3319 1077 sit.
3346 1023 3438 1071 aut
3470 1030 3577 1070 non

2002 1114 2073 1169 sit
2104 1113 2346 1169 omnino.
2386 1110 2573 1182 Neque
2606 1126 2737 1167 vero
2765 1124 2795 1163 a
2833 1108 3042 1164 cmlesti
3071 1108 3419 1179 possessione
3450 1122 3579 1161 caro

2002 1204 2273 1274 dejicitur.
2312 1202 2422 1259 Nec
2455 1211 2538 1258 est
2570 1202 2717 1273 quod
2751 1200 2995 1272 Apostoli
3026 1199 3351 1255 auctoritate
3391 1197 3583 1252 abuta-

2003 1303 2094 1350 tur
2120 1293 2412 1365 quispiam,
2442 1293 2570 1349 dum
2597 1294 2672 1348 ait
2703 1312 2717 1349 :
2747 1291 2886 1348 Caro
2918 1302 2969 1346 et
2996 1292 3211 1362 sanguis
3242 1306 3456 1362 regnum
3486 1289 3584 1343 Dei

330 1389 531 1443 τιᾶται.
575 1387 699 1451 Πῶς
722 1387 831 1459 γὰρ
870 1386 1245 1458 αἰτιαθήσεται
1275 1383 1431 1456 σὰρξ,
1466 1387 1501 1457 ἡ
1544 1385 1619 1457 μὴ
1652 1384 1905 1457 πράξασα

2029 1402 2107 1440 ton
2136 1385 2471 1455 possidebunt
2499 1386 2539 1439 '.
2570 1383 2707 1439 Nam
2751 1399 2858 1439 non
2911 1398 3131 1439 carnem
3176 1397 3392 1437 omnem
3423 1396 3586 1436 accu-

332 1481 400 1534 τά
426 1480 827 1555 προειρημένα;
857 1481 968 1535 Καὶ
987 1480 1047 1545 ἐξ
1068 1482 1270 1551 ἑτέρων
1300 1479 1356 1533 δὲ
1387 1477 1710 1542 ἀποδείξεων
1731 1494 1907 1549 παρα-

2029 1484 2112 1531 ιοι.
2146 1476 2258 1531 Cur
2308 1476 2453 1532 enim
2482 1482 2769 1531 accusetur
2796 1490 2860 1531 ea
2888 1490 3010 1545 quae
3065 1474 3201 1529 nihil
3229 1489 3417 1530 eorum
3464 1489 3588 1544 qua:

337 1574 519 1643 στήσω
550 1574 610 1626 τὸ
656 1572 1004 1644 ζητούμενον.
1051 1574 1150 1638 Τις
1189 1572 1320 1642 γὰρ,
1361 1570 1545 1642 φησὶν,
1593 1569 1908 1639 ἐγκαλέσει

2029 1574 2166 1623 mtea
2199 1575 2622 1623 commemorata
2674 1575 2803 1623 sunt
2847 1565 3163 1622 admiserit?
3207 1564 3313 1620 Sed
3372 1576 3427 1621 et
3463 1567 3587 1621 aliis

336 1665 485 1719 κατὰ
515 1664 816 1719 ἐκλεκτῶν
842 1663 1025 1728 Θεοῦ;
1047 1663 1171 1727 Πῶς
1203 1663 1265 1717 ού
1293 1661 1691 1735 κληρονομήσει
1719 1660 1909 1730 Μαρία

2029 1673 2229 1729 [noque
2266 1659 2571 1715 rationibus
2605 1657 2749 1730 quod
2798 1658 3059 1729 quaeritur
3095 1660 3374 1715 evidenter
3401 1668 3589 1715 osten-

334 1756 369 1825 ἡ
416 1756 548 1824 ἀγία
601 1756 740 1827 μετά
772 1756 975 1827 σαρκὸς
1015 1755 1117 1827 τὴν
1146 1754 1422 1825 βασιλείαν
1447 1752 1556 1807 τῶν
1585 1750 1908 1822 οὐρανῶν,ή

2029 1752 2180 1807 litur.
2214 1750 2370 1819 Quis,
2403 1753 2600 1823 inquit,
2626 1752 2895 1807 accusabit
2925 1754 3172 1807 adversus
3202 1753 3391 1808 electos
3422 1752 3593 1808 Dei’?

339 1845 417 1916 μὴ
453 1844 818 1916 πορνεύσασα,
876 1846 952 1916 μὴ
996 1844 1370 1915 ἀσελγήσασα,
1409 1843 1485 1915 μὴ
1539 1840 1908 1914 μοιχευθεῖσα,

2029 1841 2205 1898 Nonne
2256 1844 2604 1901 sanctissima
2641 1841 2808 1912 Virgo
2866 1842 3034 1898 Maria
3084 1859 3208 1898 cum
3265 1845 3384 1915 ipsa
3428 1859 3592 1899 carne

341 1933 509 2003 μηδὲν
528 1950 582 1988 τι
606 1935 716 1989 τῶν
745 1936 1059 2006 ἀνηκέστων
1090 1935 1292 2007 σαρκὸς
1328 1934 1507 2004 ἔργων
1538 1933 1912 2006 ἐργασαμένη,

2029 1935 2238 1991 :usleste
2260 1950 2489 2007 regnum
2517 1943 2798 2006 capesset;
2832 1935 2923 1990 cui
2952 1951 3129 2007 neque
3153 1937 3345 1991 vitium
3377 1945 3463 1992 est
3492 1953 3596 1991 un-

338 2023 475 2078 ἀλλά
502 2025 765 2097 ἄχραντος
790 2026 1050 2096 μείνασα;
1076 2028 1190 2081 Οὐκ
1217 2027 1323 2097 ἄρα
1338 2026 1517 2081 τοίνυν
1547 2027 1676 2098 περὶ
1714 2025 1915 2097 σαρκὸς

2029 2040 2180 2094 quam
2207 2024 2488 2093 oblatum;
2521 2040 2623 2080 nec
2670 2023 2894 2080 libidine
2923 2032 3005 2081 est
3043 2026 3173 2091 ulla,
3200 2033 3294 2080 aut
3330 2012 3598 2083 adulterio

339 2117 490 2185 λέγει
521 2118 595 2190 μὴ
629 2119 988 2192 κληρονομεῖν
1019 2120 1292 2190 βασιλείαν
1314 2119 1579 2189 οὐρανῶν,
1619 2116 1755 2172 ἀλλά
1786 2118 1916 2189 περὶ

2029 2118 2252 2183 Γαιάιιιας
2307 2134 2484 2189 neque
2550 2119 2847 2190 quidquam
2898 2134 2963 2173 ex
2994 2117 3222 2174 nefariis
3255 2119 3360 2174 illis
3416 2122 3600 2176 carnis

342 2211 619 2280 σαρκικῶν
672 2206 977 2283 ἀνθρώπων
1004 2212 1112 2265 τῶν
1136 2212 1206 2266 τὰ
1245 2211 1425 2280 φαῦλα
1472 2210 1559 2265 διὰ
1583 2211 1681 2281 τῆς
1716 2210 1916 2281 σαρκὸς

2029 2207 2279 2277 operibus
2327 2209 2565 2274 admisit,
2621 2211 2717 2266 sed
2753 2211 2959 2279 integra
3000 2209 3367 2282 inviolataque
3403 2215 3600 2283 persti-

342 2304 686 2372 πραττόντων
703 2321 717 2336 ο
759 2302 917 2357 ἅτινά
944 2306 1059 2358 ἔστι
1088 2296 1331 2376 πορνείσί,
1361 2301 1791 2372 είδωλολατρεία,
1820 2302 1916 2355 καὶ

2029 2298 2130 2352 tit?
2169 2296 2290 2354 Non
2340 2300 2505 2371 igitur
2548 2308 2827 2372 utcunque
2864 2302 2932 2356 de
2973 2315 3140 2357 carne
3178 2303 3436 2372 loquitur,
3473 2320 3597 2359 cum

348 2395 419 2448 τὰ
453 2394 663 2458 τούτοις
690 2395 869 2465 ὅμοια.
907 2395 1017 2448 Καὶ
1062 2394 1363 2460 ὲξάπαντος
1398 2392 1718 2464 ὲλήλεγκταί
1752 2409 1845 2446 σου
1881 2395 1915 2462 ἡ

2029 2402 2145 2444 eam
2172 2397 2335 2459 negat
2363 2391 2589 2446 caeleste
2616 2407 2839 2462 regnum
2866 2393 3181 2463 possidere;
3210 2395 3305 2449 sed
3343 2393 3410 2449 de
3447 2399 3597 2450 carui

348 2484 644 2556 σκευωρία,
696 2479 740 2537 ὢ
781 2484 1047 2555 Μαρκίων
1074 2482 1483 2555 πεπλανημένε,
1527 2482 1628 2554 τῆς
1663 2480 1921 2553 ἀληθείας

2029 2479 2302 2537 immersis
2343 2482 2677 2549 hominibus,
2709 2485 2804 2555 qui
2849 2484 3182 2541 adminiculo
3213 2487 3396 2542 carnis
3431 2488 3602 2544 scele-

345 2577 519 2648 πάντη
553 2575 948 2648 προλαϐούσης,
984 2577 1078 2631 καὶ
1110 2575 1169 2630 τδ
1198 2575 1417 2647 στερεὸν
1443 2573 1537 2628 τοῦ
1569 2572 1924 2646 κηρύγματος

2029 2576 2111 2625 sta
2143 2574 2388 2641 quzedam
2414 2583 2728 2645 perpetrant
2754 2594 2767 2630 :
2796 2576 3102 2644 cujusmodi
3130 2587 3259 2634 sunt
3289 2578 3601 2646 fornicatio,

344 2669 445 2738 τῆς
468 2667 614 2739 ζωῆς
646 2667 1096 2739 ἀσφαλιζομένης.

2029 2661 2360 2731 idololatria,
2384 2675 2489 2721 etc.
2522 2667 2819 2739 Undetua,
2844 2666 3080 2732 Marcio,
3109 2669 3261 2726 fraus
3289 2680 3452 2741 atque.
3488 2675 3601 2725 cal-

347 2759 532 2817 liditas
568 2763 790 2817 omnino
817 2761 1105 2832 detegitur,
1136 2775 1262 2816 cum
1285 2775 1475 2817 omnes
1502 2762 1708 2816 erroris
1736 2759 1918 2816 aditus
1952 2758 2274 2829 jamdudum
2297 2763 2494 2818 veritas
2523 2765 2825 2833 occuparit,
2889 2764 3401 2838 praedicationisque
3460 2768 3602 2834 ejus.

348 2867 470 2922 quae
515 2852 680 2905 vitam
737 2850 909 2916 all'ert,
957 2850 1267 2907 ﬁrmitatem
1307 2849 1770 2920 stabilitatemque
1802 2850 2080 2906 munierit.

420 2943 574 3015 Σχόλ.
605 2941 672 3008 ζ’.
710 2945 775 2996 Oi
828 2941 897 2995 δὲ
922 2941 1031 2996 τοῦ
1060 2942 1318 3011 Χριστοῦ
1362 2942 1477 3012 τὴν
1498 2941 1696 3010 σάρκα
1713 2940 1924 2995 ἐσταύο

2096 2939 2282 2996 Schol.
2316 2942 2366 2997 7.
2399 2941 2505 3010 Qui
2544 2952 2721 2999 autem
2763 2944 2966 3001 Christi
2996 2955 3118 3002 sunt
3149 2947 3365 3004 carnem'
3388 2953 3604 3024 cruciﬁ-

346 3048 555 3103 ρωσαν
587 3031 708 3087 σὺν
728 3031 851 3098 τοῖς
878 3030 1186 3101 παθήμασι
1220 3032 1319 3085 καὶ
1344 3031 1473 3098 ταῖς
1498 3032 1852 3101 ἐπιθυμίαις.

427 3124 643 3193 Ἐλεγχ.
686 3122 751 3188 ζ’.
793 3125 859 3177 El
911 3123 1303 3191 ἐσταύρωσαν
1346 3123 1449 3192 τὴν
1485 3122 1682 3192 σάρκα
1726 3127 1780 3178 oi
1820 3124 1928 3179 τοῦ

353 3217 631 3284 Χριστοῦ,
655 3209 700 3270 ὧ
734 3215 1019 3288 Μαρκίων,
1047 3217 1206 3289 δῆλον
1259 3211 1349 3287 ἦν,
1377 3217 1459 3270 ὅτι
1491 3216 1541 3270 oi
1563 3216 1657 3270 τοῦ
1690 3216 1929 3289 Χριστοῦ

353 3306 531 3361 δοῦλοι
561 3309 656 3360 σὺν
689 3310 810 3370 ταῖς
836 3306 1153 3377 ἐπιθυμίαις
1185 3306 1280 3361 καὶ
1312 3309 1422 3370 τοῖς
1448 3305 1730 3378 παθήμασι
1757 3305 1930 3360 καθα-

360 3398 458 3468 ρὰν
494 3397 592 3469 τὴν
626 3398 803 3469 σάρκα
836 3397 1124 3463 ἀπέδειξαν
1144 3413 1158 3429 ο
1192 3398 1285 3451 καὶ
1309 3398 1649 3469 ἐμιμήσαντο
1670 3396 1762 3450 τὸν
1793 3398 1932 3472 Χρι-

358 3490 505 3553 στὸν,
530 3489 800 3554 δείξαντες
852 3490 1011 3545 αὑτὸν
1053 3490 1231 3562 σάρκα
1267 3491 1692 3561 ὲσταυρωκέναι.
1724 3491 1816 3545 Διδ
1840 3490 1935 3544 καὶ

357 3580 532 3644 αὐτοὶ,
554 3580 625 3634 τὰ
654 3581 743 3635 ίσα
775 3580 852 3651 τῷ
883 3580 1128 3655 Δεσπότῃ
1181 3581 1361 3636 αὐτῶν
1405 3584 1791 3654 φρονήσαντες,
1834 3581 1935 3655 τὴν

361 3669 541 3739 σάρκα
594 3668 962 3740 ἐσταύρωσαν.
994 3669 1104 3722 Καὶ
1137 3670 1184 3722 εί
1211 3669 1311 3740 τὴν
1350 3670 1530 3742 σάρκα
1561 3670 1931 3742 ἐσταύρωσαν,

358 3758 675 3813 ἀνένδεκτόν
704 3759 803 3830 τὴν
856 3760 1033 3831 σάρκα
1084 3760 1223 3833 ὑπὲρ
1269 3760 1505 3833 Χριστοῦ
1552 3760 1828 3815 παθοῦσαν
1858 3761 1937 3833 μὴ

362 3853 460 3903 σὺν
509 3849 726 3920 Χριστῷ
764 3849 1100 3920 βασιλεύεινο
1154 3849 1340 3915 καθὼς
1383 3852 1478 3906 καὶ
1520 3853 1578 3905 ὲν
1617 3852 1761 3923 ἄλλῳ
1788 3851 1939 3923 ῥητῷ

359 3941 630 3995 δείκνυσιν
663 3946 693 3997 ό
740 3943 891 4011 ἅγιος
948 3942 1265 4007 Ἀπόστολος
1308 3943 1502 4011 λέγων,
1553 3944 1635 3997 ὃτι
1662 3942 1939 4012 Καθάπερ

361 4034 636 4087 κοινωνοί
686 4034 826 4088 ἐστε
859 4032 977 4087 τῶν
1004 4033 1364 4103 παθημάτων
1382 4033 1490 4088 τοῦ
1525 4035 1803 4103 Χριστοῦ,
1837 4036 1940 4090 οὓ-

360 4137 475 4186 τως
493 4121 590 4176 καὶ
618 4120 730 4190 τῆς
756 4120 962 4190 δόξης.

433 4212 591 4283 Σχόλ.
626 4212 697 4284 η’.
732 4212 880 4267 Οὔτε
905 4213 1015 4283 γὰρ
1042 4216 1095 4267 οἱ
1127 4217 1606 4286 περιτεμνόμενοι
1637 4214 1806 4271 αὐτοὶ
1839 4217 1941 4271 νόν

356 4321 478 4374 μον
506 4303 960 4375 φυλάσσουσιν.

438 4394 657 4467 Ἐλεγχ.
679 4402 749 4467 η’.
773 4396 884 4450 Οὐκ
904 4395 1251 4468 ἀπηγόρευτο
1264 4394 1441 4451 τοίνυν
1464 4398 1497 4469 ἡ
1518 4397 1759 4469 προτέρα
1785 4415 1941 4469 περι-

364 4489 507 4560 τομὴ
537 4490 595 4542 ὲν
620 4488 698 4558 τῷ
724 4487 840 4559 ἰδίῳ
866 4487 1065 4560 καιρῷ,
1105 4491 1153 4542 εί
1183 4488 1347 4559 νόμον
1383 4488 1636 4558 ἐφύλαξε.
1669 4490 1853 4561 Νόμος
1881 4491 1939 4545 δὲ

364 4579 599 4651 Χριστὸν
651 4579 1017 4651 κατήγγελλεν
1066 4579 1360 4650 ἐρχόμενον
1413 4578 1578 4651 νόμον
1626 4581 1939 4653 ἐλευθερίας

365 4670 767 4742 παρασχέσθαι,
810 4671 906 4725 καὶ
950 4670 1133 4724 ούκέτι
1165 4673 1199 4742 ὴ
1246 4672 1515 4743 περιτομὴ
1558 4674 1617 4725 ἐν
1658 4674 1821 4743 σαρκὶ
1859 4673 1938 4745 τῷ

364 4763 544 4834 χρόνῳ
564 4762 658 4815 τοῦ
684 4758 921 4833 Χριστοῦ
951 4761 1427 4833 ὲξυπηρετήσειεν.
1458 4758 1630 4816 Ἦλθε
1654 4763 1766 4835 γάρ
1792 4766 1824 4834 η
1856 4764 1945 4819 διὰ

367 4853 606 4926 Χριστοῦ
639 4851 890 4925 ἀληθινὴ,
916 4848 984 4926 ἦς
1024 4852 1195 4917 τύπος
1242 4849 1547 4925 ὲκείνηῆν.
1578 4856 1641 4907 Ol
1680 4855 1736 4907 δὲ
1772 4854 1853 4909 ἔτι
1885 4857 1944 4908 ὲν

366 4945 550 5018 ἐκείνῃ
580 4944 1023 5017 σφραγιζόμενρι,
1058 4946 1160 4999 κᾶν
1193 4961 1253 4999 τε
1283 4946 1458 5000 πάντα
1481 4947 1573 4999 τὸν
1592 4946 1755 5018 νόμον
1777 4945 1943 5015 φυλά-

369 5040 555 5104 ξωσιν,
585 5039 772 5091 ούκέτι
813 5038 997 5100 αὐτοῖς
1049 5036 1430 5109 λογισθήσεται
1478 5037 1643 5108 νόμον
1694 5035 1941 5106 φύλαξις.

383 5125 605 5196 Ἐπειδὴ
631 5126 743 5197 γὰρ
777 5127 805 5180 ὁ
837 5125 1001 5196 νόμος
1028 5124 1181 5193 ἔλεγε
1228 5126 1358 5194 περὶ
1384 5126 1644 5197 Χριστοῦ,
1670 5126 1753 5179 ὅτι
1800 5129 1945 5193 Προ·

371 5214 575 5285 φήτην
605 5214 799 5285 ἐγερεῖ
834 5214 978 5284 ὑμῖν
1010 5215 1227 5283 Κύριος
1268 5218 1301 5268 ό
1334 5214 1476 5281 Θεὸς
1505 5216 1574 5269 ἐκ
1602 5213 1720 5269 τῶν
1767 5215 1944 5269 ἀδελ·

371 5309 503 5381 φῶν
534 5328 654 5379 μου
681 5309 762 5376 ὡς
791 5309 928 5379 ἐμέ·
960 5307 1147 5363 αὐτοῦ
1178 5308 1474 5363 ἀκούσετε
1494 5325 1509 5340 ·
1542 5306 1722 5362 αὐτῶν
1755 5306 1814 5361 δὲ
1846 5305 1942 5360 τοῦ

371 5401 613 5475 Χριστοῦ
649 5401 725 5473 μὴ
772 5400 1159 5466 ἀκουσάντων,
1204 5402 1237 5471 ή
1290 5399 1558 5472 περιτομὴ
1611 5398 1948 5470 ἀκροϐυστία

371 5495 579 5563 γίνεται
632 5494 849 5558 αὐτοῖς,
901 5494 995 5547 καὶ
1045 5495 1079 5565 ἡ
1122 5492 1349 5563 φύλαξις
1405 5492 1496 5568 τοῦ
1551 5494 1717 5566 νόμου
1765 5492 1947 5548 οὐκέτι

2028 3040 2221 3085 xerunt
2249 3048 2369 3086 cum
2397 3034 2536 3089 uitiis
2562 3044 2612 3089 et
2640 3036 3072 3105 concupiscentiis
3104 3038 3151 3095 ³.

2097 3119 2282 3178 Refut.
2308 3124 2358 3179 7.
2385 3123 2441 3179 Si
2464 3126 2554 3197 qui
2585 3124 2785 3181 Christi
2806 3139 2948 3193 sunt,
2971 3146 3181 3185 carnem
3204 3134 3606 3205 cruciﬁaerunt,

2030 3212 2259 3281 Marcio,
2289 3219 2636 3286 perspicuum
2677 3228 2760 3273 est
2797 3218 3001 3275 Christi
3046 3237 3231 3278 servos
3266 3224 3608 3282 circumcisis

2032 3304 2427 3374 cupiditatibus
2480 3317 2535 3362 et
2580 3306 2960 3366 aﬂ'ectionibus
3002 3312 3444 3382 purgatissimam
3486 3330 3608 3370 caro

2032 3408 2157 3449 nem
2202 3408 2359 3450 suam
2405 3396 2732 3465 reddidisse,
2763 3400 3110 3472 imitatosque
3151 3416 3274 3459 esse
3306 3402 3606 3471 Christum,

2034 3483 2163 3539 dum
2187 3485 2364 3557 ipsum
2403 3503 2623 3544 carnem
2664 3505 2817 3545 suam
2850 3491 2999 3546 cruci
3038 3491 3272 3550 aﬂixisse
3307 3496 3607 3550 declarant.

2035 3575 2192 3634 Unde
2220 3586 2276 3634 et
2310 3579 2389 3634 illi
2420 3580 2609 3636 eodem
2635 3597 2745 3653 quo
2772 3582 3038 3639 Dominus
3075 3601 3210 3642 suus
3243 3588 3475 3643 consilio
3500 3604 3613 3643 car-

2035 3684 2159 3725 nem
2196 3671 2250 3726 in
2279 3687 2443 3728 cruce
2480 3674 2738 3747 deligunt.
2764 3675 2885 3730 Jam
2932 3691 3063 3732 vero
3111 3679 3156 3733 si
3196 3694 3414 3735 carnem
3456 3695 3611 3735 suam

2036 3762 2430 3829 cruciﬁxerint,
2462 3764 2576 3820 ﬁeri
2607 3780 2715 3821 non
2764 3775 2942 3837 potest
2979 3768 3110 3838 quin
3149 3785 3278 3825 caro
3319 3786 3416 3840 pro
3454 3770 3613 3825 Chri-

2038 3861 2125 3909 sto
2155 3869 2411 3924 perpessa
2446 3871 2569 3911 cum
2612 3856 2829 3913 Christo
2862 3858 3065 3928 pariter
3106 3868 3337 3930 regnet:
3373 3861 3424 3915 id
3466 3864 3609 3931 quod

2039 3945 2146 3999 alio
2173 3946 2224 3998 in
2252 3945 2374 4000 loco
2403 3946 2490 4003 his
2519 3947 2699 4003 verbis
2724 3948 3061 4004 demonstrat
3083 3949 3379 4019 Apostolus
3411 3970 3424 4006 :
3462 3951 3612 4008 Sicut

2039 4038 2168 4092 socii
2192 4039 2497 4107 passionum
2525 4038 2725 4095 Christi
2759 4043 2905 4102 estis.
2936 4043 3015 4095 ita
3046 4051 3095 4097 et
3124 4043 3307 4113 gloria:
3329 4044 3367 4097 ’⁵.

2113 4217 2299 4273 Schol.
2351 4217 2405 4273 8.
2452 4217 2632 4290 Neque
2679 4222 2819 4275 enim
2870 4223 2960 4292 qui
3008 4223 3455 4280 circumciduntur
3510 4229 3611 4298 ipsi

1970 4277 2015 4334 Β
2045 4309 2204 4380 legem
2238 4277 2610 4367 custodiunt".

2114 4401 2275 4473 353
2286 4400 2469 4459 Refut.
2481 4403 2535 4459 8.
2556 4402 2672 4459 Non
2694 4402 2858 4477 igitur
2870 4421 2969 4462 suo
2987 4413 3229 4479 tempore
3245 4410 3515 4480 prohibita
3532 4427 3613 4466 ve-

2040 4502 2130 4549 tus
2148 4494 2238 4548 illa
2259 4495 2606 4551 circumcisio
2632 4495 2752 4564 fuit,
2776 4498 2822 4552 si
2849 4497 3067 4568 quidem
3101 4500 3269 4570 legem
3295 4501 3612 4558 custodiret.

2042 4582 2213 4639 Porro
2259 4584 2343 4640 lex
2386 4585 2662 4641 Christum
2705 4586 2993 4642 nuntiabat
3037 4588 3243 4643 idcirco
3283 4591 3611 4649 venientem.

2042 4678 2102 4725 ut
2139 4670 2314 4740 legem
2348 4671 2614 4728 libertatis
2653 4674 2890 4739 aderrat,
2931 4685 2984 4731 et
3030 4677 3380 4734 circumcisio
3430 4681 3616 4736 carnis

2038 4774 2146 4817 non
2179 4763 2413 4831 amplius
2448 4772 2690 4833 tempore
2743 4765 2948 4821 Christi
2986 4767 3168 4823 locum
3222 4769 3470 4825 haberet.
3509 4770 3615 4826 Ve-

2033 4850 2115 4906 nit
2144 4852 2289 4907 enim
2328 4866 2421 4920 per
2443 4851 2725 4908 Christum
2759 4870 2907 4921 vera,
2938 4857 3098 4927 cujus
3138 4858 3228 4913 illa
3259 4859 3487 4930 ﬁguram
3520 4878 3615 4916 ex-

2028 4943 2248 5012 pressit.
2292 4943 2617 5014 Quicunque
2654 4960 2782 5002 vero
2825 4948 3009 5018 adhuc
3054 4950 3108 5004 in
3161 4950 3251 5005 illa
3294 4952 3608 5021 signantur,

2038 5036 2252 5092 tametsi
2309 5035 2481 5107 legem
2533 5053 2749 5094 omnem
2801 5041 3114 5108 observent,
3146 5058 3254 5098 non
3313 5052 3493 5099 tamen
3538 5044 3606 5099 iis

2031 5126 2343 5182 observatio
2373 5127 2472 5184 ista
2514 5128 2650 5199 legis
2684 5132 3057 5202 imputabitur.
3088 5134 3224 5187 (lum
3252 5135 3398 5190 enim
3423 5134 3510 5191 lex
3537 5135 3606 5191 de

2025 5217 2243 5275 Christo
2272 5222 2581 5289 praedixerit
2615 5240 2630 5277 :
2662 5224 2979 5295 Prop/return
3009 5228 3290 5282 suscitabit
3326 5228 3469 5285 vobis
3500 5228 3605 5283 Do-

2024 5310 2199 5363 minus
2222 5309 2361 5364 Deus
2385 5328 2414 5365 c
2446 5313 2700 5383 fratribus
2739 5317 2868 5371 meis
2895 5318 3029 5371 sicut
3053 5334 3132 5373 me
3155 5335 3177 5385 ;
3219 5317 3391 5389 ipsum
3424 5319 3602 5375 audie-

2025 5401 2090 5456 tis
2118 5401 2141 5433 ⁸
2173 5419 2187 5456 :
2217 5401 2311 5472 qui
2346 5417 2412 5459 ex
2450 5404 2558 5460 illis
2591 5404 2869 5463 Christum
2915 5425 3027 5465 non
3076 5411 3365 5474 audierint.
3402 5412 3596 5467 borum

2024 5492 2373 5549 circumcisio
2399 5497 2648 5564 praeputii
2669 5498 2842 5554 instar
2861 5502 3177 5570 aestimatur,
3203 5503 3428 5574 ipsaque
3464 5503 3599 5573 legis

449 5648 508 5704 ³1
536 5651 662 5707 Cor.
700 5667 791 5717 xv,
822 5651 908 5706 50.
986 5653 1007 5683 '
1041 5648 1197 5704 Rom.
1228 5628 1344 5716 vni,
1378 5652 1465 5705 55.
1544 5651 1564 5683 ³
1603 5650 1779 5706 Galat.
1813 5667 1842 5705 ν
1904 5648 1994 5702 ει.
2071 5645 2158 5700 ἰιι
2190 5642 2315 5700 Cor.
2348 5656 2390 5708 t,
2420 5643 2473 5697 7.
2559 5642 2582 5675 ⁸
2605 5640 2762 5699 Galat
2812 5657 2888 5711 Vt,
2915 5640 3001 5697 15,
3076 5641 3097 5675 ⁶
3126 5639 3284 5698 Deut.
3325 5658 3481 5707 mn,
3524 5642 3612 5701 l5.

704 5744 970 5805 Pnaoa.
1004 5745 1121 5806 Gn.
1154 5743 1321 5815 XLI.

3225 5736 3305 5799 25
