3950 6144
340 226 442 281 779

1721 252 1777 309 8.
1818 252 2158 312 ΕΡΙΡῙΙᾹΜΙ

3494 271 3603 328 780

334 343 639 455 observatio
668 349 972 411 observatio
1000 369 1121 413 esse
1162 358 1380 415 desinit.
1414 361 1512 419 Est
1557 364 1721 435 igitur
1762 368 1894 425 bona

2008 374 2255 441 φύλαξις.
2298 374 2478 440 Καλὸς
2521 376 2698 432 τοίνυν
2729 379 2759 432 ὁ
2802 379 2984 451 νόμος,
3028 380 3124 435 καὶ
3175 380 3317 455 καλὴ
3358 381 3396 454 ἡ
3441 399 3598 454 περι-

333 437 551 504 quidem
597 439 700 505 lex,
747 444 1002 515 bonaque
1041 449 1427 510 circumcisio:
1455 470 1552 525 per
1581 472 1718 528 quas
1741 458 1904 516 Chri-

331 536 477 628 stum
507 530 822 628 Christique
876 536 1257 609 perfectiorem
1282 545 1453 616 legem
1500 556 1566 604 ac
1611 551 1899 609 circumci-

318 623 522 677 Sionem
550 623 923 692 cognovimus.

316 741 399 816 his:
432 739 671 815 Epistula
707 742 777 798 ad
812 743 1135 816 Corinthios,
1172 760 1332 816 quam
1354 743 1445 798 isti
1467 742 1681 813 perinde
1714 760 1776 797 ac
1804 760 1900 799 nos

312 810 339 823 ¹
473 810 481 812 ⁷
552 812 559 815 ’
745 814 974 869 secundo
1013 815 1127 869 loco
1156 810 1460 870 numerant.

382 923 575 983 Schoi.
619 928 644 981 1
700 935 755 983 et
783 926 837 982 9.
881 925 1155 1003 Scriptum
1188 937 1269 983 est
1302 928 1445 983 enim
1476 942 1495 982 :
1533 924 1766 982 Perdant
1805 943 1898 982 sas

310 1015 564 1080 pientiam
592 1017 910 1087 sapientum,
954 1028 1005 1073 et
1049 1018 1391 1089 prudentiam
1433 1016 1776 1089 prudentium
1826 1032 1904 1071 re-

310 1107 540 1161 orobabo
578 1107 622 1161 ¹.

381 1197 565 1254 ﬂerat.
598 1201 622 1255 l
657 1208 711 1256 et
741 1198 793 1255 9.
827 1200 1277 1274 Quandoquidem
1318 1218 1384 1260 ex
1433 1203 1502 1260 iis
1542 1220 1665 1276 quze
1704 1221 1735 1261 a
1773 1199 1903 1277 pr'o-

319 1291 499 1360 phetis
527 1291 729 1363 scripta
761 1302 889 1348 sunt
920 1294 1218 1366 Apostolus
1250 1294 1319 1351 ad
1353 1294 1603 1353 veritatis
1640 1297 1899 1352 sincera:-

310 1398 416 1450 que
432 1381 696 1438 doctrina:
726 1382 1025 1439 faciendam
1054 1380 1234 1452 (idem,
1260 1382 1617 1447 auctoritates
1642 1387 1896 1451 arcessit,

310 1489 657 1545 nequaquam
691 1492 721 1531 a
754 1479 1005 1543 veritate,
1045 1493 1149 1548 nec
1185 1493 1217 1532 a
1253 1479 1421 1545 bono,
1461 1480 1714 1553 bonaque
1749 1480 1898 1536 illius

308 1569 602 1640 disciplina
632 1571 915 1642 prophetae
948 1572 1272 1644 segregandi
1306 1581 1458 1629 sunt.

379 1659 565 1716 Schol.
605 1660 640 1714 2
671 1669 726 1717 et
765 1662 852 1717 l0.
881 1661 971 1730 lit,
998 1662 1439 1734 quemadmodum
1477 1664 1734 1733 scriptum
1772 1673 1849 1718 est
1878 1679 1897 1717 :

308 1752 414 1819 Qui
432 1753 716 1824 gloriatur,
743 1754 797 1808 in
820 1753 1043 1809 Domino
1070 1755 1327 1826 glorietur
1354 1756 1400 1809 '.

377 1842 561 1899 Refut.
592 1845 627 1898 Ξ).
650 1854 704 1900 et
737 1845 821 1900 10.
858 1845 997 1900 Cum
1031 1847 1078 1900 is
1122 1847 1216 1917 qui
1259 1847 1526 1917 gloriatur
1567 1844 1624 1904 in
1664 1842 1897 1901 Domino

307 1936 449 2005 apud
482 1935 780 2008 prophetas
821 1937 984 1992 laude
1034 1937 1235 2008 dignus
1273 1928 1561 2006 habeatur,
1606 1936 1895 1993 Dominum

276 2036 474 2098 ‘porro
510 2022 795 2099 Scriptura
836 2045 961 2085 eum
1002 2029 1291 2102 intelligat,
1322 2030 1416 2102 qui
1451 2031 1588 2104 legis
1625 2032 1698 2087 sit
1726 2028 1894 2096 Deus,

306 2136 472 2191 quem
502 2128 583 2185 tu,
616 2120 845 2186 Marcio,
871 2121 1115 2192 iudicem
1147 2131 1200 2179 et
1233 2131 1558 2190 creatorem,
1591 2136 1656 2178 ac
1683 2123 1896 2195 justum

306 2214 592 2280 nominas;
637 2229 748 2270 non
787 2221 969 2285 potest
1010 2214 1100 2270 hic
1128 2214 1278 2285 alius
1324 2230 1447 2271 esse
1485 2231 1651 2287 quam
1690 2213 1897 2271 Christi

304 2304 489 2368 Pater,
522 2305 682 2376 cujus
716 2305 1024 2377 discipulus
1057 2314 1143 2362 cst
1174 2305 1409 2374 Paulus;
1452 2306 1895 2379 quandoquidem

303 2412 334 2451 e
375 2394 655 2466 prophetm
692 2390 945 2450 doctrina
987 2396 1234 2467 gentium
1274 2396 1560 2452 institutus
1603 2412 1635 2450 a
1673 2395 1897 2452 Christo

306 2487 569 2558 magister
600 2484 823 2553 Paulus,
850 2504 920 2543 ex
948 2485 1164 2552 iisdem,
1203 2487 1447 2558 inquam,
1481 2489 1746 2543 doctrinae
1779 2487 1898 2542 l'on-

306 2578 454 2633 tibus
488 2576 639 2632 velut
677 2578 1043 2634 clarissimam
1082 2594 1279 2649 aquam
1318 2580 1600 2648 hauriens,
1636 2582 1897 2638 commis-

304 2687 422 2728 sam
455 2670 561 2726 sibi
596 2669 879 2742 perfundit
902 2669 1225 2747 Ecclesiam.

377 2762 566 2818 Schol.
589 2762 624 2818 ὅ
655 2773 708 2819 et
734 2763 822 2818 Η.
880 2761 1191 2838 Principum
1214 2767 1373 2837 hujus
1402 2766 1606 2833 seaculi,
1646 2768 1739 2838 qui
1774 2784 1896 2822 eva-

304 2864 534 2910 cuautur
554 2855 596 2908 ³.

374 2945 539 3020 354
558 2946 742 3005 Refut.
768 2944 802 3005 3
820 2944 871 3007 et
892 2948 978 3007 ll.
1001 2944 1058 3006 Si
1079 2951 1244 3025 hujus
1264 2953 1448 3010 saeculi
1467 2952 1743 3025 principes
1766 2960 1897 3009 sunt

2001 469 2163 540 τομὴ,
2199 468 2295 539 ἀφ’
2324 460 2385 523 οὗ
2431 468 2528 524 καὶ
2562 471 2653 541 ἀφ’
2693 466 2762 544 ἦς
2793 470 3039 545 ἔγνωμεν
3073 473 3329 546 Χριστὸν,
3363 476 3461 531 καὶ
3504 477 3600 530 τὸν

2002 561 2380 633 ὲντελέστερον
2443 562 2612 617 αὐτοῦ
2659 563 2853 634 νόμον,
2913 563 3010 619 καὶ
3052 565 3153 637 τὴν
3207 565 3599 638 ἐντελεστέραν

2000 653 2168 707 αὑτοῦ
2196 656 2523 726 περιτομήν.

2014 765 2159 823 Ἀπὸ
2187 765 2298 834 τῆς
2325 766 2474 835 πρὸς
2502 767 2853 836 Κορινθίους
2870 764 3239 835 Ἐπιστολῆς
3257 784 3271 798 ο
3300 765 3456 836 αὐτὴ
3482 768 3597 836 γὰρ

2212 839 2350 905 παρ’
2380 836 2868 907 αὐτοῖς-’δευτέρα
2910 837 3010 892 καί
3037 840 3174 906 παρ’
3207 837 3373 907 ἡμῖν.

2069 951 2119 1000 α’
2157 945 2252 999 καὶ
2280 944 2326 998 θ’
2358 944 2506 1017 σχόλ.
2548 943 2886 1017 Γέγραπται
2914 945 3043 1017 γάρ·
3086 944 3316 1002 Ἀπολῶ
3354 945 3473 1014 τὴν
3487 961 3580 1000 σο-

2002 1037 2153 1108 φίαν
2182 1037 2302 1093 τῶν
2338 1038 2572 1109 σοφῶν,
2612 1038 2713 1092 καί
2744 1038 2863 1107 τὴν
2898 1040 3160 1094 σύνεσιν
3174 1037 3293 1093 τῶν
3315 1038 3596 1095 συνετῶν

2000 1129 2301 1199 ἀθετήσω.
3236 1194 3245 1201 _

2072 1228 2122 1275 α’
2156 1222 2250 1275 καὶ
2277 1221 2342 1276 θ’.
2370 1220 2553 1292 ἐλεγχ.
2583 1221 2648 1274 Ei
2677 1221 2786 1275 ἀπὸ
2819 1220 2927 1275 τῶν
2949 1221 3352 1295 γεγραμμένων
3378 1223 3439 1276 ὲν
3477 1224 3592 1286 τοῖς

2002 1314 2314 1385 προφήταις
2355 1313 2683 1382 ἀναλέγεται
2713 1312 2742 1366 ὁ
2795 1313 3116 1378 Ἀπόστολος
3162 1315 3475 1387 μαρτυρίας
3512 1316 3596 1375 εἰς

2001 1406 2346 1477 παράστασιν
2381 1405 2641 1477 ἀληθείας
2681 1409 2778 1461 καὶ
2822 1408 3036 1480 ἀγαθῆς
3085 1406 3461 1475 διδασκαλίας,
3490 1409 3587 1462 οὐκ

2000 1496 2270 1569 ἀλλότριοι
2301 1497 2351 1551 οἱ
2378 1498 2653 1569 προφῆται
2682 1500 2782 1570 τῆς
2811 1498 3093 1570 ἀληθείας,
3118 1501 3215 1555 καὶ
3241 1499 3334 1555 τοῦ
3358 1499 3591 1569 ἀγαθοῦ,

2000 1590 2097 1644 καὶ
2130 1590 2230 1660 τῆς
2254 1590 2466 1663 ἀγαθῆς
2503 1589 2669 1645 αὐτοῦ
2698 1592 3066 1657 διδασκαλίας.

2075 1680 2119 1752 β’
2153 1682 2246 1736 καὶ
2286 1688 2315 1735 ι’
2345 1683 2496 1754 σχόλ.
2548 1684 2663 1738 Καὶ
2709 1686 2845 1751 ἵνα,
2881 1684 3078 1753 καθὼς
3119 1686 3468 1755 γέγραπται,
3530 1683 3597 1737 '0

2002 1773 2410 1843 καυχώμενος,
2443 1775 2514 1828 ἐν
2541 1776 2739 1844 Κυρίῳ
2763 1776 3110 1847 καυχάσθω.

2070 1867 2115 1938 β’
2148 1868 2243 1922 καὶ
2275 1874 2305 1922 ι’
2333 1868 2512 1940 ἕλεγχ.
2532 1870 2601 1928 El.
2620 1870 2902 1934 ἐπαινετὸς
2920 1870 3155 1942 ὑπάρχει
3177 1871 3206 1924 ὁ
3232 1867 3592 1940 καυχώμενος

1998 1960 2056 2013 ὲν
2084 1960 2277 2031 Κυρίῳ
2306 1960 2459 2031 παρά
2495 1963 2610 2024 τοῖς
2641 1961 2970 2033 προφήταις,
3005 1961 3212 2032 Κύριον
3256 1959 3314 2013 δὲ
3346 1954 3456 2012 οἶδε
3498 1959 3591 2010 τὸν

1997 2050 2131 2105 Θεὸν
2156 2051 2253 2106 τοῦ
2289 2052 2455 2123 νόμου
2494 2051 2591 2106 τὸν
2621 2052 2774 2124 παρὰ
2807 2051 2911 2116 σοὶ,
2938 2045 2983 2105 ὧ
3012 2051 3303 2125 Μαρκίων,
3335 2051 3432 2103 καὶ
3464 2066 3596 2119 κρι-

1996 2144 2117 2215 τὴν,
2155 2143 2252 2197 καὶ
2296 2144 2652 2218 δημιουργὸν,
2693 2147 2789 2201 καὶ
2835 2146 3043 2202 δίκαιον
3090 2142 3448 2214 καλούμενον,
3489 2142 3597 2194 οὐκ

1997 2237 2158 2303 ἄλλος
2180 2240 2328 2293 ἐστὶν
2358 2232 2516 2303 οὗτος
2548 2240 2700 2312 παρὰ
2731 2241 2822 2295 τὸν
2860 2238 2955 2294 τοῦ
2992 2236 3232 2310 Χριστοῦ
3258 2234 3507 2304 Πατέρα,
3529 2224 3594 2283 οῦ

2002 2331 2251 2403 μαθητὴς
2289 2334 2526 2404 ὑπάρχει
2574 2333 2819 2397 Παῦλος·
2866 2330 3168 2402 ἐπειδήπερ
3208 2327 3318 2384 ἀπὸ
3360 2326 3462 2396 τῆς
3493 2322 3592 2377 τοῦ

2000 2423 2283 2494 προφήτου
2306 2423 2658 2488 διδασκαλίας
2683 2423 2712 2475 ὁ
2736 2420 3057 2484 διδάσκαλος
3088 2414 3453 2477 κατασταθεὶς
3481 2411 3594 2466 τῶν

1999 2512 2171 2566 ἐθνῶν
2204 2513 2311 2566 ὑπὸ
2337 2512 2575 2584 Χριστοῦ
2602 2512 2834 2576 Παῦλος,
2859 2511 2968 2565 ἀπὸ
2994 2510 3101 2564 τῶν
3122 2507 3327 2580 ὁμοίων
3352 2502 3450 2557 καὶ
3478 2502 3593 2555 τῶν

1998 2602 2178 2656 αὐτῶν
2213 2603 2572 2657 διδασκαλιῶν
2612 2601 2958 2673 ἀνιμώμενος
2997 2601 3072 2665 ὡς
3117 2595 3359 2668 καθαρὸν
3407 2592 3591 2664 ὕδωρ.

1998 2694 2216 2765 ἀρδεύει
2253 2696 2319 2768 ἢν
2348 2695 2710 2749 πεπίστευται
2743 2692 3090 2763 Ἐκκλησίαν.

2069 2788 2119 2857 Υ
2147 2789 2241 2843 καὶ
2276 2795 2344 2842 ια’
2371 2789 2518 2860 σχόλ.
2565 2788 2689 2844 Τῶν
2716 2788 3028 2858 ἀρχόντων
3066 2784 3173 2838 τοῦ
3205 2782 3423 2849 αίῶνος
3451 2781 3581 2834 tati-

1998 2897 2106 2934 του
2137 2878 2259 2934 τῶν
2282 2882 2803 2951 καταργουμένων.

2068 2977 2116 3039 γ’
2151 2970 2245 3023 καὶ
2290 2976 2358 3023 ια’
2387 2969 2567 3041 ἕλεγχ.
2599 2970 2663 3022 Ei
2694 2969 2955 3039 ἄρχοντες
3004 2965 3101 3020 τοῦ
3151 2965 3348 3028 αἰῶνος
3394 2962 3590 3017 τούτου

306 3040 495 3101 multi.
529 3040 621 3113 qui
651 3040 871 3113 quidem
901 3052 1273 3109 evacuantur,
1309 3059 1418 3098 non
1449 3044 1617 3099 trium
1655 3044 1891 3115 amplius

2006 3064 2183 3119 πολλοὶ
2234 3063 2639 3136 καταργοῦνται
2684 3061 2741 3116 δὲ
2782 3063 2832 3116 οἱ
2866 3060 3130 3127 τοιοῦτοι,
3162 3058 3589 3131 ἀναγκασθήσῃ.

305 3129 730 3202 principiorum,
756 3126 993 3201 Marcio,
1039 3131 1240 3204 stirpes
1288 3124 1354 3189 ac
1389 3131 1601 3189 radices
1633 3131 1893 3204 indagare

305 3224 549 3295 cogeris;
608 3224 706 3279 sed
764 3224 930 3279 aliam
987 3223 1333 3281 comminisci
1395 3223 1669 3293 fabulam,
1729 3231 1895 3296 atque

306 3315 375 3371 ad
410 3314 709 3369 multorum
743 3315 1159 3386 principiorum,
1192 3324 1248 3374 et
1275 3317 1547 3387 radicum,
1575 3328 1629 3375 et
1655 3319 1895 3392 ingentis

307 3403 541 3475 alicujus
598 3406 879 3476 tragtediae
950 3394 1359 3478 inquisitionem
1433 3416 1490 3465 te
1546 3412 1892 3467 convertere.

305 3495 554 3567 Cumque
589 3498 777 3553 nescio
812 3497 942 3570 quid
981 3499 1319 3556 calumniose
1366 3502 1673 3570 struxeris;
1714 3517 1897 3572 neque

305 3590 452 3645 enim
500 3590 748 3646 invenire
793 3582 1001 3662 poteris
1054 3590 1516 3663 quemadmodum
1566 3594 1734 3649 verba
1777 3594 1892 3660 illa,

304 3682 395 3750 qui
428 3693 785 3749 evacuautur,
814 3685 1218 3751 accommodes,
1249 3701 1315 3740 ex
1337 3683 1441 3761 hoc
1462 3686 1581 3756 ipso
1601 3687 1896 3742 evacuaudi

306 3774 576 3830 vocabulo
608 3786 731 3830 ruat
758 3776 848 3829 illa
874 3791 1105 3832 necesse
1136 3785 1242 3843 est,
1273 3792 1436 3848 quam
1471 3778 1649 3850 lingis,
1682 3779 1892 3849 princi-

305 3867 518 3939 piorum
544 3868 696 3924 radix
726 3884 920 3925 carens
954 3869 1076 3940 ipso
1111 3869 1399 3941 principio.
1436 3868 1713 3941 Quidquid
1746 3870 1891 3926 enim

302 3960 506 4017 desinit
550 3960 867 4031 aliquando.
915 3962 1310 4034 sempiternum
1351 3976 1475 4018 esse
1520 3977 1630 4016 non
1681 3971 1892 4032 potest;

302 4055 399 4111 sed
422 4055 464 4110 si
496 4055 825 4125 principium
852 4056 1073 4126 aliquod
1101 4053 1246 4110 unde
1270 4070 1395 4111 esse
1422 4056 1591 4125 coepit
1616 4055 1890 4117 habuerit,

304 4148 466 4201 [intem
513 4146 739 4218 insuper
783 4146 1073 4202 obtinebit.
1124 4144 1269 4202 Fieri
1335 4146 1539 4217 quippe
1586 4146 1778 4217 nequit
1834 4152 1894 4199 ut

302 4238 448 4309 quod
479 4238 810 4307 principium
847 4236 1012 4293 habet
1049 4252 1286 4308 perenne
1323 4238 1394 4293 sit
1437 4252 1504 4292 ac
1542 4247 1889 4308 perpetuum.

301 4327 522 4397 Alioqui
545 4326 675 4397 quid
712 4326 845 4381 illud
873 4326 975 4381 sibi
1006 4327 1167 4383 vellet
1184 4326 1333 4397 quod
1390 4326 1625 4382 dicitur:
1660 4328 1713 4383 id
1745 4327 1890 4398 quod

299 4426 387 4475 est
404 4417 531 4488 ejus
559 4433 681 4474 esse
711 4433 956 4479 causam,
983 4417 1133 4489 quod
1157 4417 1454 4488 aliquando
1485 4434 1594 4474 non
1627 4418 1816 4488 fuerit,
1837 4428 1892 4475 et
1921 4406 1970 4464 1)

301 4526 427 4580 esse
473 4508 693 4566 demum
750 4510 1012 4580 ceperit?
1069 4509 1310 4582 Idipsum
1363 4524 1530 4582 porro
1586 4510 1733 4583 quod
1783 4518 1891 4577 est,

306 4602 466 4660 l’ater
513 4611 598 4659 est
642 4611 697 4658 et
745 4601 942 4669 Filius,
991 4611 1046 4660 et
1098 4603 1343 4674 Spiritus
1384 4612 1632 4661 sanctus.
1683 4605 1893 4661 Caetera

306 4693 511 4761 omnia,
538 4710 661 4767 quae
686 4696 911 4752 condita
938 4706 1085 4762 sunt,
1110 4711 1221 4752 non
1247 4711 1370 4754 esse
1398 4696 1893 4768 dicuntur,.qua,a

309 4788 576 4858 principio
605 4787 845 4859 quodam
882 4796 1064 4844 ortum
1100 4789 1438 4858 habuerunt;
1463 4790 1607 4847 inter
1628 4807 1751 4863 quae
1776 4805 1896 4845 ma-

308 4882 419 4936 lum
444 4883 606 4937 etiam
642 4882 788 4953 quod
818 4882 1020 4938 dicitur
1056 4881 1400 4943 referendum
1428 4893 1531 4941 est.
1561 4885 1891 4953 Malum,in-

307 4989 491 5043 quam,
519 4976 663 5044 quod
694 4975 763 5030 ab
791 4974 1108 5031 hominibus
1134 4975 1245 5046 jam
1267 4993 1320 5031 In
1360 4977 1535 5032 lucem
1568 4979 1731 5036 editis
1767 4987 1891 5035 tan-

304 5081 467 5136 quam
506 5082 536 5120 a
573 5068 842 5140 principio
873 5074 1115 5124 manavit
1147 5088 1160 5124 :
1195 5085 1321 5124 cum
1349 5081 1402 5125 et
1424 5071 1528 5140 ipsi
1560 5074 1889 5144 quandoque

306 5174 417 5214 non
462 5158 686 5225 fuerint,
726 5170 782 5216 ct
818 5169 933 5216 tum
979 5176 1105 5217 esse
1147 5163 1348 5216 malum
1381 5164 1631 5232 coeperit,
1668 5179 1794 5219 cum
1833 5175 1889 5221 et

306 5251 489 5314 homo,
514 5251 606 5320 qui
638 5259 797 5308 antea
830 5268 939 5307 non
967 5264 1106 5317 erat,
1140 5254 1409 5324 originem
1435 5256 1669 5325 accepit.
1702 5256 1887 5323 Quare

305 5342 484 5396 veniet
517 5349 734 5412 tempus
768 5358 893 5397 cum
928 5344 1131 5398 malum
1167 5345 1404 5415 amplius
1437 5359 1549 5402 non
1580 5349 1715 5417 erit;
1755 5364 1883 5405 cum

304 5433 531 5502 princth
562 5433 664 5502 ipsi
700 5435 925 5490 minime
955 5435 1100 5490 istud
1133 5436 1424 5506 placuerit,
1454 5440 1601 5509 quod
1640 5450 1821 5499 ortum
1853 5457 1884 5496 ιι

1995 3151 2041 3212 ὦ
2074 3156 2365 3230 Μαρκίων,
2388 3154 2571 3209 οὐκέτι
2597 3155 2771 3227 τριῶν
2799 3153 2986 3226 ἀρχῶν
3006 3154 3029 3187 ⁸
3057 3154 3241 3224 ζητεῖν
3271 3151 3372 3214 τὰς
3392 3149 3554 3222 ῥίζας
3573 3166 3591 3183 ο

1996 3248 2110 3303 ἀλλ’
2141 3248 2443 3320 ἐρευνήσας
2467 3245 2630 3301 ἄλλον
2665 3246 2834 3319 μῦθον
2868 3242 3078 3301 πολλῶν
3114 3243 3300 3317 ἀρχῶν
3330 3243 3426 3297 καὶ
3453 3242 3593 3296 πολ-

1995 3338 2106 3393 λῶν
2137 3338 2326 3410 ῥιζῶν,
2359 3338 2455 3394 καὶ
2494 3337 2695 3410 πολλῆς
2733 3336 3064 3411 τραγῳδίας.
3104 3335 3217 3390 Καὶ
3258 3334 3387 3388 ὅταν
3427 3348 3593 3387 συκοο
3710 3364 3717 3369 -

1996 3431 2213 3501 φωτῶν
2246 3431 2463 3502 πλάσῃς
2485 3448 2501 3461 ’
2532 3430 2596 3484 οὐ
2646 3428 2756 3502 γὰρ
2792 3428 2977 3501 εὕροις
3016 3425 3350 3497 συναντῆσαι
3388 3440 3475 3478 σοι
3504 3425 3593 3486 τὸ,

1994 3521 2495 3593 καταργουμένων
2520 3539 2534 3552 ·
2589 3521 2657 3574 ὲκ
2710 3520 2769 3574 δὲ
2823 3518 2918 3573 τοῦ
2965 3519 3125 3588 λόγου
3178 3516 3272 3571 τοῦ
3334 3516 3593 3584 λέγοντος

1995 3613 2498 3684 καταργουμένων
2527 3611 2951 3683 ἀναιρεθήσεται
2987 3612 3020 3681 ἡ
3056 3608 3210 3680 παρὰ
3252 3607 3345 3661 τοῦ
3381 3624 3593 3676 φαντα-

1994 3702 2198 3776 ζομένη
2225 3704 2462 3776 ἄναρχος
2490 3702 2600 3756 τῶν
2630 3701 2817 3773 ἀρχῶν
2852 3702 2998 3773 ῥίζα.
3035 3701 3152 3754 Πᾶν
3180 3698 3288 3770 γὰρ
3316 3698 3379 3751 τὸ
3422 3698 3591 3769 λῆγον

1993 3797 2096 3851 οὐκ
2128 3796 2299 3851 ἀΐδιον
2331 3796 2598 3868 ὑπάρχει·
2628 3794 2769 3848 ἀλλὰ
2805 3797 2855 3848 ει
2900 3794 3078 3866 ἀρχὴν
3124 3792 3252 3864 ἔσχε
3282 3789 3379 3844 τοῦ
3420 3787 3589 3853 εἶναι,

1995 3891 2094 3944 καὶ
2118 3890 2272 3953 τέλος
2314 3888 2521 3959 ὑφέξει.
2568 3888 2852 3943 Ἀδύνατον
2880 3886 2991 3958 γὰρ
3027 3885 3091 3939 τὸ
3136 3884 3311 3957 ἀρχὴν
3350 3882 3590 3954 ὲσχηκὺς

1993 3982 2325 4046 διαιωνίζειν
2372 3981 2594 4045 ἀϊδίως⁶
2626 3983 2675 4034 εί
2726 3981 2884 4052 μήτι
2933 3977 3000 4032 ἂν
3030 3977 3174 4032 θέλοι
3203 3976 3267 4030 τὸ
3307 3975 3367 4029 ὃν
3412 3975 3589 4029 αἴτιον

1993 4075 2287 4147 γενόμενον
2311 4073 2406 4129 τοῦ
2440 4076 2513 4145 μή
2560 4089 2691 4127 ποτε
2758 4073 2944 4137 ὄντος,
2992 4068 3306 4142 ἀρξαμένου
3375 4066 3436 4122 δὲ
3488 4066 3588 4120 τοῦ

1994 4162 2155 4221 εἶναι.
2202 4166 2277 4220 Τὸ
2308 4165 2367 4220 δὲ
2410 4164 2471 4219 ὃν
2504 4164 2623 4218 ἐστὶ
2678 4162 2898 4236 Πατὴρ,
2928 4165 3024 4217 καὶ
3074 4161 3234 4225 Υἱὸς,
3274 4158 3372 4212 καὶ
3426 4160 3584 4227 ἅγιον

1996 4257 2256 4329 Πνεῦμασ
2297 4257 2358 4312 τὸ
2386 4257 2446 4311 δὲ
2482 4256 2556 4329 μὴ
2599 4255 2660 4310 ὃν
2709 4256 2830 4308 ἐστὶ
2871 4253 3054 4308 πάντα
3085 4253 3156 4307 τὰ
3194 4249 3515 4322 κεκτημένα
3538 4250 3585 4314 ⁵,

1997 4350 2172 4422 ἀρχὴν
2220 4351 2497 4422 ἐσχηκότα
2522 4348 2619 4403 τοῦ
2662 4345 2824 4412 εῖναι,
2859 4348 2918 4401 ὲν
2946 4340 3031 4411 οἷς
3075 4346 3145 4401 ἂν
3183 4345 3279 4401 καὶ
3319 4343 3383 4397 τὸ
3431 4343 3589 4413 λεγό-

2003 4462 2164 4516 μενον
2186 4445 2357 4499 κακόν
2376 4461 2392 4475 ο
2424 4446 2520 4499 καὶ
2539 4442 2600 4497 ὃν
2626 4443 2795 4498 κακὸν
2816 4441 2929 4496 ἀπὸ
2952 4439 3255 4513 ἀνθρώπων
3277 4437 3587 4513 ἀρξάμενον

1993 4536 2105 4591 τῶν
2133 4537 2461 4609 γενομένων,
2494 4537 2596 4591 οὐκ
2625 4535 2797 4590 ὅντων
2830 4534 2979 4596 ποτὶ,
3010 4532 3186 4604 ἀρχὴν
3206 4531 3265 4585 δὲ
3285 4529 3378 4584 τοῦ
3408 4526 3585 4584 κακοῦ

1994 4629 2290 4700 ἐσχηκότος
2312 4669 2326 4693 ,
2376 4628 2527 4693 ἐξότε
2565 4628 2661 4681 καὶ
2703 4627 2732 4679 ὁ
2770 4624 3056 4698 ἄνθρωπος
3095 4624 3125 4676 ὁ
3167 4622 3270 4675 οὐκ
3307 4619 3387 4674 ὢν
3421 4635 3583 4681 ποτε,

1993 4715 2179 4769 οὐκέτι
2220 4715 2374 4771 ἔσται
2419 4714 2483 4769 τὸ
2523 4715 2714 4770 κακόν.
2765 4711 3178 4784 Ἀναμφισόλως
3217 4710 3329 4781 γὰρ
3364 4711 3589 4779 ἀναιρε-

1995 4808 2256 4879 θήσεται,
2311 4809 2400 4863 διά
2452 4808 2515 4861 τὸ
2541 4807 2645 4880 ,μὴ
2697 4804 3039 4859 συνευδοκεῖν
3085 4801 3179 4855 τὸν
3230 4801 3470 4872 ἄρχοντα
3507 4796 3587 4867 τῷ

1994 4903 2171 4975 ἀρχὴν
2216 4901 2506 4974 ὲσχηκότι,
2547 4902 2642 4955 καλ⁵
2696 4901 2755 4954 ὲν
2792 4896 3019 4967 φαύλοις
3066 4892 3261 4948 ἑαυτὸν
3308 4891 3588 4962 καταστή-

1995 5010 2152 5048 σαντι
2172 5010 2185 5024 ο
2220 4993 2563 5064 παυθήσεται
2591 4991 2702 5063 γὰρ
2748 4987 2889 5059 μετὰ
2924 4988 3025 5059 τὴν
3057 4985 3358 5040 ἀνάστασιν
3393 4982 3457 5035 οὐ
3490 4981 3587 5052 μό-

1994 5101 2119 5148 νον,
2163 5083 2303 5138 ἀλλὰ
2349 5086 2446 5139 καὶ
2490 5083 2600 5138 ἀπὸ
2632 5082 2731 5153 τῆς
2770 5078 2865 5134 τοῦ
2910 5079 3076 5149 νόμου
3128 5073 3447 5148 κηρύξεως·
3490 5072 3589 5126 καὶ

1995 5175 2103 5247 πρὸ
2130 5175 2285 5229 τοῦδε
2320 5176 2487 5247 νόμου
2527 5174 2643 5228 ἀπὸ
2669 5171 2881 5226 πολλῶν
2904 5170 3014 5224 τῶν
3050 5167 3193 5223 κατά
3218 5166 3312 5220 τὸν
3354 5163 3587 5236 φυσικὸν

1993 5268 2157 5338 νόμον
2214 5266 2724 5338 πεπολιτευμένων
2777 5266 2872 5318 καὶ
2938 5263 3017 5315 ἔτι
3060 5278 3124 5331 γε
3178 5257 3590 5331 περισσοτέρως

1994 5359 2104 5412 ἀπὸ
2131 5359 2231 5432 τῆς
2262 5357 2355 5412 τοῦ
2390 5357 2630 5431 Χριστοῦ
2673 5357 2943 5427 ὲνσάρκου
2989 5350 3329 5425 παρσυσίαςο
3383 5345 3587 5400 τελειό-

1992 5466 2131 5503 τατα
2146 5451 2201 5504 δὲ
2217 5451 2326 5505 ἀπὸ
2340 5451 2436 5521 τῆς
2448 5450 2558 5505 τῶν
2571 5448 2780 5520 νεκρῶν
2791 5445 3159 5507 ἀναστάσεως.
3178 5439 3398 5511 Ἐπειδὴ
3412 5436 3588 5492 σπεί-

302 5524 570 5594 principio
598 5526 774 5596 ipsum
813 5526 868 5580 in
910 5526 1181 5599 malorum
1214 5542 1444 5583 numero
1484 5540 1643 5599 atque
1691 5533 1887 5590 ordine

2006 5559 2198 5596 οονται
2224 5543 2295 5597 ἐν
2313 5541 2523 5614 φθορᾷ,
2555 5540 2886 5613 ἐγείρονται
2922 5537 2992 5591 ἐν
3020 5532 3355 5606 ἀφθαρσίᾳ,
3382 5527 3586 5600 μηκέτι

643 5644 833 5734 1,119;
870 5646 975 5702 lsa.
1038 5661 1188 5715 nix,
1230 5632 1295 5699 ιι
1400 5647 1421 5678 ²
1452 5646 1469 5699 l
1497 5647 1627 5702 Cor.
1693 5667 1728 5717 l,
1793 5653 1894 5724 ὄις

2006 5678 2041 5717 r.
2098 5677 2174 5729 nt,
2228 5661 2320 5734 25,
2372 5661 2465 5717 24.

301 5708 325 5746 ⁵
356 5706 422 5766 F.
465 5706 812 5772 κεκτισμένα.

2578 5660 2599 5692 ³
2627 5657 2647 5714 l
2672 5658 2799 5714 Cor.
2832 5671 2894 5727 ιι,
2923 5653 2976 5711 6.
3077 5649 3101 5683 ⁸
3122 5662 3209 5714 γρ.
3280 5643 3592 5715 ἀρχόντων,
