3960 6140
386 273 482 329 781
1052 267 1416 327 ADVERSUS
1455 265 1795 323 IIIEKESES
1833 265 1958 321 LIB.
1997 263 2036 322 1,
2079 263 2244 320 ΤΟΜ.
2281 263 2372 319 Ill.
2406 260 2762 319 -—H}ERES.
2810 259 2970 316 XLII.
3540 259 3647 314 782

382 392 443 447 τὺ
472 390 639 445 κακὸν
677 381 1070 460 ἐργαζόμενοι,
1115 390 1311 460 μηκέτι
1365 388 1818 458 ἀποθνήσκοντες.
1861 386 1965 438 Καὶ

2081 383 2393 438 collocarat.
2428 382 2596 453 Igitur
2626 396 2736 436 non
2771 381 2948 435 solum
2985 385 3107 449 post
3138 391 3428 448 corporum
3462 394 3650 436 resur—

381 483 466 536 δτι
505 481 562 533 δὲ
609 479 972 549 παυθήσεται,
1019 481 1360 550 μαρτυρήσει
1397 481 1426 532 ὁ
1467 479 1630 542 αὐτὸς
1669 477 1838 545 λόγος
1863 476 1958 529 τοῦ

2081 475 2358 530 'cctiouem
2386 473 2620 536 desinet,
2653 472 2746 529 sed
2768 471 3091 542 jamdudum
3122 472 3190 528 ab
3213 472 3330 542 ipsa
3355 471 3491 540 legis
3517 487 3648 541 pro-

396 568 718 625 Ἀποστόλου
766 569 1024 635 φάσκων·
1070 566 1203 621 Τῶν
1235 569 1544 637 ἀρχόντων
1591 566 1697 621 τοῦ
1745 565 1957 630 αἰῶνος

2081 564 2431 634 uulgatione;
2488 565 2597 618 imo
2645 571 2772 619 ante
2821 564 2991 634 legem
3046 563 3220 632 ipsam
3269 563 3325 617 in
3373 562 3650 632 plerisque

382 661 597 714 τούτου
623 657 742 710 τῶν
774 656 1286 725 καταργουμένων.
1317 658 1428 712 Καὶ
1455 656 1723 728 ἀνῄρηται
1757 672 1959 709 παντα-

2081 655 2245 718 lesiit.
2276 657 2370 726 qui
2401 656 2563 711 vitam
2587 670 2740 710 suam
2763 669 2829 708 ex
2859 654 3124 707 naturalis
3157 653 3292 722 legis
3321 653 3664 723 praescripto,

380 751 537 824 κόθεν
561 752 594 820 ἡ
621 749 762 802 κατὰ
783 748 864 811 σὲ,
887 742 932 800 ὦ
965 748 1251 819 Μαρκίων,
1275 749 1552 812 ὑπόῦεσις,
1582 745 1958 817 φαντασιώδης

2081 755 2459 818 ηθωροτιινυηι.
2514 745 2619 802 Sed
2653 747 2825 800 multo
2862 745 3034 816 magis
3070 752 3196 815 post
3225 744 3431 800 Christi
3463 744 3651 798 Salva-

381 859 464 904 τις
491 835 625 893 οὖσα
655 839 746 891 καὶ
778 837 999 907 ψευδὴς,
1031 839 1126 889 καὶ
1150 836 1404 900 ἄστατος,
1430 838 1522 890 καὶ
1547 836 1759 903 ἄλογος.

2083 839 2196 892 oris
2219 837 2548 902 adventum;
2582 851 2644 890 ac
2674 835 2910 905 denique
2941 843 3066 906 post
3093 840 3434 889 mortuorum
3466 850 3653 889 resur-

380 931 678 986 rectionem
706 929 863 996 longe
927 926 980 980 id
1047 927 1381 982 cumulatius
1449 926 1680 981 accidet.
1737 923 2191 996 Quandoquidem
2234 929 2564 982 seminantur
2610 926 2665 978 in
2710 927 3063 996 corruptione,
3103 933 3324 994 surgunt
3369 939 3543 978 autem
3591 923 3645 978 in

379 1021 824 1092 iucorruptione',
846 1035 948 1076 nec
983 1022 1185 1076 malum
1205 1020 1436 1091 amplius
1462 1026 1795 1091 perpetrant,
1847 1034 2026 1089 neque
2077 1021 2409 1075 moriuntur.
2446 1022 2524 1075 Ac
2556 1028 2898 1076 cessaturum
2933 995 3152 1090 quidem
3191 1017 3412 1074 omnino
3447 1015 3650 1070 malum
3720 1045 3721 1048 η

378 1120 568 1174 eadem
605 1120 694 1174 illa
729 1117 975 1190 Apostoli
1051 1124 1285 1172 testatur
1343 1115 1524 1170 oratio
1577 1133 1590 1168 :
1633 1113 1941 1183 Principum
2001 1113 2159 1183 hujus
2208 1115 2409 1180 sa’culi,
2456 1115 2546 1184 qui
2593 1124 2928 1184 evacpuantur.
2971 1111 3051 1166 Ex
3096 1128 3204 1183 quo
3246 1126 3443 1166 vanum
3492 1118 3646 1163 tuum

382 1217 512 1272 illud
548 1217 752 1287 Ldogma
792 1213 1053 1277 concidit,
1099 1211 1322 1278 Marcio,
1356 1211 1500 1282 quod
1540 1211 1796 1281 opinione
1831 1210 1945 1265 sola
1983 1212 2300 1274 conﬁctum,
2331 1210 2595 1276 mendax,
2653 1209 2997 1275 inconstans,
3065 1208 3374 1279 rationique
3428 1206 3651 1262 minime

340 1357 344 1360 .
382 1314 810 1361 consentaneum
841 1313 944 1358 est.

452 1397 494 1450 δ’
515 1398 608 1451 καὶ
629 1395 694 1466 ιβ’
729 1395 879 1466 σχόλ.
917 1393 1248 1463 Γέγραπται
1268 1391 1379 1462 γάρ
1400 1409 1413 1423 °
1447 1393 1500 1444 Ὀ
1535 1391 1954 1462 δρασσόμενος

249 1472 290 1524 ἰ
382 1490 525 1556 τοὺς
552 1487 782 1556 σοφοὺς
812 1488 882 1541 ἐν
915 1486 990 1556 τῇ
1015 1487 1348 1555 πανουργίᾳ
1373 1484 1572 1540 αὐτῶν
1595 1503 1608 1515 ·
1635 1487 1729 1539 καὶ
1763 1487 1922 1540 πάλιν
1940 1505 1952 1515 ·

384 1583 597 1650 Κύριος
635 1579 912 1649 γινώσκει
941 1578 1084 1644 τοὺς
1113 1576 1542 1646 διαλογισμοὺς
1583 1577 1704 1631 τῶν
1737 1578 1959 1646 ἀνθρώ-

382 1686 530 1733 πων,
556 1669 644 1722 ὅτι
673 1668 790 1722 sici
812 1666 1070 1736 μάταιοι.

447 1762 495 1815 δ’
521 1763 613 1814 καὶ
645 1761 710 1830 ιβ’
736 1761 916 1831 ἔλεγχ.
949 1761 1042 1822 Τὸ,
1065 1759 1402 1828 γέγραπται,
1431 1762 1511 1824 εἰς
1527 1760 1728 1830 χρῆσιν
1757 1775 1960 1829 προφε-

385 1851 635 1922 ρόμενον,
666 1851 760 1904 καὶ
787 1849 870 1915 τὸ,
918 1849 1196 1919 γινώσκει
1240 1850 1470 1918 Κύριος,
1509 1850 1958 1921 ὁμολογούμενον,

383 1944 484 1996 οὐκ
525 1942 804 2013 ἀλλότριον
862 1943 1098 2013 ὑπάρχει
1147 1941 1225 2012 τῷ
1265 1941 1649 2013 ἀναλεξαμένῳ
1697 1942 1757 1994 τὸ
1800 1941 1961 2012 ῥητὸν

383 2033 476 2086 τοῦ
516 2033 674 2101 λόγου
701 2049 714 2062 ο
740 2034 882 2101 φημὶ
913 2033 970 2086 δὲ
1009 2033 1084 2102 τῷ
1121 2033 1259 2103 ἁγίῳ
1303 2033 1632 2104 Ἀποστὸλῳ,
1666 2034 1797 2103 παρ’
1843 2026 1887 2100 ᾧ
1925 2032 1960 2102 ἡ

385 2124 578 2194 χρῆσις
607 2124 925 2195 ἐμφέρεται·
969 2123 1059 2191 Ἐξ
1091 2118 1156 2195 ἧς
1201 2125 1448 2195 χρήσεως
1476 2127 1504 2178 ὁ
1538 2123 1824 2196 χαρακτὴρ
1855 2141 1959 2191 φα-

384 2218 551 2267 νεῖται
577 2215 676 2266 οὐκ
705 2213 984 2284 ἀλλοτρίου
1016 2214 1107 2267 τοῦ
1135 2214 1490 2286 κηρύγματος
1511 2215 1604 2268 τοῦ
1639 2215 1960 2267 Ἀποστόλου

385 2306 492 2359 ἀπὸ
524 2307 620 2375 τῆς
647 2304 889 2367 Παλοκᾶς
930 2304 1224 2376 Διαθήκης.
1266 2305 1387 2358 ὅθεν
1421 2304 1572 2357 αῦτῶ
1619 2306 1652 2375 ἡ
1691 2308 1960 2376 μαρτυρία

386 2397 638 2466 συνέστη.

457 2488 500 2541 ε’
529 2489 623 2541 καὶ
648 2485 716 2555 ιγ’
743 2485 890 2556 σχὸλ.
921 2487 1028 2542 Καὶ
1063 2487 1170 2558 γὰρ
1202 2490 1264 2539 τὸ
1316 2489 1532 2558 Πάσχα
1579 2487 1746 2560 ἡμῶν
1781 2488 1960 2554 ἐτύθη

387 2578 637 2646 Χριστός

457 2675 496 2722 ε’
527 2670 621 2722 καὶ
655 2675 721 2737 ιγ’
749 2669 926 2740 ἔλεγχ.
965 2669 1026 2722 Εἰ
1063 2669 1254 2740 Πάσχα
1279 2670 1306 2721 6
1335 2670 1654 2733 ’Λπόστολος
1691 2671 1962 2740 ὁμολογεῖ,

388 2761 483 2812 καὶ
505 2757 733 2811 τυθέντα
763 2757 856 2811 τὸν
881 2758 1115 2829 Χριστὸν
1146 2759 1244 2811 οὐκ
1269 2759 1532 2828 ἀρνεῖται,
1556 2759 1657 2812 οὐκ
1688 2758 1963 2829 ἀλλότριον

364 2843 447 2903 ’τὸ
476 2851 668 2919 Πάσχα
697 2848 791 2903 τοῦ
828 2849 1089 2921 Χριστοῦ,
1119 2847 1214 2902 τοῦ
1241 2849 1382 2903 κατὰ
1412 2850 1575 2920 νόμον
1604 2849 1794 2920 Πάσχα
1827 2848 1964 2922 πρό-

388 2941 550 2997 ϐατον
578 2941 792 3005 θύοντος
828 2941 1119 3012 ἀληθινῶς,
1156 2943 1250 2994 καὶ
1275 2942 1335 2994 οὐ
1363 2941 1601 3014 δοκήσει,
1633 2941 1693 2994 ού
1717 2943 1732 2972 ί
1758 2939 1966 3012 προϐά-

2132 1382 2316 1462 St-hol.
2363 1381 2396 1436 4
2450 1388 2505 1436 et
2567 1381 2654 1434 12.
2705 1380 2968 1450 Scriptum
3003 1389 3080 1434 est
3127 1382 3266 1436 enim
3303 1398 3321 1434 :
3369 1381 3474 1447 Qui
3511 1397 3651 1438 com-

2060 1473 2329 1542 prehendit
2352 1473 2611 1540 sapientes
2643 1473 2698 1525 in
2729 1473 2926 1526 astutia
2972 1489 3149 1526 eorum
3181 1472 3222 1528 ³.
3253 1473 3414 1544 355
3454 1472 3519 1527 Et
3546 1475 3650 1529 ile-

2063 1580 2184 1620 rum
2221 1582 2232 1618 :
2269 1563 2528 1616 Dominus
2585 1563 2728 1617 novit
2787 1563 3109 1633 cognitiones
3172 1563 3465 1628 hominum,
3523 1567 3648 1636 quia

2064 1669 2211 1708 vana:
2240 1663 2361 1707 sunt
2387 1652 2433 1701 ⁸.

1990 1708 2034 1762 Β
2135 1742 2318 1798 Refut.
2352 1743 2388 1796 4
2419 1743 2576 1798 ειη.
2625 1740 2774 1795 Istud
2819 1738 3030 1811 ipsum,
3069 1739 3330 1810 Scriptum
3378 1751 3477 1808 est,
3513 1752 3648 1805 etc.,

2066 1835 2134 1890 ad
2169 1850 2327 1891 usum
2359 1834 2723 1899 translatum;
2757 1833 3013 1903 itemque,
3046 1835 3186 1887 novit
3209 1833 3486 1895 Dominus,
3517 1844 3647 1895 etc..

2067 1927 2170 1981 hac
2211 1927 2504 1981 autoritate
2547 1925 2984 1994 comprobatum,
3036 1925 3272 1979 alienum
3319 1925 3388 1978 ab
3430 1939 3497 1978 eo
3544 1925 3651 1977 mi-

2067 2019 2215 2073 nime
2260 2023 2536 2077 censetur,
2589 2015 2682 2085 qui
2735 2015 2876 2069 hanc
2923 2029 2956 2071 e
2996 2011 3283 2084 Scriptura
3325 2014 3649 2069 sententiam

2067 2107 2312 2178 protulit,
2363 2107 2626 2176 Apostolo
2688 2105 2962 2171 videlicet,
3020 2119 3051 2159 a
3105 2120 3216 2176 quo
3272 2107 3378 2160 ista
3420 2104 3653 2159 collecta

2067 2206 2218 2253 sunt.
2267 2199 2446 2267 Atque
2500 2197 2604 2251 hoc
2663 2211 2730 2252 ex
2768 2212 2870 2250 usu
2903 2197 3147 2250 locorum
3213 2196 3349 2251 satis
3402 2205 3648 2264 apparet,

2066 2289 2382 2358 apostolicae
2418 2287 2685 2342 doctrina:
2734 2285 2966 2341 formam
3005 2286 3143 2341 nihil
3174 2301 3203 2340 a
3238 2285 3430 2340 Vetere
3457 2285 3652 2342 Testa-

2067 2385 2252 2432 mento
2282 2377 2571 2441 dissidere,
2601 2376 2761 2445 cujus
2788 2375 2878 2431 ille
2909 2376 3280 2431 testimonium
3306 2375 3574 2431 adhibuit.

2140 2467 2326 2524 Schol.
2355 2469 2388 2523 5
2409 2477 2463 2524 et
2490 2469 2578 2522 15.
2610 2467 2816 2522 Etenim
2849 2466 3056 2523 Pascha
3078 2478 3317 2523 nostrum
3347 2467 3648 2522 immolatus

2064 2569 2144 2614 est
2179 2559 2424 2614 Christus
2454 2560 2496 2612 '.

2140 2651 2322 2708 Refut.
2391 2654 2427 2708 5
2489 2661 2544 2708 et
2614 2653 2700 2707 l5.
2759 2652 2893 2707 Cum
2960 2659 3014 2706 et
3077 2651 3286 2707 Pascha
3357 2652 3649 2721 Apostolus

2068 2752 2352 2816 agnoscat,
2395 2752 2449 2799 et
2491 2744 2825 2797 immolatum
2861 2742 3141 2798 Christum
3183 2759 3292 2798 non
3320 2729 3498 2813 neget,
3542 2757 3648 2796 neu

2067 2844 2154 2892 est
2182 2833 2600 2892 abalienandum
2627 2848 2658 2888 a
2681 2833 2902 2888 Christo
2928 2832 3140 2888 Pascha
3162 2835 3256 2903 qui
3278 2849 3345 2888 ex
3367 2833 3650 2887 Paschalis

2070 2930 2188 2999 lege
2219 2938 2418 2983 verum
2455 2925 2668 2996 Agnum
2703 2939 2812 2980 non
2842 2926 3022 2996 specie
3044 2935 3205 2981 tenus
3234 2925 3478 2979 immolat
3508 2944 3520 2977 :
3555 2941 3653 2979 cu-

387 3049 482 3086 του
525 3033 694 3097 τύπος
744 3029 813 3105 ῆν
839 3035 868 3087 6
906 3034 973 3086 ού
1003 3033 1224 3103 δοκήσει
1253 3033 1516 3103 θυόμενος
1550 3033 1802 3104 Χριστὸς,
1841 3031 1964 3086 οὐδὲ

2081 3020 2158 3085 ius
2196 3020 2319 3091 agni
2357 3018 2588 3073 formam
2630 3031 2738 3072 non
2785 3016 2967 3087 specie
3009 3017 3135 3070 item
3186 3016 3304 3071 sola
3339 3015 3653 3070 immolatus

387 3123 515 3177 ἄνευ
574 3123 774 3194 σαρκὸς
823 3124 1067 3194 πάσχων.
1115 3124 1240 3188 Πῶς
1295 3124 1404 3196 γὰρ
1462 3125 1694 3195 ἠδύνατο
1745 3123 1964 3195 πνεῦμα

391 3214 614 3271 θύεσθαι
639 3235 655 3285 ;
693 3216 858 3290 Δῆλον
889 3216 988 3272 οὐκ
1012 3215 1274 3289 ἠδύνατοσ
1312 3216 1386 3288 μὴ
1411 3215 1713 3288 δυναμένου
1744 3215 1804 3269 δὲ
1837 3215 1964 3270 ἄνευ

393 3311 594 3382 σαρκὸς
629 3311 874 3382 τυθῆναι,
910 3313 1160 3376 τυθέντος
1189 3312 1246 3365 δὲ
1282 3311 1342 3365 ἐν
1377 3309 1609 3382 ἀληθείᾳ
1633 3309 1746 3379 (81)
1778 3307 1970 3379 ὁμολο-

390 3405 566 3470 γεῖται
594 3401 684 3454 διὰ
709 3401 809 3473 τῆς
835 3402 930 3456 τοῦ
973 3401 1299 3456 Ἀποστόλου
1340 3398 1745 3472 ἀναμφιλέκτου
1774 3396 1967 3468 ὁμολο-

391 3494 532 3561 γίας.
583 3493 791 3547 Οὐκοῦν
835 3495 899 3546 ὲκ
957 3494 1157 3558 παντὸς
1201 3494 1390 3563 σαφῶς
1441 3493 1818 3547 ἀποδέδεικται
1867 3489 1969 3545 οὐκ

391 3583 670 3654 ἀλλότριος
691 3586 719 3636 6
752 3583 915 3654 νόμος
945 3582 1101 3653 τύπῳ
1130 3584 1428 3656 φερόμενος
1453 3583 1630 3655 χρόνῳ
1676 3583 1839 3652 μέχρι
1872 3578 1968 3634 τοῦ

391 3674 766 3746 ὲντελεστὲρου
814 3674 910 3728 καὶ
959 3674 1225 3746 ἐναργοῦς
1275 3675 1548 3746 προϐάτου
1602 3673 1856 3735 τυθέντος
1910 3674 1969 3725 ὲν

391 3767 620 3840 ὀληθείᾳ
649 3765 910 3838 Χριστοῦ,
949 3761 1009 3821 οὗ
1043 3769 1285 3837 προῆγεν
1324 3768 1382 3818 ὲν
1413 3767 1525 3828 τοῖς
1557 3765 1806 3827 παλαιοῖς
1843 3763 1969 3834 χρό-

393 3877 504 3922 νοις
525 3859 703 3922 ἄλλοις
727 3857 987 3930 θυόμενον
1009 3858 1070 3911 τὸ
1085 3857 1357 3928 πρόϐατον
1385 3857 1445 3910 τὸ
1471 3856 1744 3927 αἰσθητόν.
1780 3853 1970 3923 Ἠμῶν

393 3951 462 4007 es
493 3951 559 4006 τὸ
592 3951 808 4020 Πάσχα
842 3950 1022 4019 ἐτύθη
1057 3951 1329 4019 Χριστός.

468 4227 521 4285 ς’
556 4220 649 4274 καὶ
683 4218 742 4272 ιδ’
768 4217 914 4290 σχόλ.
957 4219 1079 4272 Οὐκ
1106 4215 1327 4278 οἴδατε,
1379 4212 1469 4267 ὅτι
1510 4214 1544 4267 ὁ
1588 4211 1970 4280 κολλώμενος

396 4309 474 4382 τῇ
514 4313 703 4379 πόρνῃ
743 4308 812 4363 ἓν
834 4306 1004 4377 σῶμά
1049 4307 1254 4369 ἐστιν;
1287 4306 1572 4361 Ἔσονται
1614 4301 1726 4370 γὰρ
1761 4302 1816 4353 οἱ
1859 4297 1970 4352 δύο

389 4406 445 4459 εἷ
451 4425 482 4471 ς
509 4402 707 4472 σάρκα
735 4401 902 4471 μίαν.

470 4501 522 4560 ς’
557 4494 649 4546 καὶ
678 4493 737 4546 ιδ’
762 4491 940 4561 ελεγχ.
977 4492 1038 4544 Ei
1069 4489 1172 4543 οὐκ
1215 4487 1421 4559 ἀληθὴς
1446 4489 1476 4540 6
1518 4486 1701 4554 νόμος,
1742 4483 1849 4536 τίνι
1891 4483 1971 4553 τῷ

395 4586 540 4656 λόγῳ
571 4587 618 4638 oi
652 4583 872 4652 ἀληθεῖς
901 4581 999 4646 τὰς
1036 4581 1338 4654 μαρτυρὶας
1367 4579 1475 4633 ἀπὸ
1507 4576 1602 4631 τοῦ
1635 4577 1802 4647 νόμου
1835 4573 1973 4645 λαμ-

397 4679 684 4744 ϐάνουσινς
741 4669 816 4730 ὧν
852 4669 933 4737 εἷς
973 4674 1206 4746 ὑπάρχει
1239 4674 1268 4726 ὁ
1305 4671 1460 4738 ἅγιος
1499 4668 1635 4722 Θεοῦ
1675 4666 1974 4727 ἀπόστολος

398 4769 631 4834 Παῦλος,
659 4769 688 4820 6
727 4767 826 4839 τὴν
859 4766 1164 4839 μαρτυρίαν
1209 4763 1414 4834 ταύτην
1450 4762 1588 4833 μετὰ
1629 4761 1724 4814 καὶ
1762 4759 1973 4814 πολλῶν

399 4862 573 4916 ἄλλων
601 4859 783 4913 λαϐὼν
827 4859 904 4922 εἰς
944 4859 1146 4930 ἐναργῆ
1193 4857 1536 4930 παράστασιν
1578 4852 1836 4919 ἀληθείας
1883 4852 1974 4904 καὶ

401 4953 754 5025 κηρύγματος
788 4950 992 5021 ἀγαθοῦ
1025 4949 1184 5018 Θεοῦ.

473 5041 514 5108 ζ⁴
541 5043 635 5097 καὶ
672 5043 731 5095 ιε’
762 5040 907 5113 σχόλ.
947 5040 1443 5110 Μετηλλαγμένωςο
1466 5039 1587 5092 ἀντὶ
1619 5037 1728 5108 γὰρ
1757 5033 1872 5098 τοῦ,
1904 5034 1973 5086 ἐν

401 5133 482 5202 τῷ
510 5135 687 5205 νόμῳ,
733 5133 904 5203 λέγει,
931 5133 1001 5186 ἐν
1029 5131 1107 5197 τῷ
1161 5131 1455 5197 Μωῦσέως
1499 5129 1676 5199 νόμῳ.
1713 5127 1874 5196 Λέγει
1915 5126 1971 5178 δὲ

402 5226 510 5298 πρὸ
539 5225 724 5280 τούτου
743 5241 760 5259 ο
793 5228 847 5279 εὶ
875 5223 972 5278 καὶ
1015 5225 1045 5276 ό
1074 5224 1254 5293 νόμος
1291 5222 1474 5277 ταῦτα
1500 5224 1569 5275 οὐ
1602 5221 1783 5290 λέγει.

479 5445 494 5476 ¹
523 5443 584 5500 ιτ.
605 5445 674 5497 οὐ
708 5445 864 5514 προϐ.
884 5445 962 5514 ,1η
980 5442 1101 5498 Vat.
1137 5441 1425 5514 legrztino;
1450 5439 1520 5514 ἦν
1556 5441 1585 5492 ὁ
1611 5441 1854 5514 δοκήσςι,

1971 5443 1989 5473 ⁸
2031 5440 2046 5492 1
2079 5438 2204 5495 Cor.
2238 5453 2329 5500 xv,
2363 5436 2450 5490 ω.

357 5586 372 5594 ἢ
405 5527 558 5578 xcnt,
595 5515 681 5569 tl.
752 5503 779 5546 ’⁵
818 5513 993 5570 lCor.
1026 5531 1080 5580 ν,
1113 5514 1163 5568 7.
1189 5503 1216 5512 ”
1240 5513 1260 5543 ⁸
1288 5515 1310 5566 Ι
1346 5503 1570 5578 ϐοτίνι,
1603 5510 1690 5567 16.
1733 5503 1744 5512 ’
1783 5511 1801 5540 ⁷
1833 5511 1965 5566 Gen.

2099 5510 2197 5575 2t;
2230 5508 2420 5563 Matth.
2454 5521 2570 5568 XIX,
2615 5503 2668 5557 5.

2066 3109 2321 3170 Christus
2349 3121 2451 3163 nec
2481 3107 2601 3163 sine
2628 3120 2794 3161 carne
2822 3121 3020 3176 passus
3053 3105 3339 3174 expressit.
3373 3101 3476 3168 Qui
3505 3102 3650 3158 enim

2069 3199 2296 3255 mactari
2343 3198 2572 3268 spiritus
2617 3196 2840 3266 posset?
2890 3194 3035 3251 Sane
3071 3194 3188 3250 ﬁeri
3231 3193 3378 3248 istud
3427 3193 3654 3247 omnino

2068 3293 2295 3362 nequit;
2337 3291 2432 3348 sed
2471 3304 2649 3362 neque
2687 3289 2806 3345 sine
2837 3304 3005 3345 carne
3042 3294 3222 3359 potest
3263 3287 3464 3342 occidi.
3501 3286 3654 3340 Occi-

2070 3398 2191 3439 sum
2221 3389 2401 3437 autem
2433 3397 2559 3438 esse
2591 3394 2804 3447 revera,
2841 3380 2987 3435 haud
3018 3379 3184 3434 dubia
3229 3377 3475 3449 Apostoli
3515 3392 3618 3432 con
3640 3405 3653 3417 -

2035 3474 2312 3532 stessioue
2356 3475 2689 3530 declaratur.
2742 3472 3107 3539 Quamobrem
3151 3473 3466 3527 necessaria
3519 3472 3653 3526 illud

2069 3568 2284 3626 ratione
2325 3567 2598 3638 colligitur
2638 3585 2651 3619 :
2691 3580 2800 3620 non
2847 3565 3079 3621 alienam
3123 3579 3246 3620 esse
3286 3563 3482 3642 legem,
3531 3579 3654 3635 quae

2071 3661 2409 3720 adumbratis
2448 3661 2614 3718 rebus
2643 3674 2708 3715 ac
2741 3657 2932 3730 ﬁguris
2966 3656 3156 3712 tandiu
3201 3655 3525 3723 constabat,
3556 3654 3654 3709 do-

2070 3767 2172 3808 nec
2221 3751 2532 3822 perfectior,
2584 3750 2838 3819 idemque
2877 3748 3203 3804 manifestus
3248 3762 3421 3818 agnus
3461 3760 3656 3801 succc-

2070 3842 2253 3906 deret,
2301 3843 2406 3898 hoc
2452 3853 2535 3897 est
2585 3841 2839 3896 Christus
2889 3841 3072 3911 reipsa
3121 3847 3427 3902 mactatus,
3484 3853 3650 3908 quem

2071 3935 2270 4006 priscis
2293 3932 2632 4004 temporibus
2663 3931 2961 3986 antecessit
2989 3930 3126 3985 alter
3156 3929 3245 3984 ille
3273 3929 3365 4000 qui
3398 3928 3650 3983 immola-

2071 4026 2228 4080 batur
2261 4040 2454 4095 agnus,
2479 4024 2679 4093 quique
2707 4037 2873 4078 sensu
2905 4020 3109 4091 percipi
3134 4028 3362 4089 poterat.
3392 4017 3651 4072 Nostrum

2071 4133 2190 4172 vero
2226 4115 2434 4172 Pascha
2468 4113 2773 4168 immolatus
2801 4121 2878 4167 est
2907 4110 3170 4166 Christus.

2145 4207 2328 4262 Schol.
2359 4206 2393 4261 6
2421 4212 2475 4260 et
2506 4205 2593 4260 M.
2637 4203 2864 4258 Nescitis
2905 4202 3056 4274 quod,
3079 4203 3168 4273 qui
3209 4201 3440 4256 adhwret
3493 4216 3653 4256 more-

2075 4299 2214 4363 trici,
2250 4314 2411 4351 unum
2434 4311 2620 4364 corpus
2648 4304 2726 4350 est
2749 4293 2810 4348 ‘.’
2838 4293 3003 4349 Erunt
3037 4294 3198 4360 enim,
3233 4294 3424 4364 inquit,
3463 4291 3569 4347 duo
3598 4293 3653 4346 in

2005 4396 2048 4452 Β
2075 4406 2288 4445 carnem
2316 4405 2478 4444 uuam
2507 4389 2550 4442 '.

2149 4480 2330 4536 Beiut.
2363 4479 2396 4535 6
2423 4486 2478 4534 et
2498 4477 2586 4534 14.
2617 4475 2734 4533 Nisi
2763 4490 2891 4532 vera
2925 4475 3009 4531 lex
3042 4475 3134 4539 sit,
3160 4473 3289 4545 quid
3322 4479 3407 4530 est
3431 4474 3649 4529 tandem

2077 4572 2222 4646 quod
2251 4570 2344 4643 qui
2374 4568 2587 4626 veritati
2621 4566 2842 4623 student
2867 4564 3221 4620 auctoritates
3257 4578 3326 4618 ex
3348 4563 3439 4617 illa
3460 4563 3654 4631 depro-

2073 4665 2272 4722 munt?
2303 4659 2612 4731 cuiusmodi
2643 4669 2867 4714 sanctus
2893 4655 2989 4711 Dei
3036 4655 3318 4725 apostolus
3338 4662 3422 4708 est
3451 4648 3666 4712 Paulus.

2079 4757 2321 4829 quicum
2356 4753 2478 4808 aliis
2511 4748 2816 4804 innumeris
2846 4745 2951 4800 hoc
2983 4745 3148 4801 etiam
3178 4741 3550 4799 testimonium
3585 4738 3653 4794 ad

2077 4849 2362 4904 veritatem
2394 4842 2632 4910 bonique
2655 4837 2746 4893 Dei
2792 4836 3232 4909 praedicationem
3259 4831 3539 4890 evidenter
3559 4845 3652 4886 as-

2081 4937 2439 4994 severandam
2473 4947 2581 4988 non
2611 4929 2880 4985 dubitavit
2911 4926 3126 4982 atl‘erre.

2151 5027 2334 5083 Schol.
2384 5024 2493 5078 7et
2541 5023 2628 5078 15.
2677 5019 2914 5074 Mutatus
2959 5024 3044 5072 est
3079 5015 3250 5070 locus.
3293 5011 3428 5067 Nam
3459 5026 3556 5082 pro
3587 5024 3655 5066 eo

2078 5120 2222 5192 quod
2285 5125 2404 5180 est,
2452 5115 2520 5170 In
2572 5113 2738 5186 lege‘,
2783 5107 3023 5179 scripsit,
3049 5107 3103 5160 in
3142 5105 3343 5176 Hogsis
3376 5105 3504 5173 tege.
3547 5100 3653 5157 Sed

2083 5221 2236 5269 antea
2271 5211 2502 5274 dixerat,
2536 5206 2745 5261 tametsi
2772 5204 2856 5257 tea:
2877 5218 2941 5256 en
2969 5217 3073 5254 non
3101 5199 3264 5253 dicat.

2562 5433 2582 5466 ³
2611 5431 2628 5485 l
2656 5431 2785 5487 Cor.
2822 5445 2905 5492 Ill,
2941 5429 3044 5496 l9;
3078 5427 3180 5484 Job
3209 5445 3260 5496 ν,
3298 5425 3382 5481 l5.
3434 5421 3482 5456 ’⁸
3509 5421 3653 5478 Psai.

2562 5544 2570 5557 .
2615 5503 2668 5557 5.
2743 5503 2766 5534 ⁸
2792 5500 2811 5554 ι
2839 5503 2967 5557 Cor.
2999 5516 3074 5557 ιι.
3108 5499 3159 5554 9.

2887 5516 2967 5555 or.
2999 5516 3074 5565 Ix,
3108 5516 3159 5554 υ.

484 5647 595 5739 (81)
639 5669 923 5736 Τυθέντος
954 5669 1021 5722 δὲ
1064 5669 1133 5721 ἐν
1176 5669 1350 5736 ἀληθ,
1396 5665 1589 5726 Deesse
1619 5668 1861 5725 nonnihil
1903 5667 1968 5720 ad
2006 5665 2371 5734 integritatem
2409 5662 2578 5731 hujus
2612 5660 2713 5715 loci
2743 5658 2976 5735 videtur‘
