3960 6114
349 238 451 294 785

1732 233 1791 289 S.
1834 231 2179 291 EPIPHANII

3495 227 3601 290 784

426 358 609 410 Hel’ut.
641 355 673 408 7
692 363 745 411 et
766 356 852 412 l5.
876 354 1024 410 Licet
1052 356 1106 409 in
1133 353 1369 410 secunda
1401 354 1667 411 sententia
1695 355 1923 412 formam

2098 357 2142 420 ζ’
2180 356 2273 409 καὶ
2304 362 2364 408 ιε’
2402 354 2581 425 ἐλεγχ.
2626 355 2743 410 Κάν
2782 372 2840 409 τε
2881 353 2939 407 ὲν
2980 342 3053 425 τῇ
3075 352 3303 425 δευτέρᾳ
3331 352 3603 422 ἀποφάσει

350 447 613 503 orationis
644 444 1039 511 immutaveris,
1062 443 1282 510 Marcio,
1318 453 1478 515 atque
1508 462 1572 500 es
1610 461 1677 502 eo
1703 445 1846 515 quod
1872 447 1926 498 in

352 537 459 607 lege
489 534 689 605 Moysis
721 534 1030 604 scripseris,
1057 535 1158 588 hac
1196 549 1349 598 voce,
1374 532 1600 603 Moysis,
1624 533 1860 588 alienum
1894 549 1924 587 a

350 628 466 696 lege
498 626 661 681 Deum
691 624 907 680 ostendi
935 625 1213 696 putaveris
1247 639 1430 695 posse,
1464 633 1647 678 tamen
1674 623 1927 693 superior

348 717 441 770 illa
489 715 807 786 coniunctio
854 716 1132 786 vesaniam
1184 723 1331 769 tuam
1377 714 1678 786 redarguit,
1716 717 1926 769 tametsi

348 807 432 861 lex
455 816 561 861 ista
582 821 685 860 non
706 806 870 859 dicat.
892 803 1064 875 356'
1079 805 1132 858 In
1154 803 1270 874 lege
1293 804 1491 874 quippe
1515 805 1778 874 scriptum
1804 810 1923 859 est:

349 896 472 952 Non
503 897 753 969 alligabis
781 915 837 952 os
867 896 979 951 bovi
1010 898 1283 950 trituranti
1314 894 1354 948 ¹“.
1389 897 1655 951 (ἐξιεῖσι-σω
1685 894 1835 965 quod
1865 902 1924 949 tu

348 990 518 1060 legem
548 988 752 1061 Moysis
783 990 1025 1045 scribere
1056 987 1317 1052 maluisﬁ,
1352 987 1488 1041 nihil
1517 988 1674 1043 nobis
1702 986 1927 1041 omnino

355 1081 624 1147 nocuisti,
653 1080 747 1136 scd
773 1080 1024 1151 profuisti
1059 1078 1258 1149 potius,
1295 1093 1357 1133 ac
1376 1078 1706 1133 luculentius
1735 1085 1927 1132 contra

348 1180 401 1228 te
432 1172 801 1228 testimonium
830 1170 1161 1233 obﬁrmasti,
1205 1178 1265 1223 ut
1310 1169 1392 1224 vel
1435 1168 1750 1238 imprudens
1794 1183 1927 1224 con-

332 1250 564 1318 lﬁtercre
606 1262 807 1332 Marsis
852 1262 1023 1333 legem
1073 1276 1103 1314 a
1149 1259 1260 1315 Dco
1298 1259 1621 1321 derivatam,
1668 1260 1771 1314 hoc
1806 1259 1926 1329 ipso

348 1354 514 1424 quod,
567 1354 622 1407 in
674 1354 779 1425 lege
832 1350 1023 1418 Hosis,
1073 1351 1381 1422 scripseris.
1432 1348 1585 1415 Item,
1632 1351 1716 1404 lea:
1770 1349 1920 1404 dicit.

347 1445 690 1515 Astipulatur
737 1444 879 1498 enim
916 1450 973 1497 et
1010 1441 1302 1511 Apostolus
1337 1449 1523 1510 postea
1574 1439 1873 1510 subjiciens
1909 1461 1922 1496 :

349 1532 602 1605 Nunquid
650 1534 718 1588 de
756 1533 919 1587 bobus
963 1548 1092 1586 cura
1131 1540 1207 1585 est
1261 1529 1410 1586 Deo?
1460 1529 1544 1583 An
1585 1539 1794 1598 propter
1830 1545 1925 1585 nos

346 1627 520 1696 utique
548 1624 749 1679 dicit“?
820 1624 977 1690 Quod
1009 1624 1054 1678 si
1104 1629 1324 1694 propter
1368 1623 1644 1692 apostolos
1686 1630 1795 1676 tam
1837 1622 1920 1677 les

2028 445 2262 518 ἀλλάξῃς
2294 447 2355 500 τὸ
2396 442 2555 511 εἶδος,
2586 440 2631 500 ὦ
2664 446 2951 518 Μαρκίων,
2985 445 3082 499 καὶ
3112 445 3340 517 νομίσῃς
3373 444 3482 498 ἀπὸ
3506 445 3602 499 τοῦ
3716 452 3719 453 ⁷

2028 534 2386 605 πεποιηκέναι
2436 552 2496 589 σε
2519 575 2533 596 ,
2582 537 2652 588 ἐν
2684 534 2763 599 τῷ
2805 536 2967 602 νόμῳ
3001 533 3328 598 Μωῦσέως,
3362 532 3599 586 ἀπαλλο-

2025 624 2210 695 τριοῦν
2235 624 2322 677 διὰ
2362 625 2452 677 τὸν
2501 623 2753 679 Μωῦσέα
2782 624 2917 678 Θεοῦ
2958 624 3051 677 τὸν
3098 624 3297 694 νόμον,
3333 623 3535 676 ἄνωθεν
3576 625 3605 675 ό

2030 712 2323 785 σύνδεσμος
2354 713 2564 785 ἐλέγχει
2592 732 2685 767 σου
2718 714 2818 784 τὴν
2842 715 3175 785 ἀφροσύνην,
3212 715 3315 777 ὅτι,
3345 718 3398 769 εἰ
3435 716 3531 768 καί
3570 718 3603 766 ό

2024 808 2209 876 νόμος
2240 806 2427 862 ταῦτα
2479 807 2551 861 οὐ
2587 806 2769 876 λέγει.
2815 807 2905 858 Ἐν
2938 805 3046 876 γάρ
3086 806 3164 875 τῷ
3216 805 3366 875 νόμῳ
3400 806 3603 875 γεγρα·

2027 911 2190 948 πται·
2224 897 2305 950 Οὐ
2335 894 2623 965 φιμώσεις
2656 894 2819 960 βοῦν
2840 894 3134 948 ἀλοῶντα.
3163 893 3331 946 Οὐδὲν
3364 894 3420 947 δὲ
3455 895 3603 963 ἡμᾶς

2023 986 2312 1056 ἠδίκησας,
2352 987 2454 1040 κᾶν
2480 1004 2537 1040 τε
2563 988 2820 1056 προσθεὶς
2847 986 2907 1038 τὸ
2934 986 3104 1055 ὄνομα
3134 984 3438 1048 Μωῦσέως·
3468 985 3602 1039 ἀλλά

2027 1077 2173 1145 ἡμᾶς
2208 1077 2306 1146 μὲν
2333 1076 2645 1147 ὠφέλησας,
2675 1076 2818 1129 κατά
2848 1075 3044 1129 σαυτοῦ
3073 1075 3131 1127 δὲ
3162 1073 3262 1144 τὴν
3302 1075 3602 1146 μαρτυρίαν

2025 1168 2322 1236 ἔσφιγξας,
2360 1168 2698 1239 πανταχόθεν
2736 1167 2796 1221 δὲ
2838 1167 3217 1237 ὡμολόγησας,
3258 1167 3466 1234 ἀγνοῶν
3505 1166 3600 1219 τοῦ

2025 1259 2157 1313 Θεοῦ
2209 1254 2347 1313 εἶναι
2388 1260 2480 1313 τὸν
2515 1259 2794 1323 Μωῦσέως
2847 1259 3010 1329 νόμον
3068 1259 3177 1311 ἀπὸ
3217 1257 3344 1320 τοῦ,
3395 1259 3490 1311 Ἐν
3520 1255 3600 1322 τῷ

2024 1349 2185 1416 νόμῳ
2213 1347 2526 1415 Μωῠσέως.
2562 1348 2691 1415 Καὶ,
2720 1350 2753 1401 ὁ
2781 1348 2964 1417 νόμος
2995 1345 3175 1417 λέγει.
3222 1347 3601 1399 Ἐπακολουθεί

2025 1440 2133 1511 γὰρ
2183 1442 2212 1493 6
2262 1440 2584 1504 Ἀπόστολος
2628 1423 3028 1510 ’συντιθέμενος
3075 1441 3130 1491 ὲν
3168 1436 3247 1507 τῷ
3306 1438 3599 1508 μετέπειτα

2026 1531 2304 1602 εἰρηκέναι
2323 1549 2336 1561 ·
2369 1530 2466 1599 Μὴ
2497 1531 2614 1584 τῶν
2638 1529 2807 1595 ,Βοῶν
2829 1531 3000 1600 μέλει
3033 1530 3111 1595 τῷ
3140 1528 3261 1594 Θεῷ
3287 1545 3306 1592 ;
3351 1531 3426 1584 ’Ἠ
3451 1527 3601 1584 πάν-

2025 1639 2140 1690 τως
2165 1623 2239 1676 δι’
2266 1620 2425 1693 ἡμᾶς
2458 1623 2734 1691 εἰρηκεν;
2768 1623 2829 1674 Εἰ
2864 1622 2921 1674 δὲ
2956 1621 3043 1674 διὰ
3104 1623 3231 1683 τοὺς
3262 1621 3588 1683 ἀποστόλους

344 1731 505 1786 quam
540 1717 633 1785 qui
672 1715 727 1770 in
767 1716 884 1784 lege
919 1714 1136 1767 locutus
1173 1719 1256 1766 est
1314 1711 1456 1766 Deus
1502 1711 1607 1766 ista
1646 1711 1922 1776 dixerunt,

2027 1714 2248 1784 εἴρηκεν
2285 1714 2312 1765 6
2349 1713 2535 1782 νόμοςς
2580 1712 2675 1765 καὶ
2706 1713 2734 1764 6
2772 1714 2830 1764 έν
2871 1711 2950 1781 τῷ
2989 1711 3138 1781 νόμῳ
3171 1709 3303 1773 Θεὸς
3339 1710 3597 1779 λαλήσας,

347 1817 577 1874 uterque
628 1802 867 1874 profecto
909 1803 1278 1872 apostolorum
1324 1801 1527 1856 Christi
1570 1816 1758 1856 curam
1803 1816 1929 1857 sus-

346 1895 494 1964 cipit,
535 1894 662 1949 dum
700 1894 806 1947 illis
868 1908 932 1948 os
988 1892 1193 1962 alligari
1240 1892 1521 1962 prohibet;
1573 1892 1687 1948 sive
1726 1906 1756 1945 a
1793 1906 1929 1962 prte-

354 1982 587 2038 dicanda
614 1983 822 2037 Christi
855 1981 1102 2037 doctrina
1138 1982 1385 2051 impediri
1423 1989 1604 2049 vetat;
1646 1984 1760 2038 sive
1792 1998 1929 2053 quo-

349 2070 554 2125 tidiana
584 2070 719 2140 ipsis
758 2071 1013 2124 alimenta
1055 2069 1393 2140 suppeditari
1434 2071 1758 2141 populorum
1790 2072 1925 2128 libe-

346 2162 563 2215 ralitate
610 2160 876 2231 pra’cipit.
924 2158 1109 2228 Itaque
1155 2174 1254 2213 nec
1319 2159 1526 2215 alienos
1569 2176 1599 2213 a
1643 2161 1928 2218 divinitate

347 2266 444 2305 sua
470 2251 749 2321 apostolos
775 2250 863 2304 ille
885 2257 1057 2319 putat,
1082 2263 1181 2304 nec
1208 2249 1299 2304 isti
1327 2250 1564 2305 alienum
1596 2250 1774 2320 ipsum
1802 2266 1926 2308 esse

346 2349 613 2396 statuunt.
643 2338 718 2394 Ex
744 2340 847 2393 hoc
871 2354 999 2394 vero
1022 2338 1300 2394 communi
1327 2340 1583 2395 omnibus
1608 2341 1925 2396 testimonio

347 2433 427 2488 sic
455 2431 658 2499 colligit
698 2430 991 2500 Apostolus
1028 2448 1040 2483 :
1078 2427 1332 2500 Nunquid
1371 2429 1434 2486 de
1470 2430 1634 2485 bobus
1676 2447 1804 2486 cura
1846 2443 1923 2487 est

349 2522 494 2579 Deo?
533 2522 638 2578 Sed
670 2530 890 2593 propter
920 2521 1197 2593 apostolos
1232 2521 1390 2576 dixit.

418 2704 599 2772 Quare
626 2704 670 2761 si
705 2712 927 2777 propter
964 2705 1242 2775 apostolos
1284 2705 1604 2778 usurpavit,
1641 2709 1920 2766 hominum

348 2809 513 2865 porro
558 2792 936 2866 pecudumque
997 2796 1249 2851 conditor
1292 2807 1401 2863 est,
1433 2812 1465 2853 e
1514 2798 1717 2868 quibus
1757 2802 1924 2858 boves

349 2893 477 2943 sunt
510 2900 575 2941 ac
627 2900 900 2958 passeres,
948 2894 1250 2958 serpentes,
1303 2887 1511 2952 bestiae,
1563 2890 1760 2959 pisces,
1806 2892 1925 2945 ani-

350 2977 665 3048 mantiaque
720 2977 964 3048 reliqua,
1019 2992 1361 3048 consequens
1410 2987 1494 3034 est
1544 2994 1730 3035 curam
1771 2981 1921 3035 illum

351 3068 591 3123 omnium
662 3082 761 3139 pro
809 3068 1076 3139 cujusque
1140 3069 1350 3124 ratione
1413 3084 1718 3140 capessere.
1785 3070 1922 3126 Nam

353 3165 408 3213 et
475 3157 852 3213 universorum
922 3159 972 3214 ei
1053 3172 1240 3212 curam
1307 3172 1431 3213 esse
1507 3161 1641 3217 satis
1714 3176 1783 3217 ex
1856 3177 1924 3219 eo

356 3248 501 3319 quod
563 3248 825 3318 scriptum
879 3256 964 3304 est
1020 3246 1328 3302 ostenditur
1377 3265 1391 3302 :
1449 3247 1701 3305 Homines
1753 3261 1804 3306 et
1830 3253 1925 3322 ju-

351 3346 528 3391 menla
572 3336 822 3403 salvebis,
865 3335 1086 3391 Domine
1122 3335 1163 3389 ⁸.
1187 3334 1319 3391 ltem
1354 3350 1425 3390 ex
1445 3350 1513 3392 eo
1557 3355 1569 3391 :
1609 3338 1741 3403 Quis
1779 3340 1923 3395 dedit

354 3443 506 3481 corvo
531 3426 705 3481 cibum
729 3427 785 3481 ιτ
806 3434 860 3481 et
890 3445 903 3480 :
932 3426 1077 3481 Pulli
1101 3442 1371 3483 corvorum
1411 3428 1479 3480 ad
1499 3427 1780 3484 Dominum
1810 3433 1924 3486 cla-

352 3529 498 3573 mant
552 3518 692 3572 cibos
748 3517 1079 3587 postulantes
1113 3517 1134 3549 '
1167 3535 1182 3584 ;
1221 3526 1276 3572 et
1309 3517 1525 3574 :‘Dabis
1577 3531 1923 3591 opportunam

352 3626 523 3665 escam
563 3610 802 3664 omnibus
835 3609 877 3664 ⁸.
905 3608 1093 3680 Neque
1149 3623 1278 3662 vero
1318 3609 1481 3665 boum
1523 3611 1577 3665 in
1610 3613 1923 3671 obterendis

350 3699 602 3769 frugibus
620 3698 884 3770 obstringi
907 3696 1165 3768 capistris
1187 3711 1284 3753 ora
1303 3698 1620 3769 simpliciter
1640 3701 1919 3770 prohibet:

358 3791 561 3863 alioqui
607 3789 776 3846 Deum
824 3789 1058 3846 conditis
1098 3804 1129 3844 a
1167 3806 1228 3847 se
1276 3792 1644 3849 animantibus
1683 3795 1924 3864 praebere

352 3884 606 3939 alimenta
630 3897 736 3938 non
771 3898 936 3953 posse
965 3890 1296 3938 monstraret
1328 3902 1340 3938 :
1373 3899 1550 3955 neque
1572 3887 1730 3942 aliter
1759 3901 1921 3960 quam

351 3989 455 4046 ope
476 3974 755 4030 hominum
781 3985 836 4031 et
865 3975 1069 4030 auxilio
1100 3990 1355 4045 pecorum
1389 3976 1588 4047 pabulo
1613 3979 1919 4048 providere.

353 4065 457 4121 Sed
484 4066 615 4120 illud
645 4065 935 4136 Apostolus
956 4064 1218 4130 declarat,
1248 4080 1356 4121 non
1378 4066 1708 4124 cibariorum
1738 4069 1922 4141 inopia

351 4154 520 4210 Deum
570 4155 745 4210 bobus
788 4156 996 4210 triturae
1031 4165 1275 4226 tempore
1310 4159 1621 4214 consultum
1659 4161 1918 4231 voluisse,

352 4256 513 4315 atque
543 4245 772 4316 obligari
806 4247 1077 4315 vetuisse;
1119 4262 1309 4302 verum
1354 4249 1457 4304 hoc
1487 4251 1716 4321 aenigma
1744 4260 1918 4309 totum

2027 1805 2363 1874 ἐπιμελεῖται
2393 1802 2501 1874 ἄρα
2532 1803 2640 1856 τῶν
2680 1801 2993 1856 ἀποστόλων
3026 1799 3120 1854 τοῦ
3165 1799 3400 1871 Χριστοῦ
3430 1802 3487 1853 ὲν
3519 1801 3600 1871 τῷ

2031 1878 2343 1966 μὴ-φιμοῦν
2391 1895 2591 1958 αὐτοὺς
2626 1891 3114 1965 παρακελεύεσθαι,
3153 1892 3271 1961 ἤτοι
3299 1890 3391 1943 τοῦ
3418 1890 3599 1945 λαλεῖν

2035 1982 2134 2055 τὴν
2176 1983 2269 2037 τοῦ
2306 1982 2543 2055 Χριστοῦ
2603 1981 2769 2037 αὑτοῦ
2818 1981 3179 2041 διδασκαλίαν,
3212 1981 3330 2051 ἤτοι
3368 1981 3465 2052 τὴν
3502 1982 3602 2050 ἐφ-

2025 2074 2230 2145 ήμερον
2274 2073 2482 2144 τροφὴν
2527 2072 2682 2143 παρὰ
2730 2072 2838 2125 τῶν
2891 2071 3035 2124 λαῶν
3086 2070 3346 2134 ἀνενδεῶς
3402 2072 3600 2133 αὐτοὺς

2023 2164 2188 2235 ἔχειν.
2224 2165 2340 2217 Οὐκ
2382 2164 2490 2235 ἄρα
2531 2162 2845 2232 ἀλλοτρίους
2872 2164 2999 2226 τοὺς
3044 2161 3370 2224 ἀποστόλους
3405 2160 3599 2214 ἑαυτοῦ

2024 2256 2123 2325 τῆς
2170 2254 2425 2324 θεότητος
2471 2249 2612 2306 οἶδεν
2633 2293 2647 2316 ,
2698 2253 2820 2305 οὐδὲ
2873 2254 2924 2305 οἰ
2983 2253 3269 2306 ἀπόστολοι
3320 2252 3599 2319 ἀλλότριον

2025 2346 2186 2399 αὐτὸν
2216 2345 2347 2398 Θεὸν
2383 2345 2664 2415 ἡγοῦνται.
2705 2343 2795 2411 Ἐξ
2829 2341 3012 2417 ἧσπερ
3045 2345 3186 2415 ὑπὲρ
3216 2344 3430 2397 πάντων
3457 2360 3600 2414 μαρο

2023 2433 2213 2502 topia;
2262 2436 2290 2487 6
2331 2432 2486 2501 ἅγιος
2515 2434 2840 2497 Ἀπόστολος
2892 2433 3198 2487 ἀποδέδωκε
3255 2435 3433 2504 φήσας
3457 2449 3470 2462 ·
3499 2432 3597 2499 Μὴ

2024 2525 2155 2592 περὶ
2181 2523 2300 2578 τῶν
2326 2526 2495 2591 ,ϐοῶν
2516 2526 2686 2596 μέλει
2714 2524 2795 2591 τῷ
2818 2525 2977 2591 Θεῷ;
3011 2524 3171 2583 Ἀλλά
3200 2525 3289 2579 διὰ
3315 2525 3441 2588 τοὺς
3465 2525 3602 2577 ἁπο-

2026 2616 2241 2681 στόλους
2269 2619 2478 2689 εἴρηκε.

2094 2709 2206 2763 Καὶ
2252 2711 2301 2762 εἰ
2349 2710 2439 2764 διὰ
2476 2709 2602 2773 τοὺς
2641 2708 2970 2772 ἀποστόλους
3009 2707 3201 2780 εἴρηκε
3227 2745 3243 2772 ,
3278 2706 3501 2777 κτίστης
3541 2707 3600 2761 δέ

2025 2801 2139 2853 ἐστι
2190 2799 2493 2872 ἀνθρώπων
2548 2802 2642 2854 καὶ
2686 2801 2899 2871 κτηνῶν
2928 2840 2943 2865 ,
2984 2798 3045 2864 ἐξ
3096 2793 3170 2853 ὧν
3222 2798 3344 2869 βόες
3387 2816 3447 2852 τε
3504 2800 3603 2851 καὶ

2026 2890 2295 2963 στρουθοὶ,
2328 2893 2536 2964 ἑρπετά
2579 2908 2638 2945 τε
2668 2893 2763 2946 καὶ
2800 2891 3066 2956 κνώδαλα,
3101 2890 3285 2944 ὲνάλιά
3314 2906 3373 2942 τε
3408 2891 3505 2943 καὶ
3530 2890 3600 2942 τὰ

2024 2983 2185 3038 ἀλλα·
2220 2983 2330 3055 ἄρα
2376 2983 2528 3054 μέλει
2564 2982 2712 3054 αὐτῷ
2742 2984 2871 3054 περὶ
2902 2983 3116 3036 πάντων
3150 2982 3291 3037 κατὰ
3327 2981 3426 3053 τὴν
3462 2982 3594 3035 sxa-

2028 3090 2157 3126 στου
2184 3072 2497 3142 ἀναλογίαν.
2518 3073 2630 3125 Καὶ
2655 3072 2805 3142 μέλει
2845 3072 2943 3142 μὲν
2970 3070 3118 3142 αὐτῷ
3148 3072 3275 3142 περί
3297 3071 3513 3124 πάντων
3538 3072 3598 3122 ὲν

2022 3161 2100 3233 τῷ
2118 3161 2296 3230 λέγειν
2316 3180 2330 3193 ·
2377 3161 2743 3229 Ἀνθρώπους
2768 3162 2866 3215 καὶ
2899 3161 3088 3230 κτήνη
3119 3161 3359 3227 σώσεις,
3383 3163 3558 3230 Κύριε
3578 3181 3596 3193 ·

2025 3252 2121 3306 καὶ
2161 3254 2220 3305 ὲν
2258 3251 2340 3322 τῷ
2382 3251 2694 3325 εἰρηκέναι·
2736 3251 2831 3317 Τίς
2873 3251 3090 3305 δέδωκε
3121 3252 3328 3320 κόρακι
3359 3251 3597 3321 βορὰν;

2025 3343 2422 3413 καὶ-,Νεσσσοί
2452 3342 2723 3411 κοράκων
2748 3343 2897 3412 πρὸς
2911 3344 3132 3412 Κύριον
3155 3344 3500 3415 κεκράγασι,
3526 3348 3599 3400 τὰ

2023 3432 2163 3488 σῖτα
2186 3433 2517 3501 ζητοῦντες·
2544 3434 2657 3500 καὶ,
2680 3433 2898 3500 Δώσεις
2927 3433 3044 3503 τὴν
3063 3433 3293 3504 τροφὴν
3316 3436 3598 3504 εὔκαιροι·

2022 3525 2147 3591 τοῖς
2172 3524 2384 3583 πᾶσιν.
2422 3525 2582 3579 Ἀλλά
2617 3527 2717 3580 οὐκ
2749 3527 2806 3580 ἐν
2834 3526 2912 3596 τῷ
2943 3527 3107 3598 ἀλοᾷν
3144 3528 3268 3590 τοὺς
3295 3526 3422 3597 βοῦς
3452 3545 3598 3599 παρ-

2024 3616 2302 3669 εκελεύετο
2338 3616 2413 3688 μὴ
2453 3617 2653 3687 φιμοῦν
2687 3617 2814 3687 βοῦν
2838 3618 3113 3672 ἀλοῶντα·
3149 3619 3272 3671 ἐπεὶ
3326 3618 3597 3672 ἐδείκνυεν

2022 3706 2089 3761 ἂν
2115 3707 2190 3780 μὴ
2216 3706 2471 3761 δύνασθαι
2505 3707 2597 3760 τὸν
2637 3707 2768 3761 Θεὸν
2790 3708 3011 3781 τρέφειν
3041 3707 3202 3761 αὐτοῦ
3236 3708 3335 3779 τὴν
3367 3709 3595 3778 κτῆσιν·

2024 3796 2161 3851 ἀλλά
2197 3799 2247 3850 εἰ
2277 3797 2372 3851 καὶ
2406 3797 2482 3869 μὴ
2511 3796 2602 3850 διὰ
2644 3798 2742 3867 τῆς
2774 3798 2884 3851 τῶν
2918 3797 3219 3868 ἀνθρώπων
3251 3799 3361 3861 τοῖς
3402 3802 3597 3868 κτήνε-

2025 3905 2109 3941 σιν
2160 3888 2650 3960 ὲπικουρουμένους
2691 3889 2713 3920 ⁹
2752 3888 2979 3960 τροφῆς.
3019 3888 3226 3954 Ἔδειξε
3266 3888 3323 3941 δὲ
3363 3889 3393 3940 6
3443 3887 3597 3955 ἅγιος

2036 3979 2354 4043 Ἀπόστολος
2392 3981 2453 4033 οὐ
2479 3980 2546 4033 δι’
2586 3980 2822 4051 ἀπορίαν
2853 3979 3062 4053 τροφῆς
3092 3980 3186 4033 τὸν
3217 3978 3346 4032 Θεὸν
3384 3979 3471 4032 διὰ
3499 3977 3594 4032 τοῦ

2026 4068 2256 4141 ἀλοητοῦ
2282 4069 2637 4140 ἐπιμέλεσθαι
2665 4069 2822 4141 βοῶν,
2846 4071 2903 4122 ὲν
2924 4071 3001 4142 τῷ
3025 4067 3488 4141 παρακελεύεσθαι
3519 4069 3593 4138 μὴ

2024 4159 2224 4230 φιμοῦν
2267 4161 2393 4224 τοὺς
2438 4161 2746 4226 τοιούτους·
2805 4160 2941 4215 ἀλλὰ
2986 4160 3074 4214 διά
3128 4159 3220 4213 τοῦ
3274 4158 3596 4229 αἰνίγματος

2025 4252 2154 4321 περί
2195 4250 2304 4304 τῶν
2346 4253 2663 4325 ἀποστόλῳν
2705 4251 3066 4325 σημαίνεσθαι
3098 4252 3195 4322 τὴν
3243 4251 3443 4322 σχέσιν.
3474 4250 3596 4303 Τῶν

351 4335 420 4389 ad
469 4336 745 4404 apostolos
792 4335 1024 4404 quadam
1070 4336 1388 4394 habitudine
1437 4340 1803 4397 referendum.
1847 4343 1919 4399 At

2026 4342 2129 4415 γὰρ
2167 4343 2309 4397 κατὰ
2337 4343 2400 4397 τὺ
2425 4345 2468 4376 ⁸⁸
2498 4345 2772 4415 αἰσθητῶν
2812 4346 3026 4400 πάντων
3065 4345 3297 4397 ποιεῖται
3342 4343 3438 4408 τὴν
3460 4342 3595 4413 πρό-

349 4439 481 4480 vero
526 4423 710 4479 inllma
764 4425 966 4490 omnia,
1017 4440 1137 4495 quae
1187 4442 1354 4483 sensu
1405 4432 1611 4502 percipi
1665 4441 1916 4503 possunt,

349 4514 495 4572 Deus
525 4513 864 4586 providentia
893 4530 992 4572 sua
1025 4518 1422 4587 complectitur,
1451 4529 1505 4577 et
1537 4522 1919 4581 universorum

351 4620 538 4660 curam
592 4606 798 4677 pariter
845 4607 1094 4678 suscipit.
1140 4606 1258 4663 Non
1299 4611 1444 4665 enim
1489 4611 1757 4670 Salvatori
1792 4631 1920 4672 con-

349 4696 515 4750 traria
543 4696 764 4767 scripsit
791 4699 1107 4767 Apostolus,
1139 4706 1199 4754 ut
1224 4700 1367 4756 hanc
1400 4703 1504 4758 sibi
1547 4705 1791 4778 plerique
1831 4724 1919 4763 ex-

346 4784 653 4839 cusationis
680 4786 939 4841 latebram
974 4796 1240 4858 quaerant.
1280 4787 1492 4846 Etenim
1544 4794 1702 4866 longe
1742 4796 1919 4855 bobus

350 4874 589 4932 minores
605 4888 731 4932 sum
746 4892 1019 4947 passeres,
1036 4880 1104 4936 de
1124 4880 1325 4950 quibus
1353 4895 1381 4935 a
1401 4881 1683 4942 Salvatore
1711 4888 1920 4945 dictum

349 4975 459 5021 est:
481 4966 720 5037 Quinque
746 4983 982 5037 passeres
1008 4980 1226 5025 veneunt
1240 4971 1489 5042 dipondio
1504 4976 1547 5031 '.
1579 4976 1645 5032 Et
1664 4993 1880 5035 rursum
1904 5001 1916 5036 :

334 5055 540 5112 Nonne
575 5057 737 5129 357
783 5059 889 5115 duo
938 5076 1178 5130 passeres
1232 5079 1353 5119 asse
1393 5077 1633 5134 veneunt,
1686 5080 1737 5124 et
1784 5089 1921 5129 unus

346 5160 411 5199 ea:
438 5146 570 5215 ipsis
600 5163 702 5201 non
721 5149 874 5204 cadet
893 5150 951 5203 in
970 5149 1215 5221 laqueum
1235 5153 1350 5208 sine
1374 5153 1538 5211 Patre
1559 5167 1728 5215 vestro
1752 5164 1842 5231 qui
1866 5164 1921 5217 in

347 5234 490 5289 caelis
543 5243 621 5289 est
659 5235 729 5287 ⁸2
777 5234 869 5292 Sic
910 5237 1074 5309 igitur
1114 5238 1369 5297 universa
1402 5239 1545 5299 Dens
1579 5246 1917 5314 providentia
1971 5303 1976 5308 .

347 5340 446 5382 sua
468 5325 754 5398 gubernat.
781 5327 914 5393 Quae
941 5343 1072 5385 vero
1110 5331 1320 5400 majora
1363 5342 1511 5401 sunt,
1557 5335 1751 5394 altiore
1789 5355 1920 5411 qua-

2024 4451 2194 4500 νοιαν,
2236 4434 2331 4488 καὶ
2356 4435 2555 4506 ὁμοίως
2591 4437 2744 4507 μέλει
2777 4437 2924 4507 αὐτῷ
2950 4437 3078 4507 περὶ
3107 4437 3339 4491 πάντων.
3374 4436 3449 4488 Οὐ
3484 4435 3594 4505 γὰρ

2022 4524 2314 4588 ἀντιθέτως
2347 4527 2377 4578 ὁ
2415 4526 2732 4590 Ἀπόστολος
2778 4527 2913 4598 πρὸς
2957 4526 3047 4579 τὸν
3087 4526 3313 4597 Σωτῆρα
3335 4524 3592 4597 ἔγραφεν.

2026 4615 2114 4669 ἵνα
2142 4614 2316 4680 οὕτως
2347 4618 2790 4688 προφασίσωνται
2822 4619 2870 4671 οἰ
2907 4617 3108 4671 πολλοί.
3137 4618 3452 4689 Μικρότερα
3487 4617 3595 4687 γὰρ

2020 4706 2133 4760 τῶν
2163 4707 2301 4778 βοῶν
2329 4709 2397 4762 τὰ
2433 4709 2714 4780 στρουθία,
2746 4711 2875 4782 περί
2901 4703 2977 4762 ὧν
2998 4711 3026 4762 6
3052 4709 3244 4780 Σωτὴρ
3284 4708 3490 4777 ἔλεγεν,
3512 4710 3594 4761 ὅτι

2023 4797 2210 4852 Πέντε
2257 4803 2547 4868 στρουθία
2597 4801 2878 4858 πωλεῖται
2937 4801 3251 4868 ἀσσαρίων
3303 4800 3413 4854 δύο
3434 4816 3446 4829 ·
3501 4800 3598 4852 καὶ

2024 4887 2186 4943 πάλιν
2210 4905 2223 4919 ·
2276 4891 2424 4961 Οὐχί
2459 4891 2569 4948 δύο
2623 4894 2912 4962 στρουθία
2936 4891 3239 4956 ,πωλεῖται
3294 4892 3598 4958 ἀσσαρίου

2023 4980 2191 5046 ἐνός;
2218 4982 2264 5014 “
2284 4984 2383 5037 καί
2419 4982 2490 5038 ἐν
2519 4983 2589 5049 ἐξ
2609 4984 2806 5039 αὐτῶν
2840 4986 2914 5039 οὐ
2943 4974 3215 5038 ’πεσεῖται
3265 4983 3353 5047 εἰς
3377 4980 3598 5049 παγίδα

2024 5070 2171 5127 ἄνευ
2224 5074 2329 5128 τοῦ
2377 5075 2609 5145 Πατρός
2650 5074 2817 5146 ὑμῶν
2861 5075 2968 5129 τοῦ
3025 5075 3094 5129 ἐν
3142 5074 3268 5140 τοῖς
3295 5071 3593 5140 οὐρανοῖς.

2037 5160 2201 5232 Ὁμοῦ
2245 5163 2344 5234 μὲν
2377 5165 2596 5219 πάντων
2650 5168 2901 5237 προνοεῖ·
2939 5164 3046 5220 τῶν
3083 5163 3141 5217 δὲ
3183 5163 3447 5235 μειζόνων
3479 5162 3598 5214 ὲπι-

2026 5254 2267 5325 μελεῖται
2292 5295 2308 5321 ,
2362 5257 2504 5311 κατά
2550 5258 2611 5312 τὸ
2657 5256 2841 5329 μεῖζον
2887 5252 3027 5321 εῐδος
3073 5256 3177 5325 τῆς
3219 5252 3598 5325 πνευματικῆς

2021 5346 2360 5413 ἀκολουθίας.
2414 5349 2564 5403 Ὤστ’
2613 5345 2707 5404 οὖν
2759 5351 2825 5403 ὲκ
2872 5347 3072 5411 παντὸς
3112 5346 3458 5418 ὁμολογεῖται
3504 5345 3599 5395 τὸν

420 5475 643 5567 {Pen};
670 5479 902 5567 “32"-
951 5480 1178 5567 ’16.?"
1206 5499 1306 5567 ἐκέ.
1328 5486 1481 5567 92.10
1561 5487 1922 5567 ῘΡεθῖο-πκνε
1956 5496 2006 5553 7.
2105 5499 2125 5531 ⁸
2158 5498 2261 5556 Job
2328 5518 2556 5565 xxxviii,
2587 5458 2677 5557 il.
2754 5505 2775 5536 '
2812 5502 2957 5560 Psal.
3010 5518 3191 5567 chvI,
3255 5500 3310 5554 9.
3388 5496 3589 5567 '_Psal.

349 5549 666 5640 (iactanti
726 5550 761 5640 "
786 5548 1048 5640 ’Luclxn,
1205 5554 1228 5640 ξ
1257 5548 1443 5640 blattis.
1482 5574 1536 5621 ι,
1559 5557 1652 5616 29.
1728 5561 1827 5619 ’F.
1861 5548 1923 5619 ὲτξ

2026 5548 2568 5640 υρουεὶὲὖωνῗῖῗιῖ.
2598 5548 2770 5631 saw.
2812 5548 3225 5629 ’ῧῖειιῖἔῖάἁῖι
3258 5548 3346 5624 ’ὲι
3377 5548 3594 5624 eam

344 5615 605 5703 ’στρουθία
640 5616 898 5671 πωλεῖται
922 5620 1181 5691 ἀσσαρίου
1206 5623 1341 5689 ἑνός.
