3960 6140
397 356 501 418 ’1τὲ5

1099 306 1469 417 Αῧνέῐὶδυδ
1507 356 1846 414 ΒᾸΞΗΕὸΕΞ
1872 356 1956 411 LII

2069 397 2081 410 .
2124 354 2290 415 ΤΟΜ.
2332 357 2421 413 Ill.
2456 389 2525 398 -—-
2564 357 2836 413 HrERES.
2880 357 3037 413 XLII.

3530 359 3632 414 786

393 482 557 537 αὑτὸν
600 478 848 550 ποιητὴν,
874 477 967 531 καὶ
1005 479 1356 550 δημιουργζν,
1393 477 1487 532 καὶ¹
1520 473 1815 549 νομοθέτην
1850 475 1956 526 Πα-

2063 472 2186 528 dam
2213 488 2344 529 cura
2374 483 2426 531 et
2457 475 2709 546 spiritali,
2753 490 2872 545 quae
2905 475 3120 530 Illorum
3150 480 3399 529 naturam
3434 487 3630 527 conse-

393 569 552 633 λαιᾶς
592 569 686 622 καὶ
735 569 943 638 Καινῆς
986 567 1260 639 Διαθήκης
1292 568 1451 630 ὅντα,
1497 565 1630 620 Θεὸν
1661 564 1863 633 ἀγαθόν
1901 580 1961 617 τε

394 662 489 715 καὶ
515 659 723 715 δίκαιον
752 661 845 713 καὶ
874 660 981 713 τῶν
1004 659 1218 713 πάντων
1248 659 1472 730 Κύριον.

475 929 526 993 η’
557 922 649 975 καὶ
674 928 751 986 ις’
791 921 938 992 σχόλ.
968 924 1025 976 Μ
1032 922 1065 990 ὴ
1091 921 1212 975 τῶν
1229 922 1401 987 ,ϐοῶν
1421 922 1592 993 μέλει
1625 921 1705 988 τῷ
1736 920 1893 988 Getis;

463 1110 513 1173 η’
540 1103 636 1157 καὶ
663 1110 740 1168 ις’
770 1103 949 1173 έλεγχ.
972 1102 1107 1173 Ἤδη
1139 1102 1736 1173 διαπεπραγμάτευται,
1770 1103 1863 1156 καὶ
1877 1102 1963 1157 διὰ

396 1194 632 1258 πλάτους
679 1195 1014 1266 ἡρμήνευται
1064 1195 1122 1247 ἐν
1164 1193 1242 1263 τῷ
1293 1193 1400 1264 πρὸ
1443 1192 1606 1245 αὑτοῦ
1660 1193 1828 1265 ῥητῷ.
1874 1195 1966 1248 Διὸ

398 1287 650 1357 περιττὸν
681 1286 1023 1357 ἡγησάμενος
1052 1281 1206 1348 αὖθις
1236 1286 1364 1357 περὶ
1389 1283 1553 1338 αὑτοῦ
1600 1283 1799 1354 λέγειν,
1861 1288 1964 1357 ηρ-

396 1376 594 1447 κέσθην
622 1378 735 1440 τοῖς
761 1376 1193 1447 προειρημένοις.
1276 1424 1287 1437 ,

466 1466 511 1519 θ’
542 1466 635 1521 καὶ
664 1466 728 1531 ιζ’
750 1467 895 1537 σχόλ.
922 1469 1005 1521 Οὐ
1029 1467 1181 1523 θέλω
1199 1467 1307 1537 γὰρ
1335 1467 1492 1537 ὑμᾶς
1511 1468 1774 1537 ἀγνοεῖν,
1792 1468 1968 1525 ἀδελδ

393 1557 515 1625 φοι,
551 1556 641 1611 ὅτι
664 1560 718 1610 οι
746 1556 993 1624 πατέρες
1022 1557 1189 1627 ὑμῶν
1207 1559 1327 1614 ὑπὸ
1349 1557 1466 1627 τὴν
1491 1558 1767 1627 νεφέλην·
1778 1556 1961 1630 ἦσαν,

393 1649 491 1701 καὶ
525 1647 748 1712 πάντες
781 1648 882 1702 διὰ
905 1646 1013 1716 τῆς
1043 1648 1362 1717 θαλάσσης
1397 1649 1665 1717 διῆλθον,
1689 1651 1787 1706 καὶ
1816 1650 1965 1705 πάν-

2065 563 2272 632 qnirnr,
2299 564 2662 620 administrat.
2695 563 3141 621 Concludendum
3164 563 3329 633 igitur
3353 569 3457 628 est;
3482 576 3645 616 eum-.

2065 655 2186 710 dem
2220 653 2578 720 conditorem,
2623 663 2677 712 et
2716 656 2983 726 opiﬁcem,
3020 671 3083 711 ac
3110 655 3475 726 lcgislatorem
3510 667 3635 709 esse

2070 744 2286 802 Veteris
2316 761 2378 802 ac
2403 746 2537 802 Novi
2570 746 2901 803 Testamenti
2924 788 2938 811 ,
2970 747 3133 802 Deum
3165 747 3398 811 bonum,
3442 752 3496 802 et
3533 746 3621 817 ju-

2064 847 2231 902 stum,
2263 838 2751 908 universorumque
2784 836 3093 891 Dominum.

2139 930 2325 985 Schol.
2381 930 2415 984 8
2463 942 2518 985 et
2584 930 2670 985 16.
2716 927 2972 999 Nunquid
3027 927 3091 982 de
3163 927 3324 982 bobus
3379 944 3508 981 cura
3558 936 3641 983 est

2075 1019 2187 1075 Deo
2217 1017 2287 1068 ’Τ

2136 1108 2326 1165 Refut.
2355 1111 2389 1165 8
2415 1118 2469 1165 et
2502 1110 2590 1165 I6;
2644 1108 2874 1167 Abunde
2924 1114 3194 1163 tractatus
3225 1108 3313 1161 hic
3344 1107 3499 1162 locus
3531 1116 3634 1171 est,

2064 1210 2120 1258 et
2159 1203 2215 1257 in
2246 1203 2514 1274 superiori
2570 1202 2748 1272 capite
2797 1217 2825 1257 a
2875 1201 3033 1257 nobis
3062 1199 3367 1270 expositus.
3402 1198 3638 1268 Ideoque

2066 1307 2536 1362 supervacaneum
2567 1292 2671 1345 rati
2700 1292 2887 1347 eadem
2921 1291 3102 1346 denuo
3125 1299 3391 1361 repetere,
3423 1290 3490 1345 iis
3517 1304 3639 1359 quae

2065 1380 2208 1435 dicta
2238 1387 2376 1436 sunt
2396 1381 2633 1437 contenti
2664 1396 2788 1437 esse
2815 1382 3097 1437 debemus.

2137 1470 2324 1526 Schol.
2355 1473 2472 1528 9-et
2500 1472 2588 1525 17.
2638 1471 2780 1527 Nolo
2825 1473 2963 1526 enim
2990 1489 3079 1528 vos
3111 1474 3377 1543 ignorare.
3416 1472 3632 1540 fratres,

2062 1561 2311 1631 quoniam
2357 1571 2535 1630 patres
2580 1563 2751 1617 nostri
2789 1562 2885 1617 sub
2932 1562 3066 1617 nube
3106 1563 3337 1633 fuerunt,
3371 1572 3422 1617 et
3450 1579 3629 1617 omnes

2064 1665 2210 1705 mare
2231 1652 2578 1719 transierunt,
2599 1660 2650 1706 et
2674 1668 2852 1709 omnes
2875 1653 3112 1707 eamdem
3135 1669 3308 1708 escam
3338 1654 3633 1722 spiritalem

393 1757 493 1804 τες
540 1739 604 1792 τὸ
649 1739 796 1793 αὐτὸ
844 1740 1246 1807 πνευματικὸν
1298 1739 1525 1809 ἔφαγον
1577 1741 1813 1809 βρῶμα,
1862 1740 1956 1796 και

2065 1742 2511 1797 manducarerunt
2536 1784 2552 1805 ,
2610 1752 2679 1798 et‘
2715 1758 2890 1798 omnes
2946 1744 3183 1800 eumdem
3227 1755 3409 1815 potum
3480 1743 3638 1813 spiri-

394 1802 616 1895 πάντες
639 1830 704 1883 τὸ
735 1830 883 1883 αὐτό
915 1802 1317 1900 πνευματικὸν
1330 1802 1525 1886 verr-tor
1796 1802 1956 1887 ἓἙπι-

2064 1831 2223 1885 talem
2270 1802 2548 1887 biberunt;
2602 1831 2855 1887 Bibebant
2895 1835 3032 1888 enim
3084 1838 3147 1889 de
3182 1802 3415 1904 spiritali
3456 1802 3637 1888 conse-

394 1939 507 1975 νον
538 1923 647 1991 γὰρ
677 1923 746 1976 ἐκ
773 1922 1180 1992 πνευματικῆς
1217 1924 1674 1993 ἀκολουθούσης
1709 1926 1928 1995 πέτρας
1944 1942 1959 1956 ο

394 2014 433 2073 ἡ
479 2011 547 2065 δὲ
588 2012 772 2080 πέτρα
821 2009 901 2082 ἦν
950 2017 985 2068 ὁ
1033 2017 1303 2082 Χριστός.
1349 2017 1508 2070 Ἀλλ’
1549 2019 1663 2071 οὐκ
1716 2017 1788 2070 ἐν
1839 2018 1963 2085 τοῖς

392 2101 670 2155 πλείοσιν
699 2101 898 2158 αὐτῶν
926 2103 1251 2172 ηὑδόκησε.
1280 2106 1470 2161 Ταῦτα
1505 2107 1574 2161 δὲ
1603 2109 1777 2162 τύποι
1796 2108 1964 2178 ἡμῶν

390 2192 785 2261 ἐγενήθησαν,
811 2194 898 2264 μὴ
939 2195 1088 2263 πρὸς
1118 2198 1184 2251 τὸ
1219 2194 1372 2252 εἶναι
1404 2198 1562 2268 ἡμᾶς
1600 2201 1963 2270 ἐπιθυμητὰς

392 2282 624 2346 κακῶν,
674 2284 869 2352 καθὼς
923 2286 1022 2341 καὶ
1078 2287 1294 2342 ἐκεῖνοι
1335 2290 1746 2360 ἐπεθύμησαν
1803 2292 1961 2362 μηδὲ

391 2372 811 2442 εἰδωλολάτραι
852 2377 1113 2445 γίνεσθε,
1152 2378 1343 2445 καθώς
1392 2397 1549 2445 τινες
1605 2381 1822 2447 αὐτῶν,
1859 2399 1962 2436 κα⁸

390 2463 505 2529 θὼς
550 2464 867 2534 γέγραπται
890 2482 902 2495 ’
958 2466 1270 2522 Ἐκάθισεν
1321 2472 1355 2523 ό
1410 2471 1559 2537 λαὸς
1613 2472 1827 2541 φαγεῖν
1861 2475 1960 2528 καὶ

391 2556 570 2622 πιεῖν,
619 2558 719 2611 καὶ
745 2557 1097 2626 ἀνέστησαν
1127 2558 1372 2621 παίζειν.
1405 2561 1573 2629 Μηδὲ
1611 2563 1960 2632 ἐκπειράζω-

384 2666 500 2717 μεν
523 2648 630 2702 τὸν
655 2650 915 2717 Χριστόν
933 2665 945 2679 ·
982 2651 1115 2703 ὅπου
1154 2650 1302 2721 λέγει
1330 2669 1343 2682 ·
1371 2652 1555 2707 ταῦτα
1604 2654 1672 2707 δέ
1700 2655 1962 2722 τυπικῶς

387 2737 748 2793 συνέϐαινεν
793 2740 1073 2806 ἐκείνοις·
1123 2741 1349 2812 ἐγράφη
1394 2743 1463 2797 δὲ
1513 2744 1689 2813 ἡμῖν,
1744 2748 1840 2801 καὶ
1891 2748 1963 2803 τὰ

389 2829 541 2900 tias.

459 2923 503 2976 θ’
548 2924 642 2976 καὶ
696 2923 765 2988 ιζ’
807 2924 987 2995 ἐλεγχ.
1030 2926 1094 2977 ’Ὠ
1130 2925 1328 2996 πολλῆς
1374 2928 1831 2998 φρενοϐλασείαςῑ
1864 2932 1958 2996 Τίς

391 3012 531 3083 ἔχων
591 3013 921 3084 ὀφθαλμοὺς,
964 3015 1113 3086 ἡλίου
1155 3016 1558 3083 ἀνατέλλοντος,
1616 3020 1806 3075 ἑαυτὸν
1847 3021 1957 3076 ἀπὸ

2061 1930 2245 1992 quente
2273 1938 2360 1976 eos
2389 1933 2579 1989 petra;
2619 1933 2772 1992 petra
2815 1931 2994 1977 autem
3044 1933 3159 1978 erat
3207 1923 3468 1978 Christus.
3522 1921 3627 1976 Sed

2063 2001 2163 2064 non
2194 2011 2249 2064 in
2277 2011 2519 2078 pluribus
2561 2027 2742 2066 eorum
2781 2011 3162 2080 beneplaeitum
3201 2019 3279 2065 est
3324 2010 3453 2066 Deo.
3502 2008 3629 2064 ch

2063 2112 2239 2158 autem
2263 2104 2318 2157 in
2342 2105 2516 2175 ﬁgura
2545 2105 2709 2174 facta.
2727 2116 2850 2160 sunt
2890 2106 3082 2169 nostri,
3114 2115 3171 2158 ut
3198 2122 3299 2160 non
3322 2106 3489 2160 simus
3511 2122 3630 2161 eon-

2062 2197 2382 2261 cupiscentes
2415 2197 2700 2261 malorum,
2745 2199 2883 2252 sicut
2921 2198 3005 2252 illi
3047 2198 3300 2267 fuerunt;
3335 2214 3494 2268 neque
3515 2199 3632 2252 ido-

2062 2285 2235 2339 lorum
2292 2288 2519 2343 cultores
2569 2287 2887 2356 elliciamini,
2926 2288 3064 2342 sicut
3106 2286 3321 2357 quidam
3369 2301 3432 2341 ea:
3472 2288 3621 2356 ipsis.

2061 2377 2497 2448 quemadmodum
2527 2380 2777 2447 scriptum
2801 2388 2917 2433 est:
2959 2378 3105 2435 Sedit
3147 2380 3369 2446 populus
3410 2378 3628 2432 mandu-

2059 2484 2180 2521 care
2231 2476 2281 2523 et
2308 2467 2502 2532 bibere,
2531 2476 2581 2522 et
2609 2478 2952 2523 surrexerunt
2988 2467 3187 2523 ludere.
3235 2467 3417 2538 Neque
3459 2478 3617 2523 tente-

2060 2574 2177 2612 mus
2224 2558 2513 2622 Christum,
2568 2550 2744 2629 usque
2789 2560 2858 2614 ad
2906 2561 2998 2614 illa
3041 2560 3204 2615 vcrba
3234 2579 3247 2614 :
3277 2559 3405 2615 Hac
3443 2569 3618 2614 autem

2061 2648 2240 2701 omnia
2274 2648 2329 2701 in
2357 2648 2533 2718 ﬁgura
2562 2649 2931 2719 contingebant
2962 2649 3097 2716 illis,
3134 2650 3335 2718 scripta
3364 2660 3486 2704 sunt
3521 2667 3620 2705 au-

2061 2747 2165 2792 tem
2195 2736 2346 2794 nobis
2379 2740 2431 2805 ',.
2447 2749 2557 2795 etc.

2128 2919 2309 2976 Relut.
2361 2920 2394 2976 9
2424 2928 2478 2976 et
2538 2921 2626 2976 17.
2672 2920 3037 2977 Oinauditam
3098 2921 3423 2978 amentiam!
3465 2922 3625 2989 Quis,

2058 3010 2269 3066 oriente
2318 3014 2453 3075 sole,
2484 3013 2530 3067 si
2559 3012 2719 3068 modo
2757 3013 2946 3068 oculos
2987 3013 3203 3077 habeat,
3237 3027 3268 3066 a
3302 3012 3423 3067 luce
3456 3012 3622 3082 possit

388 3104 482 3158 τοῦ
514 3104 691 3173 φωτὸς
722 3105 1015 3178 πλανήσει;
1060 3108 1123 3161 Εἰ
1152 3109 1260 3180 γὰρ
1302 3110 1541 3182 πατέρας
1588 3111 1782 3164 ἑαυτοῦ
1829 3113 1955 3177 τοὺς

2063 3104 2353 3159 aberrare?
2390 3103 2530 3159 Num
2560 3104 2606 3160 si
2638 3111 2821 3174 patres
2855 3119 2986 3160 suos
3014 3111 3226 3160 veteres
3249 3103 3372 3158 illos
3400 3102 3440 3155 Α
3449 3111 3617 3173 posto-

386 3196 505 3249 τότε
546 3196 693 3265 λέγει
741 3198 770 3249 ὁ
822 3197 974 3267 ἅγιος
1037 3199 1375 3265 Ἀπόστολος,
1415 3203 1507 3255 καὶ
1554 3202 1659 3257 ὑπὸ
1708 3204 1953 3276 νεφέλης,

387 3286 483 3340 καὶ
528 3286 616 3357 διὰ
676 3288 947 3360 Θαλάσσης
997 3289 1396 3363 διεληλυθέναι,
1446 3294 1548 3347 καὶ
1593 3297 1957 3367 πνευματικὸν

388 3379 584 3452 βρῶμα
616 3383 710 3436 καὶ
750 3383 902 3452 πόμα
933 3380 1094 3453 εἶναι,
1129 3385 1459 3458 βεϐρωκέναι
1511 3387 1568 3440 δὲ
1616 3390 1710 3442 καὶ
1767 3407 1957 3444 πεπωε

385 3470 538 3525 κέναι
565 3474 632 3525 ἐκ
655 3475 1030 3544 πνευματικῆς
1048 3476 1445 3550 ἀκολουθούσης
1471 3479 1696 3551 πέτρας,
1721 3482 1956 3552 Χριστὸν

383 3562 440 3615 δὲ
468 3558 606 3618 εἶναι
647 3563 745 3635 τὴν
783 3564 987 3637 πέτραν
1027 3568 1258 3636 φάσκειο
1301 3570 1385 3634 τίς
1415 3570 1769 3642 πεισθήσεται
1796 3574 1954 3645 Μαρ⁹

384 3653 577 3718 κίωνος
608 3658 673 3726 τῇ
712 3656 959 3730 ἀπονοίᾳ,
989 3658 1082 3712 τοῦ
1126 3659 1460 3725 σκοτίξοντος
1490 3663 1682 3717 ἑαυτοῦ
1709 3663 1801 3718 τὸν
1831 3664 1954 3719 νοῦν

382 3747 478 3800 καὶ
524 3746 632 3799 τῶν
684 3748 986 3802 ἀκουόντων
1034 3750 1220 3815 αὑτοῦ,
1261 3751 1536 3824 ἀλλότριον
1581 3754 1813 3824 φάσκειν
1861 3756 1954 3809 τὸν

380 3836 614 3908 Χριστὸν
644 3836 751 3890 τῶν
785 3840 841 3890 ὲν
874 3837 1021 3909 νόμῳ
1048 3841 1374 3909 γενομένων,
1411 3842 1852 3914 ὁμολογουμένων
1894 3844 1953 3898 δὲ

381 3925 532 3997 παρὰ
574 3925 668 3979 τοῦ
719 3926 1039 3982 Ἀποστόλου
1066 3930 1124 3982 έν
1151 3930 1399 4002 ἀληθείᾳ,
1428 3931 1521 3985 καὶ
1569 3933 1669 3986 οὐκ
1709 3934 1767 3986 ὲν
1795 3932 1952 4004 δοκήο

381 4030 499 4081 σει;
548 4014 749 4068 Φάσκει
791 4015 848 4067 δὲ
885 4017 914 4069 ὁ
960 4016 1113 4085 ἆγιος
1177 4018 1516 4083 Ἀπόστολος,
1574 4019 1661 4090 μὴ
1713 4022 1783 4075 ἐν
1828 4023 1953 4090 τοῖς

260 4114 269 4123 ’
379 4106 689 4172 πλείστοις
719 4106 827 4161 τὸν
872 4108 1127 4176 Χριστὸν
1163 4108 1581 4179 ηὐδοκηκέναι,
1612 4114 1829 4178 πάντως
1861 4115 1949 4171 διὰ

380 4198 697 4270 παράνομον
724 4200 921 4271 πρᾶξιν
951 4201 1061 4257 τῶν
1102 4204 1301 4259 αὐτῶν.
1342 4205 1406 4257 Εἰ
1434 4204 1495 4258 δὲ
1524 4205 1623 4259 οὐκ
1652 4206 1950 4279 ηὐδόκησεν

2057 3195 2438 3263 Iusnominat,
2461 3203 2525 3250 et.
2541 3196 2646 3251 sub
2667 3195 2813 3251 nube
2836 3194 3027 3260 fuisse,
3060 3210 3125 3249 ac
3158 3208 3309 3249 mare
3339 3194 3622 3248 transiisse

2058 3287 2347 3358 praedicat;
2391 3288 2437 3343 si
2483 3288 2785 3359 spiritalem
2822 3302 3006 3344 escam
3055 3295 3112 3344 et
3162 3296 3347 3357 potum
3388 3301 3615 3341 comme-

2056 3376 2242 3433 morat
2272 3398 2285 3433 :
2321 3381 2561 3449 itemque
2592 3379 2955 3435 manducasse
2979 3394 3044 3435 ac
3072 3379 3277 3435 bibisse
3300 3378 3367 3434 de
3390 3378 3621 3448 spiritali

2056 3478 2424 3539 consequente
2469 3469 2593 3524 illos
2633 3479 2807 3539 petra,
2842 3484 3075 3539 eamque
3101 3476 3310 3540 petram
3337 3468 3622 3523 Christum

2054 3576 2176 3617 esse
2200 3561 2422 3627 scribit;
2447 3561 2572 3631 quis
2595 3560 3134 3617 Marcionisinsanise
3152 3559 3309 3615 ﬁdem
3334 3559 3613 3618 adhibeat:

2055 3651 2147 3723 qui
2198 3667 2354 3708 suam
2408 3667 2472 3706 ac
2520 3660 2854 3708 sectatorum
2911 3666 3138 3706 suorum
3185 3658 3420 3706 mentem
3458 3650 3623 3706 tantis

2055 3740 2297 3796 tenebris
2348 3741 2613 3810 implicat,
2666 3750 2724 3795 ut
2760 3740 3039 3794 Christum
3073 3740 3142 3794 ab
3168 3739 3238 3794 iis
3290 3740 3383 3809 qui
3421 3739 3475 3793 in
3507 3741 3621 3809 lege

2052 3834 2255 3889 versati
2303 3840 2434 3888 sunt
2482 3835 2794 3888 abalienare
2828 3832 3168 3888 contendat:
3207 3848 3347 3902 quos
3399 3829 3619 3901 quidem

2050 3926 2344 3996 Apostolus
2392 3940 2600 3992 revera,
2644 3941 2755 3979 non
2803 3925 2927 3980 ficta
2970 3925 3207 3995 quadam
3246 3925 3449 3994 specie,
3470 3940 3618 3978 com-

2051 4017 2361 4072 mendavit?
2396 4016 2547 4083 Quod
2599 4024 2782 4071 autem
2829 4018 2884 4070 in
2924 4016 3187 4085 plerisque
3229 4016 3423 4071 scribit
3474 4014 3629 4071 idem.

2050 4124 2153 4162 non
2186 4107 2349 4178 {uisse
2377 4108 2633 4178 placitum
2656 4106 2888 4172 Christo,
2925 4107 3083 4177 plane
3115 4105 3372 4178 358ad
3401 4106 3616 4161 illorum

2050 4198 2259 4253 scelera
2293 4198 2564 4268 pertinere
2597 4198 2899 4268 putandum
2930 4205 3035 4254 est.
3058 4196 3180 4253 Jam
3211 4212 3339 4252 vero
3368 4198 3416 4253 si
3465 4197 3523 4252 in
3548 4198 3630 4252 iis

378 4290 437 4342 ὲν
460 4292 573 4354 τοῖς
594 4292 734 4346 κατὰ
761 4293 850 4346 τὸν
877 4294 1037 4364 νόμον
1062 4296 1354 4368 παράνομα
1384 4298 1795 4370 ἐργασαμένοις,
1840 4302 1948 4373 ἄρα

2063 4290 2141 4360 qui
2172 4290 2225 4344 in
2271 4292 2385 4361 lege
2420 4291 2686 4346 scelerate
2724 4306 2785 4346 se
2814 4298 3107 4362 gesserunt
3163 4306 3506 4362 nequaquam
3538 4291 3629 4346 illi.

378 4381 677 4447 ἀγανακτεῖ
715 4385 850 4456 πρὸς
874 4387 1000 4449 τοὺς
1026 4387 1318 4453 τοιούτους,
1350 4389 1427 4452 ὡς
1452 4389 1617 4444 αὑτοῦ
1655 4389 1947 4456 δεδωκότος

2063 4383 2306 4451 placitum
2340 4392 2444 4447 est,
2481 4383 2604 4437 ideo
2631 4383 2738 4438 illis
2763 4382 3140 4439 succensuerit
3186 4390 3445 4453 oportet,
3473 4383 3634 4453 quod.

376 4469 468 4522 τὸν
498 4473 682 4545 νόμον,
714 4450 809 4530 καὶ
836 4478 1073 4556 διδάσκει
1110 4450 1311 4534 ἑαυτοῦ
1333 4450 1424 4535 τὸν
1454 4483 1617 4553 νόμον
1661 4450 1946 4556 ὑπάρχειν,

2063 4476 2226 4544 legem
2307 4475 2423 4544 ipse
2487 4476 2717 4542 tulerit;
2772 4472 2938 4546 quam
2999 4474 3226 4529 omnino
3293 4490 3445 4530 suam
3499 4491 3616 4531 esse

377 4567 551 4641 καιρῷ
594 4569 816 4625 δοθέντα
998 4573 1221 4637 δικαίως
1266 4549 1948 4648 ἐξυπηρετηθέντα,”ἀχρι

2063 4559 2362 4629 cnnﬁrmut,
2427 4580 2549 4634 quae
2593 4580 2692 4635 pro
2740 4565 3005 4634 temporis
3042 4564 3448 4634 opportunitate
3489 4578 3604 4617 con

374 4660 476 4730 τῆς
527 4660 790 4731 ὲνσάρκου
834 4661 997 4715 αὐτοῦ
1041 4665 1360 4735 παρουσίας.
1395 4665 1612 4736 Πρέπον
1653 4668 1762 4739 γάρ
1800 4670 1946 4724 ἐστιν

373 4753 727 4826 οἰκοδεσπότῃ
769 4753 890 4807 καθ’
922 4755 1150 4810 ἕκαστον
1193 4756 1382 4826 καιρὸν
1409 4757 1680 4828 ἁρμοδίως
1722 4762 1945 4817 ἐπιτάσ-

376 4861 489 4897 σειν
535 4847 645 4905 τοίς
689 4844 882 4898 ἑαυτοῦ
925 4846 1162 4911 οἰκέταις
1210 4847 1279 4902 τὰ
1322 4850 1619 4921 πρέποντα.
1667 4852 1842 4916 Εὐθὺς
1886 4854 1943 4909 δὲ

372 4936 644 5007 ἐπιφέρει,
670 4934 843 5004 λέγων
863 4953 877 4967 ο
918 4938 1108 4992 Ταῦτα
1140 4937 1209 4992 δὲ
1239 4940 1411 4995 τύποι
1452 4940 1621 5008 ἡμῶν
1664 4943 1945 5013 ἐγενήθη-

372 5041 513 5088 σαν,
545 5026 692 5094 πρὸς
721 5026 787 5080 τὸ
810 5026 897 5095 μὴ
933 5023 1085 5081 εἶναι
1116 5028 1272 5097 ἡμᾶς
1316 5030 1681 5099 ἐπιθυμητὰς
1720 5033 1939 5102 κακῶν,

371 5114 567 5183 καθὼς
594 5114 858 5171 κάκεῖνοι
887 5115 1277 5185 ἐπεθύμησαν
1304 5133 1317 5147 ·
1343 5118 1499 5188 μηδὲ
1526 5118 1944 5189 εἰδωλολάτραι

371 5206 634 5274 γίνεσθε,
682 5204 876 5271 καθώς
907 5222 1060 5272 τινες
1094 5205 1325 5260 αὐτῶν
1374 5207 1493 5279 οὐχὶ
1539 5207 1679 5263 κατὰ
1726 5210 1945 5265 πάντων

370 5296 468 5368 τὴν
491 5296 670 5368 ψῆφον
706 5297 936 5366 διεξιών.
966 5298 1076 5353 Καὶ
1109 5299 1271 5352 πόθεν
1302 5296 1446 5365 οἶδας
1472 5301 1663 5368 ταῦτα,
1702 5297 1748 5358 ὧ
1790 5306 1947 5359 Ἀπό-

373 5386 562 5456 στολε;
595 5389 900 5462 Ἐπιφέρει,
956 5391 1050 5456 Ὠς
1088 5391 1425 5459 τέτραπται,
1465 5395 1675 5466 φήσαςο
1718 5396 1943 5453 Ἐκάθι-

370 5495 486 5534 σεν
516 5482 549 5534 ό
596 5481 746 5548 λαός
796 5480 1009 5553 φαγεῖν
1061 5481 1156 5536 καὶ
1206 5481 1391 5546 πιεῖν,
1443 5483 1541 5537 καὶ
1592 5484 1944 5555 ἀνέστησαν

370 5570 613 5633 παίζειν.

450 5768 513 5823 '1
550 5770 674 5825 Cor.
713 5789 788 5834 ix,
813 5772 865 5828 9.
944 5775 963 5805 ’
1002 5771 1020 5826 I
1052 5772 1172 5829 Cor.
1205 5790 1258 5842 κ,
1306 5775 1325 5828 1
1368 5792 1520 5848 sqq.;
1552 5776 1722 5835 Exod.
1762 5796 1933 5850 xxxn,
1964 5784 2017 5838 6.

2046 4670 2226 4721 cessa,
2272 4655 2458 4710 tandiu
2506 4655 2845 4721 [unctionem
2874 4670 3027 4710 suam
3065 4661 3150 4709 est
3184 4653 3613 4708 administratio-

2048 4761 2285 4817 nemque
2318 4745 2549 4810 sortita,
2570 4745 2744 4800 donec
2771 4746 2862 4799 ille
2895 4760 3061 4799 carne
3086 4744 3346 4813 praeditus
3377 4743 3615 4797 advenit.

2054 4838 2190 4893 Nam
2265 4847 2320 4894 et
2366 4836 2758 4909 paterfamilias
2822 4836 2995 4892 servis
3059 4835 3177 4890 suis
3251 4842 3613 4889 consentnncs

2047 4935 2246 5003 cuique
2277 4933 2509 5004 tempori
2547 4932 2711 4989 debet
2753 4931 3008 4986 mandata
3055 4929 3432 5000 prmscribere.
3475 4928 3605 4984 Sub-

2047 5024 2173 5079 inde
2197 5039 2326 5079 vero
2353 5025 2456 5080 ista
2487 5023 2795 5079 subtexuit:
2820 5022 2943 5077 Ηωσ
2975 5030 3151 5075 autem
3175 5022 3228 5073 in
3254 5020 3425 5089 ﬁgura
3448 5020 3622 5074 nostri

2047 5116 2443 5185 contigerunt,
2482 5131 2543 5170 ne
2610 5116 2776 5170 simus
2847 5113 3267 5180 concupiscentes
3320 5110 3611 5174 malorum,

2048 5208 2180 5262 sicut
2215 5210 2295 5263 illi
2324 5209 2735 5277 concupierunt;
2769 5222 2929 5277 neque
2961 5205 3223 5259 idolorum
3251 5201 3476 5257 cultores
3510 5203 3617 5271 em-

2049 5300 2288 5365 ciamini,
2341 5300 2477 5354 sicut
2520 5299 2736 5369 quidam
2775 5313 2839 5353 ea:
2876 5298 3025 5366 ipsis.
3060 5294 3117 5349 In
3149 5309 3260 5365 quo
3286 5309 3394 5349 non
3425 5307 3616 5350 omnes

2051 5390 2320 5445 sententia
2349 5404 2447 5446 sua
2478 5388 2878 5446 condemnavit.
2907 5386 3013 5445 Sed
3038 5386 3332 5450 undenam,
3365 5384 3621 5440 obsecro-

2050 5480 2186 5545 htec,
2240 5480 2517 5551 Apostolc,
2576 5479 2756 5534 nosti?
2798 5477 2944 5534 Sicut
2975 5479 3225 5547 scriptum
3264 5484 3363 5540 est,
3399 5473 3613 5545 inquit:

2050 5573 2198 5630 Sedit
2226 5573 2449 5644 populus
2484 5571 2802 5627 manducare
2838 5584 2887 5627 et
2931 5571 3121 5637 bibere,
3174 5581 3223 5624 et
3269 5580 3619 5625 surrexerunt

2050 5670 2249 5722 ludere.
