3950 6188
303 307 408 362 787

1705 302 1762 358 S.
1810 299 2158 356 EPIPHANH

3477 294 3592 351 788

374 423 514 480 \‘era
542 431 625 481 est
657 423 841 494 itaque
872 421 1181 494 Scriptura,
1218 422 1287 479 de
1317 439 1424 494 qua
1452 421 1521 477 ad
1551 422 1882 477 convincen-

2066 419 2208 490 ⁸’Λρα
2235 415 2365 486 γοῦν
2395 415 2601 488 ἀληθὴς
2625 417 2659 488 ἠ
2685 414 2903 488 Γραφὴ.
2936 412 2996 479 ἐξ
3027 404 3095 484 ἦς
3121 411 3213 465 καὶ
3241 410 3334 465 τὸν
3364 410 3594 480 ἔλεγχον

303 517 404 574 dos
461 515 738 586 improbos
790 514 995 574 Paulus
1047 525 1366 586 argumenta
1417 514 1643 585 colligit.
1692 511 1895 569 Deinde

303 623 497 664 rursus
524 625 537 660 :
569 603 752 675 Neque
781 614 1044 660 tentemus
1070 605 1377 660 Dominum.
1410 605 1616 661 Marcio
1647 621 1776 662 vero
1797 619 1895 674 pro

303 699 531 752 Domino
576 695 858 753 Christum
907 697 1216 755 substituit.
1279 697 1386 753 Sed
1435 697 1578 753 idem
1616 705 1701 753 est
1732 696 1895 766 plane

299 788 557 842 Christus
601 801 667 842 ac
713 785 1002 852 Dominus,
1054 788 1159 844 etsi
1219 785 1484 844 Marcioni
1524 788 1684 842 aliter
1714 786 1892 841 visum

299 879 391 943 sit,
418 894 543 933 cum
570 877 775 935 Christi
801 879 1096 949 appellatio
1122 879 1369 950 subjecta
1398 879 1471 935 sit
1497 880 1552 934 iu
1580 879 1648 935 iis
1677 878 1890 934 verbis:

302 968 466 1022 Petra
521 977 696 1023 autem
745 979 860 1023 erat
909 969 1186 1036 Christus;
1256 979 1335 1034 et,
1382 987 1488 1026 non
1534 971 1592 1024 in
1632 969 1896 1039 plerisque

301 1053 518 1108 illorum
568 1054 951 1126 beneplacitum
994 1067 1074 1112 est
1109 1057 1238 1116 Deo.
1273 1057 1406 1116 Post
1444 1059 1561 1114 haec
1591 1057 1894 1130 Apostolus

304 1147 397 1203 ubi
442 1156 617 1204 totum
668 1151 803 1207 illud
859 1159 1238 1221 argumentum
1285 1151 1579 1224 percurrit,
1632 1148 1890 1222 subiicit:

307 1239 439 1295 Ηιεε
496 1251 671 1295 autem
725 1242 783 1296 in
829 1243 1006 1314 ﬁgura
1064 1243 1440 1314 contingebant
1490 1244 1641 1307 illis;
1695 1243 1896 1312 scripta

306 1343 435 1387 sunt
475 1343 653 1388 autem
703 1333 772 1388 ad
814 1334 1206 1402 correptione»:
1231 1344 1495 1390 nostram.
1556 1334 1694 1390 Cum
1731 1334 1898 1405 igitur

306 1441 428 1498 qua:
457 1426 568 1479 illis
599 1425 654 1479 in
717 1424 890 1496 ﬁgura
934 1426 1328 1497 contingebant
1377 1426 1444 1482 ad
1491 1426 1896 1496 correptionem

304 1525 550 1572 nostram
602 1517 808 1588 scripta
847 1518 978 1584 sint,
1017 1519 1109 1589 qui
1137 1533 1201 1578 ea
1230 1535 1355 1590 quae
1424 1526 1539 1574 tum
1580 1517 1898 1573 acciderunt

303 1609 372 1662 ad
424 1609 824 1680 correptionem
879 1619 1127 1684 nostram
1181 1609 1546 1680 praescripsit,
1607 1608 1717 1663 illis
1751 1607 1897 1662 haud

303 1699 471 1755 dubie
502 1701 795 1758 consulere
835 1700 1073 1772 studuit,
1111 1717 1250 1772 quos
1284 1701 1564 1772 corrigere
1606 1709 1770 1770 atque
1803 1699 1895 1754 ad-

1997 513 2137 566 κατὰ
2166 509 2279 565 τῶν
2308 510 2526 580 ἀνόμων
2552 511 2580 562 6
2620 505 2939 570 ’Δπόστολος
2979 503 3269 576 λαμϐάνει.
3311 497 3448 555 Εἶτα
3481 500 3591 555 πά-

1995 607 2080 660 λιν
2099 625 2111 636 ·
2151 603 2322 674 Μηδὲ
2351 599 2710 672 πειράζωμεγ
2728 600 2836 655 τὸν
2861 601 3102 668 Κύριον.
3148 597 3206 652 '0
3231 598 3291 652 δὲ
3317 596 3593 666 Μαρκίων

1995 698 2116 753 ἀντὶ
2151 695 2268 763 τοῦ,
2303 695 2547 763 Κύριον,
2581 691 2814 764 Χριστὸν
2845 691 3094 762 ἐποίησε.
3138 690 3375 760 Χριστὸν
3406 689 3466 742 δὲ
3494 689 3593 742 καὶ

1995 790 2202 860 Κύριον
2241 785 2440 842 ταυτὸν
2470 785 2762 856 ὑπάρχειν,
2806 783 2912 838 κᾶν
2948 782 3022 854 μὴ
3071 781 3255 852 δοκοίη
3301 779 3381 849 τῷ
3426 782 3589 850 Map-

1996 882 2176 945 κίωνι,
2206 877 2762 952 προῦποτεταγμένης
2795 875 2896 945 τῆς
2943 874 3037 930 τοῦ
3082 872 3323 946 Χριστοῦ
3378 873 3595 926 ἐπωνυ-

1999 973 2152 1045 μίας,
2184 974 2242 1025 ὲν
2274 970 2353 1043 τῷ
2385 971 2561 1023 εἰπεῖν
2582 985 2596 1001 ο
2651 969 2710 1023 Ἠ
2737 967 2924 1036 πέτρα
2949 962 3030 1037 ἦν
3069 968 3103 1021 δ
3145 967 3434 1034 Χριστός’
3471 965 3592 1028 καὶ,

1991 1066 2114 1120 Οὐκ
2154 1064 2224 1118 ἐν
2267 1061 2394 1128 τοῖς
2439 1062 2725 1116 πλείοσιν
2755 1056 2956 1114 αὐτῶν
2992 1057 3323 1124 ηὑόόκησε.
3363 1055 3594 1124 Διεξιὼν

1994 1156 2053 1211 δὲ
2081 1154 2245 1210 πάλιν
2285 1154 2316 1207 6
2365 1155 2522 1223 ἅγιος
2563 1151 2886 1215 Ἀπόστολος
2917 1152 3098 1205 πᾶσαν
3142 1151 3246 1222 τὴν
3285 1150 3382 1205 τοῦ
3420 1167 3595 1220 κεφα-

1995 1248 2150 1303 λαίου
2183 1247 2463 1310 ὑπόθεσιν,
2495 1244 2659 1316 φησί’
2706 1242 2898 1299 Ταῦτα
2924 1241 2994 1297 δὲ
3021 1241 3287 1308 τυπικῶς
3312 1241 3595 1297 συνέϐαι-

1996 1359 2105 1396 νεν
2131 1340 2389 1406 ἐκείνοις
2410 1355 2423 1370 ·
2463 1337 2692 1409 ἐγράφη
2726 1334 2796 1388 δὲ
2821 1334 2968 1404 ἡμῖν
3000 1337 3091 1400 εις
3129 1335 3478 1389 νουθεσίαν.
3529 1335 3596 1388 Εί

1995 1435 2175 1488 τοίνυν
2233 1431 2304 1486 τὰ
2350 1430 2596 1494 τυπικῶς
2648 1429 2887 1490 ἐκείνοις
2921 1426 3310 1498 συμϐεϐηκότα
3374 1428 3598 1498 ἐγράφη

1997 1529 2130 1598 ἡμῖν
2175 1526 2256 1590 είς
2293 1522 2595 1588 νουθεσίαν,
2627 1524 2656 1578 6
2687 1521 2909 1594 γράψας
2945 1521 3017 1575 τὰ
3049 1519 3313 1589 γεγονότα
3339 1519 3467 1572 τότε
3515 1520 3600 1583 είς

1997 1617 2282 1672 νουθεσίαν
2331 1615 2490 1688 ἡμῶν
2529 1615 2853 1687 ἐπεμελεῖτο
2886 1609 2962 1669 ὧν
3014 1615 3109 1668 καὶ
3157 1612 3260 1685 τὴν
3307 1611 3602 1668 νουθεσίαν

1998 1711 2258 1774 ἐποιεῖτο,
2296 1708 2358 1761 τὸ
2406 1708 2482 1779 μὴ
2516 1706 2765 1777 γίνεσθαι
2799 1709 2951 1778 ἡμᾶς
2996 1703 3340 1776 ἐπιθυμητὰς
3385 1702 3596 1758 κακῶν.

305 1805 532 1847 monere
594 1792 892 1862 cupiebat,
961 1809 1032 1849 ne
1093 1793 1365 1849 malorum
1441 1792 1899 1863 concupiscentes

2015 1802 2070 1855 Ὀ
2101 1801 2158 1854 δὲ
2192 1801 2265 1873 μὴ
2289 1799 2461 1854 θέλων
2490 1799 2679 1854 κακῶν
2703 1797 3048 1870 ἐπιθυμητὰς
3083 1798 3234 1869 ἡμᾶς
3297 1791 3458 1860 εἶναι,
3487 1796 3602 1866 ἄρα

305 1898 576 1938 essemus.
635 1882 1006 1950 Quamobrem
1059 1886 1239 1941 bonus
1293 1885 1476 1949 idem,
1545 1898 1654 1939 non
1719 1883 1898 1940 malus

308 1970 475 2026 fuerit
497 1979 732 2041 oportet.
772 1971 989 2039 Quibus
1018 1975 1164 2048 enim
1198 1973 1430 2031 allectus
1465 1981 1572 2038 est,
1611 1973 1809 2030 iisdem
1833 1968 1901 2028 'ut

307 2063 521 2132 praediti
561 2079 685 2120 esse
712 2065 945 2122 velimus
979 2066 1252 2131 hortatur,
1285 2067 1464 2123 bonus
1510 2065 1601 2122 ille
1640 2066 1900 2121 nimirum

306 2153 476 2217 Deus,
519 2169 585 2210 ac
605 2155 832 2226 justus;
880 2173 946 2212 ac
976 2165 1088 2213 tam
1125 2173 1318 2214 eorum
1345 2172 1484 2228 quos
1513 2167 1638 2214 ante
1664 2157 1903 2228 scripse«

308 2253 397 2300 rat
446 2245 610 2314 Deus,
661 2263 824 2320 quam
875 2250 1264 2318 posteriorum,
1337 2249 1434 2321 qui
1479 2250 1717 2320 correpti
1749 2256 1900 2314 sunt,

309 2341 597 2402 conditor:
636 2343 945 2399 communis
1006 2342 1249 2414 denique
1294 2352 1490 2399 auctor
1541 2343 1791 2400 omnium
1838 2361 1904 2400 ac

310 2435 622 2506 legislalor;
651 2435 746 2505 qui
776 2442 832 2491 et
862 2435 1158 2505 Evangelia
1193 2434 1426 2506 largitus
1455 2443 1561 2502 est,
1595 2442 1652 2492 et
1675 2443 1901 2506 aposto-

311 2529 490 2583 lorum
525 2527 633 2581 (lux
666 2542 733 2582 ac
767 2526 1083 2582 moderator
1105 2525 1343 2582 exstitit.

384 2637 574 2693 Schol.
619 2638 688 2692 10
716 2645 771 2691 et
796 2637 884 2691 18.
919 2636 1058 2702 Quid
1125 2651 1250 2706 ergo
1291 2634 1456 2691 dico?
1491 2634 1646 2702 Quod
1674 2637 1730 2690 in
1773 2645 1904 2690 tem-

313 2731 400 2798 plo
428 2728 761 2781 immolatum
791 2725 993 2795 aliquid
1032 2727 1124 2790 sit,
1161 2735 1254 2780 aut
1297 2725 1654 2797 idolotliytum
1699 2726 1906 2795 aliquid

314 2823 428 2877 sit?
457 2818 559 2874 Sed
580 2835 696 2890 qua:
721 2819 1000 2873 immolant
1023 2817 1321 2883 daemoniis,
1356 2827 1406 2873 et
1439 2836 1545 2874 non
1578 2818 1688 2873 Deo
1724 2819 1765 2871 ¹.
1801 2817 1904 2873 Ubi

316 2912 524 2968 Marcio
544 2913 597 2966 in
626 2913 798 2966 sacris
835 2910 1172 2966 immolatum
1207 2910 1431 2979 adjecit.

388 3002 572 3058 Refut.
606 3003 674 3057 10
696 3009 751 3057 et
781 3003 868 3057 18.
903 3002 1046 3069 Quid
1072 3020 1196 3073 ergo
1227 3002 1390 3058 dico?
1414 2998 1584 3056 Idalis
1803 3003 1907 3056 im-

2002 1893 2204 1961 ἀγαθὺς
2233 1893 2490 1962 ὑπάρχει,
2527 1892 2622 1945 καὶ
2647 1891 2707 1944 οὑ
2737 1890 2928 1954 κακός.
2979 1890 3068 1943 Ἐν
3092 1883 3174 1953 οἷς
3201 1887 3311 1958 γὰρ
3333 1887 3599 1957 ὑπάρχει,

2003 1985 2062 2037 ἐν
2089 1981 2301 2046 τούτοις
2336 1981 2708 2054 προτρέπεται
2747 1982 2900 2053 ἡμᾶς
2934 1975 3096 2048 εἷναι,
3129 1983 3158 2035 6
3192 1980 3357 2043 αὑτὸς
3391 1978 3605 2048 ἀγαθὸς

2003 2073 2136 2140 Θεὸς
2161 2073 2238 2128 ὢν
2267 2074 2360 2127 καὶ
2399 2075 2627 2138 δίκαιος,
2661 2075 2690 2126 6
2719 2071 2829 2128 τῶν
2857 2072 3287 2145 προγραφέντων
3309 2071 3463 2144 Θεὸς,
3503 2072 3606 2125 καὶ

2003 2165 2113 2220 τῶν
2173 2165 2470 2236 μετέπειτα
2522 2164 2962 2236 νουθετουμένων
3031 2163 3259 2234 κτίστης
3317 2161 3394 2216 ὢν
3417 2205 3432 2228 ,
3489 2162 3604 2216 τῶν

2005 2257 2225 2310 πάντων
2257 2255 2353 2310 καὶ
2399 2254 2734 2327 δημιουργὸς
2764 2253 2862 2308 καὶ
2905 2253 3231 2326 νομοθέτης,
3279 2254 3376 2307 καὶ
3418 2253 3605 2324 δωρη-

2003 2346 2157 2410 τικὸς
2205 2346 2314 2400 τῶν
2367 2344 2736 2414 Εὑαγγελίων,
2793 2345 2888 2399 καὶ
2943 2344 3248 2415 καθοδηγδς
3295 2343 3407 2397 τῶν
3455 2343 3602 2397 ἀπο-

2008 2456 2069 2492 στ
2075 2455 2232 2494 ολων.

2082 2647 2110 2692 ι’
2143 2640 2236 2694 καὶ
2273 2647 2340 2711 ιη’
2371 2641 2519 2711 εχόλ.
2557 2642 2619 2696 Τί
2639 2636 2754 2697 οὖν
2803 2657 2988 2711 sema;
3017 2642 3148 2694 Ὅτι
3201 2640 3513 2708 ἱερόθυτόν
3546 2638 3609 2692 τί

2005 2733 2206 2796 ἐστιν,
2269 2730 2308 2798 ἣ
2372 2731 2771 2786 εἰδωλόθυτόν
2822 2733 2879 2786 τί
2932 2732 3141 2797 early;
3195 2730 3358 2784 Ἀλλ’
3419 2730 3513 2784 ὅτι
3567 2730 3609 2784 ᾰ

2006 2824 2222 2878 θύουσι
2263 2821 2616 2892 δαιμονίοις,
2669 2821 2770 2875 καὶ
2816 2823 2888 2876 οὐ
2937 2819 3079 2885 Θεῷ.
3115 2817 3421 2889 Προσέθετο
3466 2817 3528 2872 δὲ
3577 2819 3608 2870 6

2006 2910 2274 2980 Μαρκίων
2303 2912 2384 2975 τὺ,
2413 2911 2742 2979 ἱερόθυτον.

2079 3019 2111 3058 ιο
2156 3004 2248 3058 καὶ
2302 3010 2369 3076 ιη’
2418 3003 2598 3075 ἕλεγχ.
2635 3004 2697 3058 Τί
2724 2999 2838 3060 οὖν
2873 3020 3067 3074 591ml;
3101 3001 3518 3058 Ειδωλόθυτόν
3551 3001 3610 3053 τί

318 3095 579 3147 molatum
615 3091 820 3164 aliquid
851 3097 972 3150 est?
1020 3093 1124 3148 Sed
1158 3109 1276 3163 qua:
1308 3093 1587 3147 immolant
1625 3094 1906 3149 daemoniis

2015 3099 2214 3161 ἑστιν;
2279 3098 2440 3153 Ἀλλ’
2493 3097 2583 3152 ὅτι
2637 3097 2678 3152 ἃ
2724 3098 2941 3152 θύουσι.
2981 3098 3331 3167 δαιμονίοις,
3384 3097 3483 3150 καὶ
3535 3097 3611 3149 οὐ

319 3193 370 3238 et
397 3201 504 3239 non
554 3184 684 3240 Deo.
728 3184 848 3239 Non
881 3186 1063 3255 prisca
1106 3186 1197 3239 illa
1243 3195 1460 3254 patrum
1495 3193 1738 3256 tempora
1771 3199 1908 3241 con-

320 3274 599 3331 demnavit
632 3276 952 3347 Apostolus,
1002 3291 1126 3346 quae
1172 3276 1241 3329 ad
1281 3283 1496 3332 aetatem
1528 3291 1702 3346 usque
1731 3291 1908 3341 suam,

322 3372 566 3439 adeoque
627 3368 872 3438 quandiu
921 3376 1122 3423 stetere
1163 3366 1564 3440 Hierosolyma,
1601 3368 1906 3435 ﬂuxerunt,

322 3475 448 3512 cum
502 3474 596 3514 eos
652 3458 812 3526 dixit,
862 3459 958 3530 qui
1019 3459 1182 3514 idolis
1230 3459 1578 3515 immolarent
1627 3459 1912 3515 daemoniis

324 3551 632 3613 immolare,
689 3565 800 3605 non
854 3549 984 3604 Deo.
1039 3547 1159 3604 Non
1192 3550 1340 3613 illos,
1367 3549 1613 3620 inquam,
1652 3550 1914 3607 damnare

323 3644 519 3707 voluit,
547 3643 642 3714 qui
675 3642 786 3699 Deo
831 3642 1236 3707 sacriﬁcarent,
1285 3657 1396 3713 quo
1427 3649 1674 3713 tempore
1705 3642 1914 3698 sacriﬁ-

325 3735 441 3789 cari
471 3735 740 3805 oportuit.
787 3734 895 3790 Sed
924 3749 1022 3790 eos
1057 3733 1326 3789 duntaxat
1359 3740 1606 3799 accusat,
1640 3735 1732 3805 qui
1753 3733 1914 3791 idolis

325 3830 631 3892 immolant,
668 3844 776 3883 non
810 3829 880 3884 ob
918 3829 1023 3885 hoc
1056 3829 1260 3901 ipsum,
1291 3828 1436 3898 quod
1467 3828 1774 3895 immolant,
1814 3827 1913 3884 sed

329 3921 474 3990 quod
521 3921 684 3978 idolis
725 3922 875 3977 istud
922 3921 1101 3991 ipsum
1153 3937 1256 3991 pro
1305 3921 1413 3976 Deo
1463 3929 1742 3991 praestant.
1794 3918 1915 3975 Non

327 4013 476 4068 enim
531 4015 656 4069 ideo
709 4013 1047 4079 sacriﬁcant,
1105 4023 1165 4068 ut
1216 4014 1474 4069 alimenta
1533 4013 1798 4068 divinitus
1847 4013 1915 4067 ad

331 4122 492 4162 usum
520 4121 784 4163 concessa
808 4108 912 4162 sibi
946 4115 1288 4177 comparent,
1322 4106 1420 4162 sed
1454 4106 1819 4172 daemonibus,
1852 4121 1917 4161 ac

329 4201 643 4258 vanissimis
673 4201 987 4256 numinibus
1017 4215 1174 4256 sacra
1205 4201 1436 4256 faciunt.
1469 4198 1554 4254 Tu
1586 4214 1744 4264 vero,
1779 4197 1921 4253 Mar-

331 4293 438 4359 cio,
465 4307 657 4347 vocem
706 4292 877 4355 illam,
923 4293 978 4345 in
1023 4291 1214 4356 templo
1246 4291 1604 4353 immolatum,
1642 4290 1914 4360 adjecisli,

331 4400 395 4438 ex
419 4399 485 4440 eo
510 4391 684 4447 ratus,
738 4383 886 4453 quod
938 4382 1048 4437 duo
1094 4383 1210 4436 haec
1239 4381 1525 4446 vocabula,
1555 4382 1820 4452 templum
1850 4389 1904 4437 et

2013 3187 2156 3253 Θεῷ.
2207 3189 2322 3243 Οὐκ
2364 3188 2713 3260 ἀπηγόρευσε
2768 3189 2860 3243 τὸν
2914 3189 3145 3243 παλαιὸν
3188 3189 3294 3243 τῶν
3351 3188 3610 3259 πατέρων

2013 3280 2204 3350 χρόνον
2233 3282 2261 3333 ὁ
2298 3280 2618 3343 ’Λπόστολος
2651 3280 2755 3344 ἓως
2793 3281 2980 3345 αὑτοῦ,
3015 3282 3109 3336 καὶ
3154 3281 3260 3344 ἕως
3303 3281 3611 3350 ἀνέστηκεν

2027 3371 2415 3444 Ἰερουσαλὴμ,
2466 3372 2576 3426 ἀπὸ
2622 3371 2718 3425 τοῦ
2767 3373 2942 3427 εἰπεῖν
2989 3375 3117 3437 τοὺς
3159 3375 3238 3436 είς
3285 3371 3355 3426 τὰ
3411 3371 3610 3424 εἴδωλα

2013 3463 2244 3528 θύοντας
2297 3463 2596 3534 δαιμονίοις
2647 3463 2818 3529 θύειν,
2877 3464 2970 3516 καὶ
3017 3464 3078 3516 οὑ
3135 3461 3274 3534 Θεῷ.
3330 3461 3445 3515 οὐκ
3501 3461 3614 3530 ἄρα

2015 3553 2305 3625 κατέκρινε
2329 3552 2408 3624 τῷ
2435 3552 2554 3625 Θεῷ
2595 3553 2896 3620 θυσάντων,
2943 3555 3032 3607 ὅτε
3067 3553 3229 3626 χρεία
3270 3551 3471 3606 θυσιῶν
3517 3547 3610 3623 ἦν.

2014 3645 2354 3718 Κατακρίνει
2381 3645 2439 3698 δὲ
2480 3645 2610 3710 τοὺς
2655 3645 2884 3708 θύοντας
2926 3644 3186 3708 εἰδώλοις,
3221 3644 3283 3696 οὑ
3320 3644 3411 3697 διὰ
3438 3641 3616 3707 θύειν,

2017 3738 2154 3792 ἀλλὰ
2201 3737 2290 3792 διὰ
2322 3737 2384 3791 τὸ
2427 3737 2549 3791 ἀντὶ
2589 3737 2710 3808 Θεῷ
2740 3739 2762 3769 ⁸
2817 3736 3058 3800 εἰδώλοις
3097 3735 3265 3791 θύειν.
3310 3736 3448 3791 Οὔτε
3502 3737 3619 3808 γὰρ

2017 3829 2256 3892 θύουσιν,
2299 3830 2386 3883 ἵνα
2419 3829 2626 3903 τροφὴν
2659 3830 2876 3894 ἑαυτοῖς
2921 3832 2985 3883 ἐκ
3031 3829 3167 3883 Θεοῦ
3201 3829 3619 3901 κεχαρισμένην

2018 3925 2098 3987 είς
2129 3921 2432 3994 μετάληψιν
2460 3921 2821 3993 ἐργάσωνται,
2854 3921 2990 3975 ἀλλὰ
3019 3921 3239 3993 δαίμοσι
3269 3922 3490 3986 θύοντες
3518 3923 3620 3975 καὶ

2023 4013 2488 4086 ματαιοφροσύνῃ.
2525 4014 2598 4090 Σὺ
2632 4013 2710 4078 δὲ,
2751 4009 2796 4068 ὦ
2837 4014 3128 4086 Μαρκίων,
3175 4013 3527 4086 προσέθηκας
3556 4014 3621 4067 τὸ

2021 4107 2348 4174 ἱερόθυτον,
2395 4105 2626 4176 νομίσας
2662 4106 2770 4160 ἀπὸ
2816 4106 2909 4160 τοῦ
2959 4105 3225 4178 μεμίχθαι
3254 4105 3324 4158 τὰ
3359 4106 3454 4159 δύο
3498 4107 3621 4160 6w“,-

2025 4217 2193 4270 ματα,
2246 4196 2394 4268 ἱεροῦ
2423 4213 2483 4249 τε
2537 4198 2632 4250 καὶ
2665 4196 3332 4259 είδώλου,-συνάπτεσθαι
3380 4198 3492 4250 τῷν
3525 4197 3625 4250 δύο

2021 4291 2240 4364 τρόπων
2286 4290 2386 4362 τὴν
2427 4289 2630 4362 σχέσιν.
2675 4289 2788 4344 Καὶ
2843 4290 2943 4344 οὑκ
2995 4288 3111 4343 ἐστι
3155 4289 3336 4343 τοῦτο.
3403 4290 3468 4343 Ei
3518 4290 3623 4360 μὲν

2023 4380 2154 4448 γὰρ,
2197 4378 2338 4450 μετὰ
2373 4379 2435 4432 τὸ
2471 4379 2645 4432 ἐλθεῖν
2681 4377 2781 4449 τὴν
2828 4378 3036 4452 Καινὴν
3074 4380 3374 4451 Διαθήκην,
3428 4379 3624 4434 ἐθύετο

334 4478 500 4543 idola,
549 4475 810 4546 permista
866 4475 1100 4531 invicem
1134 4472 1335 4540 forent,
1370 4473 1657 4528 ambarum
1699 4488 1907 4544 quoque

2023 4471 2103 4542 τῷ
2151 4471 2374 4544 Χριστῷ
2419 4475 2540 4526 κατ’
2597 4472 2753 4538 ἰδίαν,
2813 4472 2906 4526 καὶ
2939 4475 3019 4536 είς
3071 4473 3243 4543 ὄνομα
3295 4471 3463 4526 αὑτοῦ
3502 4473 3623 4537 ζῶα

333 4571 610 4628 rationum
658 4568 1010 4624 habitudines
1062 4583 1226 4638 posse
1275 4566 1566 4622 confundi.
1618 4565 1728 4621 Sed
1759 4567 1919 4638 longe

333 4663 592 4732 opinione
622 4669 714 4716 tua
746 4661 973 4716 falleris.
1009 4660 1225 4716 Etenim
1273 4659 1328 4716 si
1373 4667 1668 4730 postquam
1711 4657 1918 4711 Novum

335 4753 747 4809 Testamentum
797 4753 1008 4807 illatum
1053 4759 1157 4816 est,
1208 4753 1464 4823 privatim
1494 4751 1714 4808 Christo
1743 4751 1922 4806 adhuc

337 4844 732 4908 immolaretur,
767 4851 821 4899 et
861 4845 917 4899 in
944 4844 1066 4914 ejus
1100 4845 1322 4899 nomine
1355 4843 1682 4899 oll'errentur
1712 4843 1923 4897 anima-

337 4935 432 4998 lia,
478 4934 834 5004 probabiliter
881 4936 980 4991 abs
1017 4945 1071 4991 te
1122 4935 1560 4991 mendacissimae
1591 4935 1695 4989 illae
1717 4933 1925 4988 calum-

339 5027 444 5081 nia:
473 5035 700 5096 repertae
729 5028 1069 5094 viderentur,
1103 5035 1163 5082 ut
1196 5039 1250 5083 et
1280 5028 1373 5098 qui
1405 5029 1506 5084 hoc
1535 5040 1779 5099 tempore
1812 5025 1924 5081 Deo

343 5118 738 5186 sacriﬁcarent,
776 5128 831 5175 et
866 5119 971 5174 hoc
1000 5120 1132 5174 olim
1172 5119 1670 5191 Hierosolymitano
1698 5120 1750 5174 in
1781 5126 1922 5173 tem-

342 5213 434 5281 plo
467 5209 726 5265 fecissent
752 5220 805 5265 et
835 5210 998 5267 idolis
1030 5212 1402 5277 immolarent,
1434 5212 1491 5266 in
1523 5227 1690 5267 unum
1724 5212 1924 5268 misce-

343 5308 534 5354 rentur
564 5314 776 5364 omnes,
807 5316 871 5356 ac
903 5302 1209 5368 daemoniis,
1259 5319 1369 5359 non
1410 5302 1522 5361 Deo
1557 5319 1712 5361 sacra
1748 5302 1926 5360 facere

343 5390 687 5446 dicerentur-
730 5389 836 5446 Sed
884 5397 1023 5448 cum
1055 5395 1312 5450 animalia
1361 5410 1522 5450 nemo
1554 5394 1772 5450 Christo
1802 5402 1930 5464 post-

343 5481 465 5550 ejus
505 5481 796 5537 adventum
833 5497 898 5538 ac
949 5482 1159 5539 Novum
1193 5483 1609 5542 Testamentum
1640 5484 1922 5540 conditum

439 5659 504 5744 ξι
552 5661 677 5716 Cor.
733 5679 784 5729 x,
827 5663 917 5720 l9.

361 5749 592 5804 κρινετο.

1029 5664 1048 5695 ¹
1098 5663 1158 5719 F.
1215 5663 1305 5716 τοῦ
1355 5663 1511 5716 Θεοῦ.

1620 5665 1638 5695 ³
1679 5662 1803 5716 Var.
1852 5661 2044 5725 addit"
2084 5661 2304 5734 Χριστῷ
2333 5661 2587 5716 θυόντων.

2027 4563 2322 4635 ἀνεφέρετο
2347 4581 2360 4594 ·
2404 4561 2631 4617 πιθανὸν
2673 4562 2739 4617 ἄν
2779 4581 2862 4617 σοι
2907 4564 3194 4634 εὑρίσκετο
3222 4564 3285 4617 τὺ
3321 4567 3421 4636 τῆς
3459 4583 3626 4619 συκο-

2030 4657 2261 4727 φαντίας
2294 4657 2520 4727 ψεῦδος⁸
2554 4657 2632 4718 ὡς
2659 4655 2768 4710 τῶν
2803 4656 2898 4710 νῦν
2933 4657 3053 4728 Θεῷ
3079 4657 3316 4711 θυόντων
3354 4658 3396 4721 ³,
3429 4657 3540 4711 τῶν
3568 4657 3628 4712 δὲ

2028 4751 2150 4802 τότε
2199 4750 2476 4804 θυσάντων
2517 4751 2575 4803 ἐν
2617 4749 2695 4820 τῷ
2743 4749 2872 4823 ἱερῷ
2927 4749 3340 4821 Ἰεροσολύμων,
3381 4751 3477 4804 καὶ
3515 4751 3626 4804 τῶν

2031 4844 2146 4904 τοῖς
2183 4839 2423 4905 εἰδώλοις
2463 4840 2702 4896 θυόντων
2739 4843 2874 4914 ὁμοῦ
2916 4843 3363 4913 συναπτομένων,
3398 4844 3494 4896 καὶ
3531 4843 3629 4913 δη-

2037 4935 2396 5006 μοσιευὸντων
2423 4935 2466 4999 ⁸,
2509 4936 2603 4989 καὶ
2640 4936 2760 5005 οὑχ)⁸
2791 4935 2929 5007 Θεῷ.
2975 4935 3219 5006 Μηδενὸς
3256 4935 3312 4988 δὲ
3359 4936 3630 4999 θύσαντος

2034 5027 2148 5093 ζῶα
2181 5025 2405 5098 Χριστῷ
2435 5028 2542 5080 ἀπὸ
2569 5027 2668 5098 τῆς
2709 5027 2946 5098 Χριστοῦ
2989 5028 3256 5099 ένδημίας
3295 5027 3392 5080 καὶ
3414 5026 3631 5094 Καινῆς

2035 5121 2330 5192 Διαθήκης,
2365 5121 2579 5191 φανερὰ
2608 5122 2641 5191 ἡ
2685 5120 2838 5192 παρὰ
2881 5121 2964 5174 σοὶ
3007 5120 3318 5194 προσθήκη.
3351 5121 3417 5172 El
3445 5119 3505 5173 δὲ
3536 5119 3635 5170 καὶ

2036 5208 2195 5278 φύσει
2237 5207 2416 5260 ἔκειτο
2447 5209 2478 5278 ἡ
2509 5207 2651 5274 Λέξις
2671 5210 2726 5262 ὲν
2769 5208 2848 5280 τῷ
2918 5208 3214 5276 Λποστόλῳ
3251 5207 3381 5278 περὶ
3419 5205 3634 5277 ἱεροθύ-

2035 5316 2126 5354 του
2177 5299 2273 5354 καὶ
2305 5299 2679 5363 είδωλοθύτου,
2728 5299 2865 5371 ὁμοῦ
2901 5299 2959 5353 ἓν
3000 5301 3093 5354 καὶ
3125 5301 3186 5353 τὸ
3225 5300 3358 5354 αὐτὸ
3395 5299 3582 5370 ἔκρινε
3610 5297 3632 5330 ⁸

2037 5392 2188 5462 παρὰ
2219 5393 2331 5454 τοῖς
2359 5389 2580 5460 εὔλογον
2611 5391 2871 5461 λογισμὸν
2918 5390 3299 5462 κεκτημένοις,
3347 5405 3636 5458 καταχρη-

2041 5480 2239 5546 στικῶς
2283 5481 2587 5554 λεγομένης
2635 5483 2735 5553 τῆς
2772 5482 2972 5546 λέξεως
3004 5483 3108 5535 ὑπὸ
3147 5480 3242 5535 τοῦ
3300 5481 3633 5536 Ἀποπτόλου

3504 5653 3631 5715 οἷδ’.

2670 5664 2689 5692 ⁵
2710 5659 2749 5714 F
2804 5659 3104 5732 ,δαιμονίοις
3133 5659 3391 5714 θυόντων.
