3950 6178
378 329 482 389 180

1048 327 1422 386 sevensun
1460 326 1804 401 IIERESES
1840 328 1970 385 un.

2096 327 2258 405 ron.
2292 328 2380 384 ιιι.
2421 357 2492 373 -
2529 326 2804 385 amnes.
2844 326 3000 384 χιιι.

3535 328 3664 385 .790

375 448 466 503 διὰ
495 447 595 519 τὴν
623 445 730 501 τῶν
770 444 1074 519 ἀνθρώπων
1106 447 1418 520 συνήθειαν,
1450 448 1558 505 τῶν
1600 449 1693 504 ἀεὶ
1719 450 1781 505 τὸ
1808 449 1963 505 εἴδω-

2093 447 2393 515 mmolarit,
2431 446 2564 504 illud
2590 456 2645 505 te
2665 447 2945 523 addidisse
2974 443 3334 515 manifestum
3367 453 3474 504 est.
3504 444 3663 513 Quod

376 540 468 592 λον
499 538 644 610 ἱερὸν
673 535 1006 592 καλούντων.

2072 540 2199 595 licet
2240 541 2344 596 ista
2389 538 2672 608 dictio,ita
2725 546 2785 593 ut
2826 540 3102 611 concipis,
3126 539 3194 594 ab
3217 539 3485 611 Apostolo
3513 546 3665 620 esset

376 641 660 701 expressa,
688 637 852 699 atque
885 628 1156 702 ἱερόθυτον
1222 628 1291 684 ad
1338 630 1688 687 εἰδωλόθυτον
1757 630 1978 709 adjunxi

2087 638 2131 697 t,
2185 644 2356 707 unum
2434 637 2617 687 tamen
2654 628 2907 700 idemque
2945 644 3069 685 esse
3138 628 3454 700 judicarent
3489 630 3526 684 ii
3569 626 3663 700 qul

377 720 610 774 rationis
659 720 939 791 paululum
983 720 1286 785 haberent:
1318 723 1399 779 sic
1458 730 1520 779 ut
1597 722 1860 780 abusione
1918 722 2160 793 quadam
2227 722 2383 778 vocis
2455 720 2591 778 illud
2631 735 2929 795 usurpasse
2977 719 3296 778 crederetur
3340 720 3662 794 Apostolus,

375 814 522 886 quod
550 816 803 870 homines
834 814 1039 871 idolum
1072 816 1238 888 ἱερόν,
1275 817 1381 873 hoc
1411 824 1497 874 est
1535 833 1778 884 sacrum,
1819 818 2097 890 appellare
2124 817 2322 875 solent.

447 910 562 965 Καὶ
600 910 879 983 πανταχοῦ
907 910 1123 966 διέπεσέ
1162 929 1257 966 σου
1288 914 1322 984 ἡ
1362 912 1702 987 ψευδηγόρος
1740 914 1974 980 διάνοια,

375 1001 796 1074 ἀποδειχθείσης
820 1001 922 1073 τῆς
954 1002 1245 1075 ἀληθείας·
1277 1004 1360 1058 ὅτι
1387 1005 1437 1058 οἱ
1463 1003 1683 1070 θύοντες
1710 1004 1974 1070 εἰδώλοις,

376 1094 497 1167 ἦτοι
534 1094 678 1149 κατὰ
720 1095 813 1148 τὸν
845 1095 1027 1151 αὐτῶν
1060 1094 1223 1165 λόγον
1256 1094 1531 1168 ἱερόθυτον
1574 1095 1604 1149 ὃ
1651 1096 1874 1151 ιποίουν
1938 1096 1973 1169 ἢ

383 1182 621 1249 ποιοῦσι,
656 1182 854 1254 ψεῦδος
885 1182 1268 1256 ἐργαζόμενοι,
1306 1184 1606 1257 δαιμονίοις
1644 1182 1852 1251 θύουσι,
1878 1185 1977 1239 καὶ

377 1279 500 1349 οὐχὶ
529 1277 773 1353 Χριστῷ.
816 1278 956 1333 Ἀλλ’
996 1279 1095 1349 οὐχ
1146 1279 1200 1333 οἵ
1242 1296 1372 1333 ποτε
1409 1279 1555 1334 κατὰ
1583 1280 1749 1351 νόμον
1786 1278 1981 1334 θύσαν-

378 1389 469 1435 τες
531 1370 868 1427 δικαιότατα.
910 1368 1022 1424 Νῦν
1075 1370 1134 1424 δὲ
1176 1370 1369 1424 τούτου
1401 1371 1600 1443 μηκέτι
1654 1371 1973 1443 γενομένου,

378 1462 545 1516 αὑτοῦ
576 1461 822 1524 θέλοντος
845 1479 860 1493 ο
888 1462 965 1526 ὼς
995 1461 1092 1516 καὶ
1118 1461 1227 1517 ἀπὸ
1258 1461 1367 1515 τῶν
1390 1461 1654 1516 ἀνέκαθεν
1686 1460 1774 1515 διὰ
1813 1462 1979 1533 Ἰερε-

382 1554 505 1626 μίου
535 1552 631 1608 τοῦ
661 1553 947 1625 προφήτου
977 1552 1162 1623 ἔλεγεν
1182 1568 1197 1583 ⁸
1246 1553 1377 1608 Ἵνα
1417 1553 1475 1607 τί
1496 1571 1599 1624 μοι
1625 1554 1879 1607 λίϐανον
1907 1552 1978 1606 ἐκ

380 1644 543 1701 Σαϐιῐ
590 1646 813 1715 φέρεις,
846 1645 946 1700 καὶ
998 1645 1342 1717 κινάμωμον
1382 1646 1450 1699 ἐκ
1493 1645 1605 1716 γῆς
1642 1646 1980 1716 μακρόθενξ

2150 914 2422 983 Quocirca
2471 913 2608 973 falsa
2658 914 2749 970 illa
2781 923 2874 969 tua
2922 913 3066 971 ratio
3111 913 3387 980 concidit,
3435 928 3563 970 cum
3612 922 3667 967 ια

2082 1008 2369 1066 verissime
2415 1007 2490 1063 sit
2534 1006 2914 1078 patefactum,
2976 1008 3074 1079 qui
3139 1008 3307 1064 idolis
3353 1008 3666 1071 immolant,

2076 1097 2224 1169 quod
2275 1097 2559 1170 ἱερόθυτον
2587 1097 2681 1156 isti
2715 1107 2935 1163 vocant,
2967 1097 3178 1170 quique
3205 1098 3313 1156 hoc
3346 1113 3416 1155 se:
3441 1096 3668 1154 menda—

2078 1191 2166 1246 cio
2192 1191 2466 1264 obstringi
2499 1191 2646 1263 passi
2670 1197 2824 1255 sunt,
2871 1197 2968 1246 aut
3001 1190 3183 1247 adhuc
3214 1190 3519 1262 patiuntur,
3555 1190 3669 1246 da:-

2078 1282 2279 1345 moniis
2322 1283 2628 1347 immolare,
2656 1297 2769 1339 non
2796 1282 3041 1338 Christo.
3067 1281 3223 1349 Quod
3253 1282 3474 1354 quidem
3510 1283 3671 1353 longe

2079 1373 2151 1429 ab
2176 1373 2287 1431 illis
2319 1373 2510 1429 aberat
2565 1376 2660 1444 qui
2702 1388 2769 1429 ex
2814 1372 2935 1443 lege
2972 1379 3088 1428 tum
3120 1372 3432 1443 iustissime
3452 1374 3669 1431 sacriﬁ-

2079 1463 2300 1520 cabant.
2357 1462 2513 1530 Quod
2573 1463 2755 1535 ipsum
2799 1472 2984 1520 tamen
3040 1464 3235 1520 eodem
3285 1465 3505 1521 volente
3552 1465 3669 1520 ﬁeri

2081 1553 2289 1609 desiit:
2321 1553 2786 1624 quemadmodum
2848 1556 2963 1627 jam
3026 1555 3157 1611 olim
3206 1570 3305 1626 per
3348 1556 3669 1626 prophetam

2079 1639 2370 1700 Jeremiam
2393 1643 2720 1700 vaticinatus
2740 1653 2858 1700 est;
2885 1643 2952 1699 Ut
2983 1645 3111 1716 quid
3141 1646 3267 1700 mihi
3296 1647 3416 1700 thus
3437 1645 3502 1700 de
3524 1644 3682 1700 Saba.
3721 1641 3731 1652 ’

380 1737 476 1791 καὶ
512 1738 707 1791 πάλιν·
737 1741 804 1793 Αἱ
843 1738 1049 1793 θυσίαι
1085 1752 1202 1793 σου
1244 1740 1358 1807 οὐχ
1408 1737 1647 1806 ἢδυνάν
1687 1755 1791 1806 μοι
1815 1755 1829 1768 σ
1871 1736 1968 1790 καὶ

2087 1734 2255 1803 rﬂ‘ers,
2301 1743 2353 1789 et
2404 1735 2761 1799 cinamomum
2807 1734 2872 1788 de
2926 1744 3069 1802 terga
3101 1736 3467 1806 longinqua’?
3495 1734 3625 1789 ltem
3652 1754 3685 1791 :‘

381 1831 602 1883 ἄλλοτε·
642 1826 820 1900 Ἇρόν
849 1846 967 1885 σου
998 1831 1105 1897 τὰς
1137 1831 1377 1897 θυσίας,
1415 1829 1686 1899 Ἰσραὴλ,
1720 1830 1821 1884 καὶ
1855 1828 1969 1899 φά-

382 1939 516 1993 γετε
561 1924 723 1991 κρέα.
775 1924 859 1977 Οὐ
896 1923 1009 1992 γὰρ
1062 1923 1456 1993 ἐνετειλάμην
1502 1921 1627 1989 τοῖς
1675 1920 1974 1991 πατράσιν

379 2011 549 2081 ὑμῶν
593 2012 664 2065 ἐν
706 2011 897 2081 ἡμέρᾳ
944 2012 1385 2082 ἐπιλαϐομένου
1460 2029 1582 2082 μου
1619 2008 1731 2080 τῆς
1775 2010 1974 2081 χειρὸς

378 2103 599 2170 αὐτῶν,
642 2104 960 2175 ἐξαγαγεῖν
986 2106 1212 2172 αὐτοὺς
1245 2106 1315 2160 ἐκ
1339 2104 1454 2174 γῆς
1483 2105 1805 2175 Αἰγύπτου,
1839 2101 1979 2170 περὶ

2084 1826 2327 1882 Victima:
2362 1835 2467 1882 tua:
2495 1845 2594 1882 non
2632 1829 2947 1897 placuerunt
2981 1828 3113 1883 mihi
3143 1830 3185 1882 ³.
3212 1829 3378 1900 360
3409 1829 3473 1884 Et
3501 1829 3665 1883 alibi:

2079 1918 2225 1975 Tolle
2252 1920 2495 1975 victimas
2515 1929 2661 1983 tuas,
2686 1919 2889 1985 Israel,
2936 1930 2985 1976 et
3013 1922 3267 1977 comedite
3294 1937 3503 1976 carnes.
3536 1920 3665 1975 Non

2074 2016 2209 2069 enim
2241 2015 2465 2085 μητρί»ρὶ
2502 2014 2747 2082 patribus
2776 2014 2960 2069 vestris
2986 2014 3040 2069 in
3071 2014 3157 2067 die
3215 2029 3321 2077 qua
3349 2012 3670 2084 apprehendi

2078 2121 2298 2160 manum
2326 2121 2530 2169 eorum,
2564 2114 2622 2160 ut
2642 2104 2918 2165 educerem
2943 2121 3032 2161 eos
3065 2105 3131 2161 de
3154 2116 3300 2160 terra
3336 2103 3577 2177 Aigypti,
3609 2105 3674 2158 de

380 2196 612 2254 θυσιῶν
629 2212 644 2226 ⁶
692 2197 852 2253 ἀλλὰ
900 2197 1077 2255 τοῦτο
1131 2197 1524 2268 ἐνετειλάμην
1569 2194 1796 2261 αὐτοῖς,
1837 2194 1978 2250 ἔκα-

2087 2198 2339 2262 rictimis;
2365 2196 2459 2254 sed
2479 2197 2576 2253 hoc
2602 2197 2837 2267 pracepi
2852 2197 2986 2263 illis,
3018 2211 3444 2265 unamquamque
3497 2195 3673 2265 facere

379 2304 535 2343 στον
557 2287 750 2345 ποιεῖν
770 2287 1183 2358 ,δικαιοσύνην
1219 2288 1373 2357 πρὸς
1416 2288 1520 2343 τὸν
1546 2288 1836 2357 πλησίον.
1868 2286 1977 2341 Ab-

378 2381 475 2434 τοῦ
509 2380 567 2434 δὲ
605 2380 881 2450 λέγοντος,
921 2382 1004 2435 ὅτι
1055 2383 1179 2436 Οὐκ
1221 2379 1637 2450 ἐνετειλάμην,
1669 2380 1762 2434 καὶ
1809 2376 1973 2435 αὑτοῦ

378 2477 440 2527 ἐν
471 2474 548 2545 τῷ
574 2475 724 2546 νόμῳ
758 2475 1007 2543 λέγοντος
1043 2473 1123 2545 τῷ
1152 2475 1382 2545 Μωῦσῇ,
1414 2473 1496 2525 ὅτι
1522 2472 1818 2539 Ἕκαστος
1858 2470 1977 2525 τῶν

382 2567 530 2621 υἱῶν
589 2566 851 2636 Ἰσραὴλ,
883 2568 991 2622 ἐὰν
1032 2567 1410 2637 προσενέγκῃ
1451 2567 1675 2622 θυσίαν
1701 2567 1771 2619 ἐκ
1808 2562 1979 2630 ,βοῶν

379 2661 420 2728 ἢ
474 2659 807 2728 προϐάτων,
859 2659 1051 2729 ἄρσεν
1099 2658 1344 2729 ἄμωμον
1394 2657 1778 2728 προσφερέτω
1811 2673 1824 2686 ·
1883 2656 1979 2710 καὶ

386 2752 579 2806 πάλιν·
635 2751 778 2805 Ἐάν
835 2769 927 2817 τις
983 2751 1241 2820 ἁμάρτῃ,
1290 2750 1389 2806 καὶ
1441 2748 1683 2820 γένηται
1738 2749 1810 2803 ἐν
1862 2765 1980 2803 τινι

381 2845 783 2914 πλημμελείᾳ,
838 2844 1192 2913 προσαγάγῃ
1243 2844 1576 2911 πρόϐατον’
1632 2843 1727 2896 καὶ
1780 2841 1941 2896 πάλιν
1961 2856 1974 2869 '

395 2940 540 2995 Ἐὰν
569 2939 800 3009 ἁμάρτῃ
835 2943 867 2995 d
896 2938 1068 3005 λαὸς,
1101 2936 1478 3007 προσενέγκῃ
1503 2939 1745 3007 μόσχον
1764 2953 1779 2965 ⁸
1812 2933 1980 2997 ἔδειξε

348 3064 351 3067 λ
387 3031 487 3102 μὲν
528 3031 942 3103 εὐπροσδέκτως
981 3029 1143 3083 αὐτὸν
1174 3028 1500 3100 κομίζεσθαι
1539 3027 1640 3091 τὰς
1684 3026 1826 3098 ὑπὲρ
1874 3042 1981 3079 σω-

382 3122 578 3195 τηρίας
606 3122 700 3177 τοῦ
751 3120 881 3177 λαοῦ
907 3138 1039 3175 ποτε
1070 3120 1418 3184 τελεσθείσας
1464 3118 1656 3181 θυσίας
1675 3128 1693 3147 ⁶
1742 3118 1844 3171 οὐκ
1872 3116 1975 3169 αὐ-

382 3214 480 3268 τοῦ
527 3214 880 3285 ὲπιδεομένου
919 3214 1147 3280 τούτων,
1174 3211 1296 3266 οὐδὲ
1329 3212 1579 3274 θέλοντος
1606 3208 1799 3275 ταῦτα,
1843 3206 1982 3262 ἀλλὰ

385 3308 910 3377 συγκαταϐαίνοντος
932 3304 1113 3360 αὐτῶν
1135 3308 1203 3377 τῇ
1231 3298 1510 3377 ἀσθενείᾳ,
1542 3304 1637 3358 καὶ
1662 3304 1728 3374 τῇ
1758 3301 1860 3373 τῆς
1889 3301 1983 3354 ἀν-

383 3399 737 3472 θρωπότητος
783 3397 1051 3471 προλήψει
1069 3414 1084 3429 ·
1130 3396 1218 3451 ἵνα
1267 3397 1376 3451 ἀπὸ
1420 3400 1523 3469 τῆς
1575 3394 1866 3458 recludam;
1894 3396 1979 3459 είς

382 3490 482 3562 τὴν
528 3490 623 3544 τοῦ
655 3491 782 3562 περὶ
818 3490 937 3554 ἑνὸς
972 3487 1107 3543 Θεοῦ
1142 3487 1342 3558 γνῶσιν
1392 3488 1696 3561 μετενέγκῃ
1742 3488 1842 3560 τὴν
1870 3486 1982 3541 τῶν

383 3582 688 3657 ἀνθρώπων
717 3583 975 3636 διάνοιαν.

468 3675 685 3745 Ἐπειδὴ
719 3675 828 3746 γὰρ
861 3675 1100 3747 ἰσχυρῶς
1126 3673 1518 3746 ὲτεθεμελίωτο
1555 3677 1588 3745 ἡ
1633 3674 1841 3729 διάνοια
1880 3674 1983 3727 αὺ-

382 3768 494 3821 τῶν
523 3768 581 3820 ὲν
610 3770 676 3839 τῇ
705 3766 891 3838 θυσίᾳ,
916 3768 992 3831 ὼς
1021 3765 1278 3837 εὐσεϐείᾳ
1312 3768 1379 3836 τῇ
1414 3766 1555 3838 ὑπὲρ
1585 3764 1834 3836 ίλασμῶν
1853 3766 1983 3819 ἐαυ-

383 3858 494 3912 τῶν
534 3859 629 3912 καὶ
680 3859 955 3930 σωτηρίας
1002 3857 1243 3921 εἰδώλοις
1302 3855 1728 3930 προσφερομένῃ
1798 3857 1878 3918 εἰς
1927 3855 1984 3909 δὲ

384 3952 443 4005 τὸ
474 3950 549 4022 μὴ
580 3950 728 4014 ἅπαξ
752 3950 862 4021 (82)
895 3949 1147 4020 χαλεπῶς
1180 3949 1337 4021 φέρει
1371 3951 1415 4015 ί,
1448 3948 1536 4001 διὰ
1565 3947 1664 4018 τὴν
1695 3945 1985 4019 συνήθειαν

382 4040 478 4105 τοῦ
506 4040 870 4112 ἀποστρέψαι,
905 4038 1064 4093 τοῦτο
1096 4041 1271 4092 ποιεῖν
1302 4039 1410 4104 ἓως
1444 4037 1640 4110 καιροῦ
1664 4041 1746 4102 εἰς
1790 4038 1981 4109 ὄνομα.

383 4132 493 4185 ἀπὸ
540 4132 642 4202 τῆς
695 4130 959 4186 πολυθέου
1017 4130 1318 4201 φαντασίας
1368 4130 1613 4203 ⁴ίλθέλησα
1646 4132 1690 4162 ί·
1743 4130 1814 4185 τὰ
1859 4129 1982 4184 κατ’

384 4224 505 4288 ἔτος
528 4225 714 4288 αὐτοῖς
739 4225 1002 4295 γινόμενα
1036 4224 1118 4287 εἰς
1143 4223 1236 4277 τὸν
1270 4221 1632 4294 μεταλλάξαι·
1668 4223 1756 4277 ἵνα
1795 4222 1983 4277 λοιπὸν

383 4317 605 4385 γνόντες
632 4316 723 4375 τὸν
756 4315 873 4378 ἕνα,
904 4318 1000 4369 καὶ
1045 4314 1437 4378 πιστεύσαντες
1489 4313 1751 4384 ἀσφαλῶς
1794 4313 1872 4385 τῷ
1903 4314 1983 4367 ένὶ

2068 2290 2344 2361 justitiam
2400 2306 2521 2345 cum
2562 2290 2808 2359 proximo
2848 2306 2946 2345 suo
2984 2289 3033 2345 ⁵.
3091 2288 3231 2344 Cum
3280 2289 3448 2359 igitur
3494 2288 3669 2343 dicit:

2080 2381 2205 2438 Non
2231 2384 2457 2454 praecepi
2486 2383 2646 2449 illis;
2706 2390 2762 2438 et
2811 2382 2955 2438 idem
3001 2390 3183 2438 tamen
3231 2383 3288 2437 in
3336 2382 3452 2453 lege
3498 2380 3674 2453 Moysi

2082 2476 2327 2545 prmcipit
2354 2494 2368 2529 :
2400 2474 2632 2541 Quilibet
2674 2475 2912 2545 ﬁliorum
2956 2474 3154 2538 Israel,
3189 2475 3237 2529 si
3287 2474 3669 2544 επεν-σιδαργί-

2080 2568 2262 2637 ﬁcium
2289 2568 2355 2623 de
2379 2567 2539 2622 bobus
2568 2577 2659 2621 aut
2689 2566 2892 2632 ovibus,
2926 2566 3226 2621 masculum
3253 2566 3671 2621 immaculatum

2082 2660 2272 2729 offerat
2297 2660 2341 2714 '.
2371 2660 2451 2715 Ac
2485 2673 2749 2731 rursum:
2782 2656 2844 2713 Si
2873 2658 2990 2729 quis
3025 2658 3334 2726 peccaverit,
3373 2666 3424 2712 et
3471 2657 3526 2711 in
3569 2657 3674 2710 ali-

2080 2769 2184 2823 qua
2228 2753 2497 2807 inventum
2519 2761 2596 2807 est
2627 2750 2903 2815 delictum,
2933 2751 3113 2820 o/feret
3143 2767 3357 2822 agnum.
3400 2751 3528 2806 Item
3561 2769 3575 2806 :
3613 2749 3674 2805 Si

2083 2845 2377 2916 peccaverit
2433 2843 2685 2914 populus,
2743 2843 2924 2912 oﬂ'eret
2974 2843 3243 2897 vitulum:
3276 2843 3370 2899 his
3416 2843 3674 2897 omnibus

2087 2943 2241 3007 grata
2275 2935 2379 2991 sibi
2420 2934 2597 2990 fuisse
2630 2933 2904 2990 sacriﬁcia
2938 2932 3204 2999 declarat,
3253 2948 3377 3004 quae
3426 2941 3540 2987 tum
3572 2947 3681 3002 pro

2086 3033 2265 3087 salute
2288 3030 2478 3102 populi
2509 3029 2674 3085 istius
2696 3029 2884 3083 oblata
2914 3036 3045 3082 sunt
3075 3047 3088 3082 :
3124 3043 3236 3082 non
3273 3028 3418 3098 quod
3453 3027 3561 3083 illis
3589 3029 3675 3081 in-

2086 3124 2321 3196 digeret,
2351 3129 2446 3178 aut
2473 3122 2768 3178 admodum
2800 3129 3043 3193 cuperet,
3085 3118 3181 3175 sed
3211 3126 3271 3175 ut
3301 3119 3367 3174 ad
3398 3133 3587 3174 eorum
3615 3132 3676 3174 se

2084 3217 2514 3273 imbecillitatem
2544 3223 2605 3271 et
2645 3214 3000 3285 anticipatam
3033 3212 3288 3267 humanae
3322 3211 3523 3266 mentis
3555 3210 3674 3280 Opi-

2082 3308 2301 3364 nionem
2365 3306 2830 3370 accommodaret,
2903 3313 3068 3374 atque
3119 3309 3180 3358 ut
3229 3318 3259 3357 a
3312 3302 3672 3374 plurimorum

2089 3400 2243 3456 cultu
2296 3399 2584 3454 numinum
2618 3398 2686 3454 ad
2722 3397 2891 3453 unius
2918 3395 3016 3452 Dei
3050 3394 3417 3468 cognitionem
3454 3394 3680 3450 illorum

2091 3495 2310 3550 animos
2341 3492 2682 3548 traduceret.

2162 3670 2385 3725 Etenim‘
2414 3670 2676 3742 quoniam
2716 3670 2772 3725 in
2816 3670 3108 3726 sacriﬁciis
3150 3669 3503 3726 vehementer
3528 3667 3678 3740 ipso-

2085 3779 2209 3817 rnm
2242 3761 2421 3819 deﬁxa
2457 3779 2611 3820 mens
2638 3771 2777 3828 erat,
2807 3764 3070 3833 tanquam
3101 3761 3324 3832 pietatis
3349 3761 3467 3817 haec
3491 3766 3677 3817 essent

2089 3853 2286 3914 ollicia,
2340 3867 2463 3923 quae
2511 3851 2671 3909 idolis
2724 3867 2825 3923 pro
2876 3853 3188 3922 expiatione
3235 3866 3335 3906 sua
3388 3865 3452 3905 ac
3500 3851 3676 3906 salute

2085 3950 2447 4012 praestarent,
2483 3941 2651 3996 simul
2681 3957 2752 3996 ne
2778 3941 2852 3997 ob
2877 3941 3335 3996 consuetudinem
3363 3940 3686 4010 extorqueri.

2086 4035 2272 4090 subito
2320 4032 2425 4089 sibi
2462 4033 2570 4089 ista
2600 4033 2788 4088 omnia
2835 4033 3123 4089 molestius
3176 4033 3421 4101 ferrent;
3472 4049 3575 4091 suo
3614 4035 3671 4091 in

2086 4125 2310 4180 nomine
2349 4124 2465 4180 ﬁeri
2512 4125 2621 4179 ista
2670 4124 2954 4195 aliquanto
2998 4132 3246 4196 tempore
3272 4126 3465 4191 voluit,
3495 4141 3606 4197 quo
3639 4141 3673 4182 a

2086 4217 2327 4287 plurinm
2375 4216 2605 4272 deorum
2648 4217 2800 4271 inani
2835 4217 2987 4273 cultu
3014 4232 3229 4274 annuas
3262 4217 3385 4275 illas
3417 4233 3677 4275 caeremo-

2087 4309 2209 4366 nias
2260 4309 2329 4364 ad
2379 4309 2707 4380 obsequium
2756 4325 2918 4366 suum
2972 4311 3381 4367 transferrent:
3416 4320 3585 4383 atque
3616 4319 3678 4368 ut

386 4411 516 4481 παρ’
548 4409 715 4463 αὑτοῦ
742 4409 1064 4480 ἀκούσωμεν
1084 4424 1098 4438 ο
1132 4406 1231 4475 Μὴ
1265 4406 1528 4476 sam-optat
1556 4405 1700 4475 κρέα
1722 4407 1978 4476 ταύρων,

2089 4418 2201 4457 uno
2244 4401 2466 4458 demum
2500 4403 2725 4476 cognito
2759 4402 2892 4469 Deo,
2925 4404 3400 4476 corroborataque
3432 4405 3487 4460 in
3519 4405 3676 4460 illum

384 4501 425 4569 ἢ
481 4494 625 4569 αἷμα
673 4498 902 4569 τράγων
937 4500 1182 4568 uicum;
1228 4497 1342 4565 xui,
1369 4495 1468 4565 Μὴ
1521 4496 1979 4567 τεσσαράκοντα

383 4595 488 4659 ἐτη
530 4593 753 4646 θυσίαν
805 4589 1262 4661 προσηνέγκατέ
1295 4607 1397 4660 μοι
1445 4591 1516 4644 ἐν
1548 4589 1765 4660 ἐρήμῳ,
1813 4585 1979 4657 οἶκος

399 4682 646 4752 Ἰσραήλ
669 4701 689 4749 ;

456 4952 715 5019 Καίτοιγε
749 4951 960 5005 πολλῶν
1031 4950 1239 5011 θυσιῶν
1300 4953 1424 5005 τότε
1494 4952 1973 5022 προσενεχθεισῶν

389 5044 531 5115 ζ85),
591 5044 680 5097 ἵνα
735 5043 914 5116 δείξῃ.
971 5044 1053 5097 ὅτι
1105 5045 1206 5097 οὐκ
1262 5044 1413 5115 αὐτῷ
1444 5045 1804 5118 προσέφερον.
1838 5047 1974 5111 Καί-

2085 4495 2194 4555 tide
2238 4502 2454 4562 nostra,
2507 4495 2769 4568 deinceps
2811 4495 2882 4551 ab
2921 4497 3115 4553 eodem
3151 4497 3484 4555 audiamus:
3522 4497 3679 4551 Nun-

2084 4585 2213 4657 quid
2266 4587 2606 4663 manducabo
2657 4604 2845 4643 carnes
2892 4589 3196 4655 taurorum,
3243 4600 3336 4642 aut
3365 4590 3679 4660 sanguinem

2084 4679 2349 4733 hircorum
2376 4679 2575 4747 potabo
2594 4680 2655 4733 οἳ
2682 4681 2819 4735 Item
2847 4698 2861 4733 :
2895 4678 3155 4750 Nunquid
3194 4679 3553 4752 quadraginta
3581 4700 3677 4737 an-

2084 4771 2164 4825 nis
2217 4771 2549 4840 sacrificium
2603 4772 2870 4829 obtulistis
2927 4773 3061 4827 mihi
3103 4774 3158 4826 in
3190 4772 3439 4844 deserto,
3484 4774 3676 4830 domus

2085 4861 2335 4917 Israel"?

2151 4951 2479 5023 Quanquam
2530 4954 2739 5010 inﬁnita
2774 4953 2888 5026 jam
2939 4963 3098 5011 erant
3147 4955 3332 5011 oblata
3370 4957 3673 5027 sacriﬁcia;

2081 5048 2176 5102 sed
2206 5056 2265 5101 ut
2291 5047 2607 5107 ostenderet
2628 5049 2731 5104 sibi
2763 5048 2878 5104 haec
2907 5049 3089 5104 oblata
3123 5065 3235 5104 non
3271 5048 3445 5105 fuisse
3475 5067 3490 5102 :
3531 5057 3675 5105 tam-

474 5204 492 5234 ι
517 5201 645 5278 (Ζος.
675 5199 902 5278 φέρειν..
947 5203 985 5233 ¹⁶
1006 5200 1111 5255 Pro
1146 5165 1412 5278 ῂθέλτλσα,
1446 5202 1549 5273 leg.
1581 5203 1834 5278 ἠθέλησε.
1910 5207 1930 5237 ²
1958 5203 1978 5258 .1

2104 5220 2179 5270 vt,
2215 5204 2308 5277 20.
2384 5206 2404 5237 ³
2432 5204 2562 5260 ibid.
2661 5204 2681 5235 ⁸
2706 5203 2906 5261 Jerem.
2939 5219 3094 5270 χχιι,
3118 5204 3190 5261 32
3216 5221 3344 5278 sqq.
3439 5207 3461 5239 ³
3488 5204 3666 5265 Levit.

392 5288 525 5340 ‘iSll,
560 5271 645 5327 l9.
689 5270 755 5303 ’⁸⁷
781 5270 926 5327 Psul.
960 5288 1114 5340 xux,
1142 5270 1226 5326 l5.
1286 5270 1323 5339 ,⁷
1359 5270 1529 5328 Amos
1563 5270 1615 5337 ν,
1640 5275 1730 5329 25.

459 5458 569 5527 (82)
593 5460 699 5524 El;-
731 5456 801 5509 δὲ
825 5457 893 5511 τὸ
916 5456 1003 5526 μὴ
1032 5455 1218 5521 ἅπαξ.
1249 5456 1453 5511 Vitium
1486 5457 1652 5528 hujus
1677 5458 1777 5514 loci
1814 5475 1978 5516 nemo

391 5545 499 5585 non
542 5529 707 5583 videt.
758 5528 915 5593 Quod
965 5542 1065 5597 ego
1110 5543 1175 5582 ex
1224 5528 1544 5597 trajectione
1589 5545 1784 5584 vocum
1833 5530 1974 5587 irrc-

391 5601 569 5669 psisse
615 5596 886 5669 suspicor.
942 5596 1075 5652 Vide
1114 5597 1282 5669 igitur
1304 5596 1462 5669 inum'
1506 5599 1583 5653 ita
1635 5601 1970 5657 conformari

385 5666 731 5742 {IL-beauElq
842 5669 904 5722 τὸ
932 5669 1009 5740 μὴ
1044 5666 1192 5742 ᾇπαξ
1230 5668 1481 5742 χαλεπῶς
1517 5668 1725 5742 φέρειν,
1754 5671 1845 5725 διὰ
1879 5673 1978 5742 τὴν

394 5739 705 5811 συνήθειαν,
733 5739 897 5793 τοῦτο
927 5738 1096 5793 ποιεῖν
1128 5738 1237 5803 ἕως
1270 5739 1460 5813 καιροῦ
1494 5738 1780 5815 εἰς’ὅνομα
1812 5738 1978 5797 αὑτοῦ

2080 5461 2314 5532 ἠθέλησε
2336 5499 2352 5532 ,
2383 5458 2476 5532 τοῦ
2503 5458 2845 5532 ἀποστρέψαι
2874 5458 2982 5532 dub
3020 5459 3120 5532 τῆς
3152 5459 3416 5532 πολυθέου
3461 5477 3669 5528 φαντα-

2083 5528 2366 5616 triangulus?
2409 5528 2478 5582 τὰ
2514 5532 2634 5583 κατ’
2678 5528 2798 5594 ἔτος
2829 5530 3014 5594 αὐτοῖς
3049 5528 3312 5601 γινόμενα
3353 5532 3434 5596 εἰς
3475 5532 3671 5586 ἑαυτὸν

2084 5600 2435 5672 μεταλλάξαι.
3177 5600 3183 5601 ⁷

2164 5669 2884 5742 (85)ίΚατζοιγεπολ,1ῶν
2923 5670 3152 5725 θυσιῶν
3196 5670 3332 5726 τότε
3383 5685 3671 5740 προσενε-

2092 5740 2374 5814 χθεισῶν.
2413 5740 2550 5800 Τοιο
2584 5741 2674 5797 illo
2714 5742 2923 5814 spatio,
2952 5756 3063 5814 quo
3106 5742 3160 5798 in
3179 5742 3395 5800 deserto
3413 5743 3672 5801 Israelita
