3950 6140
377 301 467 358 791

1752 298 1809 354 S.
1852 293 2189 351 EPlPHANll

3534 296 3633 353 79':

375 422 478 478 etsi
519 427 573 477 et
613 420 884 491 acciperet
927 419 1063 492 ipse,
1096 421 1231 476 etin
1265 420 1487 477 nomine
1514 421 1634 492 ejus
1661 418 1941 476 oﬁ‘errent.

2081 436 2198 489 οιγε
2228 419 2393 473 αὑτοῦ
2451 418 2763 489 δεχομένου,
2811 419 2903 472 καὶ
2939 418 3018 481 είς
3046 416 3216 487 ὄνομα
3248 414 3414 471 αὑτοῦ
3451 416 3635 470 αὐτῶν

376 512 532 579 Quod
570 509 789 581 quidem
837 509 909 567 ob
956 510 1315 575 inveteratam
1356 509 1666 567 istiusmodi
1697 510 1754 566 in
1784 510 1950 566 rebus

376 603 594 657 illorum
640 599 1097 656 consuetudinem
1141 608 1228 657 est
1274 600 1503 667 factum,
1553 602 1732 658 donec
1760 616 1791 656 a
1825 602 1949 672 plu-

376 695 514 747 rinm
559 694 788 748 deorum
821 707 926 749 usu
958 694 1220 763 paulatim
1267 694 1324 749 in
1371 694 1537 751 unius
1569 694 1751 750 cultus
1778 692 1952 748 refor-

377 790 553 838 n-atos
576 783 936 853 perduceret;
964 789 1020 839 et
1050 784 1118 839 ab
1148 784 1243 839 illo
1271 782 1531 856 deinceps
1563 784 1948 855 intelligerent,

378 874 511 928 nihil
576 875 725 928 hunc
774 873 1047 943 ejusmodi
1091 873 1294 930 ritibus
1339 888 1481 944 opus
1531 873 1814 938 habuisse,
1854 862 1954 929 nec

379 965 624 1020 habere:
660 973 825 1035 atque
874 964 948 1018 ita
990 963 1210 1020 demum
1257 979 1353 1035 per
1391 964 1595 1022 Christi
1630 964 1716 1020 sui
1754 963 1956 1018 adven-

378 1066 519 1121 tum,
570 1065 743 1112 totum
789 1056 923 1111 illud
963 1054 1357 1113 sacriﬁciorum
1417 1057 1694 1127 negotium
1724 1055 1956 1111 circum-

382 1149 693 1204 scriberet:
726 1157 1014 1219 postquam
1060 1144 1283 1204 unicum
1326 1164 1392 1204 ae
1436 1148 1712 1219 singulare
1751 1144 1959 1230 sacriﬁf

382 1241 533 1295 cium
587 1240 966 1297 antecedentia
1027 1241 1210 1295 omnia
1259 1247 1737 1306 consummasset;
1802 1240 1953 1293 nimi~

386 1349 507 1388 rum
569 1333 775 1389 Christi
829 1332 1183 1389 sacriﬁcium.
1232 1332 1536 1400 Quoniam,
1584 1339 1645 1386 ut
1689 1331 1957 1403 scriptum

384 1436 487 1488 cst,
542 1423 749 1480 Pascha
780 1434 1017 1479 nostrum
1047 1424 1354 1479 immolatus
1382 1433 1459 1478 cst
1483 1422 1726 1479 Christus
1756 1422 1799 1476 ¹.
1840 1420 1956 1476 llu-

386 1518 471 1584 ius
496 1532 654 1587 porro
682 1516 964 1581 sacriﬁcii,
1010 1525 1065 1572 et
1110 1514 1420 1581 Paschatis.
1478 1525 1533 1572 et
1562 1516 1829 1571 doctrina:
1853 1529 1956 1585 pa:-

385 1608 627 1677 dagogus
658 1607 743 1661 lex
773 1605 894 1670 fuit,
928 1606 1086 1677 361
1139 1621 1260 1676 quae
1299 1622 1396 1677 per
1429 1605 1723 1678 ﬁgurarum
1768 1604 1961 1659 adum-

388 1699 667 1755 trationes
695 1699 1012 1766 deduceret,
1045 1706 1099 1753 et
1140 1697 1208 1753 ad
1248 1697 1395 1753 aliud
1442 1697 1747 1768 disciplina:
1787 1711 1960 1768 genus

385 1788 683 1845 conferret.

460 1880 642 1935 Schol.
676 1881 734 1935 Η
772 1886 826 1935 et
865 1880 945 1935 l9.
998 1879 1087 1933 Vir
1117 1896 1323 1935 comam
1371 1896 1474 1935 non
1519 1880 1742 1945 nutriat,
1791 1878 1962 1949 gloria

388 1981 436 2026 et
470 1970 643 2041 imago
677 1969 769 2024 Dei
799 1986 915 2023 cum
941 1970 1068 2024 sit’.

462 2060 642 2116 llel‘ut.
680 2062 739 2115 ll
768 2068 823 2117 et
867 2060 954 2118 t9.
992 2060 1113 2117 Non
1162 2062 1341 2118 solum
1380 2061 1473 2118 Dei
1516 2062 1828 2134 imaginem,
1867 2062 1964 2118 sed

390 2160 444 2208 et
488 2152 716 2223 gloriam
755 2152 1051 2223 Apostolus
1110 2153 1385 2209 hominem
1432 2168 1556 2210 esse
1598 2153 1811 2210 deﬁnit.
1858 2152 1966 2208 Co-

390 2255 534 2295 mam
565 2256 695 2297 vero
726 2242 913 2313 utique
946 2258 1288 2315 corpoream,
1325 2258 1431 2299 non
1462 2243 1659 2299 animai
1686 2243 1964 2315 propriam

390 2350 515 2389 rum
551 2335 818 2401 nominat,
858 2350 968 2391 non
1005 2336 1242 2392 alienum
1282 2350 1312 2389 a
1341 2335 1486 2390 bono
1523 2333 1632 2391 Deo
1660 2349 1799 2405 opus
1832 2333 1967 2389 illud

390 2440 517 2481 esse
548 2426 838 2497 signiﬁcat,
878 2440 944 2483 eo
971 2426 1115 2497 quod
1147 2442 1269 2497 qua:
1303 2428 1359 2481 in
1388 2425 1579 2481 Vetere
1618 2423 1967 2481 Testamento

390 2517 816 2572 continebantur
843 2517 899 2571 in
921 2516 1073 2573 Novo
1098 2518 1318 2587 impleta
1348 2533 1471 2574 esse
1499 2516 1756 2571 fateatur.

464 2604 650 2660 Schol.
685 2605 753 2659 l2
784 2614 838 2660 et
858 2605 949 2661 20.
992 2606 1099 2662 Sed
1132 2606 1271 2661 Deus
1307 2608 1609 2677 temperavit
1641 2623 1830 2676 corpus
1850 2607 1895 2662 ³.

464 2780 647 2837 Rcl‘ut.
694 2782 764 2836 i2
791 2791 845 2838 et
880 2782 970 2839 20.
1013 2780 1073 2838 Si
1119 2796 1320 2854 corpus
1367 2798 1399 2837 a
1448 2782 1558 2839 Deo
1605 2789 1967 2853 temperatum

395 2879 500 2939 est,
537 2885 639 2926 nec
671 2872 836 2927 alium
869 2888 1029 2942 quam
1077 2887 1267 2928 verum
1300 2871 1466 2928 Deum
1506 2873 1801 2943 Apostolus
1830 2887 1970 2943 pra:-

397 2961 563 3026 dicat,
589 2963 837 3018 eumdem
875 2979 1036 3034 porro
1061 2962 1229 3020 Deum
1270 2962 1519 3034 corporis
1561 2964 1802 3019 membra
1833 2971 1970 3020 tem-

400 3067 621 3135 perasse
658 3069 722 3108 ac
777 3055 1042 3112 formasse
1093 3058 1417 3123 conﬁtetur;
1467 3071 1575 3110 non
1628 3056 1791 3111 alium
1845 3070 1970 3127 pro-

402 3144 538 3199 lecto
584 3142 769 3209 Deum,
821 3159 984 3216 quam
1035 3145 1384 3202 Conditorem
1422 3146 1621 3216 ipsum,
1668 3155 1724 3201 et
1752 3147 1968 3215 quidem

403 3243 624 3317 bonum,
679 3243 735 3290 et
784 3246 1108 3302 creatorem,
1160 3246 1216 3293 et
1242 3239 1477 3308 justum,
1524 3212 1973 3295 et\conditorem

403 3327 644 3381 omnium
687 3330 956 3398 agnoscit.
1002 3327 1211 3395 Quibus
1245 3345 1313 3385 ex
1361 3329 1616 3385 omnibus
1649 3330 1813 3385 homo
1848 3347 1973 3387 cen-

401 3417 604 3471 sendus
631 3425 715 3470 est
754 3417 822 3470 ab
849 3417 1039 3472 eodem
1071 3425 1194 3488 apte
1243 3419 1359 3477 suis
1397 3419 1647 3490 partibus
1686 3422 1976 3478 membris-

398 3522 506 3576 que
544 3513 896 3577 temperatus.

473 3597 659 3655 Schol.
694 3598 761 3653 15
786 3607 840 3654 et
868 3598 959 3653 2|.
997 3598 1286 3671 Perperam
1324 3602 1427 3659 ista
1458 3604 1712 3675 concepit
1742 3623 1755 3659 :
1783 3605 1891 3661 Sed
1920 3607 1976 3661 in

400 3689 641 3748 Ecclesia
680 3689 795 3745 volo
822 3690 1049 3762 quinque
1096 3690 1253 3746 verba
1287 3708 1443 3747 sensu
1478 3711 1589 3749 meo
1621 3695 1842 3767 loqui‘;
1874 3696 1976 3752 ali-

399 3796 482 3840 ter
511 3784 656 3840 cnim
689 3784 911 3855 scripsit
948 3793 1004 3841 et
1031 3784 1094 3840 ob
1127 3786 1314 3857 legem,
1355 3788 1577 3859 adjecit.

469 3875 654 3932 Rcfut.
693 3876 760 3932 15
792 3884 846 3932 et
877 3875 969 3931 2|.
1014 3875 1236 3948 Lingua:
1262 3874 1429 3949 igitur
1458 3896 1488 3934 a
1514 3879 1756 3951 Spiritus
1795 3882 1972 3938 sancti

398 3969 573 4037 gratia
602 3968 942 4024 derivantur.
975 3968 1257 4041 Ejusmodi
1292 3986 1480 4042 porro,
1512 3972 1580 4027 de
1603 3974 1805 4043 quibus
1830 3975 1975 4042 Apo-

399 4062 575 4117 stolus
620 4062 884 4131 loquitur,
951 4062 1151 4134 lingua:
1196 4071 1347 4126 sunt,
1399 4075 1458 4119 ut
1520 4080 1630 4120 non
1680 4064 1975 4121 Hebraieas

401 4154 560 4208 modo
586 4170 749 4210 voces
785 4156 1271 4225 comprehendant,
1306 4172 1428 4225 quae
1456 4155 1510 4211 in
1543 4157 1776 4226 singulis
1821 4172 1977 4211 voca-

402 4246 542 4300 bulis
574 4246 889 4314 prteclaram
920 4247 1210 4315 quamdam
1237 4262 1300 4301 ac
1328 4249 1629 4317 sapientem
1658 4248 1974 4304 varietatem

400 4332 691 4399 exhibent;
742 4334 840 4389 sed
894 4342 948 4389 et
993 4335 1100 4388 alia
1148 4349 1366 4405 quoque
1408 4336 1727 4390 idiomatum
1778 4337 1977 4393 discri-

402 4424 572 4487 mina,
602 4439 723 4492 quae
769 4425 1016 4480 nonnulli
1053 4424 1257 4483 Grazcaa
1286 4426 1481 4497 lingua:
1509 4427 1691 4497 periti,
1721 4429 1809 4482 cui
1844 4429 1979 4485 insi-

402 4522 492 4571 tus
533 4515 753 4586 quidam
789 4515 964 4572 fastus
1014 4531 1078 4572 ac
1128 4517 1345 4571 vanitas
1383 4524 1489 4582 est,
1538 4518 1773 4588 gloriose
1802 4519 1976 4588 jacta-

402 4607 582 4663 bant:
625 4608 805 4678 qualis
853 4618 938 4664 est
972 4610 1171 4672 Attica,
1213 4607 1452 4671 JEolica,
1494 4626 1558 4665 ac
1614 4608 1810 4666 Dorica
1855 4626 1978 4681 pro-

403 4702 629 4769 prietas,
656 4716 888 4771 quarum
921 4702 1042 4757 freti
1071 4702 1301 4757 scientia
1340 4703 1589 4758 nonnulli
1628 4702 1819 4759 turbas
1856 4703 1977 4759 illas

399 4793 648 4847 Corinthi
690 4809 756 4849 ac
804 4794 1102 4851 seditiones
1153 4795 1459 4850 excitarunt
1489 4814 1503 4852 :
1537 4796 1603 4850 ad
1654 4812 1796 4868 quos
1857 4798 1977 4852 ideo

402 4887 545 4941 hanc
588 4886 885 4952 Apostolus
936 4886 1230 4959 Epistolam
1274 4889 1444 4945 dedit.
1489 4889 1546 4944 ln
1593 4905 1701 4960 qua
1741 4890 1976 4961 primum

476 5043 491 5073 ⁸
522 5040 540 5093 l
569 5040 696 5097 Cor.
733 5059 786 5107 v,
814 5042 866 5097 7.
942 5047 961 5075 ’
991 5042 1011 5097 l
1043 5043 1171 5100 Cor.
1206 5061 1280 5109 ιι,
1325 5045 1406 5098 ιι.
1484 5045 1505 5077 ⁸
1534 5045 1551 5098 l
1582 5044 1713 5101 Cor.
1751 5062 1849 5112 xtt,
1880 5045 1973 5100 24.

401 5176 603 5252 versati
652 5184 815 5252 sunt,
867 5193 1025 5252 sacra
1072 5180 1291 5252 quidem
1338 5180 1606 5236 obtulisse
1656 5179 1766 5252 Deo
1822 5188 1977 5252 putat

404 5245 774 5316 Epiphanius;
834 5249 926 5320 sed
981 5245 1125 5317 quod
1182 5264 1244 5302 ca
1298 5265 1394 5318 per
1436 5266 1560 5305 sese
1608 5245 1839 5305 minime
1876 5251 1977 5320 ipsi

401 5321 709 5387 placerent,
743 5318 999 5387 quodque
1039 5330 1099 5374 nt
1127 5320 1196 5373 ab
1236 5320 1540 5374 idololatria
1585 5334 1681 5374 eos
1710 5318 1978 5376 averteret

406 5388 609 5455 potius,
638 5402 800 5460 quam
831 5388 975 5455 quod
1006 5390 1112 5445 illis
1140 5389 1467 5460 adiceretur,
1495 5388 1690 5460 oﬁ'erri
1726 5390 1827 5445 sibi
1852 5406 1977 5460 pas-

407 5472 502 5509 sus
535 5455 714 5529 esset,
748 5455 872 5529 ideo
902 5474 1117 5529 negare
1152 5458 1251 5529 sibi
1301 5460 1416 5516 lucc
1460 5460 1639 5515 oblata
1670 5455 1976 5529 l‘uisse‘pcr

408 5525 725 5593 prophetam
754 5525 1051 5582 existimat.
1069 5528 1137 5583 At
1159 5527 1382 5585 Hieron.
1402 5536 1700 5584 comment.
1725 5529 1793 5583 ad
1816 5525 1973 5584 Amos

409 5594 602 5649 scribit
638 5596 912 5652 Israelitas
958 5606 1073 5652 toto
1119 5599 1211 5652 illo
1251 5613 1360 5663 quo
1403 5600 1455 5652 iu
1504 5598 1722 5653 deserto
1760 5601 1982 5654 fuerunt

410 5671 676 5735 tempore,
714 5681 821 5719 non
868 5666 999 5729 Deo,
1048 5667 1142 5723 sed
1172 5667 1332 5721 idolis
1367 5668 1698 5723 immolasse.
1734 5668 1802 5722 Et
1843 5671 1981 5735 quod

412 5741 589 5801 postea
612 5770 626 5797 ,
668 5733 870 5802 inquit,
920 5738 1159 5804 qna'dam
1196 5735 1421 5790 Domino
1452 5752 1537 5788 cos
1585 5737 1800 5805 legimus
1830 5733 1979 5791 obtu-

2049 512 2463 584 προσφερόντων
2483 528 2497 542 ⁶
2548 510 2684 565 ἀλλὰ
2737 509 2824 564 διὰ
2871 510 2971 581 τὴν
3021 509 3198 564 αὑτῶν
3232 511 3291 563 ὲν
3316 512 3432 573 τοῖς
3461 508 3639 563 τοιοὺ-

2047 619 2161 664 τοις
2216 601 2540 672 ἀναχθεῖσαν
2599 601 2908 673 συνήθειαν,
2961 601 3070 666 ἕως
3125 599 3466 672 μεταλλεύσῃ
3525 599 3639 670 (ει)

2049 693 2389 773 καθελκύσας
2436 694 2544 749 ἀπὺ
2585 693 2873 764 συνηθείας
2917 694 3192 765 (τοιαύτης
3218 692 3328 747 τῶν
3350 691 3573 745 πολλῶν
3596 691 3638 759 ⁵)

2050 784 2131 847 εἰς
2159 783 2251 837 τὸν
2278 783 2395 847 ἕνα,
2424 783 2520 837 καὶ
2555 782 2650 837 τοῦ
2694 782 2811 847 ἐνὸς
2846 783 3030 836 λοιπὸν
3078 784 3343 854 μάθωσιν,
3382 782 3468 836 ὅτι
3514 780 3643 834 οὔτε

2053 873 2282 946 ἔχρῃζεν
2321 873 2444 928 οὕτε
2491 874 2715 946 χρῄζειο
2748 875 2843 928 καὶ
2892 874 3077 927 λοιπὸν
3117 873 3367 944 ἀποκόψῃ
3411 872 3504 927 διὰ
3540 871 3642 941 τῆς

2053 966 2320 1038 ὲνσάρκου
2355 966 2659 1038 παρουσίας
2700 965 2798 1036 τῆς
2825 964 2921 1019 τοῦ
2951 964 3192 1038 Χριστοῦ
3237 961 3402 1018 αὑτοῦ
3436 962 3501 1016 τὸ
3534 963 3644 1016 πᾶν

2053 1056 2154 1127 τῆς
2188 1056 2499 1121 ὑποθέσεως
2524 1055 2632 1111 τῶν
2658 1056 2881 1120 θυσιῶν,
2910 1057 3008 1129 τῆς
3037 1057 3165 1125 μιᾶς
3195 1054 3387 1118 θυσίας
3414 1053 3643 1108 τελειω-

2056 1150 2230 1218 σάσης
2274 1146 2375 1211 τὰς
2411 1146 2844 1219 προῦπαρξάσας
2888 1148 3102 1210 πάσας’
3152 1145 3274 1217 ἣτις
3309 1146 3429 1198 ἐστὶ
3476 1144 3647 1199 θυσία

2057 1238 2313 1312 Χριστοῦ.
2366 1240 2488 1292 Ὀτι
2533 1238 2604 1294 Τὸ
2654 1238 2871 1307 Πάσχα
2916 1238 3086 1308 ἡμῶν
3126 1237 3304 1304 ἐτύθη
3354 1235 3642 1305 Χριστὸς.

2058 1330 2199 1385 κατὰ
2231 1330 2291 1384 τὸ
2319 1328 2724 1403 γεγραμμένον.
2762 1326 2873 1394 1Ἠς
2910 1330 3121 1394 θυσίας,
3157 1330 3253 1383 καλ¹
3291 1329 3506 1400 Πάσχα,
3547 1328 3647 1382 καὶ

2057 1422 2402 1487 διδασκαλίας
2448 1422 2796 1492 παιδαγωγὸς
2838 1422 3055 1491 ἐγένετο
3102 1424 3131 1476 6
3178 1421 3374 1493 νόμος,
3429 1422 3649 1491 ὁδηγῶν

2057 1514 2146 1569 διὰ
2177 1514 2268 1567 τὸν
2298 1514 2487 1578 τύπον,
2525 1514 2616 1567 καὶ
2641 1514 3023 1569 ἀποκαθιστῶν
3070 1515 3150 1576 είς
3191 1511 3286 1585 τὴν
3334 1512 3539 1572 ἐτέρων
3569 1512 3650 1565 δι-

2059 1605 2351 1660 δασκαλίαν
2363 1643 2375 1660 .

2136 1868 2202 1924 ια’
2237 1870 2332 1923 καὶ
2367 1868 2429 1921 ιθ’
2465 1869 2612 1938 σχόλ.
2651 1867 2834 1936 Ἀνὴρ
2856 1868 2969 1920 οὐκ
2995 1864 3221 1935 ὀφείλει
3251 1863 3467 1934 κομᾶν,
3492 1862 3653 1929 δόξα

2066 1960 2166 2016 καὶ
2189 1958 2367 2015 εἰκὼν
2392 1959 2541 2014 Θεοῦ
2567 1958 2870 2027 ὑπάρχων.

2138 2060 2207 2107 ια’
2240 2052 2334 2107 καὶ
2362 2049 2425 2105 ιθ¹
2454 2049 2633 2120 ελεγχ.
2675 2047 2872 2103 Είκὸνα
2919 2048 2980 2102 οὑ
3036 2047 3197 2118 μόνον
3235 2046 3329 2099 τὸν
3357 2046 3655 2119 ἄνθρωπον

2065 2145 2200 2201 Θεοῦ
2227 2144 2468 2217 ὁρίζεται
2502 2146 2531 2197 6
2564 2140 2906 2205 Ἀπόστολος,
2933 2139 3068 2195 ἀλλὰ
3090 2140 3185 2194 καὶ
3214 2136 3391 2204 δόξαν.
3416 2140 3527 2211 Τὴν
3550 2141 3652 2195 κό-

2070 2256 2177 2309 μην
2205 2237 2262 2290 δὲ
2288 2234 2675 2305 ὑποτιθέμενος
2717 2231 3035 2304 σωματικὴν
3077 2227 3242 2285 οὖσαν
3271 2233 3393 2285 κατ’
3424 2231 3558 2284 ἰδίαν
3589 2231 3654 2284 ὲν

2069 2328 2300 2401 σώματι,
2330 2328 2425 2382 καὶ
2449 2326 2550 2380 οὐκ
2576 2329 2636 2380 ὲν
2656 2325 2824 2396 ψυχῇ.
2854 2324 2968 2377 Οὑκ
2997 2323 3277 2395 ἀλλότριον
3302 2323 3410 2395 ἄρα
3429 2323 3566 2377 Θεοῦ
3587 2323 3653 2378 τὸ

2068 2419 2277 2490 ποίημα
2305 2415 2543 2489 ὁρίζεται
2573 2414 2671 2470 τοῦ
2702 2414 2937 2483 ἀγαθοῦ“
2968 2414 3055 2468 διὰ
3082 2412 3142 2467 τὸ
3168 2414 3450 2484 ὁμολογεῖν
3488 2415 3653 2470 αὑτὸν

2067 2511 2137 2564 τὰ
2165 2510 2272 2564 ἀπὸ
2297 2507 2541 2572 Παλαιᾶς
2570 2508 2629 2561 ὲν
2660 2508 2836 2577 Καινῇ
2867 2504 3221 2577 πληρούμενα
3242 2505 3506 2579 Διαθήκῃ.

2145 2600 2212 2672 ιβ’
2249 2601 2343 2655 καὶ
2380 2608 2428 2653 κ’
2477 2598 2623 2670 σχὸλ.
2661 2598 2851 2654 Ἀλλὰ
2898 2601 2931 2652 ὀ
2980 2596 3125 2662 Θεὸς
3167 2596 3545 2666 ονιέκέραοέ
3583 2599 3650 2651 τὸ

2070 2689 2260 2769 σῶμα.

2144 2782 2211 2853 ιβ’
2242 2783 2338 2838 καὶ
2387 2789 2434 2836 κ’
2460 2783 2640 2853 ἕλεγχ.
2684 2784 2745 2836 Εἰ
2771 2784 2800 2836 6
2830 2781 2964 2845 Θεὸς
2998 2780 3329 2851 συνεκέρασε
3368 2780 3432 2833 τὸ
3469 2779 3652 2850 σῶμα,

2070 2875 2170 2928 οὑκ
2198 2873 2355 2929 ἄλλον
2381 2873 2439 2928 δὲ
2477 2875 2610 2928 Θεὸν
2651 2876 2680 2927 6
2713 2873 3041 2936 Ἀπόστολος
3067 2870 3355 2944 κηρύσσει,
3393 2871 3535 2925 ἀλλὰ
3562 2871 3651 2924 τὸν

2070 2966 2198 3020 ὄντα
2221 2981 2235 2996 ο
2262 2966 2516 3038 ὁμολογεῖ
2541 2966 2599 3020 δὲ
2627 2966 2719 3019 τὸν
2750 2964 2881 3020 Θεὸν
2892 2964 2965 3018 ’τὸ
2997 2963 3155 3035 σῶμα
3183 2966 3294 3028 τοῖς
3334 2964 3524 3035 μέλεσι
3560 2981 3651 3017 κε-

2072 3058 2365 3129 κερακέναι
2387 3074 2401 3088 ·
2432 3060 2533 3112 οὐκ
2562 3058 2719 3114 ἄλλον
2746 3054 2853 3112 οἵδε
2884 3057 3016 3111 Θεὸν
3042 3056 3156 3110 ἀλλ’
3192 3057 3225 3127 ἢ
3256 3057 3347 3110 τὸν
3389 3056 3644 3127 δημιουρι

2075 3152 2168 3221 γὸν
2200 3152 2362 3206 αὑτὸν
2393 3151 2617 3221 ἀγαθὸν,
2654 3151 2748 3206 καὶ
2773 3151 3019 3221 κτίστην,
3050 3151 3144 3204 καὶ⁵
3179 3150 3407 3211 δίκαιον,
3438 3151 3653 3203 πάντων

2076 3245 2306 3317 ποιητήν
2325 3263 2339 3276 ο
2371 3235 2431 3309 ἐξ
2455 3236 2529 3299 ὧν
2563 3243 2779 3298 πάντων
2825 3243 2883 3297 ἓν
2923 3242 3082 3315 ἔργον
3124 3242 3358 3313 ὑπάρχει
3390 3243 3419 3295 6
3447 3241 3639 3311 ἄνθρω

2075 3351 2195 3401 πος,
2228 3335 2257 3389 6
2282 3338 2393 3399 τοῖς
2421 3334 2638 3407 μέλεσιν
2666 3335 2755 3387 ὑπ’
2786 3332 2951 3387 αὑτοῦ
2976 3331 3156 3396 καλῶς
3180 3331 3607 3403 κεκερασμένος.

2149 3619 2218 3682 ιγ’
2241 3611 2337 3666 καὶ
2358 3610 2443 3665 κα⁹
2463 3610 2614 3682 σχόλ.
2654 3607 3094 3680 Πεπλανημένως
3113 3608 3142 3661 6
3161 3605 3424 3675 Μαρκίων
3444 3621 3457 3634 ·
3479 3605 3653 3659 uua

2074 3703 2146 3759 ἐν
2171 3701 2497 3769 Ἐκκλησία
2527 3699 2680 3756 θέλω
2707 3699 2886 3753 πέντε
2919 3700 3139 3767 λόγους
3171 3694 3253 3762 τῷ
3277 3697 3510 3765 ratum,
3542 3700 3652 3750 ,ια-

2074 3794 2265 3864 λῆσαι
2282 3810 2296 3825 ο
2330 3793 2533 3864 ἑτέρως
2555 3792 2613 3845 δὲ
2643 3790 2742 3846 διὰ
2757 3791 2865 3845 τὸν
2880 3791 3088 3860 νόμον.

2151 3890 2218 3954 ιγ’
2246 3884 2340 3939 καὶ
2366 3883 2451 3937 κα’
2480 3882 2661 3953 ἔλεγχ.
2704 3882 2847 3953 ’Δρα
2873 3880 2967 3934 καὶ
2995 3880 3051 3933 αἱ
3080 3878 3321 3949 γλῶσσαι
3343 3878 3408 3931 ὲκ
3436 3875 3531 3930 τοῦ
3561 3895 3654 3948 χα·

2079 3982 2342 4054 ρίσματος
2373 3978 2465 4034 τοῦ
2491 3976 2806 4049 Πνεύματός
2837 3977 2963 4030 εισι.
2988 3973 3246 4036 Γλώσσας
3273 3972 3331 4025 δὲ
3356 3972 3548 4034 ὁποίας
3571 3970 3653 4024 λέ-

2076 4088 2163 4138 γει
2184 4071 2213 4123 6
2228 4067 2569 4132 Ἀπόστολος,
2596 4068 2746 4129 ὅπως
2766 4064 2881 4137 γνῷ
2900 4064 2960 4118 οὑ
2990 4063 3083 4127 τὰς
3106 4061 3292 4133 φωνὰς
3317 4062 3417 4126 τὰς
3449 4061 3656 4133 Ἐϐραΐ-

2075 4162 2170 4225 δας
2201 4160 2300 4225 τὰς
2328 4159 2600 4232 διαφόρους
2650 4158 2745 4213 καὶ
2788 4156 3047 4220 ποικίλως
3071 4157 3128 4209 ὲν
3156 4156 3362 4227 ἑκάστῃ
3386 4153 3530 4219 λέξει
3558 4171 3663 4207 κα-

2076 4252 2183 4316 λῶς
2209 4250 2349 4323 μετὰ
2381 4249 2574 4321 σοφίας
2605 4247 2995 4313 ποικιλθείσας,
3030 4245 3167 4302 ἀλλὰ
3185 4247 3281 4301 καὶ
3306 4244 3402 4317 τὴν
3427 4243 3659 4316 κομπώ-

2075 4343 2139 4414 δη
2167 4342 2418 4411 γλῶσσαν
2452 4339 2562 4395 τῶν
2604 4339 2870 4411 Ἐλλήνων
2898 4337 3224 4410 αὐχοῦντες,
3258 4336 3321 4390 τὸ
3361 4336 3661 4400 ἀττικίζειν

2014 4459 2055 4512 [ι
2080 4433 2173 4486 καὶ
2226 4432 2505 4496 αἰολίζειν,
2541 4432 2637 4485 καὶ
2677 4430 2935 4502 Δωρικῶς
2980 4428 3313 4499 φθέγγεσθαί
3363 4444 3509 4491 τινες
3550 4426 3662 4479 τῶν

2080 4518 2232 4595 παρὰ
2261 4526 2372 4587 τοῖς
2397 4521 2699 4594 Κορινθίοις
2720 4520 2818 4585 τὰς
2846 4520 3104 4592 πτὺρσεις
3134 4521 3227 4574 καί
3253 4520 3470 4584 στάσεις
3492 4521 3662 4591 ἐργα-

2083 4614 2352 4686 σαμένων,
2369 4608 2449 4679 οἷς
2476 4612 2812 4685 ὴἙπιστολὴ
2844 4612 3175 4667 ἐπετέλλετο.
3199 4612 3311 4665 Καὶ
3340 4610 3667 4682 ὡμολόγησε

2087 4707 2185 4778 μὲν
2231 4706 2475 4779 χάρισμα
2517 4702 2658 4760 εἶναι
2699 4704 3067 4776 πνευματικδν
3092 4704 3153 4757 τὸ
3190 4706 3312 4767 ταῖς
3345 4702 3664 4774 Ἑϐραϊκαῖς

2082 4796 2260 4862 λέξεσι
2286 4796 2583 4869 κεχρῆσθαί
2604 4812 2666 4849 τε
2698 4797 2793 4849 κοιλ⁹
2828 4795 2917 4848 τὸν
2946 4795 3107 4865 νόμον
3134 4791 3404 4848 διδάσκειν
3425 4811 3438 4824 ·
3466 4794 3529 4848 οὑ
3559 4794 3667 4864 μὴν

2084 4889 2221 4943 ἀλλὰ
2252 4890 2346 4943 καὶ
2373 4888 2441 4943 τὰ
2474 4888 2608 4943 ἄλλα
2644 4886 2907 4959 κομπώδη
2932 4885 3172 4942 καθελὼν
3201 4884 3302 4957 τῆς
3329 4886 3438 4940 τῶν
3482 4886 3657 4959 Ἐλλή-

2051 5049 2072 5078 ⁸
2106 5045 2124 5100 l
2158 5043 2287 5100 Cor.
2322 5061 2435 5112 xtv,
2470 5046 2554 5101 l9.
2631 5047 2652 5078 '
2683 5041 2922 5100 Aberan.
2955 5043 3071 5098 haec
3102 5058 3130 5096 a
3161 5040 3339 5096 V'atic.

2086 5180 2230 5246 lisse,
2267 5196 2369 5234 non
2397 5180 2685 5244 voluntate,
2727 5179 2819 5235 sed
2847 5194 3118 5249 pinnarum
3149 5178 3385 5249 fecerunt
3413 5188 3574 5241 metu,
3613 5191 3666 5233 et

2083 5267 2264 5320 eorum
2317 5250 2678 5319 interiectione
2722 5251 2813 5320 qui
2848 5247 3068 5317 propter
3123 5247 3271 5301 idola
3321 5261 3662 5320 corruerunt.

2084 5319 2343 5373 Dominus
2374 5318 2549 5374 autem
2582 5336 2685 5373 non
2717 5318 2780 5373 ea
2806 5336 2921 5388 qua:
2954 5320 3282 5388 oﬁ'eruntur.
3302 5318 3393 5371 sed
3418 5318 3664 5372 volunta-

2085 5398 2186 5443 tem
2211 5391 2420 5459 respicit
2438 5391 2791 5512 egerendum.
2807 5386 3046 5459 Cyrillus
3062 5403 3191 5442 vero
3213 5386 3283 5440 ad
3301 5404 3331 5439 ν
3352 5404 3469 5455 cap.
3502 5391 3665 5443 Amos

2085 5462 2156 5512 ita
2192 5459 2429 5512 statuit:
2510 5476 2634 5512 eum
2678 5461 2734 5512 in
2778 5459 2908 5512 illud
2951 5460 3218 5512 duntaxat
3258 5466 3474 5512 tempus
3511 5460 3663 5512 cele-

2084 5462 2156 5514 ita
2192 5459 2385 5514 statuit
2417 5479 2429 5513 :
2468 5459 2634 5515 Deum
2678 5461 2734 5513 in
2778 5459 2908 5512 illud
2951 5460 3218 5512 duntaxat
3258 5466 3474 5527 tempus
3511 5460 3663 5513 cele-

2085 5529 2291 5584 branda
2351 5530 2757 5598 prarscripsisse
2785 5529 3117 5598 _sacriﬁcia,
3162 5541 3283 5598 quo,
3328 5527 3662 5595 promissam

2089 5611 2297 5669 terram
2320 5596 2676 5669 occuparent,
2705 5596 2799 5653 sed
2819 5598 2947 5669 illos
2977 5614 3077 5653 nec
3105 5597 3419 5669 postulante
3442 5612 3544 5653 nec
3569 5615 3669 5654 cu-

2089 5680 2245 5724 l'uttle
2278 5667 2409 5731 Deo,
2448 5667 2501 5723 iit
2532 5668 2749 5724 deserto
2779 5667 3132 5723 nihilominus
3157 5667 3446 5721 obtulisse.

2159 5740 2269 5811 (8i)
2313 5740 2455 5805 Ἕως
2477 5738 2879 5808 μεταηὶλεύσῃ.
2925 5736 3045 5792 For.
3084 5735 3407 5809 μεταλλάξῃ.
3622 5792 3659 5841 ‘
