3918 6192
441 339 549 398 793

1092 351 1474 411 ADVERSUS
1512 354 1856 414 HJERESES
1895 359 2019 414 LIB.
2062 359 2101 414 l.
2145 358 2312 417 TOM.
2344 358 2430 414 ιιι.
2469 390 2533 400 ——
2576 358 2849 415 llAillES.
2888 358 3045 414 XLII.

3577 357 3685 415 ’194

438 469 548 544 νων
580 454 850 544 γλώσσης,
875 457 1074 531 ἔφησεν
1111 464 1310 533 μᾶλλον
1334 465 1604 536 γλώσσαις
1640 470 1800 525 αὐτὸν
1832 473 2001 527 αὐτῶν

2115 474 2410 544 singularis
2446 472 2732 543 cujusdam
2772 488 2894 528 esse
2914 471 3162 527 beneﬁcii
3189 471 3366 535 docet,
3395 469 3676 526 Hebraicis

438 542 725 635 λαλουντα,
759 547 846 600 διὰ
873 548 932 602 τὸ
971 547 1108 605 εἶναι
1149 555 1312 609 αὐτὸν
1350 557 1597 629 Ἐϐραῖον
1629 561 1688 626 ἐξ
1726 562 2011 635 Ἑϐραίων,

440 632 592 703 ’παρὰ
655 637 782 698 τοὺς
822 638 996 702 πόδας
1042 641 1323 717 Γαμαλιὴλ
1368 632 1879 722 ἀνατεθραμμένονο
1939 647 2014 708 ὧν

440 723 789 816 (Ἑϐραίοιςῆ
809 729 877 782 τὰ
896 731 1198 803 γράμματα
1218 738 1277 790 ὲν
1299 737 1539 814 ἐπαίνοις
1564 742 1764 813 τίθησι,
1798 745 1890 797 καὶ
1915 745 2013 816 τῆς

440 813 532 905 τοῦ
553 813 874 905 μνεύματος
898 820 1104 891 δωρεᾶς
1124 824 1252 879 ὄντα
1279 813 1610 899 χαρίσματα.
1639 833 1729 885 Διὸ
1757 835 1883 905 περὶ
1904 813 2011 887 τῶν

439 901 617 955 αὐτῶν
640 904 733 957 καὶ
762 905 1007 979 Τιμοθέῳ
1037 913 1282 982 γράφων,
1310 916 1514 987 ἐλεγεν⁶
1547 919 1629 972 ὅτι
1657 921 1788 974 Ἀπὸ
1810 901 2011 991 iisan;-

437 1009 540 1058 τος
598 994 724 1062 ιερὰ
760 997 1082 1068 Γρὰμματα
1128 1004 1363 1073 ἔμαθες.
1423 1009 1546 1064 Ὀτι
1594 1010 1651 1063 δὲ
1696 1013 2009 1083 προστιθεὶς

435 1086 567 1148 τοὺς
622 1086 730 1140 ἀπὸ
773 1088 1038 1161 Ἐλλήνων
1081 1097 1320 1166 ποιητῶν
1345 1100 1440 1152 καὶ
1471 1101 1714 1172 ρητόρων
1744 1082 2009 1174 θόρμιυμέ-

438 1193 563 1241 νους
608 1178 678 1232 τὰ
717 1177 806 1234 ἴσα
855 1183 1096 1251 φάσκων,
1125 1188 1327 1257 ὁμοίως
1368 1191 1506 1263 ἔφη·
1533 1192 1780 1247 Πάντων
1817 1194 2008 1248 πλέον

438 1266 604 1326 ι”ιιῶν
627 1271 795 1328 λαλῶ
828 1272 1151 1343 γλώσσαις,
1182 1279 1269 1332 ἵνα
1298 1280 1446 1354 δείξῃ
1495 1285 1590 1337 καὶ
1632 1285 1733 1355 τῆς
1766 1285 2007 1356 Ἐλληνι-

438 1360 539 1452 κῇς
564 1362 810 1427 παιδείας
840 1366 1000 1420 αὐτὸν
1030 1369 1088 1423 ὲν
1116 1370 1282 1443 πείρᾳ
1315 1373 1760 1447 ὑπερδαλλόντως
1784 1382 2009 1452 γεγενῆ-

438 1450 581 1504 σθαι.
617 1453 723 1505 Καὶ
745 1454 853 1527 γὰρ
882 1458 975 1511 καὶ
1000 1459 1028 1511 6
1052 1463 1336 1536 χαρακτὴρ
1368 1467 1534 1521 αὐτοῦ
1565 1470 1818 1540 σημαίνει
1847 1450 2007 1526 αὐτόν

436 1543 701 1615 ὑπάρχειν
726 1547 781 1598 ὲν
807 1553 1154 1627 προπαιδεία,
1176 1550 1237 1610 οὗ
1266 1559 1365 1611 οὐκ
1393 1559 1737 1632 ἠδυνήθησαν
1756 1562 2008 1617 Ἐπικού-

438 1649 571 1704 ρειοι
604 1635 696 1691 καὶ
723 1638 949 1694 Στωϊκοὶ
973 1643 1306 1718 ἀντιστῆναι,
1336 1649 1763 1722 ἀνατρεπόμενοι
1792 1652 1879 1706 διὰ
1906 1652 2005 1722 τῆς

2116 568 2195 621 ιιιί
2232 565 2513 623 vocabulis
2555 579 2738 635 posse,
2781 578 2846 618 ac
2876 565 3045 633 legem
3094 564 3310 620 docere.
3367 562 3571 618 Deinde
3618 567 3678 616 ut

2114 653 2289 710 Graeci
2319 654 2590 709 sermonis
2628 661 2891 707 tumorem
2925 651 3404 722 arrogantiamque
3442 651 3676 719 compri-

2114 753 2304 808 meret,
2346 758 2464 798 sese
2507 743 2812 812 linguarum
2853 741 3067 795 illorum
3121 757 3222 797 usu
3266 740 3673 797 instructiorem

2113 835 2222 890 illis
2255 834 2391 905 ipsis
2417 848 2538 890 esse
2587 833 2816 897 monuit,
2850 833 2995 902 quod
3039 831 3297 888 liebrteus
3325 832 3391 887 ab
3433 830 3674 886 Hebraeis

2111 933 2253 982 esset
2295 925 2583 987 oriundus,
2627 931 2675 980 et
2714 925 2779 979 ad
2815 928 2981 997 pedes
3015 923 3326 980 Gamalielis
3367 925 3668 978 institutus.

2111 1015 2187 1071 lta
2223 1015 2502 1072 Hebraicaa
2542 1016 2738 1085 linguae
2771 1015 3057 1070 scientiam
3089 1014 3143 1068 in
3171 1014 3329 1069 laude
3376 1015 3576 1084 posuit,
3618 1021 3674 1068 et

2110 1109 2253 1163 inter
2304 1106 2542 1177 Spiritus
2596 1107 2771 1163 sancti
2817 1107 3080 1162 beneﬁcia
3143 1106 3472 1161 numeravit.
3513 1105 3673 1176 362

2110 1197 2267 1254 Unde
2305 1206 2360 1255 ct
2392 1199 2460 1254 ad
2514 1198 2857 1255 Timotheum
2899 1186 2966 1254 de
3011 1198 3204 1254 iisdem
3252 1198 3541 1254 scribens:
3573 1195 3672 1261 Tu,

2110 1287 2305 1357 inquit,
2364 1287 2430 1340 ab
2479 1287 2832 1343 adolescentia
2874 1304 3056 1342 sacras
3090 1286 3319 1342 Litteras
3367 1285 3672 1340 didicisti‘.

2107 1379 2262 1447 Quod
2293 1394 2421 1434 vero
2456 1378 2523 1432 ad
2556 1378 2703 1433 illam
2744 1377 3103 1432 eruditionem
3140 1377 3418 1447 politiores
3458 1390 3675 1445 quoque

2106 1468 2418 1522 Graecorum
2452 1466 2680 1529 litteras,
2729 1465 2832 1520 hoc
2860 1473 2945 1520 est
2970 1465 3214 1535 poeticas
3256 1478 3320 1518 ae
3351 1464 3671 1524 rhetoricas,

2105 1558 2385 1627 adiecerit.
2417 1558 2552 1613 iisce
2575 1555 2757 1612 verbis
2794 1557 3063 1625 expressit
3089 1575 3104 1610 :
3137 1552 3509 1609 Abundantius
3538 1553 3675 1607 vobis

2107 1647 2344 1704 omnibus
2384 1647 2577 1718 linguis
2622 1648 2828 1717 loquor,
2867 1646 2945 1702 uti
2994 1661 3054 1700 se
3084 1642 3394 1699 Crteearum
3436 1642 3669 1711 discipli-

2107 1755 2299 1797 narum
2354 1737 2723 1795 excellentiori
2771 1735 3003 1807 quodam
3059 1751 3159 1790 usu
3217 1732 3502 1804 praeditum
3554 1749 3678 1789 esse

2036 1813 2076 1868 Β
2107 1838 2452 1887 monstraret.
2506 1828 2639 1883 Nam
2694 1836 2750 1884 et
2806 1825 3080 1883 scribendi
3127 1842 3298 1898 genus
3341 1826 3519 1897 ipsum
3567 1839 3711 1893 (ιιιοΧ

437 1908 739 1978 ῥητορικῶς
786 1910 1225 1989 ἀναγνωσθείσης
1287 1922 1417 1990 παρ’
1462 1916 1649 1984 αὐτοῦ,
1704 1924 1800 1976 καὶ
1847 1923 2001 1987 εὐθὺς

2106 1922 2296 1989 utitur,
2337 1920 2692 1976 humanitatis
2724 1919 2876 1973 illum
2914 1919 3110 1975 studiis
3148 1918 3290 1972 haud
3331 1915 3678 1971 mediocriter

437 2002 889 2069 μεταφραστικῶς
936 2006 1223 2079 ρηθείσηςσ
1269 2009 1369 2062 Ὃν
1422 2010 1783 2079 ἀγνοοῦντες
1835 2015 2001 2067 εὐσε-

2106 2013 2372 2068 imbutum
2422 2011 2592 2067 fuisse
2635 2010 2898 2075 declarat,
2939 2017 3000 2064 ut
3041 2025 3109 2065 ne
3161 2008 3412 2079 Epicurei
3456 2008 3676 2077 quidem

434 2089 604 2153 ϐεῗτε,
649 2091 864 2147 τοῦτον
911 2096 1026 2166 ἐγὼ
1064 2100 1450 2171 καταγγέλλω
1480 2102 1655 2172 ὑμῖν·
1701 2106 1795 2158 καὶ
1842 2105 2001 2159 πάλιν

2106 2104 2206 2174 ipsi
2248 2102 2489 2177 Stoicive
2537 2110 2763 2173 possent
2807 2101 3103 2166 resistere;
3142 2114 3281 2169 quos
3331 2114 3521 2154 omnes
3553 2112 3677 2152 cum

434 2182 731 2252 φήσαντος·
779 2180 925 2239 Εἴπέ
954 2204 1043 2254 τις
1066 2188 1214 2255 ίδιος
1244 2190 1445 2246 αὐτῶν
1491 2194 1803 2264 προφήτης
1823 2211 1836 2226 '

2106 2209 2210 2249 arae
2254 2194 2401 2249 illius
2448 2194 2858 2262 inscriptionem
2912 2190 3204 2260 ejusmodi,
3252 2189 3442 2261 Ignoto
3500 2188 3609 2242 Deo
3628 2188 3673 2251 ⁸,

432 2275 640 2330 erudite
672 2275 913 2347 legisset,
964 2295 1176 2335 summa
1221 2297 1346 2354 cum
1385 2283 1694 2355 eloquentia
1727 2287 2131 2356 artiﬁcioseque
2169 2285 2447 2350 refutavit‘,
2513 2284 2567 2339 id
2603 2284 2892 2355 ipsumque
2957 2282 3033 2336 ita
3088 2282 3385 2337 declaravit
3444 2299 3456 2333 :
3509 2280 3676 2347 Quem

431 2368 730 2436 ignorantes
775 2370 969 2438 colitis,
1011 2372 1147 2427 hunc
1193 2376 1452 2431 annuntio
1477 2377 1621 2433 vobis
1643 2379 1683 2437 9.
1753 2381 1885 2435 Item
1931 2377 2063 2434 illud
2127 2375 2236 2431 alio
2286 2375 2409 2432 loco
2452 2374 2609 2441 dixit,
2674 2373 2821 2428 Dixit
2900 2373 3116 2444 quidam
3162 2371 3405 2445 proprius
3461 2370 3676 2425 illorum

407 1723 627 1828 "hortm;
656 1731 783 1828 παρ’
805 1732 953 1803 αὐτῷ
975 1735 1412 1810 ἀναγνωσθείσης
1436 1740 1528 1794 τοῦ
1558 1741 1741 1813 βωμοῦ
1771 1745 2005 1816 ἐπιγρα-

434 1819 539 1882 φῆς
566 1819 663 1887 τῆς
714 1819 1195 1897 ἐπιγεγραμμένης
1248 1826 1327 1893 τῷ
1383 1828 1504 1895 Θεῷ
1553 1830 1871 1900 ἀγνώστως
1925 1834 2001 1897 ¹”›

439 2462 686 2530 propheta
704 2466 722 2495 ⁷
768 2482 782 2518 :

430 2579 656 2647 Ιιζρῆτες
670 2581 759 2635 ἀεὶ
777 2581 1056 2650 ψεῦσται,
1076 2587 1233 2641 κακά
1255 2588 1451 2657 θηρία,
1479 2587 1763 2658 γαστέρες
1789 2585 1964 2657 ἀργαί
1979 2600 1992 2615 ’

429 2691 518 2745 ἵνα
545 2691 636 2745 τὸν
657 2693 1005 2767 Ἐπιμενίδην
1028 2696 1176 2773 δείξῃ
1205 2699 1337 2773 (85),
1364 2686 1597 2775 ’ἀρχαῖον
1633 2702 1760 2756 ὄντα
1789 2699 2002 2770 φιλόσο-

431 2798 549 2849 φον,
588 2783 683 2836 καὶ
713 2784 897 2855 Μίθρα
915 2785 1009 2839 τοῦ
1042 2789 1192 2860 παρὰ
1224 2786 1438 2862 Κρησὶν
1474 2790 1690 2846 εἰδώλου
1712 2794 1753 2844 ².
1773 2792 1889 2860 Ἀφ’
1912 2782 2002 2845 οὗ·

430 2889 535 2945 περ
560 2872 653 2928 καὶ
681 2874 1025 2947 Καλλίμαχος
1056 2880 1084 2931 6
1110 2878 1276 2943 Λίϐυς
1302 2880 1402 2952 τὴν
1429 2883 1736 2953 μαρτυρίαν
1763 2883 1843 2945 εἰς
1876 2883 2001 2935 ἑαυ-

429 2966 518 3021 τὸν
549 2969 908 3035 ωνανέτεινε,
941 2972 1148 3042 ψευδῶς
1179 2974 1306 3047 περ)¹
1329 2977 1448 3039 Διὸς
1474 2975 1647 3045 λέγων
1670 2993 1681 3005 ·

429 3145 653 3220 Κρῆτες
671 3146 762 3220 ἀεὶ
794 3148 1072 3220 ψεῦσται.
1109 3148 1217 3220 Kal
1252 3148 1360 3220 ¹γὰρ
1389 3151 1598 3220 τάφον,
1628 3146 1674 3207 ὦ
1694 3150 1830 3213 ἄνα,
1865 3150 1995 3220 σεῖο

429 3170 653 3212 ηρητες
671 3170 762 3201 αει
794 3170 1072 3216 Ψευσται.
1109 3170 1217 3204 nat
1274 3170 1360 3219 ἀρ
1389 3170 1598 3220 sapor,
1628 3170 1674 3207 ω
1694 3170 1830 3213 ara,
1865 3170 1995 3204 σειο

429 3215 652 3286 Κρῆτες
677 3218 1067 3288 ἐτεκτήναντο
1091 3235 1106 3252 ⁸
1139 3219 1219 3274 σὺ
1342 3223 1413 3276 οὐ
1456 3222 1633 3287 θάνες
1649 3238 1663 3252 ο
1722 3221 1862 3362 colat
1881 3219 1998 3344 ἶιὰρ

1044 3316 1048 3323 ·
1787 3307 1877 3345 ate
1908 3331 1922 3345 .

1044 3316 1048 3323 '
1766 3307 1922 3345 Ιαιει.

428 3400 536 3453 Καὶ
562 3402 693 3473 ὁρᾷς
719 3400 836 3466 πῶς
862 3402 1125 3473 διηγεῖται
1156 3403 1284 3476 περὶ
1314 3403 1572 3473 γλωσσῶν
1598 3406 1627 3457 ό
1652 3403 1805 3473 ἅγιος
1837 3404 1998 3456 ’Λπό-

430 3492 609 3555 στολος
627 3509 641 3524 ·
673 3492 850 3548 Ἀλλὰ
866 3494 1017 3549 θέλω
1040 3498 1219 3550 πέντε
1238 3498 1460 3566 λόγους
1482 3497 1551 3550 ἐν
1568 3496 1891 3564 Ἐκκλησία
1917 3494 1998 3561 τῷ

425 3585 528 3637 νοΐ
538 3601 677 3654 μου,
703 3586 949 3641 τουτέστι
976 3587 1064 3642 διὰ
1098 3589 1200 3659 τῆς
1245 3589 1560 3661 ἑρμηνείας,
1583 3589 1809 3659 φράσαι
1826 3607 1840 3622 ο
1867 3588 1943 3653 ὡς
1968 3592 1998 3642 6

428 3676 731 3746 προφήτης,
759 3677 817 3729 ὲν
844 3677 1121 3749 Πνεύματι
1164 3679 1304 3751 ἁγίῳ
1349 3681 1426 3743 εἰς
1458 3681 1551 3733 τὸν
1577 3680 1700 3733 νοῦν
1732 3696 1997 3752 προκεκο-

428 3758 711 3838 ρηγημένα
743 3767 924 3838 φέρων
961 3769 1040 3832 είς
1080 3768 1337 3837 φῶς,,διά
1361 3772 1460 3839 τῆς
1492 3768 1825 3841 προφητείας
1852 3768 1997 3837 ὠφε-

427 3858 510 3911 λεῖ
556 3858 681 3922 τοὺς
718 3858 1033 3923 ἀκούοντας.
1062 3858 1249 3925 Οὕτως
1274 3861 1448 3930 κάγὼ,
1480 3862 1632 3933 φησὶ,
1660 3859 1888 3932 λαλῆσαι
1919 3860 1997 3923 εἰς

427 3947 596 4019 ἀκοὴν
626 3948 723 4018 τῆς
756 3948 1078 4020 Ἐκκλησίας
1111 3950 1204 4003 καὶ
1229 3950 1533 4021 οίκοδομὴν,
1570 3950 1661 4003 καὶ
1689 3948 1763 4020 μὴ
1791 3948 1879 4002 διά
1902 3947 1996 4001 τοῦ

428 4039 641 4107 κόμπου
685 4036 984 4109 Ἑλληνίδος
1014 4056 1074 4092 τε
1108 4041 1202 4093 καὶ
1242 4038 1521 4110 Ἐϐραῖδος
1566 4039 1755 4094 ἑαυτὸν
1796 4038 1998 4092 οἰκοδο-

431 4129 551 4197 μεῖν
576 4129 670 4182 τὸν
693 4128 887 4196 είδότα,
904 4124 1013 4183 οιαὶ
1048 4130 1169 4201 οὐχὶ
1195 4130 1292 4203 τὴν
1317 4129 1662 4203 Ἐκκλησίαν,
1688 4120 1756 4183 δι⁴
1778 4118 1857 4203 ἦς’
1877 4131 1998 4184 ἐπί-

429 4234 619 4272 σταται
647 4217 918 4291 γλώσσης.
945 4220 1017 4273 Σὺ
1044 4219 1101 4273 δὲ
1141 4220 1506 4291 προσέθηκας,
1531 4215 1576 4274 ὦ
1602 4220 1887 4293 Μαρκίων,
1915 4223 1996 4285 τὸ,

428 4306 527 4362 διὰ
549 4308 656 4362 τὸν
679 4310 896 4379 νόμονο
931 4310 1008 4372 ὡς
1036 4309 1130 4363 τοῦ
1160 4311 1483 4364 Ἀποστόλου
1525 4311 1802 4379 λέγοντοςσ
1839 4310 1999 4365 Θέλω

2105 2581 2374 2636 Cretenses
2389 2594 2589 2648 semper
2606 2579 2899 2644 mendaces,
2926 2578 3080 2634 mala:
3097 2572 3293 2647 bestia},
3307 2591 3503 2637 ventres
3518 2581 3674 2651 pigri.

2105 2691 2481 2765 Epimenidem
2512 2699 2749 2747 veterem
2784 2690 3165 2761 philosophum
3199 2691 3537 2763 intelligens,
3575 2690 3677 2747 Mi-

2107 2785 2244 2840 thrae
2287 2782 2570 2853 cujusdam
2617 2781 2758 2852 apud
2796 2781 3086 2839 Cretenses
3130 2783 3260 2838 idoli
3314 2783 3674 2840 sacerdotem.

2106 2873 2185 2928 De
2213 2887 2322 2943 quo
2350 2880 2404 2929 et
2435 2870 2805 2927 Callimachus
2856 2869 3091 2942 Libycus
3124 2880 3284 2943 poeta
3332 2872 3474 2927 idem
3520 2872 3675 2927 testi-

2107 2966 2351 3019 monium
2400 2963 2538 3020 falso
2566 2962 2635 3018 ad
2674 2962 2984 3019 institutum
3025 2978 3185 3019 suum
3226 2964 3520 3028 transtulit,
3550 2979 3672 3019 cum

2106 3053 2180 3111 ita
2215 3055 2282 3112 de
2309 3053 2441 3111 Jove
2456 3054 2655 3111 cecinit
2680 3072 2692 3108 :

2098 3168 2256 3239 Creta
2271 3166 2476 3239 quidem
2502 3168 2716 3239 assidue
2744 3164 2988 3239 mendax.
3016 3163 3123 3220 Rea:
3150 3180 3352 3239 magne,
3381 3164 3675 3239 sepulcrum

2098 3238 2257 3294 Creta
2282 3233 2433 3291 tuum
2459 3237 2751 3304 exstruxit,
2777 3234 2866 3290 sed
2894 3244 2940 3289 te
2968 3251 3108 3289 mors
3144 3233 3294 3288 nulla
3321 3233 3543 3304 subegit.

2173 3413 2333 3468 Vides
2355 3427 2615 3483 quorsum
2635 3411 2724 3467 ille
2742 3410 2810 3467 de
2834 3410 3033 3482 linguis
3052 3410 3293 3481 Apostoli
3316 3423 3497 3465 sermo
3509 3408 3677 3479 perti-

2098 3512 2224 3557 neat
2245 3519 2258 3555 :
2282 3501 2410 3555 Volo
2424 3502 2647 3575 quinque
2660 3516 2738 3554 ver
2750 3499 2815 3554 ba
2827 3501 2885 3553 in
2904 3499 3136 3553 Ecclesia
3153 3516 3308 3554 sensu
3326 3515 3459 3563 meo,
3476 3498 3574 3552 hoc
3593 3505 3676 3552 est

2097 3607 2222 3647 cum
2249 3591 2903 3662 interpretatione,loqui.
2923 3589 3390 3657 Quemadmodum
3416 3589 3676 3660 propheta

2100 3697 2222 3754 quae
2249 3683 2352 3738 sibi
2386 3683 2560 3738 sancti
2585 3682 2826 3753 Spiritus
2854 3682 3036 3737 amatu
3064 3683 3118 3737 in
3146 3682 3389 3735 animum
3423 3680 3673 3735 immissa

2101 3769 2306 3825 fuerint
2343 3768 2400 3822 in
2430 3769 2668 3823 medium
2705 3768 3009 3839 proferens,
3050 3769 3394 3825 auditoribus
3431 3770 3547 3824 suis
3577 3784 3675 3839 per

2098 3859 2438 3931 prophetiam
2479 3860 2624 3914 illam
2658 3860 2817 3915 aﬂert
2857 3861 3167 3923 utilitatem,
3211 3860 3285 3912 ita
3317 3873 3438 3928 ego,
3474 3857 3672 3926 inquit,

2097 3952 2246 4022 lsqui
2292 3952 2373 4007 sic
2401 3951 2586 4021 cupio,
2623 3957 2682 4003 ut
2726 3963 2811 4003 me
2830 3948 3096 4004 .Ecclesia
3134 3949 3315 4003 omnis
3365 3947 3571 4011 audiat,
3618 3954 3673 4000 et

2102 4040 2363 4096 aedificari
2393 4040 2712 4110 possit,non
2742 4047 2802 4094 ut
2826 4038 3027 4094 Grecae.
3052 4045 3145 4091 aut
3171 4036 3451 4092 llebraicae
3480 4039 3675 4108 lingua:

2098 4132 2325 4188 scientia
2357 4131 2535 4185 elatus
2577 4144 2665 4186 me
2702 4145 2893 4194 unum,
2928 4130 3021 4199 qui
3064 4144 3183 4184 eam
3227 4128 3436 4184 scilicet
3471 4128 3675 4182 intelli-

2096 4235 2241 4292 gam,
2271 4234 2381 4275 non
2423 4217 2723 4274 Ecclesiam
2755 4220 2954 4290 ipsam,
2991 4216 3277 4273 :rditlcem.
3312 4215 3394 4271 Tu
3434 4231 3563 4273 vero
3608 4216 3676 4271 ii-

2100 4310 2193 4366 lud
2225 4309 2509 4374 addidisti,
2554 4308 2777 4374 Marcio,
2810 4309 2873 4363 ob
2912 4309 3096 4380 legem,
3127 4309 3286 4379 quasi
3316 4309 3389 4363 ita
3438 4308 3672 4378 scripse-

428 4399 605 4457 πέντε
627 4403 849 4471 λόγους
873 4401 943 4456 ἐν
963 4402 1285 4471 Ἐκκλησία
1323 4401 1422 4456 διὰ
1461 4404 1568 4456 τὸν
1608 4401 1814 4471 νόμον.
1842 4402 1998 4456 Αίδέ-

2106 4403 2174 4457 rit
2197 4401 2532 4469 Apostolus:
2573 4401 2701 4457 Volo
2736 4404 2960 4473 quinque
2997 4401 3150 4457 verba
3176 4402 3233 4455 in
3276 4399 3514 4456 Ecclesia
3549 4415 3675 4468 pro-

430 4490 607 4561 σθητι,
641 4489 894 4544 Βαϐυλὼν
919 4490 1166 4562 δευτέρα,
1197 4491 1289 4545 καὶ
1312 4491 1471 4564 καινὴ
1505 4491 1750 4562 Σοδόμων
1772 4491 2001 4562 πολυμι-

431 4581 688 4646 ξία.⁶⁹Εως
708 4581 836 4634 πότε
862 4581 1128 4652 συνέχεις³
1144 4581 1243 4644 τὰς
1265 4580 1513 4650 γλώσσας
1531 4598 1545 4646 ;
1565 4581 1712 4644 Ἕως
1732 4580 1860 4635 πότε
1880 4581 2000 4635 τολ-

434 4676 540 4744 μᾶς
569 4671 709 4727 κατὰ
749 4673 860 4727 τῶν
906 4673 1010 4727 ὑπὸ
1043 4672 1136 4726 σοῦ
1175 4672 1340 4743 μηδὲν
1380 4671 1774 4742 ἀδικουμένων;
1810 4674 2001 4741 Ζητεῖς

432 4763 853 4836 γὰρ-βιάσασθαι
886 4764 1178 4833 ἁγγελικάς
1202 4763 1477 4834 δυνάμεις,
1508 4762 1749 4817 ἐκϐαλὼν
1770 4763 1896 4826 τοὺς
1915 4761 2002 4816 λό-

430 4873 561 4925 γους
589 4855 687 4925 τῆς
710 4855 965 4926 ἀληθείας
992 4857 1102 4909 ἀπὸ
1144 4855 1244 4927 τῆς
1266 4854 1595 4925 Ἐκκλησίας
1625 4852 1847 4923 φάσκων
1876 4854 2000 4908 Λὼτ

429 4947 508 5018 τῷ
549 4946 714 5018 ἁγίῳ·
753 4946 1033 5016 Ἑξάγαγε
1064 4945 1205 5012 τοὺς
1232 4946 1472 5014 ἄνδρας.
1501 4947 1608 5000 Καὶ
1631 4947 1660 5000 δ
1681 4946 1996 5017 ἐπιχειρεῖς,

430 5038 571 5092 κατά
605 5036 832 5092 σεαυτοῦ
862 5039 1187 5108 ἐπιχειρεῖς
1228 5038 1353 5102 τοὺς
1392 5037 1450 5091 δὲ
1492 5036 1683 5103 λόγους
1722 5037 1822 5107 τῆς
1866 5035 1999 5107 ἀλη-

429 5129 579 5193 θείας
603 5130 703 5183 οὖκ
741 5127 1011 5194 ἐκϐαλεῖς,
1039 5128 1173 5181 ἀλλά
1194 5128 1415 5183 σεαυτὸν
1443 5131 1738 5193 πατάσσεις
1754 5130 1812 5183 ἐν
1831 5131 1999 5202 ἀορα-

429 5222 543 5294 σία,
588 5221 684 5277 καὶ
715 5226 775 5278 ὲν
813 5221 969 5277 νυκτὶ
998 5220 1317 5296 ἑζοςωμένῃ
1349 5222 1574 5292 διάγεις,
1603 5222 1868 5295 ψηλαφῶν
1899 5224 1999 5295 τὴν

2102 4507 2215 4565 pter
2229 4495 2411 4566 legem.
2436 4492 2643 4549 Pudeat
2666 4503 2737 4563 te,
2766 4495 3007 4551 secunda
3029 4494 3289 4565 Babylon,
3316 4507 3379 4548 ac
3406 4492 3675 4548 Sodomo~

2106 4603 2227 4642 rum
2275 4601 2416 4641 nova
2463 4586 2734 4641 confusio.
2786 4586 3083 4656 Quousque
3124 4587 3339 4658 linguas
3372 4586 3506 4642 istas
3545 4572 3676 4639 eon-

2106 4677 2334 4733 fundes?
2364 4675 2660 4747 Quousque
2688 4685 2879 4732 contra
2919 4692 3014 4733 eos
3061 4676 3260 4747 quibus
3299 4690 3495 4732 nocere
3539 4676 3672 4730 nihil

2108 4779 2261 4843 potes
2293 4777 2442 4824 tuam
2472 4769 2731 4823 armabis
2777 4769 3101 4824 audaciam?
3150 4767 3286 4822 Nam
3329 4766 3533 4837 angelis
3563 4768 3672 4822 vim

2106 4859 2316 4916 moliris
2366 4859 2584 4922 afferre,
2618 4866 2673 4913 et
2702 4859 2770 4913 ab
2816 4858 3062 4914 Ecclesia
3112 4858 3358 4913 veritatis
3392 4872 3672 4911 sermones

2102 4951 2404 5019 abjudicas,
2429 4950 2590 5022 363
2623 4948 2781 5018 quasi
2819 4950 2891 5002 ita
2926 4956 3176 5004 sanctum
3212 4946 3314 5001 Lot
3356 4947 3669 5016 alloquare:

2106 5039 2255 5093 Educ
2283 5039 2421 5094 uiros
2446 5039 2589 5094 illos.
2628 5035 2828 5092 Verum
2861 5045 2985 5092 tuus
3017 5035 3069 5089 iu
3104 5045 3155 5091 te
3180 5043 3408 5089 conatus
3434 5030 3669 5096 recidet;

2104 5146 2207 5187 nec
2247 5130 2368 5187 ideo
2399 5131 2645 5187 veritatis
2683 5129 2806 5185 illos
2858 5141 3140 5184 sermones
3179 5127 3357 5197 ejicis,
3403 5124 3499 5181 sed
3540 5122 3671 5177 tibi-

2106 5224 2324 5297 metipsi
2351 5224 2651 5280 caecitatem
2682 5220 2902 5294 inﬂigis,
2934 5228 3096 5291 atque
3126 5220 3180 5275 in
3208 5218 3534 5276 densissima
3570 5230 3669 5271 no.

504 5374 711 5450 ’Forte
736 5368 812 5450 ῶν
837 5374 1181 5450 (Ἑϐραίων).
1219 5404 1233 5416 ο
1274 5375 1312 5407 ³·
1351 5373 1414 5431 F.
1443 5374 1725 5449 ἀγνώστῳ.
1804 5381 1823 5411 ³
1870 5394 1960 5447 πρ.
1994 5396 2001 5428 t

2106 5378 2259 5433 ›λίου.
2339 5380 2361 5412 ³
2405 5376 2463 5432 F.
2499 5378 2740 5450 συγχεῖς.
2800 5377 2821 5410 ⁸
2846 5376 3043 5434 llTim.
3074 5394 3158 5444 ιιι,
3193 5378 3279 5433 i5.
3325 5379 3348 5411 ³
3373 5378 3495 5432 Act.
3535 5392 3666 5433 xvu.

430 5446 519 5501 23.
593 5447 773 5501 'ibid.
847 5445 1186 5511 'Tit.t,12.

502 5581 615 5655 (85)
648 5581 780 5655 _"Ira
816 5582 922 5655 tor
959 5581 1550 5655 Ἐπιμενίδῃνᾲδείξῃ.
1576 5550 1999 5655 Mithrtesacer-

432 5651 613 5724 dotem
648 5651 795 5724 hunc
826 5653 996 5724 tuisse
1025 5651 1225 5724 scribit
1260 5651 1630 5724 Epiphanius,
1664 5653 1810 5724 quod
1851 5655 1994 5723 apud

432 5721 724 5780 Cretenses
748 5723 952 5781 idolum
982 5723 1164 5780 fuerit.
1192 5720 1527 5794 ουσιαι)υά
1554 5720 1719 5779 alium
1744 5741 1853 5781 non
1885 5720 1997 5780 inc-

2105 5582 2237 5637 mini
2278 5581 2455 5650 legere
2481 5619 2495 5643 ,
2528 5595 2705 5649 neque
2739 5595 2948 5650 verum,
2975 5580 3230 5650 arbitror.
3269 5578 3352 5650 De
3394 5579 3672 5650 proverbii

2106 5653 2252 5723 illius
2285 5647 2759 5723 oﬁgiuejiéﬁss;
2799 5651 2885 5705 ἀεὶ
2922 5647 3185 5723 ψεῦσται,
3229 5649 3351 5706 vide
3393 5647 3672 5717 Photium,
3772 5662 3785 5668 ‘

2105 5739 2161 5778 n.
2193 5720 2313 5787 l90,
2346 5735 2467 5793 pag.
2504 5720 2629 5775 249.
