3950 6206
322 259 425 318 795

1756 260 1813 316 S.
1849 258 2192 351 EPlPIlANll

3507 256 3605 313 796

318 381 423 433 etis
453 374 689 448 caligine
717 374 977 439 versaris,
1009 373 1155 431 fores
1178 375 1428 447 palpans,
1462 391 1564 431 nec
1593 377 1902 445 inveniens,

2027 378 2202 450 λύραν,
2238 376 2333 432 καὶ
2382 374 2459 448 μὴ
2506 374 2779 447 εὑρίσκων
2806 373 2913 437 ἕως
2942 370 3200 444 ἀνατείλῃ
3245 373 3273 425 6
3315 369 3492 440 ἥλιος,
3518 371 3608 426 καὶ

327 475 504 529 donec
531 470 614 526 sol
642 476 798 524 ortus
830 467 1017 534 fuerit,
1048 474 1220 538 tuque
1239 466 1438 537 judicii
1472 467 1616 524 diem
1649 469 1909 541 aspicias,

318 564 379 629 ,ιιι
426 578 533 636 quo
572 561 875 621 mendaciis
917 562 1026 617 tuis
1053 559 1250 616 vindex
1278 561 1419 634 ignis
1454 573 1734 618 occurrat.
1775 563 1911 637 Nam

319 656 413 713 hic
444 665 517 720 te,
550 655 630 711 uti
657 653 834 721 vides,
861 659 1163 724 exspectat.
1197 651 1468 709 Caeterum
1501 654 1642 724 apud
1674 655 1910 727 Aposto-

314 750 432 805 lum
464 762 575 803 non
609 747 830 818 legitur,
862 754 1076 817 propter
1105 744 1305 816 legem;
1340 745 1436 802 scd
1471 748 1603 802 illud
1631 763 1663 802 a
1710 755 1765 803 te
1790 763 1914 819 per-

312 854 508 913 peram
541 846 627 896 est
664 838 960 909 adjectum.
986 836 1142 904 Quod
1173 836 1220 892 si
1253 836 1400 892 istud
1428 837 1754 906 addidisset,
1779 855 1914 895 eon-

318 938 646 988 sentaneum
694 931 744 986 ei
791 929 953 997 foret,
999 928 1145 1001 quod
1185 929 1254 984 ab
1297 929 1418 1000 ejus
1460 928 1693 987 Domino
1735 930 1915 987 fuerat

320 1022 563 1078 dictum:
598 1020 720 1077 Non
750 1020 972 1079 venisse
1013 1036 1076 1078 se
1107 1029 1170 1077 ut
1215 1021 1387 1093 legem
1417 1021 1676 1089 solveret,
1725 1020 1824 1078 sed
1856 1028 1915 1077 ut

323 1115 651 1186 arlimpleret
669 1114 710 1170 '.
964 1164 967 1167 γ

397 1205 584 1263 Schol.
617 1207 687 1261 Μ
718 1215 774 1262 et
800 1205 892 1261 32.
936 1204 1006 1263 In
1050 1205 1156 1276 lege
1189 1206 1449 1276 scriptum
1491 1214 1568 1261 est
1599 1221 1619 1260 :
1647 1206 1914 1273 Quoniam

323 1299 377 1353 in
409 1299 531 1354 aliis
562 1298 755 1370 linguis
807 1312 859 1354 et
881 1297 1036 1353 labiis
1059 1298 1183 1355 aliis
1215 1297 1406 1369 loquar
1431 1298 1622 1369 populo
1652 1298 1774 1353 huic
1796 1301 1839 1355 ¹.

398 1479 582 1536 Iteiut.
620 1480 686 1534 l4
730 1477 896 1553 et22.
938 1477 1054 1534 Nisi
1090 1477 1182 1533 illa
1221 1494 1342 1548 quae
1383 1478 1439 1533 in
1489 1480 1608 1553 lege
1653 1488 1912 1550 praedicta

2017 472 2133 544 ἴδῃς
2162 471 2260 542 τὴν
2282 469 2497 541 ἡμέραν
2521 469 2620 539 τῆς
2645 467 2908 539 κρίσεως·
2936 468 2992 521 ἐν
3080 465 3173 520 καὶ
3201 464 3264 518 τὸ
3292 462 3405 533 πῦρ
3433 463 3601 517 ἀπανο

2011 565 2233 637 τήσεται
2264 565 2329 634 τῇ
2373 562 2443 633 σῇ,
2469 558 2824 632 ψευδηγορίᾳ.
2857 557 3029 611 Τοῦτο
3053 557 3164 628 γάρ
3200 572 3260 608 σε
3305 553 3615 624 ἐκδέχεται,

2013 655 2087 718 ὡς
2115 656 2267 726 ὁρᾷς.
2295 650 2434 707 Οῦτε
2468 650 2578 721 γὰρ
2612 652 2791 703 κεῖται
2838 648 2989 720 παρὰ
3028 646 3108 718 τῷ
3137 642 3478 713 Ἀποστόλῳ,
3512 641 3617 695 διὰ

2012 749 2121 804 τὸν
2142 748 2351 818 νόμον,
2383 745 2478 799 καὶ
2509 741 2662 815 παρὰ
2705 741 2788 795 σοὶ
2828 739 2987 794 τοῦτο
3011 739 3427 809 πεποιήτευται.
3467 737 3531 790 EE
3556 735 3616 787 δὲ

2013 841 2107 896 καὶ
2132 839 2317 908 ἔλεγεν
2342 839 2372 891 6
2397 835 2743 901 Ἀπόστολος,
2771 832 2872 889 διὰ
2895 833 3003 886 τὸν
3026 831 3237 902 νόμον,
3268 829 3617 902 συνᾳδόντως

2012 931 2165 1001 ἔλεγε
2191 928 2271 1001 τῷ
2297 927 2492 983 ἑαυτοῦ
2511 924 2721 998 Κυρίῳ·
2746 922 2861 995 Οὐχ
2892 922 2980 977 ἵνα
3007 920 3292 993 καταλύσῃ
3305 920 3398 977 τὸν
3424 919 3620 991 νόμον,

2011 1024 2128 1078 ἀλλ’
2162 1022 2250 1078 ἵνα
2277 1020 2387 1093 πλη
2394 1018 2565 1094 ρὼσῃ.

2084 1208 2143 1263 ιδ’
2174 1208 2269 1262 καὶ
2297 1207 2383 1280 κβ¹
2417 1208 2563 1280 σχόλ.
2602 1208 2708 1265 Ἕν
2728 1207 2810 1274 τῷ
2839 1206 3006 1275 νόμῳ
3020 1203 3366 1276 γέγραπταῖ,
3397 1203 3488 1257 ὅτι
3508 1205 3611 1260 Ἐν

2012 1301 2490 1369 ἑτερογλώσσοις
2513 1342 2528 1367 ,
2582 1300 2679 1354 καὶ
2739 1282 3018 1370 χείλεσιν
3073 1290 3301 1365 ἑτέροις
3356 1295 3618 1363 λαλήσω

2014 1390 2167 1459 πρὸς
2192 1389 2302 1444 τὸν
2328 1390 2485 1445 ,λαόν
2514 1391 2755 1447 τοῦτον.
3432 1393 3438 1397 ’

2087 1480 2147 1535 ιδ’
2182 1483 2274 1536 καὶ
2303 1482 2386 1552 κβ¹
2414 1481 2595 1553 ἐλεγχ.
2638 1480 2702 1535 Ei
2748 1481 2823 1552 μὴ
2867 1479 3155 1551 ἐπλήρωσε
3199 1477 3409 1548 Κύριος
3452 1476 3522 1530 τὰ
3557 1477 3622 1529 ἐν

324 1571 541 1627 fuerant
578 1570 841 1627 Dominus
872 1571 1176 1641 implesset,
1202 1571 1349 1641 quid.
1376 1568 1643 1626 attinebat
1680 1572 1915 1642 Aposto-

2027 1572 2088 1644 τῷ
2137 1572 2288 1643 νόμῳ
2321 1569 2717 1643 προειρημένα,
2750 1569 2833 1633 τίς
2859 1564 2925 1639 ἦν
2959 1568 3116 1639 χρεία
3161 1567 3252 1621 τὸν
3288 1566 3622 1622 Ἀπόστολον

321 1663 434 1719 lum
484 1676 548 1717 ea
588 1675 1043 1725 commemorare,
1072 1675 1195 1730 qua:
1237 1676 1304 1716 ex
1342 1660 1460 1734 lege
1492 1660 1660 1715 veteri
1697 1659 1912 1727 fuerant

1996 1654 2329 1736 ’ὑπομνῆσαι
2360 1662 2427 1717 τὰ
2460 1663 2567 1716 ἀπὸ
2588 1660 2755 1731 νόμου
2786 1662 2843 1714 ὲν
2870 1659 3049 1729 Καινῇ
3081 1656 3328 1730 Διαθήκῃ
3373 1657 3622 1729 πληρούο

322 1753 377 1807 in
426 1751 579 1807 Novo
625 1750 980 1807 Testamento
1020 1750 1296 1822 perfecta?
1337 1750 1813 1817 Quemadmodum
1857 1763 1912 1809 et

2027 1774 2190 1831 μενας
2230 1756 2318 1820 Ὠς
2348 1755 2443 1811 καὶ
2469 1755 2497 1807 6
2532 1753 2726 1826 Σωτὴρ
2754 1752 2980 1817 ἔδειξεν,
3007 1751 3091 1804 ὅτι
3122 1749 3285 1812 αὐτὸς
3330 1744 3400 1820 ἦν
3445 1752 3475 1803 6
3522 1748 3621 1802 καὶ

324 1839 579 1896 Salvator
611 1840 729 1911 ipse
751 1840 1116 1906 demonstrat,
1146 1838 1398 1897 eumdem
1429 1856 1489 1899 sc
1512 1858 1658 1910 esse,
1682 1844 1775 1913 qui
1798 1851 1913 1899 tum

323 1933 381 1988 iu
415 1932 535 2004 lege
572 1932 789 1988 locutus
816 1940 919 1996 est,
950 1932 1009 1987 in
1036 1932 1183 1988 hunc
1204 1933 1425 1989 modum
1468 1934 1859 1993 interminatus
1897 1955 1911 1992 :

325 2021 457 2078 Ideo
492 2023 724 2093 oﬂ‘ensus
758 2022 838 2092 fui
874 2022 1207 2093 generationi
1253 2024 1395 2090 huic,
1433 2033 1485 2079 et
1517 2024 1633 2080 dixi
1653 2040 1673 2079 :
1700 2024 1918 2097 Semper

324 2114 379 2169 Iti
393 2124 577 2190 errant
605 2117 763 2171 corde
784 2115 843 2182 ';
878 2121 932 2171 et
959 2131 973 2169 :
1000 2111 1193 2169 Juravi
1212 2114 1261 2169 si
1286 2114 1581 2170 introibant
1604 2118 1658 2172 in
1688 2119 1917 2190 requiem

323 2225 495 2264 meam
520 2207 564 2264 ⁸.
618 2206 913 2278 Propterea
971 2207 1027 2261 in
1077 2206 1203 2264 aliis
1240 2206 1442 2280 linguis
1495 2208 1805 2265 locuturum
1858 2226 1919 2268 se

324 2316 452 2357 csse
483 2298 852 2368 denuntiavit,
883 2305 943 2353 ut
973 2307 1029 2353 et
1058 2298 1421 2378 locutusest;
1446 2315 1548 2357 nec
1576 2300 1813 2369 ingressi
1841 2302 1918 2357 illi

325 2399 476 2447 sunt.
549 2388 881 2459 Hujusmodi
934 2388 1082 2443 enim
1135 2389 1398 2460 quiddam
1456 2391 1746 2462 discipulis
1800 2394 1918 2450 suis

310 2484 530 2538 dixisse
555 2481 756 2553 legitur
785 2499 798 2533 :
842 2478 998 2539 Vobis
1028 2479 1213 2533 datum
1246 2491 1322 2535 est
1367 2498 1519 2537 nosse
1540 2485 1792 2553 mysteria
1837 2500 1920 2538 re-

323 2574 415 2644 gni
449 2572 582 2638 Dei;
618 2572 727 2626 illis
765 2580 942 2625 autem
989 2571 1045 2625 in
1087 2571 1381 2640 parabolis,
1432 2583 1490 2627 ut
1536 2575 1766 2629 ridentes
1814 2592 1918 2630 non

324 2666 535 2720 videant
555 2665 599 2729 ⁸,
632 2670 740 2720 etc.
791 2662 928 2717 Cum
962 2662 1148 2733 itaque
1198 2663 1251 2717 in
1280 2663 1433 2719 Novo
1467 2664 1821 2722 Testamento
1854 2684 1918 2724 ea

328 2758 533 2828 ubique
567 2757 682 2812 sint
718 2756 962 2827 impleta,
1004 2773 1128 2827 qua:
1158 2756 1214 2811 in
1248 2754 1438 2813 Vetere
1462 2758 1915 2826 continebantur,

325 2850 581 2905 dubitare
629 2864 791 2904 nemo
826 2854 1029 2919 potest,
1063 2849 1197 2919 quin
1246 2847 1492 2918 ejusdem
1529 2849 1694 2905 ambo
1727 2850 1921 2906 Testa-

328 2950 509 2997 menta
548 2940 641 2995 Dei
678 2942 809 3006 siut,
846 2957 955 2995 non
991 2941 1218 2997 alterius
1247 2956 1310 2995 ac
1342 2940 1562 2996 diversi.

398 3032 587 3088 Schol.
641 3033 707 3088 l5
754 3041 808 3088 et
851 3033 943 3090 25.
984 3031 1236 3087 Mulieres
1287 3033 1344 3087 in
1388 3033 1612 3087 ecclesia
1682 3043 1911 3089 taceant.

329 3124 454 3180 Non
497 3125 636 3179 enim
663 3125 987 3194 permittitur
1018 3124 1129 3178 illis
1161 3124 1461 3194 loqui;.sed
1505 3123 1734 3180 subdita:
1783 3127 1913 3192 sint,

325 3218 460 3272 sicut
489 3226 537 3271 et
573 3217 658 3270 lea:
682 3214 811 3268 dicit
830 3215 872 3269 ⁸.

398 3308 583 3364 Refut.
618 3308 685 3364 15
720 3317 775 3364 et
807 3310 898 3364 25.
941 3307 997 3363 Si
1039 3322 1104 3363 ex
1149 3305 1283 3377 legis
1314 3307 1640 3377 praescripto
1682 3306 1917 3364 sanc:is-

325 3400 499 3457 sitnus
527 3399 621 3456 Dei
662 3401 960 3472 Apostolus
997 3398 1254 3455 Ecclesia:
1282 3398 1530 3453 ordinem
1587 3413 1652 3455 ac
1681 3398 1921 3468 discipli-

324 3510 455 3549 nam
488 3495 796 3558 constituit,
842 3510 951 3549 non
985 3494 1089 3549 erit
1118 3493 1206 3548 lex
1236 3492 1449 3550 ordinis
1494 3508 1713 3564 expers,
1749 3507 1779 3548 e
1812 3506 1919 3563 qua

326 3586 575 3641 ordinem
606 3586 903 3657 Apostolus
933 3585 1250 3653 transtulit;
1281 3600 1458 3656 neque
1504 3586 1574 3640 ab
1603 3585 1782 3639 alieno
1810 3583 1918 3639 Deo

328 3680 747 3751 proﬁciscetur,
797 3695 919 3751 qua:
965 3680 1084 3735 viro
1128 3678 1388 3735 feminam
1445 3693 1568 3736 esse
1613 3676 1917 3748 subjectam

327 3772 592 3843 praecipit.
628 3770 742 3829 lloc
777 3772 924 3837 enim
964 3781 1018 3828 et
1049 3772 1317 3844 Apostolo
1362 3773 1420 3827 in
1481 3769 1785 3827 condendis
1816 3768 1920 3824 Ec-

327 3864 511 3921 clesize
543 3863 756 3935 legibus
784 3865 1012 3936 placuit,
1052 3874 1108 3919 ut
1138 3867 1255 3936 ipse
1278 3872 1545 3933 testatur,
1570 3861 1736 3941 364
1764 3861 1918 3918 Sicut

327 3967 376 4012 cl
405 3956 490 4012 lex
513 3956 661 4011 dicit.
699 3956 807 4014 Sed
849 3958 1075 4013 ubinam
1098 3958 1320 4013 demum
1349 3957 1453 4014 ista
1485 3958 1572 4014 lex
1611 3946 1787 4013 dicit?
1824 3954 1921 4011 Ni-

328 4051 527 4105 mirum
571 4064 637 4104 co
672 4049 898 4115 inloco,
938 4049 1033 4105 ubi
1076 4049 1151 4103 ita
1179 4049 1446 4105 Dominus
1482 4047 1644 4102 Evam
1684 4046 1919 4118 alloqui-

326 4151 418 4195 tur
446 4160 459 4197 :
492 4140 575 4196 Ad
608 4141 777 4195 uirum
806 4142 906 4197 erit
952 4143 1221 4197 conversio
1262 4150 1376 4205 tua,
1402 4150 1459 4195 ,ει
1482 4141 1592 4211 ipse
1619 4140 1921 4195 dominabi-

330 4245 418 4287 tur
447 4233 601 4287 tibi'.
653 4231 813 4296 Nam,
862 4231 968 4291 etsi
1008 4233 1287 4303 plerisque
1336 4230 1549 4285 aliisin
1591 4231 1726 4295 locis
1776 4231 1918 4286 idem

331 4325 624 4395 repetitum
666 4322 879 4387 fuerit;
911 4322 1023 4377 illic
1063 4330 1246 4376 tamen
1290 4322 1525 4390 primum
1571 4329 1655 4377 est
1694 4335 1922 4391 usurpa-

1960 1902 1973 1913 ,
2014 1850 2137 1904 τότε
2162 1851 2220 1902 ἐν
2248 1849 2399 1920 νόμῳ
2421 1845 2685 1918 λαλήσας,
2716 1845 2810 1899 καὶ
2840 1843 2982 1898 κατὰ
3016 1840 3249 1912 ἀπειλὴν
3279 1841 3473 1911 ὁρίσας
3520 1840 3623 1894 αὖ·

2014 1942 2127 2004 τοῖς
2149 1939 2324 2006 λέγων
2343 1954 2355 1968 ’
2381 1937 2479 1991 Διό
2507 1936 2919 2007 προσώχθησα
2950 1931 3026 2003 τῇ
3052 1931 3231 2003 γενεᾷ
3263 1932 3478 1999 ταύτῃ,
3517 1930 3623 1985 καὶ

2014 2026 2216 2085 εἷπον·
2235 2026 2353 2083 Ἀεὶ
2393 2023 2740 2082 πλανῶνται
2777 2022 2852 2094 τῇ
2879 2020 3094 2093 καρδίᾳ
3117 2035 3131 2050 ·
3166 2021 3282 2087 καὶ,
3308 2021 3542 2089 Ὠμοσα
3565 2022 3625 2073 εὶ

2015 2110 2469 2187 εὶσελεῦσονται
2510 2120 2600 2185 εὶς
2642 2116 2759 2185 τὴν
2803 2112 3194 2169 κατάπαυσίν
3213 2129 3357 2182 μου.
3397 2110 3494 2164 Διὸ
3524 2110 3624 2166 καὶ

2018 2219 2076 2271 ὲν
2103 2210 2527 2287 ἑτερογλώσσοις
2548 2208 2916 2282 ἐπηγγείλατο
2934 2206 3166 2279 λαλῆσαι
3188 2207 3396 2272 αὐτοῖς,
3419 2206 3499 2271 ὡς
3522 2206 3624 2260 καὶ

2017 2308 2281 2379 ὲλάλησε·
2311 2305 2407 2360 καὶ
2456 2304 2558 2357 οὐκ
2604 2301 2874 2373 εἰσῆλθον.
2913 2299 3086 2354 Τοῦτο
3138 2298 3248 2371 γὰρ
3299 2298 3622 2372 εὑρίσγεται

2018 2398 2195 2468 λέγων
2213 2397 2328 2459 τοῖς
2355 2394 2521 2450 αὐτοῦ
2556 2393 2826 2465 μαθηταῖς
2841 2409 2857 2422 ο
2898 2390 3058 2460 Ὑμῖν
3078 2389 3319 2444 δεδοται
3342 2386 3621 2457 λαλῆσαι

2017 2490 2091 2543 τὰ
2109 2486 2417 2559 μυστήρια
2444 2483 2556 2554 τῆς
2579 2482 2904 2549 βασιλείας
2924 2499 2938 2514 ·
2972 2481 3229 2548 ἐκεινοις
3251 2479 3320 2533 δὲ
3340 2481 3412 2534 ἐν
3434 2492 3614 2548 παρα.

2020 2578 2250 2645 ϐολαῖς,
2279 2578 2381 2632 ἵνα
2403 2575 2743 2642 ,ϐλέποντες
2778 2574 2866 2644 μὴ
2901 2574 3202 2639 βλέπωσι,
3248 2573 3341 2626 καὶ
3368 2573 3438 2626 τὰ
3470 2573 3618 2643 ἑξῆς.

2019 2669 2307 2741 Πανταχοῦ
2341 2668 2523 2722 τοίνυν
2553 2669 2613 2720 ὲν
2649 2670 2713 2738 τῇ
2748 2669 2925 2737 Καινῇ
2953 2666 3023 2718 τὰ
3052 2665 3163 2719 ἀπὸ
3190 2664 3439 2728 Παλαιᾶς
3484 2665 3620 2734 πλη-

2023 2764 2285 2838 ρούμενα,
2319 2760 2478 2815 παντί
2503 2778 2580 2831 τῳ
2609 2759 2778 2828 σαφές
2807 2760 2972 2817 ἐστίν.
3010 2758 3093 2811 ὅτι
3123 2758 3221 2828 οὐχ
3257 2757 3445 2829 ἐτέρου
3485 2756 3624 2811 Θεοῦ

2020 2860 2116 2913 καὶ
2144 2860 2359 2935 ἑτέρου,
2393 2855 2529 2911 ἀλλὰ
2548 2853 2645 2909 τοῦ
2670 2852 2835 2908 αὐτοῦ
2861 2853 2916 2906 αί
2938 2851 3030 2907 δύο
3048 2850 3313 2922 Διαθῆκαι
3337 2850 3622 2904 συνίσταν-

2021 2969 2130 3007 ται.

2093 3051 2154 3098 ιε’
2186 3043 2282 3098 καὶ
2310 3049 2395 3108 κγ’
2425 3040 2576 3113 σχόλ.
2616 3042 2684 3094 ΑΖ
2714 3036 3004 3108 γυναῖκες
3052 3035 3123 3089 ἐν
3180 3033 3490 3102 ἐκκλησίᾳ
3531 3049 3612 3087 σι-

2021 3135 2321 3208 γάτωσαν.
2349 3135 2432 3188 Οὐ
2463 3132 2576 3203 γὰρ
2604 3129 2978 3199 ἐπιτρέπεται
3004 3127 3216 3191 αὑταῖς
3239 3124 3479 3191 λαλεῖν,
3515 3125 3622 3180 ἀλ·

2017 3227 2098 3283 λὰ
2123 3225 2711 3288 ὑποτασσέσθωσαν,
2743 3221 2943 3289 καθὼς
2965 3220 3063 3275 καὶ
3087 3222 3121 3274 ό
3154 3219 3349 3289 νόμος
3380 3217 3572 3288 λέγει.

2093 3329 2153 3375 ιε’
2184 3321 2278 3375 καὶ
2303 3326 2387 3389 κγ’
2424 3318 2604 3388 ἐλεγχ.
2650 3318 2711 3371 El
2742 3315 2886 3371 κατὰ
2924 3314 3017 3368 τὸν
3055 3313 3223 3384 νόμον
3266 3311 3622 3367 διατάσσεται

2019 3416 2049 3468 6
2089 3414 2245 3483 ἅγιος
2277 3412 2373 3466 τοῦ
2421 3409 2557 3465 Θεοῦ
2590 3408 2915 3471 ’Δπόστολος
2954 3405 3052 3478 τὴν
3099 3400 3355 3477 εὐταξίαν
3382 3405 3452 3475 τῇ
3490 3402 3620 3473 ἁγίᾳ

2019 3503 2114 3558 τοῦ
2150 3500 2287 3556 Θεοῦ
2320 3499 2641 3572 Ἐκκλησία,
2669 3499 2769 3552 οὐκ
2796 3497 3033 3560 ἄτακτος
3057 3497 3085 3549 6
3110 3496 3295 3567 νόμος,
3325 3495 3419 3563 ἀφ’
3449 3486 3629 3566 οὗπερ

2020 3595 2119 3666 τὴν
2141 3592 2393 3661 εὐταξίαν
2425 3591 2877 3665 μετακομίζεταιο
2904 3588 3027 3642 οὐδὲ
3053 3587 3335 3658 ἀλλοτρίου
3360 3583 3499 3639 Θεοῦ
3524 3586 3631 3639 ὑπ-

2022 3687 2180 3760 άρχει
2214 3690 2243 3742 6
2271 3686 2456 3758 νόμος,
2486 3685 2584 3757 τὴν
2613 3685 2847 3754 γυναῖκα
2887 3679 3274 3744 καθυποτάξας
3319 3676 3396 3749 τῷ
3443 3676 3626 3750 ἀνδρί.

2021 3777 2355 3851 Συναρέσκει
2397 3777 2505 3849 γὰρ
2538 3776 2631 3831 καὶ
2657 3775 2969 3846 ’Λποστόλῳ
3000 3773 3160 3827 τοῦτο
3189 3772 3246 3825 ἐν
3274 3774 3339 3843 τῇ
3363 3770 3464 3841 τῆς
3497 3769 3630 3824 Ἐκ-

2021 3872 2249 3943 κλησίας
2283 3869 2594 3942 νομοθεσίᾳ,
2622 3869 2698 3933 ὥς
2739 3886 2872 3941 φησι
2898 3884 2912 3898 ο
2959 3865 3166 3932 Καθὼς
3205 3863 3304 3919 καὶ
3354 3866 3387 3917 ό
3438 3864 3631 3933 νόμος

2019 3961 2206 4032 λέγει.
2246 3961 2360 4016 Ποῦ
2409 3961 2468 4016 δὲ
2518 3963 2546 4015 ὁ
2582 3957 2737 4025 εἶπεν
2769 3963 2797 4013 ὁ
2825 3959 3023 4036 νόμος;
3060 3957 3227 4011 Ἀλλὰ
3254 3959 3311 4011 ἐν
3342 3956 3423 4029 τῷ
3448 3958 3630 4011 εἰπεῖν

2022 4053 2113 4119 τὸν
2146 4052 2281 4108 Θεὸν
2312 4054 2451 4126 πρὸς
2473 4052 2571 4124 τὴν
2595 4051 2738 4119 Εὕαν
2758 4050 2922 4115 εὐθύς
2941 4067 2956 4083 ο
2984 4049 3141 4126 Πρὸς
3160 4049 3272 4111 τὸν
3290 4047 3484 4116 ἄνδρα
3506 4063 3632 4104 σου

2022 4146 2060 4212 fi}
2094 4124 2451 4215 ἀποστροφή
2505 4157 2645 4209 σου,
2690 4143 2787 4196 καὶ
2831 4124 3161 4208 αὐτόςδσου
3192 4140 3521 4209 κυριεύσει.
3563 4140 3630 4194 Ei

2022 4234 2132 4309 ’γὰρ
2176 4236 2272 4290 καὶ
2305 4237 2362 4290 ὲν
2388 4234 2567 4299 ἄλλοις
2597 4234 2802 4301 τόποις,
2835 4231 2971 4288 ἀλλὰ
3007 4231 3260 4285 ἐντεῦθεν
3293 4234 3326 4301 ἠ
3359 4232 3529 4304 ἀρχή.
3563 4229 3632 4284 Εἰ

2022 4329 2202 4383 τοίνυν
2235 4329 2342 4383 ἀπὸ
2386 4329 2508 4384 τότε
2553 4331 2585 4399 ἡ
2636 4328 2773 4400 γυνὴ
2826 4327 3075 4398 ὑπετάγη
3108 4328 3171 4379 ἐκ
3197 4324 3631 4395 προστάγματος

331 4423 470 4468 tum.
499 4411 618 4467 iam
646 4426 771 4466 cum
801 4426 869 4466 ex
910 4410 1005 4465 illo
1037 4418 1285 4481 tempore
1313 4410 1574 4480 deinceps
1605 4411 1804 4466 mulier
1833 4411 1916 4466 di-

2030 4420 2167 4475 Θεοῦ
2196 4419 2273 4492 τῷ
2301 4420 2476 4493 ἀνδρὶ,
2504 4420 2598 4473 καὶ
2626 4418 2937 4485 ἀκολούθως
2967 4420 2994 4471 6
3016 4415 3344 4479 ’Λπὸστολος
3379 4413 3633 4467 καθυπο-

329 4503 460 4557 vino
488 4500 748 4557 mandato
777 4500 896 4556 viro
925 4500 1176 4570 subjecta
1205 4514 1329 4556 esse
1359 4500 1613 4570 coeperit,
1654 4508 1710 4557 et
1748 4500 1803 4555 id
1839 4518 1929 4558 se-

330 4601 494 4651 cutus
537 4592 837 4665 Apostolus
878 4592 1127 4650 eamdem
1170 4593 1493 4664 subjecerit,
1533 4608 1636 4649 nec
1674 4593 1752 4649 illi
1794 4592 1926 4662 Deo,

2023 4512 2216 4566 τάσσει
2248 4513 2453 4586 ταύτην
2474 4530 2487 4545 ο
2524 4513 2625 4566 οὐκ
2654 4511 2951 4577 ἀντιθέτως
2981 4509 3061 4581 τῷ
3095 4509 3383 4581 ποιήσαντι
3415 4508 3507 4561 τὸν
3537 4508 3632 4561 ἄν·

2027 4603 2246 4676 θρωπον
2274 4606 2368 4661 καὶ
2396 4596 2494 4678 τὴν
2527 4608 2763 4676 γυναῖκα
2787 4604 2906 4676 Θεῷ
2939 4603 3102 4667 αὐτὸς
3134 4600 3398 4665 κελεύων,
3424 4601 3633 4654 Seium»

328 4689 425 4760 qui
448 4690 622 4745 virum
651 4687 1273 4758 l'emiuamquecondidit
1296 4687 1637 4744 contrarium
1664 4686 1916 4759 quiddam

2030 4712 2115 4749 σιν
2147 4696 2469 4764 ἐξὰπαντος,
2502 4697 2584 4751 ὅτι
2637 4696 2731 4751 τοῦ
2778 4693 2942 4750 αὑτοῦ
2977 4692 3113 4748 Θεοῦ
3142 4693 3380 4765 ὑπάρχει
3409 4693 3438 4745 6
3468 4692 3633 4746 Ἀπό-

330 4773 675 4847 υιωεερενὶι.
736 4773 897 4844 plane
947 4773 1097 4830 istud
1146 4771 1388 4841 indicat,
1442 4772 1690 4845 ejusdem
1740 4789 1800 4828 se
1835 4771 1916 4829 Del

2031 4788 2217 4855 στολος
2238 4788 2533 4862 νομοθέτης
2550 4786 2708 4854 Θεοῦ,
2732 4781 2792 4843 οὗ
2817 4787 2912 4842 καὶ
2937 4788 2965 4839 6
2987 4786 3151 4857 νόμος
3171 4780 3259 4856 ἦν,
3291 4784 3387 4861 καὶ
3409 4785 3445 4854 ἡ
3479 4785 3634 4837 πᾶσα

330 4867 640 4938 apostolum
666 4880 732 4920 ac
759 4865 1129 4937 legislatorem
1163 4880 1308 4929 esse,
1338 4880 1370 4920 a
1404 4879 1514 4936 quo
1554 4864 1638 4920 lex
1669 4864 1787 4935 ipsa
1815 4859 1923 4919 Ve-

328 4967 530 5029 tusque
564 4964 651 5015 est
681 4957 1093 5014 Testamentum
1128 4972 1292 5012 omne
1317 4955 1626 5012 derivatum
1655 4975 1667 5011 :
1698 4955 1787 5012 cui
1810 4955 1923 5011 Νο-

329 5066 460 5106 vum
496 5051 690 5119 etiam,
721 5049 968 5122 adeoque
994 5060 1289 5119 utrumque
1312 5048 1725 5109 Testamentum
1759 5048 1926 5117 tribui

2031 4880 2245 4936 Παλαιὰ
2289 4882 2565 4954 Διαθήκηο
2602 4882 2698 4941 καὶ
2729 4880 2823 4936 τοῦ
2858 4876 3021 4941 αὐτοῦ
3066 4879 3099 4949 ἡ
3135 4875 3314 4949 Καινὴ
3358 4874 3631 4947 Διαθήκη,

2031 4970 2309 5033 τουτέστιν
2344 4974 2401 5027 αἱ
2432 4971 2524 5027 δύο
2551 4972 2839 5039 Διαθῆκαι,
2871 4973 2925 5025 αἱ
2957 4970 3054 5042 τὴν
3089 4971 3323 5038 γυναῖκα
3366 4967 3492 5021 τότε
3535 4967 3632 5023 καὶ

2035 5060 2129 5116 νῦν
2153 5062 2601 5130 καθυποτάξασαι
2633 5060 2712 5134 τῷ
2744 5063 2901 5135 ἀνδρὶ
2932 5061 2998 5115 δι’
3026 5060 3229 5131 εὐσεθῆ
3258 5061 3353 5116 καὶ
3383 5058 3634 5131 ἀντίρρο·

328 5132 601 5211 oporteat,
641 5141 789 5215 quod
824 5141 1132 5207 mulierem,
1163 5149 1223 5194 ut
1267 5139 1419 5203 olim,
1461 5141 1536 5193 ita
1573 5148 1626 5193 et
1670 5153 1815 5193 nunc
1856 5138 1916 5193 ot

2037 5169 2136 5207 πον
2158 5152 2428 5220 εὐταξίαν.

333 5234 479 5302 piam
516 5241 684 5301 atque
713 5231 1037 5302 aequabilem
1078 5231 1514 5287 moderationem
1562 5231 1682 5287 viro
1736 5231 1926 5288 subdi-

330 5336 443 5382 tam
468 5340 595 5383 esse
617 5325 919 5397 praecipiat.

405 5416 588 5473 Schol.
630 5414 699 5469 16
744 5422 799 5469 et
844 5415 937 5470 24.
979 5412 1057 5472 De
1100 5414 1508 5472 resurrectione
1555 5421 1920 5468 mortuorum.

331 5507 537 5564 Notum
568 5517 746 5572 autem
768 5507 909 5563 vobis
944 5507 1107 5578 facio,
1137 5508 1355 5579 fratres,
1388 5506 1757 5576 Evangelium,
1784 5505 1923 5576 quod

408 5630 425 5659 ¹
459 5627 646 5683 Matth.
680 5644 734 5691 ν,
769 5628 853 5681 l7.

337 5698 425 5754 ιι.
505 5699 525 5729 ⁸
566 5697 743 5754 lCor.
781 5712 894 5768 xw,
926 5697 1017 5752 54.
1095 5698 1115 5729 ⁷
1154 5695 1266 5749 Gen
1324 5713 1401 5753 ιιι,
1445 5695 1525 5747 16.

1001 5626 1021 5656 '
1051 5627 1066 5680 l
1102 5624 1230 5679 Cor.
1265 5640 1376 5686 xiv,
1411 5623 1474 5675 Ἦ
1507 5642 1521 5686 ;
1564 5622 1668 5680 lsa.
1709 5636 1900 5690 xxvm,
1942 5622 2029 5678 Η.

2106 5422 2184 5481 ις’
2214 5415 2310 5470 καὶ
2335 5416 2413 5471 κδ’
2446 5416 2595 5488 σχόλ.
2639 5416 2778 5489 Περὶ
2800 5414 3151 5473 ἀναστασεως
3184 5409 3419 5483 νεκρῶν.
3462 5412 3624 5465 Γνω-

2023 5505 2161 5577 ρίζω
2192 5507 2260 5562 δὲ
2296 5508 2460 5575 ὑμῖν,
2490 5509 2768 5577 ἀδελφοὶ,
2803 5508 2868 5562 τὸ
2901 5503 3271 5574 Εὐαγγέλεοῇ
3326 5501 3358 5553 δ
3382 5503 3632 5572 εὐηγγεο

2182 5624 2202 5657 ³
2237 5622 2381 5683 Psal.
2420 5640 2567 5695 τείν,
2602 5624 2672 5678 l0
2806 5623 2825 5654 ’⁵
2862 5620 2995 5678 ibid.
3030 5620 3114 5677 ll.
3217 5622 3238 5655 ³
3262 5621 3455 5681 Matth.
3501 5635 3627 5689 xm,
