3918 6144
344 328 449 389 799

1736 330 1793 389 S.
1838 331 2170 388 EPIPIM‘NII

3485 330 3600 389 εοο

344 458 464 518 est,
497 465 560 504 ac
589 449 917 520 temporaria
950 448 1043 503 illa
1075 447 1385 518 corruptio,
1419 447 1819 519 dissolutioque
1845 451 1915 505 ob

2028 452 2114 521 τὴν
2143 449 2524 519 ἐπενεχθεῖσαν
2555 447 2702 517 αὐτῷ
2727 445 2814 501 διὰ
2831 446 2930 518 τῆς
2955 446 3051 501 τοῦ
3091 447 3260 519 Ἀδὰμ
3284 450 3597 520 παρακοῆς.

343 542 536 596 Adami
584 542 984 597 contumaciam
1032 556 1097 595 ac
1140 540 1321 597 scelus
1355 536 1599 594 inﬂicta?
1626 537 1743 593 lam
1783 555 1914 595 vero

344 633 412 688 de
443 632 639 687 futuris
665 632 793 687 olim
829 632 1124 694 beneﬁciis,
1154 646 1276 701 quae
1306 631 1358 684 in
1387 644 1588 700 corpus
1617 628 1913 683 derivanda

343 732 505 789 sunt,
533 724 849 793 Apostolum
885 723 1062 793 loqui,
1098 738 1166 777 ex
1193 736 1258 776 eo
1281 727 1448 791 patet,
1472 718 1617 789 quod
1648 719 1915 789 pollicita-

342 814 507 869 tionis
556 814 786 869 formula
843 813 899 869 id
958 813 1101 883 quod
1154 810 1329 866 eidem
1390 809 1703 879 contingere
1756 809 1917 863 debet

341 905 693 974 expresserit.
720 902 885 969 Tunc,
904 902 1101 972 inquit,
1121 902 1209 971 ﬁet
1229 916 1420 964 sermo,
1441 898 1532 970 qui
1547 898 1772 964 scriptus
1791 904 1871 949 est
1897 912 1916 948 .'

341 996 607 1063 Absorpta
633 1003 710 1048 est
744 1010 884 1047 mors
937 994 990 1046 in
1032 993 1273 1047 victoria.
1305 990 1514 1057 Quibus
1552 988 1734 1043 verbis
1766 987 1916 1040 futu-

342 1098 454 1136 ram
474 1093 604 1137 tunc
618 1091 958 1136 mortuorum
974 1080 1425 1136 resurrectionem
1445 1074 1918 1148 signiﬁcat.Quan-

341 1174 632 1243 doquidem
693 1189 758 1228 ex
812 1173 993 1242 aliqua
1039 1183 1189 1242 parte
1226 1172 1282 1226 in
1314 1171 1515 1227 Christi
1549 1167 1907 1224 resurrectio-

343 1279 429 1329 ne,
463 1278 760 1333 eorumque
787 1264 879 1333 qui
908 1279 1030 1318 cum
1060 1263 1280 1318 Christo
1306 1268 1434 1317 sunt
1460 1261 1528 1315 ad
1558 1261 1722 1316 vitam
1755 1258 1908 1314 exci-

342 1351 466 1418 tati,
497 1352 750 1422 absorpta
790 1367 937 1408 mors
967 1359 1067 1408 est.
1099 1351 1273 1405 Multa
1299 1351 1437 1405 enim
1464 1357 1768 1406 mactarunt
1795 1363 1911 1401 eor-

338 1457 470 1507 pora
497 1451 870 1510 surrexerunt,
894 1445 1028 1497 utin
1063 1441 1355 1513 Evangelia
1383 1440 1653 1511 proditum
1683 1446 1768 1494 est
1793 1439 1836 1503 ⁸,
1862 1447 1913 1494 et

2022 542 2143 594 Ὅτι
2172 540 2230 594 δὲ
2260 540 2388 613 περὶ
2415 540 2521 594 τῶν
2551 539 2858 611 μελλουσῶν
2886 558 3050 611 φησιν
3091 543 3150 594 ὲν
3181 540 3328 611 αὐτῷ
3349 540 3594 595 τελειοῦ-

2021 628 2144 682 σθαι
2178 630 2536 700 εὐεργεσιῶν,
2571 631 2659 686 διὰ
2710 631 2812 701 τῆς
2843 624 3191 701 ὑποσχέσεως
3236 630 3298 684 τὸ
3348 629 3596 700 πληροῦ-

2020 720 2146 773 σθαί
2174 738 2241 789 με
2263 721 2285 752 ⁸
2323 720 2575 791 σημαίνει
2598 721 2803 791 λέγων*
2836 724 2972 776 Τότε
3003 721 3320 792 Αγενήσεται
3345 724 3380 775 ό
3408 724 3599 790 λόγος

2019 815 2054 866 ό
2080 813 2481 883 γεγραμμένος
2498 829 2511 843 ·
2554 816 2862 882 Κατεπόθη
2907 817 2941 870 ὁ
2972 814 3229 881 θάνατος
3258 817 3346 881 εις
3385 814 3560 881 νῖκος
3575 831 3594 847 ο

2018 905 2106 976 ἵνα
2136 903 2353 975 σημάνῃ
2383 904 2480 973 τὴν
2502 903 2623 958 τότε
2656 905 2954 976 μέλλουσαν
2977 904 3197 959 ἔσεσθαι
3228 903 3437 976 νεκρῶν
3456 902 3599 959 ’ἀνά-

2019 974 2228 1047 στασιν.
2275 974 2491 1064 Ἐπειδὴ
2522 974 2801 1065 κατεπόθη
2831 995 2861 1047 6
2895 994 3125 1058 θάνατος
3154 993 3264 1048 ἀπὸ
3304 974 3466 1065 μξέοου
3500 991 3518 1022 ⁸
3537 994 3598 1047 ὲν

2015 1087 2082 1157 τῇ
2111 1084 2207 1137 τοῦ
2240 1082 2476 1156 Χριστοῦ
2505 1085 2798 1139 ἀναστάσει
2845 1085 2955 1140 τῶν
2995 1087 3093 1141 καὶ⁸
3140 1085 3237 1139 σὺν
3282 1084 3435 1149 αὐτῷ
3461 1083 3593 1139 ἀνα-

2013 1174 2273 1229 στάντων·
2290 1173 2541 1241 Ἀνέστη
2563 1173 2674 1243 γὰρ
2689 1178 2888 1229 πολλά
2904 1174 3146 1244 σώματα
3164 1174 3283 1228 τῶν
3296 1174 3500 1244 ἁγίων,
3518 1175 3597 1239 ὥς

2014 1280 2147 1333 φησι
2173 1266 2233 1317 τὸ
2254 1264 2601 1334 Εὐαγγέλιον,
2628 1267 2727 1319 καὶ
2745 1265 3153 1335 συνεισῆλθογ
3178 1265 3337 1331 αὐτῷ
3361 1268 3449 1330 εὶς
3477 1266 3600 1331 τὴν

2014 1350 2405 1420 ἀγίανπόλιν.
2454 1352 2590 1405 Τότε
2640 1353 2699 1407 δὲ
2738 1355 2817 1417 είς
2864 1356 3012 1417 νῖκος
3058 1354 3451 1418 καταπίνεται,
3503 1354 3627 1407 ὅτε.

2017 1441 2126 1495 ἀπὺ
2158 1440 2374 1496 πάντων
2405 1442 2705 1508 καθολικῶς
2730 1443 3081 1513 ἀφαντοῦται.
3112 1446 3123 1458 ’

338 1552 458 1592 cum
484 1553 544 1591 eo
571 1542 805 1607 ingressa
834 1546 957 1590 sunt
981 1537 1034 1590 in
1070 1544 1311 1589 sanctam
1344 1535 1631 1588 civitatem.
1700 1531 1807 1586 Sed
1869 1538 1983 1585 tum
2022 1533 2345 1590 absorbetur
2390 1535 2448 1589 in
2482 1534 2762 1604 ,victoria,
2800 1551 2926 1591 cum
2964 1538 3033 1591 ab
3071 1536 3328 1593 omnibus
3371 1539 3600 1592 omnino

338 1635 561 1705 depulsa
591 1634 916 1703 corporibus
947 1633 1246 1688 evanescit.

565 1742 732 1814 366
765 1742 848 1798 Ea:
873 1740 1116 1811 Epistola
1147 1740 1209 1794 ΙΙ
1243 1740 1313 1794 ad
1351 1740 1674 1797 Corinthios.

409 1852 562 1908 lianc
620 1852 823 1907 Marcio
863 1852 1076 1907 tertiam
1138 1851 1331 1906 ordine
1383 1851 1706 1914 collocavit,
1754 1849 1917 1920 idque

337 1953 671 2000 commutata
700 1946 861 2001 serie.
890 1944 1022 2011 Quae
1058 1943 1201 1999 enim
1230 1942 1295 1996 ad
1324 1942 1543 1998 Galatas
1577 1942 1777 2012 scripta
1809 1949 1912 2005 est,

337 2054 460 2093 eam
485 2038 663 2110 primo
692 2040 813 2094 loco
845 2038 1047 2110 posuit.

411 2129 594 2185 Schol.
632 2132 657 2185 1
706 2140 760 2186 et
802 2130 893 2186 25.
942 2128 1208 2200 Quotquot
1232 2128 1370 2183 enim
1412 2127 1785 2197 promissiones
1823 2124 1917 2180 Dei

337 2231 458 2277 sunt
496 2223 551 2277 iu
578 2222 675 2278 illo
694 2231 773 2277 est
801 2237 819 2275 :
850 2220 966 2277 ideo
993 2232 1040 2276 et
1074 2238 1167 2291 per
1197 2221 1366 2291 ipsum
1406 2222 1570 2274 Amen
1614 2219 1709 2303 Dei
1741 2220 1785 2273 '.

410 2396 587 2453 Refut.
625 2397 648 2450 l
686 2404 740 2452 et
773 2396 864 2450 25.
896 2396 1055 2466 Aperi
1087 2394 1279 2451 oculos
1307 2404 1359 2451 et
1400 2396 1645 2460 salvare,
1674 2393 1897 2449 Marcio.

337 2490 493 2555 Quod
546 2489 591 2545 si
646 2488 824 2544 facere
882 2488 1027 2543 istud
1077 2488 1240 2541 modo
1289 2503 1396 2541 non
1438 2496 1620 2557 potes,
1669 2503 1734 2542 eo
1773 2488 1916 2557 quod

336 2580 575 2645 obieris,
607 2580 682 2632 illi
723 2579 913 2634 saltem
965 2577 1243 2648 aperiant,
1294 2593 1431 2649 quos
1473 2586 1531 2631 tu
1570 2578 1625 2632 in
1673 2593 1915 2634 errorem

335 2670 598 2740 impulisti
618 2712 635 2736 ,
667 2679 849 2740 teque,
885 2680 944 2725 ut
976 2678 1303 2727 venenatum
1342 2678 1649 2740 serpentem
1672 2710 1687 2732 .
1736 2678 1791 2726 et
1822 2685 1919 2741 ap-

338 2761 828 2831 propinquantibus
859 2762 1084 2816 noxium
1127 2762 1384 2817 devitent.
1423 2761 1555 2815 Nam
1590 2760 1636 2815 si
1665 2771 1917 2832 quotquot

335 2853 703 2921 pramissiones
740 2851 837 2906 Dei
861 2863 1006 2919 sunt,
1056 2853 1110 2906 in
1146 2853 1237 2907 illo
1281 2853 1480 2916 etiam;
1526 2853 1917 2923 promissiones

336 2960 499 3013 porro
530 2942 624 2998 Dei
653 2959 747 2998 eas
776 2944 1068 3013 Apostolus
1103 2943 1373 3014 intelligit,
1404 2959 1526 3015 qua:
1552 2944 1666 3015 lege
1696 2959 1759 2999 ac
1792 2959 1919 3015 pro-

336 3035 512 3104 phetis
546 3036 915 3103 continentur,
958 3038 1227 3106 sequitur,
1261 3038 1423 3093 etiam
1460 3036 1593 3092 illud
1627 3038 1919 3109 implenda-

337 3140 454 3178 rum
501 3126 904 3195 prophetiarum
951 3127 1229 3196 proprium
1271 3126 1325 3180 in
1363 3127 1583 3183 Christo
1627 3128 1921 3183 conﬁrma-

336 3226 449 3269 tum
482 3217 670 3271 fuisse.
704 3215 885 3282 Quare
916 3233 1015 3272 nec
1049 3232 1078 3270 a
1118 3217 1286 3273 veteri
1320 3218 1468 3289 lege,
1505 3234 1607 3274 nec
1629 3235 1657 3273 a
1690 3220 1926 3290 praphe-

337 3304 442 3367 tis,
477 3306 686 3360 alienus
716 3313 799 3359 est
831 3305 1085 3361 Christus
1108 3346 1123 3370 ,
1149 3322 1249 3361 nec
1285 3322 1314 3361 a
1345 3307 1455 3362 Deo
1478 3348 1494 3369 ,
1514 3310 1607 3379 qui
1642 3319 1697 3363 et
1733 3309 1787 3363 in
1811 3310 1927 3379 lege

337 3399 552 3452 locutus
582 3403 699 3462 est,
743 3403 797 3451 et
845 3412 942 3451 sua
990 3397 1044 3450 in
1095 3396 1315 3452 Christo
1361 3401 1631 3468 promissa
1673 3400 1919 3469 perfecit.

358 3487 464 3543 Sed
510 3503 686 3557 neque
720 3486 830 3541 Deo
884 3487 958 3542 illi
1012 3491 1109 3558 qui
1149 3490 1317 3560 legem
1352 3506 1414 3545 ac
1457 3490 1751 3560 prophetas
1776 3491 1925 3546 dedit

338 3578 481 3633 idem
528 3579 617 3633 ille
653 3577 907 3635 Christus
959 3580 1300 3635 adversatur.
1334 3580 1469 3635 Nam
1523 3596 1625 3652 pro
1671 3597 1736 3637 eo
1776 3583 1920 3653 quod

338 3670 489 3725 illius
527 3671 949 3740 pollicitationes
999 3671 1054 3725 in
1090 3671 1207 3741 ipso
1252 3680 1654 3741 repraesentata}
1681 3683 1836 3741 sunt,
1873 3682 1923 3729 et

336 3776 429 3830 per
456 3763 627 3831 ipsum
649 3806 662 3830 ,
682 3763 887 3833 inquit,
914 3762 1077 3819 Amen
1113 3763 1228 3820 Dei.
1259 3763 1402 3821 Deus
1431 3765 1575 3820 enim
1596 3763 1760 3821 Pater
1796 3781 1922 3836 pro-

339 3854 523 3921 misit,
555 3854 810 3912 Christus
859 3872 988 3912 vero
1040 3846 1303 3913 Dominus
1355 3864 1473 3911 rata
1525 3857 1616 3911 illa
1655 3856 1816 3923 fecit,
1866 3867 1916 3913 et

338 3948 513 4003 Amen
544 3949 794 4005 adhibuit
844 3951 951 4006 illis
992 3967 1130 4021 quos
1167 3952 1256 4006 illa
1292 3950 1582 4021 promissio
1625 3950 1916 4006 con‘firma-

338 4039 461 4103 vit;
496 4041 700 4111 quique
746 4040 961 4098 Patrem
1000 4042 1150 4098 illum
1191 4058 1351 4098 suum
1400 4050 1773 4113 agnoverunt,
1825 4043 1918 4114 qui

341 4131 398 4189 in
432 4132 547 4202 lege
586 4132 800 4188 locutus
837 4141 940 4199 est,
971 4149 1033 4188 ac
1072 4133 1420 4189 credentibus
1469 4134 1729 4189 salutaria
1774 4133 1918 4190 dona

343 4226 593 4280 contulit.
624 4225 722 4280 His
750 4225 895 4280 enim
930 4225 1019 4280 ille
1044 4225 1227 4280 verbis
1258 4241 1388 4281 usus
1419 4234 1502 4281 est
1536 4246 1549 4282 :
1578 4226 1695 4292 Ita,
1732 4225 1914 4292 Pater,

342 4318 468 4387 quia
498 4319 575 4371 ita
599 4318 851 4385 placitum
884 4328 960 4371 est
991 4328 1111 4371 ante
1141 4327 1189 4371 te
1218 4318 1258 4372 ³.

417 4564 600 4620 Schol.
632 4565 667 4620 2
690 4573 744 4621 et
773 4564 864 4622 26.
908 4564 1030 4629 Non
1058 4568 1196 4622 enim
1234 4584 1326 4623 nos
1359 4569 1497 4640 ipsos
1530 4571 1880 4639 pra'dicamus
1900 4613 1915 4638 ,

343 4662 432 4715 sed
467 4659 734 4716 Christum
771 4662 988 4730 Jesum,
1029 4681 1124 4720 nos
1162 4665 1302 4734 ipsos
1338 4682 1457 4721 vero
1505 4682 1676 4721 servos
1721 4676 1917 4722 vestros

342 4769 435 4823 per
468 4751 670 4809 Iesum.
703 4753 968 4821 Quoniam
1006 4755 1144 4811 Deus
1176 4758 1264 4827 qui
1300 4758 1435 4813 dixit
1482 4758 1545 4813 de
1588 4758 1809 4813 tenebris
1835 4760 1919 4813 Iu-

342 4859 451 4898 cem
484 4845 838 4913 splendescere
862 4847 904 4900 ⁸.

415 4937 597 4993 Refut.
630 4938 666 4991 2
702 4947 758 4993 et
787 4938 879 4995 26.
912 4938 1031 4996 Non
1075 4939 1319 5010 seipsos,
1370 4941 1466 4996 sed
1513 4939 1698 4997 Jesum
1751 4940 1915 4995 Chri-

345 5040 487 5084 stum
519 5029 805 5086 Dominum
847 5039 1091 5087 nostrum
1122 5032 1421 5102 praedicant
1457 5033 1711 5102 apostoli.
1740 5036 1921 5098 Quare

345 5137 520 5191 neque
544 5130 693 5177 secta
728 5129 814 5179 est
860 5122 1000 5186 ulla,
1036 5139 1211 5194 neque
1257 5122 1502 5179 Ecclesia
1549 5124 1920 5195 apostolorum

346 5211 604 5284 insignita
647 5215 884 5270 nomine.
923 5213 1034 5270 Nec
1068 5229 1309 5285 unquam
1338 5214 1575 5271 Petraeos
1614 5215 1759 5289 ullos
1782 5252 1797 5279 ,
1824 5223 1919 5267 aut

281 5354 303 5376 ,
344 5302 658 5369 Paulianos,
686 5313 781 5360 aut
802 5304 1257 5370 Bartholomaeos,
1282 5312 1377 5361 aut
1410 5303 1671 5360 Taddazos
1707 5303 1920 5358 audivi-

345 5408 496 5458 mus,
549 5394 646 5450 sed
697 5410 807 5450 una
845 5396 959 5464 jam
1017 5404 1130 5452 tum
1180 5397 1338 5452 initio
1388 5395 1492 5451 fuit
1549 5395 1919 5466 apostolorum
1962 5440 1965 5441 ν

343 5485 589 5540 omnium
638 5485 952 5555 praedicatio
985 5505 998 5541 :
1029 5502 1150 5556 quae
1181 5501 1289 5541 non
1331 5487 1594 5556 ipsosmet
1626 5487 1784 5551 illos,
1823 5488 1919 5543 sed

348 5573 506 5643 367
554 5574 841 5630 Dominum
888 5575 1073 5633 Jcsum
1107 5577 1383 5633 Christum
1418 5579 1796 5634 tantummodo
1832 5595 1921 5635 ce-

2229 1698 2365 1786 Ἅπδ
2395 1732 2504 1802 τῆς
2540 1737 2692 1804 πρὸς
2720 1724 3072 1805 Κορινθίους
3100 1739 3399 1808 δευτέρας.

2088 1841 2237 1914 Αῦτη
2266 1843 2325 1897 δὲ
2349 1845 2508 1916 τρίτη
2546 1848 2722 1899 κεῖται
2751 1846 2904 1919 παρὰ
2938 1848 3016 1919 τῷ
3045 1847 3347 1921 Μαρκίωνι.
3370 1852 3600 1925 Μετηλ-

2018 1934 2302 2005 λαγμένως
2330 1935 2408 2000 δὲ,
2435 1936 2524 1991 διὰ
2550 1937 2611 1990 τὸ
2639 1938 2862 2009 πρώτην
2890 1940 3021 2010 παρ’
3045 1940 3193 2012 αὐτῷ
3220 1942 3474 2013 τετάχθαι
3495 1945 3603 2017 τὴν

2023 2025 2158 2097 πρὸς
2187 2026 2453 2091 Γαλάτας.

2086 2126 2136 2172 α’
2166 2120 2259 2173 καὶ
2302 2127 2380 2173 κε’
2414 2120 2559 2191 σχὸλ.
2594 2120 2791 2177 Πᾶσαι
2826 2124 2937 2194 γὰρ
2973 2129 3033 2179 αἱ
3068 2125 3411 2197 ἐπαγγελίαι
3445 2131 3602 2186 Θεοῦ

2016 2211 2090 2264 ἐν
2128 2208 2287 2275 αὐτῷ
2315 2210 2382 2264 τὸ
2415 2212 2519 2265 ναί
2545 2229 2557 2245 ο
2591 2212 2682 2266 διὸ
2720 2215 2817 2268 καὶ
2856 2215 2931 2269 δι’
2956 2215 3151 2271 αὑτοῦ
3187 2217 3251 2271 τὸ
3298 2219 3486 2289 Ἀμὴν
3518 2221 3604 2288 τῷ

2019 2298 2161 2364 Θεῷ.

2089 2396 2138 2442 α’
2170 2390 2264 2442 καὶ
2302 2389 2381 2443 κε’
2421 2391 2601 2462 ἐλεγχ.
2652 2392 2923 2457 Διάνοιξον
2969 2395 3097 2459 τοὺς
3133 2411 3447 2467 οφοαλμους
3502 2417 3607 2453 σου

2020 2482 2113 2535 καὶ
2164 2480 2388 2551 σώθητι,
2422 2476 2468 2536 ῶ
2496 2483 2785 2554 Μαρκίων.
2828 2485 2891 2538 El
2950 2485 3005 2538 δὲ
3042 2488 3107 2540 σὺ
3155 2488 3334 2543 οὖκέτι
3373 2489 3607 2545 δύνασαι

2021 2571 2435 2644 (τετελεύτηκας
2467 2572 2621 2646 γὰρ),
2652 2577 2700 2628 oi
2725 2575 2832 2629 ἀπὸ
2857 2560 2950 2629 σοῦ
2984 2576 3354 2649 ἀπατηθέντες
3382 2582 3606 2646 ἀνοιξάο

2018 2680 2196 2717 τωσαν
2222 2665 2347 2727 τοὺς
2380 2663 2691 2735 ὀφθαλμοὺς
2723 2666 2903 2720 αὐτῶν
2929 2707 2943 2732 ,
2977 2668 3072 2720 καὶ
3120 2668 3440 2737 φυγέτωσαν
3488 2672 3603 2725 ἀπὸ

2021 2752 2117 2808 σοῦ
2143 2794 2157 2819 ,
2187 2754 2263 2818 ὡς
2296 2754 2406 2807 ἀπὸ
2434 2755 2664 2825 ἑρπετοῦ
2692 2756 2885 2820 δεινοῦ,
2921 2757 3016 2811 καὶ
3043 2757 3442 2829 λυμαινομένου
3474 2764 3605 2825 τοὺς

2019 2843 2356 2913 ὲγγίξοντας.
2395 2844 2458 2896 El
2485 2843 2596 2913 γὰρ
2633 2843 2774 2898 ὅσαι
2807 2845 3156 2915 ἐπαγγελίαι
3191 2847 3372 2913 Θεοῦ,
3417 2847 3475 2900 ὲν
3504 2849 3604 2901 αὑ-

2018 2934 2098 3006 τῷ
2141 2934 2204 2988 τὺ
2231 2934 2322 2987 ναὶ
2346 2974 2360 2998 ,
2406 2935 2740 3005 ἐπαγγελίας
2772 2936 2828 2988 δὲ
2866 2935 2999 2989 Θεοῦ
3033 2932 3171 2991 οἶδεν
3198 2940 3227 2991 6
3281 2938 3604 3003 Ἀπόστολος

2021 3027 2109 3080 διὰ
2139 3024 2233 3079 τοῦ
2258 3025 2426 3095 νόμου
2456 3025 2547 3078 καὶ
2577 3025 2683 3078 τῶν
2712 3025 3005 3098 προψητῶν
3024 3043 3038 3057 ο
3066 3028 3172 3099 ἄρα
3197 3044 3262 3097 γε
3293 3029 3351 3081 ἐν
3376 3029 3605 3101 Χριστῷ

2026 3114 2088 3168 τδ
2119 3116 2208 3169 ναὶ
2237 3114 2346 3168 τῶν
2379 3114 2722 3183 ἐπαγγελιῶν
2748 3115 2842 3168 τοῦ
2874 3115 3237 3188 πληρώματος
3265 3117 3599 3173 ὲϐεϐαιοῦτο.

2028 3207 2142 3259 Οὐκ
2174 3205 2452 3278 ἀλλότριος
2483 3204 2576 3259 οὖν
2604 3207 2632 3259 6
2658 3207 2892 3278 Χριστὸς
2929 3208 3022 3261 τοῦ
3056 3209 3284 3263 παλαιοῦ
3311 3210 3475 3281 νόμου
3507 3212 3604 3265 καῖ

2026 3296 2133 3349 τῶν
2168 3297 2488 3368 προφητῶν,
2515 3296 2636 3351 οὐδὲ
2673 3297 2773 3351 τοῦ
2803 3298 2939 3351 Θεοῦ
2961 3297 3053 3352 τοῦ
3085 3298 3416 3370 λαλήσαντος
3440 3304 3497 3356 ἐν
3522 3303 3604 3374 τῷ

2027 3388 2208 3458 νόμῳ,
2241 3388 2335 3441 καὶ
2362 3390 2418 3441 ὲν
2448 3387 2670 3458 Χριστῷ
2697 3388 2794 3452 τὰς
2825 3389 2992 3443 αὑτοῦ
3025 3391 3365 3460 ὲπαγγελίας’
3387 3394 3603 3464 πεπλη-

2027 3475 2284 3547 ρωκότος.
2348 3475 2486 3530 Ἀλλ’
2532 3477 2652 3532 οὐδὲ
2704 3477 2980 3542 ἀντίθετος
3033 3480 3063 3531 6
3097 3480 3331 3551 Χριστὸς
3376 3481 3456 3552 τῷ
3481 3483 3609 3553 Θεῷ

2022 3567 2102 3638 τῷ
2128 3568 2378 3623 δεδωκότι
2405 3569 2566 3640 νόμον
2590 3570 2684 3623 καὶ
2713 3571 3020 3642 προφήτας.
3054 3571 3151 3625 Διὰ
3181 3571 3288 3641 γὰρ
3321 3571 3383 3625 τὸ
3416 3574 3473 3625 ὲν
3500 3575 3602 3626 αὖ·

2023 3661 2102 3733 τῷ
2137 3661 2235 3725 τὰς
2260 3661 2691 3731 ὲπαγγελθείσας
2720 3664 3042 3733 ὑποσχέσεις
3079 3660 3286 3735 (εἶναι)
3330 3665 3603 3732 γίνεσθαι,

2021 3753 2109 3807 διὰ
2141 3752 2299 3807 τοῦτὸ
2322 3770 2482 3822 φησι·
2518 3752 2630 3807 Kal
2656 3752 2731 3806 δι’
2761 3753 2948 3807 αὐτοῦ
2994 3752 3061 3807 τὸ
3104 3752 3285 3822 Ἀμὴν
3320 3751 3399 3818 τῷ
3435 3753 3560 3818 Θεῷ
3586 3771 3600 3784 ·

2021 3845 2157 3899 Θεοῦ
2209 3845 2308 3916 μὲν
2357 3844 2568 3915 Πατρὸς
2601 3845 3072 3915 ἐπαγγειλαμένου
3098 3884 3112 3909 ,
3152 3843 3389 3915 Χριστοῦ
3417 3844 3473 3898 δὲ
3505 3845 3601 3898 τοῦ

2022 3935 2116 3987 καὶ
2149 3932 2512 4000 βεϐαιοῦντος,
2544 3935 2636 3989 καὶ
2669 3934 2876 4005 Κυρίου
2899 3934 2961 3988 τὸ
3007 3934 3176 4004 Ἀμὴν
3209 3936 3601 4005 περιποιουμέ-

2020 4042 2112 4079 νου
2135 4064 2150 4090 ,
2197 4025 2263 4079 δι’
2299 4024 2463 4079 αὐτοῦ
2517 4027 2574 4079 ὲν
2606 4029 2719 4089 τοῖς
2758 4025 2825 4079 δι’
2864 4025 3026 4079 αὐτοῦ
3075 4028 3141 4097 τῇ
3182 4026 3482 4097 ἐπαγγελίᾳ
3513 4026 3602 4096 βε-

2021 4104 2300 4172 ϐαιωθεῖσι
2350 4118 2443 4171 καὶ
2489 4117 2871 4186 ἐπιγνωσθεῖσι
2919 4118 3011 4172 τὸν
3051 4118 3270 4189 Πατέρα
3318 4117 3484 4171 αὑτοῦ
3542 4120 3602 4172 ἐν

2020 4207 2171 4278 νόμῳ
2194 4208 2551 4279 λελαληκότα,
2582 4209 2678 4263 καὶ⁷
2723 4212 2782 4262 ὲν
2809 4190 3124 4278 Εὐάγγελίῳ
3155 4212 3267 4273 τοῖς
3304 4227 3599 4263 πεπιστευ-

2019 4299 2140 4353 κόσι.
2168 4299 2542 4371 δεδωρημένον
2573 4300 2643 4353 τὰ
2680 4301 2924 4372 σωτήρια
2953 4299 3062 4354 τῶν
3099 4300 3364 4368 λεγόντων
3400 4301 3468 4353 δι’
3502 4302 3603 4355 αὺ-

1949 4390 2111 4487 Ι)τοῦ
2162 4392 2412 4461 λέγοντος
2438 4391 2678 4463 Χριστοῦ
2705 4407 2719 4421 ’
2766 4393 2902 4457 Ναί,
2926 4395 2958 4446 ό
3008 4389 3236 4459 πατὴρ,
3277 4388 3368 4443 ὅτι
3412 4391 3602 4457 οὕτως

2021 4481 2257 4553 ἐγένετο
2284 4483 2322 4548 ἡ
2344 4480 2588 4535 εὐδοκία
2609 4480 2867 4535 ἐνώπιόν
2891 4497 3030 4535 σου.

2097 4570 2139 4642 β’
2174 4572 2268 4625 καὶ
2297 4570 2390 4624 κς¹
2429 4570 2576 4640 σχόλ.
2620 4571 2704 4624 Οὐ
2742 4568 2853 4639 γὰρ
2898 4570 3146 4634 ἑαυτοὺς
3191 4571 3600 4638 κηρύσσομεν,

2022 4665 2185 4719 ἀλλὰ
2244 4662 2504 4731 Χριστὸν
2567 4662 2802 4729 Ἰησοῦν
2835 4702 2848 4725 ,
2907 4662 3162 4727 ἑαυτοὺς
3213 4661 3281 4715 δὲ
3340 4660 3605 4726 δούλους

2021 4753 2189 4826 ὑμῶν
2214 4753 2313 4807 διὰ
2353 4752 2580 4821 Ἰησοῦ.
2623 4754 2745 4808 Ὅτι
2776 4753 2912 4820 Θεὸς
2962 4757 2994 4807 ό
3025 4752 3208 4807 εἰπὼν
3231 4754 3300 4807 ὲκ
3339 4754 3603 4817 σκότους

2022 4847 2151 4918 φῶς
2178 4849 2433 4916 λάμψαι.

2096 4941 2141 5011 β’
2166 4943 2260 4996 καὶ
2288 4949 2379 5008 κς⁹
2414 4942 2589 5011 ἕλεγχ.
2626 4937 2699 4993 Οὐ
2736 4938 3100 5008 κηρύσσουσιν
3130 4937 3356 5000 ἑαυτοὺς
3377 4937 3428 4989 oi
3464 4936 3603 4989 ἁπό-

2029 5030 2204 5084 στολοι
2229 5071 2244 5097 ,
2300 5031 2436 5086 ἀλλὰ
2484 5030 2716 5102 Χριστὸν
2753 5028 2959 5101 Ἰησοῦν
2997 5027 3220 5101 Κύριον.
3255 5028 3346 5080 Διὸ
3376 5028 3480 5081 οὐκ
3522 5026 3603 5079 ἔνι

2028 5121 2244 5194 αἵρεσις
2267 5162 2281 5187 ,
2337 5122 2459 5177 οὐδὲ
2514 5121 2809 5191 Ἐκκλησία
2840 5121 2921 5182 εἰς
2956 5120 3125 5189 ὄνομα
3162 5117 3473 5172 ἀποστόλων
3509 5120 3605 5173 ἀν-

2026 5212 2396 5285 ηγορευμένη.
2424 5213 2693 5266 Οὐδέποτε
2721 5209 2829 5282 γὰρ
2849 5209 3162 5281 ἠκούσαμεν
3189 5209 3222 5279 ἢ
3252 5207 3535 5279 Πετρίους,
3568 5206 3602 5277 ἢ

2021 5303 2322 5368 Παυλίους,
2369 5303 2403 5375 ἢ
2458 5302 2896 5375 Βαρθολομαίους
2927 5341 2943 5366 ,
2996 5301 3031 5371 ἢ
3081 5298 3374 5361 Θαδδαίους
3404 5316 3419 5330 ·
3466 5296 3607 5352 ἀλλὰ

2021 5397 2273 5470 ἀπαρχῆς
2303 5396 2361 5450 ἓν
2400 5398 2663 5469 κήρυγμα
2701 5397 2917 5450 πάντων
2949 5395 3061 5449 τῶν
3106 5393 3457 5463 ἀποστόλων,
3504 5394 3606 5446 οὐκ

2023 5489 2220 5551 αὐτοὺς
2246 5487 2539 5560 κηρύσσον,
2574 5488 2713 5541 ἀλλὰ
2734 5487 2968 5559 Χριστὸν
3009 5484 3216 5557 Ἰησοῦν
3247 5485 3476 5557 Κύριον.
3514 5483 3609 5537 Διὸ

2026 5581 2120 5633 καὶ
2146 5581 2315 5652 ὃνομα
2345 5582 2441 5652 τῆς
2479 5579 2804 5650 Ἑκκλησίας
2851 5580 2901 5632 οἱ
2944 5578 3142 5642 πάντες
3181 5577 3363 5632 ἔθεντο
3386 5574 3482 5643 ἓν,
3508 5575 3608 5647 οῦί

428 5726 440 5753 ¹
474 5724 661 5782 Matth.
694 5744 857 5797 xxvn,
895 5731 981 5797 52,
1015 5731 1101 5787 53.
1180 5735 1198 5765 ²
1238 5732 1281 5787 ιι
1310 5733 1435 5789 Cor.
1472 5750 1510 5801 ι,
1535 5734 1624 5790 20.
1702 5734 1729 5765 ‘
1760 5733 1917 5790 Matth

2028 5750 2033 5789 ι
2087 5735 2174 5792 26.
2254 5736 2273 5769 ⁵
2309 5734 2352 5790 ll
2422 5736 2546 5790 Cor.
2586 5751 2668 5803 ιιι,
2703 5735 2752 5791 5.
2832 5736 2850 5767 ⁵
2891 5732 2950 5789 ι’.
2987 5732 3197 5803 μέλλον.
