  <div class='ocr_page' id='page_1' title='image "/cluster/home/n/w/nwhite01/storage/ocr_20150623/41/mdp.39015008169818/422.png"; bbox 0 0 3952 6222; ppageno 0'>
   <div class='ocr_carea' id='block_1_1' title="bbox 1330 73 1430 80">
    <p class='ocr_par' dir='ltr' id='par_1_1' title="bbox 1330 73 1430 80">
     <span class='ocr_line' id='line_1_1' title="bbox 1330 73 1430 80; baseline -0.02 0"><span class='ocrx_word' id='word_1_1' title='bbox 1330 73 1430 80; x_wconf 86' lang='lat'>____—</span> 
     </span>
    </p>
   </div>
   <div class='ocr_carea' id='block_1_2' title="bbox 294 346 387 406">
    <p class='ocr_par' dir='ltr' id='par_1_2' title="bbox 294 346 387 406">
     <span class='ocr_line' id='line_1_2' title="bbox 294 346 387 406; baseline -0.022 0"><span class='ocrx_word' id='word_1_2' title='bbox 294 346 387 406; x_wconf 75' lang='grc'><strong>801</strong></span> 
     </span>
    </p>
   </div>
   <div class='ocr_carea' id='block_1_3' title="bbox 963 336 2902 400">
    <p class='ocr_par' dir='ltr' id='par_1_3' title="bbox 963 336 2902 400">
     <span class='ocr_line' id='line_1_3' title="bbox 963 336 2902 400; baseline -0.003 -1"><span class='ocrx_word' id='word_1_3' title='bbox 963 341 1334 400; x_wconf 71' lang='lat' dir='ltr'><strong>ADVERSUS</strong></span> <span class='ocrx_word' id='word_1_4' title='bbox 1373 341 1714 398; x_wconf 66' lang='lat' dir='ltr'><strong>IlEllESl-JS</strong></span> <span class='ocrx_word' id='word_1_5' title='bbox 1751 340 1880 396; x_wconf 82' lang='lat' dir='ltr'><strong>LIB.</strong></span> <span class='ocrx_word' id='word_1_6' title='bbox 1922 338 1965 395; x_wconf 87' lang='grc'>1.</span> <span class='ocrx_word' id='word_1_7' title='bbox 2006 338 2170 394; x_wconf 76' lang='lat' dir='ltr'><strong>TOM.</strong></span> <span class='ocrx_word' id='word_1_8' title='bbox 2201 337 2287 393; x_wconf 89' lang='lat' dir='ltr'><strong>lll.</strong></span> <span class='ocrx_word' id='word_1_9' title='bbox 2325 370 2390 380; x_wconf 93' lang='lat'><strong><em>—</em></strong></span> <span class='ocrx_word' id='word_1_10' title='bbox 2430 338 2703 394; x_wconf 71' lang='lat' dir='ltr'><strong>HAERES.</strong></span> <span class='ocrx_word' id='word_1_11' title='bbox 2748 336 2902 393; x_wconf 77' lang='lat' dir='ltr'><strong>XLll.</strong></span> 
     </span>
    </p>
   </div>
   <div class='ocr_carea' id='block_1_4' title="bbox 1944 47 2164 63">
    <p class='ocr_par' dir='ltr' id='par_1_4' title="bbox 1944 47 2164 63">
     <span class='ocr_line' id='line_1_4' title="bbox 1944 47 2164 63; baseline -0.014 -3"><span class='ocrx_word' id='word_1_12' title='bbox 1944 56 2001 63; x_wconf 53' lang='grc' dir='ltr'>πμ...</span> <span class='ocrx_word' id='word_1_13' title='bbox 2022 47 2164 59; x_wconf 60' lang='grc' dir='ltr'><strong>,τ-η-...ν--ι</strong></span> 
     </span>
    </p>
   </div>
   <div class='ocr_carea' id='block_1_5' title="bbox 3435 338 3543 394">
    <p class='ocr_par' dir='ltr' id='par_1_5' title="bbox 3435 338 3543 394">
     <span class='ocr_line' id='line_1_5' title="bbox 3435 338 3543 394; baseline 0 0"><span class='ocrx_word' id='word_1_14' title='bbox 3435 338 3543 394; x_wconf 71' lang='grc' dir='ltr'><strong>εοε</strong></span> 
     </span>
    </p>
   </div>
   <div class='ocr_carea' id='block_1_6' title="bbox 292 452 1899 533">
    <p class='ocr_par' dir='ltr' id='par_1_6' title="bbox 292 457 1866 533">
     <span class='ocr_line' id='line_1_6' title="bbox 292 457 1866 533; baseline -0.008 -11"><span class='ocrx_word' id='word_1_15' title='bbox 292 466 541 527; x_wconf 66' lang='grc' dir='ltr'>ἑαυτῶν,</span> <span class='ocrx_word' id='word_1_16' title='bbox 571 463 706 518; x_wconf 83' lang='grc' dir='ltr'><strong>ἀλλά</strong></span> <span class='ocrx_word' id='word_1_17' title='bbox 752 462 849 515; x_wconf 84' lang='grc' dir='ltr'><strong>τοῦ</strong></span> <span class='ocrx_word' id='word_1_18' title='bbox 900 463 1106 533; x_wconf 74' lang='grc' dir='ltr'>Κυρίου</span> <span class='ocrx_word' id='word_1_19' title='bbox 1152 461 1328 515; x_wconf 75' lang='grc' dir='ltr'>αὐτῶν</span> <span class='ocrx_word' id='word_1_20' title='bbox 1388 459 1561 530; x_wconf 83' lang='grc' dir='ltr'>Ἰησοῦ</span> <span class='ocrx_word' id='word_1_21' title='bbox 1609 457 1866 532; x_wconf 85' lang='grc' dir='ltr'>Χριστοῦ,</span> 
     </span>
    </p>
   </div>
   <div class='ocr_carea' id='block_1_7' title="bbox 2006 452 3542 533">
    <p class='ocr_par' dir='ltr' id='par_1_7' title="bbox 2006 452 3542 510">
     <span class='ocr_line' id='line_1_7' title="bbox 2006 452 3542 510; baseline -0.003 -1"><span class='ocrx_word' id='word_1_22' title='bbox 2006 455 2223 510; x_wconf 65' lang='lat' dir='ltr'><strong>ebraret.</strong></span> <span class='ocrx_word' id='word_1_23' title='bbox 2260 453 2342 510; x_wconf 74' lang='grc' dir='ltr'>οι»</span> <span class='ocrx_word' id='word_1_24' title='bbox 2374 453 2427 507; x_wconf 89' lang='lat' dir='ltr'><strong>id</strong></span> <span class='ocrx_word' id='word_1_25' title='bbox 2463 452 2719 507; x_wconf 66' lang='lat' dir='ltr'><strong>Ecclesia:</strong></span> <span class='ocrx_word' id='word_1_26' title='bbox 2761 467 2954 507; x_wconf 85' lang='lat' dir='ltr'><strong>nomen</strong></span> <span class='ocrx_word' id='word_1_27' title='bbox 3005 467 3172 507; x_wconf 90' lang='lat' dir='ltr'><strong>unum</strong></span> <span class='ocrx_word' id='word_1_28' title='bbox 3212 467 3402 508; x_wconf 84' lang='lat' dir='ltr'><strong>omnes</strong></span> <span class='ocrx_word' id='word_1_29' title='bbox 3443 456 3542 507; x_wconf 91' lang='lat' dir='ltr'><strong>im-</strong></span> 
     </span>
    </p>
   </div>
   <div class='ocr_carea' id='block_1_8' title="bbox 292 549 1858 626">
    <p class='ocr_par' dir='ltr' id='par_1_8' title="bbox 292 549 1858 626">
     <span class='ocr_line' id='line_1_8' title="bbox 292 549 1858 626; baseline -0.009 -11"><span class='ocrx_word' id='word_1_30' title='bbox 292 559 401 615; x_wconf 87' lang='grc' dir='ltr'><strong>ἀπὸ</strong></span> <span class='ocrx_word' id='word_1_31' title='bbox 441 555 768 626; x_wconf 69' lang='grc' dir='ltr'>Ἀντιοχείας</span> <span class='ocrx_word' id='word_1_32' title='bbox 821 552 1139 625; x_wconf 80' lang='grc' dir='ltr'><strong>ἀρξαμένων</strong></span> <span class='ocrx_word' id='word_1_33' title='bbox 1171 551 1509 625; x_wconf 79' lang='grc' dir='ltr'><strong>Χριστιανῶν</strong></span> <span class='ocrx_word' id='word_1_34' title='bbox 1554 549 1858 603; x_wconf 81' lang='grc' dir='ltr'>καλεῖσθαι·</span> 
     </span>
    </p>
   </div>
   <div class='ocr_carea' id='block_1_9' title="bbox 293 639 1865 716">
    <p class='ocr_par' dir='ltr' id='par_1_9' title="bbox 293 639 1865 716">
     <span class='ocr_line' id='line_1_9' title="bbox 293 639 1865 716; baseline -0.007 -16"><span class='ocrx_word' id='word_1_35' title='bbox 293 649 429 716; x_wconf 79' lang='grc' dir='ltr'>ὅπερ</span> <span class='ocrx_word' id='word_1_36' title='bbox 456 643 604 697; x_wconf 76' lang='grc' dir='ltr'>ἐστὶν</span> <span class='ocrx_word' id='word_1_37' title='bbox 631 645 664 713; x_wconf 79' lang='grc' dir='ltr'>ἡ</span> <span class='ocrx_word' id='word_1_38' title='bbox 695 642 830 714; x_wconf 84' lang='grc' dir='ltr'>μόνη</span> <span class='ocrx_word' id='word_1_39' title='bbox 857 640 1117 711; x_wconf 78' lang='grc' dir='ltr'>καθολικὴ</span> <span class='ocrx_word' id='word_1_40' title='bbox 1155 639 1446 709; x_wconf 81' lang='grc' dir='ltr'><strong>Ἐκκλησία</strong></span> <span class='ocrx_word' id='word_1_41' title='bbox 1466 678 1481 703; x_wconf 92' lang='grc'><strong>,</strong></span> <span class='ocrx_word' id='word_1_42' title='bbox 1520 640 1619 693; x_wconf 71' lang='grc' dir='ltr'>οὐκ</span> <span class='ocrx_word' id='word_1_43' title='bbox 1661 639 1787 693; x_wconf 82' lang='grc' dir='ltr'>ἄλλο</span> <span class='ocrx_word' id='word_1_44' title='bbox 1812 654 1865 689; x_wconf 88' lang='grc' dir='ltr'><strong>τι</strong></span> 
     </span>
    </p>
   </div>
   <div class='ocr_carea' id='block_1_10' title="bbox 293 725 1863 806">
    <p class='ocr_par' dir='ltr' id='par_1_10' title="bbox 293 725 1863 806">
     <span class='ocr_line' id='line_1_10' title="bbox 293 725 1863 806; baseline -0.006 -16"><span class='ocrx_word' id='word_1_45' title='bbox 293 737 512 806; x_wconf 74' lang='grc' dir='ltr'>ἔχουσα,</span> <span class='ocrx_word' id='word_1_46' title='bbox 548 733 683 787; x_wconf 82' lang='grc' dir='ltr'><strong>ἀλλά</strong></span> <span class='ocrx_word' id='word_1_47' title='bbox 711 731 976 804; x_wconf 84' lang='grc' dir='ltr'><strong>Χριστοῦ,</strong></span> <span class='ocrx_word' id='word_1_48' title='bbox 1012 730 1351 801; x_wconf 83' lang='grc' dir='ltr'><strong>Χριστιανῶν</strong></span> <span class='ocrx_word' id='word_1_49' title='bbox 1376 725 1509 783; x_wconf 78' lang='grc' dir='ltr'>οὖσα</span> <span class='ocrx_word' id='word_1_50' title='bbox 1549 728 1863 800; x_wconf 78' lang='grc' dir='ltr'><strong>Ἐκκλησία,</strong></span> 
     </span>
    </p>
   </div>
   <div class='ocr_carea' id='block_1_11' title="bbox 300 818 1870 895">
    <p class='ocr_par' dir='ltr' id='par_1_11' title="bbox 300 818 1870 895">
     <span class='ocr_line' id='line_1_11' title="bbox 300 818 1870 895; baseline -0.006 -15"><span class='ocrx_word' id='word_1_51' title='bbox 300 828 362 880; x_wconf 81' lang='grc' dir='ltr'>οὐ</span> <span class='ocrx_word' id='word_1_52' title='bbox 392 824 645 895; x_wconf 80' lang='grc' dir='ltr'>Χριστῶν</span> <span class='ocrx_word' id='word_1_53' title='bbox 670 864 685 886; x_wconf 88' lang='grc'><strong>,</strong></span> <span class='ocrx_word' id='word_1_54' title='bbox 744 821 881 877; x_wconf 86' lang='grc' dir='ltr'><strong>ἀλλά</strong></span> <span class='ocrx_word' id='word_1_55' title='bbox 895 820 1233 890; x_wconf 78' lang='grc' dir='ltr'>Χριστιανῶν</span> <span class='ocrx_word' id='word_1_56' title='bbox 1258 837 1273 851; x_wconf 83' lang='grc'><em>’</em></span> <span class='ocrx_word' id='word_1_57' title='bbox 1302 819 1397 872; x_wconf 88' lang='grc' dir='ltr'><strong>τοῦ</strong></span> <span class='ocrx_word' id='word_1_58' title='bbox 1431 821 1527 891; x_wconf 84' lang='grc' dir='ltr'><strong>μὲν</strong></span> <span class='ocrx_word' id='word_1_59' title='bbox 1559 819 1675 882; x_wconf 77' lang='grc' dir='ltr'>ἑνὸς</span> <span class='ocrx_word' id='word_1_60' title='bbox 1705 818 1870 889; x_wconf 84' lang='grc' dir='ltr'>ὑπάρ-</span> 
     </span>
    </p>
   </div>
   <div class='ocr_carea' id='block_1_12' title="bbox 295 908 1865 988">
    <p class='ocr_par' dir='ltr' id='par_1_12' title="bbox 295 908 1865 988">
     <span class='ocr_line' id='line_1_12' title="bbox 295 908 1865 988; baseline -0.006 -18"><span class='ocrx_word' id='word_1_61' title='bbox 295 933 505 988; x_wconf 81' lang='grc' dir='ltr'>χοντος,</span> <span class='ocrx_word' id='word_1_62' title='bbox 532 914 638 967; x_wconf 85' lang='grc' dir='ltr'><strong>τῶν</strong></span> <span class='ocrx_word' id='word_1_63' title='bbox 657 912 714 966; x_wconf 83' lang='grc' dir='ltr'>δὲ</span> <span class='ocrx_word' id='word_1_64' title='bbox 741 912 850 966; x_wconf 85' lang='grc' dir='ltr'><strong>ἀπὸ</strong></span> <span class='ocrx_word' id='word_1_65' title='bbox 874 910 966 964; x_wconf 89' lang='grc' dir='ltr'><strong>τοῦ</strong></span> <span class='ocrx_word' id='word_1_66' title='bbox 992 910 1109 973; x_wconf 83' lang='grc' dir='ltr'>ἐνὸς</span> <span class='ocrx_word' id='word_1_67' title='bbox 1135 909 1473 981; x_wconf 79' lang='grc' dir='ltr'>Χριστιανῶν</span> <span class='ocrx_word' id='word_1_68' title='bbox 1500 908 1865 977; x_wconf 82' lang='grc' dir='ltr'>καλουμένων,</span> 
     </span>
    </p>
   </div>
   <div class='ocr_carea' id='block_1_13' title="bbox 229 998 1871 1074">
    <p class='ocr_par' dir='ltr' id='par_1_13' title="bbox 229 998 1871 1074">
     <span class='ocr_line' id='line_1_13' title="bbox 229 998 1871 1074; baseline -0.007 -12"><span class='ocrx_word' id='word_1_69' title='bbox 229 1056 249 1063; x_wconf 85' lang='grc'><strong>,,</strong></span> <span class='ocrx_word' id='word_1_70' title='bbox 298 1007 454 1061; x_wconf 85' lang='grc' dir='ltr'><strong>Μετὰ</strong></span> <span class='ocrx_word' id='word_1_71' title='bbox 486 1004 689 1074; x_wconf 79' lang='grc' dir='ltr'>ταύτην</span> <span class='ocrx_word' id='word_1_72' title='bbox 724 1002 781 1055; x_wconf 74' lang='grc' dir='ltr'>δὲ</span> <span class='ocrx_word' id='word_1_73' title='bbox 818 1001 1062 1063; x_wconf 73' lang='grc' dir='ltr'>καὶτοὺς</span> <span class='ocrx_word' id='word_1_74' title='bbox 1090 1000 1256 1071; x_wconf 78' lang='grc' dir='ltr'>αὐτῆς</span> <span class='ocrx_word' id='word_1_75' title='bbox 1290 1002 1539 1071; x_wconf 82' lang='grc' dir='ltr'>κήρυκας</span> <span class='ocrx_word' id='word_1_76' title='bbox 1576 1000 1744 1052; x_wconf 78' lang='grc' dir='ltr'>πᾶσαι</span> <span class='ocrx_word' id='word_1_77' title='bbox 1782 998 1871 1051; x_wconf 81' lang='grc' dir='ltr'><strong>οὺ-</strong></span> 
     </span>
    </p>
   </div>
   <div class='ocr_carea' id='block_1_14' title="bbox 300 1088 1873 1163">
    <p class='ocr_par' dir='ltr' id='par_1_14' title="bbox 300 1088 1873 1163">
     <span class='ocr_line' id='line_1_14' title="bbox 300 1088 1873 1163; baseline -0.007 -13"><span class='ocrx_word' id='word_1_78' title='bbox 300 1098 418 1151; x_wconf 81' lang='grc' dir='ltr'>κέτι</span> <span class='ocrx_word' id='word_1_79' title='bbox 447 1095 540 1149; x_wconf 89' lang='grc' dir='ltr'><strong>τοῦ</strong></span> <span class='ocrx_word' id='word_1_80' title='bbox 574 1092 738 1147; x_wconf 83' lang='grc' dir='ltr'>αὐτοῦ</span> <span class='ocrx_word' id='word_1_81' title='bbox 776 1090 1120 1163; x_wconf 79' lang='grc' dir='ltr'>χαρακτῆρος</span> <span class='ocrx_word' id='word_1_82' title='bbox 1144 1091 1466 1161; x_wconf 79' lang='grc' dir='ltr'>φαινόμενςιι</span> <span class='ocrx_word' id='word_1_83' title='bbox 1495 1088 1582 1141; x_wconf 81' lang='grc' dir='ltr'>διὰ</span> <span class='ocrx_word' id='word_1_84' title='bbox 1612 1088 1719 1141; x_wconf 82' lang='grc' dir='ltr'><strong>τῶν</strong></span> <span class='ocrx_word' id='word_1_85' title='bbox 1752 1089 1873 1141; x_wconf 85' lang='grc' dir='ltr'>ὲπι-</span> 
     </span>
    </p>
   </div>
   <div class='ocr_carea' id='block_1_15' title="bbox 301 1178 1874 1255">
    <p class='ocr_par' dir='ltr' id='par_1_15' title="bbox 301 1178 1874 1255">
     <span class='ocr_line' id='line_1_15' title="bbox 301 1178 1874 1255; baseline -0.007 -14"><span class='ocrx_word' id='word_1_86' title='bbox 301 1188 470 1242; x_wconf 77' lang='grc' dir='ltr'>θέτων</span> <span class='ocrx_word' id='word_1_87' title='bbox 512 1185 791 1255; x_wconf 82' lang='grc' dir='ltr'><strong>ὀνομάτων</strong></span> <span class='ocrx_word' id='word_1_88' title='bbox 832 1184 1181 1253; x_wconf 86' lang='grc' dir='ltr'>Μανιχαίων,</span> <span class='ocrx_word' id='word_1_89' title='bbox 1228 1181 1322 1235; x_wconf 76' lang='grc' dir='ltr'><strong>καὶ</strong></span> <span class='ocrx_word' id='word_1_90' title='bbox 1363 1178 1746 1251; x_wconf 84' lang='grc' dir='ltr'>Σιμωνιανῶν,</span> <span class='ocrx_word' id='word_1_91' title='bbox 1780 1178 1874 1232; x_wconf 76' lang='grc' dir='ltr'><strong>καὶ</strong></span> 
     </span>
    </p>
   </div>
   <div class='ocr_carea' id='block_1_16' title="bbox 303 1265 1876 1342">
    <p class='ocr_par' dir='ltr' id='par_1_16' title="bbox 303 1265 1876 1342">
     <span class='ocr_line' id='line_1_16' title="bbox 303 1265 1876 1342; baseline -0.006 -10"><span class='ocrx_word' id='word_1_92' title='bbox 303 1277 667 1333; x_wconf 81' lang='grc' dir='ltr'>Οὐαλεντίνιυν</span> <span class='ocrx_word' id='word_1_93' title='bbox 687 1317 702 1342; x_wconf 92' lang='grc'><strong>,</strong></span> <span class='ocrx_word' id='word_1_94' title='bbox 737 1275 831 1329; x_wconf 78' lang='grc' dir='ltr'>καὶ</span> <span class='ocrx_word' id='word_1_95' title='bbox 880 1273 1206 1327; x_wconf 77' lang='grc' dir='ltr'>Ὲϐιωναίων</span> <span class='ocrx_word' id='word_1_96' title='bbox 1226 1289 1240 1302; x_wconf 88' lang='grc'><strong>·</strong></span> <span class='ocrx_word' id='word_1_97' title='bbox 1277 1265 1350 1327; x_wconf 81' lang='grc' dir='ltr'>ὧν</span> <span class='ocrx_word' id='word_1_98' title='bbox 1378 1266 1459 1335; x_wconf 74' lang='grc' dir='ltr'>εἷς</span> <span class='ocrx_word' id='word_1_99' title='bbox 1484 1271 1576 1324; x_wconf 75' lang='grc' dir='ltr'><strong>καὶ</strong></span> <span class='ocrx_word' id='word_1_100' title='bbox 1601 1271 1685 1336; x_wconf 78' lang='grc' dir='ltr'><strong>σὺ,</strong></span> <span class='ocrx_word' id='word_1_101' title='bbox 1718 1270 1876 1340; x_wconf 83' lang='grc' dir='ltr'>Μαρ-</span> 
     </span>
    </p>
   </div>
   <div class='ocr_carea' id='block_1_17' title="bbox 304 1358 1874 1435">
    <p class='ocr_par' dir='ltr' id='par_1_17' title="bbox 304 1358 1874 1435">
     <span class='ocr_line' id='line_1_17' title="bbox 304 1358 1874 1435; baseline -0.006 -16"><span class='ocrx_word' id='word_1_102' title='bbox 304 1366 457 1432; x_wconf 87' lang='grc' dir='ltr'>κίων,</span> <span class='ocrx_word' id='word_1_103' title='bbox 488 1363 772 1435; x_wconf 83' lang='grc' dir='ltr'>ὑπάρχεις.</span> <span class='ocrx_word' id='word_1_104' title='bbox 806 1362 913 1416; x_wconf 85' lang='grc' dir='ltr'><strong>Καί</strong></span> <span class='ocrx_word' id='word_1_105' title='bbox 962 1379 1056 1415; x_wconf 87' lang='grc' dir='ltr'><strong>σου</strong></span> <span class='ocrx_word' id='word_1_106' title='bbox 1088 1361 1149 1414; x_wconf 89' lang='grc' dir='ltr'><strong>τὸ</strong></span> <span class='ocrx_word' id='word_1_107' title='bbox 1192 1360 1362 1431; x_wconf 75' lang='grc' dir='ltr'>ὄνομα</span> <span class='ocrx_word' id='word_1_108' title='bbox 1412 1359 1796 1428; x_wconf 79' lang='grc' dir='ltr'>ἐπικέκληνται</span> <span class='ocrx_word' id='word_1_109' title='bbox 1825 1358 1874 1409; x_wconf 85' lang='grc' dir='ltr'>οἱ</span> 
     </span>
    </p>
   </div>
   <div class='ocr_carea' id='block_1_18' title="bbox 305 1447 1879 1523">
    <p class='ocr_par' dir='ltr' id='par_1_18' title="bbox 305 1447 1879 1523">
     <span class='ocr_line' id='line_1_18' title="bbox 305 1447 1879 1523; baseline -0.006 -14"><span class='ocrx_word' id='word_1_110' title='bbox 305 1456 411 1510; x_wconf 76' lang='grc' dir='ltr'><strong>ὑπὸ</strong></span> <span class='ocrx_word' id='word_1_111' title='bbox 461 1454 554 1507; x_wconf 91' lang='grc' dir='ltr'><strong>σοῦ</strong></span> <span class='ocrx_word' id='word_1_112' title='bbox 590 1451 967 1523; x_wconf 76' lang='grc' dir='ltr'>ἠπατημένοι,</span> <span class='ocrx_word' id='word_1_113' title='bbox 996 1450 1070 1514; x_wconf 87' lang='grc' dir='ltr'>ὠς</span> <span class='ocrx_word' id='word_1_114' title='bbox 1119 1450 1341 1503; x_wconf 87' lang='grc' dir='ltr'>σεαυτὸν</span> <span class='ocrx_word' id='word_1_115' title='bbox 1374 1448 1743 1520; x_wconf 79' lang='grc' dir='ltr'>κηρύξαντος,</span> <span class='ocrx_word' id='word_1_116' title='bbox 1786 1447 1879 1501; x_wconf 74' lang='grc' dir='ltr'>καὶ</span> 
     </span>
    </p>
   </div>
   <div class='ocr_carea' id='block_1_19' title="bbox 306 1538 1879 1618">
    <p class='ocr_par' dir='ltr' id='par_1_19' title="bbox 306 1538 1879 1618">
     <span class='ocr_line' id='line_1_19' title="bbox 306 1538 1879 1618; baseline -0.006 -18"><span class='ocrx_word' id='word_1_117' title='bbox 306 1546 425 1618; x_wconf 76' lang='grc' dir='ltr'>οὐχὶ</span> <span class='ocrx_word' id='word_1_118' title='bbox 458 1545 711 1617; x_wconf 82' lang='grc' dir='ltr'>Χριστόν.</span> <span class='ocrx_word' id='word_1_119' title='bbox 746 1539 882 1596; x_wconf 83' lang='grc' dir='ltr'>Εἶτά</span> <span class='ocrx_word' id='word_1_120' title='bbox 900 1559 1096 1612; x_wconf 82' lang='grc' dir='ltr'>φασιν,</span> <span class='ocrx_word' id='word_1_121' title='bbox 1131 1542 1213 1595; x_wconf 87' lang='grc' dir='ltr'>ὃτι</span> <span class='ocrx_word' id='word_1_122' title='bbox 1250 1541 1306 1592; x_wconf 91' lang='lat'><strong>&#39;0</strong></span> <span class='ocrx_word' id='word_1_123' title='bbox 1347 1540 1490 1606; x_wconf 80' lang='grc' dir='ltr'>Θεὸς</span> <span class='ocrx_word' id='word_1_124' title='bbox 1522 1542 1554 1592; x_wconf 82' lang='grc' dir='ltr'><em>ὀ</em></span> <span class='ocrx_word' id='word_1_125' title='bbox 1591 1538 1775 1591; x_wconf 83' lang='grc' dir='ltr'>εἰπὼν</span> <span class='ocrx_word' id='word_1_126' title='bbox 1811 1539 1879 1591; x_wconf 82' lang='grc' dir='ltr'>ἐκ</span> 
     </span>
    </p>
   </div>
   <div class='ocr_carea' id='block_1_20' title="bbox 308 1626 1880 1705">
    <p class='ocr_par' dir='ltr' id='par_1_20' title="bbox 308 1626 1880 1705">
     <span class='ocr_line' id='line_1_20' title="bbox 308 1626 1880 1705; baseline -0.007 -12"><span class='ocrx_word' id='word_1_127' title='bbox 308 1641 568 1703; x_wconf 82' lang='grc' dir='ltr'>σκότους</span> <span class='ocrx_word' id='word_1_128' title='bbox 600 1635 726 1705; x_wconf 72' lang='grc' dir='ltr'>φῶς</span> <span class='ocrx_word' id='word_1_129' title='bbox 752 1635 1003 1704; x_wconf 72' lang='grc' dir='ltr'>λάμψαι.</span> <span class='ocrx_word' id='word_1_130' title='bbox 1052 1634 1110 1685; x_wconf 88' lang='lat'><strong>&#39;0</strong></span> <span class='ocrx_word' id='word_1_131' title='bbox 1135 1632 1266 1695; x_wconf 84' lang='grc' dir='ltr'>Θεὸς</span> <span class='ocrx_word' id='word_1_132' title='bbox 1300 1631 1357 1685; x_wconf 81' lang='grc' dir='ltr'><strong>δὲ</strong></span> <span class='ocrx_word' id='word_1_133' title='bbox 1399 1633 1548 1695; x_wconf 85' lang='grc' dir='ltr'>ποῖος</span> <span class='ocrx_word' id='word_1_134' title='bbox 1585 1630 1698 1684; x_wconf 83' lang='grc' dir='ltr'>ἀλλ’</span> <span class='ocrx_word' id='word_1_135' title='bbox 1740 1631 1768 1683; x_wconf 89' lang='grc' dir='ltr'><strong>ό</strong></span> <span class='ocrx_word' id='word_1_136' title='bbox 1800 1626 1880 1693; x_wconf 71' lang='grc' dir='ltr'>εἷς</span> 
     </span>
    </p>
   </div>
   <div class='ocr_carea' id='block_1_21' title="bbox 309 1723 1881 1800">
    <p class='ocr_par' dir='ltr' id='par_1_21' title="bbox 309 1723 1881 1800">
     <span class='ocr_line' id='line_1_21' title="bbox 309 1723 1881 1800; baseline -0.005 -16"><span class='ocrx_word' id='word_1_137' title='bbox 309 1734 338 1785; x_wconf 82' lang='grc' dir='ltr'>ὁ</span> <span class='ocrx_word' id='word_1_138' title='bbox 376 1732 436 1783; x_wconf 87' lang='grc' dir='ltr'>ὲν</span> <span class='ocrx_word' id='word_1_139' title='bbox 462 1728 537 1800; x_wconf 80' lang='grc' dir='ltr'>τῷ</span> <span class='ocrx_word' id='word_1_140' title='bbox 566 1729 818 1799; x_wconf 79' lang='grc' dir='ltr'>προφήτῃ</span> <span class='ocrx_word' id='word_1_141' title='bbox 845 1726 1027 1794; x_wconf 79' lang='grc' dir='ltr'>δείξας</span> <span class='ocrx_word' id='word_1_142' title='bbox 1066 1727 1131 1779; x_wconf 84' lang='grc' dir='ltr'>ὲκ</span> <span class='ocrx_word' id='word_1_143' title='bbox 1174 1724 1395 1787; x_wconf 82' lang='grc' dir='ltr'>σκότους</span> <span class='ocrx_word' id='word_1_144' title='bbox 1436 1723 1581 1793; x_wconf 84' lang='grc' dir='ltr'>φῶς,</span> <span class='ocrx_word' id='word_1_145' title='bbox 1608 1724 1881 1777; x_wconf 77' lang='grc' dir='ltr'>τουτέστιν</span> 
     </span>
    </p>
   </div>
   <div class='ocr_carea' id='block_1_22' title="bbox 1972 542 3544 621">
    <p class='ocr_par' dir='ltr' id='par_1_22' title="bbox 1972 542 3544 621">
     <span class='ocr_line' id='line_1_22' title="bbox 1972 542 3544 621; baseline -0.002 -20"><span class='ocrx_word' id='word_1_146' title='bbox 1972 552 2305 615; x_wconf 89' lang='lat' dir='ltr'><strong>posuerunt,</strong></span> <span class='ocrx_word' id='word_1_147' title='bbox 2324 559 2434 598; x_wconf 86' lang='lat' dir='ltr'><strong>non</strong></span> <span class='ocrx_word' id='word_1_148' title='bbox 2473 559 2633 598; x_wconf 88' lang='lat' dir='ltr'><strong>suum</strong></span> <span class='ocrx_word' id='word_1_149' title='bbox 2664 544 2869 621; x_wconf 79' lang='lat' dir='ltr'><strong>utique.</strong></span> <span class='ocrx_word' id='word_1_150' title='bbox 2897 542 2989 597; x_wconf 91' lang='lat' dir='ltr'><strong>sed</strong></span> <span class='ocrx_word' id='word_1_151' title='bbox 3013 543 3213 599; x_wconf 91' lang='lat' dir='ltr'><strong>Christi</strong></span> <span class='ocrx_word' id='word_1_152' title='bbox 3235 542 3385 608; x_wconf 81' lang='lat' dir='ltr'><strong>Jesu,</strong></span> <span class='ocrx_word' id='word_1_153' title='bbox 3415 558 3544 598; x_wconf 88' lang='lat' dir='ltr'><strong>cum</strong></span> 
     </span>
    </p>
   </div>
   <div class='ocr_carea' id='block_1_23' title="bbox 1972 636 3542 707">
    <p class='ocr_par' dir='ltr' id='par_1_23' title="bbox 1972 636 3542 707">
     <span class='ocr_line' id='line_1_23' title="bbox 1972 636 3542 707; baseline -0.002 -16"><span class='ocrx_word' id='word_1_154' title='bbox 1972 638 2272 693; x_wconf 73' lang='lat' dir='ltr'><strong>Antiochia:</strong></span> <span class='ocrx_word' id='word_1_155' title='bbox 2313 637 2548 707; x_wconf 89' lang='lat' dir='ltr'><strong>primum</strong></span> <span class='ocrx_word' id='word_1_156' title='bbox 2584 637 2842 705; x_wconf 87' lang='lat' dir='ltr'><strong>appellari</strong></span> <span class='ocrx_word' id='word_1_157' title='bbox 2895 636 3190 689; x_wconf 70' lang='lat' dir='ltr'><strong>Christiani</strong></span> <span class='ocrx_word' id='word_1_158' title='bbox 3240 648 3542 705; x_wconf 64' lang='lat' dir='ltr'><strong>creperum.</strong></span> 
     </span>
    </p>
   </div>
   <div class='ocr_carea' id='block_1_24' title="bbox 1973 725 3545 797">
    <p class='ocr_par' dir='ltr' id='par_1_24' title="bbox 1973 725 3545 797">
     <span class='ocr_line' id='line_1_24' title="bbox 1973 725 3545 797; baseline -0.001 -16"><span class='ocrx_word' id='word_1_159' title='bbox 1973 729 2127 795; x_wconf 86' lang='lat' dir='ltr'><strong>Quod</strong></span> <span class='ocrx_word' id='word_1_160' title='bbox 2162 728 2378 797; x_wconf 84' lang='lat' dir='ltr'><strong>quidem</strong></span> <span class='ocrx_word' id='word_1_161' title='bbox 2410 727 2584 782; x_wconf 91' lang='lat' dir='ltr'><strong>solam</strong></span> <span class='ocrx_word' id='word_1_162' title='bbox 2610 726 2677 779; x_wconf 87' lang='lat' dir='ltr'><strong>ad</strong></span> <span class='ocrx_word' id='word_1_163' title='bbox 2716 726 3037 780; x_wconf 78' lang='lat' dir='ltr'><strong>catholicam</strong></span> <span class='ocrx_word' id='word_1_164' title='bbox 3085 725 3380 781; x_wconf 82' lang='lat' dir='ltr'><strong>Ecelesiam</strong></span> <span class='ocrx_word' id='word_1_165' title='bbox 3411 742 3545 780; x_wconf 78' lang='lat' dir='ltr'><strong>con-</strong></span> 
     </span>
    </p>
   </div>
   <div class='ocr_carea' id='block_1_25' title="bbox 1976 816 3551 890">
    <p class='ocr_par' dir='ltr' id='par_1_25' title="bbox 1976 816 3551 890">
     <span class='ocr_line' id='line_1_25' title="bbox 1976 816 3551 890; baseline -0.002 -16"><span class='ocrx_word' id='word_1_166' title='bbox 1976 821 2121 876; x_wconf 90' lang='lat' dir='ltr'><strong>venit</strong></span> <span class='ocrx_word' id='word_1_167' title='bbox 2147 860 2161 883; x_wconf 85' lang='lat'><strong>,</strong></span> <span class='ocrx_word' id='word_1_168' title='bbox 2189 835 2309 890; x_wconf 76' lang='lat' dir='ltr'><strong>qua:</strong></span> <span class='ocrx_word' id='word_1_169' title='bbox 2342 819 2489 872; x_wconf 91' lang='lat' dir='ltr'><strong>nullo</strong></span> <span class='ocrx_word' id='word_1_170' title='bbox 2514 818 2621 872; x_wconf 86' lang='lat' dir='ltr'><strong>alio</strong></span> <span class='ocrx_word' id='word_1_171' title='bbox 2652 832 2813 888; x_wconf 88' lang='lat' dir='ltr'><strong>quam</strong></span> <span class='ocrx_word' id='word_1_172' title='bbox 2840 816 3040 871; x_wconf 83' lang='lat' dir='ltr'><strong>Christi</strong></span> <span class='ocrx_word' id='word_1_173' title='bbox 3073 819 3292 872; x_wconf 84' lang='lat' dir='ltr'><strong>nomine</strong></span> <span class='ocrx_word' id='word_1_174' title='bbox 3321 818 3551 887; x_wconf 69' lang='lat' dir='ltr'><strong>praedito</strong></span> 
     </span>
    </p>
   </div>
   <div class='ocr_carea' id='block_1_26' title="bbox 1975 905 3547 973">
    <p class='ocr_par' dir='ltr' id='par_1_26' title="bbox 1975 905 3547 973">
     <span class='ocr_line' id='line_1_26' title="bbox 1975 905 3547 973; baseline -0.006 -6"><span class='ocrx_word' id='word_1_175' title='bbox 1975 912 2416 967; x_wconf 87' lang='lat' dir='ltr'><strong>Christianorum</strong></span> <span class='ocrx_word' id='word_1_176' title='bbox 2452 908 2726 973; x_wconf 84' lang='lat' dir='ltr'><strong>Ecclesia,</strong></span> <span class='ocrx_word' id='word_1_177' title='bbox 2756 922 2863 961; x_wconf 88' lang='lat' dir='ltr'><strong>non</strong></span> <span class='ocrx_word' id='word_1_178' title='bbox 2892 905 3237 961; x_wconf 88' lang='lat' dir='ltr'><strong>Christorum</strong></span> <span class='ocrx_word' id='word_1_179' title='bbox 3260 947 3275 972; x_wconf 91' lang='lat'><strong>,</strong></span> <span class='ocrx_word' id='word_1_180' title='bbox 3305 907 3505 961; x_wconf 88' lang='lat' dir='ltr'><strong>dicitur</strong></span> <span class='ocrx_word' id='word_1_181' title='bbox 3533 922 3547 958; x_wconf 89' lang='lat'><strong>:</strong></span> 
     </span>
    </p>
   </div>
   <div class='ocr_carea' id='block_1_27' title="bbox 1977 999 3553 1068">
    <p class='ocr_par' dir='ltr' id='par_1_27' title="bbox 1977 999 3553 1068">
     <span class='ocr_line' id='line_1_27' title="bbox 1977 999 3553 1068; baseline -0.004 -10"><span class='ocrx_word' id='word_1_182' title='bbox 1977 1001 2112 1058; x_wconf 86' lang='lat' dir='ltr'><strong>adeo</strong></span> <span class='ocrx_word' id='word_1_183' title='bbox 2159 1010 2217 1057; x_wconf 90' lang='lat' dir='ltr'><strong>ut</strong></span> <span class='ocrx_word' id='word_1_184' title='bbox 2272 1016 2393 1056; x_wconf 87' lang='lat' dir='ltr'><strong>eum</strong></span> <span class='ocrx_word' id='word_1_185' title='bbox 2432 1016 2575 1056; x_wconf 89' lang='lat' dir='ltr'><strong>unus</strong></span> <span class='ocrx_word' id='word_1_186' title='bbox 2627 1000 2718 1056; x_wconf 89' lang='lat' dir='ltr'><strong>ille</strong></span> <span class='ocrx_word' id='word_1_187' title='bbox 2754 999 2857 1062; x_wconf 89' lang='lat' dir='ltr'><strong>sit,</strong></span> <span class='ocrx_word' id='word_1_188' title='bbox 2909 999 3093 1068; x_wconf 88' lang='lat' dir='ltr'><strong>plures</strong></span> <span class='ocrx_word' id='word_1_189' title='bbox 3143 1008 3322 1053; x_wconf 89' lang='lat' dir='ltr'><strong>tamen</strong></span> <span class='ocrx_word' id='word_1_190' title='bbox 3371 999 3439 1052; x_wconf 89' lang='lat' dir='ltr'><strong>ab</strong></span> <span class='ocrx_word' id='word_1_191' title='bbox 3487 1014 3553 1053; x_wconf 90' lang='lat' dir='ltr'><strong>eo</strong></span> 
     </span>
    </p>
   </div>
   <div class='ocr_carea' id='block_1_28' title="bbox 1978 1084 3556 1156">
    <p class='ocr_par' dir='ltr' id='par_1_28' title="bbox 1978 1084 3556 1156">
     <span class='ocr_line' id='line_1_28' title="bbox 1978 1084 3556 1156; baseline -0.005 -11"><span class='ocrx_word' id='word_1_192' title='bbox 1978 1089 2273 1145; x_wconf 85' lang='lat' dir='ltr'><strong>Christiani</strong></span> <span class='ocrx_word' id='word_1_193' title='bbox 2323 1088 2694 1143; x_wconf 83' lang='lat' dir='ltr'><strong>nominentur.</strong></span> <span class='ocrx_word' id='word_1_194' title='bbox 2744 1087 2825 1141; x_wconf 87' lang='lat' dir='ltr'><strong>Ab</strong></span> <span class='ocrx_word' id='word_1_195' title='bbox 2884 1084 3272 1155; x_wconf 83' lang='lat' dir='ltr'><strong>bac_Ecclesia</strong></span> <span class='ocrx_word' id='word_1_196' title='bbox 3328 1086 3556 1156; x_wconf 83' lang='lat' dir='ltr'><strong>ejusque</strong></span> 
     </span>
    </p>
   </div>
   <div class='ocr_carea' id='block_1_29' title="bbox 1979 1175 3559 1250">
    <p class='ocr_par' dir='ltr' id='par_1_29' title="bbox 1979 1175 3559 1250">
     <span class='ocr_line' id='line_1_29' title="bbox 1979 1175 3559 1250; baseline -0.003 -17"><span class='ocrx_word' id='word_1_197' title='bbox 1979 1180 2322 1250; x_wconf 67' lang='lat' dir='ltr'><strong>prmconibus</strong></span> <span class='ocrx_word' id='word_1_198' title='bbox 2371 1179 2464 1233; x_wconf 90' lang='lat' dir='ltr'><strong>ubi</strong></span> <span class='ocrx_word' id='word_1_199' title='bbox 2515 1177 2870 1241; x_wconf 85' lang='lat' dir='ltr'><strong>discesseris,</strong></span> <span class='ocrx_word' id='word_1_200' title='bbox 2925 1176 3146 1245; x_wconf 58' lang='lat' dir='ltr'><strong>reliquae</strong></span> <span class='ocrx_word' id='word_1_201' title='bbox 3182 1191 3373 1231; x_wconf 89' lang='lat' dir='ltr'><strong>omnes</strong></span> <span class='ocrx_word' id='word_1_202' title='bbox 3412 1175 3559 1229; x_wconf 86' lang='lat' dir='ltr'><strong>haud</strong></span> 
     </span>
    </p>
   </div>
   <div class='ocr_carea' id='block_1_30' title="bbox 1980 1266 3560 1337">
    <p class='ocr_par' dir='ltr' id='par_1_30' title="bbox 1980 1266 3560 1337">
     <span class='ocr_line' id='line_1_30' title="bbox 1980 1266 3560 1337; baseline -0.004 -11"><span class='ocrx_word' id='word_1_203' title='bbox 1980 1270 2167 1326; x_wconf 82' lang='lat' dir='ltr'><strong>eadem</strong></span> <span class='ocrx_word' id='word_1_204' title='bbox 2223 1277 2350 1323; x_wconf 90' lang='lat' dir='ltr'><strong>nota</strong></span> <span class='ocrx_word' id='word_1_205' title='bbox 2403 1274 2690 1331; x_wconf 88' lang='lat' dir='ltr'><strong>constant,</strong></span> <span class='ocrx_word' id='word_1_206' title='bbox 2738 1281 2861 1337; x_wconf 62' lang='lat' dir='ltr'><strong>quae</strong></span> <span class='ocrx_word' id='word_1_207' title='bbox 2916 1266 3187 1335; x_wconf 87' lang='lat' dir='ltr'><strong>adjunctis</strong></span> <span class='ocrx_word' id='word_1_208' title='bbox 3244 1266 3560 1321; x_wconf 90' lang='lat' dir='ltr'><strong>nominibus</strong></span> 
     </span>
    </p>
   </div>
   <div class='ocr_carea' id='block_1_31' title="bbox 1984 1357 3559 1432">
    <p class='ocr_par' dir='ltr' id='par_1_31' title="bbox 1984 1357 3559 1432">
     <span class='ocr_line' id='line_1_31' title="bbox 1984 1357 3559 1432; baseline -0.004 -17"><span class='ocrx_word' id='word_1_209' title='bbox 1984 1370 2147 1432; x_wconf 88' lang='lat' dir='ltr'><strong>atque</strong></span> <span class='ocrx_word' id='word_1_210' title='bbox 2179 1360 2432 1429; x_wconf 84' lang='lat' dir='ltr'><strong>epithetis</strong></span> <span class='ocrx_word' id='word_1_211' title='bbox 2472 1366 2769 1424; x_wconf 79' lang='lat' dir='ltr'><strong>vocantur;</strong></span> <span class='ocrx_word' id='word_1_212' title='bbox 2814 1357 3234 1427; x_wconf 61' lang='lat' dir='ltr'><strong>Manichaeogum</strong></span> <span class='ocrx_word' id='word_1_213' title='bbox 3273 1357 3559 1419; x_wconf 88' lang='lat' dir='ltr'><strong>videlicet,</strong></span> 
     </span>
    </p>
   </div>
   <div class='ocr_carea' id='block_1_32' title="bbox 1987 1442 3564 1517">
    <p class='ocr_par' dir='ltr' id='par_1_32' title="bbox 1987 1442 3564 1517">
     <span class='ocr_line' id='line_1_32' title="bbox 1987 1442 3564 1517; baseline -0.003 -12"><span class='ocrx_word' id='word_1_214' title='bbox 1987 1442 2465 1516; x_wconf 53' lang='lat' dir='ltr'><strong>Simonianorum&#39;,</strong></span> <span class='ocrx_word' id='word_1_215' title='bbox 2500 1449 2912 1504; x_wconf 78' lang='lat' dir='ltr'><strong>Valentinorum</strong></span> <span class='ocrx_word' id='word_1_216' title='bbox 2937 1487 2953 1513; x_wconf 96' lang='lat'><strong>,</strong></span> <span class='ocrx_word' id='word_1_217' title='bbox 2984 1449 3363 1503; x_wconf 66' lang='lat' dir='ltr'><strong>Ebionazorum</strong></span> <span class='ocrx_word' id='word_1_218' title='bbox 3384 1488 3398 1512; x_wconf 92' lang='lat'><strong>,</strong></span> <span class='ocrx_word' id='word_1_219' title='bbox 3436 1449 3564 1517; x_wconf 79' lang='lat' dir='ltr'><strong>qui-</strong></span> 
     </span>
    </p>
   </div>
   <div class='ocr_carea' id='block_1_33' title="bbox 1986 1540 3561 1610">
    <p class='ocr_par' dir='ltr' id='par_1_33' title="bbox 1986 1540 3561 1610">
     <span class='ocr_line' id='line_1_33' title="bbox 1986 1540 3561 1610; baseline -0.003 -14"><span class='ocrx_word' id='word_1_220' title='bbox 1986 1542 2089 1596; x_wconf 87' lang='lat' dir='ltr'><strong>bus</strong></span> <span class='ocrx_word' id='word_1_221' title='bbox 2120 1549 2173 1596; x_wconf 91' lang='lat' dir='ltr'><strong>et</strong></span> <span class='ocrx_word' id='word_1_222' title='bbox 2201 1549 2279 1605; x_wconf 92' lang='lat' dir='ltr'><strong>tu,</strong></span> <span class='ocrx_word' id='word_1_223' title='bbox 2307 1542 2528 1605; x_wconf 81' lang='lat' dir='ltr'><strong>Marcio,</strong></span> <span class='ocrx_word' id='word_1_224' title='bbox 2557 1540 2999 1595; x_wconf 90' lang='lat' dir='ltr'><strong>annumerandus</strong></span> <span class='ocrx_word' id='word_1_225' title='bbox 3033 1555 3094 1595; x_wconf 90' lang='lat' dir='ltr'><strong>es</strong></span> <span class='ocrx_word' id='word_1_226' title='bbox 3124 1557 3137 1593; x_wconf 91' lang='lat'><strong>:</strong></span> <span class='ocrx_word' id='word_1_227' title='bbox 3174 1540 3333 1610; x_wconf 84' lang='lat' dir='ltr'><strong>cujus</strong></span> <span class='ocrx_word' id='word_1_228' title='bbox 3364 1554 3561 1593; x_wconf 84' lang='lat' dir='ltr'><strong>nomen</strong></span> 
     </span>
    </p>
   </div>
   <div class='ocr_carea' id='block_1_34' title="bbox 1989 1626 3564 1698">
    <p class='ocr_par' dir='ltr' id='par_1_34' title="bbox 1989 1626 3564 1698">
     <span class='ocr_line' id='line_1_34' title="bbox 1989 1626 3564 1698; baseline -0.003 -15"><span class='ocrx_word' id='word_1_229' title='bbox 1989 1628 2297 1683; x_wconf 89' lang='lat' dir='ltr'><strong>inscribunt</strong></span> <span class='ocrx_word' id='word_1_230' title='bbox 2326 1628 2359 1682; x_wconf 90' lang='lat' dir='ltr'><strong>ii</strong></span> <span class='ocrx_word' id='word_1_231' title='bbox 2390 1629 2531 1691; x_wconf 89' lang='lat' dir='ltr'><strong>sibi,</strong></span> <span class='ocrx_word' id='word_1_232' title='bbox 2563 1643 2701 1698; x_wconf 89' lang='lat' dir='ltr'><strong>quos</strong></span> <span class='ocrx_word' id='word_1_233' title='bbox 2724 1637 2843 1681; x_wconf 84' lang='lat' dir='ltr'><strong>tute</strong></span> <span class='ocrx_word' id='word_1_234' title='bbox 2873 1628 2927 1680; x_wconf 92' lang='lat' dir='ltr'><strong>in</strong></span> <span class='ocrx_word' id='word_1_235' title='bbox 2953 1641 3193 1681; x_wconf 88' lang='lat' dir='ltr'><strong>errorem</strong></span> <span class='ocrx_word' id='word_1_236' title='bbox 3235 1626 3514 1681; x_wconf 82' lang='lat' dir='ltr'><strong>induxeris</strong></span> <span class='ocrx_word' id='word_1_237' title='bbox 3550 1645 3564 1679; x_wconf 90' lang='lat'><strong>:</strong></span> 
     </span>
    </p>
   </div>
   <div class='ocr_carea' id='block_1_35' title="bbox 1992 1717 3563 1791">
    <p class='ocr_par' dir='ltr' id='par_1_35' title="bbox 1992 1717 3563 1791">
     <span class='ocr_line' id='line_1_35' title="bbox 1992 1717 3563 1791; baseline -0.003 -16"><span class='ocrx_word' id='word_1_238' title='bbox 1992 1728 2179 1790; x_wconf 88' lang='lat' dir='ltr'><strong>utpote</strong></span> <span class='ocrx_word' id='word_1_239' title='bbox 2224 1719 2317 1791; x_wconf 89' lang='lat' dir='ltr'><strong>qui</strong></span> <span class='ocrx_word' id='word_1_240' title='bbox 2368 1723 2640 1789; x_wconf 88' lang='lat' dir='ltr'><strong>teipsum,</strong></span> <span class='ocrx_word' id='word_1_241' title='bbox 2682 1734 2792 1772; x_wconf 90' lang='lat' dir='ltr'><strong>non</strong></span> <span class='ocrx_word' id='word_1_242' title='bbox 2844 1717 3121 1774; x_wconf 86' lang='lat' dir='ltr'><strong>Christum</strong></span> <span class='ocrx_word' id='word_1_243' title='bbox 3167 1717 3563 1787; x_wconf 65' lang='lat' dir='ltr'><strong>prmdicaveris.</strong></span> 
     </span>
    </p>
   </div>
   <div class='ocr_carea' id='block_1_36' title="bbox 311 1808 1899 1889">
    <p class='ocr_par' dir='ltr' id='par_1_36' title="bbox 311 1814 1881 1889">
     <span class='ocr_line' id='line_1_36' title="bbox 311 1814 1881 1889; baseline -0.007 -13"><span class='ocrx_word' id='word_1_244' title='bbox 311 1823 422 1876; x_wconf 85' lang='grc' dir='ltr'><strong>ἀπὸ</strong></span> <span class='ocrx_word' id='word_1_245' title='bbox 450 1819 550 1889; x_wconf 83' lang='grc' dir='ltr'><strong>τῆς</strong></span> <span class='ocrx_word' id='word_1_246' title='bbox 579 1818 688 1872; x_wconf 84' lang='grc' dir='ltr'><strong>τῶν</strong></span> <span class='ocrx_word' id='word_1_247' title='bbox 714 1817 1016 1889; x_wconf 80' lang='grc' dir='ltr'>ἀνθρώπων</span> <span class='ocrx_word' id='word_1_248' title='bbox 1053 1815 1309 1878; x_wconf 78' lang='grc' dir='ltr'>ἀπιστίας</span> <span class='ocrx_word' id='word_1_249' title='bbox 1348 1817 1440 1869; x_wconf 77' lang='grc' dir='ltr'>καὶ</span> <span class='ocrx_word' id='word_1_250' title='bbox 1463 1815 1735 1881; x_wconf 80' lang='grc' dir='ltr'>ἀγνωσίας</span> <span class='ocrx_word' id='word_1_251' title='bbox 1765 1814 1881 1883; x_wconf 85' lang='grc' dir='ltr'><strong>φῶς</strong></span> 
     </span>
    </p>
   </div>
   <div class='ocr_carea' id='block_1_37' title="bbox 2006 1808 3571 1889">
    <p class='ocr_par' dir='ltr' id='par_1_37' title="bbox 2006 1808 3571 1880">
     <span class='ocr_line' id='line_1_37' title="bbox 2006 1808 3571 1880; baseline -0.002 -15"><span class='ocrx_word' id='word_1_252' title='bbox 2006 1810 2125 1865; x_wconf 79' lang='lat' dir='ltr'><strong>I‘um</strong></span> <span class='ocrx_word' id='word_1_253' title='bbox 2154 1811 2370 1865; x_wconf 89' lang='lat' dir='ltr'><strong>demum</strong></span> <span class='ocrx_word' id='word_1_254' title='bbox 2411 1811 2664 1880; x_wconf 87' lang='lat' dir='ltr'><strong>inquiunt</strong></span> <span class='ocrx_word' id='word_1_255' title='bbox 2716 1829 2728 1864; x_wconf 91' lang='lat'><strong>:</strong></span> <span class='ocrx_word' id='word_1_256' title='bbox 2778 1809 2914 1863; x_wconf 85' lang='lat' dir='ltr'><strong>Deus</strong></span> <span class='ocrx_word' id='word_1_257' title='bbox 2955 1810 3043 1877; x_wconf 88' lang='lat' dir='ltr'><strong>qui</strong></span> <span class='ocrx_word' id='word_1_258' title='bbox 3088 1811 3222 1862; x_wconf 75' lang='lat' dir='ltr'><strong>dixit</strong></span> <span class='ocrx_word' id='word_1_259' title='bbox 3253 1808 3314 1863; x_wconf 86' lang='lat' dir='ltr'><strong>de</strong></span> <span class='ocrx_word' id='word_1_260' title='bbox 3348 1808 3571 1862; x_wconf 72' lang='lat' dir='ltr'><strong>terrebris</strong></span> 
     </span>
    </p>
   </div>
   <div class='ocr_carea' id='block_1_38' title="bbox 313 1906 1889 1982">
    <p class='ocr_par' dir='ltr' id='par_1_38' title="bbox 313 1906 1889 1982">
     <span class='ocr_line' id='line_1_38' title="bbox 313 1906 1889 1982; baseline -0.005 -16"><span class='ocrx_word' id='word_1_261' title='bbox 313 1912 407 1966; x_wconf 69' lang='grc' dir='ltr'><strong>καὶ</strong></span> <span class='ocrx_word' id='word_1_262' title='bbox 439 1909 639 1980; x_wconf 83' lang='grc' dir='ltr'>γνῶσιν</span> <span class='ocrx_word' id='word_1_263' title='bbox 685 1910 743 1962; x_wconf 81' lang='grc' dir='ltr'>ἐν</span> <span class='ocrx_word' id='word_1_264' title='bbox 788 1906 1008 1982; x_wconf 80' lang='grc' dir='ltr'>Χριστῷ</span> <span class='ocrx_word' id='word_1_265' title='bbox 1036 1906 1253 1977; x_wconf 75' lang='grc' dir='ltr'>λᾶμψαν</span> <span class='ocrx_word' id='word_1_266' title='bbox 1291 1909 1306 1939; x_wconf 85' lang='grc'>¹</span> <span class='ocrx_word' id='word_1_267' title='bbox 1358 1908 1417 1959; x_wconf 83' lang='grc' dir='ltr'>ὲν</span> <span class='ocrx_word' id='word_1_268' title='bbox 1472 1908 1593 1970; x_wconf 85' lang='grc' dir='ltr'>ταῖς</span> <span class='ocrx_word' id='word_1_269' title='bbox 1638 1906 1889 1976; x_wconf 84' lang='grc' dir='ltr'>καρδίαις</span> 
     </span>
    </p>
   </div>
   <div class='ocr_carea' id='block_1_39' title="bbox 318 1994 1889 2076">
    <p class='ocr_par' dir='ltr' id='par_1_39' title="bbox 318 1994 1889 2076">
     <span class='ocr_line' id='line_1_39' title="bbox 318 1994 1889 2076; baseline -0.006 -20"><span class='ocrx_word' id='word_1_270' title='bbox 318 2002 476 2076; x_wconf 79' lang='grc' dir='ltr'>ἡμῶν</span> <span class='ocrx_word' id='word_1_271' title='bbox 522 2001 630 2054; x_wconf 83' lang='grc' dir='ltr'><strong>τῶν</strong></span> <span class='ocrx_word' id='word_1_272' title='bbox 677 2016 807 2052; x_wconf 88' lang='grc' dir='ltr'>ποτε</span> <span class='ocrx_word' id='word_1_273' title='bbox 853 1996 1021 2051; x_wconf 74' lang='grc' dir='ltr'>ἐθνῶν</span> <span class='ocrx_word' id='word_1_274' title='bbox 1075 1995 1629 2068; x_wconf 80' lang='grc' dir='ltr'>εἰδωλολατρούντων,</span> <span class='ocrx_word' id='word_1_275' title='bbox 1684 1994 1778 2048; x_wconf 91' lang='grc' dir='ltr'><strong>νῦν</strong></span> <span class='ocrx_word' id='word_1_276' title='bbox 1832 1994 1889 2047; x_wconf 72' lang='grc' dir='ltr'><strong>δὲ</strong></span> 
     </span>
    </p>
   </div>
   <div class='ocr_carea' id='block_1_40' title="bbox 318 2083 1892 2157">
    <p class='ocr_par' dir='ltr' id='par_1_40' title="bbox 318 2083 1892 2157">
     <span class='ocr_line' id='line_1_40' title="bbox 318 2083 1892 2157; baseline -0.006 -11"><span class='ocrx_word' id='word_1_277' title='bbox 318 2092 452 2146; x_wconf 81' lang='grc' dir='ltr'>Θεὸν</span> <span class='ocrx_word' id='word_1_278' title='bbox 488 2090 577 2143; x_wconf 87' lang='grc' dir='ltr'><strong>τὸν</strong></span> <span class='ocrx_word' id='word_1_279' title='bbox 613 2088 734 2141; x_wconf 87' lang='grc' dir='ltr'>τότε</span> <span class='ocrx_word' id='word_1_280' title='bbox 763 2090 821 2141; x_wconf 86' lang='grc' dir='ltr'>ὲν</span> <span class='ocrx_word' id='word_1_281' title='bbox 857 2085 934 2156; x_wconf 83' lang='grc' dir='ltr'><strong>τῷ</strong></span> <span class='ocrx_word' id='word_1_282' title='bbox 959 2087 1211 2157; x_wconf 79' lang='grc' dir='ltr'>προφήτῃ</span> <span class='ocrx_word' id='word_1_283' title='bbox 1237 2085 1810 2157; x_wconf 87' lang='grc' dir='ltr'>προεπαγγειλάμενον</span> <span class='ocrx_word' id='word_1_284' title='bbox 1831 2083 1892 2137; x_wconf 87' lang='grc' dir='ltr'><strong>τὸ</strong></span> 
     </span>
    </p>
   </div>
   <div class='ocr_carea' id='block_1_41' title="bbox 316 2176 1889 2255">
    <p class='ocr_par' dir='ltr' id='par_1_41' title="bbox 316 2176 1889 2255">
     <span class='ocr_line' id='line_1_41' title="bbox 316 2176 1889 2255; baseline -0.006 -18"><span class='ocrx_word' id='word_1_285' title='bbox 316 2184 433 2255; x_wconf 80' lang='grc' dir='ltr'>φῶς</span> <span class='ocrx_word' id='word_1_286' title='bbox 461 2181 654 2236; x_wconf 76' lang='grc' dir='ltr'>ἑαυτοῦ</span> <span class='ocrx_word' id='word_1_287' title='bbox 688 2182 745 2232; x_wconf 83' lang='grc' dir='ltr'>ὲν</span> <span class='ocrx_word' id='word_1_288' title='bbox 778 2178 856 2249; x_wconf 88' lang='grc' dir='ltr'>τῷ</span> <span class='ocrx_word' id='word_1_289' title='bbox 882 2178 1070 2249; x_wconf 76' lang='grc' dir='ltr'>κόσμῳ</span> <span class='ocrx_word' id='word_1_290' title='bbox 1100 2177 1311 2248; x_wconf 84' lang='grc' dir='ltr'>λάμψαι</span> <span class='ocrx_word' id='word_1_291' title='bbox 1337 2194 1352 2241; x_wconf 89' lang='grc'>;</span> <span class='ocrx_word' id='word_1_292' title='bbox 1381 2176 1457 2240; x_wconf 85' lang='grc' dir='ltr'>ὡς</span> <span class='ocrx_word' id='word_1_293' title='bbox 1485 2178 1586 2230; x_wconf 79' lang='grc' dir='ltr'><strong>οὐκ</strong></span> <span class='ocrx_word' id='word_1_294' title='bbox 1609 2176 1889 2245; x_wconf 80' lang='grc' dir='ltr'>ἀλλοτρίου</span> 
     </span>
    </p>
   </div>
   <div class='ocr_carea' id='block_1_42' title="bbox 316 2263 1890 2337">
    <p class='ocr_par' dir='ltr' id='par_1_42' title="bbox 316 2263 1890 2337">
     <span class='ocr_line' id='line_1_42' title="bbox 316 2263 1890 2337; baseline -0.007 -10"><span class='ocrx_word' id='word_1_295' title='bbox 316 2275 467 2337; x_wconf 71' lang='grc' dir='ltr'>ὄντος</span> <span class='ocrx_word' id='word_1_296' title='bbox 498 2271 741 2333; x_wconf 80' lang='grc' dir='ltr'>Παλαιᾶς</span> <span class='ocrx_word' id='word_1_297' title='bbox 793 2270 887 2322; x_wconf 66' lang='grc' dir='ltr'><strong>κοιλ⁵</strong></span> <span class='ocrx_word' id='word_1_298' title='bbox 920 2267 1131 2336; x_wconf 80' lang='grc' dir='ltr'>Καινῆς</span> <span class='ocrx_word' id='word_1_299' title='bbox 1151 2266 1452 2336; x_wconf 86' lang='grc' dir='ltr'>Διαθήκης,</span> <span class='ocrx_word' id='word_1_300' title='bbox 1483 2265 1559 2329; x_wconf 89' lang='grc' dir='ltr'>ὼς</span> <span class='ocrx_word' id='word_1_301' title='bbox 1612 2267 1742 2335; x_wconf 83' lang='grc' dir='ltr'>ἡμῖν</span> <span class='ocrx_word' id='word_1_302' title='bbox 1770 2263 1890 2327; x_wconf 73' lang='grc' dir='ltr'>ἔθος</span> 
     </span>
    </p>
   </div>
   <div class='ocr_carea' id='block_1_43' title="bbox 318 2351 1894 2435">
    <p class='ocr_par' dir='ltr' id='par_1_43' title="bbox 318 2351 1894 2435">
     <span class='ocr_line' id='line_1_43' title="bbox 318 2351 1894 2435; baseline -0.007 -16"><span class='ocrx_word' id='word_1_303' title='bbox 318 2367 510 2435; x_wconf 77' lang='grc' dir='ltr'>γέγονε</span> <span class='ocrx_word' id='word_1_304' title='bbox 542 2362 751 2416; x_wconf 81' lang='grc' dir='ltr'>πείθειν</span> <span class='ocrx_word' id='word_1_305' title='bbox 774 2377 853 2423; x_wconf 86' lang='grc' dir='ltr'><strong>σε,</strong></span> <span class='ocrx_word' id='word_1_306' title='bbox 880 2353 924 2412; x_wconf 81' lang='grc' dir='ltr'><strong>ὦ</strong></span> <span class='ocrx_word' id='word_1_307' title='bbox 952 2358 1235 2430; x_wconf 88' lang='grc' dir='ltr'>Μαρκίων,</span> <span class='ocrx_word' id='word_1_308' title='bbox 1267 2358 1359 2426; x_wconf 82' lang='grc' dir='ltr'>ἀφ’</span> <span class='ocrx_word' id='word_1_309' title='bbox 1382 2351 1455 2410; x_wconf 82' lang='grc' dir='ltr'>ὧν</span> <span class='ocrx_word' id='word_1_310' title='bbox 1484 2356 1628 2427; x_wconf 75' lang='grc' dir='ltr'>ἔχεις</span> <span class='ocrx_word' id='word_1_311' title='bbox 1646 2372 1894 2427; x_wconf 88' lang='grc' dir='ltr'>γεγραμ-</span> 
     </span>
    </p>
   </div>
   <div class='ocr_carea' id='block_1_44' title="bbox 323 2445 1893 2526">
    <p class='ocr_par' dir='ltr' id='par_1_44' title="bbox 323 2445 1893 2526">
     <span class='ocr_line' id='line_1_44' title="bbox 323 2445 1893 2526; baseline -0.007 -17"><span class='ocrx_word' id='word_1_312' title='bbox 323 2456 500 2526; x_wconf 78' lang='grc' dir='ltr'>μένων</span> <span class='ocrx_word' id='word_1_313' title='bbox 534 2453 801 2522; x_wconf 75' lang='grc' dir='ltr'>λειψάνων</span> <span class='ocrx_word' id='word_1_314' title='bbox 848 2449 943 2503; x_wconf 90' lang='grc' dir='ltr'><strong>τοῦ</strong></span> <span class='ocrx_word' id='word_1_315' title='bbox 991 2448 1321 2518; x_wconf 72' lang='grc' dir='ltr'>Εὑαγγελίου</span> <span class='ocrx_word' id='word_1_316' title='bbox 1347 2486 1360 2511; x_wconf 93' lang='grc'><strong>,</strong></span> <span class='ocrx_word' id='word_1_317' title='bbox 1391 2448 1484 2501; x_wconf 76' lang='grc' dir='ltr'><strong>καὶ</strong></span> <span class='ocrx_word' id='word_1_318' title='bbox 1536 2446 1609 2517; x_wconf 85' lang='grc' dir='ltr'>μὴ</span> <span class='ocrx_word' id='word_1_319' title='bbox 1644 2446 1748 2499; x_wconf 81' lang='grc' dir='ltr'><strong>ὑπὸ</strong></span> <span class='ocrx_word' id='word_1_320' title='bbox 1800 2445 1893 2499; x_wconf 85' lang='grc' dir='ltr'><strong>σοῦ</strong></span> 
     </span>
    </p>
   </div>
   <div class='ocr_carea' id='block_1_45' title="bbox 320 2543 653 2598">
    <p class='ocr_par' dir='ltr' id='par_1_45' title="bbox 320 2543 653 2598">
     <span class='ocr_line' id='line_1_45' title="bbox 320 2543 653 2598; baseline -0.012 0"><span class='ocrx_word' id='word_1_321' title='bbox 320 2543 653 2598; x_wconf 79' lang='grc' dir='ltr'>ἀπατᾶσθαι.</span> 
     </span>
    </p>
   </div>
   <div class='ocr_carea' id='block_1_46' title="bbox 1992 1900 3574 1972">
    <p class='ocr_par' dir='ltr' id='par_1_46' title="bbox 1992 1900 3574 1972">
     <span class='ocr_line' id='line_1_46' title="bbox 1992 1900 3574 1972; baseline -0.001 -14"><span class='ocrx_word' id='word_1_322' title='bbox 1992 1902 2349 1972; x_wconf 76' lang='lat' dir='ltr'><strong>splendescere</strong></span> <span class='ocrx_word' id='word_1_323' title='bbox 2366 1902 2553 1955; x_wconf 82' lang='lat' dir='ltr'><strong>lucem.</strong></span> <span class='ocrx_word' id='word_1_324' title='bbox 2587 1902 2723 1967; x_wconf 81' lang='lat' dir='ltr'><strong>Quis</strong></span> <span class='ocrx_word' id='word_1_325' title='bbox 2743 1902 2831 1955; x_wconf 92' lang='lat' dir='ltr'><strong>hic</strong></span> <span class='ocrx_word' id='word_1_326' title='bbox 2861 1900 3004 1957; x_wconf 85' lang='lat' dir='ltr'><strong>Deus</strong></span> <span class='ocrx_word' id='word_1_327' title='bbox 3031 1910 3114 1957; x_wconf 85' lang='lat' dir='ltr'><strong>est</strong></span> <span class='ocrx_word' id='word_1_328' title='bbox 3168 1901 3274 1956; x_wconf 89' lang='lat' dir='ltr'><strong>nisi</strong></span> <span class='ocrx_word' id='word_1_329' title='bbox 3308 1918 3452 1957; x_wconf 89' lang='lat' dir='ltr'><strong>unus</strong></span> <span class='ocrx_word' id='word_1_330' title='bbox 3484 1902 3574 1956; x_wconf 89' lang='lat' dir='ltr'><strong>ille</strong></span> 
     </span>
    </p>
   </div>
   <div class='ocr_carea' id='block_1_47' title="bbox 1994 1992 3575 2065">
    <p class='ocr_par' dir='ltr' id='par_1_47' title="bbox 1994 1992 3575 2065">
     <span class='ocr_line' id='line_1_47' title="bbox 1994 1992 3575 2065; baseline -0.001 -18"><span class='ocrx_word' id='word_1_331' title='bbox 1994 1995 2085 2065; x_wconf 90' lang='lat' dir='ltr'><strong>qui</strong></span> <span class='ocrx_word' id='word_1_332' title='bbox 2113 1993 2255 2063; x_wconf 85' lang='lat' dir='ltr'><strong>apud</strong></span> <span class='ocrx_word' id='word_1_333' title='bbox 2291 1993 2584 2063; x_wconf 89' lang='lat' dir='ltr'><strong>pr0phetas</strong></span> <span class='ocrx_word' id='word_1_334' title='bbox 2611 2007 2641 2047; x_wconf 92' lang='lat' dir='ltr'><strong>e</strong></span> <span class='ocrx_word' id='word_1_335' title='bbox 2671 1992 2912 2048; x_wconf 84' lang='lat' dir='ltr'><strong>tenebris</strong></span> <span class='ocrx_word' id='word_1_336' title='bbox 2946 1993 3129 2048; x_wconf 88' lang='lat' dir='ltr'><strong>lumen</strong></span> <span class='ocrx_word' id='word_1_337' title='bbox 3165 1993 3445 2048; x_wconf 82' lang='lat' dir='ltr'><strong>ostendit?</strong></span> <span class='ocrx_word' id='word_1_338' title='bbox 3470 1993 3575 2046; x_wconf 90' lang='lat' dir='ltr'><strong>hoe</strong></span> 
     </span>
    </p>
   </div>
   <div class='ocr_carea' id='block_1_48' title="bbox 1995 2082 3580 2155">
    <p class='ocr_par' dir='ltr' id='par_1_48' title="bbox 1995 2082 3580 2155">
     <span class='ocr_line' id='line_1_48' title="bbox 1995 2082 3580 2155; baseline -0.003 -14"><span class='ocrx_word' id='word_1_339' title='bbox 1995 2094 2077 2141; x_wconf 91' lang='lat' dir='ltr'><strong>est</strong></span> <span class='ocrx_word' id='word_1_340' title='bbox 2109 2101 2172 2139; x_wconf 79' lang='lat' dir='ltr'><strong>ex</strong></span> <span class='ocrx_word' id='word_1_341' title='bbox 2208 2084 2493 2138; x_wconf 89' lang='lat' dir='ltr'><strong>hominum</strong></span> <span class='ocrx_word' id='word_1_342' title='bbox 2544 2082 2866 2139; x_wconf 80' lang='lat' dir='ltr'><strong>inﬁdelitate</strong></span> <span class='ocrx_word' id='word_1_343' title='bbox 2895 2093 2951 2139; x_wconf 92' lang='lat' dir='ltr'><strong>et</strong></span> <span class='ocrx_word' id='word_1_344' title='bbox 2992 2085 3209 2140; x_wconf 82' lang='lat' dir='ltr'><strong>inscitia</strong></span> <span class='ocrx_word' id='word_1_345' title='bbox 3233 2125 3246 2148; x_wconf 91' lang='lat'><strong>,</strong></span> <span class='ocrx_word' id='word_1_346' title='bbox 3285 2099 3383 2155; x_wconf 85' lang='lat' dir='ltr'><strong>per</strong></span> <span class='ocrx_word' id='word_1_347' title='bbox 3419 2083 3580 2139; x_wconf 86' lang='lat' dir='ltr'><strong>Chri-</strong></span> 
     </span>
    </p>
   </div>
   <div class='ocr_carea' id='block_1_49' title="bbox 1998 2174 3582 2233">
    <p class='ocr_par' dir='ltr' id='par_1_49' title="bbox 1998 2174 3582 2233">
     <span class='ocr_line' id='line_1_49' title="bbox 1998 2174 3582 2233; baseline -0.003 -1"><span class='ocrx_word' id='word_1_348' title='bbox 1998 2183 2141 2233; x_wconf 90' lang='lat' dir='ltr'><strong>stum</strong></span> <span class='ocrx_word' id='word_1_349' title='bbox 2175 2176 2351 2229; x_wconf 88' lang='lat' dir='ltr'><strong>lueem</strong></span> <span class='ocrx_word' id='word_1_350' title='bbox 2383 2189 2446 2227; x_wconf 91' lang='lat' dir='ltr'><strong>ac</strong></span> <span class='ocrx_word' id='word_1_351' title='bbox 2485 2175 2770 2229; x_wconf 83' lang='lat' dir='ltr'><strong>scientiam</strong></span> <span class='ocrx_word' id='word_1_352' title='bbox 2806 2176 2860 2229; x_wconf 91' lang='lat' dir='ltr'><strong>in</strong></span> <span class='ocrx_word' id='word_1_353' title='bbox 2906 2174 3163 2230; x_wconf 88' lang='lat' dir='ltr'><strong>cordibus</strong></span> <span class='ocrx_word' id='word_1_354' title='bbox 3197 2175 3403 2229; x_wconf 89' lang='lat' dir='ltr'><strong>nostris</strong></span> <span class='ocrx_word' id='word_1_355' title='bbox 3431 2174 3582 2228; x_wconf 79' lang='lat' dir='ltr'><strong>exci-</strong></span> 
     </span>
    </p>
   </div>
   <div class='ocr_carea' id='block_1_50' title="bbox 1997 2263 3581 2336">
    <p class='ocr_par' dir='ltr' id='par_1_50' title="bbox 1997 2263 3581 2336">
     <span class='ocr_line' id='line_1_50' title="bbox 1997 2263 3581 2336; baseline 0 -19"><span class='ocrx_word' id='word_1_356' title='bbox 1997 2265 2147 2320; x_wconf 81' lang='lat' dir='ltr'><strong>tavit.</strong></span> <span class='ocrx_word' id='word_1_357' title='bbox 2172 2263 2275 2332; x_wconf 89' lang='lat' dir='ltr'><strong>Qui</strong></span> <span class='ocrx_word' id='word_1_358' title='bbox 2312 2278 2435 2319; x_wconf 86' lang='lat' dir='ltr'><strong>cum</strong></span> <span class='ocrx_word' id='word_1_359' title='bbox 2456 2266 2582 2319; x_wconf 91' lang='lat' dir='ltr'><strong>olim</strong></span> <span class='ocrx_word' id='word_1_360' title='bbox 2605 2267 2745 2321; x_wconf 89' lang='lat' dir='ltr'><strong>inter</strong></span> <span class='ocrx_word' id='word_1_361' title='bbox 2764 2274 2950 2336; x_wconf 77' lang='lat' dir='ltr'><strong>gentes</strong></span> <span class='ocrx_word' id='word_1_362' title='bbox 2969 2281 3381 2322; x_wconf 68' lang='lat' dir='ltr'><strong>numerarentur</strong></span> <span class='ocrx_word' id='word_1_363' title='bbox 3410 2266 3581 2319; x_wconf 90' lang='lat' dir='ltr'><strong>simu-</strong></span> 
     </span>
    </p>
   </div>
   <div class='ocr_carea' id='block_1_51' title="bbox 2000 2355 3578 2424">
    <p class='ocr_par' dir='ltr' id='par_1_51' title="bbox 2000 2355 3578 2424">
     <span class='ocr_line' id='line_1_51' title="bbox 2000 2355 3578 2424; baseline -0.001 -14"><span class='ocrx_word' id='word_1_364' title='bbox 2000 2355 2166 2411; x_wconf 91' lang='lat' dir='ltr'><strong>lacris</strong></span> <span class='ocrx_word' id='word_1_365' title='bbox 2190 2357 2471 2421; x_wconf 77' lang='lat' dir='ltr'><strong>addictos,</strong></span> <span class='ocrx_word' id='word_1_366' title='bbox 2522 2357 2688 2412; x_wconf 86' lang='lat' dir='ltr'><strong>Deum</strong></span> <span class='ocrx_word' id='word_1_367' title='bbox 2724 2358 2873 2411; x_wconf 91' lang='lat' dir='ltr'><strong>illum</strong></span> <span class='ocrx_word' id='word_1_368' title='bbox 2906 2357 3068 2411; x_wconf 90' lang='lat' dir='ltr'><strong>modo</strong></span> <span class='ocrx_word' id='word_1_369' title='bbox 3099 2371 3448 2418; x_wconf 75' lang='lat' dir='ltr'><strong>veneramur,</strong></span> <span class='ocrx_word' id='word_1_370' title='bbox 3486 2357 3578 2424; x_wconf 86' lang='lat' dir='ltr'><strong>qui</strong></span> 
     </span>
    </p>
   </div>
   <div class='ocr_carea' id='block_1_52' title="bbox 2002 2446 3583 2518">
    <p class='ocr_par' dir='ltr' id='par_1_52' title="bbox 2002 2446 3583 2518">
     <span class='ocr_line' id='line_1_52' title="bbox 2002 2446 3583 2518; baseline -0.002 -16"><span class='ocrx_word' id='word_1_371' title='bbox 2002 2462 2098 2516; x_wconf 91' lang='lat' dir='ltr'><strong>per</strong></span> <span class='ocrx_word' id='word_1_372' title='bbox 2127 2448 2443 2518; x_wconf 88' lang='lat' dir='ltr'><strong>prophetam</strong></span> <span class='ocrx_word' id='word_1_373' title='bbox 2483 2449 2658 2504; x_wconf 88' lang='lat' dir='ltr'><strong>lucem</strong></span> <span class='ocrx_word' id='word_1_374' title='bbox 2689 2464 2842 2503; x_wconf 90' lang='lat' dir='ltr'><strong>suam</strong></span> <span class='ocrx_word' id='word_1_375' title='bbox 2882 2448 3158 2502; x_wconf 88' lang='lat' dir='ltr'><strong>illaturum</strong></span> <span class='ocrx_word' id='word_1_376' title='bbox 3207 2462 3328 2503; x_wconf 88' lang='lat' dir='ltr'><strong>sese</strong></span> <span class='ocrx_word' id='word_1_377' title='bbox 3376 2446 3583 2500; x_wconf 85' lang='lat' dir='ltr'><strong>mundo</strong></span> 
     </span>
    </p>
   </div>
   <div class='ocr_carea' id='block_1_53' title="bbox 2004 2539 3583 2620">
    <p class='ocr_par' dir='ltr' id='par_1_53' title="bbox 2004 2539 3583 2620">
     <span class='ocr_line' id='line_1_53' title="bbox 2004 2539 3583 2620; baseline 0 -28"><span class='ocrx_word' id='word_1_378' title='bbox 2004 2539 2351 2608; x_wconf 89' lang='lat' dir='ltr'><strong>promiserat,</strong></span> <span class='ocrx_word' id='word_1_379' title='bbox 2381 2546 2441 2594; x_wconf 93' lang='lat' dir='ltr'><strong>ut</strong></span> <span class='ocrx_word' id='word_1_380' title='bbox 2476 2540 2747 2612; x_wconf 77' lang='lat' dir='ltr'><strong>intelligas</strong></span> <span class='ocrx_word' id='word_1_381' title='bbox 2787 2540 3037 2596; x_wconf 89' lang='lat' dir='ltr'><strong>eumdem</strong></span> <span class='ocrx_word' id='word_1_382' title='bbox 3087 2556 3265 2611; x_wconf 90' lang='lat' dir='ltr'><strong>neque</strong></span> <span class='ocrx_word' id='word_1_383' title='bbox 3294 2556 3324 2595; x_wconf 88' lang='lat' dir='ltr'><strong>a</strong></span> <span class='ocrx_word' id='word_1_384' title='bbox 3363 2539 3583 2620; x_wconf 58' lang='lat' dir='ltr'><strong>Veteri,</strong></span> 
     </span>
    </p>
   </div>
   <div class='ocr_carea' id='block_1_54' title="bbox 323 2624 3585 2705">
    <p class='ocr_par' dir='ltr' id='par_1_54' title="bbox 323 2624 3585 2705">
     <span class='ocr_line' id='line_1_54' title="bbox 323 2624 3585 2705; baseline -0.002 -15"><span class='ocrx_word' id='word_1_385' title='bbox 323 2649 500 2705; x_wconf 87' lang='lat' dir='ltr'><strong>neque</strong></span> <span class='ocrx_word' id='word_1_386' title='bbox 523 2649 553 2687; x_wconf 90' lang='lat' dir='ltr'><strong>a</strong></span> <span class='ocrx_word' id='word_1_387' title='bbox 578 2630 729 2686; x_wconf 88' lang='lat' dir='ltr'><strong>Novo</strong></span> <span class='ocrx_word' id='word_1_388' title='bbox 759 2629 1108 2686; x_wconf 87' lang='lat' dir='ltr'><strong>Testamento</strong></span> <span class='ocrx_word' id='word_1_389' title='bbox 1137 2626 1403 2683; x_wconf 88' lang='lat' dir='ltr'><strong>dissidere</strong></span> <span class='ocrx_word' id='word_1_390' title='bbox 1434 2645 1447 2681; x_wconf 89' lang='lat'><strong>:</strong></span> <span class='ocrx_word' id='word_1_391' title='bbox 1478 2626 1531 2681; x_wconf 88' lang='lat' dir='ltr'><strong>id</strong></span> <span class='ocrx_word' id='word_1_392' title='bbox 1554 2624 1700 2696; x_wconf 88' lang='lat' dir='ltr'><strong>quod</strong></span> <span class='ocrx_word' id='word_1_393' title='bbox 1730 2625 1898 2681; x_wconf 89' lang='lat' dir='ltr'><strong>certis</strong></span> <span class='ocrx_word' id='word_1_394' title='bbox 1939 2627 2037 2682; x_wconf 87' lang='lat' dir='ltr'><strong>tibi</strong></span> <span class='ocrx_word' id='word_1_395' title='bbox 2075 2628 2383 2684; x_wconf 86' lang='lat' dir='ltr'><strong>rationibus</strong></span> <span class='ocrx_word' id='word_1_396' title='bbox 2426 2630 2693 2697; x_wconf 88' lang='lat' dir='ltr'><strong>suadere,</strong></span> <span class='ocrx_word' id='word_1_397' title='bbox 2720 2630 2921 2685; x_wconf 81' lang='lat' dir='ltr'><strong>Marcio</strong></span> <span class='ocrx_word' id='word_1_398' title='bbox 2942 2670 2958 2694; x_wconf 97' lang='lat'><strong>,</strong></span> <span class='ocrx_word' id='word_1_399' title='bbox 3005 2632 3280 2697; x_wconf 89' lang='lat' dir='ltr'><strong>solemus,</strong></span> <span class='ocrx_word' id='word_1_400' title='bbox 3340 2646 3405 2687; x_wconf 84' lang='lat' dir='ltr'><strong>ex</strong></span> <span class='ocrx_word' id='word_1_401' title='bbox 3477 2629 3585 2684; x_wconf 88' lang='lat' dir='ltr'><strong>illis</strong></span> 
     </span>
    </p>
   </div>
   <div class='ocr_carea' id='block_1_55' title="bbox 324 2723 3586 2800">
    <p class='ocr_par' dir='ltr' id='par_1_55' title="bbox 324 2723 3586 2800">
     <span class='ocr_line' id='line_1_55' title="bbox 324 2723 3586 2800; baseline -0.002 -14"><span class='ocrx_word' id='word_1_402' title='bbox 324 2731 462 2800; x_wconf 89' lang='lat' dir='ltr'><strong>ipsis</strong></span> <span class='ocrx_word' id='word_1_403' title='bbox 492 2726 765 2797; x_wconf 78' lang='lat' dir='ltr'><strong>Evangelii</strong></span> <span class='ocrx_word' id='word_1_404' title='bbox 791 2723 1073 2795; x_wconf 89' lang='lat' dir='ltr'><strong>reliquiis,</strong></span> <span class='ocrx_word' id='word_1_405' title='bbox 1106 2738 1227 2793; x_wconf 64' lang='lat' dir='ltr'><strong>qua:</strong></span> <span class='ocrx_word' id='word_1_406' title='bbox 1253 2723 1394 2793; x_wconf 88' lang='lat' dir='ltr'><strong>apud</strong></span> <span class='ocrx_word' id='word_1_407' title='bbox 1426 2732 1478 2779; x_wconf 91' lang='lat' dir='ltr'><strong>te</strong></span> <span class='ocrx_word' id='word_1_408' title='bbox 1523 2724 1740 2793; x_wconf 69' lang='lat' dir='ltr'><strong>scripta:</strong></span> <span class='ocrx_word' id='word_1_409' title='bbox 1770 2724 2120 2797; x_wconf 83' lang='lat' dir='ltr'><strong>reperiuntur</strong></span> <span class='ocrx_word' id='word_1_410' title='bbox 2149 2764 2166 2790; x_wconf 91' lang='lat'><strong>,</strong></span> <span class='ocrx_word' id='word_1_411' title='bbox 2202 2740 2381 2796; x_wconf 90' lang='lat' dir='ltr'><strong>neque</strong></span> <span class='ocrx_word' id='word_1_412' title='bbox 2429 2725 2622 2783; x_wconf 82' lang='lat' dir='ltr'><strong>fraude</strong></span> <span class='ocrx_word' id='word_1_413' title='bbox 2688 2734 2785 2781; x_wconf 85' lang='lat' dir='ltr'><strong>tua</strong></span> <span class='ocrx_word' id='word_1_414' title='bbox 2848 2743 2948 2784; x_wconf 90' lang='lat' dir='ltr'><strong>nos</strong></span> <span class='ocrx_word' id='word_1_415' title='bbox 3006 2727 3392 2783; x_wconf 86' lang='lat' dir='ltr'><strong>circumveniri</strong></span> <span class='ocrx_word' id='word_1_416' title='bbox 3443 2728 3586 2798; x_wconf 78' lang='lat' dir='ltr'><strong>pati—</strong></span> 
     </span>
    </p>
   </div>
   <div class='ocr_carea' id='block_1_56' title="bbox 324 2840 467 2881">
    <p class='ocr_par' dir='ltr' id='par_1_56' title="bbox 324 2840 467 2881">
     <span class='ocr_line' id='line_1_56' title="bbox 324 2840 467 2881; baseline -0.007 0"><span class='ocrx_word' id='word_1_417' title='bbox 324 2840 467 2881; x_wconf 87' lang='lat' dir='ltr'><strong>mur.</strong></span> 
     </span>
    </p>
   </div>
   <div class='ocr_carea' id='block_1_57' title="bbox 395 2909 1902 2984">
    <p class='ocr_par' dir='ltr' id='par_1_57' title="bbox 395 2909 1902 2984">
     <span class='ocr_line' id='line_1_57' title="bbox 395 2909 1902 2984; baseline 0.001 -18"><span class='ocrx_word' id='word_1_418' title='bbox 395 2920 446 2984; x_wconf 86' lang='grc' dir='ltr'>γ¹</span> <span class='ocrx_word' id='word_1_419' title='bbox 471 2912 565 2966; x_wconf 75' lang='grc' dir='ltr'>καὶ</span> <span class='ocrx_word' id='word_1_420' title='bbox 590 2911 670 2977; x_wconf 76' lang='grc' dir='ltr'><strong>κζ’</strong></span> <span class='ocrx_word' id='word_1_421' title='bbox 698 2910 842 2982; x_wconf 88' lang='grc' dir='ltr'>σχόλ.</span> <span class='ocrx_word' id='word_1_422' title='bbox 869 2911 1150 2980; x_wconf 81' lang='grc' dir='ltr'>Ἔχοντες</span> <span class='ocrx_word' id='word_1_423' title='bbox 1175 2909 1244 2964; x_wconf 80' lang='grc' dir='ltr'>δὲ</span> <span class='ocrx_word' id='word_1_424' title='bbox 1266 2909 1331 2965; x_wconf 84' lang='grc' dir='ltr'><strong>τὸ</strong></span> <span class='ocrx_word' id='word_1_425' title='bbox 1354 2910 1498 2966; x_wconf 85' lang='grc' dir='ltr'>αὐτὸ</span> <span class='ocrx_word' id='word_1_426' title='bbox 1531 2911 1767 2982; x_wconf 77' lang='grc' dir='ltr'>πνεῦμα</span> <span class='ocrx_word' id='word_1_427' title='bbox 1792 2911 1902 2981; x_wconf 85' lang='grc' dir='ltr'>τῆς</span> 
     </span>
    </p>
   </div>
   <div class='ocr_carea' id='block_1_58' title="bbox 327 3002 1903 3071">
    <p class='ocr_par' dir='ltr' id='par_1_58' title="bbox 327 3002 1903 3071">
     <span class='ocr_line' id='line_1_58' title="bbox 327 3002 1903 3071; baseline -0.001 -11"><span class='ocrx_word' id='word_1_428' title='bbox 327 3008 586 3069; x_wconf 81' lang='grc' dir='ltr'>πίστεως</span> <span class='ocrx_word' id='word_1_429' title='bbox 619 3002 717 3056; x_wconf 74' lang='grc' dir='ltr'>καὶ</span> <span class='ocrx_word' id='word_1_430' title='bbox 764 3003 936 3071; x_wconf 75' lang='grc' dir='ltr'>ἡμεῖς</span> <span class='ocrx_word' id='word_1_431' title='bbox 968 3002 1328 3071; x_wconf 78' lang='grc' dir='ltr'>πιστεύομεν</span> <span class='ocrx_word' id='word_1_432' title='bbox 1353 3019 1368 3033; x_wconf 78' lang='grc' dir='ltr'><strong>ο</strong></span> <span class='ocrx_word' id='word_1_433' title='bbox 1424 3002 1516 3055; x_wconf 84' lang='grc' dir='ltr'><strong>διὸ</strong></span> <span class='ocrx_word' id='word_1_434' title='bbox 1552 3002 1649 3056; x_wconf 62' lang='grc' dir='ltr'>καὶ</span> <span class='ocrx_word' id='word_1_435' title='bbox 1680 3004 1903 3058; x_wconf 83' lang='grc' dir='ltr'>λαλοῦ-</span> 
     </span>
    </p>
   </div>
   <div class='ocr_carea' id='block_1_59' title="bbox 322 3092 1859 3167">
    <p class='ocr_par' dir='ltr' id='par_1_59' title="bbox 322 3092 1859 3167">
     <span class='ocr_line' id='line_1_59' title="bbox 322 3092 1859 3167; baseline -0.003 -15"><span class='ocrx_word' id='word_1_436' title='bbox 322 3114 459 3167; x_wconf 85' lang='grc' dir='ltr'>μεν.</span> <span class='ocrx_word' id='word_1_437' title='bbox 507 3093 757 3163; x_wconf 79' lang='grc' dir='ltr'>Ἐξέκοψε</span> <span class='ocrx_word' id='word_1_438' title='bbox 791 3094 848 3147; x_wconf 83' lang='grc' dir='ltr'>δὲ</span> <span class='ocrx_word' id='word_1_439' title='bbox 870 3093 952 3156; x_wconf 89' lang='grc' dir='ltr'><strong>τὸ,</strong></span> <span class='ocrx_word' id='word_1_440' title='bbox 990 3094 1139 3147; x_wconf 81' lang='grc' dir='ltr'>κατὰ</span> <span class='ocrx_word' id='word_1_441' title='bbox 1164 3093 1230 3146; x_wconf 81' lang='grc' dir='ltr'><strong>τό</strong></span> <span class='ocrx_word' id='word_1_442' title='bbox 1258 3092 1683 3164; x_wconf 72' lang='grc' dir='ltr'><strong>γεγραμμένον.</strong></span> <span class='ocrx_word' id='word_1_443' title='bbox 1840 3152 1859 3159; x_wconf 38' lang='grc' dir='ltr'>ι</span> 
     </span>
    </p>
   </div>
   <div class='ocr_carea' id='block_1_60' title="bbox 398 3179 1902 3256">
    <p class='ocr_par' dir='ltr' id='par_1_60' title="bbox 398 3179 1902 3256">
     <span class='ocr_line' id='line_1_60' title="bbox 398 3179 1902 3256; baseline -0.003 -17"><span class='ocrx_word' id='word_1_444' title='bbox 398 3194 448 3256; x_wconf 86' lang='grc' dir='ltr'>γ’</span> <span class='ocrx_word' id='word_1_445' title='bbox 476 3186 569 3240; x_wconf 84' lang='grc' dir='ltr'>καὶ</span> <span class='ocrx_word' id='word_1_446' title='bbox 602 3183 683 3248; x_wconf 75' lang='grc' dir='ltr'><strong>κζ’</strong></span> <span class='ocrx_word' id='word_1_447' title='bbox 716 3184 893 3253; x_wconf 79' lang='grc' dir='ltr'>ἔλεγχ.</span> <span class='ocrx_word' id='word_1_448' title='bbox 928 3184 1003 3235; x_wconf 84' lang='grc' dir='ltr'><strong>Οὐ</strong></span> <span class='ocrx_word' id='word_1_449' title='bbox 1041 3181 1321 3251; x_wconf 85' lang='grc' dir='ltr'>δοθήσεταί</span> <span class='ocrx_word' id='word_1_450' title='bbox 1351 3200 1433 3236; x_wconf 90' lang='grc' dir='ltr'><strong>σοι</strong></span> <span class='ocrx_word' id='word_1_451' title='bbox 1454 3184 1614 3247; x_wconf 89' lang='grc' dir='ltr'>τόπος</span> <span class='ocrx_word' id='word_1_452' title='bbox 1636 3186 1692 3237; x_wconf 78' lang='grc' dir='ltr'>ἐν</span> <span class='ocrx_word' id='word_1_453' title='bbox 1726 3179 1806 3247; x_wconf 71' lang='grc' dir='ltr'>οἷς</span> <span class='ocrx_word' id='word_1_454' title='bbox 1834 3183 1902 3237; x_wconf 82' lang='grc' dir='ltr'><strong>ἂν</strong></span> 
     </span>
    </p>
   </div>
   <div class='ocr_carea' id='block_1_61' title="bbox 327 3274 1902 3350">
    <p class='ocr_par' dir='ltr' id='par_1_61' title="bbox 327 3274 1902 3350">
     <span class='ocr_line' id='line_1_61' title="bbox 327 3274 1902 3350; baseline -0.003 -17"><span class='ocrx_word' id='word_1_455' title='bbox 327 3279 675 3350; x_wconf 84' lang='grc' dir='ltr'>τολμήσειας.</span> <span class='ocrx_word' id='word_1_456' title='bbox 704 3275 823 3330; x_wconf 77' lang='grc' dir='ltr'><strong>Κάν</strong></span> <span class='ocrx_word' id='word_1_457' title='bbox 865 3291 926 3328; x_wconf 86' lang='grc' dir='ltr'><strong>τε</strong></span> <span class='ocrx_word' id='word_1_458' title='bbox 970 3275 1081 3346; x_wconf 84' lang='grc' dir='ltr'>γὰρ</span> <span class='ocrx_word' id='word_1_459' title='bbox 1109 3275 1346 3345; x_wconf 67' lang='grc' dir='ltr'>ἐκκόψῃς</span> <span class='ocrx_word' id='word_1_460' title='bbox 1373 3274 1432 3328; x_wconf 83' lang='grc' dir='ltr'><strong>τὸ</strong></span> <span class='ocrx_word' id='word_1_461' title='bbox 1452 3317 1468 3340; x_wconf 91' lang='grc'><strong>,</strong></span> <span class='ocrx_word' id='word_1_462' title='bbox 1513 3276 1664 3330; x_wconf 84' lang='grc' dir='ltr'>κατὰ</span> <span class='ocrx_word' id='word_1_463' title='bbox 1708 3275 1776 3330; x_wconf 83' lang='grc' dir='ltr'><strong>τό</strong></span> <span class='ocrx_word' id='word_1_464' title='bbox 1806 3293 1902 3346; x_wconf 72' lang='grc' dir='ltr'>γε·</span> 
     </span>
    </p>
   </div>
   <div class='ocr_carea' id='block_1_62' title="bbox 329 3365 1904 3440">
    <p class='ocr_par' dir='ltr' id='par_1_62' title="bbox 329 3365 1904 3440">
     <span class='ocr_line' id='line_1_62' title="bbox 329 3365 1904 3440; baseline -0.003 -15"><span class='ocrx_word' id='word_1_465' title='bbox 329 3368 688 3440; x_wconf 64' lang='grc' dir='ltr'>πραμμένον,</span> <span class='ocrx_word' id='word_1_466' title='bbox 717 3366 967 3436; x_wconf 80' lang='grc' dir='ltr'>φαίνεται</span> <span class='ocrx_word' id='word_1_467' title='bbox 1000 3367 1035 3436; x_wconf 75' lang='grc' dir='ltr'><strong>ἡ</strong></span> <span class='ocrx_word' id='word_1_468' title='bbox 1062 3365 1160 3436; x_wconf 80' lang='grc' dir='ltr'>τῆς</span> <span class='ocrx_word' id='word_1_469' title='bbox 1188 3368 1685 3439; x_wconf 81' lang='grc' dir='ltr'>προγεγραμμένης</span> <span class='ocrx_word' id='word_1_470' title='bbox 1708 3366 1904 3435; x_wconf 78' lang='grc' dir='ltr'>λέξεως</span> 
     </span>
    </p>
   </div>
   <div class='ocr_carea' id='block_1_63' title="bbox 329 3454 1907 3526">
    <p class='ocr_par' dir='ltr' id='par_1_63' title="bbox 329 3454 1907 3526">
     <span class='ocr_line' id='line_1_63' title="bbox 329 3454 1907 3526; baseline -0.002 -12"><span class='ocrx_word' id='word_1_471' title='bbox 329 3458 639 3515; x_wconf 77' lang='grc' dir='ltr'>ἀκολουθία.</span> <span class='ocrx_word' id='word_1_472' title='bbox 689 3456 822 3510; x_wconf 84' lang='grc' dir='ltr'><strong>Ἀπὸ</strong></span> <span class='ocrx_word' id='word_1_473' title='bbox 873 3454 967 3509; x_wconf 89' lang='grc' dir='ltr'><strong>τοῦ</strong></span> <span class='ocrx_word' id='word_1_474' title='bbox 1016 3455 1165 3526; x_wconf 80' lang='grc' dir='ltr'>γὰρ,</span> <span class='ocrx_word' id='word_1_475' title='bbox 1231 3457 1593 3511; x_wconf 78' lang='grc' dir='ltr'>Ἐπίστευσα</span> <span class='ocrx_word' id='word_1_476' title='bbox 1622 3497 1634 3520; x_wconf 89' lang='grc'><strong>,</strong></span> <span class='ocrx_word' id='word_1_477' title='bbox 1669 3457 1761 3511; x_wconf 82' lang='grc' dir='ltr'><strong>διὸ</strong></span> <span class='ocrx_word' id='word_1_478' title='bbox 1808 3458 1907 3511; x_wconf 80' lang='grc' dir='ltr'>καὶ</span> 
     </span>
    </p>
   </div>
   <div class='ocr_carea' id='block_1_64' title="bbox 330 3543 1908 3618">
    <p class='ocr_par' dir='ltr' id='par_1_64' title="bbox 330 3543 1908 3618">
     <span class='ocr_line' id='line_1_64' title="bbox 330 3543 1908 3618; baseline -0.003 -13"><span class='ocrx_word' id='word_1_479' title='bbox 330 3550 610 3618; x_wconf 76' lang='grc' dir='ltr'>ἐλάλησα</span> <span class='ocrx_word' id='word_1_480' title='bbox 632 3589 647 3613; x_wconf 95' lang='grc'><strong>,</strong></span> <span class='ocrx_word' id='word_1_481' title='bbox 689 3547 848 3609; x_wconf 80' lang='grc' dir='ltr'>εὐθὺς</span> <span class='ocrx_word' id='word_1_482' title='bbox 893 3545 964 3599; x_wconf 82' lang='grc' dir='ltr'>τὰ</span> <span class='ocrx_word' id='word_1_483' title='bbox 1016 3543 1106 3598; x_wconf 84' lang='grc' dir='ltr'><strong>ῐσα</strong></span> <span class='ocrx_word' id='word_1_484' title='bbox 1149 3545 1451 3614; x_wconf 67' lang='grc' dir='ltr'>ἐπενέγκας</span> <span class='ocrx_word' id='word_1_485' title='bbox 1501 3549 1530 3600; x_wconf 91' lang='grc' dir='ltr'>ὁ</span> <span class='ocrx_word' id='word_1_486' title='bbox 1587 3546 1908 3610; x_wconf 86' lang='grc' dir='ltr'>Ἀπόστολος</span> 
     </span>
    </p>
   </div>
   <div class='ocr_carea' id='block_1_65' title="bbox 334 3636 1908 3711">
    <p class='ocr_par' dir='ltr' id='par_1_65' title="bbox 334 3636 1908 3711">
     <span class='ocr_line' id='line_1_65' title="bbox 334 3636 1908 3711; baseline -0.004 -14"><span class='ocrx_word' id='word_1_487' title='bbox 334 3641 440 3711; x_wconf 75' lang='grc' dir='ltr'><strong>ἔφη</strong></span> <span class='ocrx_word' id='word_1_488' title='bbox 459 3658 471 3672; x_wconf 85' lang='grc'><strong>·</strong></span> <span class='ocrx_word' id='word_1_489' title='bbox 508 3640 788 3708; x_wconf 82' lang='grc' dir='ltr'>Ἔχοντες</span> <span class='ocrx_word' id='word_1_490' title='bbox 815 3637 882 3691; x_wconf 85' lang='grc' dir='ltr'><strong>τὸ</strong></span> <span class='ocrx_word' id='word_1_491' title='bbox 909 3637 1056 3692; x_wconf 84' lang='grc' dir='ltr'>αὐτὸ</span> <span class='ocrx_word' id='word_1_492' title='bbox 1109 3637 1345 3707; x_wconf 81' lang='grc' dir='ltr'>πνεῦμα</span> <span class='ocrx_word' id='word_1_493' title='bbox 1376 3636 1488 3705; x_wconf 88' lang='grc' dir='ltr'>τῆς</span> <span class='ocrx_word' id='word_1_494' title='bbox 1519 3640 1777 3705; x_wconf 81' lang='grc' dir='ltr'>πίστεως</span> <span class='ocrx_word' id='word_1_495' title='bbox 1808 3638 1908 3694; x_wconf 78' lang='grc' dir='ltr'>καὶ</span> 
     </span>
    </p>
   </div>
   <div class='ocr_carea' id='block_1_66' title="bbox 331 3728 1908 3802">
    <p class='ocr_par' dir='ltr' id='par_1_66' title="bbox 331 3728 1908 3802">
     <span class='ocr_line' id='line_1_66' title="bbox 331 3728 1908 3802; baseline -0.003 -15"><span class='ocrx_word' id='word_1_496' title='bbox 331 3732 507 3802; x_wconf 71' lang='grc' dir='ltr'>ἡμεῖς</span> <span class='ocrx_word' id='word_1_497' title='bbox 542 3731 936 3800; x_wconf 79' lang='grc' dir='ltr'>πιστεύομεν,</span> <span class='ocrx_word' id='word_1_498' title='bbox 980 3729 1073 3782; x_wconf 83' lang='grc' dir='ltr'><strong>διὸ</strong></span> <span class='ocrx_word' id='word_1_499' title='bbox 1117 3728 1218 3782; x_wconf 81' lang='grc' dir='ltr'>καὶ</span> <span class='ocrx_word' id='word_1_500' title='bbox 1274 3730 1602 3798; x_wconf 80' lang='grc' dir='ltr'>λαλοῦμεν.</span> <span class='ocrx_word' id='word_1_501' title='bbox 1649 3730 1819 3783; x_wconf 63' lang='grc' dir='ltr'><strong>Παντὶ⁵</strong></span> <span class='ocrx_word' id='word_1_502' title='bbox 1851 3728 1908 3782; x_wconf 75' lang='grc' dir='ltr'>δέ</span> 
     </span>
    </p>
   </div>
   <div class='ocr_carea' id='block_1_67' title="bbox 333 3817 1910 3891">
    <p class='ocr_par' dir='ltr' id='par_1_67' title="bbox 333 3817 1910 3891">
     <span class='ocr_line' id='line_1_67' title="bbox 333 3817 1910 3891; baseline -0.001 -18"><span class='ocrx_word' id='word_1_503' title='bbox 333 3838 416 3891; x_wconf 81' lang='grc' dir='ltr'>τῳ</span> <span class='ocrx_word' id='word_1_504' title='bbox 448 3819 616 3889; x_wconf 79' lang='grc' dir='ltr'>σαφές</span> <span class='ocrx_word' id='word_1_505' title='bbox 647 3822 762 3873; x_wconf 71' lang='grc' dir='ltr'>ἐστι</span> <span class='ocrx_word' id='word_1_506' title='bbox 790 3817 969 3879; x_wconf 89' lang='grc' dir='ltr'>τοῦτο,</span> <span class='ocrx_word' id='word_1_507' title='bbox 1003 3818 1084 3871; x_wconf 77' lang='grc' dir='ltr'>ὅτι</span> <span class='ocrx_word' id='word_1_508' title='bbox 1121 3818 1178 3870; x_wconf 81' lang='grc' dir='ltr'>ὲν</span> <span class='ocrx_word' id='word_1_509' title='bbox 1208 3817 1285 3887; x_wconf 83' lang='grc' dir='ltr'>τῷ</span> <span class='ocrx_word' id='word_1_510' title='bbox 1318 3818 1593 3889; x_wconf 81' lang='grc' dir='ltr'>ἑκατοστῷ</span> <span class='ocrx_word' id='word_1_511' title='bbox 1625 3835 1910 3873; x_wconf 83' lang='grc' dir='ltr'>πεντεκαι-</span> 
     </span>
    </p>
   </div>
   <div class='ocr_carea' id='block_1_68' title="bbox 332 3907 1910 3982">
    <p class='ocr_par' dir='ltr' id='par_1_68' title="bbox 332 3907 1910 3982">
     <span class='ocr_line' id='line_1_68' title="bbox 332 3907 1910 3982; baseline -0.003 -15"><span class='ocrx_word' id='word_1_512' title='bbox 332 3911 546 3982; x_wconf 80' lang='grc' dir='ltr'>δεκάτῳ</span> <span class='ocrx_word' id='word_1_513' title='bbox 573 3909 774 3980; x_wconf 70' lang='grc' dir='ltr'>ψαλμῷ</span> <span class='ocrx_word' id='word_1_514' title='bbox 821 3911 879 3962; x_wconf 80' lang='grc' dir='ltr'>ὲν</span> <span class='ocrx_word' id='word_1_515' title='bbox 924 3908 1005 3979; x_wconf 87' lang='grc' dir='ltr'>τῷ</span> <span class='ocrx_word' id='word_1_516' title='bbox 1051 3908 1149 3979; x_wconf 79' lang='grc' dir='ltr'>τὴν</span> <span class='ocrx_word' id='word_1_517' title='bbox 1205 3907 1514 3980; x_wconf 72' lang='grc' dir='ltr'>ἐπιγραφὴν</span> <span class='ocrx_word' id='word_1_518' title='bbox 1559 3909 1910 3976; x_wconf 77' lang='grc' dir='ltr'>Ἀλληλούϊα</span> 
     </span>
    </p>
   </div>
   <div class='ocr_carea' id='block_1_69' title="bbox 337 3996 1909 4075">
    <p class='ocr_par' dir='ltr' id='par_1_69' title="bbox 337 3996 1909 4075">
     <span class='ocr_line' id='line_1_69' title="bbox 337 3996 1909 4075; baseline -0.003 -19"><span class='ocrx_word' id='word_1_519' title='bbox 337 4002 536 4075; x_wconf 73' lang='grc' dir='ltr'>ἔχοντι,</span> <span class='ocrx_word' id='word_1_520' title='bbox 571 4002 670 4071; x_wconf 85' lang='grc' dir='ltr'>τῆς</span> <span class='ocrx_word' id='word_1_521' title='bbox 710 4000 767 4053; x_wconf 85' lang='grc' dir='ltr'>δὲ</span> <span class='ocrx_word' id='word_1_522' title='bbox 793 3998 886 4053; x_wconf 84' lang='grc' dir='ltr'><strong>τοῦ</strong></span> <span class='ocrx_word' id='word_1_523' title='bbox 921 3998 1085 4052; x_wconf 75' lang='grc' dir='ltr'>Δαόὶδ</span> <span class='ocrx_word' id='word_1_524' title='bbox 1118 3998 1303 4069; x_wconf 79' lang='grc' dir='ltr'>βίϐλου</span> <span class='ocrx_word' id='word_1_525' title='bbox 1332 3999 1464 4063; x_wconf 73' lang='grc' dir='ltr'>ὄντι,</span> <span class='ocrx_word' id='word_1_526' title='bbox 1501 4000 1592 4052; x_wconf 73' lang='grc' dir='ltr'><strong>καὶ</strong></span> <span class='ocrx_word' id='word_1_527' title='bbox 1624 4000 1717 4052; x_wconf 81' lang='grc' dir='ltr'>ὑπ’</span> <span class='ocrx_word' id='word_1_528' title='bbox 1746 3996 1909 4052; x_wconf 74' lang='grc' dir='ltr'>αὑτοῦ</span> 
     </span>
    </p>
   </div>
   <div class='ocr_carea' id='block_1_70' title="bbox 338 4087 1911 4166">
    <p class='ocr_par' dir='ltr' id='par_1_70' title="bbox 338 4087 1911 4166">
     <span class='ocr_line' id='line_1_70' title="bbox 338 4087 1911 4166; baseline -0.004 -19"><span class='ocrx_word' id='word_1_529' title='bbox 338 4091 862 4166; x_wconf 81' lang='grc' dir='ltr'>προπεφητευμένῳ,</span> <span class='ocrx_word' id='word_1_530' title='bbox 896 4093 924 4144; x_wconf 89' lang='grc' dir='ltr'><strong>ό</strong></span> <span class='ocrx_word' id='word_1_531' title='bbox 949 4089 1107 4158; x_wconf 84' lang='grc' dir='ltr'>λόγος</span> <span class='ocrx_word' id='word_1_532' title='bbox 1148 4087 1264 4153; x_wconf 88' lang='grc' dir='ltr'>τοῦ,</span> <span class='ocrx_word' id='word_1_533' title='bbox 1283 4089 1655 4143; x_wconf 80' lang='grc' dir='ltr'>Ἐπίστευσα</span> <span class='ocrx_word' id='word_1_534' title='bbox 1684 4089 1801 4142; x_wconf 74' lang='grc' dir='ltr'>ἐστὶ</span> <span class='ocrx_word' id='word_1_535' title='bbox 1823 4105 1911 4157; x_wconf 83' lang='grc' dir='ltr'>γε·</span> 
     </span>
    </p>
   </div>
   <div class='ocr_carea' id='block_1_71' title="bbox 340 4179 1911 4258">
    <p class='ocr_par' dir='ltr' id='par_1_71' title="bbox 340 4179 1911 4258">
     <span class='ocr_line' id='line_1_71' title="bbox 340 4179 1911 4258; baseline -0.004 -21"><span class='ocrx_word' id='word_1_536' title='bbox 340 4184 679 4258; x_wconf 84' lang='grc' dir='ltr'>γραμμένος.</span> <span class='ocrx_word' id='word_1_537' title='bbox 713 4181 873 4236; x_wconf 86' lang='grc' dir='ltr'>Ὅθεν</span> <span class='ocrx_word' id='word_1_538' title='bbox 902 4183 997 4235; x_wconf 63' lang='grc' dir='ltr'><strong>καὶ⁵</strong></span> <span class='ocrx_word' id='word_1_539' title='bbox 1024 4182 1053 4234; x_wconf 88' lang='grc' dir='ltr'><strong>ό</strong></span> <span class='ocrx_word' id='word_1_540' title='bbox 1092 4181 1414 4244; x_wconf 81' lang='grc' dir='ltr'>Ἀπόστολος</span> <span class='ocrx_word' id='word_1_541' title='bbox 1449 4179 1608 4233; x_wconf 76' lang='grc' dir='ltr'>ἔλαϐε</span> <span class='ocrx_word' id='word_1_542' title='bbox 1635 4180 1696 4233; x_wconf 85' lang='grc' dir='ltr'><strong>τὸ</strong></span> <span class='ocrx_word' id='word_1_543' title='bbox 1728 4180 1911 4251; x_wconf 79' lang='grc' dir='ltr'>ῥητὸν,</span> 
     </span>
    </p>
   </div>
   <div class='ocr_carea' id='block_1_72' title="bbox 341 4270 1913 4346">
    <p class='ocr_par' dir='ltr' id='par_1_72' title="bbox 341 4270 1913 4346">
     <span class='ocr_line' id='line_1_72' title="bbox 341 4270 1913 4346; baseline -0.003 -16"><span class='ocrx_word' id='word_1_544' title='bbox 341 4279 439 4331; x_wconf 69' lang='grc' dir='ltr'>καὶ</span> <span class='ocrx_word' id='word_1_545' title='bbox 462 4275 659 4346; x_wconf 85' lang='grc' dir='ltr'>ὁμοίως</span> <span class='ocrx_word' id='word_1_546' title='bbox 688 4273 791 4345; x_wconf 74' lang='grc' dir='ltr'>ἔφη</span> <span class='ocrx_word' id='word_1_547' title='bbox 822 4274 912 4336; x_wconf 88' lang='grc' dir='ltr'><strong>τὸ,</strong></span> <span class='ocrx_word' id='word_1_548' title='bbox 942 4272 1041 4327; x_wconf 84' lang='grc' dir='ltr'><strong>Διὸ</strong></span> <span class='ocrx_word' id='word_1_549' title='bbox 1086 4274 1451 4342; x_wconf 82' lang='grc' dir='ltr'>πιστεύομεν</span> <span class='ocrx_word' id='word_1_550' title='bbox 1483 4273 1582 4325; x_wconf 73' lang='grc' dir='ltr'>καὶ</span> <span class='ocrx_word' id='word_1_551' title='bbox 1610 4270 1780 4340; x_wconf 70' lang='grc' dir='ltr'>ἡμεῖς</span> <span class='ocrx_word' id='word_1_552' title='bbox 1816 4271 1913 4325; x_wconf 74' lang='grc' dir='ltr'>καὶ</span> 
     </span>
    </p>
   </div>
   <div class='ocr_carea' id='block_1_73' title="bbox 338 4361 1916 4436">
    <p class='ocr_par' dir='ltr' id='par_1_73' title="bbox 338 4361 1916 4436">
     <span class='ocr_line' id='line_1_73' title="bbox 338 4361 1916 4436; baseline -0.005 -13"><span class='ocrx_word' id='word_1_553' title='bbox 338 4367 670 4435; x_wconf 68' lang='grc' dir='ltr'>λαλοῦμεν,</span> <span class='ocrx_word' id='word_1_554' title='bbox 694 4361 772 4428; x_wconf 76' lang='grc' dir='ltr'>εἷς</span> <span class='ocrx_word' id='word_1_555' title='bbox 799 4364 874 4418; x_wconf 84' lang='grc' dir='ltr'>ὣν</span> <span class='ocrx_word' id='word_1_556' title='bbox 896 4362 987 4418; x_wconf 89' lang='grc' dir='ltr'><strong>τοῦ</strong></span> <span class='ocrx_word' id='word_1_557' title='bbox 1014 4363 1247 4436; x_wconf 88' lang='grc' dir='ltr'>ἀριθμοῦ</span> <span class='ocrx_word' id='word_1_558' title='bbox 1271 4364 1379 4417; x_wconf 86' lang='grc' dir='ltr'><strong>τῶν</strong></span> <span class='ocrx_word' id='word_1_559' title='bbox 1399 4361 1916 4417; x_wconf 77' lang='grc' dir='ltr'>ἀποστόλων.ι”υθεν</span> 
     </span>
    </p>
   </div>
   <div class='ocr_carea' id='block_1_74' title="bbox 2081 2910 3586 2991">
    <p class='ocr_par' dir='ltr' id='par_1_74' title="bbox 2081 2910 3586 2991">
     <span class='ocr_line' id='line_1_74' title="bbox 2081 2910 3586 2991; baseline -0.001 -22"><span class='ocrx_word' id='word_1_560' title='bbox 2081 2913 2265 2970; x_wconf 91' lang='lat' dir='ltr'><strong>Schol.</strong></span> <span class='ocrx_word' id='word_1_561' title='bbox 2295 2914 2329 2969; x_wconf 78' lang='grc'><strong>5</strong></span> <span class='ocrx_word' id='word_1_562' title='bbox 2358 2922 2411 2969; x_wconf 88' lang='lat' dir='ltr'><strong>et</strong></span> <span class='ocrx_word' id='word_1_563' title='bbox 2441 2912 2529 2965; x_wconf 70' lang='lat'><strong>27.</strong></span> <span class='ocrx_word' id='word_1_564' title='bbox 2564 2910 2824 2991; x_wconf 56' lang='lat' dir='ltr'><strong>[labentes</strong></span> <span class='ocrx_word' id='word_1_565' title='bbox 2867 2920 3042 2965; x_wconf 83' lang='lat' dir='ltr'><strong>autem</strong></span> <span class='ocrx_word' id='word_1_566' title='bbox 3079 2918 3315 2968; x_wconf 83' lang='lat' dir='ltr'><strong>eumdem</strong></span> <span class='ocrx_word' id='word_1_567' title='bbox 3343 2917 3586 2984; x_wconf 75' lang='lat' dir='ltr'><strong>spiritum</strong></span> 
     </span>
    </p>
   </div>
   <div class='ocr_carea' id='block_1_75' title="bbox 2014 3000 3585 3074">
    <p class='ocr_par' dir='ltr' id='par_1_75' title="bbox 2014 3000 3585 3074">
     <span class='ocr_line' id='line_1_75' title="bbox 2014 3000 3585 3074; baseline 0.003 -18"><span class='ocrx_word' id='word_1_568' title='bbox 2014 3004 2133 3068; x_wconf 72' lang='lat' dir='ltr'><strong>ﬁdei</strong></span> <span class='ocrx_word' id='word_1_569' title='bbox 2187 3012 2237 3058; x_wconf 74' lang='lat' dir='ltr'><strong>et</strong></span> <span class='ocrx_word' id='word_1_570' title='bbox 2274 3020 2368 3057; x_wconf 83' lang='lat' dir='ltr'><strong>nos</strong></span> <span class='ocrx_word' id='word_1_571' title='bbox 2410 3000 2705 3062; x_wconf 75' lang='lat' dir='ltr'><strong>credimus,</strong></span> <span class='ocrx_word' id='word_1_572' title='bbox 2749 3010 2960 3069; x_wconf 77' lang='lat' dir='ltr'><strong>propter</strong></span> <span class='ocrx_word' id='word_1_573' title='bbox 2983 3002 3122 3071; x_wconf 85' lang='lat' dir='ltr'><strong>quod</strong></span> <span class='ocrx_word' id='word_1_574' title='bbox 3156 3015 3204 3056; x_wconf 87' lang='lat' dir='ltr'><strong>et</strong></span> <span class='ocrx_word' id='word_1_575' title='bbox 3244 3005 3506 3074; x_wconf 80' lang='lat' dir='ltr'><strong>loquimur</strong></span> <span class='ocrx_word' id='word_1_576' title='bbox 3540 3010 3585 3062; x_wconf 77' lang='grc'><strong>⁹.</strong></span> 
     </span>
    </p>
   </div>
   <div class='ocr_carea' id='block_1_76' title="bbox 2010 3093 3318 3163">
    <p class='ocr_par' dir='ltr' id='par_1_76' title="bbox 2010 3093 3318 3163">
     <span class='ocr_line' id='line_1_76' title="bbox 2010 3093 3318 3163; baseline -0.001 -12"><span class='ocrx_word' id='word_1_577' title='bbox 2010 3094 2113 3151; x_wconf 89' lang='lat' dir='ltr'><strong>Ubi</strong></span> <span class='ocrx_word' id='word_1_578' title='bbox 2142 3110 2304 3150; x_wconf 89' lang='lat' dir='ltr'><strong>voces</strong></span> <span class='ocrx_word' id='word_1_579' title='bbox 2334 3095 2455 3149; x_wconf 85' lang='lat' dir='ltr'><strong>illas</strong></span> <span class='ocrx_word' id='word_1_580' title='bbox 2478 3093 2723 3157; x_wconf 86' lang='lat' dir='ltr'><strong>sustulit,</strong></span> <span class='ocrx_word' id='word_1_581' title='bbox 2771 3093 2909 3147; x_wconf 87' lang='lat' dir='ltr'><strong>sicut</strong></span> <span class='ocrx_word' id='word_1_582' title='bbox 2939 3096 3194 3163; x_wconf 82' lang='lat' dir='ltr'><strong>scriptum</strong></span> <span class='ocrx_word' id='word_1_583' title='bbox 3219 3104 3318 3151; x_wconf 85' lang='lat' dir='ltr'><strong>est.</strong></span> 
     </span>
    </p>
   </div>
   <div class='ocr_carea' id='block_1_77' title="bbox 2076 3183 3590 3253">
    <p class='ocr_par' dir='ltr' id='par_1_77' title="bbox 2076 3183 3590 3253">
     <span class='ocr_line' id='line_1_77' title="bbox 2076 3183 3590 3253; baseline 0.003 -14"><span class='ocrx_word' id='word_1_584' title='bbox 2076 3185 2260 3242; x_wconf 78' lang='lat' dir='ltr'><strong>Befut.</strong></span> <span class='ocrx_word' id='word_1_585' title='bbox 2297 3186 2331 3241; x_wconf 80' lang='lat'><strong><em>3</em></strong></span> <span class='ocrx_word' id='word_1_586' title='bbox 2370 3192 2423 3241; x_wconf 93' lang='lat' dir='ltr'><strong>et</strong></span> <span class='ocrx_word' id='word_1_587' title='bbox 2457 3184 2549 3240; x_wconf 76' lang='grc'><strong>27.</strong></span> <span class='ocrx_word' id='word_1_588' title='bbox 2576 3183 2915 3253; x_wconf 86' lang='lat' dir='ltr'><strong>Quocunque</strong></span> <span class='ocrx_word' id='word_1_589' title='bbox 2955 3184 3240 3240; x_wconf 82' lang='lat' dir='ltr'><strong>audaciam</strong></span> <span class='ocrx_word' id='word_1_590' title='bbox 3284 3196 3431 3242; x_wconf 89' lang='lat' dir='ltr'><strong>tuam</strong></span> <span class='ocrx_word' id='word_1_591' title='bbox 3459 3202 3590 3243; x_wconf 86' lang='lat' dir='ltr'><strong>con-</strong></span> 
     </span>
    </p>
   </div>
   <div class='ocr_carea' id='block_1_78' title="bbox 2007 3275 3587 3346">
    <p class='ocr_par' dir='ltr' id='par_1_78' title="bbox 2007 3275 3587 3346">
     <span class='ocr_line' id='line_1_78' title="bbox 2007 3275 3587 3346; baseline 0.003 -14"><span class='ocrx_word' id='word_1_592' title='bbox 2007 3278 2258 3341; x_wconf 90' lang='lat' dir='ltr'><strong>verteris,</strong></span> <span class='ocrx_word' id='word_1_593' title='bbox 2312 3277 2522 3331; x_wconf 85' lang='lat' dir='ltr'><strong>nullum</strong></span> <span class='ocrx_word' id='word_1_594' title='bbox 2564 3290 2673 3346; x_wconf 91' lang='lat' dir='ltr'><strong>quo</strong></span> <span class='ocrx_word' id='word_1_595' title='bbox 2727 3284 2778 3329; x_wconf 91' lang='lat' dir='ltr'><strong>te</strong></span> <span class='ocrx_word' id='word_1_596' title='bbox 2817 3275 3026 3331; x_wconf 87' lang='lat' dir='ltr'><strong>inseras</strong></span> <span class='ocrx_word' id='word_1_597' title='bbox 3074 3277 3280 3332; x_wconf 87' lang='lat' dir='ltr'><strong>aditum</strong></span> <span class='ocrx_word' id='word_1_598' title='bbox 3322 3279 3587 3336; x_wconf 80' lang='lat' dir='ltr'><strong>invenies.</strong></span> 
     </span>
    </p>
   </div>
   <div class='ocr_carea' id='block_1_79' title="bbox 2009 3367 3589 3438">
    <p class='ocr_par' dir='ltr' id='par_1_79' title="bbox 2009 3367 3589 3438">
     <span class='ocr_line' id='line_1_79' title="bbox 2009 3367 3589 3438; baseline 0.001 -13"><span class='ocrx_word' id='word_1_599' title='bbox 2009 3371 2136 3425; x_wconf 83' lang='lat' dir='ltr'><strong>Sive</strong></span> <span class='ocrx_word' id='word_1_600' title='bbox 2181 3369 2325 3425; x_wconf 91' lang='lat' dir='ltr'><strong>enim</strong></span> <span class='ocrx_word' id='word_1_601' title='bbox 2374 3368 2465 3423; x_wconf 90' lang='lat' dir='ltr'><strong>illa</strong></span> <span class='ocrx_word' id='word_1_602' title='bbox 2517 3367 2715 3434; x_wconf 88' lang='lat' dir='ltr'><strong>verba,</strong></span> <span class='ocrx_word' id='word_1_603' title='bbox 2750 3368 2884 3421; x_wconf 83' lang='lat' dir='ltr'><strong>sicut</strong></span> <span class='ocrx_word' id='word_1_604' title='bbox 2922 3370 3177 3437; x_wconf 83' lang='lat' dir='ltr'><strong>scriptum</strong></span> <span class='ocrx_word' id='word_1_605' title='bbox 3217 3379 3327 3438; x_wconf 85' lang='lat' dir='ltr'><strong>est,</strong></span> <span class='ocrx_word' id='word_1_606' title='bbox 3373 3372 3589 3433; x_wconf 86' lang='lat' dir='ltr'><strong>deleas.</strong></span> 
     </span>
    </p>
   </div>
   <div class='ocr_carea' id='block_1_80' title="bbox 2009 3456 3595 3528">
    <p class='ocr_par' dir='ltr' id='par_1_80' title="bbox 2009 3456 3595 3528">
     <span class='ocr_line' id='line_1_80' title="bbox 2009 3456 3595 3528; baseline 0.001 -14"><span class='ocrx_word' id='word_1_607' title='bbox 2009 3458 2448 3516; x_wconf 88' lang='lat' dir='ltr'><strong>antecedentium</strong></span> <span class='ocrx_word' id='word_1_608' title='bbox 2496 3459 2789 3513; x_wconf 85' lang='lat' dir='ltr'><strong>verborum</strong></span> <span class='ocrx_word' id='word_1_609' title='bbox 2834 3456 2951 3526; x_wconf 87' lang='lat' dir='ltr'><strong>ipsa</strong></span> <span class='ocrx_word' id='word_1_610' title='bbox 2986 3459 3156 3514; x_wconf 89' lang='lat' dir='ltr'><strong>series</strong></span> <span class='ocrx_word' id='word_1_611' title='bbox 3186 3470 3428 3528; x_wconf 85' lang='lat' dir='ltr'><strong>apparet.</strong></span> <span class='ocrx_word' id='word_1_612' title='bbox 3464 3459 3595 3515; x_wconf 85' lang='lat' dir='ltr'><strong>Post</strong></span> 
     </span>
    </p>
   </div>
   <div class='ocr_carea' id='block_1_81' title="bbox 2009 3548 3592 3621">
    <p class='ocr_par' dir='ltr' id='par_1_81' title="bbox 2009 3548 3592 3621">
     <span class='ocr_line' id='line_1_81' title="bbox 2009 3548 3592 3621; baseline -0.001 -14"><span class='ocrx_word' id='word_1_613' title='bbox 2009 3552 2124 3607; x_wconf 61' lang='lat' dir='ltr'><strong>haec</strong></span> <span class='ocrx_word' id='word_1_614' title='bbox 2144 3550 2286 3607; x_wconf 89' lang='lat' dir='ltr'><strong>enim</strong></span> <span class='ocrx_word' id='word_1_615' title='bbox 2317 3549 2483 3605; x_wconf 86' lang='lat' dir='ltr'><strong>verba</strong></span> <span class='ocrx_word' id='word_1_616' title='bbox 2516 3568 2530 3605; x_wconf 89' lang='lat'>:</span> <span class='ocrx_word' id='word_1_617' title='bbox 2561 3548 2795 3615; x_wconf 81' lang='lat' dir='ltr'><strong>Credidi,</strong></span> <span class='ocrx_word' id='word_1_618' title='bbox 2818 3559 3029 3620; x_wconf 85' lang='lat' dir='ltr'><strong>propter</strong></span> <span class='ocrx_word' id='word_1_619' title='bbox 3050 3551 3190 3621; x_wconf 81' lang='lat' dir='ltr'><strong>quod</strong></span> <span class='ocrx_word' id='word_1_620' title='bbox 3214 3551 3417 3606; x_wconf 80' lang='lat' dir='ltr'><strong>locutus</strong></span> <span class='ocrx_word' id='word_1_621' title='bbox 3446 3570 3592 3617; x_wconf 84' lang='lat' dir='ltr'><strong>sum,</strong></span> 
     </span>
    </p>
   </div>
   <div class='ocr_carea' id='block_1_82' title="bbox 2010 3641 3594 3713">
    <p class='ocr_par' dir='ltr' id='par_1_82' title="bbox 2010 3641 3594 3713">
     <span class='ocr_line' id='line_1_82' title="bbox 2010 3641 3594 3713; baseline -0.002 -13"><span class='ocrx_word' id='word_1_622' title='bbox 2010 3643 2241 3700; x_wconf 90' lang='lat' dir='ltr'><strong>subinde</strong></span> <span class='ocrx_word' id='word_1_623' title='bbox 2266 3642 2496 3711; x_wconf 74' lang='lat' dir='ltr'><strong>:equalia</strong></span> <span class='ocrx_word' id='word_1_624' title='bbox 2529 3641 2867 3711; x_wconf 82' lang='lat' dir='ltr'><strong>subjungens</strong></span> <span class='ocrx_word' id='word_1_625' title='bbox 2893 3647 2967 3695; x_wconf 87' lang='lat' dir='ltr'><strong>ait</strong></span> <span class='ocrx_word' id='word_1_626' title='bbox 2995 3642 3294 3713; x_wconf 83' lang='lat' dir='ltr'><strong>Apostolus</strong></span> <span class='ocrx_word' id='word_1_627' title='bbox 3327 3661 3337 3696; x_wconf 91' lang='lat'><strong>:</strong></span> <span class='ocrx_word' id='word_1_628' title='bbox 3380 3643 3594 3698; x_wconf 75' lang='lat' dir='ltr'><strong>[luben-</strong></span> 
     </span>
    </p>
   </div>
   <div class='ocr_carea' id='block_1_83' title="bbox 2012 3730 3599 3800">
    <p class='ocr_par' dir='ltr' id='par_1_83' title="bbox 2012 3730 3599 3800">
     <span class='ocr_line' id='line_1_83' title="bbox 2012 3730 3599 3800; baseline -0.003 -13"><span class='ocrx_word' id='word_1_629' title='bbox 2012 3744 2087 3787; x_wconf 84' lang='lat' dir='ltr'><strong>tes</strong></span> <span class='ocrx_word' id='word_1_630' title='bbox 2117 3731 2353 3785; x_wconf 86' lang='lat' dir='ltr'><strong>eumdem</strong></span> <span class='ocrx_word' id='word_1_631' title='bbox 2393 3731 2637 3800; x_wconf 76' lang='lat' dir='ltr'><strong>spiritum</strong></span> <span class='ocrx_word' id='word_1_632' title='bbox 2677 3730 2806 3799; x_wconf 75' lang='lat' dir='ltr'><strong>ﬁdei</strong></span> <span class='ocrx_word' id='word_1_633' title='bbox 2834 3738 2884 3783; x_wconf 80' lang='lat' dir='ltr'><strong>et</strong></span> <span class='ocrx_word' id='word_1_634' title='bbox 2919 3746 3011 3783; x_wconf 85' lang='lat' dir='ltr'><strong>nos</strong></span> <span class='ocrx_word' id='word_1_635' title='bbox 3049 3731 3344 3796; x_wconf 82' lang='lat' dir='ltr'><strong>credimus,</strong></span> <span class='ocrx_word' id='word_1_636' title='bbox 3385 3741 3599 3797; x_wconf 84' lang='lat' dir='ltr'><strong>propter</strong></span> 
     </span>
    </p>
   </div>
   <div class='ocr_carea' id='block_1_84' title="bbox 1995 3813 3595 3894">
    <p class='ocr_par' dir='ltr' id='par_1_84' title="bbox 1995 3813 3595 3894">
     <span class='ocr_line' id='line_1_84' title="bbox 1995 3813 3595 3894; baseline -0.004 -17"><span class='ocrx_word' id='word_1_637' title='bbox 1995 3813 2148 3894; x_wconf 83' lang='lat' dir='ltr'><strong>quod</strong></span> <span class='ocrx_word' id='word_1_638' title='bbox 2179 3824 2463 3892; x_wconf 79' lang='lat' dir='ltr'><strong>loquimur.</strong></span> <span class='ocrx_word' id='word_1_639' title='bbox 2508 3820 2678 3876; x_wconf 90' lang='lat' dir='ltr'><strong>Nemo</strong></span> <span class='ocrx_word' id='word_1_640' title='bbox 2712 3829 2891 3875; x_wconf 89' lang='lat' dir='ltr'><strong>autem</strong></span> <span class='ocrx_word' id='word_1_641' title='bbox 2913 3820 3045 3875; x_wconf 89' lang='lat' dir='ltr'><strong>illud</strong></span> <span class='ocrx_word' id='word_1_642' title='bbox 3079 3821 3344 3889; x_wconf 79' lang='lat' dir='ltr'><strong>ignorate</strong></span> <span class='ocrx_word' id='word_1_643' title='bbox 3384 3821 3595 3890; x_wconf 83' lang='lat' dir='ltr'><strong>psalmo</strong></span> 
     </span>
    </p>
   </div>
   <div class='ocr_carea' id='block_1_85' title="bbox 2010 3910 3595 3982">
    <p class='ocr_par' dir='ltr' id='par_1_85' title="bbox 2010 3910 3595 3982">
     <span class='ocr_line' id='line_1_85' title="bbox 2010 3910 3595 3982; baseline -0.002 -12"><span class='ocrx_word' id='word_1_644' title='bbox 2010 3931 2135 3979; x_wconf 74' lang='lat' dir='ltr'><strong>cxv,</strong></span> <span class='ocrx_word' id='word_1_645' title='bbox 2160 3914 2246 3969; x_wconf 92' lang='lat' dir='ltr'><strong>cui</strong></span> <span class='ocrx_word' id='word_1_646' title='bbox 2278 3913 2600 3982; x_wconf 91' lang='lat' dir='ltr'><strong>inscriptum</strong></span> <span class='ocrx_word' id='word_1_647' title='bbox 2634 3918 2718 3967; x_wconf 90' lang='lat' dir='ltr'><strong>est</strong></span> <span class='ocrx_word' id='word_1_648' title='bbox 2749 3911 3011 3977; x_wconf 85' lang='lat' dir='ltr'><strong>Alleluia,</strong></span> <span class='ocrx_word' id='word_1_649' title='bbox 3046 3913 3248 3982; x_wconf 86' lang='lat' dir='ltr'><strong>quique</strong></span> <span class='ocrx_word' id='word_1_650' title='bbox 3284 3913 3338 3966; x_wconf 90' lang='lat' dir='ltr'><strong>in</strong></span> <span class='ocrx_word' id='word_1_651' title='bbox 3376 3910 3595 3967; x_wconf 80' lang='lat' dir='ltr'><strong>Davidis</strong></span> 
     </span>
    </p>
   </div>
   <div class='ocr_carea' id='block_1_86' title="bbox 2013 4001 3593 4075">
    <p class='ocr_par' dir='ltr' id='par_1_86' title="bbox 2013 4001 3593 4075">
     <span class='ocr_line' id='line_1_86' title="bbox 2013 4001 3593 4075; baseline -0.004 -15"><span class='ocrx_word' id='word_1_652' title='bbox 2013 4006 2153 4060; x_wconf 88' lang='lat' dir='ltr'><strong>libro</strong></span> <span class='ocrx_word' id='word_1_653' title='bbox 2198 4004 2415 4075; x_wconf 78' lang='lat' dir='ltr'><strong>legitur,</strong></span> <span class='ocrx_word' id='word_1_654' title='bbox 2440 4009 2494 4057; x_wconf 92' lang='lat' dir='ltr'><strong>et</strong></span> <span class='ocrx_word' id='word_1_655' title='bbox 2534 4001 2675 4057; x_wconf 90' lang='lat' dir='ltr'><strong>inter</strong></span> <span class='ocrx_word' id='word_1_656' title='bbox 2702 4003 2822 4071; x_wconf 84' lang='lat' dir='ltr'><strong>ejus</strong></span> <span class='ocrx_word' id='word_1_657' title='bbox 2852 4003 3074 4056; x_wconf 83' lang='lat' dir='ltr'><strong>oracula</strong></span> <span class='ocrx_word' id='word_1_658' title='bbox 3107 4011 3363 4058; x_wconf 90' lang='lat' dir='ltr'><strong>censetur</strong></span> <span class='ocrx_word' id='word_1_659' title='bbox 3384 4043 3399 4065; x_wconf 86' lang='lat'><strong><em>.</em></strong></span> <span class='ocrx_word' id='word_1_660' title='bbox 3430 4003 3593 4056; x_wconf 86' lang='lat' dir='ltr'><strong>verba</strong></span> 
     </span>
    </p>
   </div>
   <div class='ocr_carea' id='block_1_87' title="bbox 2014 4091 3595 4165">
    <p class='ocr_par' dir='ltr' id='par_1_87' title="bbox 2014 4091 3595 4165">
     <span class='ocr_line' id='line_1_87' title="bbox 2014 4091 3595 4165; baseline 0 -17"><span class='ocrx_word' id='word_1_661' title='bbox 2014 4096 2104 4150; x_wconf 90' lang='lat' dir='ltr'><strong>illa</strong></span> <span class='ocrx_word' id='word_1_662' title='bbox 2134 4109 2256 4150; x_wconf 91' lang='lat' dir='ltr'><strong>esse</strong></span> <span class='ocrx_word' id='word_1_663' title='bbox 2296 4095 2645 4163; x_wconf 85' lang='lat' dir='ltr'><strong>deprompta,</strong></span> <span class='ocrx_word' id='word_1_664' title='bbox 2680 4091 2916 4159; x_wconf 81' lang='lat' dir='ltr'><strong>Credidi,</strong></span> <span class='ocrx_word' id='word_1_665' title='bbox 2948 4102 3054 4149; x_wconf 90' lang='lat' dir='ltr'><strong>etc.</strong></span> <span class='ocrx_word' id='word_1_666' title='bbox 3082 4094 3238 4151; x_wconf 89' lang='lat' dir='ltr'><strong>Unde</strong></span> <span class='ocrx_word' id='word_1_667' title='bbox 3265 4101 3319 4150; x_wconf 90' lang='lat' dir='ltr'><strong>et</strong></span> <span class='ocrx_word' id='word_1_668' title='bbox 3361 4095 3595 4165; x_wconf 86' lang='lat' dir='ltr'><strong>Aposto-</strong></span> 
     </span>
    </p>
   </div>
   <div class='ocr_carea' id='block_1_88' title="bbox 2014 4185 3597 4257">
    <p class='ocr_par' dir='ltr' id='par_1_88' title="bbox 2014 4185 3597 4257">
     <span class='ocr_line' id='line_1_88' title="bbox 2014 4185 3597 4257; baseline -0.001 -16"><span class='ocrx_word' id='word_1_669' title='bbox 2014 4188 2101 4242; x_wconf 89' lang='lat' dir='ltr'><strong>lus</strong></span> <span class='ocrx_word' id='word_1_670' title='bbox 2131 4186 2396 4257; x_wconf 87' lang='lat' dir='ltr'><strong>ejusmodi</strong></span> <span class='ocrx_word' id='word_1_671' title='bbox 2429 4185 2755 4240; x_wconf 84' lang='lat' dir='ltr'><strong>sententiam</strong></span> <span class='ocrx_word' id='word_1_672' title='bbox 2782 4186 3099 4250; x_wconf 86' lang='lat' dir='ltr'><strong>transtulit,</strong></span> <span class='ocrx_word' id='word_1_673' title='bbox 3132 4201 3195 4241; x_wconf 91' lang='lat' dir='ltr'><strong>ac</strong></span> <span class='ocrx_word' id='word_1_674' title='bbox 3226 4186 3477 4242; x_wconf 88' lang='lat' dir='ltr'><strong>similiter</strong></span> <span class='ocrx_word' id='word_1_675' title='bbox 3500 4202 3597 4241; x_wconf 58' lang='lat' dir='ltr'><strong>exc</strong></span> 
     </span>
    </p>
   </div>
   <div class='ocr_carea' id='block_1_89' title="bbox 2013 4278 3599 4351">
    <p class='ocr_par' dir='ltr' id='par_1_89' title="bbox 2013 4278 3599 4351">
     <span class='ocr_line' id='line_1_89' title="bbox 2013 4278 3599 4351; baseline -0.001 -19"><span class='ocrx_word' id='word_1_676' title='bbox 2013 4278 2213 4350; x_wconf 89' lang='lat' dir='ltr'><strong>pressit</strong></span> <span class='ocrx_word' id='word_1_677' title='bbox 2246 4297 2260 4333; x_wconf 89' lang='lat'><strong>:</strong></span> <span class='ocrx_word' id='word_1_678' title='bbox 2300 4278 2520 4348; x_wconf 86' lang='lat' dir='ltr'><strong>Propter</strong></span> <span class='ocrx_word' id='word_1_679' title='bbox 2544 4280 2682 4351; x_wconf 85' lang='lat' dir='ltr'><strong>quod</strong></span> <span class='ocrx_word' id='word_1_680' title='bbox 2715 4279 2975 4333; x_wconf 86' lang='lat' dir='ltr'><strong>credimus</strong></span> <span class='ocrx_word' id='word_1_681' title='bbox 3021 4287 3068 4332; x_wconf 87' lang='lat' dir='ltr'><strong>et</strong></span> <span class='ocrx_word' id='word_1_682' title='bbox 3113 4278 3279 4349; x_wconf 75' lang='lat'><strong>368</strong></span> <span class='ocrx_word' id='word_1_683' title='bbox 3318 4295 3410 4331; x_wconf 84' lang='lat' dir='ltr'><strong>nos</strong></span> <span class='ocrx_word' id='word_1_684' title='bbox 3443 4287 3491 4332; x_wconf 88' lang='lat' dir='ltr'><strong>et</strong></span> <span class='ocrx_word' id='word_1_685' title='bbox 3520 4279 3599 4331; x_wconf 84' lang='lat' dir='ltr'><strong>lo-</strong></span> 
     </span>
    </p>
   </div>
   <div class='ocr_carea' id='block_1_90' title="bbox 2016 4367 3598 4439">
    <p class='ocr_par' dir='ltr' id='par_1_90' title="bbox 2016 4367 3598 4439">
     <span class='ocr_line' id='line_1_90' title="bbox 2016 4367 3598 4439; baseline -0.001 -18"><span class='ocrx_word' id='word_1_686' title='bbox 2016 4369 2226 4438; x_wconf 89' lang='lat' dir='ltr'><strong>quimur</strong></span> <span class='ocrx_word' id='word_1_687' title='bbox 2258 4382 2276 4421; x_wconf 83' lang='lat'><strong>.&#39;</strong></span> <span class='ocrx_word' id='word_1_688' title='bbox 2310 4369 2401 4423; x_wconf 90' lang='lat' dir='ltr'><strong>ille</strong></span> <span class='ocrx_word' id='word_1_689' title='bbox 2444 4369 2667 4439; x_wconf 81' lang='lat' dir='ltr'><strong>inquam</strong></span> <span class='ocrx_word' id='word_1_690' title='bbox 2718 4367 2952 4433; x_wconf 90' lang='lat' dir='ltr'><strong>Paulus,</strong></span> <span class='ocrx_word' id='word_1_691' title='bbox 2982 4368 3072 4438; x_wconf 90' lang='lat' dir='ltr'><strong>qui</strong></span> <span class='ocrx_word' id='word_1_692' title='bbox 3117 4384 3180 4422; x_wconf 81' lang='lat' dir='ltr'><strong>ex</strong></span> <span class='ocrx_word' id='word_1_693' title='bbox 3225 4369 3598 4438; x_wconf 85' lang='lat' dir='ltr'><strong>apostolorum</strong></span> 
     </span>
    </p>
   </div>
   <div class='ocr_carea' id='block_1_91' title="bbox 340 4453 1899 4530">
    <p class='ocr_par' dir='ltr' id='par_1_91' title="bbox 340 4453 1899 4526">
     <span class='ocr_line' id='line_1_91' title="bbox 340 4453 1899 4526; baseline -0.006 -12"><span class='ocrx_word' id='word_1_694' title='bbox 340 4459 406 4514; x_wconf 79' lang='grc' dir='ltr'><strong>(ιύ</strong></span> <span class='ocrx_word' id='word_1_695' title='bbox 432 4458 580 4526; x_wconf 80' lang='grc' dir='ltr'>λέγει</span> <span class='ocrx_word' id='word_1_696' title='bbox 610 4473 625 4489; x_wconf 88' lang='grc'>·</span> <span class='ocrx_word' id='word_1_697' title='bbox 656 4456 746 4509; x_wconf 88' lang='grc' dir='ltr'>Διὸ</span> <span class='ocrx_word' id='word_1_698' title='bbox 793 4456 888 4510; x_wconf 75' lang='grc' dir='ltr'>καὶ</span> <span class='ocrx_word' id='word_1_699' title='bbox 939 4457 1258 4521; x_wconf 75' lang='grc' dir='ltr'>ἐπίστευσα,</span> <span class='ocrx_word' id='word_1_700' title='bbox 1316 4456 1412 4509; x_wconf 69' lang='grc' dir='ltr'><strong>καὶ</strong></span> <span class='ocrx_word' id='word_1_701' title='bbox 1460 4455 1719 4526; x_wconf 73' lang='grc' dir='ltr'>ἐλάλησασ</span> <span class='ocrx_word' id='word_1_702' title='bbox 1750 4453 1899 4519; x_wconf 75' lang='grc' dir='ltr'><strong>ἀλλὰ1</strong></span> 
     </span>
    </p>
   </div>
   <div class='ocr_carea' id='block_1_92' title="bbox 2006 4453 3603 4530">
    <p class='ocr_par' dir='ltr' id='par_1_92' title="bbox 2019 4459 3603 4530">
     <span class='ocr_line' id='line_1_92' title="bbox 2019 4459 3603 4530; baseline -0.002 -16"><span class='ocrx_word' id='word_1_703' title='bbox 2019 4475 2249 4515; x_wconf 88' lang='lat' dir='ltr'><strong>numero</strong></span> <span class='ocrx_word' id='word_1_704' title='bbox 2295 4477 2439 4517; x_wconf 90' lang='lat' dir='ltr'><strong>unus</strong></span> <span class='ocrx_word' id='word_1_705' title='bbox 2472 4461 2701 4516; x_wconf 82' lang='lat' dir='ltr'><strong>exstitit.</strong></span> <span class='ocrx_word' id='word_1_706' title='bbox 2754 4459 2959 4516; x_wconf 88' lang='lat' dir='ltr'><strong>Idcirco</strong></span> <span class='ocrx_word' id='word_1_707' title='bbox 3008 4477 3115 4517; x_wconf 89' lang='lat' dir='ltr'><strong>non</strong></span> <span class='ocrx_word' id='word_1_708' title='bbox 3151 4461 3289 4516; x_wconf 84' lang='lat' dir='ltr'><strong>dixit</strong></span> <span class='ocrx_word' id='word_1_709' title='bbox 3324 4481 3337 4514; x_wconf 87' lang='lat'><strong>:</strong></span> <span class='ocrx_word' id='word_1_710' title='bbox 3374 4459 3603 4530; x_wconf 79' lang='lat' dir='ltr'><strong>Propter</strong></span> 
     </span>
    </p>
   </div>
   <div class='ocr_carea' id='block_1_93' title="bbox 356 4544 1917 4617">
    <p class='ocr_par' dir='ltr' id='par_1_93' title="bbox 356 4544 1917 4617">
     <span class='ocr_line' id='line_1_93' title="bbox 356 4544 1917 4617; baseline -0.004 -14"><span class='ocrx_word' id='word_1_711' title='bbox 356 4546 556 4617; x_wconf 84' lang='grc' dir='ltr'>Ἡμεῖς</span> <span class='ocrx_word' id='word_1_712' title='bbox 581 4546 961 4614; x_wconf 80' lang='grc' dir='ltr'>πιστεύομεν,</span> <span class='ocrx_word' id='word_1_713' title='bbox 997 4545 1089 4599; x_wconf 86' lang='grc' dir='ltr'><strong>διὸ</strong></span> <span class='ocrx_word' id='word_1_714' title='bbox 1118 4545 1216 4599; x_wconf 83' lang='grc' dir='ltr'>καὶ</span> <span class='ocrx_word' id='word_1_715' title='bbox 1249 4545 1574 4614; x_wconf 76' lang='grc' dir='ltr'>λαλοῦμεν,</span> <span class='ocrx_word' id='word_1_716' title='bbox 1611 4546 1698 4598; x_wconf 80' lang='grc' dir='ltr'><strong>ἵνα</strong></span> <span class='ocrx_word' id='word_1_717' title='bbox 1726 4544 1917 4598; x_wconf 79' lang='grc' dir='ltr'>ἑαυτὸν</span> 
     </span>
    </p>
   </div>
   <div class='ocr_carea' id='block_1_94' title="bbox 330 4636 1912 4712">
    <p class='ocr_par' dir='ltr' id='par_1_94' title="bbox 330 4636 1912 4712">
     <span class='ocr_line' id='line_1_94' title="bbox 330 4636 1912 4712; baseline -0.002 -20"><span class='ocrx_word' id='word_1_718' title='bbox 330 4638 490 4712; x_wconf 75' lang='grc' dir='ltr'><strong>¹μετά</strong></span> <span class='ocrx_word' id='word_1_719' title='bbox 533 4638 643 4691; x_wconf 85' lang='grc' dir='ltr'><strong>τῶν</strong></span> <span class='ocrx_word' id='word_1_720' title='bbox 689 4636 865 4691; x_wconf 78' lang='grc' dir='ltr'>ἄλλων</span> <span class='ocrx_word' id='word_1_721' title='bbox 917 4637 1230 4691; x_wconf 87' lang='grc' dir='ltr'>ἀποστόλων</span> <span class='ocrx_word' id='word_1_722' title='bbox 1283 4636 1517 4708; x_wconf 73' lang='grc' dir='ltr'>συνάψῃ.</span> <span class='ocrx_word' id='word_1_723' title='bbox 1564 4637 1671 4690; x_wconf 84' lang='grc' dir='ltr'>Καί</span> <span class='ocrx_word' id='word_1_724' title='bbox 1713 4652 1912 4707; x_wconf 85' lang='grc' dir='ltr'>φησιν·</span> 
     </span>
    </p>
   </div>
   <div class='ocr_carea' id='block_1_95' title="bbox 348 4726 1918 4800">
    <p class='ocr_par' dir='ltr' id='par_1_95' title="bbox 348 4726 1918 4800">
     <span class='ocr_line' id='line_1_95' title="bbox 348 4726 1918 4800; baseline -0.004 -16"><span class='ocrx_word' id='word_1_725' title='bbox 348 4732 638 4800; x_wconf 84' lang='grc' dir='ltr'>Ἔχοντες</span> <span class='ocrx_word' id='word_1_726' title='bbox 680 4727 750 4781; x_wconf 78' lang='grc' dir='ltr'>δὲ</span> <span class='ocrx_word' id='word_1_727' title='bbox 781 4728 846 4781; x_wconf 87' lang='grc' dir='ltr'><strong>τὸ</strong></span> <span class='ocrx_word' id='word_1_728' title='bbox 877 4728 1021 4782; x_wconf 82' lang='grc' dir='ltr'>αὐτὸ</span> <span class='ocrx_word' id='word_1_729' title='bbox 1054 4727 1316 4797; x_wconf 83' lang='grc' dir='ltr'>πνεῦμα·</span> <span class='ocrx_word' id='word_1_730' title='bbox 1360 4728 1445 4780; x_wconf 81' lang='grc' dir='ltr'>ἵνα</span> <span class='ocrx_word' id='word_1_731' title='bbox 1475 4726 1623 4798; x_wconf 82' lang='grc' dir='ltr'>δείξῃ</span> <span class='ocrx_word' id='word_1_732' title='bbox 1666 4727 1726 4780; x_wconf 85' lang='grc' dir='ltr'><strong>τὸ</strong></span> <span class='ocrx_word' id='word_1_733' title='bbox 1754 4728 1812 4779; x_wconf 85' lang='grc' dir='ltr'>ὲν</span> <span class='ocrx_word' id='word_1_734' title='bbox 1839 4726 1918 4796; x_wconf 82' lang='grc' dir='ltr'><strong>τῷ</strong></span> 
     </span>
    </p>
   </div>
   <div class='ocr_carea' id='block_1_96' title="bbox 346 4818 1920 4892">
    <p class='ocr_par' dir='ltr' id='par_1_96' title="bbox 346 4818 1920 4892">
     <span class='ocr_line' id='line_1_96' title="bbox 346 4818 1920 4892; baseline -0.003 -18"><span class='ocrx_word' id='word_1_735' title='bbox 346 4821 513 4875; x_wconf 73' lang='grc' dir='ltr'>Δαεὶδ</span> <span class='ocrx_word' id='word_1_736' title='bbox 533 4821 767 4891; x_wconf 81' lang='grc' dir='ltr'>λαλῆσαν</span> <span class='ocrx_word' id='word_1_737' title='bbox 786 4820 1005 4892; x_wconf 80' lang='grc' dir='ltr'>Πνεῦμα</span> <span class='ocrx_word' id='word_1_738' title='bbox 1029 4819 1093 4872; x_wconf 87' lang='grc' dir='ltr'><strong>τὸ</strong></span> <span class='ocrx_word' id='word_1_739' title='bbox 1122 4820 1249 4873; x_wconf 79' lang='grc' dir='ltr'>αὐτὸ</span> <span class='ocrx_word' id='word_1_740' title='bbox 1269 4818 1327 4872; x_wconf 82' lang='grc' dir='ltr'>ὃν</span> <span class='ocrx_word' id='word_1_741' title='bbox 1353 4820 1573 4888; x_wconf 79' lang='grc' dir='ltr'>Πνεῦμα</span> <span class='ocrx_word' id='word_1_742' title='bbox 1598 4820 1691 4872; x_wconf 66' lang='grc' dir='ltr'><strong>καὶ</strong></span> <span class='ocrx_word' id='word_1_743' title='bbox 1720 4820 1776 4871; x_wconf 82' lang='grc' dir='ltr'>ὲν</span> <span class='ocrx_word' id='word_1_744' title='bbox 1805 4821 1920 4882; x_wconf 85' lang='grc' dir='ltr'>τοῖς</span> 
     </span>
    </p>
   </div>
   <div class='ocr_carea' id='block_1_97' title="bbox 346 4906 1920 4982">
    <p class='ocr_par' dir='ltr' id='par_1_97' title="bbox 346 4906 1920 4982">
     <span class='ocr_line' id='line_1_97' title="bbox 346 4906 1920 4982; baseline -0.004 -14"><span class='ocrx_word' id='word_1_745' title='bbox 346 4913 663 4975; x_wconf 80' lang='grc' dir='ltr'>ἀποστόλοις</span> <span class='ocrx_word' id='word_1_746' title='bbox 691 4952 707 4976; x_wconf 89' lang='grc'><strong>,</strong></span> <span class='ocrx_word' id='word_1_747' title='bbox 762 4913 854 4980; x_wconf 81' lang='grc' dir='ltr'>ἀφ’</span> <span class='ocrx_word' id='word_1_748' title='bbox 905 4906 1075 4982; x_wconf 74' lang='grc' dir='ltr'>οὗπερ</span> <span class='ocrx_word' id='word_1_749' title='bbox 1128 4910 1250 4964; x_wconf 88' lang='grc' dir='ltr'>τότε</span> <span class='ocrx_word' id='word_1_750' title='bbox 1300 4912 1507 4973; x_wconf 77' lang='grc' dir='ltr'>ἐκεῖνος</span> <span class='ocrx_word' id='word_1_751' title='bbox 1562 4909 1920 4980; x_wconf 81' lang='grc' dir='ltr'>προφητεύων</span> 
     </span>
    </p>
   </div>
   <div class='ocr_carea' id='block_1_98' title="bbox 346 4995 1921 5072">
    <p class='ocr_par' dir='ltr' id='par_1_98' title="bbox 346 4995 1921 5072">
     <span class='ocr_line' id='line_1_98' title="bbox 346 4995 1921 5072; baseline -0.001 -15"><span class='ocrx_word' id='word_1_752' title='bbox 346 5005 665 5057; x_wconf 79' lang='grc' dir='ltr'>ἐπίστευεν·</span> <span class='ocrx_word' id='word_1_753' title='bbox 715 5003 773 5056; x_wconf 82' lang='grc' dir='ltr'>ὲν</span> <span class='ocrx_word' id='word_1_754' title='bbox 824 4995 868 5070; x_wconf 80' lang='grc' dir='ltr'>ᾧ</span> <span class='ocrx_word' id='word_1_755' title='bbox 930 5002 1208 5072; x_wconf 76' lang='grc' dir='ltr'>Πνεῦματι</span> <span class='ocrx_word' id='word_1_756' title='bbox 1265 5002 1358 5055; x_wconf 76' lang='grc' dir='ltr'><strong>καὶ</strong></span> <span class='ocrx_word' id='word_1_757' title='bbox 1413 5001 1567 5056; x_wconf 71' lang='grc' dir='ltr'>αὐτοὶ</span> <span class='ocrx_word' id='word_1_758' title='bbox 1616 5002 1921 5065; x_wconf 61' lang='grc' dir='ltr'>ὄντεςπι-</span> 
     </span>
    </p>
   </div>
   <div class='ocr_carea' id='block_1_99' title="bbox 348 5089 1922 5162">
    <p class='ocr_par' dir='ltr' id='par_1_99' title="bbox 348 5089 1922 5162">
     <span class='ocr_line' id='line_1_99' title="bbox 348 5089 1922 5162; baseline -0.001 -15"><span class='ocrx_word' id='word_1_759' title='bbox 348 5092 600 5147; x_wconf 85' lang='grc' dir='ltr'>στεύουσι</span> <span class='ocrx_word' id='word_1_760' title='bbox 626 5091 718 5146; x_wconf 70' lang='grc' dir='ltr'><strong>καὶ</strong></span> <span class='ocrx_word' id='word_1_761' title='bbox 761 5089 1000 5146; x_wconf 88' lang='grc' dir='ltr'>λαλοῦσι.</span> <span class='ocrx_word' id='word_1_762' title='bbox 1043 5091 1218 5162; x_wconf 83' lang='grc' dir='ltr'>Πολλὴ</span> <span class='ocrx_word' id='word_1_763' title='bbox 1255 5090 1312 5144; x_wconf 83' lang='grc' dir='ltr'>δὲ</span> <span class='ocrx_word' id='word_1_764' title='bbox 1338 5091 1521 5145; x_wconf 82' lang='grc' dir='ltr'>ἀδικία</span> <span class='ocrx_word' id='word_1_765' title='bbox 1573 5091 1668 5145; x_wconf 83' lang='grc' dir='ltr'><strong>καὶ</strong></span> <span class='ocrx_word' id='word_1_766' title='bbox 1729 5091 1922 5146; x_wconf 87' lang='grc' dir='ltr'>πλεον-</span> 
     </span>
    </p>
   </div>
   <div class='ocr_carea' id='block_1_100' title="bbox 347 5181 1919 5252">
    <p class='ocr_par' dir='ltr' id='par_1_100' title="bbox 347 5181 1919 5252">
     <span class='ocr_line' id='line_1_100' title="bbox 347 5181 1919 5252; baseline -0.001 -15"><span class='ocrx_word' id='word_1_767' title='bbox 347 5184 491 5248; x_wconf 76' lang='grc' dir='ltr'>εξία,</span> <span class='ocrx_word' id='word_1_768' title='bbox 521 5181 596 5245; x_wconf 83' lang='grc' dir='ltr'>ὡς</span> <span class='ocrx_word' id='word_1_769' title='bbox 628 5183 820 5246; x_wconf 81' lang='grc' dir='ltr'>εἰπεῖν,</span> <span class='ocrx_word' id='word_1_770' title='bbox 851 5181 937 5235; x_wconf 80' lang='grc' dir='ltr'>διὰ</span> <span class='ocrx_word' id='word_1_771' title='bbox 962 5181 1247 5252; x_wconf 86' lang='grc' dir='ltr'>νοημάτων</span> <span class='ocrx_word' id='word_1_772' title='bbox 1262 5184 1303 5233; x_wconf 78' lang='grc'>⁸.</span> <span class='ocrx_word' id='word_1_773' title='bbox 1332 5181 1436 5233; x_wconf 92' lang='grc' dir='ltr'><strong>Τοῦ</strong></span> <span class='ocrx_word' id='word_1_774' title='bbox 1458 5181 1566 5252; x_wconf 86' lang='grc' dir='ltr'><strong>γὰρ</strong></span> <span class='ocrx_word' id='word_1_775' title='bbox 1593 5181 1919 5236; x_wconf 83' lang='grc' dir='ltr'>Ἀποστόλου</span> 
     </span>
    </p>
   </div>
   <div class='ocr_carea' id='block_1_101' title="bbox 349 5269 1924 5344">
    <p class='ocr_par' dir='ltr' id='par_1_101' title="bbox 349 5269 1924 5344">
     <span class='ocr_line' id='line_1_101' title="bbox 349 5269 1924 5344; baseline 0 -19"><span class='ocrx_word' id='word_1_776' title='bbox 349 5271 408 5325; x_wconf 85' lang='grc' dir='ltr'><strong>’ἐν</strong></span> <span class='ocrx_word' id='word_1_777' title='bbox 442 5272 536 5325; x_wconf 71' lang='grc' dir='ltr'><strong>καὶ</strong></span> <span class='ocrx_word' id='word_1_778' title='bbox 562 5270 623 5323; x_wconf 82' lang='grc' dir='ltr'><strong>τὸ</strong></span> <span class='ocrx_word' id='word_1_779' title='bbox 656 5270 786 5323; x_wconf 83' lang='grc' dir='ltr'>αὐτὸ</span> <span class='ocrx_word' id='word_1_780' title='bbox 814 5270 1035 5342; x_wconf 89' lang='grc' dir='ltr'>Πνεῦμα</span> <span class='ocrx_word' id='word_1_781' title='bbox 1062 5269 1359 5340; x_wconf 87' lang='grc' dir='ltr'>φάσκοντος</span> <span class='ocrx_word' id='word_1_782' title='bbox 1377 5309 1391 5335; x_wconf 93' lang='grc'><strong>,</strong></span> <span class='ocrx_word' id='word_1_783' title='bbox 1428 5270 1545 5334; x_wconf 84' lang='grc' dir='ltr'><strong>πῶς</strong></span> <span class='ocrx_word' id='word_1_784' title='bbox 1573 5273 1608 5342; x_wconf 85' lang='grc' dir='ltr'><strong>ἡ</strong></span> <span class='ocrx_word' id='word_1_785' title='bbox 1646 5271 1738 5325; x_wconf 84' lang='grc' dir='ltr'><strong>τοῦ</strong></span> <span class='ocrx_word' id='word_1_786' title='bbox 1765 5273 1924 5344; x_wconf 86' lang='grc' dir='ltr'>Μαρ-</span> 
     </span>
    </p>
   </div>
   <div class='ocr_carea' id='block_1_102' title="bbox 349 5360 1922 5432">
    <p class='ocr_par' dir='ltr' id='par_1_102' title="bbox 349 5360 1922 5432">
     <span class='ocr_line' id='line_1_102' title="bbox 349 5360 1922 5432; baseline -0.001 -15"><span class='ocrx_word' id='word_1_787' title='bbox 349 5362 547 5423; x_wconf 77' lang='grc' dir='ltr'>κίωνος</span> <span class='ocrx_word' id='word_1_788' title='bbox 577 5361 750 5425; x_wconf 86' lang='grc' dir='ltr'>ἄνοια,</span> <span class='ocrx_word' id='word_1_789' title='bbox 771 5360 1104 5432; x_wconf 84' lang='grc' dir='ltr'>ὁμολογοῦσα</span> <span class='ocrx_word' id='word_1_790' title='bbox 1131 5360 1316 5416; x_wconf 89' lang='grc' dir='ltr'>τοῦτον</span> <span class='ocrx_word' id='word_1_791' title='bbox 1341 5362 1430 5415; x_wconf 88' lang='grc' dir='ltr'><strong>τὸν</strong></span> <span class='ocrx_word' id='word_1_792' title='bbox 1457 5360 1614 5430; x_wconf 89' lang='grc' dir='ltr'>λόγον</span> <span class='ocrx_word' id='word_1_793' title='bbox 1643 5361 1736 5415; x_wconf 88' lang='grc' dir='ltr'><strong>τὸν</strong></span> <span class='ocrx_word' id='word_1_794' title='bbox 1767 5360 1922 5430; x_wconf 84' lang='grc' dir='ltr'>ἆγιον</span> 
     </span>
    </p>
   </div>
   <div class='ocr_carea' id='block_1_103' title="bbox 361 5448 1922 5523">
    <p class='ocr_par' dir='ltr' id='par_1_103' title="bbox 361 5448 1922 5523">
     <span class='ocr_line' id='line_1_103' title="bbox 361 5448 1922 5523; baseline 0.001 -19"><span class='ocrx_word' id='word_1_795' title='bbox 361 5450 683 5505; x_wconf 81' lang='grc' dir='ltr'>Ἀπόστολον</span> <span class='ocrx_word' id='word_1_796' title='bbox 716 5450 990 5523; x_wconf 84' lang='grc' dir='ltr'>εἰρηκέναι</span> <span class='ocrx_word' id='word_1_797' title='bbox 1015 5490 1029 5514; x_wconf 91' lang='grc'><strong>,</strong></span> <span class='ocrx_word' id='word_1_798' title='bbox 1058 5451 1231 5523; x_wconf 78' lang='grc' dir='ltr'>τολμᾷ</span> <span class='ocrx_word' id='word_1_799' title='bbox 1267 5452 1444 5520; x_wconf 86' lang='grc' dir='ltr'>λέγειν</span> <span class='ocrx_word' id='word_1_800' title='bbox 1472 5451 1600 5507; x_wconf 75' lang='grc' dir='ltr'>ἄλλο</span> <span class='ocrx_word' id='word_1_801' title='bbox 1633 5448 1771 5508; x_wconf 73' lang='grc' dir='ltr'>εἶναι</span> <span class='ocrx_word' id='word_1_802' title='bbox 1801 5453 1922 5506; x_wconf 89' lang='grc' dir='ltr'>τότε</span> 
     </span>
    </p>
   </div>
   <div class='ocr_carea' id='block_1_104' title="bbox 342 5540 1661 5612">
    <p class='ocr_par' dir='ltr' id='par_1_104' title="bbox 342 5540 1661 5612">
     <span class='ocr_line' id='line_1_104' title="bbox 342 5540 1661 5612; baseline 0.001 -15"><span class='ocrx_word' id='word_1_803' title='bbox 342 5540 412 5598; x_wconf 76' lang='grc' dir='ltr'><strong>τὸ</strong></span> <span class='ocrx_word' id='word_1_804' title='bbox 448 5540 689 5612; x_wconf 86' lang='grc' dir='ltr'>Πνεῦμα,</span> <span class='ocrx_word' id='word_1_805' title='bbox 715 5542 811 5595; x_wconf 71' lang='grc' dir='ltr'><strong>καὶ</strong></span> <span class='ocrx_word' id='word_1_806' title='bbox 845 5541 970 5596; x_wconf 76' lang='grc' dir='ltr'>ἄλλο</span> <span class='ocrx_word' id='word_1_807' title='bbox 992 5542 1052 5596; x_wconf 87' lang='grc' dir='ltr'><strong>τὸ</strong></span> <span class='ocrx_word' id='word_1_808' title='bbox 1077 5545 1135 5596; x_wconf 77' lang='grc' dir='ltr'>ἐν</span> <span class='ocrx_word' id='word_1_809' title='bbox 1160 5546 1271 5608; x_wconf 87' lang='grc' dir='ltr'>τοῖς</span> <span class='ocrx_word' id='word_1_810' title='bbox 1298 5544 1615 5609; x_wconf 84' lang='grc' dir='ltr'>ἀποστόλοις</span> <span class='ocrx_word' id='word_1_811' title='bbox 1630 5548 1661 5611; x_wconf 90' lang='lat'><strong>;&#39;-</strong></span> 
     </span>
    </p>
   </div>
   <div class='ocr_carea' id='block_1_105' title="bbox 2023 4553 3602 4624">
    <p class='ocr_par' dir='ltr' id='par_1_105' title="bbox 2023 4553 3602 4624">
     <span class='ocr_line' id='line_1_105' title="bbox 2023 4553 3602 4624; baseline -0.003 -17"><span class='ocrx_word' id='word_1_812' title='bbox 2023 4555 2167 4624; x_wconf 92' lang='lat' dir='ltr'><strong>quod</strong></span> <span class='ocrx_word' id='word_1_813' title='bbox 2197 4563 2250 4608; x_wconf 92' lang='lat' dir='ltr'><strong>et</strong></span> <span class='ocrx_word' id='word_1_814' title='bbox 2279 4553 2509 4622; x_wconf 75' lang='lat' dir='ltr'><strong>credidi,</strong></span> <span class='ocrx_word' id='word_1_815' title='bbox 2538 4562 2592 4608; x_wconf 92' lang='lat' dir='ltr'><strong>et</strong></span> <span class='ocrx_word' id='word_1_816' title='bbox 2626 4554 2842 4609; x_wconf 89' lang='lat' dir='ltr'><strong>locutus</strong></span> <span class='ocrx_word' id='word_1_817' title='bbox 2878 4570 3019 4618; x_wconf 90' lang='lat' dir='ltr'><strong>sum,</strong></span> <span class='ocrx_word' id='word_1_818' title='bbox 3053 4554 3144 4609; x_wconf 88' lang='lat' dir='ltr'><strong>sed</strong></span> <span class='ocrx_word' id='word_1_819' title='bbox 3165 4593 3180 4617; x_wconf 93' lang='lat'><strong>,</strong></span> <span class='ocrx_word' id='word_1_820' title='bbox 3203 4553 3312 4607; x_wconf 79' lang='lat' dir='ltr'><strong>Nos</strong></span> <span class='ocrx_word' id='word_1_821' title='bbox 3344 4553 3602 4606; x_wconf 76' lang='lat' dir='ltr'><strong>credimus</strong></span> 
     </span>
    </p>
   </div>
   <div class='ocr_carea' id='block_1_106' title="bbox 2020 4643 3604 4714">
    <p class='ocr_par' dir='ltr' id='par_1_106' title="bbox 2020 4643 3604 4714">
     <span class='ocr_line' id='line_1_106' title="bbox 2020 4643 3604 4714; baseline -0.004 -17"><span class='ocrx_word' id='word_1_822' title='bbox 2020 4652 2231 4713; x_wconf 85' lang='lat' dir='ltr'><strong>propter</strong></span> <span class='ocrx_word' id='word_1_823' title='bbox 2257 4645 2396 4714; x_wconf 86' lang='lat' dir='ltr'><strong>quod</strong></span> <span class='ocrx_word' id='word_1_824' title='bbox 2436 4654 2486 4698; x_wconf 82' lang='lat' dir='ltr'><strong>et</strong></span> <span class='ocrx_word' id='word_1_825' title='bbox 2529 4644 2813 4712; x_wconf 86' lang='lat' dir='ltr'><strong>loquimur,</strong></span> <span class='ocrx_word' id='word_1_826' title='bbox 2855 4652 2912 4699; x_wconf 89' lang='lat' dir='ltr'><strong>ut</strong></span> <span class='ocrx_word' id='word_1_827' title='bbox 2946 4660 3006 4700; x_wconf 90' lang='lat' dir='ltr'><strong>se</strong></span> <span class='ocrx_word' id='word_1_828' title='bbox 3048 4659 3171 4698; x_wconf 89' lang='lat' dir='ltr'><strong>cum</strong></span> <span class='ocrx_word' id='word_1_829' title='bbox 3211 4643 3435 4712; x_wconf 86' lang='lat' dir='ltr'><strong>reliquis</strong></span> <span class='ocrx_word' id='word_1_830' title='bbox 3472 4658 3604 4711; x_wconf 78' lang='lat' dir='ltr'><strong>apo-</strong></span> 
     </span>
    </p>
   </div>
   <div class='ocr_carea' id='block_1_107' title="bbox 2024 4733 3601 4804">
    <p class='ocr_par' dir='ltr' id='par_1_107' title="bbox 2024 4733 3601 4804">
     <span class='ocr_line' id='line_1_107' title="bbox 2024 4733 3601 4804; baseline -0.004 -12"><span class='ocrx_word' id='word_1_831' title='bbox 2024 4736 2179 4792; x_wconf 88' lang='lat' dir='ltr'><strong>stolis</strong></span> <span class='ocrx_word' id='word_1_832' title='bbox 2233 4736 2608 4804; x_wconf 76' lang='lat' dir='ltr'><strong>conjungeret.</strong></span> <span class='ocrx_word' id='word_1_833' title='bbox 2656 4737 2837 4801; x_wconf 81' lang='lat' dir='ltr'><strong>Quare</strong></span> <span class='ocrx_word' id='word_1_834' title='bbox 2885 4736 2958 4788; x_wconf 90' lang='lat' dir='ltr'><strong>ita</strong></span> <span class='ocrx_word' id='word_1_835' title='bbox 3020 4735 3272 4803; x_wconf 81' lang='lat' dir='ltr'><strong>scripsit,</strong></span> <span class='ocrx_word' id='word_1_836' title='bbox 3343 4733 3601 4786; x_wconf 75' lang='lat' dir='ltr'><strong>Habentes</strong></span> 
     </span>
    </p>
   </div>
   <div class='ocr_carea' id='block_1_108' title="bbox 2024 4823 3602 4894">
    <p class='ocr_par' dir='ltr' id='par_1_108' title="bbox 2024 4823 3602 4894">
     <span class='ocr_line' id='line_1_108' title="bbox 2024 4823 3602 4894; baseline -0.001 -15"><span class='ocrx_word' id='word_1_837' title='bbox 2024 4825 2262 4879; x_wconf 86' lang='lat' dir='ltr'><strong>eumdem</strong></span> <span class='ocrx_word' id='word_1_838' title='bbox 2304 4825 2585 4894; x_wconf 86' lang='lat' dir='ltr'><strong>spiritum,</strong></span> <span class='ocrx_word' id='word_1_839' title='bbox 2633 4833 2693 4877; x_wconf 86' lang='lat' dir='ltr'><strong>ut</strong></span> <span class='ocrx_word' id='word_1_840' title='bbox 2740 4823 3049 4878; x_wconf 87' lang='lat' dir='ltr'><strong>ostenderet</strong></span> <span class='ocrx_word' id='word_1_841' title='bbox 3075 4824 3223 4877; x_wconf 90' lang='lat' dir='ltr'><strong>illum</strong></span> <span class='ocrx_word' id='word_1_842' title='bbox 3268 4825 3473 4892; x_wconf 83' lang='lat' dir='ltr'><strong>ipsum,</strong></span> <span class='ocrx_word' id='word_1_843' title='bbox 3509 4824 3602 4893; x_wconf 88' lang='lat' dir='ltr'><strong>qui</strong></span> 
     </span>
    </p>
   </div>
   <div class='ocr_carea' id='block_1_109' title="bbox 2028 4912 3605 4984">
    <p class='ocr_par' dir='ltr' id='par_1_109' title="bbox 2028 4912 3605 4984">
     <span class='ocr_line' id='line_1_109' title="bbox 2028 4912 3605 4984; baseline -0.002 -15"><span class='ocrx_word' id='word_1_844' title='bbox 2028 4929 2126 4984; x_wconf 88' lang='lat' dir='ltr'><strong>per</strong></span> <span class='ocrx_word' id='word_1_845' title='bbox 2178 4912 2438 4968; x_wconf 87' lang='lat' dir='ltr'><strong>Davidem</strong></span> <span class='ocrx_word' id='word_1_846' title='bbox 2492 4912 2850 4982; x_wconf 88' lang='lat' dir='ltr'><strong>loquebatur,</strong></span> <span class='ocrx_word' id='word_1_847' title='bbox 2901 4927 2997 4981; x_wconf 91' lang='lat' dir='ltr'><strong>per</strong></span> <span class='ocrx_word' id='word_1_848' title='bbox 3053 4914 3329 4982; x_wconf 86' lang='lat' dir='ltr'><strong>apostolos</strong></span> <span class='ocrx_word' id='word_1_849' title='bbox 3385 4928 3605 4982; x_wconf 79' lang='lat' dir='ltr'><strong>quoque</strong></span> 
     </span>
    </p>
   </div>
   <div class='ocr_carea' id='block_1_110' title="bbox 2032 5000 3601 5072">
    <p class='ocr_par' dir='ltr' id='par_1_110' title="bbox 2032 5000 3601 5072">
     <span class='ocr_line' id='line_1_110' title="bbox 2032 5000 3601 5072; baseline 0.002 -18"><span class='ocrx_word' id='word_1_850' title='bbox 2032 5000 2297 5072; x_wconf 89' lang='lat' dir='ltr'><strong>Spiritum</strong></span> <span class='ocrx_word' id='word_1_851' title='bbox 2316 5016 2438 5057; x_wconf 91' lang='lat' dir='ltr'><strong>esse</strong></span> <span class='ocrx_word' id='word_1_852' title='bbox 2457 5001 2699 5055; x_wconf 86' lang='lat' dir='ltr'><strong>locutum</strong></span> <span class='ocrx_word' id='word_1_853' title='bbox 2726 5019 2740 5056; x_wconf 91' lang='lat'><strong>:</strong></span> <span class='ocrx_word' id='word_1_854' title='bbox 2772 5002 2931 5071; x_wconf 83' lang='lat' dir='ltr'><strong>cujus</strong></span> <span class='ocrx_word' id='word_1_855' title='bbox 2953 5002 3043 5056; x_wconf 92' lang='lat' dir='ltr'><strong>ille</strong></span> <span class='ocrx_word' id='word_1_856' title='bbox 3064 5003 3337 5072; x_wconf 88' lang='lat' dir='ltr'><strong>quondam</strong></span> <span class='ocrx_word' id='word_1_857' title='bbox 3365 5003 3432 5054; x_wconf 91' lang='lat' dir='ltr'><strong>im</strong></span> <span class='ocrx_word' id='word_1_858' title='bbox 3443 5004 3601 5072; x_wconf 86' lang='lat' dir='ltr'><strong>pulsu</strong></span> 
     </span>
    </p>
   </div>
   <div class='ocr_carea' id='block_1_111' title="bbox 2030 5092 3603 5165">
    <p class='ocr_par' dir='ltr' id='par_1_111' title="bbox 2030 5092 3603 5165">
     <span class='ocr_line' id='line_1_111' title="bbox 2030 5092 3603 5165; baseline 0.001 -17"><span class='ocrx_word' id='word_1_859' title='bbox 2030 5092 2335 5149; x_wconf 84' lang='lat' dir='ltr'><strong>vaticinans</strong></span> <span class='ocrx_word' id='word_1_860' title='bbox 2363 5092 2621 5157; x_wconf 88' lang='lat' dir='ltr'><strong>credidit,</strong></span> <span class='ocrx_word' id='word_1_861' title='bbox 2653 5103 2707 5149; x_wconf 91' lang='lat' dir='ltr'><strong>et</strong></span> <span class='ocrx_word' id='word_1_862' title='bbox 2756 5094 2824 5149; x_wconf 86' lang='lat' dir='ltr'><strong>ad</strong></span> <span class='ocrx_word' id='word_1_863' title='bbox 2859 5094 3111 5150; x_wconf 89' lang='lat' dir='ltr'><strong>eumdem</strong></span> <span class='ocrx_word' id='word_1_864' title='bbox 3142 5096 3478 5165; x_wconf 87' lang='lat' dir='ltr'><strong>pertinentes</strong></span> <span class='ocrx_word' id='word_1_865' title='bbox 3511 5096 3603 5151; x_wconf 88' lang='lat' dir='ltr'><strong>isti</strong></span> 
     </span>
    </p>
   </div>
   <div class='ocr_carea' id='block_1_112' title="bbox 2019 5183 3604 5254">
    <p class='ocr_par' dir='ltr' id='par_1_112' title="bbox 2019 5183 3604 5254">
     <span class='ocr_line' id='line_1_112' title="bbox 2019 5183 3604 5254; baseline 0.001 -16"><span class='ocrx_word' id='word_1_866' title='bbox 2019 5185 2194 5250; x_wconf 83' lang='lat' dir='ltr'><strong>modo</strong></span> <span class='ocrx_word' id='word_1_867' title='bbox 2231 5183 2463 5240; x_wconf 89' lang='lat' dir='ltr'><strong>credunt</strong></span> <span class='ocrx_word' id='word_1_868' title='bbox 2494 5193 2550 5240; x_wconf 92' lang='lat' dir='ltr'><strong>et</strong></span> <span class='ocrx_word' id='word_1_869' title='bbox 2576 5185 2896 5254; x_wconf 87' lang='lat' dir='ltr'><strong>loquuntur.</strong></span> <span class='ocrx_word' id='word_1_870' title='bbox 2921 5183 3183 5240; x_wconf 87' lang='lat' dir='ltr'><strong>Versatur</strong></span> <span class='ocrx_word' id='word_1_871' title='bbox 3208 5194 3387 5240; x_wconf 90' lang='lat' dir='ltr'><strong>autem</strong></span> <span class='ocrx_word' id='word_1_872' title='bbox 3414 5187 3471 5241; x_wconf 89' lang='lat' dir='ltr'><strong>in</strong></span> <span class='ocrx_word' id='word_1_873' title='bbox 3500 5186 3604 5240; x_wconf 78' lang='lat' dir='ltr'><strong>bne</strong></span> 
     </span>
    </p>
   </div>
   <div class='ocr_carea' id='block_1_113' title="bbox 2020 5275 3605 5348">
    <p class='ocr_par' dir='ltr' id='par_1_113' title="bbox 2020 5275 3605 5348">
     <span class='ocr_line' id='line_1_113' title="bbox 2020 5275 3605 5348; baseline 0.001 -18"><span class='ocrx_word' id='word_1_874' title='bbox 2020 5276 2152 5347; x_wconf 85' lang='lat' dir='ltr'><strong>loco</strong></span> <span class='ocrx_word' id='word_1_875' title='bbox 2208 5276 2545 5347; x_wconf 79' lang='lat' dir='ltr'><strong>intelligendi</strong></span> <span class='ocrx_word' id='word_1_876' title='bbox 2591 5292 2657 5331; x_wconf 87' lang='lat' dir='ltr'><strong>ac</strong></span> <span class='ocrx_word' id='word_1_877' title='bbox 2693 5275 3010 5347; x_wconf 86' lang='lat' dir='ltr'><strong>disputandi</strong></span> <span class='ocrx_word' id='word_1_878' title='bbox 3060 5291 3313 5347; x_wconf 86' lang='lat' dir='ltr'><strong>perversa</strong></span> <span class='ocrx_word' id='word_1_879' title='bbox 3356 5277 3605 5348; x_wconf 66' lang='lat' dir='ltr'><strong>quaedam</strong></span> 
     </span>
    </p>
   </div>
   <div class='ocr_carea' id='block_1_114' title="bbox 2030 5366 3603 5439">
    <p class='ocr_par' dir='ltr' id='par_1_114' title="bbox 2030 5366 3603 5439">
     <span class='ocr_line' id='line_1_114' title="bbox 2030 5366 3603 5439; baseline 0.002 -20"><span class='ocrx_word' id='word_1_880' title='bbox 2030 5381 2096 5422; x_wconf 90' lang='lat' dir='ltr'><strong>ac</strong></span> <span class='ocrx_word' id='word_1_881' title='bbox 2147 5366 2355 5422; x_wconf 83' lang='lat' dir='ltr'><strong>fraudis</strong></span> <span class='ocrx_word' id='word_1_882' title='bbox 2401 5368 2559 5438; x_wconf 90' lang='lat' dir='ltr'><strong>plena</strong></span> <span class='ocrx_word' id='word_1_883' title='bbox 2590 5368 2750 5423; x_wconf 88' lang='lat' dir='ltr'><strong>ratio.</strong></span> <span class='ocrx_word' id='word_1_884' title='bbox 2789 5367 2922 5422; x_wconf 85' lang='lat' dir='ltr'><strong>Nam</strong></span> <span class='ocrx_word' id='word_1_885' title='bbox 2947 5383 3071 5424; x_wconf 91' lang='lat' dir='ltr'><strong>cum</strong></span> <span class='ocrx_word' id='word_1_886' title='bbox 3111 5368 3402 5439; x_wconf 86' lang='lat' dir='ltr'><strong>Apostolus</strong></span> <span class='ocrx_word' id='word_1_887' title='bbox 3434 5384 3603 5423; x_wconf 85' lang='lat' dir='ltr'><strong>unum</strong></span> 
     </span>
    </p>
   </div>
   <div class='ocr_carea' id='block_1_115' title="bbox 2030 5455 3607 5529">
    <p class='ocr_par' dir='ltr' id='par_1_115' title="bbox 2030 5455 3607 5529">
     <span class='ocr_line' id='line_1_115' title="bbox 2030 5455 3607 5529; baseline 0.001 -17"><span class='ocrx_word' id='word_1_888' title='bbox 2030 5457 2392 5527; x_wconf 85' lang='lat' dir='ltr'><strong>cumdemque</strong></span> <span class='ocrx_word' id='word_1_889' title='bbox 2444 5455 2707 5529; x_wconf 89' lang='lat' dir='ltr'><strong>Spiritum</strong></span> <span class='ocrx_word' id='word_1_890' title='bbox 2767 5472 2891 5514; x_wconf 85' lang='lat' dir='ltr'><strong>esse</strong></span> <span class='ocrx_word' id='word_1_891' title='bbox 2945 5457 3197 5523; x_wconf 84' lang='lat' dir='ltr'><strong>deﬁniat,</strong></span> <span class='ocrx_word' id='word_1_892' title='bbox 3253 5474 3359 5529; x_wconf 87' lang='lat' dir='ltr'><strong>qua</strong></span> <span class='ocrx_word' id='word_1_893' title='bbox 3428 5457 3607 5514; x_wconf 72' lang='lat' dir='ltr'><strong>inclite</strong></span> 
     </span>
    </p>
   </div>
   <div class='ocr_carea' id='block_1_116' title="bbox 2031 5549 3606 5631">
    <p class='ocr_par' dir='ltr' id='par_1_116' title="bbox 2031 5549 3606 5631">
     <span class='ocr_line' id='line_1_116' title="bbox 2031 5549 3606 5631; baseline 0.001 -28"><span class='ocrx_word' id='word_1_894' title='bbox 2031 5564 2220 5631; x_wconf 82' lang='lat' dir='ltr'><strong>vecors</strong></span> <span class='ocrx_word' id='word_1_895' title='bbox 2255 5549 2343 5607; x_wconf 88' lang='lat' dir='ltr'><strong>ille</strong></span> <span class='ocrx_word' id='word_1_896' title='bbox 2384 5549 2627 5618; x_wconf 87' lang='lat' dir='ltr'><strong>Marcio,</strong></span> <span class='ocrx_word' id='word_1_897' title='bbox 2676 5550 2769 5623; x_wconf 88' lang='lat' dir='ltr'><strong>qui</strong></span> <span class='ocrx_word' id='word_1_898' title='bbox 2816 5550 2964 5606; x_wconf 89' lang='lat' dir='ltr'><strong>illam</strong></span> <span class='ocrx_word' id='word_1_899' title='bbox 3003 5565 3317 5622; x_wconf 67' lang='lat' dir='ltr'><strong>germanam</strong></span> <span class='ocrx_word' id='word_1_900' title='bbox 3357 5549 3606 5623; x_wconf 83' lang='lat' dir='ltr'><strong>Apostoli</strong></span> 
     </span>
    </p>
   </div>
   <div class='ocr_carea' id='block_1_117' title="bbox 428 5698 2019 5779">
    <p class='ocr_par' dir='ltr' id='par_1_117' title="bbox 428 5698 2019 5779">
     <span class='ocr_line' id='line_1_117' title="bbox 428 5698 2019 5779; baseline 0.004 -27"><span class='ocrx_word' id='word_1_901' title='bbox 428 5701 441 5731; x_wconf 82' lang='lat'>‘</span> <span class='ocrx_word' id='word_1_902' title='bbox 476 5698 538 5754; x_wconf 70' lang='grc' dir='ltr'>Ρ.</span> <span class='ocrx_word' id='word_1_903' title='bbox 572 5699 810 5773; x_wconf 56' lang='grc' dir='ltr'>λάμψας,</span> <span class='ocrx_word' id='word_1_904' title='bbox 852 5700 947 5757; x_wconf 81' lang='lat' dir='ltr'><strong>sed</strong></span> <span class='ocrx_word' id='word_1_905' title='bbox 988 5699 1143 5758; x_wconf 86' lang='lat' dir='ltr'><strong>deest</strong></span> <span class='ocrx_word' id='word_1_906' title='bbox 1164 5701 1393 5775; x_wconf 82' lang='lat' dir='ltr'><strong>aliquid.</strong></span> <span class='ocrx_word' id='word_1_907' title='bbox 1471 5706 1492 5737; x_wconf 87' lang='grc'>¹</span> <span class='ocrx_word' id='word_1_908' title='bbox 1531 5701 1592 5758; x_wconf 84' lang='lat' dir='ltr'><strong>F.</strong></span> <span class='ocrx_word' id='word_1_909' title='bbox 1621 5703 2019 5779; x_wconf 88' lang='grc' dir='ltr'>διανοημάτων.</span> 
     </span>
    </p>
   </div>
  </div>
