3952 6160
410 271 513 326 803

1812 273 1870 326 Β.
1915 271 2258 328 EPlPllANll

3567 279 3674 336 8οι

409 387 710 441 orationem
741 400 862 441 esse
891 391 1080 455 tiegat,
1109 384 1274 438 alium
1307 392 1438 440 tunc
1469 385 1730 455 Spiritum
1801 387 2006 454 fuisse,
2082 397 2246 460 quam
2299 403 2390 458 qui
2427 387 2687 458 apostolis
2739 384 2997 459 deinceps
3045 389 3317 457 adfuerit,
3373 408 3542 453 ausus
3587 409 3675 453 est

411 480 693 553 proﬁteri?

593 598 832 667 Epistola
855 598 924 651 ad
951 595 1232 661 Romanos,
1256 613 1374 668 qua:
1401 606 1479 652 est
1507 599 1686 653 ordine
1716 597 1744 653 1
1761 598 1821 654 ν.
2014 605 2061 662 Α

480 706 592 761 lloc
622 711 764 762 enim
796 708 988 762 ordine
1016 723 1046 762 a
1085 706 1359 763 Marcione
1407 709 1629 778 ponitur
1673 727 1686 762 :
1731 725 1798 764 ne
1862 709 1993 779 quid

407 807 613 855 rectum
644 800 784 870 apud
817 801 967 853 illum
997 814 1060 854 ac
1096 815 1412 868 germanum
1443 801 1775 869 reperiatur.

479 889 663 944 Schol.
702 890 724 943 l
762 899 814 943 et
844 889 937 943 ‘28.
979 889 1288 959 Quicunque
1323 890 1436 943 sine
1469 891 1579 960 lege
1620 876 1990 960 peccaverunt,

406 982 516 1033 sine
550 979 656 1049 lege
685 989 732 1032 et
775 978 1039 1046 peribunt.
1080 978 1148 1031 Et
1181 979 1475 1048 quicunque
1515 979 1572 1032 in
1607 978 1718 1048 lege
1752 994 1994 1047 peccave-

405 1082 547 1134 runt,
568 1087 656 1138 per
676 1070 835 1139 legem
855 1067 1386 1138 judicabuntur.Non
1409 1069 1542 1122 enim
1575 1070 1841 1123 auditores
1867 1069 1992 1140 legis

403 1164 536 1228 iusti
565 1162 704 1231 apud
736 1161 902 1214 [leum
921 1202 936 1227 ,
966 1159 1055 1215 sed
1082 1163 1307 1230 factores
1335 1161 1460 1228 legis
1481 1159 1918 1230 justi/imbuatur
1949 1163 1988 1216 ¹.
2037 1219 2042 1226 _

476 1359 704 1414 RefutJ
735 1366 787 1412 et
818 1358 906 1412 $28.
933 1358 989 1412 Si
1016 1357 1327 1428 quicunque
1358 1357 1479 1414 sine
1514 1357 1630 1420 lege
1660 1365 1987 1429 peccarunt,

404 1453 524 1507 siue
557 1453 670 1521 lege
703 1451 928 1522 perituri
965 1458 1113 1513 sunt,
1135 1449 1382 1520 profecto
1413 1449 1498 1504 lex
1539 1451 1769 1504 salutem
1796 1452 1988 1503 obser-

406 1549 528 1596 vata
561 1542 834 1603 conciliat,
860 1557 962 1595 nec
984 1556 1080 1596 eos
1116 1542 1208 1610 qui
1243 1549 1462 1595 servant
1495 1540 1674 1609 perire
1703 1541 1984 1609 permittit.

405 1637 534 1688 ltem
575 1633 620 1687 si
654 1634 746 1702 qui
780 1633 832 1686 in
869 1633 983 1702 lege
1010 1639 1344 1702 peccarunt,
1379 1646 1474 1700 per
1507 1633 1675 1702 legem
1703 1630 1988 1701 judicandi

403 1735 556 1789 sunt,
607 1725 775 1794 judex
809 1725 973 1795 igitur
1024 1723 1522 1794 transgressionum
1575 1723 1660 1777 lex
1713 1733 1832 1789 est,
1868 1738 1989 1793 qua:

406 1833 513 1872 non
551 1816 828 1870 interitum
865 1813 1020 1868 all'crt
1057 1830 1122 1868 ex
1172 1829 1327 1880 sese,
1379 1814 1472 1868 scd
1513 1813 1810 1884 legitimum
1842 1813 1990 1882 judi-

403 1907 546 1960 cium
577 1910 824 1967 exercet,
859 1903 1034 1973 deque
1069 1903 1135 1958 iis
1169 1905 1261 1973 qui
1314 1903 1570 1958 mandata
1621 1904 1987 1974 violarintju-

401 2004 544 2050 stan‘.
583 1995 945 2064 cognitionem
977 1993 1232 2048 instituit.
1280 1991 1404 2047 Non
1446 1996 1588 2048 enim
1617 1994 1884 2048 auditores
1915 1994 1990 2049 le-

403 2089 481 2159 gis
502 2087 637 2156 justi
670 2083 809 2155 apud
841 2083 1040 2147 Deum,
1069 2083 1157 2137 sed
1193 2085 1420 2153 [actores
1450 2085 1575 2155 legis
1611 2085 2016 2155 justi/icabun--

404 2191 508 2232 tur.
547 2177 665 2232 Jam
703 2191 829 2230 vero
881 2190 1007 2229 cum
1072 2176 1154 2230 lex
1216 2176 1376 2231 factis
1428 2177 1669 2246 praestita
1727 2176 1986 2233 factorem

402 2274 576 2339 ipsum
609 2268 902 2338 justilicet,
939 2282 1044 2320 non
1077 2266 1276 2336 injusta
1300 2307 1314 2330 ,
1349 2282 1524 2336 neque
1550 2267 1864 2337 paenitenda
1904 2269 1989 2321 lex

399 2359 526 2425 erit,
559 2367 779 2430 propter
802 2374 966 2428 quam
1013 2359 1144 2428 justi
1182 2357 1319 2412 fiunt
1344 2397 1358 2421 ,
1388 2359 1479 2429 qui
1510 2359 1558 2413 ei
1587 2360 1986 2430 obtemperant.

401 2455 670 2508 Caeterum
702 2451 769 2504 ad
801 2453 969 2522 legem
1005 2451 1202 2506 attinet
1229 2450 1362 2505 fides
1406 2451 1568 2506 etiam
1615 2453 1668 2505 in
1710 2449 1986 2507 Christum

404 2546 458 2600 in
494 2541 682 2600 eadem
732 2544 848 2614 lege
879 2543 1138 2612 praedicta
1162 2584 1177 2607 ,
1211 2542 1330 2596 sine
1369 2557 1478 2612 quo
1506 2541 1802 2612 iustiﬁcari
1830 2556 1990 2596 nemo

406 2644 609 2708 potest;
645 2645 696 2691 et
731 2636 780 2689 ei
811 2637 1034 2704 insuper
1060 2634 1376 2704 quicunque
1425 2634 1751 2698 crediderit,
1783 2635 1991 2704 absque

404 2730 538 2799 legis
599 2729 693 2782 illo
744 2725 1057 2782 testimonio
1100 2724 1398 2794 justificari
1451 2725 1669 2796 nequit;
1729 2727 1988 2796 quoniam

403 2823 656 2878 Christus
686 2821 820 2891 legis
854 2819 1312 2888 complementum
1339 2824 1458 2882 est,
1491 2825 1550 2872 ut
1581 2817 1876 2886 Apostolus
1905 2817 1990 2872 his

406 2916 586 2971 verbis
608 2913 845 2969 declarat
876 2931 888 2966 :
916 2909 1198 2966 Plenitudo
1221 2910 1350 2980 legis
1371 2909 1616 2964 Christus
1640 2918 1717 2963 est
1741 2909 1809 2962 ad
1826 2909 1993 2980 justi-

403 3010 532 3062 iiam
562 3009 604 3062 ².
639 3005 804 3077 369
830 3003 1041 3070 Quibus
1075 3003 1204 3056 illud
1238 3001 1469 3065 indicat,
1518 3002 1636 3057 sine
1668 3002 1783 3071 lege
1829 3011 1993 3072 atque

403 3100 621 3156 Christo
650 3098 855 3151 nullam
879 3090 1511 3164 essejuStitiam.Neque
1539 3091 1684 3147 enim
1711 3090 1992 3165 iud-.eiqui

403 3192 681 3246 Christum
707 3188 1016 3259 repudiaut,
1049 3187 1168 3242 sine
1199 3200 1266 3240 eo
1293 3185 1785 3255 justiﬁeabuntur;
1817 3201 1995 3256 neque

404 3293 459 3337 tu
492 3280 890 3352 justifieabere,
927 3277 1160 3342 Marcio,
1193 3277 1286 3347 qui
1318 3277 1488 3347 legem
1516 3277 1774 3348 ahnegas.

478 3371 663 3426 Schol.
697 3371 733 3424 ‘2
764 3378 817 3425 et
843 3369 934 3422 29.
969 3368 1317 3423 Circumcisio
1346 3369 1483 3421 enim
1513 3369 1725 3436 prodest
1757 3368 1804 3422 si
1829 3370 1993 3438 legem

405 3462 608 3532 facias;
648 3461 694 3513 si
721 3468 894 3513 autem
926 3459 1308 3527 prwvaricator
1357 3459 1430 3512 sis
1460 3459 1587 3529 legis
1609 3499 1624 3526 ,
1654 3458 1987 3513 circumcisio

406 3558 498 3601 tua
527 3547 843 3616 prwputium
868 3545 1015 3615 [acta
1041 3554 1118 3598 est
1153 3545 1196 3599 ³.

477 3636 658 3692 Refut.
699 3637 736 3691 2
787 3645 840 3692 et
881 3637 974 3695 29.
1018 3635 1468 3707 Quandoquidem
1515 3637 1863 3708 profuturam
1887 3641 1996 3696 cir-

405 3729 795 3786 eumcisionem
844 3729 1140 3799 Apostolus
1169 3731 1516 3799 pronuntiat,
1547 3730 1672 3800 quis
1696 3731 1995 3788 fructuosis

405 3824 570 3878 rebus
617 3821 948 3876 calumniam
995 3831 1210 3876 struere
1275 3823 1513 3877 audeat?
1561 3821 1720 3878 Hunc
1771 3826 1993 3895 quidem

405 3916 675 3985 serpentis
731 3913 963 3968 similem
1015 3920 1231 3984 oportet
1286 3929 1442 3978 esse,
1479 3929 1510 3969 a
1564 3931 1674 3986 quo
1723 3933 1902 3988 neque
1937 3925 1995 3972 tu

405 4006 702 4071 abliorres,
735 4003 962 4058 Marcio.
1014 4002 1296 4075 Siquidem
1350 4005 1441 4060 ille
1474 4004 1566 4060 Dei
1605 4007 1771 4062 verba
1811 4007 1998 4064 deter--

403 4113 576 4169 quens
625 4095 790 4150 Evam
825 4097 1181 4166 persuasione
1227 4112 1324 4150 sua
1373 4097 1618 4168 decepit,
1655 4099 1729 4153 ita
1756 4100 1996 4169 compcl-

406 4192 572 4244 laus:
617 4187 968 4257 Nequaquam
1021 4188 1317 4241 moriemini
1348 4189 1391 4242 ³.
1444 4187 1653 4244 Etenim
1699 4190 1996 4261 Apostolus

408 4283 576 4350 legem
601 4279 668 4334 ad
698 4279 1175 4334 circumcisiouem
1202 4279 1494 4343 astrinxit,
1529 4287 1585 4334 et
1617 4281 1996 4337 circumcisio-

409 4387 530 4425 nem
566 4371 671 4439 legi
719 4377 1144 4425 consentaneam
1181 4383 1304 4425 esse
1332 4371 1688 4436 monstravit,
1723 4371 1996 4441 ejusdem-

407 4478 514 4534 que
568 4461 886 4516 mandatum
939 4476 1062 4517 esse
1095 4459 1223 4525 Dei,
1276 4459 1369 4531 qui
1418 4470 1472 4515 et
1520 4463 1995 4520 eireumcisionem

2200 598 2311 667 Τῆς
2341 600 2491 669 πρὸς
2525 601 2847 670 Ῥωμαίους
2879 601 3161 670 τετάρτης
3190 603 3567 675 Ἐπιστολῆς.

2169 710 2358 774 Οὕτως
2382 711 2490 784 γάρ
2526 715 2641 766 ἐστι
2675 714 2825 786 παρὰ
2870 712 2946 782 τῷ
2969 713 3256 785 Μαρκίωνι
3291 719 3551 789 κειμένη.
3591 722 3676 776 ἵνα

2098 801 2264 872 μηδὲν
2289 801 2448 872 ὀρθὸν
2482 803 2611 874 παρ’
2640 803 2789 874 αὑτῴ
2825 804 2932 876 εἴη.

2166 892 2213 949 α’
2247 895 2341 947 xal.
2377 901 2463 964 κη’
2511 895 2658 966 σχόλ.
2702 897 2876 950 Ὅσοι
2918 897 3152 967 ἀνόμως
3195 899 3493 968 ἥμαρτον,
3535 904 3678 957 ἀνό-

2086 1003 2214 1054 μως
2251 986 2350 1040 καὶ
2384 987 2783 1043 ἀπολοῦνταιο
2814 989 2915 1042 καὶ
2945 989 3080 1043 ὅσοι
3099 989 3171 1044 ἐν
3192 994 3354 1061 νόμῳ
3384 994 3676 1063 ἥμαρτον,

2091 1075 2191 1129 διὰ
2223 1077 2409 1146 νόμον
2454 1078 2860 1145 κριθήσονται.
2897 1082 2980 1134 Οὐ
3009 1083 3120 1150 γὰρ
3159 1085 3214 1136 οι
3265 1083 3550 1152 ἀκροαταὶ
3576 1089 3677 1141 νό-

2086 1183 2209 1232 μου
2240 1165 2456 1222 δίκαιοι
2509 1172 2672 1238 παρὰ
2713 1170 2794 1235 τῷ
2832 1169 2988 1236 Θεῷ,
3036 1173 3174 1227 ἀλλ’
3202 1176 3256 1228 οἱ
3296 1177 3537 1244 ποιηταὶ
3575 1178 3676 1231 rd-

2086 1273 2206 1322 μου
2245 1257 2762 1328 δικαιωθήσονται.

2162 1345 2210 1398 α’
2245 1350 2337 1402 καὶ
2361 1357 2446 1419 κη’
2483 1351 2660 1421 ἕλεγχ.
2690 1352 2750 1406 Ei
2783 1353 2894 1407 ὅσοι
2916 1354 3130 1426 ἀνόμως
3157 1357 3422 1429 ἥμαρτον,
3457 1360 3677 1430 ἀνόμως

2091 1440 2186 1493 καὶ
2212 1441 2535 1497 ἀπολοῦνται
2561 1485 2575 1506 ,
2609 1445 2881 1517 σωτηρίας
2909 1450 2937 1500 6
2965 1448 3126 1518 νόμος
3156 1449 3442 1521 παραίτιος
3470 1451 3677 1520 φυλατ-

2089 1535 2344 1602 τόμενος,
2378 1536 2470 1589 καὶ
2519 1537 2593 1607 μὴ
2635 1537 2740 1590 ἑῶν
2765 1539 2888 1602 τοὺς
2914 1539 3282 1608 φυλάττοντας
3313 1543 3673 1598 ἀπόλλυσθαι..

2091 1624 2201 1676 Καὶ
2231 1627 2279 1677 εἰ
2306 1626 2353 1678 οἱ
2383 1625 2468 1678 διὰ
2505 1629 2668 1698 νόμου
2707 1629 3124 1700 ἁμαρτήσαντες
3152 1630 3240 1684 διὰ
3267 1632 3432 1702 νόμου
3481 1632 3676 1704 κριθή·

2093 1731 2294 1782 σονται,
2343 1717 2450 1785 ἄρα
2494 1719 2684 1791 κριτὴς
2731 1721 2838 1774 τῶν
2871 1720 3236 1792 παραϐάσεων
3267 1723 3296 1774 ό
3337 1724 3538 1793 νόμος,
3574 1725 3675 1778 οὐκ

2091 1808 2363 1873 ἀπωλείας
2385 1809 2480 1876 ὢν,
2516 1811 2650 1864 ἀλλὰ
2681 1812 3094 1884 δικαιοκρισίας,
3125 1813 3288 1877 ὁσίως
3317 1815 3522 1887 κρίνων
3549 1819 3674 1880 τοὺς

2091 1899 2561 1972 παραϐεϐηκότας.
2603 1904 2684 1957 Οὐ
2712 1902 2822 1971 γὰρ
2849 1906 2902 1957 οἱ
2926 1905 3211 1971 ἀκροαταὶ
3238 1907 3426 1976 νόμου
3453 1909 3673 1965 δίκαιοι

2090 1991 2248 2059 παρὰ
2271 1989 2411 2057 Θεῷ,
2441 1992 2580 2047 ἀλλ’
2601 1997 2655 2062 οι
2679 1995 2916 2061 ποιηταὶ
2937 1997 3124 2063 νόμου
3151 1994 3671 2068 δικαιωθήσονται.

2091 2082 2153 2134 Et
2181 2081 2237 2134 δὲ
2279 2083 2597 2154 ποιούμενος
2617 2086 2645 2137 6
2672 2085 2836 2156 νόμος
2867 2085 3068 2140 δικαιοῖ
3099 2087 3189 2140 τὸν
3218 2089 3545 2158 ποιήσαντα,
3577 2092 3674 2145 οὐκ

2090 2171 2272 2236 ἄδικος
2299 2175 2326 2226 ὁ
2351 2173 2543 2245 νόμος,
2578 2174 2702 2228 οὔτε
2731 2175 2964 2244 φαῦλος,
2995 2178 3062 2230 δι’
3099 2177 3158 2231 ὃν
3188 2181 3236 2233 οἱ
3270 2180 3556 2246 τελοῦντες
3584 2183 3674 2235 τὸν

2090 2262 2254 2333 νόμον
2302 2263 2500 2317 δίκαιοι
2539 2265 2914 2321 καθίστανται.
2961 2268 3054 2320 Ἐκ
3103 2269 3158 2322 δε
3191 2271 3285 2323 τοῦ
3334 2271 3503 2342 νόμου
3557 2275 3674 2327 ἐστὶ

2091 2354 2240 2426 καὶὴ
2272 2357 2352 2418 εἰς
2389 2357 2623 2428 Χριστὸν
2658 2360 3107 2431 προφητευομένη
3155 2362 3360 2426 πίστις’
3401 2365 3576 2436 χωρὶς
3614 2361 3672 2419 οὗ

2090 2449 2151 2502 οῦ
2177 2449 2595 2521 δικαιωθήσεται
2625 2451 2834 2515 οὐδεὶς,
2883 2455 2976 2507 καὶ
3015 2457 3072 2507 ἐν
3114 2448 3159 2522 ᾧ
3185 2455 3481 2523 πιστεύσας
3521 2461 3674 2529 παρὰ

2089 2541 2188 2612 τὴν
2211 2541 2301 2594 τοῦ
2333 2542 2496 2614 νόμου
2527 2546 3012 2617 προφητευομένην
3047 2549 3352 2619 μαρτυρίαν
3375 2590 3389 2614 ,
3420 2549 3482 2602 οῦ
3515 2550 3674 2604 δύνα-

2092 2652 2180 2688 ται
2213 2635 2374 2689 πάλιν
2408 2637 2782 2702 δικαιοῦσθαι,
2818 2640 2866 2709 (ὃ
2919 2641 3033 2710 καὶ)
3068 2642 3144 2704 ὼς
3182 2641 3557 2714 πληρώματος
3591 2645 3673 2698 ὃν·

2091 2743 2183 2790 τος
2227 2727 2319 2780 τοῦ
2357 2727 2593 2800 Χριστοῦ
2629 2730 2722 2783 τοῦ
2755 2731 2920 2802 νόμου
2953 2731 3094 2786 κατὰ
3121 2733 3183 2786 τὸ
3213 2733 3369 2804 παρὰ
3396 2733 3474 2804 τῷ
3517 2737 3674 2789 Ἀπο-

2094 2817 2264 2888 στόλῳ
2306 2819 2614 2889 εἰρημένον,
2670 2821 2752 2873 ὅτι
2780 2819 3076 2890 Πλήρωμα
3093 2823 3277 2892 νόμου
3306 2824 3568 2893 Χριστὸς
3592 2827 3674 2892 sic

2092 2910 2488 2980 δικαιοσύνην
2511 2951 2525 2975 ,
2557 2912 2860 2979 δεικνύντι,
2896 2915 2978 2967 ὅτι
3031 2913 3160 2967 ἄνευ
3199 2915 3366 2986 νόμου
3401 2919 3495 2972 καὶ
3540 2919 3671 2990 Χρι-

2096 3003 2221 3056 στοῦ
2276 3004 2375 3056 οὐκ
2415 3003 2494 3059 ἔνι
2531 3005 2865 3076 δικαιοσύνη.
2909 3005 3047 3059 οὔτε
3095 3007 3202 3078 γὰρ
3259 3007 3506 3062 Ἰουδαῖοι
3549 3009 3672 3064 ἄνευ

2094 3095 2332 3168 Χριστοῦ
2368 3097 2817 3169 δικαιωθήσονται
2857 3098 2932 3170 μὴ
2974 3097 3228 3163 λαϐόντες
3269 3100 3532 3171 Χριστὸν,
3555 3100 3673 3155 οὔτε

2097 3187 2184 3251 σὺ,
2216 3186 2478 3258 Μαρκίων
2504 3227 2518 3250 ,
2553 3186 2893 3260 δικαιωθήσῃ
2923 3187 3333 3260 ἀπαρνούμενος
3361 3190 3455 3243 τὸν
3488 3189 3672 3263 νόμον.

2168 3359 2211 3430 β’
2243 3360 2338 3413 καὶ
2367 3359 2448 3414 κθ¹
2484 3361 2632 3432 σχόλ.
2685 3361 2972 3432 "epitaph
3009 3363 3127 3434 μὲν
3157 3364 3269 3433 γὰρ
3287 3364 3528 3435 ὠφελεῖ,
3571 3367 3675 3421 ἐὰν

2095 3455 2284 3522 νόμον
2317 3451 2603 3522 πράσσῃς
2624 3469 2637 3483 ⁸
2671 3452 2780 3506 ἐὰν
2823 3453 2892 3507 δὲ
2935 3454 3277 3524 παραϐάτης
3351 3460 3546 3528 νόμου
3580 3454 3672 3530 ᾖς,

2097 3543 2378 3612 περιτομή
2413 3559 2530 3597 σου
2561 3544 2932 3612 ἀκροϐυστία
2961 3545 3229 3617 γέγονεν.

2169 3654 2212 3724 β’
2241 3655 2334 3708 καὶ
2361 3653 2440 3707 κθ¹
2464 3655 2643 3724 ἕλεγχ.
2665 3656 2728 3708 Εἰ
2749 3655 3108 3726 ἀποφαίνεται
3131 3659 3160 3711 ό
3189 3659 3338 3728 ἅγιος
3358 3662 3676 3727 Ἀπόστολος

2095 3747 2194 3819 τὴν
2233 3747 2536 3818 περιτομὴν
2567 3748 2890 3820 ὠφελήσειν,
2924 3751 3009 3814 τίς
3037 3753 3095 3804 ὲν
3121 3754 3234 3815 τοῖς
3263 3752 3539 3822 ὠφελοῦσι
3568 3757 3678 3826 μῶ-

2100 3855 2198 3908 μον
2220 3837 2436 3909 θήσειεν
2460 3853 2474 3902 ;
2510 3838 2668 3892 Ἀλλὰ
2699 3841 2747 3892 εἰ
2774 3840 2881 3910 ἄρα
2903 3841 3085 3911 ὅμοιος
3101 3840 3177 3912 τῷ
3203 3843 3324 3912 ὕφει
3353 3846 3642 3916 γενήσεται
3659 3861 3673 3876 ο

2096 3929 2282 3993 ἔοικας
2317 3930 2425 4000 γὰρ
2455 3931 2649 4002 τούτῳ,
2675 3925 2720 3984 ὦ
2746 3933 3030 3999 Μαρκίων.
3069 3935 3335 3998 Κάκεῖνος
3363 3937 3498 4008 γὰρ,
3529 3941 3677 3992 ἀντι-

2099 4022 2345 4094 στρὲφων
2363 4023 2432 4076 τὰ
2462 4023 2613 4094 παρὰ
2636 4023 2770 4077 Θεοῦ
2793 4026 3076 4096 εἰρημένα,
3101 4028 3399 4099 παρέπειθε
3418 4030 3519 4102 τὴν
3539 4032 3678 4086 Εῦαν

2097 4113 2270 4183 λέγων
2288 4126 2302 4144 ⁵
2356 4116 2440 4168 Οὐ
2484 4115 2719 4181 θανάτῳ
2763 4116 3181 4173 ἀποθανεῖσθε.
3234 4119 3419 4189 Νόμον
3463 4123 3572 4193 γὰρ
3613 4123 3677 4192 τῇ

2097 4208 2368 4278 περιτομῇ
2397 4206 2671 4278 συνέδησε,
2695 4208 2788 4260 καὶ
2809 4205 2906 4278 τὴν
2929 4207 3229 4279 περιτομὴν
3251 4208 3330 4278 τῷ
3356 4209 3513 4282 νόμῳ
3542 4229 3678 4281 συμ-

2097 4297 2414 4368 πρέπουσαν
2465 4298 2730 4364 ἐπέδειξε,
2772 4299 2868 4352 καὶ
2906 4297 3002 4352 τοῦ
3039 4298 3204 4354 αὑτοῦ
3246 4300 3382 4354 Θεοῦ
3414 4303 3478 4355 τὸ
3522 4307 3678 4375 πρόσω

2097 4405 2283 4460 ταγμα
2328 4390 2594 4463 ὑπάρχειν
2636 4392 2879 4462 ὑπέφηνε
2908 4391 3003 4445 τοῦ
3049 4390 3150 4461 τὴν
3180 4395 3490 4466 περιτομήν
3554 4411 3679 4449 ποτε

2097 4480 2405 4546 δεδωκότος,
2451 4484 2546 4536 καὶ
2591 4484 2754 4554 νόμον
2793 4484 2874 4547 εἰς
2917 4481 3165 4555 βοήθειαν
3205 4483 3535 4550 δεδωκότος·
3591 4488 3679 4556 ἀφ’

407 4556 536 4610 olim
568 4553 841 4616 instituit,
871 4561 922 4608 et
965 4552 1136 4622 legem
1177 4551 1414 4624 praesidii
1443 4549 1610 4608 causa
1639 4554 1800 4620 tulit,
1833 4556 1993 4624 cujus

2105 4565 2268 4642 οὗπερ
2290 4573 2524 4644 Χριστὸς
2549 4549 2938 4643 πιστευόμενος
2951 4549 3018 4626 τὰ
3034 4573 3218 4628 τέλεια
3233 4577 3346 4638 τοῖς
3366 4549 3682 4633 πιστεύουσι

411 4646 671 4702 beneﬁcio
731 4645 975 4700 creditus
1037 4643 1292 4700 Christus
1343 4644 1694 4702 credentibus
1749 4647 1990 4716 perfecta

408 4755 636 4812 quaeque
674 4739 858 4794 dicere
885 4753 949 4794 ac
982 4736 1162 4794 facere
1190 4738 1462 4793 concedit.

481 4853 667 4909 Schol.
711 4855 746 4908 5
776 4859 830 4908 et
875 4853 966 4908 30.
1021 4849 1286 4907 [labentes
1326 4851 1757 4922 informationem
1812 4855 1995 4922 cogni-

409 4947 567 5000 tionis
593 4956 640 4999 et
679 4944 918 4998 ueritatis
942 4944 996 4996 in
1033 4941 1204 5012 lege‘.

481 5057 664 5112 Refut.
694 5057 728 5110 5
749 5063 802 5112 et
830 5055 917 5110 50.
955 5053 1012 5109 Si
1043 5055 1284 5124 cognitio
1333 5055 1772 5112 informationem
1817 5057 1994 5112 couti-

414 5159 504 5203 net
542 5192 556 5207 ,
591 5149 762 5201 forma
795 5163 927 5202 vero
969 5147 1038 5202 ab
1086 5147 1473 5202 informatione
1509 5149 1718 5215 oritur;
1755 5147 1993 5215 Aposto-

412 5243 450 5296 li
488 5255 648 5311 porro
679 5241 990 5310 cognitione
1032 5253 1095 5292 ac
1145 5239 1372 5293 veritate
1401 5239 1613 5310 ιιι-αξόίιί
1639 5257 1702 5296 ex
1738 5241 1872 5312 legis
1911 5240 1996 5294 in-

415 5328 738 5384 lormatione
771 5328 998 5382 formam
1032 5328 1202 5396 ipsam
1230 5329 1509 5396 obtinent,
1544 5329 1648 5384 hoc
1691 5338 1776 5386 est
1806 5329 1995 5400 cogni-

415 5419 616 5472 tionem
643 5429 707 5470 ac
728 5415 1038 5479 veritatem,
1061 5416 1312 5485 sequitur
1339 5417 1512 5488 legem
1547 5431 1576 5470 a
1604 5417 1916 5487 cognitione
1940 5424 1996 5470 et

417 5511 646 5565 veritate
672 5509 896 5564 minime
929 5509 1160 5562 alienam
1190 5509 1382 5564 videri.
1430 5510 1530 5563 Per
1559 5510 1693 5580 legis
1730 5509 1876 5564 enim
1905 5509 1991 5561 in-

2099 4663 2372 4732 λαλεῖνβε
2401 4666 2492 4719 καὶ
2522 4670 2691 4720 ποιεῖν
2723 4665 3039 4737 παρέχεται.

2170 4853 2216 4914 γ’
2246 4849 2340 4900 καὶ
2374 4847 2416 4900 λ’
2441 4849 2592 4919 σχόλ.
2633 4851 2886 4917 Ἐχοιιτα
2918 4848 3032 4917 τὴν
3055 4849 3370 4918 μόρφωσιν
3394 4850 3508 4920 τῆς
3534 4850 3678 4922 γνώ-

2096 4955 2269 5004 σεως,
2300 4940 2396 4992 καὶ
2434 4941 2544 5007 τῆς
2571 4941 2855 5006 ἀληθείας
2881 4941 2952 4992 ἐν
2979 4939 3057 5004 τῷ
3086 4942 3266 5008 νόμῳ.

2169 5050 2217 5118 γ’
2243 5050 2336 5104 καὶ
2374 5051 2419 5102 λ’
2448 5049 2628 5122 ἐλεγχ.
2673 5051 2736 5104 El
2770 5053 2802 5121 ἡ
2845 5052 3044 5120 γνῶσις
3077 5055 3361 5125 μόρφωσιν
3409 5055 3541 5128 ἔχει,
3579 5059 3682 5113 ἀπὸ

2096 5143 2151 5196 δὲ
2179 5144 2278 5215 τῆς
2302 5145 2631 5216 μορφὼσεως
2657 5145 2716 5198 τὸ
2740 5141 2878 5208 εἶδος
2905 5145 3176 5213 φαίνεται,
3205 5148 3252 5199 οἱ
3279 5147 3336 5200 δὲ
3363 5149 3462 5219 τὴν
3481 5150 3680 5218 γνῶσιν

2099 5235 2194 5287 καὶ
2233 5237 2328 5307 τὴν
2367 5237 2622 5309 ἀλήθειαν
2667 5237 2880 5306 ἔχοντες
2922 5237 3207 5291 ἀπόστολοι
3248 5239 3344 5292 καὶ
3389 5241 3439 5292 oi
3480 5240 3683 5294 τούτων

2101 5328 2336 5398 μαθηταὶ
2383 5330 2585 5383 οἴδασιν
2633 5330 2742 5383 ἀπὸ
2786 5331 2884 5401 τῆς
2919 5329 3254 5400 μορφώσεως
3296 5330 3390 5383 τοῦ
3429 5333 3599 5402 νόμον
3629 5330 3683 5382 τὸ

2097 5416 2235 5482 εἶδος
2260 5407 2578 5492 κεκτῆσθαι,
2623 5421 2873 5475 τουτέστι
2911 5422 3009 5493 τὴν
3044 5421 3247 5490 γνῶσιν
3280 5425 3375 5476 καὶ
3411 5425 3514 5494 τὴν
3552 5424 3682 5492 ἀλή-

2105 5509 2283 5563 θειαν·
2309 5511 2409 5564 οὐκ
2435 5512 2542 5583 ἄρα
2565 5512 2844 5582 ἀλλότριος
2875 5515 2903 5566 6
2922 5514 3085 5583 νόμος
3116 5513 3210 5566 τοῦ
3237 5513 3402 5585 νόμου
3423 5516 3439 5546 ¹
3469 5516 3566 5568 καὶ
3592 5517 3683 5584 τῆς

494 5687 508 5719 ¹
553 5687 703 5740 Rom.
739 5703 797 5750 ιι,
832 5687 914 5740 12.
993 5691 1013 5720 ¹
1044 5686 1200 5740 Rom.
1237 5704 1289 5753 κ,
1316 5688 1368 5740 4.
1450 5689 1468 5719 ³
1501 5687 1656 5740 Rom.
1695 5703 1756 5756 ιι,
1784 5686 1874 5742 25.
1954 5687 1973 5718 ⁸

2105 5705 2136 5744 ι.
2173 5707 2251 5760 ιιι,
2274 5691 2327 5746 4.
2404 5693 2424 5722 ⁸
2457 5690 2614 5745 Rom.
2652 5707 2710 5758 ιι,
2741 5693 2827 5746 20.
2911 5693 2931 5723 ⁶
2967 5691 3024 5747 F.
3054 5691 3153 5758 τῆς
3189 5692 3459 5760 γνώσεως.
