3918 6160
281 335 384 393 E205

951 342 1319 399 ADVERSUS
1357 340 1701 398 Ητειιιεδεδ
1735 339 1855 398 Llll.

1981 339 2148 401 TOM.
2185 345 2270 401 Ill.
2305 376 2374 388 —
2397 346 2669 406 HIERES.
2715 350 2880 408 XLII.

3477 356 3579 413 8’36

281 449 562 525 ἀληθείας.
594 450 691 505 Διὰ
717 448 825 525 γὰρ
860 451 960 523 τῆς
989 454 1047 507 ὲν
1081 451 1231 525 αύτῷ
1271 455 1605 525 μορφώσεως
1632 450 1851 521 ἐπέγνω

1982 453 2366 513 formationem
2430 460 2681 517 veritatis
2740 476 3024 535 praecones
3083 444 3456 535 cognitionem
3516 486 3579 526 ac

283 561 385 597 σαν
426 544 475 596 oi
525 543 766 614 κήρυκες
801 542 902 615 τῆς
939 543 1196 616 ἀληθείας
1239 545 1342 617 τὴν
1393 545 1596 615 γνῶσιν
1643 545 1736 599 καὶ
1779 546 1878 618 τὴν

281 634 565 706 ἀλήθειαν.

348 727 393 781 δ’
420 728 513 781 καὶ
541 726 623 780 λα’
654 727 802 799 σχόλ.
866 729 989 782 Ἔτι
1027 729 1138 801 γὰρ
1174 731 1430 801 Χριστὸς
1465 729 1659 784 ὄντων
1711 727 1879 798 ἡμῶν

278 818 576 886 ἀσθενῶν,
596 819 684 873 ἔτι
711 820 864 875 κατὰ
879 823 1088 892 καιρὸν
1109 823 1263 893 ὑπὲρ
1284 820 1522 878 ἀσεϐῶν
1548 820 1874 878 ἀπέθανεν.

346 998 389 1052 δ’
422 1001 516 1054 καὶ
551 998 632 1054 λα’
660 999 840 1073 ἔλεγχ.
884 1001 978 1067 Τὸ,
1010 1001 1098 1057 ἔτι
1131 1001 1229 1057 καὶ
1265 1000 1587 1068 ἀπέθανεν,
1619 1001 1679 1055 οὐ
1706 1000 1872 1074 δοκη-

284 1108 440 1156 σεως,
466 1092 605 1147 ἀλλὰ
629 1093 889 1164 ἀληθείας
909 1096 1025 1148 ἐστὶ
1044 1094 1398 1165 σημαντικόν.
1430 1095 1494 1148 El
1519 1093 1627 1166 γὰρ
1648 1094 1873 1163 δόκησις

280 1178 367 1253 ἦν,
393 1183 473 1246 τίς
489 1183 647 1255 χρεία
666 1184 760 1237 τοῦ
785 1184 870 1238 ἔτι
892 1184 1171 1258 λέγεσθαι,
1196 1183 1494 1256 δυναμένου
1515 1183 1609 1237 τοῦ
1633 1181 1869 1253 Χριστοῦ

281 1275 511 1328 πάντοτε
543 1274 636 1328 καὶ
652 1274 747 1327 νῦν
770 1275 989 1347 δοκήσει
1023 1275 1329 1344 φαίνεσθαι,
1360 1274 1455 1328 καὶ
1478 1274 1554 1345 μὴ
1584 1273 1866 1343 λέγεσθαι,

278 1365 367 1418 ἔτι
385 1365 574 1418 ὄντων
592 1365 762 1435 ἡμῶν
776 1365 1076 1433 deam-5w;
1118 1364 1250 1419 Ἀπὸ
1274 1363 1361 1418 τοῦ
1383 1364 1513 1437 γὰρ,
1531 1363 1641 1431 ἔτι,
1664 1363 1727 1418 τὸ
1749 1364 1870 1419 τότε

276 1453 456 1508 θανεῖν
483 1455 754 1531 ἀπέδωκε,
784 1456 877 1509 καὶ
904 1456 1189 1510 ἐδικαίωσε
1222 1455 1300 1525 τῷ
1334 1454 1581 1526 Θανάτῳ·
1609 1455 1697 1508 ἵνα
1730 1472 1870 1526 μηκ·

274 1547 355 1600 ἑτι
383 1547 571 1618 χρείαν
599 1547 697 1621 ἔχῃ
728 1548 908 1602 θανεῖν
930 1551 958 1602 ὁ
978 1549 1118 1620 ὑπὲρ
1171 1543 1509 1619 ἆμαρτωλῶν
1556 1545 1706 1609 ἅπαξ
1733 1548 1871 1601 ἀπο-

226 1634 229 1635 ⁷
274 1631 472 1698 θανὼν,
509 1636 606 1689 καὶ
637 1636 709 1689 δι’
746 1637 955 1690 ἑαυτῶν
998 1636 1194 1708 μηκέτι
1228 1636 1605 1706 ἀποθνήσκων.

1982 545 2268 602 veritatem
2302 555 2432 605 sunt
2464 547 2667 620 adepti.

2057 722 2242 780 Schol.
2277 724 2311 779 4
2359 732 2413 781 ct
2442 725 2532 780 3|.
2571 724 2761 779 Adhuc
2807 726 2948 781 enim
2999 724 3244 782 Christus
3279 742 3395 779 eum
3436 741 3573 779 esse-

1980 829 2100 869 mus
2130 815 2365 886 inﬁrmi,
2412 816 2585 871 adhuc
2614 819 2670 872 in
2710 827 2943 889 tempore
2991 832 3087 885 pro
3116 817 3295 887 impiis
3335 827 3575 872 mortuus
3628 880 3637 889 κ

1977 914 2056 959 est
2081 907 2122 959 ί.
2354 963 2361 981 ,
2792 974 2798 981 θ

2047 996 2232 1054 Refut.
2264 999 2300 1053 4
2328 1007 2383 1055 et
2409 1000 2499 1055 5i.
2544 1000 2826 1057 Vocabula
2871 1002 3023 1068 htec,
3075 1000 3287 1066 adhuc,
3330 1011 3381 1057 et
3428 1019 3573 1057 mor-

1978 1094 2098 1142 tuus
2135 1098 2252 1156 est,
2295 1104 2407 1144 non
2440 1089 2644 1145 nudam
2689 1092 2965 1161 speciem,
3007 1091 3105 1147 sed
3153 1094 3439 1147 veritatem
3479 1105 3573 1146 ar-

1976 1187 2172 1250 guunt.
2223 1178 2280 1234 Si
2312 1180 2457 1236 enim
2493 1183 2611 1237 sola
2663 1184 2877 1253 species
2909 1184 3248 1251 exstitisset,
3277 1183 3408 1254 quid
3447 1198 3570 1238 eam

1928 1293 1932 1297 ⁴
1977 1270 2325 1342 particulam,
2349 1271 2552 1338 adhuc,
2574 1274 2884 1344 exprimere
2917 1290 3057 1346 opus
3090 1286 3231 1341 erat,
3265 1291 3389 1331 cum
3420 1276 3570 1332 omni

1979 1369 2214 1433 tempore
2276 1361 2524 1434 adeoque
2561 1379 2711 1420 nunc
2767 1366 2951 1435 specie
2982 1376 3147 1422 tenus
3191 1368 3369 1438 possit
3400 1382 3571 1439 appa-

1976 1468 2098 1508 rere
2129 1453 2419 1520 Christus,
2460 1470 2641 1526 neque
2672 1463 2855 1511 tamen
2910 1456 3149 1527 adjicere
3197 1472 3427 1513 necesse
3458 1459 3567 1521 sit,

1977 1559 2097 1598 cum
2131 1543 2303 1599 adhuc
2326 1545 2528 1615 inﬁrmi
2561 1547 2836 1601 essemus?
2874 1546 2987 1602 liae
3015 1547 3161 1603 enim
3194 1562 3348 1614 voce,
3372 1547 3564 1607 adhuc.

1971 1641 2087 1689 tum
2117 1634 2269 1689 illum
2302 1645 2536 1692 mortem
2568 1637 2775 1694 ohiisse
2808 1638 3123 1710 signiﬁcat,
3153 1653 3219 1694 ac
3249 1649 3426 1695 morte
3465 1656 3564 1695 sua

272 1726 606 1796 justiﬁessse
628 1770 643 1794 ,
692 1745 763 1785 ne
832 1729 1068 1801 amplius
1116 1730 1257 1785 mori
1285 1744 1513 1787 necesse
1568 1728 1642 1784 sit
1680 1727 1870 1795 illum,
1912 1728 2008 1800 qui
2044 1742 2143 1799 pro
2175 1729 2563 1800 peccatoribus
2587 1731 2758 1787 semel
2789 1741 2873 1789 est
2897 1740 3169 1797 mortuus,
3226 1747 3288 1788 ac
3318 1747 3415 1803 per
3443 1746 3568 1787 sese

272 1838 384 1880 non
420 1825 656 1895 amplius
687 1825 976 1880 moriatur.

341 1922 382 1962 ε’
412 1916 506 1970 καί
527 1916 605 1988 λβν
638 1916 785 1988 σχόλ.
844 1917 1023 1970 Ὥστε
1056 1919 1091 1971 ὁ
1116 1916 1236 1986 μὲν
1258 1908 1442 1987 νόμος
1476 1915 1667 1986 ἅγιος,
1700 1912 1795 1969 καί
1820 1913 1855 1982 ἡ

2036 1909 2203 1988 370
2235 1906 2421 1966 Schol.
2458 1909 2492 1967 5
2526 1918 2580 1965 et
2617 1909 2706 1965 3‘2.
2740 1908 2871 1964 Ideo
2925 1911 3009 1965 lea:
3038 1922 3225 1967 sancta
3252 1924 3303 1968 et
3348 1919 3566 1974 mamla-

271 2003 490 2073 ἐθιολὴ
522 2004 680 2075 ἁγία,
717 2005 816 2059 kal
848 2005 1049 2059 δίκαιά
1086 2005 1185 2059 καὶ
1216 2005 1432 2074 ἀγαθή.

343 2104 383 2148 ε’
426 2096 519 2151 καὶ
559 2096 637 2166 λβ¹
682 2084 863 2167 ἔλεγχ.
919 2097 1231 2151 Συντίθεται
1285 2095 1361 2167 τῷ
1416 2097 1563 2170 νόμῳ
1588 2097 1662 2155 ,τὸ
1707 2100 1864 2168 ἅγιον

272 2184 436 2239 αὑτὸν
478 2180 639 2251 εἶναι,
683 2185 778 2238 καὶ
811 2188 878 2257 τῇ
921 2185 977 2239 ὲν
999 2184 1147 2255 αὐτῷ
1177 2183 1363 2258 ἐντολῇ
1391 2185 1684 2258 γενομένῃ,
1715 2186 1862 2258 τρισὶ

274 2279 598 2348 μαρτυρίαις
640 2278 1078 2348 ἀσφαλισάμενος
1109 2278 1338 2346 ταύτην,
1379 2277 1541 2346 ἁγίαν
1572 2276 1742 2347 αὐτὴν
1773 2276 1863 2331 λιὲ⁶

282 2386 382 2421 (ων
417 2370 513 2421 καὶ
549 2369 764 2423 δικαίαν
802 2369 899 2423 καὶ
934 2369 1145 2438 ἀγαθήν
1169 2384 1183 2398 ο
1242 2368 1327 2421 ἵνα
1371 2366 1566 2441 ἐλέγξῃ
1604 2384 1685 2432 σε,
1712 2369 1864 2440 Μαρ-

275 2461 429 2526 κίων,
488 2462 582 2515 καὶ
615 2462 764 2532 ἡμᾶς
800 2460 987 2535 διδάξῃ
1017 2461 1112 2514 τοῦ
1145 2461 1303 2530 ἁγίου
1349 2455 1487 2513 εἶναι
1534 2458 1624 2512 τὸν
1669 2459 1852 2530 νόμον,

272 2545 334 2605 οὗ
381 2552 475 2606 καὶ
508 2553 543 2624 ἡ
596 2552 782 2624 ἐντολὴ
815 2552 966 2621 ἁγία,
1025 2553 1120 2606 καὶ
1174 2550 1337 2604 αὑτὸν
1376 2550 1469 2606 τὸν
1519 2549 1673 2619 ἅγιον
1719 2546 1860 2604 εἶναι

270 2643 366 2697 καὶ
398 2643 617 2710 ἀγαθόν.
665 2642 756 2696 Διὸ
801 2642 1009 2711 ἀγαθοῦ
1041 2639 1178 2697 οὖσα
1206 2643 1416 2715 ἐντολὴ,
1458 2643 1641 2716 ἀγαθὴ
1673 2644 1860 2698 κοιλεῖ-

265 2749 355 2787 ται
378 2751 392 2765 ο
436 2734 533 2787 καὶ
565 2734 723 2803 ἁγίου
755 2729 911 2796 οὖσα,
955 2735 1086 2805 ἁγία
1117 2735 1266 2788 ἐστί’
1312 2736 1406 2789 καὶ
1440 2734 1648 2788 δικαίου
1685 2737 1862 2809 ὑπάρ-

263 2840 454 2894 χουσα,
502 2823 688 2877 δικαία
731 2823 920 2896 ἐντολὴ
964 2824 1229 2893 καλεῖται.
1266 2824 1385 2887 ἑνὸς
1416 2823 1567 2887 lino;
1607 2825 1703 2879 τοῦ
1733 2827 1856 2880 τότε

263 2915 357 2967 καὶ
394 2914 521 2980 νῦν,
581 2913 678 2967 τοῦ
709 2913 862 2979 ὄντος
905 2914 1061 2985 ἁγίου
1102 2917 1196 2969 καὶ
1242 2916 1453 2969 δικαίου
1498 2915 1594 2967 καὶ
1627 2916 1855 2983 ἀγαθοῦ.

206 3025 209 3027 '
262 3004 354 3057 Διὸ
383 3003 478 3057 καὶ
497 3004 530 3070 ἡ
561 3002 727 3057 αὑτοῦ
753 3003 965 3075 ἐντολὴ,
1005 3006 1039 3075 ὴ
1072 3004 1181 3059 ἀπ’)
1208 3004 1329 3057 τότε
1370 3004 1464 3058 καὶ
1491 3004 1590 3059 νῦν
1619 3005 1677 3057 ἐν
1708 3008 1858 3077 νόμῳ

261 3095 355 3150 καὶ
384 3097 443 3147 ὲν
468 3094 644 3167 Καινῇ
673 3093 938 3167 Διαθήκῃ,
988 3093 1119 3162 ἁγία
1159 3094 1394 3166 ὑπάρχει
1422 3094 1518 3148 καὶ
1555 3094 1738 3150 δικαία
1765 3096 1860 3150 καὶ

258 3183 464 3256 ἀγαθή.

332 3371 387 3430 ς’
406 3366 503 3419 καὶ
527 3365 609 3436 λγ’
627 3365 777 3437 σχόλ.
807 3366 936 3422 Ἵνα
954 3364 1023 3419 τὸ
1045 3366 1334 3435 δικαίωμα
1357 3368 1465 3423 τοῦ
1486 3369 1676 3438 νόμον
1700 3370 1850 3439 πλη-

258 3457 419 3531 ρωθῇ
448 3460 518 3513 ἐν
557 3458 723 3528 ἡμῖν.

330 3554 387 3612 ς’
413 3551 506 3604 καὶ
529 3549 609 3619 λγ⁹
632 3549 811 3622 ἕλε-(χ.
846 3551 910 3604 Εἰ
934 3551 994 3606 ὲν
1020 3553 1133 3616 τοῖς
1158 3551 1479 3617 ἀποστόλοις
1509 3552 1604 3606 καὶ
1628 3553 1686 3607 ἐν
1715 3554 1849 3626 ἡμῖν

254 3638 319 3694 τὸ
346 3641 623 3713 δικαίωμα
647 3640 740 3695 τοῦ
779 3641 944 3713 νόμου
978 3641 1302 3713 πληροῦται,
1345 3641 1462 3708 πῶς
1497 3645 1584 3706 σὺ,
1613 3637 1658 3698 ὦ
1686 3645 1848 3717 Μαρ-

254 3731 413 3795 κίων,
462 3733 665 3804 τολμᾷς
701 3732 882 3801 λέγειν
924 3735 1018 3787 τὸν
1049 3733 1213 3804 νόμον
1245 3734 1527 3806 ἀλλότριον
1560 3734 1669 3789 τῶν
1707 3737 1850 3790 κατὰ

254 3822 317 3877 τὸ
338 3821 612 3895 πλήρωμα
658 3820 753 3877 τοῦ
790 3823 954 3895 νόμου
980 3824 1373 3896 δικαιουμὲνων
1403 3825 1718 3881 ἀποστόλων
1750 3826 1846 3883 τοῦ

252 3913 390 3969 Θεοῦ
410 3933 426 3981 ;
1137 3954 1143 3959 η

326 4005 369 4071 ζ’
394 4009 488 4062 καὶ
514 4008 588 4063 λδ¹
611 4009 758 4080 σχόλ.
798 4008 981 4076 Τέλος
1012 4007 1123 4080 γὰρ
1152 4012 1345 4080 νόμου
1362 4011 1617 4080 Χριστὸς
1645 4015 1731 4079 είς
1755 4012 1845 4067 δι-

253 4099 597 4169 καιοσύνην
628 4101 807 4156 παντὶ
836 4100 916 4166 τῷ
946 4102 1312 4157 πιστεύοντι.

197 4262 203 4267 ι
327 4190 373 4256 ζ’
396 4194 493 4246 καὶ
514 4194 585 4247 λδ¹
608 4193 788 4266 ζλεγχ.
811 4195 966 4261 Είεὶς
988 4194 1339 4267 δικαιοσύνην
1362 4194 1596 4268 Χριστὸς
1619 4195 1845 4269 ἐλήλυθε

254 4285 423 4339 παντὶ
446 4284 525 4356 τῷ
554 4286 884 4353 πιστεύοντι,
916 4287 977 4341 οὐ
1010 4287 1105 4342 τοῦ
1153 4289 1320 4360 νόμου
1363 4288 1762 4361 τελειουμένου,
1795 4291 1846 4344 εί

256 4376 333 4450 μὴ
357 4376 594 4448 Χριστὸς
619 4376 881 4452 τελειώσῃ
912 4381 978 4452 τῇ
1009 4379 1205 4434 ἑαυτοῦ
1239 4380 1517 4453 παρουσίᾳ
1541 4396 1557 4412 ’
1607 4379 1709 4435 οὐκ
1736 4381 1845 4454 ἄρα

249 4466 699 4541 τελειωθήσεσθε,
746 4462 794 4525 ὧ
843 4469 1109 4538 Ἰουδαῖοι,
1156 4471 1216 4524 ὲν
1253 4471 1403 4543 νόμῳ
1439 4470 1718 4542 μένοντες,
1748 4471 1846 4526 ἐὰν

255 4559 333 4632 μὴ
372 4560 609 4625 Χριστὸν
642 4562 1022 4636 ὲνδημήσαντα
1060 4561 1452 4626 πιστεύσαντες
1485 4562 1838 4635 ὑποδέξησθε.

1967 2007 2080 2052 tum
2119 2009 2362 2054 sanctum
2391 2013 2443 2053 et
2463 2001 2705 2069 justum,
2740 2007 2790 2053 et
2821 2003 3017 2053 bonum
3044 2001 3088 2054 ’.

2036 2088 2223 2147 Refut.
2256 2091 2290 2146 5
2330 2098 2384 2148 et
2438 2090 2528 2147 32.
2561 2087 2692 2162 Le'gi
2744 2090 2849 2146 hoc
2898 2091 3196 2162 Apostolus
3251 2094 3473 2163 tribuit,
3505 2108 3565 2154 ut

1965 2194 2158 2244 sancta
2213 2185 2320 2250 sit,
2374 2183 2738 2255 ejusdemque
2789 2186 3047 2240 mandato
3093 2204 3106 2240 :
3156 2188 3304 2256 quod
3358 2190 3563 2260 triplici

1964 2274 2280 2332 testimonio
2314 2275 2637 2340 conﬁrmat,
2674 2282 2930 2330 sanctum
2976 2290 3099 2331 esse
3130 2278 3469 2348 praedicans,
3509 2291 3564 2337 et

1958 2368 2194 2438 justum,
2226 2376 2281 2422 et
2304 2366 2544 2434 bonum,
2579 2373 2638 2421 ut
2663 2375 2738 2435 te,
2771 2366 3016 2434 Marcio,
3059 2360 3426 2440 condemnet,
3459 2390 3562 2431 nos

1962 2476 2096 2518 vero
2143 2461 2295 2532 ipsos
2362 2460 2621 2527 edoceat,
2659 2462 2836 2531 legem
2887 2463 3130 2519 auctoris
3178 2478 3301 2519 esse
3347 2468 3559 2532 sancti,

1963 2554 2122 2624 cujus
2177 2552 2498 2608 mandatum
2567 2560 2821 2608 sanetum
2876 2553 2979 2619 sit;
3051 2554 3415 2626 eumdemque
3462 2560 3558 2633 qui

1963 2656 2191 2703 sanctus
2225 2652 2330 2711 est,
2355 2661 2480 2702 esse
2505 2645 2731 2701 bonum.
2759 2645 3057 2717 Propterea
3086 2661 3211 2701 cum
3239 2649 3557 2705 mandatum

1960 2752 1993 2792 a
2038 2736 2185 2793 bono
2241 2736 2549 2807 profectum
2607 2735 2812 2800 fuerit,
2868 2735 3072 2790 bonum
3124 2734 3363 2805 dicitur;
3421 2745 3476 2792 ιι
3527 2755 3558 2794 a

1961 2837 2175 2895 saneto,
2196 2839 2448 2885 sanctum
2472 2845 2486 2895 ;
2511 2840 2564 2885 et
2590 2845 2621 2883 a
2641 2829 2790 2899 justo
2807 2827 3113 2884 derivatum
3130 2868 3144 2893 ,
3160 2828 3373 2897 justum
3393 2830 3557 2883 etiam

1960 2918 2296 2992 appellatur;
2321 2935 2446 2974 cum
2476 2935 2618 2975 unus
2649 2919 2903 2991 idemque
2934 2918 3097 2973 modo
3130 2919 3223 2983 sit,
3254 2918 3347 2989 qui
3374 2932 3555 2989 quon-

1959 3010 2085 3065 dam
2111 3010 2355 3078 exstitit,
2410 3018 2675 3078 sanctus,
2713 3012 2900 3083 justus
2950 3026 3014 3067 ac
3064 3012 3265 3068 bonus.
3303 3010 3461 3068 Unde
3500 3021 3556 3067 et

1958 3099 2276 3156 mandatum
2302 3101 2478 3172 ipsius
2512 3109 2624 3159 tam
2659 3104 2807 3175 quod
2836 3104 2990 3170 olim,
3023 3120 3187 3177 quam
3215 3106 3361 3177 quod
3391 3105 3554 3160 modo

1958 3200 2044 3249 est
2120 3194 2374 3261 editum,
2434 3196 2491 3250 in
2558 3204 2795 3269 utroque
2846 3197 3107 3254 videlicet
3161 3197 3551 3265 Testamento,

1867 3287 1915 3349 C
1944 3289 2197 3339 sanctum
2231 3323 2247 3349 ,
2284 3285 2487 3354 iustum
2516 3301 2582 3342 ac
2609 3286 2816 3343 bonum
2846 3288 3274 3345 existimandum
3305 3300 3410 3345 est.

2021 3373 2210 3516 (Schol.
2247 3377 2281 3433 6
2312 3385 2366 3435 et
2411 3380 2501 3436 35.
2541 3378 2610 3434 Ut
2636 3378 2968 3451 justi/irati!)
3013 3380 3141 3452 legis
3181 3382 3465 3452 impleatur
3496 3384 3552 3438 in

2055 3480 2100 3516 is
2162 3500 2178 3516 .
3228 3474 3233 3479 '

1950 3462 2100 3518 nobis
2125 3464 2147 3497 ³
2162 3500 2178 3519 .
3228 3474 3233 3479 ’

2022 3550 2207 3608 Refut.
2237 3552 2271 3609 6
2300 3561 2354 3611 et
2388 3557 2477 3612 55.
2508 3556 2567 3613 Si
2603 3557 2661 3613 in
2691 3559 2957 3630 apostolis
2992 3568 3048 3617 et
3087 3561 3142 3617 in
3193 3562 3355 3619 nobis
3386 3562 3552 3630 justi-

1951 3643 2137 3701 ﬁcatio
2170 3645 2308 3718 legis
2335 3648 2623 3720 impletur,
2652 3666 2759 3723 qua
2786 3652 2931 3708 istud
2980 3650 3162 3710 fronte
3185 3657 3551 3725 pronuntiare

1950 3737 2153 3803 audes,
2194 3736 2399 3794 Marcio
2421 3780 2436 3805 ,
2474 3741 2647 3813 legem
2687 3742 2759 3798 ab
2787 3744 3053 3815 apostolis
3087 3744 3217 3814 Dei,
3245 3747 3339 3817 qui
3367 3763 3430 3803 ex
3467 3747 3548 3804 le-

1948 3830 2030 3903 gis
2060 3831 2465 3901 complemento
2495 3833 2895 3904 justiﬁeantur,
2933 3837 3166 3893 alienam
3200 3840 3408 3894 videri?

2021 4001 2209 4061 Schol.
2239 4005 2271 4058 7
2300 4013 2355 4061 et
2387 4006 2475 4062 54.
2497 4006 2651 4063 Finis
2674 4008 2815 4064 enim
2850 4010 2980 4082 legis
3014 4009 3260 4067 Christus
3292 4011 3361 4067 ad
3377 4012 3546 4083 justi-

1951 4097 2080 4152 tiam
2115 4098 2263 4152 omni
2284 4098 2521 4154 credenti
2550 4100 2593 4155 ‘.

2017 4186 2206 4245 Relut.
2244 4191 2275 4244 7
2304 4200 2357 4247 et
2390 4191 2481 4247 54.
2516 4191 2579 4259 Si
2603 4190 2672 4248 ad
2709 4192 3052 4250 credentium
3096 4194 3341 4250 ornnium
3376 4194 3544 4268 justi-

1947 4281 2080 4337 tiam
2119 4282 2374 4339 Christus
2410 4284 2664 4350 advenit,
2696 4285 2771 4341 ita
2796 4294 2857 4341 ut
2890 4284 3080 4358 perﬁci
3124 4286 3210 4343 lex
3253 4289 3414 4345 aliter
3444 4306 3543 4347 ηερ

1946 4381 2131 4446 queat,
2151 4374 2262 4433 nisi
2284 4390 2411 4432 .eam
2439 4375 2695 4434 Christus
2727 4392 2830 4436 suo
2859 4378 3098 4436 adventu
3115 4380 3389 4452 perﬁciat,
3413 4398 3542 4455 per-

1946 4465 2037 4521 ﬁci
2079 4480 2209 4533 vos,
2255 4465 2467 4535 Judaei,
2511 4469 2666 4526 nullo
2718 4470 2885 4527 modo
2933 4471 3204 4543 potestis,
3252 4474 3300 4531 si
3337 4473 3394 4534 in
3424 4474 3544 4546 lege

1948 4560 2240 4625 maneatis,
2275 4561 2385 4617 nisi
2415 4561 2697 4619 Christum
2718 4602 2734 4628 ,
2765 4563 2862 4634 qui
2889 4563 3003 4635 jam
3030 4566 3217 4632 venit,
3249 4566 3542 4624 credentes

266 4651 427 4708 Ἀλλὰ
445 4654 567 4709 οὐδὲ
592 4655 681 4719 σὺ,
702 4656 984 4729 Μαρκίων,
1014 4656 1219 4730 δυνήσῃ
1246 4655 1485 4727 σωθῆναι
1509 4659 1569 4711 ὲν
1604 4656 1847 4730 Χριστῷ,

1973 4665 2006 4704 ιι
2036 4664 2160 4706 eum
2190 4651 2370 4707 velitis
2398 4652 2666 4724 recipere.
2701 4651 2808 4710 Sed
2838 4670 2942 4711 nec.
2977 4661 3038 4709 tu
3062 4696 3078 4721 ,
3111 4653 3355 4721 Marcio,
3391 4657 3541 4711 salu-

249 4743 348 4797 τοῦ
371 4745 727 4818 κηρύγματος
753 4748 853 4819 τὴν
884 4748 1057 4821 ἀρχὴν
1087 4748 1182 4804 καὶ
1218 4748 1317 4820 τὴν
1353 4747 1507 4820 ῥίζαν
1533 4747 1839 4803 ἀποϐαλλό-

255 4852 437 4909 μενος,
462 4839 599 4912 ὅπερ
628 4840 745 4894 ἐστὶ
769 4841 955 4912 νόμος,
992 4842 1087 4910 ἀφ’
1111 4832 1286 4912 οὗπερ
1310 4840 1547 4912 Χριστὸς
1575 4841 1842 4911 γινωσκό-

255 4947 415 5005 μενος
433 4931 551 4984 τελε
559 4932 628 4985 ιοῖ
645 4932 734 4985 τὸν
760 4931 835 5004 μὴ
851 4932 942 4986 τὸν
964 4932 1127 5004 νόμον
1149 4932 1301 5005 βδελυ
1309 4932 1404 4987 σσό
1410 4948 1570 5005 μενον
1587 4933 1662 4996 ὡς
1679 4932 1837 4987 ἀλλό-

247 5039 405 5098 τριον
427 5024 666 5096 Χριστοῦ
697 5025 1034 5097 ὑπάρχοντα.
1568 5094 1571 5097 Α

319 5124 370 5189 η’
399 5116 494 5170 καὶ
519 5117 590 5170 λε’
622 5117 769 5190 σχόλ.
812 5117 867 5171 Ὁ
889 5117 1001 5188 γὰρ
1020 5116 1270 5188 ἀγαπῶν
1294 5117 1402 5174 τὸν
1420 5117 1710 5188 πλησίον,
1732 5120 1837 5173 νό-

245 5223 364 5277 μον
400 5205 775 5276 πεπλήρωκε.

319 5306 369 5372 η’
399 5299 494 5353 καὶ
521 5299 595 5352 λε’
621 5299 801 5371 ἔλεγχ.
862 5298 926 5353 El
959 5298 1049 5352 διὰ
1079 5296 1174 5351 τοῦ
1230 5298 1454 5369 ἀγαπᾷν
1488 5294 1581 5352 τὸν
1615 5295 1843 5369 πλησίον

249 5394 412 5466 νόμος
456 5394 782 5467 πληροῦται,
825 5396 925 5449 οὐκ
968 5393 1249 5464 ἀλλότριος
1284 5392 1524 5464 Χριστοῦ
1570 5393 1665 5446 καὶ
1705 5390 1842 5448 Θεοῦ

247 5478 465 5553 [ἰατρὸς
506 5484 603 5536 τοῦ
640 5483 849 5555 Κυρίου
889 5482 1049 5555 ἡμῶν
1088 5480 1263 5555 Ἰησοῦ
1307 5480 1546 5554 Χριστοῦ
1581 5481 1677 5537 καὶ
1703 5481 1840 5536 Θεοῦ

1944 4750 2053 4798 tem
2085 4742 2143 4797 in
2174 4743 2396 4799 Christo
2419 4752 2577 4814 potes
2606 4743 2863 4815 adipisci,
2892 4760 3017 4801 cum
3051 4747 3177 4802 ﬁdei
3208 4747 3537 4817 principium

1941 4848 2007 4891 ac
2038 4835 2279 4891 radicem
2315 4834 2611 4906 ahjeceris,
2639 4836 2901 4891 nimirum
2933 4837 3128 4909 legem,
3159 4852 3192 4892 e
3217 4852 3325 4907 qua
3354 4837 3538 4908 cogni-

1943 4935 2031 4983 tus
2089 4924 2343 4984 Christus
2387 4942 2513 4983 eum
2579 4927 2793 4999 perﬁcit
2850 4928 2944 5001 qui
2988 4930 3160 5001 legem
3208 4929 3431 4984 minime
3477 4936 3538 4984 ιιι

1942 5016 2175 5076 alienam
2200 5035 2229 5074 a
2258 5018 2481 5077 Christo
2513 5020 2787 5092 repudiat.

2017 5110 2203 5167 Schol.
2234 5112 2268 5168 8
2293 5122 2348 5170 et
2377 5115 2468 5173 55.
2506 5114 2613 5182 Qui
2641 5116 2782 5172 enim
2815 5115 2996 5188 diligit
3025 5116 3353 5185 proximum,
3372 5113 3535 5185 legem

1943 5205 2175 5273 implevit
2195 5206 2238 5260 ⁸.

2012 5288 2325 5354 Relut.8et
2352 5296 2597 5354 35.Cum
2637 5313 2732 5371 per
2750 5311 2996 5355 amorem
3026 5297 3264 5370 proximi
3305 5295 3389 5351 lex
3425 5295 3534 5350 im-

1942 5389 2190 5460 pleatur,
2239 5405 2350 5447 non
2394 5399 2480 5447 est
2507 5406 2538 5447 a
2583 5391 2808 5449 Christo
2860 5401 2915 5449 et
2958 5391 3068 5448 ﬂeo
3118 5389 3283 5445 Patre
3312 5389 3531 5444 Domini

1941 5483 2119 5539 nostri
2164 5480 2295 5539 Iesu
2325 5480 2536 5540 Christi
2569 5482 2934 5540 abalienanda
2977 5484 3061 5541 lex
3084 5524 3099 5549 ,
3150 5492 3272 5554 quae
3308 5480 3536 5553 diligere

319 5732 341 5766 ¹
374 5730 535 5790 Rom.
576 5749 630 5798 v,
662 5732 715 5790 6.
791 5736 812 5767 ²
843 5692 1002 5791 Rom.
1033 5747 1133 5800 vu,
1165 5732 1253 5789 12.
1332 5731 1353 5766 ³
1388 5730 1546 5788 Rom.
1589 5746 1709 5801 vm,
1739 5731 1796 5790 4.
1872 5732 1894 5767 ⁸
1922 5731 2078 5791 Rom.
2111 5750 2168 5801 x,
2194 5734 2249 5790 4.
2309 5734 2348 5820 ,⁸
2379 5733 2537 5792 Rom.
2573 5750 2695 5804 xm,
2725 5735 2779 5792 8.
