  <div class='ocr_page' id='page_1' title='image "/cluster/home/n/w/nwhite01/storage/ocr_20150623/41/mdp.39015008169818/426.png"; bbox 0 0 3918 6176; ppageno 0'>
   <div class='ocr_carea' id='block_1_1' title="bbox 300 432 402 490">
    <p class='ocr_par' dir='ltr' id='par_1_1' title="bbox 300 432 402 490">
     <span class='ocr_line' id='line_1_1' title="bbox 300 432 402 490; baseline -0.039 0"><span class='ocrx_word' id='word_1_1' title='bbox 300 432 402 490; x_wconf 67' lang='lat'><strong>809</strong></span> 
     </span>
    </p>
   </div>
   <div class='ocr_carea' id='block_1_2' title="bbox 962 392 1892 491">
    <p class='ocr_par' dir='ltr' id='par_1_2' title="bbox 962 430 1876 491">
     <span class='ocr_line' id='line_1_2' title="bbox 962 430 1876 491; baseline -0.002 -4"><span class='ocrx_word' id='word_1_2' title='bbox 962 431 1331 491; x_wconf 76' lang='lat' dir='ltr'><strong>ADVERSUS</strong></span> <span class='ocrx_word' id='word_1_3' title='bbox 1369 430 1711 490; x_wconf 65' lang='lat' dir='ltr'><strong>HERESES</strong></span> <span class='ocrx_word' id='word_1_4' title='bbox 1750 430 1876 486; x_wconf 82' lang='lat' dir='ltr'><strong>LIB.</strong></span> 
     </span>
    </p>
   </div>
   <div class='ocr_carea' id='block_1_3' title="bbox 2007 392 2909 491">
    <p class='ocr_par' dir='ltr' id='par_1_3' title="bbox 2007 392 2909 491">
     <span class='ocr_line' id='line_1_3' title="bbox 2007 392 2909 491; baseline 0.003 -3"><span class='ocrx_word' id='word_1_5' title='bbox 2007 392 2168 488; x_wconf 64' lang='lat' dir='ltr'><strong>iom.</strong></span> <span class='ocrx_word' id='word_1_6' title='bbox 2205 431 2290 486; x_wconf 83' lang='grc' dir='ltr'>ιιι.</span> <span class='ocrx_word' id='word_1_7' title='bbox 2331 462 2401 474; x_wconf 87' lang='grc'><strong><em>-</em></strong></span> <span class='ocrx_word' id='word_1_8' title='bbox 2440 431 2716 488; x_wconf 58' lang='lat' dir='ltr'><strong>“mnes.</strong></span> <span class='ocrx_word' id='word_1_9' title='bbox 2752 433 2909 491; x_wconf 77' lang='lat' dir='ltr'><strong>XLII.</strong></span> 
     </span>
    </p>
   </div>
   <div class='ocr_carea' id='block_1_4' title="bbox 3463 432 3568 492">
    <p class='ocr_par' dir='ltr' id='par_1_4' title="bbox 3463 432 3568 492">
     <span class='ocr_line' id='line_1_4' title="bbox 3463 432 3568 492; baseline 0.038 -5"><span class='ocrx_word' id='word_1_10' title='bbox 3463 432 3568 492; x_wconf 88' lang='lat' dir='ltr'><strong>8l0</strong></span> 
     </span>
    </p>
   </div>
   <div class='ocr_carea' id='block_1_5' title="bbox 304 548 1892 621">
    <p class='ocr_par' dir='ltr' id='par_1_5' title="bbox 304 550 1880 621">
     <span class='ocr_line' id='line_1_5' title="bbox 304 550 1880 621; baseline -0.003 -14"><span class='ocrx_word' id='word_1_11' title='bbox 304 553 627 616; x_wconf 79' lang='grc' dir='ltr'><strong>καθεύδων,</strong></span> <span class='ocrx_word' id='word_1_12' title='bbox 672 552 771 607; x_wconf 78' lang='grc' dir='ltr'>καὶ</span> <span class='ocrx_word' id='word_1_13' title='bbox 803 551 1039 607; x_wconf 81' lang='grc' dir='ltr'><em>ἀνάστα</em></span> <span class='ocrx_word' id='word_1_14' title='bbox 1082 555 1151 607; x_wconf 87' lang='grc' dir='ltr'>ἑκ</span> <span class='ocrx_word' id='word_1_15' title='bbox 1184 553 1304 606; x_wconf 87' lang='grc' dir='ltr'><strong>τῶν</strong></span> <span class='ocrx_word' id='word_1_16' title='bbox 1342 550 1590 621; x_wconf 60' lang='grc' dir='ltr'>νεκρῶν,</span> <span class='ocrx_word' id='word_1_17' title='bbox 1630 550 1726 604; x_wconf 74' lang='grc' dir='ltr'>καὶ</span> <span class='ocrx_word' id='word_1_18' title='bbox 1753 550 1880 604; x_wconf 83' lang='grc' dir='ltr'><strong>ἐπι·</strong></span> 
     </span>
    </p>
   </div>
   <div class='ocr_carea' id='block_1_6' title="bbox 2007 548 3565 621">
    <p class='ocr_par' dir='ltr' id='par_1_6' title="bbox 2007 548 3565 618">
     <span class='ocr_line' id='line_1_6' title="bbox 2007 548 3565 618; baseline 0 -14"><span class='ocrx_word' id='word_1_19' title='bbox 2007 559 2057 604; x_wconf 89' lang='lat' dir='ltr'><strong>ta</strong></span> <span class='ocrx_word' id='word_1_20' title='bbox 2107 551 2162 604; x_wconf 88' lang='lat' dir='ltr'><strong>in</strong></span> <span class='ocrx_word' id='word_1_21' title='bbox 2206 549 2428 605; x_wconf 89' lang='lat' dir='ltr'><strong>Christo</strong></span> <span class='ocrx_word' id='word_1_22' title='bbox 2469 550 2803 605; x_wconf 76' lang='lat' dir='ltr'><strong>vaticinatus</strong></span> <span class='ocrx_word' id='word_1_23' title='bbox 2848 557 2931 605; x_wconf 85' lang='lat' dir='ltr'><strong>est</strong></span> <span class='ocrx_word' id='word_1_24' title='bbox 2968 569 2979 601; x_wconf 94' lang='lat'>:</span> <span class='ocrx_word' id='word_1_25' title='bbox 3015 548 3179 617; x_wconf 83' lang='lat' dir='ltr'><strong>Surge</strong></span> <span class='ocrx_word' id='word_1_26' title='bbox 3206 550 3292 618; x_wconf 84' lang='lat' dir='ltr'><strong>qui</strong></span> <span class='ocrx_word' id='word_1_27' title='bbox 3325 548 3523 604; x_wconf 75' lang='lat' dir='ltr'><strong>dormis</strong></span> <span class='ocrx_word' id='word_1_28' title='bbox 3550 591 3565 613; x_wconf 90' lang='lat'><strong>,</strong></span> 
     </span>
    </p>
   </div>
   <div class='ocr_carea' id='block_1_7' title="bbox 303 638 1892 716">
    <p class='ocr_par' dir='ltr' id='par_1_7' title="bbox 303 640 1880 716">
     <span class='ocr_line' id='line_1_7' title="bbox 303 640 1880 716; baseline -0.003 -18"><span class='ocrx_word' id='word_1_29' title='bbox 303 645 524 713; x_wconf 65' lang='grc' dir='ltr'>φαύσει</span> <span class='ocrx_word' id='word_1_30' title='bbox 553 659 652 698; x_wconf 85' lang='grc' dir='ltr'><strong>σοι</strong></span> <span class='ocrx_word' id='word_1_31' title='bbox 687 647 719 698; x_wconf 91' lang='grc' dir='ltr'><strong>ό</strong></span> <span class='ocrx_word' id='word_1_32' title='bbox 743 646 996 712; x_wconf 83' lang='grc' dir='ltr'>Χριστός</span> <span class='ocrx_word' id='word_1_33' title='bbox 1015 661 1027 674; x_wconf 90' lang='grc'><strong>·</strong></span> <span class='ocrx_word' id='word_1_34' title='bbox 1074 643 1182 715; x_wconf 75' lang='grc' dir='ltr'>ἄρα</span> <span class='ocrx_word' id='word_1_35' title='bbox 1221 661 1283 712; x_wconf 90' lang='grc' dir='ltr'><strong>γε</strong></span> <span class='ocrx_word' id='word_1_36' title='bbox 1321 643 1382 696; x_wconf 83' lang='grc' dir='ltr'>τὸ</span> <span class='ocrx_word' id='word_1_37' title='bbox 1413 642 1766 716; x_wconf 85' lang='grc' dir='ltr'>πρωτότυπον</span> <span class='ocrx_word' id='word_1_38' title='bbox 1793 640 1880 694; x_wconf 80' lang='grc' dir='ltr'>διὰ</span> 
     </span>
    </p>
   </div>
   <div class='ocr_carea' id='block_1_8' title="bbox 2007 638 3569 716">
    <p class='ocr_par' dir='ltr' id='par_1_8' title="bbox 2007 638 3569 711">
     <span class='ocr_line' id='line_1_8' title="bbox 2007 638 3569 711; baseline 0.005 -24"><span class='ocrx_word' id='word_1_39' title='bbox 2007 650 2033 692; x_wconf 70' lang='grc' dir='ltr'>ει</span> <span class='ocrx_word' id='word_1_40' title='bbox 2056 656 2267 710; x_wconf 77' lang='lat' dir='ltr'><strong>resurge</strong></span> <span class='ocrx_word' id='word_1_41' title='bbox 2291 657 2323 693; x_wconf 92' lang='lat' dir='ltr'><strong>a</strong></span> <span class='ocrx_word' id='word_1_42' title='bbox 2354 641 2598 707; x_wconf 79' lang='lat' dir='ltr'><strong>mortuis,</strong></span> <span class='ocrx_word' id='word_1_43' title='bbox 2615 648 2664 692; x_wconf 86' lang='lat' dir='ltr'><strong>et</strong></span> <span class='ocrx_word' id='word_1_44' title='bbox 2690 639 3011 693; x_wconf 85' lang='lat' dir='ltr'><strong>illuminabil</strong></span> <span class='ocrx_word' id='word_1_45' title='bbox 3037 649 3084 692; x_wconf 88' lang='lat' dir='ltr'><strong>te</strong></span> <span class='ocrx_word' id='word_1_46' title='bbox 3107 638 3349 695; x_wconf 76' lang='lat' dir='ltr'><strong>Christus</strong></span> <span class='ocrx_word' id='word_1_47' title='bbox 3368 681 3382 706; x_wconf 92' lang='lat'><strong>,</strong></span> <span class='ocrx_word' id='word_1_48' title='bbox 3409 641 3569 711; x_wconf 84' lang='lat' dir='ltr'><strong>plane</strong></span> 
     </span>
    </p>
   </div>
   <div class='ocr_carea' id='block_1_9' title="bbox 305 727 1880 807">
    <p class='ocr_par' dir='ltr' id='par_1_9' title="bbox 305 727 1880 807">
     <span class='ocr_line' id='line_1_9' title="bbox 305 727 1880 807; baseline -0.003 -16"><span class='ocrx_word' id='word_1_49' title='bbox 305 736 555 806; x_wconf 79' lang='grc' dir='ltr'><strong>Λαζάρου</strong></span> <span class='ocrx_word' id='word_1_50' title='bbox 599 736 692 790; x_wconf 77' lang='grc' dir='ltr'><strong>καὶ</strong></span> <span class='ocrx_word' id='word_1_51' title='bbox 738 736 844 790; x_wconf 90' lang='grc' dir='ltr'><strong>τῶν</strong></span> <span class='ocrx_word' id='word_1_52' title='bbox 880 737 1053 791; x_wconf 81' lang='grc' dir='ltr'>ἄλλων</span> <span class='ocrx_word' id='word_1_53' title='bbox 1102 737 1458 807; x_wconf 80' lang='grc' dir='ltr'>ἐπεπλήρωτο</span> <span class='ocrx_word' id='word_1_54' title='bbox 1481 755 1494 766; x_wconf 85' lang='grc'><strong>·</strong></span> <span class='ocrx_word' id='word_1_55' title='bbox 1549 736 1677 806; x_wconf 72' lang='grc' dir='ltr'>περὶ</span> <span class='ocrx_word' id='word_1_56' title='bbox 1714 727 1788 787; x_wconf 84' lang='grc' dir='ltr'>ὧν</span> <span class='ocrx_word' id='word_1_57' title='bbox 1833 735 1880 787; x_wconf 86' lang='grc' dir='ltr'>οἱ</span> 
     </span>
    </p>
   </div>
   <div class='ocr_carea' id='block_1_10' title="bbox 305 825 1881 900">
    <p class='ocr_par' dir='ltr' id='par_1_10' title="bbox 305 825 1881 900">
     <span class='ocr_line' id='line_1_10' title="bbox 305 825 1881 900; baseline -0.001 -20"><span class='ocrx_word' id='word_1_58' title='bbox 305 827 457 880; x_wconf 77' lang='grc' dir='ltr'>αὑτοὶ</span> <span class='ocrx_word' id='word_1_59' title='bbox 470 827 938 898; x_wconf 79' lang='grc' dir='ltr'>(εἱε)ἀμφέ6αλλον</span> <span class='ocrx_word' id='word_1_60' title='bbox 948 827 1146 899; x_wconf 87' lang='grc' dir='ltr'>Μάρθα</span> <span class='ocrx_word' id='word_1_61' title='bbox 1158 828 1250 882; x_wconf 79' lang='grc' dir='ltr'><strong>καὶ</strong></span> <span class='ocrx_word' id='word_1_62' title='bbox 1261 828 1447 900; x_wconf 87' lang='grc' dir='ltr'>Μαρία</span> <span class='ocrx_word' id='word_1_63' title='bbox 1458 827 1728 897; x_wconf 86' lang='grc' dir='ltr'>λέγουσαι·</span> <span class='ocrx_word' id='word_1_64' title='bbox 1739 825 1881 893; x_wconf 84' lang='grc' dir='ltr'>Ἡδη</span> 
     </span>
    </p>
   </div>
   <div class='ocr_carea' id='block_1_11' title="bbox 308 917 1881 990">
    <p class='ocr_par' dir='ltr' id='par_1_11' title="bbox 308 917 1881 990">
     <span class='ocr_line' id='line_1_11' title="bbox 308 917 1881 990; baseline -0.003 -18"><span class='ocrx_word' id='word_1_65' title='bbox 308 918 452 979; x_wconf 61' lang='grc' dir='ltr'><strong>ὅτευ</strong></span> <span class='ocrx_word' id='word_1_66' title='bbox 487 918 825 987; x_wconf 85' lang='grc' dir='ltr'>τεταρταῖός</span> <span class='ocrx_word' id='word_1_67' title='bbox 848 919 1008 972; x_wconf 79' lang='grc' dir='ltr'>ἐστι’</span> <span class='ocrx_word' id='word_1_68' title='bbox 1051 918 1274 972; x_wconf 77' lang='grc' dir='ltr'>καὶτῶν</span> <span class='ocrx_word' id='word_1_69' title='bbox 1303 919 1396 972; x_wconf 82' lang='grc' dir='ltr'><strong>τοῦ</strong></span> <span class='ocrx_word' id='word_1_70' title='bbox 1433 917 1881 990; x_wconf 82' lang='grc' dir='ltr'><strong>ἀρχισυναγώγου</strong></span> 
     </span>
    </p>
   </div>
   <div class='ocr_carea' id='block_1_12' title="bbox 307 1004 1884 1079">
    <p class='ocr_par' dir='ltr' id='par_1_12' title="bbox 307 1004 1884 1079">
     <span class='ocr_line' id='line_1_12' title="bbox 307 1004 1884 1079; baseline -0.003 -15"><span class='ocrx_word' id='word_1_71' title='bbox 307 1010 570 1078; x_wconf 87' lang='grc' dir='ltr'>λεγόντων</span> <span class='ocrx_word' id='word_1_72' title='bbox 594 1027 606 1040; x_wconf 75' lang='grc'><strong><em>⁸</em></strong></span> <span class='ocrx_word' id='word_1_73' title='bbox 631 1011 855 1079; x_wconf 84' lang='grc' dir='ltr'><strong>Μηκέτι</strong></span> <span class='ocrx_word' id='word_1_74' title='bbox 878 1004 1180 1064; x_wconf 64' lang='grc' dir='ltr'>σκύλλετε</span> <span class='ocrx_word' id='word_1_75' title='bbox 1212 1011 1321 1065; x_wconf 86' lang='grc' dir='ltr'>τὸν</span> <span class='ocrx_word' id='word_1_76' title='bbox 1351 1009 1756 1064; x_wconf 50' lang='grc' dir='ltr'>διδάσκαλον</span> <span class='ocrx_word' id='word_1_77' title='bbox 1789 1008 1884 1061; x_wconf 78' lang='grc' dir='ltr'><strong>καὶ</strong></span> 
     </span>
    </p>
   </div>
   <div class='ocr_carea' id='block_1_13' title="bbox 308 1098 1882 1169">
    <p class='ocr_par' dir='ltr' id='par_1_13' title="bbox 308 1098 1882 1169">
     <span class='ocr_line' id='line_1_13' title="bbox 308 1098 1882 1169; baseline -0.001 -17"><span class='ocrx_word' id='word_1_78' title='bbox 308 1099 471 1153; x_wconf 84' lang='grc' dir='ltr'>αὑτοῦ</span> <span class='ocrx_word' id='word_1_79' title='bbox 503 1099 750 1168; x_wconf 78' lang='grc' dir='ltr'>λέγοντος</span> <span class='ocrx_word' id='word_1_80' title='bbox 769 1117 782 1130; x_wconf 76' lang='grc' dir='ltr'><strong><em>ο</em></strong></span> <span class='ocrx_word' id='word_1_81' title='bbox 830 1099 929 1167; x_wconf 81' lang='grc' dir='ltr'><strong>Μὴ</strong></span> <span class='ocrx_word' id='word_1_82' title='bbox 960 1101 1241 1168; x_wconf 73' lang='grc' dir='ltr'>φοϐεῖσθε</span> <span class='ocrx_word' id='word_1_83' title='bbox 1265 1115 1280 1131; x_wconf 87' lang='grc'><strong>·</strong></span> <span class='ocrx_word' id='word_1_84' title='bbox 1325 1101 1396 1153; x_wconf 84' lang='grc' dir='ltr'>οὐ</span> <span class='ocrx_word' id='word_1_85' title='bbox 1422 1099 1532 1169; x_wconf 76' lang='grc' dir='ltr'>γὰρ</span> <span class='ocrx_word' id='word_1_86' title='bbox 1563 1098 1882 1165; x_wconf 72' lang='grc' dir='ltr'><strong>ἀπέθανεν,</strong></span> 
     </span>
    </p>
   </div>
   <div class='ocr_carea' id='block_1_14' title="bbox 308 1190 1886 1265">
    <p class='ocr_par' dir='ltr' id='par_1_14' title="bbox 308 1190 1886 1265">
     <span class='ocr_line' id='line_1_14' title="bbox 308 1190 1886 1265; baseline 0 -20"><span class='ocrx_word' id='word_1_87' title='bbox 308 1192 466 1246; x_wconf 71' lang='grc' dir='ltr'><em>ἀλλὰ</em></span> <span class='ocrx_word' id='word_1_88' title='bbox 494 1191 784 1246; x_wconf 84' lang='grc' dir='ltr'><strong>καθεύδει.</strong></span> <span class='ocrx_word' id='word_1_89' title='bbox 825 1193 1019 1262; x_wconf 83' lang='grc' dir='ltr'>Σαφῶς</span> <span class='ocrx_word' id='word_1_90' title='bbox 1041 1192 1149 1265; x_wconf 86' lang='grc' dir='ltr'>γὰρ</span> <span class='ocrx_word' id='word_1_91' title='bbox 1172 1193 1359 1245; x_wconf 75' lang='grc' dir='ltr'>ἔκτοτε</span> <span class='ocrx_word' id='word_1_92' title='bbox 1387 1191 1449 1246; x_wconf 81' lang='grc' dir='ltr'><strong>τὸ</strong></span> <span class='ocrx_word' id='word_1_93' title='bbox 1476 1193 1738 1263; x_wconf 87' lang='grc' dir='ltr'>κήρυγμα</span> <span class='ocrx_word' id='word_1_94' title='bbox 1754 1190 1886 1245; x_wconf 84' lang='grc' dir='ltr'>ἐκά-</span> 
     </span>
    </p>
   </div>
   <div class='ocr_carea' id='block_1_15' title="bbox 309 1279 1887 1352">
    <p class='ocr_par' dir='ltr' id='par_1_15' title="bbox 309 1279 1887 1352">
     <span class='ocr_line' id='line_1_15' title="bbox 309 1279 1887 1352; baseline 0.001 -18"><span class='ocrx_word' id='word_1_95' title='bbox 309 1281 391 1334; x_wconf 85' lang='grc' dir='ltr'><strong>λει</strong></span> <span class='ocrx_word' id='word_1_96' title='bbox 419 1281 713 1335; x_wconf 81' lang='grc' dir='ltr'><strong>ἀνάστασιν</strong></span> <span class='ocrx_word' id='word_1_97' title='bbox 739 1281 827 1335; x_wconf 81' lang='grc' dir='ltr'>διὰ</span> <span class='ocrx_word' id='word_1_98' title='bbox 859 1283 1099 1352; x_wconf 79' lang='grc' dir='ltr'>Χριστοῦ</span> <span class='ocrx_word' id='word_1_99' title='bbox 1128 1281 1368 1336; x_wconf 79' lang='grc' dir='ltr'>ἔσεσθαι.</span> <span class='ocrx_word' id='word_1_100' title='bbox 1413 1283 1524 1335; x_wconf 71' lang='grc' dir='ltr'><strong>Καὶ</strong></span> <span class='ocrx_word' id='word_1_101' title='bbox 1554 1281 1615 1334; x_wconf 84' lang='grc' dir='ltr'><strong>τὸ</strong></span> <span class='ocrx_word' id='word_1_102' title='bbox 1641 1279 1887 1346; x_wconf 83' lang='grc' dir='ltr'>ἐξουσια-</span> 
     </span>
    </p>
   </div>
   <div class='ocr_carea' id='block_1_16' title="bbox 310 1369 1886 1442">
    <p class='ocr_par' dir='ltr' id='par_1_16' title="bbox 310 1369 1886 1442">
     <span class='ocr_line' id='line_1_16' title="bbox 310 1369 1886 1442; baseline 0.001 -19"><span class='ocrx_word' id='word_1_103' title='bbox 310 1370 492 1423; x_wconf 81' lang='grc' dir='ltr'>στικὺν</span> <span class='ocrx_word' id='word_1_104' title='bbox 518 1370 616 1439; x_wconf 83' lang='grc' dir='ltr'>τῆς</span> <span class='ocrx_word' id='word_1_105' title='bbox 643 1370 924 1442; x_wconf 81' lang='grc' dir='ltr'>εὐχερείας</span> <span class='ocrx_word' id='word_1_106' title='bbox 947 1371 1314 1437; x_wconf 84' lang='grc' dir='ltr'>ὑπεδείκνυεν,</span> <span class='ocrx_word' id='word_1_107' title='bbox 1349 1372 1435 1425; x_wconf 74' lang='grc' dir='ltr'>ἵνα</span> <span class='ocrx_word' id='word_1_108' title='bbox 1463 1372 1523 1425; x_wconf 83' lang='grc' dir='ltr'><strong>τὸ</strong></span> <span class='ocrx_word' id='word_1_109' title='bbox 1544 1371 1767 1424; x_wconf 84' lang='grc' dir='ltr'>δυνατὸν</span> <span class='ocrx_word' id='word_1_110' title='bbox 1791 1369 1886 1424; x_wconf 76' lang='grc' dir='ltr'>τοῦ</span> 
     </span>
    </p>
   </div>
   <div class='ocr_carea' id='block_1_17' title="bbox 308 1460 1887 1534">
    <p class='ocr_par' dir='ltr' id='par_1_17' title="bbox 308 1460 1887 1534">
     <span class='ocr_line' id='line_1_17' title="bbox 308 1460 1887 1534; baseline 0 -20"><span class='ocrx_word' id='word_1_111' title='bbox 308 1460 545 1531; x_wconf 81' lang='grc' dir='ltr'>Χριστοῦ</span> <span class='ocrx_word' id='word_1_112' title='bbox 576 1460 853 1532; x_wconf 69' lang='grc' dir='ltr'>ὑποδείξῃ,</span> <span class='ocrx_word' id='word_1_113' title='bbox 885 1462 988 1526; x_wconf 86' lang='grc' dir='ltr'>ὅτι,</span> <span class='ocrx_word' id='word_1_114' title='bbox 1025 1463 1100 1526; x_wconf 81' lang='grc' dir='ltr'><strong>ώς</strong></span> <span class='ocrx_word' id='word_1_115' title='bbox 1134 1463 1213 1532; x_wconf 82' lang='grc' dir='ltr'>τῷ</span> <span class='ocrx_word' id='word_1_116' title='bbox 1246 1461 1519 1534; x_wconf 84' lang='grc' dir='ltr'><strong>ἀνθρώπῳ</strong></span> <span class='ocrx_word' id='word_1_117' title='bbox 1547 1463 1790 1533; x_wconf 80' lang='grc' dir='ltr'>εὐχερὲς,</span> <span class='ocrx_word' id='word_1_118' title='bbox 1827 1463 1887 1515; x_wconf 89' lang='grc' dir='ltr'><strong>οὑ</strong></span> 
     </span>
    </p>
   </div>
   <div class='ocr_carea' id='block_1_18' title="bbox 309 1553 1892 1624">
    <p class='ocr_par' dir='ltr' id='par_1_18' title="bbox 309 1553 1892 1624">
     <span class='ocr_line' id='line_1_18' title="bbox 309 1553 1892 1624; baseline 0.001 -19"><span class='ocrx_word' id='word_1_119' title='bbox 309 1553 398 1606; x_wconf 81' lang='grc' dir='ltr'><strong>τὸν</strong></span> <span class='ocrx_word' id='word_1_120' title='bbox 423 1553 783 1616; x_wconf 83' lang='grc' dir='ltr'>ἀποθανόντα,</span> <span class='ocrx_word' id='word_1_121' title='bbox 806 1553 943 1608; x_wconf 85' lang='grc' dir='ltr'><strong>ἀλλὰ</strong></span> <span class='ocrx_word' id='word_1_122' title='bbox 964 1555 1054 1608; x_wconf 80' lang='grc' dir='ltr'><strong>τὸν</strong></span> <span class='ocrx_word' id='word_1_123' title='bbox 1077 1555 1408 1608; x_wconf 81' lang='grc' dir='ltr'>καθεύδοντα</span> <span class='ocrx_word' id='word_1_124' title='bbox 1435 1554 1524 1607; x_wconf 85' lang='grc' dir='ltr'>διὰ</span> <span class='ocrx_word' id='word_1_125' title='bbox 1547 1555 1730 1624; x_wconf 85' lang='grc' dir='ltr'><strong>φωνῆς</strong></span> <span class='ocrx_word' id='word_1_126' title='bbox 1753 1555 1892 1622; x_wconf 85' lang='grc' dir='ltr'>ἐγεῖ-</span> 
     </span>
    </p>
   </div>
   <div class='ocr_carea' id='block_1_19' title="bbox 312 1641 1885 1717">
    <p class='ocr_par' dir='ltr' id='par_1_19' title="bbox 312 1641 1885 1717">
     <span class='ocr_line' id='line_1_19' title="bbox 312 1641 1885 1717; baseline 0.001 -20"><span class='ocrx_word' id='word_1_127' title='bbox 312 1661 420 1716; x_wconf 89' lang='grc' dir='ltr'>ραι,</span> <span class='ocrx_word' id='word_1_128' title='bbox 450 1642 620 1708; x_wconf 77' lang='grc' dir='ltr'>οὕτως</span> <span class='ocrx_word' id='word_1_129' title='bbox 646 1645 739 1698; x_wconf 74' lang='grc' dir='ltr'>καὶ</span> <span class='ocrx_word' id='word_1_130' title='bbox 773 1643 850 1715; x_wconf 83' lang='grc' dir='ltr'>τῷ</span> <span class='ocrx_word' id='word_1_131' title='bbox 879 1645 1099 1717; x_wconf 82' lang='grc' dir='ltr'>Χριστῷ</span> <span class='ocrx_word' id='word_1_132' title='bbox 1125 1641 1192 1716; x_wconf 81' lang='grc' dir='ltr'>ἦν</span> <span class='ocrx_word' id='word_1_133' title='bbox 1227 1646 1552 1716; x_wconf 87' lang='grc' dir='ltr'>ἐτοιμότατα</span> <span class='ocrx_word' id='word_1_134' title='bbox 1587 1645 1650 1698; x_wconf 82' lang='grc' dir='ltr'>τὸ</span> <span class='ocrx_word' id='word_1_135' title='bbox 1682 1647 1853 1698; x_wconf 83' lang='grc' dir='ltr'>εἰπεῖν</span> <span class='ocrx_word' id='word_1_136' title='bbox 1874 1659 1885 1671; x_wconf 90' lang='grc'>·</span> 
     </span>
    </p>
   </div>
   <div class='ocr_carea' id='block_1_20' title="bbox 311 1734 1888 1807">
    <p class='ocr_par' dir='ltr' id='par_1_20' title="bbox 311 1734 1888 1807">
     <span class='ocr_line' id='line_1_20' title="bbox 311 1734 1888 1807; baseline -0.001 -17"><span class='ocrx_word' id='word_1_137' title='bbox 311 1734 554 1802; x_wconf 77' lang='grc' dir='ltr'>Λάζαρε,</span> <span class='ocrx_word' id='word_1_138' title='bbox 603 1735 779 1803; x_wconf 81' lang='grc' dir='ltr'>δεῦρο</span> <span class='ocrx_word' id='word_1_139' title='bbox 802 1737 939 1802; x_wconf 74' lang='grc' dir='ltr'>ἔξω,</span> <span class='ocrx_word' id='word_1_140' title='bbox 973 1737 1066 1790; x_wconf 68' lang='grc' dir='ltr'><strong>καὶ</strong></span> <span class='ocrx_word' id='word_1_141' title='bbox 1091 1737 1172 1801; x_wconf 89' lang='grc' dir='ltr'><strong>τὸ,</strong></span> <span class='ocrx_word' id='word_1_142' title='bbox 1203 1737 1411 1806; x_wconf 75' lang='grc' dir='ltr'>Κουμὶ.</span> <span class='ocrx_word' id='word_1_143' title='bbox 1448 1735 1624 1807; x_wconf 76' lang='grc' dir='ltr'>κουμὶ</span> <span class='ocrx_word' id='word_1_144' title='bbox 1658 1735 1888 1802; x_wconf 74' lang='grc' dir='ltr'>ταλιθὰ,</span> 
     </span>
    </p>
   </div>
   <div class='ocr_carea' id='block_1_21' title="bbox 308 1811 1892 1900">
    <p class='ocr_par' dir='ltr' id='par_1_21' title="bbox 308 1811 1892 1900">
     <span class='ocr_line' id='line_1_21' title="bbox 308 1811 1892 1900; baseline 0.001 -22"><span class='ocrx_word' id='word_1_145' title='bbox 308 1825 604 1890; x_wconf 80' lang='grc' dir='ltr'>τουτέστιν,</span> <span class='ocrx_word' id='word_1_146' title='bbox 653 1825 988 1894; x_wconf 80' lang='grc' dir='ltr'>Ἀνάστηθι,</span> <span class='ocrx_word' id='word_1_147' title='bbox 1011 1829 1049 1896; x_wconf 78' lang='grc' dir='ltr'>ἡ</span> <span class='ocrx_word' id='word_1_148' title='bbox 1085 1811 1245 1894; x_wconf 76' lang='grc' dir='ltr'>παῖς.</span> <span class='ocrx_word' id='word_1_149' title='bbox 1266 1827 1419 1900; x_wconf 76' lang='grc' dir='ltr'>(Καὶ)</span> <span class='ocrx_word' id='word_1_150' title='bbox 1450 1827 1517 1881; x_wconf 82' lang='grc' dir='ltr'>δι’</span> <span class='ocrx_word' id='word_1_151' title='bbox 1541 1821 1616 1882; x_wconf 85' lang='grc' dir='ltr'>ὦν</span> <span class='ocrx_word' id='word_1_152' title='bbox 1646 1827 1892 1898; x_wconf 80' lang='grc' dir='ltr'>ἐναργῶν</span> 
     </span>
    </p>
   </div>
   <div class='ocr_carea' id='block_1_22' title="bbox 1988 731 3568 802">
    <p class='ocr_par' dir='ltr' id='par_1_22' title="bbox 1988 731 3568 802">
     <span class='ocr_line' id='line_1_22' title="bbox 1988 731 3568 802; baseline 0.002 -18"><span class='ocrx_word' id='word_1_153' title='bbox 1988 734 2165 802; x_wconf 89' lang='lat' dir='ltr'><strong>ipsum</strong></span> <span class='ocrx_word' id='word_1_154' title='bbox 2193 732 2491 802; x_wconf 76' lang='lat' dir='ltr'><strong>exemplar,</strong></span> <span class='ocrx_word' id='word_1_155' title='bbox 2515 732 2662 802; x_wconf 90' lang='lat' dir='ltr'><strong>quod</strong></span> <span class='ocrx_word' id='word_1_156' title='bbox 2692 731 2881 802; x_wconf 84' lang='lat' dir='ltr'><strong>ﬁguris</strong></span> <span class='ocrx_word' id='word_1_157' title='bbox 2917 732 3028 788; x_wconf 87' lang='lat' dir='ltr'><strong>illis</strong></span> <span class='ocrx_word' id='word_1_158' title='bbox 3053 731 3434 788; x_wconf 86' lang='lat' dir='ltr'><strong>adumbratum</strong></span> <span class='ocrx_word' id='word_1_159' title='bbox 3461 741 3568 798; x_wconf 88' lang='lat' dir='ltr'><strong>est,</strong></span> 
     </span>
    </p>
   </div>
   <div class='ocr_carea' id='block_1_23' title="bbox 1989 815 3593 895">
    <p class='ocr_par' dir='ltr' id='par_1_23' title="bbox 1989 815 3593 895">
     <span class='ocr_line' id='line_1_23' title="bbox 1989 815 3593 895; baseline 0.004 -21"><span class='ocrx_word' id='word_1_160' title='bbox 1989 822 2042 875; x_wconf 91' lang='lat' dir='ltr'><strong>in</strong></span> <span class='ocrx_word' id='word_1_161' title='bbox 2095 815 2332 888; x_wconf 82' lang='lat' dir='ltr'><strong>Lazaro,</strong></span> <span class='ocrx_word' id='word_1_162' title='bbox 2365 823 2689 894; x_wconf 85' lang='lat' dir='ltr'><strong>caeterisque</strong></span> <span class='ocrx_word' id='word_1_163' title='bbox 2720 822 2774 878; x_wconf 90' lang='lat' dir='ltr'><strong>id</strong></span> <span class='ocrx_word' id='word_1_164' title='bbox 2813 838 2987 894; x_wconf 91' lang='lat' dir='ltr'><strong>genus</strong></span> <span class='ocrx_word' id='word_1_165' title='bbox 3032 824 3313 894; x_wconf 76' lang='lat' dir='ltr'><strong>impletum</strong></span> <span class='ocrx_word' id='word_1_166' title='bbox 3349 833 3453 895; x_wconf 81' lang='lat' dir='ltr'><strong>est.</strong></span> <span class='ocrx_word' id='word_1_167' title='bbox 3495 825 3593 880; x_wconf 79' lang='lat' dir='ltr'><strong>De</strong></span> 
     </span>
    </p>
   </div>
   <div class='ocr_carea' id='block_1_24' title="bbox 1988 911 3571 982">
    <p class='ocr_par' dir='ltr' id='par_1_24' title="bbox 1988 911 3571 982">
     <span class='ocr_line' id='line_1_24' title="bbox 1988 911 3571 982; baseline 0.003 -17"><span class='ocrx_word' id='word_1_168' title='bbox 1988 911 2198 967; x_wconf 84' lang='lat' dir='ltr'><strong>Lazaro</strong></span> <span class='ocrx_word' id='word_1_169' title='bbox 2227 911 2449 982; x_wconf 88' lang='lat' dir='ltr'><strong>quidem</strong></span> <span class='ocrx_word' id='word_1_170' title='bbox 2474 912 2685 967; x_wconf 86' lang='lat' dir='ltr'><strong>Martha</strong></span> <span class='ocrx_word' id='word_1_171' title='bbox 2716 927 2780 966; x_wconf 87' lang='lat' dir='ltr'><strong>ac</strong></span> <span class='ocrx_word' id='word_1_172' title='bbox 2813 913 2981 968; x_wconf 84' lang='lat' dir='ltr'><strong>Maria</strong></span> <span class='ocrx_word' id='word_1_173' title='bbox 3027 913 3344 972; x_wconf 84' lang='lat' dir='ltr'><strong>dubitantes</strong></span> <span class='ocrx_word' id='word_1_174' title='bbox 3378 914 3452 970; x_wconf 86' lang='lat' dir='ltr'><strong>ita</strong></span> <span class='ocrx_word' id='word_1_175' title='bbox 3486 915 3571 970; x_wconf 93' lang='lat' dir='ltr'><strong>lo-</strong></span> 
     </span>
    </p>
   </div>
   <div class='ocr_carea' id='block_1_25' title="bbox 1990 1001 3574 1076">
    <p class='ocr_par' dir='ltr' id='par_1_25' title="bbox 1990 1001 3574 1076">
     <span class='ocr_line' id='line_1_25' title="bbox 1990 1001 3574 1076; baseline 0 -18"><span class='ocrx_word' id='word_1_176' title='bbox 1990 1011 2128 1059; x_wconf 75' lang='lat' dir='ltr'><strong>cutae</strong></span> <span class='ocrx_word' id='word_1_177' title='bbox 2156 1010 2284 1060; x_wconf 86' lang='lat' dir='ltr'><strong>sunt</strong></span> <span class='ocrx_word' id='word_1_178' title='bbox 2317 1022 2331 1060; x_wconf 88' lang='lat'><strong>:</strong></span> <span class='ocrx_word' id='word_1_179' title='bbox 2359 1001 2486 1057; x_wconf 75' lang='lat' dir='ltr'><strong>Iam</strong></span> <span class='ocrx_word' id='word_1_180' title='bbox 2527 1004 2674 1072; x_wconf 79' lang='lat' dir='ltr'><strong>fetet,</strong></span> <span class='ocrx_word' id='word_1_181' title='bbox 2701 1003 3094 1074; x_wconf 81' lang='lat' dir='ltr'><strong>quatriduanus</strong></span> <span class='ocrx_word' id='word_1_182' title='bbox 3121 1015 3201 1060; x_wconf 81' lang='lat' dir='ltr'><strong>est</strong></span> <span class='ocrx_word' id='word_1_183' title='bbox 3242 1007 3283 1060; x_wconf 75' lang='grc' dir='ltr'><strong>ί.</strong></span> <span class='ocrx_word' id='word_1_184' title='bbox 3316 1007 3384 1060; x_wconf 85' lang='lat' dir='ltr'><strong>At</strong></span> <span class='ocrx_word' id='word_1_185' title='bbox 3410 1020 3574 1076; x_wconf 80' lang='lat' dir='ltr'><strong>syna-</strong></span> 
     </span>
    </p>
   </div>
   <div class='ocr_carea' id='block_1_26' title="bbox 1990 1093 3576 1167">
    <p class='ocr_par' dir='ltr' id='par_1_26' title="bbox 1990 1093 3576 1167">
     <span class='ocr_line' id='line_1_26' title="bbox 1990 1093 3576 1167; baseline 0 -17"><span class='ocrx_word' id='word_1_186' title='bbox 1990 1109 2140 1166; x_wconf 77' lang='lat' dir='ltr'><strong>gogas</strong></span> <span class='ocrx_word' id='word_1_187' title='bbox 2171 1095 2438 1164; x_wconf 87' lang='lat' dir='ltr'><strong>principis</strong></span> <span class='ocrx_word' id='word_1_188' title='bbox 2477 1094 2708 1150; x_wconf 86' lang='lat' dir='ltr'><strong>comites</strong></span> <span class='ocrx_word' id='word_1_189' title='bbox 2740 1114 2753 1150; x_wconf 89' lang='lat'><strong>:</strong></span> <span class='ocrx_word' id='word_1_190' title='bbox 2792 1093 3002 1162; x_wconf 78' lang='lat' dir='ltr'><strong>Nolite,</strong></span> <span class='ocrx_word' id='word_1_191' title='bbox 3036 1093 3392 1167; x_wconf 84' lang='lat' dir='ltr'><strong>inquiebant,</strong></span> <span class='ocrx_word' id='word_1_192' title='bbox 3447 1097 3576 1166; x_wconf 78' lang='lat' dir='ltr'><strong>fati-</strong></span> 
     </span>
    </p>
   </div>
   <div class='ocr_carea' id='block_1_27' title="bbox 1990 1185 3577 1258">
    <p class='ocr_par' dir='ltr' id='par_1_27' title="bbox 1990 1185 3577 1258">
     <span class='ocr_line' id='line_1_27' title="bbox 1990 1185 3577 1258; baseline 0.001 -17"><span class='ocrx_word' id='word_1_193' title='bbox 1990 1203 2114 1258; x_wconf 85' lang='lat' dir='ltr'><strong>gare</strong></span> <span class='ocrx_word' id='word_1_194' title='bbox 2147 1187 2492 1258; x_wconf 78' lang='lat' dir='ltr'><strong>magistrum;</strong></span> <span class='ocrx_word' id='word_1_195' title='bbox 2518 1187 2612 1243; x_wconf 91' lang='lat' dir='ltr'><strong>sed</strong></span> <span class='ocrx_word' id='word_1_196' title='bbox 2647 1185 2912 1245; x_wconf 89' lang='lat' dir='ltr'><strong>Dominus</strong></span> <span class='ocrx_word' id='word_1_197' title='bbox 2938 1187 3043 1243; x_wconf 88' lang='lat' dir='ltr'><strong>ista</strong></span> <span class='ocrx_word' id='word_1_198' title='bbox 3081 1188 3317 1257; x_wconf 87' lang='lat' dir='ltr'><strong>subjecit</strong></span> <span class='ocrx_word' id='word_1_199' title='bbox 3349 1207 3361 1244; x_wconf 92' lang='lat'>:</span> <span class='ocrx_word' id='word_1_200' title='bbox 3395 1187 3577 1242; x_wconf 82' lang='lat' dir='ltr'><strong>Nolite</strong></span> 
     </span>
    </p>
   </div>
   <div class='ocr_carea' id='block_1_28' title="bbox 1995 1279 3577 1344">
    <p class='ocr_par' dir='ltr' id='par_1_28' title="bbox 1995 1279 3577 1344">
     <span class='ocr_line' id='line_1_28' title="bbox 1995 1279 3577 1344; baseline 0.001 -12"><span class='ocrx_word' id='word_1_201' title='bbox 1995 1279 2178 1333; x_wconf 87' lang='lat' dir='ltr'><strong>timere</strong></span> <span class='ocrx_word' id='word_1_202' title='bbox 2210 1297 2230 1344; x_wconf 92' lang='lat'><strong><em>;</em></strong></span> <span class='ocrx_word' id='word_1_203' title='bbox 2269 1295 2372 1333; x_wconf 81' lang='lat' dir='ltr'><strong>non</strong></span> <span class='ocrx_word' id='word_1_204' title='bbox 2406 1286 2544 1333; x_wconf 80' lang='lat' dir='ltr'><strong>enim</strong></span> <span class='ocrx_word' id='word_1_205' title='bbox 2597 1289 2808 1332; x_wconf 85' lang='lat' dir='ltr'><strong>mortua</strong></span> <span class='ocrx_word' id='word_1_206' title='bbox 2846 1288 2922 1333; x_wconf 80' lang='lat' dir='ltr'><strong>est</strong></span> <span class='ocrx_word' id='word_1_207' title='bbox 2946 1319 2961 1343; x_wconf 95' lang='lat'><strong>,</strong></span> <span class='ocrx_word' id='word_1_208' title='bbox 3007 1279 3096 1334; x_wconf 76' lang='lat' dir='ltr'><strong>sed</strong></span> <span class='ocrx_word' id='word_1_209' title='bbox 3135 1279 3329 1334; x_wconf 82' lang='lat' dir='ltr'><strong>dormit</strong></span> <span class='ocrx_word' id='word_1_210' title='bbox 3371 1284 3412 1332; x_wconf 86' lang='grc'>².</span> <span class='ocrx_word' id='word_1_211' title='bbox 3456 1279 3577 1335; x_wconf 84' lang='lat' dir='ltr'><strong>Jam</strong></span> 
     </span>
    </p>
   </div>
   <div class='ocr_carea' id='block_1_29' title="bbox 1994 1370 3578 1441">
    <p class='ocr_par' dir='ltr' id='par_1_29' title="bbox 1994 1370 3578 1441">
     <span class='ocr_line' id='line_1_29' title="bbox 1994 1370 3578 1441; baseline 0.003 -19"><span class='ocrx_word' id='word_1_212' title='bbox 1994 1379 2108 1424; x_wconf 90' lang='lat' dir='ltr'><strong>tum</strong></span> <span class='ocrx_word' id='word_1_213' title='bbox 2156 1371 2303 1425; x_wconf 89' lang='lat' dir='ltr'><strong>enim</strong></span> <span class='ocrx_word' id='word_1_214' title='bbox 2336 1370 2519 1425; x_wconf 82' lang='lat' dir='ltr'><strong>futura</strong></span> <span class='ocrx_word' id='word_1_215' title='bbox 2573 1385 2670 1441; x_wconf 92' lang='lat' dir='ltr'><strong>per</strong></span> <span class='ocrx_word' id='word_1_216' title='bbox 2711 1370 2988 1426; x_wconf 88' lang='lat' dir='ltr'><strong>Christum</strong></span> <span class='ocrx_word' id='word_1_217' title='bbox 3039 1372 3375 1428; x_wconf 88' lang='lat' dir='ltr'><strong>resurrectio</strong></span> <span class='ocrx_word' id='word_1_218' title='bbox 3405 1372 3578 1426; x_wconf 83' lang='lat' dir='ltr'><strong>divini</strong></span> 
     </span>
    </p>
   </div>
   <div class='ocr_carea' id='block_1_30' title="bbox 1993 1459 3579 1533">
    <p class='ocr_par' dir='ltr' id='par_1_30' title="bbox 1993 1459 3579 1533">
     <span class='ocr_line' id='line_1_30' title="bbox 1993 1459 3579 1533; baseline 0.004 -21"><span class='ocrx_word' id='word_1_219' title='bbox 1993 1462 2144 1517; x_wconf 86' lang='lat' dir='ltr'><strong>verbi</strong></span> <span class='ocrx_word' id='word_1_220' title='bbox 2195 1463 2474 1531; x_wconf 84' lang='lat' dir='ltr'><strong>praeconio</strong></span> <span class='ocrx_word' id='word_1_221' title='bbox 2527 1461 2929 1517; x_wconf 86' lang='lat' dir='ltr'><strong>celebrabatur.</strong></span> <span class='ocrx_word' id='word_1_222' title='bbox 2989 1459 3098 1517; x_wconf 87' lang='lat' dir='ltr'><strong>Sed</strong></span> <span class='ocrx_word' id='word_1_223' title='bbox 3158 1471 3213 1518; x_wconf 91' lang='lat' dir='ltr'><strong>et</strong></span> <span class='ocrx_word' id='word_1_224' title='bbox 3256 1472 3579 1533; x_wconf 68' lang='lat' dir='ltr'><strong>potestatem</strong></span> 
     </span>
    </p>
   </div>
   <div class='ocr_carea' id='block_1_31' title="bbox 1995 1551 3580 1626">
    <p class='ocr_par' dir='ltr' id='par_1_31' title="bbox 1995 1551 3580 1626">
     <span class='ocr_line' id='line_1_31' title="bbox 1995 1551 3580 1626; baseline 0.003 -20"><span class='ocrx_word' id='word_1_225' title='bbox 1995 1553 2178 1618; x_wconf 88' lang='lat' dir='ltr'><strong>illius,</strong></span> <span class='ocrx_word' id='word_1_226' title='bbox 2227 1551 2532 1623; x_wconf 80' lang='lat' dir='ltr'><strong>agendique</strong></span> <span class='ocrx_word' id='word_1_227' title='bbox 2586 1551 2903 1608; x_wconf 81' lang='lat' dir='ltr'><strong>facilitatem</strong></span> <span class='ocrx_word' id='word_1_228' title='bbox 2945 1555 3254 1624; x_wconf 76' lang='lat' dir='ltr'><strong>expressit,</strong></span> <span class='ocrx_word' id='word_1_229' title='bbox 3309 1563 3367 1610; x_wconf 93' lang='lat' dir='ltr'><strong>ut</strong></span> <span class='ocrx_word' id='word_1_230' title='bbox 3415 1571 3580 1626; x_wconf 90' lang='lat' dir='ltr'><strong>quam</strong></span> 
     </span>
    </p>
   </div>
   <div class='ocr_carea' id='block_1_32' title="bbox 1995 1644 3582 1719">
    <p class='ocr_par' dir='ltr' id='par_1_32' title="bbox 1995 1644 3582 1719">
     <span class='ocr_line' id='line_1_32' title="bbox 1995 1644 3582 1719; baseline 0.006 -22"><span class='ocrx_word' id='word_1_231' title='bbox 1995 1651 2191 1714; x_wconf 88' lang='lat' dir='ltr'><strong>potens</strong></span> <span class='ocrx_word' id='word_1_232' title='bbox 2222 1651 2370 1699; x_wconf 85' lang='lat' dir='ltr'><strong>esset</strong></span> <span class='ocrx_word' id='word_1_233' title='bbox 2410 1644 2664 1699; x_wconf 89' lang='lat' dir='ltr'><strong>Christus</strong></span> <span class='ocrx_word' id='word_1_234' title='bbox 2710 1645 3025 1700; x_wconf 89' lang='lat' dir='ltr'><strong>ostenderet</strong></span> <span class='ocrx_word' id='word_1_235' title='bbox 3052 1686 3066 1710; x_wconf 89' lang='lat'><strong>,</strong></span> <span class='ocrx_word' id='word_1_236' title='bbox 3091 1661 3157 1702; x_wconf 81' lang='lat' dir='ltr'><strong>ex</strong></span> <span class='ocrx_word' id='word_1_237' title='bbox 3205 1662 3271 1703; x_wconf 91' lang='lat' dir='ltr'><strong>eo</strong></span> <span class='ocrx_word' id='word_1_238' title='bbox 3317 1651 3464 1719; x_wconf 89' lang='lat' dir='ltr'><strong>quod</strong></span> <span class='ocrx_word' id='word_1_239' title='bbox 3500 1653 3582 1707; x_wconf 86' lang='lat' dir='ltr'><strong>uti</strong></span> 
     </span>
    </p>
   </div>
   <div class='ocr_carea' id='block_1_33' title="bbox 1995 1734 3581 1805">
    <p class='ocr_par' dir='ltr' id='par_1_33' title="bbox 1995 1734 3581 1805">
     <span class='ocr_line' id='line_1_33' title="bbox 1995 1734 3581 1805; baseline 0.006 -17"><span class='ocrx_word' id='word_1_240' title='bbox 1995 1735 2202 1789; x_wconf 89' lang='lat' dir='ltr'><strong>homini</strong></span> <span class='ocrx_word' id='word_1_241' title='bbox 2232 1734 2555 1790; x_wconf 84' lang='lat' dir='ltr'><strong>facillimum</strong></span> <span class='ocrx_word' id='word_1_242' title='bbox 2579 1743 2664 1791; x_wconf 90' lang='lat' dir='ltr'><strong>est</strong></span> <span class='ocrx_word' id='word_1_243' title='bbox 2697 1750 2809 1790; x_wconf 90' lang='lat' dir='ltr'><strong>non</strong></span> <span class='ocrx_word' id='word_1_244' title='bbox 2840 1745 3119 1793; x_wconf 85' lang='lat' dir='ltr'><strong>mortuum</strong></span> <span class='ocrx_word' id='word_1_245' title='bbox 3140 1780 3153 1805; x_wconf 90' lang='lat'><strong>,</strong></span> <span class='ocrx_word' id='word_1_246' title='bbox 3183 1741 3279 1796; x_wconf 88' lang='lat' dir='ltr'><strong>sed</strong></span> <span class='ocrx_word' id='word_1_247' title='bbox 3302 1740 3581 1800; x_wconf 85' lang='lat' dir='ltr'><strong>dormien-</strong></span> 
     </span>
    </p>
   </div>
   <div class='ocr_carea' id='block_1_34' title="bbox 1997 1826 3582 1902">
    <p class='ocr_par' dir='ltr' id='par_1_34' title="bbox 1997 1826 3582 1902">
     <span class='ocr_line' id='line_1_34' title="bbox 1997 1826 3582 1902; baseline 0.008 -24"><span class='ocrx_word' id='word_1_248' title='bbox 1997 1833 2106 1880; x_wconf 92' lang='lat' dir='ltr'><strong>tem</strong></span> <span class='ocrx_word' id='word_1_249' title='bbox 2165 1841 2299 1882; x_wconf 87' lang='lat' dir='ltr'><strong>voce</strong></span> <span class='ocrx_word' id='word_1_250' title='bbox 2357 1826 2665 1894; x_wconf 90' lang='lat' dir='ltr'><strong>suscitare,</strong></span> <span class='ocrx_word' id='word_1_251' title='bbox 2724 1827 2798 1881; x_wconf 88' lang='lat' dir='ltr'><strong>ita</strong></span> <span class='ocrx_word' id='word_1_252' title='bbox 2835 1827 3055 1884; x_wconf 87' lang='lat' dir='ltr'><strong>Christo</strong></span> <span class='ocrx_word' id='word_1_253' title='bbox 3108 1833 3582 1902; x_wconf 88' lang='lat' dir='ltr'><strong>promptissimum</strong></span> 
     </span>
    </p>
   </div>
   <div class='ocr_carea' id='block_1_35' title="bbox 310 1915 1892 1997">
    <p class='ocr_par' dir='ltr' id='par_1_35' title="bbox 310 1916 1890 1990">
     <span class='ocr_line' id='line_1_35' title="bbox 310 1916 1890 1990; baseline -0.001 -19"><span class='ocrx_word' id='word_1_254' title='bbox 310 1916 635 1981; x_wconf 82' lang='grc' dir='ltr'>ἀποδείξεων</span> <span class='ocrx_word' id='word_1_255' title='bbox 668 1918 939 1990; x_wconf 79' lang='grc' dir='ltr'>ἐσήμανεν</span> <span class='ocrx_word' id='word_1_256' title='bbox 977 1921 1006 1973; x_wconf 85' lang='grc' dir='ltr'>ὁ</span> <span class='ocrx_word' id='word_1_257' title='bbox 1041 1918 1196 1988; x_wconf 85' lang='grc' dir='ltr'>λόγος</span> <span class='ocrx_word' id='word_1_258' title='bbox 1225 1919 1324 1990; x_wconf 82' lang='grc' dir='ltr'><strong>τὴν</strong></span> <span class='ocrx_word' id='word_1_259' title='bbox 1358 1917 1515 1990; x_wconf 82' lang='grc' dir='ltr'>ἡμῶν</span> <span class='ocrx_word' id='word_1_260' title='bbox 1551 1919 1742 1989; x_wconf 84' lang='grc' dir='ltr'>κλῆσιν</span> <span class='ocrx_word' id='word_1_261' title='bbox 1781 1918 1890 1971; x_wconf 80' lang='grc' dir='ltr'><strong>ἀπὸ</strong></span> 
     </span>
    </p>
   </div>
   <div class='ocr_carea' id='block_1_36' title="bbox 2007 1915 3583 1997">
    <p class='ocr_par' dir='ltr' id='par_1_36' title="bbox 2007 1915 3583 1997">
     <span class='ocr_line' id='line_1_36' title="bbox 2007 1915 3583 1997; baseline 0.006 -25"><span class='ocrx_word' id='word_1_262' title='bbox 2007 1925 2111 1972; x_wconf 69' lang='lat' dir='ltr'><strong>arat</strong></span> <span class='ocrx_word' id='word_1_263' title='bbox 2160 1917 2346 1972; x_wconf 88' lang='lat' dir='ltr'><strong>dicere</strong></span> <span class='ocrx_word' id='word_1_264' title='bbox 2380 1935 2396 1974; x_wconf 89' lang='lat'><strong>:</strong></span> <span class='ocrx_word' id='word_1_265' title='bbox 2428 1915 2672 1984; x_wconf 80' lang='lat' dir='ltr'><strong>Lazare,</strong></span> <span class='ocrx_word' id='word_1_266' title='bbox 2720 1921 2836 1973; x_wconf 78' lang='lat' dir='ltr'><strong>veni</strong></span> <span class='ocrx_word' id='word_1_267' title='bbox 2891 1920 3038 1989; x_wconf 80' lang='lat' dir='ltr'><strong>[oras</strong></span> <span class='ocrx_word' id='word_1_268' title='bbox 3074 1926 3125 1988; x_wconf 82' lang='grc'><strong>³;</strong></span> <span class='ocrx_word' id='word_1_269' title='bbox 3187 1931 3338 1988; x_wconf 88' lang='lat' dir='ltr'><strong>tum,</strong></span> <span class='ocrx_word' id='word_1_270' title='bbox 3387 1925 3583 1997; x_wconf 82' lang='lat' dir='ltr'><strong>Kumi,</strong></span> 
     </span>
    </p>
   </div>
   <div class='ocr_carea' id='block_1_37' title="bbox 308 2001 1892 2087">
    <p class='ocr_par' dir='ltr' id='par_1_37' title="bbox 308 2005 1889 2080">
     <span class='ocr_line' id='line_1_37' title="bbox 308 2005 1889 2080; baseline -0.001 -17"><span class='ocrx_word' id='word_1_271' title='bbox 308 2007 517 2080; x_wconf 85' lang='grc' dir='ltr'>νεκρῶν</span> <span class='ocrx_word' id='word_1_272' title='bbox 551 2005 749 2080; x_wconf 79' lang='grc' dir='ltr'>ἔργων,</span> <span class='ocrx_word' id='word_1_273' title='bbox 807 2010 902 2063; x_wconf 80' lang='grc' dir='ltr'>καὶ</span> <span class='ocrx_word' id='word_1_274' title='bbox 937 2008 1105 2064; x_wconf 77' lang='grc' dir='ltr'>ὕπνου</span> <span class='ocrx_word' id='word_1_275' title='bbox 1147 2009 1377 2080; x_wconf 84' lang='grc' dir='ltr'>βαρέως,</span> <span class='ocrx_word' id='word_1_276' title='bbox 1423 2009 1579 2080; x_wconf 81' lang='grc' dir='ltr'>ἡμῶν</span> <span class='ocrx_word' id='word_1_277' title='bbox 1610 2008 1720 2063; x_wconf 88' lang='grc' dir='ltr'><strong>τῶν</strong></span> <span class='ocrx_word' id='word_1_278' title='bbox 1757 2026 1889 2063; x_wconf 84' lang='grc' dir='ltr'>ποτε</span> 
     </span>
    </p>
   </div>
   <div class='ocr_carea' id='block_1_38' title="bbox 2007 2001 3588 2087">
    <p class='ocr_par' dir='ltr' id='par_1_38' title="bbox 2007 2001 3588 2087">
     <span class='ocr_line' id='line_1_38' title="bbox 2007 2001 3588 2087; baseline 0.01 -27"><span class='ocrx_word' id='word_1_279' title='bbox 2007 2006 2162 2079; x_wconf 73' lang='lat' dir='ltr'><strong>Humi</strong></span> <span class='ocrx_word' id='word_1_280' title='bbox 2194 2007 2553 2076; x_wconf 83' lang='lat' dir='ltr'><strong>Talitha,hoc</strong></span> <span class='ocrx_word' id='word_1_281' title='bbox 2580 2017 2686 2075; x_wconf 91' lang='lat' dir='ltr'><strong>est,</strong></span> <span class='ocrx_word' id='word_1_282' title='bbox 2719 2001 2908 2082; x_wconf 78' lang='lat' dir='ltr'><strong>Surge,</strong></span> <span class='ocrx_word' id='word_1_283' title='bbox 2941 2012 3118 2082; x_wconf 85' lang='lat' dir='ltr'><strong>puella</strong></span> <span class='ocrx_word' id='word_1_284' title='bbox 3139 2014 3180 2068; x_wconf 73' lang='grc'>⁸.</span> <span class='ocrx_word' id='word_1_285' title='bbox 3196 2013 3378 2087; x_wconf 86' lang='lat' dir='ltr'><strong>lisque</strong></span> <span class='ocrx_word' id='word_1_286' title='bbox 3408 2020 3588 2078; x_wconf 90' lang='lat' dir='ltr'><strong>mani-</strong></span> 
     </span>
    </p>
   </div>
   <div class='ocr_carea' id='block_1_39' title="bbox 310 2097 1892 2172">
    <p class='ocr_par' dir='ltr' id='par_1_39' title="bbox 310 2097 1892 2172">
     <span class='ocr_line' id='line_1_39' title="bbox 310 2097 1892 2172; baseline 0.001 -22"><span class='ocrx_word' id='word_1_287' title='bbox 310 2097 678 2152; x_wconf 86' lang='grc' dir='ltr'>καθευδόντων</span> <span class='ocrx_word' id='word_1_288' title='bbox 718 2099 1071 2172; x_wconf 81' lang='grc' dir='ltr'>ἀνεγείροντα</span> <span class='ocrx_word' id='word_1_289' title='bbox 1110 2099 1202 2152; x_wconf 82' lang='grc' dir='ltr'><strong>τὸν</strong></span> <span class='ocrx_word' id='word_1_290' title='bbox 1239 2099 1496 2171; x_wconf 84' lang='grc' dir='ltr'>Χριστὸν,</span> <span class='ocrx_word' id='word_1_291' title='bbox 1549 2098 1643 2152; x_wconf 71' lang='grc' dir='ltr'><strong>καὶ</strong></span> <span class='ocrx_word' id='word_1_292' title='bbox 1679 2098 1769 2152; x_wconf 82' lang='grc' dir='ltr'>διὰ</span> <span class='ocrx_word' id='word_1_293' title='bbox 1794 2098 1892 2170; x_wconf 83' lang='grc' dir='ltr'>τῆς</span> 
     </span>
    </p>
   </div>
   <div class='ocr_carea' id='block_1_40' title="bbox 2007 2097 3587 2172">
    <p class='ocr_par' dir='ltr' id='par_1_40' title="bbox 2007 2099 3587 2170">
     <span class='ocr_line' id='line_1_40' title="bbox 2007 2099 3587 2170; baseline 0.008 -17"><span class='ocrx_word' id='word_1_294' title='bbox 2007 2099 2311 2156; x_wconf 75' lang='grc' dir='ltr'>Γεειίεεὶιηίε</span> <span class='ocrx_word' id='word_1_295' title='bbox 2349 2103 2690 2170; x_wconf 78' lang='lat' dir='ltr'><strong>argumentis</strong></span> <span class='ocrx_word' id='word_1_296' title='bbox 2724 2101 2817 2158; x_wconf 87' lang='lat' dir='ltr'><strong>Dei</strong></span> <span class='ocrx_word' id='word_1_297' title='bbox 2845 2102 3069 2158; x_wconf 81' lang='lat' dir='ltr'><strong>verbum</strong></span> <span class='ocrx_word' id='word_1_298' title='bbox 3112 2107 3455 2164; x_wconf 85' lang='lat' dir='ltr'><strong>vocationem</strong></span> <span class='ocrx_word' id='word_1_299' title='bbox 3504 2110 3587 2165; x_wconf 89' lang='lat' dir='ltr'><strong>in-</strong></span> 
     </span>
    </p>
   </div>
   <div class='ocr_carea' id='block_1_41' title="bbox 310 2188 1892 2270">
    <p class='ocr_par' dir='ltr' id='par_1_41' title="bbox 310 2188 1892 2262">
     <span class='ocr_line' id='line_1_41' title="bbox 310 2188 1892 2262; baseline 0.001 -20"><span class='ocrx_word' id='word_1_300' title='bbox 310 2188 555 2258; x_wconf 82' lang='grc' dir='ltr'>κλήσεως</span> <span class='ocrx_word' id='word_1_301' title='bbox 586 2188 888 2258; x_wconf 79' lang='grc' dir='ltr'>φωτίζοντα</span> <span class='ocrx_word' id='word_1_302' title='bbox 915 2192 1062 2262; x_wconf 78' lang='grc' dir='ltr'>ἡμᾶς</span> <span class='ocrx_word' id='word_1_303' title='bbox 1082 2207 1097 2222; x_wconf 86' lang='grc'><strong>·</strong></span> <span class='ocrx_word' id='word_1_304' title='bbox 1127 2192 1248 2262; x_wconf 75' lang='grc' dir='ltr'>ἥτις</span> <span class='ocrx_word' id='word_1_305' title='bbox 1271 2191 1461 2260; x_wconf 85' lang='grc' dir='ltr'>γέγονε</span> <span class='ocrx_word' id='word_1_306' title='bbox 1493 2190 1718 2261; x_wconf 88' lang='grc' dir='ltr'>δευτέρα</span> <span class='ocrx_word' id='word_1_307' title='bbox 1753 2189 1892 2261; x_wconf 76' lang='grc' dir='ltr'>αὕτη</span> 
     </span>
    </p>
   </div>
   <div class='ocr_carea' id='block_1_42' title="bbox 2007 2188 3588 2270">
    <p class='ocr_par' dir='ltr' id='par_1_42' title="bbox 2007 2188 3588 2270">
     <span class='ocr_line' id='line_1_42' title="bbox 2007 2188 3588 2270; baseline 0.006 -26"><span class='ocrx_word' id='word_1_308' title='bbox 2007 2188 2217 2244; x_wconf 77' lang='lat' dir='ltr'><strong>dicabat</strong></span> <span class='ocrx_word' id='word_1_309' title='bbox 2262 2198 2546 2254; x_wconf 87' lang='lat' dir='ltr'><strong>nostram,</strong></span> <span class='ocrx_word' id='word_1_310' title='bbox 2590 2188 2983 2262; x_wconf 87' lang='lat' dir='ltr'><strong>Christumque</strong></span> <span class='ocrx_word' id='word_1_311' title='bbox 3019 2192 3307 2251; x_wconf 87' lang='lat' dir='ltr'><strong>Dominum</strong></span> <span class='ocrx_word' id='word_1_312' title='bbox 3357 2198 3428 2253; x_wconf 87' lang='lat' dir='ltr'><strong>ab</strong></span> <span class='ocrx_word' id='word_1_313' title='bbox 3457 2214 3588 2270; x_wconf 87' lang='lat' dir='ltr'><strong>ope-</strong></span> 
     </span>
    </p>
   </div>
   <div class='ocr_carea' id='block_1_43' title="bbox 313 2279 1893 2355">
    <p class='ocr_par' dir='ltr' id='par_1_43' title="bbox 313 2279 1893 2355">
     <span class='ocr_line' id='line_1_43' title="bbox 313 2279 1893 2355; baseline 0.003 -23"><span class='ocrx_word' id='word_1_314' title='bbox 313 2280 514 2351; x_wconf 86' lang='grc' dir='ltr'>σχέσις.</span> <span class='ocrx_word' id='word_1_315' title='bbox 556 2279 631 2334; x_wconf 84' lang='grc' dir='ltr'><strong>Τὸ</strong></span> <span class='ocrx_word' id='word_1_316' title='bbox 663 2280 719 2334; x_wconf 86' lang='grc' dir='ltr'>δὲ</span> <span class='ocrx_word' id='word_1_317' title='bbox 742 2281 946 2336; x_wconf 89' lang='grc' dir='ltr'>τέλειον</span> <span class='ocrx_word' id='word_1_318' title='bbox 979 2282 1073 2336; x_wconf 75' lang='grc' dir='ltr'>καὶ</span> <span class='ocrx_word' id='word_1_319' title='bbox 1103 2283 1389 2336; x_wconf 83' lang='grc' dir='ltr'>καθολικὸν</span> <span class='ocrx_word' id='word_1_320' title='bbox 1424 2281 1893 2355; x_wconf 82' lang='grc' dir='ltr'>προσδοκώμενον,</span> 
     </span>
    </p>
   </div>
   <div class='ocr_carea' id='block_1_44' title="bbox 309 2369 1896 2441">
    <p class='ocr_par' dir='ltr' id='par_1_44' title="bbox 309 2369 1896 2441">
     <span class='ocr_line' id='line_1_44' title="bbox 309 2369 1896 2441; baseline 0.003 -19"><span class='ocrx_word' id='word_1_321' title='bbox 309 2369 439 2422; x_wconf 82' lang='grc' dir='ltr'>ὅταν</span> <span class='ocrx_word' id='word_1_322' title='bbox 463 2371 491 2424; x_wconf 84' lang='grc' dir='ltr'>ὁ</span> <span class='ocrx_word' id='word_1_323' title='bbox 522 2370 685 2434; x_wconf 82' lang='grc' dir='ltr'>αὑτὸς</span> <span class='ocrx_word' id='word_1_324' title='bbox 709 2372 738 2424; x_wconf 85' lang='grc' dir='ltr'>ὁ</span> <span class='ocrx_word' id='word_1_325' title='bbox 781 2371 976 2440; x_wconf 89' lang='grc' dir='ltr'>λέγων,</span> <span class='ocrx_word' id='word_1_326' title='bbox 1003 2371 1146 2441; x_wconf 73' lang='grc' dir='ltr'>Ἐγώ</span> <span class='ocrx_word' id='word_1_327' title='bbox 1168 2373 1283 2436; x_wconf 77' lang='grc' dir='ltr'>ειμι</span> <span class='ocrx_word' id='word_1_328' title='bbox 1306 2372 1345 2440; x_wconf 82' lang='grc' dir='ltr'><strong>ή</strong></span> <span class='ocrx_word' id='word_1_329' title='bbox 1369 2371 1726 2437; x_wconf 83' lang='grc' dir='ltr'>ἀνάστασις,</span> <span class='ocrx_word' id='word_1_330' title='bbox 1755 2371 1896 2426; x_wconf 84' lang='grc' dir='ltr'>πάν·-</span> 
     </span>
    </p>
   </div>
   <div class='ocr_carea' id='block_1_45' title="bbox 311 2460 1894 2534">
    <p class='ocr_par' dir='ltr' id='par_1_45' title="bbox 311 2460 1894 2534">
     <span class='ocr_line' id='line_1_45' title="bbox 311 2460 1894 2534; baseline 0.003 -22"><span class='ocrx_word' id='word_1_331' title='bbox 311 2477 408 2523; x_wconf 87' lang='grc' dir='ltr'><strong>τας</strong></span> <span class='ocrx_word' id='word_1_332' title='bbox 454 2460 658 2533; x_wconf 81' lang='grc' dir='ltr'>καλέσῃ</span> <span class='ocrx_word' id='word_1_333' title='bbox 715 2462 810 2515; x_wconf 74' lang='grc' dir='ltr'><strong>καὶ</strong></span> <span class='ocrx_word' id='word_1_334' title='bbox 849 2461 1039 2534; x_wconf 78' lang='grc' dir='ltr'>ἐγείρῃ</span> <span class='ocrx_word' id='word_1_335' title='bbox 1077 2461 1290 2533; x_wconf 88' lang='grc' dir='ltr'>σώματι</span> <span class='ocrx_word' id='word_1_336' title='bbox 1333 2465 1427 2518; x_wconf 76' lang='grc' dir='ltr'>καὶ</span> <span class='ocrx_word' id='word_1_337' title='bbox 1453 2462 1621 2534; x_wconf 79' lang='grc' dir='ltr'>ψυχῇ,</span> <span class='ocrx_word' id='word_1_338' title='bbox 1659 2463 1751 2516; x_wconf 77' lang='grc' dir='ltr'>καὶ</span> <span class='ocrx_word' id='word_1_339' title='bbox 1779 2479 1894 2532; x_wconf 84' lang='grc' dir='ltr'>φω-</span> 
     </span>
    </p>
   </div>
   <div class='ocr_carea' id='block_1_46' title="bbox 311 2549 1440 2626">
    <p class='ocr_par' dir='ltr' id='par_1_46' title="bbox 311 2549 1440 2626">
     <span class='ocr_line' id='line_1_46' title="bbox 311 2549 1440 2626; baseline 0.005 -24"><span class='ocrx_word' id='word_1_340' title='bbox 311 2549 434 2622; x_wconf 80' lang='grc' dir='ltr'>τίσῃ</span> <span class='ocrx_word' id='word_1_341' title='bbox 464 2553 522 2607; x_wconf 85' lang='grc' dir='ltr'><strong>ἐν</strong></span> <span class='ocrx_word' id='word_1_342' title='bbox 649 2551 812 2606; x_wconf 78' lang='grc' dir='ltr'>αὑτοῦ</span> <span class='ocrx_word' id='word_1_343' title='bbox 851 2553 1120 2626; x_wconf 84' lang='grc' dir='ltr'>μελλούσῃ</span> <span class='ocrx_word' id='word_1_344' title='bbox 1147 2555 1440 2626; x_wconf 77' lang='grc' dir='ltr'>παρουσίᾳ.</span> 
     </span>
    </p>
   </div>
   <div class='ocr_carea' id='block_1_47' title="bbox 2001 2279 3588 2354">
    <p class='ocr_par' dir='ltr' id='par_1_47' title="bbox 2001 2279 3588 2354">
     <span class='ocr_line' id='line_1_47' title="bbox 2001 2279 3588 2354; baseline 0.009 -20"><span class='ocrx_word' id='word_1_345' title='bbox 2001 2279 2154 2336; x_wconf 89' lang='lat' dir='ltr'><strong>ribus</strong></span> <span class='ocrx_word' id='word_1_346' title='bbox 2193 2280 2456 2344; x_wconf 84' lang='lat' dir='ltr'><strong>mortuis,</strong></span> <span class='ocrx_word' id='word_1_347' title='bbox 2489 2288 2544 2336; x_wconf 93' lang='lat' dir='ltr'><strong>et</strong></span> <span class='ocrx_word' id='word_1_348' title='bbox 2585 2281 2857 2338; x_wconf 87' lang='lat' dir='ltr'><strong>altissimo</strong></span> <span class='ocrx_word' id='word_1_349' title='bbox 2897 2299 3008 2354; x_wconf 93' lang='lat' dir='ltr'><strong>quo</strong></span> <span class='ocrx_word' id='word_1_350' title='bbox 3040 2287 3364 2344; x_wconf 84' lang='lat' dir='ltr'><strong>tenebamur</strong></span> <span class='ocrx_word' id='word_1_351' title='bbox 3393 2305 3588 2349; x_wconf 91' lang='lat' dir='ltr'><strong>somno</strong></span> 
     </span>
    </p>
   </div>
   <div class='ocr_carea' id='block_1_48' title="bbox 2002 2369 3584 2440">
    <p class='ocr_par' dir='ltr' id='par_1_48' title="bbox 2002 2369 3584 2440">
     <span class='ocr_line' id='line_1_48' title="bbox 2002 2369 3584 2440; baseline 0.008 -16"><span class='ocrx_word' id='word_1_352' title='bbox 2002 2369 2372 2440; x_wconf 84' lang='lat' dir='ltr'><strong>nosmetipsos</strong></span> <span class='ocrx_word' id='word_1_353' title='bbox 2419 2372 2788 2437; x_wconf 80' lang='lat' dir='ltr'><strong>excitantem,</strong></span> <span class='ocrx_word' id='word_1_354' title='bbox 2837 2387 2902 2428; x_wconf 91' lang='lat' dir='ltr'><strong>ac</strong></span> <span class='ocrx_word' id='word_1_355' title='bbox 2946 2376 3236 2433; x_wconf 84' lang='lat' dir='ltr'><strong>vocatione</strong></span> <span class='ocrx_word' id='word_1_356' title='bbox 3277 2394 3378 2434; x_wconf 87' lang='lat' dir='ltr'><strong>sua</strong></span> <span class='ocrx_word' id='word_1_357' title='bbox 3408 2383 3584 2438; x_wconf 71' lang='lat' dir='ltr'><strong>collo:-</strong></span> 
     </span>
    </p>
   </div>
   <div class='ocr_carea' id='block_1_49' title="bbox 1998 2462 3586 2532">
    <p class='ocr_par' dir='ltr' id='par_1_49' title="bbox 1998 2462 3586 2532">
     <span class='ocr_line' id='line_1_49' title="bbox 1998 2462 3586 2532; baseline 0.007 -15"><span class='ocrx_word' id='word_1_358' title='bbox 1998 2469 2266 2517; x_wconf 89' lang='lat' dir='ltr'><strong>strantem</strong></span> <span class='ocrx_word' id='word_1_359' title='bbox 2301 2479 2314 2516; x_wconf 91' lang='lat'>:</span> <span class='ocrx_word' id='word_1_360' title='bbox 2345 2476 2465 2532; x_wconf 72' lang='lat' dir='ltr'><strong>qua:</strong></span> <span class='ocrx_word' id='word_1_361' title='bbox 2492 2462 2712 2532; x_wconf 89' lang='lat' dir='ltr'><strong>quidem</strong></span> <span class='ocrx_word' id='word_1_362' title='bbox 2735 2463 2977 2520; x_wconf 86' lang='lat' dir='ltr'><strong>secunda</strong></span> <span class='ocrx_word' id='word_1_363' title='bbox 3000 2464 3103 2522; x_wconf 80' lang='lat' dir='ltr'><strong>fuit</strong></span> <span class='ocrx_word' id='word_1_364' title='bbox 3135 2466 3420 2526; x_wconf 87' lang='lat' dir='ltr'><strong>habitudo.</strong></span> <span class='ocrx_word' id='word_1_365' title='bbox 3447 2471 3586 2528; x_wconf 90' lang='lat' dir='ltr'><strong>Nam</strong></span> 
     </span>
    </p>
   </div>
   <div class='ocr_carea' id='block_1_50' title="bbox 1998 2548 3580 2625">
    <p class='ocr_par' dir='ltr' id='par_1_50' title="bbox 1998 2548 3580 2625">
     <span class='ocr_line' id='line_1_50' title="bbox 1998 2548 3580 2625; baseline 0.007 -21"><span class='ocrx_word' id='word_1_366' title='bbox 1998 2548 2302 2620; x_wconf 83' lang='lat' dir='ltr'><strong>perfectum</strong></span> <span class='ocrx_word' id='word_1_367' title='bbox 2363 2565 2428 2605; x_wconf 91' lang='lat' dir='ltr'><strong>ac</strong></span> <span class='ocrx_word' id='word_1_368' title='bbox 2483 2551 2739 2620; x_wconf 74' lang='lat' dir='ltr'><strong>generale</strong></span> <span class='ocrx_word' id='word_1_369' title='bbox 2787 2552 2922 2608; x_wconf 91' lang='lat' dir='ltr'><strong>illud</strong></span> <span class='ocrx_word' id='word_1_370' title='bbox 2973 2559 3406 2625; x_wconf 79' lang='lat' dir='ltr'><strong>exspectandum</strong></span> <span class='ocrx_word' id='word_1_371' title='bbox 3462 2569 3580 2625; x_wconf 86' lang='lat' dir='ltr'><strong>est,</strong></span> 
     </span>
    </p>
   </div>
   <div class='ocr_carea' id='block_1_51' title="bbox 311 2645 3589 2720">
    <p class='ocr_par' dir='ltr' id='par_1_51' title="bbox 311 2645 3589 2720">
     <span class='ocr_line' id='line_1_51' title="bbox 311 2645 3589 2720; baseline 0.002 -18"><span class='ocrx_word' id='word_1_372' title='bbox 311 2662 436 2702; x_wconf 93' lang='lat' dir='ltr'><strong>cum</strong></span> <span class='ocrx_word' id='word_1_373' title='bbox 471 2647 727 2702; x_wconf 86' lang='lat' dir='ltr'><strong>nrmirum</strong></span> <span class='ocrx_word' id='word_1_374' title='bbox 777 2649 866 2704; x_wconf 91' lang='lat' dir='ltr'><strong>ille</strong></span> <span class='ocrx_word' id='word_1_375' title='bbox 908 2649 1027 2718; x_wconf 90' lang='lat' dir='ltr'><strong>ipse</strong></span> <span class='ocrx_word' id='word_1_376' title='bbox 1057 2648 1149 2719; x_wconf 90' lang='lat' dir='ltr'><strong>qui</strong></span> <span class='ocrx_word' id='word_1_377' title='bbox 1182 2649 1366 2704; x_wconf 79' lang='lat' dir='ltr'><strong>dixit:</strong></span> <span class='ocrx_word' id='word_1_378' title='bbox 1416 2648 1530 2720; x_wconf 83' lang='lat' dir='ltr'><strong>Ego</strong></span> <span class='ocrx_word' id='word_1_379' title='bbox 1569 2665 1685 2702; x_wconf 79' lang='lat' dir='ltr'><strong>sum</strong></span> <span class='ocrx_word' id='word_1_380' title='bbox 1741 2646 2086 2710; x_wconf 77' lang='lat' dir='ltr'><strong>resurrectio,</strong></span> <span class='ocrx_word' id='word_1_381' title='bbox 2154 2645 2446 2701; x_wconf 86' lang='lat' dir='ltr'><strong>universos</strong></span> <span class='ocrx_word' id='word_1_382' title='bbox 2491 2645 2840 2713; x_wconf 61' lang='lat' dir='ltr'><strong>evocarerit,</strong></span> <span class='ocrx_word' id='word_1_383' title='bbox 2894 2653 2949 2702; x_wconf 91' lang='lat' dir='ltr'><strong>et</strong></span> <span class='ocrx_word' id='word_1_384' title='bbox 3019 2663 3250 2720; x_wconf 86' lang='lat' dir='ltr'><strong>corpore</strong></span> <span class='ocrx_word' id='word_1_385' title='bbox 3290 2665 3355 2706; x_wconf 88' lang='lat' dir='ltr'><strong>ac</strong></span> <span class='ocrx_word' id='word_1_386' title='bbox 3405 2659 3589 2709; x_wconf 87' lang='lat' dir='ltr'><strong>mente</strong></span> 
     </span>
    </p>
   </div>
   <div class='ocr_carea' id='block_1_52' title="bbox 311 2734 2264 2814">
    <p class='ocr_par' dir='ltr' id='par_1_52' title="bbox 311 2734 2264 2814">
     <span class='ocr_line' id='line_1_52' title="bbox 311 2734 2264 2814; baseline -0.003 -19"><span class='ocrx_word' id='word_1_387' title='bbox 311 2742 517 2814; x_wconf 90' lang='lat' dir='ltr'><strong>pariter</strong></span> <span class='ocrx_word' id='word_1_388' title='bbox 544 2739 834 2805; x_wconf 79' lang='lat' dir='ltr'><strong>excitarit,</strong></span> <span class='ocrx_word' id='word_1_389' title='bbox 869 2747 1033 2810; x_wconf 88' lang='lat' dir='ltr'><strong>atque</strong></span> <span class='ocrx_word' id='word_1_390' title='bbox 1073 2742 1128 2794; x_wconf 90' lang='lat' dir='ltr'><strong>in</strong></span> <span class='ocrx_word' id='word_1_391' title='bbox 1158 2739 1339 2794; x_wconf 86' lang='lat' dir='ltr'><strong>futuro</strong></span> <span class='ocrx_word' id='word_1_392' title='bbox 1365 2739 1603 2794; x_wconf 89' lang='lat' dir='ltr'><strong>adventu</strong></span> <span class='ocrx_word' id='word_1_393' title='bbox 1640 2755 1740 2795; x_wconf 90' lang='lat' dir='ltr'><strong>sua</strong></span> <span class='ocrx_word' id='word_1_394' title='bbox 1781 2740 1903 2794; x_wconf 91' lang='lat' dir='ltr'><strong>luce</strong></span> <span class='ocrx_word' id='word_1_395' title='bbox 1941 2734 2264 2808; x_wconf 82' lang='lat' dir='ltr'><strong>perfuderit.</strong></span> 
     </span>
    </p>
   </div>
   <div class='ocr_carea' id='block_1_53' title="bbox 381 2833 1896 2905">
    <p class='ocr_par' dir='ltr' id='par_1_53' title="bbox 381 2833 1896 2905">
     <span class='ocr_line' id='line_1_53' title="bbox 381 2833 1896 2905; baseline 0 -18"><span class='ocrx_word' id='word_1_396' title='bbox 381 2842 430 2904; x_wconf 83' lang='grc' dir='ltr'>γ’</span> <span class='ocrx_word' id='word_1_397' title='bbox 464 2835 558 2889; x_wconf 71' lang='grc' dir='ltr'>καὶ</span> <span class='ocrx_word' id='word_1_398' title='bbox 585 2835 665 2904; x_wconf 90' lang='grc' dir='ltr'>λη’</span> <span class='ocrx_word' id='word_1_399' title='bbox 690 2834 836 2905; x_wconf 87' lang='grc' dir='ltr'>σχόλ.</span> <span class='ocrx_word' id='word_1_400' title='bbox 881 2835 1027 2890; x_wconf 70' lang='grc' dir='ltr'>Ἀντὶ</span> <span class='ocrx_word' id='word_1_401' title='bbox 1052 2833 1166 2898; x_wconf 82' lang='grc' dir='ltr'>τοῦ,</span> <span class='ocrx_word' id='word_1_402' title='bbox 1195 2836 1558 2903; x_wconf 73' lang='grc' dir='ltr'>Καταλείψει</span> <span class='ocrx_word' id='word_1_403' title='bbox 1586 2834 1896 2902; x_wconf 77' lang='grc' dir='ltr'>ἅνθρωπος</span> 
     </span>
    </p>
   </div>
   <div class='ocr_carea' id='block_1_54' title="bbox 312 2923 1894 2994">
    <p class='ocr_par' dir='ltr' id='par_1_54' title="bbox 312 2923 1894 2994">
     <span class='ocr_line' id='line_1_54' title="bbox 312 2923 1894 2994; baseline -0.002 -13"><span class='ocrx_word' id='word_1_404' title='bbox 312 2926 420 2981; x_wconf 85' lang='grc' dir='ltr'>τὸν</span> <span class='ocrx_word' id='word_1_405' title='bbox 462 2925 690 2993; x_wconf 81' lang='grc' dir='ltr'>πατέρα</span> <span class='ocrx_word' id='word_1_406' title='bbox 733 2924 920 2980; x_wconf 80' lang='grc' dir='ltr'>αὐτοῦ</span> <span class='ocrx_word' id='word_1_407' title='bbox 966 2923 1066 2978; x_wconf 77' lang='grc' dir='ltr'>καὶ</span> <span class='ocrx_word' id='word_1_408' title='bbox 1106 2923 1222 2993; x_wconf 82' lang='grc' dir='ltr'>τὴν</span> <span class='ocrx_word' id='word_1_409' title='bbox 1247 2923 1495 2994; x_wconf 82' lang='grc' dir='ltr'>μητέρα.</span> <span class='ocrx_word' id='word_1_410' title='bbox 1534 2924 1632 2977; x_wconf 80' lang='grc' dir='ltr'>καὶ</span> <span class='ocrx_word' id='word_1_411' title='bbox 1673 2927 1894 2992; x_wconf 76' lang='grc' dir='ltr'>κολλη-</span> 
     </span>
    </p>
   </div>
   <div class='ocr_carea' id='block_1_55' title="bbox 311 2995 1895 3087">
    <p class='ocr_par' dir='ltr' id='par_1_55' title="bbox 311 2995 1895 3087">
     <span class='ocr_line' id='line_1_55' title="bbox 311 2995 1895 3087; baseline -0.001 -15"><span class='ocrx_word' id='word_1_412' title='bbox 311 3017 558 3084; x_wconf 83' lang='grc' dir='ltr'>θήσεται</span> <span class='ocrx_word' id='word_1_413' title='bbox 588 3017 663 3087; x_wconf 81' lang='grc' dir='ltr'>τῇ</span> <span class='ocrx_word' id='word_1_414' title='bbox 687 3018 952 3086; x_wconf 70' lang='grc' dir='ltr'>γυναικί·</span> <span class='ocrx_word' id='word_1_415' title='bbox 995 3015 1095 3070; x_wconf 80' lang='grc' dir='ltr'>καὶ</span> <span class='ocrx_word' id='word_1_416' title='bbox 1114 2995 1358 3070; x_wconf 74' lang='grc' dir='ltr'>ἔσονται</span> <span class='ocrx_word' id='word_1_417' title='bbox 1389 3019 1443 3071; x_wconf 88' lang='lat' dir='ltr'><strong>ol</strong></span> <span class='ocrx_word' id='word_1_418' title='bbox 1465 3017 1574 3071; x_wconf 83' lang='grc' dir='ltr'>δύο</span> <span class='ocrx_word' id='word_1_419' title='bbox 1594 3019 1680 3083; x_wconf 77' lang='grc' dir='ltr'>εὶς</span> <span class='ocrx_word' id='word_1_420' title='bbox 1699 3016 1895 3086; x_wconf 79' lang='grc' dir='ltr'>σάρκα</span> 
     </span>
    </p>
   </div>
   <div class='ocr_carea' id='block_1_56' title="bbox 245 3105 1178 3178">
    <p class='ocr_par' dir='ltr' id='par_1_56' title="bbox 245 3105 1178 3178">
     <span class='ocr_line' id='line_1_56' title="bbox 245 3105 1178 3178; baseline 0.002 -20"><span class='ocrx_word' id='word_1_421' title='bbox 245 3151 250 3158; x_wconf 84' lang='grc'><strong>.</strong></span> <span class='ocrx_word' id='word_1_422' title='bbox 309 3109 474 3176; x_wconf 83' lang='grc' dir='ltr'>μίαν,</span> <span class='ocrx_word' id='word_1_423' title='bbox 509 3107 661 3178; x_wconf 87' lang='grc' dir='ltr'>παρὰ</span> <span class='ocrx_word' id='word_1_424' title='bbox 693 3107 774 3171; x_wconf 77' lang='grc' dir='ltr'><strong>τὸ,</strong></span> <span class='ocrx_word' id='word_1_425' title='bbox 809 3105 884 3177; x_wconf 76' lang='grc' dir='ltr'>τῇ</span> <span class='ocrx_word' id='word_1_426' title='bbox 918 3107 1178 3176; x_wconf 73' lang='grc' dir='ltr'>γυναικί.</span> 
     </span>
    </p>
   </div>
   <div class='ocr_carea' id='block_1_57' title="bbox 383 3197 1894 3271">
    <p class='ocr_par' dir='ltr' id='par_1_57' title="bbox 383 3197 1894 3271">
     <span class='ocr_line' id='line_1_57' title="bbox 383 3197 1894 3271; baseline -0.001 -20"><span class='ocrx_word' id='word_1_427' title='bbox 383 3205 430 3268; x_wconf 89' lang='grc' dir='ltr'>γ’</span> <span class='ocrx_word' id='word_1_428' title='bbox 463 3199 557 3251; x_wconf 69' lang='grc' dir='ltr'><strong>καὶ</strong></span> <span class='ocrx_word' id='word_1_429' title='bbox 577 3200 659 3271; x_wconf 87' lang='grc' dir='ltr'>λη’</span> <span class='ocrx_word' id='word_1_430' title='bbox 689 3199 870 3268; x_wconf 80' lang='grc' dir='ltr'>ἐλεγχ.</span> <span class='ocrx_word' id='word_1_431' title='bbox 929 3198 1327 3253; x_wconf 82' lang='grc' dir='ltr'>Ἀποδέδεικται</span> <span class='ocrx_word' id='word_1_432' title='bbox 1353 3198 1613 3262; x_wconf 83' lang='grc' dir='ltr'>πολλάκις</span> <span class='ocrx_word' id='word_1_433' title='bbox 1644 3197 1717 3269; x_wconf 79' lang='grc' dir='ltr'>μὴ</span> <span class='ocrx_word' id='word_1_434' title='bbox 1745 3197 1894 3251; x_wconf 83' lang='grc' dir='ltr'>ἀλλό-</span> 
     </span>
    </p>
   </div>
   <div class='ocr_carea' id='block_1_58' title="bbox 2072 2829 3590 2907">
    <p class='ocr_par' dir='ltr' id='par_1_58' title="bbox 2072 2829 3590 2907">
     <span class='ocr_line' id='line_1_58' title="bbox 2072 2829 3590 2907; baseline 0.008 -22"><span class='ocrx_word' id='word_1_435' title='bbox 2072 2829 2258 2886; x_wconf 88' lang='lat' dir='ltr'><strong>Schol.</strong></span> <span class='ocrx_word' id='word_1_436' title='bbox 2301 2832 2335 2886; x_wconf 83' lang='grc'>5</span> <span class='ocrx_word' id='word_1_437' title='bbox 2364 2841 2418 2888; x_wconf 92' lang='lat' dir='ltr'><strong>et</strong></span> <span class='ocrx_word' id='word_1_438' title='bbox 2463 2831 2552 2888; x_wconf 80' lang='lat'><strong>58.</strong></span> <span class='ocrx_word' id='word_1_439' title='bbox 2583 2832 2642 2887; x_wconf 93' lang='lat' dir='ltr'><strong>ln</strong></span> <span class='ocrx_word' id='word_1_440' title='bbox 2669 2849 2736 2889; x_wconf 89' lang='lat' dir='ltr'><strong>eo</strong></span> <span class='ocrx_word' id='word_1_441' title='bbox 2776 2834 2923 2904; x_wconf 90' lang='lat' dir='ltr'><strong>quod</strong></span> <span class='ocrx_word' id='word_1_442' title='bbox 2957 2837 3221 2907; x_wconf 86' lang='lat' dir='ltr'><strong>scriptum</strong></span> <span class='ocrx_word' id='word_1_443' title='bbox 3249 2847 3336 2894; x_wconf 88' lang='lat' dir='ltr'><strong>est</strong></span> <span class='ocrx_word' id='word_1_444' title='bbox 3363 2858 3378 2896; x_wconf 86' lang='lat'><strong><em>:</em></strong></span> <span class='ocrx_word' id='word_1_445' title='bbox 3409 2839 3590 2897; x_wconf 83' lang='lat' dir='ltr'><strong>Relin-</strong></span> 
     </span>
    </p>
   </div>
   <div class='ocr_carea' id='block_1_59' title="bbox 1999 2922 3590 2993">
    <p class='ocr_par' dir='ltr' id='par_1_59' title="bbox 1999 2922 3590 2993">
     <span class='ocr_line' id='line_1_59' title="bbox 1999 2922 3590 2993; baseline 0.008 -17"><span class='ocrx_word' id='word_1_446' title='bbox 1999 2934 2121 2990; x_wconf 83' lang='lat' dir='ltr'><strong>quet</strong></span> <span class='ocrx_word' id='word_1_447' title='bbox 2161 2922 2314 2977; x_wconf 84' lang='lat' dir='ltr'><strong>homo</strong></span> <span class='ocrx_word' id='word_1_448' title='bbox 2359 2933 2565 2993; x_wconf 83' lang='lat' dir='ltr'><strong>patrem</strong></span> <span class='ocrx_word' id='word_1_449' title='bbox 2611 2940 2766 2978; x_wconf 76' lang='lat' dir='ltr'><strong>suum</strong></span> <span class='ocrx_word' id='word_1_450' title='bbox 2793 2935 2844 2979; x_wconf 86' lang='lat' dir='ltr'><strong>et</strong></span> <span class='ocrx_word' id='word_1_451' title='bbox 2898 2937 3160 2992; x_wconf 81' lang='lat' dir='ltr'><strong>matrem,</strong></span> <span class='ocrx_word' id='word_1_452' title='bbox 3204 2939 3255 2983; x_wconf 86' lang='lat' dir='ltr'><strong>et</strong></span> <span class='ocrx_word' id='word_1_453' title='bbox 3299 2931 3590 2987; x_wconf 75' lang='lat' dir='ltr'><strong>adltwrebit</strong></span> 
     </span>
    </p>
   </div>
   <div class='ocr_carea' id='block_1_60' title="bbox 1999 3015 3587 3082">
    <p class='ocr_par' dir='ltr' id='par_1_60' title="bbox 1999 3015 3587 3082">
     <span class='ocr_line' id='line_1_60' title="bbox 1999 3015 3587 3082; baseline 0.008 -15"><span class='ocrx_word' id='word_1_454' title='bbox 1999 3016 2194 3079; x_wconf 79' lang='lat' dir='ltr'><strong>uxori;</strong></span> <span class='ocrx_word' id='word_1_455' title='bbox 2239 3024 2289 3068; x_wconf 81' lang='lat' dir='ltr'><strong>et</strong></span> <span class='ocrx_word' id='word_1_456' title='bbox 2320 3024 2471 3069; x_wconf 81' lang='lat' dir='ltr'><strong>erunt</strong></span> <span class='ocrx_word' id='word_1_457' title='bbox 2499 3015 2604 3069; x_wconf 86' lang='lat' dir='ltr'><strong>duo</strong></span> <span class='ocrx_word' id='word_1_458' title='bbox 2632 3017 2687 3070; x_wconf 85' lang='lat' dir='ltr'><strong>in</strong></span> <span class='ocrx_word' id='word_1_459' title='bbox 2725 3032 2935 3071; x_wconf 85' lang='lat' dir='ltr'><strong>carnem</strong></span> <span class='ocrx_word' id='word_1_460' title='bbox 2973 3033 3134 3072; x_wconf 87' lang='lat' dir='ltr'><strong>unam</strong></span> <span class='ocrx_word' id='word_1_461' title='bbox 3159 3020 3199 3082; x_wconf 84' lang='lat'><strong>&#39;,</strong></span> <span class='ocrx_word' id='word_1_462' title='bbox 3260 3024 3587 3080; x_wconf 87' lang='lat' dir='ltr'><strong>vocabulum</strong></span> 
     </span>
    </p>
   </div>
   <div class='ocr_carea' id='block_1_61' title="bbox 1997 3105 2435 3160">
    <p class='ocr_par' dir='ltr' id='par_1_61' title="bbox 1997 3105 2435 3160">
     <span class='ocr_line' id='line_1_61' title="bbox 1997 3105 2435 3160; baseline 0 -3"><span class='ocrx_word' id='word_1_463' title='bbox 1997 3106 2154 3158; x_wconf 72' lang='lat' dir='ltr'><strong>uxori</strong></span> <span class='ocrx_word' id='word_1_464' title='bbox 2189 3105 2435 3160; x_wconf 88' lang='lat' dir='ltr'><strong>sustulit.</strong></span> 
     </span>
    </p>
   </div>
   <div class='ocr_carea' id='block_1_62' title="bbox 2067 3174 3587 3266">
    <p class='ocr_par' dir='ltr' id='par_1_62' title="bbox 2067 3174 3587 3266">
     <span class='ocr_line' id='line_1_62' title="bbox 2067 3174 3587 3266; baseline 0.006 -18"><span class='ocrx_word' id='word_1_465' title='bbox 2067 3194 2250 3251; x_wconf 80' lang='lat' dir='ltr'><strong>Refut.</strong></span> <span class='ocrx_word' id='word_1_466' title='bbox 2269 3197 2302 3251; x_wconf 80' lang='grc'>5</span> <span class='ocrx_word' id='word_1_467' title='bbox 2317 3203 2371 3252; x_wconf 91' lang='lat' dir='ltr'><strong>et</strong></span> <span class='ocrx_word' id='word_1_468' title='bbox 2395 3195 2485 3251; x_wconf 76' lang='lat'><strong>38.</strong></span> <span class='ocrx_word' id='word_1_469' title='bbox 2507 3194 2895 3266; x_wconf 86' lang='lat' dir='ltr'><strong>Saepenumero</strong></span> <span class='ocrx_word' id='word_1_470' title='bbox 2923 3199 3234 3266; x_wconf 88' lang='lat' dir='ltr'><strong>docuimus,</strong></span> <span class='ocrx_word' id='word_1_471' title='bbox 3251 3200 3392 3256; x_wconf 90' lang='lat' dir='ltr'><strong>haud</strong></span> <span class='ocrx_word' id='word_1_472' title='bbox 3410 3174 3587 3259; x_wconf 81' lang='lat' dir='ltr'><strong>aliena</strong></span> 
     </span>
    </p>
   </div>
   <div class='ocr_carea' id='block_1_63' title="bbox 310 3274 1892 3362">
    <p class='ocr_par' dir='ltr' id='par_1_63' title="bbox 310 3288 1892 3362">
     <span class='ocr_line' id='line_1_63' title="bbox 310 3288 1892 3362; baseline 0.001 -20"><span class='ocrx_word' id='word_1_473' title='bbox 310 3307 438 3361; x_wconf 86' lang='grc' dir='ltr'>τρια</span> <span class='ocrx_word' id='word_1_474' title='bbox 473 3288 611 3344; x_wconf 75' lang='grc' dir='ltr'>εἶναι</span> <span class='ocrx_word' id='word_1_475' title='bbox 644 3292 714 3346; x_wconf 89' lang='grc' dir='ltr'><strong>τά</strong></span> <span class='ocrx_word' id='word_1_476' title='bbox 753 3293 810 3345; x_wconf 85' lang='grc' dir='ltr'><strong>ἐν</strong></span> <span class='ocrx_word' id='word_1_477' title='bbox 837 3291 916 3362; x_wconf 84' lang='grc' dir='ltr'>τῷ</span> <span class='ocrx_word' id='word_1_478' title='bbox 961 3291 1112 3362; x_wconf 85' lang='grc' dir='ltr'>νόμῳ</span> <span class='ocrx_word' id='word_1_479' title='bbox 1153 3294 1269 3354; x_wconf 89' lang='grc' dir='ltr'>τοῖς</span> <span class='ocrx_word' id='word_1_480' title='bbox 1297 3291 1406 3346; x_wconf 89' lang='grc' dir='ltr'><strong>ἀπὸ</strong></span> <span class='ocrx_word' id='word_1_481' title='bbox 1431 3291 1531 3344; x_wconf 81' lang='grc' dir='ltr'>’τοῦ</span> <span class='ocrx_word' id='word_1_482' title='bbox 1575 3290 1892 3344; x_wconf 83' lang='grc' dir='ltr'>Ἀποστόλου</span> 
     </span>
    </p>
   </div>
   <div class='ocr_carea' id='block_1_64' title="bbox 2007 3274 3590 3362">
    <p class='ocr_par' dir='ltr' id='par_1_64' title="bbox 2007 3286 3590 3361">
     <span class='ocr_line' id='line_1_64' title="bbox 2007 3286 3590 3361; baseline 0.004 -17"><span class='ocrx_word' id='word_1_483' title='bbox 2007 3303 2122 3344; x_wconf 84' lang='lat' dir='ltr'><strong>esse</strong></span> <span class='ocrx_word' id='word_1_484' title='bbox 2155 3302 2277 3357; x_wconf 61' lang='lat' dir='ltr'><strong>quae</strong></span> <span class='ocrx_word' id='word_1_485' title='bbox 2317 3287 2372 3341; x_wconf 91' lang='lat' dir='ltr'><strong>in</strong></span> <span class='ocrx_word' id='word_1_486' title='bbox 2418 3286 2532 3357; x_wconf 87' lang='lat' dir='ltr'><strong>lege</strong></span> <span class='ocrx_word' id='word_1_487' title='bbox 2581 3294 2713 3342; x_wconf 88' lang='lat' dir='ltr'><strong>sunt</strong></span> <span class='ocrx_word' id='word_1_488' title='bbox 2749 3287 2911 3359; x_wconf 81' lang='lat'><strong>373</strong></span> <span class='ocrx_word' id='word_1_489' title='bbox 2942 3288 3011 3343; x_wconf 89' lang='lat' dir='ltr'><strong>ab</strong></span> <span class='ocrx_word' id='word_1_490' title='bbox 3043 3289 3111 3345; x_wconf 89' lang='lat' dir='ltr'><strong>iis</strong></span> <span class='ocrx_word' id='word_1_491' title='bbox 3143 3306 3264 3360; x_wconf 75' lang='lat' dir='ltr'><strong>qua:</strong></span> <span class='ocrx_word' id='word_1_492' title='bbox 3292 3291 3590 3361; x_wconf 85' lang='lat' dir='ltr'><strong>Apostolus</strong></span> 
     </span>
    </p>
   </div>
   <div class='ocr_carea' id='block_1_65' title="bbox 311 3373 1901 3451">
    <p class='ocr_par' dir='ltr' id='par_1_65' title="bbox 311 3373 1901 3451">
     <span class='ocr_line' id='line_1_65' title="bbox 311 3373 1901 3451; baseline -0.001 -19"><span class='ocrx_word' id='word_1_493' title='bbox 311 3379 747 3450; x_wconf 81' lang='grc' dir='ltr'>διδασκομένοις·</span> <span class='ocrx_word' id='word_1_494' title='bbox 801 3379 904 3433; x_wconf 81' lang='grc' dir='ltr'><strong>κάν</strong></span> <span class='ocrx_word' id='word_1_495' title='bbox 933 3397 995 3432; x_wconf 89' lang='grc' dir='ltr'><strong>τε</strong></span> <span class='ocrx_word' id='word_1_496' title='bbox 1029 3380 1116 3444; x_wconf 82' lang='grc' dir='ltr'><strong>σὺ,</strong></span> <span class='ocrx_word' id='word_1_497' title='bbox 1164 3373 1209 3433; x_wconf 81' lang='grc' dir='ltr'><strong>ὦ</strong></span> <span class='ocrx_word' id='word_1_498' title='bbox 1241 3379 1528 3451; x_wconf 88' lang='grc' dir='ltr'>Μαρκίων,</span> <span class='ocrx_word' id='word_1_499' title='bbox 1577 3376 1901 3448; x_wconf 76' lang='grc' dir='ltr'>παρακόψῃς</span> 
     </span>
    </p>
   </div>
   <div class='ocr_carea' id='block_1_66' title="bbox 271 3469 1898 3542">
    <p class='ocr_par' dir='ltr' id='par_1_66' title="bbox 271 3469 1898 3542">
     <span class='ocr_line' id='line_1_66' title="bbox 271 3469 1898 3542; baseline -0.001 -17"><span class='ocrx_word' id='word_1_500' title='bbox 271 3503 279 3510; x_wconf 90' lang='lat'><strong>-</strong></span> <span class='ocrx_word' id='word_1_501' title='bbox 310 3471 392 3538; x_wconf 80' lang='grc' dir='ltr'><strong>τὸ,</strong></span> <span class='ocrx_word' id='word_1_502' title='bbox 418 3474 677 3542; x_wconf 66' lang='grc' dir='ltr'>γυναικί.</span> <span class='ocrx_word' id='word_1_503' title='bbox 709 3471 839 3526; x_wconf 79' lang='grc' dir='ltr'><strong>Ἀπὸ</strong></span> <span class='ocrx_word' id='word_1_504' title='bbox 866 3471 960 3526; x_wconf 81' lang='grc' dir='ltr'>τοῦ</span> <span class='ocrx_word' id='word_1_505' title='bbox 984 3471 1114 3542; x_wconf 83' lang='grc' dir='ltr'>γὰρ,</span> <span class='ocrx_word' id='word_1_506' title='bbox 1135 3472 1380 3526; x_wconf 74' lang='grc' dir='ltr'>ἔσονται</span> <span class='ocrx_word' id='word_1_507' title='bbox 1408 3475 1494 3537; x_wconf 79' lang='grc' dir='ltr'>εἰς</span> <span class='ocrx_word' id='word_1_508' title='bbox 1520 3469 1717 3541; x_wconf 83' lang='grc' dir='ltr'>σάρκα</span> <span class='ocrx_word' id='word_1_509' title='bbox 1731 3471 1898 3540; x_wconf 76' lang='grc' dir='ltr'>μίαν,</span> 
     </span>
    </p>
   </div>
   <div class='ocr_carea' id='block_1_67' title="bbox 309 3562 1338 3636">
    <p class='ocr_par' dir='ltr' id='par_1_67' title="bbox 309 3562 1338 3636">
     <span class='ocr_line' id='line_1_67' title="bbox 309 3562 1338 3636; baseline 0.001 -20"><span class='ocrx_word' id='word_1_510' title='bbox 309 3562 442 3634; x_wconf 80' lang='grc' dir='ltr'>δήλη</span> <span class='ocrx_word' id='word_1_511' title='bbox 471 3581 562 3616; x_wconf 92' lang='grc' dir='ltr'><strong>σου</strong></span> <span class='ocrx_word' id='word_1_512' title='bbox 591 3565 741 3618; x_wconf 76' lang='grc' dir='ltr'>ἔσται</span> <span class='ocrx_word' id='word_1_513' title='bbox 765 3566 798 3634; x_wconf 88' lang='grc' dir='ltr'>ὴ</span> <span class='ocrx_word' id='word_1_514' title='bbox 827 3565 975 3616; x_wconf 78' lang='grc' dir='ltr'>πᾶσα</span> <span class='ocrx_word' id='word_1_515' title='bbox 1003 3563 1338 3636; x_wconf 80' lang='grc' dir='ltr'>ρᾳδιουργία.</span> 
     </span>
    </p>
   </div>
   <div class='ocr_carea' id='block_1_68' title="bbox 317 3658 1900 3747">
    <p class='ocr_par' dir='ltr' id='par_1_68' title="bbox 317 3658 1900 3747">
     <span class='ocr_line' id='line_1_68' title="bbox 317 3658 1900 3747; baseline -0.003 -15"><span class='ocrx_word' id='word_1_516' title='bbox 317 3675 431 3745; x_wconf 84' lang='grc' dir='ltr'><strong>Τῆς</strong></span> <span class='ocrx_word' id='word_1_517' title='bbox 466 3678 616 3746; x_wconf 79' lang='grc' dir='ltr'>πρὸς</span> <span class='ocrx_word' id='word_1_518' title='bbox 656 3658 994 3747; x_wconf 78' lang='grc' dir='ltr'>Κολοσσεῗς</span> <span class='ocrx_word' id='word_1_519' title='bbox 1035 3676 1253 3747; x_wconf 81' lang='grc' dir='ltr'>όγδόης</span> <span class='ocrx_word' id='word_1_520' title='bbox 1281 3676 1439 3745; x_wconf 83' lang='grc' dir='ltr'>παρὰ</span> <span class='ocrx_word' id='word_1_521' title='bbox 1475 3676 1554 3741; x_wconf 86' lang='grc' dir='ltr'>τῷ</span> <span class='ocrx_word' id='word_1_522' title='bbox 1583 3675 1900 3747; x_wconf 79' lang='grc' dir='ltr'>Μαρκίωνι</span> 
     </span>
    </p>
   </div>
   <div class='ocr_carea' id='block_1_69' title="bbox 383 3746 1900 3818">
    <p class='ocr_par' dir='ltr' id='par_1_69' title="bbox 383 3746 1900 3818">
     <span class='ocr_line' id='line_1_69' title="bbox 383 3746 1900 3818; baseline -0.003 -16"><span class='ocrx_word' id='word_1_523' title='bbox 383 3748 681 3818; x_wconf 80' lang='grc' dir='ltr'>κειμένης,</span> <span class='ocrx_word' id='word_1_524' title='bbox 713 3747 874 3816; x_wconf 84' lang='grc' dir='ltr'>παρὰ</span> <span class='ocrx_word' id='word_1_525' title='bbox 910 3746 980 3800; x_wconf 77' lang='grc' dir='ltr'>δὲ</span> <span class='ocrx_word' id='word_1_526' title='bbox 1001 3746 1087 3813; x_wconf 81' lang='grc' dir='ltr'>τῷ</span> <span class='ocrx_word' id='word_1_527' title='bbox 1137 3747 1475 3810; x_wconf 77' lang='grc' dir='ltr'>Ἀποστόλῳ</span> <span class='ocrx_word' id='word_1_528' title='bbox 1499 3746 1755 3816; x_wconf 78' lang='grc' dir='ltr'>ἑϐδόμης</span> <span class='ocrx_word' id='word_1_529' title='bbox 1780 3762 1900 3799; x_wconf 84' lang='grc' dir='ltr'>κει-</span> 
     </span>
    </p>
   </div>
   <div class='ocr_carea' id='block_1_70' title="bbox 380 3819 593 3889">
    <p class='ocr_par' dir='ltr' id='par_1_70' title="bbox 380 3819 593 3889">
     <span class='ocr_line' id='line_1_70' title="bbox 380 3819 593 3889; baseline -0.023 0"><span class='ocrx_word' id='word_1_530' title='bbox 380 3819 593 3889; x_wconf 69' lang='grc' dir='ltr'>μένης.</span> 
     </span>
    </p>
   </div>
   <div class='ocr_carea' id='block_1_71' title="bbox 384 3922 1900 4000">
    <p class='ocr_par' dir='ltr' id='par_1_71' title="bbox 384 3922 1900 4000">
     <span class='ocr_line' id='line_1_71' title="bbox 384 3922 1900 4000; baseline -0.003 -14"><span class='ocrx_word' id='word_1_531' title='bbox 384 3931 434 3986; x_wconf 82' lang='grc' dir='ltr'>α’</span> <span class='ocrx_word' id='word_1_532' title='bbox 467 3930 560 3984; x_wconf 73' lang='grc' dir='ltr'><strong>καὶ</strong></span> <span class='ocrx_word' id='word_1_533' title='bbox 594 3929 670 3982; x_wconf 79' lang='grc' dir='ltr'>λθ¹</span> <span class='ocrx_word' id='word_1_534' title='bbox 726 3929 870 4000; x_wconf 90' lang='grc' dir='ltr'>σχόλ.</span> <span class='ocrx_word' id='word_1_535' title='bbox 909 3926 1009 3996; x_wconf 77' lang='grc' dir='ltr'><strong>Μὴ</strong></span> <span class='ocrx_word' id='word_1_536' title='bbox 1043 3922 1156 3982; x_wconf 83' lang='grc' dir='ltr'>οὖν</span> <span class='ocrx_word' id='word_1_537' title='bbox 1199 3945 1288 3994; x_wconf 89' lang='grc' dir='ltr'><strong>τις</strong></span> <span class='ocrx_word' id='word_1_538' title='bbox 1335 3926 1492 3997; x_wconf 81' lang='grc' dir='ltr'>ὑμᾶς</span> <span class='ocrx_word' id='word_1_539' title='bbox 1535 3926 1780 3996; x_wconf 79' lang='grc' dir='ltr'>κρινέτω</span> <span class='ocrx_word' id='word_1_540' title='bbox 1830 3928 1900 3981; x_wconf 84' lang='grc' dir='ltr'>ἐν</span> 
     </span>
    </p>
   </div>
   <div class='ocr_carea' id='block_1_72' title="bbox 312 4018 1899 4090">
    <p class='ocr_par' dir='ltr' id='par_1_72' title="bbox 312 4018 1899 4090">
     <span class='ocr_line' id='line_1_72' title="bbox 312 4018 1899 4090; baseline -0.003 -14"><span class='ocrx_word' id='word_1_541' title='bbox 312 4021 556 4090; x_wconf 83' lang='grc' dir='ltr'>βρώσει,</span> <span class='ocrx_word' id='word_1_542' title='bbox 587 4021 625 4090; x_wconf 77' lang='grc' dir='ltr'>ἢ</span> <span class='ocrx_word' id='word_1_543' title='bbox 655 4021 725 4075; x_wconf 86' lang='grc' dir='ltr'>ἐν</span> <span class='ocrx_word' id='word_1_544' title='bbox 759 4023 960 4087; x_wconf 84' lang='grc' dir='ltr'>πόσει,</span> <span class='ocrx_word' id='word_1_545' title='bbox 993 4020 1032 4090; x_wconf 79' lang='grc' dir='ltr'>ἢ</span> <span class='ocrx_word' id='word_1_546' title='bbox 1078 4021 1147 4074; x_wconf 83' lang='grc' dir='ltr'>ἐν</span> <span class='ocrx_word' id='word_1_547' title='bbox 1175 4018 1371 4088; x_wconf 79' lang='grc' dir='ltr'>ἑορτῇ,</span> <span class='ocrx_word' id='word_1_548' title='bbox 1420 4018 1458 4088; x_wconf 79' lang='grc' dir='ltr'><strong>ἢ</strong></span> <span class='ocrx_word' id='word_1_549' title='bbox 1504 4019 1574 4072; x_wconf 84' lang='grc' dir='ltr'>ἐν</span> <span class='ocrx_word' id='word_1_550' title='bbox 1613 4020 1899 4089; x_wconf 78' lang='grc' dir='ltr'>νεομηνία</span> 
     </span>
    </p>
   </div>
   <div class='ocr_carea' id='block_1_73' title="bbox 315 4109 1700 4180">
    <p class='ocr_par' dir='ltr' id='par_1_73' title="bbox 315 4109 1700 4180">
     <span class='ocr_line' id='line_1_73' title="bbox 315 4109 1700 4180; baseline -0.002 -13"><span class='ocrx_word' id='word_1_551' title='bbox 315 4113 411 4167; x_wconf 79' lang='grc' dir='ltr'>καὶ</span> <span class='ocrx_word' id='word_1_552' title='bbox 447 4112 742 4177; x_wconf 79' lang='grc' dir='ltr'>Σαϐϐάτῳ,</span> <span class='ocrx_word' id='word_1_553' title='bbox 775 4112 808 4165; x_wconf 83' lang='grc' dir='ltr'><em>ὅ</em></span> <span class='ocrx_word' id='word_1_554' title='bbox 836 4112 969 4166; x_wconf 85' lang='grc' dir='ltr'>ἐστι</span> <span class='ocrx_word' id='word_1_555' title='bbox 996 4110 1142 4165; x_wconf 79' lang='grc' dir='ltr'>σκιὰ</span> <span class='ocrx_word' id='word_1_556' title='bbox 1178 4109 1297 4165; x_wconf 86' lang='grc' dir='ltr'><strong>τῶν</strong></span> <span class='ocrx_word' id='word_1_557' title='bbox 1330 4112 1700 4180; x_wconf 74' lang='grc' dir='ltr'>μελλόντων.</span> 
     </span>
    </p>
   </div>
   <div class='ocr_carea' id='block_1_74' title="bbox 387 4194 1899 4275">
    <p class='ocr_par' dir='ltr' id='par_1_74' title="bbox 387 4194 1899 4275">
     <span class='ocr_line' id='line_1_74' title="bbox 387 4194 1899 4275; baseline -0.001 -17"><span class='ocrx_word' id='word_1_558' title='bbox 387 4211 435 4258; x_wconf 86' lang='grc' dir='ltr'>α’</span> <span class='ocrx_word' id='word_1_559' title='bbox 479 4205 574 4257; x_wconf 77' lang='grc' dir='ltr'><strong>καὶ</strong></span> <span class='ocrx_word' id='word_1_560' title='bbox 606 4204 683 4258; x_wconf 78' lang='grc' dir='ltr'>λθ¹</span> <span class='ocrx_word' id='word_1_561' title='bbox 715 4203 896 4275; x_wconf 79' lang='grc' dir='ltr'>ἔλεγχ.</span> <span class='ocrx_word' id='word_1_562' title='bbox 951 4202 1263 4273; x_wconf 85' lang='grc' dir='ltr'>Οὐδαμόθεν</span> <span class='ocrx_word' id='word_1_563' title='bbox 1303 4201 1600 4256; x_wconf 84' lang='grc' dir='ltr'>ὑποπίπτει</span> <span class='ocrx_word' id='word_1_564' title='bbox 1660 4201 1808 4266; x_wconf 85' lang='grc' dir='ltr'>σκιὰ,</span> <span class='ocrx_word' id='word_1_565' title='bbox 1854 4194 1899 4256; x_wconf 84' lang='grc' dir='ltr'>ὧ</span> 
     </span>
    </p>
   </div>
   <div class='ocr_carea' id='block_1_75' title="bbox 315 4293 1901 4368">
    <p class='ocr_par' dir='ltr' id='par_1_75' title="bbox 315 4293 1901 4368">
     <span class='ocr_line' id='line_1_75' title="bbox 315 4293 1901 4368; baseline -0.003 -18"><span class='ocrx_word' id='word_1_566' title='bbox 315 4295 599 4368; x_wconf 82' lang='grc' dir='ltr'>Μαρκίων,</span> <span class='ocrx_word' id='word_1_567' title='bbox 646 4297 761 4350; x_wconf 85' lang='grc' dir='ltr'>ἀλλ’</span> <span class='ocrx_word' id='word_1_568' title='bbox 793 4297 829 4365; x_wconf 79' lang='grc' dir='ltr'><strong>ἢ</strong></span> <span class='ocrx_word' id='word_1_569' title='bbox 867 4295 976 4349; x_wconf 82' lang='grc' dir='ltr'>ἀπὸ</span> <span class='ocrx_word' id='word_1_570' title='bbox 1005 4295 1290 4366; x_wconf 86' lang='grc' dir='ltr'>σώματος·</span> <span class='ocrx_word' id='word_1_571' title='bbox 1337 4294 1434 4349; x_wconf 74' lang='grc' dir='ltr'>καὶ</span> <span class='ocrx_word' id='word_1_572' title='bbox 1465 4294 1624 4365; x_wconf 80' lang='grc' dir='ltr'>σῶμα</span> <span class='ocrx_word' id='word_1_573' title='bbox 1655 4294 1715 4347; x_wconf 89' lang='grc' dir='ltr'><strong>οὑ</strong></span> <span class='ocrx_word' id='word_1_574' title='bbox 1743 4293 1901 4347; x_wconf 86' lang='grc' dir='ltr'>δύνα-</span> 
     </span>
    </p>
   </div>
   <div class='ocr_carea' id='block_1_76' title="bbox 313 4385 1899 4457">
    <p class='ocr_par' dir='ltr' id='par_1_76' title="bbox 313 4385 1899 4457">
     <span class='ocr_line' id='line_1_76' title="bbox 313 4385 1899 4457; baseline -0.003 -16"><span class='ocrx_word' id='word_1_575' title='bbox 313 4405 406 4441; x_wconf 90' lang='grc' dir='ltr'><strong>ται</strong></span> <span class='ocrx_word' id='word_1_576' title='bbox 452 4386 611 4451; x_wconf 79' lang='grc' dir='ltr'>εἷναι,</span> <span class='ocrx_word' id='word_1_577' title='bbox 664 4388 824 4452; x_wconf 83' lang='grc' dir='ltr'>σκιᾶς</span> <span class='ocrx_word' id='word_1_578' title='bbox 870 4387 964 4440; x_wconf 85' lang='grc' dir='ltr'>ἀπ’</span> <span class='ocrx_word' id='word_1_579' title='bbox 1001 4385 1167 4440; x_wconf 78' lang='grc' dir='ltr'>αὑτοῦ</span> <span class='ocrx_word' id='word_1_580' title='bbox 1219 4385 1294 4457; x_wconf 81' lang='grc' dir='ltr'>μὴ</span> <span class='ocrx_word' id='word_1_581' title='bbox 1338 4386 1690 4456; x_wconf 81' lang='grc' dir='ltr'>φαινομένης.</span> <span class='ocrx_word' id='word_1_582' title='bbox 1738 4385 1899 4440; x_wconf 86' lang='grc' dir='ltr'>Ὅθεν</span> 
     </span>
    </p>
   </div>
   <div class='ocr_carea' id='block_1_77' title="bbox 300 4474 1899 4549">
    <p class='ocr_par' dir='ltr' id='par_1_77' title="bbox 300 4474 1899 4549">
     <span class='ocr_line' id='line_1_77' title="bbox 300 4474 1899 4549; baseline -0.004 -17"><span class='ocrx_word' id='word_1_583' title='bbox 300 4479 605 4549; x_wconf 60' lang='grc' dir='ltr'>πεισθῆναι</span> <span class='ocrx_word' id='word_1_584' title='bbox 632 4477 937 4548; x_wconf 77' lang='grc' dir='ltr'>ὀφείλουσιν</span> <span class='ocrx_word' id='word_1_585' title='bbox 966 4477 1014 4530; x_wconf 81' lang='grc' dir='ltr'>οἱ</span> <span class='ocrx_word' id='word_1_586' title='bbox 1045 4476 1155 4530; x_wconf 84' lang='grc' dir='ltr'><strong>ἀπὸ</strong></span> <span class='ocrx_word' id='word_1_587' title='bbox 1181 4474 1275 4528; x_wconf 83' lang='grc' dir='ltr'>σοῦ</span> <span class='ocrx_word' id='word_1_588' title='bbox 1303 4475 1646 4546; x_wconf 75' lang='grc' dir='ltr'>ἠπατημένοι</span> <span class='ocrx_word' id='word_1_589' title='bbox 1677 4474 1764 4529; x_wconf 78' lang='grc' dir='ltr'>διὰ</span> <span class='ocrx_word' id='word_1_590' title='bbox 1791 4474 1899 4530; x_wconf 74' lang='grc' dir='ltr'><strong>τῶν</strong></span> 
     </span>
    </p>
   </div>
   <div class='ocr_carea' id='block_1_78' title="bbox 313 4565 1897 4642">
    <p class='ocr_par' dir='ltr' id='par_1_78' title="bbox 313 4565 1897 4642">
     <span class='ocr_line' id='line_1_78' title="bbox 313 4565 1897 4642; baseline -0.003 -19"><span class='ocrx_word' id='word_1_591' title='bbox 313 4570 396 4623; x_wconf 78' lang='grc' dir='ltr'>ἐτι</span> <span class='ocrx_word' id='word_1_592' title='bbox 424 4570 575 4642; x_wconf 87' lang='grc' dir='ltr'><strong>παρά</strong></span> <span class='ocrx_word' id='word_1_593' title='bbox 601 4568 695 4622; x_wconf 79' lang='grc' dir='ltr'>σοῦ</span> <span class='ocrx_word' id='word_1_594' title='bbox 737 4567 1280 4639; x_wconf 82' lang='grc' dir='ltr'>φυλαττομένωντῆς</span> <span class='ocrx_word' id='word_1_595' title='bbox 1307 4566 1565 4638; x_wconf 77' lang='grc' dir='ltr'>ἀληθείας</span> <span class='ocrx_word' id='word_1_596' title='bbox 1604 4566 1714 4620; x_wconf 88' lang='grc' dir='ltr'><strong>τῶν</strong></span> <span class='ocrx_word' id='word_1_597' title='bbox 1737 4565 1897 4620; x_wconf 86' lang='grc' dir='ltr'>θείων</span> 
     </span>
    </p>
   </div>
   <div class='ocr_carea' id='block_1_79' title="bbox 2007 3378 3586 3454">
    <p class='ocr_par' dir='ltr' id='par_1_79' title="bbox 2007 3378 3586 3454">
     <span class='ocr_line' id='line_1_79' title="bbox 2007 3378 3586 3454; baseline 0.003 -20"><span class='ocrx_word' id='word_1_598' title='bbox 2007 3380 2256 3445; x_wconf 88' lang='lat' dir='ltr'><strong>tradidit;</strong></span> <span class='ocrx_word' id='word_1_599' title='bbox 2292 3379 2430 3443; x_wconf 90' lang='lat' dir='ltr'><strong>etsi,</strong></span> <span class='ocrx_word' id='word_1_600' title='bbox 2487 3378 2714 3446; x_wconf 82' lang='lat' dir='ltr'><strong>Marcio,</strong></span> <span class='ocrx_word' id='word_1_601' title='bbox 2756 3395 2954 3435; x_wconf 89' lang='lat' dir='ltr'><strong>nomen</strong></span> <span class='ocrx_word' id='word_1_602' title='bbox 3005 3384 3192 3436; x_wconf 78' lang='lat' dir='ltr'><strong>uxoris</strong></span> <span class='ocrx_word' id='word_1_603' title='bbox 3232 3386 3586 3454; x_wconf 78' lang='lat' dir='ltr'><strong>expunxeris.</strong></span> 
     </span>
    </p>
   </div>
   <div class='ocr_carea' id='block_1_80' title="bbox 2002 3471 3586 3542">
    <p class='ocr_par' dir='ltr' id='par_1_80' title="bbox 2002 3471 3586 3542">
     <span class='ocr_line' id='line_1_80' title="bbox 2002 3471 3586 3542; baseline 0.003 -15"><span class='ocrx_word' id='word_1_604' title='bbox 2002 3473 2218 3529; x_wconf 87' lang='lat' dir='ltr'><strong>Etenim</strong></span> <span class='ocrx_word' id='word_1_605' title='bbox 2265 3472 2356 3526; x_wconf 91' lang='lat' dir='ltr'><strong>illa</strong></span> <span class='ocrx_word' id='word_1_606' title='bbox 2412 3474 2531 3541; x_wconf 91' lang='lat' dir='ltr'><strong>ipsa</strong></span> <span class='ocrx_word' id='word_1_607' title='bbox 2574 3471 2776 3538; x_wconf 85' lang='lat' dir='ltr'><strong>verba,</strong></span> <span class='ocrx_word' id='word_1_608' title='bbox 2825 3482 2978 3527; x_wconf 84' lang='lat' dir='ltr'><strong>erant</strong></span> <span class='ocrx_word' id='word_1_609' title='bbox 3030 3475 3085 3528; x_wconf 86' lang='lat' dir='ltr'><strong>in</strong></span> <span class='ocrx_word' id='word_1_610' title='bbox 3140 3490 3353 3530; x_wconf 80' lang='lat' dir='ltr'><strong>carnem</strong></span> <span class='ocrx_word' id='word_1_611' title='bbox 3392 3493 3586 3542; x_wconf 85' lang='lat' dir='ltr'><strong>unam,</strong></span> 
     </span>
    </p>
   </div>
   <div class='ocr_carea' id='block_1_81' title="bbox 2004 3563 3223 3637">
    <p class='ocr_par' dir='ltr' id='par_1_81' title="bbox 2004 3563 3223 3637">
     <span class='ocr_line' id='line_1_81' title="bbox 2004 3563 3223 3637; baseline 0.004 -19"><span class='ocrx_word' id='word_1_612' title='bbox 2004 3563 2248 3619; x_wconf 77' lang='lat' dir='ltr'><strong>fraudem</strong></span> <span class='ocrx_word' id='word_1_613' title='bbox 2285 3571 2431 3618; x_wconf 89' lang='lat' dir='ltr'><strong>tuam</strong></span> <span class='ocrx_word' id='word_1_614' title='bbox 2465 3563 2602 3620; x_wconf 88' lang='lat' dir='ltr'><strong>satis</strong></span> <span class='ocrx_word' id='word_1_615' title='bbox 2634 3579 2908 3635; x_wconf 91' lang='lat' dir='ltr'><strong>superque</strong></span> <span class='ocrx_word' id='word_1_616' title='bbox 2937 3564 3223 3637; x_wconf 75' lang='lat' dir='ltr'><strong>detegunt.</strong></span> 
     </span>
    </p>
   </div>
   <div class='ocr_carea' id='block_1_82' title="bbox 2008 3674 3590 3746">
    <p class='ocr_par' dir='ltr' id='par_1_82' title="bbox 2008 3674 3590 3746">
     <span class='ocr_line' id='line_1_82' title="bbox 2008 3674 3590 3746; baseline 0.003 -16"><span class='ocrx_word' id='word_1_617' title='bbox 2008 3676 2088 3730; x_wconf 81' lang='lat' dir='ltr'><strong>Ea:</strong></span> <span class='ocrx_word' id='word_1_618' title='bbox 2124 3675 2367 3746; x_wconf 79' lang='lat' dir='ltr'><strong>Epistula</strong></span> <span class='ocrx_word' id='word_1_619' title='bbox 2403 3677 2471 3730; x_wconf 84' lang='lat' dir='ltr'><strong>ad</strong></span> <span class='ocrx_word' id='word_1_620' title='bbox 2508 3674 2866 3733; x_wconf 78' lang='lat' dir='ltr'><strong>Colossenses.</strong></span> <span class='ocrx_word' id='word_1_621' title='bbox 2908 3693 3068 3746; x_wconf 88' lang='lat' dir='ltr'><strong>quam</strong></span> <span class='ocrx_word' id='word_1_622' title='bbox 3099 3688 3337 3734; x_wconf 83' lang='lat' dir='ltr'><strong>octavam</strong></span> <span class='ocrx_word' id='word_1_623' title='bbox 3381 3679 3590 3736; x_wconf 79' lang='lat' dir='ltr'><strong>Marcio</strong></span> 
     </span>
    </p>
   </div>
   <div class='ocr_carea' id='block_1_83' title="bbox 2351 3747 3246 3834">
    <p class='ocr_par' dir='ltr' id='par_1_83' title="bbox 2351 3747 3246 3834">
     <span class='ocr_line' id='line_1_83' title="bbox 2351 3747 3246 3834; baseline 0.003 -37"><span class='ocrx_word' id='word_1_624' title='bbox 2351 3747 2597 3811; x_wconf 76' lang='lat' dir='ltr'><strong>collocat,</strong></span> <span class='ocrx_word' id='word_1_625' title='bbox 2627 3747 2912 3816; x_wconf 76' lang='lat' dir='ltr'><strong>Apostolus</strong></span> <span class='ocrx_word' id='word_1_626' title='bbox 2949 3764 3069 3802; x_wconf 85' lang='lat' dir='ltr'><strong>vero</strong></span> <span class='ocrx_word' id='word_1_627' title='bbox 3112 3747 3246 3834; x_wconf 49' lang='lat' dir='ltr'><strong>VII.</strong></span> 
     </span>
    </p>
   </div>
   <div class='ocr_carea' id='block_1_84' title="bbox 2076 3920 3585 3994">
    <p class='ocr_par' dir='ltr' id='par_1_84' title="bbox 2076 3920 3585 3994">
     <span class='ocr_line' id='line_1_84' title="bbox 2076 3920 3585 3994; baseline 0.004 -18"><span class='ocrx_word' id='word_1_628' title='bbox 2076 3920 2262 3977; x_wconf 89' lang='lat' dir='ltr'><strong>Schol.</strong></span> <span class='ocrx_word' id='word_1_629' title='bbox 2305 3922 2330 3976; x_wconf 78' lang='grc'><strong>1</strong></span> <span class='ocrx_word' id='word_1_630' title='bbox 2366 3930 2421 3977; x_wconf 85' lang='lat' dir='ltr'><strong>et</strong></span> <span class='ocrx_word' id='word_1_631' title='bbox 2462 3922 2551 3978; x_wconf 76' lang='lat'><strong>&#39;59.</strong></span> <span class='ocrx_word' id='word_1_632' title='bbox 2593 3921 2765 3978; x_wconf 78' lang='lat' dir='ltr'><strong>Nemo</strong></span> <span class='ocrx_word' id='word_1_633' title='bbox 2809 3940 2932 3994; x_wconf 87' lang='lat' dir='ltr'><strong>ergo</strong></span> <span class='ocrx_word' id='word_1_634' title='bbox 2985 3941 3072 3980; x_wconf 81' lang='lat' dir='ltr'><strong>vos</strong></span> <span class='ocrx_word' id='word_1_635' title='bbox 3119 3927 3325 3994; x_wconf 84' lang='lat' dir='ltr'><strong>judicet</strong></span> <span class='ocrx_word' id='word_1_636' title='bbox 3360 3929 3414 3982; x_wconf 85' lang='lat' dir='ltr'><strong>in</strong></span> <span class='ocrx_word' id='word_1_637' title='bbox 3447 3929 3585 3990; x_wconf 79' lang='lat' dir='ltr'><strong>cibo,</strong></span> 
     </span>
    </p>
   </div>
   <div class='ocr_carea' id='block_1_85' title="bbox 2002 4014 3589 4086">
    <p class='ocr_par' dir='ltr' id='par_1_85' title="bbox 2002 4014 3589 4086">
     <span class='ocr_line' id='line_1_85' title="bbox 2002 4014 3589 4086; baseline 0.004 -19"><span class='ocrx_word' id='word_1_638' title='bbox 2002 4021 2094 4067; x_wconf 83' lang='lat' dir='ltr'><strong>aut</strong></span> <span class='ocrx_word' id='word_1_639' title='bbox 2117 4014 2171 4067; x_wconf 85' lang='lat' dir='ltr'><strong>in</strong></span> <span class='ocrx_word' id='word_1_640' title='bbox 2197 4023 2347 4081; x_wconf 86' lang='lat' dir='ltr'><strong>potu,</strong></span> <span class='ocrx_word' id='word_1_641' title='bbox 2393 4023 2486 4068; x_wconf 87' lang='lat' dir='ltr'><strong>aut</strong></span> <span class='ocrx_word' id='word_1_642' title='bbox 2517 4015 2569 4068; x_wconf 83' lang='lat' dir='ltr'><strong>in</strong></span> <span class='ocrx_word' id='word_1_643' title='bbox 2601 4014 2756 4084; x_wconf 78' lang='lat' dir='ltr'><strong>festo,</strong></span> <span class='ocrx_word' id='word_1_644' title='bbox 2805 4025 2898 4069; x_wconf 87' lang='lat' dir='ltr'><strong>aut</strong></span> <span class='ocrx_word' id='word_1_645' title='bbox 2933 4018 2989 4070; x_wconf 84' lang='lat' dir='ltr'><strong>in</strong></span> <span class='ocrx_word' id='word_1_646' title='bbox 3025 4015 3337 4086; x_wconf 83' lang='lat' dir='ltr'><strong>Neomem&#39;a,</strong></span> <span class='ocrx_word' id='word_1_647' title='bbox 3365 4027 3417 4073; x_wconf 89' lang='lat' dir='ltr'><strong>et</strong></span> <span class='ocrx_word' id='word_1_648' title='bbox 3451 4018 3589 4074; x_wconf 78' lang='lat' dir='ltr'><strong>Sab-</strong></span> 
     </span>
    </p>
   </div>
   <div class='ocr_carea' id='block_1_86' title="bbox 2003 4103 3014 4175">
    <p class='ocr_par' dir='ltr' id='par_1_86' title="bbox 2003 4103 3014 4175">
     <span class='ocr_line' id='line_1_86' title="bbox 2003 4103 3014 4175; baseline 0.008 -19"><span class='ocrx_word' id='word_1_649' title='bbox 2003 4103 2145 4170; x_wconf 87' lang='lat' dir='ltr'><strong>bato,</strong></span> <span class='ocrx_word' id='word_1_650' title='bbox 2176 4119 2292 4174; x_wconf 70' lang='lat' dir='ltr'><strong>qua:</strong></span> <span class='ocrx_word' id='word_1_651' title='bbox 2321 4114 2399 4159; x_wconf 78' lang='lat' dir='ltr'><strong>est</strong></span> <span class='ocrx_word' id='word_1_652' title='bbox 2434 4105 2623 4159; x_wconf 84' lang='lat' dir='ltr'><strong>umbra</strong></span> <span class='ocrx_word' id='word_1_653' title='bbox 2650 4106 2954 4175; x_wconf 77' lang='lat' dir='ltr'><strong>futurorum</strong></span> <span class='ocrx_word' id='word_1_654' title='bbox 2974 4110 3014 4166; x_wconf 84' lang='grc'><strong>⁸.</strong></span> 
     </span>
    </p>
   </div>
   <div class='ocr_carea' id='block_1_87' title="bbox 2073 4196 3588 4278">
    <p class='ocr_par' dir='ltr' id='par_1_87' title="bbox 2073 4196 3588 4278">
     <span class='ocr_line' id='line_1_87' title="bbox 2073 4196 3588 4278; baseline 0.009 -28"><span class='ocrx_word' id='word_1_655' title='bbox 2073 4196 2256 4253; x_wconf 83' lang='lat' dir='ltr'><strong>Relut.</strong></span> <span class='ocrx_word' id='word_1_656' title='bbox 2309 4198 2334 4252; x_wconf 82' lang='lat' dir='ltr'><strong>l</strong></span> <span class='ocrx_word' id='word_1_657' title='bbox 2371 4205 2422 4254; x_wconf 91' lang='lat' dir='ltr'><strong>et</strong></span> <span class='ocrx_word' id='word_1_658' title='bbox 2452 4199 2542 4257; x_wconf 86' lang='lat'><strong>‘59.</strong></span> <span class='ocrx_word' id='word_1_659' title='bbox 2584 4199 2769 4271; x_wconf 89' lang='lat' dir='ltr'><strong>Neque</strong></span> <span class='ocrx_word' id='word_1_660' title='bbox 2813 4202 3034 4258; x_wconf 89' lang='lat' dir='ltr'><strong>aliunde</strong></span> <span class='ocrx_word' id='word_1_661' title='bbox 3071 4217 3235 4274; x_wconf 89' lang='lat' dir='ltr'><strong>quam</strong></span> <span class='ocrx_word' id='word_1_662' title='bbox 3278 4220 3309 4259; x_wconf 91' lang='lat' dir='ltr'><strong>a</strong></span> <span class='ocrx_word' id='word_1_663' title='bbox 3355 4219 3588 4278; x_wconf 89' lang='lat' dir='ltr'><strong>corpore</strong></span> 
     </span>
    </p>
   </div>
   <div class='ocr_carea' id='block_1_88' title="bbox 2004 4288 3587 4370">
    <p class='ocr_par' dir='ltr' id='par_1_88' title="bbox 2004 4288 3587 4370">
     <span class='ocr_line' id='line_1_88' title="bbox 2004 4288 3587 4370; baseline 0.007 -26"><span class='ocrx_word' id='word_1_664' title='bbox 2004 4288 2200 4344; x_wconf 82' lang='lat' dir='ltr'><strong>umbra</strong></span> <span class='ocrx_word' id='word_1_665' title='bbox 2235 4290 2544 4362; x_wconf 86' lang='lat' dir='ltr'><strong>spargitur;</strong></span> <span class='ocrx_word' id='word_1_666' title='bbox 2589 4305 2768 4363; x_wconf 86' lang='lat' dir='ltr'><strong>neque</strong></span> <span class='ocrx_word' id='word_1_667' title='bbox 2813 4307 3017 4364; x_wconf 89' lang='lat' dir='ltr'><strong>corpus</strong></span> <span class='ocrx_word' id='word_1_668' title='bbox 3055 4309 3178 4350; x_wconf 89' lang='lat' dir='ltr'><strong>esse</strong></span> <span class='ocrx_word' id='word_1_669' title='bbox 3210 4305 3410 4366; x_wconf 86' lang='lat' dir='ltr'><strong>potest,</strong></span> <span class='ocrx_word' id='word_1_670' title='bbox 3453 4300 3587 4370; x_wconf 91' lang='lat' dir='ltr'><strong>quin</strong></span> 
     </span>
    </p>
   </div>
   <div class='ocr_carea' id='block_1_89' title="bbox 2002 4380 3591 4462">
    <p class='ocr_par' dir='ltr' id='par_1_89' title="bbox 2002 4380 3591 4462">
     <span class='ocr_line' id='line_1_89' title="bbox 2002 4380 3591 4462; baseline 0.007 -24"><span class='ocrx_word' id='word_1_671' title='bbox 2002 4395 2072 4438; x_wconf 71' lang='lat' dir='ltr'><strong>an</strong></span> <span class='ocrx_word' id='word_1_672' title='bbox 2104 4395 2170 4434; x_wconf 89' lang='lat' dir='ltr'><strong>eo</strong></span> <span class='ocrx_word' id='word_1_673' title='bbox 2214 4380 2408 4436; x_wconf 90' lang='lat' dir='ltr'><strong>umbra</strong></span> <span class='ocrx_word' id='word_1_674' title='bbox 2447 4391 2753 4451; x_wconf 89' lang='lat' dir='ltr'><strong>promanet.</strong></span> <span class='ocrx_word' id='word_1_675' title='bbox 2801 4382 3171 4450; x_wconf 83' lang='lat' dir='ltr'><strong>Quamobrem</strong></span> <span class='ocrx_word' id='word_1_676' title='bbox 3205 4402 3270 4442; x_wconf 82' lang='lat' dir='ltr'><strong>ex</strong></span> <span class='ocrx_word' id='word_1_677' title='bbox 3313 4389 3422 4446; x_wconf 90' lang='lat' dir='ltr'><strong>illis</strong></span> <span class='ocrx_word' id='word_1_678' title='bbox 3455 4391 3591 4462; x_wconf 87' lang='lat' dir='ltr'><strong>ipsis</strong></span> 
     </span>
    </p>
   </div>
   <div class='ocr_carea' id='block_1_90' title="bbox 2003 4469 3590 4551">
    <p class='ocr_par' dir='ltr' id='par_1_90' title="bbox 2003 4469 3590 4551">
     <span class='ocr_line' id='line_1_90' title="bbox 2003 4469 3590 4551; baseline 0.009 -29"><span class='ocrx_word' id='word_1_679' title='bbox 2003 4469 2248 4524; x_wconf 78' lang='lat' dir='ltr'><strong>veritatis</strong></span> <span class='ocrx_word' id='word_1_680' title='bbox 2306 4485 2370 4526; x_wconf 89' lang='lat' dir='ltr'><strong>ac</strong></span> <span class='ocrx_word' id='word_1_681' title='bbox 2420 4487 2704 4528; x_wconf 89' lang='lat' dir='ltr'><strong>sacrarum</strong></span> <span class='ocrx_word' id='word_1_682' title='bbox 2750 4471 3084 4530; x_wconf 89' lang='lat' dir='ltr'><strong>Litterarum</strong></span> <span class='ocrx_word' id='word_1_683' title='bbox 3135 4476 3404 4548; x_wconf 83' lang='lat' dir='ltr'><strong>reliquiis,</strong></span> <span class='ocrx_word' id='word_1_684' title='bbox 3449 4495 3590 4551; x_wconf 84' lang='lat' dir='ltr'><strong>quas</strong></span> 
     </span>
    </p>
   </div>
   <div class='ocr_carea' id='block_1_91' title="bbox 2002 4561 3586 4628">
    <p class='ocr_par' dir='ltr' id='par_1_91' title="bbox 2002 4561 3586 4628">
     <span class='ocr_line' id='line_1_91' title="bbox 2002 4561 3586 4628; baseline 0.004 -12"><span class='ocrx_word' id='word_1_685' title='bbox 2002 4561 2148 4618; x_wconf 86' lang='lat' dir='ltr'><strong>anud</strong></span> <span class='ocrx_word' id='word_1_686' title='bbox 2179 4572 2232 4618; x_wconf 90' lang='lat' dir='ltr'><strong>te</strong></span> <span class='ocrx_word' id='word_1_687' title='bbox 2272 4564 2498 4628; x_wconf 89' lang='lat' dir='ltr'><strong>retines,</strong></span> <span class='ocrx_word' id='word_1_688' title='bbox 2543 4563 2758 4620; x_wconf 90' lang='lat' dir='ltr'><strong>discere</strong></span> <span class='ocrx_word' id='word_1_689' title='bbox 2791 4566 3153 4622; x_wconf 88' lang='lat' dir='ltr'><strong>circumventi</strong></span> <span class='ocrx_word' id='word_1_690' title='bbox 3191 4567 3289 4624; x_wconf 87' lang='lat' dir='ltr'><strong>abs</strong></span> <span class='ocrx_word' id='word_1_691' title='bbox 3329 4577 3380 4624; x_wconf 88' lang='lat' dir='ltr'><strong>te</strong></span> <span class='ocrx_word' id='word_1_692' title='bbox 3407 4569 3586 4625; x_wconf 87' lang='lat' dir='ltr'><strong>homi-</strong></span> 
     </span>
    </p>
   </div>
   <div class='ocr_carea' id='block_1_92' title="bbox 311 4652 1892 4736">
    <p class='ocr_par' dir='ltr' id='par_1_92' title="bbox 311 4661 1870 4736">
     <span class='ocr_line' id='line_1_92' title="bbox 311 4661 1870 4736; baseline -0.002 -18"><span class='ocrx_word' id='word_1_693' title='bbox 311 4663 545 4736; x_wconf 87' lang='grc' dir='ltr'>Γραφῶν</span> <span class='ocrx_word' id='word_1_694' title='bbox 583 4662 868 4732; x_wconf 72' lang='grc' dir='ltr'>λειψάνων,</span> <span class='ocrx_word' id='word_1_695' title='bbox 914 4663 1016 4726; x_wconf 85' lang='grc' dir='ltr'>ὃτι,</span> <span class='ocrx_word' id='word_1_696' title='bbox 1073 4661 1372 4732; x_wconf 82' lang='grc' dir='ltr'>μελλόντων</span> <span class='ocrx_word' id='word_1_697' title='bbox 1420 4661 1640 4730; x_wconf 82' lang='grc' dir='ltr'>ἀγαθῶν</span> <span class='ocrx_word' id='word_1_698' title='bbox 1691 4662 1870 4715; x_wconf 81' lang='grc' dir='ltr'>ἀποκα</span> 
     </span>
    </p>
   </div>
   <div class='ocr_carea' id='block_1_93' title="bbox 2007 4652 3583 4736">
    <p class='ocr_par' dir='ltr' id='par_1_93' title="bbox 2007 4653 3583 4729">
     <span class='ocr_line' id='line_1_93' title="bbox 2007 4653 3583 4729; baseline 0.003 -22"><span class='ocrx_word' id='word_1_699' title='bbox 2007 4669 2105 4710; x_wconf 90' lang='lat' dir='ltr'><strong>nes</strong></span> <span class='ocrx_word' id='word_1_700' title='bbox 2130 4653 2354 4722; x_wconf 88' lang='lat' dir='ltr'><strong>debent,</strong></span> <span class='ocrx_word' id='word_1_701' title='bbox 2387 4655 2457 4711; x_wconf 88' lang='lat' dir='ltr'><strong>ab</strong></span> <span class='ocrx_word' id='word_1_702' title='bbox 2489 4655 2558 4710; x_wconf 89' lang='lat' dir='ltr'><strong>iis</strong></span> <span class='ocrx_word' id='word_1_703' title='bbox 2582 4655 2743 4711; x_wconf 89' lang='lat' dir='ltr'><strong>bonis</strong></span> <span class='ocrx_word' id='word_1_704' title='bbox 2773 4673 2894 4727; x_wconf 85' lang='lat' dir='ltr'><strong>quae</strong></span> <span class='ocrx_word' id='word_1_705' title='bbox 2925 4657 3217 4729; x_wconf 82' lang='lat' dir='ltr'><strong>retegenda</strong></span> <span class='ocrx_word' id='word_1_706' title='bbox 3247 4659 3381 4714; x_wconf 91' lang='lat' dir='ltr'><strong>olim</strong></span> <span class='ocrx_word' id='word_1_707' title='bbox 3403 4669 3583 4725; x_wconf 89' lang='lat' dir='ltr'><strong>erant,</strong></span> 
     </span>
    </p>
   </div>
   <div class='ocr_carea' id='block_1_94' title="bbox 311 4747 1897 4825">
    <p class='ocr_par' dir='ltr' id='par_1_94' title="bbox 311 4747 1897 4825">
     <span class='ocr_line' id='line_1_94' title="bbox 311 4747 1897 4825; baseline -0.002 -17"><span class='ocrx_word' id='word_1_708' title='bbox 311 4755 635 4818; x_wconf 87' lang='grc' dir='ltr'>λὺπτεσθαι,</span> <span class='ocrx_word' id='word_1_709' title='bbox 689 4754 788 4807; x_wconf 84' lang='grc' dir='ltr'><strong>οὑκ</strong></span> <span class='ocrx_word' id='word_1_710' title='bbox 839 4753 1096 4825; x_wconf 87' lang='grc' dir='ltr'>ἀλλότρια</span> <span class='ocrx_word' id='word_1_711' title='bbox 1143 4747 1212 4824; x_wconf 84' lang='grc' dir='ltr'>ἦν</span> <span class='ocrx_word' id='word_1_712' title='bbox 1264 4751 1333 4805; x_wconf 82' lang='grc' dir='ltr'>τὰ</span> <span class='ocrx_word' id='word_1_713' title='bbox 1381 4753 1501 4806; x_wconf 85' lang='grc' dir='ltr'>τότε</span> <span class='ocrx_word' id='word_1_714' title='bbox 1552 4751 1897 4823; x_wconf 86' lang='grc' dir='ltr'>δικαιώματα</span> 
     </span>
    </p>
   </div>
   <div class='ocr_carea' id='block_1_95' title="bbox 312 4842 1896 4919">
    <p class='ocr_par' dir='ltr' id='par_1_95' title="bbox 312 4842 1896 4919">
     <span class='ocr_line' id='line_1_95' title="bbox 312 4842 1896 4919; baseline -0.002 -20"><span class='ocrx_word' id='word_1_715' title='bbox 312 4845 665 4919; x_wconf 85' lang='grc' dir='ltr'>προσκαίρως</span> <span class='ocrx_word' id='word_1_716' title='bbox 703 4843 1157 4914; x_wconf 82' lang='grc' dir='ltr'>προστεταγμένα</span> <span class='ocrx_word' id='word_1_717' title='bbox 1203 4844 1332 4916; x_wconf 74' lang='grc' dir='ltr'>περὶ</span> <span class='ocrx_word' id='word_1_718' title='bbox 1385 4843 1639 4915; x_wconf 86' lang='grc' dir='ltr'>βρώσεως</span> <span class='ocrx_word' id='word_1_719' title='bbox 1672 4843 1766 4896; x_wconf 75' lang='grc' dir='ltr'>καὶ</span> <span class='ocrx_word' id='word_1_720' title='bbox 1797 4842 1896 4896; x_wconf 83' lang='grc' dir='ltr'>πό-</span> 
     </span>
    </p>
   </div>
   <div class='ocr_carea' id='block_1_96' title="bbox 314 4932 1896 5004">
    <p class='ocr_par' dir='ltr' id='par_1_96' title="bbox 314 4932 1896 5004">
     <span class='ocr_line' id='line_1_96' title="bbox 314 4932 1896 5004; baseline 0.001 -18"><span class='ocrx_word' id='word_1_721' title='bbox 314 4951 474 4997; x_wconf 87' lang='grc' dir='ltr'>σεως,</span> <span class='ocrx_word' id='word_1_722' title='bbox 510 4933 602 4986; x_wconf 78' lang='grc' dir='ltr'>καὶ</span> <span class='ocrx_word' id='word_1_723' title='bbox 634 4932 832 5004; x_wconf 82' lang='grc' dir='ltr'>μέρους</span> <span class='ocrx_word' id='word_1_724' title='bbox 863 4932 1068 5004; x_wconf 82' lang='grc' dir='ltr'>ἑορτῶν</span> <span class='ocrx_word' id='word_1_725' title='bbox 1103 4933 1196 4986; x_wconf 71' lang='grc' dir='ltr'><strong>καὶ</strong></span> <span class='ocrx_word' id='word_1_726' title='bbox 1224 4934 1523 5004; x_wconf 87' lang='grc' dir='ltr'>νεομηνιῶν</span> <span class='ocrx_word' id='word_1_727' title='bbox 1565 4934 1658 4987; x_wconf 75' lang='grc' dir='ltr'><strong>καὶ</strong></span> <span class='ocrx_word' id='word_1_728' title='bbox 1683 4933 1896 4988; x_wconf 63' lang='lat' dir='ltr'><strong>20.66a-</strong></span> 
     </span>
    </p>
   </div>
   <div class='ocr_carea' id='block_1_97' title="bbox 309 5017 1896 5098">
    <p class='ocr_par' dir='ltr' id='par_1_97' title="bbox 309 5017 1896 5098">
     <span class='ocr_line' id='line_1_97' title="bbox 309 5017 1896 5098; baseline 0 -18"><span class='ocrx_word' id='word_1_729' title='bbox 309 5044 440 5090; x_wconf 89' lang='grc' dir='ltr'>των,</span> <span class='ocrx_word' id='word_1_730' title='bbox 465 5017 541 5079; x_wconf 84' lang='grc' dir='ltr'>ὧν</span> <span class='ocrx_word' id='word_1_731' title='bbox 569 5023 787 5093; x_wconf 86' lang='grc' dir='ltr'>ἀγαθῶν</span> <span class='ocrx_word' id='word_1_732' title='bbox 831 5025 959 5079; x_wconf 88' lang='grc' dir='ltr'>σκιὰ</span> <span class='ocrx_word' id='word_1_733' title='bbox 998 5020 1138 5097; x_wconf 80' lang='grc' dir='ltr'>ἦσαν</span> <span class='ocrx_word' id='word_1_734' title='bbox 1175 5026 1242 5078; x_wconf 85' lang='grc' dir='ltr'>τὰ</span> <span class='ocrx_word' id='word_1_735' title='bbox 1273 5025 1677 5098; x_wconf 84' lang='grc' dir='ltr'>προειρημένα·</span> <span class='ocrx_word' id='word_1_736' title='bbox 1723 5027 1788 5080; x_wconf 88' lang='grc' dir='ltr'>δι’</span> <span class='ocrx_word' id='word_1_737' title='bbox 1821 5020 1896 5080; x_wconf 81' lang='grc' dir='ltr'>ὧν</span> 
     </span>
    </p>
   </div>
   <div class='ocr_carea' id='block_1_98' title="bbox 313 5117 1895 5191">
    <p class='ocr_par' dir='ltr' id='par_1_98' title="bbox 313 5117 1895 5191">
     <span class='ocr_line' id='line_1_98' title="bbox 313 5117 1895 5191; baseline 0.001 -20"><span class='ocrx_word' id='word_1_738' title='bbox 313 5117 483 5172; x_wconf 88' lang='grc' dir='ltr'>σκιῶν</span> <span class='ocrx_word' id='word_1_739' title='bbox 530 5117 592 5171; x_wconf 82' lang='grc' dir='ltr'><strong>τὸ</strong></span> <span class='ocrx_word' id='word_1_740' title='bbox 640 5117 798 5191; x_wconf 88' lang='grc' dir='ltr'>σῶμα</span> <span class='ocrx_word' id='word_1_741' title='bbox 828 5117 1234 5188; x_wconf 85' lang='grc' dir='ltr'>κατειλήφαμεν</span> <span class='ocrx_word' id='word_1_742' title='bbox 1273 5117 1380 5171; x_wconf 89' lang='grc' dir='ltr'><strong>τῶν</strong></span> <span class='ocrx_word' id='word_1_743' title='bbox 1422 5117 1733 5172; x_wconf 76' lang='grc' dir='ltr'>ἐνεστώτων</span> <span class='ocrx_word' id='word_1_744' title='bbox 1762 5119 1895 5187; x_wconf 86' lang='grc' dir='ltr'>ἀγα-</span> 
     </span>
    </p>
   </div>
   <div class='ocr_carea' id='block_1_99' title="bbox 312 5207 1896 5284">
    <p class='ocr_par' dir='ltr' id='par_1_99' title="bbox 312 5207 1896 5284">
     <span class='ocr_line' id='line_1_99' title="bbox 312 5207 1896 5284; baseline 0.003 -23"><span class='ocrx_word' id='word_1_745' title='bbox 312 5207 423 5262; x_wconf 89' lang='grc' dir='ltr'><strong>θῶν</strong></span> <span class='ocrx_word' id='word_1_746' title='bbox 470 5210 527 5262; x_wconf 84' lang='grc' dir='ltr'><strong>ἐν</strong></span> <span class='ocrx_word' id='word_1_747' title='bbox 556 5209 706 5282; x_wconf 82' lang='grc' dir='ltr'>νόμῳ</span> <span class='ocrx_word' id='word_1_748' title='bbox 753 5209 852 5281; x_wconf 85' lang='grc' dir='ltr'><strong>μὲν</strong></span> <span class='ocrx_word' id='word_1_749' title='bbox 895 5208 1434 5282; x_wconf 82' lang='grc' dir='ltr'>σκιαγραφηθέντων,</span> <span class='ocrx_word' id='word_1_750' title='bbox 1476 5213 1534 5266; x_wconf 83' lang='grc' dir='ltr'><strong>ἐν</strong></span> <span class='ocrx_word' id='word_1_751' title='bbox 1575 5211 1796 5284; x_wconf 85' lang='grc' dir='ltr'>Χριστῷ</span> <span class='ocrx_word' id='word_1_752' title='bbox 1839 5211 1896 5265; x_wconf 89' lang='grc' dir='ltr'><strong>δέ</strong></span> 
     </span>
    </p>
   </div>
   <div class='ocr_carea' id='block_1_100' title="bbox 310 5299 728 5355">
    <p class='ocr_par' dir='ltr' id='par_1_100' title="bbox 310 5299 728 5355">
     <span class='ocr_line' id='line_1_100' title="bbox 310 5299 728 5355; baseline 0.007 -3"><span class='ocrx_word' id='word_1_753' title='bbox 310 5299 728 5355; x_wconf 80' lang='grc' dir='ltr'>τελειωθέντων.</span> 
     </span>
    </p>
   </div>
   <div class='ocr_carea' id='block_1_101' title="bbox 724 5409 1484 5482">
    <p class='ocr_par' dir='ltr' id='par_1_101' title="bbox 724 5409 1484 5482">
     <span class='ocr_line' id='line_1_101' title="bbox 724 5409 1484 5482; baseline 0.004 -17"><span class='ocrx_word' id='word_1_754' title='bbox 724 5412 882 5478; x_wconf 84' lang='grc' dir='ltr'>Πρὸς</span> <span class='ocrx_word' id='word_1_755' title='bbox 911 5409 1218 5480; x_wconf 72' lang='grc' dir='ltr'>Φιλήμονα</span> <span class='ocrx_word' id='word_1_756' title='bbox 1247 5411 1484 5482; x_wconf 83' lang='grc' dir='ltr'>ἐνάτης.</span> 
     </span>
    </p>
   </div>
   <div class='ocr_carea' id='block_1_102' title="bbox 383 5520 1890 5595">
    <p class='ocr_par' dir='ltr' id='par_1_102' title="bbox 383 5520 1890 5595">
     <span class='ocr_line' id='line_1_102' title="bbox 383 5520 1890 5595; baseline 0.001 -21"><span class='ocrx_word' id='word_1_757' title='bbox 383 5520 568 5584; x_wconf 79' lang='grc' dir='ltr'>Οὑτως</span> <span class='ocrx_word' id='word_1_758' title='bbox 617 5521 725 5592; x_wconf 79' lang='grc' dir='ltr'>γὰρ</span> <span class='ocrx_word' id='word_1_759' title='bbox 757 5521 908 5592; x_wconf 82' lang='grc' dir='ltr'>παρὰ</span> <span class='ocrx_word' id='word_1_760' title='bbox 947 5521 1025 5592; x_wconf 83' lang='grc' dir='ltr'><strong>τῷ</strong></span> <span class='ocrx_word' id='word_1_761' title='bbox 1053 5522 1340 5592; x_wconf 86' lang='grc' dir='ltr'>Μαρκίωνι</span> <span class='ocrx_word' id='word_1_762' title='bbox 1392 5525 1590 5578; x_wconf 84' lang='grc' dir='ltr'>κεῖται.</span> <span class='ocrx_word' id='word_1_763' title='bbox 1637 5523 1793 5595; x_wconf 87' lang='grc' dir='ltr'>Παρά</span> <span class='ocrx_word' id='word_1_764' title='bbox 1833 5524 1890 5576; x_wconf 80' lang='grc' dir='ltr'>δὲ</span> 
     </span>
    </p>
   </div>
   <div class='ocr_carea' id='block_1_103' title="bbox 309 5611 1888 5685">
    <p class='ocr_par' dir='ltr' id='par_1_103' title="bbox 309 5611 1888 5685">
     <span class='ocr_line' id='line_1_103' title="bbox 309 5611 1888 5685; baseline 0.004 -23"><span class='ocrx_word' id='word_1_765' title='bbox 309 5611 390 5683; x_wconf 79' lang='grc' dir='ltr'>τῷ</span> <span class='ocrx_word' id='word_1_766' title='bbox 430 5613 740 5683; x_wconf 83' lang='grc' dir='ltr'>Ἀποστόλῳ</span> <span class='ocrx_word' id='word_1_767' title='bbox 779 5613 984 5684; x_wconf 78' lang='grc' dir='ltr'>ἐσχάτη</span> <span class='ocrx_word' id='word_1_768' title='bbox 1015 5615 1224 5668; x_wconf 59' lang='grc' dir='ltr'>κεῖταυ</span> <span class='ocrx_word' id='word_1_769' title='bbox 1260 5615 1320 5665; x_wconf 88' lang='grc' dir='ltr'><strong>ἐν</strong></span> <span class='ocrx_word' id='word_1_770' title='bbox 1359 5614 1505 5685; x_wconf 73' lang='grc' dir='ltr'>τρισὶ</span> <span class='ocrx_word' id='word_1_771' title='bbox 1533 5614 1590 5668; x_wconf 89' lang='grc' dir='ltr'>δὲ</span> <span class='ocrx_word' id='word_1_772' title='bbox 1627 5615 1888 5685; x_wconf 81' lang='grc' dir='ltr'>ἀντιγρά-</span> 
     </span>
    </p>
   </div>
   <div class='ocr_carea' id='block_1_104' title="bbox 2004 4744 3586 4821">
    <p class='ocr_par' dir='ltr' id='par_1_104' title="bbox 2004 4744 3586 4821">
     <span class='ocr_line' id='line_1_104' title="bbox 2004 4744 3586 4821; baseline 0.005 -23"><span class='ocrx_word' id='word_1_773' title='bbox 2004 4744 2264 4800; x_wconf 87' lang='lat' dir='ltr'><strong>mandata</strong></span> <span class='ocrx_word' id='word_1_774' title='bbox 2294 4747 2384 4800; x_wconf 87' lang='lat' dir='ltr'><strong>illa</strong></span> <span class='ocrx_word' id='word_1_775' title='bbox 2417 4762 2763 4818; x_wconf 88' lang='lat' dir='ltr'><strong>nequaquam</strong></span> <span class='ocrx_word' id='word_1_776' title='bbox 2792 4749 3177 4815; x_wconf 88' lang='lat' dir='ltr'><strong>abhorruisse,</strong></span> <span class='ocrx_word' id='word_1_777' title='bbox 3216 4766 3339 4821; x_wconf 66' lang='lat' dir='ltr'><strong>quae</strong></span> <span class='ocrx_word' id='word_1_778' title='bbox 3362 4751 3430 4808; x_wconf 89' lang='lat' dir='ltr'><strong>de</strong></span> <span class='ocrx_word' id='word_1_779' title='bbox 3458 4753 3586 4808; x_wconf 85' lang='lat' dir='ltr'><strong>cibo</strong></span> 
     </span>
    </p>
   </div>
   <div class='ocr_carea' id='block_1_105' title="bbox 2005 4837 3584 4914">
    <p class='ocr_par' dir='ltr' id='par_1_105' title="bbox 2005 4837 3584 4914">
     <span class='ocr_line' id='line_1_105' title="bbox 2005 4837 3584 4914; baseline 0.006 -24"><span class='ocrx_word' id='word_1_780' title='bbox 2005 4851 2069 4890; x_wconf 89' lang='lat' dir='ltr'><strong>ac</strong></span> <span class='ocrx_word' id='word_1_781' title='bbox 2101 4848 2254 4907; x_wconf 88' lang='lat' dir='ltr'><strong>potu,</strong></span> <span class='ocrx_word' id='word_1_782' title='bbox 2289 4837 2466 4904; x_wconf 82' lang='lat' dir='ltr'><strong>festis,</strong></span> <span class='ocrx_word' id='word_1_783' title='bbox 2499 4852 2564 4892; x_wconf 89' lang='lat' dir='ltr'><strong>ac</strong></span> <span class='ocrx_word' id='word_1_784' title='bbox 2588 4837 2923 4906; x_wconf 85' lang='lat' dir='ltr'><strong>Neomeniis,</strong></span> <span class='ocrx_word' id='word_1_785' title='bbox 2955 4851 3009 4896; x_wconf 91' lang='lat' dir='ltr'><strong>et</strong></span> <span class='ocrx_word' id='word_1_786' title='bbox 3039 4840 3294 4898; x_wconf 87' lang='lat' dir='ltr'><strong>Sabbatis</strong></span> <span class='ocrx_word' id='word_1_787' title='bbox 3319 4858 3419 4914; x_wconf 89' lang='lat' dir='ltr'><strong>pro</strong></span> <span class='ocrx_word' id='word_1_788' title='bbox 3444 4851 3584 4900; x_wconf 82' lang='lat' dir='ltr'><strong>tem-</strong></span> 
     </span>
    </p>
   </div>
   <div class='ocr_carea' id='block_1_106' title="bbox 2004 4930 3581 5004">
    <p class='ocr_par' dir='ltr' id='par_1_106' title="bbox 2004 4930 3581 5004">
     <span class='ocr_line' id='line_1_106' title="bbox 2004 4930 3581 5004; baseline 0.004 -20"><span class='ocrx_word' id='word_1_789' title='bbox 2004 4930 2155 4998; x_wconf 92' lang='lat' dir='ltr'><strong>poris</strong></span> <span class='ocrx_word' id='word_1_790' title='bbox 2199 4931 2412 4986; x_wconf 83' lang='lat' dir='ltr'><strong>ratione</strong></span> <span class='ocrx_word' id='word_1_791' title='bbox 2458 4930 2778 5000; x_wconf 74' lang='lat' dir='ltr'><strong>praescripta</strong></span> <span class='ocrx_word' id='word_1_792' title='bbox 2826 4939 2954 4987; x_wconf 89' lang='lat' dir='ltr'><strong>sunt</strong></span> <span class='ocrx_word' id='word_1_793' title='bbox 2986 4951 3000 4986; x_wconf 92' lang='lat'>:</span> <span class='ocrx_word' id='word_1_794' title='bbox 3032 4948 3264 5004; x_wconf 90' lang='lat' dir='ltr'><strong>quarum</strong></span> <span class='ocrx_word' id='word_1_795' title='bbox 3307 4949 3408 4989; x_wconf 89' lang='lat' dir='ltr'><strong>nos</strong></span> <span class='ocrx_word' id='word_1_796' title='bbox 3457 4951 3581 4989; x_wconf 89' lang='lat' dir='ltr'><strong>um-</strong></span> 
     </span>
    </p>
   </div>
   <div class='ocr_carea' id='block_1_107' title="bbox 2003 5021 3580 5095">
    <p class='ocr_par' dir='ltr' id='par_1_107' title="bbox 2003 5021 3580 5095">
     <span class='ocr_line' id='line_1_107' title="bbox 2003 5021 3580 5095; baseline 0.004 -19"><span class='ocrx_word' id='word_1_797' title='bbox 2003 5021 2226 5076; x_wconf 90' lang='lat' dir='ltr'><strong>brarum</strong></span> <span class='ocrx_word' id='word_1_798' title='bbox 2258 5022 2526 5079; x_wconf 84' lang='lat' dir='ltr'><strong>beneﬁcio</strong></span> <span class='ocrx_word' id='word_1_799' title='bbox 2559 5026 2912 5095; x_wconf 76' lang='lat' dir='ltr'><strong>praesentium</strong></span> <span class='ocrx_word' id='word_1_800' title='bbox 2958 5027 3249 5092; x_wconf 90' lang='lat' dir='ltr'><strong>bonorum,</strong></span> <span class='ocrx_word' id='word_1_801' title='bbox 3269 5034 3346 5081; x_wconf 88' lang='lat' dir='ltr'><strong>.ut</strong></span> <span class='ocrx_word' id='word_1_802' title='bbox 3391 5028 3464 5082; x_wconf 89' lang='lat' dir='ltr'><strong>ita</strong></span> <span class='ocrx_word' id='word_1_803' title='bbox 3494 5029 3580 5084; x_wconf 86' lang='lat' dir='ltr'><strong>di-</strong></span> 
     </span>
    </p>
   </div>
   <div class='ocr_carea' id='block_1_108' title="bbox 2003 5115 3580 5190">
    <p class='ocr_par' dir='ltr' id='par_1_108' title="bbox 2003 5115 3580 5190">
     <span class='ocr_line' id='line_1_108' title="bbox 2003 5115 3580 5190; baseline 0.006 -24"><span class='ocrx_word' id='word_1_804' title='bbox 2003 5127 2146 5180; x_wconf 80' lang='lat' dir='ltr'><strong>cam,</strong></span> <span class='ocrx_word' id='word_1_805' title='bbox 2180 5129 2382 5185; x_wconf 90' lang='lat' dir='ltr'><strong>corpus</strong></span> <span class='ocrx_word' id='word_1_806' title='bbox 2410 5115 2593 5187; x_wconf 82' lang='lat' dir='ltr'><strong>adepti</strong></span> <span class='ocrx_word' id='word_1_807' title='bbox 2621 5132 2834 5185; x_wconf 80' lang='lat' dir='ltr'><strong>sumus,</strong></span> <span class='ocrx_word' id='word_1_808' title='bbox 2863 5134 2984 5188; x_wconf 74' lang='lat' dir='ltr'><strong>quae</strong></span> <span class='ocrx_word' id='word_1_809' title='bbox 3012 5119 3068 5174; x_wconf 89' lang='lat' dir='ltr'><strong>in</strong></span> <span class='ocrx_word' id='word_1_810' title='bbox 3099 5119 3217 5190; x_wconf 88' lang='lat' dir='ltr'><strong>lege</strong></span> <span class='ocrx_word' id='word_1_811' title='bbox 3255 5119 3580 5176; x_wconf 87' lang='lat' dir='ltr'><strong>adumbrata</strong></span> 
     </span>
    </p>
   </div>
   <div class='ocr_carea' id='block_1_109' title="bbox 2003 5207 3090 5281">
    <p class='ocr_par' dir='ltr' id='par_1_109' title="bbox 2003 5207 3090 5281">
     <span class='ocr_line' id='line_1_109' title="bbox 2003 5207 3090 5281; baseline 0.008 -22"><span class='ocrx_word' id='word_1_812' title='bbox 2003 5211 2285 5274; x_wconf 89' lang='lat' dir='ltr'><strong>postremo</strong></span> <span class='ocrx_word' id='word_1_813' title='bbox 2318 5209 2375 5262; x_wconf 93' lang='lat' dir='ltr'><strong>in</strong></span> <span class='ocrx_word' id='word_1_814' title='bbox 2405 5207 2630 5265; x_wconf 88' lang='lat' dir='ltr'><strong>Christo</strong></span> <span class='ocrx_word' id='word_1_815' title='bbox 2659 5209 2902 5281; x_wconf 78' lang='lat' dir='ltr'><strong>perfecta</strong></span> <span class='ocrx_word' id='word_1_816' title='bbox 2934 5218 3090 5268; x_wconf 88' lang='lat' dir='ltr'><strong>sunt.</strong></span> 
     </span>
    </p>
   </div>
   <div class='ocr_carea' id='block_1_110' title="bbox 2170 5412 3403 5484">
    <p class='ocr_par' dir='ltr' id='par_1_110' title="bbox 2170 5412 3403 5484">
     <span class='ocr_line' id='line_1_110' title="bbox 2170 5412 3403 5484; baseline 0.002 -18"><span class='ocrx_word' id='word_1_817' title='bbox 2170 5412 2244 5467; x_wconf 86' lang='lat' dir='ltr'><strong>De</strong></span> <span class='ocrx_word' id='word_1_818' title='bbox 2275 5412 2514 5482; x_wconf 77' lang='lat' dir='ltr'><strong>Epistola</strong></span> <span class='ocrx_word' id='word_1_819' title='bbox 2545 5413 2650 5480; x_wconf 84' lang='lat' dir='ltr'><strong>IX,</strong></span> <span class='ocrx_word' id='word_1_820' title='bbox 2682 5431 2796 5484; x_wconf 69' lang='lat' dir='ltr'><strong>qua:</strong></span> <span class='ocrx_word' id='word_1_821' title='bbox 2824 5425 2901 5469; x_wconf 80' lang='lat' dir='ltr'><strong>est</strong></span> <span class='ocrx_word' id='word_1_822' title='bbox 2931 5415 2999 5468; x_wconf 85' lang='lat' dir='ltr'><strong>ad</strong></span> <span class='ocrx_word' id='word_1_823' title='bbox 3031 5413 3403 5468; x_wconf 77' lang='lat' dir='ltr'><strong>Philemonem.</strong></span> 
     </span>
    </p>
   </div>
   <div class='ocr_carea' id='block_1_111' title="bbox 2071 5523 3579 5598">
    <p class='ocr_par' dir='ltr' id='par_1_111' title="bbox 2071 5523 3579 5598">
     <span class='ocr_line' id='line_1_111' title="bbox 2071 5523 3579 5598; baseline 0.004 -22"><span class='ocrx_word' id='word_1_824' title='bbox 2071 5523 2185 5577; x_wconf 88' lang='lat' dir='ltr'><strong>Hoc</strong></span> <span class='ocrx_word' id='word_1_825' title='bbox 2220 5524 2365 5577; x_wconf 91' lang='lat' dir='ltr'><strong>illam</strong></span> <span class='ocrx_word' id='word_1_826' title='bbox 2414 5525 2606 5580; x_wconf 86' lang='lat' dir='ltr'><strong>ordine</strong></span> <span class='ocrx_word' id='word_1_827' title='bbox 2648 5524 2853 5580; x_wconf 88' lang='lat' dir='ltr'><strong>Marcio</strong></span> <span class='ocrx_word' id='word_1_828' title='bbox 2902 5527 3223 5593; x_wconf 90' lang='lat' dir='ltr'><strong>collocavit,</strong></span> <span class='ocrx_word' id='word_1_829' title='bbox 3269 5543 3394 5582; x_wconf 86' lang='lat' dir='ltr'><strong>cum</strong></span> <span class='ocrx_word' id='word_1_830' title='bbox 3434 5528 3579 5598; x_wconf 85' lang='lat' dir='ltr'><strong>Apo-</strong></span> 
     </span>
    </p>
   </div>
   <div class='ocr_carea' id='block_1_112' title="bbox 1999 5615 3576 5686">
    <p class='ocr_par' dir='ltr' id='par_1_112' title="bbox 1999 5615 3576 5686">
     <span class='ocr_line' id='line_1_112' title="bbox 1999 5615 3576 5686; baseline 0.003 -18"><span class='ocrx_word' id='word_1_831' title='bbox 1999 5615 2173 5669; x_wconf 84' lang='lat' dir='ltr'><strong>stolus</strong></span> <span class='ocrx_word' id='word_1_832' title='bbox 2201 5615 2393 5670; x_wconf 89' lang='lat' dir='ltr'><strong>ultimo</strong></span> <span class='ocrx_word' id='word_1_833' title='bbox 2426 5616 2548 5670; x_wconf 89' lang='lat' dir='ltr'><strong>loco</strong></span> <span class='ocrx_word' id='word_1_834' title='bbox 2578 5618 2841 5686; x_wconf 90' lang='lat' dir='ltr'><strong>posuerit.</strong></span> <span class='ocrx_word' id='word_1_835' title='bbox 2877 5617 2981 5673; x_wconf 88' lang='lat' dir='ltr'><strong>Sed</strong></span> <span class='ocrx_word' id='word_1_836' title='bbox 3018 5621 3072 5673; x_wconf 92' lang='lat' dir='ltr'><strong>in</strong></span> <span class='ocrx_word' id='word_1_837' title='bbox 3119 5620 3397 5676; x_wconf 88' lang='lat' dir='ltr'><strong>nonnullis</strong></span> <span class='ocrx_word' id='word_1_838' title='bbox 3427 5619 3576 5676; x_wconf 90' lang='lat' dir='ltr'><strong>codi-</strong></span> 
     </span>
    </p>
   </div>
   <div class='ocr_carea' id='block_1_113' title="bbox 388 5744 1892 5864">
    <p class='ocr_par' dir='ltr' id='par_1_113' title="bbox 388 5744 1880 5854">
     <span class='ocr_line' id='line_1_113' title="bbox 388 5744 1880 5854; baseline -0.001 -12"><span class='ocrx_word' id='word_1_839' title='bbox 388 5785 407 5818; x_wconf 85' lang='grc'>¹</span> <span class='ocrx_word' id='word_1_840' title='bbox 439 5783 598 5842; x_wconf 78' lang='lat' dir='ltr'><strong>Joan.</strong></span> <span class='ocrx_word' id='word_1_841' title='bbox 636 5801 712 5852; x_wconf 71' lang='grc' dir='ltr'>ιι,</span> <span class='ocrx_word' id='word_1_842' title='bbox 754 5785 840 5840; x_wconf 83' lang='grc'><strong>59.</strong></span> <span class='ocrx_word' id='word_1_843' title='bbox 921 5788 941 5816; x_wconf 84' lang='lat'>&#39;</span> <span class='ocrx_word' id='word_1_844' title='bbox 985 5785 1154 5840; x_wconf 77' lang='lat' dir='ltr'><strong>Marc.</strong></span> <span class='ocrx_word' id='word_1_845' title='bbox 1191 5802 1245 5850; x_wconf 89' lang='lat' dir='ltr'><strong>v,</strong></span> <span class='ocrx_word' id='word_1_846' title='bbox 1279 5787 1368 5847; x_wconf 76' lang='lat'><strong>55.</strong></span> <span class='ocrx_word' id='word_1_847' title='bbox 1392 5744 1481 5844; x_wconf 57' lang='lat'><strong>39.</strong></span> <span class='ocrx_word' id='word_1_848' title='bbox 1558 5789 1577 5819; x_wconf 88' lang='grc'>³</span> <span class='ocrx_word' id='word_1_849' title='bbox 1611 5785 1771 5843; x_wconf 83' lang='lat' dir='ltr'><strong>Joan.</strong></span> <span class='ocrx_word' id='word_1_850' title='bbox 1804 5803 1880 5854; x_wconf 71' lang='grc' dir='ltr'>ιι,</span> 
     </span>
    </p>
   </div>
   <div class='ocr_carea' id='block_1_114' title="bbox 2007 5744 3566 5864">
    <p class='ocr_par' dir='ltr' id='par_1_114' title="bbox 2090 5788 3566 5864">
     <span class='ocr_line' id='line_1_114' title="bbox 2090 5788 3566 5864; baseline 0.011 -22"><span class='ocrx_word' id='word_1_851' title='bbox 2090 5790 2108 5821; x_wconf 80' lang='grc'><strong>⁸</strong></span> <span class='ocrx_word' id='word_1_852' title='bbox 2136 5788 2299 5844; x_wconf 82' lang='lat' dir='ltr'><strong>Marc.</strong></span> <span class='ocrx_word' id='word_1_853' title='bbox 2329 5806 2381 5857; x_wconf 90' lang='lat' dir='ltr'><strong>v,</strong></span> <span class='ocrx_word' id='word_1_854' title='bbox 2423 5790 2513 5846; x_wconf 69' lang='grc'>41.</span> <span class='ocrx_word' id='word_1_855' title='bbox 2591 5793 2612 5823; x_wconf 82' lang='grc'><strong><em>⁵</em></strong></span> <span class='ocrx_word' id='word_1_856' title='bbox 2642 5791 2840 5864; x_wconf 88' lang='lat' dir='ltr'><strong>Ephes.</strong></span> <span class='ocrx_word' id='word_1_857' title='bbox 2871 5809 2924 5858; x_wconf 88' lang='lat' dir='ltr'><strong>v,</strong></span> <span class='ocrx_word' id='word_1_858' title='bbox 2947 5794 3036 5850; x_wconf 77' lang='lat' dir='ltr'><strong>5i.</strong></span> <span class='ocrx_word' id='word_1_859' title='bbox 3115 5797 3134 5826; x_wconf 83' lang='grc'>⁸</span> <span class='ocrx_word' id='word_1_860' title='bbox 3167 5796 3447 5864; x_wconf 88' lang='lat' dir='ltr'><strong>Coloss.n,</strong></span> <span class='ocrx_word' id='word_1_861' title='bbox 3480 5797 3566 5858; x_wconf 83' lang='lat' dir='ltr'><strong>l6.</strong></span> 
     </span>
    </p>
   </div>
   <div class='ocr_carea' id='block_1_115' title="bbox 649 5926 1342 6022">
    <p class='ocr_par' dir='ltr' id='par_1_115' title="bbox 649 5926 1342 6022">
     <span class='ocr_line' id='line_1_115' title="bbox 649 5926 1342 6022; baseline 0.003 -36"><span class='ocrx_word' id='word_1_862' title='bbox 649 5927 920 5988; x_wconf 70' lang='grc' dir='ltr'>Ρλτιιοι..</span> <span class='ocrx_word' id='word_1_863' title='bbox 978 5927 1098 5988; x_wconf 79' lang='lat' dir='ltr'><strong>Gn.</strong></span> <span class='ocrx_word' id='word_1_864' title='bbox 1151 5926 1342 6022; x_wconf 31' lang='lat' dir='ltr'><strong>XLI.-</strong></span> 
     </span>
    </p>
   </div>
   <div class='ocr_carea' id='block_1_116' title="bbox 3199 5937 3278 5999">
    <p class='ocr_par' dir='ltr' id='par_1_116' title="bbox 3199 5937 3278 5999">
     <span class='ocr_line' id='line_1_116' title="bbox 3199 5937 3278 5999; baseline 0 0"><span class='ocrx_word' id='word_1_865' title='bbox 3199 5937 3278 5999; x_wconf 80' lang='lat' dir='ltr'><strong>2G</strong></span> 
     </span>
    </p>
   </div>
  </div>
