3952 6166
456 321 554 405 an

1854 318 1911 373 S.
1956 314 2298 373 EPIPIIANII

3598 316 3702 375 8ὶὲ

452 436 619 491 cibus
644 431 762 487 XIII
781 438 906 487 ante
925 430 1227 503 Epistolam
1251 431 1317 486 ad
1336 429 1612 495 Hebraeos,
1641 446 1762 501 quae
1783 439 1868 487 est
1883 429 2022 493 XIV,

2137 447 2249 497 ,θοις
2297 433 2717 506 τρισκαιδεκάτη
2766 435 2874 509 πρὸ
2918 434 3016 507 τῆς
3060 435 3195 508 πρὸς
3254 432 3543 508 Ἐϐραίους
3583 453 3703 491 τεσ-

458 535 797 581 numeratur.
843 524 962 577 Alia
1002 538 1197 579 rursus
1239 521 1573 592 exemplaria
1611 521 1912 590 Epistulam
1963 521 2030 575 ad

457 615 714 671 Hebraeos
759 613 1029 668 decimam
1075 619 1308 683 ponunt,
1357 609 1529 665 ante]
1580 617 1632 665 et
1669 606 1709 661 II
1745 608 1811 663 ad
1852 606 2034 661 Timo-

408 702 427 707 “
455 706 666 771 theum,
724 706 791 760 ad
835 704 1038 771 Titum,
1081 712 1135 759 et
1178 703 1569 758 Philemonem.
1624 699 1730 755 Sed
1762 697 2032 770 quidquid

454 806 539 853 est
568 798 905 868 integrorum
948 811 1013 851 ac
1053 796 1155 852 ﬁde
1185 796 1471 865 dignorum
1514 792 1763 848 codicum
1798 784 2054 860 primam'

455 890 521 944 ad
562 888 838 943 Romanos
869 887 1168 958 Epistolam
1202 886 1457 950 collocat,
1493 900 1603 939 non
1637 899 1756 957 eam
1804 895 1926 952 quae
1961 880 2029 935 ad

453 977 673 1036 Galatas
696 989 801 1040 est,
830 994 990 1048 quam
1022 985 1080 1033 tu
1105 980 1333 1046 primam
1365 990 1509 1041 esse,
1534 974 1758 1039 Marcio,
1786 971 2025 1027 voluisti.

454 1072 723 1127 Caeterum
757 1071 893 1125 nihil
924 1087 988 1125 ex
1030 1068 1272 1138 Epistola
1301 1068 1366 1122 ad
1392 1067 1765 1122 Philemonem
1799 1063 2030 1118 adnota-

453 1163 655 1228 vimus,
686 1162 831 1233 quod
866 1161 1010 1231 apud
1042 1160 1193 1215 illum
1226 1158 1447 1215 omnino
1478 1157 1775 1228 depravata
1805 1156 2023 1227 legitur.

772 1295 856 1350 Ea:
886 1296 1124 1365 Epistola
1151 1294 1220 1349 ad
1253 1294 1613 1362 Philippense:
1638 1291 1711 1368 .
1738 1312 1739 1315 η

523 1411 648 1465 Haec
681 1411 824 1465 enim
871 1410 1013 1480 apud
1047 1408 1378 1463 Marcionem
1424 1407 1633 1461 decima
1674 1412 1759 1460 est
1783 1402 1948 1475 374
1974 1411 2029 1459 et

455 1501 663 1566 ultima,
711 1501 852 1572 apud
888 1500 1208 1569 Apostolum
1252 1506 1428 1554 sexta.
1470 1498 1554 1553 Ab
1604 1497 1727 1561 hac,
1761 1496 1907 1566 quod
1949 1496 2029 1549 vi-

450 1593 585 1646 tiata
627 1593 845 1662 penitus
879 1598 1026 1647 esset
1078 1604 1142 1644 ac
1192 1595 1471 1659 corrupta,
1519 1586 1655 1642 nihil
1691 1583 2026 1655 seligendum

449 1684 726 1740 duximus.

2133 527 2627 599 σαρεσκαιδεκάτης
2654 529 2931 583 τέτακται.
2972 530 3142 584 Ἀλλα
3171 529 3229 584 δὲ
3253 530 3566 601 ἀντίγραφα
3591 529 3702 600 ἔχει

2130 616 2228 687 τὴν
2258 618 2395 688 πρὸς
2447 619 2730 691 Ἐϐραίους
2771 622 3003 693 δεκάτην
3028 621 3134 692 πρὸ
3170 622 3277 675 τῶν
3309 621 3400 674 δύο
3425 622 3538 674 τῶν
3570 620 3703 696 πρὸς

2097 708 2414 777 ·Τιμόθεον,
2465 712 2560 765 καὶ
2601 712 2781 778 Τίτον,
2829 716 2924 768 καὶ
2970 714 3271 785 Φιλήμονα.
3312 708 3499 766 Πάντα
3535 712 3595 766 δὲ
3637 713 3703 767 τά

2130 799 2439 872 ἀντίγραφα
2472 803 2539 855 τὰ
2581 802 2695 856 σῶα
2738 806 2834 858 καὶ⁵
2864 805 3036 876 ἀληθῆ
3072 804 3171 877 τὴν
3216 806 3353 876 πρὸς
3400 804 3701 873 Ῥωμαίους

2129 888 2310 963 ἔχουσι
2347 890 2587 963 πρώτην,
2616 896 2715 965 οὐχ
2745 895 2819 958 ὼς
2849 897 2936 960 σὺ,
2980 895 3260 963 Μαρκίων.
3285 896 3381 965 τὴν
3416 894 3557 965 πρὸς
3598 894 3700 946 Γα-
3814 884 3821 891 “

2130 981 2301 1046 λάτας
2325 982 2519 1049 ἔταξας
2557 985 2795 1057 πρώτην.
2844 987 3031 1057 Ὅμως
3057 985 3166 1039 ἀπὸ
3205 984 3410 1055 ταύτης
3432 985 3534 1054 τῆς
3572 982 3703 1053 πρὸς

2128 1072 2405 1143 Φιλήμονα
2432 1074 2585 1129 οὐδὲν
2614 1075 2985 1147 παρεθέμεθα,
3010 1075 3097 1129 διὰ
3116 1076 3174 1129 τὸ
3205 1075 3505 1148 ὁλοσχερῶς
3537 1073 3702 1145 αὐτὴν

2128 1160 2465 1234 διαστρόφως
2504 1165 2633 1237 παρ’
2662 1165 2809 1237 αὐτῷ
2837 1165 3068 1219 κεῖσθαι.

2445 1301 2603 1368 Πρὸς
2643 1302 3086 1367 Φιλιππησίους
3109 1300 3380 1368 δεκάτης.

2198 1410 2385 1475 Οὕτως
2430 1412 2537 1485 γὰρ
2595 1415 2771 1466 κεῖται
2827 1412 2977 1484 παρὰ
3024 1411 3102 1482 τῷ
3153 1412 3441 1482 Μαρκίωνι
3499 1411 3700 1481 ἐσχάτη

2129 1503 2224 1556 καὶ
2262 1502 2486 1574 δεκάτη,
2517 1504 2669 1574 παρὰ
2688 1504 2744 1557 δὲ
2769 1503 2847 1575 τῷ
2888 1502 3194 1574 ’Λποστόλῳ
3222 1503 3372 1572 ἕκτη.
3432 1502 3703 1564 Ὡσαύτως

2128 1591 2249 1645 οὐδὲ
2280 1593 2373 1645 ἀπ’
2413 1594 2603 1663 αὐτῆς,
2636 1592 2725 1647 διὰ
2752 1594 2813 1646 τὸ
2850 1593 3188 1665 διαστρόφως
3233 1595 3362 1665 παρ’
3403 1591 3553 1663 αὐτῷ
3591 1594 3700 1646 κεῖ-

2133 1681 2276 1747 σθαι,
2306 1682 2456 1736 οὐδὲν
2484 1681 2863 1753 ἐξελεξάμεθα.

530 1772 807 1829 Hactenus
845 1773 1137 1828 Marcionis
1170 1786 1309 1842 opus
1335 1786 1399 1827 ex
1435 1767 1709 1839 Evangelii
1745 1765 1927 1827 Lucae,
1972 1771 2027 1818 et

2201 1774 2349 1857 Aii'rq
2381 1775 2733 1848 πεπλήρωται
2768 1777 2801 1847 ἡ
2839 1776 2931 1828 τοῦ
2966 1777 3289 1847 Μαρκίωνος
3317 1775 3569 1844 σύνταξις
3598 1776 3700 1830 ἀπὸ

455 1865 702 1935 Apostoli
740 1863 1093 1932 scriptorum,
1125 1876 1188 1916 ac
1214 1861 1450 1930 denique
1476 1872 1757 1914 sacrorum
1789 1855 2024 1911 volumi-

450 1969 581 2007 num
620 1952 865 2021 reliquiis
898 1942 1237 2005 contextum.
1272 1946 1349 2001 Ex
1376 1945 1577 2016 quibus
1621 1943 1690 1998 ab
1719 1957 1784 1999 eo
1823 1941 2028 2011 relictis

453 2043 761 2116 particulis,
800 2057 923 2113 quae
947 2041 1014 2096 ad
1048 2042 1198 2095 illum
1242 2036 1674 2094 convincendum
1707 2035 1887 2089 facere
1928 2047 2028 2103 po-

451 2142 632 2189 terant
666 2133 988 2205 delegimus.
1025 2132 1228 2187 Pra’ter
1262 2132 1377 2185 haec
1426 2144 1558 2184 vero
1593 2143 1657 2183 ex
1696 2142 1762 2182 ea
1806 2139 1928 2197 quae
1960 2125 2028 2179 ad

450 2228 818 2283 Laodicenses
850 2225 1109 2295 inscripta
1140 2236 1224 2280 εει
1246 2223 1509 2292 Epistola,
1538 2219 1787 2290 quaedam
1818 2218 1872 2271 in
1902 2231 2027 2273 eum

449 2320 670 2383 librum,
700 2333 862 2390 quem
889 2317 1249 2388 Apostoticum
1281 2323 1460 2379 vocat,
1491 2311 1793 2367 transtulit.

521 2409 707 2467 Schol.
747 2412 772 2465 1
815 2420 868 2466 et
898 2411 990 2465 40.
1034 2408 1181 2463 Unus
1220 2409 1500 2474 Dominus,
1542 2425 1649 2462 una
1678 2408 1829 2478 ﬁdes,
1863 2424 2028 2462 unum

450 2504 734 2571 baptisma,
780 2518 915 2557 unus
963 2501 1227 2564 Christus,
1262 2516 1397 2554 unus
1442 2500 1580 2555 Deus
1627 2510 1677 2553 et
1722 2500 1885 2554 Pater
1918 2517 2031 2555 om-

449 2599 595 2651 nium
622 2614 635 2650 :
662 2596 751 2665 qui
774 2610 929 2663 super
952 2593 1128 2647 omnia
1156 2602 1205 2646 et
1242 2607 1332 2660 per
1358 2592 1536 2646 omnia
1563 2600 1611 2646 et
1640 2592 1692 2645 in
1723 2590 1964 2645 omnibus
1984 2591 2024 2644 '.

521 2779 701 2835 Refut.
731 2780 756 2835 I
796 2787 850 2834 et
878 2779 965 2833 40.
1007 2777 1375 2834 Consentiunt
1413 2791 1536 2831 cum
1566 2776 1632 2831 iis
1665 2790 1787 2845 qua:
1817 2775 1871 2830 in
1901 2773 2028 2845 Epi-

462 2874 603 2928 stola
626 2870 738 2927 adE
758 2871 977 2942 phesios
1003 2871 1278 2940 leguntur,
1302 2884 1423 2939 quae
1440 2883 1506 2924 ex
1532 2867 1773 2938 Epistola
1802 2867 1867 2920 ad
1889 2865 2029 2921 Lao-

460 2965 690 3020 dicenos
729 2963 831 3034 (sic
866 2961 1013 3017 enim
1045 2960 1385 3031 inscribitur)
1416 2966 1609 3014 contra
1639 2967 1691 3012 te
1717 2958 2027 3013 testimonia

452 3057 749 3126 protulisti,
797 3062 855 3109 ut
895 3056 948 3109 in
998 3055 1104 3109 ﬁne
1152 3051 1372 3108 tandem
1399 3065 1520 3121 quae
1567 3050 1634 3104 ad
1670 3056 1723 3104 te
1753 3049 2027 3120 pertinent

453 3147 682 3221 legendo
711 3148 1013 3212 discamus,
1043 3155 1276 3215 tuasque
1303 3160 1392 3199 res
1432 3143 1782 3212 intelligendo
1809 3143 1913 3196 tria
1936 3141 2028 3196 illa

452 3250 659 3296 temere
681 3240 780 3296 abs
810 3247 863 3294 te
896 3239 1208 3309 excogitata
1238 3236 1505 3307 principia
1535 3235 1806 3306 principio
1828 3249 2028 3289 caren-

452 3333 548 3395 tia,
609 3338 663 3386 et
699 3347 729 3384 a
791 3345 851 3387 se
913 3329 1145 3384 invicem
1190 3328 1407 3385 diversa
1461 3326 1804 3381 damnemus.
1847 3325 2030 3395 Longe

451 3425 599 3478 enim
636 3423 742 3477 alia
788 3428 874 3478 est
905 3421 1152 3492 Apostoli
1180 3421 1454 3484 doctrina,
1499 3433 1565 3473 ac
1605 3417 1801 3488 dogma
1837 3417 2032 3472 ﬁrmis-

453 3515 675 3581 simum,
732 3513 878 3585 quod
921 3527 953 3566 a
982 3511 1146 3583 nugis
1199 3511 1308 3568 tuis
1345 3525 1408 3566 ac
1452 3510 1651 3565 fabulis
1703 3523 2032 3581 magnopere

451 3605 700 3661 dissidet.
731 3603 949 3660 Etenim
979 3603 1270 3675 perspicue
1312 3617 1480 3657 unum
1513 3600 1802 3659 Dominum
1842 3601 2031 3657 deﬁnit

451 3712 596 3761 esse,
655 3710 821 3752 unam
863 3696 1047 3761 Iidem,
1090 3709 1258 3750 unum
1306 3694 1598 3764 baptisma,
1646 3708 1814 3747 unum
1860 3692 2030 3748 Deum

452 3789 812 3860 eumdemque
850 3787 1066 3842 Patrem
1100 3786 1370 3850 omnium,
1422 3786 1516 3856 qui
1552 3800 1718 3854 super
1754 3784 1938 3840 omnia
1976 3793 2032 3839 et

452 3882 508 3936 in
534 3881 786 3937 omnibus
813 3890 919 3943 est,
959 3889 1068 3934 tam
1092 3879 1151 3933 in
1182 3878 1299 3949 lege
1325 3893 1488 3949 quam
1534 3877 1589 3931 in
1628 3876 1932 3948 pmphetis,
1977 3885 2033 3933 et

451 3975 507 4027 in
538 3971 804 4043 apostolis
837 3971 1116 4035 omnibus,
1157 3984 1221 4024 ac
1254 3969 1517 4038 deinceps
1549 3968 1779 4023 caeteris.

524 4063 650 4118 Haec
676 4064 844 4134 igitur
870 4077 900 4118 e
928 4076 1213 4117 sacrarum
1247 4060 1581 4115 Litterarum
1613 4059 1880 4128 reliquiis,
1908 4072 2031 4126 quae

451 4153 596 4222 apud
636 4151 964 4206 Marcionem
995 4150 1176 4204 adhuc
1211 4149 1582 4218 reperiuntur,
1615 4164 1646 4202 a
1675 4149 1835 4204 nobis
1865 4149 2033 4202 colle-

454 4253 545 4298 cta
588 4242 636 4297 si
664 4242 793 4312 quis
830 4241 1162 4307 consideret,
1203 4239 1403 4295 divina:
1429 4237 1784 4309 providentiae
1818 4237 2032 4307 magni-

458 4330 727 4386 licentiam
759 4330 1125 4398 obstupescet.
1157 4328 1294 4382 Cum
1337 4328 1484 4383 enim
1515 4328 1767 4397 quaelibet
1817 4342 1905 4383 res
1942 4326 2036 4380 tri-

456 4423 562 4478 bus
594 4421 923 4477 testimoniis
950 4420 1266 4490 approbari,
1300 4426 1354 4473 et
1392 4418 1582 4473 haberi
1611 4433 1711 4489 pro
1753 4430 2029 4490 comperta

457 4512 651 4576 soleat,
686 4510 949 4581 singulari
984 4518 1068 4565 est
1106 4508 1200 4565 Dei
1246 4508 1533 4572 beneﬂcio,
1582 4518 1637 4562 et
1681 4508 2029 4564 administra-

436 4603 624 4670 tione,
654 4603 733 4658 uti
770 4602 1033 4667 diximus,
1068 4602 1295 4664 factum,
1342 4609 1402 4656 ut
1431 4600 1537 4656 hoc
1566 4603 1621 4654 in
1655 4601 1876 4671 negotio
1904 4612 2029 4655 octo

458 4696 620 4756 nobis
653 4710 718 4750 ac
750 4694 1092 4765 septuaginta
1123 4690 1537 4749 testimonia'ex
1570 4691 1864 4762 Evangelio
1900 4708 2032 4762 sup-

458 4793 726 4856 peterent,
758 4799 827 4840 ex
850 4783 1108 4853 Apostolo
1147 4782 1531 4853 quadraginta.
1564 4781 1694 4848 Quae
1745 4783 1926 4836 omnia
1961 4783 2030 4836 ad

459 4878 600 4931 hanc
628 4891 803 4947 usque
829 4875 971 4931 diem
1010 4875 1150 4946 apud
1189 4875 1340 4928 illum
1378 4882 1615 4940 servata,
1657 4890 1757 4930 nec
1806 4873 1862 4928 in
1899 4888 2031 4928 con-

454 4960 778 5024 trover'siam
822 4966 1056 5022 adducta
1086 4972 1233 5029 sunt,
1280 4965 1415 5020 adeo
1446 4974 1505 5019 ut
1548 4973 1770 5021 centum
1805 4967 2030 5021 omnino

454 5069 623 5130 atque
665 5061 967 5115 octodecim
1010 5067 1247 5117 exstent.
1292 5059 1426 5125 Quae
1462 5060 1680 5129 quidem
1730 5058 2026 5114 Marcionis

454 5152 807 5221 Opinionibus
838 5151 1223 5206 contradicunt
1250 5168 1262 5204 :
1300 5151 1381 5206 sic
1411 5157 1669 5219 tanquam
1698 5164 1762 5204 ex
1793 5164 2029 5220 persona

460 5241 673 5297 Domini
706 5241 916 5310 prolata
949 5242 1075 5295 sint.
1110 5240 1216 5295 Sed
1257 5248 1312 5295 et
1341 5238 1489 5294 aliud
1518 5240 1745 5310 insuper
1779 5239 2029 5295 additum

459 5341 544 5388 est
600 5341 794 5402 praeter
836 5330 1148 5400 Evangelii,
1180 5330 1342 5402 375
1371 5330 1728 5401 Apostolique
1780 5333 2031 5390 testimo-

535 5511 546 5540 '
578 5509 773 5577 Ephes.
808 5523 881 5573 tv,
918 5508 968 5562 5.
1045 5511 1065 5540 ¹
1095 5508 1219 5562 For.
1250 5527 1338 5578 ης.
1412 5510 1434 5569 ἒ
1461 5508 1589 5579 Leg.
1621 5509 1720 5561 οὐκ
1750 5510 1890 5578 ἀμφ.

2129 1865 2222 1920 τοῦ
2266 1867 2408 1922 κατά
2443 1870 2656 1923 Λουκᾶν
2698 1869 3053 1938 Εὐαγγελίου,
3080 1869 3197 1923 ’καὶ
3241 1869 3335 1923 τοῦ
3380 1870 3700 1922 Ἀποστόλου

2131 1957 2453 2029 σωζομένων
2492 1958 2781 2028 λειψάνων.
2811 1959 2983 2028 λόγων
3020 1978 3080 2013 τε
3124 1959 3462 2023 ὑποθέσεωςο
3513 1961 3605 2025 ἀφ’
3636 1953 3700 2030 ἧς

2128 2048 2518 2120 ἀναλεξάμενοι
2566 2050 2634 2105 τά
2681 2052 2802 2104 κατ’
2845 2051 3008 2105 αὑτοῦ
3054 2053 3163 2105 ἀπὸ
3206 2051 3314 2105 τῶν
3357 2051 3492 2124 παρ’
3541 2050 3699 2108 αὑτοῦ

2132 2139 2472 2210 σωζομένων,
2516 2141 2643 2202 τοὺς
2687 2141 2941 2212 ἐλέγχους
2983 2142 3351 2214 παρεθέμεθα.
3401 2141 3701 2214 Προσέθετο

2129 2229 2186 2282 δὲ
2222 2231 2278 2284 ὲν
2302 2228 2379 2300 τῷ
2421 2230 2534 2301 ἰδίῳ
2564 2230 2673 2302 (86)
2721 2232 3118 2299 Ἀποστολικῷ
3146 2234 3463 2305 καλουμένῳ
3489 2233 3582 2287 καὶ
3607 2233 3700 2304 τῆς

2131 2319 2470 2390 καλουμένης
2500 2320 2636 2392 πρὸς
2664 2321 2983 2387 Λαοδικέας.

2200 2421 2248 2467 α’
2290 2416 2385 2468 καὶ
2432 2421 2485 2485 μ’
2540 2414 2688 2485 σχόλ.
2745 2411 2849 2483 Εἷς
2902 2416 3140 2484 Κύριος.
3189 2416 3301 2486 μία
3351 2415 3591 2481 πίστις,
3634 2414 3701 2471 ἐν

2120 2505 2474 2575 βάπτισμα,
2528 2501 2618 2572 εἷς
2665 2508 2939 2575 Χριστὸς,
2990 2503 3078 2574 εἷς
3141 2508 3285 2574 Θεὸς
3349 2509 3450 2561 καί
3507 2507 3699 2576 Πατὴρ

2132 2596 2393 2662 πάντων,
2439 2600 2473 2652 ὀ
2514 2597 2613 2652 ἐπὶ
2658 2598 2899 2654 πάντων
2928 2599 3025 2654 καὶ
3065 2598 3165 2654 διὰ
3208 2597 3453 2657 πάντων
3500 2599 3595 2654 καὶ
3635 2599 3699 2652 ἐν

2131 2686 2337 2743 πᾶσιν.

2202 2787 2250 2834 α’
2280 2782 2373 2834 καὶ⁴
2422 2764 2475 2853 μ’
2514 2780 2693 2854 ἔλεγχ.
2727 2783 3069 2856 Συνᾳδόντως
3103 2784 3200 2854 μὲν
3240 2785 3307 2855 τῇ
3350 2783 3493 2854 πρὸς
3550 2782 3695 2850 Ἐφε-

2134 2867 2301 2933 σίους,
2331 2862 2375 2922 ὦ
2404 2870 2689 2941 Μαρκίων,
2718 2871 2813 2931 καὶ
2839 2856 3041 2934 ταύτας
3066 2870 3164 2934 τὰς
3191 2869 3334 2923 κατά
3363 2869 3459 2923 σοῦ
3503 2885 3698 2940 μαρτυ-

2134 2960 2253 3032 ρίας
2283 2961 2392 3015 ἀπὸ
2432 2962 2534 3032 τῆς
2565 2962 2867 3034 λεγομένης
2898 2962 3034 3035 πρὸς
3066 2962 3362 3025 Λαοδικέας
3400 2964 3696 3032 συνήγαγες

2134 3052 2272 3106 κατὰ
2324 3052 2417 3106 σοῦ
2450 3054 2788 3125 μαρτυρίας·
2821 3054 2905 3106 ἵνα
2962 3054 3054 3107 ἐπὶ
3083 3051 3160 3123 τῷ
3206 3052 3346 3106 τέλει
3389 3051 3487 3107 τοῦ
3533 3067 3694 3122 σφρα-

2132 3144 2399 3215 γίσματος
2458 3144 2717 3216 μάθωμεν
2762 3146 3088 3215 ἀναγνόντες
3138 3143 3206 3198 τὰ
3255 3144 3405 3214 παρά
3451 3143 3568 3206 σοὶ,
3611 3143 3697 3195 καὶ

2134 3235 2351 3303 γνόντες
2382 3234 2449 3288 τά
2490 3234 2633 3288 κατὰ
2662 3236 2741 3302 σὲ,
2773 3236 3131 3305 καταγνῶμεν
3170 3234 3278 3287 τῶν
3302 3232 3389 3287 διὰ
3421 3232 3521 3286 σοῦ
3554 3230 3696 3285 ἀλλο·

2132 3327 2299 3398 τρίως
2328 3327 2759 3398 ὲπινενοημένων
2793 3327 2959 3398 τριῶν
3004 3327 3254 3398 ἀνάρχων
3295 3325 3482 3395 ἀρχῶν
3525 3324 3696 3391 διαφο-

2135 3417 2234 3490 ρὰς
2279 3418 2414 3487 πρὸς
2442 3417 2677 3489 ἀλλήλας
2718 3418 2975 3489 ἐχουσῶν.
3010 3418 3121 3489 Οὐχ
3165 3416 3495 3488 οὖτωςγὰρ
3518 3415 3624 3485 ἔχει
3665 3408 3714 3481 ﬂ

2131 3508 2225 3562 τοῦ
2277 3510 2433 3578 ἁγίου
2490 3509 2813 3563 Ἀποστόλου
2862 3508 3115 3572 ὑπόθεσις
3170 3509 3263 3562 καὶ
3304 3506 3695 3578 ἡσφαλισμένον

2132 3600 2411 3670 κήρυγμα,
2454 3600 2590 3655 ἀλλὰ
2619 3600 2811 3665 ἄλλως,
2843 3602 2992 3670 παρὰ
3023 3592 3084 3652 τὺ
3114 3600 3206 3653 σὸν
3236 3601 3562 3671 ποιήτευμα.
3602 3597 3695 3649 Σα-

2134 3690 2249 3760 φῶς
2277 3692 2385 3762 γάρ
2430 3691 2532 3763 ἔφη
2563 3693 2656 3746 ἕνα
2683 3693 2904 3764 Κύριον,
2939 3693 3064 3764 μίαν
3090 3693 3290 3758 πίστιν,
3319 3690 3376 3745 ἓν
3400 3692 3692 3762 βάπτισμα,

2132 3783 2229 3836 ἕνα
2264 3782 2397 3836 Θεὸν
2430 3783 2521 3836 τὸν
2550 3783 2711 3837 αὑτὸν
2745 3786 2967 3855 Πατέρα
3010 3785 3249 3844 πάντων,
3287 3784 3381 3837 τὸν
3422 3785 3585 3838 αὐτὸν
3610 3780 3694 3832 ἐπὶ

2132 3872 2371 3938 πάντων,
2418 3872 2513 3926 καὶ
2557 3875 2615 3927 ὲν
2645 3875 2779 3926 πᾶσι
2809 3873 2898 3927 διά
2940 3890 2999 3926 τε
3040 3875 3204 3944 νόμου
3249 3873 3343 3927 καὶ
3388 3868 3691 3945 προφητῶν,

2133 3963 2228 4016 καὶ
2257 3964 2316 4017 ὲν
2343 3965 2509 4017 πᾶσιν
2548 3964 2884 4028 ἀποστόλοις,
2916 3965 3013 4018 καὶ
3040 3965 3096 4016 ὲν
3131 3966 3244 4028 τοῖς
3274 3954 3539 4035 καθεξῆς.

2203 4055 2351 4127 Αὕτη
2383 4055 2482 4126 μὲν
2520 4055 2738 4126 ἡμῶνιή
2786 4053 3229 4127 προθεωρηθεῖσα
3270 4057 3328 4106 ὲν
3370 4057 3484 4117 τοῖς
3523 4067 3693 4124 προειι

2136 4148 2395 4218 ρημένοις
2423 4146 2791 4217 ἀναλεχθεῖσιν
2816 4147 2923 4199 ἀπὸ
2964 4148 3062 4218 τῆς
3101 4146 3232 4217 παρ’
3259 4144 3407 4215 αὐτῷ
3450 4143 3530 4214 τῷ
3555 4142 3694 4212 Μαρ-

2133 4239 2289 4293 κίωνι
2337 4239 2417 4293 ἔτι
2473 4239 2788 4310 σωζομένης
2834 4240 3078 4311 Γραφῆς,
3123 4240 3203 4301 εἰς
3259 4240 3279 4270 ³
3314 4237 3414 4307 τὴν
3460 4234 3693 4299 ἀνάλεξιν

2135 4332 2412 4402 σκοπήσας
2445 4347 2528 4395 τις
2567 4331 2865 4401 ἐκπλαγείη
2891 4330 2991 4395 τὰς
3017 4328 3422 4400 μεγαλοδώρους
3460 4326 3591 4383 Θεοῦ
3620 4325 3691 4376 ot-

2134 4430 2411 4501 κονομίας.
2457 4431 2716 4485 Ἐκάστου
2751 4430 2859 4502 γὰρ
2893 4429 3212 4501 πράγματος
3241 4428 3328 4481 διὰ
3361 4426 3527 4497 τριῶν
3568 4438 3691 4495 μαρ-

2134 4522 2336 4593 τυριῶν
2375 4523 2878 4594 ὲπιδεὸαιουμένου,
2922 4522 3016 4575 καὶ
3061 4521 3467 4591 συνισταμένου,
3501 4520 3574 4580 ὡς
3615 4518 3690 4568 ὲν·

2133 4615 2308 4670 ταῦθα
2346 4615 2517 4686 ψιλῶς
2559 4615 2587 4668 ὁ
2626 4615 2757 4678 Θεὸς
2804 4615 3096 4684 ἐχαρίσατο
3150 4613 3403 4683 συνάψαι,
3442 4612 3516 4673 ὡς
3546 4609 3687 4677 ἔφην,

2133 4710 2282 4779 ἡμᾶς
2329 4707 2450 4760 κατ’
2496 4707 2801 4777 οἰκονομίαν
2852 4705 3218 4776 ἑϐδομήκοντα
3274 4705 3373 4774 μὲν
3424 4706 3515 4758 καὶ
3561 4701 3688 4757 ὀκτὼ

2138 4796 2441 4868 μαρτυρίας
2486 4796 2593 4849 ἀπὸ
2638 4795 2730 4849 τοῦ
2774 4793 3141 4863 Εὑαγγελίου,
3192 4793 3594 4864 τεσσαράκοντα
3638 4790 3686 4843 δὲ

2135 4887 2243 4940 ἀπὸ
2272 4887 2365 4940 τοῦ
2408 4886 2750 4948 Ἀποστόλου,
2783 4885 2876 4937 καὶ
2920 4883 3122 4946 ταύτας
3156 4884 3284 4953 παρ’
3315 4882 3461 4952 αὐτῷ
3509 4883 3585 4942 εἰς
3618 4878 3683 4929 ἔτι

2135 4976 2230 5029 καὶ
2257 4974 2415 5047 δεῦρο
2446 4972 2759 5045 σωζομένας
2801 4990 2859 5026 τε
2905 4972 3002 5026 καὶ
3030 4971 3508 5042 ἀμφιϐαλλομένας
3538 4969 3589 5000 ³·
3621 4962 3684 5027 ὡς

2112 5060 2272 5120 Χεἶναι
2300 5066 2397 5132 τὰς
2427 5068 2609 5130 πάσας
2640 5066 2833 5119 ἑκατὸν
2878 5062 3155 5118 δεκαοκτώ
3174 5078 3188 5094 ’
3223 5060 3600 5130 ἀντιλεγούσας
3636 5055 3682 5108 δὲ

2134 5158 2314 5220 πάσας
2341 5161 2406 5228 τῇ
2438 5156 2605 5211 αὐτοῦ
2655 5155 2983 5228 Μαρκίωνος
3032 5142 3246 5227 γνώμῃ,
3277 5153 3354 5217 ὡς
3401 5152 3682 5221 ἀπὺτπροσο

2133 5246 2282 5300 ώπου
2313 5248 2573 5317 ὀνόματος
2601 5248 2805 5319 Κυρίου
2839 5247 2882 5310 ’⁸,
2912 5245 3000 5298 διὰ
3029 5244 3134 5297 τῶν
3160 5242 3454 5307 δεκαοκτὼ,
3489 5236 3681 5304 καὶτῆς

2136 5333 2299 5388 αὐτοῦ
2332 5335 2564 5402 ὲνδεξίου
2607 5335 2855 5404 εὐλογίας
2901 5333 2987 5388 διὰ
3016 5334 3124 5387 τῶν
3152 5333 3365 5388 ἑκατόν.
3409 5329 3561 5385 Ἀλλά
3603 5321 3685 5379 καὶ

1971 5510 1991 5540 ⁴
2021 5508 2278 5566 Meudosa
2315 5512 2449 5567 haec.

536 5680 648 5751 (86)
688 5683 1013 5749 Προσέθετο
1054 5683 1122 5738 δὲ
1159 5683 1226 5735 ἐν
1272 5682 1350 5747 τῷ
1383 5681 1529 5746 ιδίῳ.
1571 5681 1645 5737 De
1674 5681 1914 5751 Epistola
1955 5683 2022 5740 ad

2143 5687 2423 5745 odiccnses
2460 5695 2715 5744 accurate
2744 5686 2989 5757 disputat
3023 5685 3220 5743 Baron.
3249 5702 3339 5743 an.
3372 5687 3458 5742 60.
