  <div class='ocr_page' id='page_1' title='image "/cluster/home/n/w/nwhite01/storage/ocr_20150623/41/mdp.39015008169818/428.png"; bbox 0 0 3952 6142; ppageno 0'>
   <div class='ocr_carea' id='block_1_1' title="bbox 283 390 389 449">
    <p class='ocr_par' dir='ltr' id='par_1_1' title="bbox 283 390 389 449">
     <span class='ocr_line' id='line_1_1' title="bbox 283 390 389 449; baseline -0.057 0"><span class='ocrx_word' id='word_1_1' title='bbox 283 390 389 449; x_wconf 69' lang='lat' dir='ltr'><strong>8I3</strong></span> 
     </span>
    </p>
   </div>
   <div class='ocr_carea' id='block_1_2' title="bbox 969 377 1879 441">
    <p class='ocr_par' dir='ltr' id='par_1_2' title="bbox 969 379 1879 441">
     <span class='ocr_line' id='line_1_2' title="bbox 969 379 1879 441; baseline -0.008 0"><span class='ocrx_word' id='word_1_2' title='bbox 969 383 1339 441; x_wconf 79' lang='lat' dir='ltr'><strong>ADVERSUS</strong></span> <span class='ocrx_word' id='word_1_3' title='bbox 1379 381 1718 438; x_wconf 66' lang='lat' dir='ltr'><strong>HERESES</strong></span> <span class='ocrx_word' id='word_1_4' title='bbox 1756 379 1879 435; x_wconf 82' lang='lat' dir='ltr'><strong>LIB.</strong></span> 
     </span>
    </p>
   </div>
   <div class='ocr_carea' id='block_1_3' title="bbox 1984 377 2874 441">
    <p class='ocr_par' dir='ltr' id='par_1_3' title="bbox 2009 377 2874 437">
     <span class='ocr_line' id='line_1_3' title="bbox 2009 377 2874 437; baseline 0.001 -2"><span class='ocrx_word' id='word_1_5' title='bbox 2009 378 2172 436; x_wconf 82' lang='lat' dir='ltr'><strong>&#39;I‘OM.</strong></span> <span class='ocrx_word' id='word_1_6' title='bbox 2207 377 2666 437; x_wconf 62' lang='grc' dir='ltr'>ιιι-ιικΕιιΕδ.</span> <span class='ocrx_word' id='word_1_7' title='bbox 2710 380 2874 436; x_wconf 79' lang='lat' dir='ltr'><strong>XLII.</strong></span> 
     </span>
    </p>
   </div>
   <div class='ocr_carea' id='block_1_4' title="bbox 2734 284 2763 307">
    <p class='ocr_par' dir='ltr' id='par_1_4' title="bbox 2734 284 2763 307">
     <span class='ocr_line' id='line_1_4' title="bbox 2734 284 2763 307; baseline 0 0"><span class='ocrx_word' id='word_1_8' title='bbox 2734 284 2763 307; x_wconf 62' lang='grc' dir='ltr'><strong>’δυ</strong></span> 
     </span>
    </p>
   </div>
   <div class='ocr_carea' id='block_1_5' title="bbox 3462 387 3566 445">
    <p class='ocr_par' dir='ltr' id='par_1_5' title="bbox 3462 387 3566 445">
     <span class='ocr_line' id='line_1_5' title="bbox 3462 387 3566 445; baseline 0 -1"><span class='ocrx_word' id='word_1_9' title='bbox 3462 387 3566 445; x_wconf 74' lang='lat' dir='ltr'><strong>8H</strong></span> 
     </span>
    </p>
   </div>
   <div class='ocr_carea' id='block_1_6' title="bbox 279 496 1879 579">
    <p class='ocr_par' dir='ltr' id='par_1_6' title="bbox 279 502 1876 579">
     <span class='ocr_line' id='line_1_6' title="bbox 279 502 1876 579; baseline -0.005 -13"><span class='ocrx_word' id='word_1_10' title='bbox 279 510 371 566; x_wconf 81' lang='grc' dir='ltr'>ἐπ’</span> <span class='ocrx_word' id='word_1_11' title='bbox 392 508 559 579; x_wconf 80' lang='grc' dir='ltr'><strong>ἄλλης</strong></span> <span class='ocrx_word' id='word_1_12' title='bbox 589 506 861 579; x_wconf 81' lang='grc' dir='ltr'>περισσῆς</span> <span class='ocrx_word' id='word_1_13' title='bbox 882 506 1019 577; x_wconf 77' lang='grc' dir='ltr'>πρὸς</span> <span class='ocrx_word' id='word_1_14' title='bbox 1036 506 1131 559; x_wconf 79' lang='grc' dir='ltr'><strong>ἐπί</strong></span> <span class='ocrx_word' id='word_1_15' title='bbox 1157 506 1365 569; x_wconf 80' lang='grc' dir='ltr'><strong>τούτοις</strong></span> <span class='ocrx_word' id='word_1_16' title='bbox 1392 506 1548 568; x_wconf 84' lang='grc' dir='ltr'>ἐκτὸς</span> <span class='ocrx_word' id='word_1_17' title='bbox 1576 504 1670 559; x_wconf 80' lang='grc' dir='ltr'>τοῦ</span> <span class='ocrx_word' id='word_1_18' title='bbox 1698 502 1876 571; x_wconf 80' lang='grc' dir='ltr'>Εὐαγ-</span> 
     </span>
    </p>
   </div>
   <div class='ocr_carea' id='block_1_7' title="bbox 1984 496 3567 579">
    <p class='ocr_par' dir='ltr' id='par_1_7' title="bbox 1984 496 3567 568">
     <span class='ocr_line' id='line_1_7' title="bbox 1984 496 3567 568; baseline 0.006 -16"><span class='ocrx_word' id='word_1_19' title='bbox 1984 497 2152 553; x_wconf 89' lang='lat' dir='ltr'><strong>nium.</strong></span> <span class='ocrx_word' id='word_1_20' title='bbox 2187 496 2375 568; x_wconf 84' lang='lat' dir='ltr'><strong>Neque</strong></span> <span class='ocrx_word' id='word_1_21' title='bbox 2412 499 2561 553; x_wconf 91' lang='lat' dir='ltr'><strong>enim</strong></span> <span class='ocrx_word' id='word_1_22' title='bbox 2598 497 2803 554; x_wconf 79' lang='lat' dir='ltr'><strong>infelici</strong></span> <span class='ocrx_word' id='word_1_23' title='bbox 2844 499 3105 556; x_wconf 78' lang='lat' dir='ltr'><strong>Marcioni</strong></span> <span class='ocrx_word' id='word_1_24' title='bbox 3146 501 3324 559; x_wconf 86' lang='lat' dir='ltr'><strong>visum</strong></span> <span class='ocrx_word' id='word_1_25' title='bbox 3366 513 3453 560; x_wconf 89' lang='lat' dir='ltr'><strong>est</strong></span> <span class='ocrx_word' id='word_1_26' title='bbox 3499 523 3567 562; x_wconf 75' lang='lat' dir='ltr'><strong>ex</strong></span> 
     </span>
    </p>
   </div>
   <div class='ocr_carea' id='block_1_8' title="bbox 279 596 1876 674">
    <p class='ocr_par' dir='ltr' id='par_1_8' title="bbox 279 596 1876 674">
     <span class='ocr_line' id='line_1_8' title="bbox 279 596 1876 674; baseline -0.004 -18"><span class='ocrx_word' id='word_1_27' title='bbox 279 602 465 674; x_wconf 89' lang='grc' dir='ltr'>γελίου</span> <span class='ocrx_word' id='word_1_28' title='bbox 496 601 588 654; x_wconf 78' lang='grc' dir='ltr'>καὶ</span> <span class='ocrx_word' id='word_1_29' title='bbox 615 598 710 653; x_wconf 81' lang='grc' dir='ltr'>τοῦ</span> <span class='ocrx_word' id='word_1_30' title='bbox 754 598 1097 653; x_wconf 85' lang='grc' dir='ltr'>Ἀποστόλου.</span> <span class='ocrx_word' id='word_1_31' title='bbox 1132 599 1207 652; x_wconf 86' lang='grc' dir='ltr'><strong>Οὐ</strong></span> <span class='ocrx_word' id='word_1_32' title='bbox 1234 598 1342 671; x_wconf 84' lang='grc' dir='ltr'><strong>γὰρ</strong></span> <span class='ocrx_word' id='word_1_33' title='bbox 1368 597 1513 662; x_wconf 82' lang='grc' dir='ltr'>ἔδοξε</span> <span class='ocrx_word' id='word_1_34' title='bbox 1542 596 1619 669; x_wconf 79' lang='grc' dir='ltr'><strong>τῷ</strong></span> <span class='ocrx_word' id='word_1_35' title='bbox 1648 596 1876 651; x_wconf 88' lang='grc' dir='ltr'>ἐλεεινο-</span> 
     </span>
    </p>
   </div>
   <div class='ocr_carea' id='block_1_9' title="bbox 282 687 1875 765">
    <p class='ocr_par' dir='ltr' id='par_1_9' title="bbox 282 687 1875 765">
     <span class='ocr_line' id='line_1_9' title="bbox 282 687 1875 765; baseline -0.006 -14"><span class='ocrx_word' id='word_1_36' title='bbox 282 696 434 765; x_wconf 84' lang='grc' dir='ltr'>τάτῳ</span> <span class='ocrx_word' id='word_1_37' title='bbox 468 692 755 764; x_wconf 81' lang='grc' dir='ltr'>Μαρκίωνι</span> <span class='ocrx_word' id='word_1_38' title='bbox 787 691 895 746; x_wconf 79' lang='grc' dir='ltr'><strong>ἀπὸ</strong></span> <span class='ocrx_word' id='word_1_39' title='bbox 923 691 1024 761; x_wconf 81' lang='grc' dir='ltr'>τῆς</span> <span class='ocrx_word' id='word_1_40' title='bbox 1060 690 1198 762; x_wconf 85' lang='grc' dir='ltr'>πρὸς</span> <span class='ocrx_word' id='word_1_41' title='bbox 1235 690 1517 759; x_wconf 82' lang='grc' dir='ltr'><strong>Ἐφεσίους</strong></span> <span class='ocrx_word' id='word_1_42' title='bbox 1546 688 1752 759; x_wconf 88' lang='grc' dir='ltr'>ταύτην</span> <span class='ocrx_word' id='word_1_43' title='bbox 1776 687 1875 760; x_wconf 80' lang='grc' dir='ltr'>τὴν</span> 
     </span>
    </p>
   </div>
   <div class='ocr_carea' id='block_1_10' title="bbox 288 780 1875 859">
    <p class='ocr_par' dir='ltr' id='par_1_10' title="bbox 288 780 1875 859">
     <span class='ocr_line' id='line_1_10' title="bbox 288 780 1875 859; baseline -0.005 -19"><span class='ocrx_word' id='word_1_44' title='bbox 288 784 598 859; x_wconf 79' lang='grc' dir='ltr'>μαρτυρίαν</span> <span class='ocrx_word' id='word_1_45' title='bbox 626 783 829 852; x_wconf 84' lang='grc' dir='ltr'>λέγειν,</span> <span class='ocrx_word' id='word_1_46' title='bbox 863 782 999 837; x_wconf 66' lang='grc' dir='ltr'>ἀλλὰ</span> <span class='ocrx_word' id='word_1_47' title='bbox 1033 783 1131 854; x_wconf 83' lang='grc' dir='ltr'>τῆς</span> <span class='ocrx_word' id='word_1_48' title='bbox 1159 782 1296 853; x_wconf 84' lang='grc' dir='ltr'>πρὸς</span> <span class='ocrx_word' id='word_1_49' title='bbox 1326 780 1644 845; x_wconf 81' lang='grc' dir='ltr'><strong>Λαοδικέας,</strong></span> <span class='ocrx_word' id='word_1_50' title='bbox 1672 780 1771 852; x_wconf 83' lang='grc' dir='ltr'>τῆς</span> <span class='ocrx_word' id='word_1_51' title='bbox 1800 780 1875 852; x_wconf 79' lang='grc' dir='ltr'>μὴ</span> 
     </span>
    </p>
   </div>
   <div class='ocr_carea' id='block_1_11' title="bbox 283 867 1875 948">
    <p class='ocr_par' dir='ltr' id='par_1_11' title="bbox 283 867 1875 948">
     <span class='ocr_line' id='line_1_11' title="bbox 283 867 1875 948; baseline -0.004 -17"><span class='ocrx_word' id='word_1_52' title='bbox 283 877 457 948; x_wconf 76' lang='grc' dir='ltr'>οὔσης</span> <span class='ocrx_word' id='word_1_53' title='bbox 489 876 546 928; x_wconf 83' lang='grc' dir='ltr'><strong>ἐν</strong></span> <span class='ocrx_word' id='word_1_54' title='bbox 573 874 650 946; x_wconf 78' lang='grc' dir='ltr'>τῷ</span> <span class='ocrx_word' id='word_1_55' title='bbox 684 873 1009 944; x_wconf 77' lang='grc' dir='ltr'>Ἀποστόλῳ’</span> <span class='ocrx_word' id='word_1_56' title='bbox 1050 867 1131 937; x_wconf 77' lang='grc' dir='ltr'>οἷς</span> <span class='ocrx_word' id='word_1_57' title='bbox 1164 872 1239 943; x_wconf 82' lang='grc' dir='ltr'>μὴ</span> <span class='ocrx_word' id='word_1_58' title='bbox 1270 873 1613 944; x_wconf 79' lang='grc' dir='ltr'><strong>ἐντυγχάνων</strong></span> <span class='ocrx_word' id='word_1_59' title='bbox 1653 871 1875 942; x_wconf 73' lang='grc' dir='ltr'>ἠλιθίως</span> 
     </span>
    </p>
   </div>
   <div class='ocr_carea' id='block_1_12' title="bbox 283 965 1875 1041">
    <p class='ocr_par' dir='ltr' id='par_1_12' title="bbox 283 965 1875 1041">
     <span class='ocr_line' id='line_1_12' title="bbox 283 965 1875 1041; baseline -0.004 -17"><span class='ocrx_word' id='word_1_60' title='bbox 283 972 315 1024; x_wconf 89' lang='grc' dir='ltr'>ὁ</span> <span class='ocrx_word' id='word_1_61' title='bbox 346 968 645 1041; x_wconf 84' lang='grc' dir='ltr'>κτηνώδης,</span> <span class='ocrx_word' id='word_1_62' title='bbox 678 970 774 1022; x_wconf 70' lang='grc' dir='ltr'>καὶ</span> <span class='ocrx_word' id='word_1_63' title='bbox 803 970 861 1020; x_wconf 85' lang='grc' dir='ltr'><strong>ἐν</strong></span> <span class='ocrx_word' id='word_1_64' title='bbox 892 966 1106 1031; x_wconf 79' lang='grc' dir='ltr'><strong>πολλοῖς</strong></span> <span class='ocrx_word' id='word_1_65' title='bbox 1135 965 1315 1021; x_wconf 87' lang='grc' dir='ltr'>πεσὼν</span> <span class='ocrx_word' id='word_1_66' title='bbox 1341 968 1370 1019; x_wconf 86' lang='grc' dir='ltr'><strong>ὁ</strong></span> <span class='ocrx_word' id='word_1_67' title='bbox 1398 965 1587 1031; x_wconf 83' lang='grc' dir='ltr'>τάλας,</span> <span class='ocrx_word' id='word_1_68' title='bbox 1627 965 1728 1035; x_wconf 87' lang='grc' dir='ltr'><strong>ούχ</strong></span> <span class='ocrx_word' id='word_1_69' title='bbox 1772 965 1875 1037; x_wconf 82' lang='grc' dir='ltr'><strong>ὁρᾷ</strong></span> 
     </span>
    </p>
   </div>
   <div class='ocr_carea' id='block_1_13' title="bbox 283 1052 1877 1129">
    <p class='ocr_par' dir='ltr' id='par_1_13' title="bbox 283 1052 1877 1129">
     <span class='ocr_line' id='line_1_13' title="bbox 283 1052 1877 1129; baseline -0.004 -19"><span class='ocrx_word' id='word_1_70' title='bbox 283 1057 384 1129; x_wconf 80' lang='grc' dir='ltr'>τὴν</span> <span class='ocrx_word' id='word_1_71' title='bbox 411 1058 536 1110; x_wconf 73' lang='grc' dir='ltr'>κατ’</span> <span class='ocrx_word' id='word_1_72' title='bbox 569 1054 735 1110; x_wconf 82' lang='grc' dir='ltr'>αὐτοῦ</span> <span class='ocrx_word' id='word_1_73' title='bbox 775 1054 1088 1126; x_wconf 81' lang='grc' dir='ltr'>ἀνατροπὴν</span> <span class='ocrx_word' id='word_1_74' title='bbox 1142 1052 1261 1108; x_wconf 89' lang='grc' dir='ltr'>καθ’</span> <span class='ocrx_word' id='word_1_75' title='bbox 1306 1054 1542 1125; x_wconf 82' lang='grc' dir='ltr'>ἑκάστην</span> <span class='ocrx_word' id='word_1_76' title='bbox 1586 1054 1877 1123; x_wconf 83' lang='grc' dir='ltr'>ὁμολογου-</span> 
     </span>
    </p>
   </div>
   <div class='ocr_carea' id='block_1_14' title="bbox 287 1141 1875 1220">
    <p class='ocr_par' dir='ltr' id='par_1_14' title="bbox 287 1141 1875 1220">
     <span class='ocr_line' id='line_1_14' title="bbox 287 1141 1875 1220; baseline -0.02 1"><span class='ocrx_word' id='word_1_77' title='bbox 287 1149 480 1220; x_wconf 79' lang='grc' dir='ltr'>μένην-</span> <span class='ocrx_word' id='word_1_78' title='bbox 532 1146 642 1200; x_wconf 73' lang='grc' dir='ltr'><strong>Καὶ</strong></span> <span class='ocrx_word' id='word_1_79' title='bbox 698 1144 887 1217; x_wconf 71' lang='grc' dir='ltr'>μηδεὶς</span> <span class='ocrx_word' id='word_1_80' title='bbox 935 1144 1263 1215; x_wconf 78' lang='grc' dir='ltr'><strong>θαυμαζέτω</strong></span> <span class='ocrx_word' id='word_1_81' title='bbox 1312 1144 1441 1215; x_wconf 83' lang='grc' dir='ltr'>περι</span> <span class='ocrx_word' id='word_1_82' title='bbox 1492 1142 1703 1197; x_wconf 88' lang='grc' dir='ltr'>τούτου.</span> <span class='ocrx_word' id='word_1_83' title='bbox 1751 1141 1875 1205; x_wconf 63' lang='lat' dir='ltr'><strong>ne;</strong></span> 
     </span>
    </p>
   </div>
   <div class='ocr_carea' id='block_1_15' title="bbox 284 1231 1874 1313">
    <p class='ocr_par' dir='ltr' id='par_1_15' title="bbox 284 1231 1874 1313">
     <span class='ocr_line' id='line_1_15' title="bbox 284 1231 1874 1313; baseline -0.004 -18"><span class='ocrx_word' id='word_1_84' title='bbox 284 1243 398 1313; x_wconf 84' lang='grc' dir='ltr'><strong>γὰρ</strong></span> <span class='ocrx_word' id='word_1_85' title='bbox 454 1238 687 1309; x_wconf 70' lang='grc' dir='ltr'>ἠδύνατο</span> <span class='ocrx_word' id='word_1_86' title='bbox 732 1231 911 1303; x_wconf 73' lang='grc' dir='ltr'>οὗτος,</span> <span class='ocrx_word' id='word_1_87' title='bbox 965 1237 1431 1308; x_wconf 77' lang='grc' dir='ltr'><strong>ἐπαγγειλάμενος</strong></span> <span class='ocrx_word' id='word_1_88' title='bbox 1474 1236 1618 1306; x_wconf 79' lang='grc' dir='ltr'>ἔχειν</span> <span class='ocrx_word' id='word_1_89' title='bbox 1672 1253 1727 1288; x_wconf 90' lang='grc' dir='ltr'><strong>τι</strong></span> <span class='ocrx_word' id='word_1_90' title='bbox 1779 1233 1874 1288; x_wconf 81' lang='grc' dir='ltr'>τοῦ</span> 
     </span>
    </p>
   </div>
   <div class='ocr_carea' id='block_1_16' title="bbox 283 1326 1876 1401">
    <p class='ocr_par' dir='ltr' id='par_1_16' title="bbox 283 1326 1876 1401">
     <span class='ocr_line' id='line_1_16' title="bbox 283 1326 1876 1401; baseline -0.003 -15"><span class='ocrx_word' id='word_1_91' title='bbox 283 1330 620 1401; x_wconf 86' lang='grc' dir='ltr'>Εύαγγελίου</span> <span class='ocrx_word' id='word_1_92' title='bbox 670 1329 766 1384; x_wconf 75' lang='grc' dir='ltr'><strong>καὶ</strong></span> <span class='ocrx_word' id='word_1_93' title='bbox 799 1328 893 1382; x_wconf 80' lang='grc' dir='ltr'><strong>τοῦ</strong></span> <span class='ocrx_word' id='word_1_94' title='bbox 941 1330 1283 1392; x_wconf 85' lang='grc' dir='ltr'>’Δποστόλου,</span> <span class='ocrx_word' id='word_1_95' title='bbox 1337 1327 1412 1400; x_wconf 78' lang='grc' dir='ltr'>μὴ</span> <span class='ocrx_word' id='word_1_96' title='bbox 1439 1327 1560 1399; x_wconf 79' lang='grc' dir='ltr'>οὐχὶ</span> <span class='ocrx_word' id='word_1_97' title='bbox 1588 1326 1693 1381; x_wconf 77' lang='grc' dir='ltr'>κᾶν</span> <span class='ocrx_word' id='word_1_98' title='bbox 1719 1327 1876 1398; x_wconf 84' lang='grc' dir='ltr'>ὀλίγα</span> 
     </span>
    </p>
   </div>
   <div class='ocr_carea' id='block_1_17' title="bbox 283 1418 1877 1495">
    <p class='ocr_par' dir='ltr' id='par_1_17' title="bbox 283 1418 1877 1495">
     <span class='ocr_line' id='line_1_17' title="bbox 283 1418 1877 1495; baseline -0.003 -17"><span class='ocrx_word' id='word_1_99' title='bbox 283 1426 386 1491; x_wconf 82' lang='grc' dir='ltr'>τῆς</span> <span class='ocrx_word' id='word_1_100' title='bbox 424 1424 649 1495; x_wconf 79' lang='grc' dir='ltr'>Γραφῆς</span> <span class='ocrx_word' id='word_1_101' title='bbox 690 1421 885 1487; x_wconf 78' lang='grc' dir='ltr'>σώζειν</span> <span class='ocrx_word' id='word_1_102' title='bbox 924 1422 1179 1492; x_wconf 78' lang='grc' dir='ltr'>ρήματα;</span> <span class='ocrx_word' id='word_1_103' title='bbox 1213 1419 1376 1474; x_wconf 88' lang='grc' dir='ltr'>Ὄλου</span> <span class='ocrx_word' id='word_1_104' title='bbox 1410 1420 1518 1492; x_wconf 78' lang='grc' dir='ltr'>γὰρ</span> <span class='ocrx_word' id='word_1_105' title='bbox 1545 1420 1640 1473; x_wconf 80' lang='grc' dir='ltr'><strong>τοῦ</strong></span> <span class='ocrx_word' id='word_1_106' title='bbox 1689 1418 1877 1491; x_wconf 83' lang='grc' dir='ltr'>σώμα·</span> 
     </span>
    </p>
   </div>
   <div class='ocr_carea' id='block_1_18' title="bbox 282 1510 1875 1582">
    <p class='ocr_par' dir='ltr' id='par_1_18' title="bbox 282 1510 1875 1582">
     <span class='ocr_line' id='line_1_18' title="bbox 282 1510 1875 1582; baseline -0.003 -15"><span class='ocrx_word' id='word_1_107' title='bbox 282 1532 381 1579; x_wconf 82' lang='grc' dir='ltr'><strong>τος</strong></span> <span class='ocrx_word' id='word_1_108' title='bbox 415 1513 679 1578; x_wconf 75' lang='grc' dir='ltr'>σώζοντος</span> <span class='ocrx_word' id='word_1_109' title='bbox 714 1513 753 1578; x_wconf 73' lang='grc'>⁸,</span> <span class='ocrx_word' id='word_1_110' title='bbox 786 1512 862 1575; x_wconf 85' lang='grc' dir='ltr'><strong>ὡς</strong></span> <span class='ocrx_word' id='word_1_111' title='bbox 896 1513 1090 1575; x_wconf 86' lang='grc' dir='ltr'>εἰπεῖν,</span> <span class='ocrx_word' id='word_1_112' title='bbox 1121 1512 1221 1581; x_wconf 85' lang='grc' dir='ltr'>τῆς</span> <span class='ocrx_word' id='word_1_113' title='bbox 1254 1510 1407 1574; x_wconf 78' lang='grc' dir='ltr'>θείας</span> <span class='ocrx_word' id='word_1_114' title='bbox 1440 1511 1685 1582; x_wconf 79' lang='grc' dir='ltr'>Γραφῆς,</span> <span class='ocrx_word' id='word_1_115' title='bbox 1724 1513 1875 1563; x_wconf 77' lang='grc' dir='ltr'>ποῖον</span> 
     </span>
    </p>
   </div>
   <div class='ocr_carea' id='block_1_19' title="bbox 283 1600 1876 1677">
    <p class='ocr_par' dir='ltr' id='par_1_19' title="bbox 283 1600 1876 1677">
     <span class='ocr_line' id='line_1_19' title="bbox 283 1600 1876 1677; baseline -0.005 -17"><span class='ocrx_word' id='word_1_116' title='bbox 283 1606 511 1677; x_wconf 75' lang='grc' dir='ltr'>εὕρισκε</span> <span class='ocrx_word' id='word_1_117' title='bbox 553 1605 713 1675; x_wconf 84' lang='grc' dir='ltr'>μέλος</span> <span class='ocrx_word' id='word_1_118' title='bbox 747 1602 938 1677; x_wconf 82' lang='grc' dir='ltr'>νεκρὸν</span> <span class='ocrx_word' id='word_1_119' title='bbox 978 1602 1121 1657; x_wconf 83' lang='grc' dir='ltr'>κατὰ</span> <span class='ocrx_word' id='word_1_120' title='bbox 1160 1602 1258 1674; x_wconf 83' lang='grc' dir='ltr'>τὴν</span> <span class='ocrx_word' id='word_1_121' title='bbox 1294 1601 1459 1655; x_wconf 79' lang='grc' dir='ltr'>αὐτοῦ</span> <span class='ocrx_word' id='word_1_122' title='bbox 1507 1600 1752 1671; x_wconf 88' lang='grc' dir='ltr'>γνώμην,</span> <span class='ocrx_word' id='word_1_123' title='bbox 1788 1600 1876 1653; x_wconf 83' lang='grc' dir='ltr'>ἵνα</span> 
     </span>
    </p>
   </div>
   <div class='ocr_carea' id='block_1_20' title="bbox 285 1691 1876 1769">
    <p class='ocr_par' dir='ltr' id='par_1_20' title="bbox 285 1691 1876 1769">
     <span class='ocr_line' id='line_1_20' title="bbox 285 1691 1876 1769; baseline -0.004 -17"><span class='ocrx_word' id='word_1_124' title='bbox 285 1696 677 1769; x_wconf 83' lang='grc' dir='ltr'>παρεισαγάγῃ</span> <span class='ocrx_word' id='word_1_125' title='bbox 697 1694 891 1765; x_wconf 75' lang='grc' dir='ltr'>ψεῦδος</span> <span class='ocrx_word' id='word_1_126' title='bbox 917 1694 1056 1750; x_wconf 85' lang='grc' dir='ltr'>κατὰ</span> <span class='ocrx_word' id='word_1_127' title='bbox 1090 1695 1188 1765; x_wconf 84' lang='grc' dir='ltr'>τῆς</span> <span class='ocrx_word' id='word_1_128' title='bbox 1227 1693 1521 1764; x_wconf 86' lang='grc' dir='ltr'>ἀληθείας;</span> <span class='ocrx_word' id='word_1_129' title='bbox 1579 1691 1830 1755; x_wconf 83' lang='grc' dir='ltr'>Ἀλλοίως</span> <span class='ocrx_word' id='word_1_130' title='bbox 1855 1693 1876 1723; x_wconf 78' lang='grc'><strong>⁸</strong></span> 
     </span>
    </p>
   </div>
   <div class='ocr_carea' id='block_1_21' title="bbox 284 1783 1875 1858">
    <p class='ocr_par' dir='ltr' id='par_1_21' title="bbox 284 1783 1875 1858">
     <span class='ocr_line' id='line_1_21' title="bbox 284 1783 1875 1858; baseline -0.003 -15"><span class='ocrx_word' id='word_1_131' title='bbox 284 1792 463 1843; x_wconf 80' lang='grc' dir='ltr'>εἰπεῖν</span> <span class='ocrx_word' id='word_1_132' title='bbox 492 1786 754 1858; x_wconf 81' lang='grc' dir='ltr'>ἐλώϐησε,</span> <span class='ocrx_word' id='word_1_133' title='bbox 798 1787 890 1840; x_wconf 75' lang='grc' dir='ltr'>καὶ</span> <span class='ocrx_word' id='word_1_134' title='bbox 922 1786 1331 1857; x_wconf 84' lang='grc' dir='ltr'>άκροτηριάσας</span> <span class='ocrx_word' id='word_1_135' title='bbox 1382 1784 1659 1856; x_wconf 68' lang='grc' dir='ltr'>παρέκοψε</span> <span class='ocrx_word' id='word_1_136' title='bbox 1704 1783 1875 1839; x_wconf 80' lang='grc' dir='ltr'>πολλὰ</span> 
     </span>
    </p>
   </div>
   <div class='ocr_carea' id='block_1_22' title="bbox 1977 589 3565 664">
    <p class='ocr_par' dir='ltr' id='par_1_22' title="bbox 1977 589 3565 664">
     <span class='ocr_line' id='line_1_22' title="bbox 1977 589 3565 664; baseline 0.004 -19"><span class='ocrx_word' id='word_1_137' title='bbox 1977 589 2222 661; x_wconf 85' lang='lat' dir='ltr'><strong>Epistola</strong></span> <span class='ocrx_word' id='word_1_138' title='bbox 2264 590 2340 645; x_wconf 86' lang='lat' dir='ltr'><strong>ad</strong></span> <span class='ocrx_word' id='word_1_139' title='bbox 2387 589 2656 660; x_wconf 78' lang='lat' dir='ltr'><strong>Ephesios</strong></span> <span class='ocrx_word' id='word_1_140' title='bbox 2716 592 3096 649; x_wconf 75' lang='lat' dir='ltr'><strong>auctoritatem</strong></span> <span class='ocrx_word' id='word_1_141' title='bbox 3135 594 3285 650; x_wconf 85' lang='lat' dir='ltr'><strong>illam</strong></span> <span class='ocrx_word' id='word_1_142' title='bbox 3336 596 3565 664; x_wconf 74' lang='lat' dir='ltr'><strong>afferre;</strong></span> 
     </span>
    </p>
   </div>
   <div class='ocr_carea' id='block_1_23' title="bbox 1977 680 3566 761">
    <p class='ocr_par' dir='ltr' id='par_1_23' title="bbox 1977 680 3566 761">
     <span class='ocr_line' id='line_1_23' title="bbox 1977 680 3566 761; baseline 0.004 -24"><span class='ocrx_word' id='word_1_143' title='bbox 1977 681 2073 737; x_wconf 90' lang='lat' dir='ltr'><strong>sed</strong></span> <span class='ocrx_word' id='word_1_144' title='bbox 2102 697 2172 737; x_wconf 81' lang='lat' dir='ltr'><strong>ex</strong></span> <span class='ocrx_word' id='word_1_145' title='bbox 2199 696 2263 738; x_wconf 89' lang='lat' dir='ltr'><strong>ea</strong></span> <span class='ocrx_word' id='word_1_146' title='bbox 2294 681 2361 737; x_wconf 88' lang='lat' dir='ltr'><strong>ad</strong></span> <span class='ocrx_word' id='word_1_147' title='bbox 2392 680 2755 749; x_wconf 87' lang='lat' dir='ltr'><strong>Laodicenos,</strong></span> <span class='ocrx_word' id='word_1_148' title='bbox 2790 698 2912 753; x_wconf 84' lang='lat' dir='ltr'><strong>qua</strong></span> <span class='ocrx_word' id='word_1_149' title='bbox 2947 701 3219 757; x_wconf 85' lang='lat' dir='ltr'><strong>nusquam</strong></span> <span class='ocrx_word' id='word_1_150' title='bbox 3246 689 3388 759; x_wconf 90' lang='lat' dir='ltr'><strong>apud</strong></span> <span class='ocrx_word' id='word_1_151' title='bbox 3418 690 3566 761; x_wconf 80' lang='lat' dir='ltr'><strong>Apo-</strong></span> 
     </span>
    </p>
   </div>
   <div class='ocr_carea' id='block_1_24' title="bbox 1977 773 3565 851">
    <p class='ocr_par' dir='ltr' id='par_1_24' title="bbox 1977 773 3565 851">
     <span class='ocr_line' id='line_1_24' title="bbox 1977 773 3565 851; baseline 0.005 -23"><span class='ocrx_word' id='word_1_152' title='bbox 1977 774 2182 829; x_wconf 87' lang='lat' dir='ltr'><strong>stolum</strong></span> <span class='ocrx_word' id='word_1_153' title='bbox 2213 775 2479 830; x_wconf 89' lang='lat' dir='ltr'><strong>cernitur.</strong></span> <span class='ocrx_word' id='word_1_154' title='bbox 2515 773 2647 841; x_wconf 90' lang='lat' dir='ltr'><strong>Qua</strong></span> <span class='ocrx_word' id='word_1_155' title='bbox 2686 790 2812 831; x_wconf 91' lang='lat' dir='ltr'><strong>cum</strong></span> <span class='ocrx_word' id='word_1_156' title='bbox 2836 791 3007 848; x_wconf 90' lang='lat' dir='ltr'><strong>pecus</strong></span> <span class='ocrx_word' id='word_1_157' title='bbox 3039 779 3133 834; x_wconf 88' lang='lat' dir='ltr'><strong>illa</strong></span> <span class='ocrx_word' id='word_1_158' title='bbox 3171 795 3267 851; x_wconf 86' lang='lat' dir='ltr'><strong>per</strong></span> <span class='ocrx_word' id='word_1_159' title='bbox 3293 797 3565 838; x_wconf 85' lang='lat' dir='ltr'><strong>summam</strong></span> 
     </span>
    </p>
   </div>
   <div class='ocr_carea' id='block_1_25' title="bbox 1981 866 3567 945">
    <p class='ocr_par' dir='ltr' id='par_1_25' title="bbox 1981 866 3567 945">
     <span class='ocr_line' id='line_1_25' title="bbox 1981 866 3567 945; baseline 0.005 -23"><span class='ocrx_word' id='word_1_160' title='bbox 1981 866 2340 922; x_wconf 89' lang='lat' dir='ltr'><strong>stoliditatem</strong></span> <span class='ocrx_word' id='word_1_161' title='bbox 2397 866 2624 924; x_wconf 89' lang='lat' dir='ltr'><strong>minime</strong></span> <span class='ocrx_word' id='word_1_162' title='bbox 2678 867 2891 939; x_wconf 89' lang='lat' dir='ltr'><strong>legerit,</strong></span> <span class='ocrx_word' id='word_1_163' title='bbox 2964 872 3021 925; x_wconf 91' lang='lat' dir='ltr'><strong>in</strong></span> <span class='ocrx_word' id='word_1_164' title='bbox 3080 871 3356 943; x_wconf 80' lang='lat' dir='ltr'><strong>plerisque</strong></span> <span class='ocrx_word' id='word_1_165' title='bbox 3414 875 3567 945; x_wconf 88' lang='lat' dir='ltr'><strong>lapsa</strong></span> 
     </span>
    </p>
   </div>
   <div class='ocr_carea' id='block_1_26' title="bbox 1980 959 3566 1036">
    <p class='ocr_par' dir='ltr' id='par_1_26' title="bbox 1980 959 3566 1036">
     <span class='ocr_line' id='line_1_26' title="bbox 1980 959 3566 1036; baseline 0.005 -24"><span class='ocrx_word' id='word_1_166' title='bbox 1980 973 2144 1029; x_wconf 89' lang='lat' dir='ltr'><strong>quam</strong></span> <span class='ocrx_word' id='word_1_167' title='bbox 2193 959 2486 1015; x_wconf 77' lang='lat' dir='ltr'><strong>manifeste</strong></span> <span class='ocrx_word' id='word_1_168' title='bbox 2538 961 2594 1015; x_wconf 91' lang='lat' dir='ltr'><strong>in</strong></span> <span class='ocrx_word' id='word_1_169' title='bbox 2634 960 2865 1031; x_wconf 80' lang='lat' dir='ltr'><strong>singulis</strong></span> <span class='ocrx_word' id='word_1_170' title='bbox 2900 962 3154 1018; x_wconf 84' lang='lat' dir='ltr'><strong>convinci</strong></span> <span class='ocrx_word' id='word_1_171' title='bbox 3208 979 3273 1020; x_wconf 92' lang='lat' dir='ltr'><strong>ac</strong></span> <span class='ocrx_word' id='word_1_172' title='bbox 3312 965 3566 1036; x_wconf 79' lang='lat' dir='ltr'><strong>redargui</strong></span> 
     </span>
    </p>
   </div>
   <div class='ocr_carea' id='block_1_27' title="bbox 1978 1053 3567 1127">
    <p class='ocr_par' dir='ltr' id='par_1_27' title="bbox 1978 1053 3567 1127">
     <span class='ocr_line' id='line_1_27' title="bbox 1978 1053 3567 1127; baseline 0.004 -21"><span class='ocrx_word' id='word_1_173' title='bbox 1978 1061 2167 1125; x_wconf 85' lang='lat' dir='ltr'><strong>posset</strong></span> <span class='ocrx_word' id='word_1_174' title='bbox 2215 1066 2562 1123; x_wconf 87' lang='lat' dir='ltr'><strong>nequaquam</strong></span> <span class='ocrx_word' id='word_1_175' title='bbox 2612 1053 3022 1109; x_wconf 81' lang='lat' dir='ltr'><strong>animadvertit.</strong></span> <span class='ocrx_word' id='word_1_176' title='bbox 3059 1054 3249 1127; x_wconf 83' lang='lat' dir='ltr'><strong>Neque</strong></span> <span class='ocrx_word' id='word_1_177' title='bbox 3290 1073 3421 1114; x_wconf 87' lang='lat' dir='ltr'><strong>vero</strong></span> <span class='ocrx_word' id='word_1_178' title='bbox 3448 1060 3567 1113; x_wconf 86' lang='lat' dir='ltr'><strong>eui-</strong></span> 
     </span>
    </p>
   </div>
   <div class='ocr_carea' id='block_1_28' title="bbox 1980 1142 3566 1221">
    <p class='ocr_par' dir='ltr' id='par_1_28' title="bbox 1980 1142 3566 1221">
     <span class='ocr_line' id='line_1_28' title="bbox 1980 1142 3566 1221; baseline 0.005 -25"><span class='ocrx_word' id='word_1_179' title='bbox 1980 1144 2125 1213; x_wconf 89' lang='lat' dir='ltr'><strong>piam</strong></span> <span class='ocrx_word' id='word_1_180' title='bbox 2156 1143 2355 1197; x_wconf 90' lang='lat' dir='ltr'><strong>mirum</strong></span> <span class='ocrx_word' id='word_1_181' title='bbox 2391 1142 2525 1198; x_wconf 91' lang='lat' dir='ltr'><strong>illud</strong></span> <span class='ocrx_word' id='word_1_182' title='bbox 2551 1144 2729 1199; x_wconf 89' lang='lat' dir='ltr'><strong>videri</strong></span> <span class='ocrx_word' id='word_1_183' title='bbox 2754 1145 2936 1203; x_wconf 82' lang='lat' dir='ltr'><strong>debet.</strong></span> <span class='ocrx_word' id='word_1_184' title='bbox 2977 1147 3081 1213; x_wconf 86' lang='lat' dir='ltr'><strong>Qui</strong></span> <span class='ocrx_word' id='word_1_185' title='bbox 3112 1149 3258 1204; x_wconf 87' lang='lat' dir='ltr'><strong>enim</strong></span> <span class='ocrx_word' id='word_1_186' title='bbox 3286 1148 3566 1221; x_wconf 78' lang='lat' dir='ltr'><strong>Evangelii</strong></span> 
     </span>
    </p>
   </div>
   <div class='ocr_carea' id='block_1_29' title="bbox 1978 1234 3571 1310">
    <p class='ocr_par' dir='ltr' id='par_1_29' title="bbox 1978 1234 3571 1310">
     <span class='ocr_line' id='line_1_29' title="bbox 1978 1234 3571 1310; baseline 0.006 -22"><span class='ocrx_word' id='word_1_187' title='bbox 1978 1234 2186 1305; x_wconf 87' lang='lat' dir='ltr'><strong>aliquid</strong></span> <span class='ocrx_word' id='word_1_188' title='bbox 2225 1245 2280 1291; x_wconf 93' lang='lat' dir='ltr'><strong>et</strong></span> <span class='ocrx_word' id='word_1_189' title='bbox 2318 1236 2567 1306; x_wconf 82' lang='lat' dir='ltr'><strong>Apostoli</strong></span> <span class='ocrx_word' id='word_1_190' title='bbox 2617 1236 2817 1292; x_wconf 87' lang='lat' dir='ltr'><strong>habere</strong></span> <span class='ocrx_word' id='word_1_191' title='bbox 2864 1252 2923 1294; x_wconf 89' lang='lat' dir='ltr'><strong>se</strong></span> <span class='ocrx_word' id='word_1_192' title='bbox 2965 1239 3337 1310; x_wconf 89' lang='lat' dir='ltr'><strong>proﬁteretur,</strong></span> <span class='ocrx_word' id='word_1_193' title='bbox 3381 1241 3571 1298; x_wconf 89' lang='lat' dir='ltr'><strong>ﬁerine</strong></span> 
     </span>
    </p>
   </div>
   <div class='ocr_carea' id='block_1_30' title="bbox 1980 1328 3570 1402">
    <p class='ocr_par' dir='ltr' id='par_1_30' title="bbox 1980 1328 3570 1402">
     <span class='ocr_line' id='line_1_30' title="bbox 1980 1328 3570 1402; baseline 0.003 -19"><span class='ocrx_word' id='word_1_194' title='bbox 1980 1329 2179 1398; x_wconf 91' lang='lat' dir='ltr'><strong>potuit,</strong></span> <span class='ocrx_word' id='word_1_195' title='bbox 2215 1334 2276 1382; x_wconf 92' lang='lat' dir='ltr'><strong>ut</strong></span> <span class='ocrx_word' id='word_1_196' title='bbox 2302 1343 2412 1382; x_wconf 91' lang='lat' dir='ltr'><strong>non</strong></span> <span class='ocrx_word' id='word_1_197' title='bbox 2442 1343 2614 1398; x_wconf 87' lang='lat' dir='ltr'><strong>pauca</strong></span> <span class='ocrx_word' id='word_1_198' title='bbox 2659 1330 2856 1385; x_wconf 90' lang='lat' dir='ltr'><strong>saltem</strong></span> <span class='ocrx_word' id='word_1_199' title='bbox 2904 1328 3206 1402; x_wconf 83' lang='lat' dir='ltr'><strong>Scriptura</strong></span> <span class='ocrx_word' id='word_1_200' title='bbox 3240 1334 3410 1390; x_wconf 87' lang='lat' dir='ltr'><strong>verba</strong></span> <span class='ocrx_word' id='word_1_201' title='bbox 3440 1336 3570 1390; x_wconf 89' lang='lat' dir='ltr'><strong>reti-</strong></span> 
     </span>
    </p>
   </div>
   <div class='ocr_carea' id='block_1_31' title="bbox 1977 1416 3571 1492">
    <p class='ocr_par' dir='ltr' id='par_1_31' title="bbox 1977 1416 3571 1492">
     <span class='ocr_line' id='line_1_31' title="bbox 1977 1416 3571 1492; baseline 0.003 -19"><span class='ocrx_word' id='word_1_202' title='bbox 1977 1418 2172 1474; x_wconf 82' lang='lat' dir='ltr'><strong>neret?</strong></span> <span class='ocrx_word' id='word_1_203' title='bbox 2221 1416 2438 1489; x_wconf 84' lang='lat' dir='ltr'><strong>Quippe</strong></span> <span class='ocrx_word' id='word_1_204' title='bbox 2485 1433 2610 1473; x_wconf 90' lang='lat' dir='ltr'><strong>eum</strong></span> <span class='ocrx_word' id='word_1_205' title='bbox 2666 1426 2844 1474; x_wconf 91' lang='lat' dir='ltr'><strong>totum</strong></span> <span class='ocrx_word' id='word_1_206' title='bbox 2899 1418 3198 1492; x_wconf 74' lang='lat' dir='ltr'><strong>Scriptura:</strong></span> <span class='ocrx_word' id='word_1_207' title='bbox 3245 1422 3430 1476; x_wconf 90' lang='lat' dir='ltr'><strong>vivum</strong></span> <span class='ocrx_word' id='word_1_208' title='bbox 3476 1422 3571 1486; x_wconf 90' lang='lat' dir='ltr'><strong>sit,</strong></span> 
     </span>
    </p>
   </div>
   <div class='ocr_carea' id='block_1_32' title="bbox 1977 1506 3571 1579">
    <p class='ocr_par' dir='ltr' id='par_1_32' title="bbox 1977 1506 3571 1579">
     <span class='ocr_line' id='line_1_32' title="bbox 1977 1506 3571 1579; baseline 0.001 -18"><span class='ocrx_word' id='word_1_209' title='bbox 1977 1515 2039 1561; x_wconf 89' lang='lat' dir='ltr'><strong>ut</strong></span> <span class='ocrx_word' id='word_1_210' title='bbox 2089 1507 2164 1560; x_wconf 90' lang='lat' dir='ltr'><strong>ita</strong></span> <span class='ocrx_word' id='word_1_211' title='bbox 2209 1506 2469 1572; x_wconf 79' lang='lat' dir='ltr'><strong>dixerim,</strong></span> <span class='ocrx_word' id='word_1_212' title='bbox 2521 1522 2745 1578; x_wconf 88' lang='lat' dir='ltr'><strong>corpus,</strong></span> <span class='ocrx_word' id='word_1_213' title='bbox 2786 1509 3034 1579; x_wconf 90' lang='lat' dir='ltr'><strong>potuitne</strong></span> <span class='ocrx_word' id='word_1_214' title='bbox 3078 1518 3358 1565; x_wconf 86' lang='lat' dir='ltr'><strong>mortuum</strong></span> <span class='ocrx_word' id='word_1_215' title='bbox 3397 1511 3571 1565; x_wconf 88' lang='lat' dir='ltr'><strong>ullum</strong></span> 
     </span>
    </p>
   </div>
   <div class='ocr_carea' id='block_1_33' title="bbox 1978 1596 3571 1672">
    <p class='ocr_par' dir='ltr' id='par_1_33' title="bbox 1978 1596 3571 1672">
     <span class='ocr_line' id='line_1_33' title="bbox 1978 1596 3571 1672; baseline 0.001 -21"><span class='ocrx_word' id='word_1_216' title='bbox 1978 1596 2285 1652; x_wconf 89' lang='lat' dir='ltr'><strong>membrum</strong></span> <span class='ocrx_word' id='word_1_217' title='bbox 2314 1612 2413 1668; x_wconf 92' lang='lat' dir='ltr'><strong>pro</strong></span> <span class='ocrx_word' id='word_1_218' title='bbox 2449 1598 2618 1653; x_wconf 89' lang='lat' dir='ltr'><strong>animi</strong></span> <span class='ocrx_word' id='word_1_219' title='bbox 2646 1599 2730 1654; x_wconf 91' lang='lat' dir='ltr'><strong>sui</strong></span> <span class='ocrx_word' id='word_1_220' title='bbox 2765 1600 2990 1655; x_wconf 86' lang='lat' dir='ltr'><strong>libidine</strong></span> <span class='ocrx_word' id='word_1_221' title='bbox 3037 1600 3298 1670; x_wconf 89' lang='lat' dir='ltr'><strong>reperire,</strong></span> <span class='ocrx_word' id='word_1_222' title='bbox 3324 1601 3471 1672; x_wconf 90' lang='lat' dir='ltr'><strong>quod</strong></span> <span class='ocrx_word' id='word_1_223' title='bbox 3502 1601 3571 1655; x_wconf 88' lang='lat' dir='ltr'><strong>ad</strong></span> 
     </span>
    </p>
   </div>
   <div class='ocr_carea' id='block_1_34' title="bbox 1976 1688 3572 1763">
    <p class='ocr_par' dir='ltr' id='par_1_34' title="bbox 1976 1688 3572 1763">
     <span class='ocr_line' id='line_1_34' title="bbox 1976 1688 3572 1763; baseline 0 -17"><span class='ocrx_word' id='word_1_224' title='bbox 1976 1688 2366 1746; x_wconf 80' lang='lat' dir='ltr'><strong>Stabiliendum</strong></span> <span class='ocrx_word' id='word_1_225' title='bbox 2416 1688 2763 1744; x_wconf 82' lang='lat' dir='ltr'><strong>mendacium</strong></span> <span class='ocrx_word' id='word_1_226' title='bbox 2800 1699 2995 1747; x_wconf 87' lang='lat' dir='ltr'><strong>contra</strong></span> <span class='ocrx_word' id='word_1_227' title='bbox 3029 1693 3312 1747; x_wconf 87' lang='lat' dir='ltr'><strong>veritatem</strong></span> <span class='ocrx_word' id='word_1_228' title='bbox 3358 1692 3572 1763; x_wconf 86' lang='lat' dir='ltr'><strong>profer-</strong></span> 
     </span>
    </p>
   </div>
   <div class='ocr_carea' id='block_1_35' title="bbox 1978 1778 3571 1854">
    <p class='ocr_par' dir='ltr' id='par_1_35' title="bbox 1978 1778 3571 1854">
     <span class='ocr_line' id='line_1_35' title="bbox 1978 1778 3571 1854; baseline 0.004 -21"><span class='ocrx_word' id='word_1_229' title='bbox 1978 1781 2097 1836; x_wconf 86' lang='lat' dir='ltr'><strong>ret?</strong></span> <span class='ocrx_word' id='word_1_230' title='bbox 2146 1778 2330 1846; x_wconf 84' lang='lat' dir='ltr'><strong>Quare</strong></span> <span class='ocrx_word' id='word_1_231' title='bbox 2381 1796 2583 1851; x_wconf 87' lang='lat' dir='ltr'><strong>corpus</strong></span> <span class='ocrx_word' id='word_1_232' title='bbox 2626 1781 2807 1851; x_wconf 90' lang='lat' dir='ltr'><strong>ipsum</strong></span> <span class='ocrx_word' id='word_1_233' title='bbox 2869 1783 3143 1849; x_wconf 86' lang='lat' dir='ltr'><strong>mutilare,</strong></span> <span class='ocrx_word' id='word_1_234' title='bbox 3201 1798 3265 1838; x_wconf 87' lang='lat' dir='ltr'><strong>ac</strong></span> <span class='ocrx_word' id='word_1_235' title='bbox 3311 1784 3571 1854; x_wconf 87' lang='lat' dir='ltr'><strong>pleraque</strong></span> 
     </span>
    </p>
   </div>
   <div class='ocr_carea' id='block_1_36' title="bbox 284 1870 1879 1951">
    <p class='ocr_par' dir='ltr' id='par_1_36' title="bbox 284 1876 1878 1951">
     <span class='ocr_line' id='line_1_36' title="bbox 284 1876 1878 1951; baseline -0.003 -17"><span class='ocrx_word' id='word_1_236' title='bbox 284 1880 396 1934; x_wconf 83' lang='grc' dir='ltr'>τῶν</span> <span class='ocrx_word' id='word_1_237' title='bbox 438 1878 636 1951; x_wconf 84' lang='grc' dir='ltr'>μελῶν.</span> <span class='ocrx_word' id='word_1_238' title='bbox 668 1878 899 1948; x_wconf 84' lang='grc' dir='ltr'>κατέσχε</span> <span class='ocrx_word' id='word_1_239' title='bbox 931 1878 987 1931; x_wconf 83' lang='grc' dir='ltr'><strong>δὲ</strong></span> <span class='ocrx_word' id='word_1_240' title='bbox 1030 1877 1147 1930; x_wconf 77' lang='grc' dir='ltr'>ἔνιά</span> <span class='ocrx_word' id='word_1_241' title='bbox 1192 1895 1312 1930; x_wconf 88' lang='grc' dir='ltr'>τινα</span> <span class='ocrx_word' id='word_1_242' title='bbox 1350 1880 1481 1949; x_wconf 80' lang='grc' dir='ltr'>παρ’</span> <span class='ocrx_word' id='word_1_243' title='bbox 1525 1876 1723 1949; x_wconf 81' lang='grc' dir='ltr'>ἐαυτῷ.</span> <span class='ocrx_word' id='word_1_244' title='bbox 1769 1878 1878 1931; x_wconf 82' lang='grc' dir='ltr'><strong>Καὶ</strong></span> 
     </span>
    </p>
   </div>
   <div class='ocr_carea' id='block_1_37' title="bbox 1984 1870 3575 1951">
    <p class='ocr_par' dir='ltr' id='par_1_37' title="bbox 1984 1871 3575 1945">
     <span class='ocr_line' id='line_1_37' title="bbox 1984 1871 3575 1945; baseline 0.005 -21"><span class='ocrx_word' id='word_1_245' title='bbox 1984 1871 2227 1926; x_wconf 90' lang='lat' dir='ltr'><strong>membra</strong></span> <span class='ocrx_word' id='word_1_246' title='bbox 2276 1886 2527 1927; x_wconf 86' lang='lat' dir='ltr'><strong>resecare</strong></span> <span class='ocrx_word' id='word_1_247' title='bbox 2577 1874 2840 1939; x_wconf 86' lang='lat' dir='ltr'><strong>instituit,</strong></span> <span class='ocrx_word' id='word_1_248' title='bbox 2901 1889 3138 1945; x_wconf 90' lang='lat' dir='ltr'><strong>quorum</strong></span> <span class='ocrx_word' id='word_1_249' title='bbox 3189 1876 3452 1931; x_wconf 89' lang='lat' dir='ltr'><strong>nonnulla</strong></span> <span class='ocrx_word' id='word_1_250' title='bbox 3505 1877 3575 1932; x_wconf 89' lang='lat' dir='ltr'><strong>ad</strong></span> 
     </span>
    </p>
   </div>
   <div class='ocr_carea' id='block_1_38' title="bbox 284 1966 1879 2038">
    <p class='ocr_par' dir='ltr' id='par_1_38' title="bbox 284 1966 1879 2038">
     <span class='ocr_line' id='line_1_38' title="bbox 284 1966 1879 2038; baseline -0.001 -15"><span class='ocrx_word' id='word_1_251' title='bbox 284 1971 429 2024; x_wconf 75' lang='grc' dir='ltr'>αὐτὰ</span> <span class='ocrx_word' id='word_1_252' title='bbox 465 1968 521 2022; x_wconf 85' lang='grc' dir='ltr'><strong>δὲ</strong></span> <span class='ocrx_word' id='word_1_253' title='bbox 545 1969 614 2022; x_wconf 81' lang='grc' dir='ltr'>τὰ</span> <span class='ocrx_word' id='word_1_254' title='bbox 661 1966 1068 2038; x_wconf 77' lang='grc' dir='ltr'>κατασχεθέντα</span> <span class='ocrx_word' id='word_1_255' title='bbox 1107 1967 1187 2020; x_wconf 77' lang='grc' dir='ltr'>ἔτι</span> <span class='ocrx_word' id='word_1_256' title='bbox 1218 1967 1396 2033; x_wconf 77' lang='grc' dir='ltr'>ζῶντα</span> <span class='ocrx_word' id='word_1_257' title='bbox 1437 1969 1497 2021; x_wconf 83' lang='grc' dir='ltr'>οὐ</span> <span class='ocrx_word' id='word_1_258' title='bbox 1537 1968 1760 2022; x_wconf 89' lang='grc' dir='ltr'>δύναται</span> <span class='ocrx_word' id='word_1_259' title='bbox 1792 1985 1879 2022; x_wconf 85' lang='grc' dir='ltr'>νε-</span> 
     </span>
    </p>
   </div>
   <div class='ocr_carea' id='block_1_39' title="bbox 285 2060 1876 2135">
    <p class='ocr_par' dir='ltr' id='par_1_39' title="bbox 285 2060 1876 2135">
     <span class='ocr_line' id='line_1_39' title="bbox 285 2060 1876 2135; baseline -0.001 -20"><span class='ocrx_word' id='word_1_260' title='bbox 285 2061 584 2135; x_wconf 81' lang='grc' dir='ltr'>κροῦσθαι·</span> <span class='ocrx_word' id='word_1_261' title='bbox 639 2061 753 2115; x_wconf 85' lang='grc' dir='ltr'>ἀλλ’</span> <span class='ocrx_word' id='word_1_262' title='bbox 795 2063 911 2114; x_wconf 74' lang='grc' dir='ltr'>ἐκεῖ</span> <span class='ocrx_word' id='word_1_263' title='bbox 953 2061 973 2092; x_wconf 83' lang='grc'><strong><em>³</em></strong></span> <span class='ocrx_word' id='word_1_264' title='bbox 1029 2060 1130 2131; x_wconf 83' lang='grc' dir='ltr'>μὲν</span> <span class='ocrx_word' id='word_1_265' title='bbox 1174 2060 1235 2114; x_wconf 81' lang='grc' dir='ltr'>τὸ</span> <span class='ocrx_word' id='word_1_266' title='bbox 1282 2060 1511 2124; x_wconf 76' lang='grc' dir='ltr'>ζωτικὸν</span> <span class='ocrx_word' id='word_1_267' title='bbox 1554 2060 1655 2131; x_wconf 82' lang='grc' dir='ltr'>τῆς</span> <span class='ocrx_word' id='word_1_268' title='bbox 1695 2061 1876 2131; x_wconf 84' lang='grc' dir='ltr'>ἐμφά-</span> 
     </span>
    </p>
   </div>
   <div class='ocr_carea' id='block_1_40' title="bbox 288 2152 1878 2226">
    <p class='ocr_par' dir='ltr' id='par_1_40' title="bbox 288 2152 1878 2226">
     <span class='ocr_line' id='line_1_40' title="bbox 288 2152 1878 2226; baseline -0.001 -18"><span class='ocrx_word' id='word_1_269' title='bbox 288 2171 448 2218; x_wconf 88' lang='grc' dir='ltr'>σεως,</span> <span class='ocrx_word' id='word_1_270' title='bbox 478 2154 579 2209; x_wconf 81' lang='grc' dir='ltr'><strong>κάν</strong></span> <span class='ocrx_word' id='word_1_271' title='bbox 628 2171 686 2207; x_wconf 90' lang='grc' dir='ltr'><strong>τε</strong></span> <span class='ocrx_word' id='word_1_272' title='bbox 719 2155 926 2226; x_wconf 85' lang='grc' dir='ltr'>μυρίως</span> <span class='ocrx_word' id='word_1_273' title='bbox 963 2154 1094 2225; x_wconf 86' lang='grc' dir='ltr'>παρ’</span> <span class='ocrx_word' id='word_1_274' title='bbox 1133 2152 1281 2225; x_wconf 86' lang='grc' dir='ltr'><strong>αύτῷ</strong></span> <span class='ocrx_word' id='word_1_275' title='bbox 1318 2153 1460 2208; x_wconf 78' lang='grc' dir='ltr'>κατὰ</span> <span class='ocrx_word' id='word_1_276' title='bbox 1505 2153 1701 2208; x_wconf 87' lang='grc' dir='ltr'>λεπτὸν</span> <span class='ocrx_word' id='word_1_277' title='bbox 1743 2156 1878 2208; x_wconf 72' lang='grc' dir='ltr'>ἀπο-</span> 
     </span>
    </p>
   </div>
   <div class='ocr_carea' id='block_1_41' title="bbox 286 2246 550 2318">
    <p class='ocr_par' dir='ltr' id='par_1_41' title="bbox 286 2246 550 2318">
     <span class='ocr_line' id='line_1_41' title="bbox 286 2246 550 2318; baseline 0.004 -17"><span class='ocrx_word' id='word_1_278' title='bbox 286 2246 550 2318; x_wconf 83' lang='grc' dir='ltr'>τμηθείη.</span> 
     </span>
    </p>
   </div>
   <div class='ocr_carea' id='block_1_42' title="bbox 359 2421 1880 2498">
    <p class='ocr_par' dir='ltr' id='par_1_42' title="bbox 359 2421 1880 2498">
     <span class='ocr_line' id='line_1_42' title="bbox 359 2421 1880 2498; baseline 0.005 -24"><span class='ocrx_word' id='word_1_279' title='bbox 359 2422 455 2475; x_wconf 85' lang='grc' dir='ltr'><strong>1Γ¹.</strong></span> <span class='ocrx_word' id='word_1_280' title='bbox 500 2422 621 2475; x_wconf 86' lang='grc' dir='ltr'>Ἔτι</span> <span class='ocrx_word' id='word_1_281' title='bbox 651 2422 708 2476; x_wconf 81' lang='grc' dir='ltr'><strong>δὲ</strong></span> <span class='ocrx_word' id='word_1_282' title='bbox 748 2421 888 2493; x_wconf 77' lang='grc' dir='ltr'>μετὰ</span> <span class='ocrx_word' id='word_1_283' title='bbox 916 2424 1085 2478; x_wconf 80' lang='grc' dir='ltr'>ταῦτα</span> <span class='ocrx_word' id='word_1_284' title='bbox 1119 2423 1298 2478; x_wconf 86' lang='grc' dir='ltr'>πάντα</span> <span class='ocrx_word' id='word_1_285' title='bbox 1330 2426 1776 2498; x_wconf 84' lang='grc' dir='ltr'>ἐπεμνήσθημεν,</span> <span class='ocrx_word' id='word_1_286' title='bbox 1803 2427 1880 2492; x_wconf 80' lang='grc' dir='ltr'>ὥς</span> 
     </span>
    </p>
   </div>
   <div class='ocr_carea' id='block_1_43' title="bbox 288 2512 1881 2589">
    <p class='ocr_par' dir='ltr' id='par_1_43' title="bbox 288 2512 1881 2589">
     <span class='ocr_line' id='line_1_43' title="bbox 288 2512 1881 2589; baseline 0.004 -25"><span class='ocrx_word' id='word_1_287' title='bbox 288 2529 435 2575; x_wconf 89' lang='grc' dir='ltr'>τινες</span> <span class='ocrx_word' id='word_1_288' title='bbox 464 2512 572 2566; x_wconf 85' lang='grc' dir='ltr'><strong>ἀπὸ</strong></span> <span class='ocrx_word' id='word_1_289' title='bbox 598 2512 708 2567; x_wconf 81' lang='grc' dir='ltr'>τῶν</span> <span class='ocrx_word' id='word_1_290' title='bbox 734 2516 913 2569; x_wconf 70' lang='grc' dir='ltr'>αὐτῶν</span> <span class='ocrx_word' id='word_1_291' title='bbox 940 2515 1394 2586; x_wconf 85' lang='grc' dir='ltr'>Μαρκιωνιστῶν,</span> <span class='ocrx_word' id='word_1_292' title='bbox 1422 2519 1501 2580; x_wconf 86' lang='grc' dir='ltr'><strong>εἰς</strong></span> <span class='ocrx_word' id='word_1_293' title='bbox 1531 2516 1690 2587; x_wconf 76' lang='grc' dir='ltr'>βυθὸν</span> <span class='ocrx_word' id='word_1_294' title='bbox 1718 2518 1881 2589; x_wconf 85' lang='grc' dir='ltr'>βλασ-</span> 
     </span>
    </p>
   </div>
   <div class='ocr_carea' id='block_1_44' title="bbox 290 2603 1878 2680">
    <p class='ocr_par' dir='ltr' id='par_1_44' title="bbox 290 2603 1878 2680">
     <span class='ocr_line' id='line_1_44' title="bbox 290 2603 1878 2680; baseline 0.006 -25"><span class='ocrx_word' id='word_1_295' title='bbox 290 2603 502 2675; x_wconf 83' lang='grc' dir='ltr'>φημίας</span> <span class='ocrx_word' id='word_1_296' title='bbox 547 2607 1071 2677; x_wconf 79' lang='grc' dir='ltr'>παραπεπτωκότες,</span> <span class='ocrx_word' id='word_1_297' title='bbox 1102 2608 1196 2661; x_wconf 58' lang='grc' dir='ltr'><strong>καὶ⁵</strong></span> <span class='ocrx_word' id='word_1_298' title='bbox 1236 2608 1343 2662; x_wconf 78' lang='grc' dir='ltr'><strong>ἀπὸ</strong></span> <span class='ocrx_word' id='word_1_299' title='bbox 1372 2609 1470 2680; x_wconf 80' lang='grc' dir='ltr'>τῆς</span> <span class='ocrx_word' id='word_1_300' title='bbox 1521 2609 1733 2664; x_wconf 75' lang='grc' dir='ltr'>ἑαυτῶν</span> <span class='ocrx_word' id='word_1_301' title='bbox 1759 2611 1878 2664; x_wconf 86' lang='grc' dir='ltr'>δαι-</span> 
     </span>
    </p>
   </div>
   <div class='ocr_carea' id='block_1_45' title="bbox 291 2694 1879 2772">
    <p class='ocr_par' dir='ltr' id='par_1_45' title="bbox 291 2694 1879 2772">
     <span class='ocr_line' id='line_1_45' title="bbox 291 2694 1879 2772; baseline 0.004 -24"><span class='ocrx_word' id='word_1_302' title='bbox 291 2694 588 2767; x_wconf 83' lang='grc' dir='ltr'>μονιώδους</span> <span class='ocrx_word' id='word_1_303' title='bbox 630 2697 978 2762; x_wconf 81' lang='grc' dir='ltr'>διδασκαλίας</span> <span class='ocrx_word' id='word_1_304' title='bbox 1027 2699 1387 2772; x_wconf 74' lang='grc' dir='ltr'>ἐμϐρόντητοι</span> <span class='ocrx_word' id='word_1_305' title='bbox 1419 2702 1733 2756; x_wconf 87' lang='grc' dir='ltr'>παντάπασι</span> <span class='ocrx_word' id='word_1_306' title='bbox 1787 2720 1879 2772; x_wconf 89' lang='grc' dir='ltr'>γε-</span> 
     </span>
    </p>
   </div>
   <div class='ocr_carea' id='block_1_46' title="bbox 289 2786 1883 2863">
    <p class='ocr_par' dir='ltr' id='par_1_46' title="bbox 289 2786 1883 2863">
     <span class='ocr_line' id='line_1_46' title="bbox 289 2786 1883 2863; baseline 0.004 -21"><span class='ocrx_word' id='word_1_307' title='bbox 289 2787 531 2857; x_wconf 89' lang='grc' dir='ltr'>γονότες,</span> <span class='ocrx_word' id='word_1_308' title='bbox 568 2790 663 2843; x_wconf 77' lang='grc' dir='ltr'>καὶ</span> <span class='ocrx_word' id='word_1_309' title='bbox 694 2786 755 2845; x_wconf 72' lang='grc' dir='ltr'>οὗ</span> <span class='ocrx_word' id='word_1_310' title='bbox 789 2790 1008 2845; x_wconf 77' lang='grc' dir='ltr'>ἐδόκουν</span> <span class='ocrx_word' id='word_1_311' title='bbox 1062 2792 1270 2862; x_wconf 81' lang='grc' dir='ltr'>Κυρίου</span> <span class='ocrx_word' id='word_1_312' title='bbox 1308 2794 1472 2863; x_wconf 83' lang='grc' dir='ltr'>μόνου</span> <span class='ocrx_word' id='word_1_313' title='bbox 1520 2793 1624 2848; x_wconf 75' lang='grc' dir='ltr'><strong>κᾶν</strong></span> <span class='ocrx_word' id='word_1_314' title='bbox 1668 2794 1736 2849; x_wconf 82' lang='grc' dir='ltr'>δι’</span> <span class='ocrx_word' id='word_1_315' title='bbox 1768 2794 1883 2848; x_wconf 81' lang='grc' dir='ltr'>ὀνό-</span> 
     </span>
    </p>
   </div>
   <div class='ocr_carea' id='block_1_47' title="bbox 292 2870 1883 2956">
    <p class='ocr_par' dir='ltr' id='par_1_47' title="bbox 292 2870 1883 2956">
     <span class='ocr_line' id='line_1_47' title="bbox 292 2870 1883 2956; baseline 0.003 -22"><span class='ocrx_word' id='word_1_316' title='bbox 292 2898 463 2951; x_wconf 83' lang='grc' dir='ltr'>ματος</span> <span class='ocrx_word' id='word_1_317' title='bbox 494 2881 877 2952; x_wconf 81' lang='grc' dir='ltr'>μνημονεύειν,</span> <span class='ocrx_word' id='word_1_318' title='bbox 906 2883 1001 2936; x_wconf 75' lang='grc' dir='ltr'>καὶ</span> <span class='ocrx_word' id='word_1_319' title='bbox 1023 2870 1201 2937; x_wconf 74' lang='grc' dir='ltr'>αὑτοῖῖ</span> <span class='ocrx_word' id='word_1_320' title='bbox 1219 2883 1650 2954; x_wconf 81' lang='grc' dir='ltr'>ἀθυρογλώσσως</span> <span class='ocrx_word' id='word_1_321' title='bbox 1679 2886 1883 2956; x_wconf 80' lang='grc' dir='ltr'><strong>ἑτέρως</strong></span> 
     </span>
    </p>
   </div>
   <div class='ocr_carea' id='block_1_48' title="bbox 300 2971 1883 3047">
    <p class='ocr_par' dir='ltr' id='par_1_48' title="bbox 300 2971 1883 3047">
     <span class='ocr_line' id='line_1_48' title="bbox 300 2971 1883 3047; baseline 0.003 -22"><span class='ocrx_word' id='word_1_322' title='bbox 300 2971 398 3043; x_wconf 81' lang='grc' dir='ltr'>τὴν</span> <span class='ocrx_word' id='word_1_323' title='bbox 427 2972 589 3026; x_wconf 80' lang='grc' dir='ltr'>αὑτοῦ</span> <span class='ocrx_word' id='word_1_324' title='bbox 618 2972 848 3044; x_wconf 88' lang='grc' dir='ltr'>θεότητα</span> <span class='ocrx_word' id='word_1_325' title='bbox 875 2975 1331 3047; x_wconf 60' lang='grc' dir='ltr'>ἀποστρέφοντες,</span> <span class='ocrx_word' id='word_1_326' title='bbox 1350 2975 1410 3028; x_wconf 84' lang='grc' dir='ltr'>τὸ</span> <span class='ocrx_word' id='word_1_327' title='bbox 1425 2975 1594 3046; x_wconf 78' lang='grc' dir='ltr'>ὄνομα</span> <span class='ocrx_word' id='word_1_328' title='bbox 1618 2976 1717 3046; x_wconf 82' lang='grc' dir='ltr'>τῆς</span> <span class='ocrx_word' id='word_1_329' title='bbox 1745 2976 1883 3030; x_wconf 81' lang='grc' dir='ltr'>ἄνω-</span> 
     </span>
    </p>
   </div>
   <div class='ocr_carea' id='block_1_49' title="bbox 303 3065 1883 3139">
    <p class='ocr_par' dir='ltr' id='par_1_49' title="bbox 303 3065 1883 3139">
     <span class='ocr_line' id='line_1_49' title="bbox 303 3065 1883 3139; baseline 0.002 -21"><span class='ocrx_word' id='word_1_330' title='bbox 303 3065 395 3118; x_wconf 90' lang='grc' dir='ltr'><strong>θεν</strong></span> <span class='ocrx_word' id='word_1_331' title='bbox 428 3068 734 3137; x_wconf 81' lang='grc' dir='ltr'>γεννήσεως</span> <span class='ocrx_word' id='word_1_332' title='bbox 767 3066 1012 3131; x_wconf 71' lang='grc' dir='ltr'>κακίζειν</span> <span class='ocrx_word' id='word_1_333' title='bbox 1038 3067 1137 3120; x_wconf 83' lang='grc' dir='ltr'>οὐκ</span> <span class='ocrx_word' id='word_1_334' title='bbox 1187 3067 1560 3139; x_wconf 83' lang='grc' dir='ltr'>ἐντρέπονται.</span> <span class='ocrx_word' id='word_1_335' title='bbox 1596 3067 1751 3131; x_wconf 80' lang='grc' dir='ltr'>Τινὲς</span> <span class='ocrx_word' id='word_1_336' title='bbox 1774 3066 1883 3139; x_wconf 83' lang='grc' dir='ltr'><strong>γὰρ</strong></span> 
     </span>
    </p>
   </div>
   <div class='ocr_carea' id='block_1_50' title="bbox 300 3155 1885 3231">
    <p class='ocr_par' dir='ltr' id='par_1_50' title="bbox 300 3155 1885 3231">
     <span class='ocr_line' id='line_1_50' title="bbox 300 3155 1885 3231; baseline 0.001 -20"><span class='ocrx_word' id='word_1_337' title='bbox 300 3158 483 3211; x_wconf 76' lang='grc' dir='ltr'>αὐτῶν</span> <span class='ocrx_word' id='word_1_338' title='bbox 512 3158 929 3229; x_wconf 60' lang='grc' dir='ltr'>τετολμήκασιν,</span> <span class='ocrx_word' id='word_1_339' title='bbox 961 3158 1036 3221; x_wconf 87' lang='grc' dir='ltr'><strong>ώς</strong></span> <span class='ocrx_word' id='word_1_340' title='bbox 1074 3158 1232 3229; x_wconf 75' lang='grc' dir='ltr'>ἔφην,</span> <span class='ocrx_word' id='word_1_341' title='bbox 1269 3160 1430 3212; x_wconf 79' lang='grc' dir='ltr'>αὑτὸν</span> <span class='ocrx_word' id='word_1_342' title='bbox 1456 3159 1545 3213; x_wconf 86' lang='grc' dir='ltr'>τὸν</span> <span class='ocrx_word' id='word_1_343' title='bbox 1578 3159 1781 3231; x_wconf 80' lang='grc' dir='ltr'>Κύριον</span> <span class='ocrx_word' id='word_1_344' title='bbox 1806 3155 1885 3213; x_wconf 78' lang='grc' dir='ltr'>εῖ-</span> 
     </span>
    </p>
   </div>
   <div class='ocr_carea' id='block_1_51' title="bbox 1980 1963 3573 2034">
    <p class='ocr_par' dir='ltr' id='par_1_51' title="bbox 1980 1963 3573 2034">
     <span class='ocr_line' id='line_1_51' title="bbox 1980 1963 3573 2034; baseline 0.003 -18"><span class='ocrx_word' id='word_1_345' title='bbox 1980 1977 2142 2018; x_wconf 90' lang='lat' dir='ltr'><strong>usum</strong></span> <span class='ocrx_word' id='word_1_346' title='bbox 2174 1977 2338 2016; x_wconf 91' lang='lat' dir='ltr'><strong>suum</strong></span> <span class='ocrx_word' id='word_1_347' title='bbox 2362 1964 2611 2018; x_wconf 88' lang='lat' dir='ltr'><strong>retinuit.</strong></span> <span class='ocrx_word' id='word_1_348' title='bbox 2635 1963 2770 2030; x_wconf 90' lang='lat' dir='ltr'><strong>Qua</strong></span> <span class='ocrx_word' id='word_1_349' title='bbox 2796 1966 3017 2034; x_wconf 89' lang='lat' dir='ltr'><strong>quidem</strong></span> <span class='ocrx_word' id='word_1_350' title='bbox 3048 1965 3118 2020; x_wconf 91' lang='lat' dir='ltr'><strong>ab</strong></span> <span class='ocrx_word' id='word_1_351' title='bbox 3144 1964 3236 2020; x_wconf 91' lang='lat' dir='ltr'><strong>illo</strong></span> <span class='ocrx_word' id='word_1_352' title='bbox 3271 1977 3573 2029; x_wconf 80' lang='lat' dir='ltr'><strong>reservata,</strong></span> 
     </span>
    </p>
   </div>
   <div class='ocr_carea' id='block_1_52' title="bbox 1978 2054 3576 2129">
    <p class='ocr_par' dir='ltr' id='par_1_52' title="bbox 1978 2054 3576 2129">
     <span class='ocr_line' id='line_1_52' title="bbox 1978 2054 3576 2129; baseline 0.002 -19"><span class='ocrx_word' id='word_1_353' title='bbox 1978 2063 2033 2110; x_wconf 91' lang='lat' dir='ltr'><strong>et</strong></span> <span class='ocrx_word' id='word_1_354' title='bbox 2064 2054 2245 2110; x_wconf 87' lang='lat' dir='ltr'><strong>adhuc</strong></span> <span class='ocrx_word' id='word_1_355' title='bbox 2280 2055 2548 2125; x_wconf 90' lang='lat' dir='ltr'><strong>spirantia</strong></span> <span class='ocrx_word' id='word_1_356' title='bbox 2586 2056 2807 2126; x_wconf 87' lang='lat' dir='ltr'><strong>penitus</strong></span> <span class='ocrx_word' id='word_1_357' title='bbox 2839 2057 3115 2129; x_wconf 78' lang='lat' dir='ltr'><strong>exstingui</strong></span> <span class='ocrx_word' id='word_1_358' title='bbox 3146 2068 3445 2129; x_wconf 88' lang='lat' dir='ltr'><strong>nequeunt,</strong></span> <span class='ocrx_word' id='word_1_359' title='bbox 3479 2057 3576 2114; x_wconf 88' lang='lat' dir='ltr'><strong>sed</strong></span> 
     </span>
    </p>
   </div>
   <div class='ocr_carea' id='block_1_53' title="bbox 1979 2144 3575 2221">
    <p class='ocr_par' dir='ltr' id='par_1_53' title="bbox 1979 2144 3575 2221">
     <span class='ocr_line' id='line_1_53' title="bbox 1979 2144 3575 2221; baseline 0.004 -22"><span class='ocrx_word' id='word_1_360' title='bbox 1979 2144 2162 2200; x_wconf 78' lang='lat' dir='ltr'><strong>vitalis</strong></span> <span class='ocrx_word' id='word_1_361' title='bbox 2186 2145 2277 2200; x_wconf 88' lang='lat' dir='ltr'><strong>ille</strong></span> <span class='ocrx_word' id='word_1_362' title='bbox 2316 2144 2663 2201; x_wconf 88' lang='lat' dir='ltr'><strong>declaranda</strong></span> <span class='ocrx_word' id='word_1_363' title='bbox 2706 2148 2954 2205; x_wconf 88' lang='lat' dir='ltr'><strong>veritatis</strong></span> <span class='ocrx_word' id='word_1_364' title='bbox 2992 2151 3145 2221; x_wconf 87' lang='lat' dir='ltr'><strong>vigor</strong></span> <span class='ocrx_word' id='word_1_365' title='bbox 3173 2163 3443 2218; x_wconf 84' lang='lat' dir='ltr'><strong>remanet,</strong></span> <span class='ocrx_word' id='word_1_366' title='bbox 3487 2159 3575 2205; x_wconf 84' lang='lat' dir='ltr'><strong>ta-</strong></span> 
     </span>
    </p>
   </div>
   <div class='ocr_carea' id='block_1_54' title="bbox 1980 2235 3576 2309">
    <p class='ocr_par' dir='ltr' id='par_1_54' title="bbox 1980 2235 3576 2309">
     <span class='ocr_line' id='line_1_54' title="bbox 1980 2235 3576 2309; baseline 0.007 -20"><span class='ocrx_word' id='word_1_367' title='bbox 1980 2235 2141 2290; x_wconf 90' lang='lat' dir='ltr'><strong>metsi</strong></span> <span class='ocrx_word' id='word_1_368' title='bbox 2162 2237 2568 2293; x_wconf 85' lang='lat' dir='ltr'><strong>minutissimas</strong></span> <span class='ocrx_word' id='word_1_369' title='bbox 2608 2238 2664 2292; x_wconf 90' lang='lat' dir='ltr'><strong>in</strong></span> <span class='ocrx_word' id='word_1_370' title='bbox 2691 2247 2878 2308; x_wconf 89' lang='lat' dir='ltr'><strong>partes</strong></span> <span class='ocrx_word' id='word_1_371' title='bbox 2908 2241 3121 2299; x_wconf 88' lang='lat' dir='ltr'><strong>inﬁnite</strong></span> <span class='ocrx_word' id='word_1_372' title='bbox 3153 2251 3326 2309; x_wconf 89' lang='lat' dir='ltr'><strong>secta,</strong></span> <span class='ocrx_word' id='word_1_373' title='bbox 3366 2242 3576 2300; x_wconf 80' lang='lat' dir='ltr'><strong>divisa-</strong></span> 
     </span>
    </p>
   </div>
   <div class='ocr_carea' id='block_1_55' title="bbox 1980 2327 2336 2396">
    <p class='ocr_par' dir='ltr' id='par_1_55' title="bbox 1980 2327 2336 2396">
     <span class='ocr_line' id='line_1_55' title="bbox 1980 2327 2336 2396; baseline 0 -15"><span class='ocrx_word' id='word_1_374' title='bbox 1980 2341 2088 2396; x_wconf 89' lang='lat' dir='ltr'><strong>que</strong></span> <span class='ocrx_word' id='word_1_375' title='bbox 2114 2327 2336 2382; x_wconf 83' lang='lat' dir='ltr'><strong>fuerint.</strong></span> 
     </span>
    </p>
   </div>
   <div class='ocr_carea' id='block_1_56' title="bbox 2052 2409 3574 2499">
    <p class='ocr_par' dir='ltr' id='par_1_56' title="bbox 2052 2409 3574 2499">
     <span class='ocr_line' id='line_1_56' title="bbox 2052 2409 3574 2499; baseline 0.007 -25"><span class='ocrx_word' id='word_1_376' title='bbox 2052 2409 2190 2475; x_wconf 78' lang='lat' dir='ltr'><strong>XIII.</strong></span> <span class='ocrx_word' id='word_1_377' title='bbox 2236 2418 2444 2476; x_wconf 87' lang='lat' dir='ltr'><strong>Prater</strong></span> <span class='ocrx_word' id='word_1_378' title='bbox 2483 2421 2575 2477; x_wconf 90' lang='lat' dir='ltr'><strong>illa</strong></span> <span class='ocrx_word' id='word_1_379' title='bbox 2610 2439 2743 2481; x_wconf 84' lang='lat' dir='ltr'><strong>vero</strong></span> <span class='ocrx_word' id='word_1_380' title='bbox 2780 2426 2966 2482; x_wconf 90' lang='lat' dir='ltr'><strong>omnia</strong></span> <span class='ocrx_word' id='word_1_381' title='bbox 3017 2425 3125 2481; x_wconf 87' lang='lat' dir='ltr'><strong>hoc</strong></span> <span class='ocrx_word' id='word_1_382' title='bbox 3160 2426 3390 2499; x_wconf 84' lang='lat' dir='ltr'><strong>insuper</strong></span> <span class='ocrx_word' id='word_1_383' title='bbox 3423 2444 3574 2484; x_wconf 89' lang='lat' dir='ltr'><strong>com-</strong></span> 
     </span>
    </p>
   </div>
   <div class='ocr_carea' id='block_1_57' title="bbox 1983 2511 3575 2589">
    <p class='ocr_par' dir='ltr' id='par_1_57' title="bbox 1983 2511 3575 2589">
     <span class='ocr_line' id='line_1_57' title="bbox 1983 2511 3575 2589; baseline 0.007 -26"><span class='ocrx_word' id='word_1_384' title='bbox 1983 2511 2409 2570; x_wconf 88' lang='lat' dir='ltr'><strong>memoravimus</strong></span> <span class='ocrx_word' id='word_1_385' title='bbox 2437 2533 2449 2569; x_wconf 92' lang='lat'><strong>:</strong></span> <span class='ocrx_word' id='word_1_386' title='bbox 2482 2515 2779 2571; x_wconf 90' lang='lat' dir='ltr'><strong>nonnullos</strong></span> <span class='ocrx_word' id='word_1_387' title='bbox 2814 2531 2846 2572; x_wconf 93' lang='lat' dir='ltr'><strong>e</strong></span> <span class='ocrx_word' id='word_1_388' title='bbox 2882 2515 3360 2572; x_wconf 82' lang='lat' dir='ltr'><strong>Marcionistarum</strong></span> <span class='ocrx_word' id='word_1_389' title='bbox 3413 2533 3575 2589; x_wconf 79' lang='lat' dir='ltr'><strong>grege</strong></span> 
     </span>
    </p>
   </div>
   <div class='ocr_carea' id='block_1_58' title="bbox 1982 2604 3577 2679">
    <p class='ocr_par' dir='ltr' id='par_1_58' title="bbox 1982 2604 3577 2679">
     <span class='ocr_line' id='line_1_58' title="bbox 1982 2604 3577 2679; baseline 0.003 -22"><span class='ocrx_word' id='word_1_390' title='bbox 1982 2619 2037 2658; x_wconf 77' lang='lat' dir='ltr'><strong>in</strong></span> <span class='ocrx_word' id='word_1_391' title='bbox 2071 2604 2402 2661; x_wconf 90' lang='lat' dir='ltr'><strong>altissimum</strong></span> <span class='ocrx_word' id='word_1_392' title='bbox 2450 2607 2801 2678; x_wconf 88' lang='lat' dir='ltr'><strong>blasphemia</strong></span> <span class='ocrx_word' id='word_1_393' title='bbox 2831 2610 3101 2679; x_wconf 73' lang='lat' dir='ltr'><strong>gurgitem</strong></span> <span class='ocrx_word' id='word_1_394' title='bbox 3147 2610 3458 2674; x_wconf 87' lang='lat' dir='ltr'><strong>immersos,</strong></span> <span class='ocrx_word' id='word_1_395' title='bbox 3494 2621 3577 2663; x_wconf 83' lang='lat' dir='ltr'><strong>ai-</strong></span> 
     </span>
    </p>
   </div>
   <div class='ocr_carea' id='block_1_59' title="bbox 1982 2701 3651 2771">
    <p class='ocr_par' dir='ltr' id='par_1_59' title="bbox 1982 2701 3651 2771">
     <span class='ocr_line' id='line_1_59' title="bbox 1982 2701 3651 2771; baseline 0 -17"><span class='ocrx_word' id='word_1_396' title='bbox 1982 2715 2090 2771; x_wconf 84' lang='lat' dir='ltr'><strong>que</strong></span> <span class='ocrx_word' id='word_1_397' title='bbox 2123 2715 2190 2757; x_wconf 78' lang='lat' dir='ltr'><strong>ex</strong></span> <span class='ocrx_word' id='word_1_398' title='bbox 2222 2701 2482 2771; x_wconf 87' lang='lat' dir='ltr'><strong>pestifera</strong></span> <span class='ocrx_word' id='word_1_399' title='bbox 2531 2701 2623 2756; x_wconf 91' lang='lat' dir='ltr'><strong>illa</strong></span> <span class='ocrx_word' id='word_1_400' title='bbox 2657 2701 2966 2758; x_wconf 81' lang='lat' dir='ltr'><strong>daemonum</strong></span> <span class='ocrx_word' id='word_1_401' title='bbox 3006 2703 3259 2758; x_wconf 82' lang='lat' dir='ltr'><strong>doctrina</strong></span> <span class='ocrx_word' id='word_1_402' title='bbox 3303 2704 3452 2758; x_wconf 89' lang='lat' dir='ltr'><strong>velut</strong></span> <span class='ocrx_word' id='word_1_403' title='bbox 3493 2702 3577 2755; x_wconf 85' lang='lat' dir='ltr'><strong>fu-</strong></span> <span class='ocrx_word' id='word_1_404' title='bbox 3648 2702 3651 2707; x_wconf 88' lang='grc'><em>’</em></span> 
     </span>
    </p>
   </div>
   <div class='ocr_carea' id='block_1_60' title="bbox 1984 2794 3577 2865">
    <p class='ocr_par' dir='ltr' id='par_1_60' title="bbox 1984 2794 3577 2865">
     <span class='ocr_line' id='line_1_60' title="bbox 1984 2794 3577 2865; baseline 0.003 -19"><span class='ocrx_word' id='word_1_405' title='bbox 1984 2807 2111 2849; x_wconf 87' lang='lat' dir='ltr'><strong>rore</strong></span> <span class='ocrx_word' id='word_1_406' title='bbox 2154 2803 2210 2850; x_wconf 82' lang='lat' dir='ltr'><strong>et</strong></span> <span class='ocrx_word' id='word_1_407' title='bbox 2245 2794 2486 2849; x_wconf 88' lang='lat' dir='ltr'><strong>amentia</strong></span> <span class='ocrx_word' id='word_1_408' title='bbox 2518 2794 2781 2864; x_wconf 88' lang='lat' dir='ltr'><strong>percitos,</strong></span> <span class='ocrx_word' id='word_1_409' title='bbox 2812 2810 2973 2865; x_wconf 90' lang='lat' dir='ltr'><strong>quem</strong></span> <span class='ocrx_word' id='word_1_410' title='bbox 3006 2812 3175 2850; x_wconf 90' lang='lat' dir='ltr'><strong>unum</strong></span> <span class='ocrx_word' id='word_1_411' title='bbox 3218 2796 3301 2851; x_wconf 85' lang='lat' dir='ltr'><strong>vel</strong></span> <span class='ocrx_word' id='word_1_412' title='bbox 3354 2795 3577 2850; x_wconf 88' lang='lat' dir='ltr'><strong>nomine</strong></span> 
     </span>
    </p>
   </div>
   <div class='ocr_carea' id='block_1_61' title="bbox 1986 2884 3572 2954">
    <p class='ocr_par' dir='ltr' id='par_1_61' title="bbox 1986 2884 3572 2954">
     <span class='ocr_line' id='line_1_61' title="bbox 1986 2884 3572 2954; baseline 0.003 -17"><span class='ocrx_word' id='word_1_413' title='bbox 1986 2892 2146 2940; x_wconf 90' lang='lat' dir='ltr'><strong>tenus</strong></span> <span class='ocrx_word' id='word_1_414' title='bbox 2188 2884 2479 2940; x_wconf 86' lang='lat' dir='ltr'><strong>Dominum</strong></span> <span class='ocrx_word' id='word_1_415' title='bbox 2537 2886 2803 2939; x_wconf 88' lang='lat' dir='ltr'><strong>memoria</strong></span> <span class='ocrx_word' id='word_1_416' title='bbox 2856 2886 3169 2941; x_wconf 83' lang='lat' dir='ltr'><strong>retinuisse</strong></span> <span class='ocrx_word' id='word_1_417' title='bbox 3223 2886 3572 2954; x_wconf 85' lang='lat' dir='ltr'><strong>videbantur,</strong></span> 
     </span>
    </p>
   </div>
   <div class='ocr_carea' id='block_1_62' title="bbox 1986 2975 3576 3050">
    <p class='ocr_par' dir='ltr' id='par_1_62' title="bbox 1986 2975 3576 3050">
     <span class='ocr_line' id='line_1_62' title="bbox 1986 2975 3576 3050; baseline 0.004 -19"><span class='ocrx_word' id='word_1_418' title='bbox 1986 2976 2153 3047; x_wconf 84' lang='lat' dir='ltr'><strong>hujus</strong></span> <span class='ocrx_word' id='word_1_419' title='bbox 2200 2975 2374 3047; x_wconf 88' lang='lat' dir='ltr'><strong>ipsius</strong></span> <span class='ocrx_word' id='word_1_420' title='bbox 2416 2976 2761 3033; x_wconf 88' lang='lat' dir='ltr'><strong>divinitatem</strong></span> <span class='ocrx_word' id='word_1_421' title='bbox 2813 2977 3057 3032; x_wconf 89' lang='lat' dir='ltr'><strong>inaudita</strong></span> <span class='ocrx_word' id='word_1_422' title='bbox 3089 2977 3324 3048; x_wconf 87' lang='lat' dir='ltr'><strong>quadam</strong></span> <span class='ocrx_word' id='word_1_423' title='bbox 3376 2979 3576 3050; x_wconf 87' lang='lat' dir='ltr'><strong>lingua</strong></span> 
     </span>
    </p>
   </div>
   <div class='ocr_carea' id='block_1_63' title="bbox 1988 3067 3577 3140">
    <p class='ocr_par' dir='ltr' id='par_1_63' title="bbox 1988 3067 3577 3140">
     <span class='ocr_line' id='line_1_63' title="bbox 1988 3067 3577 3140; baseline 0.003 -18"><span class='ocrx_word' id='word_1_424' title='bbox 1988 3067 2285 3137; x_wconf 84' lang='lat' dir='ltr'><strong>petulantia</strong></span> <span class='ocrx_word' id='word_1_425' title='bbox 2333 3068 2694 3138; x_wconf 78' lang='lat' dir='ltr'><strong>pervertisse;</strong></span> <span class='ocrx_word' id='word_1_426' title='bbox 2738 3083 2839 3124; x_wconf 90' lang='lat' dir='ltr'><strong>nec</strong></span> <span class='ocrx_word' id='word_1_427' title='bbox 2882 3069 3126 3124; x_wconf 71' lang='lat' dir='ltr'><strong>caelestis</strong></span> <span class='ocrx_word' id='word_1_428' title='bbox 3158 3070 3307 3125; x_wconf 86' lang='lat' dir='ltr'><strong>illius</strong></span> <span class='ocrx_word' id='word_1_429' title='bbox 3344 3085 3577 3140; x_wconf 88' lang='lat' dir='ltr'><strong>genera-</strong></span> 
     </span>
    </p>
   </div>
   <div class='ocr_carea' id='block_1_64' title="bbox 1990 3159 3574 3232">
    <p class='ocr_par' dir='ltr' id='par_1_64' title="bbox 1990 3159 3574 3232">
     <span class='ocr_line' id='line_1_64' title="bbox 1990 3159 3574 3232; baseline 0.003 -18"><span class='ocrx_word' id='word_1_430' title='bbox 1990 3159 2158 3217; x_wconf 89' lang='lat' dir='ltr'><strong>tionis</strong></span> <span class='ocrx_word' id='word_1_431' title='bbox 2220 3175 2419 3215; x_wconf 90' lang='lat' dir='ltr'><strong>nomen</strong></span> <span class='ocrx_word' id='word_1_432' title='bbox 2471 3162 2786 3232; x_wconf 88' lang='lat' dir='ltr'><strong>vituperare</strong></span> <span class='ocrx_word' id='word_1_433' title='bbox 2840 3162 3011 3217; x_wconf 89' lang='lat' dir='ltr'><strong>fuisse</strong></span> <span class='ocrx_word' id='word_1_434' title='bbox 3061 3161 3286 3218; x_wconf 90' lang='lat' dir='ltr'><strong>veritos.</strong></span> <span class='ocrx_word' id='word_1_435' title='bbox 3340 3161 3574 3229; x_wconf 90' lang='lat' dir='ltr'><strong>Quidam</strong></span> 
     </span>
    </p>
   </div>
   <div class='ocr_carea' id='block_1_65' title="bbox 295 3210 1879 3324">
    <p class='ocr_par' dir='ltr' id='par_1_65' title="bbox 295 3210 1879 3324">
     <span class='ocr_line' id='line_1_65' title="bbox 295 3210 1879 3324; baseline 0 -20"><span class='ocrx_word' id='word_1_436' title='bbox 295 3210 384 3304; x_wconf 80' lang='grc' dir='ltr'><strong>ναι</strong></span> <span class='ocrx_word' id='word_1_437' title='bbox 414 3249 528 3303; x_wconf 80' lang='grc' dir='ltr'>υἱὸν</span> <span class='ocrx_word' id='word_1_438' title='bbox 560 3250 653 3303; x_wconf 81' lang='grc' dir='ltr'><strong>τοῦ</strong></span> <span class='ocrx_word' id='word_1_439' title='bbox 671 3210 936 3322; x_wconf 61' lang='grc' dir='ltr'>-Ιίονηρού</span> <span class='ocrx_word' id='word_1_440' title='bbox 960 3210 1289 3320; x_wconf 50' lang='grc' dir='ltr'>λέγειν,.ούκ</span> <span class='ocrx_word' id='word_1_441' title='bbox 1321 3210 1879 3324; x_wconf 18' lang='grc' dir='ltr'>αἰσχυνόμενόιιήὲιλλ-</span> 
     </span>
    </p>
   </div>
   <div class='ocr_carea' id='block_1_66' title="bbox 1984 3210 3576 3324">
    <p class='ocr_par' dir='ltr' id='par_1_66' title="bbox 1992 3210 3576 3323">
     <span class='ocr_line' id='line_1_66' title="bbox 1993 3210 3574 3232; baseline 0.002 -18"><span class='ocrx_word' id='word_1_442' title='bbox 1993 3210 2156 3217; x_wconf 72' lang='lat'>-_-____</span> <span class='ocrx_word' id='word_1_443' title='bbox 2486 3210 2785 3232; x_wconf 53' lang='grc' dir='ltr'><strong>.--Ἰν-η</strong></span> <span class='ocrx_word' id='word_1_444' title='bbox 2840 3210 3008 3217; x_wconf 76' lang='lat'><strong>---_-_-</strong></span> <span class='ocrx_word' id='word_1_445' title='bbox 3073 3210 3286 3218; x_wconf 81' lang='lat'><strong>.-----_-</strong></span> <span class='ocrx_word' id='word_1_446' title='bbox 3347 3210 3574 3229; x_wconf 51' lang='grc' dir='ltr'><strong>,ιν-η..</strong></span> 
     </span>
     <span class='ocr_line' id='line_1_67' title="bbox 1992 3252 3576 3323; baseline 0.002 -15"><span class='ocrx_word' id='word_1_447' title='bbox 1992 3255 2139 3308; x_wconf 90' lang='lat' dir='ltr'><strong>enim</strong></span> <span class='ocrx_word' id='word_1_448' title='bbox 2190 3267 2257 3307; x_wconf 79' lang='lat' dir='ltr'><strong>ex</strong></span> <span class='ocrx_word' id='word_1_449' title='bbox 2308 3252 2418 3308; x_wconf 89' lang='lat' dir='ltr'><strong>illis</strong></span> <span class='ocrx_word' id='word_1_450' title='bbox 2466 3252 2757 3312; x_wconf 86' lang='lat' dir='ltr'><strong>Dominum</strong></span> <span class='ocrx_word' id='word_1_451' title='bbox 2808 3252 2985 3323; x_wconf 91' lang='lat' dir='ltr'><strong>ipsum</strong></span> <span class='ocrx_word' id='word_1_452' title='bbox 3051 3254 3180 3308; x_wconf 89' lang='lat' dir='ltr'><strong>mali</strong></span> <span class='ocrx_word' id='word_1_453' title='bbox 3230 3252 3401 3309; x_wconf 88' lang='lat' dir='ltr'><strong>ﬁlium</strong></span> <span class='ocrx_word' id='word_1_454' title='bbox 3452 3269 3576 3311; x_wconf 89' lang='lat' dir='ltr'><strong>esse</strong></span> 
     </span>
    </p>
   </div>
   <div class='ocr_carea' id='block_1_67' title="bbox 290 3342 1929 3417">
    <p class='ocr_par' dir='ltr' id='par_1_67' title="bbox 290 3342 1929 3417">
     <span class='ocr_line' id='line_1_68' title="bbox 290 3342 1929 3417; baseline 0 -20"><span class='ocrx_word' id='word_1_455' title='bbox 290 3343 372 3397; x_wconf 90' lang='grc' dir='ltr'><strong>λοι</strong></span> <span class='ocrx_word' id='word_1_456' title='bbox 409 3342 466 3396; x_wconf 86' lang='grc' dir='ltr'><strong>δὲ</strong></span> <span class='ocrx_word' id='word_1_457' title='bbox 512 3344 668 3414; x_wconf 78' lang='grc' dir='ltr'>οὐχὶ,</span> <span class='ocrx_word' id='word_1_458' title='bbox 721 3344 856 3397; x_wconf 81' lang='grc' dir='ltr'>ἀλλὰ</span> <span class='ocrx_word' id='word_1_459' title='bbox 898 3344 991 3399; x_wconf 77' lang='grc' dir='ltr'><strong>τοῦ</strong></span> <span class='ocrx_word' id='word_1_460' title='bbox 1048 3344 1237 3417; x_wconf 82' lang='grc' dir='ltr'>κριτοῦ</span> <span class='ocrx_word' id='word_1_461' title='bbox 1289 3362 1349 3398; x_wconf 90' lang='grc' dir='ltr'><strong>τε</strong></span> <span class='ocrx_word' id='word_1_462' title='bbox 1396 3345 1491 3399; x_wconf 73' lang='grc' dir='ltr'>καὶ</span> <span class='ocrx_word' id='word_1_463' title='bbox 1536 3342 1881 3416; x_wconf 81' lang='grc' dir='ltr'>Δημιουργοῦ</span> <span class='ocrx_word' id='word_1_464' title='bbox 1922 3412 1929 3417; x_wconf 26' lang='grc' dir='ltr'>ι</span> 
     </span>
    </p>
   </div>
   <div class='ocr_carea' id='block_1_68' title="bbox 292 3433 1885 3505">
    <p class='ocr_par' dir='ltr' id='par_1_68' title="bbox 292 3433 1885 3505">
     <span class='ocr_line' id='line_1_69' title="bbox 292 3433 1885 3505; baseline 0.001 -17"><span class='ocrx_word' id='word_1_465' title='bbox 292 3433 767 3505; x_wconf 82' lang='grc' dir='ltr'>ἀσπλαγχνότερον</span> <span class='ocrx_word' id='word_1_466' title='bbox 792 3434 813 3465; x_wconf 68' lang='grc' dir='ltr'>δ</span> <span class='ocrx_word' id='word_1_467' title='bbox 837 3434 1121 3503; x_wconf 88' lang='grc' dir='ltr'>γεγονότα,</span> <span class='ocrx_word' id='word_1_468' title='bbox 1162 3434 1256 3488; x_wconf 64' lang='grc' dir='ltr'><strong>καλ⁵</strong></span> <span class='ocrx_word' id='word_1_469' title='bbox 1285 3434 1490 3503; x_wconf 85' lang='grc' dir='ltr'>ἀγαθὸν</span> <span class='ocrx_word' id='word_1_470' title='bbox 1528 3435 1678 3499; x_wconf 81' lang='grc' dir='ltr'>ὅντα,</span> <span class='ocrx_word' id='word_1_471' title='bbox 1712 3451 1885 3489; x_wconf 88' lang='grc' dir='ltr'>κατα-</span> 
     </span>
    </p>
   </div>
   <div class='ocr_carea' id='block_1_69' title="bbox 291 3525 1883 3601">
    <p class='ocr_par' dir='ltr' id='par_1_69' title="bbox 291 3525 1883 3601">
     <span class='ocr_line' id='line_1_70' title="bbox 291 3525 1883 3601; baseline 0.002 -22"><span class='ocrx_word' id='word_1_472' title='bbox 291 3525 474 3595; x_wconf 69' lang='grc' dir='ltr'>λεῐψαι</span> <span class='ocrx_word' id='word_1_473' title='bbox 512 3526 611 3597; x_wconf 81' lang='grc' dir='ltr'>μὲν</span> <span class='ocrx_word' id='word_1_474' title='bbox 653 3526 742 3579; x_wconf 85' lang='grc' dir='ltr'>τὸν</span> <span class='ocrx_word' id='word_1_475' title='bbox 789 3526 919 3579; x_wconf 77' lang='grc' dir='ltr'>ἴδιον</span> <span class='ocrx_word' id='word_1_476' title='bbox 966 3526 1128 3581; x_wconf 84' lang='grc' dir='ltr'>αύτοῦ</span> <span class='ocrx_word' id='word_1_477' title='bbox 1176 3527 1397 3599; x_wconf 81' lang='grc' dir='ltr'>Πατέρα</span> <span class='ocrx_word' id='word_1_478' title='bbox 1441 3529 1612 3595; x_wconf 84' lang='grc' dir='ltr'>κάτω,</span> <span class='ocrx_word' id='word_1_479' title='bbox 1658 3528 1734 3601; x_wconf 82' lang='grc' dir='ltr'>πὴ</span> <span class='ocrx_word' id='word_1_480' title='bbox 1784 3529 1883 3601; x_wconf 82' lang='grc' dir='ltr'>μὲν</span> 
     </span>
    </p>
   </div>
   <div class='ocr_carea' id='block_1_70' title="bbox 289 3616 1880 3691">
    <p class='ocr_par' dir='ltr' id='par_1_70' title="bbox 289 3616 1880 3691">
     <span class='ocr_line' id='line_1_71' title="bbox 289 3616 1880 3691; baseline 0.003 -20"><span class='ocrx_word' id='word_1_481' title='bbox 289 3616 560 3685; x_wconf 87' lang='grc' dir='ltr'>λεγόντων</span> <span class='ocrx_word' id='word_1_482' title='bbox 595 3617 688 3671; x_wconf 83' lang='grc' dir='ltr'>τὸν</span> <span class='ocrx_word' id='word_1_483' title='bbox 730 3618 1098 3689; x_wconf 76' lang='grc' dir='ltr'>Δημιουργὸν,</span> <span class='ocrx_word' id='word_1_484' title='bbox 1135 3618 1309 3672; x_wconf 83' lang='grc' dir='ltr'>ἄλλων</span> <span class='ocrx_word' id='word_1_485' title='bbox 1332 3618 1411 3672; x_wconf 71' lang='grc' dir='ltr'>.δέ</span> <span class='ocrx_word' id='word_1_486' title='bbox 1457 3619 1550 3673; x_wconf 82' lang='grc' dir='ltr'>τὸν</span> <span class='ocrx_word' id='word_1_487' title='bbox 1598 3622 1842 3691; x_wconf 80' lang='grc' dir='ltr'>Πονηρόν</span> <span class='ocrx_word' id='word_1_488' title='bbox 1866 3638 1880 3652; x_wconf 82' lang='grc'><em>’</em></span> 
     </span>
    </p>
   </div>
   <div class='ocr_carea' id='block_1_71' title="bbox 290 3708 1884 3782">
    <p class='ocr_par' dir='ltr' id='par_1_71' title="bbox 290 3708 1884 3782">
     <span class='ocr_line' id='line_1_72' title="bbox 290 3708 1884 3782; baseline 0.001 -18"><span class='ocrx_word' id='word_1_489' title='bbox 290 3710 404 3764; x_wconf 79' lang='grc' dir='ltr'>ἄνω</span> <span class='ocrx_word' id='word_1_490' title='bbox 431 3710 486 3763; x_wconf 78' lang='grc' dir='ltr'><strong>δὲ</strong></span> <span class='ocrx_word' id='word_1_491' title='bbox 511 3708 1012 3781; x_wconf 77' lang='grc' dir='ltr'>άναὸεδραμηκὲναι</span> <span class='ocrx_word' id='word_1_492' title='bbox 1040 3711 1175 3781; x_wconf 80' lang='grc' dir='ltr'>πρὸς</span> <span class='ocrx_word' id='word_1_493' title='bbox 1210 3714 1302 3764; x_wconf 85' lang='grc' dir='ltr'>τὸν</span> <span class='ocrx_word' id='word_1_494' title='bbox 1328 3714 1387 3764; x_wconf 82' lang='grc' dir='ltr'>ὲν</span> <span class='ocrx_word' id='word_1_495' title='bbox 1419 3712 1884 3782; x_wconf 84' lang='grc' dir='ltr'>ἀκατονομάστοις</span> 
     </span>
    </p>
   </div>
   <div class='ocr_carea' id='block_1_72' title="bbox 291 3802 1879 3876">
    <p class='ocr_par' dir='ltr' id='par_1_72' title="bbox 291 3802 1879 3876">
     <span class='ocr_line' id='line_1_73' title="bbox 291 3802 1879 3876; baseline 0.003 -20"><span class='ocrx_word' id='word_1_496' title='bbox 291 3803 478 3865; x_wconf 84' lang='grc' dir='ltr'>τόποις</span> <span class='ocrx_word' id='word_1_497' title='bbox 522 3802 727 3871; x_wconf 82' lang='grc' dir='ltr'>ἀγαθὸν</span> <span class='ocrx_word' id='word_1_498' title='bbox 784 3802 952 3868; x_wconf 81' lang='grc' dir='ltr'>Θεὸν,</span> <span class='ocrx_word' id='word_1_499' title='bbox 995 3804 1091 3857; x_wconf 80' lang='grc' dir='ltr'>καὶ</span> <span class='ocrx_word' id='word_1_500' title='bbox 1147 3804 1297 3875; x_wconf 85' lang='grc' dir='ltr'>αύτῷ</span> <span class='ocrx_word' id='word_1_501' title='bbox 1349 3805 1879 3876; x_wconf 83' lang='grc' dir='ltr'>προσκεκολλῆσθαι.</span> 
     </span>
    </p>
   </div>
   <div class='ocr_carea' id='block_1_73' title="bbox 293 3893 1884 3969">
    <p class='ocr_par' dir='ltr' id='par_1_73' title="bbox 293 3893 1884 3969">
     <span class='ocr_line' id='line_1_74' title="bbox 293 3893 1884 3969; baseline 0.001 -21"><span class='ocrx_word' id='word_1_502' title='bbox 293 3893 623 3964; x_wconf 82' lang='grc' dir='ltr'>Πεμφθέντα</span> <span class='ocrx_word' id='word_1_503' title='bbox 663 3893 720 3948; x_wconf 81' lang='grc' dir='ltr'><strong>δὲ</strong></span> <span class='ocrx_word' id='word_1_504' title='bbox 762 3894 854 3947; x_wconf 80' lang='grc' dir='ltr'><strong>ὑπ’</strong></span> <span class='ocrx_word' id='word_1_505' title='bbox 883 3894 1049 3948; x_wconf 79' lang='grc' dir='ltr'>αὑτοῦ</span> <span class='ocrx_word' id='word_1_506' title='bbox 1093 3896 1173 3959; x_wconf 82' lang='grc' dir='ltr'>εἰς</span> <span class='ocrx_word' id='word_1_507' title='bbox 1211 3896 1303 3948; x_wconf 73' lang='grc' dir='ltr'>τὸν</span> <span class='ocrx_word' id='word_1_508' title='bbox 1337 3896 1562 3966; x_wconf 86' lang='grc' dir='ltr'>κόσμον,</span> <span class='ocrx_word' id='word_1_509' title='bbox 1607 3898 1700 3950; x_wconf 82' lang='grc' dir='ltr'>καὶ</span> <span class='ocrx_word' id='word_1_510' title='bbox 1747 3897 1884 3969; x_wconf 87' lang='grc' dir='ltr'>πρὸς</span> 
     </span>
    </p>
   </div>
   <div class='ocr_carea' id='block_1_74' title="bbox 291 3985 1878 4059">
    <p class='ocr_par' dir='ltr' id='par_1_74' title="bbox 291 3985 1878 4059">
     <span class='ocr_line' id='line_1_75' title="bbox 291 3985 1878 4059; baseline 0.002 -19"><span class='ocrx_word' id='word_1_511' title='bbox 291 3986 592 4041; x_wconf 79' lang='grc' dir='ltr'>ἀντιδικίαν</span> <span class='ocrx_word' id='word_1_512' title='bbox 632 3985 727 4040; x_wconf 83' lang='grc' dir='ltr'>τοῦ</span> <span class='ocrx_word' id='word_1_513' title='bbox 782 3987 912 4040; x_wconf 76' lang='grc' dir='ltr'>ἰδίου</span> <span class='ocrx_word' id='word_1_514' title='bbox 964 3988 1177 4059; x_wconf 83' lang='grc' dir='ltr'>Πατρὸς</span> <span class='ocrx_word' id='word_1_515' title='bbox 1222 3987 1446 4041; x_wconf 85' lang='grc' dir='ltr'>ἐλθόντα</span> <span class='ocrx_word' id='word_1_516' title='bbox 1492 3989 1583 4041; x_wconf 84' lang='grc' dir='ltr'>τὸν</span> <span class='ocrx_word' id='word_1_517' title='bbox 1622 3989 1878 4059; x_wconf 80' lang='grc' dir='ltr'>Χριστὸν,</span> 
     </span>
    </p>
   </div>
   <div class='ocr_carea' id='block_1_75' title="bbox 205 4078 1881 4149">
    <p class='ocr_par' dir='ltr' id='par_1_75' title="bbox 205 4078 1881 4149">
     <span class='ocr_line' id='line_1_76' title="bbox 205 4078 1881 4149; baseline 0.001 -16"><span class='ocrx_word' id='word_1_518' title='bbox 205 4135 213 4141; x_wconf 76' lang='grc'><strong>,</strong></span> <span class='ocrx_word' id='word_1_519' title='bbox 292 4080 389 4133; x_wconf 69' lang='grc' dir='ltr'>καὶ</span> <span class='ocrx_word' id='word_1_520' title='bbox 416 4078 754 4133; x_wconf 77' lang='grc' dir='ltr'>καταλύοντα</span> <span class='ocrx_word' id='word_1_521' title='bbox 782 4078 948 4132; x_wconf 80' lang='grc' dir='ltr'>αὐτοῦ</span> <span class='ocrx_word' id='word_1_522' title='bbox 986 4080 1055 4131; x_wconf 75' lang='grc' dir='ltr'>τὰ</span> <span class='ocrx_word' id='word_1_523' title='bbox 1097 4081 1295 4144; x_wconf 88' lang='grc' dir='ltr'>πάντα,</span> <span class='ocrx_word' id='word_1_524' title='bbox 1330 4081 1429 4133; x_wconf 81' lang='grc' dir='ltr'>ὅσα</span> <span class='ocrx_word' id='word_1_525' title='bbox 1473 4081 1502 4132; x_wconf 70' lang='grc' dir='ltr'><strong>ὁ</strong></span> <span class='ocrx_word' id='word_1_526' title='bbox 1543 4080 1685 4133; x_wconf 76' lang='grc' dir='ltr'>κατὰ</span> <span class='ocrx_word' id='word_1_527' title='bbox 1719 4080 1881 4149; x_wconf 75' lang='grc' dir='ltr'>φύσιν</span> 
     </span>
    </p>
   </div>
   <div class='ocr_carea' id='block_1_76' title="bbox 294 4170 1883 4243">
    <p class='ocr_par' dir='ltr' id='par_1_76' title="bbox 294 4170 1883 4243">
     <span class='ocr_line' id='line_1_77' title="bbox 294 4170 1883 4243; baseline 0.001 -19"><span class='ocrx_word' id='word_1_528' title='bbox 294 4170 485 4242; x_wconf 79' lang='grc' dir='ltr'>Πατὴρ</span> <span class='ocrx_word' id='word_1_529' title='bbox 531 4170 697 4224; x_wconf 79' lang='grc' dir='ltr'>αὑτοῦ</span> <span class='ocrx_word' id='word_1_530' title='bbox 761 4170 1103 4242; x_wconf 80' lang='grc' dir='ltr'>ἐνομοθέτει,</span> <span class='ocrx_word' id='word_1_531' title='bbox 1162 4172 1281 4239; x_wconf 67' lang='grc' dir='ltr'>ἦτοι</span> <span class='ocrx_word' id='word_1_532' title='bbox 1333 4174 1363 4226; x_wconf 87' lang='grc' dir='ltr'>ὁ</span> <span class='ocrx_word' id='word_1_533' title='bbox 1412 4172 1654 4243; x_wconf 82' lang='grc' dir='ltr'>λαλήσας</span> <span class='ocrx_word' id='word_1_534' title='bbox 1697 4175 1754 4227; x_wconf 85' lang='grc' dir='ltr'><strong>ἐν</strong></span> <span class='ocrx_word' id='word_1_535' title='bbox 1804 4172 1883 4243; x_wconf 77' lang='grc' dir='ltr'>τῷ</span> 
     </span>
    </p>
   </div>
   <div class='ocr_carea' id='block_1_77' title="bbox 292 4265 1880 4339">
    <p class='ocr_par' dir='ltr' id='par_1_77' title="bbox 292 4265 1880 4339">
     <span class='ocr_line' id='line_1_78' title="bbox 292 4265 1880 4339; baseline 0.002 -20"><span class='ocrx_word' id='word_1_536' title='bbox 292 4265 464 4337; x_wconf 81' lang='grc' dir='ltr'>νόμῳ,</span> <span class='ocrx_word' id='word_1_537' title='bbox 500 4266 620 4335; x_wconf 73' lang='grc' dir='ltr'>ἦτοι</span> <span class='ocrx_word' id='word_1_538' title='bbox 653 4267 682 4318; x_wconf 84' lang='grc' dir='ltr'>ὁ</span> <span class='ocrx_word' id='word_1_539' title='bbox 709 4265 807 4335; x_wconf 75' lang='grc' dir='ltr'><strong>τῆς</strong></span> <span class='ocrx_word' id='word_1_540' title='bbox 854 4265 1051 4328; x_wconf 87' lang='grc' dir='ltr'>κακίας</span> <span class='ocrx_word' id='word_1_541' title='bbox 1084 4265 1235 4331; x_wconf 79' lang='grc' dir='ltr'>θεὸς,</span> <span class='ocrx_word' id='word_1_542' title='bbox 1284 4267 1314 4319; x_wconf 83' lang='grc' dir='ltr'>ὁ</span> <span class='ocrx_word' id='word_1_543' title='bbox 1351 4268 1480 4339; x_wconf 83' lang='grc' dir='ltr'>παρ’</span> <span class='ocrx_word' id='word_1_544' title='bbox 1510 4267 1690 4322; x_wconf 82' lang='grc' dir='ltr'>αὐτῶν</span> <span class='ocrx_word' id='word_1_545' title='bbox 1728 4269 1787 4323; x_wconf 84' lang='grc' dir='ltr'>ὲν</span> <span class='ocrx_word' id='word_1_546' title='bbox 1814 4270 1880 4339; x_wconf 80' lang='grc' dir='ltr'>τῇ</span> 
     </span>
    </p>
   </div>
   <div class='ocr_carea' id='block_1_78' title="bbox 290 4342 1882 4430">
    <p class='ocr_par' dir='ltr' id='par_1_78' title="bbox 290 4342 1882 4430">
     <span class='ocr_line' id='line_1_79' title="bbox 290 4342 1882 4430; baseline 0.003 -21"><span class='ocrx_word' id='word_1_547' title='bbox 290 4357 451 4429; x_wconf 83' lang='grc' dir='ltr'>τρίτῃ</span> <span class='ocrx_word' id='word_1_548' title='bbox 485 4358 627 4428; x_wconf 81' lang='grc' dir='ltr'><strong>ἀρχῇ</strong></span> <span class='ocrx_word' id='word_1_549' title='bbox 662 4342 1008 4428; x_wconf 66' lang='grc' dir='ltr'>ταττόμενος.</span> <span class='ocrx_word' id='word_1_550' title='bbox 1051 4358 1261 4422; x_wconf 81' lang='grc' dir='ltr'>Ἀλλως</span> <span class='ocrx_word' id='word_1_551' title='bbox 1295 4358 1405 4430; x_wconf 79' lang='grc' dir='ltr'>γὰρ</span> <span class='ocrx_word' id='word_1_552' title='bbox 1442 4360 1537 4414; x_wconf 77' lang='grc' dir='ltr'>καὶ</span> <span class='ocrx_word' id='word_1_553' title='bbox 1583 4359 1758 4424; x_wconf 69' lang='grc' dir='ltr'>ἄλλως</span> <span class='ocrx_word' id='word_1_554' title='bbox 1785 4362 1882 4414; x_wconf 78' lang='grc' dir='ltr'><strong>ὲκ-</strong></span> 
     </span>
    </p>
   </div>
   <div class='ocr_carea' id='block_1_79' title="bbox 290 4446 1881 4520">
    <p class='ocr_par' dir='ltr' id='par_1_79' title="bbox 290 4446 1881 4520">
     <span class='ocr_line' id='line_1_80' title="bbox 290 4446 1881 4520; baseline 0.002 -20"><span class='ocrx_word' id='word_1_555' title='bbox 290 4446 554 4510; x_wconf 86' lang='grc' dir='ltr'>τίθενται,</span> <span class='ocrx_word' id='word_1_556' title='bbox 594 4447 669 4510; x_wconf 87' lang='grc' dir='ltr'><strong>ὡς</strong></span> <span class='ocrx_word' id='word_1_557' title='bbox 700 4447 855 4518; x_wconf 76' lang='grc' dir='ltr'>ἔφην,</span> <span class='ocrx_word' id='word_1_558' title='bbox 886 4448 1043 4511; x_wconf 82' lang='grc' dir='ltr'>ἄλλος</span> <span class='ocrx_word' id='word_1_559' title='bbox 1078 4448 1178 4519; x_wconf 82' lang='grc' dir='ltr'>μὲν</span> <span class='ocrx_word' id='word_1_560' title='bbox 1209 4448 1302 4501; x_wconf 83' lang='grc' dir='ltr'>τὸν</span> <span class='ocrx_word' id='word_1_561' title='bbox 1329 4449 1691 4520; x_wconf 81' lang='grc' dir='ltr'>Δημιουργὺν,</span> <span class='ocrx_word' id='word_1_562' title='bbox 1724 4450 1881 4513; x_wconf 84' lang='grc' dir='ltr'>ἄλλος</span> 
     </span>
    </p>
   </div>
   <div class='ocr_carea' id='block_1_80' title="bbox 288 4526 774 4611">
    <p class='ocr_par' dir='ltr' id='par_1_80' title="bbox 288 4526 774 4611">
     <span class='ocr_line' id='line_1_81' title="bbox 288 4526 774 4611; baseline 0 -16"><span class='ocrx_word' id='word_1_563' title='bbox 288 4541 346 4595; x_wconf 71' lang='grc' dir='ltr'><strong>δὲ</strong></span> <span class='ocrx_word' id='word_1_564' title='bbox 385 4542 475 4594; x_wconf 79' lang='grc' dir='ltr'>τὸν</span> <span class='ocrx_word' id='word_1_565' title='bbox 514 4526 656 4611; x_wconf 85' lang='grc' dir='ltr'>Πονη</span> <span class='ocrx_word' id='word_1_566' title='bbox 664 4541 774 4610; x_wconf 79' lang='grc' dir='ltr'>ρόν.</span> 
     </span>
    </p>
   </div>
   <div class='ocr_carea' id='block_1_81' title="bbox 362 4723 1878 4796">
    <p class='ocr_par' dir='ltr' id='par_1_81' title="bbox 362 4723 1878 4796">
     <span class='ocr_line' id='line_1_82' title="bbox 362 4723 1878 4796; baseline -0.001 -17"><span class='ocrx_word' id='word_1_567' title='bbox 362 4724 549 4781; x_wconf 78' lang='grc' dir='ltr'>Ταῦτα</span> <span class='ocrx_word' id='word_1_568' title='bbox 566 4724 622 4778; x_wconf 87' lang='grc' dir='ltr'>δὲ</span> <span class='ocrx_word' id='word_1_569' title='bbox 650 4724 787 4796; x_wconf 78' lang='grc' dir='ltr'>δῆλα</span> <span class='ocrx_word' id='word_1_570' title='bbox 814 4726 982 4778; x_wconf 71' lang='grc' dir='ltr'>παντὶ</span> <span class='ocrx_word' id='word_1_571' title='bbox 1004 4723 1081 4795; x_wconf 79' lang='grc' dir='ltr'>τῷ</span> <span class='ocrx_word' id='word_1_572' title='bbox 1112 4724 1328 4777; x_wconf 84' lang='grc' dir='ltr'>σύνεσιν</span> <span class='ocrx_word' id='word_1_573' title='bbox 1352 4724 1677 4795; x_wconf 84' lang='grc' dir='ltr'>κεκτημένῳ</span> <span class='ocrx_word' id='word_1_574' title='bbox 1701 4724 1878 4795; x_wconf 83' lang='grc' dir='ltr'>ὑπάρ-</span> 
     </span>
    </p>
   </div>
   <div class='ocr_carea' id='block_1_82' title="bbox 289 4816 1878 4889">
    <p class='ocr_par' dir='ltr' id='par_1_82' title="bbox 289 4816 1878 4889">
     <span class='ocr_line' id='line_1_83' title="bbox 289 4816 1878 4889; baseline -0.001 -17"><span class='ocrx_word' id='word_1_575' title='bbox 289 4836 396 4889; x_wconf 81' lang='grc' dir='ltr'>χει,</span> <span class='ocrx_word' id='word_1_576' title='bbox 433 4819 515 4871; x_wconf 82' lang='grc' dir='ltr'>ὅτι</span> <span class='ocrx_word' id='word_1_577' title='bbox 539 4816 852 4889; x_wconf 85' lang='grc' dir='ltr'>ἀκαθάρτου</span> <span class='ocrx_word' id='word_1_578' title='bbox 892 4817 1204 4887; x_wconf 87' lang='grc' dir='ltr'>πνεύματός</span> <span class='ocrx_word' id='word_1_579' title='bbox 1238 4816 1385 4869; x_wconf 85' lang='grc' dir='ltr'>ἐστιν</span> <span class='ocrx_word' id='word_1_580' title='bbox 1413 4818 1444 4887; x_wconf 84' lang='grc' dir='ltr'><strong>ἡ</strong></span> <span class='ocrx_word' id='word_1_581' title='bbox 1484 4817 1749 4888; x_wconf 87' lang='grc' dir='ltr'>φρόνησις</span> <span class='ocrx_word' id='word_1_582' title='bbox 1782 4818 1878 4871; x_wconf 77' lang='grc' dir='ltr'>καὶ</span> 
     </span>
    </p>
   </div>
   <div class='ocr_carea' id='block_1_83' title="bbox 289 4906 1878 4982">
    <p class='ocr_par' dir='ltr' id='par_1_83' title="bbox 289 4906 1878 4982">
     <span class='ocr_line' id='line_1_84' title="bbox 289 4906 1878 4982; baseline 0.001 -20"><span class='ocrx_word' id='word_1_583' title='bbox 289 4913 323 4981; x_wconf 79' lang='grc' dir='ltr'><strong>ἡ</strong></span> <span class='ocrx_word' id='word_1_584' title='bbox 366 4909 720 4965; x_wconf 85' lang='grc' dir='ltr'>διδασκαλία·</span> <span class='ocrx_word' id='word_1_585' title='bbox 771 4907 865 4962; x_wconf 78' lang='grc' dir='ltr'>καὶ</span> <span class='ocrx_word' id='word_1_586' title='bbox 913 4907 1037 4963; x_wconf 73' lang='grc' dir='ltr'>οὔτε</span> <span class='ocrx_word' id='word_1_587' title='bbox 1067 4910 1224 4980; x_wconf 85' lang='grc' dir='ltr'>χρεία</span> <span class='ocrx_word' id='word_1_588' title='bbox 1260 4906 1329 4981; x_wconf 84' lang='grc' dir='ltr'>ἦν</span> <span class='ocrx_word' id='word_1_589' title='bbox 1364 4909 1493 4982; x_wconf 71' lang='grc' dir='ltr'>περὶ</span> <span class='ocrx_word' id='word_1_590' title='bbox 1526 4908 1732 4981; x_wconf 86' lang='grc' dir='ltr'>ταύτης</span> <span class='ocrx_word' id='word_1_591' title='bbox 1776 4909 1878 4979; x_wconf 82' lang='grc' dir='ltr'>τῆς</span> 
     </span>
    </p>
   </div>
   <div class='ocr_carea' id='block_1_84' title="bbox 288 4986 1876 5073">
    <p class='ocr_par' dir='ltr' id='par_1_84' title="bbox 288 4986 1876 5073">
     <span class='ocr_line' id='line_1_85' title="bbox 288 4986 1876 5073; baseline 0 -18"><span class='ocrx_word' id='word_1_592' title='bbox 288 5002 599 5066; x_wconf 84' lang='grc' dir='ltr'>ὑποθέσεως</span> <span class='ocrx_word' id='word_1_593' title='bbox 647 4986 1120 5072; x_wconf 73' lang='grc' dir='ltr'>ἀπολογεῖσθαι,ἣ</span> <span class='ocrx_word' id='word_1_594' title='bbox 1168 5002 1390 5072; x_wconf 76' lang='grc' dir='ltr'>ἔλεγχον</span> <span class='ocrx_word' id='word_1_595' title='bbox 1442 5003 1713 5073; x_wconf 82' lang='grc' dir='ltr'>παριστᾷν</span> <span class='ocrx_word' id='word_1_596' title='bbox 1755 5003 1876 5055; x_wconf 72' lang='grc' dir='ltr'>κατ’</span> 
     </span>
    </p>
   </div>
   <div class='ocr_carea' id='block_1_85' title="bbox 286 5076 1877 5167">
    <p class='ocr_par' dir='ltr' id='par_1_85' title="bbox 286 5093 1877 5167">
     <span class='ocr_line' id='line_1_86' title="bbox 286 5093 1877 5167; baseline 0 -19"><span class='ocrx_word' id='word_1_597' title='bbox 286 5095 517 5166; x_wconf 79' lang='grc' dir='ltr'>ἀντικρὺ</span> <span class='ocrx_word' id='word_1_598' title='bbox 541 5093 997 5164; x_wconf 85' lang='grc' dir='ltr'>Μαρκίωνος,τοῢ</span> <span class='ocrx_word' id='word_1_599' title='bbox 1032 5093 1224 5147; x_wconf 80' lang='grc' dir='ltr'>ἐαυτοῦ</span> <span class='ocrx_word' id='word_1_600' title='bbox 1254 5095 1395 5149; x_wconf 83' lang='grc' dir='ltr'>κατὰ</span> <span class='ocrx_word' id='word_1_601' title='bbox 1427 5095 1607 5149; x_wconf 87' lang='grc' dir='ltr'>πάντα</span> <span class='ocrx_word' id='word_1_602' title='bbox 1626 5095 1725 5167; x_wconf 83' lang='grc' dir='ltr'>τὴν</span> <span class='ocrx_word' id='word_1_603' title='bbox 1756 5098 1877 5148; x_wconf 86' lang='grc' dir='ltr'>ἐπι-</span> 
     </span>
    </p>
   </div>
   <div class='ocr_carea' id='block_1_86' title="bbox 284 5183 1876 5257">
    <p class='ocr_par' dir='ltr' id='par_1_86' title="bbox 284 5183 1876 5257">
     <span class='ocr_line' id='line_1_87' title="bbox 284 5183 1876 5257; baseline -0.001 -19"><span class='ocrx_word' id='word_1_604' title='bbox 284 5183 562 5255; x_wconf 80' lang='grc' dir='ltr'>λησμονὴν</span> <span class='ocrx_word' id='word_1_605' title='bbox 594 5184 695 5253; x_wconf 83' lang='grc' dir='ltr'>τῆς</span> <span class='ocrx_word' id='word_1_606' title='bbox 732 5184 878 5256; x_wconf 78' lang='grc' dir='ltr'>ζωῆς</span> <span class='ocrx_word' id='word_1_607' title='bbox 913 5184 1305 5255; x_wconf 85' lang='grc' dir='ltr'>ποιησαμένου.</span> <span class='ocrx_word' id='word_1_608' title='bbox 1339 5184 1729 5257; x_wconf 78' lang='grc' dir='ltr'>Φωραθήσεται</span> <span class='ocrx_word' id='word_1_609' title='bbox 1766 5184 1876 5256; x_wconf 81' lang='grc' dir='ltr'>γὰρ</span> 
     </span>
    </p>
   </div>
   <div class='ocr_carea' id='block_1_87' title="bbox 282 5272 1873 5346">
    <p class='ocr_par' dir='ltr' id='par_1_87' title="bbox 282 5272 1873 5346">
     <span class='ocr_line' id='line_1_88' title="bbox 282 5272 1873 5346; baseline -0.003 -16"><span class='ocrx_word' id='word_1_610' title='bbox 282 5275 434 5346; x_wconf 79' lang='grc' dir='ltr'>παρὰ</span> <span class='ocrx_word' id='word_1_611' title='bbox 470 5276 605 5328; x_wconf 74' lang='grc' dir='ltr'>πᾶσι</span> <span class='ocrx_word' id='word_1_612' title='bbox 637 5277 752 5339; x_wconf 88' lang='grc' dir='ltr'>τοῖς</span> <span class='ocrx_word' id='word_1_613' title='bbox 784 5276 1025 5338; x_wconf 79' lang='grc' dir='ltr'>συνετοίς</span> <span class='ocrx_word' id='word_1_614' title='bbox 1054 5274 1113 5327; x_wconf 88' lang='grc' dir='ltr'>τὸ</span> <span class='ocrx_word' id='word_1_615' title='bbox 1159 5273 1478 5344; x_wconf 84' lang='grc' dir='ltr'>βλάσφημον</span> <span class='ocrx_word' id='word_1_616' title='bbox 1515 5272 1682 5327; x_wconf 82' lang='grc' dir='ltr'>αὑτοῦ</span> <span class='ocrx_word' id='word_1_617' title='bbox 1716 5289 1873 5326; x_wconf 89' lang='grc' dir='ltr'>κενο-</span> 
     </span>
    </p>
   </div>
   <div class='ocr_carea' id='block_1_88' title="bbox 284 5365 1868 5439">
    <p class='ocr_par' dir='ltr' id='par_1_88' title="bbox 284 5365 1868 5439">
     <span class='ocr_line' id='line_1_89' title="bbox 284 5365 1868 5439; baseline -0.001 -19"><span class='ocrx_word' id='word_1_618' title='bbox 284 5368 552 5439; x_wconf 80' lang='grc' dir='ltr'>φώνημα,</span> <span class='ocrx_word' id='word_1_619' title='bbox 604 5368 698 5421; x_wconf 79' lang='grc' dir='ltr'>καὶ</span> <span class='ocrx_word' id='word_1_620' title='bbox 747 5367 1020 5438; x_wconf 85' lang='grc' dir='ltr'>τολμηρὸν</span> <span class='ocrx_word' id='word_1_621' title='bbox 1082 5366 1183 5437; x_wconf 85' lang='grc' dir='ltr'>τῆς</span> <span class='ocrx_word' id='word_1_622' title='bbox 1244 5365 1518 5428; x_wconf 80' lang='grc' dir='ltr'>ἀπωλείας</span> <span class='ocrx_word' id='word_1_623' title='bbox 1567 5366 1868 5437; x_wconf 85' lang='grc' dir='ltr'>ἐνέργημα.</span> 
     </span>
    </p>
   </div>
   <div class='ocr_carea' id='block_1_89' title="bbox 293 5455 1870 5531">
    <p class='ocr_par' dir='ltr' id='par_1_89' title="bbox 293 5455 1870 5531">
     <span class='ocr_line' id='line_1_90' title="bbox 293 5455 1870 5531; baseline -0.003 -19"><span class='ocrx_word' id='word_1_624' title='bbox 293 5459 434 5512; x_wconf 82' lang='grc' dir='ltr'>Ἀλλ’</span> <span class='ocrx_word' id='word_1_625' title='bbox 464 5459 654 5531; x_wconf 77' lang='grc' dir='ltr'>ἐπειδὴ</span> <span class='ocrx_word' id='word_1_626' title='bbox 687 5458 958 5530; x_wconf 76' lang='grc' dir='ltr'>εἰώθαμεν</span> <span class='ocrx_word' id='word_1_627' title='bbox 993 5458 1067 5529; x_wconf 86' lang='grc' dir='ltr'><strong>μὴ</strong></span> <span class='ocrx_word' id='word_1_628' title='bbox 1099 5460 1194 5529; x_wconf 78' lang='grc' dir='ltr'>ὲᾷν</span> <span class='ocrx_word' id='word_1_629' title='bbox 1230 5456 1483 5511; x_wconf 82' lang='grc' dir='ltr'>ἀκανθῶν</span> <span class='ocrx_word' id='word_1_630' title='bbox 1512 5456 1696 5520; x_wconf 88' lang='grc' dir='ltr'>τόπον,</span> <span class='ocrx_word' id='word_1_631' title='bbox 1732 5455 1870 5509; x_wconf 78' lang='grc' dir='ltr'>ἀλλὰ</span> 
     </span>
    </p>
   </div>
   <div class='ocr_carea' id='block_1_90' title="bbox 277 5548 1873 5623">
    <p class='ocr_par' dir='ltr' id='par_1_90' title="bbox 277 5548 1873 5623">
     <span class='ocr_line' id='line_1_91' title="bbox 277 5548 1873 5623; baseline -0.003 -17"><span class='ocrx_word' id='word_1_632' title='bbox 277 5552 563 5622; x_wconf 81' lang='grc' dir='ltr'>ἐκτέμνειν</span> <span class='ocrx_word' id='word_1_633' title='bbox 617 5556 683 5623; x_wconf 81' lang='grc' dir='ltr'>τῇ</span> <span class='ocrx_word' id='word_1_634' title='bbox 734 5550 827 5606; x_wconf 75' lang='grc' dir='ltr'><strong>τοῦ</strong></span> <span class='ocrx_word' id='word_1_635' title='bbox 867 5550 1002 5606; x_wconf 77' lang='grc' dir='ltr'>Θεοῦ</span> <span class='ocrx_word' id='word_1_636' title='bbox 1058 5551 1323 5622; x_wconf 71' lang='grc' dir='ltr'>μαχαίρᾳ,</span> <span class='ocrx_word' id='word_1_637' title='bbox 1354 5554 1421 5621; x_wconf 84' lang='grc' dir='ltr'>τῇ</span> <span class='ocrx_word' id='word_1_638' title='bbox 1470 5548 1624 5618; x_wconf 81' lang='grc' dir='ltr'>ὑπὲρ</span> <span class='ocrx_word' id='word_1_639' title='bbox 1666 5548 1873 5603; x_wconf 77' lang='grc' dir='ltr'>πᾶσαν</span> 
     </span>
    </p>
   </div>
   <div class='ocr_carea' id='block_1_91' title="bbox 269 5641 1872 5713">
    <p class='ocr_par' dir='ltr' id='par_1_91' title="bbox 269 5641 1872 5713">
     <span class='ocr_line' id='line_1_92' title="bbox 269 5641 1872 5713; baseline -0.001 -19"><span class='ocrx_word' id='word_1_640' title='bbox 269 5641 579 5713; x_wconf 79' lang='grc' dir='ltr'>μάχαιραν</span> <span class='ocrx_word' id='word_1_641' title='bbox 623 5641 936 5712; x_wconf 78' lang='grc' dir='ltr'>δίστομον,</span> <span class='ocrx_word' id='word_1_642' title='bbox 970 5642 1067 5695; x_wconf 77' lang='grc' dir='ltr'>καὶ</span> <span class='ocrx_word' id='word_1_643' title='bbox 1112 5641 1497 5711; x_wconf 72' lang='grc' dir='ltr'>διικνουμένῃ</span> <span class='ocrx_word' id='word_1_644' title='bbox 1541 5641 1677 5711; x_wconf 72' lang='grc' dir='ltr'>ἄχρι</span> <span class='ocrx_word' id='word_1_645' title='bbox 1707 5657 1872 5710; x_wconf 81' lang='grc' dir='ltr'>μερι-</span> 
     </span>
    </p>
   </div>
   <div class='ocr_carea' id='block_1_92' title="bbox 2003 3342 3572 3415">
    <p class='ocr_par' dir='ltr' id='par_1_92' title="bbox 2003 3342 3572 3415">
     <span class='ocr_line' id='line_1_93' title="bbox 2003 3342 3572 3415; baseline 0.001 -16"><span class='ocrx_word' id='word_1_646' title='bbox 2003 3346 2123 3400; x_wconf 89' lang='lat' dir='ltr'><strong>sine</strong></span> <span class='ocrx_word' id='word_1_647' title='bbox 2151 3344 2262 3399; x_wconf 91' lang='lat' dir='ltr'><strong>ullo</strong></span> <span class='ocrx_word' id='word_1_648' title='bbox 2286 3345 2495 3415; x_wconf 92' lang='lat' dir='ltr'><strong>pudore</strong></span> <span class='ocrx_word' id='word_1_649' title='bbox 2519 3344 2790 3415; x_wconf 83' lang='lat' dir='ltr'><strong>jactitant.</strong></span> <span class='ocrx_word' id='word_1_650' title='bbox 2818 3342 2973 3410; x_wconf 90' lang='lat' dir='ltr'><strong>Quod</strong></span> <span class='ocrx_word' id='word_1_651' title='bbox 2997 3344 3085 3398; x_wconf 88' lang='lat' dir='ltr'><strong>alii</strong></span> <span class='ocrx_word' id='word_1_652' title='bbox 3112 3346 3295 3401; x_wconf 88' lang='lat' dir='ltr'><strong>minus</strong></span> <span class='ocrx_word' id='word_1_653' title='bbox 3318 3347 3572 3415; x_wconf 86' lang='lat' dir='ltr'><strong>probant,</strong></span> 
     </span>
    </p>
   </div>
   <div class='ocr_carea' id='block_1_93' title="bbox 1983 3436 3573 3508">
    <p class='ocr_par' dir='ltr' id='par_1_93' title="bbox 1983 3436 3573 3508">
     <span class='ocr_line' id='line_1_94' title="bbox 1983 3436 3573 3508; baseline 0.003 -19"><span class='ocrx_word' id='word_1_654' title='bbox 1983 3436 2185 3506; x_wconf 83' lang='lat' dir='ltr'><strong>quibus</strong></span> <span class='ocrx_word' id='word_1_655' title='bbox 2219 3437 2400 3507; x_wconf 89' lang='lat' dir='ltr'><strong>placet</strong></span> <span class='ocrx_word' id='word_1_656' title='bbox 2422 3436 2614 3508; x_wconf 88' lang='lat' dir='ltr'><strong>judice</strong></span> <span class='ocrx_word' id='word_1_657' title='bbox 2644 3436 2798 3491; x_wconf 89' lang='lat' dir='ltr'><strong>illum</strong></span> <span class='ocrx_word' id='word_1_658' title='bbox 2833 3452 2896 3491; x_wconf 90' lang='lat' dir='ltr'><strong>ac</strong></span> <span class='ocrx_word' id='word_1_659' title='bbox 2928 3436 3190 3492; x_wconf 84' lang='lat' dir='ltr'><strong>Creatore</strong></span> <span class='ocrx_word' id='word_1_660' title='bbox 3217 3447 3405 3492; x_wconf 89' lang='lat' dir='ltr'><strong>natum</strong></span> <span class='ocrx_word' id='word_1_661' title='bbox 3429 3454 3573 3496; x_wconf 89' lang='lat' dir='ltr'><strong>esse.</strong></span> 
     </span>
    </p>
   </div>
   <div class='ocr_carea' id='block_1_94' title="bbox 1984 3527 3577 3600">
    <p class='ocr_par' dir='ltr' id='par_1_94' title="bbox 1984 3527 3577 3600">
     <span class='ocr_line' id='line_1_95' title="bbox 1984 3527 3577 3600; baseline 0.004 -19"><span class='ocrx_word' id='word_1_662' title='bbox 1984 3528 2089 3595; x_wconf 90' lang='lat' dir='ltr'><strong>Qui</strong></span> <span class='ocrx_word' id='word_1_663' title='bbox 2114 3543 2239 3583; x_wconf 90' lang='lat' dir='ltr'><strong>eum</strong></span> <span class='ocrx_word' id='word_1_664' title='bbox 2270 3527 2326 3582; x_wconf 91' lang='lat' dir='ltr'><strong>in</strong></span> <span class='ocrx_word' id='word_1_665' title='bbox 2358 3528 2797 3584; x_wconf 83' lang='lat' dir='ltr'><strong>misericordiam</strong></span> <span class='ocrx_word' id='word_1_666' title='bbox 2825 3536 2969 3584; x_wconf 86' lang='lat' dir='ltr'><strong>esset</strong></span> <span class='ocrx_word' id='word_1_667' title='bbox 3003 3532 3351 3600; x_wconf 79' lang='lat' dir='ltr'><strong>propensior,</strong></span> <span class='ocrx_word' id='word_1_668' title='bbox 3391 3547 3456 3586; x_wconf 91' lang='lat' dir='ltr'><strong>ac</strong></span> <span class='ocrx_word' id='word_1_669' title='bbox 3480 3548 3577 3587; x_wconf 88' lang='lat' dir='ltr'><strong>na-</strong></span> 
     </span>
    </p>
   </div>
   <div class='ocr_carea' id='block_1_95' title="bbox 1982 3617 3574 3690">
    <p class='ocr_par' dir='ltr' id='par_1_95' title="bbox 1982 3617 3574 3690">
     <span class='ocr_line' id='line_1_96' title="bbox 1982 3617 3574 3690; baseline 0.001 -17"><span class='ocrx_word' id='word_1_670' title='bbox 1982 3627 2109 3674; x_wconf 90' lang='lat' dir='ltr'><strong>tura</strong></span> <span class='ocrx_word' id='word_1_671' title='bbox 2143 3618 2343 3683; x_wconf 90' lang='lat' dir='ltr'><strong>bonus,</strong></span> <span class='ocrx_word' id='word_1_672' title='bbox 2380 3617 2543 3674; x_wconf 88' lang='lat' dir='ltr'><strong>Patre</strong></span> <span class='ocrx_word' id='word_1_673' title='bbox 2584 3634 2707 3683; x_wconf 91' lang='lat' dir='ltr'><strong>suo,</strong></span> <span class='ocrx_word' id='word_1_674' title='bbox 2753 3633 2917 3690; x_wconf 88' lang='lat' dir='ltr'><strong>quem</strong></span> <span class='ocrx_word' id='word_1_675' title='bbox 2960 3620 3051 3672; x_wconf 86' lang='lat' dir='ltr'><strong>alii</strong></span> <span class='ocrx_word' id='word_1_676' title='bbox 3107 3619 3447 3688; x_wconf 88' lang='lat' dir='ltr'><strong>Creatorem,</strong></span> <span class='ocrx_word' id='word_1_677' title='bbox 3479 3623 3574 3677; x_wconf 90' lang='lat' dir='ltr'><strong>alii</strong></span> 
     </span>
    </p>
   </div>
   <div class='ocr_carea' id='block_1_96' title="bbox 1983 3710 3575 3776">
    <p class='ocr_par' dir='ltr' id='par_1_96' title="bbox 1983 3710 3575 3776">
     <span class='ocr_line' id='line_1_97' title="bbox 1983 3710 3575 3776; baseline 0.001 -10"><span class='ocrx_word' id='word_1_678' title='bbox 1983 3712 2188 3766; x_wconf 89' lang='lat' dir='ltr'><strong>malum</strong></span> <span class='ocrx_word' id='word_1_679' title='bbox 2232 3711 2567 3776; x_wconf 80' lang='lat' dir='ltr'><strong>existimant,</strong></span> <span class='ocrx_word' id='word_1_680' title='bbox 2613 3710 2862 3766; x_wconf 88' lang='lat' dir='ltr'><strong>inferiori</strong></span> <span class='ocrx_word' id='word_1_681' title='bbox 2914 3710 3044 3765; x_wconf 86' lang='lat' dir='ltr'><strong>sede</strong></span> <span class='ocrx_word' id='word_1_682' title='bbox 3097 3712 3310 3776; x_wconf 87' lang='lat' dir='ltr'><strong>relicto,</strong></span> <span class='ocrx_word' id='word_1_683' title='bbox 3351 3729 3575 3769; x_wconf 83' lang='lat' dir='ltr'><strong>sursum</strong></span> 
     </span>
    </p>
   </div>
   <div class='ocr_carea' id='block_1_97' title="bbox 1983 3802 3575 3875">
    <p class='ocr_par' dir='ltr' id='par_1_97' title="bbox 1983 3802 3575 3875">
     <span class='ocr_line' id='line_1_98' title="bbox 1983 3802 3575 3875; baseline 0.001 -16"><span class='ocrx_word' id='word_1_684' title='bbox 1983 3804 2051 3859; x_wconf 90' lang='lat' dir='ltr'><strong>ad</strong></span> <span class='ocrx_word' id='word_1_685' title='bbox 2091 3805 2247 3859; x_wconf 89' lang='lat' dir='ltr'><strong>illum</strong></span> <span class='ocrx_word' id='word_1_686' title='bbox 2282 3804 2496 3871; x_wconf 78' lang='lat' dir='ltr'><strong>bonum</strong></span> <span class='ocrx_word' id='word_1_687' title='bbox 2526 3804 2777 3859; x_wconf 88' lang='lat' dir='ltr'><strong>evolasse</strong></span> <span class='ocrx_word' id='word_1_688' title='bbox 2817 3802 3008 3865; x_wconf 86' lang='lat' dir='ltr'><strong>Deum,</strong></span> <span class='ocrx_word' id='word_1_689' title='bbox 3039 3803 3132 3873; x_wconf 92' lang='lat' dir='ltr'><strong>qui</strong></span> <span class='ocrx_word' id='word_1_690' title='bbox 3172 3804 3575 3875; x_wconf 65' lang='lat' dir='ltr'><strong>ineXplicahili-</strong></span> 
     </span>
    </p>
   </div>
   <div class='ocr_carea' id='block_1_98' title="bbox 1984 3892 3574 3965">
    <p class='ocr_par' dir='ltr' id='par_1_98' title="bbox 1984 3892 3574 3965">
     <span class='ocr_line' id='line_1_99' title="bbox 1984 3892 3574 3965; baseline 0.002 -16"><span class='ocrx_word' id='word_1_691' title='bbox 1984 3895 2089 3951; x_wconf 88' lang='lat' dir='ltr'><strong>bus</strong></span> <span class='ocrx_word' id='word_1_692' title='bbox 2124 3896 2179 3950; x_wconf 93' lang='lat' dir='ltr'><strong>in</strong></span> <span class='ocrx_word' id='word_1_693' title='bbox 2210 3895 2347 3950; x_wconf 86' lang='lat' dir='ltr'><strong>locis</strong></span> <span class='ocrx_word' id='word_1_694' title='bbox 2381 3895 2604 3958; x_wconf 90' lang='lat' dir='ltr'><strong>residet,</strong></span> <span class='ocrx_word' id='word_1_695' title='bbox 2643 3901 2697 3948; x_wconf 90' lang='lat' dir='ltr'><strong>et</strong></span> <span class='ocrx_word' id='word_1_696' title='bbox 2737 3892 2915 3948; x_wconf 92' lang='lat' dir='ltr'><strong>eidem</strong></span> <span class='ocrx_word' id='word_1_697' title='bbox 2949 3894 3256 3949; x_wconf 78' lang='lat' dir='ltr'><strong>inhasisse.</strong></span> <span class='ocrx_word' id='word_1_698' title='bbox 3290 3894 3334 3947; x_wconf 86' lang='lat' dir='ltr'><strong>A</strong></span> <span class='ocrx_word' id='word_1_699' title='bbox 3369 3911 3481 3965; x_wconf 85' lang='lat' dir='ltr'><strong>quo</strong></span> <span class='ocrx_word' id='word_1_700' title='bbox 3517 3897 3574 3952; x_wconf 88' lang='lat' dir='ltr'><strong>in</strong></span> 
     </span>
    </p>
   </div>
   <div class='ocr_carea' id='block_1_99' title="bbox 1982 3978 3573 4051">
    <p class='ocr_par' dir='ltr' id='par_1_99' title="bbox 1982 3978 3573 4051">
     <span class='ocr_line' id='line_1_100' title="bbox 1982 3978 3573 4051; baseline 0 -10"><span class='ocrx_word' id='word_1_701' title='bbox 1982 3978 2135 4043; x_wconf 78' lang='lat' dir='ltr'><strong>hune</strong></span> <span class='ocrx_word' id='word_1_702' title='bbox 2169 3987 2358 4042; x_wconf 89' lang='lat' dir='ltr'><strong>orbem</strong></span> <span class='ocrx_word' id='word_1_703' title='bbox 2394 3987 2720 4051; x_wconf 89' lang='lat' dir='ltr'><strong>demissum,</strong></span> <span class='ocrx_word' id='word_1_704' title='bbox 2772 3994 2826 4040; x_wconf 91' lang='lat' dir='ltr'><strong>et</strong></span> <span class='ocrx_word' id='word_1_705' title='bbox 2860 3992 2920 4040; x_wconf 94' lang='lat' dir='ltr'><strong>ut</strong></span> <span class='ocrx_word' id='word_1_706' title='bbox 2955 3985 3102 4040; x_wconf 89' lang='lat' dir='ltr'><strong>Patri</strong></span> <span class='ocrx_word' id='word_1_707' title='bbox 3140 4001 3242 4041; x_wconf 87' lang='lat' dir='ltr'><strong>suo</strong></span> <span class='ocrx_word' id='word_1_708' title='bbox 3287 3987 3573 4044; x_wconf 85' lang='lat' dir='ltr'><strong>resisteret</strong></span> 
     </span>
    </p>
   </div>
   <div class='ocr_carea' id='block_1_100' title="bbox 1983 4074 3571 4149">
    <p class='ocr_par' dir='ltr' id='par_1_100' title="bbox 1983 4074 3571 4149">
     <span class='ocr_line' id='line_1_101' title="bbox 1983 4074 3571 4149; baseline -0.001 -15"><span class='ocrx_word' id='word_1_709' title='bbox 1983 4080 2267 4149; x_wconf 89' lang='lat' dir='ltr'><strong>delapsum</strong></span> <span class='ocrx_word' id='word_1_710' title='bbox 2297 4078 2353 4131; x_wconf 92' lang='lat' dir='ltr'><strong>in</strong></span> <span class='ocrx_word' id='word_1_711' title='bbox 2376 4085 2553 4133; x_wconf 89' lang='lat' dir='ltr'><strong>terras</strong></span> <span class='ocrx_word' id='word_1_712' title='bbox 2580 4076 2887 4141; x_wconf 84' lang='lat' dir='ltr'><strong>Christum,</strong></span> <span class='ocrx_word' id='word_1_713' title='bbox 2936 4076 3119 4129; x_wconf 84' lang='lat' dir='ltr'><strong>omnia</strong></span> <span class='ocrx_word' id='word_1_714' title='bbox 3147 4074 3240 4129; x_wconf 76' lang='lat' dir='ltr'><strong>illa</strong></span> <span class='ocrx_word' id='word_1_715' title='bbox 3274 4075 3571 4147; x_wconf 86' lang='lat' dir='ltr'><strong>abrogasse</strong></span> 
     </span>
    </p>
   </div>
   <div class='ocr_carea' id='block_1_101' title="bbox 1982 4166 3571 4240">
    <p class='ocr_par' dir='ltr' id='par_1_101' title="bbox 1982 4166 3571 4240">
     <span class='ocr_line' id='line_1_102' title="bbox 1982 4166 3571 4240; baseline -0.002 -13"><span class='ocrx_word' id='word_1_716' title='bbox 1982 4171 2224 4234; x_wconf 88' lang='lat' dir='ltr'><strong>decreta,</strong></span> <span class='ocrx_word' id='word_1_717' title='bbox 2254 4184 2375 4240; x_wconf 87' lang='lat' dir='ltr'><strong>qua</strong></span> <span class='ocrx_word' id='word_1_718' title='bbox 2408 4169 2478 4223; x_wconf 89' lang='lat' dir='ltr'><strong>ab</strong></span> <span class='ocrx_word' id='word_1_719' title='bbox 2523 4168 2759 4223; x_wconf 87' lang='lat' dir='ltr'><strong>naturali</strong></span> <span class='ocrx_word' id='word_1_720' title='bbox 2786 4181 2887 4222; x_wconf 89' lang='lat' dir='ltr'><strong>suo</strong></span> <span class='ocrx_word' id='word_1_721' title='bbox 2918 4166 3081 4223; x_wconf 86' lang='lat' dir='ltr'><strong>Patre</strong></span> <span class='ocrx_word' id='word_1_722' title='bbox 3114 4166 3331 4223; x_wconf 89' lang='lat' dir='ltr'><strong>fuerant</strong></span> <span class='ocrx_word' id='word_1_723' title='bbox 3359 4172 3571 4224; x_wconf 89' lang='lat' dir='ltr'><strong>consti-</strong></span> 
     </span>
    </p>
   </div>
   <div class='ocr_carea' id='block_1_102' title="bbox 1981 4258 3571 4332">
    <p class='ocr_par' dir='ltr' id='par_1_102' title="bbox 1981 4258 3571 4332">
     <span class='ocr_line' id='line_1_103' title="bbox 1981 4258 3571 4332; baseline -0.001 -13"><span class='ocrx_word' id='word_1_724' title='bbox 1981 4272 2123 4329; x_wconf 91' lang='lat' dir='ltr'><strong>tuta,</strong></span> <span class='ocrx_word' id='word_1_725' title='bbox 2170 4264 2286 4319; x_wconf 91' lang='lat' dir='ltr'><strong>sive</strong></span> <span class='ocrx_word' id='word_1_726' title='bbox 2319 4262 2368 4318; x_wconf 89' lang='lat' dir='ltr'><strong>is</strong></span> <span class='ocrx_word' id='word_1_727' title='bbox 2411 4268 2497 4317; x_wconf 90' lang='lat' dir='ltr'><strong>est</strong></span> <span class='ocrx_word' id='word_1_728' title='bbox 2524 4261 2620 4332; x_wconf 92' lang='lat' dir='ltr'><strong>qui</strong></span> <span class='ocrx_word' id='word_1_729' title='bbox 2662 4262 2714 4314; x_wconf 92' lang='lat' dir='ltr'><strong>in</strong></span> <span class='ocrx_word' id='word_1_730' title='bbox 2760 4261 2879 4330; x_wconf 87' lang='lat' dir='ltr'><strong>lege</strong></span> <span class='ocrx_word' id='word_1_731' title='bbox 2929 4262 3144 4316; x_wconf 89' lang='lat' dir='ltr'><strong>locutus</strong></span> <span class='ocrx_word' id='word_1_732' title='bbox 3179 4258 3405 4331; x_wconf 89' lang='lat' dir='ltr'><strong>dicitur,</strong></span> <span class='ocrx_word' id='word_1_733' title='bbox 3454 4266 3571 4318; x_wconf 83' lang='lat' dir='ltr'><strong>sive</strong></span> 
     </span>
    </p>
   </div>
   <div class='ocr_carea' id='block_1_103' title="bbox 1983 4352 3569 4425">
    <p class='ocr_par' dir='ltr' id='par_1_103' title="bbox 1983 4352 3569 4425">
     <span class='ocr_line' id='line_1_104' title="bbox 1983 4352 3569 4425; baseline 0.002 -16"><span class='ocrx_word' id='word_1_734' title='bbox 1983 4355 2205 4410; x_wconf 82' lang='lat' dir='ltr'><strong>malitia</strong></span> <span class='ocrx_word' id='word_1_735' title='bbox 2234 4353 2379 4410; x_wconf 87' lang='lat' dir='ltr'><strong>Deus</strong></span> <span class='ocrx_word' id='word_1_736' title='bbox 2413 4352 2526 4420; x_wconf 89' lang='lat' dir='ltr'><strong>ille,</strong></span> <span class='ocrx_word' id='word_1_737' title='bbox 2567 4368 2729 4424; x_wconf 90' lang='lat' dir='ltr'><strong>quem</strong></span> <span class='ocrx_word' id='word_1_738' title='bbox 2760 4353 2904 4408; x_wconf 89' lang='lat' dir='ltr'><strong>inter</strong></span> <span class='ocrx_word' id='word_1_739' title='bbox 2945 4354 3217 4425; x_wconf 90' lang='lat' dir='ltr'><strong>principia</strong></span> <span class='ocrx_word' id='word_1_740' title='bbox 3249 4356 3415 4410; x_wconf 88' lang='lat' dir='ltr'><strong>tertio</strong></span> <span class='ocrx_word' id='word_1_741' title='bbox 3448 4356 3569 4412; x_wconf 88' lang='lat' dir='ltr'><strong>loco</strong></span> 
     </span>
    </p>
   </div>
   <div class='ocr_carea' id='block_1_104' title="bbox 1982 4445 3573 4517">
    <p class='ocr_par' dir='ltr' id='par_1_104' title="bbox 1982 4445 3573 4517">
     <span class='ocr_line' id='line_1_105' title="bbox 1982 4445 3573 4517; baseline 0 -13"><span class='ocrx_word' id='word_1_742' title='bbox 1982 4457 2253 4505; x_wconf 88' lang='lat' dir='ltr'><strong>statuunt.</strong></span> <span class='ocrx_word' id='word_1_743' title='bbox 2287 4445 2424 4502; x_wconf 88' lang='lat' dir='ltr'><strong>Nam</strong></span> <span class='ocrx_word' id='word_1_744' title='bbox 2473 4446 2654 4512; x_wconf 86' lang='lat' dir='ltr'><strong>aliter,</strong></span> <span class='ocrx_word' id='word_1_745' title='bbox 2690 4446 2768 4500; x_wconf 89' lang='lat' dir='ltr'><strong>uti</strong></span> <span class='ocrx_word' id='word_1_746' title='bbox 2804 4445 3014 4500; x_wconf 90' lang='lat' dir='ltr'><strong>dictum</strong></span> <span class='ocrx_word' id='word_1_747' title='bbox 3054 4457 3160 4514; x_wconf 91' lang='lat' dir='ltr'><strong>est,</strong></span> <span class='ocrx_word' id='word_1_748' title='bbox 3207 4454 3371 4517; x_wconf 90' lang='lat' dir='ltr'><strong>atque</strong></span> <span class='ocrx_word' id='word_1_749' title='bbox 3413 4449 3573 4504; x_wconf 84' lang='lat' dir='ltr'><strong>aliter</strong></span> 
     </span>
    </p>
   </div>
   <div class='ocr_carea' id='block_1_105' title="bbox 1910 4538 3567 4637">
    <p class='ocr_par' dir='ltr' id='par_1_105' title="bbox 1910 4538 3567 4637">
     <span class='ocr_line' id='line_1_106' title="bbox 1910 4538 3567 4637; baseline -0.001 -41"><span class='ocrx_word' id='word_1_750' title='bbox 1910 4579 1958 4637; x_wconf 65' lang='grc' dir='ltr'><strong>θ</strong></span> <span class='ocrx_word' id='word_1_751' title='bbox 1984 4543 2090 4597; x_wconf 90' lang='lat' dir='ltr'><strong>ista</strong></span> <span class='ocrx_word' id='word_1_752' title='bbox 2123 4541 2426 4597; x_wconf 89' lang='lat' dir='ltr'><strong>declarant.</strong></span> <span class='ocrx_word' id='word_1_753' title='bbox 2460 4541 2650 4609; x_wconf 85' lang='lat' dir='ltr'><strong>Itaque</strong></span> <span class='ocrx_word' id='word_1_754' title='bbox 2680 4538 2821 4594; x_wconf 90' lang='lat' dir='ltr'><strong>alius</strong></span> <span class='ocrx_word' id='word_1_755' title='bbox 2864 4539 3138 4609; x_wconf 84' lang='lat' dir='ltr'><strong>opificem,</strong></span> <span class='ocrx_word' id='word_1_756' title='bbox 3171 4540 3313 4595; x_wconf 88' lang='lat' dir='ltr'><strong>alius</strong></span> <span class='ocrx_word' id='word_1_757' title='bbox 3362 4542 3567 4595; x_wconf 85' lang='lat' dir='ltr'><strong>malum</strong></span> 
     </span>
    </p>
   </div>
   <div class='ocr_carea' id='block_1_106' title="bbox 1985 4632 2349 4688">
    <p class='ocr_par' dir='ltr' id='par_1_106' title="bbox 1985 4632 2349 4688">
     <span class='ocr_line' id='line_1_107' title="bbox 1985 4632 2349 4688; baseline -0.008 0"><span class='ocrx_word' id='word_1_758' title='bbox 1985 4648 2108 4688; x_wconf 84' lang='lat' dir='ltr'><strong>esse</strong></span> <span class='ocrx_word' id='word_1_759' title='bbox 2138 4632 2349 4687; x_wconf 82' lang='lat' dir='ltr'><strong>statuit.</strong></span> 
     </span>
    </p>
   </div>
   <div class='ocr_carea' id='block_1_107' title="bbox 2054 4718 3570 4795">
    <p class='ocr_par' dir='ltr' id='par_1_107' title="bbox 2054 4718 3570 4795">
     <span class='ocr_line' id='line_1_108' title="bbox 2054 4718 3570 4795; baseline -0.004 -17"><span class='ocrx_word' id='word_1_760' title='bbox 2054 4724 2221 4795; x_wconf 76' lang='lat'><strong>376</strong></span> <span class='ocrx_word' id='word_1_761' title='bbox 2244 4723 2374 4789; x_wconf 85' lang='lat' dir='ltr'><strong>Qua</strong></span> <span class='ocrx_word' id='word_1_762' title='bbox 2401 4737 2526 4777; x_wconf 91' lang='lat' dir='ltr'><strong>cum</strong></span> <span class='ocrx_word' id='word_1_763' title='bbox 2567 4723 2642 4775; x_wconf 88' lang='lat' dir='ltr'><strong>ita</strong></span> <span class='ocrx_word' id='word_1_764' title='bbox 2684 4720 2816 4784; x_wconf 88' lang='lat' dir='ltr'><strong>sint,</strong></span> <span class='ocrx_word' id='word_1_765' title='bbox 2857 4718 3207 4774; x_wconf 86' lang='lat' dir='ltr'><strong>manifestum</strong></span> <span class='ocrx_word' id='word_1_766' title='bbox 3247 4734 3374 4775; x_wconf 91' lang='lat' dir='ltr'><strong>esse</strong></span> <span class='ocrx_word' id='word_1_767' title='bbox 3412 4721 3570 4774; x_wconf 59' lang='lat' dir='ltr'><strong>cuili-</strong></span> 
     </span>
    </p>
   </div>
   <div class='ocr_carea' id='block_1_108' title="bbox 1986 4809 3565 4884">
    <p class='ocr_par' dir='ltr' id='par_1_108' title="bbox 1986 4809 3565 4884">
     <span class='ocr_line' id='line_1_109' title="bbox 1986 4809 3565 4884; baseline -0.003 -15"><span class='ocrx_word' id='word_1_768' title='bbox 1986 4814 2076 4869; x_wconf 86' lang='lat' dir='ltr'><strong>bet</strong></span> <span class='ocrx_word' id='word_1_769' title='bbox 2100 4821 2297 4884; x_wconf 90' lang='lat' dir='ltr'><strong>potest,</strong></span> <span class='ocrx_word' id='word_1_770' title='bbox 2322 4814 2417 4883; x_wconf 91' lang='lat' dir='ltr'><strong>qui</strong></span> <span class='ocrx_word' id='word_1_771' title='bbox 2452 4811 2656 4884; x_wconf 82' lang='lat' dir='ltr'><strong>ingenii</strong></span> <span class='ocrx_word' id='word_1_772' title='bbox 2688 4826 2753 4865; x_wconf 88' lang='lat' dir='ltr'><strong>ac</strong></span> <span class='ocrx_word' id='word_1_773' title='bbox 2774 4809 3077 4881; x_wconf 86' lang='lat' dir='ltr'><strong>prudentia</strong></span> <span class='ocrx_word' id='word_1_774' title='bbox 3103 4809 3311 4879; x_wconf 90' lang='lat' dir='ltr'><strong>aliquid</strong></span> <span class='ocrx_word' id='word_1_775' title='bbox 3345 4811 3565 4877; x_wconf 85' lang='lat' dir='ltr'><strong>habeat,</strong></span> 
     </span>
    </p>
   </div>
   <div class='ocr_carea' id='block_1_109' title="bbox 1984 4900 3569 4972">
    <p class='ocr_par' dir='ltr' id='par_1_109' title="bbox 1984 4900 3569 4972">
     <span class='ocr_line' id='line_1_110' title="bbox 1984 4900 3569 4972; baseline -0.001 -13"><span class='ocrx_word' id='word_1_776' title='bbox 1984 4914 2153 4960; x_wconf 91' lang='lat' dir='ltr'><strong>totam</strong></span> <span class='ocrx_word' id='word_1_777' title='bbox 2196 4906 2345 4959; x_wconf 85' lang='lat' dir='ltr'><strong>illam</strong></span> <span class='ocrx_word' id='word_1_778' title='bbox 2391 4903 2696 4958; x_wconf 84' lang='lat' dir='ltr'><strong>doctrinam</strong></span> <span class='ocrx_word' id='word_1_779' title='bbox 2754 4909 2917 4971; x_wconf 86' lang='lat' dir='ltr'><strong>atque</strong></span> <span class='ocrx_word' id='word_1_780' title='bbox 2964 4900 3161 4972; x_wconf 90' lang='lat' dir='ltr'><strong>dogma</strong></span> <span class='ocrx_word' id='word_1_781' title='bbox 3196 4902 3266 4957; x_wconf 89' lang='lat' dir='ltr'><strong>ab</strong></span> <span class='ocrx_word' id='word_1_782' title='bbox 3307 4902 3569 4972; x_wconf 87' lang='lat' dir='ltr'><strong>impuris-</strong></span> 
     </span>
    </p>
   </div>
   <div class='ocr_carea' id='block_1_110' title="bbox 1982 4990 3569 5064">
    <p class='ocr_par' dir='ltr' id='par_1_110' title="bbox 1982 4990 3569 5064">
     <span class='ocr_line' id='line_1_111' title="bbox 1982 4990 3569 5064; baseline -0.002 -14"><span class='ocrx_word' id='word_1_783' title='bbox 1982 4995 2123 5050; x_wconf 87' lang='lat' dir='ltr'><strong>simo</strong></span> <span class='ocrx_word' id='word_1_784' title='bbox 2159 4994 2356 5064; x_wconf 88' lang='lat' dir='ltr'><strong>spiritu</strong></span> <span class='ocrx_word' id='word_1_785' title='bbox 2393 5006 2768 5064; x_wconf 89' lang='lat' dir='ltr'><strong>promanasse.</strong></span> <span class='ocrx_word' id='word_1_786' title='bbox 2815 4990 3086 5057; x_wconf 90' lang='lat' dir='ltr'><strong>Quocirca</strong></span> <span class='ocrx_word' id='word_1_787' title='bbox 3133 4991 3270 5046; x_wconf 84' lang='lat' dir='ltr'><strong>nihil</strong></span> <span class='ocrx_word' id='word_1_788' title='bbox 3310 5000 3430 5047; x_wconf 89' lang='lat' dir='ltr'><strong>erat</strong></span> <span class='ocrx_word' id='word_1_789' title='bbox 3471 4995 3569 5048; x_wconf 85' lang='lat' dir='ltr'><strong>ad-</strong></span> 
     </span>
    </p>
   </div>
   <div class='ocr_carea' id='block_1_111' title="bbox 1982 5083 3562 5155">
    <p class='ocr_par' dir='ltr' id='par_1_111' title="bbox 1982 5083 3562 5155">
     <span class='ocr_line' id='line_1_112' title="bbox 1982 5083 3562 5155; baseline -0.001 -14"><span class='ocrx_word' id='word_1_790' title='bbox 1982 5087 2204 5142; x_wconf 87' lang='lat' dir='ltr'><strong>modum</strong></span> <span class='ocrx_word' id='word_1_791' title='bbox 2226 5100 2453 5142; x_wconf 86' lang='lat' dir='ltr'><strong>necesse</strong></span> <span class='ocrx_word' id='word_1_792' title='bbox 2481 5085 2539 5139; x_wconf 92' lang='lat' dir='ltr'><strong>in</strong></span> <span class='ocrx_word' id='word_1_793' title='bbox 2573 5099 2640 5140; x_wconf 92' lang='lat' dir='ltr'><strong>eo</strong></span> <span class='ocrx_word' id='word_1_794' title='bbox 2671 5091 2998 5155; x_wconf 83' lang='lat' dir='ltr'><strong>argumento</strong></span> <span class='ocrx_word' id='word_1_795' title='bbox 3027 5083 3319 5138; x_wconf 87' lang='lat' dir='ltr'><strong>tractando</strong></span> <span class='ocrx_word' id='word_1_796' title='bbox 3351 5097 3416 5138; x_wconf 91' lang='lat' dir='ltr'><strong>ac</strong></span> <span class='ocrx_word' id='word_1_797' title='bbox 3446 5099 3562 5155; x_wconf 92' lang='lat' dir='ltr'><strong>pro-</strong></span> 
     </span>
    </p>
   </div>
   <div class='ocr_carea' id='block_1_112' title="bbox 1982 5175 3562 5250">
    <p class='ocr_par' dir='ltr' id='par_1_112' title="bbox 1982 5175 3562 5250">
     <span class='ocr_line' id='line_1_113' title="bbox 1982 5175 3562 5250; baseline -0.003 -16"><span class='ocrx_word' id='word_1_798' title='bbox 1982 5179 2274 5250; x_wconf 87' lang='lat' dir='ltr'><strong>pugnanda</strong></span> <span class='ocrx_word' id='word_1_799' title='bbox 2304 5178 2408 5235; x_wconf 89' lang='lat' dir='ltr'><strong>ﬁde</strong></span> <span class='ocrx_word' id='word_1_800' title='bbox 2444 5179 2645 5234; x_wconf 86' lang='lat' dir='ltr'><strong>morari</strong></span> <span class='ocrx_word' id='word_1_801' title='bbox 2677 5177 2908 5244; x_wconf 86' lang='lat' dir='ltr'><strong>diutius,</strong></span> <span class='ocrx_word' id='word_1_802' title='bbox 2945 5184 3040 5231; x_wconf 93' lang='lat' dir='ltr'><strong>aut</strong></span> <span class='ocrx_word' id='word_1_803' title='bbox 3071 5191 3202 5233; x_wconf 86' lang='lat' dir='ltr'><strong>vero</strong></span> <span class='ocrx_word' id='word_1_804' title='bbox 3233 5175 3562 5233; x_wconf 76' lang='lat' dir='ltr'><strong>Marcionem</strong></span> 
     </span>
    </p>
   </div>
   <div class='ocr_carea' id='block_1_113' title="bbox 1982 5269 3567 5343">
    <p class='ocr_par' dir='ltr' id='par_1_113' title="bbox 1982 5269 3567 5343">
     <span class='ocr_line' id='line_1_114' title="bbox 1982 5269 3567 5343; baseline -0.002 -17"><span class='ocrx_word' id='word_1_805' title='bbox 1982 5272 2250 5337; x_wconf 89' lang='lat' dir='ltr'><strong>refellere,</strong></span> <span class='ocrx_word' id='word_1_806' title='bbox 2281 5273 2374 5343; x_wconf 92' lang='lat' dir='ltr'><strong>qui</strong></span> <span class='ocrx_word' id='word_1_807' title='bbox 2408 5272 2565 5343; x_wconf 82' lang='lat' dir='ltr'><strong>juxta</strong></span> <span class='ocrx_word' id='word_1_808' title='bbox 2601 5271 2686 5327; x_wconf 86' lang='lat' dir='ltr'><strong>sui</strong></span> <span class='ocrx_word' id='word_1_809' title='bbox 2730 5271 2904 5341; x_wconf 89' lang='lat' dir='ltr'><strong>ipsius</strong></span> <span class='ocrx_word' id='word_1_810' title='bbox 2934 5285 3000 5326; x_wconf 88' lang='lat' dir='ltr'><strong>ac</strong></span> <span class='ocrx_word' id='word_1_811' title='bbox 3023 5269 3151 5325; x_wconf 80' lang='lat' dir='ltr'><strong>vita</strong></span> <span class='ocrx_word' id='word_1_812' title='bbox 3195 5285 3319 5326; x_wconf 91' lang='lat' dir='ltr'><strong>esse</strong></span> <span class='ocrx_word' id='word_1_813' title='bbox 3349 5269 3567 5325; x_wconf 85' lang='lat' dir='ltr'><strong>videtur</strong></span> 
     </span>
    </p>
   </div>
   <div class='ocr_carea' id='block_1_114' title="bbox 1978 5361 3565 5435">
    <p class='ocr_par' dir='ltr' id='par_1_114' title="bbox 1978 5361 3565 5435">
     <span class='ocr_line' id='line_1_115' title="bbox 1978 5361 3565 5435; baseline -0.003 -17"><span class='ocrx_word' id='word_1_814' title='bbox 1978 5364 2202 5420; x_wconf 86' lang='lat' dir='ltr'><strong>oblitus.</strong></span> <span class='ocrx_word' id='word_1_815' title='bbox 2241 5362 2411 5419; x_wconf 85' lang='lat' dir='ltr'><strong>Nemo</strong></span> <span class='ocrx_word' id='word_1_816' title='bbox 2447 5362 2715 5434; x_wconf 88' lang='lat' dir='ltr'><strong>siquidem</strong></span> <span class='ocrx_word' id='word_1_817' title='bbox 2747 5371 2853 5426; x_wconf 90' lang='lat' dir='ltr'><strong>est,</strong></span> <span class='ocrx_word' id='word_1_818' title='bbox 2898 5362 2990 5435; x_wconf 91' lang='lat' dir='ltr'><strong>qui</strong></span> <span class='ocrx_word' id='word_1_819' title='bbox 3020 5362 3283 5417; x_wconf 88' lang='lat' dir='ltr'><strong>nonnulla</strong></span> <span class='ocrx_word' id='word_1_820' title='bbox 3310 5361 3382 5418; x_wconf 91' lang='lat' dir='ltr'><strong>sit</strong></span> <span class='ocrx_word' id='word_1_821' title='bbox 3408 5361 3565 5415; x_wconf 79' lang='lat' dir='ltr'><strong>intel—</strong></span> 
     </span>
    </p>
   </div>
   <div class='ocr_carea' id='block_1_115' title="bbox 1979 5452 3562 5530">
    <p class='ocr_par' dir='ltr' id='par_1_115' title="bbox 1979 5452 3562 5530">
     <span class='ocr_line' id='line_1_116' title="bbox 1979 5452 3562 5530; baseline -0.004 -19"><span class='ocrx_word' id='word_1_822' title='bbox 1979 5457 2204 5530; x_wconf 84' lang='lat' dir='ltr'><strong>ligentia</strong></span> <span class='ocrx_word' id='word_1_823' title='bbox 2232 5455 2518 5527; x_wconf 86' lang='lat' dir='ltr'><strong>praditus,</strong></span> <span class='ocrx_word' id='word_1_824' title='bbox 2552 5455 2688 5526; x_wconf 91' lang='lat' dir='ltr'><strong>quin</strong></span> <span class='ocrx_word' id='word_1_825' title='bbox 2714 5454 3066 5511; x_wconf 84' lang='lat' dir='ltr'><strong>contumelia</strong></span> <span class='ocrx_word' id='word_1_826' title='bbox 3092 5454 3147 5508; x_wconf 94' lang='lat' dir='ltr'><strong>in</strong></span> <span class='ocrx_word' id='word_1_827' title='bbox 3178 5452 3345 5509; x_wconf 91' lang='lat' dir='ltr'><strong>Deum</strong></span> <span class='ocrx_word' id='word_1_828' title='bbox 3373 5452 3562 5523; x_wconf 89' lang='lat' dir='ltr'><strong>plenas</strong></span> 
     </span>
    </p>
   </div>
   <div class='ocr_carea' id='block_1_116' title="bbox 1979 5548 3565 5618">
    <p class='ocr_par' dir='ltr' id='par_1_116' title="bbox 1979 5548 3565 5618">
     <span class='ocr_line' id='line_1_117' title="bbox 1979 5548 3565 5618; baseline -0.003 -13"><span class='ocrx_word' id='word_1_829' title='bbox 1979 5550 2128 5606; x_wconf 91' lang='lat' dir='ltr'><strong>illius</strong></span> <span class='ocrx_word' id='word_1_830' title='bbox 2157 5549 2393 5614; x_wconf 89' lang='lat' dir='ltr'><strong>fabulas,</strong></span> <span class='ocrx_word' id='word_1_831' title='bbox 2428 5564 2494 5605; x_wconf 80' lang='lat' dir='ltr'><strong>ac</strong></span> <span class='ocrx_word' id='word_1_832' title='bbox 2526 5549 2850 5605; x_wconf 87' lang='lat' dir='ltr'><strong>temerarios</strong></span> <span class='ocrx_word' id='word_1_833' title='bbox 2877 5555 2932 5604; x_wconf 89' lang='lat' dir='ltr'><strong>et</strong></span> <span class='ocrx_word' id='word_1_834' title='bbox 2964 5548 3304 5618; x_wconf 88' lang='lat' dir='ltr'><strong>perniciosos</strong></span> <span class='ocrx_word' id='word_1_835' title='bbox 3332 5551 3565 5601; x_wconf 87' lang='lat' dir='ltr'><strong>conatus</strong></span> 
     </span>
    </p>
   </div>
   <div class='ocr_carea' id='block_1_117' title="bbox 1978 5637 3566 5713">
    <p class='ocr_par' dir='ltr' id='par_1_117' title="bbox 1978 5637 3566 5713">
     <span class='ocr_line' id='line_1_118' title="bbox 1978 5637 3566 5713; baseline -0.001 -18"><span class='ocrx_word' id='word_1_836' title='bbox 1978 5642 2214 5713; x_wconf 85' lang='lat' dir='ltr'><strong>detegat.</strong></span> <span class='ocrx_word' id='word_1_837' title='bbox 2245 5640 2448 5696; x_wconf 84' lang='lat' dir='ltr'><strong>Verum</strong></span> <span class='ocrx_word' id='word_1_838' title='bbox 2474 5642 2737 5712; x_wconf 88' lang='lat' dir='ltr'><strong>quoniam</strong></span> <span class='ocrx_word' id='word_1_839' title='bbox 2761 5643 2972 5699; x_wconf 89' lang='lat' dir='ltr'><strong>nullum</strong></span> <span class='ocrx_word' id='word_1_840' title='bbox 3008 5640 3184 5713; x_wconf 90' lang='lat' dir='ltr'><strong>spinis</strong></span> <span class='ocrx_word' id='word_1_841' title='bbox 3217 5639 3457 5698; x_wconf 88' lang='lat' dir='ltr'><strong>obsitum</strong></span> <span class='ocrx_word' id='word_1_842' title='bbox 3485 5637 3566 5693; x_wconf 92' lang='lat' dir='ltr'><strong>lo-</strong></span> 
     </span>
    </p>
   </div>
   <div class='ocr_carea' id='block_1_118' title="bbox 362 5793 1879 5874">
    <p class='ocr_par' dir='ltr' id='par_1_118' title="bbox 362 5793 1821 5870">
     <span class='ocr_line' id='line_1_119' title="bbox 362 5793 1821 5870; baseline 0.003 -20"><span class='ocrx_word' id='word_1_843' title='bbox 362 5793 433 5850; x_wconf 75' lang='grc' dir='ltr'>Ῥ</span> <span class='ocrx_word' id='word_1_844' title='bbox 438 5807 555 5853; x_wconf 84' lang='lat' dir='ltr'><strong>orte</strong></span> <span class='ocrx_word' id='word_1_845' title='bbox 583 5795 805 5863; x_wconf 79' lang='grc' dir='ltr'>ζῶντος.</span> <span class='ocrx_word' id='word_1_846' title='bbox 884 5800 905 5831; x_wconf 73' lang='grc'>⁸</span> <span class='ocrx_word' id='word_1_847' title='bbox 936 5798 1096 5855; x_wconf 87' lang='lat' dir='ltr'><strong>Forte</strong></span> <span class='ocrx_word' id='word_1_848' title='bbox 1124 5800 1237 5854; x_wconf 79' lang='grc' dir='ltr'>ἀλλ’</span> <span class='ocrx_word' id='word_1_849' title='bbox 1273 5800 1367 5865; x_wconf 81' lang='grc' dir='ltr'><strong>ὡς.</strong></span> <span class='ocrx_word' id='word_1_850' title='bbox 1448 5800 1468 5832; x_wconf 86' lang='grc'>³</span> <span class='ocrx_word' id='word_1_851' title='bbox 1500 5798 1660 5854; x_wconf 79' lang='lat' dir='ltr'><strong>Forte</strong></span> <span class='ocrx_word' id='word_1_852' title='bbox 1690 5797 1821 5870; x_wconf 76' lang='grc' dir='ltr'>ἔχει.</span> 
     </span>
    </p>
   </div>
   <div class='ocr_carea' id='block_1_119' title="bbox 1984 5793 2675 5874">
    <p class='ocr_par' dir='ltr' id='par_1_119' title="bbox 1984 5796 2675 5874">
     <span class='ocr_line' id='line_1_120' title="bbox 1984 5796 2675 5874; baseline 0.003 -19"><span class='ocrx_word' id='word_1_853' title='bbox 1984 5796 2115 5855; x_wconf 82' lang='lat' dir='ltr'><strong>&#39;orte</strong></span> <span class='ocrx_word' id='word_1_854' title='bbox 2146 5798 2675 5874; x_wconf 81' lang='grc' dir='ltr'>εὐσπλαγχνότερον.</span> 
     </span>
    </p>
   </div>
  </div>
