3952 6160
531 273 634 333 815
1984 281 2040 337 S.

2185 282 2421 341 lPIIANIl
3669 234 3778 350 816.

525 415 651 456 cum
693 415 801 456 non
832 405 1182 471 repurgatum
1217 413 1340 455 esse
1371 399 1632 470 patimur,
1666 401 1760 457 sed
1788 401 1881 456 Dei
1924 404 2081 469 gladii

2209 407 2382 478 σμῶν
2419 408 2627 477 ψυχῆς
2659 408 2755 461 καὶ
2788 407 3152 476 πνεύματος,
3189 406 3389 475 ἁρμῶν
3426 423 3487 460 τε
3518 407 3605 461 καὶ
3633 426 3751 476 μυε-

526 491 809 548 succidere
852 493 1092 547 solemus
1126 493 1436 555 universas,
1475 493 1567 562 qui
1603 493 1819 562 quidem
1861 504 2075 560 penetra

2215 499 2361 563 λῶν,
2409 500 2548 552 κατά
2603 499 2662 551 τὸ
2713 499 3134 570 γεγραμμένον⁶
3188 496 3342 566 ὀλίγα
3386 498 3478 550 καὶ
3515 499 3586 562 είς
3623 499 3753 552 τοῦτο

525 589 683 642 bilior
709 595 786 639 est
830 584 974 638 omni
1013 583 1192 654 gladio
1241 586 1481 654 ancipiti,
1519 594 1571 639 et
1601 587 1897 657 pertingens
1942 605 2081 658 usqul

2214 593 2388 644 εἰπεῖν
2414 592 2515 644 οὐκ
2553 593 2950 662 ἀποκνήσομεν.

523 679 593 731 ad
631 677 913 731 divisiones
962 676 1156 730 anima:
1186 683 1236 730 et
1279 677 1522 744 spiritus,
1569 692 1876 748 compagum
1908 696 2110 750 quoque
2149 697 2212 734 ac
2244 680 2597 735 medullarum
2623 683 2663 748 ί,
2691 689 2752 736 ιιι
2783 682 3070 754 Scriptura
3117 681 3382 752 loquitur,
3440 681 3555 738 ideo
3607 698 3749 754 pauca

521 771 592 824 de
622 785 686 825 ea
711 784 771 823 re
792 768 976 823 dicere
1005 783 1115 822 non
1146 768 1518 838 gravabimur.

500 925 504 928 ,
594 861 732 921 XIV.
776 858 855 915 Ac
891 860 1125 929 primum
1189 859 1322 913 illud
1372 858 1758 928 Opponendum
1803 868 1908 925 est,
1973 860 2019 914 si
2072 875 2103 916 e

522 951 668 1005 malo
710 951 887 1004 bonus
941 947 1054 1004 ﬁeri
1091 946 1349 1017 potuerit,
1403 954 1570 1001 totam
1613 947 1758 1001 illam
1801 947 2103 1018 principio-

513 1054 640 1096 rum
683 1042 951 1095 rationem
986 1039 1174 1095 everti.
1222 1037 1409 1094 Potest
1455 1039 1598 1094 enim
1649 1049 1704 1094 et
1743 1040 1887 1095 illius
1919 1039 2099 1104 Pater,

524 1133 569 1188 si
597 1133 772 1186 malus
813 1143 897 1188 est
927 1132 1096 1202 (quod
1138 1132 1282 1186 absit
1313 1140 1371 1186 ut
1415 1147 1654 1203 unquam
1687 1130 1972 1188 dicamus:
2005 1133 2103 1188 bo-

523 1241 629 1281 nus
657 1227 801 1280 enim
827 1223 952 1295 est),
983 1230 1323 1277 commutare
1343 1223 1604 1286 animum,
1637 1222 2098 1292 quemadmodum

517 1319 640 1388 ejus
684 1325 768 1371 est
819 1317 1140 1370 immutatus
1182 1313 1375 1369 Filius.
1431 1313 1636 1369 Deinde
1668 1315 1713 1370 si
1765 1325 1824 1368 ut
1854 1322 2098 1370 servaret

518 1410 803 1464 hominum
853 1422 1028 1478 genus
1069 1404 1396 1477 Unigenitus
1431 1405 1523 1459 ille
1568 1404 1878 1468 descendit,
1931 1413 1987 1458 et
2035 1413 2097 1458 ut

517 1501 784 1556 latronem
815 1499 871 1553 in
901 1498 1212 1569 paradisum
1235 1498 1630 1562 introduceret,
1657 1511 1721 1551 ac
1743 1497 2093 1566 publicanum

516 1608 548 1648 e
576 1590 777 1646 telonio
803 1595 1025 1644 voearet
1051 1587 1119 1641 ad
1149 1588 1548 1657 pmnitentiam,
1591 1603 1656 1642 ac
1695 1589 1998 1644 meretricis
2038 1588 2099 1641 il-

2281 861 2380 912 Μ’.
2413 858 2636 930 Πρῶτον
2687 857 2787 929 μὲν
2821 857 2933 928 γὰρ
2971 858 3074 920 ὅτι,
3109 859 3156 910 εί
3203 857 3408 925 ἀγαθὸς
3444 857 3506 910 ἑκ
3546 858 3747 931 πονηροῦ

2209 948 2525 1019 γεγένηται,
2573 947 2756 1000 οὐκέτι
2802 946 2909 999 τῶν
2949 946 3132 1017 ἀρχῶν
3169 947 3490 1018 σταθήσεται
3536 950 3563 1000 6
3600 949 3743 1017 λόγος.

2209 1037 2441 1090 Δύναται
2478 1035 2587 1106 γὰρ
2625 1035 2718 1087 καὶ
2756 1035 2783 1086 6
2812 1034 2978 1087 αὑτοῦ
3013 1033 3222 1106 Πατὴρ,
3259 1036 3307 1088 εί
3339 1035 3566 1106 πονηρὸς
3600 1037 3748 1107 ὑπάρ-

2208 1144 2292 1198 χει
2328 1127 2485 1195 (ὅπερ
2520 1126 2593 1195 μὴ
2631 1123 2861 1192 γένοιτο,
2916 1123 3050 1177 ἀλλά
3082 1125 3284 1193 ἀγαθός
3328 1127 3485 1196 ἑστι),
3522 1127 3748 1196 μεταϐλη-

2209 1215 2367 1285 θῆναι
2391 1215 2487 1285 τὴν
2516 1215 2762 1286 γνώμην,
2795 1215 2984 1286 ὥσπερ
3015 1218 3042 1268 6
3073 1217 3164 1268 ὑπ’
3197 1215 3363 1268 αὐτοῦ
3389 1219 3747 1288 γεγεννημένος

2207 1305 2627 1376 μεταϐέϐληται.
2679 1304 2751 1357 Τὸ
2781 1303 2837 1357 δὲ
2870 1304 3077 1375 ἕτερον,
3112 1307 3160 1357 εί
3193 1305 3329 1368 ὅλως
3367 1301 3524 1376 ἦλθεν
3549 1309 3574 1360 ὀ
3604 1309 3747 1360 Μονο-

2201 1394 2366 1465 γενὴς
2400 1393 2722 1466 ἀνθρώπους
2759 1394 2948 1457 σώσαι,
2986 1396 3079 1448 καὶ
3117 1395 3321 1466 λῃστὴν
3358 1400 3647 1466 εἰσαγαγεῖν
3684 1400 3747 1460 εἰς

2205 1486 2549 1556 παράδεισον,
2591 1488 2684 1540 καὶ
2731 1487 2970 1558 τελώνην
3001 1489 3228 1542 καλέσαι
3273 1489 3379 1542 ἀπὸ
3409 1489 3643 1544 τελωνίου
3683 1491 3747 1553 είς

2205 1578 2513 1648 μετάνοιαν,
2554 1580 2648 1632 καὶ
2687 1581 2892 1650 πόρνην
2920 1580 3249 1648 ἀλείφουσαν
3279 1579 3441 1635 αὐτοῦ
3469 1582 3583 1645 τοὺς
3610 1581 3746 1643 πόδας

515 1682 624 1737 lius
650 1695 769 1753 quae
802 1678 966 1749 pedes
1000 1692 1131 1733 suos
1153 1677 1330 1740 unxit,
1358 1685 1577 1731 sanaret
1607 1679 1936 1747 nequitiam;
1958 1692 2081 1748 prati

2205 1666 2458 1723 ίᾶσασθαι
2497 1671 2606 1724 ἀπὸ
2646 1671 2909 1742 πονηρίας
2931 1688 2945 1704 ·
3000 1672 3079 1725 ἔτι
3119 1673 3176 1725 δὲ
3210 1674 3305 1725 καὶ
3337 1671 3512 1741 ἀγαθά
3548 1673 3745 1744 πράττει

515 1781 666 1829 terea
698 1771 743 1827 si
775 1769 1126 1826 commodare
1161 1769 1417 1824 omnibus
1456 1769 1640 1825 studet
1677 1769 1820 1825 idem
1855 1770 1965 1835 ille,
2004 1787 2074 1840 qu

2199 1761 2352 1827 Θεὸς,
2380 1763 2584 1832 ἀγαθὸς
2619 1765 2875 1836 ὑπάρχει,
2912 1767 3008 1819 καὶ
3058 1765 3450 1837 εὕσπλαγχνος,
3495 1766 3581 1820 καὶ
3614 1765 3744 1835 ἐλεή-

429 1881 432 1883 ·
517 1865 697 1919 bonus
725 1861 869 1916 Deus
895 1861 1002 1925 e‘st,
1039 1875 1103 1916 ac
1133 1860 1470 1925 misericors,
1499 1868 1553 1916 et
1578 1861 1848 1931 benignus
1877 1880 1889 1916 :
1924 1861 2081 1916 multt

2203 1873 2320 1926 μων
2341 1871 2354 1886 ο
2390 1855 2570 1926 πολλῷ
2621 1852 2716 1910 οὖν
2767 1857 2967 1928 μᾶλλον
3013 1857 3122 1910 ἔδει
3173 1860 3267 1911 ἐπὶ
3301 1860 3392 1912 τὸν
3442 1858 3565 1911 ῑδιον
3607 1856 3741 1910 αὐτοῦ

517 1953 693 2023 magis
722 1967 852 2022 erga
883 1959 1163 2021 parentem
1206 1948 1518 2005 adhibenda
1561 1949 1940 2007 misericordia
1972 1950 2094 2018 fuit,

513 2053 573 2101 ut
603 2046 748 2099 hunc
773 2043 1008 2114 primum
1032 2042 1276 2097 omnium
1309 2051 1592 2098 revocaret
1615 2043 1682 2098 ad
1719 2043 1972 2111 salutem,
2004 2056 2096 2097 eo-

511 2153 620 2208 que
653 2152 761 2207 prae
791 2137 1004 2190 caeteris
1038 2134 1106 2188 ad
1148 2135 1376 2190 meliora
1411 2150 1680 2190 converso
1716 2135 1970 2206 perfectae
1992 2136 2094 2191 bo-

413 2241 434 2248 "
509 2231 701 2285 nitatis
730 2228 1006 2298 specimen
1035 2227 1320 2296 praeberet,
1361 2227 1488 2281 dum
1530 2229 1775 2297 parentis
1816 2229 1900 2283 sui
1937 2228 2094 2284 mise-

507 2320 724 2375 ratione
769 2325 1102 2382 moveretur,
1153 2315 1614 2387 quemadmodum
1659 2319 1922 2388 scriptum
1956 2325 2087 2373 est:

506 2411 647 2466 Bene
677 2411 849 2481 facere
890 2409 1129 2464 erunibus
1172 2418 1431 2478 oportere,
1472 2411 1701 2462 maxime
1750 2426 1868 2464 vero
1907 2409 2090 2464 dome-

505 2504 653 2557 sticis
679 2503 835 2572 fidet"
866 2520 879 2554 :
909 2507 1114 2572 quanto
1136 2499 1302 2570 igitur
1326 2500 1498 2570 magis
1520 2508 1808 2569 parentum
1840 2502 2088 2556 misereri

508 2594 806 2649 convenit?

577 2683 684 2740 Sed
719 2681 866 2736 aliud
897 2689 1004 2745 est,
1035 2681 1179 2750 quod
1213 2681 1280 2735 ad
1306 2683 1448 2736 hanc
1482 2680 1776 2737 Marcionis
1805 2683 2089 2738 refutatio-

504 2791 629 2831 nem
654 2773 959 2829 addendum
985 2773 1218 2829 videtur.
1253 2771 1389 2826 Nam
1426 2772 1495 2838 si,
1523 2787 1647 2827 cum
1679 2775 1905 2830 alterius
1941 2783 2088 2831 esset

503 2868 594 2923 ille
626 2865 791 2930 ﬁlius,
825 2880 949 2921 sese
983 2863 1051 2918 ad
1084 2864 1316 2917 alterum
1352 2864 1673 2929 contulerit,
1714 2879 1783 2919 ne
1815 2865 1949 2941 huic
1981 2866 2083 2935 ipsi

501 2962 722 3032 quidem
772 2957 932 3015 ﬁdem
970 2958 1314 3028 pratstiturus
1342 2957 1575 3013 videtur.
1632 2957 1736 3024 Qui
1769 2959 1916 3012 enim
1952 2957 2086 3014 ﬁde-

2203 1945 2422 2020 Πατέρα
2454 1946 2548 2001 τὸν
2577 1943 2759 2002 οἶκτον
2782 1948 3094 2016 ἀναλαϐεῖν,
3121 1949 3216 2002 καὶ
3257 1949 3418 2003 αὑτὸν
3445 1948 3644 2021 πρῶτον
3671 1965 3743 2018 με·

2195 2039 2440 2095 ταθεῖναι
2472 2042 2553 2104 είς
2593 2041 2656 2094 τὸ
2705 2042 3086 2111 σωτηριῶδες’
3144 2043 3257 2106 ἵνα,
3294 2042 3503 2114 πρῶτον
3537 2042 3620 2094 τὸν
3654 2041 3743 2094 Πα-

2194 2129 2330 2201 τέρα
2378 2130 2546 2184 αὐτοῦ
2602 2131 2942 2202 μεταϐαλὼν,
2991 2132 3214 2196 τελείως
3249 2132 3532 2197 ἐνδείξεται
3560 2132 3647 2202 τὴν
3670 2147 3740 2184 τε·

2195 2219 2344 2274 λείαν
2384 2221 2718 2293 ἀγαθότητα,
2760 2223 2852 2276 τὸν
2896 2223 3116 2295 Πατέρα
3162 2225 3330 2278 αὐτοῦ
3377 2224 3646 2294 οἰκτείρας,
3679 2223 3739 2284 ὡς

2193 2315 2289 2368 καὶ
2322 2315 2631 2387 γέγραπται
2655 2333 2666 2345 ·
2693 2315 2897 2369 Ποιεῖν
2925 2316 2991 2369 τὸ
3024 2316 3255 2385 ἀγαθὸν
3284 2317 3510 2386 πρῶτον
3526 2317 3604 2381 εὶς
3624 2314 3738 2380 τοὺς

2193 2406 2454 2472 οἰκείους
2510 2405 2622 2475 τῆς
2671 2407 2931 2472 πίστεως
2956 2423 2969 2436 '
3025 2407 3176 2479 πόσῳ
3226 2425 3293 2476 γε
3356 2407 3545 2479 μᾶλλον
3599 2406 3736 2459 ἐλεεῖν

2190 2499 2316 2562 τοὺς
2350 2497 2555 2552 ἑαυτῶν
2583 2499 2826 2570 πατέρας
2846 2516 2862 2566 ;

2263 2678 2336 2731 Τὸ
2367 2677 2424 2732 δὲ
2474 2678 2660 2750 ἕτερον
2702 2677 2818 2732 ἐστι
2852 2679 2874 2712 ⁸
2918 2680 3392 2755 προστέθεικα“τῇ
3432 2681 3631 2754 φράσει,
3658 2680 3733 2733 καὶ

2190 2767 2269 2840 τῷ
2321 2767 2528 2841 ἐλέγχῳ
2569 2770 2647 2841 τῷ
2699 2771 2836 2842 πρὸς
2904 2772 2995 2826 τὸν
3044 2774 3383 2844 Μαρκίωνα·
3438 2777 3534 2838 ὅτι,
3576 2772 3732 2843 εἰμὲν

2186 2861 2283 2915 τοῦ
2321 2862 2439 2927 ἑνός
2470 2865 2585 2916 ἑστι
2614 2865 2749 2928 υίὸς,
2780 2863 2874 2918 καὶ
2907 2864 3043 2936 πρὸς
3080 2865 3170 2919 τὸν
3198 2867 3386 2936 ἕτερον
3415 2866 3728 2939 προσέφυγεν,

2187 2955 2249 3008 οὐ
2280 2956 2473 3019 πιστὸς
2505 2956 3002 3027 παραδειχθήσεται
3033 2959 3184 3030 παρά
3225 2960 3306 3031 τῷ
3350 2960 3530 3031 ἑτέρῳ.
3571 2958 3620 3009 '0
3643 2953 3729 3023 γὰρ

500 3055 606 3111 lem
646 3071 706 3110 se
737 3069 864 3124 erga
896 3060 1175 3123 parentem
1209 3051 1433 3105 minime
1469 3053 1722 3121 praebuit,
1762 3068 1828 3106 ex
1864 3052 1932 3108 iis
1964 3067 2081 3122 qua:

2191 3050 2496 3120 συνείδησιν
2532 3051 2614 3114 είς
2664 3051 2755 3104 τὸν
2791 3051 2921 3103 ἴδιον
2956 3051 3122 3104 αὐτοῦ
3174 3053 3394 3124 Πατέρα
3431 3052 3500 3124 μὴ
3528 3048 3728 3121 φυλάξας

499 3156 660 3201 antea
703 3146 891 3216 gessit,
942 3159 1010 3199 ne
1047 3142 1188 3214 apud
1213 3142 1444 3198 alterum
1491 3143 1716 3212 quidem
1753 3143 1855 3198 ﬁde
1885 3145 2086 3216 dignus

497 3237 809 3292 habebitur.
851 3233 932 3288 Ad
983 3234 1099 3287 haec
1151 3232 1258 3285 alio
1295 3231 1421 3285 licet
1474 3239 1796 3302 argumento
1839 3247 2082 3287 errorem

496 3337 676 3392 tuum,
723 3325 950 3387 Marcio,
985 3324 1335 3385 convincere,
1379 3337 1446 3377 ex
1493 3337 1559 3377 eo
1600 3322 1850 3376 videlicet
1881 3324 2080 3395 capite,

498 3416 642 3486 quod
677 3415 746 3468 ob
779 3411 1016 3480 alicujus
1040 3411 1134 3480 qui
1161 3409 1469 3464 mitteretur
1498 3408 1736 3478 inopiam
1769 3424 1936 3480 negas
1966 3425 2082 3464 scr-

495 3521 630 3562 vare
658 3507 859 3560 bonum
882 3503 1053 3558 Deum
1079 3503 1204 3556 illos
1222 3501 1490 3571 potuisse,
1520 3516 1660 3570 quos
1690 3502 1896 3556 servari
1919 3516 2082 3570 opor-

493 3599 620 3664 tuit,
650 3597 813 3668 377
844 3603 899 3651 et
945 3595 1146 3665 quibus
1189 3607 1286 3662 per
1320 3592 1601 3647 Christum
1645 3592 2078 3648 misericordiam

493 3689 707 3744 tribuit.
753 3687 871 3742 Nisi
924 3686 1071 3742 enim
1131 3684 1388 3740 Christus
1439 3683 1506 3738 ad
1564 3698 1876 3753 supremum
1927 3685 2077 3739 illum

492 3783 664 3837 Deum
714 3797 781 3836 ex
835 3777 1131 3834 Marcionis
1183 3776 1454 3833 sententia
1506 3775 1864 3846 confugisset,
1915 3791 2078 3846 quem

490 3869 584 3924 ille
613 3869 790 3924 bonus
822 3867 1086 3931 mitteret,
1115 3865 1408 3921 habuisset
1434 3867 1733 3931 neminem,
1775 3866 1822 3921 si
1853 3881 1960 3921 non
1990 3867 2077 3920 in-

490 3969 575 4015 ter
602 3959 820 4015 Patrem
863 3973 927 4013 ac
957 3956 1156 4012 Filium
1197 3955 1477 4013 Christum
1519 3957 1838 4014 oll'ensionis
1871 3957 2076 4028 aliquid

490 4051 902 4108 intervenisset.
940 4049 1145 4105 Deinde
1185 4049 1232 4104 si
1266 4050 1543 4106 Creatoris
1591 4058 1676 4106 est
1712 4050 1879 4114 ﬁlius,
1911 4050 2078 4104 idem-

488 4159 598 4214 que
637 4143 904 4199 creationi
936 4143 1040 4212 ipsi
1085 4156 1150 4197 ac
1189 4142 1435 4212 paternis
1464 4143 1725 4212 operibus
1773 4150 1858 4199 est
1886 4143 2073 4198 inimi-

490 4248 612 4298 cus,
659 4233 990 4302 simulatque
1024 4234 1078 4286 in
1107 4233 1255 4286 hunc
1303 4234 1491 4289 orbem
1538 4231 1794 4302 delapsus
1837 4243 1943 4297 est,
1978 4234 2076 4289 hu-

491 4335 715 4374 manum
768 4322 822 4374 in
868 4323 1061 4390 primis
1117 4338 1288 4392 genus
1333 4324 1700 4379 exterminare
1746 4324 1954 4392 debuit,
2011 4333 2072 4380 ut

491 4411 774 4468 conditum
836 4412 966 4466 illud
1019 4428 1159 4482 opus
1225 4428 1254 4467 a
1308 4414 1465 4469 Patre
1527 4413 1773 4473 funditus
1828 4417 2068 4487 deleret,

495 4511 682 4574 utpote
723 4513 1075 4575 paternarum
1124 4504 1466 4559 molitionum
1519 4506 1692 4563 hostis
1745 4510 2068 4566 acerrimus.

493 4599 601 4652 Aut
657 4605 718 4652 ut
771 4597 1101 4666 persanamli
1149 4611 1212 4651 ac
1264 4599 1493 4652 curandi
1542 4601 1907 4671 servandique
1958 4604 2068 4658 vim

493 4703 760 4758 usurpare
809 4689 1000 4752 vellet,
1050 4688 1154 4742 hoc
1201 4688 1379 4758 ipsum
1427 4690 1782 4749 humanitatis
1833 4691 2066 4749 cilicium

490 4780 701 4851 parenti
756 4788 882 4834 ante
938 4789 1164 4835 ceteros
1206 4794 1399 4838 omnes
1439 4781 1805 4838 exhibendum
1867 4783 2066 4850 fuerat,

485 4873 648 4942 eique
670 4871 1132 4942 persuadendum.
1165 4870 1259 4926 ﬁlii
1293 4881 1352 4927 ut
1381 4888 1505 4930 esse
1538 4875 1735 4931 similis
1766 4876 1972 4940 mallet,
2004 4884 2064 4930 ut

489 4971 598 5015 tam
635 4961 751 5030 ipse
781 4962 886 5016 sibi
918 4977 1082 5032 quam
1119 4960 1268 5016 Patri
1302 4962 1501 5028 bonus,
1532 4971 1586 5019 et
1613 4964 1852 5020 humano
1877 4967 2065 5036 generi

488 5049 747 5105 salutaris
788 5058 953 5114 esset,
1003 5060 1168 5121 atque
1213 5051 1288 5104 ita
1345 5067 1454 5106 una
1499 5061 1556 5108 et
1602 5055 1790 5110 eadem
1846 5057 2065 5114 bonitas

485 5138 794 5196 exsisteret.
855 5141 1020 5211 Atqui
1086 5143 1242 5213 longe
1292 5143 1396 5198 ista
1453 5160 1576 5201 sese
1634 5147 1791 5203 aliter
1837 5149 2059 5217 habent,

484 5245 651 5301 quam
694 5232 840 5288 illius
876 5234 979 5288 fert
1007 5235 1238 5289 conﬁcta
1274 5249 1337 5290 ac
1374 5235 1622 5292 fabulosa
1661 5242 1924 5297 narratio.
1966 5244 2062 5299 Ne-

417 5339 422 5343 ·
483 5339 590 5394 (μιο
616 5324 761 5379 enim
795 5325 900 5378 tria
945 5332 1074 5380 sunt
1104 5327 1396 5396 principia,
1431 5344 1531 5384 nec
1572 5331 1712 5387 alius
1741 5341 1826 5388 est
1855 5333 2056 5390 Christi

482 5415 667 5482 Pater,
699 5430 800 5470 nec
829 5416 920 5470 ille
950 5418 1204 5486 nequitiae
1239 5420 1456 5476 soboles
1482 5423 1710 5489 exstitit,
1739 5425 1881 5481 absit
1915 5436 1972 5480 ut
2006 5426 2058 5481 id

2187 3141 2307 3193 οὐδὲ
2355 3140 2507 3212 παρά
2554 3140 2633 3212 τῷ
2666 3141 2838 3212 ἑτέρῳ
2879 3141 3304 3213 πιστευθήσεται
3351 3144 3456 3198 ἀπὸ
3500 3142 3597 3194 τῶν
3627 3137 3728 3208 παρ’

2186 3231 2351 3286 αὑτοῦ
2384 3233 2737 3304 προαγόντως
2781 3235 3210 3305 πεπραγμένων.
3265 3236 3423 3289 Ἀλλά
3465 3235 3552 3288 καὶ
3585 3232 3727 3292 ἄλλως

2185 3324 2370 3389 πάλιν,
2400 3319 2446 3378 ὦ
2485 3325 2772 3396 Μαρκίων,
2807 3325 2874 3379 δι’
2909 3327 3144 3398 ἀπορίαν
3182 3328 3278 3381 τοῦ
3315 3326 3636 3398 πεμπομένου
3666 3321 3725 3390 μὴ

2183 3415 2502 3486 δυνηθέντος
2534 3416 2706 3471 σῶσαι
2756 3419 2882 3481 τοὺς
2919 3419 3051 3489 παρ’
3091 3419 3244 3491 αὐτῷ
3292 3420 3624 3491 σωζομένους,
3652 3414 3724 3468 καὶ

2185 3509 2317 3579 παρ’
2371 3508 2536 3561 αὐτοῦ
2591 3509 2680 3562 διὰ
2733 3509 2972 3581 Χριστοῦ
3021 3510 3366 3582 ἑλεηθέντας.
3425 3511 3487 3564 El
3530 3509 3595 3580 μὴ
3636 3504 3724 3574 γὰρ

2183 3601 2435 3671 ἀπέφυγε
2469 3603 2611 3656 κατά
2643 3602 2734 3656 τὸν
2781 3602 2876 3656 τοῦ
2916 3604 3246 3674 Μαρκίωνος
3285 3604 3436 3672 λόγον
3479 3605 3504 3656 6
3530 3598 3722 3670 Χριστὸς

2193 3693 2332 3764 πρὸς
2354 3694 2446 3746 τὸν
2473 3693 2584 3747 ἀνω
2613 3693 2765 3756 Θεὸν,
2801 3694 2899 3748 οὐκ
2933 3695 3165 3766 ηὐπόρει
3194 3697 3224 3748 6
3256 3695 3452 3765 ἀγαθὸς
3486 3692 3604 3755 Θεὸς
3626 3687 3722 3740 τινὰ

2185 3786 2525 3848 ἀποστεῖλαι,
2545 3788 2593 3838 εἰ
2624 3786 2698 3857 μὴ
2732 3788 2788 3839 ἑν
2820 3787 3184 3859 προσκρούσει
3210 3790 3240 3841 6
3271 3787 3362 3841 τοῦ
3393 3782 3607 3857 Χριστοῦ
3631 3782 3720 3833 Πα-

2178 3877 2304 3948 τὴρ,
2341 3878 2416 3940 ὡς
2443 3878 2471 3930 6
2499 3877 2766 3947 Μαρκίων
2796 3877 2966 3947 λέγει,
2998 3879 3136 3950 πρὸς
3167 3878 3260 3932 τὸν
3291 3878 3416 3932 ἴδιον
3444 3872 3594 3930 αὑτοῦ
3618 3873 3720 3926 Υἱὺν

2178 3970 2492 4041 γεγένηται.
2534 3972 2645 4024 Καὶ
2689 3971 2866 4035 ἄλλως
2910 3972 3087 4033 δὲ,ἐί
3120 3970 3214 4024 τοῦ
3268 3967 3590 4042 Δημιουργοῦ
3628 3963 3719 4024 υἱός

2178 4061 2346 4125 ἑστιν,
2384 4060 2684 4114 ἀντίκειται
2725 4061 2782 4115 δὲ
2807 4064 2872 4132 τῇ
2903 4061 3240 4134 δημιουργίᾳ
3275 4062 3368 4116 καὶ
3407 4061 3480 4131 τῷ
3508 4059 3594 4111 τοῦ
3624 4058 3715 4111 II:-

2176 4152 2306 4222 τρὸς
2343 4150 2509 4222 ἔργῳ,
2545 4151 2762 4223 πρῶτον
2809 4153 2906 4224 μὲν
2939 4151 3110 4206 ἐλθὼν
3139 4155 3220 4217 είς
3257 4154 3346 4208 τὸν
3378 4153 3585 4222 κόσμον,
3614 4147 3715 4207 τοὺς

2175 4241 2499 4315 ἀνθρώπους
2542 4243 2761 4314 πρῶτον
2795 4239 2941 4314 εῖχεν
2967 4245 3344 4317 ἑξολοθρεῦσαι
3365 4261 3379 4278 ο
3411 4247 3492 4300 ἵνα
3515 4240 3714 4312 ἀφανίσῃ

2174 4333 2236 4385 τὸ
2289 4333 2450 4406 έργον
2491 4335 2553 4388 τὸ
2585 4336 2694 4390 ἀπὸ
2725 4335 2819 4390 τοῦ
2865 4337 2996 4390 ἰδίου
3039 4337 3253 4410 Πατρὸς
3297 4330 3713 4409 δεδημιουργημέ-

2174 4441 2285 4490 νον,
2319 4425 2394 4488 ὡς
2438 4426 2708 4490 ἀντίδικος
2753 4428 3044 4498 γενόμενος
3076 4430 3175 4500 τῆς
3208 4429 3303 4483 τοῦ
3342 4429 3538 4500 Πατρὺς
3563 4422 3701 4479 διαθέ·

2176 4532 2334 4580 σεως.
2371 4517 2441 4569 Ἢ
2468 4517 2630 4572 πάλιν
2655 4517 2834 4576 λαϐὼν
2860 4519 3088 4591 δύναμιν
3117 4521 3312 4586 ἰάσεως
3341 4521 3432 4574 καὶ
3459 4514 3710 4589 θεραπείας

2172 4607 2266 4660 καὶ
2299 4609 2591 4680 σωτηρίας,
2625 4607 2854 4679 ὤφειλεν
2887 4611 3221 4675 ἐνδείξασθαι
3260 4614 3339 4676 είς
3367 4612 3456 4665 τὸν
3493 4610 3607 4662 ἴδιον
3631 4605 3711 4660 αὑ·

2171 4696 2266 4750 τοῦ
2310 4698 2529 4770 Πατέρα
2574 4700 2679 4770 πρὸ
2708 4699 2925 4754 πάντων
2959 4701 3058 4774 τὴν
3087 4702 3189 4772 τῆς
3220 4701 3604 4773 φιλανθρωπίας
3632 4697 3694 4764 ἐρ

2169 4789 2389 4857 γασίαν,
2426 4790 2518 4842 καὶ
2566 4789 2782 4862 πρῶτον
2829 4795 3014 4847 πεῖσαι
3052 4793 3146 4848 τὸν
3176 4795 3393 4868 Πατέρα
3419 4789 3570 4848 αὑτοῦ
3608 4786 3705 4840 κατ’

2170 4881 2333 4935 αὐτὸν
2361 4881 2646 4949 γενέσθαι·
2679 4883 2787 4951 ἵνα,
2822 4886 3110 4956 γενόμενος
3137 4887 3283 4958 αὐτῷ
3310 4905 3365 4939 τε
3405 4881 3587 4951 καὶτῷ
3615 4879 3702 4930 Πα-

2170 4967 2274 5042 τρῖ
2307 4971 2472 5026 αὑτοῦ
2515 4973 2742 5042 ἀγαθὸς,
2787 4977 2884 5047 τῆς
2933 4976 3070 5046 πρὸς
3122 4976 3436 5049 ἀνθρώπους
3473 4967 3705 5040 σωτηρίας

2169 5065 2202 5135 ἡ
2245 5065 2344 5136 μία
2371 5067 2464 5119 καὶ
2497 5067 2528 5137 ἡ
2570 5067 2708 5138 αὐτὴ
2743 5068 3016 5140 ἀγαθότης
3050 5071 3293 5142 γένηται.
3343 5070 3474 5122 Ἀλλ’
3504 5067 3590 5134 οὐχ
3626 5058 3700 5112 οὗ·

2169 5172 2277 5220 τως
2311 5156 2446 5227 ἔχει,
2476 5157 2552 5222 ὡς
2581 5160 2610 5210 6
2637 5160 2827 5210 τούτου
2864 5164 3331 5233 κενοφωνούμενος
3378 5157 3605 5232 μυθώδης
3632 5151 3702 5202 λέ·

2169 5265 2284 5316 γος.
2329 5249 2464 5303 Οὔτε
2493 5251 2602 5322 γὰρ
2634 5255 2780 5324 τρεῖς
2826 5255 3010 5325 ἀρχαὶ,
3043 5255 3165 5310 οὕτε
3206 5258 3357 5319 ἄλλος
3397 5252 3566 5321 Πατὴρ
3592 5249 3695 5324 Χρξ·

2170 5339 2317 5402 στοῦ,
2366 5342 2487 5395 οὐδὲ
2527 5344 2727 5407 κακίας
2765 5345 2879 5397 ἐστὶ
2905 5346 3169 5418 γέννημα,
3205 5350 3278 5419 μὴ
3319 5344 3543 5415 γένοιτοί
3586 5331 3697 5404 Φησὶ

2167 5431 2276 5502 γάρ
2299 5451 2310 5462 ⁸
2360 5432 2506 5501 Ἐγὼ
2542 5435 2612 5487 ἐν
2647 5436 2728 5500 τῷ
2780 5439 2982 5505 "arpi,
3029 5442 3127 5494 καὶ
3172 5444 3204 5493 ό
3246 5438 3442 5506 Πατὴρ
3475 5435 3539 5489 ὲν
3569 5425 3692 5499 ἐμοί-

482 5523 722 5577 nuquam
755 5511 1150 5568 existimemus.
1202 5513 1277 5568 lta
1311 5521 1456 5570 enim
1495 5520 1610 5589 ipse
1643 5527 1911 5578 testatur:
1948 5523 2060 5595 Ego
2099 5527 2152 5580 in
2194 5527 2378 5593 Patre,
2410 5541 2458 5583 et
2494 5530 2659 5587 Pater
2690 5533 2743 5586 in
2787 5551 2865 5588 me
2891 5545 2967 5590 est
2990 5537 3029 5589 ³.

568 5659 777 5719 ‘chr.
817 5683 890 5731 Iv,
918 5670 1000 5721 ιε.
1081 5673 1100 5703 ²
1134 5670 1312 5726 Galat.
1348 5689 1419 5738 vt,
1458 5675 1544 5728 l2.
1625 5678 1644 5709 ³
1673 5655 1830 5734 Joan.
1869 5697 1979 5747 xw,
2016 5683 2080 5738 lO

2185 5683 2199 5716 ¹⁵
2224 5683 2349 5740 For.
2379 5687 2473 5740 ἔτι.
