3918 6198
1064 86 1227 97 -.ς--ιι--ι
1262 84 1337 95 ιιι-ι-

183 446 271 502 817
835 439 1207 499 ADVERSUS
1245 438 1583 494 IIIERESES
1616 437 1741 524 [ιιιξ.
1778 434 1820 495 Ι.
1859 433 2025 492 ΤΟΜ.
2059 430 2513 490 ηιμ-ιιιειυιε.
2550 430 2735 487 XLI“.

3299 422 3411 482 δίδ

242 555 343 610 Καὶ
386 554 435 606 εί
465 552 562 623 μὲν
592 549 759 615 νόθως
786 550 934 620 λέγει
975 550 1185 621 πατέρα
1212 549 1385 619 ἔχειν,
1414 549 1472 602 οὐ
1509 515 1729 602 δύναται

1902 544 2060 613 Quod
2086 544 2134 600 si
2165 542 2532 599 adulterinum
2566 542 2717 597 illum
2748 548 3027 611 parentem
3064 512 3409 608 intelligeret,

175 642 325 700 αὑτοῦ
346 644 374 695 6
409 641 561 704 νόθος
598 639 790 711 Πατὴρ
814 638 1143 709 καλούμενος
1167 639 1224 691 ὲν
1249 637 1398 703 αὐτῷ
1420 633 1580 701 εἷναι,
1613 635 1735 689 οὐδὲ

1840 652 1953 692 non
2008 642 2194 707 potest
2220 635 2269 690 is
2317 635 2411 706 qui
2454 634 2795 690 adulterinus
2817 631 2976 688 Pater
3002 631 3201 693 dicitur
3230 629 3285 684 in
3319 628 3415 684 illo

177 734 323 798 αὐτὸς
351 736 410 789 ὲν
444 730 522 802 τῷ
545 731 741 801 Πατρί.
785 730 842 783 '0
870 730 930 784 δὲ
974 728 1114 783 κατά
1139 728 1301 797 φύσιν
1330 727 1495 782 αὐτοῦ
1519 725 1739 797 Πατέρα

1850 743 1979 794 esse,
2016 740 2116 782 nec
2148 726 2238 780 ille
2270 726 2325 780 in
2380 724 2562 781 Patre.
2600 722 2706 779 Sed
2738 738 2865 805 cum
2900 737 3214 793 germanum
3257 720 3411 775 illum

177 825 257 878 ἀεὶ
281 820 514 890 ἀγαθὸν,
552 820 646 874 καὶ
686 819 820 873 Θεὸν
855 819 963 881 ἀεὶ,
999 819 1094 873 καὶ
1128 818 1344 872 πάντων
1377 816 1736 889 Δημιουργδν,

178 910 341 982 ιαυτῷ
370 911 427 964 δὲ
466 909 596 964 ὄντα
631 909 726 963 καὶ
756 909 854 962 σὺν
900 908 1051 979 αὐτῷ
1101 907 1414 979 ὑπάρχοντα
1452 907 1737 973 διδάσκων,

181 1004 268 1057 καὶ
306 1000 619 1073 ἀληθεύων,
662 1000 803 1054 κατά
841 999 935 1054 τοῦ
982 1000 1309 1071 Μαρκίωνος
1370 1001 1468 1070 τὴν
1511 997 1738 1069 ἀπειλὴν

178 1089 495 1164 διεξέρχεται
531 1090 625 1145 τοῦ
650 1090 900 1158 λέγοντος
923 1091 941 1122 ¹
960 1105 975 1121 ο
1014 1090 1077 1143 '0
1104 1089 1191 1159 μὴ
1220 1087 1405 1159 τιμῶν
1439 1088 1545 1143 τὸν
1581 1087 1739 1154 Υίόν,

177 1185 252 1249 ὡς
285 1181 417 1252 τιμᾷ
446 1181 559 1235 τὸν
592 1178 843 1249 Πατέρα,
874 1183 913 1249 ἡ
942 1180 1088 1250 ὀργὴ
1124 1179 1230 1233 τοῦ
1262 1179 1407 1234 Θεοῦ
1439 1180 1531 1234 ἐπ’
1556 1178 1743 1233 αὑτὸν

174 1274 350 1345 μένει.
387 1271 613 1341 Ἥδηδὲ
642 1273 701 1324 ὲν
729 1271 950 1335 πολλαῖς
986 1270 1311 1342 μαρτυρίαις
1343 1270 1621 1341 ἐδείξαμεν
1650 1271 1742 1324 τὸν

178 1368 270 1421 ἕνα
289 1368 415 1420 ὄντα
446 1366 603 1430 Θεὸν,
631 1364 721 1417 τὸν
752 1363 970 1435 Πατέρα
990 1357 1081 1416 τοῦ
1118 1361 1327 1433 Κυρίου
1368 1360 1526 1434 ἡμῶν
1565 1360 1742 1433 Ἰησοῦ

181 1452 428 1526 Χριστοῦ,
457 1449 660 1520 ἀγαθὸν
685 1451 837 1517 ὄντα,
863 1451 961 1504 καὶ
984 1450 1188 1519 ἀγαθὸν
1224 1450 1581 1520 γεννήσαντα.
1610 1449 1745 1517 ἀγά-

179 1563 282 1615 πην
305 1544 454 1607 ὄντα,
488 1542 583 1596 καὶ
609 1542 831 1612 ἀγάπην
866 1542 1224 1612 γεννήσαντα,
1255 1541 1438 1610 πηγὴν
1465 1539 1615 1604 ὅντα,
1651 1541 1745 1594 καὶ

181 1634 316 1705 ζωῆς
364 1633 546 1705 πηγὴν
592 1634 931 1703 γεννήσαντα
982 1632 1195 1701 (Παρὰ
1252 1630 1352 1685 σοὶ
1419 1632 1530 1701 γὰρ
1580 1631 1743 1701 πηγὴ

179 1726 336 1791 (tofm,
361 1726 524 1797 φησὶν
549 1726 583 1796 ή
612 1722 861 1796 Γραφή)·
915 1724 1173 1794 ἀλήθειαν
1199 1723 1348 1785 ὅντα,
1373 1721 1465 1791 καὶ
1487 1721 1745 1788 ἀλήθειαν

180 1816 526 1884 γεννήσαντα,
572 1815 688 1885 φῶς
719 1816 875 1880 ὄντα,
910 1815 1006 1869 καὶ
1040 1814 1156 1883 φῶς
1201 1815 1559 1884 γεννήσαντα,
1598 1813 1743 1882 ζωὴν

177 1906 318 1965 ὄντα.
348 1907 442 1960 καὶ
463 1906 609 1976 ζωήν
635 1905 996 1976 γεννήσαντα,
1028 1905 1280 1976 ἀνάρχως
1313 1905 1407 1957 καὶ
1433 1902 1620 1966 ἀῖδίως
1649 1901 1743 1956 καὶ
1775 1886 1816 1945 Β

177 1997 432 2067 ἀχρόνως.
482 1999 590 2050 Καὶ
633 1996 956 2068 ὲλήλεγκται
996 1997 1135 2050 κατὰ
1175 1996 1353 2050 πάντα
1380 1997 1414 2065 ή
1461 1994 1552 2049 τοῦ
1585 1997 1742 2065 Μαρ-

178 2086 365 2151 κίωνος
399 2088 461 2140 π)
474 2089 597 2159 άνη.

246 2256 459 2309 Τούτων
493 2256 675 2310 τοίνυν
714 2257 883 2320 οὕτως
922 2257 1173 2326 ἐχόντων,
1208 2257 1302 2310 καὶ
1343 2255 1440 2326 τῆς
1476 2255 1619 2308 κατὰ
1650 2254 1742 2329 τοῦ

181 2346 488 2410 ἀπατεῶνος
520 2347 836 2416 ἀνατροπῆς
862 2347 950 2400 διά
981 2347 1182 2416 πολλῆς
1221 2348 1313 2399 καὶ
1350 2346 1613 2418 ἀληθινῆς
1656 2364 1745 2399 συ-

177 2436 414 2497 στάσεως
438 2436 496 2487 ὲν
518 2434 637 2505 Θεῷ
670 2437 800 2505 ἡμῖν
836 2435 1343 2506 κατεργασαμένης,
1369 2435 1531 2489 πάλιν
1556 2437 1647 2488 ἐπὶ
1679 2435 1747 2489 τὰ

171 2525 318 2596 ἑξῆς·
335 2524 537 2594 ταύτης
563 2524 664 2595 τῆς
680 2525 797 2577 νυνὶ
817 2525 893 2589 ὡς
928 2525 1170 2596 μεγάλης
1189 2525 1413 2588 ἀσπίδος
1432 2540 1747 2596 καταπατη-

176 2616 363 2686 θείσης
410 2615 501 2669 διὰ
545 2616 639 2671 τοῦ
692 2614 960 2686 ἀψευδοῦς
1008 2616 1167 2683 λόγου
1210 2598 1306 2667 τοῦ
1358 2615 1609 2685 Σωτῆρος
1652 2616 1746 2669 τοῦ

172 2706 417 2770 εἰπόντος
443 2723 455 2738 ·
489 2704 723 2759 Δέδωκα
749 2705 892 2775 ὑμῖν
921 2704 1132 2759 πατεῖν
1167 2704 1267 2758 ἐπὶ
1315 2704 1480 2774 ὄφεις
1519 2705 1618 2758 καί
1647 2705 1746 2760 ἐπὶ

169 2794 381 2854 πᾶσαν
414 2795 528 2864 τὴν
559 2795 815 2865 δύναμιν
865 2796 970 2850 τοῦ
998 2795 1214 2864 ἐχθροῦ
1234 2812 1248 2826 ’
1299 2796 1470 2866 ῐωμεν
1505 2796 1600 2849 καὶ
1651 2796 1749 2860 τάς

171 2888 282 2943 τῶν
319 2888 494 2942 ἀλλων
543 2889 1017 2960 ματαιοφροσύνας
1059 2888 1375 2943 διασκοπεῖν
1424 2903 1485 2940 τε
1531 2887 1626 2942 καὶ
1670 2888 1748 2943 δι-

173 2979 419 3049 ελέγχειν
463 2978 945 3051 (ἐπικαλούμενοι)
982 2978 1114 3033 Θεὸν
1166 2976 1388 3048 βοηθὸν,
1433 2978 1492 3032 ὲν
1548 2977 1749 3033 ἅπασιν

170 3068 434 3123 ὲπικαλού
443 3086 615 3140 μενοι.

583 3183 771 3237 ΚΑΤΑ
813 3181 1357 3250 ΛΟΥΚΙΑΝΙΣΤΩΝ,

239 3295 501 3363 Είκοστὴ
532 3295 729 3363 τρίτη,
770 3294 809 3361 ἡ
853 3292 950 3348 καὶ
990 3296 1447 3366 τεσσαρακοστὴ
1484 3296 1671 3364 τρίτη.

244 3405 323 3456 A'.
368 3404 664 3468 Λουκιανός
714 3420 797 3466 τις
840 3404 1083 3475 ἀρχαῖος,
1118 3404 1215 3475 οὐχ
1247 3406 1274 3456 6
1304 3405 1399 3459 νῦν
1442 3407 1500 3461 ὲν
1539 3407 1750 3478 χρόνοις

173 3493 593 3547 Κωνοταντίνου
640 3494 736 3547 τοῦ
781 3495 1033 3566 γέροντος
1074 3493 1312 3562 γεγονὼς
1336 3538 1352 3559 ,
1402 3496 1461 3550 ὃν
1501 3496 1661 3567 δῆθεν
1701 3500 1749 3551 οἱ

183 3583 464 3655 Ἀρειανοὶ
500 3585 559 3637 ὲν
597 3585 864 3656 μάρτυσιν
904 3584 1346 3654 ἐπιψηφίζονται.
1382 3581 1490 3640 Ἦν
1518 3587 1626 3659 γὰρ
1656 3588 1751 3641 καὶ

165 3667 330 3736 οὗτος
358 3675 386 3726 6
419 3674 720 3738 Λουκιανὸς
748 3675 1082 3745 πρόσφατος,
1113 3676 1278 3744 φημὶ,
1303 3676 1654 3747 προσανέχων
1680 3679 1747 3748 τῇ

166 3762 286 3816 τῶν
320 3764 617 3832 Ἀρειανῶν
646 3766 877 3836 αἱρέσει,
913 3766 1041 3837 περὶ
1070 3762 1131 3821 οὗ
1174 3765 1402 3839 ὓστερον
1431 3770 1490 3820 έν
1530 3770 1592 3839 τῇ
1628 3770 1747 3821 κατ’

168 3855 343 3909 αὐτὸν
375 3857 657 3928 ἀνατροπῇ
683 3857 933 3928 λέξομεν,
966 3858 1079 3910 Νῦν
1105 3857 1161 3911 δὲ
1187 3858 1322 3929 πρὸς
1351 3857 1442 3912 τὸν
1463 3858 1749 3930 είρημένον

168 3944 403 4014 ἀρχαῖον
440 3944 737 3998 Λουκιανδν
776 3947 1118 4000 ἀποτείνεται
1154 3949 1182 3998 6
1214 3946 1389 4015 λόγος.
1423 3941 1589 4010 Οὗτος
1616 3947 1746 4018 γὰρ,

168 4033 541 4102 συνεπόμενος
578 4033 656 4104 τῷ
693 4036 1079 4107 προειρημένῳ
1129 4037 1415 4107 Μαρκίωνι
1437 4074 1453 4101 ,
1494 4035 1585 4089 καὶ
1641 4036 1750 4089 ἀπὸ

164 4119 362 4172 τούτου
396 4122 721 4192 ἀποσχίσας,
747 4125 842 4177 καὶ
881 4125 1042 4188 αὐτὸς
1084 4125 1355 4197 ἄθροισμα
1389 4126 1566 4195 ἑαυτῷ
1593 4143 1749 4197 ποιη-

165 4210 444 4281 σάμενος,
489 4214 753 4284 αἱρέσεως
798 4217 1056 4287 προέστη,
1097 4218 1189 4286 ἀφ’
1223 4214 1392 4287 οὗπερ
1421 4218 1470 4270 οἱ
1518 4219 1751 4270 Λουκια·

164 4302 352 4369 νισταὶ
407 4304 625 4374 ἀρχαῖοι
672 4305 1012 4377 καλούμενοι.
1065 4306 1216 4360 Κατὰ
1271 4309 1450 4362 πάντα
1505 4309 1603 4378 μὲν
1654 4304 1748 4362 οὖν

163 4389 318 4443 κατά
345 4391 436 4442 τὸν
483 4392 785 4464 Μαρκίωνα
816 4393 1133 4466 δογματίζει
1156 4411 1170 4425 ⁸
1206 4397 1469 4468 κέχρηται
1511 4398 1587 4460 δὲ,
1616 4397 1690 4460 ὡς
1721 4399 1750 4450 6

160 4483 251 4545 εἰς
292 4482 443 4551 ἡμᾶς
486 4482 658 4535 ἐλθὼν
697 4484 873 4553 λόγος,
910 4486 1001 4539 καὶ
1041 4488 1074 4556 ή
1109 4489 1238 4557 περὶ
1279 4488 1444 4541 αὐτοῦ
1488 4488 1742 4558 ἔμφασις.

1847 833 2033 887 suum,
2058 833 2123 873 ac
2150 818 2457 874 naturalem
2483 825 2761 887 parentem
2791 829 3005 883 semper
3027 814 3250 877 bonum,
3275 825 3414 866 sem.

1838 925 2046 984 perque
2097 908 2291 974 Deum,
2356 907 2712 977 omniumque
2748 903 3112 967 conditorem,
3157 911 3318 972 atque
3357 906 3414 955 et

1841 1001 1985 1071 apud
2019 1000 2398 1070 semetipsum,
2429 1005 2485 1055 et
2509 1014 2633 1054 eum
2673 994 2810 1052 Filio
2851 994 3205 1051 exsistentem
3238 991 3414 1048 veris-

1842 1088 1982 1145 sime
2031 1086 2257 1153 doceat,
2311 1087 2455 1142 idem
2504 1086 2835 1140 Marcionem
2883 1084 3078 1140 borum
3126 1082 3412 1137 verborum

1841 1180 2261 1235 comminatione
2295 1179 2648 1249 perstringit:
2701 1178 2805 1245 Qui
2840 1194 2941 1231 non
2969 1175 3284 1245 honori/icat
3321 1172 3415 1228 Fi-

1843 1271 1995 1336 lium,
2026 1280 2084 1324 ut
2111 1269 2425 1339 honoriﬁcat
2466 1269 2705 1337 Patrem,
2740 1271 2822 1322 ira
2857 1267 2957 1321 Dei
2980 1266 3150 1321 inillo
3181 1273 3353 1319 manet
3369 1265 3411 1318 ².

1841 1365 1921 1420 Ac
1979 1380 2081 1421 nos
2149 1348 2428 1434 plerisque
2485 1363 2598 1433 jam
2654 1361 2989 1418 testimoniis
3049 1360 3414 1422 ostendimus,

1844 1436 2012 1509 unum
2055 1469 2179 1510 esse
2226 1453 2416 1520 Deum,
2464 1458 2537 1508 ac’
2573 1453 2791 1510 Patrem
2836 1451 3050 1507 Domini
3084 1449 3259 1506 nostri
3285 1449 3417 1505 Jesu

1845 1541 2071 1607 Christi,
2106 1542 2199 1612 qui
2225 1540 2405 1596 bonus
2433 1548 2538 1605 est,
2575 1542 2888 1610 bonumque
2916 1538 3141 1609 genuit;
3177 1536 3417 1593 charitas

1851 1632 1978 1686 item
2009 1638 2115 1694 est,
2154 1637 2208 1685 et
2235 1630 2560 1684 charitatem
2590 1629 2810 1698 genuit;
2841 1628 2964 1683 fons
2991 1635 3096 1692 est,
3120 1637 3175 1682 et
3208 1626 3414 1682 fontem

1845 1722 1971 1776 vitae
2018 1719 2272 1791 produxit
2320 1719 2496 1788 (Apud
2563 1728 2608 1772 te
2651 1720 2791 1773 enim
2833 1727 2913 1773 est
2974 1716 3091 1787 [om
3134 1717 3292 1783 vitae,
3340 1717 3419 1772 ait

1850 1798 2135 1880 Scriptura
2163 1809 2228 1881 ³).
2281 1810 2422 1863 Idem
2452 1816 2507 1864 et
2535 1807 2749 1863 Veritas
2781 1816 2886 1875 est,
2918 1818 2972 1863 et
3004 1807 3297 1863 Veritatem
3328 1822 3419 1877 ge-
3454 1836 3462 1849 -

1845 1902 2003 1970 nuit;
2066 1901 2425 1971 similiterque
2484 1900 2668 1956 lumen
2720 1907 2826 1965 est,
2878 1908 2934 1956 et
2978 1899 3160 1955 lumen
3199 1898 3418 1970 genuit;

1845 1992 1958 2046 vita
1990 1997 2098 2055 est,
2127 1998 2181 2045 et
2210 1991 2377 2044 vitam
2414 1990 2768 2061 propagavit;
2800 1990 2964 2061 idque
2992 1989 3113 2045 sine
3142 1989 3252 2044 ullo
3277 1989 3421 2058 prin-

1844 2082 2010 2151 cipio,
2060 2082 2129 2135 ab
2178 2088 2403 2147 aeterno,
2455 2080 2701 2151 citraque
2753 2089 2988 2151 tempus.
3033 2078 3151 2145 Qua
3213 2077 3423 2132 ratione

1846 2171 2139 2226 Marcionis
2163 2185 2318 2225 error
2339 2170 2520 2226 omnis
2541 2171 2828 2226 evertitur.

1914 2259 2049 2327 Qua:
2095 2275 2218 2315 cum
2275 2259 2352 2313 ita
2402 2274 2461 2314 se
2515 2259 2773 2323 habeant,
2816 2274 2881 2315 ac
2922 2257 3216 2315 nebulonis
3260 2255 3420 2311 istius

1847 2351 2036 2406 multis
2066 2357 2119 2405 et
2154 2348 2481 2405 certissimis
2513 2350 2822 2406 rationibus
2854 2350 2967 2406 sint
2993 2348 3244 2405 convicta
3277 2360 3421 2402 men-

1846 2440 2024 2506 dacia,
2055 2456 2119 2495 ac
2150 2442 2427 2514 negotium
2455 2442 2621 2517 378
2641 2458 2802 2498 omne
2830 2440 3162 2505 conlectum,
3208 2437 3277 2493 ad
3313 2437 3420 2493 alia

1848 2538 2231 2598 transeamus;
2282 2540 2337 2587 et
2375 2533 2479 2587 hac
2521 2533 2668 2588 velut
2712 2531 2937 2586 immani
2965 2530 3197 2602 quadam
3232 2527 3422 2599 aspide

1848 2622 2155 2678 verissimis
2216 2623 2518 2679 Salvatoris
2564 2622 2748 2679 verbis
2806 2622 3030 2686 obtrita,
3091 2619 3185 2690 qui
3241 2617 3380 2674 dixit
3402 2602 3431 2670 πί

1848 2712 1986 2767 Dedi
2020 2713 2162 2768 vobis
2193 2713 2397 2767 calcare
2424 2728 2578 2782 super
2606 2721 2888 2782 serpentes,
2920 2721 2969 2766 et
3015 2711 3331 2780 scorpiones,
3370 2714 3424 2763 et

1850 2818 2007 2872 super
2063 2820 2270 2859 omnem
2328 2811 2637 2871 potestatem
2680 2790 2967 2871 inimici";
3009 2802 3075 2857 ad
3100 2809 3422 2858 caaterornm

1850 2907 1952 2947 nos
1997 2891 2418 2961 contemplanda
2443 2906 2508 2946 ac
2536 2891 2827 2946 refutanda
2852 2890 3043 2947 deliria
3072 2888 3369 2946 referamus
3404 2907 3417 2943 :

1848 2985 1930 3041 sic
1958 2990 2018 3038 ut
2055 2982 2151 3040 Dei
2193 2984 2247 3038 in
2270 2983 2524 3040 omnibus
2558 2998 2717 3054 opem
2760 2996 2825 3037 ac
2868 2981 3179 3053 praesidium
3225 2978 3420 3050 implo-

1783 3101 1795 3112 '
1849 3089 2060 3132 remus.

2231 3185 2511 3243 CONTRA
2561 3182 3041 3246 LUCIANISTAS.

2090 3299 2223 3367 Qua:
2253 3307 2332 3355 est
2359 3298 2575 3354 haeresis
2606 3296 2815 3351 XXIII
2848 3295 2926 3351 vel
2957 3292 3181 3349 XLIII.

1920 3410 1960 3466 Ι.
2017 3408 2299 3466 Lucianus
2355 3408 2578 3480 quidam
2637 3406 2961 3477 antiquior:
3020 3420 3129 3459 non
3186 3403 3277 3458 ille
3324 3402 3420 3473 qui

1849 3509 2010 3558 aetate
2050 3509 2237 3556 nostra
2266 3500 2370 3556 sub
2415 3499 2777 3555 Constantino
2815 3497 3031 3553 seniore
3060 3494 3215 3558 vixit,
3255 3506 3419 3562 quem

1850 3592 2036 3647 Ariani
2064 3593 2206 3647 inter
2238 3598 2508 3661 martyres
2530 3589 2831 3646 ascribunt.
2866 3587 2992 3641 Fuit
3039 3586 3184 3655 enim
3227 3584 3421 3639 Lucia-

1849 3696 1956 3736 nus
1994 3680 2099 3735 iste
2139 3679 2326 3749 junior
2370 3678 2698 3732 Arianorum
2749 3677 3029 3732 erroribus
3057 3673 3312 3738 infectus,
3351 3672 3422 3728 de

1849 3785 1958 3842 quo
1992 3780 2203 3842 postea,
2240 3786 2367 3826 eum
2419 3767 2741 3824 refutandus
2793 3767 2918 3832 erit,
2965 3765 3143 3820 acturi
3183 3778 3419 3820 sumus:

1851 3879 2001 3920 nunc
2054 3863 2320 3920 adversus
2361 3864 2622 3934 majorem
2679 3862 2832 3917 illum
2878 3859 3182 3915 Lucianum
3236 3859 3457 3912 susci--

1850 3953 2047 4024 pienda
2093 3953 2256 4008 nobis
2285 3961 2369 4009 est
2413 3952 2734 4023 disputatio.
2791 3950 2891 4005 Hie
2931 3951 3099 4020 igitur
3128 3947 3421 4004 Marcionis

1850 4052 1976 4100 ante
2025 4051 2285 4107 sectator,
2328 4051 2453 4112 post
2483 4043 2552 4097 ab
2601 4040 2790 4097 eodem
2835 4040 3103 4103 divulsus,
3149 4039 3419 4108 privatum

1850 4129 1951 4183 sibi
1979 4143 2194 4201 gregem
2237 4127 2570 4181 contrahens
2599 4140 2753 4180 novae
2785 4131 2949 4180 sectae
2977 4123 3156 4179 factus
3179 4130 3263 4179 est
3288 4137 3421 4177 con-

1850 4217 2029 4284 ditor;
2056 4218 2124 4271 ab
2152 4233 2327 4286 eoque
2366 4216 2696 4272 Lucianistaa
2719 4222 2932 4281 veteres
2963 4229 3160 4269 nomen
3192 4227 3417 4279 accepe-

1849 4315 1997 4364 runt.
2042 4306 2213 4361 Porro
2263 4306 2556 4361 Marcionis
2602 4305 2693 4359 ille
2721 4303 2978 4375 dogmata
3012 4303 3234 4374 penitus
3271 4317 3424 4358 com-

1849 4398 2040 4467 plexus
2087 4406 2189 4451 est.
2242 4395 2454 4462 Quibus
2493 4394 2719 4465 perinde
2766 4401 2852 4451 est
2893 4409 3047 4458 usus,
3098 4402 3157 4447 ut
3204 4393 3272 4448 ad
3321 4409 3419 4449 nos

1853 4486 1994 4540 fama
2024 4496 2108 4543 est
2137 4496 2190 4542 et
2225 4488 2503 4543 auditione
2539 4474 2824 4557 perlatum.
2858 4485 2992 4540 Nam
3022 4501 3145 4541 cum
3181 4485 3423 4556 antiquis

174 4571 456 4641 Ἀρχαίων
499 4572 609 4644 γὰρ
640 4575 846 4629 τούτων
887 4576 1086 4640 ὄντων,
1123 4577 1216 4629 καὶ
1246 4577 1437 4631 θᾶττον
1473 4578 1742 4631 κατασϐε-

1851 4577 1929 4632 illi
1984 4579 2320 4648 temporibus
2366 4578 2702 4645 exstiterint,
2746 4587 2801 4633 et
2835 4593 2999 4647 quam
3031 4577 3300 4631 citissime
3329 4590 3417 4629 re-

159 4662 433 4727 σθέντων,
455 4663 712 4735 δυσχερὲς
736 4666 1033 4737 γεγένηται
1063 4668 1216 4737 ὑμῖν,
1246 4667 1322 4731 ὡς
1360 4667 1572 4738 ἀληθῶς
1600 4669 1747 4723 ἔστιν

161 4754 325 4819 ἰδεῖν,
355 4755 387 4824 ἡ
413 4755 534 4808 κατ’
563 4757 760 4820 αὐτοὺς
792 4758 1005 4829 ἔρευνα.
1040 4760 1106 4812 Ἀ
1133 4759 1190 4813 δὲ
1223 4760 1332 4814 ἀπὸ
1364 4760 1563 4831 μέρους
1582 4760 1746 4829 ἔγνω-

160 4860 274 4914 μεν
307 4844 421 4898 τῶν
451 4845 640 4914 αὑτοῦ,
674 4845 789 4900 ἐστι
824 4849 972 4902 τάδε.

234 5014 399 5069 Μετά
426 5016 489 5069 τὸ
526 5019 784 5087 συστῆναι
811 5018 972 5089 δῆθεν
1002 5019 1188 5091 ἕτερον
1220 5019 1320 5089 μὲν
1355 5019 1448 5073 τὸν
1476 5022 1748 5092 Δημιουρ-

152 5104 288 5174 γὸν,
324 5107 423 5160 καὶ
451 5108 665 5179 κριτὴν,
694 5111 791 5163 καὶ
835 5110 1075 5164 δίκαιον
1111 5111 1298 5181 ἕτερον
1340 5111 1499 5183 δῆθεν
1544 5112 1747 5180 ἀγαθὸν

154 5198 465 5263 ὡσαύτως,
493 5201 587 5254 καὶ
606 5200 794 5272 ἕτερον
821 5202 912 5255 τὸν
944 5202 1206 5275 πονηρόνο
1238 5201 1484 5273 βούλεται
1515 5204 1748 5275 χρῆσθαι

152 5289 267 5342 καὶ
310 5290 638 5361 μαρτυρίαις
667 5294 777 5345 τισὶ
805 5292 945 5346 κατά
978 5293 1070 5346 τὸν
1103 5292 1424 5362 Μαρκίωνα,
1474 5293 1616 5347 κατά
1649 5293 1747 5367 τὴν

149 5378 340 5431 αὐτοῦ
389 5380 642 5435 ὑπόνοιαν
675 5383 783 5436 ἀπὸ
830 5382 931 5453 τῆς
987 5382 1096 5436 τῶν
1143 5382 1441 5453 προφητῶν
1483 5384 1740 5456 Γραφῆς⁸

147 5470 317 5541 φημὶ
350 5470 406 5524 δὲ
449 5471 531 5536 τὸ,
575 5472 838 5542 Μάταιος
881 5479 914 5530 ό
961 5476 1267 5529 δουλεύων
1305 5476 1528 5544 Κυρίῳ·
1561 5478 1654 5530 καὶ
1682 5477 1744 5530 τὸ

144 5560 463 5632 εἰρημένον
488 5579 502 5594 ·
571 5564 971 5632 Ἀντέστησαν
1038 5565 1189 5630 Θεῷ,
1249 5566 1347 5619 καὶ
1401 5565 1737 5634 ἐσώθησαν.

146 5650 392 5703 Τέλειον
434 5649 490 5703 δὲ
542 5646 695 5716 οὗτος
746 5655 896 5725 παρὰ
938 5654 1033 5726 τὴν
1081 5656 1172 5707 τοῦ
1210 5655 1527 5710 διδασκάλου
1577 5656 1738 5710 αὐτοῦ

236 5764 260 5836 ξ
282 5762 476 5836 ρεεει,
498 5768 713 5836 opinor,
740 5768 963 5836 aliquid,
994 5771 1166 5835 λέγων
1206 5771 1572 5826 scribendum.

233 5831 627 5905 'Malachﬁru,
669 5840 747 5893 lt.
826 5831 1001 5894 éibid.
1036 5831 1116 5895 lii.

1846 4666 2034 4722 stineti
2082 4672 2211 4736 sint,
2267 4669 2583 4724 dlllieillima
2631 4668 2811 4732 nobis,
2848 4676 2908 4723 ut
2940 4667 3165 4737 intelligi
3198 4666 3268 4720 ab
3298 4679 3416 4718 om-

1810 4758 2013 4819 _nibus
2060 4768 2276 4830 potest,
2342 4759 2557 4813 illorum
2603 4758 2889 4828 inquisitio
2949 4757 3070 4811 fuit.
3130 4756 3236 4811 Sed
3293 4771 3414 4824 qua!

1845 4845 1912 4901 de
1942 4846 2034 4901 illo
2078 4854 2351 4917 utcunque
2390 4847 2692 4916 comperire
2739 4845 3038 4916 potuimus,
3085 4844 3415 4914 sunt'ejus-

1844 4935 2009 4991 modi.
2994 4998 2999 5003 .

1915 5025 2050 5081 Nam
2100 5031 2450 5095 posteaquam
2503 5025 2644 5081 alius
2692 5025 2760 5081 ab
2815 5040 2881 5081 eo
2935 5025 3270 5079 constitutus
3329 5032 3415 5078 est

1844 5116 2070 5171 Creator
2092 5130 2154 5169 ac
2182 5114 2372 5185 judex,
2405 5123 2458 5170 et
2484 5100 2711 5186 justus;
2753 5117 2929 5171 bonus
2967 5115 3137 5180 alius;
3177 5116 3415 5182 itemque

1847 5207 2023 5262 malus
2075 5207 2293 5272 tertius,
2345 5207 2626 5279 nonnullis
2661 5206 2953 5263 Marcionis
2986 5206 3233 5276 exemplo
3262 5203 3413 5260 testi-

1847 5296 2047 5352 moniis
2108 5297 2301 5363 utitur,
2360 5313 2491 5377 quat
2531 5314 2595 5352 ex
2648 5297 3036 5369 prophetarum
3088 5296 3313 5367 scriptis
3346 5294 3414 5350 ad

1848 5389 2075 5453 erroris,
2123 5397 2181 5442 ut
2227 5390 2336 5455 ille,
2390 5390 2472 5444 sui
2524 5391 2886 5457 patrocinium
2936 5390 3175 5444 adducit.
3216 5388 3414 5458 Cujus-

1849 5479 1994 5534 modi
2027 5479 2170 5533 istud
2219 5487 2347 5535 est:
2399 5478 2574 5533 Vanus
2621 5490 2695 5533 est
2752 5479 2841 5548 qui
2902 5480 3058 5533 servit
3107 5478 3409 5544 Domino';

1847 5570 1972 5624 item
2002 5589 2014 5624 :
2047 5568 2365 5624 Restiterunt
2426 5568 2554 5633 Deo,
2577 5581 2626 5624 et
2657 5571 2789 5627 salvi
2820 5572 2951 5642 [acti
2972 5580 3095 5627 sunt
3121 5572 3163 5625 ⁸.
3199 5569 3275 5623 Ad
3301 5570 3415 5624 haec

1854 5659 2036 5714 omnia
2095 5669 2290 5730 praeter
2333 5660 2579 5731 magistri
2628 5662 3012 5739 Suidogmata
3058 5661 3277 5732 nuptias
3324 5658 3416 5716 ille

1651 5775 1668 5803 ³
1701 5769 1854 5828 Joun.
1893 5789 1940 5839 ν,
1966 5773 2064 5838 25;
2099 5787 2181 5839 ιιι,
2221 5772 2316 5830 26.
2388 5772 2409 5803 ³
2440 5772 2581 5828 Psal.
2620 5789 2783 5842 xxxv,
2817 5775 2900 5830 l0.
2977 5774 2998 5807 ⁸
3036 5772 3171 5828 Luc.
3220 5788 3274 5840 κ,
3320 5771 3413 5827 19.
