3918 6140
416 318 520 378 8H)

1819 315 1875 373 s.
1924 312 2264 371 EPlPHANIl
2738 294 2825 332 ’θ’

3568 303 3684 368 εει)

416 434 763 500 condemnat,
808 441 862 490 et
900 432 1282 490 castimoniam
1330 432 1639 505 proﬁtetur,
1681 447 1793 488 non
1823 433 1991 502 hujus

2113 431 2441 487 ῑιδασκαλίαν
2500 428 2819 501 ἀπαρνεῖται
2868 426 2960 482 τὸν
3013 422 3192 500 γάμον
3217 466 3234 493 ,
3299 420 3393 482 καὶ
3446 422 3685 495 ἁγνείαν

414 541 603 583 amore
651 526 892 589 virtutis,
951 524 1048 581 sed
1098 532 1158 579 ut
1214 538 1381 595 opera
1428 522 1707 579 Creatoris
1758 530 1987 578 evertat.

418 619 598 685 Quare
630 615 902 685 conjugiis
932 615 1233 672 interdicit.
1276 614 1352 669 Ex
1388 615 1610 685 quibus,
1641 614 1837 685 inquit,
1871 629 1997 684 pro-

423 717 620 779 pagata
649 708 836 763 sobole
858 710 1032 776 major
1063 708 1119 762 in
1151 707 1356 762 mundo
1371 705 1654 761 Conditori
1687 706 1908 761 ubertas
1927 718 1992 759 ac

413 800 570 871 copia
609 801 868 870 suppetit.
914 798 1028 854 Hoc
1062 799 1228 871 igitur
1252 800 1308 853 in
1334 796 1549 867 opificis
1579 812 1643 852 ac
1677 794 1992 852 Conditoris

413 889 601 944 odium
659 890 925 960 suscipit,
1003 904 1073 945 ne
1132 904 1201 945 ex
1250 889 1550 943 liberorum
1612 885 1994 957 procreatione

414 979 580 1050 379
627 979 777 1034 illius
824 993 957 1049 opes
990 984 1310 1048 augeantur.
1375 972 1579 1029 Verum
1630 973 1792 1043 hujus
1840 986 1996 1027 error

416 1069 571 1123 nullo
622 1069 844 1139 negotio
893 1067 1179 1138 detegetur
1206 1082 1270 1121 ac
1308 1065 1587 1122 refelletur
1613 1078 1680 1119 ex
1709 1079 1772 1119 ea
1800 1060 1995 1117 confu-

415 1160 643 1223 tatione,
684 1174 843 1229 quam
870 1165 1063 1214 contra
1095 1159 1268 1228 ipsius
1298 1165 1691 1229 praeceptorem
1720 1162 1844 1207 ante
1875 1165 1996 1222 pro-

417 1244 722 1324 posuimus.
778 1244 971 1318 Cujus'
1012 1250 1301 1321 opiniones
1361 1250 1613 1322 pluribus
1664 1242 1996 1316 disputando

416 1343 789 1408 convicimus;
847 1342 1013 1412 idque
1057 1342 1236 1413 ipsum
1266 1340 1631 1407 ostendimus,
1663 1335 1993 1407 cujusmodi,

419 1451 481 1488 ac
509 1448 670 1504 quam
706 1433 877 1488 multa
916 1433 1044 1499 sint,
1077 1433 1132 1486 in
1161 1433 1363 1503 quibus
1393 1444 1606 1490 summa
1639 1434 1723 1482 est
1753 1425 1997 1496 Evange-

417 1523 471 1576 lii
517 1521 841 1593 Veterisque
889 1521 1230 1578 Testamenti
1279 1519 1591 1576 consensio.
1628 1516 1996 1583 Quemadmo-

416 1616 544 1670 dum
603 1615 767 1671 etiam
840 1614 1105 1671 Dominus
1160 1615 1278 1685 ipse
1334 1613 1571 1668 fateatur
1641 1624 1797 1665 suam
1873 1622 1997 1663 esse

419 1706 609 1761 mundi
660 1706 1097 1770 fabricationem,
1162 1720 1225 1759 ac
1267 1702 1531 1775 quidquid
1585 1699 1864 1755 conditum
1915 1707 2001 1751 est

2096 525 2290 577 ἀσκεῖ·
2329 522 2390 576 οὐ
2441 521 2508 575 δι’
2550 520 2794 588 άγνείαν,
2837 518 2954 573 ἀλλ’
2999 519 3086 572 ἵνα
3140 518 3384 592 άθετήσῃ
3427 518 3498 571 τά
3539 518 3687 589 ἔργα

2095 608 2191 663 τοῦ
2232 608 2611 681 Δημιουργοῦ,
2643 608 2910 662 διδάσκων
2955 607 3029 678 μὴ
3079 606 3447 661 συνάπτεσθαι
3486 606 3683 679 γάμῳ.

2106 700 2225 770 Ἀφ’
2258 693 2318 753 οὗ
2353 701 2532 771 γάμου
2580 698 2834 769 εὐθηνία,
2872 698 3030 770 φησὶ,
3064 698 3153 753 διὰ
3194 699 3294 769 τῆς
3329 699 3687 762 παιδοποιίας

2096 792 2153 846 ἐν
2183 790 2373 862 κόσμῳ
2401 790 2479 861 τῷ
2500 790 2826 862 Δημιουργῷ
2854 792 3083 861 γίνεται,
3112 791 3248 862 πρὸς
3274 790 3551 847 ἀντίθεσιν
3582 791 3688 861 τῆς

2096 879 2188 935 τοῦ
2223 882 2571 954 Δημιουργοῦ
2607 882 2702 936 καὶ
2733 883 2967 937 Κτίστου
2992 883 3081 937 διά
3106 884 3207 954 τῆς
3241 882 3595 946 παιδοποιίας
3626 883 3688 935 ἐν

2094 974 2173 1045 τῷ
2213 974 2404 1046 κόσμῳ
2434 974 2710 1046 εὐθηνίας.
2736 975 3127 1047 Φωραθήσεται
3151 974 3208 1028 δὲ
3228 976 3256 1028 6
3286 974 3550 1040 τοιοῦτος,
3586 974 3689 1028 καὶ

2095 1066 2570 1138 διελεγχθήσεται,
2625 1067 2733 1120 ἀπὸ
2781 1068 2879 1138 μὲν
2921 1068 3021 1138 τῆς
3053 1067 3155 1138 ήδη
3198 1066 3335 1139 πρὸς
3379 1066 3471 1120 τὸν
3511 1065 3687 1120 αὑτοῦ

2097 1159 2397 1229 ἐπιστάτην
2450 1158 2810 1225 ἀντιθέσεως,
2866 1158 2954 1212 διά
3023 1158 3232 1212 πολλῶν
3292 1160 3689 1230 ποιησαμένων

2097 1250 2255 1322 ἡμῶν
2291 1249 2389 1321 τὴν
2426 1250 2561 1325 πρὸς
2591 1251 2753 1304 αὐτὸν
2784 1251 3093 1320 ἀντιλογίαν
3124 1268 3185 1304 τε
3217 1252 3310 1304 καὶ
3340 1250 3687 1321 ἀνατροπὴν,

2097 1342 2156 1394 ἐν
2184 1342 2400 1405 ὁποίαις
2428 1360 2486 1394 τε
2528 1343 2624 1396 καί⁵
2651 1342 2876 1405 ὁπόσαις
2909 1342 3126 1412 συνᾴδει
3152 1343 3213 1397 τὸ
3251 1341 3585 1411 Εὑαγγέλιον
3615 1344 3690 1412 τῇ

2098 1432 2312 1503 Παλαιᾷ
2333 1430 2579 1503 Διαθήκῃ
2604 1448 2614 1459 ·
2653 1432 2749 1485 καὶ
2773 1433 2848 1496 ὡς
2878 1432 3040 1495 αὐτὸς
3076 1434 3104 1485 6
3137 1431 3344 1502 Κύριος
3368 1430 3525 1501 ἡμῶν
3552 1432 3695 1501 ὁμο-

2097 1524 2248 1592 λογεῖ
2277 1523 2339 1576 τὸ
2387 1522 2599 1592 ποίημα
2628 1522 2722 1575 τοῦ
2758 1524 2964 1593 κόσμου
3006 1519 3144 1577 εἷναι
3177 1524 3309 1577 ῐδιον
3348 1523 3443 1576 καὶ
3489 1522 3691 1587 αὑτοῦ,

2097 1615 2195 1668 καὶ
2228 1613 2321 1668 τοῦ
2350 1614 2563 1686 Πατρὸς
2617 1609 2756 1668 εἶναι
2802 1614 2899 1685 τὴν
2952 1614 3159 1668 κτίσιν·
3214 1614 3290 1678 ῶς
3333 1631 3397 1683 γε
3445 1614 3695 1685 μάλιστα

2104 1706 2376 1760 συνελόντι
2402 1706 2609 1778 φράσαι
2649 1705 3076 1777 κορυφαιότατόν
3122 1723 3175 1758 τι
3226 1706 3376 1777 ῥῆμα
3409 1706 3563 1777 παρά
3607 1704 3695 1776 τῷ

421 1796 570 1853 Patri
608 1813 709 1854 suo
753 1796 1123 1852 tribuendum.
1166 1795 1323 1861 Quod
1353 1793 1573 1864 quidem
1604 1788 1998 1862 praestantissi-

2113 1799 2241 1870 ὶγίῳ
2274 1800 2494 1870 Ἰωάννῃ
2524 1779 2834 1870 εἰρημένον,
2864 1798 2925 1851 τὸ
2947 1837 2962 1864 ,
2998 1800 3101 1853 Ἐν
3126 1796 3284 1867 ἀρχῇ
3308 1794 3386 1867 ἦν
3408 1800 3441 1850 ό
3467 1797 3693 1866 Λόγος,

420 1890 526 1945 mis
575 1890 726 1946 hisce
776 1889 960 1944 verbis
1012 1887 1329 1944 summatim
1381 1885 1622 1940 Joannes
1680 1881 1999 1951 complexus

419 1988 537 2034 cst:
562 1981 628 2034 In
658 1981 915 2049 principio
941 1989 1054 2035 erat
1092 1978 1313 2033 Verbum
1339 2019 1354 2044 ,
1380 1986 1428 2032 et
1463 1976 1686 2031 Verbum
1719 1984 1832 2028 erat
1860 1971 2000 2041 apud

420 2072 609 2137 Deum,
661 2083 710 2127 et
765 2072 904 2127 Deus
959 2080 1073 2127 erat
1136 2070 1386 2125 Verbum.
1446 2067 1644 2124 Omnia
1692 2082 1784 2136 per
1824 2065 2001 2132 ipsum

420 2166 565 2232 facta
593 2173 736 2229 sunt,
770 2172 819 2217 et
844 2163 953 2217 sine
978 2163 1092 2233 ipso
1124 2160 1324 2231 factum
1350 2157 1603 2225 estnihil,
1635 2153 1773 2227 quod
1801 2153 2000 2225 factum

418 2267 494 2311 est
521 2260 559 2322 ί,
593 2264 699 2313 etc.

493 2347 558 2404 ll.
601 2348 766 2420 Atqui
809 2348 995 2405 statim
1030 2348 1121 2405 ille
1146 2347 1405 2405 facillime
1430 2344 1825 2406 confutabitur.
1866 2342 2003 2398 Nam

418 2440 466 2495 si
500 2438 831 2510 respondere
879 2438 954 2493 ita
1009 2438 1157 2503 velit,
1207 2453 1267 2493 se
1312 2445 1371 2492 ut
1414 2437 1482 2491 iis
1521 2450 1642 2507 qua!
1679 2432 1995 2490 Conditoris

417 2532 508 2588 hic
532 2547 655 2587 esse
684 2533 905 2602 propria
941 2531 1222 2599 dicuntur,
1252 2531 1549 2588 obsisteret
1579 2544 1644 2583 ac
1673 2528 2004 2588 destrueret,

426 2623 746 2694 nuptiarum
795 2623 1059 2678 damnare
1099 2622 1348 2693 copulas,
1397 2637 1467 2678 ne
1505 2616 2003 2676 Conditorisulfra—

420 2715 536 2785 gari
574 2714 847 2780 videatur,
878 2724 1041 2787 atque
1080 2721 1141 2770 ut
1173 2715 1244 2770 ab
1274 2714 1395 2785 ejus
1423 2726 1590 2783 opere
1621 2725 1744 2767 sese
1773 2709 2004 2765 omnino

421 2812 643 2875 praestet
702 2806 963 2874 alienum,
1011 2820 1195 2863 nonne
1246 2821 1277 2860 a
1334 2804 1547 2859 ratione
1604 2815 1834 2873 prorsus
1889 2799 2007 2855 haec

421 2898 681 2954 abhorret
717 2899 942 2969 opinio,
987 2899 1218 2970 ejusque
1262 2896 1598 2969 deprehendi
1642 2895 1888 2958 falsitas,
1942 2909 2008 2948 ac

423 2992 679 3063 redargui
730 2991 891 3048 facile
925 2992 1138 3063 potest?
1180 2989 1321 3046 Ecce
1373 2990 1471 3044 tibi
1513 2988 1749 3044 conditis
1776 3001 1807 3040 a
1838 2984 2007 3041 Crea-

425 3094 546 3141 tore
579 3085 767 3153 rebus,
798 3087 968 3141 veluti
995 3085 1158 3148 cibis,
1189 3099 1254 3139 ac
1286 3083 1555 3149 vestibus,
1599 3092 1655 3137 et
1690 3079 2003 3152 unguentis,

424 3189 489 3229 ac
517 3182 669 3245 potu,
696 3147 750 3231 ct
788 3175 991 3231 eduliis
1038 3175 1385 3231 miserrimus
1432 3175 1535 3230 iste
1571 3173 1871 3230 circulator
1897 3173 2007 3227 uti-
2035 3146 2078 3204 θ

423 3275 550 3335 ιιιι·;
588 3283 690 3323 nec
735 3268 972 3339 effugere
1019 3268 1179 3323 aliter
1221 3277 1420 3337 potest,
1470 3268 1602 3339 quin
1638 3285 1697 3326 se
1723 3273 1792 3330 iis
1824 3270 1903 3327 uti
1929 3269 2011 3323 fa-

426 3364 629 3411 teatur.
659 3356 804 3413 Deus
826 3357 973 3413 enim
1004 3368 1090 3414 est
1116 3357 1381 3413 Dominus
1415 3359 1663 3414 omnium
1712 3376 1776 3416 ac
1820 3359 2011 3415 condi-

426 3455 513 3500 tor
543 3446 638 3517 qui
670 3461 857 3501 curam
892 3448 1136 3503 omnium
1169 3446 1308 3518 gerit
1348 3461 1413 3501 ac
1449 3448 1614 3502 solem
1658 3465 1815 3504 suum
1855 3463 2013 3518 super

430 3538 592 3593 bonos
623 3547 672 3593 et
696 3539 868 3594 malos
903 3540 1036 3594 oriri
1071 3540 1204 3610 facit
1227 3542 1271 3593 ¹.
1323 3538 1463 3595 Tum
1500 3556 1630 3597 vero
1652 3542 1708 3596 in
1743 3556 1839 3598 eos
1873 3541 2013 3612 pari-

430 3637 541 3691 ter,
576 3629 668 3700 qui
722 3646 782 3686 se
818 3633 1170 3688 contumeliis
1198 3630 1462 3699 alliciunt,
1491 3639 1546 3688 et
1570 3633 1664 3703 qui
1688 3632 1868 3702 ipsum
1901 3632 2014 3687 lau-

427 3722 564 3777 dant
610 3737 675 3777 ac
718 3722 1041 3794 praedicant,
1090 3724 1330 3794 pluviam
1387 3724 1647 3793 demittit,
1701 3736 1864 3795 atque
1916 3725 2015 3779 alit

429 3813 743 3870 universos.
782 3813 941 3881 Quod
995 3828 1108 3870 non
1155 3815 1449 3871 temeraria
1505 3816 1710 3887 aliqua,
1765 3818 2015 3888 citraque

429 3906 696 3962 rationem
743 3920 809 3961 ac
855 3922 1078 3964 sensum
1109 3906 1334 3963 deﬁnita
1368 3909 1484 3981 lege
1512 3910 1871 3966 constitutum
1906 3916 2012 3975 est,

428 3998 526 4052 sed
569 3997 692 4053 ideo
729 3997 1013 4067 nimirum,
1052 3998 1197 4069 quod
1237 4013 1527 4071 pmnarum
1557 4001 1626 4056 ab
1662 4000 1759 4056 illo
1798 4009 2017 4072 tempus

427 4092 484 4144 in
520 4089 763 4146 futurum
789 4090 1065 4161 judicium
1096 4101 1435 4147 reservatum
1480 4100 1586 4159 est,
1628 4094 1899 4164 patienter
1930 4109 2018 4150 ex-

431 4191 667 4253 spectat,
721 4198 786 4238 ac
834 4183 1063 4253 privatis
1121 4185 1360 4255 legibus,
1408 4192 1463 4241 et
1506 4187 1775 4257 sapientia
1817 4196 2018 4243 cuncta

432 4274 789 4339 moderatur,
847 4276 1311 4347 quemadmodum
1349 4277 1652 4333 beneficam
1696 4279 1846 4333 illam
1889 4294 2018 4351 erga

432 4382 627 4424 omnes
655 4369 1054 4437 providentiam
1082 4369 1260 4436 decet,
1298 4376 1358 4424 ut
1397 4370 1444 4425 si
1494 4360 1590 4441 qui
1634 4371 2017 4442 paenitentiam

431 4457 810 4529 susceperint,
846 4457 1118 4513 scelerum
1152 4457 1400 4513 omnium
1445 4459 1774 4515 oblivionem
1817 4461 1886 4517 ab
1925 4460 2020 4515 illo

434 4550 607 4616 nacti,
635 4542 867 4606 salutem
896 4538 1300 4621 adipiscantur.
1333 4549 1430 4607 Sin
1454 4552 1867 4608 contumeliosis
1906 4553 2022 4608 illis.

433 4642 680 4698 divinum
724 4642 780 4697 in
826 4641 1041 4698 Numen
1093 4643 1467 4715 opinionibus,
1510 4655 1674 4717 atque
1712 4646 2017 4714 erroribus,

432 4749 668 4805 quorum
693 4734 838 4791 Deus
867 4744 1061 4790 auctor
1098 4750 1210 4791 non
1256 4743 1362 4802 est,
1409 4738 1715 4807 insistant;
1758 4746 1875 4792 tum
1903 4753 2020 4793 me-

434 4826 541 4880 rita
565 4822 831 4897 supplicia
854 4834 977 4896 post
1004 4824 1149 4880 hanc
1171 4824 1344 4881 vitam
1386 4825 1720 4899 expendant,
1753 4840 1878 4881 cum
1909 4840 2021 4879 non

436 4918 676 4989 amplius
702 4919 1007 4974 voluntatis
1043 4919 1099 4973 in
1138 4918 1221 4975 eis
1258 4918 1486 4974 libertas
1516 4918 1779 4973 manebit.
1814 4916 2018 4973 Verum

438 5026 622 5081 neque
677 5010 846 5065 animi
892 5009 1133 5081 quadam
1194 5008 1518 5081 impotentia
1578 5008 1824 5065 futurum
1885 5005 2019 5062 illud

434 5102 705 5174 judicium
736 5101 998 5168 instituit;
1037 5116 1141 5156 nec
1176 5108 1409 5157 ventura
1444 5101 1537 5155 illa
1564 5101 1708 5155 mala
1735 5098 2022 5155 iracundia

438 5195 552 5252 ulla
596 5194 799 5250 ductus
841 5193 1061 5263 infligit.
1114 5192 1242 5249 Haec
1291 5193 1457 5265 380
1508 5192 1655 5248 enim
1694 5191 1879 5247 omnia
1922 5207 2023 5262 pro

388 5268 405 5277 ’
439 5299 507 5341 ea
536 5298 643 5354 qua
669 5283 930 5354 praaditus
960 5293 1044 5339 est
1086 5284 1155 5340 ab
1186 5283 1337 5338 omni
1375 5282 1809 5353 perturbatione,
1851 5283 2023 5338 libera

438 5375 729 5432 divinitate
759 5375 1065 5431 denuntiat.
1096 5373 1202 5431 Sed
1231 5375 1303 5431 ob
1336 5389 1454 5431 eam
1481 5375 1736 5430 videlicet
1775 5389 2021 5438 causam,

2102 1892 2199 1947 καὶ
2232 1894 2265 1946 ό
2302 1891 2495 1961 Λόγος
2535 1888 2615 1961 ἦν
2642 1892 2793 1960 πρὸς
2824 1891 2931 1946 τὸν
2974 1891 3146 1955 Θεὸν,
3192 1890 3291 1945 καί
3337 1890 3483 1956 Θεὸς
3527 1885 3611 1959 ἦν
3663 1891 3700 1942 ὁ

2102 1982 2312 2050 Λόγος.
2341 1980 2547 2034 Πάντα
2593 1980 2667 2033 δι’
2701 1979 2890 2035 αὐτοῦ
2928 1980 3189 2050 ἐγένετο,
3227 1978 3327 2033 καὶ
3358 1978 3542 2049 χωρίς
3579 1979 3685 2033 αὑ-

2103 2073 2209 2128 τοῦ
2232 2071 2471 2143 ἐγένετο
2495 2071 2639 2142 οὐδὲ
2668 2071 2757 2140 ἓν,
2790 2071 2823 2126 ὃ
2856 2072 3081 2144 γέγονε,
3113 2072 3206 2127 καὶ
3234 2070 3303 2126 τὰ
3326 2070 3475 2142 ἐξῆς.

2191 2345 2353 2400 Ἀλλά
2377 2362 2439 2415 γε
2472 2347 2501 2399 6
2523 2344 2764 2408 τοιοῦτος
2794 2343 2957 2409 εὐθὺς
2984 2344 3454 2416 ἁνατραπήσεται.
3490 2344 3557 2397 El
3583 2344 3703 2417 γὰρ

2110 2437 2352 2508 βούλοιτο
2387 2437 2590 2505 λέγειν,
2627 2437 2711 2490 ὅτι
2752 2436 3080 2500 ἀντιθέσεως
3109 2437 3267 2507 χάριν
3293 2437 3387 2489 καὶ
3427 2436 3702 2508 καθαιρέ-

2111 2549 2247 2596 σεως
2279 2531 2388 2585 τῶν
2435 2531 2542 2584 ὑπὸ
2580 2529 2675 2583 τοῦ
2712 2530 3055 2601 Δημιουργοῦ
3096 2529 3330 2584 ἐνταῦθα
3380 2529 3705 2600 λεγομένων

2110 2628 2144 2696 ἡ
2170 2624 2264 2678 τοῦ
2313 2623 2492 2695 γάμου
2527 2622 2676 2692 αὐτῷ
2721 2623 2986 2692 συνάφεια
3030 2619 3302 2674 ἀθετεῖται
3328 2662 3342 2684 ,
3375 2621 3465 2674 ἴνα
3517 2621 3595 2693 μὴ
3624 2621 3705 2693 τῷ

2111 2714 2440 2787 Δημιουργῷ
2498 2715 2901 2787 συμπράξειεν,
2949 2714 3091 2767 ὥστε
3134 2713 3435 2784 ἀπέχεσθαι
3489 2715 3705 2771 παντά-

2111 2823 2246 2860 πασι
2298 2804 2392 2858 τοῦ
2434 2804 2595 2875 ἔργου
2626 2804 2719 2859 τοῦ
2759 2804 3105 2877 Δημιουργοῦ
3125 2819 3140 2835 °
3184 2805 3301 2869 πῶς
3342 2805 3465 2875 οὐχὶ
3505 2805 3705 2874 ἄλογος

2110 2897 2257 2968 αὐτῷ
2290 2901 2322 2969 ὴ
2365 2896 2622 2960 ὑπόθεσις
2645 2897 2686 2963 ⁸,
2725 2898 2820 2951 καὶ
2849 2897 3096 2969 φωρατὴ,
3143 2897 3236 2950 καὶ
3268 2895 3707 2965 εὐθυέλεγκτοςς

2123 2992 2255 3045 Ἰδοὺ
2290 2990 2397 3063 γὰρ
2426 2990 2535 3044 ἀπὸ
2566 2991 2665 3062 τῆς
2698 2990 2929 3054 κτίσεως
2963 2990 3056 3043 καὶ
3090 2992 3188 3061 τῆς
3214 2989 3309 3043 τοῦ
3347 2988 3704 3061 Δημιουργοῢ

2110 3082 2492 3153 δημιουργίας,
2525 3083 2620 3136 xai.
2653 3082 2765 3135 τῶν
2800 3081 3030 3145 ἐδωδῶν,
3065 3081 3288 3135 καὶτῶν
3321 3081 3570 3152 ἀμφίων,
3608 3080 3707 3137 καὶ

2112 3175 2211 3245 τῆς
2254 3175 2507 3246 χρήσεως
2550 3173 2812 3244 πομάτων
2849 3172 3093 3244 μέτεισιν
3122 3175 3152 3226 6
3173 3174 3306 3244 γόης
3340 3174 3437 3226 καὶ
3468 3176 3498 3227 6
3532 3173 3709 3246 ἀγύρ-

2112 3284 2214 3337 της
2237 3283 2249 3296 ·
2294 3265 2390 3319 καὶ
2425 3264 2601 3328 άλλως
2632 3264 2692 3317 οὺ
2722 3265 3010 3336 δυνήσεται
3040 3266 3320 3334 ἐκφυγεῖν,
3350 3264 3445 3317 καὶ
3482 3264 3561 3336 μὴ
3584 3266 3711 3337 οὐχὶ

2112 3358 2325 3421 τούτοις
2357 3356 2610 3429 χρῆσθαι.
2648 3356 2781 3421 Θεὸς
2815 3357 2924 3428 γάρ
2969 3359 2998 3410 6
3040 3356 3257 3410 πάντων
3292 3356 3575 3427 Δεσπότης
3609 3358 3709 3411 καὶ

2114 3446 2468 3519 δημιουργὸς,
2515 3447 2733 3505 πάντων
2797 3446 3226 3519 ἐπιμελόμενος,
3275 3446 3367 3500 καὶ
3418 3447 3516 3500 ἐπὶ
3564 3446 3710 3513 τοὺς

2116 3539 2423 3610 πονηροὺς
2479 3540 2577 3594 καί
2630 3539 2893 3610 ἀγαθοὺς
2962 3539 3278 3594 ἀνατέλλει
3339 3538 3529 3593 αὐτοῦ
3598 3539 3711 3591 τὸν·

2118 3632 2318 3700 ἣλιον,
2350 3631 2444 3683 καὶ
2472 3631 2567 3683 ἐπὶ
2600 3632 2727 3694 τοὺς
2757 3618 3444 3702 αὑτὸν’βλασφημοῦντας,
3479 3630 3577 3684 καὶ
3612 3632 3710 3683 ἐπὶ

2118 3725 2244 3789 τοὺς
2272 3723 2434 3779 αὐτὸν
2461 3722 2784 3789 δοξάζοντας
2813 3722 3022 3794 πέμπει
3064 3721 3229 3777 αὑτοῦ
3262 3722 3355 3775 τὸν
3385 3722 3569 3785 ὑετὸν,
3609 3722 3709 3774 καὶ

2118 3818 2327 3878 πάντας
2367 3813 2583 3887 τρέφει,
2616 3814 2715 3868 οὐκ
2747 3814 2926 3885 ἀλόγῳ
2958 3814 3064 3869 τινὶ
3106 3815 3199 3868 καὶ
3236 3814 3553 3885 ἀναισθήτῳ
3592 3816 3710 3884 ὁρι-

2094 3906 2265 3978 σμῷ,
2309 3906 2447 3960 ἀλλά
2496 3906 2711 3977 ἐκδικίᾳ
2750 3908 2817 3976 τῇ
2864 3907 2995 3978 παρ’
3022 3904 3187 3958 αὐτοῦ
3218 3903 3499 3976 ὁρισθείσῃ
3534 3905 3593 3956 ἐν
3637 3906 3707 3974 τῇ

2122 3995 2391 4069 μελλούσῃ
2435 3996 2617 4068 κρίσει
2676 3995 3071 4067 μακροθυμῶν,
3126 3995 3221 4049 καὶ
3263 3997 3514 4066 ὁρισμοῖς
3558 3992 3712 4055 ἰδίοις

2120 4092 2215 4146 καὶ
2251 4090 2413 4161 σοφίᾳ
2457 4087 2524 4141 τά
2575 4087 2754 4141 πάντα
2798 4086 3047 4141 διοικῶν·
3093 4088 3170 4150 ὡς
3215 4086 3331 4140 ἐστι
3385 4087 3599 4158 πρέπον
3642 4088 3712 4156 τῇ

2121 4180 2287 4237 αὐτοῦ
2316 4182 2395 4244 είς
2424 4178 2632 4243 πάντας
2661 4177 2898 4248 ὠφελείᾳ
2916 4192 2930 4207 ⁶
2965 4177 3032 4231 ἶν’
3052 4178 3103 4231 οἱ
3134 4179 3590 4253 μετανοήσαντες,
3612 4177 3714 4247 τῆς

2122 4275 2255 4345 παρ’
2283 4270 2450 4326 αὑτοῦ
2486 4252 2821 4343 ἀμνηστείας
2849 4271 3124 4343 τυχόντες,
3153 4271 3216 4324 τὸ
3262 4271 3534 4342 σωτήριον
3572 4271 3715 4341 κτή-

2125 4382 2302 4419 σοιντο
2323 4381 2336 4394 ο
2368 4365 2417 4417 εί
2442 4363 2499 4416 δὲ
2538 4363 2849 4434 ἐπιμένοιεν
2886 4367 3008 4427 ταῖς
3033 4363 3209 4418 αὐτῶν
3245 4363 3590 4435 βλασφήμοις
3616 4365 3714 4416 καὶ

2051 4489 2097 4546 D
2126 4456 2406 4520 ὑπονοίαις
2459 4456 2554 4509 καὶ
2605 4457 3103 4529 ματαιοφροσύναις
3160 4459 3279 4521 ταῖς
3332 4457 3406 4527 μὴ
3462 4457 3528 4509 ἐκ
3574 4454 3712 4509 Θεοῦ

2125 4550 2309 4613 αὐτοῖς
2354 4546 2656 4611 δοθείσαις,
2690 4548 2752 4601 τὸ
2787 4548 3086 4619 τηνικαῦτα
3134 4547 3271 4619 μετά
3316 4548 3414 4619 τὴν
3460 4546 3714 4601 ἐντεῦθεν

2127 4641 2469 4713 ἀπαλλαγὴν,
2490 4640 2585 4695 τοῦ
2617 4636 2960 4705 αὐτεξουσίου
2991 4641 3187 4713 μηκέτι
3211 4643 3392 4705 αὐτοῖς
3419 4657 3715 4714 συμπαρα-

2132 4734 2387 4807 μένοντος
2408 4751 2421 4764 ο
2467 4732 2605 4787 ἀλλά
2652 4731 2773 4786 οὔτε
2825 4732 2913 4787 διά
2968 4732 3139 4804 θυμὸν
3183 4733 3367 4796 αὐτοῖς
3436 4734 3540 4804 τὴν
3591 4732 3716 4785 τότε

2130 4824 2395 4896 ἐσομένην
2452 4824 2673 4897 κρίσιν,
2725 4823 2848 4878 οὔτε
2899 4824 2974 4889 ὡς
3021 4826 3079 4881 ἐν
3126 4826 3262 4898 ὀργῇ
3314 4824 3598 4896 ἐπιφέρων
3647 4824 3717 4878 τὰ

2132 4917 2390 4987 ἐσόμενα.
2422 4916 2564 4971 Ὀλα
2598 4917 2707 4991 γάρ
2737 4919 2760 4949 δ
2790 4918 3154 4989 προεθέσπισε
3192 4918 3280 4972 διά
3314 4919 3414 4988 τὴν
3448 4918 3552 4971 οὐκ
3587 4918 3717 4971 εἴσω

2131 5008 2323 5063 παθῶν
2386 5009 2786 5081 περιεχομένην
2824 5010 2991 5065 αὐτοῦ
3041 5011 3305 5083 θεότηταο
3345 5009 3484 5064 ἀλλά
3537 5011 3611 5065 δι’
3651 5011 3719 5082 ἦν

2131 5100 2364 5165 ἕκαστος
2389 5100 2500 5154 τῶν
2527 5102 2621 5154 ἐπὶ
2647 5101 2823 5177 βλάὸῃ
2841 5102 3036 5157 ἑαυτοῦ
3057 5121 3108 5157 τι
3134 5103 3523 5175 ἐργαζόμενος,
3541 5102 3722 5171 ἐαυτῷ

2136 5193 2427 5264 παραίτιος
2460 5194 2787 5265 γεγένηται,
2842 5195 2938 5250 τοῦ
2968 5196 3105 5249 Θεοῦ
3157 5196 3400 5250 ἀναιτίου
3429 5194 3590 5258 ὄντος
3623 5195 3724 5263 τῆς

2134 5280 2265 5336 καθι
2292 5284 2443 5353 ἡμᾶς
2472 5286 2862 5357 παρεκτροπῆς
2897 5302 2957 5338 τε
2991 5284 3086 5338 καὶ
3129 5285 3230 5354 τῆς
3260 5284 3327 5335 ἐκ
3357 5280 3568 5351 ταύτης
3604 5280 3726 5335 καθ’

2132 5374 2291 5447 ἡμῶν
2329 5374 2631 5447 μελλούσης
2658 5377 2878 5431 ἔσεσθαι
2904 5376 3222 5446 καταδίκης.

437 5472 585 5544 quod
614 5469 997 5545 unusquisque
1049 5485 1204 5528 suam
1246 5471 1301 5526 in
1345 5470 1590 5527 fraudem
1639 5470 1846 5542 aliquid
1898 5470 2152 5547 moliens,
2216 5472 2362 5527 ultro
2410 5472 2575 5542 capiti
2626 5487 2728 5527 suo
2752 5473 2956 5528 malum
2991 5470 3244 5535 arcessit,
3308 5485 3435 5524 cum
3501 5468 3727 5524 interim

520 5648 537 5676 ί
562 5646 721 5721 ιριιη.
758 5665 799 5715 ι,
830 5651 854 5704 ί
883 5616 1037 5721 sqq.‘
1076 5651 1097 5680 ¹
1129 5649 1321 5703 Matth.
1354 5667 1405 5717 v,
1438 5651 1528 5705 45.
1605 5650 1624 5682 ³
1664 5668 1752 5719 rp.
1792 5650 2037 5704 ὑπόνοια.

442 5711 560 5783 γὰρ
588 5715 706 5770 ὅλα.

2119 5650 2140 5682 δ
2167 5651 2368 5709 Βοιεεο
2426 5652 2638 5708 videtur
2682 5653 2908 5724 aliquid.
2964 5652 3092 5707 Cor.
3149 5650 3449 5721 ἐπιφέρων.
3487 5634 3573 5704 Ta
3608 5651 3727 5706 ἐσό.
