3918 6196
280 369 377 424 8‘21

918 371 1289 431 ADVERSUS
1319 373 1662 434 HERESES
1699 378 1829 437 LIB.

1971 380 2119 437 [ΟΜ.
2162 381 2626 440 111.-ΗᾹΣΒΕ5.
2670 382 2847 439 XLIV.

3418 380 3526 436 82?.

208 520 211 521 ν
281 488 608 560 corruptela:
661 488 849 591 bujus‘
881 501 1104 557 nostrae,
1182 492 1678 567 damnationisque,
1735 511 1855 567 quae
1912 496 2064 554 illinc
2112 500 2401 569 sequitur,
2460 500 2677 571 culpam
2720 499 2864 555 Deus
2920 497 3071 554 nullo
3117 497 3276 553 modo
3355 499 3528 553 susti-

283 588 424 637 ncaL

363 677 451 728 ’Ev
476 674 677 728 ἅπασιν
699 667 790 726 06v
820 674 913 727 καὶ
940 667 1093 737 οὗτος
1117 673 1523 748 φωραθήσεται,
1560 679 1682 742 ταῖς
1715 679 1853 751 πρό-

2032 676 2401 744 Quamobrem
2457 676 2660 747 ubique
2703 690 2763 732 se
2807 676 3000 747 prodet
3022 676 3199 747 ipsum
3249 674 3525 746 prioribus

279 784 437 838 τερον
480 765 576 818 καὶ
623 766 919 834 μετέπειτα
970 765 1399 837 ὲγκαταμιχθεὶς
1427 767 1720 847 ἀἱρέσεσιν
1742 807 1758 834 ,
1793 769 1875 823 ὲκ.

282 858 372 911 τοῦ
422 857 658 929 ἀριθμοῦ
701 856 810 910 τῶν
859 858 958 928 τῆς
993 857 1269 922 ἀπωλείας
1313 859 1517 914 τέκνων
1561 860 1859 932 ὑπάρχων·

282 947 544 1019 δηλούσης
568 949 666 1018 τῆς
698 946 998 1014 Ἀληθείας,
1027 948 1121 1001 καὶ
1146 948 1239 1001 τοῦ
1279 950 1453 1018 φωτὸς
1483 949 1576 1003 τοῦ
1618 949 1862 1020 Εὐάγγε-

287 1040 394 1094 λίου
427 1038 703 1110 φωτεινῶς
725 1038 821 1109 τὴν
846 1041 1026 1093 πᾶσαν
1049 1040 1372 1111 οἰκουμένην
1402 1041 1858 1110 καταυγὰζοντος,

287 1134 375 1186 καὶ
422 1130 685 1194 σώζοντος
723 1131 849 1193 τοὺς
895 1132 1044 1194 υἱοὺς
1079 1131 1177 1201 τῆς
1223 1112 1486 1202 ἀληθινῆς
1536 1133 1771 1196 πίστεως
1803 1134 1860 1186 ὲν

289 1220 529 1292 ἀληθείᾳ.
571 1222 658 1285 Ὧς
686 1216 779 1274 οὖν
817 1223 881 1274 ὲκ
911 1222 1177 1292 συντόμου
1219 1223 1424 1275 σκοποῦ
1454 1222 1577 1292 ὅφιν
1608 1222 1860 1293 παρακύ-

288 1310 460 1377 ψαντα
484 1312 570 1365 διὰ
600 1311 797 1382 μικροῦ
832 1329 978 1375 τινος
1016 1311 1245 1376 σκεύους
1276 1311 1577 1376 ἀνελόντες,
1616 1311 1860 1368 θανατω-

289 1402 465 1455 θεῖσαν
498 1401 702 1474 ταύτην
730 1403 1202 1469 καταλελοιπότες,
1240 1403 1334 1457 ἐπὶ
1374 1404 1473 1468 τὰς
1502 1404 1632 1475 ἑξῆς
1668 1404 1860 1476 ἴωμεν,

290 1492 422 1545 κατὰ
455 1492 556 1564 τὴν
597 1494 926 1563 ἐπαγγελίαν
964 1495 1062 1565 τὴν
1097 1494 1191 1548 τοῦ
1222 1494 1358 1548 Θεοῦ
1403 1495 1860 1568 συμπαραλαϐόν-

286 1599 374 1646 τες
419 1583 697 1653 βοήθειαν,
743 1586 823 1649 είς
866 1586 927 1639 τὸ
978 1587 1326 1658 παραστῆσαι
1360 1586 1457 1657 τὴν
1504 1585 1670 1640 αὐτοῦ
1719 1586 1853 1657 ἀλή-

287 1675 449 1728 θειαν.

633 1886 824 1940 ΚΑΤΑ
848 1884 1350 1941 ΑΠΕΛΛΗΙΑΝΩΝ
1367 1886 1500 1959 (87),

289 2000 540 2070 Είκοστὴ
572 2001 842 2070 τετάρτη,
875 2000 914 2068 ἠ
957 1998 1055 2054 καὶ
1089 2000 1549 2070 τεσσαρακοστὴ
1586 1999 1852 2070 τετάρτη.
1887 2029 1929 2084 Β

354 2107 432 2160 A'.
471 2106 672 2160 Τοῦτον
702 2106 794 2159 τὸν
821 2107 1218 2178 προειρημένον
1246 2108 1542 2164 Λουκιανὸν
1561 2109 1859 2181 διαδέχεται

300 2196 555 2268 Ἀπελλῆς
572 2214 586 2227 ·
610 2197 709 2267 οὐχ
731 2199 759 2251 ὁ
786 2196 942 2266 ἀγιος
965 2198 1173 2261 ἐκεῖνος
1201 2200 1229 2253 ὁ
1260 2199 1365 2252 ὑπὸ
1392 2198 1485 2254 τοῦ
1507 2200 1663 2269 ἁγίου
1702 2202 1862 2255 Ἀπο-

290 2288 469 2343 στόλου
512 2290 922 2361 συνιστάμενος,
964 2290 1074 2345 ἀλλ’
1112 2290 1319 2361 ἕτερος,
1354 2292 1415 2356 ἐξ
1456 2284 1626 2365 οὗπερ
1668 2292 1859 2346 Ἀπελ-

286 2379 508 2450 ληῖανοὶ,
537 2379 613 2434 ὣν
639 2380 732 2434 καὶ
755 2380 918 2444 αὐτὸς
943 2381 1315 2452 συσχολαστὴς
1344 2380 1508 2434 αὑτοῦ
1537 2381 1857 2448 Λουκιανοῦ,

289 2471 375 2524 καὶ
408 2471 657 2543 μαθητὴς
690 2470 785 2525 τοῦ
831 2473 1233 2543 προειρημένου
1281 2472 1605 2543 Μαρκίωνος
1629 2488 1642 2501 '
1684 2472 1760 2536 ὡς
1798 2475 1862 2526 ὲκ

292 2564 418 2633 μιᾶς
466 2564 621 2635 ῥίζης
665 2562 875 2616 πολλῶν
920 2562 1173 2617 ἀκανθῶν
1214 2562 1627 2634 ὁλομανήσασαι
1685 2580 1863 2634 παρα-

287 2653 501 2722 φυόδες.
533 2655 735 2725 Ἕτερα
762 2653 818 2707 δὲ
852 2648 1008 2717 0610;
1038 2653 1188 2725 παρά
1230 2656 1356 2718 τοὺς
1385 2654 1578 2718 ἄλλους
1614 2654 1862 2725 βούλεται

283 2744 649 2817 δογματίζειν.
695 2748 805 2799 Kal.
834 2746 977 2799 κατά
1028 2746 1127 2816 μὲν
1159 2745 1253 2799 τοῦ
1303 2746 1499 2799 ἑαυτοῦ
1543 2746 1860 2801 διδασκάλου

282 2837 644 2907 ὁπλισάμενος
692 2837 905 2903 ἑαυτὸν,
948 2837 1043 2891 καὶ
1074 2835 1216 2889 κατά
1253 2838 1353 2908 τῆς
1380 2838 1664 2909 ἀληθείας,
1698 2841 1777 2903 είς
1801 2839 1863 2893 τὸ

288 2928 627 2998 σνναγείρειν
657 2928 837 2999 ἑαυτῷ
871 2929 962 2982 καὶ
998 2928 1161 2994 αὐτὸς
1205 2929 1400 3001 σχολὴν
1431 2931 1863 3003 πεπλανημένων

287 3018 603 3091 ἀνθρώπων,
626 3019 697 3072 τὰ
719 3019 943 3073 τοιαῦτα
967 3020 1215 3091 βούλεται
1238 3020 1586 3091 δογματίζειν
1604 3039 1617 3052 ·
1640 3023 1863 3092 φάσκων

289 3111 405 3180 μὲν,
452 3110 534 3164 ὅτι
564 3111 661 3181 οὐχ
691 3111 884 3176 οὕτως,
916 3113 1070 3182 φησὶ,
1100 3112 1430 3184 γεγένηται·
1475 3112 1611 3167 ἀλλά
1657 3114 1865 3169 πεπλά-

284 3216 444 3293 νηται
479 3199 780 3271 Μαρκίων
824 3199 911 3253 ἵνα
950 3201 1288 3271 πανταχόθεν
1336 3202 1514 3273 ἐαυτῷ
1557 3201 1666 3274 (88)
1714 3204 1865 3273 ὲλέγ-

284 3292 457 3361 χουσά
491 3309 551 3345 τε
590 3293 623 3362 ἡ
662 3292 838 3358 ἄνοια,
877 3293 972 3346 καὶ
1004 3295 1038 3362 ἠ
1078 3293 1279 3362 ἀνομία
1329 3294 1387 3346 ὲν
1430 3295 1596 3365 ἑαυτῇ
1644 3310 1864 3367 συντρι-

1963 785 2029 827 ac
2054 768 2458 841 posterioribus
2498 767 2667 824 sectis
2706 767 3067 838 implicatum,
3104 782 3167 821 ac
3210 781 3319 822 see
3346 766 3525 836 perdi-

1957 861 2124 918 tionis
2177 860 2409 916 ﬁliorum
2459 874 2686 916 numero
2728 874 2849 914 esse
2896 857 3243 922 monstrabit,
3294 872 3417 911 cum
3474 856 3524 910 id

1958 953 2256 1008 manifeste
2284 951 2505 1007 Veritas
2550 951 2671 1020 ipsa
2717 948 2989 1015 declaret;
3030 948 3316 1017 ipsumque
3344 947 3526 999 lumen

1958 1047 2237 1118 Evangelii
2294 1054 2465 1102 totum
2523 1054 2794 1101 terrarum
2850 1042 3037 1118 orbem
3092 1056 3195 1096 suo
3241 1039 3528 1109 splendore

1959 1117 2265 1203 collustret,
2315 1152 2379 1193 ac
2426 1137 2656 1193 sincerae
2695 1117 2978 1206 religionis
3025 1120 3266 1188 ﬁlios‘ad
3298 1132 3529 1185 salutem

1961 1231 2228 1288 beneficio
2263 1227 2512 1284 veritatis
2558 1226 2813 1281 adducat.
2858 1223 3155 1293 Postquam
3212 1223 3375 1291 igitur
3403 1221 3530 1275 bre-

1958 1325 2185 1380 vissimo
2215 1322 2311 1385 illo
2347 1319 2632 1391 proposito
2659 1317 2819 1373 nobis
2852 1316 2919 1371 ad
2953 1316 3341 1384 disputandum
3371 1327 3532 1383 argu—

1959 1421 2145 1468 mento
2179 1425 2453 1467 emersum
2495 1424 2527 1465 e
2571 1407 2797 1463 latebris
2830 1412 3135 1476 serpentem
3163 1404 3308 1459 velut
3336 1402 3533 1471 exiguo

1958 1506 2067 1562 telo
2119 1503 2474 1567 confecimus,
2525 1507 2689 1570 atque
2738 1505 3043 1554 emortuam
3096 1494 3330 1549 baeresin
3383 1493 3532 1546 illam

1958 1594 2304 1663 reliquimus,
2338 1594 2406 1649 ad
2438 1593 2676 1662 reliquas
2705 1589 3143 1661 progrediamur,
3170 1584 3285 1650 Dei,
3312 1592 3369 1639 ut
3390 1598 3535 1653 saepe

1958 1682 2197 1755 professi
2248 1698 2463 1747 sumus,
2518 1683 2808 1752 implorata
2862 1680 3016 1751 prius
3061 1693 3184 1748 ope,
3228 1690 3337 1747 quo
3385 1675 3531 1730 illius

1957 1773 2245 1829 veritatem
2275 1773 2551 1843 explicare
2580 1770 2876 1840 possimus.

2288 1908 2298 1917 ·
2339 1882 2622 1939 CONTRA
2659 1878 3158 1942 APELLEIANOS,

2223 1999 2354 2067 Qua:
2381 2008 2459 2055 est
2485 1998 2699 2053 haeresis
2723 1993 2917 2050 XXIV
2946 1995 3050 2049 sive
3081 1990 3283 2046 XLIV.

2028 2116 2069 2172 l.
2110 2115 2411 2171 Lucianum
2473 2112 2721 2185 proxime
2778 2111 3028 2181 sequitur
3097 2106 3353 2177 Apelles:
3424 2117 3537 2158 non

1958 2208 2050 2264 ille
2078 2216 2325 2271 sanctus,
2367 2216 2422 2262 et
2451 2206 2519 2260 ab
2550 2204 2808 2275 Apostolo
2835 2201 3294 2265 commendatus;
3332 2197 3426 2252 sed
3459 2195 3538 2249 di-

1959 2315 2154 2355 versus
2199 2300 2267 2353 ab
2307 2314 2371 2354 eo
2393 2297 2640 2368 quidam,
2688 2311 2719 2348 a
2766 2310 2874 2364 quo
2914 2290 3219 2363 Apelleiani
3253 2286 3539 2359 cognomi-

1959 2391 2072 2446 nati
2121 2400 2267 2447 sunt.
2312 2388 2412 2444 Hic
2457 2388 2687 2445 Luciani
2734 2386 3170 2456 condiscipulus,
3210 2391 3265 2439 et
3302 2380 3530 2436 Marcio-

1960 2483 2046 2539 nis
2091 2482 2307 2537 auditor
2353 2480 2476 2545 fuit,
2521 2479 2979 2551 quemadmodum
3025 2491 3167 2546 saepe
3222 2475 3299 2539 lit,
3333 2481 3393 2528 ut
3425 2472 3536 2543 spi-

1961 2575 2080 2630 nosi
2128 2573 2356 2629 frutices
2387 2571 2545 2626 multi
2576 2587 2643 2625 ex
2679 2585 2787 2623 una
2819 2568 3004 2624 radice
3047 2567 3390 2620 luxuriantes
3424 2562 3539 2631 pul-

1963 2667 2146 2721 lulent.
2191 2664 2512 2734 Quanquam
2566 2662 2657 2717 ille
2704 2660 2919 2715 diversa
2968 2657 3037 2712 ab
3083 2656 3205 2710 aliis
3254 2653 3540 2724 quamplu-

1962 2760 2102 2813 rima
2126 2757 2337 2813 statuit.
2375 2754 2509 2809 Nam
2542 2762 2595 2809 et
2623 2753 2887 2808 adversus
2918 2750 3238 2820 magistrum
3271 2759 3450 2807 suum,
3486 2752 3542 2795 et

1964 2850 2231 2904 adversus
2310 2846 2595 2902 veritatem
2651 2843 2825 2913 ipsam
2886 2854 3134 2894 armasse
3190 2852 3249 2891 se
3300 2835 3537 2893 videtur,

1967 2957 2077 3013 quo
2114 2942 2169 2996 in
2202 2955 2391 2996 errore
2450 2936 2784 2994 versantium
2821 2933 3104 2987 hominum
3142 2927 3395 2999 privatim
3434 2922 3540 2978 sibi

1956 3035 2083 3105 ipse
2118 3033 2361 3089 scholam
2394 3036 2685 3102 quaereret.
2722 3022 3008 3097 Ejusmodi
3048 3029 3177 3078 sunt
3207 3026 3388 3086 autem
3419 3015 3539 3085 ejus

1964 3123 2238 3194 dogmata.
2293 3119 2465 3192 Negat
2512 3119 2609 3181 ita,
2660 3115 2739 3170 uti
2788 3110 2995 3167 Marcio
3038 3107 3248 3172 definit,
3277 3117 3399 3158 sese
3425 3115 3539 3155 rem

1966 3214 2212 3280 habere;
2274 3210 2616 3283 proindeque
2657 3208 2810 3261 illum
2868 3202 3127 3275 opinione
3191 3199 3424 3267 lapsum,
3481 3201 3541 3247 ut

1968 3304 2252 3361 confutata
2280 3318 2378 3374 per
2403 3303 2641 3372 seipsam
2687 3296 2923 3360 insania,
2968 3292 3161 3348 collisa
3194 3304 3378 3344 secum
3410 3300 3542 3339 con-

287 3384 489 3455 6ομένη
526 3385 848 3455 φανήσεται,
875 3385 971 3438 καὶ
1010 3383 1131 3438 καθ’
1176 3386 1375 3455 ἑαυτῆς
1415 3386 1513 3457 τὴν
1553 3388 1861 3460 ἀνατροπὴν

1971 3397 2253 3466 fractaque
2312 3378 2563 3448 videatur
2614 3389 2912 3460 impietas,
2970 3395 3023 3440 et
3058 3378 3148 3437 ad.
3196 3379 3551 3447 semetipsam.

289 3474 668 3545 ἐπεγείρουσα,
707 3476 805 3547 τῆς
847 3474 1106 3546 ἀληθείας
1144 3476 1231 3529 ἀεὶ⁹
1277 3477 1494 3548 ἑδραίας
1536 3477 1721 3551 οὔσης,
1773 3481 1863 3533 καὶ

295 3564 370 3634 μὴ
420 3564 608 3635 χρείαν
658 3565 891 3634 ἐχούσης
941 3564 1229 3636 βοηθείας,
1274 3566 1411 3620 ἀλλά
1466 3567 1863 3627 αὐτοσυστάτου

287 3654 476 3726 οΰσης,
500 3656 594 3709 καὶ
622 3656 775 3727 παρὰ
805 3654 925 3727 Θεῷ
958 3654 1036 3726 τῷ
1064 3655 1233 3720 ὅντως
1260 3657 1348 3709 ἀεὶ
1378 3657 1791 3728 συνισταμένης.

360 3920 561 3974 Φάσκει
599 3917 728 3987 γοῦν
755 3911 909 3980 οὗτος
955 3918 984 3969 ὁ
1036 3916 1429 3988 προειρημένος
1470 3914 1730 3986 Ἀπελλῆς
1774 3916 1868 3969 καὶ

289 4016 341 4067 οἱ
371 4015 465 4068 ἀπ’
494 4012 658 4066 αὑτοῦ
679 4053 694 4078 ,
724 4013 806 4065 ὅτι
835 4012 934 4064 οὐκ
961 4011 1068 4064 εἰσὶ
1096 4014 1245 4077 τρεῖς
1270 4010 1463 4080 ἀρχαὶ,
1498 4008 1622 4061 οὔτε
1650 4008 1764 4073 δύο,
1794 4008 1868 4073 ὡς

288 4109 404 4168 τοῖς
452 4105 580 4175 περὶ
612 4104 908 4157 Λουκιανὸν
943 4102 1037 4155 καὶ
1086 4100 1391 4174 Μαρκίωνα
1441 4098 1639 4164 ἔδοξεν.
1686 4099 1866 4163 Ἀλλὰ,

290 4196 488 4266 φησὶν,
520 4188 599 4257 εἷς
650 4194 799 4246 ἐστιν
828 4191 1032 4261 ἀγαθὸς
1083 4191 1248 4255 Θεὸς,
1281 4190 1372 4243 κα)⁵
1408 4190 1505 4260 μία
1551 4191 1723 4262 ἀρχὴ,
1776 4192 1870 4244 καὶ

294 4289 394 4358 μία
424 4287 653 4356 δύναμις
688 4284 1149 4356 ἀκατονόμαστος.
1181 4277 1252 4354 ᾯ
1280 4281 1361 4336 ἐνὶ
1387 4282 1504 4353 Θεῷ
1523 4322 1536 4344 ,
1568 4284 1734 4353 ἤγουν
1772 4284 1870 4354 μιᾷ

295 4381 437 4450 ἀρχῇ
458 4419 474 4443 ,
507 4378 657 4431 οὐδὲν
702 4376 1007 4447 μεμέληται
1044 4373 1153 4428 τῶν
1183 4372 1417 4427 ἐνταῦθα
1465 4376 1522 4428 ὲν
1575 4373 1654 4444 τῷ
1681 4375 1872 4446 κόσμῳ

292 4471 470 4541 τούτῳ
496 4467 894 4539 γεγενημένων.
945 4465 1103 4519 Ἀλλά
1137 4467 1165 4518 ὁ
1204 4465 1366 4528 αὐτὸς
1418 4464 1572 4533 ἀγιος
1597 4466 1729 4530 Θεὸς
1777 4467 1872 4519 καὶ

290 4557 497 4626 ἀγαθὸς
517 4600 534 4620 ,
568 4560 597 4610 ὁ
630 4557 837 4612 ἄνωθεν
864 4555 996 4620 Θεὸς
1046 4555 1140 4608 καὶ
1176 4554 1381 4623 ἀγαθὸς
1408 4594 1423 4617 ,
1468 4554 1724 4626 εποίησεν
1776 4556 1872 4609 ἕνα

290 4649 451 4703 ἄλλον
483 4648 635 4703 Θεόν.
689 4648 746 4700 '0
774 4647 831 4700 δὲ
866 4646 1155 4717 γενόμενος
1207 4645 1365 4708 ἀλλος
1395 4645 1526 4708 Θεὸς
1568 4645 1748 4699 ἔκτισε
1802 4646 1873 4700 τὰ

292 4741 501 4803 πάντα,
537 4739 766 4810 οὐρανὸν
792 4780 807 4805 ,
859 4738 954 4792 καὶ
1006 4738 1140 4810 γῆν,
1187 4737 1283 4789 καὶ
1327 4737 1505 4790 πάντα
1560 4736 1628 4791 τὰ
1678 4738 1737 4789 ὲν
1794 4736 1872 4808 τῷ

292 4830 502 4901 κόσμῳ.
552 4828 755 4900 Ἀπέϐη
789 4828 846 4881 δὲ
895 4828 995 4881 οὐκ
1027 4827 1232 4895 ἀγαθὸς
1256 4867 1270 4891 ,
1320 4827 1413 4879 καὶ
1463 4826 1532 4880 τὰ
1581 4827 1670 4879 ὑπ’
1705 4827 1871 4881 αὐτοῦ

292 4920 591 4989 γενόμενα,
636 4918 800 4988 φησὶν
829 4958 844 4981 ,
885 4918 985 4971 οὐκ
1036 4915 1255 4987 ἀγαθῶς
1313 4915 1681 4987 είργασμένα’
1737 4915 1873 4970 ἀλλά

291 5013 440 5071 κατὰ
465 5013 563 5085 τὴν
584 5013 748 5067 αὐτοῦ
793 5012 1002 5083 φαύλην
1050 5012 1290 5066 διάνοιαν
1337 5010 1406 5065 τὰ
1441 5012 1531 5065 ὑπ’
1576 5011 1741 5065 αὐτοῦ
1785 5011 1875 5066 ἕκ-

292 5122 496 5159 τισται.

368 5200 444 5251 B'.
480 5198 576 5261 Τίς
603 5198 658 5251 δὲ
706 5198 955 5261 ἀνέξεται
999 5196 1108 5250 τῶν
1135 5195 1391 5248 τοιούτων
1434 5194 1607 5260 λόγων
1630 5236 1645 5261 ,
1694 5192 1790 5248 καὶ
1814 5193 1874 5249 οὐ

301 5289 503 5361 μᾶλλον
546 5289 938 5357 καταγελάσειε
991 5287 1089 5358 τῆς
1138 5286 1394 5354 τοιαύτης
1450 5282 1875 5354 ματαιοπονίας;

298 5378 460 5433 Κατά
490 5379 599 5449 γάρ
647 5378 740 5432 δύο
780 5376 1014 5450 τρόπους
1059 5374 1414 5447 εὑρεθήσεται
1461 5374 1559 5445 οὐχ
1604 5372 1877 5444 ἁρμοδίως

298 5471 557 5542 πράττων
580 5511 596 5535 ,
629 5469 908 5541 χρώμενος
959 5470 1026 5540 τῇ
1072 5466 1293 5537 τοιαύτῃ
1347 5465 1591 5536 ὑπονοίᾳ.
1629 5464 1741 5519 Καὶ
1789 5464 1878 5518 διὰ

374 5626 488 5694 (87)
541 5623 999 5693 Ἀπελληῖανῶν.
1053 5622 1130 5694 De
1183 5621 1367 5691 Apelle
1432 5619 1872 5694 ["eminit_inter

302 5690 444 5751 alios
468 5694 737 5765 Pacianns
766 5690 927 5765 epist.
962 5696 1010 5757 Ι,
1037 5693 1197 5765 cujus
1229 5690 1283 5765 et
1314 5690 1670 5765 corrigendus
1697 5690 1869 5759 locus,

303 5771 363 5822 in
397 5781 507 5838 quo
536 5760 904 5833 Marcwniias,
950 5763 1367 5835 Apollinaricos,
1400 5760 1792 5832 Catapbrygas,
1821 5768 1875 5814 ct

1966 3486 2315 3544 evertendam
2352 3485 2501 3539 velut
2530 3481 2764 3553 quadam
2795 3475 3202 3546 conspiratione
3230 3471 3538 3527 concitata:

1967 3589 2090 3630 cum
2119 3572 2334 3629 interim
2374 3572 2578 3627 veritas
2629 3568 2846 3623 stabilis
2889 3575 2941 3621 et
3008 3563 3161 3618 firma
3207 3567 3552 3631 permaneat,

1968 3679 2072 3721 nec
2118 3662 2325 3717 a’uxilio
2380 3661 2709 3730 cujusquam
2760 3656 3038 3726 indigeat;
3096 3660 3282 3721 utpote
3305 3664 3425 3718 quae
3450 3661 3546 3718 per

1970 3769 2093 3810 sese
2126 3753 2426 3816 cohaereat,
2457 3760 2511 3805 et
2542 3747 2685 3818 apud
2719 3746 2909 3811 Deum,
2966 3743 3059 3812 qui
3105 3754 3291 3796 revera
3339 3738 3543 3805 sempi-

1969 3852 2161 3900 ternus
2188 3852 2292 3906 est,
2327 3847 2589 3911 perpetuo
2620 3837 2907 3892 consistat.

2039 3931 2201 4001 381
2253 3928 2421 3999 igitur
2455 3927 2690 3997 Apelles,
2764 3923 2994 3991 ejusque
3043 3918 3205 3972 factio
3251 3914 3429 3968 omnis
3467 3912 3543 3965 ita

1972 4020 2333 4078 sentitzNon
2391 4034 2512 4073 esse
2562 4015 2831 4087 principia
2888 4014 3016 4076 tria,
3073 4024 3247 4080 neque
3299 4008 3427 4070 duo,
3486 4013 3545 4059 ut
3650 4036 3653 4039 Α

1971 4112 2215 4167 Luciano
2279 4125 2342 4165 ac
2404 4106 2667 4162 Marcioni
2723 4105 2969 4169 videtur,
3035 4100 3129 4156 sed
3188 4111 3359 4153 unum
3420 4109 3544 4151 esse

1973 4206 2178 4262 bonum
2221 4202 2413 4269 Deum,
2466 4213 2742 4269 unumque
2780 4193 3133 4267 principium,
3180 4206 3245 4245 ac
3287 4188 3547 4243 virtutem

1972 4312 2136 4354 unam
2175 4292 2414 4350 nominis
2454 4297 2751 4361 expertem.
2791 4288 2893 4354 Qui
2932 4286 3149 4357 quidem
3198 4282 3342 4338 Deus
3384 4294 3546 4337 unus.

1973 4402 2251 4458 unumque
2305 4384 2632 4456 principium
2683 4382 2887 4436 nullam
2936 4392 3124 4435 eorum
3174 4390 3294 4446 quae
3343 4372 3398 4426 in
3445 4370 3551 4425 hoc

1974 4480 2179 4536 mundo
2226 4483 2492 4550 geruntur
2543 4488 2730 4529 curam
2785 4471 3036 4542 suscipit.
3092 4468 3362 4524 Caeterum
3407 4462 3549 4517 idem

1975 4574 2066 4628 ille
2096 4579 2344 4634 sanctus,
2381 4570 2666 4638 bonusque
2690 4565 2853 4630 Deus,
2894 4564 2988 4634 qui
3029 4577 3058 4615 a
3099 4558 3369 4631 principio
3408 4554 3551 4608 Deus

1974 4671 2080 4732 est,
2133 4677 2197 4716 ac
2229 4664 2429 4726 bonus,
2460 4659 2627 4712 alium
2667 4655 2923 4726 produxit
2960 4653 3149 4708 Deum.
3183 4650 3262 4704 Ab
3302 4649 3402 4701 hoc
3436 4643 3550 4698 uni-

1978 4769 2137 4810 versa
2161 4753 2380 4807 condita
2414 4757 2562 4812 sunt,
2587 4748 2786 4802 caelum
2817 4743 3070 4799 videlicet
3093 4758 3155 4795 ac
3186 4749 3350 4800 terra,
3384 4742 3546 4789 caete-

1978 4862 2148 4917 raque
2175 4859 2295 4915 qua:
2322 4843 2377 4896 in
2402 4842 2505 4895 hoc
2527 4837 2730 4893 mundo
2750 4836 3025 4891 cernimus
3047 4875 3062 4898 ,
3092 4831 3185 4887 sed
3220 4831 3305 4883 hic
3325 4826 3547 4881 minime

1980 4938 2158 4993 bonus
2188 4934 2380 4998 evasit,
2407 4932 2635 5002 ejusque
2664 4944 2828 4999 opera
2858 4926 3039 4981 omnia
3071 4940 3180 4979 non
3217 4923 3353 4975 bene
3385 4916 3548 4980 facta,

1982 5044 2045 5085 ac
2070 5042 2169 5099 pro
2199 5027 2339 5081 mala
2368 5024 2513 5079 illius
2542 5031 2719 5077 mente
2741 5027 2869 5075 sunt
2901 5017 2968 5071 ab
2999 5015 3094 5070 illo
3123 5015 3404 5069 fabricata.

2052 5188 2118 5244 ll.
2142 5185 2343 5242 Verum
2367 5185 2492 5256 quis
2518 5182 2609 5237 illa
2636 5181 2886 5252 dogmata
2916 5176 3188 5248 patienter
3217 5172 3419 5234 audiat,
3453 5184 3552 5225 nec

1984 5279 2256 5336 insaniam
2278 5277 2425 5333 illam
2457 5275 2639 5346 potius
2660 5280 2714 5329 et
2736 5270 3027 5325 amentiam
3050 5263 3307 5320 irrideat?
3332 5261 3584 5316 Duobus.

1983 5372 2184 5443 quippe
2212 5368 2386 5424 modis
2414 5368 2517 5423 hac
2544 5365 2761 5437 quidem
2796 5363 2851 5415 in
2889 5358 3145 5430 opinione
3171 5355 3395 5411 minime
3421 5368 3555 5408 con-

1985 5469 2243 5519 sentanea
2273 5457 2488 5514 videtur
2508 5469 2772 5513 asserere.
2804 5450 2988 5521 Itaque
3017 5449 3097 5504 sic
3125 5446 3273 5502 illum
3297 5452 3554 5515 tanquam

1981 5616 2312 5672 Novatianos
2343 5620 2610 5670 recenset.
2658 5609 2787 5681 Leg.
2832 5606 3163 5676 Apelleianos
3226 5617 3323 5672 pro
3353 5596 3564 5671 .lpoili-

1982 5703 2328 5828 "aztticSljﬂYra
2357 5753 2731 5823 πανταχόθεν
2760 5746 2966 5815 ἐαυτῷ.
3008 5743 3147 5814 Lege
3176 5737 3410 5813 ἑαυτήν..
