3918 6140
349 249 453 304 823

1756 249 1818 304 S.
1845 244 2208 304 EPIPHANII

3495 235 3608 300 824

347 373 670 431 praesentem
688 356 976 429 alloquar:
1007 353 1104 414 Dic
1130 352 1289 425 mihi,
1323 358 1506 427 sodes,
1537 359 1774 431 Apelles.
1812 359 1921 416 Hoc

2030 356 2187 412 τοῦτο
2218 357 2354 428 πρὸς
2383 357 2543 412 αὑτὸν
2571 355 2645 420 ὡς
2675 353 2810 427 πρὸς
2855 352 3098 428 παρόντα
3141 354 3251 426 ἐρῶ
3274 373 3286 385 ·
3317 355 3457 425 Λέγε
3492 376 3610 427 μοι,

345 451 492 504 enim
524 449 700 512 dabis,
728 449 950 518 opinor:
984 455 1078 502 aut
1108 447 1265 512 illum
1291 463 1608 520 supremum
1639 447 1805 505 Deum
1836 451 1922 504 fu-

347 549 469 592 tura
496 537 847 600 nescientem,
892 538 1037 592 hunc
1077 551 1238 607 quem
1282 536 1420 594 dicis
1458 553 1622 608 opera
1653 555 1753 595 sua
1782 540 1923 594 male

346 625 664 692 fabricasse,
711 624 984 682 efﬁnxisse
1035 625 1244 695 Deum;
1287 635 1382 683 aut
1428 643 1554 684 cum
1601 630 1762 685 talem
1805 629 1924 686 fore

343 727 718 790 cognosceret,
749 719 872 776 ideo
901 719 1246 792 produxisse,
1281 730 1342 777 ut
1369 737 1558 778 eorum
1594 732 1740 780 esset
1773 723 1921 794 ipso-

344 827 464 865 rum
489 826 679 879 causa,
710 827 833 883 quae
861 813 1001 869 male
1034 823 1222 884 postea
1247 814 1512 869 condidit.
1541 813 1617 868 Ex
1647 830 1756 886 quo
1784 829 1920 870 con-

343 917 580 974 sequens
609 911 715 970 est,
753 918 1070 974 supremum
1111 906 1262 960 illum
1302 905 1471 962 Deum
1507 905 1666 978 plane
1696 907 1922 962 Creato-

344 1009 456 1052 rem
483 1009 626 1063 esse,
653 997 747 1066 qui
778 1011 947 1051 unum
977 989 1128 1078 illum
1157 999 1479 1068 procrearit,
1506 1013 1536 1052 a
1568 1013 1677 1067 quo
1703 998 1920 1054 condita

343 1095 474 1142 sunt
513 1088 716 1142 omnia.
755 1088 936 1154 Quare
971 1103 1138 1144 causa
1174 1089 1280 1144 erit
1311 1089 1474 1144 etiam
1516 1090 1642 1158 ille;
1685 1105 1792 1146 non
1826 1093 1920 1164 qui

343 1192 434 1233 res
455 1187 666 1234 creatas
686 1178 878 1241 edidit,
899 1178 992 1234 sed
1016 1194 1264 1235 summus
1281 1179 1398 1251 ipse
1415 1179 1691 1237 Creatoris
1709 1190 1920 1251 auctor,

341 1266 436 1339 qui
472 1267 542 1324 sit
569 1267 948 1324 universorum
978 1266 1181 1338 opifex.

414 1441 528 1498 Hoc
565 1459 693 1499 vero
723 1443 948 1515 insuper
976 1442 1234 1511 affirmas,
1265 1446 1560 1517 postremis
1587 1447 1922 1518 temporibus

343 1537 587 1594 adfuisse
622 1537 928 1603 Christum,
970 1539 1212 1610 supremi
1258 1540 1518 1594 nimirum
1563 1555 1628 1595 ac
1670 1540 1798 1596 boni
1829 1540 1922 1598 Dei

343 1629 560 1692 Filium,
582 1631 810 1700 ejusque
833 1627 1096 1700 Spiritum
1122 1638 1396 1694 sanctum,
1418 1629 1484 1685 ad
1507 1644 1696 1686 eorum
1728 1631 1924 1686 simili-

2023 444 2069 504 ὦ
2105 444 2277 514 οὗτος.
2313 449 2515 512 Δὼσεις
2549 449 2687 520 γάρ,
2724 443 2770 502 ὦ
2803 447 3062 518 Ἀπελλῆ,
3097 445 3246 517 ἢτὸν
3265 446 3397 500 Θεὸν
3427 449 3614 516 ἀγνω-

2025 556 2149 593 στον
2185 539 2294 592 τῶν
2345 538 2648 610 μελλόντων
2695 537 3033 609 πεποιηκότα
3061 537 3194 590 Θεὸν
3219 576 3234 602 ,
3281 536 3338 590 ὃν
3373 532 3611 607 φάσκεις

2021 630 2092 685 τὰ
2126 632 2404 703 ποιήματα
2457 629 2635 694 καλῶς
2677 631 2693 661 ¹
2723 630 3279 702 δεδημιουργηκέναιο
3337 630 3370 702 ἦ
3410 645 3618 703 προγιο

2022 717 2298 774 νὼσκοντα
2327 719 2426 792 μὲν
2445 759 2459 784 ,
2512 719 2593 773 ὅτι
2622 717 2860 781 τοιοῦτος
2905 720 2933 771 ὁ
2960 717 3051 772 ὑπ’
3095 714 3258 772 αὑτοῦ
3287 721 3615 792 κτιςόμενος

2021 811 2154 876 Θεὸς
2184 813 2363 885 ἀπέϐη
2391 813 2581 866 τούτου
2607 811 2768 881 χάριν
2795 809 2958 864 αὑτὸν
2985 812 3366 882 πεποιηκέναι,
3401 812 3491 865 ἵνα
3520 814 3618 865 αἰ-

2021 919 2134 968 τιος
2171 903 2396 975 γένηται
2451 902 2562 957 τῶν
2591 901 2777 966 κακῶς
2810 901 2899 954 ὑπ’
2938 901 3102 954 αὑτοῦ
3135 902 3618 974 δεδημιουργημέ-

2022 1013 2148 1050 νων.
2200 997 2311 1050 Kal
2357 995 2508 1048 ἔσται
2560 993 2860 1060 ἐξάπαντος
2908 993 2937 1045 ὁ
2987 994 3099 1048 ἄνω
3135 992 3268 1056 Θεὸς
3311 993 3474 1058 αὑτὸς
3503 999 3612 1065 Δη-

2025 1087 2285 1161 μιουργός
2305 1128 2319 1152 ,
2353 1088 2585 1159 ποιήσας
2613 1087 2703 1140 τὸν
2749 1087 2845 1140 ἐνα
2876 1085 2967 1139 τὸν
3009 1085 3080 1138 τά
3109 1085 3283 1138 πάντα
3310 1085 3610 1156 πεποιηκό-

2019 1197 2090 1235 τα
2115 1198 2129 1212 °
2161 1181 2256 1234 καὶ
2279 1179 2430 1233 ἔσται
2457 1178 2642 1232 οὐκέτι
2665 1179 2836 1241 αίτιος
2857 1178 2885 1230 ὁ
2911 1176 3011 1238 τάς
3034 1175 3240 1240 κτίσεις
3265 1175 3603 1247 πεποιηκὼς,

2022 1273 2158 1328 ἀλλά
2182 1274 2210 1327 ό
2241 1272 2353 1328 ἀνω
2383 1271 2516 1336 Θεὸς
2547 1271 2576 1325 ὁ
2601 1270 2693 1326 τὸν
2718 1268 2960 1324 Κτίσττιν
2995 1269 3246 1341 ποιήσας.
3268 1268 3362 1322 καὶ
3393 1269 3470 1324 ὢν
3509 1267 3609 1324 οὑ-

2022 1366 2115 1430 τὸς
2139 1363 2249 1418 τῶν
2271 1364 2490 1418 πάντων
2519 1362 2870 1434 δημιουργός.

2094 1455 2329 1527 Χριστὸν
2375 1455 2432 1508 δὲ
2470 1455 2626 1525 ἥκειν
2661 1455 2766 1524 φῂς
2820 1450 2909 1506 ἐπ’
2949 1452 3191 1523 ἐσχάτων
3238 1450 3348 1505 τῶν
3376 1448 3606 1523 καιρῶν,

2025 1546 2139 1601 υίὸν
2169 1547 2298 1600 ὄντα
2327 1545 2420 1600 τοῦ
2453 1545 2564 1600 ἀνω
2607 1544 2812 1613 ἀγαθοῦ
2849 1544 3014 1607 Θεοῦ,
3046 1544 3140 1598 καὶ
3167 1542 3228 1596 τὸ
3253 1543 3406 1610 ἀγιον
3437 1542 3605 1596 αύτοῦ

2025 1634 2250 1706 Πνεῦμα
2275 1633 2536 1696 ὡσαύτως
2568 1634 2661 1686 ἐπὶ
2686 1633 2929 1704 σωτηρίᾳ
2961 1631 3071 1686 τῶν
3097 1633 3176 1696 εἰς
3211 1630 3410 1700 γνῶσιν
3435 1630 3604 1684 αὑτοῦ

341 1734 425 1781 ter
472 1727 724 1792 salutem,
773 1728 865 1797 qui
917 1725 985 1780 ad
1034 1725 1208 1796 ipsius
1261 1725 1512 1781 notitiam
1553 1726 1920 1795 pervenirent.

2029 1727 2337 1799 ἐρχομένων
2357 1744 2370 1756 °
2401 1728 2496 1780 καὶ
2529 1726 2751 1780 ἐλθόντα
2780 1726 2840 1778 οὐ
2863 1725 3082 1795 δοκήσει
3109 1724 3430 1794 πεφηνέναι,
3467 1723 3605 1777 άλλά

342 1813 605 1871 Enmdem
637 1830 802 1885 porro
830 1829 942 1870 non
975 1814 1157 1884 specie
1185 1815 1505 1884 apparuisse
1538 1815 1682 1876 sola,
1717 1815 1810 1870 sed
1846 1831 1923 1870 re-

343 1922 473 1961 vera
503 1922 722 1960 carnem
758 1906 1058 1977 sumpsisse
1089 1925 1100 1960 :
1134 1921 1241 1961 non
1273 1906 1340 1961 de
1372 1906 1538 1961 Maria
1581 1915 1762 1961 tamen
1803 1905 1921 1961 Vir-

343 2001 471 2067 gine
517 1999 666 2052 illam
707 1999 1082 2069 expressisse,
1112 1997 1207 2054 sed
1245 1999 1457 2054 tametsi
1495 2014 1617 2053 vera
1654 2015 1820 2055 carne
1859 2014 1923 2054 ac

344 2103 572 2160 corpore
596 2097 734 2143 esset
769 2088 1046 2158 praeditus,
1079 2103 1254 2159 neque
1281 2105 1344 2144 ex
1378 2089 1519 2143 virili
1557 2089 1797 2152 semine,
1828 2105 1923 2144 ne-

342 2195 451 2249 que
502 2195 564 2233 cx
614 2180 842 2234 muliere
897 2181 1106 2252 virgine
1143 2182 1246 2237 sibi
1296 2183 1428 2237 illud
1479 2183 1777 2250 ascivisse;
1827 2183 1922 2238 sed

344 2284 526 2325 veram
558 2269 776 2324 aliunde
810 2283 1032 2324 carnem
1070 2269 1172 2324 sibi
1215 2284 1585 2339 comparasse.
1616 2267 1772 2335 Quod
1809 2269 1923 2338 qui-

343 2361 463 2415 dem
491 2360 636 2414 hunc
674 2359 728 2413 in
764 2359 982 2414 modum
1013 2359 1266 2431 explicat.
1298 2361 1456 2427 Cum,
1491 2360 1686 2430 inquit,
1721 2374 1752 2414 e
1783 2357 1923 2413 ctelo

342 2453 599 2522 delapsus
636 2460 781 2506 esset
829 2452 883 2506 in
928 2458 1152 2516 terram,
1197 2467 1398 2522 corpus
1445 2452 1547 2508 sibi
1588 2459 1823 2521 quatuor
1853 2467 1919 2505 ex

342 2545 627 2600 elementis
657 2544 880 2599 eﬂinxit.
920 2543 1120 2598 Verum
1157 2561 1340 2599 nonne
1379 2544 1444 2597 ad
1481 2543 1534 2598 id
1573 2545 1732 2598 etiam
1777 2543 1924 2598 festi-

344 2651 476 2690 nare
511 2635 724 2691 videtur
752 2635 877 2698 iste,
911 2644 972 2688 ut
1004 2635 1168 2704 impia
1201 2634 1364 2705 382
1398 2635 1519 2704 ejus
1552 2634 1923 2703 scelerataque

343 2730 612 2784 sententia
660 2728 727 2783 ad
769 2736 1008 2784 veterum
1046 2735 1327 2798 poetarum
1369 2727 1677 2783 Graacorum
1710 2725 1922 2782 somnia

343 2832 407 2873 ac
442 2834 616 2890 nugas
662 2817 984 2874 ascribenda
1026 2817 1313 2873 videatur?
1343 2817 1546 2872 Eadem
1579 2817 1723 2872 enim
1763 2816 1923 2886 plane

344 2927 469 2966 cum
510 2911 637 2974 illis,
668 2926 732 2966 ac
764 2911 940 2983 magis
967 2910 1131 2965 etiam
1165 2910 1396 2966 ridicula
1429 2911 1701 2981 proponit,
1757 2908 1919 2963 Chri-

343 3013 487 3058 stum
520 3003 842 3075 sibimetipsi
904 3001 1206 3059 fabricasse
1261 3016 1480 3072 corpus.
1552 3001 1627 3055 Ita
1684 3015 1715 3056 e
1772 3001 1921 3057 sicco

344 3098 553 3152 siccum
596 3096 888 3167 expressit,
937 3111 968 3151 e
1016 3097 1199 3151 calore
1240 3095 1498 3158 calidum,
1528 3093 1810 3150 humidum
1856 3109 1920 3150 ex

345 3187 594 3252 humore,
640 3203 672 3242 e
729 3186 932 3256 frigore
995 3185 1273 3256 frigidum.
1333 3183 1376 3238 Ε
1411 3183 1613 3255 quibus
1667 3184 1924 3240 omnibus

346 3277 582 3334 formato
625 3277 730 3335 sibi
772 3291 1020 3347 corpore,
1068 3291 1194 3332 vere
1235 3277 1289 3330 in
1338 3285 1482 3332 terra
1522 3277 1673 3332 visus
1707 3285 1811 3340 est,
1859 3291 1924 3330 ac

345 3369 655 3425 cmlestium
690 3383 872 3424 rerum
897 3366 1059 3422 nobis
1091 3365 1372 3422 scientiam
1416 3369 1751 3439 importavit,
1783 3375 1843 3422 ut
1871 3376 1925 3424 et

345 3457 701 3514 Conditorem
757 3472 1201 3529 aspernaremur,
1256 3467 1309 3513 et
1358 3458 1478 3528 ejus
1527 3457 1924 3528 abnegaremus

345 3565 513 3619 opera
538 3593 553 3617 ,
591 3551 665 3604 ita
697 3559 754 3605 ut
785 3551 944 3607 nobis
973 3551 1105 3606 illud
1140 3549 1427 3616 indicaret,
1461 3565 1709 3621 quaenam
1739 3551 1794 3606 in
1831 3567 1922 3607 sa-

347 3642 465 3698 (ξι-ἰδ’
488 3641 706 3698 Litteris
746 3643 830 3698 vel
873 3658 933 3699 se
975 3643 1096 3714 ipso
1142 3643 1491 3712 pronuntiata
1535 3641 1732 3707 forent,
1775 3644 1857 3700 vel
1893 3660 1924 3700 a

346 3736 643 3792 Conditore
665 3737 898 3806 prolata.
923 3735 1014 3792 Sic
1035 3736 1203 3802 enim,
1228 3737 1323 3800 ait,
1353 3735 1409 3790 in
1436 3734 1729 3808 Evangelio
1750 3737 1919 3792 dixit:

350 3827 536 3884 Estote
569 3828 719 3898 probi
760 3828 1072 3898 argentarii.
1103 3827 1290 3892 Utere,
1321 3829 1522 3900 inquit,
1550 3829 1828 3892 omnibus,
1857 3847 1922 3886 ex

350 3921 634 3994 Scriptura
667 3921 860 3991 quavis
893 3921 1046 3974 utilia
1089 3920 1344 3991 seligens.
1383 3920 1608 3986 Deinde,
1647 3921 1922 3990 Christus,

349 4019 444 4082 ait,
463 4013 813 4083 semetipsum
838 4012 892 4066 in
915 4027 1146 4084 corpore
1173 4013 1239 4067 ad
1263 4012 1576 4083 patiendum
1595 4013 1923 4085 supplicium

348 4106 566 4170 obtulit,
612 4120 676 4160 ac
728 4120 913 4161 revera
960 4106 1016 4160 in
1065 4120 1230 4161 cruce
1279 4105 1506 4162 sufﬁxus
1548 4113 1654 4170 est,
1696 4122 1927 4178 eamque

348 4199 522 4268 ipsam
547 4213 766 4253 carnem
793 4197 1078 4268 discipulis
1110 4198 1367 4254 ostendit.
1400 4197 1593 4254 Postea
1632 4200 1924 4254 humanam

349 4290 498 4343 illam
535 4304 695 4359 quam
734 4299 1042 4360 sumpserat
1075 4299 1324 4345 naturam
1369 4291 1667 4356 resolvens,
1702 4293 1920 4348 unicui-

2026 1819 2083 1870 ἐν
2109 1816 2336 1887 ἀληθείᾳ
2364 1815 2541 1886 σάρκα
2587 1815 2868 1885 εἰληφέναι
2898 1854 2912 1876 ,
2951 1814 3050 1866 οὑκ
3095 1814 3203 1867 ἀπὸ
3238 1813 3455 1883 Μαρίας
3507 1811 3606 1880 τῆς

2027 1907 2304 1980 Παρθένου
2325 1947 2339 1972 ,
2370 1908 2507 1962 ἀλλά
2541 1907 2802 1977 ἀληθινὴν
2835 1907 2934 1978 μὲν
2978 1907 3270 1977 ἐσχηκέναι
3297 1905 3395 1976 τὴν
3425 1905 3608 1972 σάρκα

2027 2001 2119 2053 καὶ
2152 2001 2309 2071 σῶμα
2337 2039 2352 2064 ,
2399 1999 2522 2052 οὔτε
2555 1999 2661 2053 ἀπὸ
2710 1999 3022 2070 σπέρματος
3070 1997 3263 2068 ἀνδρὸς
3286 2037 3302 2062 ,
3341 1996 3464 2050 οὔτε
3499 1995 3608 2048 ἀπὸ

2024 2092 2283 2160 γυναικὸς
2313 2091 2586 2164 παρθένου
2614 2107 2628 2120 ·
2671 2089 2784 2143 ἀλλ’
2819 2089 2945 2161 ἔσχε
2980 2089 3079 2160 μὲν
3126 2087 3303 2155 σάρκα
3346 2085 3608 2158 ἀληθινὴν

2024 2182 2199 2254 τούτῳ
2231 2181 2310 2254 τῷ
2349 2183 2552 2254 τρόπῳ.
2586 2182 2693 2235 Καί
2727 2197 2892 2251 φησιν
2913 2198 2927 2211 ·
2968 2182 3058 2234 Ἐν
3097 2180 3175 2252 τῷ
3207 2179 3462 2251 ἔρχεσθαι
3495 2177 3611 2232 ἀπὸ

2023 2273 2133 2326 τῶν
2158 2272 2517 2344 ἐπουρανίων,
2551 2267 2713 2342 ἦλθεν
2758 2273 2838 2335 είς
2866 2270 2965 2341 τὴν
2999 2269 3102 2340 γῆν
3129 2309 3143 2333 ,
3182 2273 3276 2322 καὶ
3302 2269 3610 2339 συνήγαγεν

2024 2363 2201 2435 ἐαυτῷ
2227 2364 2334 2418 ἀπὸ
2366 2363 2476 2416 τῶν
2504 2363 2784 2434 τεσσάρων
2817 2362 3096 2432 στοιχείων
3142 2361 3318 2432 σῶμα.
3351 2362 3461 2414 Καὶ
3491 2359 3609 2423 πῶς

2025 2458 2118 2510 καὶ
2146 2450 2298 2520 οὗτος
2325 2457 2425 2510 οὑκ
2458 2455 2738 2524 ἐπείγεται
2769 2457 2849 2518 είς
2874 2454 2936 2507 τὸ
2974 2453 3291 2526 φωραθῆναι
3320 2452 3484 2505 αὐτοῦ
3508 2453 3609 2518 τὴν

2025 2549 2255 2620 ἀνομίαν
2301 2547 2702 2602 ἀκολουθοῦσαν
2738 2549 2858 2610 ταῖς
2897 2546 3006 2599 τῶν
3049 2545 3294 2598 παλαιῶν
3340 2543 3609 2614 Ἐλλήνων

2027 2639 2264 2710 ποιητῶν
2292 2639 2421 2711 περὶ
2453 2639 2551 2709 τῆς
2577 2637 2908 2706 κενοφωνίας
2939 2635 3140 2704 ταύτης
3167 2634 3344 2702 δόξαις
3365 2652 3380 2699 ;
3405 2635 3610 2688 Φάσκει

2024 2733 2133 2803 γὰρ
2167 2731 2259 2784 καὶ
2291 2724 2446 2794 οὗτος
2474 2730 2550 2793 ὡς
2591 2731 2819 2795 ἐκεῖνοι,
2855 2728 2948 2782 καὶ
2981 2727 3061 2780 ἔτι
3101 2727 3447 2798 ψυχροτέρως
3474 2729 3612 2798 παρ’

2024 2822 2266 2885 ἐκείνους
2291 2821 2465 2890 λέγων
2491 2821 2582 2874 τὸν
2616 2819 2846 2891 Σωτῆρα
2879 2817 3056 2890 ἐαυτῷ
3103 2819 3514 2888 ὑποστήσασθαι
3553 2820 3616 2871 τὸ

2027 2912 2204 2985 σῶμα.
2246 2913 2378 2966 Ἀπὸ
2423 2911 2531 2984 γὰρ
2570 2909 2664 2963 τοῦ
2697 2909 2864 2982 ξηροῦ
2902 2911 2964 2962 τὸ
3006 2909 3199 2981 ξηρὸν,
3233 2909 3328 2962 καὶ
3373 2908 3481 2961 ἀπὸ
3515 2908 3614 2962 τοῦ

2025 3003 2230 3075 θερμοῦ
2262 3004 2321 3056 τὸ
2353 3003 2573 3074 θερμὸν,
2613 3001 2707 3055 καὶ
2733 3002 2840 3055 ἀπὸ
2873 3001 2968 3054 τοῦ
3001 3000 3170 3073 ὑγροῦ
3200 3001 3261 3055 τὸ
3293 3001 3482 3072 ὑγρὸν,
3515 3002 3616 3054 καὶ

2025 3096 2132 3150 ἀπὸ
2152 3095 2244 3149 τοῦ
2264 3095 2474 3166 ψυχροῦ
2502 3094 2562 3148 τὸ
2587 3093 2814 3166 ψυχρόν.
2843 3094 2954 3148 Kal
2985 3093 3159 3157 οὑτως
3184 3093 3395 3157 πλάσας
3427 3094 3613 3164 ἐαυτῷ

2027 3184 2221 3255 σῶμα.
2266 3183 2536 3256 ἀληθινῶς
2570 3182 2809 3255 πέφηνεν
2848 3184 2906 3236 ἐν
2949 3183 3174 3255 κόσμῳ,
3231 3183 3324 3236 καὶ
3371 3183 3615 3250 ἐδίδαξεν

2024 3279 2174 3350 ἡμᾶς
2206 3278 2304 3349 τὴν
2333 3276 2445 3331 άνω
2472 3277 2674 3346 γνῶσιν
2697 3316 2712 3342 ,
2741 3278 3104 3350 καταφρονεῖν
3134 3293 3194 3330 τε
3218 3275 3312 3330 τοῦ
3337 3278 3616 3348 Δημιουρ-

2026 3369 2122 3439 γοῦ
2148 3412 2162 3436 ,
2193 3371 2286 3423 καὶ
2317 3368 2602 3442 ἀρνεῖσθαι
2633 3368 2800 3424 αὑτοῦ
2846 3370 2915 3422 τὰ
2949 3368 3116 3440 ἔργαο
3159 3367 3443 3434 ὑποδείξας
3477 3370 3615 3439 ἡμῖν

2026 3463 2084 3515 ἐν
2113 3461 2244 3533 ποίᾳ
2282 3462 2473 3532 Γραφῇ
2509 3461 2638 3515 ποῖά
2663 3462 2780 3514 ἐστι
2808 3459 2877 3513 τά
2907 3459 3067 3529 φύσει
3104 3461 3162 3528 ἐξ
3192 3459 3358 3514 αὐτοῦ
3387 3461 3616 3532 εἰρημέ-

2025 3569 2093 3606 να
2117 3593 2132 3616 ,
2185 3554 2280 3606 καὶ
2333 3553 2464 3606 ποῖά
2509 3552 2624 3606 ἐστι
2663 3553 2732 3606 τά
2760 3551 2868 3606 ἀπὸ
2896 3550 2991 3605 τοῦ
3021 3535 3387 3625 Δημιουργοῦ.
3425 3551 3614 3614 Οὕτως

2003 3644 2170 3716 γὰρ,
2205 3646 2399 3716 φησὶν,
2437 3644 2540 3716 ἔφη
2595 3647 2652 3697 ἐν
2691 3642 2770 3713 τῷ
2808 3644 3157 3714 Εὑαγγελίῳ·
3193 3645 3482 3700 Γίνεσθαι
3523 3643 3617 3698 δό-

2028 3753 2184 3805 κιμοι
2213 3733 2566 3803 τραπεζῖται.
2592 3734 2721 3806 Χρῶ
2745 3733 2883 3806 γάρ,
2915 3736 3100 3804 φησὶν,
3131 3736 3238 3789 ἀπὸ
3266 3736 3448 3806 πάσης
3471 3735 3616 3806 Γραο

2028 3827 2134 3898 φῆς
2183 3827 2460 3893 ἀναλέγων
2504 3825 2572 3878 τὰ
2605 3826 2868 3896 χρήσιμα.
2907 3821 3042 3880 Εἶτά
3072 3843 3235 3896 φησιν
3263 3844 3277 3858 ·
3314 3827 3558 3881 Ἔδωκεν
3585 3829 3615 3881 ὁ

2027 3917 2260 3988 Χριστὸς
2310 3917 2504 3970 ἐαυτὸν
2557 3917 2750 3970 παθεῖν
2799 3918 2856 3970 ἐν
2909 3917 3060 3989 αὑτῷ
3097 3917 3174 3988 τῷ
3228 3917 3464 3988 σώματι,
3519 3922 3616 3973 καὶ

2028 4008 2347 4082 ἐσταυρώθη
2413 4010 2472 4061 ἐν
2535 4007 2764 4078 ἀληθείᾳ
2792 4047 2807 4073 ,
2873 4009 2968 4062 καὶ
3028 4007 3226 4073 ἔδειξεν
3284 4008 3453 4080 αὐτὴν
3514 4011 3615 4082 τὴν

2030 4101 2208 4173 σάρκα
2249 4103 2360 4155 τοῖς
2399 4097 2592 4154 ἐαυτοῦ
2654 4097 2942 4169 μαθηταῖς.
2985 4100 3096 4154 Kal
3145 4100 3417 4163 ἀναλύσας
3444 4141 3459 4163 ,
3503 4119 3611 4173 φη-

2031 4193 2151 4256 σὶν,
2202 4191 2370 4261 αὑτὴν
2423 4191 2522 4262 τὴν
2567 4189 2978 4262 ἐνανθρώπησιν
3017 4191 3246 4256 ἐαυτοῦ,
3303 4191 3612 4262 ἀπεμέρισε

2037 4284 2200 4338 πάλιν
2250 4283 2464 4351 ἐκάστῳ
2492 4279 2602 4334 τῶν
2640 4281 2918 4351 στοιχείων
2966 4281 3026 4334 τὸ
3074 4282 3202 4336 ίδιον
3247 4282 3522 4345 ἀποδοὺς,
3553 4287 3613 4337 τὸ

349 4394 456 4449 que
488 4380 758 4435 elemento
800 4381 945 4450 quod
982 4381 1265 4451 preprium
1303 4390 1422 4437 erat
1455 4382 1733 4451 restituit;
1778 4386 1921 4441 velut

2031 4375 2229 4447 θερμὸν
2262 4373 2340 4444 τῷ
2373 4371 2559 4444 θερμῷ
2584 4413 2598 4436 ,
2629 4373 2690 4426 τὸ
2723 4373 2928 4444 ψυχρὸν
2959 4372 3037 4442 τῷ
3069 4373 3262 4444 ψυχρῷ
3283 4413 3299 4438 ,
3331 4374 3392 4427 τὸ
3449 4374 3613 4445 ξηρὸν

351 4468 530 4525 calido
557 4467 818 4534 calidum,
844 4466 1100 4540 frigidum
1132 4467 1346 4540 frigido,
1379 4469 1588 4524 siccum
1617 4470 1790 4538 sicco,
1821 4471 1925 4526 hu-

349 4563 558 4617 midum
579 4561 825 4616 humido.
853 4560 928 4614 Ita
959 4574 1190 4630 corpore
1220 4560 1314 4615 illo
1341 4560 1487 4631 quod
1517 4575 1684 4617 carne
1714 4572 1929 4619 consta-

349 4655 444 4709 bat
483 4653 745 4718 resoluto,
788 4652 841 4707 in
876 4653 1096 4719 caelum,
1124 4653 1268 4709 unde
1292 4663 1534 4719 venerat,
1566 4654 1836 4711 ascendit.

419 4745 504 4800 lll.
533 4744 578 4802 Ο
608 4745 900 4801 mendaces
936 4745 1065 4799 talia
1097 4744 1421 4816 jactantium
1453 4745 1692 4802 fabulas!
1726 4747 1840 4818 qui,
1868 4757 1927 4802 ut

349 4850 512 4892 nemo
543 4852 651 4892 non
681 4837 948 4907 intelligit,
989 4835 1281 4893 mimorum
1323 4837 1510 4893 ludum
1554 4845 1718 4908 atque
1757 4837 1924 4892 olIici-

349 4941 478 4982 nam
519 4927 729 4996 aperire
761 4928 943 4996 potius
977 4941 1139 4996 quam
1187 4927 1310 4984 vita:
1347 4925 1748 4997 consequendae
1803 4940 1928 4996 pro-

351 5019 667 5082 fessionem,
695 5027 788 5073 aut
815 5019 1185 5091 intelligentiae
1211 5018 1439 5073 formam
1463 5017 1710 5073 obtinere
1736 5017 1927 5073 viden-

349 5120 459 5165 tur.
492 5109 704 5165 Etenim
739 5111 785 5166 si
825 5111 1049 5167 omnino
1087 5111 1230 5183 quod
1265 5111 1534 5166 asciverat
1581 5111 1685 5165 sibi
1726 5124 1926 5179 corpus

349 5199 621 5266 dissolvit,
651 5215 752 5257 cur
784 5201 838 5256 id
873 5203 1029 5258 initio
1056 5201 1374 5258 fabricavit?
1400 5201 1552 5270 Quod
1587 5203 1635 5258 si
1665 5201 1733 5256 ad
1764 5216 1923 5256 usum

350 5289 638 5345 fabricavit
671 5291 930 5363 aliquem,
973 5293 1076 5349 hoc
1116 5294 1235 5364 ipso
1265 5310 1365 5350 usu
1400 5293 1720 5364 perfunctus
1754 5292 1923 5347 relin-

347 5399 516 5454 quere
563 5382 699 5438 illud
747 5386 802 5440 in
847 5386 1008 5441 terris
1059 5386 1281 5451 debuit;
1335 5385 1633 5456 prmsertim
1685 5399 1809 5438 cum
1858 5399 1922 5438 ex

347 5486 527 5531 vestra
576 5477 848 5533 sententia
892 5478 1064 5532 forma
1115 5478 1229 5548 ipsa
1279 5479 1698 5534 resurrectionis
1742 5477 1925 5535 carnis

424 5655 439 5684 ¹
476 5651 637 5708 Forte
665 5657 868 5719 κακῶς.

2033 4467 2111 4538 τῷ
2139 4466 2286 4537 ξηρῷ
2306 4505 2320 4530 ς
2361 4463 2423 4518 τὸ
2467 4465 2634 4536 ὑγρὸν
2665 4463 2743 4535 τῷ
2772 4463 2923 4536 ὑγρῷ
2947 4481 2961 4495 ⁸
3003 4467 3099 4519 καὶ
3131 4465 3304 4530 οὕτως
3351 4466 3611 4531 διαλύσας

2035 4559 2127 4612 ἀπ’
2159 4556 2321 4612 αὑτοῦ
2355 4555 2516 4610 πάλιν
2539 4556 2600 4609 τὸ
2629 4555 2894 4626 ἐνσαρκον
2935 4557 3094 4627 σῶμα
3117 4597 3130 4617 ,
3171 4558 3376 4628 ἀνέπτη
3411 4561 3491 4622 εἰς
3523 4559 3613 4612 τὸν

2032 4647 2258 4718 οὐρανὸν
2279 4689 2293 4713 ,
2323 4645 2443 4700 ὅθεν
2469 4645 2564 4700 καὶ
2590 4643 2712 4717 ἧκε.

2105 4741 2141 4792 Γ
2143 4748 2176 4794 ’.
2217 4740 2324 4793 Kal
2350 4737 2394 4792 ὣ
2427 4738 2625 4808 πολλῆς
2664 4738 3107 4810 δραματουργίας
3141 4738 3248 4793 τῶν
3291 4738 3360 4792 τὰ
3388 4739 3612 4792 τοιαῦτα

2031 4830 2332 4899 λεγόντωνί
2375 4829 2448 4892 ὡς
2487 4828 2648 4882 παντί
2683 4846 2760 4899 τῳ
2811 4829 2980 4898 σαφὲς
3011 4829 3117 4899 εἴη,
3175 4829 3359 4900 μίμων
3411 4831 3611 4900 μᾶλλον

2033 4923 2396 4994 ἐργαστήριον
2431 4923 2575 4994 ἥπερ
2609 4921 2942 4990 ἐπαγγελίας
2970 4921 3116 4993 ζωῆς
3143 4922 3175 4993 ἢ
3219 4923 3487 4997 συνέσεως
3515 4941 3611 4994 χα-

2035 5019 2282 5090 ρακτῆρα
2314 5017 2688 5089 κεκτημένων.
2745 5017 2808 5070 Εἰ
2859 5015 2968 5087 γάρ
3003 5017 3138 5081 ὅλως
3171 5017 3322 5070 ἐλυεν
3369 5018 3502 5070 αὑτὸ
3551 5019 3612 5070 τὸ

2035 5111 2224 5182 σῶμα,
2256 5111 2393 5181 ὅπερ
2423 5109 2632 5179 εἴληφε,
2672 5109 2778 5163 τίνι
2824 5109 2901 5179 τῷ
2943 5109 3088 5181 λόγῳ
3131 5111 3225 5162 ἀπ’
3257 5111 3433 5181 ἀρχῆς
3480 5112 3612 5163 αὐτὸ

2034 5201 2208 5272 ἐαυτῷ
2256 5200 2688 5266 κατεσκεύαζενς
2733 5201 2794 5253 El
2844 5200 2900 5252 δὲ
2953 5198 3320 5263 κατεσκεύαζε
3363 5201 3454 5254 διά
3488 5218 3610 5254 τινα

2033 5295 2226 5364 χρῆσιν
2255 5332 2270 5356 ,
2310 5291 2602 5346 ἀπετέλεσε
2640 5292 2698 5345 δὲ
2751 5292 2812 5345 τὸ
2850 5291 3009 5362 ἔργον
3049 5293 3143 5361 τῆς
3176 5294 3424 5364 χρήσεως
3448 5312 3462 5326 ο
3506 5295 3613 5348 ἔδει

2033 5384 2352 5453 καταλείψαι
2393 5383 2523 5437 αύτὸ
2557 5384 2612 5435 ὲν
2657 5385 2722 5452 τῇ
2766 5385 2834 5452 γῇ
2858 5423 2870 5444 ,
2907 5382 3140 5452 μάλιστα
3179 5382 3299 5435 καθ’
3333 5384 3479 5454 ὑμᾶς
3513 5385 3612 5454 τῆς

2033 5477 2174 5530 κατὰ
2212 5476 2313 5548 τὴν
2348 5477 2642 5529 ἀνάστασιν
2678 5475 2774 5544 τῆς
2817 5473 3016 5544 σαρκὸς
3065 5473 3276 5537 ἐλπίδος
3311 5474 3486 5538 εἴδους
3539 5477 3612 5546 μὴ
