  <div class='ocr_page' id='page_1' title='image "/cluster/home/n/w/nwhite01/storage/ocr_20150623/41/mdp.39015008169818/434.png"; bbox 0 0 3952 6158; ppageno 0'>
   <div class='ocr_carea' id='block_1_1' title="bbox 339 278 445 338">
    <p class='ocr_par' dir='ltr' id='par_1_1' title="bbox 339 278 445 338">
     <span class='ocr_line' id='line_1_1' title="bbox 339 278 445 338; baseline 0 0"><span class='ocrx_word' id='word_1_1' title='bbox 339 278 445 338; x_wconf 69' lang='lat'><strong>8‘25</strong></span> 
     </span>
    </p>
   </div>
   <div class='ocr_carea' id='block_1_2' title="bbox 1018 280 1923 351">
    <p class='ocr_par' dir='ltr' id='par_1_2' title="bbox 1018 280 1919 341">
     <span class='ocr_line' id='line_1_2' title="bbox 1018 280 1919 341; baseline 0.006 -6"><span class='ocrx_word' id='word_1_2' title='bbox 1018 280 1390 341; x_wconf 80' lang='lat' dir='ltr'><strong>ADVERSUS</strong></span> <span class='ocrx_word' id='word_1_3' title='bbox 1427 282 1770 341; x_wconf 66' lang='lat' dir='ltr'><strong>HERESES</strong></span> <span class='ocrx_word' id='word_1_4' title='bbox 1809 284 1919 340; x_wconf 84' lang='lat' dir='ltr'><strong>LIB</strong></span> 
     </span>
    </p>
   </div>
   <div class='ocr_carea' id='block_1_3' title="bbox 2028 280 2942 351">
    <p class='ocr_par' dir='ltr' id='par_1_3' title="bbox 2051 285 2942 351">
     <span class='ocr_line' id='line_1_3' title="bbox 2051 285 2942 351; baseline 0.004 -7"><span class='ocrx_word' id='word_1_5' title='bbox 2051 285 2215 345; x_wconf 80' lang='lat' dir='ltr'><strong>TOM.</strong></span> <span class='ocrx_word' id='word_1_6' title='bbox 2259 287 2350 346; x_wconf 87' lang='lat' dir='ltr'><strong>lll.</strong></span> <span class='ocrx_word' id='word_1_7' title='bbox 2376 292 2738 351; x_wconf 70' lang='grc' dir='ltr'><strong>-ΙΙιΕΒΕΞ,</strong></span> <span class='ocrx_word' id='word_1_8' title='bbox 2781 292 2942 348; x_wconf 76' lang='lat' dir='ltr'><strong>XLIV</strong></span> 
     </span>
    </p>
   </div>
   <div class='ocr_carea' id='block_1_4' title="bbox 3503 290 3614 348">
    <p class='ocr_par' dir='ltr' id='par_1_4' title="bbox 3503 290 3614 348">
     <span class='ocr_line' id='line_1_4' title="bbox 3503 290 3614 348; baseline 0 0"><span class='ocrx_word' id='word_1_9' title='bbox 3503 290 3614 348; x_wconf 63' lang='lat'><strong>8‘16</strong></span> 
     </span>
    </p>
   </div>
   <div class='ocr_carea' id='block_1_5' title="bbox 339 396 1923 477">
    <p class='ocr_par' dir='ltr' id='par_1_5' title="bbox 339 396 1923 472">
     <span class='ocr_line' id='line_1_5' title="bbox 339 396 1923 472; baseline 0.003 -20"><span class='ocrx_word' id='word_1_10' title='bbox 339 398 531 472; x_wconf 87' lang='grc' dir='ltr'>χρείαν</span> <span class='ocrx_word' id='word_1_11' title='bbox 581 396 796 469; x_wconf 69' lang='grc' dir='ltr'>ἔχοντος</span> <span class='ocrx_word' id='word_1_12' title='bbox 837 397 1212 468; x_wconf 84' lang='grc' dir='ltr'>τελειωθῆναι.</span> <span class='ocrx_word' id='word_1_13' title='bbox 1261 398 1426 456; x_wconf 82' lang='grc' dir='ltr'>Ἀλλά</span> <span class='ocrx_word' id='word_1_14' title='bbox 1466 400 1764 471; x_wconf 80' lang='grc' dir='ltr'><strong>ἀνέστησεν</strong></span> <span class='ocrx_word' id='word_1_15' title='bbox 1802 400 1923 456; x_wconf 73' lang='grc' dir='ltr'><strong>αὐτὶ</strong></span> 
     </span>
    </p>
   </div>
   <div class='ocr_carea' id='block_1_6' title="bbox 2028 396 3614 477">
    <p class='ocr_par' dir='ltr' id='par_1_6' title="bbox 2037 403 3614 477">
     <span class='ocr_line' id='line_1_6' title="bbox 2037 403 3614 477; baseline 0.003 -19"><span class='ocrx_word' id='word_1_16' title='bbox 2037 403 2224 475; x_wconf 79' lang='lat' dir='ltr'><strong>perlici</strong></span> <span class='ocrx_word' id='word_1_17' title='bbox 2269 406 2421 461; x_wconf 90' lang='lat' dir='ltr'><strong>nullo</strong></span> <span class='ocrx_word' id='word_1_18' title='bbox 2457 415 2618 477; x_wconf 89' lang='lat' dir='ltr'><strong>pacto</strong></span> <span class='ocrx_word' id='word_1_19' title='bbox 2656 409 2945 464; x_wconf 79' lang='lat' dir='ltr'><strong>desideret.</strong></span> <span class='ocrx_word' id='word_1_20' title='bbox 2987 406 3149 477; x_wconf 88' lang='lat' dir='ltr'><strong>Atqui</strong></span> <span class='ocrx_word' id='word_1_21' title='bbox 3188 405 3321 461; x_wconf 90' lang='lat' dir='ltr'><strong>illud</strong></span> <span class='ocrx_word' id='word_1_22' title='bbox 3358 408 3614 464; x_wconf 79' lang='lat' dir='ltr'><strong>excitavit</strong></span> 
     </span>
    </p>
   </div>
   <div class='ocr_carea' id='block_1_7' title="bbox 340 487 1923 564">
    <p class='ocr_par' dir='ltr' id='par_1_7' title="bbox 340 487 1923 564">
     <span class='ocr_line' id='line_1_7' title="bbox 340 487 1923 564; baseline 0.003 -21"><span class='ocrx_word' id='word_1_23' title='bbox 340 491 525 557; x_wconf 88' lang='grc' dir='ltr'>πάλιν,</span> <span class='ocrx_word' id='word_1_24' title='bbox 562 490 649 543; x_wconf 77' lang='grc' dir='ltr'>ἵνα</span> <span class='ocrx_word' id='word_1_25' title='bbox 688 491 768 553; x_wconf 87' lang='grc' dir='ltr'><strong>εἰς</strong></span> <span class='ocrx_word' id='word_1_26' title='bbox 796 487 1042 559; x_wconf 87' lang='grc' dir='ltr'>κάματον</span> <span class='ocrx_word' id='word_1_27' title='bbox 1073 490 1268 544; x_wconf 84' lang='grc' dir='ltr'>ἐαυτὸν</span> <span class='ocrx_word' id='word_1_28' title='bbox 1296 492 1387 545; x_wconf 91' lang='grc' dir='ltr'><strong>τὸν</strong></span> <span class='ocrx_word' id='word_1_29' title='bbox 1423 490 1648 564; x_wconf 80' lang='grc' dir='ltr'>μείζονα</span> <span class='ocrx_word' id='word_1_30' title='bbox 1671 491 1923 563; x_wconf 82' lang='grc' dir='ltr'>ἐμϐάλοι,</span> 
     </span>
    </p>
   </div>
   <div class='ocr_carea' id='block_1_8' title="bbox 339 578 1924 654">
    <p class='ocr_par' dir='ltr' id='par_1_8' title="bbox 339 578 1924 654">
     <span class='ocr_line' id='line_1_8' title="bbox 339 578 1924 654; baseline 0 -18"><span class='ocrx_word' id='word_1_31' title='bbox 339 582 427 636; x_wconf 77' lang='grc' dir='ltr'><strong>ἵνα</strong></span> <span class='ocrx_word' id='word_1_32' title='bbox 464 580 631 654; x_wconf 84' lang='grc' dir='ltr'>μηδὲν</span> <span class='ocrx_word' id='word_1_33' title='bbox 659 578 920 653; x_wconf 78' lang='grc' dir='ltr'><strong>ὠφελήσῃ</strong></span> <span class='ocrx_word' id='word_1_34' title='bbox 970 580 1432 647; x_wconf 77' lang='grc' dir='ltr'><strong>κατασκευάζων,</strong></span> <span class='ocrx_word' id='word_1_35' title='bbox 1467 581 1563 636; x_wconf 71' lang='grc' dir='ltr'><strong>καὶ</strong></span> <span class='ocrx_word' id='word_1_36' title='bbox 1589 584 1648 635; x_wconf 87' lang='grc' dir='ltr'><strong>ἐν</strong></span> <span class='ocrx_word' id='word_1_37' title='bbox 1683 582 1924 653; x_wconf 84' lang='grc' dir='ltr'><strong>μνήματι</strong></span> 
     </span>
    </p>
   </div>
   <div class='ocr_carea' id='block_1_9' title="bbox 338 670 1925 744">
    <p class='ocr_par' dir='ltr' id='par_1_9' title="bbox 338 670 1925 744">
     <span class='ocr_line' id='line_1_9' title="bbox 338 670 1925 744; baseline -0.001 -16"><span class='ocrx_word' id='word_1_38' title='bbox 338 671 767 743; x_wconf 77' lang='grc' dir='ltr'>ἀποτιθέμενος,</span> <span class='ocrx_word' id='word_1_39' title='bbox 818 672 915 725; x_wconf 77' lang='grc' dir='ltr'>καὶ</span> <span class='ocrx_word' id='word_1_40' title='bbox 956 670 1228 737; x_wconf 85' lang='grc' dir='ltr'><strong>διαλύων,</strong></span> <span class='ocrx_word' id='word_1_41' title='bbox 1268 673 1364 726; x_wconf 78' lang='grc' dir='ltr'><strong>καὶ</strong></span> <span class='ocrx_word' id='word_1_42' title='bbox 1420 672 1658 743; x_wconf 80' lang='grc' dir='ltr'><strong>μερίζων</strong></span> <span class='ocrx_word' id='word_1_43' title='bbox 1709 673 1925 744; x_wconf 81' lang='grc' dir='ltr'><strong>ἑκάστῳ</strong></span> 
     </span>
    </p>
   </div>
   <div class='ocr_carea' id='block_1_10' title="bbox 338 760 1925 833">
    <p class='ocr_par' dir='ltr' id='par_1_10' title="bbox 338 760 1925 833">
     <span class='ocr_line' id='line_1_10' title="bbox 338 760 1925 833; baseline 0 -16"><span class='ocrx_word' id='word_1_44' title='bbox 338 761 448 818; x_wconf 75' lang='grc' dir='ltr'>τῶν</span> <span class='ocrx_word' id='word_1_45' title='bbox 483 760 784 832; x_wconf 81' lang='grc' dir='ltr'><strong>στοιχείων,</strong></span> <span class='ocrx_word' id='word_1_46' title='bbox 812 760 948 832; x_wconf 80' lang='grc' dir='ltr'>ὅπερ</span> <span class='ocrx_word' id='word_1_47' title='bbox 980 762 1110 832; x_wconf 83' lang='grc' dir='ltr'>παρ’</span> <span class='ocrx_word' id='word_1_48' title='bbox 1145 760 1310 814; x_wconf 84' lang='grc' dir='ltr'><strong>αὑτοῦ</strong></span> <span class='ocrx_word' id='word_1_49' title='bbox 1340 760 1584 833; x_wconf 74' lang='grc' dir='ltr'>εἴληφεν,</span> <span class='ocrx_word' id='word_1_50' title='bbox 1618 762 1694 826; x_wconf 82' lang='grc' dir='ltr'><strong>ὡς</strong></span> <span class='ocrx_word' id='word_1_51' title='bbox 1722 763 1925 832; x_wconf 80' lang='grc' dir='ltr'>εὐγνώ-</span> 
     </span>
    </p>
   </div>
   <div class='ocr_carea' id='block_1_11' title="bbox 344 849 1921 925">
    <p class='ocr_par' dir='ltr' id='par_1_11' title="bbox 344 849 1921 925">
     <span class='ocr_line' id='line_1_11' title="bbox 344 849 1921 925; baseline 0.001 -19"><span class='ocrx_word' id='word_1_52' title='bbox 344 870 461 925; x_wconf 85' lang='grc' dir='ltr'><strong>μων</strong></span> <span class='ocrx_word' id='word_1_53' title='bbox 506 849 912 923; x_wconf 84' lang='grc' dir='ltr'>χρεοφειλέτης.</span> <span class='ocrx_word' id='word_1_54' title='bbox 948 850 1058 904; x_wconf 77' lang='grc' dir='ltr'><strong>Καὶ</strong></span> <span class='ocrx_word' id='word_1_55' title='bbox 1106 851 1155 904; x_wconf 87' lang='grc' dir='ltr'><strong>εἰ</strong></span> <span class='ocrx_word' id='word_1_56' title='bbox 1209 850 1346 915; x_wconf 83' lang='grc' dir='ltr'><strong>ὅλως</strong></span> <span class='ocrx_word' id='word_1_57' title='bbox 1396 852 1612 923; x_wconf 79' lang='grc' dir='ltr'><strong>ἑκάστῳ</strong></span> <span class='ocrx_word' id='word_1_58' title='bbox 1651 852 1921 918; x_wconf 86' lang='grc' dir='ltr'>ἀπεδίδου,</span> 
     </span>
    </p>
   </div>
   <div class='ocr_carea' id='block_1_12' title="bbox 344 941 1925 1017">
    <p class='ocr_par' dir='ltr' id='par_1_12' title="bbox 344 941 1925 1017">
     <span class='ocr_line' id='line_1_12' title="bbox 344 941 1925 1017; baseline -0.002 -17"><span class='ocrx_word' id='word_1_59' title='bbox 344 945 592 1000; x_wconf 79' lang='grc' dir='ltr'><strong>τουτέστι</strong></span> <span class='ocrx_word' id='word_1_60' title='bbox 621 944 682 998; x_wconf 90' lang='grc' dir='ltr'>τὸ</span> <span class='ocrx_word' id='word_1_61' title='bbox 720 944 927 1016; x_wconf 83' lang='grc' dir='ltr'>ψυχρὸν</span> <span class='ocrx_word' id='word_1_62' title='bbox 964 941 1043 1015; x_wconf 82' lang='grc' dir='ltr'>τῷ</span> <span class='ocrx_word' id='word_1_63' title='bbox 1074 942 1298 1016; x_wconf 79' lang='grc' dir='ltr'>ψυχρῷ,</span> <span class='ocrx_word' id='word_1_64' title='bbox 1345 944 1440 998; x_wconf 76' lang='grc' dir='ltr'><strong>καὶ</strong></span> <span class='ocrx_word' id='word_1_65' title='bbox 1485 943 1546 997; x_wconf 89' lang='grc' dir='ltr'><strong>τὸ</strong></span> <span class='ocrx_word' id='word_1_66' title='bbox 1596 943 1797 1016; x_wconf 83' lang='grc' dir='ltr'>θερμὸν</span> <span class='ocrx_word' id='word_1_67' title='bbox 1847 944 1925 1017; x_wconf 83' lang='grc' dir='ltr'>τῷ</span> 
     </span>
    </p>
   </div>
   <div class='ocr_carea' id='block_1_13' title="bbox 342 1034 1928 1110">
    <p class='ocr_par' dir='ltr' id='par_1_13' title="bbox 342 1034 1928 1110">
     <span class='ocr_line' id='line_1_13' title="bbox 342 1034 1928 1110; baseline 0 -19"><span class='ocrx_word' id='word_1_68' title='bbox 342 1035 560 1109; x_wconf 78' lang='grc' dir='ltr'>θερμῷ,</span> <span class='ocrx_word' id='word_1_69' title='bbox 585 1036 817 1107; x_wconf 67' lang='grc' dir='ltr'>ἠδύνατο</span> <span class='ocrx_word' id='word_1_70' title='bbox 837 1034 1011 1091; x_wconf 85' lang='grc' dir='ltr'>ταῦτα</span> <span class='ocrx_word' id='word_1_71' title='bbox 1042 1035 1117 1107; x_wconf 82' lang='grc' dir='ltr'>μὴ</span> <span class='ocrx_word' id='word_1_72' title='bbox 1144 1035 1372 1107; x_wconf 79' lang='grc' dir='ltr'>ὁρᾶσθαι</span> <span class='ocrx_word' id='word_1_73' title='bbox 1404 1037 1517 1101; x_wconf 79' lang='grc' dir='ltr'>τοῖς</span> <span class='ocrx_word' id='word_1_74' title='bbox 1546 1036 1713 1091; x_wconf 82' lang='grc' dir='ltr'><strong>αὐτοῦ</strong></span> <span class='ocrx_word' id='word_1_75' title='bbox 1750 1036 1928 1110; x_wconf 79' lang='grc' dir='ltr'>μαθη-</span> 
     </span>
    </p>
   </div>
   <div class='ocr_carea' id='block_1_14' title="bbox 340 1125 1925 1200">
    <p class='ocr_par' dir='ltr' id='par_1_14' title="bbox 340 1125 1925 1200">
     <span class='ocr_line' id='line_1_14' title="bbox 340 1125 1925 1200; baseline -0.001 -17"><span class='ocrx_word' id='word_1_76' title='bbox 340 1131 487 1193; x_wconf 76' lang='grc' dir='ltr'>ταῖς’</span> <span class='ocrx_word' id='word_1_77' title='bbox 523 1128 641 1183; x_wconf 83' lang='grc' dir='ltr'>ἀλλ’</span> <span class='ocrx_word' id='word_1_78' title='bbox 669 1129 731 1181; x_wconf 80' lang='grc' dir='ltr'><strong>οὐ</strong></span> <span class='ocrx_word' id='word_1_79' title='bbox 782 1125 889 1199; x_wconf 79' lang='grc' dir='ltr'>μὴν</span> <span class='ocrx_word' id='word_1_80' title='bbox 920 1126 979 1180; x_wconf 86' lang='grc' dir='ltr'><strong>τὸ</strong></span> <span class='ocrx_word' id='word_1_81' title='bbox 1030 1126 1192 1197; x_wconf 86' lang='grc' dir='ltr'>σῶμα</span> <span class='ocrx_word' id='word_1_82' title='bbox 1229 1126 1291 1179; x_wconf 88' lang='grc' dir='ltr'>τὸ</span> <span class='ocrx_word' id='word_1_83' title='bbox 1333 1126 1516 1198; x_wconf 81' lang='grc' dir='ltr'>ξηρόν.</span> <span class='ocrx_word' id='word_1_84' title='bbox 1549 1127 1775 1192; x_wconf 83' lang='grc' dir='ltr'><strong>Πάντως</strong></span> <span class='ocrx_word' id='word_1_85' title='bbox 1814 1128 1925 1200; x_wconf 83' lang='grc' dir='ltr'><strong>γάρ</strong></span> 
     </span>
    </p>
   </div>
   <div class='ocr_carea' id='block_1_15' title="bbox 341 1217 1924 1292">
    <p class='ocr_par' dir='ltr' id='par_1_15' title="bbox 341 1217 1924 1292">
     <span class='ocr_line' id='line_1_15' title="bbox 341 1217 1924 1292; baseline 0.001 -19"><span class='ocrx_word' id='word_1_86' title='bbox 341 1220 404 1273; x_wconf 83' lang='grc' dir='ltr'>τὸ</span> <span class='ocrx_word' id='word_1_87' title='bbox 431 1219 595 1292; x_wconf 82' lang='grc' dir='ltr'>ξηρὸν</span> <span class='ocrx_word' id='word_1_88' title='bbox 620 1218 783 1290; x_wconf 85' lang='grc' dir='ltr'>σῶμά</span> <span class='ocrx_word' id='word_1_89' title='bbox 810 1220 949 1283; x_wconf 90' lang='grc' dir='ltr'>ἐστι,</span> <span class='ocrx_word' id='word_1_90' title='bbox 990 1217 1126 1290; x_wconf 81' lang='grc' dir='ltr'>σάρξ</span> <span class='ocrx_word' id='word_1_91' title='bbox 1159 1218 1255 1272; x_wconf 75' lang='grc' dir='ltr'>καὶ</span> <span class='ocrx_word' id='word_1_92' title='bbox 1285 1217 1469 1272; x_wconf 83' lang='grc' dir='ltr'>ὀστέα.</span> <span class='ocrx_word' id='word_1_93' title='bbox 1513 1218 1625 1273; x_wconf 78' lang='grc' dir='ltr'><strong>Καὶ</strong></span> <span class='ocrx_word' id='word_1_94' title='bbox 1660 1217 1722 1273; x_wconf 87' lang='grc' dir='ltr'><strong>τὸ</strong></span> <span class='ocrx_word' id='word_1_95' title='bbox 1758 1220 1924 1291; x_wconf 87' lang='grc' dir='ltr'>ὑγρὸν</span> 
     </span>
    </p>
   </div>
   <div class='ocr_carea' id='block_1_16' title="bbox 342 1307 1918 1383">
    <p class='ocr_par' dir='ltr' id='par_1_16' title="bbox 342 1307 1918 1383">
     <span class='ocr_line' id='line_1_16' title="bbox 342 1307 1918 1383; baseline -0.002 -16"><span class='ocrx_word' id='word_1_96' title='bbox 342 1312 560 1375; x_wconf 82' lang='grc' dir='ltr'>πάντως</span> <span class='ocrx_word' id='word_1_97' title='bbox 589 1308 785 1383; x_wconf 73' lang='grc' dir='ltr'>ἰχῶρός</span> <span class='ocrx_word' id='word_1_98' title='bbox 819 1309 956 1375; x_wconf 75' lang='grc' dir='ltr'>ἐστι,</span> <span class='ocrx_word' id='word_1_99' title='bbox 976 1309 1071 1364; x_wconf 80' lang='grc' dir='ltr'><strong>καὶ</strong></span> <span class='ocrx_word' id='word_1_100' title='bbox 1106 1307 1242 1381; x_wconf 79' lang='grc' dir='ltr'>σὰρξ</span> <span class='ocrx_word' id='word_1_101' title='bbox 1294 1309 1375 1373; x_wconf 88' lang='grc' dir='ltr'><strong>εἰς</strong></span> <span class='ocrx_word' id='word_1_102' title='bbox 1413 1309 1685 1382; x_wconf 81' lang='grc' dir='ltr'><strong>ὑγρότητα</strong></span> <span class='ocrx_word' id='word_1_103' title='bbox 1716 1310 1918 1365; x_wconf 75' lang='grc' dir='ltr'>διαλυοο</span> 
     </span>
    </p>
   </div>
   <div class='ocr_carea' id='block_1_17' title="bbox 344 1398 1927 1473">
    <p class='ocr_par' dir='ltr' id='par_1_17' title="bbox 344 1398 1927 1473">
     <span class='ocr_line' id='line_1_17' title="bbox 344 1398 1927 1473; baseline 0.001 -19"><span class='ocrx_word' id='word_1_104' title='bbox 344 1399 504 1471; x_wconf 85' lang='grc' dir='ltr'>μένη.</span> <span class='ocrx_word' id='word_1_105' title='bbox 538 1400 734 1453; x_wconf 78' lang='grc' dir='ltr'>’Δτινα</span> <span class='ocrx_word' id='word_1_106' title='bbox 784 1398 1001 1462; x_wconf 87' lang='grc' dir='ltr'>πάντως</span> <span class='ocrx_word' id='word_1_107' title='bbox 1045 1400 1159 1463; x_wconf 82' lang='grc' dir='ltr'>τοῖς</span> <span class='ocrx_word' id='word_1_108' title='bbox 1197 1398 1517 1462; x_wconf 81' lang='grc' dir='ltr'><strong>ἀποστόλοις</strong></span> <span class='ocrx_word' id='word_1_109' title='bbox 1569 1400 1927 1473; x_wconf 76' lang='grc' dir='ltr'>φανερώτατα</span> 
     </span>
    </p>
   </div>
   <div class='ocr_carea' id='block_1_18' title="bbox 342 1488 1923 1561">
    <p class='ocr_par' dir='ltr' id='par_1_18' title="bbox 342 1488 1923 1561">
     <span class='ocr_line' id='line_1_18' title="bbox 342 1488 1923 1561; baseline 0 -16"><span class='ocrx_word' id='word_1_110' title='bbox 342 1489 764 1561; x_wconf 80' lang='grc' dir='ltr'>ἀποτιθέμενος,</span> <span class='ocrx_word' id='word_1_111' title='bbox 814 1490 1086 1561; x_wconf 78' lang='grc' dir='ltr'><strong>ἐσήμανεν</strong></span> <span class='ocrx_word' id='word_1_112' title='bbox 1115 1528 1131 1555; x_wconf 93' lang='grc'><strong>,</strong></span> <span class='ocrx_word' id='word_1_113' title='bbox 1176 1488 1252 1552; x_wconf 82' lang='grc' dir='ltr'>ὼς</span> <span class='ocrx_word' id='word_1_114' title='bbox 1303 1489 1397 1542; x_wconf 81' lang='grc' dir='ltr'><strong>καὶ</strong></span> <span class='ocrx_word' id='word_1_115' title='bbox 1429 1489 1492 1543; x_wconf 90' lang='grc' dir='ltr'>τὸ</span> <span class='ocrx_word' id='word_1_116' title='bbox 1535 1490 1751 1561; x_wconf 83' lang='grc' dir='ltr'>πρῶτον</span> <span class='ocrx_word' id='word_1_117' title='bbox 1776 1530 1793 1556; x_wconf 92' lang='grc'><strong>,</strong></span> <span class='ocrx_word' id='word_1_118' title='bbox 1834 1492 1923 1545; x_wconf 82' lang='grc' dir='ltr'>ὅτε</span> 
     </span>
    </p>
   </div>
   <div class='ocr_carea' id='block_1_19' title="bbox 340 1580 1925 1655">
    <p class='ocr_par' dir='ltr' id='par_1_19' title="bbox 340 1580 1925 1655">
     <span class='ocr_line' id='line_1_19' title="bbox 340 1580 1925 1655; baseline 0.001 -18"><span class='ocrx_word' id='word_1_119' title='bbox 340 1583 605 1638; x_wconf 72' lang='grc' dir='ltr'><strong>ἐθάπτετο</strong></span> <span class='ocrx_word' id='word_1_120' title='bbox 642 1581 704 1636; x_wconf 90' lang='grc' dir='ltr'>τὸ</span> <span class='ocrx_word' id='word_1_121' title='bbox 732 1581 894 1635; x_wconf 79' lang='grc' dir='ltr'>αὑτοῦ</span> <span class='ocrx_word' id='word_1_122' title='bbox 927 1580 1085 1651; x_wconf 84' lang='grc' dir='ltr'>σῶμα</span> <span class='ocrx_word' id='word_1_123' title='bbox 1105 1621 1118 1646; x_wconf 90' lang='grc'><strong>,</strong></span> <span class='ocrx_word' id='word_1_124' title='bbox 1166 1580 1488 1651; x_wconf 81' lang='grc' dir='ltr'><strong>κατηξιοῦτο</strong></span> <span class='ocrx_word' id='word_1_125' title='bbox 1530 1582 1727 1655; x_wconf 76' lang='grc' dir='ltr'>Ἰωσὴφ</span> <span class='ocrx_word' id='word_1_126' title='bbox 1759 1586 1788 1637; x_wconf 97' lang='lat'><strong>6</strong></span> <span class='ocrx_word' id='word_1_127' title='bbox 1816 1583 1925 1638; x_wconf 86' lang='grc' dir='ltr'><strong>ἀπὸ</strong></span> 
     </span>
    </p>
   </div>
   <div class='ocr_carea' id='block_1_20' title="bbox 353 1671 1923 1748">
    <p class='ocr_par' dir='ltr' id='par_1_20' title="bbox 353 1671 1923 1748">
     <span class='ocr_line' id='line_1_20' title="bbox 353 1671 1923 1748; baseline 0 -20"><span class='ocrx_word' id='word_1_128' title='bbox 353 1672 712 1748; x_wconf 70' lang='grc' dir='ltr'>Ἁριμαθαίας</span> <span class='ocrx_word' id='word_1_129' title='bbox 735 1671 1002 1737; x_wconf 80' lang='grc' dir='ltr'>ἐντυλίξαι</span> <span class='ocrx_word' id='word_1_130' title='bbox 1023 1672 1154 1725; x_wconf 80' lang='grc' dir='ltr'>αὐτὸ</span> <span class='ocrx_word' id='word_1_131' title='bbox 1178 1674 1236 1726; x_wconf 85' lang='grc' dir='ltr'><strong>ἐν</strong></span> <span class='ocrx_word' id='word_1_132' title='bbox 1261 1672 1476 1739; x_wconf 85' lang='grc' dir='ltr'><strong>σινδόνι,</strong></span> <span class='ocrx_word' id='word_1_133' title='bbox 1506 1673 1601 1727; x_wconf 81' lang='grc' dir='ltr'>καὶ</span> <span class='ocrx_word' id='word_1_134' title='bbox 1625 1674 1923 1729; x_wconf 83' lang='grc' dir='ltr'>ἀποθέσθαι</span> 
     </span>
    </p>
   </div>
   <div class='ocr_carea' id='block_1_21' title="bbox 2025 494 3613 569">
    <p class='ocr_par' dir='ltr' id='par_1_21' title="bbox 2025 494 3613 569">
     <span class='ocr_line' id='line_1_21' title="bbox 2025 494 3613 569; baseline 0.004 -20"><span class='ocrx_word' id='word_1_135' title='bbox 2025 494 2227 558; x_wconf 86' lang='lat' dir='ltr'><strong>denuo,</strong></span> <span class='ocrx_word' id='word_1_136' title='bbox 2258 512 2368 566; x_wconf 89' lang='lat' dir='ltr'><strong>quo</strong></span> <span class='ocrx_word' id='word_1_137' title='bbox 2395 497 2654 567; x_wconf 83' lang='lat' dir='ltr'><strong>majorem</strong></span> <span class='ocrx_word' id='word_1_138' title='bbox 2686 498 2789 554; x_wconf 84' lang='lat' dir='ltr'><strong>sibi</strong></span> <span class='ocrx_word' id='word_1_139' title='bbox 2816 498 3056 552; x_wconf 84' lang='lat' dir='ltr'><strong>laborem</strong></span> <span class='ocrx_word' id='word_1_140' title='bbox 3084 498 3418 568; x_wconf 80' lang='lat' dir='ltr'><strong>imponeret,</strong></span> <span class='ocrx_word' id='word_1_141' title='bbox 3448 495 3613 569; x_wconf 85' lang='lat' dir='ltr'><strong>idque</strong></span> 
     </span>
    </p>
   </div>
   <div class='ocr_carea' id='block_1_22' title="bbox 2025 585 3611 659">
    <p class='ocr_par' dir='ltr' id='par_1_22' title="bbox 2025 585 3611 659">
     <span class='ocr_line' id='line_1_22' title="bbox 2025 585 3611 659; baseline 0.001 -18"><span class='ocrx_word' id='word_1_142' title='bbox 2025 585 2147 642; x_wconf 84' lang='lat' dir='ltr'><strong>sine</strong></span> <span class='ocrx_word' id='word_1_143' title='bbox 2193 586 2304 642; x_wconf 93' lang='lat' dir='ltr'><strong>ullo</strong></span> <span class='ocrx_word' id='word_1_144' title='bbox 2356 587 2537 642; x_wconf 79' lang='lat' dir='ltr'><strong>fructu</strong></span> <span class='ocrx_word' id='word_1_145' title='bbox 2575 594 2927 652; x_wconf 67' lang='lat' dir='ltr'><strong>contextum,</strong></span> <span class='ocrx_word' id='word_1_146' title='bbox 2981 597 3144 658; x_wconf 88' lang='lat' dir='ltr'><strong>atque</strong></span> <span class='ocrx_word' id='word_1_147' title='bbox 3193 588 3246 642; x_wconf 92' lang='lat' dir='ltr'><strong>in</strong></span> <span class='ocrx_word' id='word_1_148' title='bbox 3294 589 3611 659; x_wconf 84' lang='lat' dir='ltr'><strong>sepulcrum</strong></span> 
     </span>
    </p>
   </div>
   <div class='ocr_carea' id='block_1_23' title="bbox 2025 676 3610 752">
    <p class='ocr_par' dir='ltr' id='par_1_23' title="bbox 2025 676 3610 752">
     <span class='ocr_line' id='line_1_23' title="bbox 2025 676 3610 752; baseline 0.004 -21"><span class='ocrx_word' id='word_1_149' title='bbox 2025 676 2333 748; x_wconf 88' lang='lat' dir='ltr'><strong>depositum</strong></span> <span class='ocrx_word' id='word_1_150' title='bbox 2373 690 2560 749; x_wconf 88' lang='lat' dir='ltr'><strong>postea</strong></span> <span class='ocrx_word' id='word_1_151' title='bbox 2590 686 2893 746; x_wconf 82' lang='lat' dir='ltr'><strong>retexeret,</strong></span> <span class='ocrx_word' id='word_1_152' title='bbox 2938 688 3138 752; x_wconf 89' lang='lat' dir='ltr'><strong>atque,</strong></span> <span class='ocrx_word' id='word_1_153' title='bbox 3175 687 3233 733; x_wconf 90' lang='lat' dir='ltr'><strong>ut</strong></span> <span class='ocrx_word' id='word_1_154' title='bbox 3260 681 3610 750; x_wconf 71' lang='lat' dir='ltr'><strong>aequissimus</strong></span> 
     </span>
    </p>
   </div>
   <div class='ocr_carea' id='block_1_24' title="bbox 2024 767 3606 840">
    <p class='ocr_par' dir='ltr' id='par_1_24' title="bbox 2024 767 3606 840">
     <span class='ocr_line' id='line_1_24' title="bbox 2024 767 3606 840; baseline 0.001 -18"><span class='ocrx_word' id='word_1_155' title='bbox 2024 767 2258 836; x_wconf 89' lang='lat' dir='ltr'><strong>debitor,</strong></span> <span class='ocrx_word' id='word_1_156' title='bbox 2300 769 2447 839; x_wconf 89' lang='lat' dir='ltr'><strong>quod</strong></span> <span class='ocrx_word' id='word_1_157' title='bbox 2493 770 2561 823; x_wconf 89' lang='lat' dir='ltr'><strong>ah</strong></span> <span class='ocrx_word' id='word_1_158' title='bbox 2605 784 2935 840; x_wconf 89' lang='lat' dir='ltr'><strong>unoquoque</strong></span> <span class='ocrx_word' id='word_1_159' title='bbox 2971 769 3239 825; x_wconf 88' lang='lat' dir='ltr'><strong>elemento</strong></span> <span class='ocrx_word' id='word_1_160' title='bbox 3278 779 3606 840; x_wconf 83' lang='lat' dir='ltr'><strong>sumpserat,</strong></span> 
     </span>
    </p>
   </div>
   <div class='ocr_carea' id='block_1_25' title="bbox 2023 856 3612 931">
    <p class='ocr_par' dir='ltr' id='par_1_25' title="bbox 2023 856 3612 931">
     <span class='ocr_line' id='line_1_25' title="bbox 2023 856 3612 931; baseline 0.001 -17"><span class='ocrx_word' id='word_1_161' title='bbox 2023 857 2230 917; x_wconf 82' lang='lat' dir='ltr'><strong>eisdem</strong></span> <span class='ocrx_word' id='word_1_162' title='bbox 2265 861 2469 929; x_wconf 87' lang='lat' dir='ltr'><strong>optima</strong></span> <span class='ocrx_word' id='word_1_163' title='bbox 2511 858 2614 915; x_wconf 82' lang='lat' dir='ltr'><strong>tlde</strong></span> <span class='ocrx_word' id='word_1_164' title='bbox 2644 859 2985 916; x_wconf 84' lang='lat' dir='ltr'><strong>restitueret.</strong></span> <span class='ocrx_word' id='word_1_165' title='bbox 3024 856 3143 912; x_wconf 82' lang='lat' dir='ltr'><strong>Jam</strong></span> <span class='ocrx_word' id='word_1_166' title='bbox 3182 866 3244 912; x_wconf 92' lang='lat' dir='ltr'><strong>ut</strong></span> <span class='ocrx_word' id='word_1_167' title='bbox 3271 873 3372 913; x_wconf 88' lang='lat' dir='ltr'><strong>sua</strong></span> <span class='ocrx_word' id='word_1_168' title='bbox 3410 859 3612 931; x_wconf 89' lang='lat' dir='ltr'><strong>cuique</strong></span> 
     </span>
    </p>
   </div>
   <div class='ocr_carea' id='block_1_26' title="bbox 2024 948 3609 1023">
    <p class='ocr_par' dir='ltr' id='par_1_26' title="bbox 2024 948 3609 1023">
     <span class='ocr_line' id='line_1_26' title="bbox 2024 948 3609 1023; baseline 0.001 -18"><span class='ocrx_word' id='word_1_169' title='bbox 2024 948 2346 1016; x_wconf 86' lang='lat' dir='ltr'><strong>reddiderit,</strong></span> <span class='ocrx_word' id='word_1_170' title='bbox 2378 959 2508 1021; x_wconf 88' lang='lat' dir='ltr'><strong>puta</strong></span> <span class='ocrx_word' id='word_1_171' title='bbox 2537 950 2734 1023; x_wconf 81' lang='lat' dir='ltr'><strong>frigido</strong></span> <span class='ocrx_word' id='word_1_172' title='bbox 2760 950 3038 1022; x_wconf 78' lang='lat' dir='ltr'><strong>frigidum,</strong></span> <span class='ocrx_word' id='word_1_173' title='bbox 3064 959 3120 1005; x_wconf 93' lang='lat' dir='ltr'><strong>et</strong></span> <span class='ocrx_word' id='word_1_174' title='bbox 3146 950 3327 1007; x_wconf 88' lang='lat' dir='ltr'><strong>calido</strong></span> <span class='ocrx_word' id='word_1_175' title='bbox 3347 952 3609 1018; x_wconf 89' lang='lat' dir='ltr'><strong>calidum,</strong></span> 
     </span>
    </p>
   </div>
   <div class='ocr_carea' id='block_1_27' title="bbox 2024 1040 3611 1113">
    <p class='ocr_par' dir='ltr' id='par_1_27' title="bbox 2024 1040 3611 1113">
     <span class='ocr_line' id='line_1_27' title="bbox 2024 1040 3611 1113; baseline 0.001 -18"><span class='ocrx_word' id='word_1_176' title='bbox 2024 1040 2202 1112; x_wconf 92' lang='lat' dir='ltr'><strong>potuit</strong></span> <span class='ocrx_word' id='word_1_177' title='bbox 2255 1040 2310 1095; x_wconf 90' lang='lat' dir='ltr'><strong>id</strong></span> <span class='ocrx_word' id='word_1_178' title='bbox 2354 1041 2524 1098; x_wconf 84' lang='lat' dir='ltr'><strong>latere</strong></span> <span class='ocrx_word' id='word_1_179' title='bbox 2562 1042 2784 1113; x_wconf 89' lang='lat' dir='ltr'><strong>quidem</strong></span> <span class='ocrx_word' id='word_1_180' title='bbox 2833 1041 3160 1113; x_wconf 80' lang='lat' dir='ltr'><strong>discipulos,</strong></span> <span class='ocrx_word' id='word_1_181' title='bbox 3205 1042 3385 1113; x_wconf 88' lang='lat' dir='ltr'><strong>ipsum</strong></span> <span class='ocrx_word' id='word_1_182' title='bbox 3426 1050 3611 1098; x_wconf 88' lang='lat' dir='ltr'><strong>tamen</strong></span> 
     </span>
    </p>
   </div>
   <div class='ocr_carea' id='block_1_28' title="bbox 2024 1129 3616 1203">
    <p class='ocr_par' dir='ltr' id='par_1_28' title="bbox 2024 1129 3616 1203">
     <span class='ocr_line' id='line_1_28' title="bbox 2024 1129 3616 1203; baseline 0.003 -19"><span class='ocrx_word' id='word_1_183' title='bbox 2024 1143 2224 1198; x_wconf 77' lang='lat' dir='ltr'><strong>corpus</strong></span> <span class='ocrx_word' id='word_1_184' title='bbox 2261 1129 2467 1185; x_wconf 88' lang='lat' dir='ltr'><strong>siccum</strong></span> <span class='ocrx_word' id='word_1_185' title='bbox 2500 1130 2728 1186; x_wconf 88' lang='lat' dir='ltr'><strong>minime</strong></span> <span class='ocrx_word' id='word_1_186' title='bbox 2762 1130 2958 1201; x_wconf 89' lang='lat' dir='ltr'><strong>potuit.</strong></span> <span class='ocrx_word' id='word_1_187' title='bbox 2996 1129 3217 1186; x_wconf 88' lang='lat' dir='ltr'><strong>Siccum</strong></span> <span class='ocrx_word' id='word_1_188' title='bbox 3263 1133 3408 1189; x_wconf 89' lang='lat' dir='ltr'><strong>enim</strong></span> <span class='ocrx_word' id='word_1_189' title='bbox 3453 1133 3616 1203; x_wconf 85' lang='lat' dir='ltr'><strong>plane</strong></span> 
     </span>
    </p>
   </div>
   <div class='ocr_carea' id='block_1_29' title="bbox 2023 1219 3614 1292">
    <p class='ocr_par' dir='ltr' id='par_1_29' title="bbox 2023 1219 3614 1292">
     <span class='ocr_line' id='line_1_29' title="bbox 2023 1219 3614 1292; baseline 0.003 -18"><span class='ocrx_word' id='word_1_190' title='bbox 2023 1233 2226 1290; x_wconf 82' lang='lat' dir='ltr'><strong>corpus</strong></span> <span class='ocrx_word' id='word_1_191' title='bbox 2256 1219 2418 1291; x_wconf 74' lang='lat'><strong>383</strong></span> <span class='ocrx_word' id='word_1_192' title='bbox 2451 1228 2559 1287; x_wconf 89' lang='lat' dir='ltr'><strong>est,</strong></span> <span class='ocrx_word' id='word_1_193' title='bbox 2598 1235 2751 1286; x_wconf 90' lang='lat' dir='ltr'><strong>caro,</strong></span> <span class='ocrx_word' id='word_1_194' title='bbox 2797 1222 3043 1292; x_wconf 90' lang='lat' dir='ltr'><strong>inquam,</strong></span> <span class='ocrx_word' id='word_1_195' title='bbox 3074 1230 3131 1277; x_wconf 89' lang='lat' dir='ltr'><strong>et</strong></span> <span class='ocrx_word' id='word_1_196' title='bbox 3165 1238 3315 1278; x_wconf 87' lang='lat' dir='ltr'><strong>ossa.</strong></span> <span class='ocrx_word' id='word_1_197' title='bbox 3351 1222 3614 1279; x_wconf 88' lang='lat' dir='ltr'><strong>Similiter</strong></span> 
     </span>
    </p>
   </div>
   <div class='ocr_carea' id='block_1_30' title="bbox 2022 1308 3614 1379">
    <p class='ocr_par' dir='ltr' id='par_1_30' title="bbox 2022 1308 3614 1379">
     <span class='ocr_line' id='line_1_30' title="bbox 2022 1308 3614 1379; baseline 0.001 -15"><span class='ocrx_word' id='word_1_198' title='bbox 2022 1318 2077 1364; x_wconf 91' lang='lat' dir='ltr'><strong>et</strong></span> <span class='ocrx_word' id='word_1_199' title='bbox 2106 1308 2392 1362; x_wconf 89' lang='lat' dir='ltr'><strong>humidum</strong></span> <span class='ocrx_word' id='word_1_200' title='bbox 2421 1310 2607 1365; x_wconf 87' lang='lat' dir='ltr'><strong>sanies</strong></span> <span class='ocrx_word' id='word_1_201' title='bbox 2637 1317 2757 1376; x_wconf 89' lang='lat' dir='ltr'><strong>est,</strong></span> <span class='ocrx_word' id='word_1_202' title='bbox 2792 1316 2846 1365; x_wconf 93' lang='lat' dir='ltr'><strong>et</strong></span> <span class='ocrx_word' id='word_1_203' title='bbox 2893 1324 3024 1364; x_wconf 89' lang='lat' dir='ltr'><strong>caro</strong></span> <span class='ocrx_word' id='word_1_204' title='bbox 3066 1325 3187 1379; x_wconf 74' lang='lat' dir='ltr'><strong>qua:</strong></span> <span class='ocrx_word' id='word_1_205' title='bbox 3232 1311 3287 1365; x_wconf 90' lang='lat' dir='ltr'><strong>in</strong></span> <span class='ocrx_word' id='word_1_206' title='bbox 3328 1310 3614 1366; x_wconf 88' lang='lat' dir='ltr'><strong>humorem</strong></span> 
     </span>
    </p>
   </div>
   <div class='ocr_carea' id='block_1_31' title="bbox 2025 1397 3610 1473">
    <p class='ocr_par' dir='ltr' id='par_1_31' title="bbox 2025 1397 3610 1473">
     <span class='ocr_line' id='line_1_31' title="bbox 2025 1397 3610 1473; baseline 0.002 -21"><span class='ocrx_word' id='word_1_207' title='bbox 2025 1397 2347 1453; x_wconf 80' lang='lat' dir='ltr'><strong>extabescit.</strong></span> <span class='ocrx_word' id='word_1_208' title='bbox 2389 1397 2524 1465; x_wconf 79' lang='lat' dir='ltr'><strong>Qua:</strong></span> <span class='ocrx_word' id='word_1_209' title='bbox 2561 1400 2750 1456; x_wconf 88' lang='lat' dir='ltr'><strong>omnia</strong></span> <span class='ocrx_word' id='word_1_210' title='bbox 2790 1414 2915 1455; x_wconf 89' lang='lat' dir='ltr'><strong>cum</strong></span> <span class='ocrx_word' id='word_1_211' title='bbox 2956 1401 3250 1458; x_wconf 78' lang='lat' dir='ltr'><strong>manifeste</strong></span> <span class='ocrx_word' id='word_1_212' title='bbox 3293 1400 3610 1473; x_wconf 88' lang='lat' dir='ltr'><strong>deponeret,</strong></span> 
     </span>
    </p>
   </div>
   <div class='ocr_carea' id='block_1_32' title="bbox 2024 1490 3611 1563">
    <p class='ocr_par' dir='ltr' id='par_1_32' title="bbox 2024 1490 3611 1563">
     <span class='ocr_line' id='line_1_32' title="bbox 2024 1490 3611 1563; baseline 0.004 -20"><span class='ocrx_word' id='word_1_213' title='bbox 2024 1490 2287 1559; x_wconf 89' lang='lat' dir='ltr'><strong>apostolis</strong></span> <span class='ocrx_word' id='word_1_214' title='bbox 2332 1490 2449 1545; x_wconf 87' lang='lat' dir='ltr'><strong>suis</strong></span> <span class='ocrx_word' id='word_1_215' title='bbox 2488 1491 2716 1546; x_wconf 90' lang='lat' dir='ltr'><strong>omnino</strong></span> <span class='ocrx_word' id='word_1_216' title='bbox 2764 1492 3150 1563; x_wconf 82' lang='lat' dir='ltr'><strong>signiﬁcasset,</strong></span> <span class='ocrx_word' id='word_1_217' title='bbox 3204 1501 3267 1547; x_wconf 89' lang='lat' dir='ltr'><strong>ut</strong></span> <span class='ocrx_word' id='word_1_218' title='bbox 3315 1502 3478 1548; x_wconf 89' lang='lat' dir='ltr'><strong>antea</strong></span> <span class='ocrx_word' id='word_1_219' title='bbox 3527 1494 3611 1549; x_wconf 82' lang='lat' dir='ltr'><strong>fe-</strong></span> 
     </span>
    </p>
   </div>
   <div class='ocr_carea' id='block_1_33' title="bbox 2023 1582 3608 1653">
    <p class='ocr_par' dir='ltr' id='par_1_33' title="bbox 2023 1582 3608 1653">
     <span class='ocr_line' id='line_1_33' title="bbox 2023 1582 3608 1653; baseline 0.003 -19"><span class='ocrx_word' id='word_1_220' title='bbox 2023 1589 2195 1643; x_wconf 88' lang='lat' dir='ltr'><strong>cerat,</strong></span> <span class='ocrx_word' id='word_1_221' title='bbox 2246 1596 2370 1635; x_wconf 91' lang='lat' dir='ltr'><strong>eum</strong></span> <span class='ocrx_word' id='word_1_222' title='bbox 2423 1582 2544 1651; x_wconf 88' lang='lat' dir='ltr'><strong>ejus</strong></span> <span class='ocrx_word' id='word_1_223' title='bbox 2585 1597 2787 1652; x_wconf 90' lang='lat' dir='ltr'><strong>corpus</strong></span> <span class='ocrx_word' id='word_1_224' title='bbox 2833 1584 3087 1653; x_wconf 89' lang='lat' dir='ltr'><strong>sepulcro</strong></span> <span class='ocrx_word' id='word_1_225' title='bbox 3136 1584 3455 1640; x_wconf 86' lang='lat' dir='ltr'><strong>mandatum</strong></span> <span class='ocrx_word' id='word_1_226' title='bbox 3501 1592 3608 1641; x_wconf 88' lang='lat' dir='ltr'><strong>est.</strong></span> 
     </span>
    </p>
   </div>
   <div class='ocr_carea' id='block_1_34' title="bbox 2024 1669 3612 1745">
    <p class='ocr_par' dir='ltr' id='par_1_34' title="bbox 2024 1669 3612 1745">
     <span class='ocr_line' id='line_1_34' title="bbox 2024 1669 3612 1745; baseline 0.003 -20"><span class='ocrx_word' id='word_1_227' title='bbox 2024 1669 2165 1725; x_wconf 87' lang='lat' dir='ltr'><strong>Tum</strong></span> <span class='ocrx_word' id='word_1_228' title='bbox 2193 1670 2341 1726; x_wconf 89' lang='lat' dir='ltr'><strong>enim</strong></span> <span class='ocrx_word' id='word_1_229' title='bbox 2376 1670 2616 1742; x_wconf 88' lang='lat' dir='ltr'><strong>Josepho</strong></span> <span class='ocrx_word' id='word_1_230' title='bbox 2649 1672 3073 1730; x_wconf 63' lang='lat' dir='ltr'><strong>Arimatliaeensi</strong></span> <span class='ocrx_word' id='word_1_231' title='bbox 3106 1674 3458 1745; x_wconf 82' lang='lat' dir='ltr'><strong>permissum,</strong></span> <span class='ocrx_word' id='word_1_232' title='bbox 3494 1674 3612 1729; x_wconf 66' lang='lat' dir='ltr'><strong>sin»</strong></span> 
     </span>
    </p>
   </div>
   <div class='ocr_carea' id='block_1_35' title="bbox 339 1750 1923 1837">
    <p class='ocr_par' dir='ltr' id='par_1_35' title="bbox 339 1761 1922 1837">
     <span class='ocr_line' id='line_1_35' title="bbox 339 1761 1922 1837; baseline -0.001 -15"><span class='ocrx_word' id='word_1_233' title='bbox 339 1768 399 1822; x_wconf 78' lang='grc' dir='ltr'><strong>ἐν</strong></span> <span class='ocrx_word' id='word_1_234' title='bbox 435 1766 697 1837; x_wconf 81' lang='grc' dir='ltr'>μνήματι.</span> <span class='ocrx_word' id='word_1_235' title='bbox 730 1765 882 1835; x_wconf 72' lang='grc' dir='ltr'>’Ἅμα</span> <span class='ocrx_word' id='word_1_236' title='bbox 908 1764 966 1820; x_wconf 76' lang='grc' dir='ltr'>δὲ</span> <span class='ocrx_word' id='word_1_237' title='bbox 997 1765 1091 1818; x_wconf 73' lang='grc' dir='ltr'><strong>καὶ</strong></span> <span class='ocrx_word' id='word_1_238' title='bbox 1118 1764 1175 1817; x_wconf 90' lang='grc' dir='ltr'><strong>αἰ</strong></span> <span class='ocrx_word' id='word_1_239' title='bbox 1196 1767 1451 1833; x_wconf 77' lang='grc' dir='ltr'>γυναῖκες</span> <span class='ocrx_word' id='word_1_240' title='bbox 1483 1761 1628 1837; x_wconf 81' lang='grc' dir='ltr'>εἰχον</span> <span class='ocrx_word' id='word_1_241' title='bbox 1657 1764 1785 1819; x_wconf 85' lang='grc' dir='ltr'>ἰδεῖν</span> <span class='ocrx_word' id='word_1_242' title='bbox 1818 1765 1922 1820; x_wconf 89' lang='grc' dir='ltr'><strong>ποῦ</strong></span> 
     </span>
    </p>
   </div>
   <div class='ocr_carea' id='block_1_36' title="bbox 2028 1750 3609 1837">
    <p class='ocr_par' dir='ltr' id='par_1_36' title="bbox 2028 1763 3609 1835">
     <span class='ocr_line' id='line_1_36' title="bbox 2028 1763 3609 1835; baseline 0.001 -17"><span class='ocrx_word' id='word_1_243' title='bbox 2028 1763 2172 1818; x_wconf 91' lang='lat' dir='ltr'><strong>done</strong></span> <span class='ocrx_word' id='word_1_244' title='bbox 2207 1772 2265 1817; x_wconf 88' lang='lat' dir='ltr'><strong>ut</strong></span> <span class='ocrx_word' id='word_1_245' title='bbox 2294 1763 2430 1817; x_wconf 92' lang='lat' dir='ltr'><strong>illud</strong></span> <span class='ocrx_word' id='word_1_246' title='bbox 2463 1764 2798 1829; x_wconf 84' lang='lat' dir='ltr'><strong>obvolveret,</strong></span> <span class='ocrx_word' id='word_1_247' title='bbox 2832 1774 2999 1835; x_wconf 86' lang='lat' dir='ltr'><strong>atque</strong></span> <span class='ocrx_word' id='word_1_248' title='bbox 3032 1766 3088 1819; x_wconf 89' lang='lat' dir='ltr'><strong>in</strong></span> <span class='ocrx_word' id='word_1_249' title='bbox 3123 1774 3480 1820; x_wconf 89' lang='lat' dir='ltr'><strong>monumento</strong></span> <span class='ocrx_word' id='word_1_250' title='bbox 3511 1764 3609 1819; x_wconf 89' lang='lat' dir='ltr'><strong>de-</strong></span> 
     </span>
    </p>
   </div>
   <div class='ocr_carea' id='block_1_37' title="bbox 338 1852 1923 1928">
    <p class='ocr_par' dir='ltr' id='par_1_37' title="bbox 338 1852 1923 1928">
     <span class='ocr_line' id='line_1_37' title="bbox 338 1852 1923 1928; baseline -0.001 -15"><span class='ocrx_word' id='word_1_251' title='bbox 338 1856 667 1927; x_wconf 79' lang='grc' dir='ltr'>κατελείφθη</span> <span class='ocrx_word' id='word_1_252' title='bbox 695 1855 765 1910; x_wconf 75' lang='grc' dir='ltr'>τὰ</span> <span class='ocrx_word' id='word_1_253' title='bbox 802 1855 1057 1925; x_wconf 76' lang='grc' dir='ltr'>λείψανα,</span> <span class='ocrx_word' id='word_1_254' title='bbox 1089 1855 1177 1908; x_wconf 84' lang='grc' dir='ltr'>ῐνα</span> <span class='ocrx_word' id='word_1_255' title='bbox 1210 1856 1349 1909; x_wconf 80' lang='grc' dir='ltr'><strong>αύτά</strong></span> <span class='ocrx_word' id='word_1_256' title='bbox 1392 1852 1663 1927; x_wconf 76' lang='grc' dir='ltr'><strong>τιμήσωσι</strong></span> <span class='ocrx_word' id='word_1_257' title='bbox 1694 1856 1782 1911; x_wconf 76' lang='grc' dir='ltr'>διὰ</span> <span class='ocrx_word' id='word_1_258' title='bbox 1822 1857 1923 1928; x_wconf 86' lang='grc' dir='ltr'>μύ-</span> 
     </span>
    </p>
   </div>
   <div class='ocr_carea' id='block_1_38' title="bbox 343 1946 1921 2021">
    <p class='ocr_par' dir='ltr' id='par_1_38' title="bbox 343 1946 1921 2021">
     <span class='ocr_line' id='line_1_38' title="bbox 343 1946 1921 2021; baseline 0.001 -20"><span class='ocrx_word' id='word_1_259' title='bbox 343 1966 450 2021; x_wconf 91' lang='grc' dir='ltr'><strong>ρων</strong></span> <span class='ocrx_word' id='word_1_260' title='bbox 476 1948 571 2003; x_wconf 74' lang='grc' dir='ltr'>καὶ</span> <span class='ocrx_word' id='word_1_261' title='bbox 599 1947 927 2019; x_wconf 88' lang='grc' dir='ltr'>ἀρωμάτων,</span> <span class='ocrx_word' id='word_1_262' title='bbox 957 1948 1032 2011; x_wconf 83' lang='grc' dir='ltr'>ὡς</span> <span class='ocrx_word' id='word_1_263' title='bbox 1063 1946 1124 2000; x_wconf 92' lang='grc' dir='ltr'>τὸ</span> <span class='ocrx_word' id='word_1_264' title='bbox 1144 1946 1380 2018; x_wconf 85' lang='grc' dir='ltr'>πρῶτον.</span> <span class='ocrx_word' id='word_1_265' title='bbox 1430 1946 1569 2000; x_wconf 81' lang='grc' dir='ltr'>Ἀλλ’</span> <span class='ocrx_word' id='word_1_266' title='bbox 1591 1948 1830 2020; x_wconf 82' lang='grc' dir='ltr'><strong>οὐδαμοῦ</strong></span> <span class='ocrx_word' id='word_1_267' title='bbox 1860 1949 1921 2007; x_wconf 89' lang='grc' dir='ltr'>τὸ</span> 
     </span>
    </p>
   </div>
   <div class='ocr_carea' id='block_1_39' title="bbox 337 2028 1919 2108">
    <p class='ocr_par' dir='ltr' id='par_1_39' title="bbox 337 2028 1919 2108">
     <span class='ocr_line' id='line_1_39' title="bbox 337 2028 1919 2108; baseline 0 -16"><span class='ocrx_word' id='word_1_268' title='bbox 337 2037 531 2108; x_wconf 79' lang='grc' dir='ltr'>ψεῦδος</span> <span class='ocrx_word' id='word_1_269' title='bbox 561 2036 712 2107; x_wconf 80' lang='grc' dir='ltr'>ὑμῶν</span> <span class='ocrx_word' id='word_1_270' title='bbox 736 2035 891 2089; x_wconf 88' lang='grc' dir='ltr'><strong>τοῦτο</strong></span> <span class='ocrx_word' id='word_1_271' title='bbox 920 2035 1241 2105; x_wconf 82' lang='grc' dir='ltr'>δεδήλωται,</span> <span class='ocrx_word' id='word_1_272' title='bbox 1276 2028 1321 2088; x_wconf 82' lang='grc' dir='ltr'><strong>ὦ</strong></span> <span class='ocrx_word' id='word_1_273' title='bbox 1366 2036 1737 2106; x_wconf 82' lang='grc' dir='ltr'>Ἀπελληῖανοὶ</span> <span class='ocrx_word' id='word_1_274' title='bbox 1761 2075 1777 2102; x_wconf 86' lang='grc'><strong>,</strong></span> <span class='ocrx_word' id='word_1_275' title='bbox 1809 2039 1919 2092; x_wconf 85' lang='grc' dir='ltr'><strong>ἀπὸ</strong></span> 
     </span>
    </p>
   </div>
   <div class='ocr_carea' id='block_1_40' title="bbox 338 2126 1921 2198">
    <p class='ocr_par' dir='ltr' id='par_1_40' title="bbox 338 2126 1921 2198">
     <span class='ocr_line' id='line_1_40' title="bbox 338 2126 1921 2198; baseline 0.001 -16"><span class='ocrx_word' id='word_1_276' title='bbox 338 2130 457 2194; x_wconf 79' lang='grc' dir='ltr'>ἐνὸς</span> <span class='ocrx_word' id='word_1_277' title='bbox 495 2128 605 2182; x_wconf 82' lang='grc' dir='ltr'><strong>τῶν</strong></span> <span class='ocrx_word' id='word_1_278' title='bbox 626 2128 795 2197; x_wconf 83' lang='grc' dir='ltr'>ἁγίων</span> <span class='ocrx_word' id='word_1_279' title='bbox 819 2126 1148 2181; x_wconf 84' lang='grc' dir='ltr'>ἀποστόλων.</span> <span class='ocrx_word' id='word_1_280' title='bbox 1177 2128 1253 2180; x_wconf 81' lang='grc' dir='ltr'><strong>Οὐ</strong></span> <span class='ocrx_word' id='word_1_281' title='bbox 1278 2128 1386 2198; x_wconf 89' lang='grc' dir='ltr'><strong>γάρ</strong></span> <span class='ocrx_word' id='word_1_282' title='bbox 1414 2130 1580 2181; x_wconf 87' lang='grc' dir='ltr'>ἐστιν.</span> <span class='ocrx_word' id='word_1_283' title='bbox 1618 2129 1776 2182; x_wconf 80' lang='grc' dir='ltr'>Ἀλλά</span> <span class='ocrx_word' id='word_1_284' title='bbox 1794 2130 1921 2193; x_wconf 80' lang='grc' dir='ltr'>τοὺς</span> 
     </span>
    </p>
   </div>
   <div class='ocr_carea' id='block_1_41' title="bbox 342 2214 1921 2292">
    <p class='ocr_par' dir='ltr' id='par_1_41' title="bbox 342 2214 1921 2292">
     <span class='ocr_line' id='line_1_41' title="bbox 342 2214 1921 2292; baseline 0 -18"><span class='ocrx_word' id='word_1_285' title='bbox 342 2221 441 2291; x_wconf 83' lang='grc' dir='ltr'>μὲν</span> <span class='ocrx_word' id='word_1_286' title='bbox 466 2221 729 2292; x_wconf 84' lang='grc' dir='ltr'>ἀοράτους</span> <span class='ocrx_word' id='word_1_287' title='bbox 758 2219 967 2290; x_wconf 82' lang='grc' dir='ltr'><strong>ὁρατῶς</strong></span> <span class='ocrx_word' id='word_1_288' title='bbox 995 2214 1134 2272; x_wconf 81' lang='grc' dir='ltr'>εἶδον</span> <span class='ocrx_word' id='word_1_289' title='bbox 1158 2218 1251 2272; x_wconf 85' lang='grc' dir='ltr'><strong>δύο</strong></span> <span class='ocrx_word' id='word_1_290' title='bbox 1274 2219 1472 2290; x_wconf 84' lang='grc' dir='ltr'>ἀνδρας</span> <span class='ocrx_word' id='word_1_291' title='bbox 1488 2259 1502 2282; x_wconf 90' lang='grc'><strong>,</strong></span> <span class='ocrx_word' id='word_1_292' title='bbox 1530 2220 1622 2273; x_wconf 77' lang='grc' dir='ltr'>καὶ</span> <span class='ocrx_word' id='word_1_293' title='bbox 1658 2219 1818 2274; x_wconf 77' lang='grc' dir='ltr'>αὐτὸν</span> <span class='ocrx_word' id='word_1_294' title='bbox 1839 2223 1921 2284; x_wconf 85' lang='grc' dir='ltr'><strong>εἰς</strong></span> 
     </span>
    </p>
   </div>
   <div class='ocr_carea' id='block_1_42' title="bbox 334 2308 1920 2383">
    <p class='ocr_par' dir='ltr' id='par_1_42' title="bbox 334 2308 1920 2383">
     <span class='ocr_line' id='line_1_42' title="bbox 334 2308 1920 2383; baseline -0.001 -16"><span class='ocrx_word' id='word_1_295' title='bbox 334 2310 565 2383; x_wconf 71' lang='grc' dir='ltr'>οὐρανὸν</span> <span class='ocrx_word' id='word_1_296' title='bbox 617 2310 975 2381; x_wconf 81' lang='grc' dir='ltr'>ἀνερχόμενον</span> <span class='ocrx_word' id='word_1_297' title='bbox 1006 2348 1021 2373; x_wconf 92' lang='grc'><strong>,</strong></span> <span class='ocrx_word' id='word_1_298' title='bbox 1069 2308 1164 2361; x_wconf 69' lang='grc' dir='ltr'><strong>καὶ</strong></span> <span class='ocrx_word' id='word_1_299' title='bbox 1217 2308 1322 2361; x_wconf 86' lang='grc' dir='ltr'>ὑπὸ</span> <span class='ocrx_word' id='word_1_300' title='bbox 1375 2308 1601 2380; x_wconf 80' lang='grc' dir='ltr'>νεφέλης</span> <span class='ocrx_word' id='word_1_301' title='bbox 1651 2310 1920 2379; x_wconf 86' lang='grc' dir='ltr'>φωτεινῆς</span> 
     </span>
    </p>
   </div>
   <div class='ocr_carea' id='block_1_43' title="bbox 338 2396 1917 2472">
    <p class='ocr_par' dir='ltr' id='par_1_43' title="bbox 338 2396 1917 2472">
     <span class='ocr_line' id='line_1_43' title="bbox 338 2396 1917 2472; baseline -0.001 -17"><span class='ocrx_word' id='word_1_302' title='bbox 338 2401 873 2472; x_wconf 68' lang='grc' dir='ltr'>ὑπολαμϐανόμενον,</span> <span class='ocrx_word' id='word_1_303' title='bbox 910 2398 1162 2468; x_wconf 78' lang='grc' dir='ltr'>λείψανον</span> <span class='ocrx_word' id='word_1_304' title='bbox 1189 2396 1246 2452; x_wconf 77' lang='grc' dir='ltr'><strong>δέ</strong></span> <span class='ocrx_word' id='word_1_305' title='bbox 1274 2399 1437 2452; x_wconf 81' lang='grc' dir='ltr'><strong>αὑτοῦ</strong></span> <span class='ocrx_word' id='word_1_306' title='bbox 1467 2399 1703 2470; x_wconf 79' lang='grc' dir='ltr'><strong>οὐδαμοῦ</strong></span> <span class='ocrx_word' id='word_1_307' title='bbox 1752 2418 1917 2455; x_wconf 71' lang='grc' dir='ltr'>καταο</span> 
     </span>
    </p>
   </div>
   <div class='ocr_carea' id='block_1_44' title="bbox 337 2492 1920 2565">
    <p class='ocr_par' dir='ltr' id='par_1_44' title="bbox 337 2492 1920 2565">
     <span class='ocr_line' id='line_1_44' title="bbox 337 2492 1920 2565; baseline 0 -18"><span class='ocrx_word' id='word_1_308' title='bbox 337 2494 707 2564; x_wconf 78' lang='grc' dir='ltr'>λελειμμένον.</span> <span class='ocrx_word' id='word_1_309' title='bbox 764 2493 837 2546; x_wconf 78' lang='grc' dir='ltr'><strong>Οὐ</strong></span> <span class='ocrx_word' id='word_1_310' title='bbox 885 2492 993 2565; x_wconf 83' lang='grc' dir='ltr'><strong>γὰρ</strong></span> <span class='ocrx_word' id='word_1_311' title='bbox 1031 2492 1198 2565; x_wconf 82' lang='grc' dir='ltr'>ἐχρῆν</span> <span class='ocrx_word' id='word_1_312' title='bbox 1225 2531 1240 2555; x_wconf 88' lang='grc'><strong>,</strong></span> <span class='ocrx_word' id='word_1_313' title='bbox 1293 2493 1414 2545; x_wconf 78' lang='grc' dir='ltr'><strong>οὐδὲ</strong></span> <span class='ocrx_word' id='word_1_314' title='bbox 1465 2493 1755 2563; x_wconf 80' lang='grc' dir='ltr'>ἐνεδέχετο.</span> <span class='ocrx_word' id='word_1_315' title='bbox 1808 2495 1920 2547; x_wconf 83' lang='lat' dir='ltr'><strong>Kal.</strong></span> 
     </span>
    </p>
   </div>
   <div class='ocr_carea' id='block_1_45' title="bbox 335 2584 1917 2658">
    <p class='ocr_par' dir='ltr' id='par_1_45' title="bbox 335 2584 1917 2658">
     <span class='ocr_line' id='line_1_45' title="bbox 335 2584 1917 2658; baseline 0.002 -19"><span class='ocrx_word' id='word_1_316' title='bbox 335 2586 587 2658; x_wconf 74' lang='grc' dir='ltr'>ψεύδεται</span> <span class='ocrx_word' id='word_1_317' title='bbox 632 2585 892 2656; x_wconf 69' lang='grc' dir='ltr'>Ἀπελλῆς</span> <span class='ocrx_word' id='word_1_318' title='bbox 913 2625 928 2649; x_wconf 90' lang='grc'><strong>,</strong></span> <span class='ocrx_word' id='word_1_319' title='bbox 967 2584 1061 2638; x_wconf 81' lang='grc' dir='ltr'><strong>καὶ</strong></span> <span class='ocrx_word' id='word_1_320' title='bbox 1093 2586 1140 2639; x_wconf 87' lang='grc' dir='ltr'><strong>οἰ</strong></span> <span class='ocrx_word' id='word_1_321' title='bbox 1180 2586 1277 2639; x_wconf 80' lang='grc' dir='ltr'><strong>ἀπ’</strong></span> <span class='ocrx_word' id='word_1_322' title='bbox 1318 2584 1483 2639; x_wconf 81' lang='grc' dir='ltr'><strong>αὐτοῦ</strong></span> <span class='ocrx_word' id='word_1_323' title='bbox 1521 2584 1917 2655; x_wconf 80' lang='grc' dir='ltr'>’Δπελληῖανοί.</span> 
     </span>
    </p>
   </div>
   <div class='ocr_carea' id='block_1_46' title="bbox 2029 1854 3607 1923">
    <p class='ocr_par' dir='ltr' id='par_1_46' title="bbox 2029 1854 3607 1923">
     <span class='ocr_line' id='line_1_46' title="bbox 2029 1854 3607 1923; baseline 0.003 -15"><span class='ocrx_word' id='word_1_324' title='bbox 2029 1863 2277 1923; x_wconf 86' lang='lat' dir='ltr'><strong>poneret.</strong></span> <span class='ocrx_word' id='word_1_325' title='bbox 2320 1854 2593 1911; x_wconf 64' lang='lat' dir='ltr'><strong>Praeterea</strong></span> <span class='ocrx_word' id='word_1_326' title='bbox 2634 1857 2897 1912; x_wconf 89' lang='lat' dir='ltr'><strong>mulieres</strong></span> <span class='ocrx_word' id='word_1_327' title='bbox 2938 1859 3120 1913; x_wconf 90' lang='lat' dir='ltr'><strong>locum</strong></span> <span class='ocrx_word' id='word_1_328' title='bbox 3162 1859 3314 1913; x_wconf 91' lang='lat' dir='ltr'><strong>illum</strong></span> <span class='ocrx_word' id='word_1_329' title='bbox 3357 1858 3607 1913; x_wconf 86' lang='lat' dir='ltr'><strong>animad-</strong></span> 
     </span>
    </p>
   </div>
   <div class='ocr_carea' id='block_1_47' title="bbox 2032 1947 3608 2019">
    <p class='ocr_par' dir='ltr' id='par_1_47' title="bbox 2032 1947 3608 2019">
     <span class='ocr_line' id='line_1_47' title="bbox 2032 1947 3608 2019; baseline 0.003 -20"><span class='ocrx_word' id='word_1_330' title='bbox 2032 1952 2252 2001; x_wconf 80' lang='lat' dir='ltr'><strong>vertere</strong></span> <span class='ocrx_word' id='word_1_331' title='bbox 2267 1947 2599 2017; x_wconf 87' lang='lat' dir='ltr'><strong>potuissent,</strong></span> <span class='ocrx_word' id='word_1_332' title='bbox 2624 1950 2712 2002; x_wconf 90' lang='lat' dir='ltr'><strong>cui</strong></span> <span class='ocrx_word' id='word_1_333' title='bbox 2730 1950 2976 2019; x_wconf 69' lang='lat' dir='ltr'><strong>reliquiae</strong></span> <span class='ocrx_word' id='word_1_334' title='bbox 2989 1951 3386 2007; x_wconf 67' lang='lat' dir='ltr'><strong>commendatze</strong></span> <span class='ocrx_word' id='word_1_335' title='bbox 3408 1951 3608 2017; x_wconf 75' lang='lat' dir='ltr'><strong>forent,</strong></span> 
     </span>
    </p>
   </div>
   <div class='ocr_carea' id='block_1_48' title="bbox 2024 2038 3614 2107">
    <p class='ocr_par' dir='ltr' id='par_1_48' title="bbox 2024 2038 3614 2107">
     <span class='ocr_line' id='line_1_48' title="bbox 2024 2038 3614 2107; baseline 0.004 -17"><span class='ocrx_word' id='word_1_336' title='bbox 2024 2044 2086 2090; x_wconf 88' lang='lat' dir='ltr'><strong>ut</strong></span> <span class='ocrx_word' id='word_1_337' title='bbox 2119 2052 2216 2094; x_wconf 85' lang='lat' dir='ltr'><strong>eas</strong></span> <span class='ocrx_word' id='word_1_338' title='bbox 2256 2038 2549 2107; x_wconf 82' lang='lat' dir='ltr'><strong>unguentis</strong></span> <span class='ocrx_word' id='word_1_339' title='bbox 2593 2046 2648 2093; x_wconf 92' lang='lat' dir='ltr'><strong>et</strong></span> <span class='ocrx_word' id='word_1_340' title='bbox 2691 2043 3030 2096; x_wconf 88' lang='lat' dir='ltr'><strong>aromatibus</strong></span> <span class='ocrx_word' id='word_1_341' title='bbox 3077 2042 3384 2098; x_wconf 79' lang='lat' dir='ltr'><strong>honoriﬁce</strong></span> <span class='ocrx_word' id='word_1_342' title='bbox 3428 2042 3614 2097; x_wconf 88' lang='lat' dir='ltr'><strong>condi-</strong></span> 
     </span>
    </p>
   </div>
   <div class='ocr_carea' id='block_1_49' title="bbox 2027 2129 3612 2204">
    <p class='ocr_par' dir='ltr' id='par_1_49' title="bbox 2027 2129 3612 2204">
     <span class='ocr_line' id='line_1_49' title="bbox 2027 2129 3612 2204; baseline 0.003 -21"><span class='ocrx_word' id='word_1_343' title='bbox 2027 2138 2168 2184; x_wconf 87' lang='lat' dir='ltr'><strong>rent.</strong></span> <span class='ocrx_word' id='word_1_344' title='bbox 2233 2129 2340 2185; x_wconf 90' lang='lat' dir='ltr'><strong>Sed</strong></span> <span class='ocrx_word' id='word_1_345' title='bbox 2370 2133 2473 2188; x_wconf 91' lang='lat' dir='ltr'><strong>hoc</strong></span> <span class='ocrx_word' id='word_1_346' title='bbox 2502 2141 2766 2197; x_wconf 90' lang='lat' dir='ltr'><strong>vestrum,</strong></span> <span class='ocrx_word' id='word_1_347' title='bbox 2800 2134 3129 2204; x_wconf 87' lang='lat' dir='ltr'><strong>Apelleiani,</strong></span> <span class='ocrx_word' id='word_1_348' title='bbox 3164 2135 3509 2189; x_wconf 84' lang='lat' dir='ltr'><strong>mendacium</strong></span> <span class='ocrx_word' id='word_1_349' title='bbox 3544 2149 3612 2188; x_wconf 89' lang='lat' dir='ltr'><strong>ne</strong></span> 
     </span>
    </p>
   </div>
   <div class='ocr_carea' id='block_1_50' title="bbox 2028 2221 3611 2301">
    <p class='ocr_par' dir='ltr' id='par_1_50' title="bbox 2028 2221 3611 2301">
     <span class='ocr_line' id='line_1_50' title="bbox 2028 2221 3611 2301; baseline 0.003 -27"><span class='ocrx_word' id='word_1_350' title='bbox 2028 2235 2171 2275; x_wconf 91' lang='lat' dir='ltr'><strong>unus</strong></span> <span class='ocrx_word' id='word_1_351' title='bbox 2210 2221 2432 2301; x_wconf 82' lang='lat' dir='ltr'><strong>quidem</strong></span> <span class='ocrx_word' id='word_1_352' title='bbox 2473 2239 2537 2278; x_wconf 83' lang='lat' dir='ltr'><strong>ex</strong></span> <span class='ocrx_word' id='word_1_353' title='bbox 2578 2225 2844 2294; x_wconf 88' lang='lat' dir='ltr'><strong>apostolis</strong></span> <span class='ocrx_word' id='word_1_354' title='bbox 2884 2225 3358 2279; x_wconf 87' lang='lat' dir='ltr'><strong>commemoravit.</strong></span> <span class='ocrx_word' id='word_1_355' title='bbox 3400 2224 3611 2294; x_wconf 87' lang='lat' dir='ltr'><strong>Quippe</strong></span> 
     </span>
    </p>
   </div>
   <div class='ocr_carea' id='block_1_51' title="bbox 2025 2314 3606 2386">
    <p class='ocr_par' dir='ltr' id='par_1_51' title="bbox 2025 2314 3606 2386">
     <span class='ocr_line' id='line_1_51' title="bbox 2025 2314 3606 2386; baseline 0.001 -19"><span class='ocrx_word' id='word_1_356' title='bbox 2025 2329 2308 2384; x_wconf 87' lang='lat' dir='ltr'><strong>nunquam</strong></span> <span class='ocrx_word' id='word_1_357' title='bbox 2340 2316 2411 2369; x_wconf 89' lang='lat' dir='ltr'><strong>ita</strong></span> <span class='ocrx_word' id='word_1_358' title='bbox 2440 2323 2654 2386; x_wconf 82' lang='lat' dir='ltr'><strong>gestum</strong></span> <span class='ocrx_word' id='word_1_359' title='bbox 2686 2317 2816 2370; x_wconf 91' lang='lat' dir='ltr'><strong>illud</strong></span> <span class='ocrx_word' id='word_1_360' title='bbox 2851 2324 2955 2372; x_wconf 92' lang='lat' dir='ltr'><strong>est.</strong></span> <span class='ocrx_word' id='word_1_361' title='bbox 2986 2314 3188 2371; x_wconf 86' lang='lat' dir='ltr'><strong>Verum</strong></span> <span class='ocrx_word' id='word_1_362' title='bbox 3218 2316 3357 2371; x_wconf 90' lang='lat' dir='ltr'><strong>duos</strong></span> <span class='ocrx_word' id='word_1_363' title='bbox 3386 2317 3606 2386; x_wconf 86' lang='lat' dir='ltr'><strong>quidem</strong></span> 
     </span>
    </p>
   </div>
   <div class='ocr_carea' id='block_1_52' title="bbox 2026 2407 3611 2477">
    <p class='ocr_par' dir='ltr' id='par_1_52' title="bbox 2026 2407 3611 2477">
     <span class='ocr_line' id='line_1_52' title="bbox 2026 2407 3611 2477; baseline 0.002 -18"><span class='ocrx_word' id='word_1_364' title='bbox 2026 2420 2127 2475; x_wconf 92' lang='lat' dir='ltr'><strong>per</strong></span> <span class='ocrx_word' id='word_1_365' title='bbox 2148 2420 2271 2460; x_wconf 90' lang='lat' dir='ltr'><strong>sese</strong></span> <span class='ocrx_word' id='word_1_366' title='bbox 2295 2407 2517 2462; x_wconf 90' lang='lat' dir='ltr'><strong>minime</strong></span> <span class='ocrx_word' id='word_1_367' title='bbox 2548 2407 2933 2477; x_wconf 87' lang='lat' dir='ltr'><strong>aspectabiles,</strong></span> <span class='ocrx_word' id='word_1_368' title='bbox 2968 2418 3190 2462; x_wconf 81' lang='lat' dir='ltr'><strong>externa</strong></span> <span class='ocrx_word' id='word_1_369' title='bbox 3222 2415 3403 2461; x_wconf 85' lang='lat' dir='ltr'><strong>tamen</strong></span> <span class='ocrx_word' id='word_1_370' title='bbox 3428 2407 3611 2477; x_wconf 92' lang='lat' dir='ltr'><strong>specie</strong></span> 
     </span>
    </p>
   </div>
   <div class='ocr_carea' id='block_1_53' title="bbox 2018 2498 3607 2570">
    <p class='ocr_par' dir='ltr' id='par_1_53' title="bbox 2018 2498 3607 2570">
     <span class='ocr_line' id='line_1_53' title="bbox 2018 2498 3607 2570; baseline 0.002 -20"><span class='ocrx_word' id='word_1_371' title='bbox 2018 2505 2350 2567; x_wconf 88' lang='lat' dir='ltr'><strong>apparentes</strong></span> <span class='ocrx_word' id='word_1_372' title='bbox 2382 2498 2532 2554; x_wconf 88' lang='lat' dir='ltr'><strong>viros</strong></span> <span class='ocrx_word' id='word_1_373' title='bbox 2563 2499 2746 2563; x_wconf 80' lang='lat' dir='ltr'><strong>intuiti</strong></span> <span class='ocrx_word' id='word_1_374' title='bbox 2780 2508 2943 2566; x_wconf 87' lang='lat' dir='ltr'><strong>sunt,</strong></span> <span class='ocrx_word' id='word_1_375' title='bbox 2993 2501 3284 2570; x_wconf 90' lang='lat' dir='ltr'><strong>ipsumque</strong></span> <span class='ocrx_word' id='word_1_376' title='bbox 3318 2499 3371 2553; x_wconf 88' lang='lat' dir='ltr'><strong>in</strong></span> <span class='ocrx_word' id='word_1_377' title='bbox 3409 2500 3607 2554; x_wconf 75' lang='lat' dir='ltr'><strong>cmlum</strong></span> 
     </span>
    </p>
   </div>
   <div class='ocr_carea' id='block_1_54' title="bbox 2018 2588 3611 2653">
    <p class='ocr_par' dir='ltr' id='par_1_54' title="bbox 2018 2588 3611 2653">
     <span class='ocr_line' id='line_1_54' title="bbox 2018 2588 3611 2653; baseline -0.001 -11"><span class='ocrx_word' id='word_1_378' title='bbox 2018 2588 2431 2652; x_wconf 85' lang='lat' dir='ltr'><strong>ascendentem,</strong></span> <span class='ocrx_word' id='word_1_379' title='bbox 2477 2605 2542 2644; x_wconf 89' lang='lat' dir='ltr'><strong>ac</strong></span> <span class='ocrx_word' id='word_1_380' title='bbox 2584 2590 2768 2644; x_wconf 88' lang='lat' dir='ltr'><strong>lucida</strong></span> <span class='ocrx_word' id='word_1_381' title='bbox 2804 2590 2951 2643; x_wconf 84' lang='lat' dir='ltr'><strong>nube</strong></span> <span class='ocrx_word' id='word_1_382' title='bbox 2979 2588 3379 2643; x_wconf 82' lang='lat' dir='ltr'><strong>circumfusum</strong></span> <span class='ocrx_word' id='word_1_383' title='bbox 3419 2589 3461 2653; x_wconf 77' lang='grc' dir='ltr'><strong>ί,</strong></span> <span class='ocrx_word' id='word_1_384' title='bbox 3490 2588 3611 2641; x_wconf 85' lang='lat' dir='ltr'><strong>reli-</strong></span> 
     </span>
    </p>
   </div>
   <div class='ocr_carea' id='block_1_55' title="bbox 336 2679 3605 2755">
    <p class='ocr_par' dir='ltr' id='par_1_55' title="bbox 336 2679 3605 2755">
     <span class='ocr_line' id='line_1_55' title="bbox 336 2679 3605 2755; baseline 0.001 -20"><span class='ocrx_word' id='word_1_385' title='bbox 336 2682 496 2752; x_wconf 87' lang='lat' dir='ltr'><strong>quias</strong></span> <span class='ocrx_word' id='word_1_386' title='bbox 545 2695 677 2736; x_wconf 90' lang='lat' dir='ltr'><strong>vero</strong></span> <span class='ocrx_word' id='word_1_387' title='bbox 727 2694 1001 2750; x_wconf 89' lang='lat' dir='ltr'><strong>nusquam</strong></span> <span class='ocrx_word' id='word_1_388' title='bbox 1046 2689 1316 2735; x_wconf 87' lang='lat' dir='ltr'><strong>terrarum</strong></span> <span class='ocrx_word' id='word_1_389' title='bbox 1366 2679 1591 2735; x_wconf 90' lang='lat' dir='ltr'><strong>relictas</strong></span> <span class='ocrx_word' id='word_1_390' title='bbox 1634 2679 1907 2735; x_wconf 87' lang='lat' dir='ltr'><strong>viderunt.</strong></span> <span class='ocrx_word' id='word_1_391' title='bbox 1945 2679 2134 2753; x_wconf 87' lang='lat' dir='ltr'><strong>Neque</strong></span> <span class='ocrx_word' id='word_1_392' title='bbox 2159 2683 2308 2739; x_wconf 92' lang='lat' dir='ltr'><strong>enim</strong></span> <span class='ocrx_word' id='word_1_393' title='bbox 2339 2684 2459 2739; x_wconf 78' lang='lat' dir='ltr'><strong>ﬁeri</strong></span> <span class='ocrx_word' id='word_1_394' title='bbox 2492 2685 2984 2755; x_wconf 87' lang='lat' dir='ltr'><strong>istudoportebat,</strong></span> <span class='ocrx_word' id='word_1_395' title='bbox 3035 2694 3133 2739; x_wconf 90' lang='lat' dir='ltr'><strong>aut</strong></span> <span class='ocrx_word' id='word_1_396' title='bbox 3188 2699 3320 2740; x_wconf 87' lang='lat' dir='ltr'><strong>vero</strong></span> <span class='ocrx_word' id='word_1_397' title='bbox 3372 2691 3605 2755; x_wconf 85' lang='lat' dir='ltr'><strong>poterat-</strong></span> 
     </span>
    </p>
   </div>
   <div class='ocr_carea' id='block_1_56' title="bbox 338 2771 2099 2842">
    <p class='ocr_par' dir='ltr' id='par_1_56' title="bbox 338 2771 2099 2842">
     <span class='ocr_line' id='line_1_56' title="bbox 338 2771 2099 2842; baseline 0.002 -17"><span class='ocrx_word' id='word_1_398' title='bbox 338 2773 517 2839; x_wconf 82' lang='lat' dir='ltr'><strong>Quare</strong></span> <span class='ocrx_word' id='word_1_399' title='bbox 554 2780 664 2827; x_wconf 87' lang='lat' dir='ltr'><strong>tam</strong></span> <span class='ocrx_word' id='word_1_400' title='bbox 704 2771 920 2842; x_wconf 81' lang='lat' dir='ltr'><strong>Apelles</strong></span> <span class='ocrx_word' id='word_1_401' title='bbox 960 2773 1109 2842; x_wconf 91' lang='lat' dir='ltr'><strong>ipse,</strong></span> <span class='ocrx_word' id='word_1_402' title='bbox 1151 2786 1315 2841; x_wconf 87' lang='lat' dir='ltr'><strong>quam</strong></span> <span class='ocrx_word' id='word_1_403' title='bbox 1354 2771 1660 2841; x_wconf 79' lang='lat' dir='ltr'><strong>Apelleiani</strong></span> <span class='ocrx_word' id='word_1_404' title='bbox 1699 2772 1912 2827; x_wconf 88' lang='lat' dir='ltr'><strong>mentiti</strong></span> <span class='ocrx_word' id='word_1_405' title='bbox 1941 2780 2099 2829; x_wconf 82' lang='lat' dir='ltr'><strong>sunt.</strong></span> 
     </span>
    </p>
   </div>
   <div class='ocr_carea' id='block_1_57' title="bbox 407 2865 1918 2939">
    <p class='ocr_par' dir='ltr' id='par_1_57' title="bbox 407 2865 1918 2939">
     <span class='ocr_line' id='line_1_57' title="bbox 407 2865 1918 2939; baseline 0 -20"><span class='ocrx_word' id='word_1_406' title='bbox 407 2867 482 2922; x_wconf 80' lang='lat' dir='ltr'><strong>A&#39;.</strong></span> <span class='ocrx_word' id='word_1_407' title='bbox 527 2866 608 2920; x_wconf 86' lang='grc' dir='ltr'><strong>Τά</strong></span> <span class='ocrx_word' id='word_1_408' title='bbox 636 2868 799 2937; x_wconf 83' lang='grc' dir='ltr'><strong>ὃμοια</strong></span> <span class='ocrx_word' id='word_1_409' title='bbox 848 2866 906 2920; x_wconf 84' lang='grc' dir='ltr'>δὲ</span> <span class='ocrx_word' id='word_1_410' title='bbox 959 2866 1037 2937; x_wconf 86' lang='grc' dir='ltr'><strong>τῷ</strong></span> <span class='ocrx_word' id='word_1_411' title='bbox 1094 2865 1287 2920; x_wconf 87' lang='grc' dir='ltr'>ἐαυτοῦ</span> <span class='ocrx_word' id='word_1_412' title='bbox 1340 2868 1605 2939; x_wconf 74' lang='grc' dir='ltr'>ἐπιστάτῃ</span> <span class='ocrx_word' id='word_1_413' title='bbox 1630 2866 1918 2938; x_wconf 87' lang='grc' dir='ltr'>Μαρκίωνι</span> 
     </span>
    </p>
   </div>
   <div class='ocr_carea' id='block_1_58' title="bbox 2096 2866 3613 2940">
    <p class='ocr_par' dir='ltr' id='par_1_58' title="bbox 2096 2866 3613 2940">
     <span class='ocr_line' id='line_1_58' title="bbox 2096 2866 3613 2940; baseline -0.001 -17"><span class='ocrx_word' id='word_1_414' title='bbox 2096 2869 2183 2925; x_wconf 85' lang='lat' dir='ltr'><strong>IV.</strong></span> <span class='ocrx_word' id='word_1_415' title='bbox 2213 2870 2424 2926; x_wconf 64' lang='lat' dir='ltr'><strong>Caetera</strong></span> <span class='ocrx_word' id='word_1_416' title='bbox 2459 2884 2624 2940; x_wconf 89' lang='lat' dir='ltr'><strong>porro</strong></span> <span class='ocrx_word' id='word_1_417' title='bbox 2663 2884 2789 2923; x_wconf 90' lang='lat' dir='ltr'><strong>cum</strong></span> <span class='ocrx_word' id='word_1_418' title='bbox 2831 2878 3166 2938; x_wconf 68' lang='lat' dir='ltr'><strong>praeceptore</strong></span> <span class='ocrx_word' id='word_1_419' title='bbox 3201 2883 3304 2923; x_wconf 81' lang='lat' dir='ltr'><strong>suo</strong></span> <span class='ocrx_word' id='word_1_420' title='bbox 3335 2866 3613 2922; x_wconf 75' lang='lat' dir='ltr'><strong>Marcione</strong></span> 
     </span>
    </p>
   </div>
   <div class='ocr_carea' id='block_1_59' title="bbox 337 2960 1923 3033">
    <p class='ocr_par' dir='ltr' id='par_1_59' title="bbox 337 2960 1918 3033">
     <span class='ocr_line' id='line_1_59' title="bbox 337 2960 1918 3033; baseline -0.001 -18"><span class='ocrx_word' id='word_1_421' title='bbox 337 2961 465 3032; x_wconf 86' lang='grc' dir='ltr'><strong>περί</strong></span> <span class='ocrx_word' id='word_1_422' title='bbox 498 2977 561 3013; x_wconf 87' lang='grc' dir='ltr'>τε</span> <span class='ocrx_word' id='word_1_423' title='bbox 605 2960 705 3031; x_wconf 83' lang='grc' dir='ltr'><strong>τῆς</strong></span> <span class='ocrx_word' id='word_1_424' title='bbox 752 2960 918 3031; x_wconf 86' lang='grc' dir='ltr'>ἀλλης</span> <span class='ocrx_word' id='word_1_425' title='bbox 955 2960 1157 3033; x_wconf 84' lang='grc' dir='ltr'>σαρκὸς</span> <span class='ocrx_word' id='word_1_426' title='bbox 1193 2962 1288 3014; x_wconf 71' lang='grc' dir='ltr'><strong>καὶ</strong></span> <span class='ocrx_word' id='word_1_427' title='bbox 1339 2960 1447 3013; x_wconf 82' lang='grc' dir='ltr'><strong>τῶν</strong></span> <span class='ocrx_word' id='word_1_428' title='bbox 1497 2960 1670 3013; x_wconf 77' lang='grc' dir='ltr'>ἄλλων</span> <span class='ocrx_word' id='word_1_429' title='bbox 1716 2961 1918 3031; x_wconf 85' lang='grc' dir='ltr'>ὁμοίως</span> 
     </span>
    </p>
   </div>
   <div class='ocr_carea' id='block_1_60' title="bbox 2028 2960 3608 3033">
    <p class='ocr_par' dir='ltr' id='par_1_60' title="bbox 2028 2960 3608 3033">
     <span class='ocr_line' id='line_1_60' title="bbox 2028 2960 3608 3033; baseline -0.004 -17"><span class='ocrx_word' id='word_1_430' title='bbox 2028 2969 2396 3017; x_wconf 84' lang='lat' dir='ltr'><strong>consentanea</strong></span> <span class='ocrx_word' id='word_1_431' title='bbox 2446 2960 2755 3033; x_wconf 74' lang='lat' dir='ltr'><strong>proﬁtetur,</strong></span> <span class='ocrx_word' id='word_1_432' title='bbox 2797 2975 2919 3030; x_wconf 76' lang='lat' dir='ltr'><strong>qua:</strong></span> <span class='ocrx_word' id='word_1_433' title='bbox 2967 2961 3032 3015; x_wconf 91' lang='lat' dir='ltr'><strong>ad</strong></span> <span class='ocrx_word' id='word_1_434' title='bbox 3084 2960 3315 3013; x_wconf 89' lang='lat' dir='ltr'><strong>aliorum</strong></span> <span class='ocrx_word' id='word_1_435' title='bbox 3365 2974 3608 3022; x_wconf 87' lang='lat' dir='ltr'><strong>carnem,</strong></span> 
     </span>
    </p>
   </div>
   <div class='ocr_carea' id='block_1_61' title="bbox 335 3027 1923 3132">
    <p class='ocr_par' dir='ltr' id='par_1_61' title="bbox 335 3027 1920 3132">
     <span class='ocr_line' id='line_1_61' title="bbox 335 3027 1920 3132; baseline 0 -29"><span class='ocrx_word' id='word_1_436' title='bbox 335 3027 692 3120; x_wconf 47' lang='lat' dir='ltr'><strong>“tinam-tce&quot;</strong></span> <span class='ocrx_word' id='word_1_437' title='bbox 722 3027 946 3120; x_wconf 81' lang='grc' dir='ltr'>φάσκων</span> <span class='ocrx_word' id='word_1_438' title='bbox 972 3027 1048 3123; x_wconf 66' lang='grc' dir='ltr'><strong>μη</strong></span> <span class='ocrx_word' id='word_1_439' title='bbox 1078 3048 1214 3132; x_wconf 82' lang='grc' dir='ltr'>εἶναι</span> <span class='ocrx_word' id='word_1_440' title='bbox 1246 3051 1540 3105; x_wconf 78' lang='grc' dir='ltr'>ἀνάστασιν</span> <span class='ocrx_word' id='word_1_441' title='bbox 1567 3027 1795 3124; x_wconf 83' lang='grc' dir='ltr'>νεκρῶν,</span> <span class='ocrx_word' id='word_1_442' title='bbox 1825 3052 1920 3105; x_wconf 77' lang='grc' dir='ltr'><strong>καὶ</strong></span> 
     </span>
    </p>
   </div>
   <div class='ocr_carea' id='block_1_62' title="bbox 2028 3027 3613 3132">
    <p class='ocr_par' dir='ltr' id='par_1_62' title="bbox 2028 3027 3613 3122">
     <span class='ocr_line' id='line_1_62' title="bbox 2028 3027 3613 3122; baseline -0.004 -16"><span class='ocrx_word' id='word_1_443' title='bbox 2028 3067 2088 3106; x_wconf 88' lang='lat' dir='ltr'><strong>ac</strong></span> <span class='ocrx_word' id='word_1_444' title='bbox 2121 3052 2332 3122; x_wconf 89' lang='lat' dir='ltr'><strong>reliqua</strong></span> <span class='ocrx_word' id='word_1_445' title='bbox 2367 3052 2420 3107; x_wconf 92' lang='lat' dir='ltr'><strong>id</strong></span> <span class='ocrx_word' id='word_1_446' title='bbox 2446 3027 2628 3122; x_wconf 59' lang='lat' dir='ltr'><strong>genus</strong></span> <span class='ocrx_word' id='word_1_447' title='bbox 2677 3027 2975 3121; x_wconf 75' lang='lat' dir='ltr'><strong>pertinent.</strong></span> <span class='ocrx_word' id='word_1_448' title='bbox 3017 3049 3189 3121; x_wconf 81' lang='lat' dir='ltr'><strong>Negat</strong></span> <span class='ocrx_word' id='word_1_449' title='bbox 3234 3049 3379 3103; x_wconf 88' lang='lat' dir='ltr'><strong>enim</strong></span> <span class='ocrx_word' id='word_1_450' title='bbox 3421 3063 3613 3119; x_wconf 89' lang='lat' dir='ltr'><strong>corpo-</strong></span> 
     </span>
    </p>
   </div>
   <div class='ocr_carea' id='block_1_63' title="bbox 336 3140 1924 3213">
    <p class='ocr_par' dir='ltr' id='par_1_63' title="bbox 336 3140 1924 3213">
     <span class='ocr_line' id='line_1_63' title="bbox 336 3140 1924 3213; baseline -0.001 -20"><span class='ocrx_word' id='word_1_451' title='bbox 336 3140 406 3195; x_wconf 82' lang='grc' dir='ltr'>τὰ</span> <span class='ocrx_word' id='word_1_452' title='bbox 429 3141 584 3206; x_wconf 76' lang='grc' dir='ltr'>ἄλλα,</span> <span class='ocrx_word' id='word_1_453' title='bbox 620 3142 831 3213; x_wconf 78' lang='grc' dir='ltr'>ὅσαπερ</span> <span class='ocrx_word' id='word_1_454' title='bbox 863 3141 956 3194; x_wconf 80' lang='grc' dir='ltr'>ἐπὶ</span> <span class='ocrx_word' id='word_1_455' title='bbox 976 3142 1076 3211; x_wconf 84' lang='grc' dir='ltr'>τῆς</span> <span class='ocrx_word' id='word_1_456' title='bbox 1103 3140 1204 3213; x_wconf 65' lang='grc' dir='ltr'>γῆς</span> <span class='ocrx_word' id='word_1_457' title='bbox 1238 3141 1411 3206; x_wconf 76' lang='grc' dir='ltr'>ἔδοξεν</span> <span class='ocrx_word' id='word_1_458' title='bbox 1436 3142 1639 3213; x_wconf 78' lang='grc' dir='ltr'>ὁμοίως</span> <span class='ocrx_word' id='word_1_459' title='bbox 1667 3140 1924 3212; x_wconf 87' lang='grc' dir='ltr'>δογματί-</span> 
     </span>
    </p>
   </div>
   <div class='ocr_carea' id='block_1_64' title="bbox 339 3231 1923 3304">
    <p class='ocr_par' dir='ltr' id='par_1_64' title="bbox 339 3231 1923 3304">
     <span class='ocr_line' id='line_1_64' title="bbox 339 3231 1923 3304; baseline -0.001 -18"><span class='ocrx_word' id='word_1_460' title='bbox 339 3232 472 3297; x_wconf 80' lang='grc' dir='ltr'>ζειν.</span> <span class='ocrx_word' id='word_1_461' title='bbox 515 3234 983 3304; x_wconf 79' lang='grc' dir='ltr'>’Δνατραπήσεται</span> <span class='ocrx_word' id='word_1_462' title='bbox 1007 3232 1064 3286; x_wconf 78' lang='grc' dir='ltr'>δὲ</span> <span class='ocrx_word' id='word_1_463' title='bbox 1094 3235 1124 3287; x_wconf 91' lang='lat'><strong>6</strong></span> <span class='ocrx_word' id='word_1_464' title='bbox 1146 3231 1312 3286; x_wconf 84' lang='grc' dir='ltr'><strong>αὑτοῦ</strong></span> <span class='ocrx_word' id='word_1_465' title='bbox 1349 3232 1605 3303; x_wconf 84' lang='grc' dir='ltr'>λογισμὸς</span> <span class='ocrx_word' id='word_1_466' title='bbox 1628 3232 1794 3303; x_wconf 79' lang='grc' dir='ltr'>λῆρός</span> <span class='ocrx_word' id='word_1_467' title='bbox 1838 3248 1923 3295; x_wconf 87' lang='grc' dir='ltr'><strong>τις</strong></span> 
     </span>
    </p>
   </div>
   <div class='ocr_carea' id='block_1_65' title="bbox 338 3323 1924 3397">
    <p class='ocr_par' dir='ltr' id='par_1_65' title="bbox 338 3323 1924 3397">
     <span class='ocr_line' id='line_1_65' title="bbox 338 3323 1924 3397; baseline -0.001 -18"><span class='ocrx_word' id='word_1_468' title='bbox 338 3325 415 3379; x_wconf 83' lang='grc' dir='ltr'>ὢν</span> <span class='ocrx_word' id='word_1_469' title='bbox 451 3327 545 3380; x_wconf 74' lang='grc' dir='ltr'>καὶ</span> <span class='ocrx_word' id='word_1_470' title='bbox 572 3325 715 3380; x_wconf 84' lang='grc' dir='ltr'>κατὰ</span> <span class='ocrx_word' id='word_1_471' title='bbox 748 3325 926 3379; x_wconf 88' lang='grc' dir='ltr'>πάντα</span> <span class='ocrx_word' id='word_1_472' title='bbox 956 3325 1156 3397; x_wconf 80' lang='grc' dir='ltr'>τρόπον</span> <span class='ocrx_word' id='word_1_473' title='bbox 1184 3324 1617 3396; x_wconf 77' lang='grc' dir='ltr'>πεπλανημένος.</span> <span class='ocrx_word' id='word_1_474' title='bbox 1654 3325 1791 3379; x_wconf 80' lang='grc' dir='ltr'>Οῦτε</span> <span class='ocrx_word' id='word_1_475' title='bbox 1815 3323 1924 3394; x_wconf 76' lang='grc' dir='ltr'><strong>γὰρ</strong></span> 
     </span>
    </p>
   </div>
   <div class='ocr_carea' id='block_1_66' title="bbox 344 3412 1924 3488">
    <p class='ocr_par' dir='ltr' id='par_1_66' title="bbox 344 3412 1924 3488">
     <span class='ocr_line' id='line_1_66' title="bbox 344 3412 1924 3488; baseline -0.004 -17"><span class='ocrx_word' id='word_1_476' title='bbox 344 3416 550 3488; x_wconf 87' lang='grc' dir='ltr'>ἰσχύσει</span> <span class='ocrx_word' id='word_1_477' title='bbox 601 3416 792 3480; x_wconf 88' lang='grc' dir='ltr'>σκότος</span> <span class='ocrx_word' id='word_1_478' title='bbox 824 3414 952 3470; x_wconf 76' lang='grc' dir='ltr'><strong>ἔνθα</strong></span> <span class='ocrx_word' id='word_1_479' title='bbox 986 3416 1048 3469; x_wconf 84' lang='grc' dir='ltr'>τὸ</span> <span class='ocrx_word' id='word_1_480' title='bbox 1076 3414 1192 3486; x_wconf 83' lang='grc' dir='ltr'><strong>φῶς</strong></span> <span class='ocrx_word' id='word_1_481' title='bbox 1226 3417 1627 3487; x_wconf 73' lang='grc' dir='ltr'>παραφαίνεται</span> <span class='ocrx_word' id='word_1_482' title='bbox 1656 3453 1671 3477; x_wconf 89' lang='grc'><strong>,</strong></span> <span class='ocrx_word' id='word_1_483' title='bbox 1701 3413 1826 3467; x_wconf 77' lang='grc' dir='ltr'><strong>οὔτε</strong></span> <span class='ocrx_word' id='word_1_484' title='bbox 1862 3412 1924 3465; x_wconf 91' lang='grc' dir='ltr'><strong>τὸ</strong></span> 
     </span>
    </p>
   </div>
   <div class='ocr_carea' id='block_1_67' title="bbox 338 3504 1923 3580">
    <p class='ocr_par' dir='ltr' id='par_1_67' title="bbox 338 3504 1923 3580">
     <span class='ocr_line' id='line_1_67' title="bbox 338 3504 1923 3580; baseline -0.003 -17"><span class='ocrx_word' id='word_1_485' title='bbox 338 3506 889 3580; x_wconf 67' lang='grc' dir='ltr'>ψεῦδοςίσταθήσεται</span> <span class='ocrx_word' id='word_1_486' title='bbox 912 3505 1078 3578; x_wconf 73' lang='grc' dir='ltr'>οὔσης</span> <span class='ocrx_word' id='word_1_487' title='bbox 1099 3507 1199 3579; x_wconf 83' lang='grc' dir='ltr'>τῆς</span> <span class='ocrx_word' id='word_1_488' title='bbox 1231 3506 1506 3578; x_wconf 80' lang='grc' dir='ltr'>ἀληθείας.</span> <span class='ocrx_word' id='word_1_489' title='bbox 1555 3508 1617 3559; x_wconf 83' lang='grc' dir='ltr'>Εἰ</span> <span class='ocrx_word' id='word_1_490' title='bbox 1647 3504 1757 3578; x_wconf 84' lang='grc' dir='ltr'><strong>γὰρ</strong></span> <span class='ocrx_word' id='word_1_491' title='bbox 1785 3504 1923 3568; x_wconf 80' lang='grc' dir='ltr'>ὅλως</span> 
     </span>
    </p>
   </div>
   <div class='ocr_carea' id='block_1_68' title="bbox 341 3592 1923 3672">
    <p class='ocr_par' dir='ltr' id='par_1_68' title="bbox 341 3592 1923 3672">
     <span class='ocr_line' id='line_1_68' title="bbox 341 3592 1923 3672; baseline -0.002 -18"><span class='ocrx_word' id='word_1_492' title='bbox 341 3600 608 3672; x_wconf 80' lang='grc' dir='ltr'>κέχρησαι</span> <span class='ocrx_word' id='word_1_493' title='bbox 634 3601 754 3662; x_wconf 80' lang='grc' dir='ltr'>ταῖς</span> <span class='ocrx_word' id='word_1_494' title='bbox 793 3598 1072 3670; x_wconf 84' lang='grc' dir='ltr'>Γραφαίς,</span> <span class='ocrx_word' id='word_1_495' title='bbox 1104 3592 1149 3652; x_wconf 81' lang='grc' dir='ltr'><strong>ὦ</strong></span> <span class='ocrx_word' id='word_1_496' title='bbox 1191 3599 1421 3669; x_wconf 83' lang='grc' dir='ltr'>Ἀπελλῆ</span> <span class='ocrx_word' id='word_1_497' title='bbox 1466 3599 1560 3651; x_wconf 79' lang='grc' dir='ltr'><strong>καὶ</strong></span> <span class='ocrx_word' id='word_1_498' title='bbox 1600 3598 1650 3650; x_wconf 89' lang='grc' dir='ltr'>οἰ</span> <span class='ocrx_word' id='word_1_499' title='bbox 1686 3597 1795 3652; x_wconf 91' lang='grc' dir='ltr'><strong>ἀπὸ</strong></span> <span class='ocrx_word' id='word_1_500' title='bbox 1828 3597 1923 3651; x_wconf 73' lang='grc' dir='ltr'><strong>σοῦ</strong></span> 
     </span>
    </p>
   </div>
   <div class='ocr_carea' id='block_1_69' title="bbox 354 3685 1923 3760">
    <p class='ocr_par' dir='ltr' id='par_1_69' title="bbox 354 3685 1923 3760">
     <span class='ocr_line' id='line_1_69' title="bbox 354 3685 1923 3760; baseline -0.003 -16"><span class='ocrx_word' id='word_1_501' title='bbox 354 3689 729 3760; x_wconf 72' lang='grc' dir='ltr'>Ἀπελληῖανοὶ</span> <span class='ocrx_word' id='word_1_502' title='bbox 755 3728 772 3753; x_wconf 91' lang='grc'><strong>,</strong></span> <span class='ocrx_word' id='word_1_503' title='bbox 812 3688 872 3755; x_wconf 80' lang='grc' dir='ltr'>ἐξ</span> <span class='ocrx_word' id='word_1_504' title='bbox 924 3689 1103 3743; x_wconf 84' lang='grc' dir='ltr'>αὐτῶν</span> <span class='ocrx_word' id='word_1_505' title='bbox 1160 3688 1270 3742; x_wconf 82' lang='grc' dir='ltr'><strong>τῶν</strong></span> <span class='ocrx_word' id='word_1_506' title='bbox 1301 3688 1535 3760; x_wconf 85' lang='grc' dir='ltr'>Γραφῶν</span> <span class='ocrx_word' id='word_1_507' title='bbox 1565 3685 1923 3759; x_wconf 71' lang='grc' dir='ltr'>εὑρεθήσεσθε</span> 
     </span>
    </p>
   </div>
   <div class='ocr_carea' id='block_1_70' title="bbox 342 3776 1923 3854">
    <p class='ocr_par' dir='ltr' id='par_1_70' title="bbox 342 3776 1923 3854">
     <span class='ocr_line' id='line_1_70' title="bbox 342 3776 1923 3854; baseline -0.005 -17"><span class='ocrx_word' id='word_1_508' title='bbox 342 3782 735 3854; x_wconf 76' lang='grc' dir='ltr'>ἐλεγχόμενοι·</span> <span class='ocrx_word' id='word_1_509' title='bbox 794 3780 1009 3853; x_wconf 79' lang='grc' dir='ltr'>πρῶτον</span> <span class='ocrx_word' id='word_1_510' title='bbox 1071 3780 1169 3851; x_wconf 79' lang='grc' dir='ltr'>μὲν</span> <span class='ocrx_word' id='word_1_511' title='bbox 1200 3820 1216 3844; x_wconf 88' lang='grc'><strong>,</strong></span> <span class='ocrx_word' id='word_1_512' title='bbox 1264 3782 1346 3834; x_wconf 83' lang='grc' dir='ltr'><strong>ὅτι</strong></span> <span class='ocrx_word' id='word_1_513' title='bbox 1397 3781 1518 3834; x_wconf 85' lang='grc' dir='ltr'>κατ’</span> <span class='ocrx_word' id='word_1_514' title='bbox 1568 3778 1751 3833; x_wconf 73' lang='grc' dir='ltr'>εἰκόνα</span> <span class='ocrx_word' id='word_1_515' title='bbox 1787 3776 1923 3831; x_wconf 78' lang='grc' dir='ltr'>Θεού</span> 
     </span>
    </p>
   </div>
   <div class='ocr_carea' id='block_1_71' title="bbox 302 3865 1921 3941">
    <p class='ocr_par' dir='ltr' id='par_1_71' title="bbox 302 3865 1921 3941">
     <span class='ocr_line' id='line_1_71' title="bbox 302 3865 1921 3941; baseline -0.003 -16"><span class='ocrx_word' id='word_1_516' title='bbox 302 3922 307 3925; x_wconf 90' lang='grc'><strong>.</strong></span> <span class='ocrx_word' id='word_1_517' title='bbox 341 3873 595 3941; x_wconf 86' lang='grc' dir='ltr'>ἐποίησεν</span> <span class='ocrx_word' id='word_1_518' title='bbox 645 3873 674 3925; x_wconf 91' lang='lat'><strong>6</strong></span> <span class='ocrx_word' id='word_1_519' title='bbox 717 3870 850 3935; x_wconf 85' lang='grc' dir='ltr'>Θεὸς</span> <span class='ocrx_word' id='word_1_520' title='bbox 876 3871 969 3923; x_wconf 89' lang='grc' dir='ltr'><strong>τὸν</strong></span> <span class='ocrx_word' id='word_1_521' title='bbox 1003 3869 1316 3941; x_wconf 76' lang='grc' dir='ltr'>ἀνθρωπονο</span> <span class='ocrx_word' id='word_1_522' title='bbox 1365 3872 1393 3922; x_wconf 88' lang='grc' dir='ltr'>ὁ</span> <span class='ocrx_word' id='word_1_523' title='bbox 1425 3868 1481 3921; x_wconf 81' lang='grc' dir='ltr'>δὲ</span> <span class='ocrx_word' id='word_1_524' title='bbox 1513 3869 1745 3940; x_wconf 78' lang='grc' dir='ltr'>ποιήσας</span> <span class='ocrx_word' id='word_1_525' title='bbox 1783 3865 1921 3935; x_wconf 78' lang='grc' dir='ltr'>ἔφη’</span> 
     </span>
    </p>
   </div>
   <div class='ocr_carea' id='block_1_72' title="bbox 344 3956 1925 4032">
    <p class='ocr_par' dir='ltr' id='par_1_72' title="bbox 344 3956 1925 4032">
     <span class='ocr_line' id='line_1_72' title="bbox 344 3956 1925 4032; baseline -0.006 -14"><span class='ocrx_word' id='word_1_526' title='bbox 344 3962 695 4032; x_wconf 82' lang='grc' dir='ltr'>Ποιήσωμεν</span> <span class='ocrx_word' id='word_1_527' title='bbox 725 3963 1040 4030; x_wconf 77' lang='grc' dir='ltr'>ἄνθρωπον</span> <span class='ocrx_word' id='word_1_528' title='bbox 1086 3961 1212 4014; x_wconf 81' lang='grc' dir='ltr'>κατ’</span> <span class='ocrx_word' id='word_1_529' title='bbox 1243 3962 1450 4015; x_wconf 78' lang='grc' dir='ltr'>εἰκόνα</span> <span class='ocrx_word' id='word_1_530' title='bbox 1490 3959 1783 4029; x_wconf 69' lang='grc' dir='ltr'>ἡμετέραν</span> <span class='ocrx_word' id='word_1_531' title='bbox 1826 3956 1925 4010; x_wconf 78' lang='grc' dir='ltr'><strong>καί</strong></span> 
     </span>
    </p>
   </div>
   <div class='ocr_carea' id='block_1_73' title="bbox 344 4048 1925 4124">
    <p class='ocr_par' dir='ltr' id='par_1_73' title="bbox 344 4048 1925 4124">
     <span class='ocr_line' id='line_1_73' title="bbox 344 4048 1925 4124; baseline -0.007 -13"><span class='ocrx_word' id='word_1_532' title='bbox 344 4056 475 4111; x_wconf 73' lang='grc' dir='ltr'>καθ’</span> <span class='ocrx_word' id='word_1_533' title='bbox 513 4054 817 4124; x_wconf 80' lang='grc' dir='ltr'>ὁμοίωσιν.</span> <span class='ocrx_word' id='word_1_534' title='bbox 866 4053 954 4117; x_wconf 82' lang='grc' dir='ltr'>Ὠς</span> <span class='ocrx_word' id='word_1_535' title='bbox 982 4052 1035 4105; x_wconf 78' lang='grc' dir='ltr'><strong>εί</strong></span> <span class='ocrx_word' id='word_1_536' title='bbox 1057 4070 1140 4116; x_wconf 82' lang='grc' dir='ltr'>τις</span> <span class='ocrx_word' id='word_1_537' title='bbox 1172 4053 1281 4105; x_wconf 83' lang='grc' dir='ltr'><strong>ἀπὸ</strong></span> <span class='ocrx_word' id='word_1_538' title='bbox 1307 4052 1405 4124; x_wconf 82' lang='grc' dir='ltr'>τῆς</span> <span class='ocrx_word' id='word_1_539' title='bbox 1452 4051 1545 4105; x_wconf 87' lang='grc' dir='ltr'><strong>σοῦ</strong></span> <span class='ocrx_word' id='word_1_540' title='bbox 1573 4048 1925 4120; x_wconf 85' lang='grc' dir='ltr'>πεπλανημὲ-</span> 
     </span>
    </p>
   </div>
   <div class='ocr_carea' id='block_1_74' title="bbox 342 4142 1926 4222">
    <p class='ocr_par' dir='ltr' id='par_1_74' title="bbox 342 4142 1926 4222">
     <span class='ocr_line' id='line_1_74' title="bbox 342 4142 1926 4222; baseline -0.006 -18"><span class='ocrx_word' id='word_1_541' title='bbox 342 4165 443 4222; x_wconf 85' lang='grc' dir='ltr'><strong>νης</strong></span> <span class='ocrx_word' id='word_1_542' title='bbox 468 4147 731 4219; x_wconf 74' lang='grc' dir='ltr'>αἱρέσεως</span> <span class='ocrx_word' id='word_1_543' title='bbox 752 4146 1098 4218; x_wconf 82' lang='grc' dir='ltr'>ὲπιστρέψειε</span> <span class='ocrx_word' id='word_1_544' title='bbox 1128 4145 1264 4216; x_wconf 85' lang='grc' dir='ltr'>πρὸς</span> <span class='ocrx_word' id='word_1_545' title='bbox 1288 4146 1388 4215; x_wconf 84' lang='grc' dir='ltr'>τὴν</span> <span class='ocrx_word' id='word_1_546' title='bbox 1414 4143 1669 4216; x_wconf 76' lang='grc' dir='ltr'>ἀλήθειαν</span> <span class='ocrx_word' id='word_1_547' title='bbox 1720 4143 1795 4206; x_wconf 83' lang='grc' dir='ltr'>ὡς</span> <span class='ocrx_word' id='word_1_548' title='bbox 1817 4142 1926 4196; x_wconf 85' lang='grc' dir='ltr'><strong>ἀπὸ</strong></span> 
     </span>
    </p>
   </div>
   <div class='ocr_carea' id='block_1_75' title="bbox 345 4235 1926 4311">
    <p class='ocr_par' dir='ltr' id='par_1_75' title="bbox 345 4235 1926 4311">
     <span class='ocr_line' id='line_1_75' title="bbox 345 4235 1926 4311; baseline -0.003 -16"><span class='ocrx_word' id='word_1_549' title='bbox 345 4242 571 4304; x_wconf 84' lang='grc' dir='ltr'>σκότους</span> <span class='ocrx_word' id='word_1_550' title='bbox 600 4239 912 4311; x_wconf 81' lang='grc' dir='ltr'>ἀποδράσας</span> <span class='ocrx_word' id='word_1_551' title='bbox 949 4238 1045 4291; x_wconf 73' lang='grc' dir='ltr'><strong>καὶ</strong></span> <span class='ocrx_word' id='word_1_552' title='bbox 1075 4237 1185 4290; x_wconf 87' lang='grc' dir='ltr'><strong>ἀπὸ</strong></span> <span class='ocrx_word' id='word_1_553' title='bbox 1231 4237 1420 4300; x_wconf 88' lang='grc' dir='ltr'>νυκτὸς</span> <span class='ocrx_word' id='word_1_554' title='bbox 1451 4236 1723 4303; x_wconf 77' lang='grc' dir='ltr'>ἀναστὰς,</span> <span class='ocrx_word' id='word_1_555' title='bbox 1776 4235 1926 4306; x_wconf 79' lang='grc' dir='ltr'>εὖροι</span> 
     </span>
    </p>
   </div>
   <div class='ocr_carea' id='block_1_76' title="bbox 2023 3138 3607 3211">
    <p class='ocr_par' dir='ltr' id='par_1_76' title="bbox 2023 3138 3607 3211">
     <span class='ocr_line' id='line_1_76' title="bbox 2023 3138 3607 3211; baseline -0.004 -11"><span class='ocrx_word' id='word_1_556' title='bbox 2023 3159 2145 3200; x_wconf 91' lang='lat' dir='ltr'><strong>rum</strong></span> <span class='ocrx_word' id='word_1_557' title='bbox 2187 3159 2311 3201; x_wconf 85' lang='lat' dir='ltr'><strong>esse</strong></span> <span class='ocrx_word' id='word_1_558' title='bbox 2355 3145 2842 3209; x_wconf 85' lang='lat' dir='ltr'><strong>resurrectionem,</strong></span> <span class='ocrx_word' id='word_1_559' title='bbox 2899 3151 3205 3211; x_wconf 71' lang='lat' dir='ltr'><strong>cmteraque</strong></span> <span class='ocrx_word' id='word_1_560' title='bbox 3241 3138 3309 3195; x_wconf 90' lang='lat' dir='ltr'><strong>ad</strong></span> <span class='ocrx_word' id='word_1_561' title='bbox 3351 3138 3607 3193; x_wconf 76' lang='lat' dir='ltr'><strong>eumdem</strong></span> 
     </span>
    </p>
   </div>
   <div class='ocr_carea' id='block_1_77' title="bbox 2023 3227 3607 3305">
    <p class='ocr_par' dir='ltr' id='par_1_77' title="bbox 2023 3227 3607 3305">
     <span class='ocr_line' id='line_1_77' title="bbox 2023 3227 3607 3305; baseline -0.005 -16"><span class='ocrx_word' id='word_1_562' title='bbox 2023 3233 2266 3299; x_wconf 88' lang='lat' dir='ltr'><strong>modum,</strong></span> <span class='ocrx_word' id='word_1_563' title='bbox 2302 3248 2415 3305; x_wconf 90' lang='lat' dir='ltr'><strong>quo</strong></span> <span class='ocrx_word' id='word_1_564' title='bbox 2456 3233 2547 3288; x_wconf 92' lang='lat' dir='ltr'><strong>ille</strong></span> <span class='ocrx_word' id='word_1_565' title='bbox 2587 3248 2713 3287; x_wconf 91' lang='lat' dir='ltr'><strong>cum</strong></span> <span class='ocrx_word' id='word_1_566' title='bbox 2755 3232 2808 3286; x_wconf 90' lang='lat' dir='ltr'><strong>in</strong></span> <span class='ocrx_word' id='word_1_567' title='bbox 2848 3231 2988 3286; x_wconf 87' lang='lat' dir='ltr'><strong>vivis</strong></span> <span class='ocrx_word' id='word_1_568' title='bbox 3031 3237 3221 3300; x_wconf 43' lang='lat' dir='ltr'><strong>ageret.</strong></span> <span class='ocrx_word' id='word_1_569' title='bbox 3255 3228 3311 3283; x_wconf 90' lang='lat' dir='ltr'><strong>in</strong></span> <span class='ocrx_word' id='word_1_570' title='bbox 3350 3227 3607 3298; x_wconf 89' lang='lat' dir='ltr'><strong>opinione</strong></span> 
     </span>
    </p>
   </div>
   <div class='ocr_carea' id='block_1_78' title="bbox 2024 3317 3607 3399">
    <p class='ocr_par' dir='ltr' id='par_1_78' title="bbox 2024 3317 3607 3399">
     <span class='ocr_line' id='line_1_78' title="bbox 2024 3317 3607 3399; baseline -0.009 -17"><span class='ocrx_word' id='word_1_571' title='bbox 2024 3341 2125 3382; x_wconf 88' lang='lat' dir='ltr'><strong>sua</strong></span> <span class='ocrx_word' id='word_1_572' title='bbox 2149 3327 2353 3399; x_wconf 89' lang='lat' dir='ltr'><strong>posuit.</strong></span> <span class='ocrx_word' id='word_1_573' title='bbox 2392 3323 2497 3381; x_wconf 91' lang='lat' dir='ltr'><strong>Sed</strong></span> <span class='ocrx_word' id='word_1_574' title='bbox 2532 3323 2854 3394; x_wconf 89' lang='lat' dir='ltr'><strong>opinionum</strong></span> <span class='ocrx_word' id='word_1_575' title='bbox 2890 3318 2998 3377; x_wconf 70' lang='lat' dir='ltr'><strong>illa:</strong></span> <span class='ocrx_word' id='word_1_576' title='bbox 3031 3335 3189 3391; x_wconf 70' lang='lat' dir='ltr'><strong>nugae</strong></span> <span class='ocrx_word' id='word_1_577' title='bbox 3227 3334 3290 3373; x_wconf 90' lang='lat' dir='ltr'><strong>ac</strong></span> <span class='ocrx_word' id='word_1_578' title='bbox 3325 3317 3607 3373; x_wconf 85' lang='lat' dir='ltr'><strong>mendacia</strong></span> 
     </span>
    </p>
   </div>
   <div class='ocr_carea' id='block_1_79' title="bbox 2023 3406 3605 3484">
    <p class='ocr_par' dir='ltr' id='par_1_79' title="bbox 2023 3406 3605 3484">
     <span class='ocr_line' id='line_1_79' title="bbox 2023 3406 3605 3484; baseline -0.007 -12"><span class='ocrx_word' id='word_1_579' title='bbox 2023 3416 2314 3474; x_wconf 79' lang='lat' dir='ltr'><strong>manifeste</strong></span> <span class='ocrx_word' id='word_1_580' title='bbox 2350 3416 2769 3484; x_wconf 82' lang='lat' dir='ltr'><strong>redarguentur.</strong></span> <span class='ocrx_word' id='word_1_581' title='bbox 2810 3411 2997 3483; x_wconf 88' lang='lat' dir='ltr'><strong>Neque</strong></span> <span class='ocrx_word' id='word_1_582' title='bbox 3030 3411 3173 3466; x_wconf 89' lang='lat' dir='ltr'><strong>enim</strong></span> <span class='ocrx_word' id='word_1_583' title='bbox 3212 3409 3411 3463; x_wconf 89' lang='lat' dir='ltr'><strong>virium</strong></span> <span class='ocrx_word' id='word_1_584' title='bbox 3449 3406 3605 3478; x_wconf 91' lang='lat' dir='ltr'><strong>quid-</strong></span> 
     </span>
    </p>
   </div>
   <div class='ocr_carea' id='block_1_80' title="bbox 2024 3498 3609 3582">
    <p class='ocr_par' dir='ltr' id='par_1_80' title="bbox 2024 3498 3609 3582">
     <span class='ocr_line' id='line_1_80' title="bbox 2024 3498 3609 3582; baseline -0.009 -17"><span class='ocrx_word' id='word_1_585' title='bbox 2024 3525 2189 3582; x_wconf 89' lang='lat' dir='ltr'><strong>quam</strong></span> <span class='ocrx_word' id='word_1_586' title='bbox 2225 3508 2426 3564; x_wconf 86' lang='lat' dir='ltr'><strong>habent</strong></span> <span class='ocrx_word' id='word_1_587' title='bbox 2462 3507 2723 3570; x_wconf 68' lang='lat' dir='ltr'><strong>tenehrae,</strong></span> <span class='ocrx_word' id='word_1_588' title='bbox 2761 3504 2852 3560; x_wconf 89' lang='lat' dir='ltr'><strong>ubi</strong></span> <span class='ocrx_word' id='word_1_589' title='bbox 2890 3502 3154 3573; x_wconf 88' lang='lat' dir='ltr'><strong>splendor</strong></span> <span class='ocrx_word' id='word_1_590' title='bbox 3187 3498 3329 3555; x_wconf 88' lang='lat' dir='ltr'><strong>lucis</strong></span> <span class='ocrx_word' id='word_1_591' title='bbox 3380 3498 3609 3562; x_wconf 84' lang='lat' dir='ltr'><strong>emicat;</strong></span> 
     </span>
    </p>
   </div>
   <div class='ocr_carea' id='block_1_81' title="bbox 2025 3588 3610 3671">
    <p class='ocr_par' dir='ltr' id='par_1_81' title="bbox 2025 3588 3610 3671">
     <span class='ocr_line' id='line_1_81' title="bbox 2025 3588 3610 3671; baseline -0.009 -14"><span class='ocrx_word' id='word_1_592' title='bbox 2025 3616 2129 3657; x_wconf 91' lang='lat' dir='ltr'><strong>nec</strong></span> <span class='ocrx_word' id='word_1_593' title='bbox 2174 3600 2454 3671; x_wconf 90' lang='lat' dir='ltr'><strong>aperiente</strong></span> <span class='ocrx_word' id='word_1_594' title='bbox 2495 3614 2556 3654; x_wconf 90' lang='lat' dir='ltr'><strong>se</strong></span> <span class='ocrx_word' id='word_1_595' title='bbox 2599 3597 2830 3653; x_wconf 83' lang='lat' dir='ltr'><strong>veritate</strong></span> <span class='ocrx_word' id='word_1_596' title='bbox 2878 3594 3094 3649; x_wconf 82' lang='lat' dir='ltr'><strong>falsitas</strong></span> <span class='ocrx_word' id='word_1_597' title='bbox 3136 3590 3412 3647; x_wconf 85' lang='lat' dir='ltr'><strong>consistit.</strong></span> <span class='ocrx_word' id='word_1_598' title='bbox 3452 3588 3610 3656; x_wconf 84' lang='lat' dir='ltr'><strong>Quod</strong></span> 
     </span>
    </p>
   </div>
   <div class='ocr_carea' id='block_1_82' title="bbox 2026 3681 3606 3751">
    <p class='ocr_par' dir='ltr' id='par_1_82' title="bbox 2026 3681 3606 3751">
     <span class='ocr_line' id='line_1_82' title="bbox 2026 3681 3606 3751; baseline -0.009 -3"><span class='ocrx_word' id='word_1_599' title='bbox 2026 3693 2074 3748; x_wconf 88' lang='lat' dir='ltr'><strong>si</strong></span> <span class='ocrx_word' id='word_1_600' title='bbox 2129 3706 2415 3749; x_wconf 83' lang='lat' dir='ltr'><strong>sacrarum</strong></span> <span class='ocrx_word' id='word_1_601' title='bbox 2471 3688 2808 3744; x_wconf 87' lang='lat' dir='ltr'><strong>Litterarum</strong></span> <span class='ocrx_word' id='word_1_602' title='bbox 2876 3686 2957 3740; x_wconf 89' lang='lat' dir='ltr'><strong>uti</strong></span> <span class='ocrx_word' id='word_1_603' title='bbox 3022 3682 3343 3739; x_wconf 89' lang='lat' dir='ltr'><strong>testimonio</strong></span> <span class='ocrx_word' id='word_1_604' title='bbox 3404 3681 3606 3751; x_wconf 89' lang='lat' dir='ltr'><strong>placet,</strong></span> 
     </span>
    </p>
   </div>
   <div class='ocr_carea' id='block_1_83' title="bbox 2024 3775 3605 3854">
    <p class='ocr_par' dir='ltr' id='par_1_83' title="bbox 2024 3775 3605 3854">
     <span class='ocr_line' id='line_1_83' title="bbox 2024 3775 3605 3854; baseline -0.009 -16"><span class='ocrx_word' id='word_1_605' title='bbox 2024 3783 2266 3854; x_wconf 78' lang='lat' dir='ltr'><strong>Apelles,</strong></span> <span class='ocrx_word' id='word_1_606' title='bbox 2303 3795 2512 3850; x_wconf 87' lang='lat' dir='ltr'><strong>vosque</strong></span> <span class='ocrx_word' id='word_1_607' title='bbox 2546 3777 2876 3849; x_wconf 87' lang='lat' dir='ltr'><strong>Apelleiani,</strong></span> <span class='ocrx_word' id='word_1_608' title='bbox 2920 3775 3026 3830; x_wconf 73' lang='lat' dir='ltr'><strong>illa:</strong></span> <span class='ocrx_word' id='word_1_609' title='bbox 3060 3775 3194 3844; x_wconf 66' lang='lat' dir='ltr'><strong>ipsae</strong></span> <span class='ocrx_word' id='word_1_610' title='bbox 3231 3787 3331 3827; x_wconf 90' lang='lat' dir='ltr'><strong>sua</strong></span> <span class='ocrx_word' id='word_1_611' title='bbox 3363 3786 3465 3829; x_wconf 87' lang='lat' dir='ltr'><strong>vos</strong></span> <span class='ocrx_word' id='word_1_612' title='bbox 3504 3785 3605 3824; x_wconf 81' lang='lat' dir='ltr'><strong>au-</strong></span> 
     </span>
    </p>
   </div>
   <div class='ocr_carea' id='block_1_84' title="bbox 2024 3863 3596 3936">
    <p class='ocr_par' dir='ltr' id='par_1_84' title="bbox 2024 3863 3596 3936">
     <span class='ocr_line' id='line_1_84' title="bbox 2024 3863 3596 3936; baseline -0.011 -4"><span class='ocrx_word' id='word_1_613' title='bbox 2024 3876 2278 3932; x_wconf 91' lang='lat' dir='ltr'><strong>ctoritate</strong></span> <span class='ocrx_word' id='word_1_614' title='bbox 2307 3872 2654 3928; x_wconf 84' lang='lat' dir='ltr'><strong>convincent.</strong></span> <span class='ocrx_word' id='word_1_615' title='bbox 2695 3870 2972 3930; x_wconf 85' lang='lat' dir='ltr'><strong>Primum,</strong></span> <span class='ocrx_word' id='word_1_616' title='bbox 3024 3864 3174 3936; x_wconf 91' lang='lat' dir='ltr'><strong>quod</strong></span> <span class='ocrx_word' id='word_1_617' title='bbox 3202 3864 3270 3918; x_wconf 90' lang='lat' dir='ltr'><strong>ad</strong></span> <span class='ocrx_word' id='word_1_618' title='bbox 3305 3863 3596 3931; x_wconf 73' lang='lat' dir='ltr'><strong>imaginem</strong></span> 
     </span>
    </p>
   </div>
   <div class='ocr_carea' id='block_1_85' title="bbox 2026 3940 3603 4024">
    <p class='ocr_par' dir='ltr' id='par_1_85' title="bbox 2026 3940 3603 4024">
     <span class='ocr_line' id='line_1_85' title="bbox 2026 3940 3603 4024; baseline -0.01 -5"><span class='ocrx_word' id='word_1_619' title='bbox 2026 3966 2120 4021; x_wconf 88' lang='lat' dir='ltr'><strong>Dei</strong></span> <span class='ocrx_word' id='word_1_620' title='bbox 2163 3965 2327 4019; x_wconf 87' lang='lat' dir='ltr'><strong>homo</strong></span> <span class='ocrx_word' id='word_1_621' title='bbox 2371 3977 2401 4016; x_wconf 91' lang='lat' dir='ltr'><strong>a</strong></span> <span class='ocrx_word' id='word_1_622' title='bbox 2443 3961 2556 4016; x_wconf 82' lang='lat' dir='ltr'><strong>Deo</strong></span> <span class='ocrx_word' id='word_1_623' title='bbox 2598 3940 2779 4014; x_wconf 76' lang='lat' dir='ltr'><strong>factus</strong></span> <span class='ocrx_word' id='word_1_624' title='bbox 2816 3966 2922 4013; x_wconf 91' lang='lat' dir='ltr'><strong>est.</strong></span> <span class='ocrx_word' id='word_1_625' title='bbox 2964 3958 3042 4010; x_wconf 83' lang='lat' dir='ltr'><strong>Ac</strong></span> <span class='ocrx_word' id='word_1_626' title='bbox 3081 3955 3177 4024; x_wconf 91' lang='lat' dir='ltr'><strong>qui</strong></span> <span class='ocrx_word' id='word_1_627' title='bbox 3221 3954 3374 4007; x_wconf 89' lang='lat' dir='ltr'><strong>illum</strong></span> <span class='ocrx_word' id='word_1_628' title='bbox 3418 3950 3549 4004; x_wconf 81' lang='lat' dir='ltr'><strong>fecit</strong></span> <span class='ocrx_word' id='word_1_629' title='bbox 3588 3968 3603 4004; x_wconf 88' lang='lat'><strong>:</strong></span> 
     </span>
    </p>
   </div>
   <div class='ocr_carea' id='block_1_86' title="bbox 2027 4041 3600 4123">
    <p class='ocr_par' dir='ltr' id='par_1_86' title="bbox 2027 4041 3600 4123">
     <span class='ocr_line' id='line_1_86' title="bbox 2027 4041 3600 4123; baseline -0.011 -12"><span class='ocrx_word' id='word_1_630' title='bbox 2027 4057 2337 4117; x_wconf 75' lang='lat' dir='ltr'><strong>Faciamus,</strong></span> <span class='ocrx_word' id='word_1_631' title='bbox 2378 4053 2575 4123; x_wconf 84' lang='lat' dir='ltr'><strong>inquit,</strong></span> <span class='ocrx_word' id='word_1_632' title='bbox 2613 4050 2873 4105; x_wconf 78' lang='lat' dir='ltr'><strong>hominem</strong></span> <span class='ocrx_word' id='word_1_633' title='bbox 2913 4047 2982 4101; x_wconf 87' lang='lat' dir='ltr'><strong>ad</strong></span> <span class='ocrx_word' id='word_1_634' title='bbox 3024 4046 3306 4116; x_wconf 75' lang='lat' dir='ltr'><strong>imaginem</strong></span> <span class='ocrx_word' id='word_1_635' title='bbox 3336 4051 3385 4096; x_wconf 85' lang='lat' dir='ltr'><strong>et</strong></span> <span class='ocrx_word' id='word_1_636' title='bbox 3418 4041 3600 4096; x_wconf 71' lang='lat' dir='ltr'><strong>simili-</strong></span> 
     </span>
    </p>
   </div>
   <div class='ocr_carea' id='block_1_87' title="bbox 2007 4132 3606 4205">
    <p class='ocr_par' dir='ltr' id='par_1_87' title="bbox 2007 4132 3606 4205">
     <span class='ocr_line' id='line_1_87' title="bbox 2007 4132 3606 4205; baseline -0.009 -4"><span class='ocrx_word' id='word_1_637' title='bbox 2007 4145 2263 4202; x_wconf 50' lang='lat' dir='ltr'><strong>tudinem</strong></span> <span class='ocrx_word' id='word_1_638' title='bbox 2309 4155 2546 4197; x_wconf 77' lang='lat' dir='ltr'><strong>nostram</strong></span> <span class='ocrx_word' id='word_1_639' title='bbox 2589 4139 2954 4205; x_wconf 55' lang='grc' dir='ltr'>’προπίνω</span> <span class='ocrx_word' id='word_1_640' title='bbox 2991 4137 3039 4193; x_wconf 92' lang='lat' dir='ltr'><strong>si</strong></span> <span class='ocrx_word' id='word_1_641' title='bbox 3077 4136 3202 4205; x_wconf 91' lang='lat' dir='ltr'><strong>quis</strong></span> <span class='ocrx_word' id='word_1_642' title='bbox 3240 4148 3272 4187; x_wconf 87' lang='lat' dir='ltr'><strong>a</strong></span> <span class='ocrx_word' id='word_1_643' title='bbox 3311 4132 3606 4187; x_wconf 77' lang='lat' dir='ltr'><strong>falsissima</strong></span> 
     </span>
    </p>
   </div>
   <div class='ocr_carea' id='block_1_88' title="bbox 2028 4224 3606 4293">
    <p class='ocr_par' dir='ltr' id='par_1_88' title="bbox 2028 4224 3606 4293">
     <span class='ocr_line' id='line_1_88' title="bbox 2028 4224 3606 4293; baseline -0.011 1"><span class='ocrx_word' id='word_1_644' title='bbox 2028 4246 2121 4293; x_wconf 91' lang='lat' dir='ltr'><strong>tua</strong></span> <span class='ocrx_word' id='word_1_645' title='bbox 2170 4237 2363 4293; x_wconf 65' lang='lat' dir='ltr'><strong>hzeresi</strong></span> <span class='ocrx_word' id='word_1_646' title='bbox 2414 4250 2538 4290; x_wconf 87' lang='lat' dir='ltr'><strong>sese</strong></span> <span class='ocrx_word' id='word_1_647' title='bbox 2572 4232 2640 4287; x_wconf 90' lang='lat' dir='ltr'><strong>ad</strong></span> <span class='ocrx_word' id='word_1_648' title='bbox 2683 4233 2968 4287; x_wconf 81' lang='lat' dir='ltr'><strong>veritatem</strong></span> <span class='ocrx_word' id='word_1_649' title='bbox 3000 4224 3357 4291; x_wconf 90' lang='lat' dir='ltr'><strong>converterit,</strong></span> <span class='ocrx_word' id='word_1_650' title='bbox 3390 4234 3445 4279; x_wconf 88' lang='lat' dir='ltr'><strong>et</strong></span> <span class='ocrx_word' id='word_1_651' title='bbox 3478 4231 3606 4277; x_wconf 85' lang='lat' dir='ltr'><strong>tan-</strong></span> 
     </span>
    </p>
   </div>
   <div class='ocr_carea' id='block_1_89' title="bbox 344 4314 1923 4412">
    <p class='ocr_par' dir='ltr' id='par_1_89' title="bbox 344 4326 1923 4402">
     <span class='ocr_line' id='line_1_89' title="bbox 344 4326 1923 4402; baseline -0.004 -16"><span class='ocrx_word' id='word_1_652' title='bbox 344 4332 410 4386; x_wconf 82' lang='grc' dir='ltr'>ἂν</span> <span class='ocrx_word' id='word_1_653' title='bbox 436 4333 498 4386; x_wconf 93' lang='grc' dir='ltr'><strong>τὸ</strong></span> <span class='ocrx_word' id='word_1_654' title='bbox 539 4331 655 4402; x_wconf 75' lang='grc' dir='ltr'>φῶς</span> <span class='ocrx_word' id='word_1_655' title='bbox 687 4330 836 4401; x_wconf 83' lang='grc' dir='ltr'>αὐτῷ</span> <span class='ocrx_word' id='word_1_656' title='bbox 874 4328 1158 4383; x_wconf 81' lang='grc' dir='ltr'>ἀνατεῐλαν</span> <span class='ocrx_word' id='word_1_657' title='bbox 1206 4330 1305 4399; x_wconf 82' lang='grc' dir='ltr'>τῆς</span> <span class='ocrx_word' id='word_1_658' title='bbox 1356 4327 1450 4382; x_wconf 92' lang='grc' dir='ltr'><strong>τοῦ</strong></span> <span class='ocrx_word' id='word_1_659' title='bbox 1506 4327 1641 4381; x_wconf 89' lang='grc' dir='ltr'>Θεοῦ</span> <span class='ocrx_word' id='word_1_660' title='bbox 1673 4326 1923 4396; x_wconf 84' lang='grc' dir='ltr'>γνώσεως</span> 
     </span>
    </p>
   </div>
   <div class='ocr_carea' id='block_1_90' title="bbox 2028 4314 3607 4412">
    <p class='ocr_par' dir='ltr' id='par_1_90' title="bbox 2028 4314 3607 4409">
     <span class='ocr_line' id='line_1_90' title="bbox 2028 4314 3607 4409; baseline -0.01 -25"><span class='ocrx_word' id='word_1_661' title='bbox 2028 4345 2192 4409; x_wconf 89' lang='lat' dir='ltr'><strong>quam</strong></span> <span class='ocrx_word' id='word_1_662' title='bbox 2241 4343 2273 4383; x_wconf 93' lang='lat' dir='ltr'><strong>e</strong></span> <span class='ocrx_word' id='word_1_663' title='bbox 2326 4334 2487 4381; x_wconf 89' lang='lat' dir='ltr'><strong>nocte</strong></span> <span class='ocrx_word' id='word_1_664' title='bbox 2538 4338 2603 4378; x_wconf 89' lang='lat' dir='ltr'><strong>ac</strong></span> <span class='ocrx_word' id='word_1_665' title='bbox 2659 4321 2899 4377; x_wconf 90' lang='lat' dir='ltr'><strong>tenebris</strong></span> <span class='ocrx_word' id='word_1_666' title='bbox 2946 4318 3258 4381; x_wconf 87' lang='lat' dir='ltr'><strong>emerserit,</strong></span> <span class='ocrx_word' id='word_1_667' title='bbox 3309 4315 3364 4369; x_wconf 87' lang='lat' dir='ltr'><strong>in</strong></span> <span class='ocrx_word' id='word_1_668' title='bbox 3409 4314 3607 4370; x_wconf 79' lang='lat' dir='ltr'><strong>divinae</strong></span> 
     </span>
    </p>
   </div>
   <div class='ocr_carea' id='block_1_91' title="bbox 346 4418 1168 4493">
    <p class='ocr_par' dir='ltr' id='par_1_91' title="bbox 346 4418 1168 4493">
     <span class='ocr_line' id='line_1_91' title="bbox 346 4418 1168 4493; baseline -0.001 -19"><span class='ocrx_word' id='word_1_669' title='bbox 346 4420 496 4493; x_wconf 76' lang='grc' dir='ltr'>ἡλίου</span> <span class='ocrx_word' id='word_1_670' title='bbox 525 4420 680 4491; x_wconf 89' lang='grc' dir='ltr'>δίκην</span> <span class='ocrx_word' id='word_1_671' title='bbox 708 4420 804 4474; x_wconf 72' lang='grc' dir='ltr'><strong>καὶ</strong></span> <span class='ocrx_word' id='word_1_672' title='bbox 825 4419 966 4490; x_wconf 81' lang='grc' dir='ltr'>ὑπὲρ</span> <span class='ocrx_word' id='word_1_673' title='bbox 998 4418 1168 4489; x_wconf 78' lang='grc' dir='ltr'>ἥλιον.</span> 
     </span>
    </p>
   </div>
   <div class='ocr_carea' id='block_1_92' title="bbox 413 4595 1928 4670">
    <p class='ocr_par' dir='ltr' id='par_1_92' title="bbox 413 4595 1928 4670">
     <span class='ocr_line' id='line_1_92' title="bbox 413 4595 1928 4670; baseline -0.003 -17"><span class='ocrx_word' id='word_1_674' title='bbox 413 4602 718 4670; x_wconf 76' lang='grc' dir='ltr'>Φανήσεται</span> <span class='ocrx_word' id='word_1_675' title='bbox 768 4598 877 4670; x_wconf 91' lang='grc' dir='ltr'><strong>γάρ</strong></span> <span class='ocrx_word' id='word_1_676' title='bbox 928 4598 1091 4652; x_wconf 81' lang='grc' dir='ltr'>παντὶ</span> <span class='ocrx_word' id='word_1_677' title='bbox 1133 4597 1214 4670; x_wconf 83' lang='grc' dir='ltr'><strong>τῷ</strong></span> <span class='ocrx_word' id='word_1_678' title='bbox 1257 4597 1351 4651; x_wconf 88' lang='grc' dir='ltr'><strong>τὸν</strong></span> <span class='ocrx_word' id='word_1_679' title='bbox 1396 4595 1614 4665; x_wconf 81' lang='grc' dir='ltr'>εῦλογον</span> <span class='ocrx_word' id='word_1_680' title='bbox 1665 4596 1928 4668; x_wconf 71' lang='grc' dir='ltr'>λογισμὸν</span> 
     </span>
    </p>
   </div>
   <div class='ocr_carea' id='block_1_93' title="bbox 348 4686 1924 4759">
    <p class='ocr_par' dir='ltr' id='par_1_93' title="bbox 348 4686 1924 4759">
     <span class='ocr_line' id='line_1_93' title="bbox 348 4686 1924 4759; baseline -0.001 -18"><span class='ocrx_word' id='word_1_681' title='bbox 348 4689 668 4759; x_wconf 77' lang='grc' dir='ltr'>κεκτημένῳ</span> <span class='ocrx_word' id='word_1_682' title='bbox 692 4726 706 4751; x_wconf 87' lang='grc'><strong>,</strong></span> <span class='ocrx_word' id='word_1_683' title='bbox 742 4689 825 4742; x_wconf 83' lang='grc' dir='ltr'><strong>ὅτι</strong></span> <span class='ocrx_word' id='word_1_684' title='bbox 862 4690 891 4741; x_wconf 87' lang='lat'><strong>6</strong></span> <span class='ocrx_word' id='word_1_685' title='bbox 923 4686 1093 4740; x_wconf 87' lang='grc' dir='ltr'>εἰπὼν</span> <span class='ocrx_word' id='word_1_686' title='bbox 1118 4727 1134 4751; x_wconf 96' lang='grc'><strong>,</strong></span> <span class='ocrx_word' id='word_1_687' title='bbox 1188 4687 1541 4755; x_wconf 80' lang='grc' dir='ltr'>Ποιήσωμεν</span> <span class='ocrx_word' id='word_1_688' title='bbox 1591 4686 1924 4754; x_wconf 77' lang='grc' dir='ltr'>ἄνθρωπον,</span> 
     </span>
    </p>
   </div>
   <div class='ocr_carea' id='block_1_94' title="bbox 346 4776 1928 4851">
    <p class='ocr_par' dir='ltr' id='par_1_94' title="bbox 346 4776 1928 4851">
     <span class='ocr_line' id='line_1_94' title="bbox 346 4776 1928 4851; baseline -0.003 -18"><span class='ocrx_word' id='word_1_689' title='bbox 346 4783 375 4833; x_wconf 86' lang='grc' dir='ltr'><strong>ό</strong></span> <span class='ocrx_word' id='word_1_690' title='bbox 404 4780 536 4842; x_wconf 83' lang='grc' dir='ltr'>Θεὸς</span> <span class='ocrx_word' id='word_1_691' title='bbox 565 4783 710 4834; x_wconf 87' lang='grc' dir='ltr'>ἐστιν</span> <span class='ocrx_word' id='word_1_692' title='bbox 737 4780 766 4832; x_wconf 88' lang='lat'><strong>6</strong></span> <span class='ocrx_word' id='word_1_693' title='bbox 796 4779 903 4832; x_wconf 88' lang='grc' dir='ltr'><strong>τῶν</strong></span> <span class='ocrx_word' id='word_1_694' title='bbox 930 4779 1066 4832; x_wconf 87' lang='grc' dir='ltr'>ὅλων</span> <span class='ocrx_word' id='word_1_695' title='bbox 1092 4779 1302 4851; x_wconf 81' lang='grc' dir='ltr'>Πατήρ.</span> <span class='ocrx_word' id='word_1_696' title='bbox 1336 4777 1692 4846; x_wconf 84' lang='grc' dir='ltr'>Συγκαλεῖται</span> <span class='ocrx_word' id='word_1_697' title='bbox 1719 4777 1776 4830; x_wconf 82' lang='grc' dir='ltr'>δὲ</span> <span class='ocrx_word' id='word_1_698' title='bbox 1807 4776 1928 4848; x_wconf 84' lang='grc' dir='ltr'>μεθ’</span> 
     </span>
    </p>
   </div>
   <div class='ocr_carea' id='block_1_95' title="bbox 346 4870 1929 4942">
    <p class='ocr_par' dir='ltr' id='par_1_95' title="bbox 346 4870 1929 4942">
     <span class='ocr_line' id='line_1_95' title="bbox 346 4870 1929 4942; baseline -0.004 -15"><span class='ocrx_word' id='word_1_699' title='bbox 346 4873 542 4927; x_wconf 80' lang='grc' dir='ltr'><strong>ἑαυτοῦ</strong></span> <span class='ocrx_word' id='word_1_700' title='bbox 561 4873 653 4927; x_wconf 89' lang='grc' dir='ltr'><strong>τὸν</strong></span> <span class='ocrx_word' id='word_1_701' title='bbox 681 4873 769 4927; x_wconf 76' lang='grc' dir='ltr'>ἀεὶ</span> <span class='ocrx_word' id='word_1_702' title='bbox 793 4873 917 4926; x_wconf 84' lang='grc' dir='ltr'>ὖντα</span> <span class='ocrx_word' id='word_1_703' title='bbox 960 4875 1056 4926; x_wconf 79' lang='grc' dir='ltr'><strong>σὺν</strong></span> <span class='ocrx_word' id='word_1_704' title='bbox 1089 4871 1237 4942; x_wconf 81' lang='grc' dir='ltr'><strong>αὐτῴ</strong></span> <span class='ocrx_word' id='word_1_705' title='bbox 1265 4871 1397 4925; x_wconf 85' lang='grc' dir='ltr'>Θεὸν</span> <span class='ocrx_word' id='word_1_706' title='bbox 1424 4871 1595 4940; x_wconf 84' lang='grc' dir='ltr'>Λόγον</span> <span class='ocrx_word' id='word_1_707' title='bbox 1619 4870 1746 4923; x_wconf 86' lang='grc' dir='ltr'>Υἱὸν</span> <span class='ocrx_word' id='word_1_708' title='bbox 1773 4885 1929 4940; x_wconf 77' lang='grc' dir='ltr'>μονο·</span> 
     </span>
    </p>
   </div>
   <div class='ocr_carea' id='block_1_96' title="bbox 347 4961 1925 5034">
    <p class='ocr_par' dir='ltr' id='par_1_96' title="bbox 347 4961 1925 5034">
     <span class='ocr_line' id='line_1_96' title="bbox 347 4961 1925 5034; baseline -0.003 -17"><span class='ocrx_word' id='word_1_709' title='bbox 347 4964 478 5034; x_wconf 84' lang='grc' dir='ltr'>γενῆ</span> <span class='ocrx_word' id='word_1_710' title='bbox 505 5004 520 5028; x_wconf 93' lang='grc'><strong>,</strong></span> <span class='ocrx_word' id='word_1_711' title='bbox 555 4962 616 5028; x_wconf 82' lang='grc' dir='ltr'>ἐξ</span> <span class='ocrx_word' id='word_1_712' title='bbox 637 4964 801 5017; x_wconf 86' lang='grc' dir='ltr'><strong>αὐτοῦ</strong></span> <span class='ocrx_word' id='word_1_713' title='bbox 839 4964 1091 5034; x_wconf 82' lang='grc' dir='ltr'>ἀνάρχως</span> <span class='ocrx_word' id='word_1_714' title='bbox 1122 4963 1216 5017; x_wconf 76' lang='grc' dir='ltr'>καὶ</span> <span class='ocrx_word' id='word_1_715' title='bbox 1241 4963 1483 5034; x_wconf 87' lang='grc' dir='ltr'>ἀχρόνως</span> <span class='ocrx_word' id='word_1_716' title='bbox 1509 4961 1925 5030; x_wconf 73' lang='grc' dir='ltr'>γεγεννημένον*</span> 
     </span>
    </p>
   </div>
   <div class='ocr_carea' id='block_1_97' title="bbox 348 5051 1927 5127">
    <p class='ocr_par' dir='ltr' id='par_1_97' title="bbox 348 5051 1927 5127">
     <span class='ocr_line' id='line_1_97' title="bbox 348 5051 1927 5127; baseline -0.003 -18"><span class='ocrx_word' id='word_1_717' title='bbox 348 5056 466 5127; x_wconf 78' lang='grc' dir='ltr'><strong>ἅμα</strong></span> <span class='ocrx_word' id='word_1_718' title='bbox 497 5056 554 5109; x_wconf 84' lang='grc' dir='ltr'>δὲ</span> <span class='ocrx_word' id='word_1_719' title='bbox 604 5056 698 5110; x_wconf 76' lang='grc' dir='ltr'><strong>καὶ</strong></span> <span class='ocrx_word' id='word_1_720' title='bbox 738 5056 802 5110; x_wconf 91' lang='grc' dir='ltr'>τὸ</span> <span class='ocrx_word' id='word_1_721' title='bbox 841 5057 994 5125; x_wconf 84' lang='grc' dir='ltr'>ἆγιον</span> <span class='ocrx_word' id='word_1_722' title='bbox 1045 5053 1209 5108; x_wconf 85' lang='grc' dir='ltr'><strong>αὑτοῦ</strong></span> <span class='ocrx_word' id='word_1_723' title='bbox 1264 5053 1525 5124; x_wconf 85' lang='grc' dir='ltr'>Πνεῦμα,</span> <span class='ocrx_word' id='word_1_724' title='bbox 1572 5053 1635 5105; x_wconf 85' lang='grc' dir='ltr'>τὸ</span> <span class='ocrx_word' id='word_1_725' title='bbox 1683 5053 1783 5105; x_wconf 79' lang='grc' dir='ltr'><strong>οὐκ</strong></span> <span class='ocrx_word' id='word_1_726' title='bbox 1828 5051 1927 5105; x_wconf 87' lang='grc' dir='ltr'>ἀλ-</span> 
     </span>
    </p>
   </div>
   <div class='ocr_carea' id='block_1_98' title="bbox 346 5145 1926 5219">
    <p class='ocr_par' dir='ltr' id='par_1_98' title="bbox 346 5145 1926 5219">
     <span class='ocr_line' id='line_1_98' title="bbox 346 5145 1926 5219; baseline -0.001 -19"><span class='ocrx_word' id='word_1_727' title='bbox 346 5147 555 5215; x_wconf 83' lang='grc' dir='ltr'>λότριον</span> <span class='ocrx_word' id='word_1_728' title='bbox 585 5146 748 5200; x_wconf 82' lang='grc' dir='ltr'><strong>αὐτοῦ</strong></span> <span class='ocrx_word' id='word_1_729' title='bbox 790 5147 907 5219; x_wconf 74' lang='grc' dir='ltr'><strong>οὐδὲ</strong></span> <span class='ocrx_word' id='word_1_730' title='bbox 931 5147 1026 5200; x_wconf 88' lang='grc' dir='ltr'><strong>τοῦ</strong></span> <span class='ocrx_word' id='word_1_731' title='bbox 1055 5145 1219 5199; x_wconf 84' lang='grc' dir='ltr'><strong>αὐτοῦ</strong></span> <span class='ocrx_word' id='word_1_732' title='bbox 1250 5145 1378 5199; x_wconf 81' lang='grc' dir='ltr'>ἰδίου</span> <span class='ocrx_word' id='word_1_733' title='bbox 1415 5146 1566 5200; x_wconf 80' lang='grc' dir='ltr'>Υιοῦ.</span> <span class='ocrx_word' id='word_1_734' title='bbox 1593 5146 1657 5199; x_wconf 81' lang='grc' dir='ltr'>Εἰ</span> <span class='ocrx_word' id='word_1_735' title='bbox 1697 5145 1805 5218; x_wconf 85' lang='grc' dir='ltr'><strong>γὰρ</strong></span> <span class='ocrx_word' id='word_1_736' title='bbox 1830 5145 1926 5199; x_wconf 80' lang='grc' dir='ltr'>ἀλ-</span> 
     </span>
    </p>
   </div>
   <div class='ocr_carea' id='block_1_99' title="bbox 346 5234 1931 5310">
    <p class='ocr_par' dir='ltr' id='par_1_99' title="bbox 346 5234 1931 5310">
     <span class='ocr_line' id='line_1_99' title="bbox 346 5234 1931 5310; baseline -0.001 -19"><span class='ocrx_word' id='word_1_737' title='bbox 346 5240 438 5305; x_wconf 88' lang='grc' dir='ltr'><strong>λος</strong></span> <span class='ocrx_word' id='word_1_738' title='bbox 462 5234 531 5310; x_wconf 81' lang='grc' dir='ltr'>ἧν</span> <span class='ocrx_word' id='word_1_739' title='bbox 563 5239 591 5290; x_wconf 96' lang='lat'><strong>6</strong></span> <span class='ocrx_word' id='word_1_740' title='bbox 621 5238 832 5300; x_wconf 78' lang='grc' dir='ltr'>πλάσας</span> <span class='ocrx_word' id='word_1_741' title='bbox 855 5237 946 5292; x_wconf 90' lang='grc' dir='ltr'><strong>τὸν</strong></span> <span class='ocrx_word' id='word_1_742' title='bbox 979 5238 1262 5309; x_wconf 83' lang='grc' dir='ltr'>ἄνθρωπον</span> <span class='ocrx_word' id='word_1_743' title='bbox 1286 5277 1301 5299; x_wconf 92' lang='grc'><strong>,</strong></span> <span class='ocrx_word' id='word_1_744' title='bbox 1336 5236 1431 5290; x_wconf 59' lang='grc' dir='ltr'><strong>κοιλ⁵</strong></span> <span class='ocrx_word' id='word_1_745' title='bbox 1459 5237 1550 5290; x_wconf 89' lang='grc' dir='ltr'><strong>τὸν</strong></span> <span class='ocrx_word' id='word_1_746' title='bbox 1579 5239 1783 5307; x_wconf 87' lang='grc' dir='ltr'>κόσμον</span> <span class='ocrx_word' id='word_1_747' title='bbox 1816 5238 1931 5291; x_wconf 87' lang='grc' dir='ltr'>κτί-</span> 
     </span>
    </p>
   </div>
   <div class='ocr_carea' id='block_1_100' title="bbox 351 5321 1931 5398">
    <p class='ocr_par' dir='ltr' id='par_1_100' title="bbox 351 5321 1931 5398">
     <span class='ocr_line' id='line_1_100' title="bbox 351 5321 1931 5398; baseline -0.003 -15"><span class='ocrx_word' id='word_1_748' title='bbox 351 5346 478 5393; x_wconf 78' lang='grc' dir='ltr'>σας,</span> <span class='ocrx_word' id='word_1_749' title='bbox 509 5328 667 5393; x_wconf 80' lang='grc' dir='ltr'>ἀλλος</span> <span class='ocrx_word' id='word_1_750' title='bbox 707 5328 767 5382; x_wconf 77' lang='grc' dir='ltr'>δὲ</span> <span class='ocrx_word' id='word_1_751' title='bbox 814 5331 842 5380; x_wconf 90' lang='grc' dir='ltr'>ὁ</span> <span class='ocrx_word' id='word_1_752' title='bbox 892 5328 1007 5381; x_wconf 77' lang='grc' dir='ltr'><strong>ἀνω</strong></span> <span class='ocrx_word' id='word_1_753' title='bbox 1032 5326 1235 5395; x_wconf 84' lang='grc' dir='ltr'>ἀγαθὸς</span> <span class='ocrx_word' id='word_1_754' title='bbox 1267 5326 1401 5390; x_wconf 85' lang='grc' dir='ltr'>Θεὸς</span> <span class='ocrx_word' id='word_1_755' title='bbox 1424 5366 1438 5389; x_wconf 94' lang='grc'><strong>,</strong></span> <span class='ocrx_word' id='word_1_756' title='bbox 1469 5327 1595 5397; x_wconf 88' lang='grc' dir='ltr'>παρ’</span> <span class='ocrx_word' id='word_1_757' title='bbox 1633 5321 1694 5381; x_wconf 83' lang='grc' dir='ltr'><strong>οῦ</strong></span> <span class='ocrx_word' id='word_1_758' title='bbox 1732 5326 1931 5398; x_wconf 84' lang='grc' dir='ltr'>κατῆλ-</span> 
     </span>
    </p>
   </div>
   <div class='ocr_carea' id='block_1_101' title="bbox 350 5418 1933 5491">
    <p class='ocr_par' dir='ltr' id='par_1_101' title="bbox 350 5418 1933 5491">
     <span class='ocr_line' id='line_1_101' title="bbox 350 5418 1933 5491; baseline -0.001 -18"><span class='ocrx_word' id='word_1_759' title='bbox 350 5422 441 5473; x_wconf 84' lang='grc' dir='ltr'>οεν</span> <span class='ocrx_word' id='word_1_760' title='bbox 470 5423 498 5474; x_wconf 88' lang='lat'><strong>6</strong></span> <span class='ocrx_word' id='word_1_761' title='bbox 545 5420 776 5491; x_wconf 78' lang='grc' dir='ltr'>Χριστός</span> <span class='ocrx_word' id='word_1_762' title='bbox 797 5437 810 5450; x_wconf 70' lang='grc' dir='ltr'>υ</span> <span class='ocrx_word' id='word_1_763' title='bbox 840 5421 940 5473; x_wconf 75' lang='grc' dir='ltr'><strong>οὐκ</strong></span> <span class='ocrx_word' id='word_1_764' title='bbox 988 5419 1053 5473; x_wconf 85' lang='grc' dir='ltr'>ἂν</span> <span class='ocrx_word' id='word_1_765' title='bbox 1080 5421 1110 5472; x_wconf 88' lang='grc' dir='ltr'><strong>ό</strong></span> <span class='ocrx_word' id='word_1_766' title='bbox 1156 5419 1389 5490; x_wconf 86' lang='grc' dir='ltr'>Χριστὸς</span> <span class='ocrx_word' id='word_1_767' title='bbox 1420 5418 1723 5489; x_wconf 81' lang='grc' dir='ltr'>ἐλάμϐανεν</span> <span class='ocrx_word' id='word_1_768' title='bbox 1756 5418 1933 5489; x_wconf 84' lang='grc' dir='ltr'>ἐαυτῷ</span> 
     </span>
    </p>
   </div>
   <div class='ocr_carea' id='block_1_102' title="bbox 2028 4407 3609 4484">
    <p class='ocr_par' dir='ltr' id='par_1_102' title="bbox 2028 4407 3609 4484">
     <span class='ocr_line' id='line_1_102' title="bbox 2028 4407 3609 4484; baseline -0.011 -6"><span class='ocrx_word' id='word_1_769' title='bbox 2028 4420 2270 4481; x_wconf 73' lang='lat' dir='ltr'><strong>scientia:</strong></span> <span class='ocrx_word' id='word_1_770' title='bbox 2307 4419 2490 4472; x_wconf 91' lang='lat' dir='ltr'><strong>lumen</strong></span> <span class='ocrx_word' id='word_1_771' title='bbox 2533 4418 2798 4477; x_wconf 90' lang='lat' dir='ltr'><strong>incurret,</strong></span> <span class='ocrx_word' id='word_1_772' title='bbox 2848 4412 2995 4484; x_wconf 90' lang='lat' dir='ltr'><strong>quod</strong></span> <span class='ocrx_word' id='word_1_773' title='bbox 3029 4409 3078 4465; x_wconf 91' lang='lat' dir='ltr'><strong>ei</strong></span> <span class='ocrx_word' id='word_1_774' title='bbox 3124 4408 3264 4464; x_wconf 82' lang='lat' dir='ltr'><strong>solis</strong></span> <span class='ocrx_word' id='word_1_775' title='bbox 3311 4408 3487 4461; x_wconf 89' lang='lat' dir='ltr'><strong>instar</strong></span> <span class='ocrx_word' id='word_1_776' title='bbox 3524 4407 3609 4461; x_wconf 80' lang='lat' dir='ltr'><strong>vel</strong></span> 
     </span>
    </p>
   </div>
   <div class='ocr_carea' id='block_1_103' title="bbox 2022 4505 3042 4579">
    <p class='ocr_par' dir='ltr' id='par_1_103' title="bbox 2022 4505 3042 4579">
     <span class='ocr_line' id='line_1_103' title="bbox 2022 4505 3042 4579; baseline -0.015 -6"><span class='ocrx_word' id='word_1_777' title='bbox 2022 4518 2186 4574; x_wconf 89' lang='lat' dir='ltr'><strong>etiam</strong></span> <span class='ocrx_word' id='word_1_778' title='bbox 2221 4511 2335 4567; x_wconf 91' lang='lat' dir='ltr'><strong>sole</strong></span> <span class='ocrx_word' id='word_1_779' title='bbox 2358 4513 2477 4579; x_wconf 90' lang='lat' dir='ltr'><strong>ipso</strong></span> <span class='ocrx_word' id='word_1_780' title='bbox 2506 4508 2711 4561; x_wconf 86' lang='lat' dir='ltr'><strong>clarius</strong></span> <span class='ocrx_word' id='word_1_781' title='bbox 2742 4505 3042 4560; x_wconf 84' lang='lat' dir='ltr'><strong>illucescet.</strong></span> 
     </span>
    </p>
   </div>
   <div class='ocr_carea' id='block_1_104' title="bbox 2096 4593 3607 4667">
    <p class='ocr_par' dir='ltr' id='par_1_104' title="bbox 2096 4593 3607 4667">
     <span class='ocr_line' id='line_1_104' title="bbox 2096 4593 3607 4667; baseline -0.01 -9"><span class='ocrx_word' id='word_1_782' title='bbox 2096 4602 2232 4658; x_wconf 84' lang='lat' dir='ltr'><strong>Nam</strong></span> <span class='ocrx_word' id='word_1_783' title='bbox 2266 4602 2399 4655; x_wconf 89' lang='lat' dir='ltr'><strong>illud</strong></span> <span class='ocrx_word' id='word_1_784' title='bbox 2429 4598 2679 4660; x_wconf 89' lang='lat' dir='ltr'><strong>cuilibet,</strong></span> <span class='ocrx_word' id='word_1_785' title='bbox 2714 4598 2807 4667; x_wconf 90' lang='lat' dir='ltr'><strong>qui</strong></span> <span class='ocrx_word' id='word_1_786' title='bbox 2841 4597 3075 4651; x_wconf 88' lang='lat' dir='ltr'><strong>rationis</strong></span> <span class='ocrx_word' id='word_1_787' title='bbox 3107 4595 3352 4651; x_wconf 84' lang='lat' dir='ltr'><strong>nonnihil</strong></span> <span class='ocrx_word' id='word_1_788' title='bbox 3388 4593 3607 4655; x_wconf 87' lang='lat' dir='ltr'><strong>habeat,</strong></span> 
     </span>
    </p>
   </div>
   <div class='ocr_carea' id='block_1_105' title="bbox 2028 4682 3607 4755">
    <p class='ocr_par' dir='ltr' id='par_1_105' title="bbox 2028 4682 3607 4755">
     <span class='ocr_line' id='line_1_105' title="bbox 2028 4682 3607 4755; baseline -0.011 -4"><span class='ocrx_word' id='word_1_789' title='bbox 2028 4695 2259 4751; x_wconf 89' lang='lat' dir='ltr'><strong>evidens</strong></span> <span class='ocrx_word' id='word_1_790' title='bbox 2290 4693 2419 4753; x_wconf 87' lang='lat' dir='ltr'><strong>erit,</strong></span> <span class='ocrx_word' id='word_1_791' title='bbox 2451 4689 2619 4744; x_wconf 89' lang='lat' dir='ltr'><strong>Deum</strong></span> <span class='ocrx_word' id='word_1_792' title='bbox 2650 4703 2774 4743; x_wconf 78' lang='lat' dir='ltr'><strong>esse</strong></span> <span class='ocrx_word' id='word_1_793' title='bbox 2800 4695 3079 4755; x_wconf 88' lang='lat' dir='ltr'><strong>parentem</strong></span> <span class='ocrx_word' id='word_1_794' title='bbox 3104 4686 3371 4746; x_wconf 90' lang='lat' dir='ltr'><strong>omnium,</strong></span> <span class='ocrx_word' id='word_1_795' title='bbox 3405 4683 3497 4752; x_wconf 89' lang='lat' dir='ltr'><strong>qui</strong></span> <span class='ocrx_word' id='word_1_796' title='bbox 3534 4682 3607 4735; x_wconf 91' lang='lat' dir='ltr'><strong>ita</strong></span> 
     </span>
    </p>
   </div>
   <div class='ocr_carea' id='block_1_106' title="bbox 2028 4773 3610 4843">
    <p class='ocr_par' dir='ltr' id='par_1_106' title="bbox 2028 4773 3610 4843">
     <span class='ocr_line' id='line_1_106' title="bbox 2028 4773 3610 4843; baseline -0.009 -4"><span class='ocrx_word' id='word_1_797' title='bbox 2028 4784 2248 4839; x_wconf 88' lang='lat' dir='ltr'><strong>locutus</strong></span> <span class='ocrx_word' id='word_1_798' title='bbox 2274 4788 2359 4836; x_wconf 88' lang='lat' dir='ltr'><strong>est</strong></span> <span class='ocrx_word' id='word_1_799' title='bbox 2391 4798 2405 4833; x_wconf 90' lang='lat'><strong>:</strong></span> <span class='ocrx_word' id='word_1_800' title='bbox 2445 4777 2732 4832; x_wconf 75' lang='lat' dir='ltr'><strong>Faciamus</strong></span> <span class='ocrx_word' id='word_1_801' title='bbox 2761 4776 3042 4830; x_wconf 81' lang='lat' dir='ltr'><strong>hominem.</strong></span> <span class='ocrx_word' id='word_1_802' title='bbox 3070 4775 3186 4842; x_wconf 82' lang='lat' dir='ltr'><strong>Qua</strong></span> <span class='ocrx_word' id='word_1_803' title='bbox 3221 4773 3438 4843; x_wconf 90' lang='lat' dir='ltr'><strong>quidem</strong></span> <span class='ocrx_word' id='word_1_804' title='bbox 3473 4786 3610 4826; x_wconf 86' lang='lat' dir='ltr'><strong>voce</strong></span> 
     </span>
    </p>
   </div>
   <div class='ocr_carea' id='block_1_107' title="bbox 2028 4860 3605 4935">
    <p class='ocr_par' dir='ltr' id='par_1_107' title="bbox 2028 4860 3605 4935">
     <span class='ocr_line' id='line_1_107' title="bbox 2028 4860 3605 4935; baseline -0.01 -6"><span class='ocrx_word' id='word_1_805' title='bbox 2028 4882 2293 4929; x_wconf 75' lang='lat' dir='ltr'><strong>aeternum</strong></span> <span class='ocrx_word' id='word_1_806' title='bbox 2349 4869 2505 4923; x_wconf 90' lang='lat' dir='ltr'><strong>illum</strong></span> <span class='ocrx_word' id='word_1_807' title='bbox 2550 4866 2744 4930; x_wconf 89' lang='lat' dir='ltr'><strong>Deum,</strong></span> <span class='ocrx_word' id='word_1_808' title='bbox 2798 4863 3059 4929; x_wconf 84' lang='lat' dir='ltr'><strong>Verbum,</strong></span> <span class='ocrx_word' id='word_1_809' title='bbox 3101 4866 3344 4935; x_wconf 88' lang='lat' dir='ltr'><strong>inquam,</strong></span> <span class='ocrx_word' id='word_1_810' title='bbox 3408 4860 3605 4916; x_wconf 82' lang='lat' dir='ltr'><strong>Filium</strong></span> 
     </span>
    </p>
   </div>
   <div class='ocr_carea' id='block_1_108' title="bbox 2029 4953 3609 5042">
    <p class='ocr_par' dir='ltr' id='par_1_108' title="bbox 2029 4953 3609 5042">
     <span class='ocr_line' id='line_1_108' title="bbox 2029 4953 3609 5042; baseline -0.009 -22"><span class='ocrx_word' id='word_1_811' title='bbox 2029 4978 2216 5042; x_wconf 45' lang='lat' dir='ltr'><strong>suum.</strong></span> <span class='ocrx_word' id='word_1_812' title='bbox 2241 4961 2534 5031; x_wconf 83' lang='lat' dir='ltr'><strong>nnigenam</strong></span> <span class='ocrx_word' id='word_1_813' title='bbox 2579 4959 2900 5027; x_wconf 78' lang='lat' dir='ltr'><strong>complexus</strong></span> <span class='ocrx_word' id='word_1_814' title='bbox 2932 4963 3018 5011; x_wconf 89' lang='lat' dir='ltr'><strong>est</strong></span> <span class='ocrx_word' id='word_1_815' title='bbox 3058 4971 3072 5007; x_wconf 88' lang='lat'><strong>:</strong></span> <span class='ocrx_word' id='word_1_816' title='bbox 3110 4969 3273 5026; x_wconf 89' lang='lat' dir='ltr'><strong>quem</strong></span> <span class='ocrx_word' id='word_1_817' title='bbox 3313 4969 3381 5009; x_wconf 79' lang='lat' dir='ltr'><strong>ex</strong></span> <span class='ocrx_word' id='word_1_818' title='bbox 3427 4953 3609 5021; x_wconf 87' lang='lat' dir='ltr'><strong>seipso</strong></span> 
     </span>
    </p>
   </div>
   <div class='ocr_carea' id='block_1_109' title="bbox 2028 5041 3606 5120">
    <p class='ocr_par' dir='ltr' id='par_1_109' title="bbox 2028 5041 3606 5120">
     <span class='ocr_line' id='line_1_109' title="bbox 2028 5041 3606 5120; baseline -0.011 -8"><span class='ocrx_word' id='word_1_819' title='bbox 2028 5057 2150 5112; x_wconf 89' lang='lat' dir='ltr'><strong>sine</strong></span> <span class='ocrx_word' id='word_1_820' title='bbox 2172 5041 2332 5109; x_wconf 87' lang='lat' dir='ltr'><strong>initio</strong></span> <span class='ocrx_word' id='word_1_821' title='bbox 2356 5051 2506 5106; x_wconf 90' lang='lat' dir='ltr'><strong>omni</strong></span> <span class='ocrx_word' id='word_1_822' title='bbox 2530 5065 2593 5105; x_wconf 91' lang='lat' dir='ltr'><strong>ac</strong></span> <span class='ocrx_word' id='word_1_823' title='bbox 2617 5060 2862 5120; x_wconf 85' lang='lat' dir='ltr'><strong>tempore</strong></span> <span class='ocrx_word' id='word_1_824' title='bbox 2886 5049 3108 5119; x_wconf 79' lang='lat' dir='ltr'><strong>genuit;</strong></span> <span class='ocrx_word' id='word_1_825' title='bbox 3139 5061 3240 5100; x_wconf 91' lang='lat' dir='ltr'><strong>nec</strong></span> <span class='ocrx_word' id='word_1_826' title='bbox 3262 5059 3370 5099; x_wconf 90' lang='lat' dir='ltr'><strong>non</strong></span> <span class='ocrx_word' id='word_1_827' title='bbox 3394 5051 3448 5099; x_wconf 90' lang='lat' dir='ltr'><strong>et</strong></span> <span class='ocrx_word' id='word_1_828' title='bbox 3480 5041 3606 5112; x_wconf 89' lang='lat' dir='ltr'><strong>Spi—</strong></span> 
     </span>
    </p>
   </div>
   <div class='ocr_carea' id='block_1_110' title="bbox 2030 5134 3611 5212">
    <p class='ocr_par' dir='ltr' id='par_1_110' title="bbox 2030 5134 3611 5212">
     <span class='ocr_line' id='line_1_110' title="bbox 2030 5134 3611 5212; baseline -0.006 -12"><span class='ocrx_word' id='word_1_829' title='bbox 2030 5148 2199 5201; x_wconf 89' lang='lat' dir='ltr'><strong>ritum</strong></span> <span class='ocrx_word' id='word_1_830' title='bbox 2236 5151 2511 5207; x_wconf 89' lang='lat' dir='ltr'><strong>sanctum,</strong></span> <span class='ocrx_word' id='word_1_831' title='bbox 2548 5138 2644 5212; x_wconf 81' lang='lat' dir='ltr'><strong>qui</strong></span> <span class='ocrx_word' id='word_1_832' title='bbox 2674 5155 2775 5195; x_wconf 89' lang='lat' dir='ltr'><strong>nec</strong></span> <span class='ocrx_word' id='word_1_833' title='bbox 2805 5141 2874 5195; x_wconf 90' lang='lat' dir='ltr'><strong>ab</strong></span> <span class='ocrx_word' id='word_1_834' title='bbox 2907 5140 3024 5202; x_wconf 90' lang='lat' dir='ltr'><strong>illo,</strong></span> <span class='ocrx_word' id='word_1_835' title='bbox 3057 5152 3160 5193; x_wconf 90' lang='lat' dir='ltr'><strong>nec</strong></span> <span class='ocrx_word' id='word_1_836' title='bbox 3189 5136 3258 5191; x_wconf 88' lang='lat' dir='ltr'><strong>ab</strong></span> <span class='ocrx_word' id='word_1_837' title='bbox 3295 5134 3461 5207; x_wconf 60' lang='lat'><strong>384</strong></span> <span class='ocrx_word' id='word_1_838' title='bbox 3488 5134 3611 5204; x_wconf 85' lang='lat' dir='ltr'><strong>ejus</strong></span> 
     </span>
    </p>
   </div>
   <div class='ocr_carea' id='block_1_111' title="bbox 2037 5226 3614 5293">
    <p class='ocr_par' dir='ltr' id='par_1_111' title="bbox 2037 5226 3614 5293">
     <span class='ocr_line' id='line_1_111' title="bbox 2037 5226 3614 5293; baseline -0.008 -2"><span class='ocrx_word' id='word_1_839' title='bbox 2037 5236 2175 5291; x_wconf 86' lang='lat' dir='ltr'><strong>Filio</strong></span> <span class='ocrx_word' id='word_1_840' title='bbox 2201 5236 2273 5293; x_wconf 91' lang='lat' dir='ltr'><strong>sit</strong></span> <span class='ocrx_word' id='word_1_841' title='bbox 2297 5236 2530 5290; x_wconf 87' lang='lat' dir='ltr'><strong>alienus.</strong></span> <span class='ocrx_word' id='word_1_842' title='bbox 2567 5231 2623 5288; x_wconf 88' lang='lat' dir='ltr'><strong>Si</strong></span> <span class='ocrx_word' id='word_1_843' title='bbox 2658 5233 2803 5288; x_wconf 90' lang='lat' dir='ltr'><strong>enim</strong></span> <span class='ocrx_word' id='word_1_844' title='bbox 2840 5232 2980 5286; x_wconf 88' lang='lat' dir='ltr'><strong>alius</strong></span> <span class='ocrx_word' id='word_1_845' title='bbox 3014 5230 3153 5285; x_wconf 77' lang='lat' dir='ltr'><strong>foret</strong></span> <span class='ocrx_word' id='word_1_846' title='bbox 3176 5228 3416 5283; x_wconf 91' lang='lat' dir='ltr'><strong>hominis</strong></span> <span class='ocrx_word' id='word_1_847' title='bbox 3444 5226 3614 5280; x_wconf 78' lang='lat' dir='ltr'><strong>fabri-</strong></span> 
     </span>
    </p>
   </div>
   <div class='ocr_carea' id='block_1_112' title="bbox 2038 5317 3613 5392">
    <p class='ocr_par' dir='ltr' id='par_1_112' title="bbox 2038 5317 3613 5392">
     <span class='ocr_line' id='line_1_112' title="bbox 2038 5317 3613 5392; baseline -0.009 -10"><span class='ocrx_word' id='word_1_848' title='bbox 2038 5337 2217 5392; x_wconf 84' lang='lat' dir='ltr'><strong>cator,</strong></span> <span class='ocrx_word' id='word_1_849' title='bbox 2271 5327 2460 5381; x_wconf 87' lang='lat' dir='ltr'><strong>mundi</strong></span> <span class='ocrx_word' id='word_1_850' title='bbox 2500 5325 2791 5390; x_wconf 86' lang='lat' dir='ltr'><strong>conditor;</strong></span> <span class='ocrx_word' id='word_1_851' title='bbox 2831 5323 2974 5378; x_wconf 88' lang='lat' dir='ltr'><strong>alius</strong></span> <span class='ocrx_word' id='word_1_852' title='bbox 3005 5335 3295 5391; x_wconf 91' lang='lat' dir='ltr'><strong>supremus</strong></span> <span class='ocrx_word' id='word_1_853' title='bbox 3333 5333 3396 5372; x_wconf 88' lang='lat' dir='ltr'><strong>ac</strong></span> <span class='ocrx_word' id='word_1_854' title='bbox 3434 5317 3613 5371; x_wconf 91' lang='lat' dir='ltr'><strong>bonus</strong></span> 
     </span>
    </p>
   </div>
   <div class='ocr_carea' id='block_1_113' title="bbox 2041 5407 3613 5488">
    <p class='ocr_par' dir='ltr' id='par_1_113' title="bbox 2041 5407 3613 5488">
     <span class='ocr_line' id='line_1_113' title="bbox 2041 5407 3613 5488; baseline -0.008 -14"><span class='ocrx_word' id='word_1_855' title='bbox 2041 5419 2205 5484; x_wconf 85' lang='lat' dir='ltr'><strong>Deus,</strong></span> <span class='ocrx_word' id='word_1_856' title='bbox 2234 5435 2263 5471; x_wconf 89' lang='lat' dir='ltr'><strong>a</strong></span> <span class='ocrx_word' id='word_1_857' title='bbox 2298 5435 2407 5488; x_wconf 86' lang='lat' dir='ltr'><strong>quo</strong></span> <span class='ocrx_word' id='word_1_858' title='bbox 2430 5417 2682 5473; x_wconf 84' lang='lat' dir='ltr'><strong>Christus</strong></span> <span class='ocrx_word' id='word_1_859' title='bbox 2708 5414 3014 5477; x_wconf 87' lang='lat' dir='ltr'><strong>descendit,</strong></span> <span class='ocrx_word' id='word_1_860' title='bbox 3046 5425 3325 5480; x_wconf 75' lang='lat' dir='ltr'><strong>nunquam</strong></span> <span class='ocrx_word' id='word_1_861' title='bbox 3359 5407 3613 5463; x_wconf 83' lang='lat' dir='ltr'><strong>Christus</strong></span> 
     </span>
    </p>
   </div>
   <div class='ocr_carea' id='block_1_114' title="bbox 351 5498 1923 5583">
    <p class='ocr_par' dir='ltr' id='par_1_114' title="bbox 351 5508 1923 5583">
     <span class='ocr_line' id='line_1_114' title="bbox 351 5508 1923 5583; baseline -0.002 -18"><span class='ocrx_word' id='word_1_862' title='bbox 351 5512 544 5583; x_wconf 72' lang='grc' dir='ltr'>σῶμα,</span> <span class='ocrx_word' id='word_1_863' title='bbox 609 5512 701 5566; x_wconf 75' lang='grc' dir='ltr'><strong>καὶ</strong></span> <span class='ocrx_word' id='word_1_864' title='bbox 733 5512 933 5565; x_wconf 77' lang='grc' dir='ltr'>ἔπλασε</span> <span class='ocrx_word' id='word_1_865' title='bbox 982 5511 1080 5581; x_wconf 75' lang='grc' dir='ltr'><strong>τὴν</strong></span> <span class='ocrx_word' id='word_1_866' title='bbox 1123 5510 1307 5563; x_wconf 86' lang='grc' dir='ltr'>εἰκόνα</span> <span class='ocrx_word' id='word_1_867' title='bbox 1351 5508 1447 5564; x_wconf 87' lang='grc' dir='ltr'><strong>τοῦ</strong></span> <span class='ocrx_word' id='word_1_868' title='bbox 1480 5508 1820 5582; x_wconf 81' lang='grc' dir='ltr'>Δημιουργοῦ</span> <span class='ocrx_word' id='word_1_869' title='bbox 1857 5511 1923 5573; x_wconf 78' lang='grc' dir='ltr'><strong>εἰς</strong></span> 
     </span>
    </p>
   </div>
   <div class='ocr_carea' id='block_1_115' title="bbox 2028 5498 3609 5583">
    <p class='ocr_par' dir='ltr' id='par_1_115' title="bbox 2045 5498 3609 5580">
     <span class='ocr_line' id='line_1_115' title="bbox 2045 5498 3609 5580; baseline -0.008 -14"><span class='ocrx_word' id='word_1_870' title='bbox 2045 5511 2151 5566; x_wconf 84' lang='lat' dir='ltr'><strong>sibi</strong></span> <span class='ocrx_word' id='word_1_871' title='bbox 2177 5526 2379 5580; x_wconf 86' lang='lat' dir='ltr'><strong>corpus</strong></span> <span class='ocrx_word' id='word_1_872' title='bbox 2416 5508 2714 5579; x_wconf 75' lang='lat' dir='ltr'><strong>attingeret,</strong></span> <span class='ocrx_word' id='word_1_873' title='bbox 2746 5517 2840 5561; x_wconf 88' lang='lat' dir='ltr'><strong>aut</strong></span> <span class='ocrx_word' id='word_1_874' title='bbox 2873 5504 3101 5576; x_wconf 80' lang='lat' dir='ltr'><strong>ﬁguram</strong></span> <span class='ocrx_word' id='word_1_875' title='bbox 3141 5502 3197 5557; x_wconf 89' lang='lat' dir='ltr'><strong>iu</strong></span> <span class='ocrx_word' id='word_1_876' title='bbox 3236 5516 3296 5556; x_wconf 91' lang='lat' dir='ltr'><strong>se</strong></span> <span class='ocrx_word' id='word_1_877' title='bbox 3329 5498 3609 5555; x_wconf 87' lang='lat' dir='ltr'><strong>Creatoris</strong></span> 
     </span>
    </p>
   </div>
   <div class='ocr_carea' id='block_1_116' title="bbox 425 5678 1370 5761">
    <p class='ocr_par' dir='ltr' id='par_1_116' title="bbox 425 5678 1370 5761">
     <span class='ocr_line' id='line_1_116' title="bbox 425 5678 1370 5761; baseline -0.007 -15"><span class='ocrx_word' id='word_1_878' title='bbox 425 5688 441 5721; x_wconf 83' lang='lat'>&#39;</span> <span class='ocrx_word' id='word_1_879' title='bbox 472 5692 595 5747; x_wconf 82' lang='lat' dir='ltr'><strong>Act.</strong></span> <span class='ocrx_word' id='word_1_880' title='bbox 638 5707 675 5761; x_wconf 83' lang='grc' dir='ltr'>ι,</span> <span class='ocrx_word' id='word_1_881' title='bbox 705 5691 736 5744; x_wconf 87' lang='lat'><strong>9</strong></span> <span class='ocrx_word' id='word_1_882' title='bbox 764 5706 878 5761; x_wconf 85' lang='lat' dir='ltr'><strong>sqq.</strong></span> <span class='ocrx_word' id='word_1_883' title='bbox 929 5678 981 5719; x_wconf 58' lang='grc'><strong>’²</strong></span> <span class='ocrx_word' id='word_1_884' title='bbox 1022 5686 1155 5743; x_wconf 86' lang='lat' dir='ltr'><strong>Gen.</strong></span> <span class='ocrx_word' id='word_1_885' title='bbox 1191 5704 1248 5752; x_wconf 85' lang='grc' dir='ltr'>ιι,</span> <span class='ocrx_word' id='word_1_886' title='bbox 1280 5687 1370 5740; x_wconf 64' lang='lat'><strong>‘36.</strong></span> 
     </span>
    </p>
   </div>
  </div>
