3952 6190
299 280 396 335 827

1714 288 1771 343 S.
1816 284 2154 342 EPlPliANll

3455 283 3565 341 8‘28

291 387 645 458 exprimeret.
703 391 883 457 Quare
937 395 1290 466 perspicuum
1337 404 1443 462 est,
1496 396 1643 483 bene
1686 398 1867 469 ipsum

1987 398 2165 453 ἑαυτὸν
2203 396 2527 451 ἀνατυπῶν·
2583 396 2718 451 ἀλλὰ
2767 396 2957 467 δῆλον,
3009 397 3090 451 δτι
3144 398 3304 462 αὐτός
3342 401 3490 454 ἐστιν
3535 401 3569 454 6

294 477 535 537 hominis
595 482 897 554 mundique
958 500 1083 541 esse
1133 477 1740 558 conditorequuem
1798 489 1873 542 ita

295 567 458 626 Pater
485 573 781 643 alloquitur
815 594 828 630 :
867 575 1158 632 Faciamus
1196 579 1457 634 hominem
1492 580 1561 634 ad
1594 581 1872 650 imaginem

292 670 343 714 et
369 663 771 719 similitudinem
802 679 1064 723 nostram.
1109 669 1288 740 Atque
1328 670 1432 725 hoc
1459 685 1524 725 ex
1560 686 1669 725 uno
1709 684 1873 740 opere

295 752 619 810 manifestus
669 757 774 811 erit
830 758 1050 825 artifex,
1104 776 1283 831 neque
1340 762 1481 817 alius
1538 762 1875 831 intelligetur

294 839 486 906 fuisse,
526 845 621 914 qui
667 852 782 900 tum
833 847 1110 905 hominem
1154 853 1547 922 procreaverit,
1588 859 1641 906 et
1677 852 1871 908 Adami

292 947 495 1003 corpus
521 943 718 991 eterra
744 940 965 996 molitus
992 940 1174 1005 fuerit,
1205 942 1566 1013 eumdemque
1609 944 1663 998 in
1694 942 1875 999 viven-

293 1031 401 1077 tem
469 1029 705 1083 animam
774 1029 981 1087 fecerit.
1058 1031 1156 1087 Cui
1239 1034 1459 1104 quidem
1524 1036 1603 1090 rei
1677 1036 1871 1092 beatus

291 1113 535 1173 Joannes
569 1119 624 1173 in
660 1120 949 1193 Evangelio
991 1139 1092 1179 suo
1126 1122 1456 1195 suﬂ‘ragatur
1498 1126 1583 1181 his
1626 1127 1810 1181 verbis
1844 1145 1857 1181 :

296 1205 364 1259 In
415 1210 673 1278 principio
720 1222 836 1265 erat
902 1213 1147 1278 Verbum,
1198 1224 1246 1269 et
1304 1215 1531 1269 Verbum
1572 1228 1687 1270 erat
1731 1219 1872 1286 apud

295 1294 483 1360 Deum,
515 1307 565 1352 et
597 1298 738 1355 Deus
774 1311 887 1354 erat
933 1302 1176 1358 Verbum.
1220 1303 1335 1358 Hoc
1369 1314 1485 1358 erat
1524 1306 1579 1357 in
1616 1308 1873 1374 principio

295 1385 436 1450 apud
473 1386 661 1442 Deum.
717 1388 907 1444 Omnia
952 1406 1043 1459 per
1088 1393 1259 1461 ipsum
1292 1393 1437 1462 facta
1480 1404 1625 1461 sunt,
1665 1405 1714 1448 et
1763 1396 1876 1450 sine

293 1476 408 1543 ipso
445 1477 647 1545 factum
679 1487 757 1534 est
792 1481 927 1534 nihil
955 1483 999 1545 ⁸,
1031 1490 1140 1537 etc.
1434 1529 1447 1540 η

364 1566 519 1631 Quod
551 1569 597 1624 si
630 1569 685 1623 in
723 1571 844 1640 ipso
883 1571 1031 1625 facta
1077 1580 1226 1639 sunt,
1265 1580 1320 1627 et
1356 1589 1453 1643 per
1483 1574 1663 1643 ipsum
1709 1574 1872 1641 facta,

293 1656 385 1710 ille
411 1663 465 1711 et
491 1655 762 1713 Adamum
796 1659 1113 1726 fabricavit,
1145 1672 1202 1718 et
1227 1679 1293 1716 ex
1324 1662 1492 1717 Maria
1528 1665 1744 1735 Virgine
1771 1667 1875 1722 sibi
1922 1652 1925 1657 ’

1977 487 2319 559 Δημιουργδς
2350 487 2445 540 τοῦ
2483 487 2772 560 ἀνθρώπου
2808 488 2903 542 καὶ
2934 487 3028 541 τοῦ
3064 489 3270 559 κόσμου
3292 530 3306 551 ,
3341 482 3384 557 ᾧ
3413 487 3569 545 εἶπεν

1976 579 2004 631 ὁ
2035 577 2225 649 Πατήρ
2251 593 2264 607 ο
2299 577 2652 645 Ποιήσωμεν
2691 577 3006 646 ἄνθρωπον
3037 580 3164 631 κατ’
3194 579 3398 632 εἰκόνα
3422 579 3570 651 ἡμε-

1977 667 2157 736 τέραν
2201 667 2300 720 καὶ
2329 668 2458 722 καθ’
2490 667 2797 736 ὁμοίωσιν.
2845 666 2978 719 Ἀπὸ
3023 666 3080 720 δὲ
3109 667 3203 720 τοῦ
3237 667 3355 730 ἐνὸς
3397 668 3567 738 ἔργου

1982 756 2307 827 σταθήσεται
2338 756 2570 829 φανερὸς
2600 756 2881 828 γινόμενος
2909 759 2937 810 6
2978 758 3226 829 τεχνίτης
3247 799 3261 823 ,
3299 758 3381 811 ὅτι
3410 752 3568 823 οὗτός

1981 848 2129 900 ἐστιν
2155 849 2182 900 ὁ
2209 848 2329 900 τότε
2355 847 2445 900 τὸν
2477 847 2762 919 ἄνθρωπον
2796 848 3137 919 πεποιηκὼς,
3169 849 3380 915 πλάσας
3412 869 3473 906 τε
3501 854 3569 907 ἐκ

1978 936 2081 1006 γῆς
2114 935 2174 989 τὸ
2199 935 2292 988 τοῦ
2331 935 2504 1005 Ἀδὰμ
2534 934 2712 1005 σῶμα,
2746 936 2840 989 καὶ
2864 937 3096 1006 ποιήσας
3121 937 3250 990 αὐτὸ
3278 939 3359 1001 εἰς
3385 938 3569 1010 ψυχὴν

1981 1023 2183 1088 ζῶσαν.
2226 1024 2318 1076 Διὸ
2366 1024 2461 1077 καὶ
2509 1023 2889 1095 ἐμαρτύρησεν
2936 1023 2965 1076 6
3008 1023 3160 1093 ἅγιος
3217 1025 3470 1095 Ἰωάννης
3506 1030 3570 1080 ὲν

1978 1115 2056 1185 τῷ
2085 1115 2224 1185 ἁγίῳ
2260 1115 2578 1185 Εὐαγγελίῳ
2603 1155 2618 1182 ,
2648 1115 2821 1183 λέγων
2846 1155 2861 1179 ,
2912 1116 2994 1167 ὅτι
3051 1115 3149 1168 Ἐν
3199 1115 3358 1185 ἀρχῇ
3403 1113 3484 1186 ἦν
3535 1119 3570 1172 ό

1979 1206 2168 1275 Λόγος
2191 1245 2207 1269 ,
2242 1205 2341 1258 καί
2381 1208 2413 1259 ό
2442 1206 2631 1275 Λόγος
2662 1201 2741 1276 ἦν
2764 1205 2913 1274 πρὸς
2938 1206 3047 1258 τὸν
3077 1206 3224 1259 Θεὸν
3246 1248 3259 1269 ,
3291 1207 3392 1260 καὶ
3420 1206 3570 1273 Θεὸς

1978 1292 2059 1366 ἦν
2091 1299 2124 1349 ό
2169 1295 2375 1364 Λόγος.
2413 1291 2602 1361 οὗτος
2635 1291 2712 1364 ἦν
2756 1294 2826 1347 ἐν
2857 1292 3015 1362 ἀρχῇ
3053 1295 3206 1363 πρὸς
3250 1294 3359 1348 τὸν
3393 1296 3564 1350 Θεόν.

1980 1386 2183 1441 Πάντα
2214 1386 2289 1439 δι’
2325 1386 2510 1440 αὐτοῦ
2540 1386 2776 1454 ἐγένετο
2802 1424 2817 1450 ,
2862 1384 2960 1437 καὶ
2988 1385 3169 1454 χωρίς
3206 1385 3392 1440 αὐτοῦ
3440 1384 3568 1456 ἐγέ-

1978 1491 2116 1528 νετο
2153 1475 2294 1528 οὐδε
2324 1473 2393 1528 ἐν
2412 1515 2425 1539 ,
2453 1475 2547 1527 καὶ
2581 1473 2649 1526 τά
2673 1472 2819 1543 ἑξῆς.
3010 1508 3013 1515 -
3111 1542 3119 1549 _

2050 1567 2113 1619 Et
2147 1566 2202 1620 δὲ
2240 1568 2298 1620 ἐν
2353 1565 2500 1636 αὐτῷ
2556 1564 2772 1634 ἐγένετο
2798 1605 2812 1630 ,
2854 1564 2948 1618 καὶ
2986 1564 3077 1617 ὑπ’
3110 1563 3276 1617 αὑτοῦ
3323 1563 3568 1632 ἐγένετο,

1980 1658 2144 1721 αὐτὸς
2189 1659 2310 1710 τότε
2358 1658 2448 1710 τὸν
2490 1656 2660 1726 Ἀδὰμ
2709 1655 2940 1721 ἔπλασε,
2978 1654 3070 1707 καὶ
3119 1654 3279 1719 αὐτὸς
3308 1655 3472 1709 πάλιν
3503 1655 3569 1710 τὸ

293 1762 496 1818 corpus
529 1750 759 1820 eiliqxit,
783 1766 847 1806 ac
879 1761 1048 1807 totam
1077 1755 1313 1824 denique
1353 1756 1456 1809 sibi
1490 1764 1745 1810 naturam
1783 1758 1879 1811 ho-

1987 1749 2143 1819 σῶμα
2175 1748 2282 1802 ἀπὸ
2310 1747 2528 1818 Μαρίας
2564 1746 2666 1816 τῆς
2691 1745 2966 1817 Παρθένου
2996 1745 3075 1807 είς
3108 1743 3298 1797 ἑαυτὸν
3334 1744 3570 1797 ἀνεπλά-

294 1839 461 1894 minis
493 1841 765 1908 adjunxit,
803 1857 969 1912 quam
1000 1859 1032 1898 a
1069 1859 1129 1899 se
1165 1846 1258 1899 illo
1300 1853 1544 1914 tempore
1576 1847 1875 1914 conditam,

293 1926 514 1981 demum
542 1931 855 1985 arctissime
890 1933 994 1987 sibi
1023 1934 1321 2002 copulavit.
1358 1933 1476 1987 Jam
1508 1936 1639 1990 vero
1673 1937 1719 1992 si
1753 1937 1882 1992 alie-

293 2030 425 2068 num
470 2030 609 2085 opus
651 2020 938 2088 usurpavit
977 2021 1121 2089 ejus,
1181 2023 1275 2092 qui
1325 2031 1543 2079 creatas
1596 2039 1684 2078 res
1738 2025 1879 2079 male

292 2103 560 2172 condidit,
596 2121 660 2160 ac
689 2108 866 2163 malus
908 2111 1169 2178 opinione
1206 2119 1297 2165 tua
1332 2109 1466 2177 fuit;
1508 2112 1579 2177 si,
1631 2112 1875 2181 inquam,

293 2193 455 2249 malis
487 2196 750 2265 Operibus
792 2214 928 2254 usus
963 2207 1069 2265 est,
1112 2215 1235 2270 quae
1269 2217 1297 2256 a
1329 2202 1474 2256 maio
1508 2209 1636 2258 sunt
1670 2203 1880 2258 artifice

293 2283 561 2352 profecta,
588 2287 869 2345 Creatoris
890 2274 1217 2361 se'nequitia
1247 2291 1609 2362 implicaverit
1636 2302 1875 2363 oportet,

295 2390 398 2430 usu
431 2376 526 2432 illo
554 2393 619 2434 ac
650 2381 917 2437 beneﬁcio
953 2402 965 2437 :
999 2390 1113 2437 tum
1144 2383 1392 2452 ejusdem
1429 2385 1666 2456 imagine
1696 2400 1882 2456 capes-

294 2466 498 2535 senda;
551 2472 696 2539 quod
739 2473 857 2527 fieri
907 2475 1133 2529 omnino
1177 2491 1286 2529 non
1327 2484 1527 2545 potest.
1566 2476 1780 2532 Etenim
1832 2479 1879 2533 si

295 2557 538 2614 hominis
573 2569 825 2617 naturam
855 2564 1053 2627 induit,
1096 2581 1207 2620 non
1240 2581 1461 2622 carnem
1493 2569 1676 2631 modo,
1705 2570 1798 2624 sed
1826 2578 1881 2625 et

295 2649 533 2702 animam
569 2653 830 2722 suscepit.
870 2653 1058 2724 Neque
1087 2657 1233 2710 enim
1266 2657 1564 2713 obscurum
1602 2658 1737 2713 illud
1773 2670 1876 2716 est.

293 2733 400 2799 Qui
426 2737 573 2790 enim
597 2739 802 2810 alioqui
826 2742 1031 2798 diceret
1056 2759 1073 2797 :
1102 2743 1428 2800 Potestatem
1457 2747 1620 2802 habeo
1647 2751 1881 2818 accipere

296 2825 533 2879 animum
563 2844 751 2896 meum,
774 2840 823 2885 et
850 2847 1040 2901 ponere
1072 2850 1190 2887 eam
1211 2837 1276 2889 '?
1306 2836 1673 2902 Quamobrem
1707 2847 1879 2895 totum

298 2918 431 2974 illud
463 2935 604 2989 Opus
638 2937 948 2991 assumens,
987 2942 1150 2996 quam
1191 2927 1422 2983 Creator
1458 2931 1747 3001 imaginem
1780 2949 1879 3002 ap-

300 3010 485 3073 pellat.
524 3021 695 3068 totum
730 3016 885 3081 illud,
926 3018 1173 3087 inquam,
1216 3034 1282 3073 ex
1327 3035 1556 3090 corpore
1589 3024 1881 3095 animaque

298 3102 624 3172 conﬂatum,
655 3109 854 3177 quibus
883 3110 1043 3163 homo
1073 3111 1323 3178 partibus
1350 3088 1590 3178 constat,
1630 3088 1877 3171 divinum
1906 3088 1949 3146 Ο

301 3194 407 3249 sibi
440 3194 675 3251 Verbum
708 3198 977 3268 adiunxit.
1025 3202 1182 3267 Quod
1231 3203 1275 3256 si
1318 3203 1391 3256 ita
1424 3213 1529 3270 est,
1561 3208 1755 3261 veneni
1798 3209 1881 3263 tui

300 3285 594 3341 eﬂicacitas
621 3291 799 3345 omnis
826 3292 1212 3361 exstinguitur,
1245 3305 1309 3346 ac
1336 3295 1733 3352 tumultuosum
1763 3314 1885 3366 perv

303 3378 694 3448 turbatumque
737 3381 931 3450 dogma
969 3382 1206 3437 concidit
1246 3402 1259 3439 :
1297 3385 1445 3455 quod
1490 3387 1641 3440 nullo
1689 3387 1885 3441 funda-

306 3478 491 3525 mento
531 3470 860 3537 stabilitum,
905 3473 1055 3528 nulla
1095 3475 1344 3532 veritatis
1380 3475 1637 3532 ﬁrmitate
1665 3493 1729 3533 ac
1758 3480 1888 3535 soli-

308 3559 482 3617 ditate
517 3563 737 3617 nititur.

374 3649 439 3705 V.
471 3653 744 3709 Caeterum
769 3670 892 3710 cum
919 3672 950 3712 e
972 3659 1143 3713 sacris
1173 3654 1687 3733 Litteris'quidquid
1721 3663 1886 3736 385

301 3743 569 3823 placuerit
610 3746 802 3817 eligas,
858 3754 952 3803 aut
1009 3750 1260 3818 rejicias,
1319 3753 1481 3821 plane
1538 3754 1780 3824 judicem
1837 3764 1889 3811 te

302 3837 480 3906 legum
527 3853 639 3892 non
681 3839 1031 3909 interpretem
1075 3840 1249 3908 facis,
1291 3858 1356 3899 ac
1395 3844 1728 3901 delectorem
1773 3861 1891 3901 om-

302 3925 453 3979 nium
497 3942 619 3996 quae
652 3944 721 3982 ex
764 3929 933 3983 animi
978 3930 1054 3985 tui
1105 3935 1378 3988 sententia
1421 3935 1645 3989 minime
1685 3936 1890 4005 scripta

303 4024 467 4085 sunt;
496 4033 617 4088 quae
639 4020 742 4074 etsi
767 4022 1057 4078 verissima
1080 4024 1213 4087 sint,
1240 4026 1379 4081 falso
1401 4040 1430 4079 a
1460 4033 1515 4081 te
1535 4027 1890 4082 nihilominus

301 4117 737 4174 commutantur,
772 4119 826 4166 et
858 4112 926 4167 ad
960 4122 1113 4169 tuum
1157 4130 1219 4170 ac
1262 4123 1486 4170 tuorum
1517 4131 1763 4171 errorem
1796 4130 1891 4170 ac-

302 4201 743 4257 commodantur.
774 4203 931 4268 Quod
964 4207 1009 4260 si
1041 4208 1221 4261 malus
1250 4207 1475 4277 quidam
1517 4207 1710 4262 artifex
1755 4208 1892 4263 infe-

306 4288 453 4343 riora
475 4290 611 4355 haac,
648 4307 712 4345 ac
747 4294 1009 4347 mundum
1037 4296 1175 4351 adeo
1204 4298 1370 4352 istum
1397 4298 1623 4352 molitus
1652 4306 1757 4362 est,
1793 4314 1893 4352 cur

1981 1856 2139 1893 σατο⁶
2171 1840 2265 1892 καὶ
2293 1838 2513 1901 τελείως
2544 1838 2641 1909 τὴν
2698 1838 2877 1890 πᾶσαν
2932 1835 3097 1890 αὑτοῦ
3151 1835 3567 1908 ἐνανθρώπησιν

1981 1933 2254 2001 συνήνωσε
2283 1971 2296 1992 ,
2321 1929 2420 2000 τὴν
2452 1929 2543 1982 ὑπ’
2593 1926 2759 1981 αὑτοῦ
2794 1928 2916 1980 τότε
2946 1926 3277 1981 πλασθεῖσαν
3299 1968 3313 1990 ,
3342 1929 3438 1980 καὶ
3467 1926 3567 1982 νῦν

1979 2022 2037 2075 ἐν
2089 2019 2264 2091 ἐαυτῷ
2296 2019 2704 2073 συνενωθεῖσαν.
2745 2019 2807 2071 Εἰ
2842 2018 2899 2071 δὲ
2953 2017 3239 2088 ἀλλοτρίαν
3299 2018 3567 2090 ἐργασίαν

1979 2112 2058 2174 είς
2087 2110 2274 2163 ἑαυτὸν
2308 2108 2467 2162 ἔλαϐε
2517 2108 2611 2161 τοῦ
2654 2107 2840 2171 κακῶς
2867 2110 2965 2176 τὴν
3003 2108 3199 2161 πλάσιν
3233 2107 3561 2171 πλάσαντος,

1979 2203 2073 2256 καὶ
2101 2200 2270 2254 κακοῦ
2295 2200 2630 2270 ὑπάρχοντος
2657 2200 2797 2252 κατὰ
2825 2200 2922 2269 τὴν
2947 2198 3041 2252 σοῦ
3071 2198 3437 2277 διδασκαλίαν,
3467 2201 3565 2253 καὶ

1979 2295 2028 2347 εί
2066 2292 2202 2356 ὅλως
2230 2294 2498 2363 κέχρηται
2523 2295 2633 2354 τοῖς
2662 2294 2850 2352 κακοῖς
2883 2291 3183 2361 ποιήμασιν
3209 2334 3221 2356 ,
3252 2288 3333 2354 οἷς
3355 2294 3383 2344 6
3416 2292 3566 2345 κατὰ

1983 2384 2041 2437 σὲ
2070 2384 2240 2446 κακὸς
2268 2384 2496 2453 ποιητὴς
2523 2383 2816 2453 εἰργάσατο
2839 2399 2853 2412 ·
2881 2381 2988 2452 ἄρα
3031 2382 3268 2453 ἐπεμίγη
3298 2385 3362 2452 τῇ
3391 2384 3565 2454 κακίᾳ

1936 2488 1943 2496 ·
1978 2469 2073 2524 τοῦ
2123 2469 2345 2541 ποιητοῦ
2386 2472 2580 2541 χρήσει
2619 2487 2679 2523 τε
2730 2473 2824 2524 καὶ
2873 2471 3196 2542 εὐεργεσίᾳ,
3232 2474 3326 2525 καὶ
3353 2477 3419 2544 τῇ
3453 2474 3566 2546 ἰδίᾳ

1980 2558 2146 2612 αὑτοῦ
2173 2558 2341 2611 εἰκόνι
2367 2574 2377 2586 ·
2409 2559 2525 2611 ἀλλ’
2556 2559 2656 2612 οὑκ
2698 2559 2992 2629 ἐνδέχεται.
3025 2561 3087 2612 Et
3134 2561 3242 2630 γὰρ
3284 2561 3563 2633 ἐνηνθρὼ-

1982 2667 2155 2719 πησεν
2179 2689 2193 2713 ,
2228 2650 2289 2702 ού
2334 2650 2492 2719 μόνον
2527 2649 2706 2720 σάρκα
2756 2650 3004 2721 εἴληφεν,
3046 2648 3182 2703 ἀλλά
3220 2651 3315 2703 καὶ
3356 2650 3561 2721 ψυχήν.

1981 2741 2146 2811 Δῆλον
2168 2741 2283 2809 ’γὰρ
2307 2740 2458 2794 ἔσται
2484 2740 2661 2794 τοῦτο.
2706 2742 2858 2794 Ἐπεὶ
2890 2741 3051 2794 πόθεν
3081 2741 3267 2810 ἔλεγεν
3293 2758 3308 2773 ο
3357 2742 3565 2807 Ἐξου-

1980 2834 2125 2886 σίων
2161 2832 2279 2902 ἔχω
2310 2832 2520 2887 λαϐεῖν
2555 2832 2670 2901 τὴν
2698 2831 2910 2901 ψυχήν
2940 2850 3082 2902 μου,
3109 2835 3208 2888 καὶ
3243 2833 3427 2889 θεῖναι
3458 2836 3567 2889 αὑ-

1980 2923 2124 2989 τήν;
2154 2924 2264 2993 Τὴν
2298 2925 2479 2979 πᾶσαν
2505 2923 2686 2976 τοίνυν
2719 2924 3101 2993 πραγματείαν
3140 2924 3564 2996 ἀναλεξάμενος,

1980 3015 2079 3086 τὴν
2127 3014 2379 3086 ῥηθεῖσαν
2435 3015 2540 3068 ὑπὸ
2587 3013 2678 3067 τοῦ
2719 3015 3070 3086 Δημιουργοῦ
3114 3016 3329 3079 εἰκόνα,
3385 3019 3570 3070 πᾶσαν

1983 3108 2364 3179 πραγματείαν
2398 3107 2904 3178 ἀνεδέξατοίένιτῷ
2935 3108 3144 3177 σώματι
3174 3107 3269 3162 καί
3300 3109 3444 3179 ψυχῇ
3480 3110 3571 3162 ἐλ-

1984 3198 2093 3252 θὼν
2134 3201 2163 3251 6
2205 3200 2410 3268 Λόγος,
2440 3201 2533 3254 καὶ
2568 3203 2627 3253 ἐν
2668 3200 2873 3264 ὁποίοις
2901 3201 3103 3254 ἅπασίν
3132 3203 3279 3254 ἐστιν
3307 3203 3336 3253 ό
3360 3202 3574 3271 ἄνθρω-

1985 3307 2105 3353 πος.
2173 3291 2389 3344 Τούτων
2444 3291 2502 3344 δέ
2568 3291 2744 3355 οὕτως
2803 3291 3167 3346 τελεσθέντων
3195 3332 3210 3358 ,
3271 3291 3577 3356 ἐξάπαντος

1985 3380 2311 3452 ὴμαύρωταί
2349 3398 2441 3434 σου
2476 3381 2536 3433 τδ
2558 3381 2904 3453 δηλητήριον,
2935 3384 3029 3436 καὶ
3054 3383 3223 3435 ἐπεσὲ
3250 3399 3343 3435 σου
3370 3385 3403 3453 ή
3442 3383 3578 3439 στά-

1987 3492 2070 3537 σις
2104 3476 2137 3545 ἡ
2168 3473 2532 3545 ἀθεμελίωτος
2556 3514 2572 3541 ,
2625 3473 2699 3545 μὴ
2751 3473 2947 3544 ἔχουσα
2990 3473 3154 3544 πῆξιν
3202 3473 3579 3545 ἑδραιὼματος

1986 3566 2250 3639 ἀληθείας

2059 3660 2131 3712 E'.
2169 3659 2230 3712 Et
2256 3659 2314 3713 δὲ
2357 3661 2452 3714 καὶ
2490 3659 2525 3713 ἃ
2556 3658 2736 3729 βούλει
2776 3642 3074 3730 λαμϐάνεις
3121 3659 3230 3713 ἀπδ
3275 3660 3375 3731 τῆς
3420 3658 3575 3726 θείας

1988 3750 2211 3821 Γραφῆς
2238 3790 2253 3814 ν
2311 3751 2405 3805 καὶ
2453 3750 2489 3804 δι
2547 3751 2729 3821 βούλει
2777 3750 3246 3818 καταλιμπάνεις·
3287 3752 3395 3823 ἄρα
3442 3753 3580 3820 γοῦν

1990 3840 2183 3911 κριτὴς
2231 3841 2568 3911 προκαθίσας
2608 3841 2630 3872 ³
2656 3881 2671 3905 ,
2701 3840 2797 3910 οὐχ
2833 3842 3175 3912 ἑρμηνευτὴς
3210 3840 3319 3893 τῶν
3368 3842 3576 3910 νόμων,

1992 3931 2126 3986 ἀλλά
2175 3931 2433 4001 ἐκλογεὺς
2485 3932 2594 3986 τῶν
2630 3931 2692 3984 οὐ
2733 3930 2874 3984 κατὰ
2911 3931 3002 3984 τὸν
3032 3932 3159 3984 νοῦν
3208 3947 3303 3984 σου
3339 3930 3581 4001 γραφέν-

1990 4041 2100 4077 των
2124 4067 2139 4090 ,
2187 4023 2323 4077 ἀλλά
2352 4023 2520 4078 ὄντων
2548 4023 2648 4095 μὲν
2686 4022 2955 4093 ἀληθινῶν
2975 4060 2991 4086 ,
3027 4023 3178 4095 παρά
3208 4023 3291 4076 σοὶ
3327 4022 3384 4076 δὲ
3413 4040 3582 4094 μετα-

1992 4114 2327 4186 ποιηθέντων
2351 4115 2583 4184 ψευδῶς,
2620 4115 2716 4169 καί.
2747 4114 2888 4169 κατὰ
2911 4115 3000 4168 τὸν
3023 4114 3148 4167 νοῦν
3180 4117 3277 4186 τῆς
3303 4115 3404 4185 σῆς
3434 4116 3583 4169 ἀπά-

1991 4222 2121 4275 της,
2152 4207 2247 4258 καὶ
2283 4206 2392 4261 τῶν
2424 4204 2528 4259 ὑπὸ
2560 4206 2653 4259 σοῦ
2695 4206 3078 4277 ἠπατημένων.
3131 4206 3194 4258 Et
3230 4206 3288 4258 δὲ
3317 4206 3412 4259 καὶ
3441 4207 3583 4269 ὅλως

1994 4295 2162 4357 κακὸς
2192 4296 2423 4365 ποιητὴς
2470 4298 2537 4349 τά
2570 4295 2803 4349 ἐνταῦθα
2856 4295 3180 4367 εἰργάσατο,
3228 4295 3370 4365 φημὶ
3401 4295 3457 4347 δὲ
3487 4296 3582 4348 τὸν

307 4394 340 4433 a
368 4378 515 4434 bono
550 4380 721 4435 Patre
744 4382 948 4439 missus
988 4385 1093 4439 huc
1128 4386 1219 4441 ille
1248 4387 1568 4442 descendit?
1598 4387 1653 4440 Si
1701 4395 1759 4441 ut
1791 4389 1883 4441 bo-

1996 4387 2219 4455 κόσμον,
2250 4387 2392 4450 τίνος
2420 4388 2581 4441 ἕνεκα
2614 4384 2777 4459 ἦλθεν
2809 4390 2837 4441 ὁ
2880 4387 2987 4441 ἀπὸ
3020 4384 3227 4454 ἀγαθοῦ
3259 4385 3469 4457 Πατρὺς
3500 4389 3581 4450 είς

309 4469 517 4524 minum
567 4486 739 4540 genus
780 4474 1051 4543 eriperet.
1105 4476 1302 4530 borum
1361 4477 1575 4532 scilicet
1629 4489 1887 4548 tanquam

310 4571 536 4616 suorum
592 4579 779 4618 curam
826 4567 1099 4635 suscepit.
1146 4583 1247 4623 nec
1295 4569 1437 4623 alius
1480 4569 1594 4637 jam
1641 4571 1894 4624 conditur

307 4664 430 4706 esse
451 4654 730 4721 putandus
761 4665 865 4711 est.
905 4656 1001 4710 Sin
1043 4659 1253 4713 alienos
1299 4660 1533 4722 curavit,
1565 4676 1740 4730 eaque
1771 4677 1893 4730 qua:

309 4739 446 4794 nihil
473 4741 539 4795 ad
564 4759 625 4798 se
649 4746 1019 4814 pertinebant,
1045 4762 1313 4818 usurpare
1349 4764 1414 4804 ac
1441 4765 1662 4831 servare
1686 4753 1890 4817 voluit;

308 4839 405 4885 aut
458 4833 797 4891 adulatorem
850 4835 1025 4893 fuisse
1081 4855 1309 4896 necesse
1357 4849 1470 4907 est,
1532 4843 1627 4912 qui
1699 4843 1892 4897 alienis

308 4923 628 4994 adhaeserit;
674 4936 770 4982 aut
813 4930 1002 4999 gloriae
1046 4930 1329 5001 cupidum,
1375 4934 1470 5003 qui
1509 4942 1568 4988 ut
1598 4934 1895 4991 Conditore

311 5027 373 5066 se
397 5018 833 5083 praestantiorem
861 5021 1198 5085 ostenderet,
1240 5039 1353 5094 pra:
1390 5026 1582 5081 alienis
1611 5043 1732 5095 qua:
1774 5016 1894 5082 ser-

312 5118 441 5158 vare
488 5105 822 5170 instituerat,
864 5126 1091 5165 suorum
1145 5114 1374 5170 minime
1417 5116 1690 5171 desiderio
1743 5124 1894 5171 tene-

314 5202 464 5249 retur
500 5216 512 5250 :
543 5213 610 5251 ex
651 5214 758 5268 quo
786 5216 949 5258 verus
983 5219 1046 5259 ac
1077 5205 1328 5263 sincerus
1356 5222 1479 5264 esse
1511 5206 1742 5262 desinet.
1784 5208 1889 5262 Sed

314 5302 491 5355 neque
521 5290 1095 5350 moderatione~animi
1126 5300 1418 5368 praeditus,
1451 5300 1544 5369 qui
1578 5315 1717 5353 cum
1735 5314 1890 5352 crea-

317 5388 428 5432 tam
480 5395 591 5434 rem
631 5383 834 5436 nullam
873 5388 1147 5456 propriam
1196 5390 1411 5458 habeat,
1460 5390 1637 5445 aliena
1682 5404 1892 5443 concu-

319 5468 501 5538 piscit,
531 5476 586 5525 et
612 5471 964 5530 intervenere
996 5477 1211 5542 studet,
1248 5479 1351 5534 hoc
1380 5488 1466 5536 est
1492 5479 1705 5533 animas
1725 5516 1740 5542 9
1772 5493 1894 5547 quae

414 5618 433 5649 ¹
461 5620 616 5677 ioan.
649 5640 686 5688 ι,
728 5626 775 5692 l,
812 5629 864 5684 ‘3.

1993 4476 2140 4529 τόνδε
2168 4478 2258 4528 τὸν
2301 4478 2509 4543 αἱῶνα;
2543 4479 2650 4530 Καὶ
2700 4479 2747 4530 εἰ
2788 4478 2885 4548 μὲν
2917 4478 3003 4529 ἴνα
3038 4474 3186 4547 σώσῃ
3231 4475 3578 4545 ἀνθρώπους,

1992 4566 2102 4637 ἄρα
2130 4567 2237 4619 τῶν
2269 4568 2414 4620 ἰδίων
2452 4568 2847 4639 ἐπεμελήσατο,
2885 4567 2976 4619 καὶ
3017 4566 3200 4618 οὐκέτι
3242 4565 3401 4627 ἄλλος
3434 4565 3523 4636 εἴη
3553 4567 3585 4617 ὁ

1991 4648 2351 4728 δημιουργόςὀ
2386 4662 2433 4711 εἰ
2475 4660 2532 4711 δέ
2560 4659 2621 4711 οὐ
2671 4659 2779 4712 τῶν
2812 4657 2957 4710 ἰδίων
2993 4655 3272 4727 προενόει,
3330 4654 3585 4724 βούλεται

1991 4747 2047 4798 δὲ
2081 4748 2138 4799 ἐν
2174 4750 2287 4810 τοῖς
2332 4747 2633 4819 ἀλλοτρίοις
2665 4746 3016 4818 ἐπεμϐαίνειν
3041 4788 3055 4811 ,
3090 4748 3185 4802 καί¹
3221 4749 3291 4802 τά
3314 4750 3418 4802 οὐκ
3451 4750 3583 4803 ὄντα

1993 4838 2140 4909 αὐτῷ
2206 4838 2488 4902 διασώζειν
2521 4856 2533 4869 ·
2597 4839 2629 4910 ἢ
2693 4837 2859 4901 κόλαξ
2931 4838 3049 4890 ἐστὶ
3109 4841 3221 4902 τοῖς
3281 4836 3585 4910 ἀλλοτρίοις

1996 4931 2416 5003 προσλιπαρῶν,
2460 4931 2493 5003 ἢ
2539 4929 2814 4993 κενόδοξος
2840 4968 2854 4991 ,
2885 4929 2972 4981 ἵνα
3017 4928 3280 5000 κρείττων
3308 4927 3403 4981 τοῦ
3447 4930 3586 4982 Κτί-

1999 5038 2125 5076 στου
2151 5026 2330 5093 φανῇ,
2362 5022 2496 5092 πρὸς
2529 5021 2597 5073 τὰ
2629 5020 2881 5091 ἀλλότρια
2909 5019 2945 5073 ἃ
2971 5019 3256 5082 διασώζειν
3299 5022 3583 5090 πειρᾶται.

1995 5115 2102 5166 τῶν
2137 5115 2280 5168 ἰδίων
2312 5114 2385 5184 μὴ
2416 5114 2729 5183 ἐφιέμενοςο
2763 5113 2857 5165 καὶ
2896 5112 3076 5164 οὐκέτι
3104 5111 3253 5187 ἐσται
3291 5113 3547 5183 ἀληθινός
3571 5130 3584 5144 ο

1998 5205 2031 5275 ἢ
2064 5207 2144 5258 ὅτι
2182 5206 2399 5277 μέτριός
2429 5209 2545 5258 ἐστι
2576 5204 2716 5258 κατά
2745 5204 2824 5267 σὲ,
2858 5197 2902 5255 ὦ
2936 5203 3146 5276 ἁγύρτα
3168 5245 3181 5267 ,
3212 5204 3305 5258 καὶ
3337 5206 3413 5275 μὴ
3445 5205 3588 5275 ἔχων

2000 5298 2178 5351 κτίσιν
2209 5296 2403 5350 ἐαυτοῦ
2426 5336 2440 5360 ,
2480 5296 2549 5349 τὰ
2589 5296 2842 5366 ἀλλότρια
2870 5293 3176 5366 ἐπιθυμῶν,
3204 5295 3375 5349 ταῦτα
3416 5296 3585 5366 συλᾷν

2003 5390 2278 5459 πειρᾶται,
2305 5387 2413 5440 ἀπὸ
2448 5387 2555 5440 τῶν
2582 5387 2874 5458 ἀλλοτρίων
2912 5385 3089 5457 ἑαυτῷ
3131 5387 3586 5459 περιποιούμενος

2000 5476 2177 5547 ψυχὰς
2206 5480 2305 5540 τὰς
2337 5478 2436 5531 οὐκ
2473 5476 2638 5542 οὔσας
2678 5478 2842 5532 αὑτοῦ
2878 5479 2971 5531 καὶ
3002 5477 3096 5531 τοῦ
3136 5478 3300 5532 αὐτοῦ
3345 5480 3581 5551 Πατρός.

944 5632 963 5659 ²
989 5630 1146 5686 Joan.
1196 5650 1244 5699 Χ,
1282 5637 1359 5690 18.
1444 5638 1462 5668 ³
1495 5635 1651 5689 Forte
1690 5635 2078 5706 προ-ὖκὰθισας.
