3952 6148
348 306 455 369 839

1024 304 1391 368 ADVERSUS
1435 306 1778 368 ΙΙᾹΞΒΕὸΕΞ
1809 307 1937 367 LIB.
1980 310 2021 367 Ι.
2063 309 2228 368 ΤΟΜ.
2270 310 2451 367 lll.--
2480 310 2755 368 HERES.
2796 308 2982 369 XLIV.

3532 304 3637 364 850

349 430 413 484 Et
441 428 500 483 δὲ
548 425 714 483 αὐτοῦ
763 426 861 498 μέν
891 427 1028 483 εἰσιν
1059 431 1115 483 αἱ
1141 429 1311 501 ψυχαὶ
1335 469 1350 493 ,
1379 431 1474 484 καὶ
1503 430 1709 485 ἀνωθεν
1754 430 1939 494 ἐλθοῦ-

2054 431 2183 486 nihil
2221 431 2288 486 ad
2330 446 2390 487 se
2428 431 2515 486 vel
2560 430 2847 488 Parentem
2894 443 3057 486 suum
3103 427 3403 500 pertinent,
3446 435 3639 480 contra

351 537 442 574 σαι
478 519 756 589 φαίνονται
782 557 796 582 ,
828 518 936 591 ἀρα
965 519 1048 583 εἰς
1076 518 1281 586 ἀγαθὸν
1319 520 1524 590 κόσμον
1553 519 1942 590 ἀπεστάλησαν

2054 523 2135 592 ius
2181 521 2376 592 fasque
2426 520 2730 577 vindicare.
2775 520 2933 587 Quod
2982 521 3027 577 si
3075 519 3311 590 propriae
3349 524 3479 573 sunt
3518 517 3641 584 ejus

351 610 504 682 παρὰ
530 609 625 662 τοῦ
658 607 865 664 ἀνωθεν
896 609 1040 664 κατά
1078 609 1139 663 σὲ
1169 608 1376 679 ἀγαθοῦ
1407 608 1568 675 Θεοῦ,
1598 611 1694 663 καὶ⁵
1722 611 1824 663 οὑκ
1866 611 1947 673 είς

351 700 588 773 πονηρὸν
639 701 821 774 ἔργον.
874 702 938 754 Ei
989 701 1047 755 δὲ
1097 702 1486 772 ἀπεστάλησαν
1515 742 1527 765 ,
1559 701 1648 756 διά
1686 719 1809 755 τινα
1846 701 1945 772 μὲν

351 794 581 865 χρῆσιν,
615 793 683 864 ἢν
717 793 858 865 τάχα
908 793 1223 865 μυθοποιεῖς
1248 834 1264 858 ,
1312 792 1652 849 εἰσελθοῦσαι
1697 795 1755 849 δὲ
1812 811 1944 865 μεττ-

349 884 547 938 έπεσον
576 884 658 949 είς
691 884 884 956 ἑτέραν
905 900 917 914 ·
948 886 1225 939 τουτέστιν
1253 885 1341 938 ἵνα
1361 885 1569 939 δίκαιόν
1592 903 1643 939 τι
1671 884 1942 957 πράξωσι,

351 975 588 1046 πονηρὸν
626 974 684 1028 δὲ
716 975 1044 1045 εἰργάσαντο
1064 1013 1078 1038 ,
1111 973 1408 1044 ὀφθήσεται
1437 975 1466 1026 ὁ
1504 974 1820 1037 ἐπιστείλας
1847 973 1946 1027 αὑ-

351 1069 449 1130 τὰς
477 1067 783 1138 πρόγνωσιν
816 1066 883 1120 ἂν
920 1066 994 1138 μὴ
1037 1066 1197 1137 ἔχων.
1245 1067 1464 1138 Ἐπειδὴ
1489 1067 1599 1137 γὰρ
1625 1066 1946 1120 ἀπέστειλεν

352 1158 523 1221 αὐτὰς
549 1158 616 1211 δι’
650 1158 838 1230 ἕτερον
860 1198 874 1222 ,
906 1160 1000 1212 καὶ
1033 1159 1222 1230 ἕτερόν
1262 1176 1315 1211 τι
1364 1159 1669 1230 εὑρέθησαν
1709 1158 1945 1228 ἐργασά-

356 1267 537 1321 μεναι.
569 1250 640 1302 Ἢ
677 1249 838 1304 πάλιν
888 1250 984 1304 ἐὰν
1037 1251 1227 1321 εἴπῃς,
1262 1251 1343 1304 ὃτι
1378 1252 1437 1305 οὐ
1481 1250 1624 1305 κατά
1656 1251 1755 1320 τὴν
1778 1249 1944 1303 αὑτοῦ

356 1341 612 1413 βούλησιν
676 1341 1002 1413 ἐληλύθασιν
1033 1381 1049 1405 ,
1121 1342 1257 1396 ἀλλὰ
1314 1344 1456 1397 κατὰ
1512 1340 1801 1414 τυραννίδα
1850 1339 1944 1393 τοῦ

355 1432 802 1504 ἀφαρπάζοντος
827 1432 938 1504 ἄρα
967 1432 1186 1504 ἰσχυρός
1213 1434 1363 1489 ἐστιν
1387 1437 1415 1488 ὁ
1446 1433 1688 1498 κτισθεὶς
1713 1432 1819 1486 ὑπὸ
1849 1431 1945 1485 τοῦ

356 1524 562 1593 ἀγαθοῦ
591 1523 727 1578 Θεοῦ
757 1525 994 1595 πονηρὸς
1039 1524 1372 1597 δημιουργὸς
1423 1526 1573 1599 παρά
1613 1524 1704 1579 τὸν
1741 1523 1946 1592 ἀγαθὸν

353 1615 510 1679 Θεὸν,
541 1617 623 1669 ὃτι
652 1616 723 1670 τά
750 1616 915 1671 αὑτοῦ
943 1619 1255 1689 ὑπάρχοντα
1285 1617 1618 1690 ἁφαρπάξας
1650 1618 1941 1688 ἐχρήσατο.

355 1711 526 1764 Πόθεν
575 1710 633 1764 δὲ
686 1710 747 1763 οὐ
784 1710 1140 1783 διελεγχθήσῃ
1164 1752 1178 1775 ,
1220 1710 1386 1765 αὑτοῦ
1432 1708 1527 1762 τοῦ
1559 1708 1812 1778 Σωτῆρος
1843 1708 1947 1777 φά-

2046 614 2264 678 animae,
2291 601 2457 682 atque
2484 629 2514 668 e
2544 613 2685 667 ctelo
2716 612 2953 683 delapsa:
2981 612 3257 675 videnlur,
3288 624 3636 679 consequens

2045 711 2151 770 est,
2179 719 2275 760 eas
2314 719 2345 758 a
2387 716 2647 774 supremo
2674 704 2929 774 bonoque
2957 701 3068 758 Deo
3110 703 3334 766 missas,
3366 710 3421 757 et
3456 700 3509 755 in
3543 701 3640 755 bo-

2047 809 2176 847 num
2218 792 2484 848 mundum
2518 792 2863 849 introductas
2904 791 3096 847 fuisse.
3130 793 3308 861 Atque
3347 799 3406 845 ut
3436 789 3639 845 missas

2046 885 2171 941 illas
2202 884 2270 939 ad
2302 899 2464 940 usum
2491 884 2727 954 aliquem
2754 883 2982 946 fateare,
3009 897 3169 952 quem
3201 890 3318 936 tute
3343 879 3632 936 confinxe-

2044 976 2146 1040 ris,
2168 977 2263 1032 ubi
2304 984 2487 1033 autem
2529 976 2796 1055 ingressae
2843 982 2974 1031 sunt
3019 974 3283 1029 aliorsum
3326 971 3637 1055 deflexisse,

2050 1074 2183 1137 puta
2228 1073 2287 1120 ut
2321 1066 2471 1136 juste
2499 1065 2710 1135 aliquid
2753 1073 2981 1135 agerent
3036 1064 3346 1127 immissas,
3403 1060 3629 1119 sceleris

2046 1156 2330 1227 quidpiam
2369 1164 2751 1226 perpetrasse;
2782 1156 2874 1226 qui
2921 1170 3017 1210 eas
3057 1153 3315 1223 allegavit
3345 1152 3481 1205 nihil
3526 1165 3647 1205 om-

2052 1249 2186 1303 nino
2217 1247 2538 1316 praevidisse
2588 1246 2877 1302 videbatur
2897 1286 2912 1310 ,
2945 1261 3073 1301 cum
3105 1243 3334 1299 alterius
3361 1243 3441 1297 rei
3467 1241 3643 1312 gratia

2048 1337 2281 1402 miserit,
2309 1353 2389 1393 eae
2423 1352 2554 1394 vero
2583 1338 2864 1392 contraria
2897 1337 3081 1393 omnia
3131 1333 3510 1407 prmstiterint.
3547 1331 3644 1385 Sin

2046 1445 2114 1485 eo
2142 1430 2455 1502 confugias,
2499 1438 2561 1484 ut
2607 1431 2758 1486 illius
2808 1430 3047 1500 injussu,
3091 1444 3157 1484 ac
3201 1427 3438 1498 raptoris
3465 1435 3648 1497 tyran~

2047 1521 2177 1576 uide
2207 1529 2429 1577 coactas
2461 1522 2679 1577 venisse
2714 1522 3058 1591 pronunties,
3095 1520 3257 1591 plane
3291 1525 3511 1573 creatus
3554 1517 3645 1570 ille

2048 1626 2079 1664 a
2132 1612 2278 1667 bono
2332 1610 2443 1667 Deo
2488 1612 2669 1667 malus
2713 1611 2906 1667 artifex
2950 1612 3096 1666 bono
3135 1611 3254 1681 ipso
3292 1608 3405 1663 Deo
3453 1606 3648 1661 fortior

2049 1697 2363 1753 censendus
2402 1707 2506 1760 est.
2556 1698 2650 1769 qui
2686 1714 2808 1769 quae
2850 1700 2917 1754 ad
2959 1700 3111 1754 illum
3151 1700 3493 1769 pertinebant
3531 1697 3648 1751 vio-

358 1820 579 1868 σκοντος
599 1844 613 1867 ,
645 1803 725 1856 ὅτι
768 1774 1248 1871 Ἐξὀυσ’ίανίέχω
1276 1801 1392 1870 τὴν
1419 1802 1632 1871 ψυχήν
1671 1774 1792 1869 nov
1827 1774 1944 1854 ἀεῖ-

2054 1788 2224 1843 lenter
2250 1796 2439 1858 erepta
2470 1792 2537 1843 ad
2561 1805 2695 1846 usus
2735 1805 2866 1849 suos
2892 1791 3196 1846 transtulit.
3228 1789 3428 1845 Verum
3463 1804 3647 1844 nonne

354 1909 477 1957 ναι,
507 1891 609 1946 καὶ
644 1891 854 1946 λαϐεῖν
885 1892 1083 1957 αὐτήν
1108 1910 1120 1923 ο
1150 1892 1225 1955 ὡς
1248 1891 1413 1945 αὐτοῦ
1450 1890 1549 1961 μὲν
1582 1889 1758 1961 ψυχὴν
1797 1889 1948 1961 είλη⁴

358 1980 553 2050 φότος,
591 1981 682 2034 καὶ
728 1979 945 2046 θέντος,
988 1981 1084 2035 καὶ
1134 1981 1299 2033 πάλιν
1346 1979 1640 2043 λαϐόντος*
1691 1980 1792 2032 οὐκ
1847 1978 1946 2032 ἀλ-

354 2072 572 2145 λοτρίαν
609 2069 748 2128 εἶναι
787 2072 884 2146 τὴν
913 2072 1089 2144 ψυχὴν
1115 2112 1129 2139 ,
1168 2073 1260 2126 καὶ
1292 2072 1485 2143 ἐτέρου
1519 2070 1873 2143 δημιουργοῦ.

428 2350 595 2417 Πάλιν
623 2362 680 2417 δὲ
707 2362 1060 2435 εὑρεθήσεται
1090 2365 1293 2433 ἀγαθὸν
1328 2365 1487 2436 σῶμα
1518 2366 1719 2437 φορῶν.
1741 2368 1816 2421 Οὐ
1839 2368 1948 2440 γὰρ

357 2455 425 2509 ἂν
471 2454 827 2526 πεισθήσεται
874 2457 1078 2524 ἀγαθός
1124 2475 1207 2522 τις
1257 2458 1493 2530 χρῆσθαι
1524 2459 1746 2530 πονηρῷ
1777 2459 1945 2531 ἔργῳ,

357 2545 444 2598 ἵνα
480 2545 554 2617 μὴ
588 2547 696 2599 ἀπὸ
721 2546 814 2600 τοῦ
849 2548 1098 2619 μετέχειν
1131 2550 1334 2620 μέρους
1354 2549 1447 2603 τοῦ
1476 2550 1716 2621 πονηροῦ
1740 2553 1833 2604 καὶ
1854 2553 1954 2604 αὑ-

355 2637 447 2701 τὸς
490 2638 855 2709 χρανθήσεται
902 2641 969 2710 τῇ
1018 2640 1119 2709 τῆς
1169 2638 1470 2711 ἐπιμίξεως
1510 2643 1765 2714 πονηρίᾳ.
1798 2645 1861 2696 Εἰ
1894 2643 1951 2697 δὲ

356 2729 452 2780 καὶ
501 2728 662 2792 αὐτὸς
710 2729 996 2802 ἀνέστησε,
1024 2731 1150 2799 λέγε
1203 2751 1318 2803 μοι,
1350 2734 1402 2786 τί
1452 2735 1536 2787 ἵνα
1584 2738 1785 2808 ποιήσῃ
1815 2737 1953 2807 μετά

355 2818 654 2873 ἀνάστασιν
685 2822 780 2874 καὶ
809 2822 940 2875 αὐτὸ
965 2823 1127 2877 πάλιν
1158 2825 1518 2879 καταλέλοιπε
1569 2828 1800 2897 μερίσας
1840 2831 1954 2892 τοῖς

356 2911 618 2982 τέσσαρσι
668 2914 973 2984 στοιχείοις,
1009 2915 1086 2985 τῷ
1140 2914 1329 2987 θερμῷ
1375 2918 1438 2970 τὸ
1488 2916 1710 2988 θερμὸν,
1744 2920 1840 2972 καὶ
1872 2918 1952 2990 τῷ

357 3003 552 3075 ψυχρῷ
598 3007 659 3059 τὸ
708 3006 937 3077 ψυχρὸν,
968 3008 1062 3060 καὶ
1112 3007 1191 3077 τῷ
1243 3006 1394 3079 ξηρῷ
1423 3009 1485 3061 τὸ
1518 3008 1702 3080 ξηρὸν,
1732 3011 1824 3064 καὶ
1876 3011 1979 3083 τῷ·

2051 1887 2102 1935 te
2136 1895 2244 1934 vox
2271 1880 2390 1950 ipsa
2416 1878 2725 1937 Salvatoris
2748 1881 3031 1937 evidenter
3058 1882 3310 1951 coarguit
3341 1899 3353 1934 :
3393 1881 3645 1935 Potesta-

2051 1979 2153 2025 tem
2211 1972 2377 2026 habeo
2441 1972 2670 2042 ponendi
2730 1974 2965 2027 animam
3027 1991 3231 2040 meam,
3291 1982 3342 2028 et
3403 1971 3648 2026 sumendi

2050 2062 2242 2119 illam?
2286 2063 2446 2139 quasi
2489 2065 2728 2118 animam
2783 2065 2874 2119 ille
2921 2066 3240 2136 sumpserit,
3277 2080 3341 2119 ac
3377 2063 3646 2134 posuerit,

2050 2152 2344 2222 densoque
2374 2154 2680 2221 receperit;
2714 2160 2773 2205 ut
2807 2168 2918 2207 non
2952 2154 3130 2208 aliena
3160 2169 3282 2210 esse
3312 2153 3521 2217 anima,
3554 2159 3649 2206 aut

2051 2243 2206 2299 alteri
2227 2242 2410 2314 opifici
2437 2243 2732 2299 tribuenda
2756 2242 3027 2299 videatur.

2120 2357 2259 2413 lllud
2280 2358 2443 2413 etiam
2464 2361 2733 2428 sequitur,
2754 2359 2961 2413 bonum
2992 2357 3128 2412 illud
3144 2358 3401 2414 habuisse
3421 2371 3646 2427 corpus.
3686 2328 3702 2345 ⁹

2052 2449 2242 2519 Neque
2263 2450 2408 2505 enim
2426 2451 2747 2520 persuaderi
2783 2451 2925 2505 bono
2954 2450 3193 2520 cuipiam
3224 2457 3426 2520 potest,
3470 2449 3640 2520 386

2054 2544 2257 2596 malum
2283 2548 2343 2595 ut
2370 2557 2509 2609 opus
2536 2541 2603 2595 ad
2640 2556 2804 2595 usum
2844 2543 3101 2597 adhibeat
3125 2559 3137 2595 :
3167 2557 3236 2595 ne
3265 2542 3395 2596 dum
3422 2540 3549 2594 mali
3583 2540 3643 2592 lit

2054 2633 2351 2702 particeps,
2387 2632 2755 2702 improbitatis
2787 2648 2852 2687 ac
2884 2616 3145 2703 nequitia:
3172 2631 3497 2702 contagione
3529 2629 3649 2699 pol-

2055 2726 2259 2778 luatur.
2318 2721 2441 2777 Jam
2492 2738 2662 2786 vero,
2728 2724 2775 2778 si
2838 2724 3071 2793 ipsemet
3135 2738 3337 2793 corpus
3391 2720 3649 2777 excitavit

2059 2831 2242 2878 suum,
2298 2816 2435 2870 cedo
2489 2814 2620 2884 quid
2657 2830 2724 2869 eo
2766 2823 2889 2885 post
2947 2816 3410 2871 resurrectionem
3456 2813 3641 2867 facere

2054 2908 2421 2963 decreverat?
2450 2914 2546 2959 aut
2576 2920 2679 2960 cur
2721 2906 2920 2960 iterum
2956 2907 3090 2961 illud
3126 2906 3373 2975 reliquit,
3398 2913 3564 2974 atque
3590 2905 3647 2957 in

2054 3007 2293 3069 quatuor
2321 2998 2590 3052 elementa
2619 2998 2856 3066 partitus
2888 3006 2993 3063 est,
3036 2997 3171 3052 adeo
3205 3005 3264 3050 ut
3286 2996 3524 3050 calidum
3552 3010 3648 3049 ca-

360 3096 512 3167 ὑγρῷ
538 3096 599 3150 τὸ
629 3098 826 3168 ὑγρόν;
852 3100 914 3151 Ei
943 3099 1053 3169 γὰρ
1081 3099 1303 3170 ἤγειρεν
1329 3100 1480 3165 αὐτὸ,
1510 3101 1593 3153 ἵνα
1627 3101 1789 3154 πάλιν
1818 3103 1947 3156 αὐτὸ

2056 3093 2187 3158 lido,
2219 3090 2417 3161 frigido
2454 3092 2733 3163 frigidum,
2761 3092 2910 3147 sicco
2951 3092 3184 3154 siccum,
3227 3089 3509 3143 humidum
3550 3088 3648 3143 hu-

359 3189 516 3259 λύσῃ,
546 3188 653 3260 ἀρα
672 3191 1118 3262 δραματουργίας
1143 3192 1201 3245 τὸ
1224 3192 1384 3262 ἔργον
1409 3193 1568 3246 τοῦτο
1600 3195 1707 3264 εἴη,
1734 3196 1827 3248 καὶ
1850 3196 1950 3249 οὐκ

358 3280 878 3353 ἀληθείας.⁹Ηγειρε
923 3282 981 3335 δὲ
1031 3282 1163 3336 αὐτὸ
1210 3287 1238 3337 ό
1283 3283 1488 3354 Κύριος
1537 3284 1698 3355 ἡμῶν
1742 3286 1950 3356 Ἰησοῦς

359 3373 612 3443 Χριστὸς,
647 3373 739 3426 καὶ
771 3373 1194 3444 συμπαρέλαϐεν
1219 3374 1418 3444 ἐαυτῷ,
1443 3377 1579 3447 ὅπερ
1608 3377 1953 3431 ἀνεπλάσατο

360 3466 439 3529 εἰς
473 3466 664 3518 ἑαυτὸν
710 3465 871 3536 σῶμα
920 3470 1017 3520 σὺν
1062 3468 1208 3538 ψυχῇ
1244 3469 1338 3521 καὶ
1364 3470 1511 3540 πάσῃ
1541 3469 1951 3542 ὲνανθρωπήσει

358 3556 749 3621 τελειωτάτως.
771 3558 986 3631 Ἐπειδὴ
1021 3559 1132 3630 γὰρ
1160 3561 1501 3625 συνεκάθισε,
1528 3562 1669 3617 κατά
1695 3563 1788 3616 τὸν
1817 3566 1953 3618 ἀπο-

364 3649 611 3703 στολικὸν
634 3649 788 3719 λόγον
803 3692 817 3717 ,
843 3651 926 3705 ὅτι
942 3653 994 3704 Ὀ
1014 3652 1157 3718 Θεὸς
1184 3652 1401 3721 ἤγειρε,
1421 3655 1521 3707 καὶ
1545 3655 1953 3711 συνεκάθισεν

364 3740 434 3793 ἐν
460 3740 584 3805 τοῖς
613 3740 1026 3808 ἐπουρανίοιςο
1059 3742 1135 3805 ὡς
1168 3742 1539 3813 μαρτυροῦσιν
1583 3746 1632 3797 οἱ
1679 3744 1772 3797 δύο
1812 3746 1864 3798 οἱ
1892 3748 1950 3801 ὲν

366 3831 555 3902 ἐσθῆτι
601 3832 831 3906 λαμπρᾷ.
877 3834 1133 3903 ὀφθέντες
1166 3834 1504 3899 ἀποστόλοις,
1538 3836 1615 3900 ὡς
1663 3837 1947 3905 λέγουσιν’

370 3924 611 3993 Ἄνδρες
647 3926 981 3991 Γαλιλαῖοι,
1014 3927 1073 3981 τί
1109 3927 1406 3996 ἑστήκατε
1451 3927 1817 3995 ἀτενίζοντες
1864 3931 1953 3996 εὶς

365 4016 474 4070 τὸν
495 4019 790 4085 οὐρανόν;
831 4019 1029 4084 Οὕτως
1064 4020 1398 4086 ἐλεύσεται,
1433 4020 1505 4074 ὃν
1528 4023 1753 4088 τρόπον
1788 4020 1945 4076 ἐθεά-

366 4111 562 4164 σασθε
584 4108 771 4163 αὑτὸν
793 4109 1384 4181 ἀναλαμϐανόμενον.

437 4393 527 4457 ς’.
570 4390 681 4444 Καὶ
714 4391 802 4445 ἴνα
831 4392 905 4463 μὴ
927 4391 1087 4446 πάλιν
1109 4391 1238 4464 δοθῇ
1266 4410 1349 4447 σοι
1376 4393 1651 4465 πρόφασις
1685 4393 1952 4464 πονηρίας

365 4456 510 4535 κατῗά
538 4483 637 4554 τῆς
660 4456 939 4554 ἀληθείας,
979 4486 1117 4554 μετά
1154 4456 1353 4557 χρόνον
1392 4456 1560 4538 πολῦν
1585 4484 1688 4555 τῆς
1713 4456 1951 4538 τοῦ-’Σωὲ
1984 4456 2027 4512 θ

364 4574 530 4646 τῆρος
561 4573 718 4644 ἡμῶν
761 4574 1107 4646 ἀναλήψεως,
1141 4574 1412 4644 Στέφανος
1441 4579 1469 4630 ό
1494 4576 1646 4645 ἆγιος
1667 4576 1762 4630 τοῦ
1814 4577 1949 4631 Θεοῦ

368 4665 586 4736 μάρτυρ
621 4665 973 4737 λιθαζόμενος
1016 4667 1120 4720 ὑπὸ
1163 4667 1273 4720 τῶν
1299 4667 1571 4721 Ἰουδαίων
1594 4669 1949 4738 ἀπεκρίνατο,

365 4754 538 4826 λέγων
559 4773 573 4788 ·
624 4756 770 4810 Ἰδοὺ
811 4756 928 4826 ὁρῶ
970 4757 1079 4811 τὸν
1122 4758 1387 4827 οὐρανὸν
1415 4758 1813 4828 ἀνεῳγμένον,
1853 4761 1952 4817 καὶ

366 4847 474 4901 τὸν
529 4849 665 4903 Υίόν
708 4848 814 4903 τοῦ
863 4848 1178 4917 ἀνθρώπου
1226 4848 1457 4903 ἑστῶτα
1491 4850 1560 4903 ἐκ
1591 4850 1808 4915 δεξιῶν
1847 4852 1955 4907 τοῦ

368 4941 598 5008 Πατρός
612 4957 624 4970 ·
657 4940 743 4994 ἵνα
765 4939 914 5013 δείξῃ
940 4941 1071 4994 αὐτὸ
1092 4941 1152 4994 τὸ
1179 4940 1339 5012 σῶμα
1360 4943 1417 4996 ἐν
1437 4941 1665 5014 ἀληθείᾳ
1687 4944 1767 5007 εἰς
1790 4961 1954 4998 πνευ-

371 5030 600 5100 ματικὸν
644 5031 869 5103 ἀνιστᾷν
914 5032 1011 5084 σὺν
1058 5030 1274 5102 θεότητι
1306 5031 1401 5093 τοῦ
1444 5033 1807 5102 Μονογενοῦς,
1835 5036 1953 5089 ὅλον

367 5121 447 5182 εἰς
488 5122 860 5192 πνευματικὸν
887 5122 1105 5187 ὲνωθὲν,
1137 5124 1231 5177 καὶ
1260 5125 1341 5187 εἰς
1375 5123 1602 5193 θεότητα
1634 5126 1949 5197 συνηνωμέ-

367 5214 636 5266 νον.”Ανω
658 5213 715 5266 δὲ
740 5214 870 5267 αὐτὸ
897 5214 959 5267 τὸ
991 5214 1144 5282 ᾶγιον
1176 5215 1335 5286 σῶμα
1366 5216 1466 5269 σὺν
1491 5219 1556 5288 τῇ
1591 5217 1806 5289 θεότητι
1832 5216 1951 5283 ὅλος

366 5304 520 5368 Θεὸς,
547 5300 627 5369 εἷς
647 5305 772 5370 Υἱὸς
791 5307 820 5359 ό
844 5307 1002 5376 ἅγιος
1031 5307 1124 5360 τοῦ
1155 5307 1313 5369 Θεοῦ,
1330 5307 1693 5381 καθεζόμενος
1720 5313 1778 5364 ἐν
1803 5310 1953 5382 δεξιᾷ

367 5396 462 5449 τοῦ
501 5397 715 5470 Πατρός
733 5412 746 5426 ⁸
783 5398 860 5462 ὡς
894 5398 1007 5469 ἔχει
1038 5400 1133 5453 καὶ
1157 5399 1218 5452 τὸ
1240 5400 1335 5454 τοῦ
1362 5401 1592 5474 Μάρκου
1621 5403 1953 5472 Εὐαγγέλιον

368 5490 464 5543 καὶ
487 5489 595 5551 τῶν
626 5490 801 5545 ἄλλων
835 5492 1236 5562 εὑαγγελιστῶν
1262 5510 1277 5525 ο
1313 5495 1422 5549 Καὶ
1456 5495 1727 5565 ἀνῆλθεν
1749 5501 1839 5563 εὶς
1858 5501 1947 5552 οὐ·

2053 3182 2199 3236 mido
2244 3183 2598 3247 restitueret;
2642 3196 2770 3234 nam
2804 3182 2849 3236 si
2892 3181 3027 3235 illud
3082 3180 3358 3235 excitabat
3396 3178 3539 3242 ideo,
3583 3185 3644 3232 ut

2054 3273 2256 3327 iterum
2281 3273 2630 3336 dissolveret,
2672 3287 2770 3342 per
2802 3271 2991 3326 ludum
3025 3272 3131 3327 hoc
3165 3270 3384 3336 fecisse,
3416 3285 3523 3323 non
3563 3284 3648 3323 se-

2052 3369 2137 3423 rio
2166 3384 2230 3422 ac
2254 3367 2395 3422 bona
2434 3367 2539 3422 fide
2572 3368 2867 3423 videbitur.
2924 3367 3216 3422 Enimvero
3260 3366 3526 3421 Dominus
3560 3363 3649 3421 Je-

2058 3477 2154 3515 sus
2185 3460 2442 3517 Christus
2494 3461 2747 3532 idipsum
2799 3461 3091 3527 excitavit;
3142 3475 3366 3530 corpus,
3401 3460 3645 3530 inquam,

2053 3549 2236 3621 ipsum
2277 3551 2429 3621 quod
2478 3550 2748 3607 formarat
2794 3553 2900 3609 sibi
2930 3567 3041 3606 una
3078 3568 3204 3608 cum
3239 3553 3423 3606 anima
3472 3556 3628 3606 caete-

2053 3648 2241 3714 risque
2286 3644 2488 3714 quibus
2528 3645 2770 3700 hominis
2826 3652 3021 3700 natura
3062 3653 3304 3707 constat,
3342 3643 3631 3715 perfectis-

2054 3736 2192 3791 sime
2218 3751 2412 3793 rursus
2440 3738 2757 3807 assumpsit.
2790 3737 2948 3803 Cum,
2972 3737 3344 3807 utApostolus
3377 3735 3642 3805 loquitur,

2058 3828 2404 3892 consederit,
2431 3829 2902 3899 quandoquidem,
2934 3828 3083 3884 Dens
3109 3830 3261 3881 illum
3286 3828 3547 3882 revocavit
3578 3826 3648 3878 ad

2053 3918 2235 3983 vitam,
2261 3927 2312 3971 et
2343 3918 2399 3971 in
2423 3918 2722 3973 caelestibus
2753 3918 2992 3973 consedit
3014 3921 3053 3984 ι,
3083 3919 3135 3972 id
3168 3917 3315 3987 quod
3355 3918 3516 3971 ambo
3543 3917 3644 3982 illi,

2054 4006 2151 4076 qui
2182 4006 2241 4061 in
2268 4015 2423 4063 veste
2454 4009 2742 4078 splendida
2767 4009 3036 4079 apostolis
3064 4008 3334 4063 videndos
3368 4022 3490 4062 sese
3515 4023 3649 4076 pras-

2054 4101 2306 4165 buerant,
2363 4100 2515 4156 hisce
2561 4103 2744 4158 verbis
2795 4104 2982 4159 testati
3031 4111 3163 4159 sunt
3203 4121 3216 4157 :
3263 4102 3376 4156 Viri
3406 4100 3642 4165 Galilwi,

2055 4190 2182 4261 quid
2219 4194 2377 4247 statis
2415 4195 2729 4264 aspicientes
2761 4196 2814 4249 in
2843 4196 3030 4250 calum
3051 4199 3077 4252 ?
3107 4194 3197 4250 Sic
3237 4196 3421 4260 veniet,
3463 4211 3646 4265 quem-

2055 4285 2345 4340 admodum
2374 4286 2581 4341 vidistis
2613 4304 2732 4341 eum
2761 4288 3125 4343 ascendentem
3143 4291 3184 4343 '.

2067 4448 2073 4453 .
2128 4396 2219 4452 Vl.
2259 4399 2441 4470 Atque
2475 4406 2538 4454 ut
2582 4401 2763 4455 omnis
2806 4401 2902 4457 tibi
2959 4401 3364 4456 calumnianda:
3396 4400 3648 4457 veritatis

2057 4493 2279 4547 occasio
2306 4494 2757 4563 praecluderetur,
2799 4494 2896 4549 diu
2946 4507 3071 4565 post
3116 4498 3498 4551 ascensionem
3540 4492 3646 4548 Do-

2059 4581 2194 4635 mini
2249 4593 2478 4639 sanctus
2530 4585 2623 4639 ilie
2675 4584 2769 4639 Dei
2827 4595 3036 4656 martyr
3080 4586 3416 4665 Stephanus,
3459 4600 3583 4639 cum
3616 4599 3647 4637 a

2058 4671 2267 4728 Iudaeis
2313 4673 2593 4743 lapidibus
2633 4675 2983 4738 obrueretur,
3018 4677 3089 4731 ita
3130 4678 3348 4731 locutus
3382 4686 3467 4732 est
3499 4696 3511 4731 :
3558 4676 3648 4730 Vi-

2059 4766 2157 4819 deo
2190 4765 2377 4818 caelum
2405 4777 2669 4833 apertum,
2725 4777 2775 4820 et
2822 4767 3028 4821 Filium
3079 4769 3309 4823 hominis
3352 4778 3583 4823 stantem
3612 4785 3648 4823 α

2063 4857 2268 4910 dextris
2302 4855 2486 4911 Patris
2515 4857 2559 4922 ³,
2604 4866 2663 4910 ut
2696 4859 3007 4914 ostenderet
3061 4874 3264 4930 corpus
3299 4859 3482 4930 ipsum
3522 4874 3647 4915 sur-

2059 4947 2288 5015 rexisse,
2308 4964 2434 5003 vere
2462 4948 2518 5002 in
2542 4950 2788 5018 spiritale
2815 4960 3106 5015 mutatum,
3126 4966 3190 5006 ac
3212 4967 3337 5006 cum
3369 4951 3646 5023 Unigeniti

2059 5041 2349 5096 divinitate
2388 5041 2775 5111 conjunctum.
2831 5042 2988 5109 Quod
3034 5044 3175 5098 idem
3224 5054 3645 5100 sacrosanctum

2060 5134 2116 5187 in
2148 5133 2292 5188 male
2322 5148 2528 5204 corpus
2553 5152 2677 5191 cum
2710 5136 2831 5205 ipsa
2859 5136 3149 5190 divinitate
3185 5142 3335 5191 totus
3368 5135 3511 5190 Deus
3538 5144 3643 5203 est,

2048 5232 2115 5281 “et
2144 5242 2290 5283 unus
2332 5235 2675 5299 sanctusque
2718 5228 2813 5284 Dei
2860 5226 3055 5295 Filius,
3087 5226 3155 5282 ad
3188 5225 3366 5283 Patris
3395 5227 3647 5282 dextram

2060 5319 2379 5382 considens,
2408 5320 2869 5390 quemadmodum
2909 5326 3041 5374 tam'
3064 5318 3255 5387 Marci,
3290 5336 3455 5391 quam
3484 5330 3649 5375 caete-

2061 5424 2251 5464 rorum
2285 5410 2580 5481 Evangelia
2605 5418 2882 5467 testantur
2913 5430 2927 5467 :
2961 5410 3033 5464 Et
3079 5412 3318 5467 ascendit
3362 5414 3416 5466 in
3459 5412 3643 5475 caelos,

2061 5511 2110 5555 et
2150 5500 2283 5556 sedit
2322 5503 2377 5556 in
2420 5500 2640 5557 dextera
2690 5502 2877 5558 Patris
2903 5503 2945 5558 ’⁵.
3008 5503 3087 5557 lta
3142 5513 3232 5558 tua
3262 5504 3354 5558 illa
3397 5511 3650 5561 tuorum-

445 5738 464 5769 ¹
490 5739 689 5810 Epltes.
728 5755 788 5806 ll,
820 5716 872 5795 6‘.
949 5742 967 5772 ²
998 5740 1118 5796 Act.
1160 5757 1198 5809 ι,
1242 5742 1326 5796 ll.
1407 5741 1426 5772 ³
1459 5740 1579 5795 Act.
1619 5756 1714 5808 vn,
1742 5741 1827 5795 55.
1910 5742 1930 5771 ⁵
1961 5739 2129 5795 Marc.
2169 5757 2281 5807 X‘Il,
2322 5738 2568 5806 19;].uc.
2624 5758 2768 5809 sxw,
2812 5742 2901 5798 5l.
