3918 6104
237 257 337 317 851

1661 235 1733 314 s.‘
1769 228 2111 312 Epirum“

3408 252 3520 310 852

237 388 344 443 que
384 370 684 430 falsissima
736 371 1012 430 sententia
1064 387 1133 429 ex
1187 371 1340 429 omni
1393 378 1551 444 parte
1598 372 1822 428 convel-

1932 369 2166 436 ρανοὺς,
2211 369 2312 423 καὶ
2361 367 2647 423 ἐκάθισεν
2667 367 2739 423 ἐν
2765 368 2933 436 δεξιᾷ
2972 370 3080 424 τοῦ
3116 369 3366 438 Πατρός.
3401 369 3517 423 Καὶ

239 467 389 522 litur.

308 639 466 707 Quod
527 656 655 697 vero
706 648 1053 697 mortuorum
1101 643 1168 698 ad
1207 640 1669 698 resurrectionem
1699 653 1825 709 spe-

236 740 371 797 ctat,
431 735 558 791 audi
607 736 740 805 quid
787 735 1086 807 Apostolus
1126 736 1294 792 dicat.
1330 734 1566 805 Oportet,
1615 733 1820 803 inquit,

234 828 582 898 corruptibile
610 829 709 884 hoc
734 829 954 885 induere
988 824 1461 900 incorruptionem,
1502 836 1553 882 et
1594 824 1824 880 mertale

234 920 331 974 hoc
360 919 580 975 induere
600 920 1061 976 immortalitatem
1104 922 1148 977 ί.
1186 919 1308 1005 μίεἱ
1336 919 1484 977 enim
1507 918 1655 990 quod
1684 931 1825 973 mor-

238 1011 349 1067 tale
381 1017 468 1066 est
503 1011 975 1068 immortalitatem
1008 1011 1261 1069 indueret
1293 1011 1611 1087 aliquando,
1642 1019 1700 1068 et
1731 1010 1818 1066 in.

234 1102 645 1173 corruptionem
676 1102 825 1173 quod
872 1111 958 1159 est
996 1102 1376 1175 corruptibile,
1433 1115 1718 1173 nunquam
1753 1099 1820 1156 ad

236 1196 546 1253 obeundam
604 1206 839 1253 mortem
929 1197 1257 1254 immortalis
1331 1195 1697 1259 accessisset,
1762 1200 1824 1250 ut

233 1299 471 1358 corpore
503 1301 607 1343 suo
635 1302 826 1357 poenas
881 1288 1236 1359 expenderet,
1267 1303 1334 1343 ac
1373 1287 1671 1343 defunctus
1708 1293 1823 1342 ter-

236 1378 314 1432 tia
347 1378 437 1435 die
467 1377 631 1450 387
662 1388 995 1451 resurgeret,
1030 1386 1086 1435 et
1112 1395 1238 1434 cum
1260 1379 1555 1435 divinitate
1588 1392 1712 1444 sua,
1756 1391 1821 1432 ac

236 1470 426 1540 gloria:
470 1472 763 1542 splendore
798 1473 1006 1543 pariter
1047 1473 1182 1529 illud
1233 1472 1474 1538 efferret,
1526 1477 1586 1526 ut
1627 1487 1693 1526 ex
1726 1469 1822 1525 be-

234 1561 404 1633 nigno
428 1562 525 1617 illo
549 1562 832 1628 convictu,
875 1563 1285 1635 prtesentiaque
1314 1578 1437 1629 sua,
1468 1577 1631 1634 quam
1659 1560 1819 1618 nobis

234 1655 498 1712 hactenus
565 1657 945 1728 impertierat,
1007 1672 1196 1712 veram
1256 1673 1410 1730 spem
1472 1656 1818 1726 solidamque

1925 460 2263 532 πανταχόθεν
2295 458 2632 514 διαπεσεῖται
2662 476 2758 513 σου
2788 461 2885 514 καὶ⁵
2914 460 3025 514 τῶν
3054 460 3160 514 ὑπδ
3182 459 3277 513 σοῦ
3303 461 3519 514 πεπλα-

1925 552 2178 624 νημένων
2207 552 2235 604 ὁ
2259 551 2508 624 ἀγύρτης
2537 551 2718 621 λόγοςζ

1994 649 2108 704 Καὶ
2144 648 2275 721 περὶ
2300 646 2512 720 νεκρῶν
2542 647 2896 713 ἀναστάσεως
2930 649 3096 704 ἄκουε
3124 646 3223 701 τοῦ
3255 647 3519 703 Ἀποστά-

1923 740 2039 807 λου,
2066 739 2341 809 λέγοντος,
2374 738 2458 792 ὅτι
2500 738 2603 792 Δεῖ
2638 737 2706 792 τὸ
2749 736 3017 809 φθαρτὸν
3040 737 3221 792 τοῦτο
3254 737 3517 793 ἐνδύσα-

1924 837 2067 890 σθαι
2087 832 2453 904 ἀφθαρσίαν,
2488 832 2587 888 καὶ
2640 832 2709 887 τὸ
2762 831 2986 901 θνητὸν
3033 832 3215 888 τοῦτο
3256 832 3520 887 ἐνδύσα-

1924 914 2065 980 σθαι
2090 924 2453 980 ἀθανασίαν.
2484 924 2549 978 Et
2582 923 2657 995 μὴ
2689 922 2800 994 γὰρ
2830 922 3026 994 ἔμελλε
3056 924 3119 977 τδ
3144 923 3338 995 θνητὸν
3365 923 3520 978 ὲνδύ-

1925 1016 2125 1071 σασθαι
2154 1016 2477 1081 ἀθανασίαν,
2501 1014 2598 1070 καὶ
2621 1015 2682 1069 τὸ
2706 1014 2947 1089 φθαρτὸν
2967 1014 3291 1070 ἐνδύσασθαι
3310 1015 3520 1086 ἀφθαρ-

1926 1108 2068 1175 σίαν,
2099 1108 2201 1162 οὐκ
2247 1106 2315 1161 ἂν
2369 1109 2399 1161 ὁ
2441 1106 2713 1171 ἀθάνατος
2746 1106 2929 1161 θανεῖν
2956 1102 3141 1179 ἦλθεν,
3170 1107 3258 1160 ἶνα
3285 1108 3343 1161 ὲν
3367 1107 3522 1178 αὐτῷ

1923 1200 2096 1271 πάθῃ,
2122 1199 2220 1253 καὶ
2253 1196 2544 1269 κοιμηθεὶς
2574 1196 2638 1250 τὸ
2666 1197 2967 1267 τριήμερον
2994 1196 3226 1265 ἀναστῇ,
3258 1195 3353 1249 καὶ
3384 1212 3517 1248 συν-

1924 1291 2193 1364 ανενέγκῃ
2225 1290 2285 1343 ὲν
2314 1288 2465 1361 αὐτῷ
2490 1292 2558 1361 τῇ
2588 1287 2804 1359 θεότητι
2836 1289 2930 1343 καὶ
2955 1290 3024 1360 τῇ
3053 1287 3219 1342 αὑτοῦ
3239 1287 3366 1360 δόξῃ
3384 1303 3398 1316 °
3425 1287 3518 1341 ἵνα

1925 1383 1992 1436 ὲκ
2022 1380 2125 1452 τῆς
2146 1379 2313 1436 αὐτοῦ
2346 1372 2560 1451 ἀγαθῆς
2588 1378 2726 1451 πρὸς
2755 1379 2904 1449 ἡμᾶς
2927 1377 3189 1449 ὲνδημίας
3214 1377 3312 1449 τὴν
3333 1378 3523 1431 πᾶσαν

1927 1473 2118 1528 ἐλπίδα
2169 1473 2537 1544 κατάσχωμεν
2583 1473 2641 1525 ἐν
2673 1469 2925 1542 ἀληθείᾳ,
2955 1470 3275 1534 ὑποδεικνὺς
3321 1467 3521 1524 ἑαυτὸν

1924 1565 2095 1621 τύπον
2144 1567 2298 1638 ἡμῖν,
2334 1566 2430 1619 καὶ
2474 1564 2774 1638 ἀρραϐῶνα
2823 1567 2904 1628 είς
2949 1563 3142 1618 ἐλπίδα
3188 1563 3288 1635 τῆς
3331 1563 3521 1635 πάσης

1929 1656 2078 1728 ζωῆς
2108 1655 2516 1728 πραγματείας.

231 1750 651 1819 conciperemus
678 1791 695 1817 ,
738 1767 878 1807 cum
937 1767 1060 1808 sese
1106 1753 1268 1808 nobis
1296 1752 1363 1808 ad
1392 1767 1513 1808 eam
1555 1751 1682 1806 vita:
1718 1750 2266 1824 immortalitatisque
2303 1753 2556 1809 fiduciam
2632 1750 3102 1808 corroborandam
3150 1751 3301 1807 velut
3328 1766 3522 1807 exem-

232 1844 375 1913 plar,
412 1852 469 1898 et
497 1844 865 1900 arrhabonem
903 1846 1249 1915 prmbuisset.

303 1937 414 1993 VII.
455 1939 581 1994 Haec
604 1954 729 1994 cum
774 1940 850 1994 ita
901 1956 1025 1997 sese
1076 1944 1330 2011 habeant,
1382 1957 1560 2014 eoque
1596 1955 1628 1996 a
1669 1942 1822 1997 nobis

2002 1941 2075 1993 Ζ’.
2118 1936 2339 1991 Τούτων
2391 1936 2448 1990 δὲ
2497 1935 2671 1998 οὕτως
2717 1934 2950 2004 ἐχόντων
2976 1933 3071 1988 καὶ
3109 1932 3401 2004 ῥηθέντων,
3433 1932 3523 1997 τίς

235 2030 400 2087 modo
449 2030 735 2102 disputata
775 2032 908 2098 sint,
948 2034 1082 2103 quid
1129 2035 1323 2090 attinet
1351 2035 1409 2090 in
1434 2034 1706 2089 vilissimo
1727 2033 1822 2089 illo

233 2123 530 2191 crabrone,
564 2138 725 2194 quem
751 2137 1016 2196 zopyrum
1059 2133 1280 2194 vocant,
1329 2125 1693 2198 profligando,
1733 2127 1821 2181 vel

233 2215 395 2271 aliter
417 2215 745 2286 occupando
797 2215 1019 2287 ingenio
1079 2217 1584 2288 hu:rere_diutius?
1646 2217 1819 2273 Suum

232 2290 381 2361 enim
437 2321 537 2377 per
580 2320 706 2362 sese
761 2307 1014 2361 aculeum
1066 2309 1336 2378 perdidit;
1402 2324 1469 2364 ac
1525 2308 1821 2365 conlletum

233 2399 382 2452 velut
416 2412 447 2452 a
479 2399 815 2457 circulatorc
850 2402 1072 2472 dogma,
1125 2416 1227 2456 nec
1281 2401 1351 2455 ab
1400 2402 1633 2456 aliorum
1672 2415 1822 2456 som-

235 2489 345 2545 niis
393 2490 650 2548 diversus
683 2507 845 2547 crror
879 2494 1100 2549 abunde
1137 2494 1550 2548 demonstratus
1577 2499 1683 2548 est.
1715 2490 1822 2547 Fe-

236 2591 367 2634 runt
416 2583 564 2636 enim
621 2584 1080 2639 molestissimum
1127 2585 1259 2639 illud
1294 2584 1580 2641 crabronis
1622 2599 1819 2657 genus,

234 2669 385 2739 quod
425 2685 688 2743 zopyrum
722 2675 1026 2745 appellant,
1057 2676 1251 2732 aculeo
1279 2676 1516 2746 quodam
1551 2682 1822 2731 armatura

233 2777 379 2827 esse,
419 2773 694 2820 venenato
742 2766 838 2822 illo
886 2769 1134 2840 quidem,
1191 2770 1286 2825 sed
1337 2770 1574 2841 exiguo,
1618 2770 1825 2840 quique

236 2852 383 2907 haud
418 2853 650 2909 multum
684 2856 895 2914 doloris
926 2858 1183 2927 incutiat,
1212 2868 1268 2915 et
1297 2875 1365 2916 ex
1402 2874 1504 2914 suo
1543 2859 1825 2914 nihilomi-

236 2956 342 2997 nus
375 2958 577 3013 genere
607 2946 682 3001 sit
710 2956 1038 3004 venenatus.
1075 2951 1155 3005 Ae
1185 2950 1233 3005 si
1263 2949 1389 3020 quis
1426 2948 1569 3005 forte
1600 2957 1825 3027 praeter-

236 3036 419 3090 eundo
468 3037 708 3096 latebras
759 3040 911 3099 illius
941 3043 1243 3114 nidumque
1273 3044 1462 3098 diruat
1492 3061 1506 3111 ;
1542 3059 1708 3114 quem
1735 3044 1824 3100 in-

126 3204 131 3207 _
235 3131 322 3181 ter
366 3127 594 3187 frutices
633 3146 698 3186 ac
740 3132 1027 3191 densiores
1074 3136 1276 3191 herbas
1319 3134 1427 3190 favi
1465 3135 1657 3204 instar,
1697 3144 1823 3192 tan—

234 3233 401 3288 quam
433 3220 488 3275 in
517 3222 745 3289 alveari,
774 3227 1076 3291 construit,
1113 3226 1302 3297 ibique
1333 3227 1543 3283 semine
1572 3229 1822 3285 immisso

237 3309 384 3366 fctus
410 3314 655 3369 excludit
688 3334 701 3369 :
735 3317 832 3372 sed
866 3318 912 3373 si
948 3318 1077 3383 quis
1105 3318 1287 3373 viator
1318 3320 1517 3376 baculo
1548 3321 1634 3377 vel
1672 3323 1821 3383 virga

1932 3223 2277 3297 διερχόμενος
2305 3224 2487 3297 ῥάϐδῳ
2509 3224 2543 3294 ἦ
2574 3223 2717 3295 ξύλῳ
2737 3222 2900 3287 νύξας
2928 3222 2990 3276 τὺ
3021 3221 3234 3295 κηρίον,
3254 3221 3331 3287 ὡς
3360 3221 3491 3291 ἔφην

1932 3315 2255 3380 καταόἀλοι,
2280 3314 2560 3383 ἐξέρχεται
2590 3313 2930 3383 θυμούμενον
2959 3313 3092 3366 αὐτὸ
3128 3312 3193 3383 δὴ
3242 3311 3304 3365 τὸ
3348 3309 3491 3365 δεινδ

1931 3315 2255 3380 καταόἀλοι,
2280 3314 2560 3387 ἐξέρχεται
2590 3313 2930 3385 θυμούμενον
2959 3313 3092 3366 αὐτὸ
3128 3313 3193 3383 δὴ
3242 3313 3304 3365 τὸ
3348 3313 3524 3365 δεινὸν

237 3309 384 3366 fctus
410 3314 655 3369 excludit
688 3334 701 3369 :
735 3317 832 3372 sed
866 3318 912 3373 si
948 3318 1077 3389 quis
1105 3318 1287 3373 viator
1318 3320 1517 3376 baculo
1548 3321 1634 3377 vel
1672 3323 1821 3393 virga

235 3403 413 3469 favos,
446 3404 527 3459 uti
553 3406 1206 3478 diximus,.demoliatur,
1256 3411 1450 3469 furens
1499 3413 1651 3470 illico
1693 3430 1824 3484 pro-

238 3493 449 3564 rumpit
486 3509 613 3552 acer
658 3497 750 3554 ille
798 3500 1045 3571 quidem,
1090 3502 1187 3558 sed
1244 3504 1554 3561 imbecillus
1599 3508 1820 3563 crabro.

240 3584 380 3640 Tum
416 3586 659 3644 vicinum
691 3590 914 3662 aliquod
947 3609 1144 3650 saxum
1174 3596 1455 3668 lignumve
1487 3608 1708 3667 nactus,
1742 3601 1823 3655 ira

235 3687 550 3737 exaestuans
579 3697 647 3738 eo
670 3698 796 3738 cum
822 3684 1027 3757 impetu
1063 3686 1261 3754 fertur,
1295 3704 1359 3744 ac
1381 3690 1594 3747 silicem
1619 3693 1822 3760 tundit,

237 3776 334 3824 aut
363 3769 592 3842 lignum.
635 3772 849 3841 Quibus
885 3791 1014 3832 cum
1061 3787 1259 3835 noceat
1305 3780 1463 3848 nihil,
1507 3796 1572 3838 ac
1613 3799 1684 3839 ne
1727 3784 1826 3840 ho—

236 3861 372 3917 mini
417 3861 679 3933 quidem,
725 3869 1083 3937 quantumvis
1142 3880 1372 3942 pungat,
1428 3873 1583 3934 aliud,
1627 3881 1825 3946 praeter

236 3950 580 4010 levissimum
638 3956 883 4015 dolorem
946 3959 1181 4029 inferat,
1246 3978 1442 4020 saxum
1503 3980 1635 4022 vero
1687 3967 1825 4021 nihil

235 4043 492 4111 oblzedat,
519 4049 775 4105 aculeum
806 4051 913 4106 sibi
941 4051 1165 4108 interim
1195 4058 1426 4121 excutit,
1470 4057 1658 4127 itaque
1701 4074 1823 4113 mo-

236 4134 400 4190 ritur.
440 4136 532 4194 Sic
561 4140 654 4211 illa
698 4141 983 4199 simillima.
1023 4147 1212 4217 zopyri
1253 4149 1544 4203 crabronis
1571 4149 1822 4216 haeresis,

212 4226 342 4311 ,levi
370 4226 558 4285 dolore
584 4231 817 4299 inﬂicto,
862 4234 918 4288 in
965 4243 1200 4304 petram,
1247 4237 1352 4293 hoc
1386 4248 1471 4294 est
1510 4241 1823 4310 veritatem,

241 4318 555 4385 incurrens,
586 4329 641 4376 et
677 4324 929 4379 aculeum
965 4326 1272 4397 infringens
1304 4332 1643 4386 enecahitur.
1677 4332 1827 4391 Hanc

239 4410 408 4480 igitur
437 4420 883 4484 praetergressus,
917 4417 983 4472 ad
1015 4418 1152 4473 alias
1180 4421 1484 4475 orationem
1514 4423 1821 4491 conferam,

238 4511 389 4557 certa
428 4503 519 4557 Dei
556 4505 754 4561 fiducia
806 4507 1003 4574 fretus,
1056 4510 1371 4566 institutum
1427 4529 1514 4570 me
1569 4532 1710 4587 opus
1757 4518 1827 4574 ad

237 4593 443 4649 exitum
473 4611 596 4651 esse
620 4597 1042 4666 perducturum.

553 4706 1013 4777 asscoaraa
1054 4708 1508 4778 SEVERIANOS,

519 4818 651 4884 Qua:
680 4830 757 4875 est
787 4820 1000 4877 haeresis
1030 4821 1137 4876 XX
1155 4824 1194 4878 V
1221 4825 1328 4880 sive
1366 4825 1461 4880 XL
1479 4825 1538 4881 V.

307 4929 349 4985 l.
388 4930 493 4999 Qui
542 4935 927 5005 superioribus
957 4935 1068 4991 illis
1112 4939 1364 5007 proxime
1414 4954 1443 4993 a
1495 4955 1579 4994 me
1643 4941 1822 5011 subji-

237 5024 466 5080 ciendus
498 5034 603 5089 est,
635 5026 719 5082 vel
753 5026 946 5083 iisdem
988 5029 1326 5098 temporibus
1378 5030 1534 5096 vixit,
1582 5032 1666 5086 vel
1711 5033 1824 5088 sal-

241 5125 346 5169 tem
372 5123 458 5171 est
491 5125 650 5172 aetate
682 5132 917 5189 suppar;
972 5135 1151 5190 neque
1198 5120 1344 5175 enim
1395 5129 1612 5190 tempus
1642 5122 1822 5192 ipsum

240 5212 502 5262 accurate
525 5221 967 5262 commemorare
1006 5224 1259 5278 possum,
1312 5210 1421 5266 nisi
1471 5211 1619 5280 quod
1652 5211 1822 5267 vicini

1859 4647 1906 4703 D

1925 2029 2006 2082 ἔτι
2047 2045 2138 2099 μοι
2184 2027 2344 2098 χρεία
2395 2026 2513 2079 ἐστὶ
2562 2024 2991 2097 κατατρίϐεσθαι
3043 2025 3172 2096 περὶ
3199 2022 3391 2077 τούτου
3420 2023 3522 2076 τοῦ

1925 2120 2179 2192 ζωπύρου
2213 2118 2468 2191 σφηκίου,
2501 2118 2597 2171 καὶ
2626 2118 2839 2182 οὐδενὸς
2876 2118 3031 2181 ὄντος
3057 2115 3371 2188 ἀνατροπῆς
3399 2114 3524 2167 ’ἐνε-

1924 2229 2017 2277 κα,
2052 2211 2086 2282 ἢ
2118 2210 2286 2280 ἄλλης
2310 2209 2456 2273 τινὸς
2486 2207 2905 2280 πραγματείας;
2932 2209 3051 2278 Ἀφ’
3082 2207 3277 2262 ἑαυτοῦ
3307 2207 3417 2277 γὰρ
3455 2206 3523 2260 τὸ

1925 2303 2150 2373 κέντρον
2191 2300 2441 2355 ἀπώλεσε
2461 2316 2475 2329 ’
2520 2302 2617 2356 καὶ
2659 2301 3083 2374 ἀπαράλλακτον
3117 2298 3284 2353 αὐτοῦ
3325 2299 3386 2351 τὸ
3416 2298 3523 2368 τῆς

1924 2393 2134 2465 πλάνης
2179 2392 2704 2465 παραπεποιημένον
2733 2392 2912 2464 δόγμα
2943 2390 3039 2446 καὶ
3081 2388 3391 2461 ἀγυρτῶδες
3431 2387 3526 2440 δέ-

1923 2486 2152 2540 δεικται.
2185 2486 2325 2538 Φασὶ
2374 2485 2483 2556 γὰρ
2535 2485 2596 2538 τὺ
2640 2484 2899 2556 ὀδυνηρὸν
2926 2483 3176 2555 σφηκίον,
3210 2482 3239 2534 ὃ
3264 2479 3524 2551 ζώπυρον

1924 2578 2070 2642 τινὲς
2093 2577 2449 2650 κεκλήκασιν,
2483 2568 2629 2651 ἔχειν
2667 2578 2765 2648 μὲν
2802 2577 3050 2649 κεντρίον
3084 2575 3288 2629 ἰοϐόλον
3318 2572 3521 2647 βραχὺ,

1926 2671 2286 2741 περιωδυνίαν
2329 2670 2533 2742 πολλὴν
2574 2670 2637 2724 ού
2685 2670 3048 2741 κεκτημένον,
3078 2667 3214 2723 ἀλλὰ
3253 2667 3393 2721 κατὰ
3417 2665 3523 2739 τὴν

1924 2763 2092 2818 αὐτοῦ
2135 2763 2368 2835 δύναμιν
2418 2763 2622 2819 ἰοϐόλον
2668 2763 2757 2817 ὃν·
2802 2763 2941 2820 ὲπὰν
2973 2763 3030 2816 δέ
3061 2780 3146 2827 τις
3171 2761 3523 2834 διερχόμενος

1923 2856 2016 2909 τὸν
2049 2855 2214 2910 αὐτοῦ
2246 2855 2452 2924 φωλεὸν
2485 2855 2519 2927 ἢ
2552 2855 2748 2910 καλιὰν
2777 2854 3029 2909 καθέλοι·
3063 2856 3123 2909 ὲν
3154 2854 3264 2927 γὰρ
3292 2853 3523 2924 θάμνοις

1927 2945 2169 3017 βοτανῶν
2205 2951 2438 3002 ποιεῖται
2486 2947 2583 3001 καὶ
2633 2947 2827 3020 κηρίου
2861 2948 3020 3017 δίκην
3049 2944 3230 3017 ἑαυτῷ
3255 2945 3523 3017 σίμϐλους

1924 3039 2100 3105 τινὰς,
2137 3041 2197 3094 ὲν
2228 3035 2311 3103 οἷς
2344 3039 2593 3111 σίμϐλοις
2636 3038 3055 3109 ὲγκατατίθεται
3087 3038 3186 3110 τὴν
3219 3037 3385 3092 αὑτοῦ
3427 3054 3526 3106 7o-

1926 3135 2046 3202 νὴν,
2095 3133 2192 3187 καὶ
2246 3135 2481 3187 ποιεῖται
2531 3130 2711 3203 ἑαυτῷ
2756 3131 2825 3184 τά
2867 3134 3216 3203 γεννήματα·
3264 3131 3314 3185 εί
3353 3128 3412 3183 δέ
3435 3146 3525 3194 τις

1927 3223 2277 3297 διερχόμενος
2305 3224 2487 3297 ῥάϐδῳ
2509 3224 2543 3294 ἦ
2574 3223 2717 3295 ξύλῳ
2737 3222 2900 3287 νύξας
2928 3222 2990 3276 τὺ
3021 3221 3234 3295 κηρίον,
3254 3221 3331 3287 ὡς
3360 3221 3520 3291 ἔφην,

1931 3407 2051 3477 μὲν,
2082 3407 2313 3481 βληχρδν
2339 3408 2399 3462 δὲ
2427 3409 2659 3480 σφηκίον
2683 3424 2697 3439 ο
2731 3406 2827 3461 καὶ
2852 3405 2950 3461 ἐὰν
2978 3404 3116 3478 εὕρῃ
3146 3404 3354 3476 πέτραν
3381 3403 3526 3473 πλη-

1930 3498 2045 3554 σίον
2069 3500 2104 3571 ἢ
2142 3499 2318 3566 ξύλον,
2350 3499 2460 3555 ἀπὸ
2485 3498 2579 3554 τοῦ
2614 3497 2995 3571 ὲμπλήσαντος
3016 3495 3178 3550 αὐτὸν
3205 3492 3380 3565 θυμοῦ
3410 3494 3525 3564 poi.

1930 3588 2008 3661 ζῳ
2048 3589 2147 3659 μὲν
2192 3590 2482 3658 ἐφίσταται
2514 3589 2615 3641 καὶ
2638 3588 2805 3659 ὁρμᾷ,
2842 3585 2938 3640 καὶ
2958 3584 3109 3639 παίει
3141 3584 3243 3654 τὴν
3272 3584 3479 3654 πέτραν
3504 3599 3519 3614 -

1930 3682 2026 3735 καὶ
2049 3680 2151 3752 τὴν
2185 3680 2285 3752 μὲν
2316 3680 2527 3752 πέτραν
2551 3680 2703 3734 οὐδὲν
2728 3678 2925 3745 ἀδικεῖ,
2952 3675 3077 3731 οὔτε
3101 3675 3162 3730 τὸ
3194 3674 3371 3742 ξύλον,
3396 3675 3523 3729 οὔτε

1925 3773 2042 3845 ⁴μὴν
2067 3773 2159 3828 τδν
2186 3773 2498 3846 ἄνθρωπον,
2526 3773 2630 3829 κᾶν
2665 3791 2727 3827 τε
2753 3772 2929 3839 δάκοι,
2963 3769 3105 3824 ἀλλά
3149 3769 3286 3841 πρὸς
3330 3769 3523 3839 ὀδύνην

1929 3865 2119 3937 ὀλίγην
2169 3866 2324 3920 οὐδὲν
2373 3866 2570 3931 ἀδικεῖ,
2606 3865 2844 3937 μάλιστα
2874 3863 2975 3935 τὴν
3006 3863 3238 3934 πέτραν,
3280 3860 3415 3916 ἀλλὰ
3459 3860 3525 3915 τὸ

1934 3958 2034 4029 μὲν
2069 3958 2296 4031 κέντρον
2332 3959 2619 4023 ἀπόλλυσι,
2646 3958 2743 4013 καὶ
2768 3957 2913 4012 οὕτω
2936 3955 3239 4029 φθείρεται,
3268 3957 3302 4026 ἡ
3329 3954 3387 4009 δὲ
3424 3954 3525 4008 πέ-

1930 4068 2036 4122 τρα
2068 4050 2222 4105 οὐδὲν
2248 4050 2640 4125 ἀδικηθήσεται
2679 4052 2785 4106 ὑπὸ
2825 4049 2922 4106 τοῦ
2947 4051 3212 4105 τοιούτου.
3238 4047 3399 4105 Οὕτω
3425 4049 3522 4102 καὶ

1930 4142 2069 4215 αῦτη
2103 4144 2136 4214 ἡ
2166 4143 2483 4215 σφηκιώδης
2508 4144 2762 4218 ζωπύρου
2788 4143 2943 4215 δίκην
2972 4142 3173 4215 μικρὰν
3197 4140 3396 4213 ἔχουσα
3421 4140 3521 4213 τὴν

1933 4231 2298 4303 περιωδυνίαν
2329 4234 2777 4307 ἀνατραπήσεται
2824 4236 2892 4304 τῇ
2940 4233 3116 4307 πέτρᾳ
3164 4230 3521 4301 συντυχοῦσα,

1930 4325 2178 4378 τουτέστι
2205 4328 2271 4396 τῇ
2302 4326 2550 4399 ἀληθείᾳ,
2574 4327 2670 4381 καὶ
2692 4326 2755 4380 τὸ
2777 4326 3001 4397 κέντρον
3024 4323 3356 4379 ἀπολέσασα.
3374 4322 3525 4377 Ταύ-

1930 4432 2030 4487 την
2046 4416 2104 4469 δὲ
2131 4415 2378 4484 διελθὼν,
2403 4419 2497 4471 ἐπὶ
2525 4417 2625 4481 τὰς
2649 4417 2844 4490 ἐτέρας
2865 4417 3025 4471 πάλιν
3048 4416 3357 4487 βαδιοῦμαι,
3382 4415 3528 4468 κατὰ

1932 4510 2031 4579 τὴν
2063 4508 2201 4562 Θεοῦ
2229 4509 2423 4563 ἐλπίδα
2448 4509 2743 4575 πιστεύων,
2772 4510 2855 4564 ὃτι
2886 4509 2949 4563 τὸ
2981 4509 3304 4579 ἐπάγγελμα
3325 4509 3384 4563 ὲν
3403 4506 3527 4578 Θεῷ

1934 4600 2043 4671 πλη
2048 4601 2380 4673 ρωθήσεται.

2385 4713 2569 4769 ΚΑΤΑ
2605 4714 3111 4781 ΣΕΥΗΡιΑΝοΝ,.

1967 4826 2233 4897 Εὶκοστὴ
2257 4827 2518 4899 πέμπτη,
2550 4831 2589 4898 ἠ
2618 4828 2718 4883 καὶ
2743 4825 3202 4897 τεσσαρακοστὴ
3226 4825 3484 4893 πέμπτη.

2002 4940 2081 4995 A’.
2124 4941 2348 5008 Τούτοις
2381 4943 2617 5015 καθεξῆς
2662 4943 2855 4996 ἕπεται
2901 4943 3020 5014 ἦτοι
3052 4941 3368 5012 σύγχρονος,
3407 4939 3527 5011 ἦτοι

1934 5033 2089 5107 παρὰ
2117 5034 2208 5088 τὸν
2236 5036 2429 5108 χρόνον
2448 5055 2461 5070 ·
2488 5037 2590 5089 οὐκ
2617 5034 2726 5106 ἔχω
2760 5033 2871 5106 γὰρ
2916 5035 3043 5106 περὶ
3073 5032 3165 5087 τοῦ
3201 5032 3395 5104 χρόνου
3422 5031 3527 5084 αύ-

1931 5127 2041 5181 τῶν
2071 5128 2329 5197 ἀσφαλῶς
2358 5130 2560 5198 λέγειν,
2591 5127 2733 5200 πλὴν
2779 5127 3044 5197 σύνεγγυς
3090 5125 3334 5197 ἀλλήλων
3360 5120 3524 5196 ἦσαν.

1944 5220 2037 5285 Ὠς
2062 5220 2119 5274 δὲ
2154 5222 2224 5275 τὰ
2250 5224 2330 5285 είς
2363 5223 2508 5293 ἡμᾶς
2536 5221 2761 5275 ἐλθόντα
2786 5221 3132 5291 διηγήσομαι.

240 5295 345 5351 sibi
401 5296 638 5354 invicem
707 5300 1060 5356 exstiterunt.
1123 5300 1255 5367 Quae
1310 5317 1439 5358 vero
1503 5303 1570 5357 ad
1621 5320 1822 5361 memor

1932 5326 1944 5365 l
2020 5322 2271 5370 nostram
2318 5323 2709 5386 pervenerunt,
2766 5329 2929 5385 quam
3003 5310 3319 5367 fidelissime
3381 5322 3529 5363 com-

239 5387 467 5457 plectar.

313 5476 547 5536 Severus
596 5484 849 5551 quidam,
887 5498 917 5539 a
949 5500 1057 5555 quo
1092 5482 1406 5541 Severianis
1438 5502 1634 5542 nomen
1672 5487 1820 5542 indi-

313 5654 338 5689 ⁴
368 5657 388 5712 l
417 5654 546 5713 Cor.
584 5676 671 5729 xv,
707 5662 799 5723 55.

2011 5490 2249 5563 Σευῆρὸς
2274 5509 2357 5554 τις
2383 5485 2603 5560 ἀνέστη,
2635 5487 2695 5554 ἐξ
2719 5483 2887 5559 οὗπερ
2915 5490 2964 5541 οἱ
2992 5486 3309 5560 Σευηριανοὶ
3338 5486 3533 5540 καλού-
