3918 6134
382 332 484 387 853

1015 332 1384 388 ADVERSUS
1422 333 1764 390 lleRESES
1802 334 1930 390 LIB.
1975 334 2016 391 l.
2060 334 2224 391 TOM.
2257 333 2345 390 lll.
2373 363 2440 374 ——-
2473 330 2748 388 ll.ERES.
2789 330 2949 386 XLV.

3537 329 3644 386 854

379 461 553 514 μενοι,
582 441 815 512 καθεξῆς
856 445 1220 512 συνεπόμενος
1251 445 1329 515 τῷ
1366 443 1745 518 προειρημένῳ
1770 445 1954 500 ’Λπελ-

2067 453 2182 500 tum
2233 455 2340 510 est,
2394 454 2516 516 post
2569 447 2812 516 Apellen)
2859 446 3011 499 illum
3070 441 3292 513 prodiit.
3328 441 3502 512 Cujus
3529 444 3643 497 hac

375 534 623 605 ληῖανῷί.
640 534 719 586 Τά
744 534 798 585 δὲ
829 534 1117 604 παράυτῷ
1141 535 1564 606 μυθολογήματα
1588 537 1763 590 ταῦτά
1789 539 1957 600 ἐστιν,

377 627 535 680 ἅτινα
572 625 751 695 μέλλω
780 613 979 692 λέγειν’.
1011 611 1269 680 Βούλεταί
1293 645 1352 680 τε
1375 627 1468 681 καὶ
1495 629 1656 690 αὐτὸς
1679 630 1876 700 ἀρχαῖς
1899 648 1958 682 τε

375 717 470 770 καὶ
512 716 782 782 ἐξουσίαις
819 715 1154 786 προσάπτειν
1187 718 1284 788 τὴν
1316 718 1436 770 καθ’
1463 719 1610 789 ἡμᾶς
1642 718 1817 772 κτίσιν
1840 736 1853 751 ο
1882 718 1960 773 εί-

374 807 462 865 ναί
487 825 546 861 τε
582 810 640 860 ἐν
669 808 1095 878 ἀκατονομάστῳ
1125 809 1231 861 τινὶ
1261 809 1522 880 άνωτάτῳ
1543 827 1602 862 τε
1623 810 1839 882 οὐρανῷ
1864 811 1959 865 καὶ

376 898 532 951 αίῶνι
580 896 782 964 ἀγαθόν
818 914 937 950 τινα
979 897 1131 948 Θεόν.
1157 897 1260 950 Τὸν
1289 898 1345 950 δὲ
1384 898 1626 952 διάϐολον
1662 900 1776 953 υἱὸν
1820 894 1958 954 εἶναι

377 989 572 1058 φάσκει
597 986 688 1040 τοῦ
725 988 963 1058 μεγάλου
1010 989 1271 1059 ἄρχοντος
1300 989 1398 1059 τῆς
1430 990 1538 1043 τῶν
1561 991 1816 1056 ἐξουσιῶν
1863 993 1959 1045 τά·

377 1081 531 1145 ξεως,
561 1072 604 1146 ᾧ
638 1079 806 1149 ὄνομα
833 1079 1041 1133 τίθεται
1067 1079 1143 1150 πὴ
1177 1081 1275 1150 μὲν
1303 1080 1651 1145 Ἰαλδαδαὼθ,
1679 1082 1756 1152 πὴ
1783 1082 1838 1134 δὲ
1863 1083 1958 1151 Σα-

376 1169 545 1223 suae.
581 1169 783 1222 Τοῦτον
805 1170 859 1222 δὲ
887 1169 1212 1240 γεννηθέντα
1241 1171 1300 1236 ἐξ
1322 1170 1486 1224 αὑτοῦ
1509 1167 1647 1224 εἶναι
1669 1171 1791 1240 ὅφιν
1816 1189 1828 1200 ·
1851 1172 1958 1224 ἀπὸ

376 1263 433 1315 δὲ
458 1262 558 1332 τῆς
584 1262 694 1314 ἄνω
717 1261 999 1332 δυνάμεως
1024 1261 1461 1332 καταὸεὸλῆσθαι
1491 1263 1694 1334 είςοτὴν
1717 1263 1839 1334 γῆν,
1864 1264 1958 1316 καὶ

378 1353 776 1422 κατεληλυθότα
806 1354 1106 1423 ὀφιείκελον
1130 1354 1281 1418 ὅντα,
1314 1357 1392 1418 είς
1434 1349 1648 1425 οἶστρον
1695 1355 1956 1425 ἐληλακέ-

374 1462 484 1506 ναι,
515 1444 608 1496 καὶ
632 1447 696 1514 τῇ
729 1445 802 1514 Γῇ
837 1445 1094 1515 μεμίχθαι
1124 1445 1312 1517 ὥσπερ
1346 1446 1599 1515 γυναικί·
1633 1446 1724 1498 καὶ
1747 1447 1839 1498 ἀπ’
1864 1445 1961 1498 αὐ-

373 1536 468 1589 τοῦ
490 1535 582 1588 τοῦ
609 1536 917 1607 σπέρματος
945 1537 1527 1608 ἀποσπερματίσαντος
1551 1539 1650 1608 τῆς
1678 1537 1841 1607 γονῆς
1858 1537 1957 1608 τὴν

374 1628 617 1699 ἄμπελον
647 1627 1092 1698 βεδλαστηκέναι.
1122 1629 1212 1681 Διὸ
1238 1628 1302 1697 δὴ
1328 1629 1640 1700 μυθολογῶν
1669 1631 1748 1692 εἰς
1778 1629 1957 1700 παρά-

375 1735 562 1771 στασιν
583 1719 681 1788 τῆς
709 1718 887 1771 αὐτῶν
917 1719 1205 1788 ληρῳδίας,
1234 1720 1295 1771 τὸ
1317 1720 1616 1788 ὀφιείκελον
1645 1720 1744 1790 τῆς
1771 1720 1954 1790 ἀμπέ-

2065 544 2198 591 sunt
2232 537 2433 592 fabulis
2467 551 2530 590 ac
2565 536 2867 591 mendaciis
2907 535 3107 590 referta
3137 535 3391 604 dogmata
3416 553 3427 588 :
3457 533 3639 586 Mundi

2059 629 2328 699 originem
2389 629 2676 699 principiis
2714 629 2902 683 nescio
2950 628 3153 698 quibus
3186 643 3251 682 ac
3278 627 3642 698 potestatibus

2057 721 2286 789 tribuit;
2325 737 2450 777 esse
2502 737 2634 775 vero
2689 728 2948 788 praeterea
2998 735 3254 790 supremo
3298 721 3354 773 in
3399 719 3540 773 caelo
3571 735 3635 772 ac

2060 811 2285 874 saeculo,
2335 811 2482 880 quod
2525 811 2799 865 nominari
2835 825 2944 864 non
2982 816 3182 879 potest,
3216 809 3419 862 bonum
3449 823 3642 878 quem-

2060 901 2185 955 dam
2219 900 2409 957 Deum.
2442 902 2724 956 Diabolum
2776 902 2956 971 magni
2989 900 3257 970 principis
3289 899 3458 953 tilium
3491 914 3634 959 esse.

2062 990 2156 1058 qui
2205 989 2576 1059 potestatibus
2637 990 2917 1059 praesidet,
2965 989 3129 1057 cujus
3187 1003 3384 1041 nomen
3437 987 3637 1053 partim

2057 1079 2408 1146 Jaldabaoth,
2448 1083 2647 1151 partim
2701 1081 2942 1137 Sabaoth
2978 1081 3238 1151 appellat,
3281 1095 3309 1132 a
3350 1096 3458 1150 quo
3489 1081 3641 1150 geni-

2057 1181 2148 1227 tus
2181 1173 2270 1228 ille
2300 1188 2529 1243 serpens
2569 1175 2808 1243 primum
2839 1172 2976 1238 fuit;
3013 1173 3140 1227 inde
3178 1172 3246 1226 ab
3281 1172 3490 1226 caelesti
3526 1170 3644 1224 vir—

2057 1271 2173 1318 tute
2199 1264 2446 1332 dejectus
2479 1265 2534 1318 in
2573 1272 2777 1317 terram
2817 1279 2879 1317 ac
2914 1264 3196 1334 delapsus,
3234 1262 3504 1333 serpentis
3531 1262 3640 1316 for-

2062 1371 2172 1418 ma,
2220 1356 2462 1411 libidinis
2493 1355 2732 1412 stimulis
2760 1356 3001 1426 percitus
3031 1372 3154 1409 cum
3191 1355 3363 1409 Terra
3389 1371 3488 1410 ceu
3519 1372 3642 1409 mu-

2058 1447 2193 1502 liere
2239 1449 2474 1518 quadam
2513 1449 2666 1502 coiit.
2726 1447 2847 1512 Quo
2879 1463 2942 1502 ex
2983 1456 3103 1502 satu
3131 1447 3264 1501 vitis
3320 1447 3634 1517 pullulavit.

2061 1539 2215 1595 Unde
2250 1540 2318 1593 ad
2345 1539 2748 1602 conciliandam
2795 1539 2954 1608 nugis
2999 1538 3113 1592 suis
3149 1536 3333 1603 ﬁdem,
3376 1539 3639 1593 sinuosos

2055 1629 2248 1682 vitium
2287 1628 2479 1693 llexus,
2523 1643 2586 1682 ac
2635 1627 2926 1692 rotundos,
2982 1635 3036 1682 ct
3071 1628 3378 1696 cuiusmodi
3411 1643 3640 1698 serpen»

2061 1720 2198 1774 tium
2232 1719 2395 1790 spira:
2427 1729 2580 1785 sunt,
2605 1719 2884 1788 obliquos,
2923 1718 3000 1778 .ad
3040 1718 3176 1772 illud
3210 1719 3640 1790 signiﬁcandum

373 1809 466 1862 λου
503 1809 797 1881 περιφερὲς
830 1811 1119 1874 ἐκτυποῦν,
1155 1810 1326 1878 λέγων
1353 1811 1442 1863 διά
1469 1812 1528 1863 τὸ
1557 1811 1819 1881 σκαληνὸν
1857 1813 1951 1863 τοῦ

2065 1810 2331 1865 referunt.
2369 1809 2502 1863 Nam
2551 1811 2728 1864 albam
2770 1825 2903 1864 sane
2943 1811 3104 1864 vitem
3133 1811 3406 1880 serpentis
3447 1810 3640 1866 simili-

375 1901 544 1971 φυτοῦ
579 1897 718 1956 εἶναι
751 1901 884 1955 αὐτὸ
925 1901 1100 1970 ὄφεως
1128 1902 1283 1974 δίκην
1306 1921 1318 1932 ο
1357 1902 1450 1956 καὶ
1481 1902 1578 1972 τὴν
1621 1905 1718 1973 μὲν
1756 1903 1956 1975 λευκὴν

373 1989 513 2048 εἶναι
548 1993 624 2057 ὡς
655 1993 798 2063 ὄφιν,
832 1994 930 2064 τὴν
962 1992 1019 2045 δὲ
1059 1992 1321 2062 μέλαιναν
1363 1993 1436 2056 ὡς
1467 1991 1753 2063 δράκοντα.
1801 1988 1955 2046 Εἶναι

371 2086 430 2140 δὲ
467 2085 562 2139 καὶ
593 2084 692 2149 τὰς
725 2085 900 2156 ῥάγας
927 2085 1026 2154 τῆς
1053 2083 1301 2154 ἀμπέλου
1331 2082 1521 2154 ὥσπερ
1564 2081 1644 2136 ίοῦ
1685 2082 1957 2155 ῥαθάμιγ-

372 2195 492 2248 γας,
520 2177 694 2230 είτουν
725 2175 1013 2246 σταγόνας,
1036 2176 1123 2228 διὰ
1155 2167 1214 2228 τὸ
1239 2174 1570 2240 κυκλοειδές,
1606 2175 1640 2246 ἢ
1673 2176 1735 2228 τὸ
1767 2176 1954 2245 μείου-

375 2287 468 2341 ρον
501 2269 596 2322 καὶ
622 2268 856 2339 διαμφές
884 2268 1116 2322 ἑκάστου
1148 2267 1316 2338 ραγὸς
1345 2268 1801 2338 στρογγυλώσεως
1821 2287 1833 2299 ·
1863 2269 1956 2324 τὸν

371 2359 429 2414 δὲ
457 2356 598 2414 οἶνον
627 2361 692 2412 ἐκ
719 2359 822 2430 τῆς
856 2358 1168 2421 ὑποθέσεως
1199 2356 1400 2428 ταύτης
1432 2359 1559 2412 ὄντα
1591 2361 1681 2413 τὸν
1717 2359 1840 2414 νοῦν
1867 2359 1955 2413 θο-

373 2449 500 2504 λοῦν
524 2451 622 2520 τῆς
644 2448 1082 2522 ἀνθρωπότητος.
1107 2447 1219 2502 Καὶ
1250 2449 1326 2520 πὴ
1353 2450 1449 2520 μὲν
1482 2453 1562 2515 είς
1591 2450 1766 2519 θέλειν
1787 2453 1954 2523 ἀφρο-

373 2542 559 2596 δισίων
588 2544 760 2610 ἄγειν,
796 2543 871 2614 πὴ
904 2543 962 2596 δὲ
989 2546 1067 2608 είς
1091 2540 1308 2614 οἶστρον
1333 2543 1567 2613 ἐγείρειν
1588 2559 1602 2572 °
1633 2542 1666 2613 ἢ
1692 2543 1738 2596 δ’
1759 2539 1826 2596 αὖ
1852 2542 1956 2596 πά-

372 2634 455 2687 λιν
499 2635 668 2705 ὀργὴν
694 2635 943 2704 ἐμποιεῖν
978 2635 1066 2687 διά
1107 2636 1169 2688 τὸ
1214 2633 1554 2705 κεπφοῦσθαι
1582 2635 1642 2688 τὸ
1685 2633 1843 2705 σῶμα
1889 2637 1953 2687 ἐκ

372 2725 470 2795 τῆς
498 2725 605 2778 ἀπὸ
626 2724 718 2778 τοῦ
748 2725 890 2778 οἴνου
913 2725 1215 2797 δυνάμεως,
1239 2723 1446 2779 καὶτοῦ
1474 2724 1553 2778 ίοῦ
1582 2723 1676 2777 τοῦ
1705 2741 1955 2796 προειρη-

378 2817 538 2888 μένου
568 2816 1050 2889 δράκοντος.Ὅθεν
1089 2817 1386 2887 ἀπέχονται
1418 2817 1562 2871 οἴνου
1597 2817 1876 2877 παντελῶς
1905 2818 1954 2870 οἱ

373 2925 604 2962 τοιουτοι
613 2953 624 2964 .

445 3023 519 3074 B'.
545 3020 832 3080 ,Φάσκουσι
860 3019 917 3073 δὲ
948 3019 1042 3073 καὶ
1081 3018 1181 3089 τὴν
1213 3021 1446 3088 γυναῖκα
1493 3015 1636 3073 εἶναι
1669 3018 1829 3091 ἔργον
1860 3019 1952 3074 τοῦ

2061 1901 2305 1956 tudinem
2335 1902 2674 1971 exprimere;
2707 1901 2918 1971 nigram
2952 1901 3241 1966 draconis;
3266 1901 3458 1956 acinos
3475 1916 3643 1971 porro

2059 2002 2322 2064 tanquam
2365 1993 2561 2049 veneni
2609 1999 2797 2063 guttas
2855 2007 2921 2046 ac
2973 1993 3153 2047 stillas
3209 2008 3356 2056 esse,
3415 2002 3641 2063 propter

2058 2086 2474 2146 rotunditatem.
2531 2099 2598 2140 ac
2651 2085 2990 2155 singulorum
3029 2085 3374 2150 discrimina,
3407 2086 3544 2140 adeo
3579 2091 3641 2139 ut

2057 2178 2290 2232 orbiculi
2335 2177 2436 2245 ipsi
2469 2191 2499 2230 a
2537 2192 2597 2232 se
2635 2178 2870 2232 invicem
2913 2179 3089 2234 avulsi
3134 2179 3484 2248 separatione
3521 2193 3644 2233 cer-

2058 2276 2281 2322 nantur.
2337 2267 2700 2338 lndidemque
2742 2276 2797 2323 et
2845 2268 3036 2321 vinum
3089 2268 3373 2323 hominum
3425 2279 3643 2340 pertur-

2056 2359 2186 2414 bare
2217 2365 2424 2414 mentes
2457 2375 2522 2413 ac
2554 2361 2752 2429 partim
2783 2358 3000 2414 veneris
3033 2359 3287 2414 illecebra
3337 2361 3638 2425 concitare,

2057 2451 2256 2520 partim
2295 2449 2502 2504 furoris
2534 2451 2747 2521 agitare
2776 2450 3035 2514 stimulis,
3070 2451 3268 2520 partim
3301 2451 3536 2520 denique
3569 2451 3637 2506 ad

2054 2541 2394 2596 iracundiam
2446 2556 2789 2611 provocare;
2853 2541 3000 2610 quod
3059 2557 3124 2596 ea
3173 2541 3281 2594 vini
3309 2541 3380 2605 vi,
3416 2541 3523 2594 hoc
3552 2549 3637 2596 est

2058 2631 2318 2687 draconis
2343 2632 2494 2688 illius
2524 2647 2755 2697 veneno,
2793 2633 2909 2688 leve
2981 2633 3073 2686 liat
3109 2631 3475 2703 eﬂeraturque
3510 2649 3637 2688 cor-

2057 2737 2180 2792 pus.
2211 2721 2385 2788 Quam
2416 2722 2486 2776 ob
2514 2736 2738 2776 causam
2771 2722 2864 2792 qui
2895 2722 3038 2775 hanc
3080 2731 3288 2776 sectam
3317 2721 3639 2788 proﬁtentur

2056 2813 2124 2867 ab
2149 2814 2296 2867 omni
2327 2828 2431 2867 usu
2465 2812 2575 2868 vini
2609 2812 2828 2883 penitus
2863 2813 3165 2866 abstinent.

2127 3008 2192 3064 ll.
2235 3006 2514 3062 Mulierem
2553 3016 2812 3077 praeterea
2853 3004 3068 3060 Satanae
3096 3019 3234 3074 opus
3273 3019 3395 3059 esse
3423 3004 3637 3069 dicunt,

374 3113 608 3176 Σατανᾶ,
645 3111 898 3182 καθάπερ
929 3111 1024 3164 καὶ
1052 3113 1102 3164 οἱ
1127 3113 1468 3183 Ἀρχοντικοὶ
1511 3112 1666 3166 τοῦτο
1704 3113 1910 3182 ἔφασαν
1936 3131 1949 3144 ·

2060 3103 2110 3158 id
2137 3103 2284 3174 quod
2320 3112 2372 3158 et
2391 3100 2738 3156 Archonticis
2764 3099 2965 3168 placuit
2991 3116 3003 3152 :
3032 3097 3442 3168 389ideoqne
3461 3100 3550 3168 qui
3579 3115 3641 3155 se

373 3200 455 3254 διὸ
498 3203 624 3263 τοὺς
669 3201 832 3271 γάμῳ
872 3199 1292 3270 πλησιάζοντας,
1327 3200 1422 3254 τοῦ
1467 3201 1682 3254 Σατανᾶ
1712 3203 1772 3255 τὸ
1798 3202 1956 3273 ἔργον

377 3291 617 3364 πληροῦν
663 3292 931 3360 λέγουσιν.
951 3291 1109 3346 Ἀλλά
1142 3293 1236 3345 καὶ
1280 3292 1373 3344 τοῦ
1420 3291 1708 3364 ἀνθρώπου
1753 3291 1812 3346 τὸ
1860 3293 1960 3363 μὲν

374 3383 546 3454 ἥμισυ
575 3378 710 3435 εἶναι
734 3382 826 3434 τοῦ
862 3382 1018 3446 Θεοῦ,
1053 3382 1113 3435 τὸ
1139 3382 1196 3435 δὲ
1228 3383 1399 3452 ἥμισυ
1427 3382 1520 3435 τοῦ
1550 3382 1820 3435 διαϐόλου.
1839 3383 1957 3434 Ἀπ’

268 3526 272 3530 .
374 3474 618 3546 ὀμφαλοῦ
647 3476 756 3546 γὰρ
785 3475 881 3528 καὶ
914 3475 1174 3530 ἀνωτάτω
1212 3471 1353 3529 εῖναι
1391 3475 1491 3545 τῆς
1523 3474 1615 3528 τοῦ
1641 3474 1776 3528 Θεοῦ
1809 3475 1960 3527 δυνά-

379 3583 525 3638 μεως
557 3565 705 3634 λέγει
749 3566 848 3637 τὴν
898 3565 1094 3619 πλάσιν
1117 3581 1129 3595 ·
1159 3566 1267 3618 ἀπὸ
1295 3565 1351 3618 δέ
1376 3563 1620 3635 ὀμφαλοῦ
1661 3567 1756 3617 καὶ
1789 3581 1960 3617 κατω-

374 3654 545 3720 τάτω,
574 3655 672 3724 τῆς
697 3657 938 3728 πονηρᾶς
969 3655 1216 3720 ἐξουσίας
1243 3655 1341 3725 τὴν
1358 3655 1575 3708 πλάσιν.
1602 3654 1800 3724 Διόπερ
1825 3654 1957 3740 φησὶ

376 3745 554 3799 πάντα
579 3745 700 3799 καθ’
725 3747 914 3817 ἡδονὴν
937 3747 1030 3798 καὶ
1055 3743 1270 3818 οἶστρον
1298 3746 1392 3799 καὶ
1421 3746 1716 3815 ἐπιθυμίαν
1745 3747 1840 3799 ἀπ’
1864 3747 1957 3816 ὀμ-

293 3901 300 3907 _
377 3835 546 3906 ιεαλοῦ
579 3835 674 3890 καὶ
704 3838 1001 3891 κατωτάτω
1024 3837 1288 3905 γίνεσθαι.
1308 3836 1467 3890 Ἀλλά
1489 3837 1580 3890 καὶ
1609 3837 1666 3889 αἱ
1695 3836 1849 3891 ἄλλαι
1877 3837 1959 3890 αί-

378 3926 558 3996 ρέσεῒς
586 3925 742 3978 τοῦτο
763 3926 968 3995 ἔφασαν
1003 3924 1158 3981 εἶναι.

449 4038 611 4092 Ὅθεν
634 4039 729 4092 καὶ
752 4033 915 4103 ,οὗτος
935 4039 1220 4094 ἁλίσκεται
1238 4039 1380 4094 κατά
1407 4040 1584 4096 πάντα
1618 4041 1814 4114 τρόπον
1840 4045 1952 4105 τοῖς

377 4129 557 4194 ἄλλοις
584 4131 965 4186 ἐπακολουθῶν
993 4131 1280 4204 ἀγύρταις,
1310 4134 1423 4196 τοῖς
1455 4133 1522 4186 τά
1545 4133 1844 4205 δηλητηρια
1875 4134 1952 4206 τῷ

379 4219 477 4290 βίῳ
521 4223 1014 4278 κατασκευάσασιν.
1071 4225 1541 4295 Ἀνατραπήσεται
1580 4225 1949 4297 γὰρ’ραδίως.

377 4312 454 4364 Οὐ
477 4311 584 4383 γὰρ
618 4312 811 4366 πολλοῦ
845 4314 1260 4386 ἐπιδεηθήσεται
1290 4315 1539 4386 καμάτου
1563 4318 1597 4387 ὴ
1621 4317 1756 4387 πρὸς
1789 4317 1953 4372 αὐτὸν

375 4402 674 4475 ἀνατροπὴ.
719 4403 880 4458 ’Όλον
919 4405 1024 4476 γὰρ
1066 4404 1128 4458 τὸ
1175 4405 1334 4477 σῶμα
1363 4407 1812 4480 συγκεκραμένον
1839 4411 1952 4471 τοῖς

2061 3197 2268 3268 nuptiis
2321 3197 2601 3266 copulant,
2657 3192 2873 3248 Satana:
2918 3207 3056 3259 opus
3102 3190 3382 3260 perﬁcere.
3421 3191 3536 3246 lmo
3583 3201 3638 3247 et

2062 3286 2302 3341 hominis
2337 3286 2567 3339 alteram
2605 3291 2813 3352 partem
2849 3279 2966 3344 Dei,
2997 3280 3225 3337 alteram
3264 3279 3468 3334 diaboli
3514 3296 3638 3336 esse

2061 3377 2412 3432 conﬁrmant.
2447 3373 2583 3428 Nam
2611 3372 2757 3441 quod
2799 3371 2868 3425 ab
2915 3370 3172 3423 umbilico
3211 3384 3430 3424 sursum
3462 3370 3640 3438 porri-

2062 3471 2228 3541 gitur,
2263 3468 2461 3522 divinze
2498 3464 2799 3520 molitionts
2834 3476 2998 3528 esse;
3065 3460 3210 3532 quod
3251 3459 3392 3513 infra
3417 3460 3638 3515 umbili—

2060 3577 2207 3625 cum,
2241 3574 2270 3612 a
2305 3558 2450 3612 mala
2482 3563 2758 3627 potestate
2808 3552 3090 3608 conditum
3141 3559 3412 3607 statuunt.
3461 3550 3543 3606 Ob
3585 3552 3638 3606 id

2059 3649 2338 3719 inquiunt,
2393 3647 2738 3715 voluptatum
2792 3641 3130 3698 titillationes
3186 3657 3376 3696 omnes
3408 3657 3472 3696 ac
3523 3643 3642 3697 libi-

2058 3742 2217 3798 dines
2281 3740 2350 3794 ab
2415 3739 2676 3792 umbilico
2737 3743 2916 3804 atque,
2959 3732 3315 3788 inferioribus
3389 3733 3638 3802 partibus

2057 3833 2389 3888 excitantur.
2457 3829 2602 3883 Idem
2669 3836 2723 3883 et
2797 3827 3030 3880 aliarum
3091 3824 3372 3879 haereseon
3437 3824 3637 3896 dogma

2057 3924 2177 3978 fuit.

2127 4033 2203 4087 Ex
2243 4047 2350 4102 quo
2395 4030 2565 4099 liquet
2596 4027 2734 4081 nihil
2763 4026 2909 4081 hunc
2943 4026 3049 4082 nisi
3086 4026 3372 4097 planorum
3405 4035 3634 4082 caetero-

2053 4142 2175 4184 rum
2205 4122 2491 4179 inlimsisse
2519 4117 2797 4189 vestigiis,
2837 4117 2930 4187 qui
2963 4118 3271 4187 perniciosa
3303 4131 3368 4172 ac
3419 4117 3634 4174 letifera

2052 4233 2259 4272 venena
2318 4217 2372 4270 in
2408 4216 2698 4270 hominum
2751 4231 2922 4286 genus
2975 4217 3303 4273 cﬂ’uderunt.
3342 4216 3444 4272 Sed
3485 4218 3636 4273 nullo

2053 4309 2213 4378 plane
2250 4308 2503 4378 negotio,
2550 4321 2651 4361 nec
2685 4323 2918 4377 operoso
2953 4309 3242 4365 admodum
3289 4311 3472 4366 labore
3500 4326 3634 4366 con-

2055 4398 2338 4454 futabitur.
2379 4399 2593 4470 Corpus
2635 4398 2781 4454 enim
2827 4402 3147 4456 universum
3201 4417 3266 4456 ex
3317 4401 3388 4456 iis
3431 4416 3553 4472 quae
3603 4417 3635 4455 a

376 4492 558 4557 καλῶς
583 4495 642 4547 ἐν
671 4495 816 4566 αὐτῷ
838 4495 1118 4565 γεγονόσιν
1149 4497 1216 4548 ἐκ
1246 4495 1403 4562 Θεοῦ,
1429 4498 1574 4568 φημὶ
1595 4498 1653 4551 δὲ
1681 4499 1942 4569 ὀρέξεσιν,

2060 4491 2161 4546 Deo
2191 4499 2340 4547 recte
2383 4490 2647 4548 fabricata
2678 4501 2842 4557 sunt,
2872 4493 2976 4549 boc
3022 4503 3128 4559 est,
3175 4493 3519 4549 naturalibus
3549 4503 3635 4550 est

375 4584 436 4636 οὐ
462 4584 530 4636 δι’
558 4584 790 4638 ἀτοπίαν
825 4589 890 4639 ἐκ
915 4585 1051 4640 Θεοῦ
1075 4585 1419 4657 γενομέναις,
1451 4587 1587 4640 ἀλλὰ
1624 4587 1716 4643 διὰ
1753 4591 1951 4660 χρῆσιν

374 4674 585 4746 ἀγαθὴν
637 4677 729 4729 καὶ
782 4678 1087 4746 ἀναγκαίας
1135 4678 1324 4750 χρείας
1361 4677 1514 4745 τάξιν
1537 4695 1552 4710 ο
1587 4679 1732 4750 λέγω
1778 4682 1836 4736 δὲ
1890 4683 1953 4736 τὸ

374 4765 664 4837 ὀρέγεσθαι
710 4767 902 4833 ῦπνου,
949 4769 1192 4840 βρωτῶν,
1228 4770 1491 4840 πόματος,
1533 4773 1818 4836 ἐνδύσεως,
1859 4775 1953 4828 καὶ

375 4856 482 4911 τῶν
507 4858 682 4913 ἄλλων
713 4860 927 4914 πάντων
948 4861 1054 4914 τῶν
1077 4862 1156 4925 είς
1188 4861 1256 4916 τὰ
1280 4863 1388 4918 ἴδια
1420 4864 1516 4918 καὶ
1536 4856 1654 4935 Θεῷ
1682 4867 1953 4937 εὐάρεστα

374 4945 506 5015 ἡμῖν
529 4947 922 5017 συμϐαίνονταο
951 4951 1027 5012 ὡς
1052 4952 1144 5004 καὶ
1171 4951 1340 5022 αὐτὴν
1364 4953 1461 5025 τὴν
1490 4953 1667 5027 ὄρεξιν
1692 4958 1789 5028 τῆς
1812 4940 1950 5012 κατά

374 5033 433 5086 τὸ
489 5034 650 5106 σῶμα
703 5037 1000 5109 ἐπιθυμίας
1040 5040 1142 5093 οὐκ
1200 5040 1398 5095 ἄτοπον
1437 5039 1604 5098 οὖσαν
1667 5048 1949 5118 παραστή-

375 5125 525 5194 σαιμ’
565 5126 650 5180 ἀν.
689 5128 844 5181 Ἐστι
874 5127 983 5198 γὰρ
1015 5128 1150 5199 πρὸς
1178 5130 1521 5185 παιδοποιίαν
1559 5133 1618 5186 ἐν
1657 5133 1947 5205 σεμνότητι

373 5214 604 5279 δοθεῖσα,
637 5219 729 5271 καὶ
777 5221 855 5282 είς
904 5217 1062 5283 δόξαν
1095 5219 1189 5272 τοῦ
1238 5223 1561 5293 ποιήσαντος
1612 5224 1680 5276 τὰ
1741 5225 1945 5290 πάντα,

373 5303 625 5376 καθάπερ
658 5309 722 5378 τῇ
758 5310 828 5378 γῇ
857 5307 924 5359 τὰ
972 5307 1260 5378 σπέρματα
1289 5311 1368 5372 είς
1414 5309 1664 5380 ἐπίχυσιν
1701 5313 1945 5384 πλήθους

371 5396 478 5448 τῶν
525 5397 629 5448 ὑπὸ
676 5397 810 5450 Θεοῦ
857 5398 1189 5469 ἐκτισμένων
1243 5399 1424 5454 καλῶν
1477 5403 1832 5473 γεννημάτων
1883 5405 1945 5457 τέ

371 5502 515 5554 φημι
563 5487 656 5540 καὶ
700 5487 1035 5560 ἀκροδρύων.
1071 5487 1257 5553 Οὕτως
1305 5491 1400 5544 καὶ
1443 5493 1509 5563 τῇ
1565 5492 1942 5565 ἀνθρωπότητι

444 5684 458 5714 ³
496 5681 622 5737 For.
673 5684 856 5739 Ἀπελλ
867 5687 936 5742 εἰ.

2055 4582 2486 4653 appetitionibus
2523 4583 2814 4639 conﬂatum
2848 4603 2864 4640 :
2899 4600 3038 4656 quas
3068 4601 3177 4639 non
3204 4585 3504 4642 absurdum
3535 4587 3636 4641 ali-

2053 4688 2216 4743 quem
2255 4673 2323 4728 ad
2349 4689 2531 4738 usum,
2556 4674 2653 4729 sed
2677 4675 2965 4730 honestum
2995 4690 3062 4728 ac
3087 4676 3460 4730 necessarium
3490 4674 3636 4732 Deus

2053 4761 2287 4820 indidit.
2325 4763 2582 4816 nimirum
2617 4770 2677 4816 ut
2716 4773 2770 4817 et
2801 4779 3054 4818 somnum
3092 4774 3444 4834 appetamus,
3474 4772 3528 4820 et
3553 4766 3633 4820 ci-

2055 4852 2183 4908 bum
2203 4893 2218 4918 ,
2251 4869 2314 4908 ac
2339 4861 2523 4923 potum
2544 4895 2558 4916 ,
2590 4855 2878 4918 vestitum,
2907 4870 2970 4910 ac
2994 4863 3220 4911 caeteras
3249 4857 3632 4926 opportunita-

2058 4956 2160 5011 tes,
2179 4963 2300 5017 qua:
2320 4948 2536 5018 quidem
2553 4947 2663 5003 Deo
2687 4947 2827 5002 haud
2848 4948 3073 5017 ingratae
3094 4949 3252 5004 nobis
3272 4950 3628 5016 usuveniunt,

2057 5035 2194 5090 adeo
2225 5044 2284 5090 ut
2311 5036 2394 5092 vel
2429 5036 2602 5106 ipsam
2630 5051 2660 5089 a
2698 5036 2910 5091 ratione
2942 5038 3168 5094 minime
3210 5039 3508 5095 abhorrere
3539 5055 3632 5112 ve-

2057 5128 2203 5183 neris
2237 5128 2587 5198 cupiditatem
2618 5127 2992 5184 demonstrare
3029 5130 3210 5185 liceat.
3247 5130 3341 5186 Est
3383 5131 3529 5185 enim
3563 5131 3629 5184 ad

2052 5221 2340 5276 honestam
2390 5222 2596 5276 sobolis
2651 5223 3100 5294 propagationem
3146 5229 3200 5278 et
3224 5222 3290 5277 ad
3320 5222 3632 5278 Conditoris

2051 5313 2296 5367 omnium
2346 5313 2512 5370 decus
2542 5323 2594 5370 et
2635 5315 2896 5370 honorem
2937 5330 3202 5371 concessa
3228 5357 3244 5382 ,
3276 5314 3632 5385 quemadmo-

2051 5401 2181 5456 dum
2214 5405 2419 5459 semina
2449 5405 2516 5459 ad
2555 5421 2743 5460 eorum
2775 5405 3042 5460 bonorum
3073 5420 3196 5475 quae
3225 5405 3368 5460 Deus
3393 5403 3627 5466 creavit,

2051 5499 2353 5566 germinum
2392 5498 2646 5554 videlicet
2680 5513 2744 5554 ac
2787 5497 3062 5553 fructuum
3091 5499 3394 5554 ubertatem
3445 5509 3509 5551 ac
3539 5509 3634 5551 co-
