3918 6150
390 315 496 372 835

1810 316 1868 373 S.
1906 317 1977 373 EF

2086 318 2248 374 IAN"
3553 337 3642 394 εδδ

389 424 538 495 piam
592 423 838 479 instituta
887 429 1035 477 sunt.
1094 422 1187 480 Sic
1234 422 1475 478 humano
1510 424 1694 495 generi
1746 427 1815 481 ad
1850 428 1977 482 illud

2088 432 2166 494 εἰς
2199 430 2260 484 τὸ
2287 430 2574 501 πληρῶσαι
2605 432 2687 497 τὸ,
2723 435 3094 505 Αὺξάνεσθε,
3130 437 3227 492 καὶ
3259 444 3631 513 πληθύνεσθε,

394 516 758 587 praestandum
796 513 1104 578 :Crescite,
1142 524 1191 571 et
1235 517 1698 587 multiplicamini,
1722 529 1771 573 et
1798 521 1989 581 replete

394 607 652 672 terram‘,
688 606 888 662 infiniti
929 619 1058 664 sunt
1086 609 1164 663 illi
1195 611 1496 680 voluptatis
1534 611 1736 665 aculei.

462 698 730 755 Caeterum
778 700 1109 771 apocryphis
1155 702 1484 771 quibusdam
1542 702 1696 758 libris
1748 702 1827 756 uti
1868 702 1989 758 illos

389 794 733 861 accepimus;
775 806 839 846 ac
880 795 1079 863 partim
1114 794 1280 849 etiam
1310 796 1546 865 publicis
1594 810 1659 849 ac
1710 797 1985 864 receptis,

389 897 453 937 ex
492 883 694 953 quibus
723 899 787 940 ea
822 886 940 941 sola
987 883 1265 956 deligunt,
1308 902 1429 957 qua:
1468 902 1568 957 pro
1600 886 1768 940 animi
1796 886 1881 942 sui
1916 886 1985 940 li-

391 974 579 1030 bidine
626 983 965 1030 commutata
999 977 1416 1048 adulterataque
1448 977 1771 1047 dcpravant.
1800 975 1989 1031 Enim-

389 1079 523 1119 vero
559 1065 687 1119 vitis
732 1080 1079 1137 nequaquam
1109 1075 1192 1122 est
1222 1082 1252 1123 e
1283 1067 1501 1122 diabolo
1536 1068 1746 1122 consita
1767 1108 1781 1134 ,
1810 1080 1988 1138 neque

388 1171 456 1210 ex
507 1158 780 1226 serpentis
843 1158 1054 1212 semine
1097 1168 1428 1228 procreata,
1477 1159 1553 1213 uti
1609 1158 1771 1213 facile
1806 1159 1987 1228 quivis

389 1247 662 1317 intelligit.
706 1246 812 1313 Qui
849 1249 994 1302 enim
1032 1247 1144 1302 ﬁeri
1189 1258 1372 1318 posset
1423 1248 1603 1312 istud,
1647 1264 1773 1301 cum
1804 1255 1988 1318 aperte

390 1333 645 1389 Salvator
684 1338 802 1405 ipse
835 1335 1111 1389 contraria
1142 1337 1326 1389 omnia
1367 1342 1597 1390 testetur
1639 1335 1708 1389 iis
1754 1336 1934 1390 verbis
1968 1354 1981 1391 :

389 1423 514 1478 Non
545 1425 719 1478 bibam
741 1426 838 1479 hoc
872 1427 935 1479 de
967 1427 1230 1495 genimine
1264 1426 1384 1479 vitis
1418 1426 1604 1490 istius,
1629 1424 1790 1480 donec
1811 1424 1987 1479 bibam

385 1517 522 1571 illud
557 1533 747 1571 novum
780 1517 833 1570 in
870 1533 1027 1587 regno
1045 1516 1295 1571 caelorum
1324 1518 1365 1570 ³.
1403 1515 1465 1568 Et
1500 1518 1758 1586 quoniam
1781 1517 2003 1577 veritas.

386 1622 517 1662 suos
556 1609 756 1676 ubique
799 1607 986 1662 radios
1048 1605 1381 1672 diffundens,
1413 1621 1512 1675 pro
1544 1620 1608 1660 ea
1647 1622 1809 1676 quam
1843 1604 1985 1661 Deus

383 1697 549 1753 habet
574 1699 978 1753 imminentium
1008 1699 1279 1751 malorum
1307 1698 1523 1761 notitia,
1544 1712 1827 1753 sermones
1852 1712 1984 1754 suos

2095 522 2189 577 καὶ
2223 522 2580 591 πληρώσατε
2602 523 2719 593 τὴν
2752 525 2891 597 γῆν.

2161 704 2471 778 Κέχρηνται
2498 706 2555 760 δὲ
2580 708 2631 760 οί
2656 706 2891 762 τοιοῦτοι
2918 709 3013 762 καὶ
3041 709 3381 781 ἀποκρύφοις
3402 713 3552 781 τισὶν,
3573 716 3637 779 ὥς

2089 797 2445 867 ἀκηκόαμεν
2480 797 2617 852 ἀλλὰ
2656 799 2749 852 καὶ
2786 800 2845 851 ἐν
2878 799 3035 871 μέρει
3064 803 3188 865 ταῖς
3220 804 3405 873 ῥηταῖς
3441 805 3633 876 βίϐλοις,

2087 888 2482 961 λεξιθηρῶντες
2534 892 2720 943 ἐκεῖνα
2787 892 2923 960 μόνα
2950 933 2965 957 ,
3026 894 3185 948 ἅτινα
3233 894 3370 949 κατᾶ
3410 898 3492 951 τὸν
3532 894 3636 952 νοῦν

2089 982 2269 1036 αὑτῶν
2310 982 2757 1054 παραπλέκοντες
2786 982 2989 1054 ἑτέρως
3019 985 3501 1057 μεταχειρίζονται.
3521 988 3636 1043 Οὔτε

2088 1073 2263 1146 γὰρὴ
2320 1073 2565 1144 ἄμπελος
2621 1076 2686 1126 ἐκ
2736 1073 2986 1127 διαϐόλου
3033 1075 3393 1144 πεφύτευται,
3440 1077 3551 1131 οὔτε
3588 1080 3636 1145 ἐξ

2087 1165 2264 1235 ὄφεως
2315 1166 2439 1236 ἔσχε
2479 1165 2577 1236 τὴν
2611 1167 2843 1236 σποράν,
2891 1165 2967 1230 ὡς
3007 1171 3169 1219 παντί
3213 1185 3293 1239 τῳ
3324 1168 3476 1241 δῆλόν
3520 1172 3632 1225 ἐστι.

2089 1258 2214 1321 Πῶς
2246 1258 2355 1329 γάρ
2402 1259 2517 1310 ἐστι
2566 1257 2755 1321 τοῦτο;
2789 1256 2954 1310 αὑτοῦ
2999 1256 3094 1311 τοῦ
3129 1259 3336 1331 Κυρίου
3369 1264 3637 1332 ἐπιμαρτυ-

2090 1347 2329 1419 ροῦντος,
2363 1348 2457 1401 καὶ
2482 1346 2759 1415 λέγοντος,
2785 1347 2973 1401 ὅτιού
2997 1345 3085 1415 μὴ
3130 1348 3244 1400 πίω
3293 1348 3360 1401 ἐκ
3399 1349 3498 1403 τοῦ
3526 1366 3637 1418 τεν-

2086 1440 2351 1509 νήματος
2374 1429 2491 1506 τῆς
2540 1436 2813 1501 ἀμπέλου
2857 1437 3096 1504 ταύτης,
3130 1436 3242 1502 ἕως
3272 1437 3350 1491 ἂν
3383 1441 3489 1492 πίω
3514 1439 3635 1494 αὐτὸ

2087 1530 2299 1587 καινὸν
2324 1530 2454 1600 μεθ’
2490 1527 2658 1598 ὑμῶν
2693 1529 2764 1583 ἐν
2793 1528 3189 1598 τῇ”,ϐασιλείᾳ
3219 1529 3341 1584 τῶν
3376 1530 3633 1599 οὐρανῶν.

2045 1622 2062 1635 ⁸
2087 1623 2197 1676 Καὶ
2227 1620 2416 1692 ἐπειδὴ
2447 1620 2480 1690 ἡ
2511 1617 2760 1688 ἀλήθεια,
2783 1616 2883 1680 τὰς
2919 1617 3118 1681 ἑαυτῆς
3150 1617 3376 1680 ἀκτῖνας
3414 1617 3637 1670 ἀποστίλ-

2087 1714 2259 1767 ϐουσα
2297 1713 2378 1773 είς
2432 1710 2493 1762 τὸ
2542 1706 2804 1771 παντελὲς
2845 1705 2987 1760 κατὰ
3034 1706 3341 1776 πρόγνωσιν
3389 1704 3515 1759 Θεοῦ
3548 1705 3635 1759 τῶν

383 1791 451 1844 ad
483 1790 891 1844 convincendos
913 1804 1130 1844 errores
1149 1790 1605 1853 accommodavit,
1624 1789 1751 1846 inde
1778 1790 1977 1845 factum

2085 1802 2500 1874 ἐπιφερομένων
2540 1798 2761 1861 κακῶν,
2810 1798 2890 1860 εἰς
2923 1796 3144 1867 ἔλεγχον
3190 1795 3493 1867 προετύπου
3531 1798 3636 1862 τοὺς

382 1883 547 1953 390
567 1884 892 1952 est,passim
924 1891 983 1935 ut
1014 1898 1186 1938 sacra:
1208 1881 1429 1935 Littera:
1443 1897 1634 1936 eorum
1667 1883 1760 1952 qui
1786 1892 1980 1938 contra

382 1975 666 2028 veritatem
691 1978 1037 2044 insurgerent
1059 1988 1313 2029 occasum
1334 1982 1497 2044 atque
1532 1975 1814 2030 interitum
1846 1991 1984 2046 pra:-

382 2064 641 2120 dixcrint.
676 2062 768 2119 Sic
797 2066 940 2119 enim
975 2074 1164 2136 aperte
1187 2066 1425 2135 quodam
1455 2066 1510 2119 in
1534 2065 1655 2120 loco
1688 2066 1976 2140 Dominus,

385 2171 442 2216 ut
470 2161 739 2217 infelicem
766 2162 917 2217 illum
942 2173 995 2218 et
1017 2166 1373 2234 impostorem
1402 2163 1666 2223 Severum
1699 2176 1978 2237 argueret,

380 2254 547 2309 vitem
590 2270 649 2310 se
692 2270 816 2310 esse
853 2257 1194 2325 pronuntiat.
1238 2255 1351 2327 Ego
1403 2275 1555 2326 sum,
1601 2258 1814 2328 inquit,
1856 2259 1978 2312 vitis

381 2362 502 2402 vera
535 2347 576 2401 ⁸.
611 2347 779 2417 Atqui
817 2349 861 2404 si
891 2350 1253 2419 vituperanda
1281 2366 1510 2420 prorsus
1542 2351 1669 2407 vitis
1700 2358 1846 2407 esset
1875 2366 1977 2423 ap-

381 2439 621 2510 pellatio,
658 2456 936 2511 nunquam
964 2442 1129 2511 hujus
1165 2442 1231 2496 ad
1265 2458 1323 2498 se
1356 2443 1768 2498 similitudinem
1807 2450 1987 2498 trans-

380 2528 583 2584 ferret.‘
638 2529 782 2595 Quin
812 2539 867 2585 et
899 2532 1135 2601 apostoli
1171 2532 1224 2585 in
1258 2547 1323 2586 eo
1352 2532 1489 2587 libro
1510 2572 1525 2597 ,
1553 2533 1645 2603 qui
1672 2532 1975 2599 Διάταξις,

381 2620 485 2676 hoc
514 2630 597 2677 est
635 2620 953 2677 Conslilutia
987 2631 1235 2690 vocatur,
1277 2624 1367 2677 Dei
1402 2625 1625 2694 stirpem
1658 2639 1722 2679 ac
1750 2626 1965 2679 vineam

381 2728 505 2767 esse
556 2714 881 2768 catholicam
931 2714 1232 2769 Ecclesiam
1269 2714 1527 2786 produnt.
1571 2714 1667 2779 Et,
1697 2716 1839 2785 quod
1862 2731 1979 2770 am-

381 2803 527 2870 plius
554 2811 637 2857 est
659 2840 674 2866 ,
718 2801 982 2861 Dominus
1012 2805 1129 2875 ipse
1165 2819 1384 2859 rursum
1416 2806 1472 2859 in
1506 2803 1800 2876 Evangelio
1834 2806 1975 2859 idem

378 2896 684 2966 expressit,
719 2895 811 2951 ubi
843 2895 989 2949 illam
1040 2897 1216 2952 vineae
1273 2898 1589 2969 paraliolam
1640 2899 1973 2969 proposuit:

379 2985 553 3041 Homo
609 2986 831 3058 quidam
884 2986 1290 3056 paterfamilias
1340 2988 1576 3042 habebat
1620 2990 1837 3044 vineam
1869 3007 1883 3043 :
1920 2997 1975 3042 et.

378 3079 580 3135 locavit
620 3080 767 3133 illam
803 3080 1088 3150 agricolis;
1122 3088 1176 3135 et
1209 3080 1656 3151 misitquazrens
1700 3079 1971 3144 fructum,

377 3178 432 3223 et
478 3185 587 3223 non
632 3169 905 3225 dederunt
934 3169 975 3222 ⁵⁵.
1028 3168 1158 3224 Item
1198 3189 1211 3223 :
1247 3168 1421 3223 Homo
1469 3169 1691 3240 quidam
1740 3152 2047 3240 paterfa-C

377 3262 561 3317 mitias
608 3262 817 3316 habens
868 3262 1082 3315 vineam
1117 3261 1252 3316 exiit
1305 3277 1556 3331 quaerens
1607 3262 1890 3333 operarios
1919 3262 1973 3315 in

379 3352 595 3407 vineam
627 3370 642 3408 :
677 3360 731 3407 et
759 3353 908 3407 circa
961 3354 1180 3407 tertiam
1240 3353 1431 3408 horam
1455 3395 1470 3420 ,
1525 3364 1578 3409 et
1615 3365 1867 3419 sextam,
1920 3363 1974 3409 et

379 3460 619 3513 nonam,
665 3452 721 3500 et
774 3446 1116 3499 undecimam
1146 3444 1194 3496 ³.
1235 3443 1304 3499 Ut
1341 3461 1409 3500 ex
1445 3446 1593 3499 omni
1631 3453 1786 3516 parte
1834 3444 1973 3498 vafri

322 3582 325 3587 λ
380 3535 615 3591 hominis
650 3535 800 3591 fraus
830 3542 884 3590 et
935 3534 1260 3605 improbitas
1290 3536 1538 3591 veritatis
1572 3536 1820 3590 oratione
1846 3549 1975 3590 sau-

375 3631 573 3685 cictur.
616 3629 751 3684 Nam
791 3639 852 3684 ut
902 3630 1130 3685 absente
1185 3631 1305 3686 luce
1348 3638 1630 3701 utcunque
1674 3639 1975 3701 appareant

374 3723 650 3788 tenebrae,
702 3723 1034 3791 simulatque
1077 3721 1159 3776 vel
1200 3721 1427 3775 minima
1483 3720 1721 3775 scintilla
1770 3721 1975 3774 micare

374 3814 624 3882 cmperit,
657 3823 993 3868 evanescunt
1022 3812 1129 3866 illae
1174 3813 1436 3866 continuo
1460 3851 1474 3874 ,
1513 3812 1847 3882 penitusque
1867 3811 1976 3866 dis-

375 3906 645 3976 sipantur.
698 3906 810 3977 Ego
845 3921 972 3961 vero
1010 3905 1132 3960 ideo
1176 3905 1365 3960 leviter
1393 3904 1537 3958 hanc
1573 3904 1821 3959 haeresim
1849 3918 1975 3974 per-

375 4002 555 4065 curri,
591 4000 737 4070 quod
765 4015 921 4064 cum;
949 4008 1005 4053 ut
1042 3998 1204 4052 initio
1233 3998 1423 4052 mortui
1450 4037 1465 4062 ,
1495 3997 1734 4052 refutatu
1765 3999 1838 4052 sit
1883 3995 1970 4049 fa-

373 4094 534 4157 cilis,
574 4109 682 4147 non
728 4106 923 4162 magno
973 4090 1162 4146 labore
1215 4091 1494 4145 contraria
1546 4089 1722 4159 possit
1766 4089 1971 4143 veritas

375 4186 653 4247 affirmavi.
696 4185 921 4239 Accedit
955 4192 1010 4239 et
1053 4182 1226 4247 illud,
1277 4183 1427 4251 quod
1467 4182 1555 4237 vel
1591 4182 1757 4235 nullm
1809 4180 1971 4236 hodie

376 4279 654 4347 supersint
696 4277 841 4329 illius
877 4283 1041 4330 secta:
1077 4275 1352 4344 reliquiae,
1405 4272 1489 4327 vel
1538 4273 1748 4344 exigua:
1776 4272 1971 4327 admo-

376 4371 506 4426 dum
538 4355 912 4438 superioribus
946 4368 1002 4421 in
1037 4366 1338 4436 provinciis
1382 4365 1612 4419 relictae.

445 4459 809 4527 Quamobrem
841 4473 940 4514 nos
986 4473 1050 4514 ee
1079 4456 1447 4527 praetermissa
1473 4495 1488 4520 ,
1552 4455 1703 4509 velut
1743 4454 1967 4524 scorpio

374 4552 611 4625 quodam
665 4550 849 4607 subito
900 4550 1253 4621 proculcato,
1299 4555 1527 4602 czeteras
1559 4545 1961 4618 aggrediamur.

376 4646 483 4702 Sed
528 4645 774 4701 divinum
820 4653 946 4699 ante
978 4643 1163 4699 omnia
1212 4640 1616 4711 implorandum
1663 4637 1962 4705 auxilium,

373 4754 483 4809 quo
524 4745 580 4794 et
614 4752 743 4793 vera
792 4735 1069 4807 possimus
1118 4732 1334 4804 eloqui,
1388 4747 1566 4802 neque
1615 4730 1775 4785 nobis
1829 4730 1965 4799 ipsis

373 4830 552 4885 fraudi
597 4829 668 4885 sit
695 4842 883 4882 earum
923 4841 1109 4881 rerum
1159 4825 1452 4890 tractatio,
1501 4822 1807 4893 prmsertim
1837 4836 1961 4876 cum

372 4931 482 4977 tam
534 4921 798 4976 nefariam
829 4926 882 4974 et
919 4926 1160 4973 atrocem
1210 4914 1597 4985 pestiferorum
1642 4913 1960 4983 dogmatum

372 5011 774 5083 improbitatem
812 5010 1069 5081 persequi
1118 5009 1460 5064 studeamus.

812 5124 1093 5182 CONTRA
1123 5122 1468 5178 TATIANOS
1484 5164 1500 5189 ,

584 5242 715 5309 Quae
766 5249 843 5295 est
892 5239 1107 5295 hwresis
1147 5236 1341 5291 XXVI
1372 5239 1478 5292 sire
1527 5234 1624 5289 XL
1643 5234 1732 5289 VI.

441 5353 481 5406 l.
518 5353 784 5407 Tatianus
817 5350 1040 5420 quidam
1089 5357 1211 5420 post
1270 5350 1392 5403 illos
1441 5344 1688 5411 exstitit,
1718 5347 1809 5414 qui
1842 5346 1957 5400 sive

370 5447 561 5500 eodem
616 5445 834 5514 penitus
890 5451 1168 5513 tempore,
1230 5441 1389 5511 391
1443 5442 1558 5496 sive
1611 5440 1775 5510 paulo
1834 5446 1995 5510 post'

456 5596 472 5626 ¹
501 5597 635 5651 Gen.
680 5614 718 5662 ι,
743 5598 834 5653 28.
909 5600 928 5629 ¹
966 5597 1154 5651 Matth.
1188 5613 1332 5660 λινε,
1359 5598 1451 5652 29.

1550 5597 1571 5627 ³
1597 5594 1755 5648 Joan.
1801 5612 1888 5659 xv,
1929 5595 1981 5648 1.
2055 5594 2080 5623 ⁸
2109 5595 2240 5649 Luc.
2276 5611 2368 5661 xx,
2397 5594 2429 5649 9
2469 5611 2590 5666 sqq.

2085 1895 2256 1966 αὐτῆς
2325 1893 2515 1960 λόγους
2572 1889 2851 1960 πανταχοῦ
2882 1905 2895 1918 ”
2963 1887 3332 1960 προεθέσπισε
3397 1888 3454 1941 τὸ
3519 1887 3638 1942 θεῖον

2083 1988 2318 2059 γράμμα
2341 1985 2439 2054 τὴν
2467 1983 2747 2055 ἀναίρεσιν
2768 1981 2875 2034 τῶν
2907 1981 3208 2052 μελλόντων
3238 1981 3383 2035 κατὰ
3414 1983 3506 2053 τῆς
3528 1982 3637 2051 ἀλη-

2084 2079 2234 2142 θείας
2267 2075 2649 2148 ἐπεγείρεσθαι
2674 2090 2688 2106 °
2735 2074 2809 2136 ὡς
2837 2073 3134 2145 διαρρήδην
3164 2073 3330 2137 αὑτός
3369 2092 3467 2127 που
3495 2076 3520 2127 ὁ
3540 2072 3635 2127 Κύ-

2087 2187 2238 2243 ριος,
2281 2171 2359 2232 είς
2412 2167 2635 2238 ἔλεγχον
2685 2164 2779 2219 τοῦ
2824 2164 3057 2220 ἐλεεινοῦ
3113 2166 3208 2219 καὶ
3250 2167 3635 2237 πεπλανημένοι»

2082 2263 2345 2332 Σευήρου,
2378 2259 2576 2329 φάσκει
2605 2257 2767 2320 αὐτὸς
2798 2255 2989 2310 ἑαυτὸν
3021 2255 3120 2326 τὴν
3158 2254 3425 2325 ἄμπελον,
3454 2255 3635 2325 λέγων·

2094 2353 2242 2423 Ἐγώ
2291 2356 2407 2421 ειμι
2452 2351 2490 2418 ἡ
2536 2350 2808 2420 ἄμπελος
2878 2348 2918 2416 ἠ
2979 2346 3265 2414 ἀληθινή.
3314 2348 3375 2399 Εἰ
3422 2347 3475 2400 δὲ
3524 2345 3637 2407 ὅλως

2080 2444 2280 2515 ψεκτὸν
2323 2439 2391 2515 ἦν
2433 2442 2494 2494 τὸ
2534 2442 2632 2513 τῆς
2673 2439 2921 2512 ἀμπέλου
2951 2438 3141 2508 ὄνομα,
3175 2438 3281 2490 οὐκ
3322 2436 3387 2491 ἂν
3414 2436 3503 2490 τοῦ
3542 2435 3637 2489 6V6-

2093 2553 2261 2608 ματος
2292 2537 2368 2598 εἰς
2401 2534 2593 2588 ἐαυτὸν
2628 2533 2863 2586 ἐποιεῖτο
2897 2531 2998 2600 τὴν
3027 2529 3347 2600 ὁμοιότητα.
3387 2528 3532 2582 Ἀλλὰ
3559 2527 3636 2579 καὶ

2080 2630 2129 2683 οἱ
2158 2626 2445 2681 ἀπόστολοί
2466 2624 2577 2696 (89)
2603 2641 2766 2694 φασιν
2790 2624 2846 2676 ἐν
2872 2624 2938 2693 τῇ
2958 2620 3229 2685 Διατάξει
3247 2623 3317 2691 τῇ
3340 2619 3633 2690 καλουμένῃ,

2080 2721 2161 2774 ὅτι
2194 2718 2388 2788 φυτεία
2420 2715 2556 2770 Θεοῦ
2587 2716 2681 2770 καὶ
2706 2712 2967 2786 ἁμπελὼν
2991 2714 3025 2784 ἡ
3052 2712 3321 2786 καθολικὴ
3348 2710 3631 2781 Ἐκκλησία.

2093 2813 2254 2871 Ἀλλὰ
2300 2812 2394 2864 καὶ
2427 2809 2588 2874 αὑτὸς
2616 2810 2645 2860 ὁ
2699 2807 2904 2879 Κύριος
2952 2807 3114 2860 πάλιν
3140 2810 3197 2860 ἐν
3238 2806 3321 2877 τῷ
3354 2800 3634 2872 Εὑαγγελίῳ

2080 2904 2404 2974 ποιούμενος
2428 2901 2526 2972 τὴν
2547 2900 2639 2954 τοῦ
2669 2897 3363 2970 ἀμπελῶνοςπαραὸολὴν,
3393 2898 3470 2950 ὅτι
3497 2892 3632 2962 ’Δνήρ

2079 3012 2164 3058 τις
2189 2993 2574 3063 οἰκοδεσπότης
2602 2990 2748 3061 εἶχεν
2781 2986 3101 3059 ἀμπελῶνα,
3133 2988 3227 3040 καὶ
3262 2988 3471 3054 ἐξέδοτο
3496 2981 3634 3037 αὑτὸν

2078 3088 2368 3158 γεωργοῖς,
2400 3083 2494 3136 καὶ
2532 3082 2744 3152 ἔπεμψε
2790 3080 2968 3152 ζητῶν
2998 3079 3234 3151 καρπὸν,
3276 3080 3370 3134 καὶ
3401 3078 3496 3132 οὑκ
3528 3075 3633 3128 ἐδω-

2078 3197 2200 3233 καν.
2247 3176 2406 3230 Ἀλλὰ
2431 3175 2524 3229 καὶ
2564 3173 2726 3228 πάλιν
2744 3188 2758 3202 ⁸
2801 3174 2965 3244 Ἀνήρ
2998 3189 3081 3235 τις
3107 3171 3492 3241 οἰκοδεσπότης
3517 3167 3633 3237 ἔχων

2078 3268 2416 3343 ἀμπελῶνα,
2456 3266 2647 3337 ἐξῆλθε
2692 3264 2872 3335 ζητῶν
2919 3264 3160 3336 ἐργάτας
3210 3266 3295 3327 εἰς
3339 3262 3428 3316 τὸν
3478 3262 3633 3330 ἀμπε-

2076 3364 2242 3419 λῶνα.
2276 3361 2371 3416 καὶ
2395 3360 2487 3413 ἐπὶ⁸
2508 3358 2696 3430 τρίτην
2722 3356 2894 3428 ὥραν,
2926 3357 3022 3409 καὶ
3064 3356 3255 3427 ἕκτην,
3286 3355 3381 3408 καὶ
3413 3352 3631 3420 ὲννάτην,

2082 3456 2175 3509 καὶ
2203 3453 2517 3522 ἑνδεκάτην.
2571 3451 2660 3513 Ὦς
2686 3448 2985 3514 ὲξάπαντος
3027 3447 3088 3500 τὸ
3128 3446 3228 3516 τῆς
3267 3444 3635 3517 ἐπιτηδεύσεως

2078 3545 2415 3618 σκευώρημα
2459 3544 2555 3596 καὶ
2601 3542 2793 3595 τούτου
2824 3539 2919 3593 τοῦ
2963 3539 3285 3602 ἀπατεῶνος
3329 3532 3633 3605 πανταχόθεν

2075 3639 2219 3711 ἔχειν
2244 3636 2306 3690 τὸ
2360 3634 2758 3707 τιτρώσκεσθαι
2802 3632 2945 3702 λόγῳ
2985 3630 3090 3701 τῆς
3122 3630 3403 3701 ἀληθείας.
3445 3627 3548 3682 Κάν
3586 3639 3634 3675 τε

2076 3732 2183 3802 γὰρ
2212 3728 2558 3799 ἐπιφαίνεται
2603 3725 2665 3779 τδ
2712 3724 2902 3786 σκότος
2939 3723 3115 3793 φωτὸς
3161 3723 3235 3792 μὴ
3274 3722 3550 3793 παρόντος,
3577 3715 3633 3769 δι’

2074 3820 2256 3889 ὀλίγου
2280 3818 2576 3888 σπινθῆρος
2610 3817 2642 3887 ἡ
2675 3814 2840 3869 αὑτοῦ
2877 3816 3189 3884 ἀφάντωσις
3216 3814 3320 3883 τῆς
3351 3807 3635 3883 ἀνατροπῆς

2076 3912 2385 3982 γενήσεται.
2423 3907 2712 3978 Συντόμως
2746 3906 2804 3960 δέ
2835 3905 3109 3977 κέχρημαι
3137 3908 3201 3976 τῇ
3223 3906 3459 3977 αἱρέσει,
3485 3901 3565 3955 διὰ
3585 3898 3635 3951 τὸ

2074 4001 2174 4072 ἢδη
2216 4000 2454 4066 ἐξειπεῖν
2473 4039 2489 4065 ,
2540 4000 2621 4053 ὅτι
2672 3998 2941 4062 εὐάλωτος
2985 3999 3309 4069 ὑπάρχουσα
3343 3999 3405 4051 οὐ
3460 3991 3635 4061 πολλῆς

2073 4091 2243 4144 δεῖται
2268 4091 2553 4162 ἐργασίας,
2582 4090 2718 4162 πρὸς
2746 4089 3006 4144 σύστασιν
3035 4090 3133 4160 τῆς
3163 4091 3282 4143 κατ’
3321 4089 3489 4158 αὐτῆς
3518 4085 3634 4153 άλη-

2076 4181 2255 4247 θείας’
2295 4182 2531 4253 μάλιστα
2572 4181 2652 4247 δὲ,
2702 4182 2785 4234 ὅτι
2823 4182 2965 4251 τάχα
2996 4176 3151 4251 οἶμαι
3205 4181 3302 4234 καὶ
3352 4177 3542 4250 μηκέτι
3581 4176 3634 4227 ἐκ

2071 4275 2278 4346 ταύτης
2303 4275 2566 4346 ὑπάρχειν
2598 4273 2770 4337 τινὰς,
2797 4272 2911 4327 ἀλλ’
2935 4274 2984 4325 εἰ
3020 4272 3129 4344 ἄρα
3156 4273 3401 4336 σπανίως
3424 4275 3480 4325 ἐν
3511 4270 3634 4322 ἀνω-

2072 4369 2220 4423 τάτω
2254 4368 2494 4439 μέρεσιν.

2156 4436 2288 4514 Ἀπὺ
2326 4436 2540 4530 *ταύτης
2591 4459 2649 4512 δὲ
2699 4458 3093 4531 παρελθόντες,
3157 4436 3349 4531 ὥσπέρ
3400 4452 3633 4528 σκορπίον

2070 4554 2242 4609 δεινὸν
2289 4555 2777 4624 καταπατήσαντες
2822 4553 3073 4624 ἀθρόως,
3122 4552 3222 4617 τὰς
3272 4551 3404 4623 ἑξῆς
3435 4552 3632 4605 διασκο-

2074 4642 2342 4713 πήσομεν,
2376 4639 2511 4693 Θεοῦ
2540 4640 2639 4711 τὴν
2671 4640 2900 4712 δύναμιν
2941 4641 3365 4712 ἐπικαλούμενοι
3414 4641 3493 4703 εἰς
3521 4635 3633 4707 βοή·

2073 4733 2246 4799 θειαν,
2280 4732 2376 4787 τοῦ
2413 4751 2474 4786 τε
2506 4732 2566 4786 τὸ
2608 4732 2808 4804 ἀληθὲς
2849 4734 3055 4798 εἰπεῖν,
3097 4737 3192 4789 καὶ
3231 4733 3326 4787 τοῦ
3363 4733 3522 4787 αὑτὸν
3549 4726 3634 4799 ἐμὲ

2075 4826 2149 4897 μὴ
2187 4822 2543 4894 βλάπτεσθαι,
2581 4824 2817 4895 μάλιστα
2848 4825 2976 4896 περὶ
3022 4826 3123 4895 τῆς
3170 4825 3429 4895 τοιαύτης
3473 4818 3634 4887 δεινῆς

2070 4918 2164 4971 καὶ
2208 4917 2489 4989 ὀλετηρίου
2534 4917 2642 4971 τῶν
2689 4917 2976 4987 δογμάτων
3025 4916 3286 4988 μέλλοντα
3334 4914 3631 4985 ὑποφαίνειν

2071 5008 2459 5081 κακοτροπίας.

2557 5123 2745 5177 ΚΑΤΑ
2785 5123 3134 5179 ΤΑΤΙΑΝΩΝ

2138 5235 2404 5307 Εἰκοστὴ
2444 5237 2586 5306 ἕκτη
2609 5277 2623 5301 ,
2667 5240 2706 5304 ἡ
2755 5237 2853 5292 καὶ
2895 5234 3363 5305 τεσσαρακοστὶι
3413 5233 3568 5297 ἕκτη.

2135 5351 2215 5404 A'.
2257 5348 2520 5411 Τατιανός
2553 5364 2637 5411 τις
2691 5348 2924 5418 ἀνέστη,
2966 5346 3189 5410 τούτους
3235 5344 3626 5413 διαδεξάμενος.

2066 5440 2186 5510 ἤτοι
2230 5439 2372 5494 κατὰ
2403 5440 2529 5504 τοὺς
2572 5440 2752 5493 αὑτῶν
2797 5440 3018 5510 χρόνους
3057 5438 3155 5505 ῶν,
3198 5438 3230 5509 ἢ
3266 5436 3385 5508 μετ’
3417 5434 3627 5494 αὐτοὺς,

2671 5598 2691 5628 ⁵
2724 5594 2916 5651 Matth.
2945 5610 3035 5661 xx,
3066 5594 3089 5647 l
3124 5608 3244 5664 sqq.

446 5748 560 5821 (89)
611 5749 785 5803 Ἀλλὰ
829 5752 924 5804 καὶ
964 5755 1017 5805 οἱ
1066 5752 1414 5805 ἀπόστολοι.
1460 5748 1638 5804 Locus
1673 5757 1851 5803 exstat
1893 5749 1948 5803 in

2084 5748 2125 5814 Ι,
2166 5749 2200 5801 l.
2235 5766 2248 5802 ι
2280 5748 2507 5805 Conslit.
