3918 6132
385 328 488 385 839

1789 326 1846 384 S.
1889 326 2227 384 EPlPllANll

3545 327 3645 388 840

380 441 438 500 in
473 446 591 513 ipso
623 439 754 495 flore
794 440 1132 510 juventutis,
1181 455 1327 495 anno
1360 439 1617 497 videlicet
1653 443 1828 498 mtatis
1856 444 1948 496 tri-

2065 442 2200 494 ἐτῶν
2221 428 2513 512 τριάκοντα
2534 439 2794 510 ὑπάρχων
2815 438 2872 492 ἐν
2894 437 3213 512 καθεστώσῃ
3232 438 3436 510 ἡλικίᾳ.
3455 439 3644 512 Τούτῳ

378 537 606 591 cesimo.
628 534 765 585 Huic
787 547 909 586 eum
941 547 1001 586 se
1031 531 1295 586 Tatianus
1323 533 1483 587 initio
1513 531 1776 596 dedisset,
1795 547 1963 603 quan-

378 628 470 680 diu
495 640 614 679 eum
639 633 831 678 saneto
849 631 1088 693 martyre
1107 624 1274 691 vixit,
1315 639 1440 678 cum
1479 625 1694 679 caeteris
1717 624 1770 678 in
1796 625 1960 679 rebus

379 716 765 771 honestissime
819 730 878 769 se
912 715 1117 785 gessit,
1166 722 1282 768 tum
1329 716 1544 785 egregia
1586 714 1687 769 fuit
1725 729 1789 769 ac
1828 729 1959 768 con-

378 808 545 863 stanti
603 808 712 862 fide
763 808 1043 877 praeditus.
1095 805 1216 867 Sed.
1244 807 1338 860 illo
1377 815 1597 861 mortuo
1634 807 1859 876 perinde
1895 820 1961 860 ac

344 883 422 956 ἐἰ
451 915 632 957 caecus
666 901 734 954 ab
769 901 939 955 altero
974 899 1242 954 deductus
1287 913 1317 952 a
1351 897 1580 953 ductore
1610 898 1956 970 destituatur,

374 994 430 1048 in
457 1009 696 1063 pratceps
727 1009 850 1048 sese
879 994 1253 1056 committens,
1281 1007 1391 1060 pra:
1415 992 1658 1046 caecitate
1702 992 1958 1047 deorsum

374 1087 450 1142 ita
494 1086 700 1150 fertur,
740 1093 795 1138 ut
851 1084 1108 1139 cohibere
1155 1084 1332 1153 ipsum
1381 1089 1652 1154 nequeat,
1699 1083 1874 1138 donec
1903 1084 1957 1138 in

371 1179 604 1234 exitium
646 1184 770 1230 ruat
803 1195 816 1230 :
853 1176 929 1229 ita
960 1174 1191 1228 Tatiano
1219 1176 1466 1245 contigit.

449 1269 578 1322 Erat
634 1269 760 1329 hic,
821 1267 1278 1337 quemadmodum
1333 1268 1682 1337 accepimus,
1739 1269 1959 1324 natione

380 1361 569 1433 Syrus.
603 1359 703 1426 Qui
737 1361 967 1428 primum
1005 1361 1058 1412 in
1110 1357 1497 1429 Mesopotamia
1529 1376 1726 1416 novam
1752 1371 1958 1416 sectam

375 1453 612 1507 condere
650 1467 942 1521 aggressus
977 1458 1092 1514 est,
1145 1452 1292 1506 circa
1345 1468 1548 1506 annum
1586 1469 1659 1507 xu
1695 1452 1957 1507 Antonini

372 1544 472 1599 Pii.
511 1546 719 1613 Quippe
774 1552 897 1612 post
945 1545 1121 1600 sancti
1153 1542 1354 1599 Justini
1411 1538 1730 1614 martyrium
1785 1544 1956 1599 Roma

373 1637 648 1707 profectus
682 1636 735 1689 in
769 1635 1081 1697 Orientem,
1122 1647 1177 1690 et
1215 1637 1412 1692 ibidem
1454 1638 1706 1692 habitans
1760 1638 1814 1692 in
1859 1639 1956 1692 ab-

371 1729 568 1783 surdus
604 1729 891 1796 opiniones
935 1726 1169 1782 incidit:
1204 1743 1268 1781 ac
1322 1729 1509 1783 nescio
1542 1745 1682 1798 quos
1711 1745 1894 1784 agonas
1926 1745 1956 1784 e

2059 535 2087 584 ὁ
2122 531 2520 603 προειρημένος
2551 531 2814 595 Τατιανὸς
2846 531 3202 600 συνακμάσας
3221 531 3290 584 τὰ
3324 531 3520 599 πρῶτα
3554 551 3640 586 κα-

2061 625 2168 687 λῶς
2203 625 2522 696 φερόμενος,
2559 624 2653 678 καὶ
2678 627 2743 695 τῇ
2771 625 2951 677 πίστει
2987 623 3296 694 ἐρρωμένος
3323 623 3639 694 ἐτύγχανεν,

2059 716 2183 768 ὅσον
2214 712 2281 786 ἦν
2314 716 2411 768 σὺν
2440 713 2518 785 τῷ
2553 715 2692 785 ἁγίῳ
2715 715 2987 784 Ἰουστίνῳ
3018 714 3095 784 τῷ
3141 715 3400 785 μάρτυρι.
3429 716 3559 767 Ὅτε
3588 715 3643 768 δὲ

2060 806 2311 860 ἐτελεύτα
2352 807 2672 870 Ἰουστῖνοςὸ
2696 807 2868 874 ἆγιος,
2903 805 3088 878 ὥσπερ
3109 807 3125 837 ¹
3147 805 3344 872 τυφλὸς
3372 822 3643 877 χειραγω-

2057 896 2322 966 γούμενος
2354 895 2458 947 ὑπὸ
2493 892 2584 946 τοῦ
2607 892 2950 964 χειραγωγοῦ
2985 892 3394 963 καταλειφθείη,
3427 893 3522 946 καὶ
3547 910 3645 947 κα-

2057 987 2366 1056 ταλειφθεὶς
2392 987 2486 1038 ἐπὶ
2520 987 2764 1057 κρημνὸν
2796 985 2984 1039 ἑαυτὸν
3016 986 3203 1048 ἐκδοὺς
3229 984 3316 1038 διὰ
3347 985 3448 1056 τὴν
3478 1000 3644 1055 προσ-

2057 1079 2224 1131 οῦσαν
2267 1077 2418 1148 αὐτῷ
2447 1077 2758 1146 τύφλωσιν,
2809 1078 3178 1148 καταφέρεται
3227 1077 3641 1147 ἀνεπισχέτως,

2057 1169 2164 1232 ’έως
2197 1171 2273 1232 εἰς
2299 1170 2528 1224 θάνατον
2554 1168 2904 1239 κατενεχθείη
2925 1186 2936 1197 ·
2967 1169 3108 1221 οὕτω
3131 1169 3224 1220 καὶ
3257 1168 3439 1231 αὑτός.

2131 1260 2241 1312 Καὶ
2261 1255 2328 1329 ἦν
2363 1259 2460 1330 μὲν
2487 1247 2655 1330 Σύρος
2682 1259 2740 1312 τὸ
2762 1259 2941 1326 γένος,
2972 1259 3046 1321 ὼς
3068 1260 3101 1328 ἡ
3132 1260 3210 1322 εἰς
3234 1259 3380 1328 ἡμᾶς
3413 1254 3643 1310 ἐλθοῦσα

2058 1350 2260 1419 γνῶσις
2293 1352 2566 1421 περιέχει·
2602 1351 2662 1404 τὺ
2683 1350 2741 1404 δέ
2773 1351 2937 1403 αὑτοῦ
2964 1351 3338 1403 διδασκαλεῖον
3371 1351 3646 1420 προεστή-

2059 1461 2190 1497 σατο
2227 1445 2321 1497 ἀπ’
2361 1444 2538 1514 ἀρχῆς
2569 1444 2668 1514 μὲν
2717 1445 2776 1496 ἐν
2807 1446 2872 1514 τῇ
2921 1443 3078 1514 Μέση
3120 1443 3227 1495 τῶν
3264 1441 3526 1512 ποταμῶν
3565 1440 3643 1504 ὡς

2059 1535 2189 1607 περὶ
2217 1535 2280 1588 τὸ
2311 1534 2608 1588 δωδέκατον
2637 1534 2753 1598 ἔτος
2772 1534 2885 1605 (92)
2917 1533 3232 1588 Ἀντωνίνου
3252 1532 3346 1586 τοῦ
3368 1529 3646 1620 Εύσεϐοὖς

2059 1625 2338 1695 Καίσαρος
2365 1623 2770 1693 ἐπικληθέντος.
2816 1623 2948 1676 Ἀπὸ
2981 1623 3200 1695 Ῥώμης
3235 1623 3343 1694 γὰρ
3376 1623 3516 1693 μετὰ
3542 1623 3645 1692 τὴν

2057 1713 2152 1767 τοῦ
2189 1714 2345 1783 ἁγίου
2392 1715 2678 1768 Ἰουστίνου
2718 1714 2997 1768 τελείωσιν
3026 1714 3249 1768 διελθὼν
3293 1715 3387 1769 ἐπὶ
3428 1715 3499 1767 τὰ
3544 1714 3644 1784 τῆς

371 1819 770 1875 Valentinianis
801 1819 1022 1880 fabulis,
1054 1833 1118 1874 ac
1159 1821 1429 1889 principia
1462 1821 1710 1891 quaedam
1742 1838 1806 1876 ac
1835 1838 1948 1893 pro-

2056 1807 2343 1877 Ἀνατολῆς
2380 1806 2545 1879 μέρη,
2584 1807 2682 1861 καὶ
2707 1808 2886 1861 ἐκεῖσε
2911 1806 3223 1878 διατρίϐων,
3255 1809 3400 1878 κακῇ
3432 1807 3644 1878 διανοίᾳ

371 1911 694 1981 pagationes
729 1918 1076 1966 commentus
1111 1919 1216 1968 est.
1259 1911 1364 1967 Sed
1394 1913 1683 1968 Antiochia
1727 1931 1955 1985 praeser-

369 2002 500 2064 tim,
535 2016 656 2071 qua:
694 2001 758 2055 ad
798 2000 1057 2072 Daphnen
1097 2011 1199 2067 est,
1238 2003 1386 2060 illius
1418 2003 1614 2074 dogma
1646 2005 1952 2061 derivatum

367 2091 422 2144 in
463 2090 654 2146 Cilicia
689 2105 754 2145 ac
786 2088 990 2145 Pisidia
1041 2093 1362 2161 cumprimis
1391 2094 1618 2148 coaluit.
1644 2093 1783 2150 Hinc
1807 2095 1953 2150 enim

367 2179 776 2236 Eucratitarum
815 2189 936 2235 orta
984 2184 1262 2239 successio
1297 2191 1414 2245 est,
1454 2185 1655 2255 quibus
1683 2201 1953 2242 venenum

367 2271 502 2326 illud
536 2287 844 2343 aspersum.
869 2271 1076 2328 Ferunt
1107 2289 1246 2344 opus
1271 2276 1402 2332 illud
1434 2278 1578 2349 quod
1606 2293 1672 2333 ex
1700 2295 1753 2334 Iv
1780 2279 1957 2334 Evan-

365 2363 521 2433 geliis
554 2373 870 2419 contextum
905 2373 1027 2430 est,
1060 2366 1318 2437 quodque
1363 2369 1667 2426 secundum
1697 2369 1954 2428 Hebraeos

366 2455 614 2508 nonnulli
660 2465 876 2521 vocant,
909 2457 978 2512 ab
1020 2473 1087 2512 eo
1125 2459 1526 2529 conscriptum.

441 2713 500 2770 ll.
531 2714 801 2769 Caeterum
832 2715 1022 2772 eadem
1056 2715 1170 2773 fere
1217 2733 1343 2773 eum
1373 2719 1613 2790 antiquis
1651 2719 1952 2776 baeresibus

365 2805 629 2860 defendit.
663 2808 743 2862 Ae
789 2809 1026 2877 primum
1060 2808 1328 2864 Adamum
1363 2823 1524 2883 negat
1562 2828 1686 2868 esse
1715 2814 1946 2870 salvum.

365 2895 571 2952 Deinde
610 2899 1005 2954 continentiam
1057 2902 1413 2974 caalibemque
1450 2888 1626 2959 Lvitam
1668 2907 1948 2976 praedicat.

364 2987 594 3059 Nuptias
643 2989 975 3046 adulterium
1029 3009 1153 3049 esse
1202 3010 1414 3049 merum
1467 3012 1530 3051 ac
1581 3000 1948 3069 corruptelam

360 3083 668 3149 existimat;
706 3099 807 3137 nec
842 3085 910 3136 ah
942 3085 1034 3137 illa
1072 3085 1390 3155 discrepare
1425 3089 1777 3156 penitus,scd
1806 3091 1945 3146 idem

2056 1899 2395 1971 περιπεσὼν,
2426 1900 2630 1964 αἰῶνας
2650 1917 2803 1963 τινας
2834 1899 2975 1953 κατὰ
3000 1901 3128 1962 τοὺς
3174 1900 3378 1971 μύθους
3403 1899 3644 1953 Οὐαλεν-

2052 1989 2224 2054 τίνου,
2260 1992 2356 2045 καὶ
2385 1991 2557 2063 ἀρχάς
2590 2009 2762 2057 τινας,
2794 1991 2890 2044 καὶ
2918 1991 3190 2062 προϐολὰς
3218 1991 3313 2044 καὶ
3342 1989 3507 2055 αὐτὸς
3532 1991 3647 2044 είσ-

2053 2084 2302 2154 ηγήσατο
2323 2098 2337 2111 ·
2371 2082 2432 2136 τὸ
2452 2083 2508 2136 δὲ
2538 2081 2788 2137 πλεῖστον
2823 2079 2919 2136 τοῦ
2953 2079 3117 2136 αὑτοῦ
3147 2081 3506 2154 κηρύγματος
3533 2081 3646 2134 ἀπὸ

2066 2174 2401 2244 Ἀντιοχείας
2433 2175 2530 2246 τῆς
2562 2174 2698 2245 πρὸς,
2723 2175 2965 2246 Δάφνην,
2999 2175 3095 2229 καὶ
3128 2177 3220 2228 ἐπὶ
3243 2175 3313 2228 τὰ
3341 2174 3452 2230 τῶν
3483 2174 3644 2228 Κιλί-

2053 2282 2166 2319 κων
2211 2267 2376 2338 μέρη,
2425 2267 2518 2319 ἐπὶ
2561 2268 2744 2320 πλεῖον
2771 2268 2828 2321 δὲ
2857 2269 2915 2321 ἐν
2957 2271 3026 2340 τῇ
3055 2267 3274 2337 mansa;
3316 2267 3640 2337 ἐκράτυνεν.

2069 2357 2202 2410 Ἀπὸ
2221 2358 2413 2410 τούτου
2444 2358 2552 2429 γάρ
2581 2359 2726 2412 κατὰ
2758 2359 3009 2430 διαδοχὴν
3033 2360 3081 2412 οἱ
3104 2359 3455 2430 Ἐγκρατῖται
3479 2358 3642 2424 λεγό-

2057 2464 2210 2518 μενοι
2261 2447 2355 2500 τοῢ
2397 2449 2476 2502 ίοῢ
2522 2451 2920 2520 μετεσχηκότες
2954 2449 3280 2522 ὑπάρχουσι.
3321 2449 3556 2518 Λέγεται
3582 2449 3642 2502 δὲ

2052 2539 2112 2591 τὸ
2141 2539 2230 2592 διὰ
2253 2541 2535 2610 τεσσάρων
2576 2541 2922 2610 Εὑαγγελίων
2961 2543 3053 2596 ὑπ’
3085 2540 3251 2595 αὐτοῦ
3285 2539 3640 2610 γεγενῆσθαι,

2053 2628 2190 2699 ὅπερ
2223 2628 2367 2682 κατὰ
2401 2630 2689 2699 Ἑϐραίους
2719 2631 2863 2694 τινὲς
2893 2629 3139 2684 καλοῦσι.

2124 2719 2197 2772 B'.
2239 2721 2321 2772 Τὰ
2366 2720 2504 2773 αὐτὰ
2537 2720 2593 2772 δὲ
2631 2724 2752 2784 ταῖς
2779 2722 3036 2785 παλαιαῖς
3062 2721 3308 2792 αἱρέσεσι
3353 2720 3450 2774 καὶ
3484 2715 3645 2782 οὗτος

2051 2813 2386 2883 δογματίζει.
2440 2814 2552 2867 Καὶ
2601 2815 2818 2885 πρῶτον
2877 2815 2975 2885 μὲν
3003 2817 3202 2884 φάσκει
3251 2815 3326 2887 μὴ
3367 2816 3643 2881 σώζεσθαι

2049 2903 2144 2956 τὸν
2198 2905 2392 2976 Ἀδάμ.
2432 2905 2793 2976 Ἐγκράτειαν
2823 2906 2880 2958 δέ
2917 2903 3070 2970 οὗτος
3109 2907 3393 2978 κηρύττει.
3437 2911 3546 2964 Τὸν
3582 2911 3644 2964 δὲ

2051 2996 2229 3065 γάμον
2255 2996 2512 3066 πορνείαν
2543 2998 2639 3050 καὶ
2667 2997 2874 3072 φθορὰν
2917 3000 3167 3070 ἡγεῖται·
3208 3002 3435 3072 φάσκων
3471 3004 3643 3075 μηδὲν

2051 3083 2384 3145 διαλλάττειν
2426 3088 2683 3159 πορνείας
2707 3090 2801 3143 τὸν
2823 3090 3021 3160 γάμον,
3053 3091 3188 3145 ἀλλὰ
3211 3093 3271 3145 τὸ
3312 3094 3444 3148 αὐτὸ
3474 3091 3639 3148 εἶναι.

358 3179 412 3223 et
443 3185 611 3223 unum
653 3186 774 3225 esse
827 3172 947 3237 Qua
997 3173 1219 3244 quidem
1255 3175 1609 3231 continentia:
1653 3194 1718 3233 ac
1750 3181 1948 3249 pudici-

2057 3173 2222 3226 Ὅθεν
2248 3175 2306 3226 ἐν
2355 3174 2435 3245 τῷ
2477 3179 2826 3248 προσχήματι
2879 3178 2980 3248 τῆς
3023 3181 3352 3252 ἐγκρατείας
3403 3184 3499 3236 καὶ
3545 3184 3642 3238 τοῦ

359 3260 451 3314 the
491 3261 651 3330 392
686 3262 869 3331 specie
891 3301 908 3327 ,
955 3264 1104 3317 velut
1137 3265 1392 3321 illecebra
1438 3271 1752 3338 proposita,
1789 3272 1955 3326 homo

359 3349 515 3404 vafer
550 3352 832 3420 obrepsit,
865 3359 1128 3422 tanquam
1181 3370 1350 3426 rapax
1386 3359 1608 3428 quidam
1650 3360 1809 3431 lupus
1848 3363 1968 3432 pel-'

361 3440 467 3495 lem
507 3442 625 3497 ovis
673 3443 945 3508 induens,
984 3459 1162 3514 eoque
1203 3451 1388 3513 cultu,
1421 3466 1583 3520 quem
1618 3453 1685 3506 ad
1735 3460 1952 3525 tempus

361 3543 703 3602 susceperat,
728 3535 963 3590 miseros
993 3536 1243 3595 homines
1278 3541 1334 3595 in
1369 3540 1612 3596 fraudem
1645 3544 1949 3614 pelliciens.

363 3620 627 3676 Similiter
658 3631 713 3678 et
755 3627 1018 3696 mysteria
1063 3631 1311 3698 quaedam
1352 3631 1421 3686 ad
1463 3632 1723 3690 Ecclesiae
1750 3647 1952 3692 sanctae

361 3712 720 3768 imitationem
754 3714 1020 3784 instituit;
1046 3717 1140 3773 sed
1170 3719 1236 3773 ad
1275 3736 1341 3776 ea
1374 3731 1556 3776 tamen
1588 3725 1723 3778 nihil
1754 3736 1952 3796 praeter

359 3815 560 3870 aquam
598 3801 870 3860 adhibuit.
920 3803 1122 3861 Verum
1167 3825 1235 3865 ne
1263 3811 1351 3866 ille
1380 3813 1598 3882 quidem
1629 3817 1828 3886 poterit
1868 3832 1952 3872 ra-

358 3892 508 3946 tione
555 3893 663 3947 ulla
706 3897 1041 3963 consistere,
1085 3901 1244 3970 cujus
1278 3908 1387 3958 tam
1425 3905 1759 3962 imbecillum
1788 3909 1950 3964 mini-

359 3997 555 4053 meque
582 3985 865 4043 cohaerens
897 3999 982 4044 est
1007 3991 1227 4062 dogma.

426 4074 530 4137 Ae,
555 4076 656 4130 nisi
691 4075 871 4143 fallor,
901 4079 1005 4134 hoc
1036 4089 1280 4153 tempore
1305 4101 1429 4142 eum
1459 4091 1606 4144 omni
1640 4091 1829 4149 schola
1847 4109 1946 4150 sua

357 4165 663 4221 exstinctus
697 4168 992 4225 intercidit.
1039 4174 1182 4239 Quid
1217 4179 1362 4231 enim
1403 4179 1470 4233 ad
1500 4181 1652 4236 illum
1695 4185 1944 4242 refutan-

359 4257 498 4347 dumi
537 4257 718 4312 afferri
757 4276 866 4315 non
900 4267 1115 4332 potest?
1142 4265 1250 4322 Sed
1285 4269 1422 4324 illud
1455 4273 1600 4328 valet
1637 4275 1691 4329 in
1725 4279 1942 4347 primis,

356 4346 504 4416 quod
536 4347 800 4405 adversus
825 4353 1034 4410 similes
1063 4356 1300 4414 haereses
1332 4369 1493 4417 antea
1533 4346 1942 4438 proposuimus,

359 4437 475 4492 ﬁeri
501 4439 724 4494 omnino
758 4457 866 4497 non
898 4460 1060 4515 posse
1101 4449 1259 4519 plura
1299 4459 1358 4506 ut
1400 4454 1672 4529 principia
1712 4437 1946 4520 sint

431 4594 447 4624 ί
476 4593 637 4651 Deest
669 4597 740 4653 εἰ.

2056 3265 2459 3337 ἐγκρατητικοῦ
2492 3267 2654 3338 ήθους
2697 3268 3026 3341 κυϐευτικὴν
3065 3269 3187 3342 ἔσχε
3230 3272 3333 3343 τὴν
3373 3274 3602 3347 ἀγωγήν
3626 3293 3639 3306 ·

2055 3356 2131 3420 ὡς
2166 3357 2330 3421 λύκος
2374 3359 2559 3430 ἅρπαξ
2608 3361 2926 3434 ἐνδυόμενος
2974 3363 3244 3434 προϐάτου
3281 3365 3497 3430 κώδιον,
3545 3369 3642 3422 καὶ

2055 3448 2274 3501 πλανῶν
2303 3449 2382 3521 τῷ
2415 3454 2763 3524 προσχήματι
2805 3455 2932 3520 τοὺς
2972 3457 3383 3528 ἀπατωμένους.
3411 3460 3644 3532 Μυστη-

2055 3541 2192 3610 ρίοις
2216 3540 2272 3593 δὲ
2302 3542 2565 3608 ὡσαύτως
2601 3545 2865 3617 κέχρηται
2901 3547 3042 3602 κατὰ
3090 3548 3320 3620 μίμησιν
3345 3551 3444 3621 τῆς
3474 3553 3641 3620 ἁγίας

2065 3631 2392 3702 Ἐκκλησίας
2413 3649 2424 3662 ·
2453 3634 2611 3688 ὕδατι
2639 3636 2698 3689 δὲ
2737 3638 2883 3708 μόνῳ
2907 3639 3190 3712 χρώμενος
3210 3643 3268 3696 ἐν
3303 3645 3416 3707 τοῖς
3451 3645 3641 3706 αὐτοῖς

2053 3725 2398 3794 μυστηρίοις.
2442 3728 2698 3781 Πεσεῖται
2725 3730 2781 3782 δὲ
2818 3733 2912 3784 καὶ
2942 3725 3096 3795 οὗτος
3121 3734 3264 3788 κατὰ
3301 3735 3480 3791 πάντα
3507 3737 3644 3808 τρό-

2050 3830 2174 3882 πον,
2203 3816 2506 3872 άσύστατον
2539 3819 2678 3890 ἔχων
2702 3821 2762 3873 τὸ
2799 3823 3080 3894 κήρυγμα.

2123 4103 2263 4173 Ἤδη
2288 4103 2344 4157 δὲ
2374 4105 2468 4158 καὶ
2503 4102 2658 4171 οὗτος
2687 4111 3102 4177 κατασϐεσθεὶς,
3137 4108 3314 4183 οἶμαι,
3349 4116 3504 4187 ἔληξε
3537 4121 3635 4172 καὶ

2045 4195 2109 4249 τδ
2132 4196 2323 4250 τούτου
2357 4198 2747 4255 διδασκαλεῖον.
2773 4201 2946 4256 Πόθεν
2975 4203 3084 4275 γὰρ
3109 4205 3209 4258 οὐκ
3243 4205 3636 4278 ἐλεγχθήσεται

2045 4285 2074 4338 ὁ
2093 4285 2364 4352 τοιοῦτος;
2398 4288 2624 4358 Πρῶτον
2652 4291 2752 4360 μὲν
2780 4290 2888 4362 γὰρ
2923 4294 3065 4347 κατὰ
3087 4295 3156 4347 τά
3194 4295 3308 4349 ἄνω
3336 4299 3466 4368 ἡμῖν
3497 4315 3637 4370 προ-

2044 4376 2416 4448 δεδηλωμένα,
2446 4380 2542 4434 καὶ
2572 4381 2709 4454 πρὸς
2727 4382 2826 4447 τὰς
2854 4383 2997 4438 οὕτω
3021 4387 3338 4454 φασκούσας
3366 4390 3631 4461 αἱρέσεις,

2043 4467 2125 4522 ὅτι
2172 4468 2439 4525 ἀδύνατον
2485 4467 2627 4528 εἶναι
2677 4474 2880 4540 πολλὰς
2925 4474 3098 4548 ἀρχὰς
3145 4481 3469 4550 γεννητικὰς
3521 4482 3633 4536 τῶν

355 4747 1100 4859 ﬁght"'ffgzli'liTnajgﬁﬁe
1119 4755 1421 4859 "su-0
1449 4764 1773 4859 exﬁaiagerit
1800 4787 1934 4853 aura
1965 4779 2013 4837 1)
2040 4775 2362 4859 imperante.
2412 4781 2607 4838 Postea
2650 4785 2755 4841 sub
2796 4785 3074 4859 Antonino
3118 4790 3356 4859 majores
3405 4794 3632 4851 trahens

354 4820 678 4906 geniculati;
703 4863 716 4885 ,
761 4820 1078 4906 non—curaui
1119 4827 1449 4906 investigate.
1499 4820 1928 4906 Epiphaniu'sﬂiri

357 4886 798 4964 Marcionitarum
856 4895 1079 4957 haeresi,
1126 4886 1330 4952 seribif
1362 4886 1930 4964 tiarciéri‘éiiféﬁﬁi'};

354 4965 518 5038 patre
536 4976 637 5013 suo
663 4963 854 5030 pulsus
882 4980 1069 5038 pa_cem
1101 4981 1164 5020 ac
1195 4971 1407 5023 veniam
1460 4975 1729 5031 eblandiri
1772 4963 1938 5038 nullis

258 5063 274 5072 κ
352 5030 609 5114 precibus
646 5041 828 5114 posset
855 5030 897 5094 ,“
926 5033 1160 5114 Romani
1201 5053 1259 5092 se
1311 5051 1431 5114 post
1479 5042 1674 5114 Hygini
1715 5030 1937 5104 rebito—in

351 5100 671 5188 eoiiIuIiLsse.
724 5101 971 5188 clumque
1029 5106 1200 5188 nihilo
1255 5100 1426 5188 magis
1477 5100 1623 5188 quod
1685 5100 1981 5188 (τοί)ἰεῦἆί-

353 5167 475 5246 illic
511 5169 802 5246 obtineret,
851 5167 964 5227 tum
1013 5175 1230 5246 demum
1279 5167 1939 5246 ptililiea'taﬂhaeresriws-u—a'

352 5235 652 5318 Ecclesiam
684 5256 1047 5318 oppugnasse.
1100 5235 1293 5318 Hygini
1343 5235 1935 5314 obituchiil‘éFIir'iﬁ

351 5323 554 5395 annum
605 5310 864 5390 Antonini
905 5330 1068 5395 xviii;
1101 5310 1226 5395 mitte
1270 5323 1415 5389 quod
1454 5332 1670 5395 tempus
1700 5310 1935 5385 Marcio:

351 5393 486 5463 nem
506 5378 766 5460 haeresim.
785 5398 940 5463 suam
982 5378 1372 5463 disseminasse
1401 5378 1634 5451 necesse
1647 5378 1932 5463 Veis—ticum

348 5443 1092 5540 nuquuiJAntoni‘n-o
1109 5497 1160 5540 ,Η
1184 5467 1240 5512 et
1260 5443 1775 5540 _guide‘rn:iinpervii’

351 5521 539 5594 ilnitio,
576 5521 906 5594 _apologiam
969 5524 1200 5585 obtulit.
1260 5521 1552 5589 Marcionis
1601 5521 1929 5594 meniinei'it:

351 5579 532 5663 Quare
559 5579 795 5663 duplex:
825 5579 1369 5663 uti_conjieiebamus
1391 5641 1404 5663 ,

353 5661 506 5734 ortus
537 5667 658 5734 esse
683 5659 878 5734 debet._
908 5659 1055 5715 Nam'
1078 5665 1314 5732 primum
1353 5659 1405 5724 in
1434 5671 1612 5727 Ponto
1641 5659 1932 5732 Λεῖςῖάιίἧὶ

353 5725 505 5771 taxat
537 5721 803 5779 nefarium
850 5730 1042 5800 dogma
1078 5721 1456 5806 praedicavit,—

2039 4850 2268 4934 spiritus
2309 4854 2687 4934 vehementius
2723 4857 2777 4909 in
2805 4858 3025 4934 eosdem
3063 4859 3185 4914 illos
3204 4850 3433 4919 'errores
3462 4850 3629 4934 cmpit

2039 4917 2384 5000 i_IIcuilibere._
2427 4923 2638 5000 ll_yg_ino
2685 4941 2812 5000 vero
2841 4928 3060 5000 demum
3111 4940 3327 4985 mortuo
3371 4917 3630 5000 primitiis

2035 4986 2231 5057 dogma
2249 4986 2899 5064 cerdoni's'interpolasse
2927 4997 3258 5054 Mareionem
3289 4986 3442 5058 nuilo
3465 4986 3629 5060 modo

2035 5070 2255 5142 censeo.
2303 5060 2436 5142 Haec
2471 5064 2537 5118 de
2584 5060 2787 5142 Jus'tini
2838 5081 2901 5119 ac
2953 5067 3246 5142 Marcionis
3281 5075 3630 5142 temporibus

2037 5126 2202 5182 habui
2231 5146 2362 5206 quae
2385 5133 2646 5206 dicerem.
2696 5135 2887 5191 Dicent
2934 5139 3026 5190 alii
3077 5138 3310 5196 fortasse
3358 5126 3627 5206 meliora“;

2035 5213 2164 5274 nam
2191 5202 2396 5274 nostris
2441 5204 2549 5256 illis
2595 5220 2702 5258 non
2740 5206 2874 5259 adeo
2907 5209 3258 5274 confidimus,
3292 5224 3351 5264 ut
3382 5227 3496 5268 non
3531 5202 3631 5268 af—v

2037 5266 2434 5344 fer_rj_certiora
2464 5289 2627 5342 posse
2655 5291 2960 5344 speremus.

2109 5337 2222 5409 (92)
2263 5341 2360 5406 Ὠς
2388 5337 2521 5411 περὶ
2549 5344 2615 5396 τὸ
2646 5337 2984 5400 δωδέκατον
3013 5347 3169 5410 ἔτος.
3202 5347 3630 5411 Consentaneus

2034 5424 2192 5484 error
2230 5420 2314 5465 est
2344 5413 2428 5476 ei,
2475 5429 2636 5483 quem
2693 5417 2854 5484 paulo
2895 5425 3054 5471 antea
3090 5416 3480 5484 refutavimus.
3525 5426 3626 5479 sul:

2032 5479 2275 5552 Adriano
2315 5479 2533 5552 passum
2565 5479 3012 5540 esse—Justinum.
3045 5487 3200 5552 Quod
3253 5503 3379 5543 cum
3424 5479 3624 5547 falsum

2033 5551 2124 5611 sit.
2166 5551 2389 5622 perinde
2431 5555 2626 5607 falsum
2659 5563 2741 5609 est
2771 5557 2872 5609 sub
2898 5557 3174 5610 Antonino
3209 5555 3339 5622 Pio,
3369 5562 3622 5618 videlicet

2033 5634 2154 5697 post
2178 5620 2380 5676 Justini
2410 5625 2642 5697 obitum,
2676 5626 2920 5697 scholam
2950 5627 3162 5697 erroris
3191 5620 3484 5697 aperuisse
3517 5632 3620 5687 Ta-

2032 5693 2261 5768 tianum,
2292 5695 2434 5764 quod
2461 5695 2564 5750 sub
2595 5693 2776 5762 Marco
2797 5695 3020 5752 Aurelio
3051 5693 3245 5754 facere
3269 5701 3474 5768 potuit.
