3952 6152
367 289 371 293 ’
441 322 537 382 sti

1117 322 1486 380 ADVERSUS
1524 322 1865 381 li/ERESES
1905 323 2023 379 LIB,

2152 322 2314 380 ΤΟΜ.
2354 323 2439 380 lll.
2485 325 2757 383 HAZRES.
2792 327 2974 385 XLVI.

3612 335 3721 392 853

439 439 581 493 κατὰ
607 426 858 512 διαδοχὴν
888 411 1263 510 γεννωμένων.
1285 443 1351 493 Αἱ
1382 440 1489 513 γάρ
1521 437 1677 495 οὑσαι
1706 440 1899 494 πολλαὶ
1925 442 2019 496 καὶ

2126 457 2245 496 rum
2283 457 2402 512 quae
2442 445 2797 501 successione
2841 454 3194 518 generantur.
3244 445 3405 503 Plura
3446 449 3717 520 siquidem

443 530 541 602 μία
589 532 654 583 ὲκ
704 531 804 600 τῆς
850 532 979 601 μιᾶς
1027 532 1392 603 ὑπάρχουσαι,
1426 536 1490 587 ἐκ
1523 535 1621 605 τῆς
1669 532 1835 603 οὑσης
1892 535 2022 604 μιᾶς

439 621 619 685 αίτίας
645 621 752 676 τῶν
779 621 969 675 παθῶν
997 623 1011 653 ί
1042 623 1436 695 εὑρεθήσονται
1460 642 1472 656 ·
1500 626 1595 679 καὶ
1619 624 1802 678 οὑκέτι
1831 625 2023 678 πολλαὶ

438 714 625 784 ἁρχαὶ,
665 713 781 767 ἀλλ’
816 715 847 785 ἢ
913 715 1011 785 μία
1060 717 1095 787 ἡ
1149 715 1354 769 τούτων
1398 717 1549 770 αἰτία
1591 720 1872 787 γεγονυῖα·
1925 716 2022 770 καὶ

438 805 837 878 ἀναχθήσεται⁵
870 807 1049 861 πάντα
1092 810 1172 873 είς
1222 808 1321 878 τὴν
1363 809 1491 879 μίαν
1538 810 1872 883 μοναρχίαν·
1926 809 2020 862 καὶ

437 899 688 953 διέπεσεν
720 901 753 969 ἡ
796 899 891 953 τοῦ
924 898 1169 952 τοιούτου
1203 897 1574 970 πιθανολογία,
1611 901 1706 954 καὶ
1747 902 1846 954 οὑκ
1889 899 2021 968 ἀλή-

438 990 579 1055 θεια,
619 989 745 1044 οὔτε
767 990 866 1063 τὴν
909 991 1292 1061 πιθανολογίαν
1322 991 1598 1063 δυναμένη
1633 993 1794 1064 ἔχειν.
1823 991 2019 1063 Mmpr

437 1080 548 1155 γάρ
592 1082 653 1135 τὸ
684 1082 802 1136 ὅλον
853 1086 1132 1154 κήρυγμα.
1176 1086 1284 1137 Καὶ
1314 1086 1363 1138 εί
1405 1088 1433 1138 6
1458 1085 1631 1155 Ἀδὰμ
1668 1086 1728 1137 οὺ
1767 1083 2019 1149 σώζεται,

437 1171 498 1226 τὸ
531 1173 790 1245 φύραμα,
841 1175 965 1229 οὐδέ
1013 1193 1067 1228 τι
1114 1175 1209 1229 τοῦ
1259 1175 1581 1249 φυράματος
1626 1172 1856 1240 σώζεται
1880 1177 1920 1229 ⁸.
1960 1177 2021 1230 Ei

439 1265 549 1337 γάρ
580 1268 608 1319 6
641 1267 1065 1337 πρωτόπλαστος
1097 1268 1193 1321 καὶ
1235 1266 1295 1334 ἐξ
1335 1267 1559 1321 ἀθίκτου
1592 1270 1695 1338 γῆς
1730 1267 2022 1338 γενόμενος

440 1358 716 1429 σωτηρίας
750 1359 812 1412 ού
842 1359 1078 1430 μεθέξει,
1112 1358 1230 1422 πῶς
1257 1359 1329 1413 τὰ
1368 1359 1427 1424 ἐξ
1452 1359 1618 1413 αὑτοῦ
1649 1359 2021 1431 γεγεννημένα

444 1451 657 1522 μεθέξει
684 1450 984 1523 σωτηρίας;

2129 537 2251 599 illa,
2286 545 2340 593 et
2386 553 2592 601 unum,
2641 537 2712 592 ab
2747 553 2855 593 uno
2903 538 3179 609 profecta,
3227 542 3297 597 ab
3338 557 3445 597 una
3471 545 3717 600 omnium

2127 642 2325 694 causa,
2379 642 2634 683 manasse
2681 630 3043 699 reperiemus.
3093 629 3171 685 ita
3221 647 3330 687 non
3390 634 3504 701 jam
3546 635 3717 690 multa

2126 718 2394 788 principia
2414 758 2428 784 ,
2463 718 2558 773 sed
2588 734 2753 773 unum
2789 720 2914 783 erit,
2948 736 2977 773 a
3006 737 3115 792 quo
3142 730 3338 778 caetera
3371 724 3714 795 dependent,

2125 821 2181 866 et
2208 812 2274 867 ad
2306 812 2472 867 unius
2501 798 2789 883 imperium
2834 814 3087 871 universa
3129 816 3439 873 referentur
3476 838 3489 873 :
3524 820 3718 891 sicque

2128 904 2292 959 fallax
2338 919 2403 958 ae
2447 903 2637 959 fucosa
2685 905 2833 960 illius
2874 906 3053 960 oratio
3087 908 3373 975 concidet,
3412 911 3546 966 nihil
3596 913 3716 980 ipsa

2126 994 2345 1064 quidem
2385 994 2634 1050 veritatis
2667 995 2902 1060 habens,
2939 1011 3002 1052 ac
3034 999 3116 1052 vel
3147 1000 3295 1053 omni
3328 1001 3717 1070 probabilitate

2126 1086 2409 1141 destituta.
2449 1084 2628 1139 Stulta
2662 1089 2864 1158 quippe
2913 1097 3028 1143 tota
3066 1089 3182 1145 haec
3214 1098 3300 1146 est
3328 1092 3536 1162 opinio.
3578 1094 3713 1147 Nam

2124 1180 2169 1233 si
2206 1179 2450 1236 Adamus
2490 1181 2721 1237 salutem
2778 1181 3005 1237 minime
3049 1192 3136 1238 est
3181 1185 3449 1255 adeptus,
3492 1185 3594 1239 hoc
3633 1195 3717 1242 est

2124 1273 2243 1341 ipsa
2283 1272 2688 1341 quodammodo
2716 1273 2933 1341 generis
2974 1288 3191 1341 massa;
3244 1291 3346 1331 nec
3379 1277 3486 1331 ulla
3520 1292 3718 1331 niassre

2126 1364 2290 1433 hujus
2338 1364 2609 1434 particula
2656 1367 2866 1421 servari
2919 1367 3140 1437 poterit.
3182 1366 3241 1423 Si
3282 1370 3429 1424 enim
3475 1370 3570 1441 qui
3604 1370 3718 1439 pri-

2124 1470 2247 1510 mus
2298 1457 2545 1511 omnium
2582 1455 2843 1511 conditus
2891 1464 3011 1522 est,
3061 1466 3118 1513 et
3162 1474 3231 1514 ex
3272 1459 3484 1530 integra
3533 1460 3713 1515 adhuc

439 1549 585 1597 terra
621 1541 918 1608 formatus,
949 1540 1146 1598 salutis
1184 1542 1410 1597 minime
1437 1550 1522 1599 est
1553 1542 1860 1613 particeps,
1892 1557 2015 1613 qua:
2047 1545 2116 1599 ab
2143 1546 2335 1602 eodem
2378 1554 2498 1602 orta
2538 1554 2668 1602 sunt
2699 1562 2809 1617 quo
2855 1549 3076 1604 tandem
3114 1558 3279 1620 pacto
3333 1551 3564 1607 salutem
3619 1550 3715 1604 ob-

439 1631 724 1686 tinebunt?

508 1722 584 1775 1".
624 1720 781 1776 Κατὰ
806 1723 915 1795 γὰρ
951 1723 1046 1777 δύο
1067 1724 1304 1796 τρόπους
1341 1724 1698 1797 εὑρεθήσεται
1731 1725 1851 1779 καθ’
1885 1726 2014 1778 ἑαυρ

2190 1718 2279 1772 ιίΙ.
2318 1706 2685 1785 Quamobrem
2733 1717 2951 1776 duobus
3000 1720 3179 1777 modis
3223 1736 3410 1776 secum
3455 1723 3572 1794 ipse
3602 1741 3706 1796 pu-

438 1812 532 1866 τοῦ
563 1812 768 1882 λέγων·
804 1813 1002 1883 φάσκει
1036 1813 1146 1886 γὰρ
1192 1814 1281 1869 τὸν
1312 1817 1489 1886 γάμον
1517 1811 1659 1868 εἷναι
1700 1816 1801 1869 οὑκ
1833 1818 1898 1869 ὲκ
1925 1814 2020 1868 τοῦ

440 1901 612 1970 Θεοῦ,
661 1902 798 1956 ἀλλὰ
844 1905 1104 1975 πορνείας
1136 1900 1275 1958 εἶναι
1320 1906 1484 1959 αὑτὸν
1542 1907 1636 1960 καὶ
1681 1906 1885 1977 μῦσος,
1928 1909 2024 1960 καὶ

441 1995 632 2049 ἑαυτὸν
665 1995 844 2065 γάμου
876 1994 1213 2067 ὑπάρχοντα,
1247 1995 1341 2049 καὶ
1373 1997 1436 2049 ὲκ
1471 1999 1730 2065 γυναικὸς
1761 2014 2022 2068 γεγεννη-

444 2087 625 2157 μένον,
648 2088 742 2141 καὶ
761 2089 825 2140 ὲκ
856 2089 1065 2159 σπορᾶς
1088 2089 1298 2160 ἀνδρῶν
1321 2092 1541 2160 ἡγεῖται
1572 2089 1858 2155 σώζεσθαι.
1882 2093 2024 2163 Ἀρα

436 2174 534 2233 οὖν
562 2177 722 2232 πάλιν
764 2178 989 2232 ἁνέλυσε
1030 2181 1130 2251 τὴν
1152 2180 1317 2235 αὑτοῦ
1346 2180 1485 2234 κατὰ
1515 2181 1608 2235 τοῦ
1652 2182 1829 2252 γάμου
1858 2182 2023 2253 βλασ-

442 2270 672 2342 φημίαν.
700 2272 764 2325 Εί
786 2270 892 2342 γὰρ
948 2266 1105 2336 οὗτος
1134 2274 1197 2325 ὲκ
1224 2272 1417 2343 γάμων
1449 2273 1710 2344 ὑπάρχων
1739 2275 2018 2346 σωτηρίαν

440 2360 573 2427 ἔξει,
600 2362 708 2433 ἄρα
747 2362 807 2414 ού
856 2361 1131 2433 βδέλυγμα
1157 2365 1185 2416 6
1217 2363 1415 2434 γάμος,
1448 2366 1477 2418 ὁ
1517 2364 1724 2433 γεννῶν
1768 2366 1895 2428 τοὺς
1925 2366 2026 2437 τῆς

444 2453 717 2524 σωτηρὲας
749 2454 1098 2525 μετέχοντας,
1129 2455 1227 2527 οἴῳ
1262 2456 1307 2509 δ’
1331 2455 1398 2510 ἂν
1432 2455 1578 2509 θέλοι
1605 2457 1792 2528 τρόπῳ
1819 2457 2022 2527 λέγειν.

445 2545 511 2598 El
540 2543 597 2597 δὲ
626 2545 855 2617 συσταίη
891 2548 1010 2598 κατ’
1038 2546 1217 2601 αὐτῶν
1240 2547 1417 2617 λόγος,
1447 2548 1571 2601 Ὅτι
1599 2530 1856 2620 ἀθέμιτός
1878 2551 2025 2603 ἐστιν

442 2637 471 2688 6
506 2635 717 2707 γάμοςο
766 2637 876 2708 ἄρα
924 2637 1124 2707 μᾶλλον
1150 2641 1181 2692 6
1230 2638 1402 2710 ’Δδὰμ
1445 2639 1771 2711 σωθήσεται,
1807 2641 1881 2712 μὴ
1916 2641 2026 2696 άπὸ
2078 2644 2097 2661 ⁸

444 2728 621 2798 γάμου
659 2728 1010 2800 ὁρμώμενος,
1048 2729 1162 2784 ἀλλ’
1212 2733 1271 2785 ὲν
1304 2733 1446 2804 χειρὶ
1494 2734 1708 2805 Πατρὸς
1753 2735 1846 2788 καὶ
1893 2734 2023 2788 Υίοῦ

446 2820 540 2875 καὶ
571 2821 726 2889 ἁγίου
757 2821 1074 2895 Πνεύματος
1098 2823 1500 2897 πεπλασμένος,
1526 2825 1669 2880 κατὰ
1692 2827 1753 2881 τὸ
1779 2843 2027 2899 γεγραμ-

450 2910 609 2981 μένον
630 2912 651 2944 ³
683 2912 776 2966 ὑπ’
816 2913 982 2967 αὑτοῦ
1012 2913 1108 2967 τοῦ
1145 2915 1301 2983 ἁγίου
1336 2917 1552 2987 Πατρὸς
1580 2917 1717 2989 πρὸς
1754 2917 1847 2972 τὸν
1873 2918 2021 2985 Υίδν,

445 3002 527 3056 ὃτι
566 3001 918 3073 Ποιήσωμεν
955 3004 1271 3072 ἄνθρωπον
1315 3009 1442 3060 κατ’
1491 3007 1696 3060 εἰκόνα
1731 3008 2026 3078 ἡμετέραν

2136 1818 2268 1881 gnat
2297 1826 2312 1863 :
2343 1807 2490 1879 quod
2523 1815 2578 1863 et
2611 1807 2833 1877 nuptias
2876 1810 3091 1864 auctori
3129 1808 3241 1864 Deo
3272 1811 3590 1875 tribuendas
3624 1831 3720 1871 nc-

2126 1910 2251 1968 gat,
2294 1914 2498 1969 easque
2541 1898 2808 1969 ﬂagitium
2859 1908 2914 1955 et
2961 1900 3292 1957 adulterium
3337 1906 3616 1972 nominat,
3669 1920 3724 1964 et

2124 1993 2365 2062 seipsum
2408 1990 2769 2045 nihilominus
2809 2006 2842 2045 e
2893 1991 3124 2046 muliere
3159 2002 3488 2064 prognatum
3550 2009 3717 2067 atque

2123 2100 2189 2139 ex
2229 2083 2376 2138 virili
2430 2090 2555 2137 satu
2612 2090 2963 2152 procreatum
3015 2086 3229 2139 servari
3263 2102 3429 2156 posse
3470 2088 3720 2145 conlidit.

2124 2176 2243 2241 Qua
2277 2174 2496 2245 quidem
2533 2176 2745 2230 ratione
2784 2170 3021 2244 priorem
3063 2177 3213 2230 illam
3238 2217 3252 2241 ,
3304 2194 3469 2248 quam
3514 2182 3724 2251 nuptiis

2125 2268 2485 2336 imposuerat,
2522 2267 2911 2321 contumeliam
2943 2268 3188 2322 rescidit.
3223 2267 3280 2322 Si
3314 2270 3459 2324 enim
3489 2270 3582 2324 ille
3607 2271 3724 2341 ipse

2127 2362 2399 2431 originem
2449 2359 2673 2412 trahens
2718 2372 2748 2410 a
2790 2358 3000 2428 nuptiis
3058 2358 3292 2413 salutem
3338 2361 3719 2432 consequitur,

2125 2467 2237 2507 non
2265 2451 2434 2522 igitur
2477 2447 2817 2504 detestandae
2854 2455 2984 2503 sunt
3035 2449 3272 2519 nuptiae,
3326 2465 3450 2520 quae
3497 2466 3595 2506 eos
3642 2453 3722 2523 gi—

2123 2553 2332 2614 gnant,
2370 2542 2571 2613 quibus
2626 2541 2776 2595 salus
2833 2538 3124 2596 tribuenda
3173 2542 3278 2607 sit,
3333 2558 3723 2617 quamcunque

2127 2643 2336 2705 partem
2354 2635 2574 2705 eligant.
2590 2633 2748 2700 Quod
2771 2634 2814 2688 si
2831 2648 2958 2688 vera
2976 2634 3048 2689 sit
3064 2634 3384 2691 eorumdem
3402 2638 3677 2694 sententia
3696 2679 3712 2704 ,

2127 2731 2201 2787 Ut
2224 2730 2430 2785 illicitae
2456 2730 2567 2785 sint
2588 2731 2796 2800 nuptiae
2819 2747 2834 2796 ;
2858 2739 3010 2786 tanto
3046 2732 3222 2803 magis
3242 2732 3512 2788 Adamum
3541 2735 3720 2806 ipsum

2127 2837 2226 2894 par
2255 2830 2343 2879 est
2380 2818 2578 2878 salutis
2606 2832 2917 2893 compotem
2944 2823 3083 2889 fieri,
3118 2825 3211 2895 qui
3252 2826 3420 2883 nullis
3450 2843 3721 2901 prapaga-

2127 2923 2217 2972 tus
2247 2915 2499 2987 nuptiis,
2577 2912 2761 2969 Patris
2815 2928 2878 2968 ac
2915 2912 3077 2980 Filii,
3131 2922 3185 2971 et
3244 2915 3484 2988 Spiritus
3534 2920 3717 2975 sancti

2130 3023 2294 3064 manu
2339 3015 2426 3063 est
2478 3004 2689 3063 efﬁctus
2722 3024 2734 3059 :
2769 3006 3234 3075 quemadmodum
3295 3006 3579 3080 Scriptura
3631 3018 3716 3067 te-

444 3094 541 3149 καὶ
571 3097 698 3151 καθ’
748 3095 1051 3165 ὁμοίωσιν.
1079 3096 1205 3161 Πῶς
1251 3097 1307 3151 δὲ
1356 3097 1418 3151 οὑ
1452 3096 1684 3162 σώζεται
1712 3101 1741 3153 6
1772 3100 1960 3172 Ἀδάμ,
1996 3104 2023 3155 6

2129 3110 2331 3166 statur,
2357 3116 2484 3155 cum
2526 3101 2601 3154 ita
2637 3097 2799 3155 Pater
2845 3096 3042 3153 Filium
3082 3100 3370 3171 alloquens
3409 3102 3714 3160 introduci-

445 3182 596 3254 παρὰ
646 3186 731 3238 σοὶ
790 3185 1260 3259 ἀπελπιζόμενος,
1317 3189 1479 3244 ὁπότε
1528 3190 1692 3255 αὑτὸς
1740 3192 1769 3245 6
1820 3189 2023 3260 Κύριος

448 3276 602 3348 ἡμῶν
620 3278 828 3349 Ἰησοῦς
860 3280 1118 3351 Χριστὸς,
1149 3279 1317 3334 ἐλθὼν
1345 3280 1528 3343 είςτδν
1554 3281 1780 3351 κόσμον,
1799 3282 2025 3351 νεκροῖις

445 3372 585 3444 μετὰ
617 3371 716 3444 τὴν
758 3373 1014 3445 τελευτὴν
1046 3374 1251 3445 ἐγείρει
1287 3377 1345 3428 ὲν
1381 3374 1530 3445 αὑτῷ
1570 3373 1647 3445 τῷ
1682 3372 1918 3445 σώματι,
1949 3375 2023 3435 ὡς

441 3463 534 3515 τὸν
561 3460 833 3534 Λάζαρον,
872 3464 965 3516 καὶ
991 3464 1105 3516 υἱὸν
1138 3464 1235 3534 τῆς
1265 3466 1458 3535 χήρας,
1494 3464 1590 3518 καὶ
1615 3462 1715 3534 τὴν
1750 3462 2026 3534 θυγατέρα

440 3550 533 3605 τοῦ
551 3552 1025 3623 Ἀρχισυναγώγου
1052 3572 1065 3620 ;
1091 3555 1203 3608 Καὶ
1228 3557 1276 3608 εί
1298 3555 1460 3617 αὑτὸς
1486 3555 1586 3607 οὐκ
1603 3549 1673 3625 ἦν
1700 3554 1729 3607 6
1747 3553 1838 3609 τὸν
1855 3553 2026 3623 ’Δδὰμ

442 3639 655 3703 πλάσας
699 3641 765 3693 ὲκ
811 3641 934 3711 χοὸς
981 3642 1076 3694 ἀπ’
1132 3642 1310 3712 ἀρχῆς
1333 3682 1346 3706 ,
1408 3643 1527 3705 πῶς
1574 3641 1784 3704 πτύσας
1852 3643 2025 3713 χαμαὶ

442 3731 667 3802 ἐποίησε
709 3733 902 3804 πηλὸν,
938 3734 1032 3787 καὶ
1057 3734 1282 3788 ἐπέθετο
1303 3735 1397 3788 ἐπὶ
1427 3735 1553 3795 τοὺς
1593 3733 1901 3805 ὀφθαλμοὺς
1930 3734 2023 3787 τοῦ

442 3818 651 3891 τυφλοῦ
675 3821 769 3875 τοῦ
803 3823 869 3875 ὲκ
899 3824 1145 3894 γενετῆς,
1170 3823 1269 3876 καὶ
1297 3823 1554 3895 ἐποίησεν
1576 3823 1740 3877 αὐτὸν
1771 3823 2023 3893 βλέπειν;

443 3916 564 3971 Ἵνα
597 3916 743 3988 δείξῃ
781 3917 972 3971 ἑαυτὸν
997 3917 1095 3989 μὲν
1128 3913 1267 3971 εἶναι
1290 3917 1383 3970 τὸν
1406 3917 1659 3986 Πλάστην
1688 3918 1786 3970 σὺν
1811 3916 1889 3987 τῷ
1914 3916 2028 3970 Πα-

442 4012 533 4081 τρὶ
557 4010 652 4064 καὶ
681 4008 760 4080 τῷ
786 4010 927 4081 ἁγίῳ
952 4008 1252 4078 Πνεύματι,
1285 4009 1380 4062 καὶ
1414 4007 1474 4061 τὸ
1511 4006 1726 4071 ἐλλιπὲς
1760 4008 1925 4079 μέρος
1967 4008 2025 4059 ὲν

444 4100 521 4171 τῷ
544 4100 652 4154 ἀπὸ
695 4101 920 4171 γενετῆς
944 4100 1328 4172 γεγεννημένῳ
1366 4098 1555 4170 τυφλῷ
1581 4099 1672 4153 διὰ
1710 4098 1803 4152 τοῦ
1849 4098 2024 4171 πηλοῦ

445 4191 757 4264 προστιθεὶς
788 4191 867 4262 τῷ
891 4192 1129 4245 λείποντι
1158 4190 1336 4262 τόπῳ
1393 4188 1729 4262 διορθώσεως
1759 4189 1869 4263 γὰρ
1907 4190 2026 4244 ἓνε-

438 4302 538 4337 κεν
573 4284 668 4337 τοῦ
713 4283 992 4347 λείποντος
1025 4284 1224 4353 μέρους
1257 4281 1506 4352 φαίνεται
1543 4281 1701 4335 τοῦτο
1733 4283 2027 4352 πεποιηκέ-

2128 3202 2218 3247 tur
2253 3212 2267 3248 :
2302 3192 2593 3247 Faciamus
2618 3190 2879 3246 hominem
2899 3190 2969 3245 ad
3000 3192 3281 3262 imaginem
3318 3204 3369 3249 et
3397 3194 3714 3250 similitudi-

2129 3300 2245 3337 nem
2273 3294 2511 3337 nostram
2545 3283 2585 3334 ⁸.
2612 3281 2715 3348 Qui
2754 3297 2919 3352 porro
2946 3285 3205 3338 convenit
3231 3283 3525 3351 Adamum,
3547 3301 3714 3357 quem

2126 3373 2287 3454 393
2316 3388 2414 3445 pro
2430 3373 2722 3444 desperato
2734 3373 2926 3437 habes,
2945 3390 2975 3428 a
2989 3375 3164 3430 salute
3181 3376 3417 3432 alienum
3434 3393 3575 3443 esse,
3592 3395 3718 3434 cum

2128 3455 2393 3520 Dominus
2407 3464 2524 3535 ipse
2536 3473 2725 3520 noster
2739 3462 2900 3520 Jesus
2922 3465 3197 3535 Christus,
3218 3467 3270 3522 in
3291 3467 3436 3524 hunc
3455 3470 3721 3531 mundum

2128 3556 2381 3621 veniens,
2426 3555 2538 3611 vita
2587 3554 2703 3626 jam
2738 3555 3028 3613 defunctos
3051 3556 3301 3614 homines
3337 3573 3568 3630 corpore
3597 3561 3719 3631 ipso

2128 3648 2411 3703 suseitarit
2436 3687 2451 3711 ,
2508 3646 2587 3701 uti
2631 3645 2901 3702 Lazarum
2932 3648 2988 3714 ⁸,
3049 3663 3116 3702 ac
3170 3648 3343 3704 viduae
3375 3648 3545 3705 ﬁlium
3574 3651 3618 3716 ",
3660 3660 3714 3706 et

2129 3737 2426 3809 Synagogte
2454 3722 2717 3808 principis
2748 3737 2913 3793 filiam
2945 3738 3005 3793 ⁸2
3032 3738 3168 3793 Nam
3201 3740 3247 3794 si
3279 3739 3328 3795 is
3368 3755 3712 3811 nequaquam

2126 3829 2395 3893 Adamum
2426 3829 2584 3884 initio
2627 3829 2695 3884 de
2727 3838 2874 3885 terra
2907 3829 3230 3896 formasset,
3272 3846 3372 3885 cur
3396 3831 3450 3885 in
3494 3831 3717 3909 humum

2127 3920 2399 3990 despuens
2433 3918 2608 3973 lutum
2655 3919 2862 3973 faceret
2886 3959 2899 3983 .,
2934 3919 3164 3989 ejusque
3211 3920 3304 3988 qui
3341 3934 3519 3975 czeeus
3556 3932 3718 3976 natus

2129 4011 2305 4066 fuerat
2354 4010 2532 4066 oculis
2588 4010 2860 4076 illineret,
2915 4010 3080 4080 eique
3133 4011 3311 4067 visum
3376 4013 3719 4067 redderet“?

2126 4100 2247 4166 Quo
2281 4098 2452 4167 facto,
2496 4099 2851 4155 Conditorem
2901 4115 2959 4155 se
2980 4115 3103 4155 esse
3145 4115 3269 4154 eum
3302 4098 3464 4156 Patre
3493 4116 3557 4155 ac
3599 4100 3719 4173 Spi-

2127 4190 2234 4245 ritu
2265 4197 2458 4245 sancto
2483 4189 2775 4245 manifeste
2804 4188 3126 4252 declaravit,
3151 4203 3276 4242 cum
3304 4195 3513 4258 partem
3542 4188 3713 4254 illam,

2128 4296 2248 4352 quae
2284 4296 2429 4335 caeco
2469 4287 2598 4334 nato
2631 4280 2854 4345 deerat,
2882 4295 3110 4348 asperso
3141 4280 3276 4346 luto,
3312 4279 3563 4333 mutilato
3588 4293 3715 4333 θοι-«-

444 4395 553 4430 ναι.
586 4376 646 4430 El
674 4377 731 4432 δὲ
757 4376 919 4431 πάλιν
953 4376 1115 4440 αὑτός
1137 4377 1284 4429 ἐστιν
1310 4377 1339 4428 6
1364 4374 1566 4446 Κύριος
1598 4374 1768 4444 Ἀδάμ
1793 4372 2023 4439 πλάσας,

2127 4373 2280 4443 poris
2336 4372 2583 4426 membro
2618 4372 2912 4441 restituit;
2965 4378 3023 4425 ut
3067 4371 3211 4426 enim
3270 4386 3523 4426 mancum
3566 4371 3715 4426 istud

442 4470 539 4523 καὶ
565 4468 728 4521 αὑτὸν
748 4468 840 4521 τὸν
863 4466 1287 4540 πρωτόπλαστον
1308 4465 1585 4528 ἀπολλύει,
1602 4467 1728 4528 τοὺς
1746 4464 1802 4517 δὲ
1828 4464 2022 4527 ἄλλους

2126 4465 2432 4520 membrum
2461 4465 2762 4530 corrigeret
2787 4505 2802 4529 ,
2835 4465 2939 4519 hoc
2969 4465 3149 4535 egisse
3178 4463 3411 4519 videtur.
3435 4461 3554 4517 Jam
3586 4479 3716 4520 vero

445 4562 629 4628 σώζει,
656 4558 701 4616 ὦ
727 4561 894 4631 πολλή
932 4577 1024 4614 σου
1062 4557 1524 4630 ματαιοφροσύνη,
1562 4557 1827 4612 Τατιανέί
1867 4557 2021 4610 Ἀδυ-

2126 4553 2172 4609 si
2209 4554 2479 4608 Adamum
2526 4552 2790 4610 Dominus
2838 4554 2955 4624 ipse
3000 4554 3321 4617 fabricavit,
3371 4569 3434 4607 ac
3476 4555 3714 4623 primum

440 4656 644 4726 ναμίαν
674 4654 784 4724 γάρ
809 4653 887 4724 τῷ
912 4652 1102 4724 Κυρίῳ
1131 4651 1273 4706 κατὰ
1305 4650 1531 4721 δύναμιν
1564 4650 1919 4721 προσάπτεις,
1944 4648 2022 4719 τῷ

2126 4643 2259 4697 illud
2306 4658 2466 4698 suum
2501 4657 2643 4713 opus
2675 4643 3034 4698 nihilominus
3073 4643 3438 4709 exterminat,
3467 4643 3597 4697 dum
3631 4659 3713 4698 re-

441 4748 723 4819 δυναμένῳ
759 4747 849 4801 τὸν
882 4745 1307 4818 πρωτόπλαστον
1350 4743 1537 4808 αὑτοῦ,
1575 4742 1662 4796 διὰ
1684 4742 1814 4813 μίαν
1841 4758 2022 4813 παρα-

2126 4738 2304 4809 liquos
2331 4736 2548 4791 interim
2584 4742 2799 4803 servat;
2830 4744 3036 4809 quanta
3066 4737 3203 4799 haec,
3237 4734 3466 4790 Tatiane
3492 4774 3508 4799 ,
3540 4736 3719 4791 stulti-

442 4841 576 4911 κοὴν
614 4838 1017 4910 ἐκϐεϐλημένον
1048 4837 1145 4889 τοῦ
1174 4835 1530 4908 παραδείσου,
1561 4835 1654 4888 καὶ
1682 4833 1931 4898 παιδείας
1959 4832 2021 4886 οὑ

2128 4830 2201 4883 tia
2232 4829 2352 4884 est!
2382 4826 2819 4882 lmbecillitatem
2846 4827 2990 4882 enim
3016 4825 3248 4881 Domino
3274 4836 3536 4897 quantum
3569 4827 3625 4882 in
3657 4834 3713 4882 te

442 4932 540 5002 τῆς
595 4930 864 5002 τυχούσης
901 4929 1273 5000 μετασχόντα,
1310 4930 1367 4981 ὲν
1429 4926 1613 4997 ἱδρῶτι
1649 4927 1744 4979 καὶ
1792 4926 2023 4997 καμάτῳ

2132 4929 2218 4977 est
2246 4918 2491 4989 affingis;
2516 4918 2611 4989 qui
2651 4933 2777 4973 cum
2828 4916 3106 4974 hominem
3127 4960 3141 4981 ,
3169 4934 3332 4988 quem
3367 4926 3494 4974 ante
3524 4934 3715 4975 omnes

441 5019 883 5086 διατετελεκότα,
920 5019 1015 5072 καὶ
1050 5017 1340 5071 κατέναντι
1381 5016 1475 5069 τοῦ
1522 5015 1852 5086 παραδείσου
1892 5032 2023 5069 κατ-

2130 5013 2446 5074 eﬂinxerat,
2481 5011 2553 5064 ob
2586 5010 2809 5065 unicum
2827 5011 3014 5065 violati
3053 5010 3297 5065 mandati
3329 5011 3539 5065 crimen
3565 5026 3597 5067 e
3625 5025 3715 5081 pa-

442 5112 719 5184 ῳκηκὸτα,
747 5112 895 5175 ὅπως
936 5107 1265 5180 μνημονεύοι
1303 5108 1401 5179 τῆς
1444 5108 1654 5178 ἀγαθῆς
1701 5106 1789 5162 διὰ
1818 5106 1916 5177 τῆς
1948 5107 2023 5168 εἰς

2130 5103 2317 5158 radiso
2367 5102 2691 5172 depulsum,
2753 5115 2854 5156 nec
2910 5099 3172 5155 mediocri
3238 5099 3716 5156 animadversione

447 5207 666 5277 μνήμην
725 5203 1015 5274 μετανοίας
1067 5201 1295 5266 σώζειν·
1353 5200 1387 5271 ἢ
1440 5200 1723 5277 δυναμένῳ
1763 5198 1892 5269 μὲν,
1950 5197 2023 5270 μὴ

2132 5197 2494 5266 castigatum,
2532 5200 2593 5248 ut
2636 5199 2851 5247 aetatem
2901 5205 3058 5246 suam
3096 5201 3359 5261 perpetuo
3402 5190 3605 5247 sudore
3651 5207 3715 5246 ac

443 5276 684 5349 ἐλεοῦντι
718 5294 798 5348 δέ.
835 5293 912 5346 Δι’
940 5292 1006 5362 ῆν
1038 5291 1132 5346 τοῦ
1161 5291 1256 5346 νῦν
1285 5290 1464 5344 αἰτίαν
1484 5276 1511 5322 λ
1540 5291 1669 5361 ἄχρι
1708 5289 1815 5343 τῶν
1858 5305 2023 5342 κατα-

2132 5287 2323 5342 labore
2367 5285 2738 5361 transigeret,
2780 5289 2945 5352 atque
2972 5297 3004 5338 e
3032 5281 3277 5353 paradisi
3308 5281 3530 5352 regione
3554 5281 3717 5352 dege-

444 5386 673 5458 χθονίων
705 5385 941 5457 Χριστὸς
970 5382 1234 5454 κατῆλθε;
1269 5382 1390 5435 Τίνι
1419 5381 1499 5452 τῷ
1528 5381 1673 5451 λόγῳ
1701 5380 1763 5433 τὸ
1790 5380 2023 5451 τριήμε-

2129 5387 2242 5443 ret,
2284 5393 2395 5449 quo
2424 5393 2491 5432 ex
2520 5375 2695 5431 felicis
2721 5373 2984 5430 domicilii
3014 5374 3399 5430 recordatione
3424 5374 3715 5429 vehemen-

449 5497 538 5554 ρον
572 5478 857 5550 κοιμηθεὶς
889 5474 1176 5538 πεπονθὼς
1209 5473 1407 5544 ἀνέστη
1433 5490 1447 5539 ;
1470 5472 1595 5536 Πῶς
1620 5473 1676 5526 δὲ
1700 5471 2023 5542 πληροῦται,

2128 5477 2214 5526 ter
2234 5485 2360 5525 eum
2415 5467 2735 5539 paeniteret;
2766 5465 2935 5533 hunc,
2969 5466 3215 5538 inquam,
3244 5480 3464 5521 servare
3485 5466 3713 5521 minime

515 5638 530 5669 ¹
557 5634 617 5690 F.
649 5635 886 5690 πάντων.
1000 5634 1018 5665 ²
1055 5632 1215 5687 Deest
1254 5632 1539 5700 repetitum
1602 5631 1662 5684 οὑ
1717 5626 1967 5693 σώζεται,
1995 5644 2023 5680 v

2126 5627 2299 5699 egoh
2336 5623 2403 5700 δέ
2435 5625 2874 5700 τιὸ-φυράματος.-
2984 5622 3089 5700 ³⁸1³⁸ζ
3112 5623 3421 5700 εἰρημένον.
3479 5622 3522 5655 ³⁸
3544 5621 3604 5678 F.
3628 5621 3719 5678 διὰ

441 5706 566 5764 τίνα
588 5706 644 5761 δὲ
674 5705 873 5759 αἰτίαν.
1021 5703 1042 5733 ⁸
1067 5703 1202 5756 Gen.
1232 5718 1271 5764 ι,
1311 5692 1402 5754 Ξϐ.
1484 5704 1502 5730 ⁸
1528 5701 1686 5756 Joan.
1720 5692 1914 5766 x565.
1958 5692 1961 5693 ⁷
1990 5701 2009 5730 ⁷

2126 5692 2184 5753 εἴ
2202 5713 2300 5765 vn,
2331 5696 2418 5752 Η.
2499 5692 2728 5751 ’Μἰπὲ,
2759 5712 2812 5762 v,
2847 5695 2935 5752 41.
3011 5697 3032 5727 ⁹
3061 5692 3335 5755 Ιοιιὶιέικ,
3374 5695 3399 5747 1
3428 5710 3550 5764 sqq.

847 5805 1118 5865 ΡΑτειοι..
1160 5801 1279 5860 Gn.
1314 5797 1476 5861 xu.
1830 5799 1834 5803 ·
2244 5788 2251 5793 ‘
2930 5776 2935 5781 ’
2976 5875 2991 5884 δ
3372 5787 3453 5881 a7
