3918 6168
379 348 485 407 865

1332 341 1700 403 ADVERSUS
1729 338 2072 402 HERESES
2110 344 2239 403 LIB.
2286 348 2348 405 ll.
2387 346 2551 405 TOM.
2592 347 2636 405 l.

3512 351 3624 409 διο

376 469 409 535 ή
445 463 589 535 ἄκρα
617 464 649 531 ή
686 461 816 514 ποτὲ
843 460 1160 532 ὑπάρχουσα
1189 461 1247 513 ὲν
1274 460 1432 525 Σιὼν,
1456 459 1554 513 νῦν
1578 460 1634 513 δὲ
1662 459 1953 531 τμηθεῖσα,

2081 476 2114 514 n
2143 461 2336 531 primis
2374 462 2581 519 arduus
2629 470 2714 518 est
2741 461 3017 519 Gahaonis
3056 479 3216 519 mons
3262 473 3457 519 octavo
3505 463 3635 521 inde

379 555 474 610 καὶ
501 551 642 624 αὐτὴ
671 552 976 623 ὑψηλοτέρα
1005 551 1219 622 ὑπῆρχε
1247 548 1340 604 τοῦ
1369 550 1553 605 τόπου.
1602 550 1772 605 Πόθεν
1800 545 1893 604 οὖν
1922 552 1955 621 ἡ

381 645 667 717 ἐπωνυμία
718 644 812 698 τοῦ
839 644 1134 714 κρανίου;
1193 642 1329 696 Ἀλλ’
1376 642 1565 714 ἐπειδὴ
1615 642 1710 697 τοῦ
1748 659 1959 714 πρωτο-

382 737 622 793 πλάστου
668 734 954 807 ἀνθρώπου
1005 735 1120 788 ἐκεῖ
1168 734 1229 788 τὸ
1283 735 1506 806 κρανίον
1554 733 1814 807 εὓρηται,
1869 735 1960 787 καὶ

383 832 500 885 ἐκεῖ
529 828 591 882 τὸ
631 827 881 897 λείψανον
921 826 1256 889 ἑναπέκειτο,
1289 825 1477 880 τούτου
1522 827 1683 897 ἕνεκα
1713 825 1960 895 κρανίου

383 920 543 983 τόπος
569 918 901 989 ἐπεκέκλητο
918 935 933 951 ’
961 917 1046 986 ἐφ’
1074 912 1134 972 οὗ
1163 917 1494 990 σταυρωθεὶς
1523 920 1551 971 ὁ
1582 916 1780 988 Κύριος
1804 916 1961 987 ἡμῶν

397 1008 602 1080 Ἰησοῦς
644 1007 895 1079 Χριστὸς,
929 1007 1018 1061 διὰ
1053 1005 1146 1060 τοῦ
1180 1007 1466 1078 ρεύσαντος
1497 1008 1591 1061 ἀπ’
1640 1006 1806 1060 αὐτοῦ
1837 1005 1963 1059 ὓδα-

384 1118 474 1165 τος
504 1100 599 1154 καὶ
634 1098 887 1169 αἵματος,
935 1098 1024 1151 διὰ
1058 1098 1157 1169 τῆς
1194 1098 1485 1169 νυχθείσης
1514 1098 1678 1152 αὑτοῦ
1703 1098 1960 1169 πλευρᾶς,

385 1188 800 1262 αἰνιγματωδῶς
866 1188 1041 1255 ἔδειξε
1074 1188 1173 1260 τὴν
1207 1189 1363 1259 ἡμῶν
1394 1190 1687 1259 σωτηρίαν,
1731 1189 1836 1243 ἀπὸ
1868 1191 1965 1259 τῆς

386 1281 561 1353 ἀρχῆς
603 1278 697 1332 τοῦ
744 1278 1062 1349 φυράματος
1113 1276 1417 1349 ἀρξάμενος
1447 1276 1715 1350 ραντίζειν
1743 1278 1812 1332 τὰ
1860 1279 1961 1331 λείο

386 1373 531 1441 ψανα
576 1369 670 1423 τοῦ
718 1369 1079 1440 προπάτορος,
1131 1358 1239 1422 ἴναῃ
1263 1369 1357 1423 καὶ
1400 1371 1531 1439 ἡμῖν
1581 1368 1831 1441 ὑποδείξῃ
1874 1370 1965 1423 τὸν

390 1459 685 1532 ῥαντισμὸν
735 1457 830 1512 τοῦ
894 1458 1059 1512 αὑτοῦ
1102 1458 1366 1529 αἵματος,
1419 1461 1501 1523 εἰς
1553 1460 1818 1531 κάθαρσιν
1866 1461 1967 1530 τῆς

390 1550 543 1620 ἡμῶν
587 1547 890 1613 κοινώσεως
937 1551 1030 1602 καὶ
1079 1549 1258 1620 ψυχῆς
1316 1553 1680 1622 μετανοούσης
1702 1592 1716 1613 ,
1749 1553 1843 1605 καὶ
1889 1554 1967 1616 εἰς

387 1642 691 1713 ὑπόδειγμα
743 1642 1028 1712 φυράσεως
1091 1642 1186 1696 καὶ⁵
1240 1642 1583 1714 καθαρισμοῦ
1644 1644 1815 1715 ῥύπου
1859 1643 1969 1697 τῶν

388 1735 671 1806 ἡμετέρων
700 1735 1116 1805 ἁμαρτημάτων
1142 1734 1451 1805 γενόμενον,
1475 1734 1537 1789 τὸ
1570 1735 1799 1807 ἐκχυθὲν
1826 1734 1969 1805 ὕδωρ

2060 552 2240 624 lapide
2266 553 2496 609 distans.
2547 552 2830 610 Postremo
2862 556 3037 612 clivus
3084 556 3247 611 etiam
3301 556 3411 620 ille,
3443 556 3536 624 qui
3576 557 3631 612 in

2062 640 2227 699 Sione
2254 643 2530 713 quondam
2555 644 2789 709 exstitit,
2822 643 2914 700 sed
2941 645 3156 701 excisus
3203 644 3363 699 hodie
3396 653 3501 714 est,
3533 646 3636 701 fuit

2060 732 2340 805 Golgotha:
2365 734 2459 789 illo
2492 734 2612 788 loco
2653 734 2958 789 sublimior.
2986 733 3270 790 Undenam
3303 736 3465 807 igitur
3519 735 3634 790 cal-

2062 826 2223 880 varia:
2255 841 2455 882 nomen
2491 824 2766 881 obtinuit?
2796 823 2950 890 Quod
2994 825 3249 879 nimirum
3280 827 3437 895 primi
3466 823 3639 880 homi-

2063 920 2149 975 nis
2195 919 2306 973 illic
2352 919 2589 973 calvaria
2624 925 2834 989 reperta
2879 918 2971 979 sit,
3004 916 3231 988 ejusque
3272 918 3514 988 reliquiae
3544 916 3638 973 de-

2064 1008 2244 1076 fossae,
2304 1011 2375 1066 ob
2405 1010 2457 1065 id
2492 1011 2742 1066 calvaria!
2787 1011 2939 1064 locus
2977 1009 3278 1079 appellatus
3313 1017 3414 1065 est.
3448 1008 3505 1063 In
3529 1024 3638 1079 quo

2067 1101 2327 1159 Dominus
2354 1112 2542 1163 noster
2565 1101 2727 1158 Iesus
2756 1102 3010 1157 Christus
3035 1101 3287 1155 sublatus
3310 1101 3365 1153 in
3394 1115 3635 1163 crucem,

2066 1209 2161 1263 per
2189 1210 2386 1264 aquam
2415 1195 2561 1249 illam
2589 1202 2643 1249 et
2667 1194 2990 1265 sanguinem
3012 1209 3076 1249 ex
3106 1193 3226 1261 ejus
3257 1191 3533 1262 perforato
3564 1192 3641 1245 Ia-

2067 1295 2178 1338 tere
2213 1283 2591 1354 proﬂuentem,
2627 1285 2773 1339 velut
2806 1284 3092 1354 imaginem
3128 1281 3442 1353 quamdam,
3468 1290 3641 1335 totum

2068 1375 2261 1429 salutis
2316 1385 2517 1431 nostra:
2562 1375 2836 1445 negotium
2867 1373 3029 1446 395
3072 1372 3453 1437 adumbravit,
3511 1371 3641 1426 dum

2070 1467 2228 1536 primi
2264 1466 2504 1536 parentis
2550 1467 2809 1535 reliquias
2856 1467 2924 1519 ah
2968 1468 3085 1534 ipso
3130 1480 3326 1519 massae
3369 1463 3645 1534 principio

2072 1558 2249 1627 rigare
2277 1559 2465 1628 coepit,
2508 1566 2567 1611 ut
2596 1558 2662 1611 ad
2692 1557 3076 1628 detergendam
3109 1556 3282 1610 labem
3318 1555 3646 1609 foeditatem-

2071 1665 2175 1717 que
2204 1657 2473 1712 nostram,
2516 1664 2578 1703 ac
2617 1648 2932 1718 ptenitentis
2984 1648 3177 1701 animae
3207 1646 3644 1716 repurgationem

2074 1743 2156 1796 sui
2217 1743 2499 1812 sanguinis
2553 1741 2925 1811 aspersionem
2975 1740 3323 1803 ostenderet,
3362 1746 3526 1807 atque
3576 1737 3647 1792 ad

389 1828 485 1883 ἐπὶ
524 1827 618 1880 τὸν
664 1826 1020 1896 ὑποκείμενον
1049 1825 1128 1895 τῷ
1170 1826 1340 1895 τόπῳ,
1391 1828 1485 1891 καὶ
1511 1827 1853 1898 τεθαμμένον
1893 1827 1971 1889 εἰς

2079 1833 2451 1887 subactionem
2513 1830 2804 1901 quamdam
2850 1831 3399 1899 commistionemque
3440 1826 3648 1897 signiti-

386 1914 583 1972 ἐλπίδα
628 1915 792 1969 αὐτοῦ
832 1932 891 1968 τε
943 1916 1035 1967 καὶ
1069 1914 1232 1985 ἡμῶν
1257 1914 1365 1968 τῶν
1412 1914 1473 1980 ἐξ
1511 1915 1676 1969 αὐτοῦ
1715 1933 1966 1985 γεγεννη-

394 2004 588 2076 μένων.
618 2003 710 2057 Διὸ
755 2004 849 2057 καὶ
892 2003 1123 2057 ἐνταῦθα
1173 2003 1477 2075 ἐπληροῦτο
1525 2005 1586 2058 τὸ
1638 2005 1962 2077 εἰρημένον·

394 2098 647 2165 Ἔγειρε,
675 2098 708 2149 ό
743 2094 1066 2160 καθεύδων,
1093 2095 1186 2148 καὶ
1213 2095 1451 2150 ἀνάστα
1476 2095 1546 2149 ἐκ
1573 2090 1692 2150 τῶν
1719 2096 1966 2165 νεκρῶιυ

316 2178 325 2185 ’
390 2185 490 2240 καί
534 2185 855 2254 ἐπιφαύσει
897 2200 996 2239 σοι
1046 2189 1079 2239 ὁ
1122 2187 1396 2255 Χριστός.
1441 2188 1505 2241 Εί
1550 2185 1658 2257 γὰρ
1697 2188 1791 2241 καὶ
1841 2188 1970 2258 περὶ

392 2276 550 2348 ἡμῶν
572 2276 721 2344 λέγει
763 2275 870 2329 τῶν
908 2276 1329 2348 νενεκρωμένων
1356 2278 1468 2340 τοῖς
1495 2275 1697 2348 ἔργοις,
1729 2278 1825 2331 καὶ
1862 2278 1970 2330 τῶν

394 2368 759 2422 καθευδόντων
783 2369 841 2420 ὲν
881 2368 1032 2438 βάθει
1079 2368 1247 2422 ὕπνου
1277 2368 1376 2439 τῆς
1406 2369 1676 2438 ἀγνωσίας
1695 2385 1708 2400 ⁸
1739 2368 1853 2422 ἀλλ’
1878 2364 1973 2429 οὖν

395 2476 457 2528 γε
486 2459 695 2514 ἐκεῖθεν
722 2462 756 2530 ἡ
786 2460 1052 2531 ἀρχὴτῆς
1080 2459 1327 2524 αίνίξεως
1358 2458 1602 2531 περιέχει
1630 2459 1722 2515 τὸν
1747 2460 1970 2533 τρόπον,

397 2553 490 2606 καὶ
537 2551 635 2621 οὐχ
669 2550 876 2613 ἁπλῶς,
918 2551 1037 2604 οὐδὲ
1089 2550 1275 2623 ἀργῶς
1295 2568 1307 2581 ο
1360 2551 1613 2619 Ἀνέστη
1647 2552 1781 2621 γὰρ,
1815 2552 1972 2622 φησι,

399 2644 595 2699 πολλὰ
616 2642 861 2712 σώματα
885 2640 1004 2696 τῶν
1024 2642 1220 2713 ἁγίων,
1255 2642 1351 2710 (ὡς
1379 2641 1491 2713 ἔχει
1514 2642 1576 2695 τὸ
1599 2643 1974 2713 Εὑαγγέλιον),

399 2734 498 2789 καὶ
546 2733 838 2801 εἰσῆλθον
880 2733 1002 2787 σὺν
1053 2731 1215 2799 αὐτῷ
1257 2735 1347 2799 εἰς
1402 2733 1515 2802 τὴν
1544 2733 1723 2802 ἁγίαν
1773 2733 1973 2798 πόλιν,

402 2826 495 2880 καὶ
512 2824 589 2911 κτὰ
612 2823 758 2895 ἑξῆς.

2073 1925 2325 1989 candam,
2359 1938 2423 1977 ac
2460 1931 2774 1979 nostrarum
2806 1921 3073 1985 sordium,
3116 1920 3219 1974 hoc
3246 1927 3329 1974 est
3356 1918 3645 1982 scelerum,

2075 2016 2461 2086 expiationem,
2503 2029 2700 2084 aquam
2742 2013 2887 2067 illam
2927 2013 2983 2066 in
3031 2010 3337 2080 subjectum
3375 2009 3651 2062 hominem

2076 2108 2386 2177 ibidemque
2412 2108 2685 2177 sepultum
2715 2106 3021 2161 destillasse
3052 2108 3415 2167 monstraret;
3447 2114 3512 2153 ac
3540 2108 3652 2153 tam

2077 2201 2277 2268 ipsum.
2322 2213 2486 2268 quam
2537 2213 2638 2253 nos
2676 2197 2819 2265 .ejus
2863 2204 3111 2265 posteros
3156 2193 3223 2248 ad
3263 2206 3414 2261 spem
3466 2201 3655 2244 conse-

2075 2286 2303 2358 querulae
2353 2287 2542 2341 salutis
2596 2286 2852 2356 erigeret.
2892 2283 3162 2350 Quocirca
3210 2280 3319 2333 illic
3357 2276 3654 2346 Scriptura:

2076 2379 2283 2434 dictum
2328 2378 2460 2432 illud
2499 2377 2779 2447 impletum
2808 2384 2931 2430 est:
2970 2373 3157 2444 Surge,
3197 2373 3285 2443 qui
3331 2371 3553 2432 dormis.
3598 2374 3653 2423 et

2075 2468 2305 2523 excitare
2339 2483 2372 2520 a
2413 2466 2660 2529 mortuis,
2690 2477 2739 2520 et
2774 2463 3095 2519 illuminabit
3127 2473 3175 2517 te
3213 2461 3515 2518 Christus‘.
3557 2456 3653 2511 Li-

2078 2562 2165 2609 cet
2198 2554 2343 2608 enim
2378 2553 2445 2608 ad
2473 2568 2576 2609 nos
2610 2554 2757 2609 istud
2788 2553 3079 2623 pertineat.
3108 2552 3199 2622 qui
3225 2558 3279 2606 et
3309 2549 3469 2604 malis
3492 2547 3654 2603 factis

2082 2645 2283 2699 mortui
2315 2660 2527 2710 sumus,
2559 2653 2614 2698 et
2643 2643 2913 2700 altissimo
2955 2642 3277 2713 ignorantiae
3302 2655 3495 2703 somno
3521 2653 3654 2713 con-

2083 2735 2266 2804 sopiti,
2314 2735 2672 2790 nihilominus
2703 2734 2853 2789 illinc
2880 2733 3119 2804 ﬁguratae
3153 2732 3319 2803 hujus
3368 2732 3655 2789 sententia:

2082 2826 2473 2881 arcessendum
2500 2834 2583 2881 est
2612 2827 2849 2890 initium,
2883 2833 3073 2879 utnon
3099 2833 3324 2891 temere,
3354 2840 3459 2880 nec
3480 2824 3656 2880 otiose

402 2919 750 2988 pronuntiata
789 2916 1081 2971 videatur:
1120 2916 1476 2972 Surrexerimt
1527 2918 1666 2971 enim
1724 2916 1892 2970 multa
1946 2934 2174 2988 corpora
2215 2930 2521 2976 sanctorum
2553 2921 2637 2991 (ut
2670 2924 2724 2976 in
2769 2919 3061 2991 Evangelia
3111 2922 3376 2992 scriptum
3422 2918 3553 2990 est),
3602 2927 3657 2975 et

398 3011 716 3067 introierunt
744 3026 861 3063 cum
894 3011 1009 3079 ipso
1036 3010 1090 3063 in
1124 3021 1366 3063 sanctam
1399 3009 1727 3075 civitatem’,
1762 3019 1867 3066 etc.

471 3102 814 3173 Πανταχόθεν
843 3103 1022 3156 τοίνυν
1055 3103 1534 3175 ἀποκρουσάμενος
1574 3104 1669 3158 τοῦ
1720 3103 1971 3175 κώνωπος

2153 3103 2289 3158 Cum
2332 3102 2498 3174 igitur
2535 3102 2728 3157 culicis
2763 3102 2925 3157 istius
2944 3090 3170 3159 {morsus
3201 3102 3398 3159 divinae
3438 3104 3657 3161 miseri-

401 3194 592 3250 τούτου
622 3193 689 3248 τὰ
724 3194 995 3266 δήγματα,
1040 3193 1107 3246 δι’
1136 3194 1318 3248 ἐλαίου
1364 3196 1464 3267 τῆς
1491 3195 1586 3250 τοῦ
1618 3195 1753 3250 Θεοῦ
1799 3195 1987 3265 φιλαν-

404 3286 674 3359 θρωπίας,
702 3288 796 3340 καὶ
825 3286 1031 3358 Κυρίου
1062 3286 1219 3357 ἡμῶν
1247 3287 1525 3358 ἐνδημίας,
1557 3289 1653 3342 καὶ
1679 3286 1854 3359 φωτὸς
1884 3284 1979 3340 τοῦ

403 3377 738 3447 Εὑαγγελίου
790 3377 890 3445 τῆς
939 3377 1218 3448 ἀληθείας,
1277 3379 1369 3432 ἐπὶ
1411 3378 1512 3442 τὰς
1556 3379 1682 3451 ἑξῆς
1742 3377 1884 3434 κατὰ
1925 3377 1986 3432 τὸ

404 3469 593 3534 εἰωθὸς
615 3469 775 3523 πάλιν
808 3468 1089 3540 προελθεῖν
1116 3471 1173 3522 ὲν
1187 3471 1254 3541 τῇ
1282 3469 1377 3524 τοῦ
1406 3470 1543 3525 Θεοῦ
1574 3471 1800 3543 δυνάμει
1827 3486 1987 3524 σπου-

401 3560 675 3631 δάσωμεν.

491 3655 508 3685 ¹
541 3653 739 3724 Epltes.
764 3670 816 3718 ν,
848 3655 933 3709 14.
1011 3657 1031 3687 ³
1068 3655 1260 3712 Matth.
1293 3672 1463 3723 xxv",
1499 3657 1588 3713 53.

2081 3193 2282 3250 cordiae
2310 3194 2452 3257 oleo,
2489 3208 2554 3247 ac
2584 3192 2797 3247 Domini
2826 3193 3000 3247 nostri
3050 3193 3350 3250 Salvatoris
3388 3195 3652 3264 adventu,

2080 3296 2133 3342 et
2160 3286 2405 3341 veritatis
2429 3285 2757 3355 evangelica:
2777 3284 2898 3338 luce
2928 3285 3382 3355 propulsaverim,
3415 3285 3481 3341 ad
3517 3285 3656 3342 alias

2082 3378 2336 3440 haereses,
2369 3374 2574 3438 divina,
2612 3390 2710 3445 pro
2741 3391 2806 3432 eo
2840 3391 2903 3430 ac
2946 3376 3116 3443 soleo,
3146 3376 3318 3439 fretus
3343 3391 3444 3448 ope
3471 3384 3659 3446 patro-
3772 3396 3777 3399 λ

2080 3469 2334 3539 einioque
2361 3466 2696 3540 progrediar.

413 3836 3632 3881 Μ

720 3984 900 4036 ἸἍΔΕ
947 3979 1222 4035 ΕΝΕΣΤΙ
1258 3980 1387 4032 ΚΑΙ
1436 3978 1540 4030 ΕΝ
1588 3977 1672 4046 Τῼ
1713 3974 1922 4044 ΤΡΙΤῼ
1965 3974 2155 4042 ΤΟΜῼ
2204 3971 2422 4040 ΤΟΥΤῼ
2465 3971 2594 4025 ΤΟΥ
2626 3969 3338 4024 ΔΕΥΊῈΡΟΥΒΙΒΛΙΟΥ

1705 4126 2022 4197 “rerum
2054 4126 2135 4178 ΔΕ
2170 4125 2355 4190 eam,

572 4280 733 4347 Κατὰ
753 4290 867 4358 τὴν
889 4289 990 4344 ἀπ’
1027 4286 1220 4356 ἀρχῆς
1246 4285 1365 4339 τῶν
1403 4286 1596 4352 τόμιον
1632 4281 1738 4336 τοῦ
1771 4280 2019 4351 ἀριθμοῦ
2047 4279 2416 4334 ἀκολουθίαν
2436 4296 2448 4310 ·
2480 4278 2549 4332 ἐν
2579 4270 2628 4344 ᾧ
2658 4277 2818 4333 εἰσιν
2840 4276 3102 4347 αἱρέσεις
3148 4273 3469 4332 δεκαοκτώ.

1390 4506 1555 4578 396
1600 4506 1980 4568 SYNOPSIS
2015 4504 2219 4569 TOMI
2256 4503 2343 4564 Ill
2376 4490 2591 4563 LIBRI
2621 4501 2700 4573 ll,

616 4638 742 4714 Qui
774 4638 841 4700 in
871 4646 1186 4700 tomorum
1222 4635 1404 4697 initio
1439 4636 1783 4698 constituta
1817 4634 1986 4697 serie
2016 4643 2282 4715 quartus
2310 4641 2428 4705 est,
2460 4631 2877 4709 continetque
2920 4627 3195 4691 hareses
3223 4628 3453 4689 Xl’lll.

482 4873 561 4928 A'.
612 4871 1008 4939 Ἐγκρατῒται,
1036 4868 1085 4920 οἳ
1120 4865 1458 4945 ἀπόσπασμα
1511 4862 1836 4932 τυγχάνουσι
1884 4864 1971 4917 Τα¹

2160 4864 2199 4918 1.
2240 4859 2558 4923 Εηοναιὶιω,
2591 4854 2804 4909 Tatiani
2833 4850 3079 4923 quaedam
3101 4850 3246 4906 velut
3274 4850 3563 4921 appendix.
3592 4848 3661 4905 lli

409 4961 616 5028 τισινοῦ,
655 4961 746 5015 τὸν
776 4960 952 5031 γάμον
981 4956 1363 5020 ἀποϐάλλουσι,
1394 4954 1488 5008 τοῦ
1516 4954 1728 5007 Σατανᾶ
1761 4953 1991 5023 φάσκον-

411 5072 505 5120 τες
534 5054 721 5108 τοῦτον
746 5048 905 5106 εἶναι.
951 5050 1141 5104 Πᾶσαν
1188 5047 1245 5101 δὲ
1284 5044 1719 5118 ἀπαγορεύουσιν
1758 5044 1989 5116 ἔμψυχο-

414 5145 636 5216 φαγίαν.

484 5237 560 5291 B'.
600 5230 1123 5305 Καταφρυγαστῶν
1145 5273 1161 5300 ,
1222 5231 1315 5285 καὶ
1371 5226 1803 5283 Μοντανιστῶν
1821 5267 1837 5293 ,
1897 5228 1990 5283 καὶ

419 5320 979 5393 Τασκονδρουγιτῶν
996 5363 1012 5389 ,
1069 5321 1263 5384 οἵτινες
1296 5318 1537 5372 Παλαιὰν
1571 5318 1664 5373 καὶ
1696 5317 1841 5374 Νέαν
1866 5320 1990 5372 Δια-

415 5416 588 5489 θήκην
613 5415 859 5487 δέχονται
879 5431 892 5445 ο
918 5415 1138 5487 ἑτέρους
1169 5412 1224 5466 δὲ
1252 5413 1536 5485 προφήτας
1563 5409 1987 5483 παρεισφέρουσι
2024 5474 2027 5479 ί

418 5505 556 5577 μετὰ
587 5505 712 5568 τοὺς
742 5505 1042 5576 προφήτας,
1075 5501 1350 5556 Μοντάνον
1388 5496 1511 5552 τινὰ
1538 5494 1849 5566 αὐχοῦντες,
1896 5496 1990 5549 καὶ

415 5596 762 5671 Πρίσκιλλαν,
791 5597 886 5649 καὶ
916 5592 1274 5665 Μαξιμίλλαν.

480 5687 557 5741 I".
597 5684 1004 5748 Πεπουζὶανοι,
1037 5686 1086 5738 οἱ
1116 5685 1209 5740 καὶ
1235 5680 1700 5746 Κυϊντιλλιανοὶ,
1738 5678 1819 5744 οἷς
1863 5696 1987 5734 συν-

414 5778 677 5835 άπτονται
693 5776 1084 5850 Ἀ-ρτοτυρῖται.
1103 5774 1197 5827 Ἐκ
1219 5771 1422 5827 τούτων
1455 5770 1551 5840 μέν
1581 5772 1685 5825 εισι
1713 5769 1820 5825 τῶν
1847 5768 1989 5826 κατὰ

2088 4955 2307 5026 nuptias
2353 4951 2638 5013 damnant,
2684 4960 2823 5016 quas
2857 4942 3072 5010 Satanae
3100 4942 3368 4997 tribuunt.
3411 4943 3491 4998 Ah
3535 4942 3659 4998 ani-

2088 5052 2361 5100 matorum
2409 5037 2654 5094 omnium
2682 5050 2786 5091 usu
2819 5032 3201 5090 abstinendum
3226 5046 3349 5119 esse
3390 5032 3654 5088 sentiunt.

2156 5216 2219 5273 ll.
2261 5214 2720 5284 Cataphrggastw,
2755 5208 3097 5265 Montaniana
3117 5215 3171 5261 et
3204 5205 3658 5275 Tascondrugitar,

2086 5309 2181 5380 qui
2215 5316 2508 5377 utrumque
2536 5303 2946 5359 Testamentum
2982 5298 3324 5370 approbant;
3365 5296 3460 5353 sed
3487 5312 3661 5353 novos

2086 5399 2379 5471 prophetas
2425 5395 2493 5450 ad
2543 5401 2792 5465 receptos
2832 5399 2888 5448 et
2934 5390 3191 5460 antiquos
3240 5387 3541 5458 adjiciunt;
3596 5403 3662 5442 ac

2087 5488 2401 5544 Montanum
2428 5483 2741 5557 quemdam,
2764 5490 2818 5540 et
2845 5482 3176 5545 Priscillam,
3213 5495 3276 5533 ac
3307 5477 3659 5534 Maximillam

2088 5580 2405 5651 praedicant.

2165 5672 2248 5727 lll.
2288 5672 2601 5742 Pepuziani,
2630 5669 2725 5741 qui
2757 5675 2818 5725 et
2850 5664 3196 5733 Quintilliani
3226 5663 3508 5729 dicuntur,
3540 5662 3665 5732 qui-

2092 5767 2196 5825 bus
2241 5763 2509 5821 accedunt
2559 5769 2613 5820 et
2648 5758 2984 5833 Artotyritae,
3031 5753 3405 5831 superioribus
3443 5753 3663 5825 quidem
