3952 6192
390 357 494 413 847

1795 353 1851 408 S.
1894 352 2235 408 EPIPHANIl

3535 355 3626 410 818

389 479 519 541 illis,
542 477 645 532 hoc
667 484 749 531 est
774 474 1233 547 Cataphrygibus,
1257 474 1651 529 annumerandi
1680 483 1825 529 sunt.
1858 474 1944 530 Set

2070 472 2319 543 Φρύγας’
2356 474 2515 542 ἔτερα
2551 472 2606 525 ἃ
2645 473 2770 545 παρ’
2810 472 3049 535 ἐκείνους
3086 471 3486 543 δογματίζουσι,
3532 473 3627 526 Usi-

389 570 458 624 ab
502 570 569 625 iis
613 576 790 622 tamen
830 565 1045 622 diversa
1089 565 1351 621 nonnulla
1391 566 1656 622 sentiunt.
1688 567 1765 620 Ac
1789 564 1968 636 Pepu-

393 674 509 714 zam
535 658 812 714 desertum
838 657 1110 727 quoddam
1136 657 1394 728 oppidum
1418 656 1687 712 Galatiam
1721 657 1860 712 inter
1914 666 1968 711 et

388 749 790 820 Cappadociam
841 750 1007 804 situm
1052 749 1257 805 divinis
1315 749 1617 805 honoribus
1664 750 1961 813 extollunt,

386 863 615 918 eamque
656 846 1092 918 Hierosolymam
1126 862 1248 903 esse
1267 847 1481 903 dicunt.
1512 847 1834 903 Mulieribus
1879 862 1968 903 sa-

386 955 512 995 cros
543 939 896 1010 magistratus
924 952 987 993 ac
1018 939 1325 994 sacerdotia
1355 939 1628 996 deferunt.
1655 938 1834 995 Certis
1863 940 1966 993 ini-

388 1032 594 1086 tiantur
617 1029 916 1102 mysteriis,
940 1030 1140 1099 quibus
1162 1030 1447 1099 puerulum
1477 1030 1817 1085 confodiunt.
1844 1028 1967 1084 Fin-

386 1130 521 1193 gunt
549 1121 778 1192 Pepuzae
805 1120 1084 1175 Christum
1119 1121 1248 1174 olim
1278 1122 1552 1186 Quintillae
1583 1121 1874 1177 videndum
1907 1137 1964 1176 se

388 1208 690 1280 praebuisse
722 1208 973 1264 muliebri
1027 1210 1227 1279 specie.
1270 1208 1404 1263 Tam
1445 1208 1616 1266 Vetus
1651 1226 1815 1283 quam
1853 1209 1964 1266 No-

384 1316 511 1355 vum
546 1299 955 1355 Testamentum
987 1298 1267 1364 adhibent,
1302 1299 1372 1353 ita
1407 1309 1584 1356 tamen
1621 1310 1680 1357 ut
1704 1301 1963 1372 pleraque

386 1407 486 1463 pro
516 1391 682 1446 animi
720 1389 946 1445 libidine
974 1397 1331 1445 commutent.
1518 1406 1529 1417 ‘
1870 1402 1871 1407 ‘

457 1481 547 1537 ιν.
592 1479 1185 1549 Τεδεανεδσίεάεεαιὶιω,
1211 1483 1305 1551 qui
1330 1489 1473 1538 stato
1495 1482 1620 1537 anni
1641 1482 1729 1537 die
1755 1481 1961 1538 Pascha

385 1574 687 1630 celebrant.
723 1570 792 1626 Ut
820 1586 1204 1642 quamcunque
1232 1574 1285 1627 in
1323 1573 1464 1628 diem
1493 1590 1583 1630 xw
1609 1574 1752 1628 lunae
1777 1573 1962 1629 incur-

382 1667 539 1731 rerit,
571 1666 689 1723 sive
734 1663 1055 1729 Sabbatum,
1092 1665 1207 1720 sive
1240 1663 1516 1719 Dominica
1565 1665 1746 1729 fuerit,
1777 1680 1840 1722 ea
1873 1665 1961 1720 die

377 1757 644 1829 jejunent,
675 1770 738 1809 ac
766 1755 1049 1824 pervigilia
1082 1756 1378 1810 celebrent.

451 1929 517 1985 ν.
580 1930 736 2001 Alogi
800 1945 829 1983 a
884 1929 1044 1983 nobis
1093 1931 1165 1983 ita
1219 1930 1520 1994 nominati,
1571 1933 1661 2001 qui
1731 1932 1959 1991 Joannis

348 2018 757 2091 ‘Evangelium,
806 2035 869 2074 ac
908 2021 1101 2088 Λόγον,
1154 2021 1255 2075 ltoc
1304 2029 1390 2076 est
1422 2019 1657 2078 Verbum
1707 2024 1877 2080 Deum
1928 2042 1957 2079 a

381 2107 541 2165 Patre
571 2124 789 2179 semper
808 2109 1074 2179 genitum,
1100 2109 1427 2179 cmlitusque
1447 2109 1609 2182 397
1634 2111 1955 2175 demissum,

379 2199 540 2270 cujus
566 2200 622 2255 in
669 2198 965 2271 Evangelio
1009 2200 1104 2253 illo
1146 2201 1350 2254 mentio
1376 2202 1818 2273 tit,.repudiaut;
1858 2220 1958 2259 nec

376 2288 606 2345 Joannis
636 2288 904 2344 duntaxat
945 2288 1319 2360 Evangelium,
1368 2292 1464 2347 sed
1508 2302 1562 2348 et
1590 2294 1955 2367 Apocalypsin

376 2380 650 2437 reiiciunt.

433 2397 650 2435 :lCltlnl.

433 2397 536 2522 JVI.
578 2467 867 2523 Adamiam'
899 2469 967 2524 ab
1011 2468 1218 2524 Adamo
1261 2470 1449 2525 nescio
1486 2451 1596 2542 quo
1636 2473 1846 2529 vivente
1870 2478 1958 2531 sic

377 2558 530 2624 dicti,
557 2558 849 2614 ridiculum
879 2559 1060 2630 potius
1078 2574 1240 2632 quam
1260 2560 1557 2617 verisimile
1606 2562 1803 2634 dogma
1829 2581 1956 2636 pro-

378 2647 622 2707 ﬁtentur.
645 2648 784 2704 Nudi
807 2650 1030 2720 quippe,
1053 2654 1242 2721 quales
1267 2665 1333 2704 ex
1360 2660 1515 2706 utero
1533 2657 1724 2709 matris
1746 2657 1954 2727 egressi

375 2751 525 2810 sunt,
571 2742 673 2799 viri
708 2741 932 2813 perinde
975 2755 1039 2795 ac
1090 2740 1350 2797 mulieres
1400 2744 1752 2813 conveniunt,
1793 2759 1956 2818 atque

372 2836 451 2891 ita
498 2834 848 2899 lectionibus,
896 2832 1241 2889 orationibus
1303 2849 1368 2889 ac
1415 2836 1631 2892 caeteris
1675 2837 1953 2909 religionis

371 2926 564 2984 olliciis
623 2926 957 2999 funguntur;
1020 2932 1076 2981 et
1130 2925 1382 2982 videlicet
1436 2928 1832 2984 monachorum
1887 2945 1954 2987 ac

372 3020 772 3075 continentium
818 3019 1069 3074 instituta
1110 3026 1410 3085 sectantur,
1451 3023 1782 3093 nuptiasque
1820 3038 1952 3078 con-

371 3109 652 3166 demnant.
682 3107 983 3165 Ecclesiam
1018 3120 1150 3161 vero
1173 3121 1326 3161 suam
1369 3110 1686 3179 paradisum
1734 3126 1947 3167 nuncu-

368 3202 522 3271 parit.

442 3287 552 3345 Vll.
595 3287 855 3360 Sampsm‘
886 3288 1004 3345 sive
1033 3287 1252 3343 Εἰσεεωὶ
1294 3289 1361 3344 ad
1400 3288 1541 3344 hanc
1570 3289 1711 3346 diem
1739 3291 1793 3345 in
1818 3292 1947 3346 Ara-

369 3380 457 3436 bia
485 3380 735 3459 degunt,
758 3396 923 3450 supra
960 3379 1231 3436 Mortuum
1272 3395 1441 3446 mare,
1485 3380 1629 3438 Elxa:
1656 3382 1945 3454 cujusdam

367 3471 856 3544 pseudopropheta‘.
902 3470 1182 3543 discipuli.
1232 3471 1276 3525 E
1305 3473 1463 3543 cujus
1498 3475 1670 3546 stirpe
1701 3474 1945 3533 Martbus

365 3571 423 3618 et
453 3562 745 3627 Marthina,
781 3562 995 3619 feminae
1033 3563 1153 3618 duae
1180 3572 1336 3619 aetate
1373 3576 1560 3620 nostra
1589 3565 1941 3637 prodierunt;

366 3669 507 3726 quas
563 3653 789 3709 dearum
840 3654 1016 3710 instar
1070 3654 1295 3711 haeresis
1348 3656 1453 3711 ista
1500 3658 1690 3713 coluit.
1742 3658 1940 3715 Eadem

367 3764 531 3821 porro
558 3763 683 3802 cum
708 3746 980 3804 Ebionaais
1012 3749 1235 3804 omnino
1264 3750 1529 3805 sentiunt.

437 3922 573 3978 Vlll.
618 3920 967 3977 Theodotiani
993 3937 1022 3976 a
1051 3921 1336 3978 Theodoto
1363 3922 1611 3979 Coriario
1641 3925 1940 3996 Byzantino

365 4015 518 4073 dicti.
550 4015 655 4081 Qui
692 4013 897 4071 Grreeis
938 4015 1151 4071 artibus
1193 4015 1440 4086 adprime
1485 4017 1587 4073 fuit
1628 4019 1936 4073 institutus.

366 4107 467 4163 [lic
498 4124 623 4162 cum
663 4106 788 4161 aliis
824 4107 1154 4178 quibusdam
1182 4108 1237 4162 in
1268 4123 1331 4164 ea
1362 4124 1482 4179 quae
1514 4118 1628 4164 tum
1662 4113 1936 4178 sazviebat,

362 4198 750 4271 persecutione
780 4199 1234 4268 comprehensus,
1270 4215 1391 4254 cum
1422 4201 1556 4255 socii
1594 4201 1713 4269 ejus
1748 4217 1939 4258 omnes

360 4287 684 4359 martyrium
724 4287 1012 4352 obiisseut,
1054 4289 1208 4343 solus
1256 4288 1415 4343 fidem
1447 4290 1700 4357 ejuravit.
1735 4288 1817 4346 Ob
1850 4292 1935 4346 id-

360 4395 467 4451 que
506 4380 725 4451 probris
758 4378 1054 4447 appetitus,
1095 4379 1148 4431 id
1181 4379 1533 4447 excogitavit,
1569 4388 1625 4433 ut
1649 4381 1929 4436 Christum

360 4474 569 4528 nudum
615 4486 738 4527 esse
783 4470 1056 4525 hominem
1108 4478 1399 4534 assereret,
1451 4486 1520 4526 ne
1567 4472 1785 4526 crimini
1831 4474 1932 4529 sibi
1967 4499 2012 4554 Ι)

362 4564 508 4619 istud
536 4569 857 4623 verteretur,
895 4560 1040 4631 quod
1066 4561 1185 4639 ejus
1220 4561 1556 4617 divinitatem
1589 4574 1862 4635 negasset.

431 4652 522 4711 IX.
565 4653 1026 4710 Melchisedeciani
1066 4653 1517 4709 Melchisedecum
1567 4655 1640 4710 ita
1674 4673 1938 4712 veneran-

358 4755 469 4809 tur,
508 4752 567 4799 ut
597 4745 853 4798 virtutem
890 4760 1019 4799 esse
1056 4743 1346 4815 quamdam
1381 4743 1654 4812 jactitent,
1684 4761 1794 4799 non
1832 4745 1936 4800 lto-

355 4837 555 4893 minem
590 4837 859 4892 duntaxat
888 4854 905 4890 :
932 4844 987 4892 et
1023 4837 1076 4890 in
1116 4836 1235 4905 ejus
1262 4838 1481 4891 nomine
1521 4835 1703 4893 facere
1751 4853 1816 4891 ac
1854 4837 1930 4892 di-

352 4944 477 4984 cere
506 4927 690 4982 omnia
717 4940 1060 4997 nequaquam
1092 4928 1364 4982 dubitant.

423 5017 492 5072 X.
533 5017 970 5073 Βανάεεὶαηὶδιω.
1015 5018 1374 5073 Bardesianus
1417 5020 1520 5075 iste
1552 5036 1581 5074 e
1621 5018 1928 5091 Mesopota-

351 5108 461 5161 mia
496 5108 767 5163 oriundus
799 5110 1069 5163 sinceram
1097 5109 1252 5163 lidem
1290 5109 1445 5162 initio
1476 5112 1791 5179 complexus
1817 5123 1923 5174 est,

349 5213 416 5252 ac
447 5198 715 5269 sapientia
744 5201 1017 5269 praestitit.
1064 5198 1170 5255 Sed
1199 5215 1228 5253 a
1275 5201 1502 5255 veritate
1537 5211 1724 5271 postea
1770 5219 1924 5257 rece-

2071 560 2277 625 πουζάν
2311 578 2432 615 τινα
2482 562 2634 616 πόλιν
2668 561 2874 633 ἔρημον
2901 560 3005 614 άνά
3061 561 3227 632 μέσον
3258 561 3520 626 Γαλατίας
3547 566 3631 618 καὶ

2069 651 2464 715 Καππαδοκίας
2509 651 2911 719 ἑκθειάζοντες,
2964 655 3061 706 καὶ
3106 653 3171 724 δὴ
3213 653 3414 726 ταύτην
3452 656 3630 727 Ἰερου-

2070 741 2252 813 σαλὴμ
2286 740 2578 812 ἡγούμενοι
2602 759 2615 772 ”
2651 741 2865 811 γυναιξὶ
2909 742 2967 795 δὲ
3006 741 3349 808 ἀποδιδόντες
3375 744 3435 797 τὸ
3460 743 3632 817 ἄρχειν

2067 822 2266 885 τέ’καὶ
2305 832 2625 902 ἱερατεύειν.
2666 832 2941 887 Μυοῦνται
2984 834 3063 900 δὲ,
3088 834 3210 888 τινὰ
3271 832 3436 889 παῖδα
3481 852 3630 888 κατα-

2068 922 2382 987 κεντοῦντες
2443 924 2580 977 νέον.
2638 923 2750 977 Kal.
2813 923 2885 995 δὴη
2929 925 2996 994 τῇ
3060 924 3356 996 Κυϊντίλλῃ
3410 921 3632 994 Χριστὸν

2066 1017 2244 1070 ἐκεῖσε
2278 1019 2335 1069 ὲν
2379 1015 2634 1089 Πεπούζῃ
2684 1016 3133 1084 ἀποκεκαλύφθαι
3174 1016 3232 1069 ὲν
3279 1015 3392 1087 ἰδέᾳ.
3430 1014 3631 1085 θηλείας

2070 1107 2508 1178 μυθοποιοῦνται.
2556 1109 2865 1180 Κέχρηνται
2912 1108 2968 1161 δὲ
3011 1106 3271 1170 ὡσαύτως
3313 1107 3518 1178 Παλαιᾷ
3547 1108 3632 1160 καὶ

2067 1203 2242 1272 Καινῇ
2272 1201 2535 1274 Διαθήκῃ,
2576 1200 2720 1255 κατά
2753 1200 2845 1254 τὸν
2888 1199 3011 1253 νοῦν
3038 1200 3129 1253 τὸν
3164 1201 3293 1254 ἴδιον
3325 1199 3661 1270 μεταποιού-’

2069 1309 2239 1362 μενοι.

2134 1471 2207 1523 Δ’.
2256 1466 2992 1538 Τεσσαρεσκαιδεκατῖται,
3036 1467 3086 1518 οἱ
3133 1465 3259 1537 μίαν
3290 1466 3502 1536 ἡμέραν
3543 1463 3629 1518 τοῦ

2064 1560 2216 1623 ἔτους
2252 1560 2314 1612 τὸ
2364 1558 2557 1630 Πάσχα
2592 1557 2958 1620 ἐκτελοῦντες,
3023 1556 3111 1609 Ἐν
3155 1556 3317 1626 ὁποίᾳ
3364 1555 3409 1609 δ’
3460 1555 3633 1627 ἡμέρᾳ

2062 1649 2278 1723 ἐμπέσῃ
2318 1652 2351 1720 ἡ
2388 1649 2485 1720 τῆς
2533 1649 2759 1721 σελήνης
2793 1646 3384 1718 τεσσαρεσκαιδεκάτη,
3437 1648 3551 1718 ἦτοι
3578 1647 3632 1699 ὲν

2064 1741 2327 1813 Σαϐὅάτῳ
2379 1743 2500 1811 ἦτοι
2550 1743 2610 1795 ὲν
2640 1743 2918 1813 κυριακῇ,
2951 1740 3167 1811 ἐκείνην
3197 1756 3257 1793 τε
3292 1740 3631 1811 νηστεύοντες

1989 1819 2030 1874 Β
2066 1832 2158 1884 καὶ
2187 1831 2589 1901 ἀγρυπνοῦντες
2612 1831 2978 1903 ἑορτάζουσιν.

2131 1922 2205 1976 Ε’.
2252 1923 2491 1991 Ἀιίογοι
2539 1922 2632 1991 ἀφ’
2663 1922 2821 1994 ήμῶν
2869 1922 3179 1994 κληθέντες,
3214 1924 3263 1975 οἱ
3294 1908 3363 1976 ῗτὺ
3397 1924 3631 1993 Εὐαγγέ-

2058 2014 2171 2065 λιον
2230 2014 2476 2067 Ἰωάννου
2527 2013 2620 2067 καὶ
2666 2015 2757 2067 τὸν
2789 2014 2847 2067 ὲν
2883 2012 3032 2084 αὐτῷ
3062 2013 3268 2069 ἄνωθεν
3291 2014 3399 2068 ἀπὸ
3431 2014 3632 2087 Πατρὸς

2059 2107 2144 2159 ἀεὶ
2177 2105 2308 2158 Θεὸν
2337 2104 2512 2173 Λόγον
2541 2104 3036 2177 παρεκϐάλλοντες,
3066 2105 3127 2159 τὺ
3149 2106 3482 2175 Εὐαγγέλιον
3508 2104 3634 2161 αὐτὸ

2058 2197 2121 2268 δὴ
2164 2197 2225 2250 τὸ
2253 2195 2396 2250 κατά
2434 2198 2689 2267 Ἰωάννην
2720 2198 2796 2268 μὴ
2831 2197 3129 2267 δεχόμενοι,
3164 2198 3301 2269 μήτε
3333 2199 3436 2268 τὴν
3475 2198 3630 2253 αὑτοῦ

2072 2285 2460 2357 Ἀποκάλυψιν.

2129 2473 2220 2538 ς’.
2263 2471 2591 2541 Ἀδαμιανοὶ
2621 2473 2728 2526 ἀπό
2753 2488 2896 2536 τινος
2933 2472 3103 2544 Ἀδάμ
3140 2473 3341 2539 ζῶντος
3369 2475 3629 2548 καλούμε-

2057 2578 2157 2625 νοι,
2214 2562 2410 2635 χλεύης
2455 2562 2487 2633 ἦ
2529 2562 2782 2633 ἀληθείας
2832 2563 3030 2635 μᾶλλον
3078 2564 3140 2618 τὸ
3182 2565 3360 2637 δόγμα
3400 2569 3625 2639 ἔχοντες.

2055 2652 2256 2724 Γυμνοὶ
2285 2654 2412 2726 γὰρ,
2442 2654 2516 2719 ὡς
2546 2657 2609 2708 ὲκ
2645 2655 2868 2727 μητρὸς,
2923 2656 3114 2726 ἄνδρες
3147 2673 3209 2710 τε
3249 2660 3342 2711 καὶ
3381 2662 3631 2727 γυναῖκες

2056 2744 2149 2796 ἐπὶ
2183 2744 2243 2797 τὸ
2286 2745 2417 2798 αὐτὸ
2451 2746 2792 2812 συνάγονται,
2818 2748 2911 2799 καὶ
2939 2746 3114 2810 οὕτως
3139 2747 3237 2812 τάς
3274 2749 3628 2820 ἀναγνώσεις,

2056 2836 2150 2890 καὶ
2185 2835 2369 2906 εὐχὰς,
2407 2837 2499 2890 καὶ
2533 2838 2639 2891 πᾶν
2680 2836 2857 2891 ὁτιοῦν
2896 2836 3230 2891 ἐπιτελοῦσι·
3270 2838 3441 2908 δῆθεν
3474 2840 3630 2912 μονά-

2055 2920 2239 2985 ζοντές
2270 2939 2328 2975 τε
2375 2925 2468 2977 καὶ
2508 2925 2962 2997 ὲγκρατευόμενοι
2993 2926 3166 2993 ὅντες,
3220 2929 3313 2982 καὶ
3344 2931 3525 3002 γάμον
3557 2931 3629 3002 μὴ

2054 3014 2353 3084 δεχόμενοι,
2409 3016 2458 3068 οἱ
2521 3016 2618 3087 τὴν
2678 3017 2856 3070 αὐτῶν
2923 3017 3246 3090 Ἐκκλησίαν
3306 3024 3631 3093 παράδεισον

2053 3103 2367 3175 ἡγούμενοι.

2119 3286 2193 3337 Ζ’.
2225 3283 2541 3354 Σαμψαῖοι,
2577 3285 2627 3338 οἱ
2669 3286 2763 3339 καὶ
2803 3287 3149 3354 Ἐλκεσαῖοι,
3195 3288 3275 3343 ἔτι
3322 3290 3489 3364 δεῦρο
3534 3294 3627 3362 τὴν

2060 3374 2320 3445 Ἀραϐίαν
2354 3376 2445 3446 (οἱ)
2472 3377 2871 3445 κατοικοῦντες,
2896 3378 3242 3453 καθύπερθεν
3275 3385 3375 3454 τῆς
3412 3385 3627 3456 Νεκρᾶς

2048 3465 2324 3537 θαλάσσης
2374 3468 2634 3539 κειμένην
2674 3468 2894 3540 χώραν’
2943 3472 3136 3537 οἵτινες
3172 3474 3281 3528 ἀπὸ
3325 3476 3426 3530 τοῦ
3469 3476 3626 3542 Ἦλξά

2046 3573 2190 3619 τινος
2213 3555 2657 3628 ψευδοπροφήτου
2681 3559 3021 3630 ἠπατημένοι
3039 3578 3050 3591 ·
3081 3554 3140 3615 οῦ
3167 3561 3247 3615 ἔτι
3267 3561 3432 3635 δεῦρο
3453 3566 3519 3619 ὲκ
3535 3562 3626 3619 τοῦ

2043 3646 2232 3716 γένους
2259 3646 2483 3719 ὡρμᾶτο
2510 3647 2770 3719 Μαρθοῦς
2799 3650 2894 3702 καὶ
2925 3651 3198 3723 Μαρθίνη,
3228 3636 3491 3721 γυναῖκες
3515 3654 3624 3713 δύο.

2044 3738 2515 3809 προσκυνούμεναι
2557 3737 2779 3808 ὑπὸτῆς
2812 3739 3100 3812 αἱρέσεως,
3143 3743 3218 3807 ὡς
3255 3743 3411 3799 θεαί·
3449 3764 3627 3819 παρα-

2047 3832 2290 3902 πλησίως
2320 3832 2429 3885 τῶν
2468 3833 2795 3890 Ἐὄιωναίων
2822 3836 2891 3890 τά
2923 3838 3099 3891 πάντα
3126 3836 3361 3907 ἔχοντες.

2113 3924 2193 3977 Η’.
2228 3923 2619 3990 Θεοδοτιανοὶ,
2644 3927 2693 3980 οἱ
2715 3927 2822 3980 ἀπὸ
2838 3927 2932 3981 τοῦ
2949 3928 3203 3982 Θεοδότου
3225 3930 3501 3996 Σκυτέως,
3536 3928 3624 3983 τοῦ

2043 4012 2150 4064 ἀπὸ
2176 4010 2491 4074 Βυζαντίου.
2530 4008 2697 4077 Οὗτος
2730 4017 2786 4069 ὲν
2819 4016 3038 4088 παιδεία
3084 4017 3367 4089 Ἑλληνικῇ
3402 4022 3626 4088 γέγονεν

2042 4104 2230 4175 ἄκρος.
2260 4104 2411 4175 ’Ἅμα
2440 4104 2497 4158 δὲ
2523 4104 2705 4169 ἄλλοις
2737 4108 2878 4160 τισὶν
2897 4109 2954 4160 ὲν
2986 4107 3226 4180 ἡμέραις
3253 4108 3346 4162 τοῦ
3377 4110 3504 4163 τότε
3532 4127 3625 4180 γε-

2040 4196 2264 4264 νομένου
2296 4196 2536 4267 διωγμοῦ
2579 4197 2737 4266 μόνος
2772 4197 3046 4264 ἐκπεσὼν,
3067 4200 3305 4253 ἐκείνων
3335 4218 3621 4274 μαρτυρη-

2041 4287 2269 4352 σάντων,
2304 4287 2392 4341 διὰ
2419 4288 2479 4342 τὸ
2500 4288 2873 4353 ὀνειδίζεσθαι,
2906 4293 3198 4363 ἐπινοήσας
3223 4292 3377 4363 ψιλὸν
3408 4294 3620 4368 ἄνθρω-

2039 4393 2139 4428 πον
2168 4376 2344 4445 λέγειν
2369 4378 2459 4431 τὸν
2486 4380 2736 4449 Χριστὸν,
2773 4381 2861 4434 ἵνα
2886 4383 2959 4451 μὴ
2992 4383 3095 4435 ὑπὸ
3116 4380 3367 4454 ἔγκλημα
3394 4385 3621 4457 γένηται

2041 4464 2173 4517 Θεὸν
2204 4468 2594 4538 ἀρνησάμενος.
2631 4468 2804 4532 οὕτως
2829 4467 3086 4535 ἐδίδαξεν.

2106 4662 2183 4717 θ’.
2229 4665 2779 4732 Μελχισεδεκιαγοὶ,
2819 4668 2868 4720 οί
2917 4669 3010 4722 τὸν
3058 4668 3387 4741 Μελχισεδὲκ
3432 4676 3620 4747 γεραί-

2038 4773 2242 4827 ροντες,
2294 4756 2414 4809 τινὰ
2447 4756 2678 4829 δύναμιν
2708 4758 2868 4811 αὑτὸν
2912 4760 3233 4828 φάσκοντες,
3281 4765 3377 4817 καὶ
3422 4766 3501 4836 μὴ
3526 4767 3618 4820 ἄνε

2036 4843 2251 4916 θρωπον
2270 4844 2442 4914 ψιλὸν,
2470 4848 2563 4901 καὶ
2586 4851 2665 4910 εἰς
2690 4847 2750 4900 τὸ
2770 4847 2959 4902 τούτου
2987 4849 3159 4921 ὄνομα
3190 4853 3366 4906 πάντα
3389 4855 3616 4923 ἀνάγειν

2037 4938 2131 4988 καὶ
2161 4935 2339 5004 λέγειν
2365 4936 2775 5008 τετολμηκότες.
3152 4941 3157 4945 ’

2108 5027 2162 5078 l'.
2216 5027 2739 5095 Βαρδησιανισταί.
2794 5030 3159 5102 Βαρδησιανὸς
3202 5028 3356 5098 οὗτος
3405 5039 3472 5090 ἐκ
3520 5037 3616 5106 τῆς

2034 5115 2457 5188 Μεσοποταμίας
2483 5119 2729 5190 ὡρμᾶτο,
2756 5121 2823 5173 τὰ
2851 5122 3043 5193 πρῶτα
3087 5124 3183 5194 μὲν
3215 5126 3314 5195 τῆς
3354 5127 3615 5198 ἀληθινῆς

2034 5206 2268 5271 πίστεως
2292 5210 2572 5280 ὑπάρχων,
2594 5211 2686 5264 καὶ
2712 5214 2768 5264 έν
2791 5214 2950 5285 σοφίᾳ
2976 5214 3293 5286 διαπρέπων
3310 5234 3324 5245 ·
3355 5219 3614 5282 ἐκκλίνας

349 5287 485 5344 dens
521 5289 712 5343 eadem
751 5304 876 5342 cum
922 5288 1209 5345 Valentino
1249 5292 1461 5355 docuit,
1509 5306 1707 5360 prater
1747 5309 1919 5365 pauca

2064 5292 2085 5345 ὲ
2116 5296 2212 5365 τῆς
2259 5297 2534 5367 ἀληθείας,
2566 5300 2960 5371 παραπλησίως
2998 5304 3333 5378 Οὐαλεντίνῳ
3370 5308 3612 5380 ἐδογμά-

348 5379 621 5449 ῳιιιειιειηι,
653 5379 709 5433 in
743 5379 942 5448 quibus
962 5380 1031 5433 ab
1056 5381 1147 5436 illo
1173 5381 1471 5452 discrepat.

419 5549 506 5605 XI.
556 5550 828 5606 Noetiam‘.
881 5549 1084 5608 Noetus
1131 5554 1215 5609 hic
1277 5556 1628 5628 Smyruensis
1681 5574 1745 5612 ex
1789 5561 1914 5614 Asia

350 5641 470 5698 luit.
500 5642 605 5710 Qui
639 5645 693 5697 in
725 5644 893 5698 altum
936 5645 1184 5700 sublatus
1231 5662 1356 5701 cum
1402 5649 1522 5700 aliis
1561 5650 1912 5718 quibusdam,

458 5761 475 5795 ¹
511 5760 569 5821 [ε’.
608 5764 835 5837 ἅρματι.

2028 5400 2165 5447 τισε,
2189 5388 2356 5459 χωρὶς
2392 5388 2551 5443 ἐνίων
2591 5390 2809 5459 ὀλίγων,
2837 5386 2913 5446 ὧν
2946 5394 3262 5467 διαφέρεται
3303 5399 3442 5470 πρδς
3467 5403 3609 5453 00a.-

2028 5474 2281 5530 λεντῖνον.

2098 5570 2555 5639 1Λ¹.·Λόητ‹ανοί.
2589 5573 2794 5646 Νοητὸς
2808 5571 2963 5642 οὗτος
2990 5579 3097 5632 ἀπὸ
3112 5580 3363 5653 Σμύρνης
3385 5583 3604 5655 ρχε

2023 5657 2121 5726 τῆς
2156 5659 2356 5723 Ἀσίας.
2396 5660 2482 5715 Ἐν
2504 5659 2740 5739 ἅρματι]
2773 5664 2828 5717 δὲ
2855 5665 3089 5737 ἐνεχθεὶς
3119 5669 3215 5722 σὺν
3237 5667 3415 5732 ἄλλοις
3440 5672 3607 5740 τισὶν,
