3952 6170
435 331 538 387 εις)

1136 276 1151 285 ρ
1254 323 1622 381 ADVERSUS
1657 322 1996 381 "/ERESES
2033 325 2162 381 LIB.
2204 323 2267 382 ll.
2306 325 2471 382 ΤΟΜ.
2512 325 2553 382 1.
2595 326 2867 383 IUERES.
2910 323 3116 382 XLVII.

3586 318 3690 373 850

440 445 747 517 Υἱοπάτορα
778 443 869 497 τὸν
892 442 1125 515 Χριστὸν
1154 441 1379 509 ἐδίδαξε,
1409 443 1501 497 τὸν
1531 441 1694 497 αὐτὸν
1722 438 1864 497 εῖναι
1897 443 2011 496 Πα-

2138 441 2433 499 ’atriﬁlium
2466 457 2713 500 asserere
2739 443 3018 500 Christum
3040 453 3211 511 ausus
3250 441 3374 500 est,
3405 428 3689 489 eumdem—

433 538 567 609 τέρα
601 536 695 590 καὶ
723 534 851 588 Υἱόν
891 536 986 589 καὶ
1031 533 1187 604 ἆγιον
1213 534 1460 604 Πνεῦμα.
1512 534 1735 589 Ἑαυτὸν
1769 535 1825 588 δὲ
1861 535 2013 605 ἔλεγε

437 627 693 692 Μωῦσέα,
742 627 836 682 κα)⁵
880 628 970 681 τὸν
1015 625 1179 680 αὑτοῦ
1227 626 1448 696 ἀδελφὸν
1506 627 1690 696 ἔλεγεν
1737 624 1870 681 εἶναι
1924 628 2013 682 τὸν

449 716 679 783 Ἀαρών.

507 808 608 862 IB'.
643 808 993 875 Οὑαλήσιοι.
1051 801 1229 873 Οὗτοι,
1276 808 1453 871 καθὼς
1480 808 1878 880 ὑπειλήφαμεν,
1918 811 2013 882 τὴν

437 898 685 953 Βάκαθον
726 899 1124 964 κατοικοῦντες,
1180 901 1571 974 μητροκωμίαν
1617 900 1879 971 ’Δραϐιας
1916 903 2015 974 τῆς

436 990 811 1060 Φιλαδελφίας,
832 992 883 1044 οἱ
904 992 1029 1055 τοὺς
1050 993 1568 1063 παρατυγχάνοντας
1594 991 2011 1063 ἀποτέμνοντες.

436 1082 660 1146 Πλείους
677 1083 736 1136 δὲ
750 1083 927 1136 αὐτῶν
944 1083 1183 1153 εὐνοῦχοι
1202 1083 1536 1154 ὑπάρχουσιν
1551 1083 2011 1154 ἀποτετμημένοι.

438 1173 575 1231 Τινά
606 1173 663 1227 δὲ
694 1174 856 1245 ἕτερα
882 1174 1225 1228 διδάσκουσιν
1257 1174 1523 1246 αἱρέσεως
1554 1173 1785 1245 ἔμπλεα,
1818 1176 2014 1246 ἀφανί-

439 1248 623 1326 ζοντες
665 1262 757 1316 τὸν
800 1265 961 1334 νόμον
1018 1265 1109 1317 καὶ
1158 1265 1283 1328 τοὺς
1325 1266 1608 1336 προφήτας
1633 1266 1679 1330 ¹,
1723 1266 1817 1319 καί
1863 1284 2016 1330 τινας

440 1352 830 1424 αἰσχρουργίας
854 1352 1047 1424 ἐτέρας
1083 1354 1562 1426 παρεισφέροντες.

508 1528 913 1597 Il'".~Ka6apoI,
935 1533 982 1583 oi
1006 1530 1121 1601 ἅμα
1141 1530 1375 1601 Ναϐάτῳ
1400 1531 1758 1599 συναφθέντες
1778 1531 1857 1602 τῷ
1881 1531 2016 1584 Ῥω-

442 1620 603 1691 μαίῳ,
652 1622 747 1674 καὶ
776 1621 901 1681 τοὺς
951 1621 1213 1692 διγάμους
1256 1623 1531 1686 παντελῶς
1568 1622 2016 1693 ἀποδαλλόμενοι,

439 1711 535 1764 καὶ
564 1712 847 1781 μετάνοιαν
887 1712 962 1784 μὴ
994 1711 1294 1784 δεχόμενοι.

2119 548 2225 602 que
2253 530 2472 588 Patrem
2519 548 2584 589 ac
2610 533 2830 595 Filium,
2871 540 2927 588 et
2959 530 3227 602 Spiritum
3268 535 3523 583 sanctum
3566 539 3692 581 esse

2117 624 2383 693 proﬁteri.
2428 623 2499 680 Se
2524 639 2652 681 vero
2685 625 2924 695 Moysen,
2957 622 3179 678 fratrem
3228 633 3388 676 suum
3420 616 3689 673 Aaronem

2119 716 2323 772 dicere.
2824 720 2839 739 ‘

2190 805 2307 863 XII.
2362 806 2578 862 Valesii.
2624 804 2711 872 lli,
2740 814 3005 875 quantum
3037 808 3307 875 suspicor,
3343 803 3572 858 Bacathi
3595 802 3694 856 ha-

2118 899 2315 966 bitant,
2367 902 2461 970 qui
2505 907 2587 954 est
2645 899 2859 953 Arabia
2897 898 3364 968 Philadelphensis
3396 895 3692 966 primarius

2118 989 2293 1045 vicus.
2330 989 2496 1045 Iidem
2531 988 2854 1044 accedentes
2881 988 3049 1059 398
3074 988 3142 1042 ad
3168 1003 3291 1043 sese
3328 994 3575 1043 castrare
3602 1000 3693 1041 so~

2119 1082 2250 1136 lent.
2279 1084 2356 1138 Ac
2388 1064 2634 1154 plerique
2664 1085 2807 1139 inter
2833 1084 2956 1139 illos
2997 1079 3236 1137 eunuchi
3259 1086 3388 1134 sunt
3432 1088 3487 1134 et
3536 1092 3695 1134 exse—

2119 1174 2213 1228 cti.
2247 1172 2460 1229 Habent
2487 1182 2541 1231 et
2567 1175 2672 1230 alia
2704 1173 2950 1245 quaedam
2999 1173 3203 1226 erroris
3239 1169 3557 1241 plenissima
3591 1169 3692 1224 do-

2118 1274 2318 1335 gmala.
2363 1275 2525 1336 atque
2559 1266 2700 1322 inter
2739 1267 2844 1321 alia
2899 1267 3067 1335 legem
3117 1278 3181 1317 ac
3230 1262 3526 1333 prophetas
3573 1261 3697 1329 reji-

2120 1356 2291 1412 ciunt.
2340 1356 2623 1413 Postremo
2669 1355 3100 1413 innumerabiles
3148 1353 3216 1408 ad
3270 1354 3361 1407 illa
3421 1351 3695 1407 foeditates

2121 1444 2405 1515 adjiciunt.

2192 1534 2331 1588 XIII.
2375 1534 2618 1591 Cathari.
2656 1534 2921 1591 Novatum
2971 1534 3282 1589 Romanum
3321 1531 3498 1588 secuti
3543 1538 3692 1586 sunt.
3745 1580 3750 1585 .

2121 1623 2188 1678 Ili
2218 1624 2469 1695 digamos
2502 1626 2720 1695 penitus
2769 1627 3153 1696 proscribunt;
3192 1622 3565 1694 paenitentiam
3608 1635 3690 1674 re~

2121 1711 2369 1782 pudiant.

513 1802 609 1857 IA'.
629 1803 964 1873 Ἀγγελικοί.
1001 1795 1159 1858 Οὗτοι
1188 1804 1469 1868 παντελῶς
1489 1804 1758 1871 ἐξέλιπον.
1783 1802 2019 1874 Αὐχοῦν-

2191 1801 2330 1858 XIV.
2373 1804 2630 1874 Angelici.
2673 1804 2738 1859 lli
2793 1820 3063 1876 nusquam
3118 1803 3277 1859 hodie
3327 1800 3693 1871 reperiuntur.

440 1910 532 1957 τες
569 1889 627 1947 δὲ
668 1888 808 1964 ἦσαν
858 1893 1157 1965 ἀγγελικὴν
1196 1893 1340 1964 ἔχειν
1370 1894 1554 1960 τάξινο
1606 1893 1756 1964 ἢδιά
1788 1893 1849 1947 τὸ
1890 1894 2018 1956 τοὺς

442 1985 706 2055 ἀγγέλους
741 1986 1207 2057 προσ-κεκλῆσθαι.

509 2076 610 2132 IE'.
643 2078 1068 2142 Ἀποστολικοὶ,
1089 2080 1137 2132 οἱ
1168 2077 1262 2132 καὶ
1277 2079 1678 2133 Ἀποτακτικοὶ
1711 2078 1806 2131 καὶ
1842 2077 2017 2141 αὐτοὶ,

441 2168 491 2219 οἱ
525 2165 651 2238 περὶ
676 2167 775 2237 τὴν
812 2166 1057 2221 Πισιδίαν
1087 2168 1266 2238 μόνον,
1316 2167 1712 2231 ἀποτακτικοὺς
1740 2166 2018 2237 δεχόμενοι

444 2255 823 2321 καθ’ὲαυτούς.
858 2258 1376 2330 Παραπλησιάζουσι
1394 2258 1452 2312 δὲ
1469 2261 1579 2322 τοῖς
1603 2256 2013 2329 Ἐγκρατίταιςθ

443 2346 577 2401 ἄλλα
611 2348 671 2418 δὲ
697 2351 827 2420 παρ’
850 2350 1049 2413 αὐτοὺς
1083 2348 1391 2419 φρονοῦσιν.

516 2520 634 2585 IG”.
663 2521 1075 2586 Σαϐελλιανοὶ,
1090 2523 1139 2575 οἱ
1163 2523 1229 2576 τὰ
1251 2525 1412 2593 ὃμοια
1426 2520 1743 2593 Νοητιανῶν
1765 2521 2021 2598 δοξάζονο

443 2626 559 2673 τες·
600 2611 750 2682 παρὰ
774 2613 866 2666 τὸν
889 2612 1096 2682 Nonsz
1125 2613 1268 2667 Πατέ
1278 2615 1378 2684 ρα¹
1401 2612 1728 2667 πεπονθέναι
1748 2612 2020 2682 λέγοντες,

445 2702 774 2772 προφορικδν
788 2703 949 2757 πάλιν
977 2703 1338 2774 ἀναχεόμενον
1364 2704 1456 2759 τὸν
1481 2704 1670 2773 Λόγον.

518 2878 614 2933 IZ'.
640 2878 1046 2950 ’szrsmarol,
1070 2882 1213 2945 τινὸς
1246 2882 1572 2954 Ὠριγένους.
1595 2882 1945 2954 Αἰσχροποιοὶ
1966 2882 2023 2936 δὲ

443 2962 591 3022 οὗτοί
621 2971 777 3033 εἰσιν,
803 2971 1311 3042 ἀρρητοποιοῦντες,
1339 2974 1434 3026 καὶ
1463 2973 1533 3027 τά
1558 2973 1766 3029 ἑαυτῶν
1794 2973 2023 3044 σώματα

450 3059 624 3133 φθορᾷ
655 3062 1059 3134 παραδιδόντες.

2122 1894 2368 1965 Angelici
2410 1911 2542 1952 vero
2597 1896 2815 1953 ordinis
2855 1912 2915 1952 se
2964 1911 3087 1953 esse
3123 1895 3554 1967 proﬁtebantur;
3603 1899 3697 1944 aut

2120 1994 2268 2041 certe
2305 1988 2450 2057 quod
2483 1987 2712 2058 angelos
2747 1988 3088 2043 invocarent.
3504 2038 3505 2041 η

2192 2074 2308 2133 XV.
2336 2079 2662 2155 .Apostolici,
2686 2079 2780 2150 qui
2799 2086 2855 2135 et
2872 2080 3184 2148 Apotactici,
3215 2077 3333 2133 sive
3350 2076 3699 2131 Renuntiato-

2121 2186 2202 2225 res
2232 2170 2287 2224 in
2316 2168 2519 2226 Pisidia
2556 2170 2823 2225 duntaxat
2862 2170 3234 2226 inveniuntur.
3289 2167 3355 2222 Hi
3399 2167 3548 2223 solos
3576 2166 3701 2220 illos

2121 2259 2442 2326 admittunt,
2472 2262 2564 2330 qui
2594 2276 2657 2316 se
2684 2260 2844 2317 bonis
2869 2260 3123 2317 omnibus
3152 2257 3549 2314 abdicaverint.
3579 2257 3698 2310 Cae-

2120 2360 2296 2404 terum
2362 2348 2766 2405 Encratitarum
2827 2350 3037 2407 similes
3100 2359 3259 2414 sunt,
3318 2349 3421 2404 etsi
3481 2347 3699 2403 diversa

2121 2440 2366 2510 quaedam
2393 2427 2463 2497 ab
2500 2441 2609 2498 illis
2635 2450 2907 2497 statuunt.

2193 2527 2332 2586 XVI.
2377 2531 2671 2588 Sabelliani
2704 2547 2828 2588 cum
2856 2532 3138 2588 Noetianis
3169 2532 3222 2586 in
3268 2531 3525 2587 omnibus
3569 2544 3702 2600 pro-

2124 2620 2414 2690 pemodum
2479 2623 2854 2689 consentiunt,
2906 2623 3012 2679 nisi
3055 2622 3200 2694 quod
3257 2621 3472 2677 Patrem
3519 2621 3699 2692 ipsum

2118 2720 2326 2784 negant
2370 2728 2493 2769 esse
2546 2730 2806 2785 passum;
2846 2715 2916 2771 ab
2952 2730 3129 2787 eoque
3180 2715 3514 2785 prolatitium
3559 2713 3701 2768 dun-

2124 2809 2277 2855 taxat
2313 2816 2535 2857 manare
2574 2801 2832 2858 Verbum.

2196 2889 2356 2946 XVII.
2411 2891 2719 2965 Origeniani
2776 2910 2805 2948 a
2862 2894 3099 2964 quodam
3154 2893 3390 2965 Origene
3444 2891 3699 2948 derivati.

2127 2980 2453 3052 Turpissimi
2496 2983 2584 3039 isti
2629 2992 2779 3052 sunt,
2818 2999 2883 3041 ac
2918 2984 3187 3042 nefariam
3217 2996 3272 3039 et
3304 2991 3699 3055 preposleram

2128 3071 2408 3127 libidinem
2464 3084 2742 3140 exercent,
2777 3091 2990 3147 suaque
3033 3090 3268 3146 corpora
3319 3083 3700 3144 corrumpunt.

501 3149 607 3206 ΠΡ.
635 3153 1011 3223 Ὠριτενιανοὶ
1027 3154 1197 3221 ἄλλοι,
1214 3156 1521 3227 Ὠριγένους
1534 3154 1627 3209 τοῦ
1644 3156 1739 3209 καὶ
1755 3154 2019 3226 Ἀδαμαν-

2194 3161 2380 3219 XVIII.
2443 3162 2755 3238 Origeuiani
2810 3168 2902 3223 alii
2959 3168 3028 3224 ab
3088 3166 3322 3239 Origene
3375 3165 3704 3220 Adamantio

448 3243 585 3309 τίου,
597 3244 691 3298 τοῦ
709 3246 1027 3314 συντάκτου,
1040 3248 1088 3300 οἱ
1110 3249 1208 3319 τὴν
1227 3247 1336 3301 τῶν
1351 3247 1557 3319 νεκρῶν
1574 3247 1870 3302 ἀνάστασιν
1887 3247 2022 3301 ἀπο-

448 3330 766 3403 ϐαλλόμενοι
782 3349 796 3365 ο
822 3334 1056 3406 Χριστὸν
1081 3334 1139 3387 δὲ
1160 3335 1387 3407 κτίσμα,
1409 3336 1503 3390 καὶ
1530 3334 1589 3389 τὺ
1617 3336 1772 3403 ἅγιον
1789 3333 2023 3406 Πνεῦμα

450 3424 1184 3498 εἰσηγούμενοι,παράδεισόν
1206 3444 1265 3480 τε
1287 3429 1378 3481 καὶ
1392 3427 1673 3500 οὐρανοὺς,
1688 3426 1784 3480 καὶ
1802 3425 1870 3480 τὰ
1890 3426 2024 3480 ἀλλα

451 3517 628 3571 πάντα
659 3516 1083 3591 ἀλληγοροῦντες
1102 3535 1117 3548 ·
1143 3518 1380 3591 Χριστοῦ
1401 3518 1459 3573 δὲ
1487 3518 1586 3590 τὴν
1617 3516 1896 3590 βασιλειαν
1925 3533 2023 3571 πε-

451 3608 689 3663 παῦσθαι
710 3607 1021 3681 ληροῦντες,
1065 3610 1164 3664 καὶ
1195 3610 1331 3682 ὁμοῦ
1357 3612 1482 3674 τοὺς
1515 3610 1778 3680 ἀγγέλους
1811 3608 2025 3682 παυθή-

453 3700 673 3755 σεσθαιο
748 3701 982 3773 Χριστὸν
1030 3701 1086 3755 δὲ
1165 3703 1262 3756 σὺν
1350 3701 1580 3771 διαϐόλῳ
1636 3698 2028 3783 βασιλευθησο-

452 3793 603 3865 μένῳ
618 3794 657 3847 ³.

2128 3253 2417 3325 scriptore.
2452 3254 2514 3309 Ili
2562 3254 2908 3313 mortuorum
2956 3258 3418 3315 resurrectionem
3454 3264 3701 3328 negant;

2131 3354 2240 3399 tam
2265 3346 2568 3413 Christum,
2617 3366 2781 3420 quam
2812 3351 3079 3422 Spiritum
3103 3359 3354 3407 sanctum
3403 3348 3604 3404 creatis
3649 3348 3703 3402 in

2133 3436 2299 3492 rebus
2333 3449 2653 3505 numerant;
2702 3442 3039 3512 paradisum,
3074 3456 3138 3497 ac
3167 3441 3361 3501 caelos.
3401 3449 3707 3508 ceteraque

2131 3525 2316 3579 omnia
2356 3526 2425 3582 ad
2461 3528 2751 3599 allegorias
2779 3530 3023 3586 referunt
3046 3547 3077 3586 ι-
3100 3530 3304 3586 Christi
3340 3543 3568 3602 regnum
3594 3536 3706 3583 ter-

2136 3616 2454 3674 minandum
2488 3636 2632 3686 esse,
2668 3621 3054 3692 desiturosque
3074 3622 3326 3679 similiter
3357 3620 3579 3692 angelos
3604 3619 3710 3675 do-

2135 3714 2297 3773 cent;
2329 3709 2692 3782 eumdemque
2720 3727 2845 3767 eum
2889 3713 3107 3767 diabolo
3150 3712 3427 3767 Christum
3480 3709 3707 3766 alterius

2132 3811 2257 3852 esse
2287 3813 2457 3869 regno
2485 3802 2909 3871 subjiciendum.

529 3956 543 3984 ¹
575 3972 663 4023 πο.
687 3955 1069 4027 σαφηνίζοντες
1096 3955 1187 4007 τοῦ
1215 3956 1377 4026 νόμου
1410 3955 1503 4008 καὶ
1532 3955 1639 4009 τῶν
1664 3953 1976 4026 προφητῶν.
2053 3955 2073 3985 ¹
2096 3954 2249 4011 Corr.
2286 3960 2436 4031 παρὰ
2475 3961 2630 4013 τοῦτο
2683 3962 2839 4031 μόνον
2862 3979 2873 3990 ·
2922 3962 3011 4013 τὸν
3043 3962 3177 4014 Πατ.
3258 3966 3278 3995 ³
3302 3957 3361 4011 F.
3395 3953 3707 4028 βασιλευῡη-

455 4023 696 4093 σόμενον.

2251 4161 2647 4172 ..ΨΜ-ι
2657 4164 3339 4174 Mm”—

3347 4160 3693 4175 ’———~—-—~.

904 4276 978 4376 Τ
980 4274 1289 4361 ΟΜΟΣ
1356 4274 1795 4360 ΠΡΩΤΟΣ
1877 4272 2104 4361 ΤΟΥ
2183 4270 2756 4363 ΔΕΥΤΕΡΟΥ
2808 4275 3272 4363 ΒΙΒΛΙΟΥ.

1511 4547 1828 4634 LIBRI
1912 4545 1998 4632 ΙΙ
2077 4544 2479 4637 TOMUS
2557 4548 2630 4633 Ι.

911 4789 1099 4844 ΚΑΤΑ
1138 4786 1596 4850 ΕΓΚΡΔΤΙΤΩΝ,

1001 4880 1108 4932 KZ'
1136 4876 1176 4945 ἢ
1211 4876 1307 4931 καὶ
1338 4876 1473 4931 MZ’.

510 4971 586 5027 A'.
606 4970 952 5042 Ἑγκρατῖταί
974 4985 1118 5033 τινες
1141 4966 1283 5020 οὕτω
1298 4966 1639 5037 καλούμενοι,
1662 4960 1803 5021 οὗτοι
1825 4968 1915 5023 τὸν
1932 4970 2033 5023 Τα-

454 5064 633 5119 τιανδν
652 5063 1002 5133 διαδέχονται,
1030 5061 1188 5131 φύσει
1222 5060 1313 5114 ὑπ’
1346 5058 1511 5113 αὐτοῦ
1542 5056 1948 5130 πεπλανημένοι
1969 5078 2027 5114 τε

458 5155 549 5208 καὶ
581 5152 953 5225 ἠπατημένον
981 5153 1144 5225 ἕτερα
1172 5152 1229 5205 δὲ
1247 5149 1397 5222 παρά
1423 5149 1610 5203 τοῦτον
1637 5151 2025 5222 φρονήσαντες,

456 5247 550 5299 καὶ
565 5247 643 5310 εἱς
663 5246 885 5318 μείζονα
899 5244 1059 5298 πάλιν
1076 5241 1387 5315 ὲρεσχελίαν
1407 5242 1634 5304 ἑαυτοὺς
1652 5240 2027 5306 ὲκδεδωκότες.

456 5337 793 5409 Πληθύνουσι
812 5336 870 5391 δὲ
895 5328 1039 5390 οὗτοι
1070 5335 1164 5389 καὶ
1184 5336 1264 5398 εἱς
1295 5331 1450 5405 δεῦρο
1477 5333 1535 5385 ὲν
1562 5335 1629 5403 τῇ
1658 5332 1897 5400 Πισιδίᾳ.
1934 5334 2028 5387 καὶ

457 5432 512 5480 ἐν
530 5430 596 5500 τῇ
607 5429 817 5501 Φρυγίᾳ
836 5431 903 5499 τῇ
923 5426 1250 5498 Κεκαυμένῃ
1268 5424 1404 5495 (95),
1417 5425 1559 5480 οὕτω
1581 5423 2035 5496 λεγομένῃ.”ῐσως

529 5544 639 5615 (95)
693 5545 788 5598 Ἑν
820 5545 894 5613 τῇ
918 5547 1140 5615 Φρυγίᾳ
1170 5542 1244 5612 τῇ
1272 5546 1624 5615 κεκαυμένῃ.
1660 5544 1733 5595 Ea
1764 5550 1847 5596 cst
1876 5542 2035 5615 apud

460 5611 783 5695 Strabonem
818 5611 989 5695 Laut
1017 5611 1289 5695 Lydorum
1310 5611 1747 5695 .__Mysorumque
1782 5612 1927 5695 regio
1968 5613 2033 5665 ad

458 5680 810 5754 Maeandrum.
856 5683 919 5738 At
958 5676 1265 5754 Stephanus
1312 5676 1817 5754 Καέακεκαυμένην
1845 5676 2035 5754 χώραν

458 5751 532 5806 ait
565 5766 685 5808 esse
710 5753 808 5819 τῆς
838 5751 1088 5822 Ἐφεσίας
1119 5770 1182 5807 ex
1219 5772 1311 5809 xm
1341 5754 1627 5811 Strabonis
1650 5753 1809 5806 libro.
1841 5752 2033 5805 (laeteri

2386 4790 2552 4861 399
2585 4787 2954 4844 onrzusus
2993 4787 3448 4847 ENCRATITAS.

2351 4882 2483 4948 Qua:
2514 4891 2595 4936 est
2635 4881 2849 4937 lueresis
2877 4880 2979 4935 XX
2997 4879 3107 4933 VII
3128 4880 3235 4935 sive
3260 4878 3355 4933 XL
3370 4878 3498 4933 VII.

2212 4974 2251 5025 l.
2293 4972 2394 5039 Qui
2440 4970 2733 5026 Encratitae
2790 4977 3089 5031 vocantur,
3138 4967 3368 5024 Tatiano
3430 4984 3710 5026 successe-

2142 5073 2289 5129 runt,
2330 5063 2487 5133 cujus
2513 5063 2796 5119 erroribus
2827 5046 3017 5115 imbuti
3052 5069 3201 5125 sunt,
3237 5060 3572 5131 eosdemque
3607 5076 3708 5116 no-

2141 5157 2223 5211 vis
2260 5153 2609 5224 opinionibus
2651 5152 3024 5214 cumularunt,
3067 5158 3122 5206 et
3158 5151 3394 5220 majores
3427 5165 3602 5221 nugas
3643 5164 3709 5204 ac

2141 5246 2334 5302 deliria
2370 5241 2664 5302 commenti
2722 5252 2868 5298 sunt.
2933 5240 3134 5296 Horum
3180 5230 3372 5312 ingens
3425 5250 3509 5299 est
3552 5243 3712 5298 hodie

2143 5350 2406 5391 numerus
2456 5335 2509 5388 in
2565 5332 2790 5395 Pisidia,
2841 5346 3012 5401 eaque
3059 5330 3308 5402 Phrygia:
3356 5339 3526 5402 parte,
3588 5348 3709 5401 qua'

2143 5426 2351 5481 Adusta
2384 5424 2602 5480 dicitur.
2650 5423 2805 5488 Quod
2832 5424 2880 5477 ei
2923 5421 3133 5492 regioni
3183 5436 3380 5477 nomen
3432 5432 3580 5477 certo
3617 5421 3712 5477 Dei

2138 5545 2422 5616 Phrygiam
2471 5560 2593 5602 esse
2638 5550 2884 5616 censent.
2940 5539 3156 5616 lnyenio
3183 5547 3237 5594 et
3268 5536 3588 5616 Laodiceam
3610 5552 3713 5616 eo-

2136 5606 2429 5684 guol'n'ento
2465 5611 3054 5684 mtaxaxaugéqu_itt
3103 5609 3404 5679 Lycaonia.
3455 5609 3569 5663 sive
3602 5606 3713 5663 Ga-

2139 5682 2287 5749 latia,
2315 5685 2454 5740 hami
2490 5686 2675 5754 procul
2712 5682 3037 5737 ahlsauria.
