3952 6134
293 232 423 337 ssi

1743 283 1803 341 S.
1841 282 2187 343 EPIPHANII

3481 280 3587 357 3.59

323 393 559 450 consilio
606 386 1104 453 forsitatrinditum
1157 403 1263 462 est,
1300 397 1447 470 quod
1476 399 1601 456 talis
1646 416 1710 455 ac
1749 401 1886 454 tanti

2011 399 2120 471 γὰρ
2145 397 2284 453 κατὰ
2306 395 2440 450 Θεοῦ
2470 398 2781 468 οἰκονομίαν
2807 412 2822 427 ⁸
2861 397 2954 452 καὶ
2978 394 3205 468 οὖτωςή
3234 401 3434 470 πατρίς
3456 397 3581 451 τοῦ-

321 486 532 541 erroris
555 486 824 556 pravitate
851 484 997 565 illius
1030 486 1223 542 incolae
1254 489 1659 559 quodammodo
1688 489 1895 544 contla-

321 575 618 645 graverint.
675 572 773 628 Est
824 575 968 627 enim
1020 575 1321 631 haeresibus
1374 578 1619 648 adprime
1671 576 1894 633 referta.

321 663 587 719 Praeterea
629 679 759 718 vero
801 665 858 719 in
898 666 1043 720 Asia:
1094 669 1414 738 provinciis,
1474 676 1528 723 et
1574 670 1629 723 in
1661 668 1894 733 Isauria,

313 754 660 827 Pamphylia,
709 755 920 821 Cilicia,
975 757 1209 826 Galatia,
1266 760 1561 815 Encratitae
1614 761 1896 833 propagati

319 853 483 912 sunt;
514 847 624 903 imo
652 855 707 901 et
751 848 807 903 in
843 847 1092 904 Romano
1116 857 1314 916 tractu,
1359 858 1414 907 et
1449 851 1794 907 Antiocheno
1840 851 1898 906 in

321 935 503 1021 Syria,
539 939 669 997 licet
696 956 807 997 non
841 942 1044 1016 ubique
1076 944 1399 1014 pervaserit.

390 1200 556 1274 ιω
585 1200 861 1272 Principia
907 1205 1073 1259 etiam
1119 1203 1196 1256 illi
1228 1204 1383 1272 plura
1430 1203 1797 1266 constituunt,
1843 1210 1899 1257 et

320 1293 465 1349 inter
493 1309 557 1349 ea
587 1294 865 1348 diabolum
898 1294 1162 1358 referunt,
1193 1309 1354 1365 quem
1389 1295 1482 1350 Dei
1506 1296 1767 1365 operibus
1797 1293 1898 1348 ad-

321 1387 550 1451 versari,
585 1402 687 1442 nec
720 1386 796 1441 illi
835 1402 958 1443 esse
1000 1387 1280 1443 subditum
1321 1388 1534 1454 volunt,
1570 1387 1667 1443 s‘ed
1703 1386 1899 1457 praeci-

322 1490 427 1544 pua
448 1475 689 1545 quadam
725 1484 993 1546 potestate
1022 1479 1309 1547 praeditum
1352 1492 1514 1549 agere
1553 1493 1677 1548 quae
1720 1476 1899 1532 libue-

321 1563 416 1627 rit,
446 1578 555 1618 non
586 1565 795 1621 malitia
832 1567 1210 1636 depravatum.
1249 1566 1387 1622 Cum
1418 1566 1667 1625 Ecclesia
1696 1567 1901 1638 quippe

322 1654 549 1713 minime
596 1658 973 1725 consentiunt,
1011 1658 1108 1714 sed
1152 1674 1183 1713 a
1215 1660 1465 1714 veritatis
1490 1659 1742 1713 doctrina
1777 1658 1900 1712 lon-

1997 507 2136 560 νομα
2166 489 2353 560 εἴληφε
2381 488 2661 542 καλεῖσθαι
2690 491 2749 544 ὲν
2778 488 2858 560 τῷ
2880 490 3089 561 κόσμῳ,
3109 490 3199 544 διὰ
3213 490 3581 547 τδκεκαῦσθαι

1997 582 2123 645 τοὺς
2162 582 2453 650 οἰκήτορας
2494 580 2603 636 ἀπὸ
2640 580 2742 651 τῆς
2787 580 3120 652 διαστροφῆς
3198 582 3299 651 τῆς
3332 581 3585 653 τοιαύτης

1998 673 2093 727 καὶ
2112 672 2383 742 τοσαύτης
2408 672 2636 744 πλάνης.
2668 673 2868 727 Πολλαὶ
2896 673 3007 745 γάρ
3033 674 3277 745 αἱρέσεις
3296 678 3352 728 ἐν
3374 675 3457 747 τῷ
3481 695 3585 747 χω-

2002 763 2120 834 ρίῳ.
2173 764 2295 817 Είσὶ
2334 764 2391 817 δὲ
2438 765 2530 817 καὶ
2572 766 2629 816 ὲν
2669 765 2861 837 μέρεσι
2900 765 3003 836 τῆς
3049 766 3260 830 Ἄσίας,
3300 768 3396 820 καὶ
3440 769 3498 820 ἐν
3518 770 3584 839 τῇ

2011 854 2288 926 Ἱσαύρων,
2330 855 2429 908 ’καὶ
2454 855 2788 926 Παμφύλων,
2841 856 2937 909 καὶ
2980 855 3221 910 Κιλίκων
3263 860 3361 928 γῇ,
3392 860 3489 912 καὶ
3528 860 3584 912 ὲν

1996 946 2265 1018 Γαλατία·
2311 947 2411 1018 ἤδη
2457 946 2515 999 δὲ
2551 948 2645 1000 xal.
2687 947 2777 999 ἐπὶ
2808 947 2869 1000 τὸ
2904 948 3013 1000 τῶν
3055 949 3343 1018 Ῥωμαίων
3379 950 3580 1022 μέροςο

1999 1038 2133 1093 ἀλλὰ
2182 1040 2276 1091 καὶ
2320 1040 2413 1092 ἐπὶ
2450 1039 2552 1108 τῆς
2591 1038 2698 1093 τῶν
2738 1038 3051 1110 Ἀντιοχέων
3093 1041 3191 1110 τῆς
3232 1041 3452 1117 Συρίας.
3513 1043 3584 1097 (ιῦ

2000 1129 2163 1185 παντὶ
2186 1129 2207 1160 "
2245 1128 2302 1185 δὲ
2336 1131 2620 1201 ἡτοιαύτη
2653 1129 2888 1202 αἵρεσις.

2065 1221 2340 1274 Φάσκουσι
2371 1221 2428 1275 δὲ
2468 1222 2562 1276 καὶ
2613 1216 2759 1275 οὗτοι
2795 1222 2972 1292 ἀρχάς
3005 1239 3156 1286 τινας
3199 1218 3358 1287 εἶναι,
3410 1224 3509 1293 τήν
3530 1241 3586 1276 τε

1996 1312 2093 1367 τοῦ
2140 1312 2390 1367 διαϐόλου
2442 1315 2831 1384 ἀντικειμένην
2857 1314 2995 1384 πρὸς
3036 1314 3106 1367 τά
3137 1313 3231 1367 τοῦ
3260 1315 3395 1367 Θεοῦ
3439 1317 3590 1386 ποιήο

2002 1421 2164 1474 ματα,
2214 1405 2308 1457 καὶ
2349 1404 2425 1476 μὴ
2476 1405 2934 1477 ὑποτασσομένην
2969 1405 3118 1477 Θεῷ’
3159 1405 3297 1459 ἀλλά
3334 1405 3587 1477 ἰσχύοντα

1999 1494 2093 1550 καὶ
2117 1494 2443 1567 πράττοντα,
2484 1496 2561 1561 ὡς
2590 1496 2733 1551 κατά
2777 1497 2913 1551 ίδίαν
2958 1497 3226 1564 ἐξουσίαν,
3258 1499 3352 1553 καὶ
3378 1500 3481 1569 οὐχ
3512 1500 3585 1563 ὡς

2001 1589 2059 1640 ιν
2083 1590 2443 1659 παρεκτροπῇ
2469 1588 2780 1659 γενόμενον.
2813 1588 2889 1643 Ob
2922 1588 3030 1659 γὰρ
3054 1589 3195 1642 κατά
3216 1588 3316 1660 τὴν
3357 1588 3586 1659 Ἐκκλη-

2002 1677 2123 1731 σίαν
2155 1678 2425 1746 λέγουσιν,
2459 1678 2595 1732 ἀλλὰ
2619 1679 2794 1741 ἄλλως
2819 1679 2972 1749 παρά
2995 1679 3056 1732 τὸ
3081 1681 3181 1748 τῆς
3206 1680 3470 1755 ἀληθείας
3490 1693 3583 1749 ut;-

320 1746 443 1814 gius
475 1746 752 1802 aberrant.
792 1746 941 1803 Inter
988 1750 1279 1819 primarias
1330 1748 1648 1820 Scripturas
1698 1751 1900 1804 habent

2007 1785 2191 1839 ρυγμα
2229 1741 2240 1746 ἰ
2264 1769 2574 1840 Κέχρηνται
2602 1770 2658 1823 δὲ
2686 1741 2927 1840 Γραφαῖς
2961 1741 3331 1840 πρωτοτύποίς
3357 1741 3481 1834 ταῖς
3499 1741 3581 1823 λέ.

320 1834 552 1891 Andreae
575 1851 640 1891 ac
657 1837 889 1896 Joannis
938 1839 1073 1894 Acta
1091 1880 1109 1905 ,
1170 1854 1386 1896 necnon
1410 1840 1654 1907 Thomas,
1684 1851 1736 1895 et
1765 1858 1898 1910 apo-

320 1927 559 1996 cryphos
605 1928 764 1983 alios.
814 1928 855 1982 E
890 1929 1083 1989 Vetere
1128 1930 1481 1988 Testamento
1512 1947 1635 2004 qua:
1679 1933 1898 1987 libuerit

320 2015 551 2086 eligunt.
595 2015 923 2090 Nuptiarum
970 2030 1250 2078 auctorem
1295 2022 1576 2079 diabolum
1608 2023 1898 2081 manifeste

319 2109 682 2165 constituunt.
711 2111 983 2169 Animatis
1012 2114 1159 2169 vesci
1192 2114 1506 2183 prohibent,
1539 2131 1648 2171 non
1684 2122 1897 2186 tempe-

319 2201 515 2256 rantiae
552 2202 754 2267 studio,
803 2218 981 2275 neque
1012 2206 1277 2277 peculiari
1332 2221 1401 2262 ex
1463 2206 1719 2261 instituto
1752 2209 1895 2272 vitaz,

318 2291 418 2349 sed
446 2292 584 2349 falso
609 2294 849 2367 quodam
879 2305 935 2350 et
967 2295 1218 2352 aﬂectato
1256 2308 1428 2365 metu,
1468 2314 1538 2353 ne
1584 2299 1654 2353 ob
1686 2300 1899 2354 anima-

319 2392 500 2439 torum
567 2402 727 2442 usum
784 2388 886 2444 sibi
944 2389 1049 2459 ipsi
1114 2389 1526 2447 damnationem
1589 2372 1896 2448 arcessant.

316 2474 530 2544 Aquam
596 2474 667 2530 ad
723 2477 982 2548 mysteria
1034 2479 1209 2533 solam
1255 2479 1538 2535 adhibent.
1584 2477 1720 2534 Nam
1770 2481 1899 2535 vino

318 2567 543 2637 penitus
593 2568 891 2634 abstinent,
932 2577 988 2625 et
1016 2570 1351 2626 diabolicum
1402 2573 1707 2642 appellant;
1751 2574 1898 2642 quod

317 2659 415 2730 qui
448 2659 662 2723 bibant,
705 2675 838 2715 eove
870 2669 1116 2728 utantur,
1155 2664 1436 2732 improbos
1484 2674 1539 2719 et
1577 2678 1898 2734 peccatores

317 2761 448 2803 esse
492 2755 762 2805 statuunt.
802 2746 1146 2806 Mortuorum
1181 2752 1645 2808 resurrectionem
1697 2768 1898 2826 appro-

318 2837 472 2903 bant,
499 2838 638 2897 adeo
664 2847 723 2893 ut
757 2838 980 2896 furiosae
1012 2841 1302 2911 cujusdam
1332 2846 1562 2901 insaniae
1593 2846 1751 2915 plena
1784 2848 1898 2901 haec

317 2944 442 2985 esse
466 2929 718 2989 videatur
741 2931 990 2989 haeresis.
1018 2931 1115 2991 Est
1143 2935 1278 2990 illud
1307 2950 1442 2991 sane
1478 2936 1775 3006 cujuslibet
1808 2952 1897 2991 sa-

317 3019 521 3089 pientis
563 3028 618 3075 et
662 3021 1049 3078 observatione
1083 3033 1138 3079 et
1164 3024 1527 3081 admiratione
1552 3026 1797 3098 dignum,
1831 3043 1897 3082 ex

319 3206 457 3260 nihil
488 3205 599 3262 sibi
624 3216 889 3262 constans
920 3222 987 3261 ac
1015 3215 1447 3263 consentaneum
1480 3223 1628 3275 esse,
1659 3219 1753 3263 aut
1791 3211 1899 3267 ulla

318 3297 565 3355 veritatis
603 3298 784 3367 specie
811 3296 1111 3373 probabile.

395 3474 458 3529 ll.
500 3474 712 3529 Etenim
740 3476 784 3531 si
811 3485 918 3528 tam
939 3474 1129 3543 Vetus,
1154 3491 1317 3545 quam
1349 3475 1559 3530 Novum
1584 3476 1902 3533 Testamen-

322 3577 438 3623 tum
482 3566 778 3637 recipiunt,
810 3564 1088 3636 quomodo
1114 3566 1335 3622 diversa
1378 3567 1471 3620 illa
1506 3567 1777 3637 principia
1804 3583 1902 3636 po-

320 3670 541 3724 nentur,
588 3673 714 3720 cutn
744 3658 907 3716 ambo
951 3661 1094 3715 inter
1128 3674 1190 3715 se
1217 3659 1571 3716 Testamenta
1614 3660 1683 3716 de
1712 3660 1901 3730 singu-

321 3750 423 3804 lari
478 3749 768 3805 divinitate
813 3750 1186 3814 consentiaut,
1242 3751 1478 3819 ejusque
1529 3750 1904 3827 cognitionem

321 3840 656 3914 praedicent?
696 3840 780 3895 Ad
813 3843 949 3907 hac,
978 3843 1024 3897 si
1079 3851 1420 3897 mortuorum
1470 3853 1553 3897 est
1591 3842 1773 3897 futura
1814 3858 1902 3897 re-

321 3932 616 3999 surrectio,
662 3934 753 4005 qui
794 3935 1013 3989 tandem
1054 3935 1298 3989 honestas
1344 3936 1548 4004 nuptiae
1575 3935 1742 3988 tribui
1783 3933 1903 3989 dia-

322 4024 447 4080 bolo
482 4031 737 4095 possunt,
780 4040 904 4080 cum
956 4026 1260 4095 praesertim
1293 4025 1435 4079 Deus
1476 4025 1746 4080 edixerit:
1775 4024 1902 4079 Cre-

320 4113 450 4167 scite
487 4122 537 4167 et
568 4114 1075 4183 multiplicamini";
1118 4122 1175 4168 et
1210 4115 1263 4167 in
1300 4114 1593 4184 Evangelio
1636 4114 1903 4170 Dominus

324 4207 399 4263 ita
430 4207 782 4277 praceperit:
814 4204 947 4279 Qua:
999 4204 1135 4258 Deus
1181 4204 1456 4267 Coniunzit
1494 4204 1649 4258 homo
1694 4221 1798 4259 non
1829 4222 1902 4260 se-

322 4299 548 4367 parct‘;
579 4297 673 4353 sed
711 4303 766 4355 et
808 4294 1138 4366 Apostolus:
1185 4292 1539 4347 Honorabiles
1590 4296 1808 4363 nuptiae,
1853 4306 1901 4349 et

2003 1857 2263 1928 γομέναις
2303 1857 2549 1929 Ἀνδρέου
2587 1859 2680 1912 καὶ
2722 1860 2968 1913 Ἰωάννου
2993 1857 3257 1927 Πράξεσι,
3285 1861 3382 1914 καὶ
3397 1859 3587 1930 Θωμὶ,

2002 1947 2097 2000 καὶ
2152 1946 2491 2018 ἀποκρύφοις
2532 1949 2645 2001 τισὶ
2669 1987 2683 2010 ,
2716 1949 2811 2004 καὶ
2844 1943 2924 2012 οἷς
2963 1947 3240 2018 βούλονται
3286 1949 3473 2018 λόγοις
3495 1950 3593 2018 τῆς

2007 2037 2252 2101 Παλαιᾶς
2274 2038 2571 2109 Διαθήκης.
2596 2038 2700 2092 Τὸν
2732 2039 2789 2092 δὲ
2815 2039 2992 2109 γάμον
3016 2040 3201 2108 σαφῶς
3223 2040 3315 2094 τοῦ
3343 2040 3594 2095 διαϐόλου

2000 2128 2292 2198 ὁρίζονται.
2339 2126 2601 2200 Ἐμψυχα
2632 2128 2687 2182 δὲ
2719 2129 3097 2199 βδελύσσονται
3135 2130 3593 2202 ἀπαγορεύοντες,

2000 2220 2098 2291 οὐχ
2134 2220 2319 2273 ἕνεκεν
2367 2219 2716 2291 ἐγκρατείας,
2765 2218 2888 2272 οὗτε
2934 2222 3236 2287 πολιτείας,
3274 2221 3416 2276 ἀλλά
3451 2221 3589 2276 κατά

2000 2311 2164 2380 φόϐον
2186 2352 2200 2371 ,
2265 2312 2358 2364 καὶ
2418 2311 2667 2381 ίνδαλμὺν
2709 2309 2801 2364 τοῦ
2850 2311 2926 2383 μὴ
2980 2312 3448 2389 καταδικασθῆναι
3489 2312 3597 2364 ἀπὸ

2000 2402 2102 2471 τῆς
2140 2400 2248 2454 τῶν
2305 2401 2564 2471 ἐμψύχων
2606 2402 2982 2472 μεταλήψεως.
3042 2404 3354 2477 Κέχρηνται
3400 2403 3460 2456 δὲ
3504 2401 3592 2455 καὶ

2000 2489 2151 2547 αὐτοὶ
2196 2489 2511 2559 μυστηρίοις
2541 2487 2607 2540 δι’
2638 2485 2845 2552 ὕδατος.
2897 2486 3058 2542 Οἶνον
3091 2489 3147 2543 δὲ
3184 2489 3323 2555 ὅλως
3343 2490 3407 2543 οὐ
3432 2506 3586 2560 μετα·

2000 2578 2368 2650 λαμϐάνουσι·
2420 2578 2721 2648 φάσκοντες
2768 2575 2907 2631 εἶναι
2948 2579 3284 2634 διαϐολικόν·
3328 2582 3426 2635 καὶ
3470 2582 3590 2644 τοὺς

2001 2671 2272 2733 πίνοντας,
2322 2669 2414 2722 καὶ
2465 2670 2591 2732 τοὺς
2637 2670 2952 2741 χρωμένους
3006 2671 3243 2742 ἀνόμους
3298 2669 3444 2725 εἶναι
3500 2675 3590 2723 καὶ

2001 2761 2338 2832 ἁμαρτάδας.
2396 2760 2720 2814 Πιστεύουσι
2758 2761 2816 2815 δὲ
2868 2760 2964 2813 καὶ
3010 2762 3220 2832 νεκρῶν
3270 2762 3589 2815 ἀνάστασιν.

2012 2852 2100 2912 Ὠς
2133 2847 2273 2902 εἶναι
2310 2849 2460 2920 παρὰ
2501 2851 2615 2911 τοῖς
2656 2847 2799 2902 οὕτω
2836 2848 3278 2920 πεπλανημένοις
3316 2850 3388 2903 τὰ
3420 2848 3589 2901 πάντα

2002 2941 2201 3012 μανίας
2238 2940 2469 3011 ἔμπλεα.
2525 2941 2636 2993 Kal.
2665 2939 2776 3011 γὰρ
2814 2939 2960 2992 ἔστιν
2998 2941 3125 2992 ἰδεῖν
3169 2941 3262 2993 καὶ
3292 2939 3590 3011 θαυμάσαι,

1942 3081 1968 3095 η,
2004 3024 2100 3085 καὶ
2139 3034 2218 3096 είς
2249 3029 2511 3102 ἔκπληξιν
2534 3030 2711 3085 ἐλθεῖν
2752 3032 2845 3085 τὸν
2874 3030 3163 3103 ἄνθρωπον
3196 3032 3327 3103 περὶ
3354 3032 3591 3095 πάντων,

318 3114 580 3171 omnibus
614 3130 735 3184 quae
763 3116 835 3171 ab
871 3115 1143 3171 haereticis
1176 3116 1284 3171 dici
1336 3116 1564 3186 ﬁerique
1594 3119 1895 3179 cernimus.
1930 3114 1967 3135 "

2003 3119 2078 3177 ὧν
2107 3127 2154 3178 οί
2186 3124 2456 3195 ἀλλότριοι
2488 3122 2709 3193 λέγουσί
2741 3139 2801 3176 τε
2827 3125 2920 3177 καὶ
2953 3124 3284 3195 πράττουσιν
3308 3141 3323 3153 ·
3362 3124 3593 3181 ἀσυστά-

2000 3235 2108 3280 τως
2136 3216 2243 3270 τῶν
2276 3217 2491 3270 πάντων
2547 3217 2678 3288 παρ’
2723 3217 2907 3280 αὐτοῖς
2935 3216 3243 3287 λεγομένων
3286 3234 3350 3269 τε
3388 3218 3485 3271 καὶ
3513 3233 3592 3285 γι-

2000 3306 2277 3377 νομένων,
2329 3306 2423 3358 καὶ
2465 3305 2736 3377 μηδεμίαν
2776 3305 3015 3376 ἔμφασιν
3052 3304 3307 3376 ἀληθείας
3354 3307 3592 3376 ἐπιδεχο-

2005 3398 2206 3470 μένων.

2076 3492 2147 3543 B'.
2178 3488 2242 3544 Εί
2264 3489 2374 3560 γὰρ
2393 3488 2687 3561 κέχρηνται
2711 3489 2924 3559 Παλαιᾷ
2946 3492 3039 3543 καὶ
3055 3489 3457 3563 ΝέᾳΔιαθήκῃ,
3480 3487 3591 3549 πῶς

2002 3581 2169 3655 ἀρχαὶ
2185 3582 2433 3652 διάφοροι
2446 3581 2505 3633 εὑ
2513 3579 2964 3653 ρεθήσονται,τῶν
2973 3580 3067 3633 δύο
3079 3579 3366 3651 Διαθηκῶν
3380 3597 3442 3633 συ
3451 3597 3593 3651 μφω-

2002 3670 2207 3724 νουσῶν
2232 3671 2358 3738 περὶ
2384 3671 2512 3740 μιᾶς
2534 3667 2808 3740 θεότητος,
2833 3670 2927 3722 καὶ
2954 3670 3053 3741 τὴν
3074 3669 3275 3738 γνῶσιν
3294 3686 3589 3741 κηρυττου·

2004 3761 2112 3814 σῶν
2127 3762 2148 3792 ⁸
2169 3780 2183 3827 ;
2208 3759 2271 3819 Εἰ
2288 3761 2344 3813 δὲ
2357 3760 2442 3830 εἴη
2457 3760 2551 3813 καὶ
2564 3759 2773 3829 νεκρῶν
2788 3760 3107 3825 ἀνάστασις,
3123 3759 3240 3822 πῶς
3254 3759 3338 3813 ἔτι
3353 3764 3383 3815 ό
3401 3759 3590 3831 σεμνὸς

2002 3857 2179 3926 γάμος
2212 3854 2305 3907 τοῦ
2338 3853 2584 3913 διαϐόλου
2621 3852 2978 3924 εὑρεθήσεται
3011 3892 3025 3916 ,
3058 3854 3219 3906 ὁπότε
3241 3853 3378 3917 Θεὸς
3408 3853 3584 3920 λέγει·

2003 3947 2349 4013 Αὑξὰνεσθε
2372 3947 2468 3999 καὶ
2500 3947 2885 4013 πληθύνεσθε
2904 3963 2917 3976 ο
2968 3947 3061 4000 καὶ
3088 3946 3181 3999 τοῦ
3214 3945 3417 4016 Κυρίου
3439 3946 3496 3998 ὲν
3514 3942 3588 4013 τῷ

2004 4036 2321 4106 Εὐαγγελίῳ
2361 4035 2643 4103 λέγοντοςο
2713 4037 2772 4088 Ἀ
2814 4038 2849 4091 d
2879 4035 3024 4102 Θεὸς
3056 4036 3451 4101 συνέζευξεν,
3487 4036 3587 4088 ἇν-

2004 4130 2233 4194 θρωπος
2253 4126 2342 4196 μὴ
2367 4124 2649 4195 χωριζέτω
2667 4143 2680 4157 ο
2712 4127 2806 4180 καὶ
2830 4127 2926 4180 τοῦ
2957 4114 3282 4181 Ἀποστόλου
3304 4127 3552 4197 λέγοντος
3569 4142 3582 4155 ·
3640 4124 3643 4131 ’

2010 4220 2202 4287 Τίμιος
2234 4220 2267 4271 ό
2293 4217 2499 4288 γάμος,
2531 4218 2694 4290 καὶςή
2719 4219 2887 4288 κοίτη
2915 4220 3228 4289 ἀμίαντος;
3261 4221 3357 4284 Εἰς
3382 4219 3586 4277 ἑαυτῶν

2003 4311 2058 4364 δὲ
2087 4311 2310 4382 γνώμην
2338 4311 2433 4364 καὶ
2463 4310 2806 4384 παράστασιν
2838 4311 3161 4383 μυθολογίας
3189 4313 3283 4365 καὶ
3317 4312 3429 4366 τῶν
3447 4314 3467 4344 ⁹
3502 4328 3585 4363 m-

326 4393 474 4439 torus
519 4382 895 4439 inmaculatus
919 4382 963 4435 ⁸.
1009 4380 1210 4435 Verum
1250 4383 1319 4436 ad
1366 4383 1677 4451 Opinionem
1723 4399 1899 4447 suam,

2009 4401 2207 4455 νόντων
2240 4401 2330 4452 τὸν
2358 4394 2521 4463 οἶνον,
2553 4400 3015 4470 ὲπιλαμϐἀνονταί
3040 4420 3161 4455 τινα
3199 4400 3584 4473 θηρολεκτοῦν-

325 4475 442 4530 sive
479 4473 660 4546 potius
705 4471 942 4526 fabulam
978 4470 1355 4533 asserendam,
1395 4487 1602 4543 eosque
1633 4474 1903 4529 damnan-

323 4568 445 4630 dos,
469 4566 563 4637 qui
586 4567 773 4621 vinum
797 4564 1079 4626 adhibent,
1113 4564 1396 4619 nonnullis
1419 4565 1722 4621 abutuntur
1751 4566 1903 4621 Scri-

324 4667 499 4730 ptura:
522 4658 678 4719 locis,
706 4670 772 4711 ac
787 4670 952 4710 voces
977 4664 1341 4725 aucupantur,
1369 4656 1571 4727 quibus
1598 4672 1630 4710 a
1657 4657 1906 4713 daemone

324 4750 629 4824 profectum
667 4749 813 4804 istud
844 4748 1021 4819 ipsum
1060 4748 1458 4804 demonstrent.
1495 4747 1631 4803 Nam
1670 4759 1725 4804 et
1767 4748 1906 4805 Noe-

325 4858 469 4907 mus,
522 4843 799 4913 inquiunt,
847 4850 1204 4912 posteaquam
1254 4842 1439 4897 vinum
1479 4843 1636 4904 bibit,
1668 4842 1905 4898 nudatus

324 4943 409 4993 est
428 4934 471 4987 ⁸.
504 4933 606 4988 Lot
642 4935 829 4995 ebrius
857 4948 981 4991 cum
1018 4933 1234 4993 ﬁliabus
1282 4935 1401 4991 suis
1430 4934 1751 5004 imprudens
1781 4951 1901 4989 con-

328 5027 522 5081 cubuit
543 5027 586 5079 ³.
623 5025 821 5081 Eadem
867 5027 934 5080 ad
978 5026 1359 5082 fabricandum
1396 5027 1633 5081 vitulum
1666 5028 1906 5083 ebrietas

326 5119 598 5191 impulit“.
625 5118 744 5187 Quo
764 5119 856 5173 illa
883 5118 1177 5189 Scriptura:
1203 5120 1361 5173 vt-rba
1380 5118 1801 5189 pertinent:Cui
1822 5132 1906 5172 tu-

330 5214 526 5269 multus
545 5216 571 5270 ?
610 5214 697 5267 cui
734 5229 923 5284 pugna
944 5215 971 5269 .’
998 5214 1082 5266 cui
1114 5213 1369 5268 molestia:
1413 5229 1476 5265 ac
1501 5211 1856 5281 fabulationes
1881 5215 1905 5268 .’

322 5304 413 5363 cui
455 5302 614 5377 ω]
659 5304 1000 5356 contritiones
1061 5303 1307 5372 frustra?
1367 5304 1519 5373 cujus
1577 5302 1726 5359 lividi
1785 5315 1905 5359 sunt

326 5397 509 5453 oculi?
555 5393 744 5449 Nonne
789 5409 968 5451 eorum
1014 5396 1106 5464 qui
1142 5405 1621 5451 commemorantur
1661 5397 1716 5450 in
1744 5396 1905 5452 vino?

2002 4506 2112 4553 τες,
2140 4490 2233 4542 καί
2252 4504 2413 4556 φασιν
2434 4491 2499 4543 ὲκ
2521 4489 2615 4542 τοῦ
2636 4490 2873 4561 πονηροῦ
2896 4492 2956 4543 τὸ
2981 4489 3225 4545 τοιοῦτον
3252 4487 3393 4544 εἶναι
3416 4490 3579 4551 τέλος.

2007 4582 2166 4634 Ἐπιε
2195 4581 2327 4653 γὰρ,
2352 4583 2505 4652 φησὶ,
2547 4580 2671 4635 Νῶε
2693 4582 2802 4637 ἀπὸ
2828 4581 2924 4636 τοῦ
2956 4582 3119 4649 οἴνου,
3150 4584 3243 4638 καὶ
3272 4580 3580 4656 ἐγυμνώθη.

2001 4674 2113 4726 Kal.
2161 4672 2308 4737 Λὼτ,
2344 4674 2499 4743 φησὶ,
2537 4673 2846 4744 μεθυσθεὶς,
2883 4674 3221 4747 θυγατράσιν
3258 4675 3415 4738 ἰδίαις
3446 4671 3582 4726 κατὰ

2003 4763 2228 4831 ἄγνοιαν
2260 4762 2546 4834 συνεμίγη.
2595 4763 2706 4818 Kal.
2742 4764 2830 4818 διὰ
2859 4764 3029 4836 μέθης
3060 4765 3284 4834 γέγονεν
3318 4767 3351 4836 ή
3388 4780 3580 4836 μοσχο-

2007 4853 2179 4906 ποιία.
2217 4854 2322 4906 Καί
2358 4870 2522 4923 φησιν
2559 4855 2593 4925 ἡ
2622 4854 2836 4927 Γραφή·
2875 4858 2997 4910 Τίνι
3027 4860 3274 4925 θόρυϐος
3294 4873 3313 4921 ;
3336 4858 3453 4911 τινι
3470 4852 3580 4925 μά·

2004 4961 2140 5015 χαις
2192 4947 2308 4998 τίνι
2348 4945 2549 5013 ἀηδίαι
2588 4947 2688 5001 καὶ
2724 4947 2977 5017 λέσχαι;
3009 4951 3126 5004 τίνι
3175 4951 3581 5020 συντρίμματα

2002 5036 2319 5105 διακενῆς
2367 5037 2532 5103 τίνος
2566 5038 2837 5094 πελιδνοὶ
2872 5044 2927 5094 ol
2975 5042 3273 5111 ὀφθαλμοί
3291 5059 3309 5102 :
3345 5044 3426 5096 Οὐ
3470 5039 3581 5093 τῶν

2003 5121 2393 5196 χρονιζόντων
2417 5123 2487 5178 ἐν
2514 5124 2735 5191 alr-occ;
2769 5128 2839 5181 οὐ
2869 5125 2987 5181 τῶν
3012 5128 3445 5197 ἐξιχνευόντων
3467 5122 3578 5176 ποῦ

2003 5218 2174 5270 πότοι
2196 5215 2461 5285 γίνονται
2481 5232 2499 5277 ;
2538 5219 2648 5271 Καὶ
2670 5217 2806 5272 ἄλλα
2825 5217 3050 5271 τοιαῦτά
3074 5236 3196 5272 τινα
3225 5216 3578 5287 ἐξιχνεύοντες

2006 5306 2405 5379 συσσωρεύουσι
2427 5308 2515 5363 διὰ
2538 5311 2636 5381 τὴν
2665 5310 2871 5363 ἑαυτῶν
2907 5310 3240 5382 πιθανότητα
3266 5328 3278 5341 ο
3323 5310 3421 5362 οὐκ
3445 5305 3571 5359 είδό·

2002 5413 2114 5463 τες,
2150 5398 2232 5452 ὃτι
2262 5400 2369 5453 πᾶν
2397 5399 2458 5453 τὸ
2484 5400 2721 5473 ἄμετρον
2752 5401 3027 5471 πανταχοῦ
3062 5401 3325 5472 λυπηρὸν,
3357 5400 3448 5453 καὶ
3476 5394 3574 5461 ιξω

397 5575 421 5608 ⁸
450 5569 590 5643 (ign.
618 5588 659 5637 ι,
689 5572 796 5637 ‘28;
827 5586 903 5643 ιι,
944 5571 995 5643 ξ.
1073 5572 1097 5613 ⁸
1124 5569 1325 5643 Matth.
1349 5573 1550 5643 sing.
1627 5571 1648 5603 ⁸
1671 5569 1841 5643 Hebr:
1857 5584 1900 5624 ιι

2020 5571 2074 5626 4.
2150 5572 2174 5605 ⁸
2205 5571 2340 5631 Gen.
2376 5590 2447 5639 ιι,
2477 5573 2567 5628 2i.
2641 5574 2666 5604 '
2690 5572 2826 5630 Cen.
2856 5591 2970 5643 ιιι,
3011 5576 3099 5632 55.
3166 5571 3369 5630 “Exod.
3406 5582 3571 5629 ιιιιι.

326 5642 388 5709 δ.
460 5642 482 5677 ¹¹
508 5639 572 5701 F.
612 5643 810 5714 πάντη.
890 5642 912 5676 ⁸
941 5640 1103 5698 Deest
1129 5641 1354 5712 aliquid.
1428 5647 1451 5677 ⁸
1482 5640 1542 5696 F.
1607 5641 1743 5694 κατὰ
1774 5639 1902 5693 τῶν.
