3952 6172
994 418 995 421 η
1103 374 1483 434 ADVURSUS
1520 371 1868 433 HERESES
1903 369 2011 428 LIB

2154 367 2322 426 ΤΟΜ.
2361 367 2404 425 1.
2446 368 2724 425 ΗΕΒΕΒ.
2763 367 2974 423 XLVII.
3167 394 3202 413 κ

3579 360 3682 418 εει

364 526 379 533 ν
404 498 502 554 τοῦ
550 496 917 571 προκειμένου
961 495 1408 568 ἀπηγορευμένον
1448 495 1705 567 ὑπάρχει.
1750 493 1860 547 Καὶ
1886 491 1995 562 γάρ

2118 503 2268 549 tonus
2294 503 2477 542 eorum
2501 488 2592 557 qui
2612 487 2919 557 perquirunt
2941 484 3030 538 ubi
3055 482 3467 552 compotationes
3493 479 3688 553 fiant‘?

403 591 465 643 οὐ
498 589 661 660 μόνον
693 589 789 643 ἐπὶ
834 587 964 659 οἴνῳ
999 586 1159 642 τοῦτο
1202 586 1408 657 εἴποιμ’
1444 585 1531 653 ἃν,
1581 584 1717 640 ἀλλὰ
1764 584 1858 639 καὶ
1905 583 1998 637 ἐπὶ

405 680 579 753 πολλῇ
618 680 921 752 ἀπληστίᾳ.
955 679 1129 733 Τοῦτο
1173 678 1284 750 γὰρ
1311 678 1409 732 καὶ
1445 679 1475 731 ὁ
1512 677 1719 747 Κύριος
1752 675 2000 729 ἐδίδασκε

405 772 655 839 φάσκων·
672 772 771 840 Μὴ
781 769 1471 841 βαρυνέσθωσανρμῶν,
1487 769 1674 840 φησὶν,
1689 771 1751 823 al
1765 767 2003 838 καρδίαι

402 865 475 919 ἐν
507 863 816 934 κραιπάλῃ
839 865 939 919 καὶ
964 864 1282 935 μερίμναις
1307 864 1616 931 ,ϐιωτικαῖς
1638 880 1652 894 ·
1691 866 1787 918 καὶ
1816 864 1898 926 τὸ,
1931 866 2004 918 Εἰ

405 957 862 1025 άπληοτότερος
894 953 968 1022 εἴ,
999 957 1086 1027 μὴ
1108 957 1380 1026 ἐπιθύμει
1408 955 1528 1011 τῶν
1562 956 1669 1010 τοῦ
1696 956 2002 1011 πλουσίου

403 1045 766 1116 βρωμάτων·
806 1047 997 1103 ταῦτα
1032 1048 1143 1117 γὰρ
1166 1049 1368 1116 ἔχεται
1394 1046 1544 1116 ζωῆς
1572 1045 1858 1114 ψευδοῦς.
1895 1047 2003 1099 Πε-

409 1139 742 1213 ρισσοτέρως
785 1139 845 1194 δὲ
884 1141 914 1194 ό
962 1140 1116 1209 ἅγιος
1153 1140 1509 1202 Ἀπόστολος⁸
1557 1138 1863 1209 ἀπλήστους
1910 1139 2004 1191 καὶ

408 1229 723 1301 ἀδηφάγους
762 1232 1052 1298 σκώπτων,
1071 1231 1398 1301 λαιμάργοις
1434 1229 1749 1302 ἐπιθυμίαις
1786 1229 2005 1303 ἐπαρώ-

413 1339 599 1394 μενος,
638 1322 742 1393 ἔφη
763 1341 776 1355 ·
809 1326 886 1379 Τὰ
920 1321 1207 1393 βρώματα
1236 1320 1314 1391 τῇ
1352 1323 1573 1391 κοιλίᾳ,
1601 1322 1699 1377 καὶ
1734 1323 1773 1391 ἡ
1807 1323 2006 1377 κοιλία

411 1412 536 1479 τοῖς
559 1412 879 1483 βρώμασιν
901 1429 913 1441 ⁸
956 1417 990 1469 ὀ
1045 1413 1112 1467 δὲ
1140 1413 1285 1479 Θεὸς
1315 1414 1414 1468 καί
1436 1415 1664 1484 ταύτην
1693 1413 1795 1469 καί
1818 1414 2005 1470 ταῦτα

413 1503 803 1576 καταργήσει.
865 1505 1027 1559 Ἀλλά
1076 1506 1173 1561 καὶ
1222 1504 1395 1560 Ἦσαῦ
1444 1506 1514 1567 τά
1552 1506 1894 1578 πρωτοτόκια
1937 1507 2003 1560 δι’

411 1592 684 1664 ἐψέματος
704 1594 879 1667 πυροῦ
896 1593 1031 1668 '(96)
1044 1594 1344 1662 ἀπώλεσεν,
1364 1595 1441 1660 ὥς
1470 1612 1635 1669 φησιν
1658 1597 1691 1667 ἡ
1712 1595 1925 1666 Γραφὴ,
1944 1596 2006 1648 τὸ

410 1684 541 1738 αὐτὸ
573 1686 814 1740 καλοῦσα
833 1686 1013 1757 ἒψεμα
1030 1686 1204 1760 πυροῦ
1229 1687 1329 1744 καῒ
1344 1687 1547 1758 φακῆς.
1580 1683 1747 1758 Οἶμαι
1763 1687 1818 1740 δὲ
1841 1687 2002 1757 τάχα,

409 1777 493 1831 ὅτι
542 1778 643 1833 οὐκ
681 1778 789 1833 ἀπὸ
834 1778 1029 1851 πυροῦ,
1064 1779 1344 1833 τουτέστιν
1390 1778 1499 1833 ἀπό
1543 1777 1688 1849 σίτου
1721 1773 1825 1850 ἦν·
1869 1777 2004 1831 ἀλλὰ

2100 578 2230 636 Haec
2278 589 2333 637 et
2380 580 2487 634 alia
2526 579 2579 635 id
2637 592 2813 650 genus
2860 577 2980 631 loca
3034 581 3442 648 perscrutantes
3481 585 3687 642 conge-

2100 685 2251 741 runt,
2284 692 2393 747 quo
2429 690 2586 734 suam
2626 672 2937 744 opinionem
2975 670 3263 735 suadeant,
3304 682 3406 722 nec
3445 663 3579 720 illud
3613 665 3688 717 in-

2101 768 2379 839 telligunt,
2408 781 2517 822 non
2550 766 2606 820 in
2636 779 2703 820 eo
2733 763 2853 819 solo
2884 762 2951 818 de
2978 778 3088 833 quo
3123 762 3323 833 agitur,
3357 757 3453 815 sed
3481 757 3688 824 ubique

2101 861 2367 931 quidquid
2408 860 2629 914 modum
2659 856 2981 921 excesserit,
3016 854 3331 915 molestum,
3363 859 3418 906 et
3446 855 3603 905 extra
3634 845 3685 899 id

2101 952 2247 1023 quod
2278 959 2618 1024 pr0positum
2658 960 2744 1007 est
2775 950 3110 1022 prohibitum
3143 962 3286 1001 esse.
3313 943 3499 1014 Neque
3541 942 3687 996 enim

2104 1044 2157 1097 id
2187 1044 2256 1099 de
2288 1044 2416 1098 vino
2452 1044 2651 1107 solum,
2679 1042 2777 1098 sed
2811 1041 2879 1097 de
2909 1041 3155 1096 ciborum
3183 1038 3353 1092 nimia
3401 1033 3689 1089 saturitate

2104 1136 2212 1190 dici
2244 1143 2444 1206 potest.
2496 1136 2674 1205 Atque
2714 1136 2818 1190 hoc
2864 1140 2949 1189 est
2985 1131 3132 1205 quod
3165 1130 3220 1184 in
3254 1126 3548 1197 Evangelio
3583 1124 3690 1179 Do-

2104 1227 2287 1280 minus
2335 1226 2621 1280 admonuit
2662 1245 2674 1279 :
2716 1223 2791 1279 Ne
2821 1234 3107 1294 graventur
3144 1218 3307 1274 corda
3357 1227 3529 1272 vestra
3575 1231 3692 1268 cra-

2103 1318 2253 1387 pula,
2286 1329 2335 1371 et
2374 1318 2646 1379 ebrietate,
2687 1328 2736 1372 et
2772 1318 2915 1371 curis
2944 1316 3102 1385 hujus
3144 1312 3391 1368 swculi'.
3421 1312 3556 1364 Item
3586 1328 3599 1362 :
3634 1306 3691 1361 Si

2106 1411 2427 1465 insatiabilis
2460 1427 2536 1476 es,
2568 1427 2631 1464 ue
2660 1409 3000 1477 concupiscas
3029 1404 3206 1459 divitis
3247 1401 3429 1465 cibos;
3461 1399 3514 1451 In"
3552 1398 3693 1451 enim

2104 1502 2225 1556 rita:
2248 1500 2489 1557 mendaci
2509 1501 2778 1569 coniuncti
2804 1509 2925 1553 sunt
2943 1498 2986 1552 ⁸.
3013 1496 3121 1553 Sed
3153 1495 3295 1550 idem
3319 1494 3477 1563 longe
3503 1490 3694 1558 copio-

2106 1593 2223 1647 sius
2275 1592 2350 1658 ab
2375 1591 2640 1662 Apostolo
2674 1590 3015 1646 declaratum
3046 1608 3058 1642 :
3094 1586 3189 1658 qui
3240 1584 3440 1639 edaces
3473 1589 3530 1636 et
3573 1580 3694 1635 hel-

2109 1685 2303 1740 luones
2355 1685 2635 1747 deridens.
2682 1701 2746 1738 ac
2800 1685 2940 1755 gulae
2986 1681 3322 1753 cupiditates
3365 1679 3695 1734 detestans;

2110 1774 2249 1830 Esca
2295 1777 2483 1840 ventri,
2516 1776 2716 1847 inquit,
2765 1786 2814 1829 ct
2852 1785 3027 1830 venter
3055 1776 3225 1836 escis;
3256 1770 3395 1827 Deus
3431 1777 3613 1842 putem
3646 1776 3699 1823 et

410 1868 550 1939 τάχα
579 1869 655 1935 ὼς
688 1870 787 1942 ἤδη
813 1835 1086 1942 ἐφημένον
1115 1870 1367 1941 λείψανον
1395 1870 1593 1940 φακοῦ,
1628 1846 1722 1923 καὶ
1744 1835 1837 1922 ’ἔτι
1875 1870 1998 1922 ἐπι-

2118 1866 2251 1920 hunc
2288 1876 2338 1921 et
2367 1868 2491 1921 illas
2521 1867 2810 1922 destruet‘.
2858 1867 3124 1922 Prxterea
3148 1864 3294 1919 Esau
3331 1859 3696 1931 primogenita

411 1961 563 2016 τεθὲν
593 1963 745 2035 πυρὶ,
776 1964 838 2017 τὸ
862 1959 1018 2026 αὖθις
1046 1963 1296 2035 πυρωθὲν
1326 1965 1359 2035 ἡ
1386 1962 1580 2035 Γραφὴ
1602 1964 1797 2033 πυροῦ
1819 1962 2009 2033 διηγή-

413 2067 581 2117 σατο,
620 2052 709 2106 διὰ
737 2052 799 2105 τὸ
842 2051 1312 2124 ὲπιθερμανθῆναι
1361 2053 1499 2124 μετά
1534 2052 1595 2106 τὸ
1626 2051 2003 2124 ψυχρωθῆναι.

412 2142 525 2195 Καὶ
549 2143 624 2208 ὡς
651 2145 858 2209 ἐκεῖνος
884 2143 952 2197 δι’
980 2141 1122 2199 οἶνον
1155 2142 1469 2217 ἐγυμνώθη,
1510 2145 1674 2216 μηδὲν
1703 2143 2002 2216 ἀδικηθεὶς,

412 2228 586 2294 οὕτως
619 2231 820 2301 μᾶλλον
841 2232 929 2287 διὰ
959 2237 1147 2287 πεῖναν
1178 2235 1272 2287 καὶ
1294 2233 1599 2305 ἀπληστίαν
1629 2233 1695 2287 τὰ
1729 2234 2006 2306 πρωτοτόέ

2115 1972 2213 2014 sua
2253 1957 2512 2013 frumenti
2545 1957 2807 2029 pulticula
2850 1957 3118 2021 vendidit,
3150 1962 3208 2009 ut
3244 1952 3530 2023 Scriptura
3581 1964 3700 2004 nar-

2115 2049 2253 2113 rat',
2280 2064 2401 2119 quae
2431 2048 2677 2105 eamdem
2714 2058 2767 2103 et
2807 2047 3066 2103 frumenti
3105 2054 3160 2103 et
3190 2045 3350 2103 lentis
3381 2043 3699 2115 pulticulam

2107 2147 2285 2194 vocat.
2323 2139 2649 2210 Quanquam
2688 2139 2741 2192 id
2782 2156 2884 2210 ego
2912 2139 3268 2195 verisimilius
3296 2137 3558 2200 arbitror,
3591 2148 3700 2187 non

2108 2248 2175 2287 ex
2204 2232 2481 2287 frumento
2512 2246 2635 2286 eam
2657 2229 3015 2285 sorbitionem
3047 2229 3253 2293 fuisse;
3276 2226 3373 2283 sed
3398 2225 3602 2297 jusculi
3632 2240 3701 2279 ex

414 2335 508 2373 κια
539 2319 832 2385 ἀπολέσας,
864 2322 1065 2393 μᾶλλον
1098 2323 1237 2395 ὑπὲρ
1276 2322 1367 2376 τὸν
1403 2318 1546 2376 οἶνον
1578 2322 1851 2395 ἡδέκηται.
1894 2324 2005 2377 Καὶ

2118 2324 2258 2379 lente
2310 2322 2618 2386 residuum,
2660 2320 2808 2391 quod
2843 2322 2955 2389 igni
3010 2336 3206 2375 rursus
3258 2318 3598 2388 impositum,
3637 2330 3700 2369 ac

413 2409 567 2466 οὐδὲν
627 2411 801 2484 ίσχύει
836 2415 1004 2482 ἐγγὺς
1058 2417 1156 2486 τῆς
1203 2414 1461 2486 ἀληθείας
1500 2414 2001 2486 παραπεποιημὲνη

2118 2426 2412 2482 rec0ctum,
2437 2422 2723 2487 propterea
2750 2413 2927 2485 πυροῦ
2952 2428 2981 2466 a
3005 2413 3291 2481 Scriptura
3313 2420 3567 2464 vocatum
3592 2415 3699 2467 est,

413 2498 578 2566 λέξις,
599 2501 719 2555 οὐδὲ
752 2501 1007 2575 μυθώδης
1030 2521 1113 2567 τις
1145 2503 1541 2575 ὲπινενοημὲνη
1569 2504 1999 2576 δραματουργία.

2118 2507 2377 2579 quoniam
2412 2522 2539 2562 cum
2574 2506 2881 2562 rel‘rixisset
2909 2505 3091 2560 denuo
3124 2504 3453 2559 calefactum
3493 2507 3600 2555 est.
3632 2497 3701 2553 Ut

372 2594 383 2599 ’
416 2596 583 2667 igitur
621 2598 692 2652 ob
721 2599 904 2652 vinum
938 2600 1028 2654 ille
1067 2600 1216 2653 nulla
1258 2614 1288 2652 a
1329 2615 1607 2670 quoquam
1647 2608 1873 2669 accepta
1913 2599 2114 2669 injuria
2156 2603 2397 2657 nudatus
2447 2609 2572 2666 est;
2635 2602 2717 2657 sic
2772 2601 2911 2655 alter
2948 2599 3019 2653 ob
3058 2598 3255 2651 famem
3304 2590 3369 2649 ac
3430 2591 3702 2649 voracita-

416 2699 527 2746 tem
584 2693 965 2766 primogenitis
1026 2695 1268 2759 amissis,
1325 2696 1505 2766 majus
1550 2711 1716 2764 quam
1754 2710 1821 2750 ex
1874 2695 2007 2751 vino
2033 2695 2298 2752 damnum
2356 2704 2524 2768 atque
2565 2695 2829 2766 injuriam
2893 2692 3124 2763 accepit.
3178 2689 3256 2744 Ita
3298 2687 3435 2743 nihil
3477 2684 3704 2741 omnino

416 2787 614 2843 virium
645 2788 805 2844 habet
833 2789 899 2843 ad
929 2791 1297 2845 simulandam
1339 2792 1620 2846 veritatem
1685 2791 2028 2861 compositus
2093 2809 2295 2860 sermo,
2367 2793 2454 2848 vel
2494 2792 2564 2847 ab
2611 2791 2719 2847 illis
2760 2789 2960 2859 fabula:
3003 2789 3177 2843 instar
3220 2784 3528 2855 excogitata
3576 2794 3703 2834 nar-

337 5751 357 5771 ⁶
439 5742 870 5802 frumentaceam

417 2880 581 2936 ratio.

489 2972 565 3027 l".
602 2973 968 3045 Σεμνύνονται
984 2976 1043 3029 δὲ
1060 2975 1222 3045 δῆθεν
1240 2976 1589 3048 ἐγκράτειαν,
1614 2977 1898 3048 σφαλερῶς
1937 2975 2007 3029 τά

2189 2983 2278 3039 lll.
2322 2987 2479 3052 Quod
2538 3001 2669 3041 vero
2716 2983 3117 3040 continentiam
3166 2982 3702 3052 gloriosejactitant,

420 3063 602 3119 πάντα
646 3066 1031 3137 ἐργαζόμενοι,
1084 3069 1249 3137 μέσον
1286 3069 1565 3137 γυναικῶν
1603 3070 2005 3140 εὑρισκόμενοι,

2118 3075 2392 3131 lubricum
2438 3086 2525 3131 est
2573 3077 2794 3131 illorum
2841 3072 3065 3145 quidem
3112 3087 3177 3127 ac
3214 3072 3442 3143 periculi
3478 3072 3702 3142 plenum

419 3158 516 3211 ml
543 3161 808 3226 γυναῖκας
838 3160 1175 3231 πανταχόθεν
1203 3160 1541 3226 ἀπατῶντες,
1564 3161 1781 3230 γυναιξὶ
1799 3160 1856 3213 δὲ
1884 3177 2009 3215 συν-

420 3246 719 3314 οδεύοντες,
768 3250 865 3302 καὶ
894 3250 1362 3322 συνδιαιτώμενοι,
1392 3253 1487 3307 καὶ
1515 3251 2013 3323 ἐξυπηρετούμενοι

422 3339 530 3393 ὑπὸ
548 3339 658 3394 τῶν
680 3339 960 3405 τοιούτων,
988 3339 1094 3406 ἔξω
1126 3341 1227 3413 μὲν
1256 3343 1357 3414 τῆς
1382 3343 1643 3415 ἀληθείας
1674 3343 1848 3408 ὄντες,
1881 3344 2017 3416 μόρ-

424 3447 596 3499 φωσιν
633 3430 691 3484 δὲ
735 3431 938 3502 μᾶλλον
981 3431 1335 3503 κεκτημένοι,
1375 3433 1474 3504 τὴν
1501 3433 1560 3486 δὲ
1586 3432 1816 3504 δύναμιν
1843 3434 2016 3506 αὐτῆς

422 3522 525 3593 τῆς
552 3522 837 3587 εὐσεϐείας
874 3524 1195 3594 ἠρνημένοι.
1243 3524 1459 3578 Ὀποίου
1493 3525 1603 3597 γὰρ
1636 3524 1703 3579 ἄν
1733 3542 1817 3589 τις
1850 3524 2015 3597 ἔργου

424 3612 730 3688 καταλείψῃ
773 3616 960 3687 μέρος,
1008 3615 1070 3668 τὸ
1110 3616 1219 3670 πᾶν
1267 3614 1543 3688 πλήρωμα
1586 3615 1766 3687 ἀφῆκε
1799 3616 1887 3670 διὰ
1918 3616 2015 3670 τοῦ

424 3705 545 3772 ἑνὸς
575 3707 773 3779 μέρους
800 3708 895 3762 τοῦ
943 3708 1469 3781 καταλελειμμένου.
1539 3708 1706 3763 Ὅθεν
1767 3710 1839 3763 τὰ
1882 3711 2014 3783 παρ’

423 3800 613 3864 αὐτοῖς
655 3802 933 3873 μυστήρια
976 3800 1042 3854 δι’
1075 3798 1267 3865 ὓδατος
1309 3801 1472 3872 μόνον
1507 3799 1740 3869 γίνεται,
1768 3801 1860 3854 καὶ
1892 3799 2015 3856 οὔτε

431 3893 709 3965 μυστήρια
738 3893 888 3957 ὄντα,
925 3891 1063 3947 ἀλλὰ
1084 3892 1227 3946 κατά
1254 3893 1487 3964 μίμησιν
1508 3891 1620 3945 τῶν
1652 3891 1922 3963 ἀληθινῶν
1948 3894 2017 3949 τὰ

428 3983 599 4056 ψευδῆ
637 3985 915 4055 γινόμενα.
950 3983 1113 4038 Ὅθεν
1143 3984 1238 4038 καὶ
1281 3985 1340 4038 ὲν
1384 3982 1558 4054 τούτῳ
1594 3984 2016 4056 ἐλεγχθήσονται

429 4075 540 4129 ἀπὸ
568 4072 665 4128 τοῦ
688 4073 893 4138 εὐθέως
921 4073 1015 4128 τοῦ
1043 4074 1296 4147 Σωτῆρος
1321 4074 1482 4143 λόγου
1510 4072 1605 4126 τοῦ
1630 4073 1901 4143 λέγοντοςο
1934 4078 2019 4129 Οὐ

424 4164 511 4235 μὴ
534 4166 646 4220 πίω
675 4164 795 4222 ἀπὸ
822 4166 930 4221 τοῦ
956 4167 1328 4237 γεννήματος
1348 4164 1458 4235 τῆς
1474 4164 1749 4235 ἀμπέλου
1773 4166 2018 4234 ταύτης,

429 4256 543 4323 ἕως
565 4255 643 4312 ἂν
670 4258 785 4311 πίω
813 4257 962 4312 αὐτὸ
991 4256 1207 4312 καινὸν
1237 4257 1307 4310 ὲν
1334 4254 1410 4325 τῇ
1440 4256 1736 4325 βασιλείᾳ
1768 4256 1887 4312 τῶν
1916 4260 2019 4312 οὺ-

422 4348 630 4416 ρανῶν
654 4351 784 4418 μεθ’
808 4347 996 4420 ὑμῶν.

2116 3166 2353 3223 facinus.
2385 3165 2523 3221 Nam
2558 3167 2703 3223 inter
2735 3166 3096 3222 mulierculas
3133 3169 3430 3219 versantur
3458 3165 3702 3229 assidue,

2116 3275 2256 3331 quas
2305 3260 2675 3331 undecunque
2717 3260 3022 3331 pelliciuut,
3080 3273 3208 3314 cum
3240 3258 3310 3314 iis
3342 3259 3445 3313 iter
3470 3256 3702 3321 faciunt,

2118 3366 2182 3406 ac
2214 3352 2586 3407 communiter
2618 3353 2831 3419 vivunt,
2867 3365 3169 3422 earumque
3198 3349 3520 3407 ministeriis
3550 3356 3708 3404 utun-

2120 3448 2213 3495 tur
2290 3440 2473 3508 Quare
2521 3457 2651 3497 cum
2692 3457 2724 3497 a
2754 3443 2990 3500 veritate
3039 3441 3259 3513 longius
3309 3440 3513 3505 absint,
3567 3440 3707 3495 nihil

2119 3540 2315 3603 praeter
2354 3533 2686 3589 'ementitarn
2726 3533 2885 3589 illius
2926 3534 3165 3604 speciem
3222 3538 3542 3599 ostentant;
3596 3533 3707 3586 vim

2120 3626 2297 3697 ipsam
2329 3627 2560 3683 sincerae
2590 3627 2813 3698 pietatis
2839 3626 3132 3697 abnegant.
3165 3622 3380 3679 Etenim
3406 3625 3709 3693 cujuscun-

2119 3731 2229 3785 que
2255 3715 2427 3771 officii
2478 3726 2692 3788 partem
2742 3716 2943 3783 aliquis
2996 3715 3432 3785 praetermiserit,
3482 3730 3546 3769 ea
3589 3716 3708 3784 ipsa

2119 3820 2287 3876 quam
2322 3807 2515 3863 omisit
2547 3814 2724 3877 parte,
2776 3814 2949 3860 totum
3000 3806 3333 3874 prateriisse
3396 3802 3708 3860 censendus

2118 3906 2225 3953 est.
2293 3898 2385 3953 Sic
2442 3899 2660 3953 illorum
2722 3898 2982 3969 mysteria
3013 3936 3028 3960 ,
3105 3910 3228 3967 qua!
3283 3909 3427 3966 aqua
3494 3895 3705 3952 solum-

2120 3990 2286 4045 modo
2330 3997 2592 4046 constant
2636 3989 2897 4062 mysteria
2918 4004 3029 4043 non
3070 3995 3234 4053 sunt;
3265 3987 3360 4043 sed
3392 3986 3516 4043 ﬁcta
3544 3996 3708 4058 atque

2122 4079 2358 4146 fallacia,
2393 4094 2645 4135 verorum
2684 4080 2753 4134 ad
2803 4079 3095 4149 imaginem
3129 4091 3412 4148 expressa.
3477 4076 3535 4130 ιιι
3596 4091 3708 4147 quo

2122 4168 2446 4239 planissima
2507 4168 2632 4225 illos
2688 4167 2991 4223 Salvatoris
3051 4167 3325 4223 sententia
3384 4164 3704 4237 redarguit:

2124 4260 2251 4315 Non
2294 4260 2472 4316 bibam
2532 4261 2697 4334 402
2740 4261 2805 4316 de
2839 4260 2935 4315 hoc
2996 4260 3256 4337 qenimine
3314 4259 3475 4321 ritis,
3548 4258 3713 4314 donec

2125 4352 2303 4407 bibam
2346 4353 2479 4408 illud
2518 4369 2709 4408 novum
2764 4355 2820 4406 in
2878 4368 3036 4423 regno
3074 4349 3632 4405 calorum'vobiscum
3661 4350 3708 4402 ⁷.

500 4406 673 4494 Πάλιν
695 4440 770 4505 ὡς
796 4406 1001 4513 τάύτην
1032 4406 1426 4513 παρωσάμενοι
1460 4442 1603 4513 χειρὶ
1642 4443 1882 4514 κραταιᾷ
1917 4441 2011 4512 τῆς

2194 4445 2567 4512 Quamobrem
2597 4406 2960 4517 posteaquam
2988 4445 3132 4499 hanc
3183 4444 3434 4499 heresim
3484 4441 3712 4498 validis-

354 4550 361 4553 ·
430 4532 710 4606 ἀληθείας,
755 4533 831 4598 ὡς
862 4533 1134 4590 κνώδαλον
1166 4535 1429 4606 ὀδυνηρὸν
1461 4534 1692 4588 ὀδόντων
1723 4533 2020 4607 ἀφῃρημέ-

431 4641 543 4691 νον,
581 4624 675 4678 ὲπὶ
701 4624 802 4690 τὰς
836 4625 963 4697 ἑξῆς
987 4624 1178 4695 ἴωμεν,
1211 4625 1578 4697 συνήθως,τδν
1598 4626 1732 4680 Θεὸν
1752 4626 1861 4679 τῶν
1881 4626 2020 4680 ὅλων

432 4712 873 4785 ἐπικαλούμενοι,
908 4715 1102 4785 όδηγόν
1131 4732 1191 4769 τε
1226 4717 1321 4769 καὶ
1352 4716 1644 4786 ἀμυντῆρα
1671 4716 1781 4770 τῶν
1807 4716 2020 4782 δεινῶν,

433 4801 725 4873 ὲπίκουρόν
744 4819 803 4855 τε
824 4803 925 4874 τῆς
953 4806 1291 4876 φρονήσεως,
1324 4805 1484 4877 δότην
1504 4822 1563 4859 τε
1585 4806 1714 4860 ὄντα
1735 4807 1902 4861 αὑτὸν
1923 4811 2022 4880 τῆς

433 4895 644 4964 σοφίαςθ
681 4895 747 4949 ἵν’
784 4898 968 4966 ἡμεῖς,
1021 4899 1150 4970 παρ’
1179 4896 1346 4952 αὐτοῦ
1379 4899 1589 4970 τάληθῆ
1636 4898 2019 4970 μανθάνοντες,

431 4986 534 5053 τὰς
565 4987 678 5041 τῶν
716 4986 892 5043 ἄλλων
937 4988 1347 5045 ἀποκαλύπτειν
1377 4990 1762 5063 δυνηθείημεν,
1795 4992 1890 5045 καὶ
1922 4991 2024 5063 τὴν

434 5082 558 5137 κατ’
575 5081 757 5136 αὐτῶν
784 5081 1058 5136 ἀντίδοτον
1090 5082 1340 5153 ἰατρικὴν
1370 5082 1435 5135 ὲκ
1465 5081 1676 5136 πολλῶν
1705 5082 2023 5155 μυρεψικῶν

507 5235 699 5292 ¹Ι>ΧΧ
749 5256 822 5291 πυ

400 5370 403 5373 _
436 5306 460 5340 ⁸
486 5305 624 5364 Gen.
666 5323 794 5373 xxv,
825 5305 915 5364 50.
1001 5308 1020 5338 ⁷
1051 5305 1235 5363 llatth.
1268 5322 1415 5376 xxvi,
1443 5308 1531 5363 ‘29.

406 5444 413 5507 ἶ
505 5463 621 5535 (96)
658 5464 753 5535 At:
780 5462 1080 5535 ὲψέματος
1119 5462 1346 5535 πυροῦ.Δ
1371 5460 1577 5535 _Mi_rum
1607 5470 1699 5535 est
1744 5462 1871 5535 quid
1914 5460 2018 5535 sibi

434 5531 670 5591 voluerit
714 5531 1051 5605 Epiphanius
1076 5574 1091 5605 ,
1112 5542 1225 5605 aut
1254 5531 1388 5602 quid
1438 5533 1494 5585 in
1524 5532 1716 5605 animo
1744 5531 2019 5594 habuerit,

436 5618 561 5660 cum
596 5605 712 5661 haec
740 5600 1035 5669 scriberet,
1067 5600 1340 5673 ὲψέματος
1380 5600 1553 5673 πυροῦ
1581 5601 1725 5657 idem
1756 5616 1913 5673 esse,
1956 5616 2022 5673 ac

439 5673 685 5756 [mentis
722 5683 816 5730 aut
852 5683 1068 5756 recocta
1105 5670 1432 5756 sorbitionis.
1460 5670 1806 5756 'Nam‘quod
1844 5670 2020 5756 πυροῦ

439 5742 870 5825 frumentaceam
918 5745 1098 5827 primo
1143 5744 1265 5799 loco
1326 5741 1741 5812 interpretatur,
1793 5750 1881 5798 est
1928 5741 2022 5796 illa

439 5813 660 5885 quidem
709 5814 1068 5881 tolerabilior,
1128 5813 1225 5871 sed
1258 5820 1452 5869 contra
1482 5810 1833 5869 Hebmorum
1867 5810 2020 5867 στω-

866 5237 962 5308 ροὖ
989 5237 1348 5308 scripserunt.
1425 5239 1445 5268 ¹
1470 5237 1629 5291 Prov.
1659 5253 1814 5304 uin,
1838 5237 1929 5302 29,
1961 5237 2052 5293 50.

2123 4535 2264 4591 sima
2308 4536 2554 4592 veritatis
2595 4551 2760 4590 manu
2814 4535 3261 4605 propulsavimus
3283 4572 3299 4597 ,
3332 4549 3397 4587 ac
3423 4534 3575 4587 velut
3607 4532 3712 4586 im-

2125 4634 2380 4696 portunae
2403 4626 2623 4681 cuidam
2662 4626 2851 4682 beStiae
2878 4627 3073 4683 dentes
3095 4624 3465 4689 excussimus,
3500 4622 3568 4676 ad
3593 4622 3714 4676 reli-

2126 4732 2265 4788 quas
2322 4726 2694 4773 transeamus.
2754 4718 2861 4774 Sed
2906 4717 3000 4773 Dei
3058 4717 3319 4788 primum,
3356 4722 3414 4767 ut
3447 4713 3712 4779 solemus,

2127 4809 2535 4881 implorandum
2583 4808 2744 4865 nobis
2772 4810 2880 4863 erit
2907 4809 3194 4873 auxilium,
3237 4808 3329 4877 qui
3365 4814 3421 4863 et
3451 4805 3552 4859 via:
3579 4804 3712 4869 dux,

2129 4901 2512 4972 malorumque
2554 4900 2851 4971 depulsor,
2905 4907 2961 4955 et
3006 4899 3309 4971 prudentia:
3359 4896 3600 4968 adjutor,
3658 4904 3713 4950 et

2130 4992 2411 5062 sapientia:
2456 4992 2683 5064 largitor
2708 4998 2811 5057 est,
2847 5000 2907 5046 ut
2935 4991 3004 5046 ab
3049 4991 3170 5061 ipso
3208 4991 3489 5045 veritatem
3516 4988 3714 5043 ‘edocti

2130 5084 2469 5155 reliquarum
2502 5086 2781 5141 haereseon
2812 5099 3033 5141 errores
3074 5083 3397 5165 patefacere,
3439 5088 3604 5151 atque
3646 5096 3712 5134 ex

2127 5237 2149 5268 ³
2177 5237 2311 5294 Luc.
2347 5256 2460 5303 ut,
2497 5240 2584 5294 54.
2692 5240 2712 5269 ⁸
2736 5239 2894 5293 Prov.
2923 5254 3078 5302 χχιιι,
3101 5237 3154 5292 3.
3233 5239 3253 5268 ⁸
3290 5238 3305 5289 Ι
3338 5236 3464 5293 Cor.
3519 5249 3594 5297 vI,
3626 5233 3714 5286 15.

2129 5476 2432 5531 eorumque
2477 5459 2729 5531 codicum
2776 5458 2935 5513 fidem
2971 5462 3232 5531 usurpata
3278 5456 3458 5531 lectio.
3502 5452 3717 5531 Etenim

2131 5530 2273 5585 LXX
2315 5523 2440 5585 c'um
2484 5530 2709 5586 Hebraeo
2755 5523 3165 5598 consentientes
3220 5523 3455 5598 πυρῤοὖ,
3500 5524 3605 5579 hoc
3634 5530 3718 5578 est

2129 5601 2276 5673 rufa,
2331 5600 2836 5673 scripserunt,_non
2870 5596 3065 5670 πυροῦ.
3083 5595 3351 5673 Quaenam
3386 5607 3715 5673 veroggramr

2131 5665 2332 5746 matica
2365 5665 2507 5746 ratio
2555 5668 2730 5746 πυροῦ
2770 5683 2870 5741 pro
2916 5665 3263 5746 πυρωθέντος
3296 5665 3404 5719 dici
3446 5665 3713 5746 patiatur:

2130 5741 2290 5811 quasi
2313 5740 2597 5811 genitivus
2619 5734 2693 5796 sit
2722 5734 3014 5795 a’nomi‘ne
3048 5736 3271 5807 πυρόεις
3301 5734 3545 5809 πυροῦςῖ
3569 5734 3716 5805 quad

2131 5809 2356 5867 minime
2380 5809 2647 5881 procedit.
