3918 6202
297 309 403 367 855

1719 317 1776 372 S.
1820 315 2166 375 EPIPIIANII

3452 310 3555 370 856

295 427 433 499 ipsis
462 429 711 488 veritatis
741 431 988 498 vocibus,
1020 433 1181 504 quasi
1215 448 1281 490 ex
1312 435 1502 490 multis
1534 436 1887 507 seplasiario-

2023 440 2146 495 ίδῶν
2176 440 2284 495 ἀπὸ
2311 438 2404 494 τοῦ
2435 438 2594 508 λόγου
2616 438 2717 508 τῆς
2744 437 3001 506 ἀληθείας
3031 436 3436 488 κατασκευάσαι
3454 433 3578 495 τοίς¹

292 534 421 575 rum
457 521 800 592 simplicibus
826 525 1176 594 corporibus,
1214 522 1365 581 velut
1395 527 1706 583 antidotum
1747 545 1882 585 con-

299 612 462 668 ﬁcere
500 615 797 683 possimus,
831 615 885 670 in
912 631 1103 673 eorum
1131 619 1225 689 qui
1256 619 1366 690 jam
1405 620 1500 673 icti
1531 618 1734 675 fuerint
1764 636 1884 692 gra-

299 708 452 772 tiam,
481 716 542 762 ιιι
581 710 662 765 vel
692 709 825 766 iisce
866 713 1074 767 nostris
1118 713 1380 783 perlectis
1422 714 1724 769 remedium
1771 715 1882 771 illis

299 796 663 866 adhibeatur;
719 801 802 856 vel
828 802 874 856 si
908 804 1112 857 nullam
1154 803 1334 859 adhuc
1367 804 1487 874 ejus
1517 805 1597 859 rei
1630 805 1879 859 notitiam

1987 532 2087 604 ῇδη
2121 531 2551 602 πεπληγμένοις,
2598 532 2681 594 είς
2716 532 2861 584 ἴασιν
2889 530 2985 583 καὶ
3022 527 3314 600 θεραπίαν
3344 527 3454 587 τοῖς
3481 525 3556 576 ἐν·

1985 624 2338 694 τυγχάνουσι,
2374 625 2469 678 καὶ
2496 625 2610 687 τοῖς
2639 623 2894 694 μέλλουσι
2925 620 3236 690 γινώσκειν,
3262 617 3297 672 ἃ
3323 619 3396 687 μὴ
3419 616 3555 687 ᾔδει-

1988 733 2109 781 σαν,
2150 718 2230 781 εἰς
2279 715 2470 770 παθῶν
2504 714 2941 787 προκατάληψιν,
2982 713 3075 767 καὶ
3116 713 3247 783 ἡμῖν
3281 711 3360 772 είς
3394 724 3558 777 σωτη-

1988 807 2131 878 ρίαν,
2163 809 2257 863 καὶ
2290 807 2427 861 Θεοῦ
2464 806 2675 878 μισθὸν,
2703 805 2953 875 ἀφθόνως
2976 802 3444 876 δωρηθησόμενον.

301 888 612 957 habuerint,
642 909 706 949 ea
738 895 957 948 demum
999 906 1253 966 percepta
1282 911 1479 952 cavere
1514 896 1621 953 sibi
1657 898 1895 967 possint,
1952 897 2208 971 idemque
2258 900 2437 971 ipsum
2473 906 2528 954 et
2569 899 2799 961 salutem
2848 896 3027 962 nobis,
3059 902 3113 951 et
3164 892 3493 950 uberrimum
3531 902 3559 943 a

299 984 414 1041 Deo
446 990 734 1058 praemium
770 1004 835 1045 ac
866 991 1174 1047 mercedem
1206 992 1488 1050 conciliet.

686 1101 968 1158 CONTRA
1005 1103 1283 1158 PHRYGA
1294 1103 1494 1169 STAS,

305 1212 428 1270 Sive
460 1212 816 1270 Montanistas
845 1226 937 1271 aut
957 1217 1371 1287 Tascodrugitas
1388 1220 1602 1276 heresis
1622 1219 1730 1273 XX
1746 1220 1813 1273 Vl
1825 1220 1884 1274 11

919 1288 995 1341 vel
1029 1287 1300 1343 XLVIII.

377 1398 416 1455 1.
438 1399 518 1453 Ab
532 1399 617 1456 his
639 1400 742 1453 alia
762 1415 979 1456 rursum
997 1400 1289 1458 elllorescit
1306 1403 1548 1469 haeresis,
1569 1420 1689 1475 qum
1712 1405 1883 1476 Phry-

303 1503 432 1560 gum
472 1489 696 1556 dicitur,
734 1490 837 1544 sub
861 1490 1000 1544 idem
1032 1489 1148 1545 lere
1173 1492 1440 1561 producta
1470 1501 1706 1563 tempus,
1729 1495 1890 1563 eique

305 1581 667 1637 successione
721 1581 994 1651 proxima.
1048 1581 1185 1637 Nam
1245 1584 1337 1639 isti
1380 1585 1485 1639 sub
1514 1585 1737 1641 Antonii
1784 1585 1889 1652 Pii,

304 1672 399 1742 qui
420 1678 545 1743 post
571 1671 871 1726 Adrianum
905 1673 1213 1743 imperavit,
1249 1689 1453 1729 annum
1484 1692 1576 1730 XIX
1608 1691 1891 1747 emergere

2376 1104 2564 1158 ΚΑΤΑ
2601 1103 3005 1157 ΦΡΥΓΑΣΤΩΝ
3037 1102 3177 1174 (97),
3234 1100 3235 1107 “

1990 1218 2114 1273 Εἶτ’
2138 1214 2251 1274 οὖν
2272 1216 2704 1272 Μοντανιστῶν
2729 1216 3137 1286 καλουμένων.
3166 1217 3204 1284 ἢ
3230 1217 3327 1269 καί
3361 1220 3565 1271 Τασκο-

2341 1287 2669 1357 δρουγιτῶν
2697 1286 2839 1351 KH',
2871 1286 2909 1355 ἣ
2942 1286 3043 1341 καὶ
3073 1290 3216 1340 MH'.

2064 1401 2142 1454 A'.
2191 1399 2325 1452 Ἀπὸ
2345 1399 2549 1452 τούτων
2597 1398 2762 1470 ἑτέρα
2805 1398 2967 1453 πάλιν
3001 1398 3212 1467 αἵρεσις
3241 1396 3558 1459 ἀνακόπτει,

1991 1492 2098 1545 τῶν
2122 1490 2351 1563 Φρυγῶν
2377 1490 2710 1561 καλουμένη,
2736 1489 3034 1561 σύγχρονος
3056 1487 3321 1558 γενομένη
3342 1486 3564 1549 τούτοις.

1991 1586 2085 1639 καὶ
2110 1586 2310 1648 αὐτοὺς
2337 1582 2712 1655 διαδεχομένη.
2740 1577 2899 1638 Οὗτοι
2930 1583 3040 1652 γὰρ
3065 1582 3322 1651 γεγόνασι
3356 1582 3482 1651 περὶ
3512 1581 3564 1633 τὲ

1992 1675 2472 1730 ἐννεακαιδέκατον
2506 1675 2627 1738 ἔτος
2657 1674 2767 1745 (98)
2816 1674 3129 1727 Ἀντωνίνου
3169 1673 3263 1726 τοῦ
3306 1672 3567 1736 Εὐσεϐοῦς

304 1770 609 1833 coeperunt.
644 1762 851 1829 Marcio
881 1780 1034 1830 vero,
1068 1763 1336 1821 Tatianus
1364 1774 1418 1821 et
1462 1767 1757 1821 Encratilaa
1785 1767 1889 1821 ho-

2015 1769 2134 1824 ιετὰ
2176 1768 2472 1842 Ἀδριανόν.
2509 1767 2621 1821 Καὶ
2643 1768 2672 1820 ὁ
2702 1766 2967 1839 Μαρκίων
2997 1764 3075 1828 δὲ,
3113 1765 3206 1818 καὶ
3233 1765 3287 1817 οἱ
3316 1764 3445 1835 περὶ
3471 1764 3569 1817 Τα-

306 1873 429 1913 rum
459 1858 718 1929 discipuli
747 1858 851 1913 sub
885 1857 1151 1923 Adriano,
1182 1873 1247 1913 ac
1284 1868 1410 1930 post
1440 1858 1739 1913 Adrianum
1763 1874 1893 1930 pro-

305 1949 549 2006 dierunt.

379 2039 626 2112 Phryges
675 2040 862 2111 itaque
916 2038 1018 2109 (sic
1047 2044 1192 2098 enim
1226 2043 1526 2117 appellant)
1573 2052 1685 2099 tam
1722 2042 1892 2099 Vetus

305 2145 472 2202 quam
515 2130 726 2187 Novum
767 2131 1181 2190 Testamentum
1221 2137 1523 2191 asciscant.
1553 2135 1892 2191 Mortuorum

222 2258 227 2261 -
308 2222 773 2277 resurrectionem
804 2225 1130 2295 approbant.
1178 2225 1301 2296 .Sed
1344 2227 1663 2283 Montanum
1707 2242 1897 2299 quem-

307 2313 435 2366 dam
490 2313 834 2384 prophetam,
880 2331 1004 2370 cum
1045 2315 1293 2373 Priscilla
1346 2328 1399 2374 et
1426 2318 1728 2373 Maximilla
1769 2334 1896 2389 pro-

316 2404 577 2472 phetissis
608 2394 928 2477 praedicant;
965 2410 1166 2481 quibus
1195 2410 1525 2464 inlimrentes
1559 2425 1589 2462 a
1623 2417 1768 2463 recta
1807 2410 1895 2462 via

319 2494 626 2553 deﬂectunt.
650 2498 786 2554 Nam
806 2500 874 2556 de
891 2502 1053 2556 Patre
1070 2542 1086 2566 ,
1110 2510 1166 2556 et
1193 2499 1354 2566 Filio,
1373 2517 1437 2555 ac
1456 2499 1661 2570 Spiritu
1699 2507 1893 2554 sancto

315 2589 506 2645 eadem
537 2604 663 2645 cum
702 2605 891 2647 saneta
922 2593 1166 2649 Ecclesia
1193 2593 1463 2649 catholica
1492 2593 1759 2647 sentiunt.
1784 2590 1889 2647 Sed

311 2676 382 2730 ab
425 2675 547 2745 ejus
608 2690 668 2732 se
732 2679 1120 2736 communione
1165 2688 1527 2750 separarunt,
1555 2681 1704 2750 quod
1743 2695 1901 2736 erro-

312 2768 392 2825 ris
438 2768 668 2840 spiritus
733 2784 800 2825 ac
874 2771 1159 2828 doctrinas
1211 2773 1522 2828 daemonum
1574 2781 1897 2842 sequantur.

312 2859 426 2918 Nos
449 2863 619 2931 enim,
647 2865 923 2936 inquiunt,
958 2867 1202 2923 cmlestia
1226 2875 1443 2938 oportet
1464 2867 1606 2923 dona
1636 2870 1901 2939 recipere.

317 2953 429 3010 Sua
461 2955 684 3027 quidem
709 2966 763 3013 et
792 2957 1043 3015 Ecclesia
1108 2960 1381 3016 catholica
1441 2961 1586 3016 dona
1638 2961 1903 3016 divinitus

316 3047 561 3118 accipit,
624 3049 722 3106 sed
773 3066 897 3120 qua:
956 3066 1087 3107 vera
1154 3052 1298 3107 dona
1354 3060 1505 3117 sunt,
1560 3061 1615 3108 et
1667 3051 1907 3124 Spiritus

1991 1858 2196 1923 τιανδν,
2239 1858 2334 1913 καὶ
2369 1859 2463 1911 ἀπ’
2511 1854 2675 1910 αὐτοῦ
2710 1853 3081 1925 διαδεξάμενοι
3128 1853 3477 1921 Ἐγκρατῖται
3517 1851 3570 1902 ἐν

1994 1951 2206 2023 χρόνοις
2246 1947 2549 2021 Ἀδριανοῦ,
2582 1949 2676 2002 καὶ
2711 1947 2849 2019 μετὰ
2892 1945 3186 2018 Ἀδριανὸν.

2066 2035 2229 2097 Οὗτοι
2268 2041 2378 2114 γὰρ
2415 2044 2463 2095 οί
2501 2041 2645 2095 κατά
2688 2039 2905 2112 Φρύγας
2952 2037 3305 2108 καλούμενοι,
3332 2037 3570 2107 δέχονται

1995 2137 2090 2190 καὶ
2105 2133 2260 2189 αὐτοὶ
2300 2134 2481 2187 πᾶσαν
2514 2132 2761 2204 Γραφὴν,
2794 2128 3038 2184 Παλαιὰν
3071 2128 3167 2181 καὶ
3207 2126 3357 2179 Νέαν
3387 2123 3569 2192 Διαθή-

1997 2245 2119 2298 κην·
2147 2227 2241 2280 καὶ
2266 2224 2477 2297 νεκρῶν
2504 2224 2801 2300 ἀνάστασιν
2842 2220 3043 2293 ὁμοίως
3080 2218 3321 2288 λέγουσι.
3366 2216 3569 2270 Μοντα⁴

1996 2318 2088 2373 νόν
2121 2318 2179 2372 δέ
2214 2331 2338 2371 τινα
2378 2317 2664 2387 προφήτην
2692 2313 2949 2384 αὐχοῦσιν
2979 2311 3144 2383 ἔχειν,
3187 2311 3283 2363 καὶ
3322 2307 3568 2381 Πρίσκιλ-

1998 2411 2117 2474 λαν,
2161 2411 2257 2463 καὶ
2302 2408 2648 2479 Μαξιμίλλαν
2692 2404 3050 2478 προφήτιδας·
3092 2398 3176 2465 οἷς
3222 2401 3572 2471 προσέχοντες

1999 2503 2090 2557 τὸν
2121 2502 2245 2558 νοῦν
2294 2502 2697 2574 ἐξετράπησαν.
2728 2499 2864 2570 Περὶ
2904 2497 2963 2551 δὲ
3008 2496 3242 2566 Πατρὸς,
3290 2494 3387 2547 καὶ
3429 2490 3570 2552 Υίοῦ,

2002 2596 2097 2650 καὶ
2126 2595 2284 2664 ἁγίου
2311 2593 2627 2664 Πνεύματος
2657 2589 2859 2662 ὁμοίως
2889 2586 3153 2660 φρονοῦσι,
3172 2589 3239 2657 τῇ
3269 2584 3405 2656 ἁγίᾳ
3424 2582 3570 2638 καϐοο

2001 2685 2125 2757 λικῇ
2156 2684 2467 2757 Ἐκκλησία.
2487 2685 2816 2753 Ἀπέσχισαν
2838 2679 2895 2733 δὲ
2918 2679 3169 2745 ἑαυτοὺς,
3192 2674 3574 2748 προσέχουσιν³

2003 2779 2280 2850 πνεύμασι
2314 2778 2523 2849 πλάνης
2550 2778 2646 2831 καὶ
2671 2775 3045 2836 διδασκαλίαις
3079 2771 3375 2843 δαιμόνων,
3406 2768 3576 2836 λέγον-

2002 2888 2115 2937 τες,
2138 2871 2220 2924 ὅτι
2249 2871 2341 2922 Δεῖ
2362 2871 2532 2941 ἡμᾶς,
2567 2868 2721 2936 φασὶ,
2748 2867 2845 2920 καὶ
2872 2865 2940 2918 τὰ
2967 2862 3286 2935 χαρίσματα
3316 2855 3573 2929 δέχεσθαι.

2005 2961 2168 3032 Καὶή
2190 2959 2321 3029 ἁγία
2346 2958 2440 3013 τοῦ
2469 2956 2605 3011 Θεοῦ
2639 2954 2935 3027 Ἐκκλησία
2955 2952 3158 3023 ὁμοίως
3178 2950 3246 3004 τὰ
3275 2948 3578 3021 χαρίσματα

2005 3050 2240 3122 δέχεταν
2268 3048 2404 3102 ἀλλά
2427 3046 2498 3101 τὰ
2524 3046 2694 3109 ὅντως
2722 3044 3061 3117 χαρίσματα,
3086 3042 3182 3096 καὶ
3204 3043 3272 3113 τῇ
3303 3040 3437 3110 ἁγίᾳ
3455 3033 3575 3090 Θεοῦ

315 3137 479 3211 403
536 3142 738 3204 sancti,
802 3157 866 3197 ac
902 3144 1332 3213 prephetarum,
1395 3151 1452 3200 et
1502 3146 1903 3215 apostolorum,

2023 3138 2323 3211 Ἐκκλησία
2345 3137 2434 3191 διὰ
2454 3135 2594 3190 Πνεύ
2604 3153 2772 3207 ματος
2799 3134 2952 3203 ἁγίου
2980 3131 3421 3201 δεδοκιμασμὲνα
3442 3131 3579 3196 παρὰ

316 3230 649 3302 Dominique
705 3234 885 3304 ipsius
936 3236 1267 3291 auctoritate
1313 3238 1688 3308 comprobata.
1734 3237 1905 3294 Joan—

317 3336 419 3377 nes
447 3322 714 3391 siquidem
761 3324 1046 3393 apostolus
1074 3325 1156 3380 sic
1178 3327 1232 3379 in
1260 3325 1501 3395 Epistoia
1537 3341 1636 3381 sua
1671 3342 1774 3382 nos
1813 3327 1903 3382 ad-

318 3421 546 3469 monet:
581 3411 811 3469 Probata
841 3416 1082 3485 spiritus,
1131 3417 1179 3470 si
1212 3432 1277 3470 ea:
1325 3416 1435 3470 Deo
1458 3420 1640 3472 sunt'.
1686 3418 1749 3472 Et
1783 3434 1907 3472 rur-

319 3517 499 3560 sum:
554 3503 799 3563 Audistis
840 3506 969 3575 quia
1024 3506 1386 3562 Antichristus
1440 3510 1617 3572 venit;
1667 3520 1716 3562 et
1771 3525 1908 3563 nunc

320 3592 641 3649 Antichristi
690 3595 846 3650 multi
887 3606 1033 3652 sunt.
1083 3596 1133 3651 E
1166 3598 1318 3653 nobis
1363 3600 1627 3662 exierunt,
1668 3599 1761 3654 sed
1804 3616 1908 3654 non

321 3695 476 3744 erant
500 3703 528 3742 ο
560 3686 733 3743 nobis.
761 3688 824 3744 Si
861 3691 1000 3744 enim
1031 3707 1059 3744 e
1097 3690 1248 3745 nobis
1288 3690 1539 3761 fuissent,
1588 3693 1908 3747 mansissent

322 3781 505 3851 utique
542 3780 845 3848 vobiscum;
879 3781 973 3836 sed
1022 3792 1084 3837 ut
1131 3783 1403 3852 manifesti
1447 3785 1604 3853 ﬁant,
1658 3786 1909 3855 quoniam

324 3888 430 3926 non
471 3879 593 3926 sunt
628 3888 657 3928 e
690 3871 862 3934 nobis.
891 3871 1092 3927 idcirco
1121 3874 1298 3928 scribo
1331 3872 1499 3940 vobis,
1534 3875 1693 3944 ﬁlioli
1724 3877 1767 3942 ³,
1800 3882 1907 3931 etc.

325 3965 602 4032 Quocirca
630 3980 819 4021 verum
867 3974 951 4022 est
984 3966 1107 4023 illos
1141 3981 1172 4023 e
1209 3975 1526 4022 sanctorum
1580 3984 1744 4040 grege
1799 3985 1909 4024 non

325 4072 471 4113 esse.
523 4057 608 4113 Ab
637 4057 708 4113 iis
744 4057 892 4113 enim
920 4058 1290 4115 eontendendi
1327 4059 1511 4114 studio
1540 4070 1909 4125 recesserunt,

326 4157 383 4203 et
403 4149 612 4225 erroris
639 4163 704 4204 ac
729 4149 1038 4205 fabularum
1069 4158 1327 4207 auctores
1353 4151 1581 4221 spiritus
1611 4154 1911 4209 consectati

328 4248 480 4297 sunt.
986 4264 1027 4312 ι,

401 4331 464 4386 ll.
509 4332 651 4389 Ecce
680 4333 780 4389 tibi
817 4334 905 4388 vel
937 4348 1003 4388 eo
1055 4329 1196 4403 ipso,
1241 4336 1388 4404 quod
1431 4334 1536 4389 sibi
1571 4333 1911 4404 propositum

329 4424 569 4493 habent,
620 4433 807 4495 aperte
852 4426 1297 4494 convincuntur,
1350 4441 1702 4497 nequaquam
1766 4425 1913 4480 istud

2011 3249 2069 3285 τε
2103 3228 2400 3303 προφητῶν
2434 3229 2530 3282 καὶ
2567 3226 2903 3287 ἀποστόλων,
2981 3223 3076 3278 καὶ
3117 3220 3286 3276 αὑτοῦ
3339 3220 3434 3275 τοῦ
3477 3220 3578 3273 Κυ-

2016 3323 2156 3394 ρίου⁸
2192 3322 2496 3391 φάσκοντος
2526 3318 2825 3373 ἀποστόλου
2870 3315 3114 3369 Ἰωάννου
3148 3315 3206 3367 ὲν
3235 3314 3306 3383 τῇ
3350 3312 3581 3365 Ἐπιστοσ

2013 3415 2102 3486 λῇ,
2125 3414 2206 3467 δτι
2226 3411 2567 3483 Δοκιμάζετε
2594 3410 2669 3465 τὰ
2688 3410 3017 3479 πνεύματα,
3047 3408 3101 3460 εὶ
3123 3406 3297 3461 ἔστιν
3326 3406 3396 3459 ὲκ
3425 3398 3578 3457 Θεοῦ.

2016 3506 2184 3561 Πάλιν
2204 3505 2262 3559 δὲ
2279 3505 2549 3574 λέγοντος,
2582 3502 3030 3566 ὃτιἨκούσατε,
3064 3499 3155 3553 ὅτι
3186 3497 3584 3580 ’Ἀντίχριστος

2015 3598 2268 3668 ἔρχεται,
2301 3596 2399 3651 καί
2435 3595 2554 3651 νῦν
2602 3596 2986 3664 Ἆντίχριστοι
3006 3590 3225 3646 πολλοὶ
3251 3590 3580 3659 γεγόνασιν.

2029 3690 2125 3756 Ἐξ
2163 3688 2331 3760 ἡμῶν
2370 3686 2650 3757 ἐξῆλθον
2682 3687 2821 3741 ἀλλ’
2846 3688 2958 3740 οὐκ
2996 3681 3159 3756 ἦσαν
3202 3681 3273 3746 ἐξ
3310 3677 3583 3749 main-.51

2016 3783 2127 3854 τὰρ
2157 3780 2321 3855 ἦσαν
2347 3782 2417 3847 ἐξ
2444 3781 2634 3852 ἡμῶν,
2661 3777 3107 3850 μεμενήκεισαν
3139 3775 3216 3830 ἂν
3249 3775 3382 3845 μεθ’
3408 3769 3578 3842 ἡμῶν

2017 3876 2156 3930 ἀλλ’
2180 3876 2282 3929 ἵνα
2305 3872 2682 3945 γνωσθῶσιν,
2711 3871 2800 3924 ὅτι
2817 3872 2928 3925 οὐκ
2958 3870 3120 3923 εἰσὶν
3146 3866 3216 3931 ἐξ
3242 3865 3436 3935 ἡμῶν,
3465 3861 3584 3917 τοὺ-

2018 3970 2125 4026 του
2153 3968 2329 4039 χάριν
2344 3966 2544 4039 γράφω
2572 3964 2733 4035 ὑμῖν,
2761 3963 2982 4019 τεκνία,
3002 3961 3094 4014 καὶ
3108 3958 3176 4012 τὰ
3192 3957 3342 4028 ἑξῆς.
3361 3953 3583 4024 Ἀληθῶς

2018 4059 2112 4115 οὖν
2156 4061 2238 4114 ὅτι
2283 4059 2383 4113 οὐκ
2437 4057 2574 4110 εἰσὶν
2616 4054 2675 4120 ἐξ
2721 4052 2902 4107 αὐτῶν
2945 4050 3053 4105 τῶν
3080 4050 3267 4118 ἁγίων.
3306 4045 3584 4116 Ἐξέδησαν

2019 4153 2128 4228 γὰρ
2160 4156 2224 4224 τῇ
2252 4150 2463 4205 ἑαυτῶν
2500 4146 2818 4219 φιλονεικίᾳ,
2857 4143 3284 4219 προσανέχοντες
3319 4139 3416 4194 καὶ¹
3440 4133 3586 4191 πνεύ-

2023 4261 2157 4315 μασι
2186 4242 2397 4313 πλάνης
2422 4241 2518 4295 καὶ
2550 4238 2895 4311 μυθολογίας.
3330 4256 3333 4259 ·
3434 4248 3437 4249 ⁷

2093 4334 2168 4388 B'.
2202 4333 2334 4387 Ἰδοὺ
2364 4332 2473 4403 γὰρ
2509 4327 2570 4395 ἐξ
2610 4329 2780 4399 αὐτῆς
2812 4328 2911 4398 τῆς
2946 4324 3253 4388 ὑποθέσεως
3287 4322 3582 4393 ἐλέγχονται

2027 4425 2101 4496 μὴ
2127 4423 2415 4495 δυνάμενοι
2445 4422 2689 4493 πληροῦν
2713 4420 2782 4474 τὰ
2818 4418 3026 4472 ἑαυτῶν
3056 4419 3117 4471 ὲν
3161 4414 3461 4487 φιλονεικίᾳ
3487 4411 3582 4464 ὐπ-

332 4517 536 4587 ipsum,
585 4518 730 4588 quod
787 4519 1135 4573 contentiosa
1187 4519 1297 4572 illa'
1328 4519 1625 4572 ambitione
1686 4533 1795 4586 prae
1854 4533 1903 4572 se

2020 4515 2365 4588 ισχνούμενα.
2406 4516 2466 4567 Εἰ
2502 4513 2611 4585 γὰρ
2634 4513 2716 4566 δεῖ
2747 4512 3064 4584 χαρίσματα
3091 4507 3365 4580 δέχεσθαι,
3400 4508 3487 4559 καὶ
3515 4500 3585 4553 δεῖ

331 4609 542 4673 ferunt,
595 4610 846 4665 obtinere
892 4625 1073 4680 posse.
1108 4609 1241 4664 Nam
1280 4611 1324 4667 si
1355 4610 1602 4666 coelestia
1640 4610 1733 4664 illa
1767 4611 1909 4665 dona

2016 4610 2076 4663 ὲν
2090 4607 2389 4678 Ἐκκλησία
2408 4605 2721 4676 χαρίσματα
2736 4603 2779 4670 δ,
2802 4602 2920 4667 πῶς
2936 4600 3117 4654 οὐκέτι
3142 4598 3280 4671 μετὰ
3304 4593 3584 4655 Μοντανδν,

405 4766 421 4799 ¹
460 4765 651 4821 lJoan.
695 4783 768 4830 IV,
810 4768 854 4822 l.
934 4769 953 4801 ³
981 4766 1000 4820 l
1033 4766 1191 4822 Joan.
1224 4783 1285 4833 li,
1326 4768 1391 4824 18
1416 4784 1537 4839 sqq.
1615 4768 1636 4800 ³
1677 4766 1736 4821 F.
1776 4768 1903 4820 καὶι

2015 4783 2062 4818 σ.
2142 4764 2163 4796 ⁸
2195 4763 2357 4820 Deest
2395 4762 2539 4833 ἔχειν
2564 4762 2647 4817 vel
2682 4756 2844 4814 εἶναι.

408 4921 520 4990 (97)
558 4923 721 4977 Κατὰ
754 4923 1140 4994 Φρυγαστῷν.
1186 4923 1430 4994 Phryges
1462 4923 1579 4978 sive
1605 4921 1926 4994 Phrygastae

376 4994 556 5064 roprie
601 4995 751 5056 dicti,
803 4992 947 5063 quOd
980 5010 1011 5048 e
1037 4993 1274 5066 Phrygia
1303 4992 1544 5066 primum
1598 4992 1920 5066 prodierint.

365 5062 506 5119 idem
560 5071 743 5118 tamen
788 5062 1610 5133 nennunquan'i’Cataphryges
1662 5072 1717 5118 et
1770 5062 1928 5133 Cata-

338 5135 592 5207 phrygaa,
624 5134 785 5204 quasi
828 5132 1182 5206 Evangelium
1208 5142 1384 5198 esset,
1421 5132 1507 5189 vel
1550 5133 1746 5203 dogma
1787 5132 1928 5186 κατὰ

337 5204 582 5261 Φρύγας.
992 5204 1003 5206 “
1814 5234 1818 5238 Α

389 5220 748 5345 ρῶἓῗςίὶῦτοι
801 5273 913 5343 γὰρ
962 5275 1245 5345 γεγόνασι
1284 5278 1419 5345 περὶ
1451 5275 1517 5327 τὸ
1549 5234 1927 5345 ἐννεακαιδέ-

342 5343 548 5401 κατον.
589 5343 978 5400 Consentanea
1024 5343 1151 5399 Sunt
1202 5360 1323 5414 qua:
1369 5344 1438 5398 de
1496 5343 1661 5411 hujus
1702 5343 1926 5414 haeresis

341 5418 495 5473 exitu
536 5430 603 5469 ac
636 5423 880 5484 tempore
923 5415 1169 5479 disserit,
1205 5412 1330 5470 cum
1365 5416 1432 5468 iis
1470 5428 1588 5483 quae
1627 5428 1791 5482 supra
1823 5412 1926 5465 do-

344 5488 483 5549 cuit,
517 5482 772 5540 nimirum
805 5482 1080 5540 Justinum
1116 5485 1343 5539 Adriani
1376 5482 1619 5554 tempore
1647 5493 1925 5537 mortuum

345 5570 501 5618 esse;
534 5554 838 5608 secundum
869 5570 1029 5623 quem
1061 5556 1225 5623 paulo
1254 5564 1377 5623 post
1409 5553 1675 5608 Tatianus
1705 5554 1925 5623 prodie-

346 5623 466 5694 rit,
495 5636 524 5673 a
558 5637 667 5694 quo
706 5622 1000 5678 Eneratitte
1044 5622 1311 5694 originem
1348 5626 1660 5692 acceperint
1691 5625 1794 5677 sub
1824 5622 1931 5694 Anc

350 5691 546 5761 tonino
577 5691 671 5761 Pio
697 5705 712 5742 ι
741 5709 850 5759 quo
890 5694 1077 5747 eodem
1114 5691 1436 5761 imperante,
1473 5691 1634 5761 atque
1682 5708 1825 5745 anno
1865 5693 1928 5744 il-

352 5759 463 5820 lius
497 5775 586 5812 χιιι
623 5758 905 5816 Mentanns
957 5758 1247 5816 exstiterit.
1293 5760 1399 5816 Sed
1432 5758 1562 5817 cuni
1587 5779 1650 5816 ex
1703 5762 1769 5817 iis
1808 5777 1928 5831 quae

2029 4921 2190 4991 paulo
2218 4926 2345 4991 ante
2376 4917 2672 4991 disputata“
2700 4921 2850 4980 sunt,
2900 4920 3118 4970 constet
3149 4911 3426 4991 J_ust_inum
3460 4919 3587 4991 non-

2030 4982 2137 5046 iiisi
2168 4990 2271 5045 sub
2291 4982 2481 5043 Marco"
2494 4988 2714 5043 Aurelio
2739 5001 2965 5061 passum
2993 5000 3136 5046 esse,
3161 4982 3588 5061 Tatianumvero

2029 5062 2313 5130 aliquanto
2361 5061 2524 5113 etiam
2554 5047 2756 5129 postea.
2778 5056 3028 5111 haeresim
3073 5047 3584 5130 suamcondidisse.z

2030 5116 2319 5185 manifesta
2366 5131 2452 5185 hic
2496 5116 2581 5184 esi.
2625 5139 2929 5195 temporum
2960 5124 3314 5195 perturbatio.
3345 5117 3497 5187 Quod
3528 5116 3586 5195 ad

2028 5183 2404 5276 Cataphrygas
2434 5183 2690 5276 spectat,
2720 5183 2987 5276 Eusebius
3018 5197 3078 5276 in.
3101 5193 3297 5276 Chron.
3350 5183 3585 5276 anno-Abi:

2028 5264 2234 5327 Aurelii
2273 5264 2334 5324 3ιῖ
2387 5264 3014 5339 scribit'Cataphrygum
3059 5264 3588 5339 _|_i_aeresim,._auctore

2031 5342 2287 5397 Montano
2308 5382 2322 5404 ,
2367 5351 2421 5395 et
2448 5339 2696 5394 Priscilla
2717 5379 2730 5403 ,
2752 5327 2829 5393 'ac
2853 5327 3169 5399 Maximilla,
3197 5327 3587 5404 eratdiumﬁa-

2031 5413 2237 5469 buisse.
2268 5397 2406 5480 Tum
2437 5425 2583 5463 anno
2605 5397 2868 5480 sequente
2890 5397 3201 5480 Encratitas
3225 5402 3450 5480 Tatiano
3467 5397 3588 5480 duce

2032 5481 2322 5554 prodiisse.
2356 5479 2489 5545 Qua:
2523 5481 2566 5554 si
2598 5470 2723 5534 vera
2755 5486 2902 5542 sunt,
2952 5477 3163 5529 'I‘atiani
3207 5482 3261 5554 et
3295 5470 3587 5554 Encratita;

2035 5541 2152 5607 rum
2213 5541 2406 5607 haeresi
2476 5553 2714 5620 priorem
2765 5555 2980 5620 oportet
3013 5562 3168 5620 _es_se
3214 5541 3586 5620 cataphp‘guln

2035 5623 2318 5688 haeresim;
2352 5609 2545 5675 contra
2576 5609 2886 5691 institutum
2915 5619 2982 5671 ab
3011 5609 3583 5691 Epiphanioordinem.
3657 5662 3667 5678 ,

2038 5710 2101 5748 ac
2128 5693 2230 5749 sub
2255 5691 2479 5748 Aurelio
2511 5691 2780 5745 duntaxat
2809 5689 3139 5758 imperatore
3166 5689 3456 5739 exsttissc.
