3918 6124
304 298 413 356 857

1004 298 1373 355 ADVERSUS
1411 297 1753 355 HASRESES
1792 297 1920 353 LIB.
1964 297 2026 353 II.
2070 298 2232 367 TOM,
2275 299 2316 357 1.
2356 299 2630 357 Il/ERES.
2667 301 2893 358 XLVIII.

3469 300 3574 360 858

307 422 401 476 καὶ
434 419 784 491 Πρίσκιλλαν,
826 418 920 474 καὶ
959 418 1326 490 Μαξιμίλλαν,
1351 418 1532 489 έχουσι
1570 419 1888 491 προφήτας;

2014 418 2309 489 ἐςῑρὶοιιιιιι
2360 428 2512 480 sunt.
2567 421 2744 490 iisque
2796 418 3084 490 praeditam
3117 418 3416 475 Ecclesiam
3453 397 3575 475 esse

305 514 453 584 ’Δρα
482 512 723 583 ήργησεν
748 513 781 582 ή
812 511 1006 583 χάρις;
1030 510 1145 565 Ούκ
1167 512 1328 584 ἀργεῖ
1351 511 1407 565 δὲ
1436 513 1469 581 ή
1499 510 1656 583 χάρις
1672 512 1731 562 ὲν
1754 508 1887 578 ἁγία

311 603 631 674 Ἐκκλησία·
668 602 744 674 μὴ
779 602 1014 672 γένοιτοὶ
1055 602 1116 656 Εἰ
1141 602 1199 656 δὲ
1239 603 1349 668 ἕως
1377 605 1522 668 τινὸς
1552 604 1890 675 προεφήτευ-

311 711 410 749 σαν
442 696 491 748 oi
522 693 1019 764 προφητεύσαντες,
1053 695 1147 750 καὶ
1179 694 1280 749 ούκ
1312 695 1392 747 ἔτι
1431 695 1887 766 προφητεύουσιν·

312 785 447 838 ἀλλὰ
477 784 602 839 οὔτε
627 785 949 857 Πρίσκιλλα,
978 784 1099 839 οὔτε
1125 786 1441 855 Μαξιμίλλα
1473 788 1891 856 προεφήτευσαν

315 874 453 944 μετὰ
481 873 581 937 τὰς
608 874 945 945 προφητείας
991 873 1090 939 τὰς
1121 874 1211 928 διὰ
1240 874 1347 928 τῶν
1379 874 1549 943 ἁγίων
1580 874 1891 928 ἀποστόλων

314 967 371 1018 ἐν
401 968 467 1035 τῇ
496 964 630 1035 ἁγίᾳ
655 963 956 1035 Ἐκκλησία
987 965 1428 1036 δοκιμασθείσας.
1478 966 1632 1019 Κατὰ
1676 966 1767 1019 δύο
1800 960 1892 1019 οὖν

313 1058 548 1129 τρόπους
576 1054 964 1126 ἐλεγχθήσεται
1000 1058 1033 1128 ή
1062 1056 1226 1110 αὑτοῦ
1259 1056 1434 1111 ἄνοια.
1467 1057 1537 1108 Ἢ
1573 1056 1681 1127 γὰρ
1709 1054 1893 1119 δείξω-

317 1165 401 1202 σιν
419 1142 559 1201 εϊναι
586 1148 868 1217 προφήτας
901 1146 1039 1217 μετὰ
1066 1146 1433 1217 Μαξιμίλλαν.
1461 1147 1547 1199 ἵνα
1572 1147 1647 1218 μὴ
1673 1149 1890 1220 άργήσῃ

315 1242 446 1313 παρ’
479 1240 661 1302 αὐτοῖς
693 1237 964 1308 λεγομένη
1010 1237 1186 1308 χάρις·
1239 1238 1271 1310 ἢ
1311 1239 1358 1289 oi
1393 1239 1519 1308 περὶ
1552 1237 1892 1307 Μαξιμίλλαν

315 1331 755 1403 ψευδοπροφῆται
787 1329 1171 1399 εὑρεθήσονται
1208 1328 1345 1399 μετὰ
1370 1330 1459 1382 τὸν
1480 1330 1603 1399 ὅρον
1628 1329 1735 1380 τῶν
1766 1344 1898 1397 προ-

317 1421 563 1492 φητικῶν
591 1418 945 1491 χαρισμάτων
977 1419 1348 1491 τολμήσαντες
1368 1420 1466 1472 ούκ
1489 1419 1596 1472 ἀπὸ
1618 1418 1712 1471 τοῦ
1739 1418 1894 1487 ἁγίου

317 1512 656 1582 Πνεύματος,
690 1508 804 1561 ἀλλ’
836 1509 942 1561 ἀπὸ
977 1508 1183 1580 πλάνης
1208 1508 1479 1578 δαιμόνων
1505 1508 1895 1579 ἐνθουσιασθῆ-

316 1624 428 1668 ναι,
469 1604 562 1658 καὶ
604 1601 874 1672 φαντάσαι
914 1601 1041 1661 τοὺς
1071 1600 1368 1663 ἀκούοντας
1398 1599 1598 1663 αὐτῶν,
1623 1601 1715 1653 καὶ
1750 1602 1897 1665 ὅπως

318 1695 379 1762 ἐξ
406 1694 585 1750 αὐτῶν
613 1692 722 1747 τῶν
746 1693 876 1763 παρ’
904 1692 1089 1755 αὐτοῖς
1114 1691 1424 1762 λεγομένων
1452 1693 1478 1743 ὁ
1509 1692 1728 1761 ἐλεγχος
1762 1693 1896 1763 πρὸς

318 1786 515 1849 αὐτοὺς
551 1784 870 1855 ῥηθήσεται.
906 1783 1109 1837 Φάσκει
1146 1784 1254 1855 γὰρ
1286 1786 1318 1853 ἡ
1358 1784 1489 1852 παρ’
1524 1783 1706 1847 αὐτοῖς
1743 1784 1898 1851 λεγο-
1933 1772 1971 1824 Β

320 1874 456 1945 μένη
481 1871 792 1943 Μαξιμίλλα
840 1874 872 1942 ή
926 1872 1217 1943 προφῆτις,
1275 1873 1380 1935 ὅτι,
1435 1872 1587 1943 φησι,
1631 1873 1768 1926 Μετ’
1796 1873 1900 1942 ἐμὲ

317 1963 614 2033 προφῆτις
648 1962 847 2017 οὐκέτι
880 1961 1076 2023 ἔσται,
1117 1962 1276 2016 ἀλλὰ
1308 1963 1651 2017 συντέλεια.
1683 1963 1815 2017 Ἰδοὺ
1846 1965 1902 2016 δὲ

318 2057 580 2112 πάντοθεν
610 2056 861 2125 φαίνεται
888 2053 951 2106 τὸ
985 2055 1201 2126 πνεῦμα
1227 2057 1324 2126 τῆς
1360 2057 1592 2127 πλάνης.
1628 2056 1768 2108 Ὅσα
1795 2056 1901 2127 γὰρ

317 2149 368 2201 οἱ
404 2147 681 2218 προφῆται
722 2148 1002 2219 εἰρήκασι,
1046 2147 1140 2200 καὶ
1184 2146 1323 2216 μετὰ
1364 2147 1629 2210 συνέσεως
1664 2163 1905 2217 παρακο-

316 2238 638 2303 λουθοῦντες
693 2237 1043 2306 ἐφθέγγοντο,
1107 2238 1200 2290 καὶ
1259 2237 1621 2308 ὲτελέσθησαν
1663 2238 1731 2291 τὰ
1775 2240 1903 2308 παρ’

319 2331 500 2387 αὐτῶν
541 2329 827 2401 εἰρημένα,
873 2329 967 2381 καὶ
1012 2328 1092 2382 ἔτι
1140 2328 1463 2400 πληροῦται.
1512 2330 1660 2400 Αύτη
1698 2331 1754 2383 δὲ
1786 2327 1907 2384 εἷπε

323 2422 441 2494 μετ’
471 2422 643 2490 αὐτὴν
680 2417 818 2473 εἶναι
862 2418 1192 2472 συντέλειαν·
1223 2419 1318 2471 κα)¹
1346 2417 1498 2472 οὔπω
1529 2421 1904 2492 συνετελέσθη,

323 2513 558 2584 μάλιστα
580 2511 850 2564 τοσούτων
888 2510 1151 2580 βασιλέων
1176 2510 1507 2581 γενομένων,
1533 2514 1628 2565 καὶ
1651 2512 1906 2565 τοσούτου

321 2602 514 2674 χρόνου
560 2600 1023 2671 ύπερῦεϐηκότος.
1070 2600 1206 2670 Ἐτη
1254 2599 1363 2671 γάρ
1409 2602 1549 2653 εἰσιν
1586 2599 1771 2654 ἔκτοτε
1797 2602 1907 2673 (99)

323 2692 493 2747 πλείω
524 2692 556 2763 ἢ
598 2691 812 2745 ὲλάσσω
850 2690 1102 2744 διακόσια
1136 2691 1492 2760 ἐννενήκοντα
1522 2691 1627 2755 ἓως
1655 2693 1747 2745 τού
1774 2694 1911 2763 ἡμε-

332 2784 485 2856 τέρου
532 2784 749 2856 χρόνου,
796 2782 1100 2836 δωδεκάτου
1133 2781 1286 2847 ἔτους
1315 2783 1783 2848 Ούαλεντινιανοῦ,
1818 2786 1911 2839 καὶ

324 2878 645 2940 Οὐάλεντος,
681 2876 774 2930 καὶ
806 2873 1107 2947 Γρατιανού
1133 2873 1429 2945 βασιλείας·
1460 2875 1557 2929 καὶ
1577 2874 1700 2929 οὔτε
1722 2877 1756 2947 ή
1784 2893 1899 2929 συν·

323 2970 505 3025 τέλεια
549 2968 688 3023 κατὰ
731 2967 829 3040 τὴν
877 2968 1162 3038 ήχήσασαν
1208 2968 1409 3037 ἑαυτὴν
1455 2968 1784 3040 προφήτιδα,
1836 2969 1910 3039 μὴ

327 3061 563 3132 γνοῦσαν
596 3063 733 3133 μήτε
770 3062 868 3132 τὴν
903 3059 1122 3133 ἡμέραν
1151 3060 1254 3130 τῆς
1281 3061 1453 3132 αὐτῆς
1492 3059 1767 3132 τελευτῆς.
1801 3062 1912 3115 Καὶ

332 3156 461 3209 ἰδεῖν
485 3154 623 3219 ἔστι,
652 3152 770 3216 πῶς
806 3153 1010 3215 πάντες
1035 3152 1086 3205 οἱ
1118 3151 1226 3204 ἀπὸ
1254 3152 1358 3222 τῆς
1396 3152 1653 3222 ἀληθείας
1689 3154 1913 3217 ἑαυτοὺς

329 3243 810 3316 ἁλλοτριώσαντες,
845 3244 946 3296 οὐκ
974 3243 1033 3295 ἐν
1062 3242 1353 3314 εὐσταθείᾳ
1370 3245 1475 3297 τιν)⁸
1496 3243 1656 3310 λόγου
1681 3245 1916 3315 μεμενή-

332 3351 509 3390 κασιν·
544 3333 658 3388 ἀλλ’
691 3335 767 3397 ὡς
799 3335 982 3404 νήπιοι
1020 3334 1124 3388 ὑπὸ
1152 3333 1248 3386 τοῦ
1284 3334 1369 3387 ἀεὶ
1396 3334 1713 3419 πλανῶντος
1741 3334 1917 3403 ὄφεως

332 3427 868 3498 παραπεποιημένοι,
906 3428 987 3490 είς
1018 3425 1295 3480 ἀπώλειαν
1311 3428 1535 3489 ἑαυτοὺς
1564 3426 1912 3481 ὲκδεδὼκασι.

333 3519 443 3572 Καὶ
476 3520 559 3580 εἰς
594 3517 658 3570 τὸ
687 3515 939 3586 γενέσθαι
988 3514 1329 3587 κατάϐρωμα
1368 3515 1462 3569 τοῦ
1502 3514 1688 3580 λύκου,
1730 3517 1796 3569 ὲκ
1821 3517 1918 3586 τῆς

338 3610 580 3682 μάνδρας
603 3607 914 3680 αἱρεθέντες
950 3608 1414 3680 παρελκυσθῆναι,
1451 3609 1546 3661 καὶ
1573 3608 1747 3672 οὕτως
1779 3609 1916 3662 ἁπο-

333 3702 544 3765 λέσθαι,
577 3700 651 3773 μὴ
713 3701 1046 3772 κρατοῦντες
1108 3701 1208 3772 τῆν
1237 3701 1433 3772 ἀρχὴν,
1478 3701 1615 3754 ἀλλά
1672 3700 1922 3755 καταλεί-

333 3792 532 3862 ψαντες
576 3790 673 3862 τὴν
723 3789 1003 3861 ἀλήθειαν,
1053 3791 1113 3843 ὲν
1155 3791 1398 3860 ναυαγίῳ
1448 3791 1674 3852 ἑαυτοὺς
1716 3791 1811 3843 καὶ
1856 3792 1914 3843 έν

336 3884 566 3939 κλύδωνι
612 3885 712 3954 τῆς
748 3884 929 3954 πάσης
964 3882 1171 3953 πλάνης
1201 3881 1668 3953 παραδεδώκασιν.
1711 3883 1774 3936 Ei
1805 3882 1915 3954 γὰρ

336 3975 479 4043 λέξει
518 3974 860 4045 Μαξιμίλλει,
905 3976 987 4029 ὅτι
1034 3976 1322 4048 προφήτης
1366 3974 1550 4029 οὐκέτι
1593 3974 1767 4038 ἔσται,
1811 3974 1918 4045 ἄρα

336 4069 552 4137 ἀναιρεῖ
581 4067 643 4119 τὸ
674 4062 813 4120 εἶναι
847 4066 977 4138 παρ’
1010 4065 1196 4126 αὐτοῖς
1224 4065 1285 4116 τὸ
1316 4065 1579 4135 χάρισμα,
1608 4064 1703 4117 καὶ
1731 4066 1810 4127 είς
1838 4063 1918 4117 ἔτι

335 4157 495 4230 δεῦρο
526 4158 807 4229 φέρεσθαι.
842 4159 904 4212 Εἰ
936 4158 993 4210 δὲ
1033 4158 1136 4222 ἕως
1166 4158 1354 4226 αὐτῆς,
1397 4157 1472 4220 ὡς
1504 4158 1763 4227 προεῖπον
1795 4156 1914 4226 μὲν,

336 4251 399 4306 τὸ
421 4252 685 4322 χάρισμα,
719 4250 827 4320 ἄρα
854 4252 948 4303 καὶ
978 4250 1115 4321 αὑτὴ
1146 4250 1205 4302 οὐ
1241 4249 1469 4320 μετέσχε
1506 4248 1621 4301 τῶν·
1647 4248 1919 4320 χαρισμά-

339 4361 448 4398 των
455 4383 469 4397 .

1996 511 2277 575 convenit,
2334 526 2433 566 cur
2495 521 2618 579 post
2674 509 3015 574 Montanum,
3063 525 3125 564 ac
3153 509 3486 571 Priscillam.
3520 519 3573 566 et

1996 600 2348 655 Maximillam
2417 604 2598 656 nullos
2663 602 2866 655 habent
2936 603 3173 671 amplius
3235 603 3579 671 prophetas?

2003 691 2334 748 Divinumne
2374 702 2458 747 est
2508 710 2708 747 munus
2738 694 3108 748 exhaustum?
3144 693 3212 745 At
3247 695 3299 746 in
3337 693 3575 748 Ecclesia

1998 785 2268 838 catholica
2304 785 2525 839 minime
2561 786 2612 837 id
2646 785 2864 854 quidem
2893 792 2975 839 est
3004 784 3350 839 exhaustum.
3388 786 3573 840 Absit!

1996 874 2154 938 Quod
2201 874 2248 929 si
2280 875 2466 944 aliquo
2511 884 2672 930 tenus
2704 875 2983 945 prephetae
3018 875 3299 929 vaticinati
3332 885 3483 937 sunt,
3524 886 3577 929 et

1998 964 2284 1018 vaticinari
2343 965 2506 1018 modo
2564 965 2848 1031 desinunt,
2937 982 3285 1034 consequens
3340 977 3427 1021 est
3512 984 3579 1022 ne

1999 1051 2299 1108 Priscillam
2337 1055 2559 1125 quidem
2611 1066 2775 1125 atque
2833 1055 3226 1119 Maximillam,
3280 1055 3578 1111 secundum

2003 1146 2378 1214 apostolorum
2433 1147 2716 1210 vaticinia,
2785 1162 2905 1216 quae
2956 1148 3009 1200 in
3068 1146 3314 1202 Ecclesia
3363 1157 3581 1216 recepta

2002 1242 2152 1300 sunt,
2182 1238 2468 1291 oraculum
2502 1239 2675 1292 ullum
2701 1238 2963 1293 edidisse.
2997 1237 3365 1304 Quamobrem
3409 1239 3583 1293 utrin-

2000 1344 2106 1397 que
2131 1328 2350 1382 illorum
2410 1330 2628 1384 insania
2677 1330 3097 1401 constringitur.
3141 1330 3276 1383 Nam
3321 1340 3416 1385 aut
3451 1346 3579 1399 pro-

2003 1420 2197 1488 phetas
2229 1433 2347 1490 post
2385 1421 2737 1476 Maximillam
2784 1422 2998 1492 aliquos
3032 1422 3319 1478 ostendant
3348 1440 3363 1489 ;
3397 1438 3465 1478 ne
3495 1437 3581 1485 ea,

2003 1527 2165 1581 quam
2209 1514 2287 1566 illi
2317 1514 2598 1581 iactitant,
2636 1516 2812 1585 gratia
2842 1494 3115 1571 exstincta
3149 1515 3436 1581 videatur;
3491 1524 3585 1568 aut

2006 1602 2300 1682 Maximilla
2358 1620 2481 1657 cum
2532 1607 2648 1660 suis
2686 1606 2835 1659 falsae
2874 1607 3016 1661 vatis
3045 1608 3263 1661 nomine
3297 1606 3587 1660 censendae

2006 1700 2155 1755 sunt,
2204 1711 2324 1763 qua:
2357 1705 2479 1763 post
2537 1698 2911 1765 przrscriptum
2952 1697 3252 1766 prophetici
3297 1697 3426 1751 doni
3467 1695 3584 1749 oili—

2001 1785 2183 1854 ciique
2221 1795 2456 1853 tempus,
2509 1802 2620 1840 non
2655 1788 2832 1844 sancti
2866 1788 3127 1857 Spiritus,
3166 1789 3262 1842 sed
3299 1785 3585 1857 immissia

2003 1878 2347 1933 daemonibus
2396 1881 2609 1934 erroris
2666 1879 2905 1934 amatum
2967 1880 3258 1934 admittere
3298 1896 3409 1934 non
3459 1890 3588 1936 sunt

2003 1970 2210 2033 verine,
2250 1985 2313 2023 ac
2354 1972 2481 2037 suis,
2515 1971 2866 2027 auditoribus
2912 1972 3161 2027 illudere.
3196 1971 3488 2026 Enimvero
3523 1987 3588 2026 ex

2006 2062 2075 2116 iis
2132 2062 2265 2131 ipsis
2318 2078 2440 2132 qua:
2478 2072 2758 2126 asserunt,
2795 2079 2982 2119 eorum
3018 2064 3302 2118 mendacia
3337 2062 3590 2118 refellen-

2012 2162 2125 2208 tur.
2158 2152 2261 2224 δία,
2281 2155 2426 2208 enim
2463 2164 2614 2209 vates
2669 2155 2888 2209 illorum
2942 2154 3238 2208 Maximilla
3284 2153 3586 2223 praedicat:

2004 2243 2136 2311 Post
2169 2261 2249 2298 me
2283 2244 2433 2298 nulla
2488 2244 2717 2313 amplius
2762 2245 2863 2298 erit
2917 2243 3267 2313 prophetissa,
3324 2242 3413 2295 sed
3467 2242 3589 2311 ﬁnis

2007 2345 2266 2407 sequetur.
2312 2334 2486 2390 Vides
2517 2343 2576 2389 ut
2613 2336 2853 2404 undique
2876 2350 2935 2389 se
2965 2334 3159 2403 prodat
3189 2334 3394 2387 erroris
3425 2333 3557 2401 spiri
3580 2364 3592 2372 -

2009 2436 2117 2483 tus.
2189 2427 2323 2481 Nam
2373 2443 2720 2497 quaecunque
2771 2429 3052 2497 propheta:
3107 2426 3277 2480 locuti
3337 2410 3490 2491 sunt,
3528 2441 3591 2478 ea

2010 2522 2249 2576 scientes
2297 2520 2768 2590 intelligentcsque
2815 2518 3075 2572 dixerunt
3126 2536 3139 2571 :
3197 2515 3464 2586 planeque
3510 2515 3589 2568 uti

2013 2610 2263 2665 nuntiata
2319 2619 2447 2665 sunt
2480 2609 2837 2673 acciderunt,
2895 2615 2948 2663 et
3003 2608 3161 2662 hodie
3211 2606 3588 2676 perficiuntur.
3646 2592 3653 2601 ’

2010 2704 2080 2755 At
2111 2701 2200 2755 illa
2240 2708 2362 2771 post
2400 2716 2458 2756 se
2489 2716 2669 2755 rerum
2719 2698 2967 2753 omnium
3024 2699 3232 2753 exitqu
3292 2696 3410 2751 fore
3457 2711 3591 2766 pra--

2011 2789 2179 2856 dixit;
2211 2789 2356 2859 quod
2387 2788 2652 2843 hactenus
2688 2784 2933 2841 nondum
2973 2784 3247 2839 accidisse
3277 2782 3555 2836 cernimus
3581 2796 3595 2830 :

2014 2880 2312 2952 praesertim
2346 2895 2470 2934 cum
2506 2887 2586 2933 tot
2617 2878 2720 2933 sibi
2786 2878 3147 2946 imperatores
3199 2874 3596 2930 successerint.

2015 2986 2079 3025 ac
2111 2980 2320 3026 tantum
2350 2971 2429 3027 sit
2461 2970 2721 3039 temporis
2758 2967 3136 3035 interlapsum.
3167 2965 3309 3019 Anni
3330 2962 3496 3034 404.
3521 2962 3600 3016 si-

2014 3065 2233 3134 quidem
2277 3064 2480 3118 adhoc
2534 3072 2770 3133 tempus,
2818 3062 2911 3131 qui
2965 3069 3049 3116 est
3108 3058 3495 3121 Valentiniani,
3537 3071 3599 3109 ac

2020 3155 2286 3219 Valentis,
2326 3163 2380 3209 et
2409 3153 2655 3209 Gratiani
2708 3154 3058 3224 imperatoris
3111 3167 3289 3205 annus
3336 3165 3433 3212 xu,
3478 3149 3600 3218 plus

2020 3250 2203 3304 minus
2233 3262 2365 3302 ccxc
2389 3253 2794 3310 numerantur;
2845 3253 2900 3300 et
2943 3252 3123 3297 tamen
3152 3241 3241 3296 hic
3280 3242 3368 3294 ille
3408 3238 3605 3312 pracdi-

2021 3348 2144 3394 ctus
2170 3338 2238 3393 ab
2267 3337 2415 3393 inani
2467 3352 2699 3403 seseque
2754 3340 3069 3392 ostentante
3098 3332 3443 3404 prophetissa
3469 3345 3603 3383 nou-

2023 3432 2152 3486 dum
2211 3445 2396 3486 rerum
2461 3431 2643 3485 exitus
2704 3428 2927 3483 advenit
2966 3440 3134 3496 :quaa
3186 3423 3402 3494 quidem
3459 3421 3602 3475 diem

2024 3522 2208 3579 obitus
2252 3522 2338 3577 sui
2382 3521 2609 3579 minime
2651 3528 2988 3589 compertum
3040 3515 3254 3571 habuit.
3299 3512 3436 3566 Hinc
3473 3511 3604 3566 illud
3684 3587 3692 3595 .

2018 3614 2211 3669 videre
2265 3613 2416 3676 licet,
2475 3627 2669 3667 omnes
2718 3611 2810 3680 qui
2874 3625 2933 3665 se
2973 3624 3003 3662 a
3036 3606 3264 3663 veritate
3294 3609 3601 3674 segregant,

2025 3704 2231 3758 nullam
2284 3704 2339 3757 in
2393 3702 2741 3757 sermonibus
2772 3701 2974 3755 habere
3032 3695 3444 3752 constantiam:
3486 3692 3602 3755 sed,

2013 3791 2305 3847 infantium
2337 3807 2505 3855 more,
2538 3791 2606 3844 ab
2649 3791 2945 3859 impostore
3010 3794 3262 3855 serpente
3311 3784 3592 3851 deceptos,

2021 3886 2164 3938 uitro
2231 3900 2290 3938 se
2346 3883 2401 3937 in
2462 3883 2691 3937 exitium
2755 3880 3162 3951 perniciemque
3220 3878 3594 3939 conunittere;

2020 3991 2145 4030 nam
2177 3990 2301 4030 cum
2329 3976 2577 4044 utalupo
2604 3973 2954 4036 devorentur,
2977 3986 3005 4023 a
3024 3970 3178 4022 caula
3200 3967 3416 4036 longius
3449 3966 3607 4018 alier-

2027 4083 2152 4121 rare
2181 4082 2244 4120 ac
2282 4066 2459 4136 perire
2498 4065 2789 4128 voluerint,
2846 4079 2957 4117 non
3006 4068 3217 4115 retento
3266 4057 3534 4127 principio
3560 4056 3602 4115 ²,

2027 4162 2120 4215 sed
2158 4161 2441 4230 repudiata
2475 4159 2721 4221 veritate,
2754 4158 2810 4211 in
2845 4155 3190 4224 naufragium
3245 4163 3607 4216 errornmque

2027 4253 2273 4306 omnium
2300 4259 2680 4321 tempestatem
2714 4265 2835 4305 sese
2867 4248 3239 4316 coniecerunt.
3265 4241 3399 4296 Nam
3432 4240 3476 4294 si
3506 4238 3609 4292 hoc

2029 4343 2326 4398 Maximilla
2380 4343 2602 4409 dixerit,
2668 4342 2988 4412 praphetam
3044 4337 3280 4407 amplius
3337 4332 3607 4388 neminem

341 4437 607 4501 futurum,
657 4436 900 4491 divinum
941 4438 1041 4490 hoc
1066 4428 1417 4491 illisrmunus
1451 4436 1698 4490 funditus
1748 4436 1933 4507 eripit,
1972 4446 2030 4492 ut
2064 4440 2129 4492 ad
2169 4439 2489 4493 hodiernum
2543 4446 2758 4508 tempus
2817 4437 3038 4490 minimc
3067 4438 3398 4503 perseveret.
3449 4426 3606 4493 Quod

340 4530 385 4584 si
429 4528 496 4582 ad
536 4527 684 4581 illam
716 4542 912 4596 usque,
954 4532 1015 4579 ut
1062 4535 1188 4580 ante
1252 4526 1517 4590 diximus,
1567 4525 1759 4581 eadem
1818 4537 2120 4597 propagata
2170 4529 2342 4599 gratia
2406 4534 2510 4592 est,
2552 4542 2622 4582 ne
2684 4527 2801 4595 ipsa
2841 4525 3059 4595 quidem
3126 4518 3390 4590 ejusmodi
3434 4516 3611 4569 dono-

343 4636 462 4676 rum
492 4633 718 4689 (ompos
742 4627 829 4675 est
857 4618 1025 4674 facta.

412 4714 486 4767 1".
519 4713 868 4784 Πεπλάνηται
889 4713 1019 4784 γάρ.
1056 4714 1392 4786 Ἐσφράγισε
1419 4713 1528 4784 γὰρ
1553 4716 1581 4767 ὁ
1604 4714 1809 4785 Κύριος
1832 4715 1929 4785 τὴν
1965 4718 2006 4771 D

343 4803 694 4875 Ἐκκλησίαν,
740 4805 835 4859 καὶ
882 4804 1200 4877 ἐπλήρωσεν
1245 4806 1385 4878 αὐτὴ
1415 4806 1432 4837 ¹
1473 4806 1543 4859 τὰ
1584 4806 1917 4878 χαρίσματα.

347 4900 476 4952 Ὅτε
506 4898 617 4975 γὰρ
651 4893 721 4969 ἦν
753 4897 933 4969 χρεία,
959 4899 1019 4952 ἐν
1044 4900 1356 4970 προφήταις
1396 4902 1453 4953 ὲν
1483 4899 1724 4970 ἀληθινῴ
1753 4901 1918 4951 πνεύ-

349 5006 499 5059 ματι,
536 4987 632 5042 καὶ
675 4987 962 5059 ἐρρωμένη
999 4989 1228 5060 διανοίᾳ,
1279 4992 1374 5044 καὶ
1426 4987 1921 5061 παρακολουθοῦντι

249 5096 263 5102 ³
345 5077 443 5149 νῷ,
483 5080 531 5133 οἱ
562 5077 728 5132 αὐτοῦ
787 5076 937 5146 ἆγιοι
974 5077 1043 5131 τὰ
1083 5081 1262 5134 πάντα
1298 5083 1731 5151 προεφήτευσαν·
1760 5081 1924 5151 εμπι-

349 5169 622 5239 πλώμενοι
650 5166 967 5239 Πνεύματος
994 5168 1171 5236 ἁγίου,
1202 5171 1342 5236 κατὰ
1365 5170 1462 5239 τὴν
1497 5169 1787 5237 ἀναλογίαν
1818 5167 1924 5220 τῶν

346 5263 415 5316 ἐκ
463 5259 779 5330 Πνεύματος
823 5260 1176 5331 χαρισμάτων
1216 5263 1431 5330 ἑκάστῳ
1473 5261 1784 5329 διδομένων,
1833 5261 1926 5313 καὶ

425 5418 441 5449 ¹
478 5417 539 5472 F.
566 5418 726 5490 αὐτῇ.
804 5421 823 5450 ¹
848 5418 1056 5474 Coloss.
1088 5431 1144 5475 ιι,
1175 5416 1234 5470 l9

426 5573 537 5642 (99)
581 5574 704 5627 Ἔτι
742 5573 853 5643 γάρ
891 5563 1048 5627 εἰσιν
1088 5571 1330 5643 ἔκτοτε.
1354 5569 1651 5643 Vitiumﬂin
1671 5570 1927 5643 numeris

352 5640 458 5701 est.
491 5640 682 5699 Aunus
705 5640 958 5699 Antonini
997 5659 1085 5697 XIX
1110 5642 1362 5710 congruit
1382 5655 1527 5695 anno
1553 5640 1757 5694 Christi
1785 5640 1885 5692 H6
1911 5656 1924 5702 ;

355 5730 535 5770 anuus
568 5731 696 5770 vero
744 5713 1104 5770 Valentiniani
1140 5729 1211 5765 xu
1261 5712 1514 5766 convenit
1564 5712 1762 5765 Chriin
1801 5712 1922 5763 575i.

2107 4711 2190 4765 Ill.
2256 4710 2363 4764 Sed
2423 4708 2683 4763 nimirum
2741 4706 3091 4761 vehementer
3154 4708 3324 4756 errat.
3390 4698 3604 4755 Etenim

2030 4800 2172 4856 Deus
2220 4799 2520 4854 Ecclesiam
2574 4812 2729 4853 suam
2781 4795 2928 4851 velut
2965 4791 3297 4861 obsignavit,
3331 4804 3394 4842 ac
3425 4789 3610 4843 divina

2026 4893 2117 4949 illa
2172 4900 2401 4946 munera
2463 4889 2777 4958 complevit.
2827 4883 3084 4953 Quandiu
3137 4882 3283 4936 enim
3323 4880 3608 4951 prophetis

2014 4998 2153 5051 opus
2216 4982 2341 5049 fuit,
2399 4989 2455 5035 et
2512 4980 2622 5035 veri
2666 4977 2908 5048 Spiritus
2966 4974 3250 5036 instinctu,
3283 4985 3407 5024 cum
3437 4969 3609 5024 animi

2026 5076 2296 5141 ﬁrmitate,
2334 5086 2498 5146 atque
2527 5071 2861 5134 Constantia,
2913 5077 2967 5124 et
3004 5083 3195 5122 eorum
3258 5078 3377 5134 quae
3424 5064 3613 5131 loque-

2024 5177 2216 5225 rentur
2272 5166 2630 5239 intelligentia
2696 5161 3031 5220 sanctissimi
3083 5158 3188 5213 viri
3261 5171 3360 5212 sua
3416 5155 3605 5239 omnia

2027 5274 2290 5330 responsa
2316 5267 2370 5314 et
2400 5257 2619 5312 oracula
2648 5254 2936 5318 dederunt,
2978 5251 3255 5321 iidemque
3287 5261 3385 5318 pro
3421 5245 3613 5315 cujus-

2038 5569 2338 5625 Discrimcn
2380 5576 2463 5624 cst
2511 5582 2780 5620 anulorum
2820 5565 2946 5619 2:20.
3001 5556 3181 5631 itaque
3229 5576 3325 5631 pro
3368 5560 3620 5614 διακόσια

2035 5642 2409 5710 ἐννενήκοντα,
2443 5639 2790 5695 scribendum
2828 5638 2926 5690 fuit
2958 5635 3204 5688 διακόσια
3232 5632 3423 5686 εἴκοσι.
