3952 6152
1844 279 1901 337 S.
1939 279 2283 342 EPIPHANI!

3542 293 3631 353 860

387 371 501 456 que
552 397 941 441 concesserunt
982 400 1011 439 ο
1053 394 1247 442 sancto
1306 386 1514 459 Spiritu
1560 391 1852 459 donorum,
1914 412 1974 452 ac

2091 401 2223 456 κατὰ
2244 403 2343 475 τὴν
2366 404 2659 474 ἀναλογίαν
2693 408 2791 479 τῆς
2825 409 3058 475 πίστεως
3092 408 3223 482 πρδς
3254 408 3319 464 τδ
3349 413 3631 485 συμφέρον.

396 476 525 532 lidei
577 477 811 542 ratione,
870 494 1219 535 communem
1280 483 1349 536 ad
1400 484 1686 540 utilitatem
1730 486 1822 542 illo
1853 487 1973 559 ipso

391 568 623 640 Spiritu.
655 571 845 641 repleti
900 581 1050 651 sunt.
1109 572 1253 639 Quid
1299 573 1469 643 igitur
1543 577 1614 631 ab
1663 578 1769 634 illis
1792 587 1876 634 est
1905 580 1972 636 ad

277 695 280 698 η
393 660 675 717 hominum
729 652 1021 719 utilitatem
1085 664 1428 734 praedictum,
1482 677 1577 721 aut
1608 683 1731 738 quae
1787 670 1971 725 habita

393 752 515 809 fidei
569 755 749 810 ratio?
804 754 996 811 Nonne
1040 758 1311 826 ejusmodi
1369 759 1551 828 potius
1607 760 1837 816 habendi
1897 764 1972 818 illi

390 856 541 911 sunt,
575 850 643 903 de
670 849 873 919 quibus
905 850 1131 905 locutus
1185 859 1270 906 est
1321 850 1620 908 Dominus:
1647 854 1915 910 Attendite
1942 874 1974 909 a

391 940 550 1009 falsis
587 941 873 1012 prophetis,
923 944 1013 1013 qui
1057 944 1268 998 veniunt
1316 943 1386 996 ad
1426 960 1517 999 vos
1552 942 1613 998 iri
1654 949 1972 1002 vestimentis

391 1033 586 1097 ouium,
618 1034 935 1089 intrinsecus
986 1045 1161 1090 autem
1201 1045 1323 1090 sunt
1361 1035 1472 1107 lupi
1509 1038 1807 1106 rapaces‘?
1864 1041 1977 1109 Age

392 1139 527 1179 vero
556 1140 681 1195 quae
743 1126 814 1181 ab
868 1126 978 1182 illis
1027 1126 1287 1181 dicuntur
1312 1144 1436 1181 cum
1493 1129 1561 1184 iis
1587 1144 1709 1199 qua:
1738 1130 1792 1183 in
1824 1139 1977 1185 utro-

392 1233 502 1287 que
527 1216 884 1274 Testamento
935 1234 1121 1275 revera
1175 1220 1548 1285 continentur,
1589 1236 1817 1292 quaeque
1855 1237 1978 1276 rer-

394 1308 609 1365 tissime
640 1320 794 1380 gesta
837 1326 901 1366 ac
943 1311 1200 1381 praedicta
1232 1319 1382 1379 sunt,
1418 1323 1828 1382 comparantes,
1868 1314 1979 1371 dis-

394 1422 688 1464 cernamus
732 1424 853 1481 quae
908 1411 981 1465 sit
1029 1425 1181 1475 vera,
1220 1425 1454 1480 quaeque
1496 1409 1632 1465 falsa
1667 1412 1969 1481 prophetia.

394 1496 574 1554 Verus
600 1499 805 1570 quippe
860 1501 1125 1571 propheta
1177 1517 1302 1555 cum
1351 1502 1438 1556 sui
1492 1517 1739 1572 compos,
1772 1510 1885 1556 tum
1914 1519 1978 1558 ea

391 1604 515 1661 qua:
541 1590 758 1646 dicebat
808 1592 1143 1664 intelligens,
1203 1592 1386 1648 futura
1415 1593 1739 1659 nuntiabat;
1770 1610 1980 1664 proque

392 1697 460 1738 eo
481 1696 547 1738 ac
579 1680 823 1753 Spiritus
849 1693 1076 1740 sanctus
1102 1684 1417 1753 impulerat,
1441 1685 1718 1754 praecipuo
1740 1686 1976 1755 quodam

2075 494 2140 547 Τί
2162 492 2256 550 οὖν
2287 498 2566 570 συμφέρον
2602 492 2746 554 οὗτοι
2782 503 3097 574 εἰρήκασιν;
3131 502 3164 573 ἢ
3199 504 3356 555 ποῖον
3395 502 3637 571 ἀνάλογον

2074 586 2175 657 τῆς
2207 587 2470 655 πίστεωςς
2520 592 2646 656 Πῶς
2691 593 2748 646 δὲ
2788 594 2910 664 οὐχὶ
2952 593 3153 663 μᾶλλον
3188 588 3333 649 οὗτοί
3367 593 3493 657 εἰσι,
3521 593 3637 664 περὶ

2072 669 2147 730 ὧν
2180 674 2333 731 εἶπεν
2358 683 2387 734 ὀ
2408 680 2631 754 Κύριος,
2662 683 2743 736 ὅτι
2773 682 3107 752 Προσέχετε
3137 683 3253 738 ἀπὸ
3282 680 3407 735 τῶν
3436 679 3640 749 ⁴Ψευδο-

2077 773 2415 841 προφητῶν,
2451 775 2669 841 οἵτινες
2695 775 2974 846 ἔρχονται
2999 776 3152 845 πρὸς
3178 773 3337 846 ὑμᾶς
3371 774 3442 828 ἐν
3480 771 3639 827 ἐνδύ-

2070 877 2223 930 μασι
2246 862 2580 931 προϐάτων,
2628 867 2859 921 ἔσωθεν
2881 866 2949 921 δέ
2986 870 3107 921 εισι
3142 867 3321 920 λύκοι
3357 865 3643 933 ἅρπαγεςῖ

2080 955 2471 1028 Συγκρίνοντες
2502 959 2609 1031 γάρ
2631 959 2699 1012 τὰ
2721 961 2851 1033 παρ’
2878 959 3058 1013 αὐτῶν
3084 958 3375 1030 εἰρημένα,
3399 959 3494 1011 καὶ
3517 957 3642 1011 κατὰ

2077 1047 2175 1118 τὴν
2209 1049 2452 1104 Παλαιὰν
2482 1052 2757 1124 Διαθήκην
2789 1052 2883 1106 καὶ
2916 1051 3125 1122 Καινὴν
3155 1053 3213 1105 ἐν
3246 1049 3479 1121 ἀληθείᾳ
3504 1049 3640 1112 ὄντα,

2089 1139 2182 1192 καὶ
2214 1140 2273 1191 ἐν
2306 1139 2849 1212 ἀληθείᾳγενόμενα,
2890 1142 2986 1195 καὶ
3021 1140 3540 1214 προπεφητευμένα,
3571 1139 3646 1192 δο-

2079 1231 2408 1301 κιμάσωμεν
2436 1231 2565 1286 ποία
2594 1232 2898 1305 προφητεία
2927 1232 3206 1311 τυγχάνει,
3241 1231 3341 1286 καὶ
3376 1229 3503 1283 ποία
3527 1228 3635 1299 ψευι

2077 1320 2467 1392 δοπροφητεία.
2528 1323 2585 1376 ὐ
2633 1327 2919 1395 προφήτης
2964 1322 3104 1395 μετὰ
3141 1321 3534 1384 καταστάσεως
3569 1320 3646 1373 λο-

2078 1408 2313 1480 γισμῶν,
2343 1410 2436 1463 καὶ
2468 1412 2986 1485 παρακολουθήσεως
3008 1412 3208 1476 ἐλάλει,
3240 1413 3338 1467 καὶ
3369 1411 3645 1480 ἐφθέγγετο

2080 1500 2145 1552 ἐκ
2175 1500 2493 1572 Πνεύματος
2519 1502 2699 1570 ἁγίου.
2726 1502 2795 1556 τὰ
2817 1503 2995 1557 πάντα
3024 1502 3359 1575 ἐρρωμένως
3376 1500 3564 1568 λέγων’
3584 1497 3648 1559 ὡς

2080 1591 2344 1661 Μωυσῆς
2370 1596 2404 1646 d
2432 1594 2705 1663 θεράπων
2731 1595 2837 1648 τοῦ
2855 1593 3024 1660 Θεοῦ,
3044 1594 3145 1649 καὶ
3167 1593 3391 1658 πιστὸς
3415 1592 3483 1645 ἐν
3503 1591 3645 1655 οικῳ.

2092 1683 2147 1736 Ὁ
2170 1682 2426 1748 ,βλέπων
2461 1686 2678 1756 ἐλέγετο
2705 1689 2733 1741 ὁ
2762 1688 3049 1759 προφήτης
3086 1688 3144 1739 ἐν
3183 1688 3252 1757 τῇ
3298 1684 3513 1755 Παλαιᾷ
3542 1684 3653 1734 Δια-

392 1774 564 1830 animi
597 1778 799 1832 robore
829 1776 1121 1831 vaticinari
1164 1776 1396 1832 solebat.
1432 1776 1525 1832 Sic
1555 1793 1734 1832 servus
1762 1778 1851 1832 ille
1881 1777 1978 1832 Dei

2091 1774 2251 1855 θήκῃ,
2276 1769 2540 1844 Ὅρασις,
2566 1778 2750 1848 φησὶν,
2782 1776 2863 1845 ἣν
2875 1774 3037 1831 εἶδεν
3071 1776 3314 1842 Ἡσαΐας
3338 1774 3469 1840 υἱὸς
3494 1770 3652 1842 Ἆμὼς

392 1865 622 1939 Moyses,
655 1885 718 1922 ac
735 1867 1082 1940 ﬁdelisms
1114 1868 1169 1922 in
1201 1867 1417 1924 domo”.
1438 1868 1592 1924 Unde
1625 1880 1679 1923 et
1710 1870 1889 1924 videns
1920 1870 1975 1924 in

392 1956 591 2014 Vetere
613 1957 963 2014 Testamento
985 1959 1247 2031 propheta
1270 1960 1475 2015 dicitur
1490 1961 1532 2014 ³.
1574 1960 1739 2026 Visio,
1768 1962 1971 2033 inquit,

288 2072 303 2089 κ
392 2064 553 2121 quam
603 2050 733 2104 vidit
779 2049 959 2105 Isaias
981 2051 1126 2121 ﬁlius
1176 2055 1338 2106 Amos
1395 2052 1670 2122 propheta.
1707 2052 1827 2107 Vidi
1870 2054 1977 2108 Do-

393 2142 595 2195 minum
647 2143 912 2197 sedentem
961 2159 1120 2212 super
1161 2143 1409 2220 thronum
1439 2132 1977 2200 excelsumletelera-

396 2243 527 2289 tum.
591 2234 659 2288 Et
689 2235 795 2289 vidi
826 2235 1090 2305 seraphim
1119 2243 1169 2290 et
1193 2235 1494 2297 cherubim;
1526 2245 1575 2290 et
1601 2238 1781 2290 audivi
1805 2254 1978 2292 vocem

393 2324 610 2395 Domini
664 2325 920 2381 dicentem
953 2326 1022 2381 ad
1057 2343 1186 2381 me:
1224 2327 1386 2392 Vade,
1429 2328 1514 2381 dic
1569 2330 1763 2398 popula
1817 2330 1976 2385 huic:

388 2416 594 2472 Audita
623 2417 873 2485 audietis,
904 2430 954 2487 et
990 2435 1094 2473 non
1125 2419 1468 2490 intelligetis;
1496 2430 1546 2474 et
1572 2422 1799 2476 videntes
1837 2424 1980 2476 vide-

395 2509 541 2574 bitis,
562 2518 611 2564 et
636 2527 739 2565 non
760 2511 1024 2579 aspicietis
1041 2510 1084 2565 ⁸.
1108 2509 1241 2577 Quae
1264 2526 1389 2565 cum
1417 2513 1658 2567 audisset
1674 2528 1704 2566 a
1726 2514 1975 2580 Domino,

392 2610 510 2656 tum
538 2600 606 2656 ad
631 2603 893 2673 populum
932 2601 1202 2658 accedens
1246 2603 1320 2657 ita
1353 2605 1650 2659 narrabat:
1685 2603 1813 2658 Ha-c
1850 2605 1980 2660 dicit

394 2691 680 2749 Dominus.

475 2781 712 2839 Videsne
754 2783 1106 2856 intelligentis
1146 2783 1261 2840 haec
1310 2799 1434 2842 esse
1469 2801 1591 2856 quae
1640 2786 1807 2852 dicat,
1871 2802 1981 2842 non

396 2876 520 2948 ejus
544 2876 640 2953 qui
695 2886 851 2932 extra
889 2883 1216 2946 potestatem
1268 2878 1507 2940 exierit?
1548 2877 1681 2933 λειω
1711 2879 1981 2948 ejusmodi

398 2984 505 3023 vox
531 2967 736 3022 nullam
765 2965 938 3023 fuisse
958 2967 1158 3023 mentis
1189 2959 1655 3038 perturbationem
1686 2968 1979 3039 signiﬁcat.

396 3057 476 3114 Ita
506 3068 733 3115 sanctus
753 3058 1002 3114 Ezechiel
1037 3060 1300 3130 propheta
1333 3059 1550 3134 dicente
1564 3060 1793 3116 Domino
1827 3078 1841 3118 :
1871 3060 1984 3115 Fac

399 3151 498 3206 tibi
523 3167 710 3220 panem
734 3151 788 3205 in
813 3160 1041 3205 stercore
1062 3151 1314 3213 humano,
1339 3151 1656 3222 respondit:
1680 3155 1716 3205 Α
1729 3153 1854 3215 bsit,
1881 3151 1985 3206 Do-

398 3242 576 3297 mine!
633 3241 766 3297 nihil
804 3259 1035 3313 unquam
1072 3259 1347 3296 cammune
1374 3251 1422 3297 et
1453 3243 1787 3297 immundum
1820 3245 1991 3297 intra-

397 3334 473 3390 vit
510 3335 566 3387 in
623 3350 680 3388 os
726 3350 899 3388 meum
926 3335 969 3388 '.
1005 3333 1142 3389 Cum
1175 3336 1320 3390 enim
1373 3335 1655 3391 minitandi
1682 3337 1856 3405 gratia
1886 3336 1989 3392 sibi

399 3439 433 3480 a
453 3424 684 3481 Domino
717 3424 925 3479 dictum
958 3423 1092 3478 illud
1123 3425 1609 3493 animadverteret,
1646 3441 1753 3481 non
1785 3427 1933 3482 velut
1962 3444 1992 3482 e

401 3514 605 3570 mentis
620 3512 1060 3583 statu‘dejectus,
1091 3514 1277 3568 statim
1313 3517 1493 3569 facere
1525 3514 1671 3569 istud
1699 3529 1991 3587 aggressus

400 3612 524 3673 est;
559 3604 652 3661 sed
692 3604 971 3658 constanti
1005 3604 1174 3659 animi
1227 3606 1426 3660 robore
1464 3605 1749 3676 praeditus,
1791 3620 1853 3660 ac
1888 3607 1993 3661 sibi

402 3711 646 3770 praesens
704 3698 781 3751 ita
827 3696 1111 3767 respondit
1144 3713 1159 3756 :
1193 3696 1362 3761 Absit,
1390 3696 1658 3752 Domine!
1688 3696 1814 3752 Haec
1843 3700 1990 3752 enim

404 3787 797 3860 prophetarum
852 3801 1040 3843 revera
1095 3787 1312 3857 propria
1370 3794 1518 3851 sunt,
1547 3787 1640 3857 qui
1691 3786 1899 3841 ﬁrmam
1929 3802 1994 3841 ac

405 3880 656 3936 stabilem
695 3879 749 3933 in
784 3876 994 3949 Spiritu
1026 3885 1218 3934 sancto
1252 3887 1487 3934 mentem
1519 3879 1778 3943 retinent,
1820 3893 1884 3933 ac
1904 3878 1995 3934 do-

403 3970 564 4028 cendi
603 3969 1063 4040 discernendiqne
1094 3968 1431 4024 facultatem.
1477 3968 1612 4023 Nam
1650 3968 1840 4024 Daniel
1879 3969 1995 4039 ipse

403 4078 590 4119 nonne
619 4062 812 4132 plenus
844 4062 993 4116 omni
1029 4061 1298 4130 sapientia
1332 4060 1522 4124 iuisSe,
1548 4076 1781 4130 quaeque
1810 4060 1996 4115 animo

406 4163 738 4225 conceperat
774 4155 934 4224 plane
973 4154 1312 4208 intellexisse
1348 4153 1566 4207 videtur
1613 4152 1662 4206 °?
1689 4153 1783 4222 qui
1812 4162 1866 4206 et
1897 4151 1996 4205 Na-

405 4247 886 4307 buchodonosoris
941 4246 1229 4315 aenigmata
1272 4245 1546 4309 dissolvit,
1585 4252 1640 4298 et
1672 4260 1793 4314 quae
1824 4247 1873 4299 ei
1903 4260 1997 4314 per

411 4339 688 4397 somnium
722 4338 904 4392 oblata
939 4337 1178 4402 fuerant,
1210 4337 1306 4392 sed
1336 4338 1487 4390 illum
1518 4338 1696 4406 ipsum
1733 4338 1823 4406 qui
1854 4338 1998 4391 vide-

2084 1877 2117 1929 ὁ
2138 1870 2479 1943 προφήτης.
2514 1864 2718 1931 Εἶδον,
2755 1867 2908 1938 φησὶ,
2942 1865 3054 1919 τὸν
3079 1868 3306 1933 Κύριον
3335 1861 3655 1932 καθήμενον

2083 1966 2183 2021 ἐπὶ
2229 1964 2445 2034 θρόνου
2493 1960 2761 2031 ὑψηλοῦ,
2811 1959 2907 2013 καὶ
2960 1957 3324 2025 ἐπηρμένου.
3373 1955 3479 2009 Kal
3508 1950 3657 2008 εἶδον

2085 2057 2350 2126 aspersam
2371 2053 2471 2109 καὶ
2493 2052 2797 2122 χερουϐίμ·
2822 2049 2925 2103 καὶ
2953 2046 3193 2117 ἥκουσα
3220 2045 3433 2116 φωνῆς
3452 2044 3655 2113 Κυρίου

2085 2151 2388 2218 λεγούσης
2416 2147 2564 2216 πρός
2592 2161 2688 2216 με’
2729 2141 2958 2205 Βάδιζε,
2989 2137 3162 2194 εἷπον
3194 2139 3276 2206 τῷ
3303 2138 3433 2206 λαῷ
3464 2139 3651 2204 τούτῳ·

2099 2241 2270 2310 Ἀκοῇ
2299 2241 2621 2307 ἀκούσητε,
2653 2236 2752 2290 καὶ
2780 2235 2852 2289 οὐ
2874 2233 2959 2303 μὴ
2997 2231 3250 2302 μάθητε·
3283 2232 3385 2285 καὶ
3408 2229 3654 2295 ,βλέπον-

2089 2351 2188 2399 τες
2213 2331 2507 2400 βλέψιητε,
2539 2330 2637 2384 καὶ
2666 2318 2854 2397 οὐρὴ
2891 2325 3080 2395 ἴδητε.
3111 2326 3223 2379 Καὶ
3248 2323 3490 2387 ἀκούσας
3518 2319 3651 2392 παρά

2086 2431 2181 2485 τοῦ
2222 2431 2451 2502 Κυρίου,
2492 2425 2663 2481 ἐλθὼν
2713 2426 2849 2497 πρὸς
2890 2423 2981 2475 τὸν
3014 2420 3144 2474 λαὸν
3174 2420 3304 2492 ἔφη·
3350 2419 3490 2475 Τάδε
3511 2417 3654 2487 λέγει

2086 2525 2321 2593 Κύριος.

2160 2786 2272 2856 Οὐχ
2297 2785 2449 2856 ὁρᾷς,
2471 2784 2552 2837 ὅτι
2601 2777 3134 2853 παρακολουθοῦντος
3183 2779 3212 2830 ὁ
3236 2776 3415 2844 λόγος,
3448 2768 3535 2824 καὶ
3569 2764 3655 2819 οὐκ

2092 2876 2464 2949 ἐξισταμένου,
2500 2874 2623 2929 οὔτε
2667 2874 2744 2936 ὡς
2779 2873 3136 2942 ἐξισταμένης
3157 2869 3446 2937 διανοίαςὴ
3470 2858 3653 2936 φθογγὴ

2089 2972 2408 3037 ἀπεδίδοτο;
2452 2968 2728 3031 Ὡσαύτως
2774 2968 2831 3020 δὲ
2875 2966 2967 3020 καὶ
3013 2962 3275 3034 Ἰεζεκιὴλ
3314 2964 3342 3016 ὁ
3386 2960 3533 3028 ἅγιος
3572 2954 3655 3007 καὶ

2093 3064 2393 3135 προφήτης,
2422 3058 2637 3113 ἀκούων
2665 3058 2815 3130 παρά
2840 3055 3068 3128 Κυρίου,
3095 3055 3178 3108 ὅτι
3206 3054 3476 3120 Ποίησον
3502 3059 3655 3135 0’80”-
3718 3108 3721 3109 ,

2092 3134 2170 3218 τῷ
2196 3154 2378 3222 ἄρτον
2410 3150 2510 3204 ἐπὶ
2540 3150 2769 3215 κόπρου
2811 3147 3204 3215 ἀνθρωπείας,
3237 3144 3425 3213 ἔλεγε·
3479 3134 3654 3204 M1160-

2086 3242 2232 3313 μῶς,
2268 3244 2474 3311 Κύριε·
2505 3238 2793 3295 οὐδέποτε
2809 3236 3016 3291 κοινὸν
3047 3237 3154 3289 παὶ
3190 3235 3529 3304 ἀκάθαρτον
3545 3230 3653 3282 εισ-

2091 3330 2307 3404 ἧλθενθ
2323 3334 2410 3399 εἰς
2446 3331 2541 3385 ’τὸ
2579 3332 2773 3400 στόμα
2821 3347 2964 3399 μου.
3010 3325 3305 3383 Γινώσκων
3338 3323 3445 3394 γὰρ
3479 3322 3569 3389 τὴν
3598 3315 3653 3367 δι’

2092 3425 2320 3495 ἀπειλὴν
2348 3425 2424 3493 (1)
2460 3422 2760 3494 λεγομένην
2791 3420 2927 3491 πρὸς
2952 3418 3112 3472 αὑτὸν
3138 3419 3299 3491 ῥῆσιν
3329 3416 3431 3471 ὑπὸ
3451 3410 3653 3483 Κυρίου,

2094 3517 2186 3571 καὶ
2211 3518 2329 3587 οὐχ,
2367 3516 2441 3579 ὡς
2469 3515 2529 3569 ἐν
2557 3515 2812 3568 ἐκστάσει
2840 3514 3078 3576 διανοίας
3104 3513 3427 3583 φερόμενος,
3454 3499 3655 3560 ἐπεῦἀλ-

2092 3606 2214 3660 λετο
2261 3605 2419 3659 τοῦτο
2479 3604 2772 3676 πράττειν’
2823 3602 2936 3657 ἀλλ’
2975 3601 3126 3673 ἠξίου
3177 3599 3494 3674 ἐρρωμένην
3537 3593 3660 3663 ἔχων

2093 3698 2193 3771 τὴν
2227 3700 2484 3764 διάνοιαν,
2514 3697 2609 3752 καὶ
2636 3695 3173 3770 παρακολουθοῦσαν,
3213 3695 3310 3748 καὶ
3343 3692 3489 3760 ἔλεγε
3509 3705 3520 3716 ·
3548 3687 3655 3749 Mii’

2094 3791 2314 3862 δαμῶς,
2342 3792 2540 3860 Κύριε.
2564 3790 2749 3845 Ταῦτα
2767 3791 2874 3861 γὰρ
2899 3788 3114 3860 ἀληθῶς
3140 3786 3435 3860 προφητῶν
3460 3785 3514 3837 ὲν
3538 3776 3657 3846 ἀγίφ

2097 3883 2376 3953 Πνεύματι
2410 3882 2732 3954 ἐρρωμένην
2764 3881 2994 3952 ἐχόντων
3030 3881 3128 3950 τὴν
3157 3878 3419 3943 διάνοιαν,
3463 3873 3548 3927 καὶ
3572 3869 3655 3937 τὴν

2095 3972 2464 4035 διδασκαλίαν,
2488 3972 2583 4026 καὶ
2612 3972 2711 4043 τὴν
2734 3971 3011 4043 διαλογήν.
3054 3972 3111 4024 Ὀ
3140 3960 3197 4023 δέ
3243 3968 3438 4039 Δανιὴλ
3469 3964 3558 4033 οὐχ
3577 3959 3655 4013 ef:-

2099 4064 2347 4134 ρίσκεται
2383 4064 2563 4135 πάσης
2609 4065 2876 4126 συνέσεως
2904 4062 3175 4134 ἔμπλεως,
3203 4062 3299 4116 καὶ
3340 4063 3449 4122 τοῖς
3478 4053 3651 4127 φρονή·

2101 4170 2235 4226 μασι
2253 4152 2709 4226 παρακολουθῶν;
2735 4152 2794 4216 ὃς
2812 4153 2881 4206 τὰ
2910 4153 3208 4223 αἰνίγματα
3225 4152 3320 4205 τοῦ
3349 4140 3654 4215 Ναϐουχοδο-

2098 4248 2274 4318 νόσωρ
2306 4246 2554 4309 ἐπέλυσε,
2581 4246 2676 4298 καὶ
2697 4245 2734 4299 ὃ.
2759 4247 2964 4309 ἐκεῖνος
2985 4245 3051 4298 δι’
3069 4244 3365 4314 ὀνειράτων
3396 4238 3652 4292 ἐθεάσατο,

2099 4338 2195 4391 καὶ⁵
2228 4338 2440 4410 ἀπέστη
2480 4338 2575 4391 ἀπ’
2607 4335 2771 4389 αὑτοῦ
2803 4335 2897 4389 τοῦ
2931 4334 3256 4406 ἑωρακότος,
3286 4332 3455 4394 οὕτως
3474 4331 3649 4394 ὑπομι-

409 4435 498 4484 rat
516 4427 839 4499 eﬂ'ugerant,
869 4442 976 4481 non
1009 4426 1166 4480 aliter
1202 4427 1259 4481 in
1288 4428 1603 4483 memoriam
1639 4427 1853 4482 reduxit
1894 4448 1905 4482 :
1940 4438 1984 4484 el

2103 4430 2332 4501 μνήσκει
2352 4448 2365 4461 ·
2399 4429 2494 4482 καὶ
2517 4429 2616 4502 τὴν
2640 4428 2884 4482 ἐπίλυσιν
2913 4425 3071 4489 εὐθὺς
3098 4426 3366 4495 ἐπέφερεν
3388 4415 3651 4521 ὲρῤωξξένῃ
3676 4489 3684 4509 ἱ

409 4532 537 4583 cum
584 4516 774 4572 eadem
833 4516 1001 4570 animi
1041 4514 1319 4578 tirmitate,
1355 4529 1419 4568 ac
1462 4514 1674 4569 caelesti
1712 4513 1811 4579 illo
1844 4514 1984 4569 dono

2096 4521 2449 4586 καταστάσει,
2472 4522 2563 4575 καὶ
2589 4518 2859 4591 ὑπερϐολῇ
2890 4516 3250 4589 χαρίσματος,
3285 4508 3652 4587 περιττοτέρως
3676 4528 3683 4541 '

410 4613 689 4671 uberrime
717 4611 974 4683 perfusus
1005 4611 1140 4668 citra
1160 4611 1325 4665 ullam
1361 4624 1569 4665 moram
1600 4611 1984 4679 interpretatus

2096 4614 2195 4684 τὴν
2227 4613 2486 4685 φρόνησιν
2508 4611 2645 4683 ἔχων
2672 4610 2812 4682 ὑπὲρ
2856 4609 3034 4666 πάντα
3065 4607 3351 4679 ἄνθρωπον
3377 4604 3460 4658 διὰ
3493 4600 3548 4653 τὸ
3575 4593 3651 4665 χάν

411 4712 519 4771 est,
557 4718 682 4758 cum
714 4701 1006 4774 prudentia
1051 4701 1526 4773 intelligentiaque
1570 4701 1784 4757 caeteris
1814 4702 1991 4756 homi-

413 4780 579 4851 nibus
628 4795 1003 4861 antecelleret,
1062 4794 1135 4849 ob
1171 4808 1291 4849 eam
1356 4793 1566 4848 scilicet
1597 4808 1702 4864 qua
1736 4793 1994 4862 przeditus

414 4895 536 4943 erat
574 4886 814 4959 Spiritus
872 4886 1050 4943 sancti
1082 4885 1336 4957 gratiam.
1368 4899 1490 4956 quae
1539 4901 1647 4940 non
1679 4887 1841 4941 modo
1870 4902 1997 4956 pro-

414 4980 632 5051 phetam
663 4981 946 5046 informat,
982 4981 1076 5036 sed
1124 4989 1178 5036 et
1232 4995 1333 5035 nos
1361 4996 1572 5040 omnes,
1608 4981 1809 5050 quibus
1849 4981 1997 5037 illius

414 5072 752 5129 adminiculo
792 5072 935 5131 Deus
990 5074 1298 5128 doctrinam
1344 5073 1594 5128 veritatis
1634 5073 1893 5143 impertit.
1929 5075 1998 5127 At

414 5174 609 5222 contra
632 5183 753 5236 quae
784 5169 874 5223 isti
912 5168 1215 5223 vaticinare
1244 5183 1302 5223 se
1323 5166 1599 5237 jactitant.
1634 5181 1811 5235 neque
1843 5174 1993 5222 certa

415 5270 541 5310 cum
574 5255 744 5309 animi
775 5256 1029 5311 ﬁrmitate
1062 5256 1383 5326 praedicant,
1423 5272 1525 5311 nec
1550 5269 1672 5325 quae
1699 5255 1890 5310 dicunt
1916 5256 1994 5311 in-

2103 4722 2274 4776 ρισμα
2319 4703 2412 4758 τοῦ
2443 4704 2599 4773 ἁγίου
2633 4702 2974 4774 Πνεύματος,
3014 4701 3076 4755 τὸ
3119 4699 3339 4770 σοφίζον
3381 4697 3536 4754 ὅντως
3570 4686 3649 4740 τὸν

2102 4798 2409 4870 προφήτην,
2443 4798 2537 4851 καὶ
2571 4797 2699 4860 τοὺς
2726 4796 2814 4850 διὰ
2861 4794 2952 4849 τοῦ
2986 4797 3269 4866 προφήτου
3300 4791 3399 4863 τῆς
3427 4786 3651 4841 διδασκα-

2100 4888 2221 4952 λίας
2248 4890 2346 4962 τῆς
2366 4888 2624 4962 ἀληθείας
2653 4886 3134 4958 καταξιουμένους.
3170 4888 3239 4938 Ἀ
3269 4884 3326 4938 δὲ
3355 4875 3649 4936 οὗτοιὲπαγ’

2102 4981 2382 5049 γέλλονται
2407 4980 2793 5053 προφητεύειν,
2823 4980 2944 5034 οὐδὲ
2963 4976 3347 5040 εὐπαθοῦντες
3370 4966 3645 5053 φανοῦνται,

2102 5072 2225 5127 οὕτε
2252 5051 2687 5146 παρακολουθίαν
2716 5073 2874 5144 λόγου
2900 5072 3134 5143 ἔχοντες.
3164 5070 3306 5137 Λοξὰ
3326 5068 3430 5138 γὰρ
3458 5060 3520 5115 τὰ
3537 5051 3647 5121 παρ’

2102 5166 2282 5221 αὐτῶν
2316 5170 2555 5240 ῥήματα,
2582 5169 2675 5224 καὶ
2709 5167 2972 5238 σκαληνὰ,
3006 5167 3099 5221 καὶ
3117 5166 3370 5235 οὐδεμιᾶς
3394 5156 3649 5230 ὀρθότητοῖ

2101 5260 2354 5331 ἐχόμενα.

416 5351 718 5422 telligentia
749 5361 1181 5420 consequuntur.
1215 5350 1319 5406 Sed
1361 5352 1582 5421 obliqua
1620 5357 1751 5405 sunt
1818 5352 2035 5408 illorum
2090 5370 2156 5410 ac
2212 5358 2466 5428 perplexa
2509 5358 2693 5421 verba,
2761 5375 2862 5415 nec
2913 5356 3047 5413 recti
3104 5354 3328 5410 omnino
3380 5342 3642 5419 quidtlllam

417 5442 690 5497 eﬂutiunt.

499 5532 856 5605 fﬂattbtvu,
890 5532 972 5587 15.
1050 5537 1068 5566 ³
1100 5532 1260 5587 Νιιηι.
1294 5550 1390 5599 xu,
1428 5535 1477 5599 7;
1519 5533 1679 5589 Hebr.
1721 5550 1801 5600 Ill,
1831 5540 1886 5591 2.
1977 5537 1984 5567 ³

2091 5533 2202 5605 leg.
2234 5550 2308 5597 ix,
2340 5534 2392 5589 9.
2436 5535 2455 5566 ⁸
2486 5533 2587 5590 Isa.
2624 5550 2659 5596 ι,
2704 5534 2754 5601 l;
2794 5550 2867 5599 vt,
2911 5535 2933 5587 i
2981 5549 3102 5603 sqq.
3180 5533 3200 5561 ⁸
3225 5526 3413 5583 Ezech.
3477 5535 3538 5581 tv,
3568 5510 3637 5567 l5-

423 5602 444 5632 ⁸
479 5600 612 5655 Dan.
644 5603 795 5666 ",27
839 5620 961 5672 sqq.

498 5689 573 5760 (Ι)
613 5691 935 5744 Γινώσκων
980 5695 1087 5760 γὰρ
1121 5695 1230 5757 τὴν
1263 5692 1334 5745 δι’
1364 5693 1647 5755 ἀπειλήν.
1694 5691 1766 5746 De
1800 5694 1901 5747 hoc
1926 5695 2001 5748 di-

427 5759 630 5815 vinitus
673 5761 817 5814 edito
852 5759 1126 5831 prophetat:
1158 5761 1409 5815 litandum
1446 5763 1667 5811 ιιιιικιιῐιι
1696 5778 1815 5829 qua:
1849 5779 1877 5815 ει
1912 5779 1997 5820 sa-

680 6130 1175 6145 κβ

2107 5709 2325 5749 crornm
2384 5693 2672 5751 Librorum
2725 5692 3111 5763 interpretibus
3175 5689 3436 5746 uberrime
3475 5674 3637 5741 disW’

2105 5774 2306 5819 tantur.
