3918 6126
323 303 427 358 863
1042 302 1412 358 ADVERSUS
1446 300 1789 357 leEllESES
1829 301 1905 356 LII

2009 304 2056 359 il.
2102 303 2266 360 ΤΟΜ.
2310 304 2349 359 1.
2393 305 2663 360 ΙΙᾹΞΒΕΞ.
2698 304 2925 361 XLVIII.
3491 312 3598 372 866

321 438 384 477 τε
416 419 510 474 καὶ
537 420 961 491 πραττομένων.-
985 413 1201 492 Ἐπειδὴ
1231 422 1338 494 γὰρ
1364 421 1675 494 ἐθαύμασεν
1701 425 1905 497 προφή.

2016 423 2354 494 quotidianis
2388 439 2603 489 eorum,
2638 424 2730 494 qui
2762 423 3039 491 videntur,
3085 434 3179 476 aut
3210 431 3470 492 aguntur,
3503 440 3596 477 co-

324 529 444 583 της,
481 510 571 564 διὰ
609 509 933 582 θαυμασμὸν
979 511 1211 566 ἐνταῦθα
1259 512 1430 582 λέγει.
1469 514 1730 583 Γεγόνασι
1764 517 1821 569 δὲ
1852 517 1905 568 ἐν

2015 515 2374 583 gitationihus
2396 514 2606 585 majora
2637 523 2970 572 versantem.
2993 514 3130 570 Cum
3161 513 3302 570 enim
3324 512 3595 584 Propheta

324 600 662 657 ἐκστάσειοί
712 602 1009 673 προφῆται,
1055 603 1155 657 οὐκ
1203 604 1261 657 ἐν
1307 605 1563 672 ἐκστάσει
1609 605 1905 677 λογισμῶν.

322 696 519 765 Γέγονε
550 694 661 767 γὰρ
693 696 786 748 καὶ
819 696 1028 766 Πέτρος
1055 696 1114 749 ἐν
1145 697 1421 762 ἐκστάσει,
1451 698 1572 769 οὐχ).
1616 698 1692 770 μὴ
1724 714 1906 771 παρα-

321 785 592 842 κολουθῶν
621 785 697 855 τῷ
725 785 889 856 λόγῳ,
920 785 1032 839 ἀλλ’
1074 786 1217 858 ὀρῶν
1265 788 1641 861 καθημερινῆς
1679 790 1908 843 ἀκολου-

320 879 441 942 θίας
469 878 632 949 ἐτερα
663 877 815 949 παρὰ
842 880 954 940 τοῖς
980 876 1289 949 ἀνθρώποις
1319 878 1593 950 δρώμενα.
1622 877 1766 949 -Εἷδε
1797 885 1907 953 γὰρ

320 969 540 1036 ὀθόνην
562 966 941 1035 καθιεμένην,
966 966 1064 1020 καὶ
1097 967 1295 1020 πάντα
1326 969 1398 1022 τὰ
1420 968 1772 1036 τετράποδα,
1806 972 1907 1025 καὶ

317 1058 556 1128 ἑρπετὰ,
602 1058 698 1111 καὶ
752 1057 859 1111 τοῦ
910 1058 1172 1125 οὐρανοῦ
1211 1058 1283 1113 τὰ
1326 1061 1568 1115 πετεινὰ
1612 1061 1683 1115 ἐν
1727 1061 1902 1133 αὐτῇ.

324 1153 465 1222 Ὂρα
492 1151 570 1216 δὲ,
585 1152 665 1204 ὅτι
687 1149 1105 1233 παρακολουθεῖ,
1128 1152 1221 1204 καὶ
1233 1152 1333 1205 οὐκ
1346 1148 1413 1223 ἧν
1427 1153 1484 1208 ἐν
1498 1152 1752 1208 ἐκστάσει
1769 1172 1902 1226 φρε-

321 1244 427 1297 νῶν
441 1245 470 1296 ὁ
482 1243 634 1311 ἅγιος
649 1242 871 1313 Πέτρος-
890 1243 979 1295 ὅτε
994 1244 1363 1315 γὰρῆκουσεν,
1391 1246 1670 1308 Ἀνάστα,
1688 1249 1900 1317 θῦσον,

319 1334 418 1388 καὶ
452 1333 625 1404 φάγε,
662 1336 761 1404 οὐχ
783 1334 859 1397 ὠς
891 1334 964 1405 μὴ
993 1334 1085 1389 τὸν
1118 1335 1243 1390 νοῦν
1295 1338 1605 1409 ἐρρωμένος
1632 1341 1857 1412 ἐπείσθη
1884 1360 1897 1372 ·

315 1425 453 1479 ἀλλὰ
486 1425 620 1496 φησὶ
652 1426 785 1494 πρὸς
814 1425 903 1478 τὸν
932 1426 1134 1496 Κύριον
1154 1441 1169 1458 ⁸
1209 1428 1525 1499 Μηδαμῶς,
1561 1432 1737 1501 Κύριε
1756 1449 1770 1464 ο
1796 1435 1899 1487 οὐ..

315 1515 529 1583 δέποτε
557 1516 765 1571 κοινὸν
786 1517 823 1584 ἢ
845 1515 1185 1587 ἀκάθαρτον
1205 1520 1491 1589 εἰσῆλθεν
1503 1525 1591 1590 εὶς
1611 1524 1675 1577 τὸ
1707 1526 1902 1593 στόμα

308 1624 452 1675 μου.
488 1606 599 1659 Καὶ
648 1605 813 1658 Δαϐἰδ
841 1606 869 1658 ὁ
912 1606 1064 1674 ἆγιος
1102 1603 1273 1673 εἶπεν,
1301 1610 1383 1662 ὅτι
1418 1609 1546 1677 Πᾶς
1587 1611 1900 1681 ἄνθρωπος

314 1703 609 1770 ψεύστης.
663 1700 721 1752 '0
754 1698 810 1752 δὲ
835 1699 1030 1769 λέγων,
1061 1701 1255 1755 Εἶπον
1286 1701 1421 1771 ἐγὼ,
1458 1702 1563 1773 ἰδίᾳ
1594 1703 1769 1773 ἔλεγε,
1806 1705 1901 1758 καὶ
1940 1710 1945 1713 “

2010 608 2284 662 miracqu
2316 615 2462 662 esset
2495 606 2780 669 attonitus,
2809 622 2921 677 pra:
2977 605 3340 661 admiratione
3401 605 3476 658 ita
3523 607 3596 660 Io-

2009 707 2171 754 cutus
2220 707 2330 754 est.
2373 696 2528 764 Quod
2556 711 2687 753 vero
2727 696 3015 766 Pr0phetie
3054 703 3208 750 extra
3242 710 3301 750 se
3347 695 3487 764 rapti
3521 695 3589 748 le-

1994 785 2231 863 ‘guntur,
2285 806 2394 844 non
2426 791 2509 844 sic
2567 788 2944 858 accipiendum
2996 796 3100 849 est,
3146 785 3303 856 quasi
3359 786 3593 839 rationis

2011 898 2171 938 usum
2212 880 2524 936 amiserint.
2581 878 2717 934 Nam
2747 888 2801 933 et
2850 878 3046 933 Petrus
3100 886 3253 932 extr‘a
3299 893 3357 932 se
3399 880 3613 947 raptus‘

2009 974 2305 1045 aliquando
2339 975 2566 1036 dicitur,
2602 988 2711 1026 non
2731 972 2876 1042 quod
2905 970 3149 1025 habitum
3172 970 3316 1023 ultro
3344 970 3593 1039 citroque

2006 1080 2314 1122 sermonem
2347 1064 2641 1134 ignorarit;
2685 1063 2777 1118 sed
2806 1061 2951 1131 quod
2988 1069 3182 1130 praeter
3210 1059 3591 1129 quotidianum

2006 1172 2167 1213 nsum
2204 1156 2467 1210 nonnulla
2500 1154 2615 1209 ﬁeri
2643 1154 2786 1208 inter
2820 1153 3071 1207 homines
3110 1151 3592 1206 animadverteret.

2015 1249 2157 1304 Vidit
2182 1249 2319 1303 enim
2352 1248 2568 1301 linteum
2593 1245 2903 1308 demissum,
2933 1256 2980 1298 et
3004 1245 3179 1297 omnia
3206 1241 3592 1312 quadrupedia,

2005 1356 2067 1393 ac
2093 1335 2325 1410 reptilia,
2353 1348 2403 1393 et
2456 1338 2572 1392 σανίὶ
2612 1337 2845 1392 volucres
2894 1336 2950 1390 in
2977 1354 3036 1390 eo
3064 1336 3321 1389 contineri
3348 1336 3387 1387 ι.
3420 1334 3594 1400 Qua-ui

2004 1448 2169 1502 porro
2201 1448 2322 1502 qua:
2349 1430 2667 1486 dicerentur
2702 1429 2885 1484 animo
2901 1420 3227 1499 perceperit,
3261 1442 3361 1481 nec
3388 1441 3419 1479 a
3450 1432 3594 1480 statu

2002 1525 2238 1580 rationis
2270 1525 2485 1579 alienus
2548 1522 2732 1589 fuerit,
2807 1537 2875 1576 ex
2933 1536 2999 1575 eo
3027 1527 3183 1591 potes
3243 1517 3593 1583 discernere;

2004 1617 2147 1686 quod
2182 1631 2305 1671 eum
2333 1616 2576 1670 audisset
2609 1632 2624 1667 :
2659 1613 2848 1683 Surge,
2869 1612 3046 1666 occide
3089 1619 3138 1664 et
3166 1609 3451 1673 manduca,
3482 1624 3594 1663 non

2000 1698 2150 1764 illico
2191 1708 2337 1765 velut
2369 1708 2568 1763 mentis
2605 1707 2831 1761 minime
2854 1720 3080 1774 compos
3111 1703 3463 1773 obsequitur;
3495 1701 3593 1756 sed

316 1795 445 1865 περὶ
467 1791 577 1846 τῶν
602 1791 923 1864 ἀνθρώπων,
952 1793 1055 1856 ὅτι,
1086 1792 1262 1862 ἔλεγε,
1283 1793 1598 1849 Ψεύδονται.
1636 1798 1779 1866 Ἀρα
1805 1797 1900 1850 αύ-

2009 1803 2080 1857 ita
2106 1801 2339 1856 Domino
2369 1798 2703 1870 respondet:
2729 1798 2904 1862 Absit,
2934 1794 3177 1850 Domine!
3208 1792 3338 1846 nihil
3360 1808 3594 1861 unquam

314 1885 404 1949 τὸς
432 1885 532 1939 οὐκ
559 1883 831 1953 ἐψεύδετο.
882 1884 1352 1957 Ἐκπληττόμενος
1374 1886 1450 1951 δέ,
1483 1888 1578 1941 καί⁵
1600 1886 1896 1959 θαυμάξων

311 1977 412 2050 τὴν
460 1975 627 2032 αὐτοῦ
679 1976 1107 2049 φιλανθρωπίαν,
1155 1980 1252 2032 καὶ
1293 1979 1362 2033 τὰ
1413 1980 1562 2052 αὑτῷ
1601 1981 1753 2053 παρὰ
1801 1980 1896 2035 τοῦ

313 2067 519 2138 Κυρίου
546 2067 956 2139 κεκηρυγμένα,
980 2066 1256 2139 ἐθαύμαζε
1284 2068 1406 2123 καθ’
1430 2069 1737 2142 ὑπερϐολήν
1760 2088 1773 2101 ’
1804 2071 1898 2125 καὶ

314 2159 454 2230 ὁρῶν
511 2159 690 2212 πάντα
735 2158 1022 2232 ἄνθρωπον
1082 2158 1396 2230 ἐνδεόμενον
1438 2161 1533 2215 τοῦ
1572 2162 1755 2227 ἐλέους
1802 2162 1897 2216 τοῦ

313 2251 470 2315 Θεοῦ,
510 2252 658 2322 μόνῳ
687 2252 875 2322 Κυρίῳ
905 2250 966 2304 τό
998 2251 1283 2322 ἀληθεύειν
1324 2253 1567 2308 ἐπέδωκε
1591 2272 1604 2285 ·
1639 2255 1818 2309 πάντα
1842 2255 1899 2308 δὲ

313 2343 599 2415 ἄνθρωπον
624 2343 730 2397 ὑπὸ
752 2344 1025 2412 ἐπιτίμιον
1056 2343 1199 2413 ἐγνω
1218 2361 1231 2374 °
1266 2344 1354 2399 ἵνα
1387 2345 1536 2419 δείξῃ
1560 2346 1620 2400 τὸ
1647 2347 1899 2417 ἀληθινὸν

312 2440 538 2512 Πνεῦμα
571 2440 633 2493 τὸ
662 2443 719 2494 ἐν
768 2440 1074 2511 προφήταις
1107 2439 1366 2510 λαλῆσαν,
1398 2439 1493 2492 καὶ
1524 2440 1591 2493 τὰ
1632 2437 1770 2509 βάθη
1798 2438 1894 2491 aii-

312 2536 425 2597 τοῖς
457 2532 815 2602 ἀποκαλύψαν
865 2532 965 2603 τῆς
993 2531 1087 2585 τοῦ
1131 2531 1265 2585 Θεοῦ
1302 2531 1559 2600 γνώσεως
1602 2531 1698 2583 καὶ
1741 2531 1900 2601 ἀκρι⁴

314 2623 487 2687 ϐείας.
532 2624 780 2692 Ἐγένετο
805 2623 982 2679 δὲικαὶ
1006 2604 1279 2693 ”Αϐραὰμ
1311 2623 1369 2674 ἐν
1407 2621 1683 2682 ἐκστάσει,
1715 2622 1815 2673 οὐκ
1843 2623 1900 2674 ἐν

313 2713 568 2768 ἐκστάσει
592 2712 826 2784 φρενῶν,
859 2711 997 2766 ἀλλὰ
1023 2710 1278 2765 ἐκστάσει
1308 2710 1495 2780 φόϐου.
1537 2709 1772 2763 Ἔϐλεπε
1791 2708 1901 2781 γὰρ

313 2804 569 2859 κλίϐανον
620 2805 713 2858 καὶ
748 2804 1036 2876 λαμπάδας
1070 2803 1198 2875 περὶ
1248 2803 1347 2874 τὴν
1391 2800 1488 2855 τοῦ
1533 2801 1687 2872 ἡλίου
1726 2800 1898 2856 δύσιν.

314 2898 424 2952 Καὶ
455 2897 605 2952 ἄλλοι
648 2896 925 2969 προφῆται
951 2895 1186 2968 ὁρῶντες
1221 2895 1290 2949 τὰ
1322 2895 1574 2966 ὁράματα
1611 2896 1668 2949 ἐν
1693 2894 1902 2968 διανοίᾳ

298 2990 604 3073 ἴέρῤωμένῃ
636 2987 840 3056 ἔλεγον.
890 2987 978 3052 Ὠς
1010 2989 1038 3041 ὁ
1061 2987 1302 3058 Μωῦσῆς
1334 2984 1514 3057 φησιν
1537 2987 1634 3056 (2)·
1674 2988 1898 3057 Ἔμερο-

315 3081 424 3148 ϐός
453 3084 568 3150 ειμι
601 3080 701 3134 καὶ
732 3080 1039 3149 ἔντρομος.
1081 3079 1265 3147 Ἔγνω
1296 3076 1352 3131 δὲ
1391 3077 1660 3150 Ἀϐραὰμ,
1686 3080 1754 3133 τὰ
1794 3078 1901 3132 ὑπὸ

314 3172 411 3226 τοῦ
440 3172 646 3244 Κυρίου
692 3171 959 3242 λεγόμενα
978 3188 992 3202 ο
1021 3169 1348 3224 Γινώσκων
1380 3167 1605 3240 γνώσῃ.
1632 3169 1720 3223 ὅτι
1751 3171 1901 3241 πάρ-

2000 1906 2274 1946 commune
2331 1889 2411 1943 vel
2465 1888 2796 1942 immundum
2847 1885 3069 1939 intravit
3116 1884 3174 1937 in
3224 1900 3281 1937 os
3320 1898 3493 1936 meum
3546 1889 3591 1935 ³.

2001 1980 2159 2049 Quod
2194 1989 2377 2037 autem
2410 1981 2477 2035 ad
2512 1978 2770 2035 Davidem
2796 1977 3014 2042 attinet,
3048 1975 3144 2046 qui
3177 1974 3315 2029 dixit
3345 1992 3358 2028 :
3406 1971 3595 2028 Omnis

2000 2075 2158 2128 homo
2174 2065 2451 2137 ’mendax;
2475 2087 2603 2127 eum
2644 2070 2846 2140 adjecit
2877 2084 2888 2119 :
2919 2067 3033 2141 Ego
3077 2066 3211 2132 disci,
3250 2065 3505 2137 privatim
3539 2072 3594 2119 et

2000 2182 2066 2222 ex
2115 2181 2215 2222 sua
2270 2178 2509 2236 persona
2564 2163 2784 2219 locutus
2815 2168 2917 2228 est,
2969 2167 3028 2214 ut
3075 2159 3292 2214 mentiri
3342 2156 3593 2241 homines

2000 2260 2316 2324 afﬁrmaret,
2352 2257 2623 2313 mendacii
2658 2258 2775 2328 ipse
2832 2264 2977 2313 esset
3028 2270 3244 2325 expers.
3290 2252 3397 2308 Sed
3433 2251 3596 2306 nimio

1999 2340 2122 2406 rum
2156 2350 2252 2406 Dei
2298 2351 2690 2421 benignitatem
2738 2348 3092 2404 vehementer
3125 2347 3424 2401 admiratus
3448 2351 3592 2412 est;

2001 2455 2115 2499 tum
2140 2445 2287 2515 quod
2319 2444 2562 2499 numinis
2585 2442 2767 2497 alllatu
2789 2441 3190 2511 quamplurima
3205 2439 3334 2494 olim
3363 2446 3595 2493 ventura

2001 2535 2375 2606 praedixisset;
2407 2548 2646 2604 cumque
2680 2533 2958 2588 universis
2988 2530 3307 2586 hominibus
3337 2543 3598 2584 necessa-

2000 2626 2138 2679 riam
2172 2639 2298 2680 esse
2329 2623 2423 2679 Dei
2453 2607 2891 2679 misericordiam
2928 2631 3195 2686 cerneret,
3228 2620 3332 2676 soli
3363 2618 3596 2674 Domino
3672 2610 3677 2613 “

2000 2721 2287 2771 veritatem
2346 2715 2621 2778 attribuit,
2654 2730 2717 2769 ac
2763 2714 3023 2769 mortales
3074 2728 3265 2768 omnes
3309 2710 3598 2782 reprehen-

2003 2806 2148 2862 sioni
2197 2806 2465 2861 obnoxios
2525 2820 2649 2860 esse
2707 2805 3122 2874 pronuntiavit;
3183 2809 3241 2856 ut
3290 2816 3479 2857 verum
3536 2800 3596 2856 in

2002 2899 2291 2969 prophetis
2333 2898 2579 2952 locutum
2611 2912 2736 2952 esse
2767 2896 3031 2966 Spiritum
3080 2895 3417 2958 ostenderet,
3439 2908 3595 2947 eum-

2003 3006 2109 3060 que
2143 2989 2212 3044 iis
2242 2988 2509 3046 altissima
2540 2988 2741 3043 divinae
2786 2986 2953 3059 E09
2987 2985 3320 3056 cognitionis
3363 2998 3596 3038 accura-

2005 3090 2182 3151 tteque
2206 3080 2453 3137 scientiae
2500 3095 2702 3134 arcana
2750 3076 3211 3135 communicasse.
3242 3077 3594 3131 Ahrahamus

2007 3172 2194 3227 itidem
2249 3180 2406 3227 extra
2455 3187 2514 3226 se
2549 3170 2723 3226 fuisse
2791 3177 2985 3240 raptus
3042 3169 3330 3235 scribitur,
3386 3185 3496 3222 non
3527 3176 3587 3222 ut

317 3284 488 3324 οικον
526 3266 700 3319 ἔσται
729 3265 795 3318 τὸ
821 3262 1062 3332 σπέρμα
1114 3277 1231 3316 σου
1260 3262 1331 3315 ἐν
1369 3260 1446 3331 γῇ
1477 3262 1766 3330 ἀλλοτρίᾳ
1797 3263 1901 3332 ἐτη

2009 3264 2172 3319 animi
2243 3265 2517 3335 impotens
2552 3274 2718 3325 esset,
2766 3262 2859 3317 sed
2911 3262 3181 3317 duntaxat
3233 3260 3427 3314 timore
3470 3275 3592 3329 per-

315 3361 691 3429 τετρακόσια.
724 3357 836 3410 Καὶ
860 3357 1013 3427 δρᾷς,
1042 3354 1117 3417 ὡς
1147 3352 1261 3406 ἐστι
1288 3353 1357 3407 τὰ
1385 3352 1560 3406 πάντα
1587 3355 1644 3406 ἐν
1675 3354 1904 3426 ἀληθείᾳ

2009 3358 2209 3412 eulsus.
2246 3350 2392 3410 Vidit
2415 3355 2560 3410 enim
2587 3355 2690 3409 sub
2716 3355 2847 3408 solis
2866 3346 3123 3408 occasum
3154 3351 3426 3405 clibanuni
3459 3365 3585 3403 cum

321 3456 470 3517 ἰδεῖν,
504 3452 654 3522 παρὰ
683 3453 793 3512 τοῖς
837 3448 1149 3518 προφήταις
1186 3444 1472 3518 εἰρημένα,
1503 3446 1599 3498 καὶ
1630 3446 1686 3498 ἐν
1730 3446 1905 3518 ἐρρω-

2009 3447 2373 3519 Iampadibus.
2444 3444 2758 3515 Eodemque
2821 3445 2983 3500 modo
3041 3442 3322 3514 propheta:
3382 3442 3589 3502 caeteri,

324 3547 461 3620 μένῃ
492 3544 718 3616 διανοίᾳ,
749 3543 842 3597 καὶ
875 3542 934 3594 ἐν
982 3539 1221 3610 σώφρονι
1267 3537 1534 3608 λογισμῷ,
1589 3539 1684 3591 καὶ
1709 3539 1809 3592 οὐκ
1849 3541 1904 3593 ἐν

2009 3556 2130 3593 cum
2167 3540 2383 3609 objecta
2422 3538 2526 3593 sibi
2581 3538 2698 3593 visa
2736 3546 3047 3599 cernerent,
3085 3536 3140 3589 in
3173 3533 3362 3590 eodem
3396 3532 3597 3587 mentis

319 3635 699 3711 παραπληξία.

2009 3632 2191 3702 rigore
2248 3632 2630 3700 perstiterunt.
2695 3629 2785 3685 Sic
2839 3630 2983 3683 enim
3051 3626 3271 3699 Moyses
3328 3626 3591 3679 dicebat:

319 3730 529 3785 Timore
578 3726 853 3798 perculsus
918 3740 1036 3779 sum
1080 3740 1143 3778 ac
1186 3723 1433 3777 cohorrui
1466 3722 1506 3777 ³.
1539 3720 1886 3776 Abrahamus
1930 3738 2058 3777 vero
2095 3738 2215 3793 qua:
2244 3739 2275 3776 a
2304 3722 2535 3777 Domino
2568 3729 2695 3776 sunt
2731 3720 2875 3774 dicta
2938 3721 3220 3789 percepit:
3272 3717 3416 3772 Scito
3463 3730 3599 3783 prie-

317 3838 559 3883 noscens,
611 3816 747 3889 quod
799 3816 1133 3887 peregrinum
1166 3814 1405 3884 futurum
1452 3815 1520 3867 sit
1578 3829 1749 3867 semen
1804 3822 1950 3866 tuum
2009 3815 2063 3867 in
2122 3825 2264 3868 terra
2319 3814 2497 3866 aliena
2553 3813 2710 3865 anuis
2761 3810 3157 3883 quadringentis
3214 3808 3254 3862 ‘.
3301 3806 3418 3860 Jain
3459 3805 3593 3858 illul

318 3913 759 3968 animadvertere
826 3917 881 3964 te
932 3916 1083 3979 puto,
1117 3923 1238 3978 qua:
1285 3923 1315 3960 a
1351 3906 1632 3979 prephetis
1661 3908 2097 3976 pronuntiantur
2136 3899 2360 3970 'omnia,
2420 3912 2662 3963 etcum
2726 3902 2917 3958 eadem
2965 3901 3130 3954 animi
3186 3898 3476 3970 praesentia
3541 3907 3595 3949 et

320 4024 444 4062 cum
486 4013 645 4062 certa
661 4020 726 4058 ac
755 4004 1010 4073 prudenti
1047 4003 1258 4057 ratione
1288 4000 1545 4072 proferri.

394 4101 474 4154 11'.
504 4100 566 4152 Εἰ
610 4097 667 4151 δὲ
707 4098 801 4150 καὶ
846 4095 1008 4149 πάλιν
1040 4094 1327 4164 θελήσουσι
1367 4092 1565 4162 λέγειν·
1609 4093 1721 4164 Οὐχ
1753 4095 1916 4165 ὃμοια

2088 4082 2218 4137 VIII.
2263 4082 2418 4150 Quod
2448 4083 2492 4138 si
2527 4081 2656 4136 illud
2684 4043 2975 4150 'objiciant,
3005 4080 3402 4150 posterioribus
3427 4082 3591 4138 donis

320 4196 390 4248 τὰ
435 4192 629 4265 πρῶτα
676 4188 992 4261 χαρίσματα
1036 4188 1148 4250 τοῖς
1197 4185 1485 4256 ἐσχάτοις·
1550 4185 1713 4239 πόθεν
1761 4184 1905 4255 τοῦτι

2015 4178 2200 4249 priora
2232 4192 2339 4231 non
2379 4175 2548 4231 fuisse
2584 4176 2818 4240 similia;
2853 4175 3182 4244 quibusnam
3221 4174 3273 4228 id
3310 4188 3597 4245 argumen-

322 4286 507 4356 ἔχουσι
535 4282 737 4349 δεῖξαι;
792 4280 1024 4351 Ὁμοίως
1067 4276 1176 4349 γὰρ
1221 4276 1471 4348 ἀλλήλοις
1514 4278 1562 4330 οἱ
1596 4276 1740 4345 ἅγιοι
1781 4295 1916 4348 προ⁴

2013 4273 2087 4326 tis
2112 4268 2388 4325 ellicient?
2414 4268 2576 4324 Certe
2613 4267 2761 4322 enim
2808 4266 3087 4337 prophetae
3126 4281 3338 4329 omnes,
3374 4274 3427 4321 et
3474 4283 3601 4338 apo-

324 4378 511 4447 φῆται,
547 4374 644 4428 καὶ
674 4373 724 4426 οἰ
758 4372 903 4440 ἅγιοι
947 4367 1230 4422 ἀπόστολοι
1270 4370 1704 4439 προεφήτευσαν.
1754 4368 1905 4440 Πρῶ-

2020 4363 2144 4418 stoli
2174 4377 2283 4417 non
2328 4362 2585 4417 dissimili
2625 4375 2654 4414 a
2683 4376 2743 4415 se
2782 4360 3016 4414 invicem
3061 4359 3277 4414 ratione
3315 4359 3599 4415 vaticinati

322 4486 414 4522 τον
453 4467 552 4539 μὲν
586 4462 679 4518 οὖν
715 4460 1081 4535 ὰνερχομένου
1111 4458 1491 4530 τοῦίΣωτῆρος
1524 4461 1601 4522 εἰς
1632 4458 1724 4512 τὸν
1757 4460 1918 4530 οὐρα-

326 4562 436 4626 νὺν,
466 4561 562 4615 καὶ
595 4558 794 4620 ἰδόντες
831 4556 956 4618 τοὺς
995 4555 1088 4608 δύο
1120 4555 1247 4613 τοὺς
1283 4553 1340 4606 ἐν
1383 4552 1638 4623 ἐσθήσεσι
1677 4553 1916 4621 λευκαῖς,

326 4653 426 4707 ούκ
470 4653 528 4703 ἐν
573 4645 929 4722 παραπληξίᾳ
969 4646 1200 4718 ὁρῶσιν·
1238 4644 1373 4698 ἀλλὰ
1407 4645 1602 4716 ἤκουον
1629 4646 1917 4719 ἐρρωμένη

324 4749 392 4819 τῇ
423 4745 650 4816 διανοίᾳ,
675 4745 757 4797 ὃτι
799 4741 1039 4810 Ἄνδρες
1070 4744 1120 4795 Γ
1123 4739 1404 4799 celaui”,
1432 4739 1489 4792 τί
1513 4738 1808 4803 ἑστήκατε
1829 4741 1916 4805 εἰς

228 4860 238 4869 α
323 4840 436 4893 τὸν
470 4835 733 4906 οίγκινὸν
774 4834 1181 4899 ἀεενίζοντεπ
1226 4828 1414 4896 Οὗτος
1459 4834 1490 4885 ὀ
1536 4831 1766 4898 Ἰησοῦς
1814 4831 1915 4897 ἀρ’

326 4930 495 5001 ὑμῶν
523 4934 609 4996 εἰς
652 4929 757 4984 τὸν
799 4927 1061 4995 οὐρανὸν
1093 4923 1481 4994 ἀναληφθεὶς,
1522 4923 1710 4988 οὕτως
1744 4923 1916 4976 ἐλεύ-

327 5041 519 5088 σεται,
549 5025 644 5078 κα¹ι
671 5022 740 5077 τὰ
778 5020 926 5091 ἐξῆς.
961 5015 1094 5073 Εἶτα
1118 5019 1175 5072 δὲ
1206 5019 1300 5071 καὶ
1329 5019 1358 5070 ὁ
1392 5018 1619 5089 Πέτρος,
1646 5015 1720 5079 ὡς
1759 5015 1917 5085 ἔφην,

329 5116 471 5187 ὁρῶν
505 5116 599 5169 καὶ⁹
633 5113 880 5173 ἀκούων,
930 5111 1023 5164 καὶ
1068 5108 1517 5179 ἀποκρινόμενος,
1563 5107 1656 5159 καὶ
1701 5105 1909 5172 λέγων,

335 5205 647 5277 Μηδαμῶς,
679 5206 875 5274 Κύριε,
914 5200 1191 5256 εὐσταθῶν
1226 5195 1292 5271 ἦν
1320 5202 1388 5270 τῇ
1420 5197 1644 5268 διανοίᾳ.
1680 5195 1917 5264 ’Ἄγαϐος

331 5306 438 5375 γάρ
479 5300 836 5374 προφητεύων
864 5298 1037 5365 ἔλεγε,
1083 5296 1175 5349 καὶ
1216 5292 1358 5346 κατὰ
1406 5295 1681 5371 σχήματος
1712 5290 1919 5360 θαυμα-

2021 4463 2169 4510 sunt.
2200 4455 2254 4508 In
2286 4454 2480 4524 primis
2510 4469 2636 4508 cum
2673 4453 3011 4507 ascendente
3037 4451 3090 4504 in
3128 4451 3327 4505 coelum
3368 4450 3601 4506 Domino

2018 4549 2158 4603 duos
2189 4547 2314 4602 illos
2351 4548 2406 4601 in
2449 4546 2694 4601 vestibus
2727 4546 2865 4599 albis
2899 4545 3231 4613 aspicerent,
3273 4558 3381 4595 non
3418 4558 3603 4597 amen-

2017 4650 2101 4697 tes
2133 4639 2440 4707 l'uriosique
2468 4638 2759 4699 viderunt;
2798 4634 2893 4689 sed
2927 4634 3142 4702 integro
3180 4632 3348 4685 animi
3386 4632 3600 4701 judicio

2016 4735 2212 4805 suique
2241 4738 2525 4800 compotes
2557 4728 2849 4781 audierunt
2879 4745 2893 4780 ι
2928 4724 3042 4779 Viri
3064 4723 3300 4788 Galilwi,
3318 4724 3445 4794 quid
3478 4735 3595 4779 sta—
3664 4764 3667 4767 η

2019 4829 2085 4881 tis
2117 4812 2426 4895 aspicientes
2462 4823 2518 4875 in
2545 4820 2778 4874 caelum?
2818 4817 2921 4871 Hic
2961 4823 3142 4879 Iesus,
3180 4818 3268 4884 qui
3294 4828 3600 4885 assumptus

2013 4927 2090 4973 est
2118 4936 2148 4971 a
2172 4916 2312 4970 vobis
2336 4915 2388 4968 in
2414 4914 2618 4976 caelum,
2655 4912 2731 4966 sic
2757 4911 2918 4965 veniet
2948 4911 2990 4973 ⁸,
3014 4915 3118 4964 etc.
3149 4908 3291 4974 Quin
3324 4917 3377 4963 et
3409 4907 3602 4963 Petrus

2016 5013 2233 5075 videns,
2272 5010 2354 5064 uti
2382 5009 2587 5062 dictum
2617 5014 2721 5070 est,
2749 5016 2803 5060 et
2841 5004 3073 5059 audiens
3111 5012 3274 5072 atque
3303 5002 3389 5058 his
3422 5003 3601 5058 verbis

2022 5102 2365 5173 respondens
2388 5118 2399 5154 :
2422 5099 2595 5164 Absit,
2615 5098 2834 5152 Domine
2852 5097 2904 5150 ‘l
2930 5095 3174 5151 eamdem
3202 5095 3470 5151 retinebat
3491 5096 3604 5148 ani-

2023 5195 2099 5250 mi
2127 5191 2761 5263 constantiam.Agabus
2784 5187 3043 5245 similiter
3070 5185 3253 5240 alllatu
3283 5185 3602 5257 pr0phetico

2028 5288 2369 5353 instructus,
2424 5282 2733 5340 admirabili
2779 5280 3019 5353 quodam
3076 5278 3273 5333 habitu
3332 5285 3603 5349 gestuque

366 5461 421 5511 .¹
459 5459 578 5515 Act.
612 5477 666 5524 ς,
702 5459 754 5522 5,
786 5457 838 5511 6.
909 5458 930 5486 ³
966 5452 1098 5509 ibid.
1131 5452 1181 5517 7,
1212 5452 1266 5508 8.
1345 5451 1365 5482 ³
1394 5450 1558 5507 Hebr.
1593 5464 1688 5514 xu,
1711 5448 1805 5503 21.
1881 5447 1905 5478 ⁸

2009 5463 2070 5502 πη.
2110 5462 2205 5509 xv,
2246 5444 2330 5499 I3.
2409 5443 2429 5475 ⁸
2461 5443 2578 5498 Aet.
2613 5458 2651 5507 ι,
2686 5441 2770 5495 II.
2849 5443 2870 5472 ⁶
2895 5440 3013 5495 Act.
3042 5456 3094 5503 Χ,
3135 5439 3216 5493 14.

403 5636 481 5705 (2)
512 5638 609 5699 Ὠς
630 5638 662 5689 ὁ
687 5632 948 5705 Μωῖνσῆς
968 5646 1174 5702 φησιν.
1205 5630 1358 5697 Quod
1387 5641 1643 5700 tanquam
1672 5645 1700 5684 a
1733 5628 1905 5699 Moyst

2016 5628 2198 5705 enini,
2244 5633 2305 5705 ιιι
2326 5626 2599 5705 _oltserva_t
2647 5623 3044 5694 Hieronymus,
3075 5623 3156 5705 “in
3208 5621 3308 5675 hac
3356 5616 3604 5701 Epistula

336 5690 756 5759 ilietuml’laulus
776 5706 839 5757 ad
863 5690 1159 5770 Iligh'rfeap.
1183 5690 1257 5755 ιιῖι
1284 5690 1711 5764 commemorat;
1745 5690 1919 5769 neque
2017 5700 2174 5768 quasi
2203 5698 2292 5770 _d_e
2326 5696 2521 5751 Vetere
2555 5690 2908 5770 Testamento
2968 5693 3344 5765 proferuntur,
3384 5706 3505 5763 quae
3543 5690 3601 5745 in

339 5792 515 5835 tamen
572 5780 626 5831 in
688 5775 877 5829 Vetere
932 5766 1300 5828 Instrumequ
1370 5771 1585 5842 legitur.
1656 5766 1920 5841 Pleraque
2020 5766 2113 5824 illo
2144 5768 2368 5823 minime
2397 5766 2766 5839 reperiuntur.
