3918 6164
378 289 484 348 887

1799 280 1860 337 S.
1901 275 2251 336 EPIPHANII

3563 286 3681 344 868

379 404 524 476 quod
550 403 794 459 futurum
828 407 947 457 erat
975 394 1307 455 adumbrare
1341 398 1556 463 volens,
1588 395 1744 452 Pauli
1768 412 1961 452 zonam

2090 397 2193 452 ττοῦ
2239 397 2641 469 αἰνιττόμενος,
2696 392 2879 454 λαϐὼν
2925 397 3023 472 τὴν
3074 397 3251 470 ζώνην
3305 398 3401 454 τοῦ
3447 400 3680 459 Παύλου

380 497 614 567 arripuit
650 490 825 565 eaque
852 491 1026 563 pedes
1057 506 1191 547 suos
1225 489 1458 562 alligans
1487 489 1560 545 ita
1598 489 1815 553 loculus
1836 499 1922 545 est
1947 507 1960 542 :

389 588 575 641 Virum
605 584 760 653 cujus
783 592 858 637 est
890 586 1004 637 Iuro
1038 598 1196 645 zona,
1234 580 1473 651 ligabunt
1507 581 1684 647 illum,
1712 590 1763 637 et
1789 581 1963 636 abdu-

380 689 494 732 cent
516 678 572 730 in
600 674 939 730 Hierusalem
960 675 1005 728 ¹.
1039 672 1125 728 Ad
1158 674 1275 728 hinc
1297 673 1647 728 Antiochiam
1688 672 1967 745 prophetae

380 771 604 843 quidam
637 769 857 825 venisse
915 771 1254 833 narrantur,
1306 765 1619 836 famemque
1680 766 1969 821 nuntiasse

384 873 498 921 toto
523 873 800 921 terrarum
824 860 958 917 orbe
988 858 1254 915 futuram.
1281 858 1393 916 Nec
1411 873 1553 914 vana
1579 859 1967 930 praedictorum

384 957 518 1013 ﬁdes
564 954 688 1009 fuit.
727 954 905 1022 Atque
956 958 1017 1006 ut
1056 965 1220 1006 veros
1266 950 1392 1006 illos
1444 951 1741 1021 prophetas
1798 948 1971 1007 fuisse

385 1050 746 1107 monstraret,
786 1041 1075 1111 Scriptura
1109 1041 1292 1097 statim
1325 1040 1616 1110 adjunxit:
1662 1040 1795 1107 Quae
1825 1040 1972 1111 facta

384 1147 462 1192 est
491 1135 586 1192 sub
628 1133 857 1190 Claudio
900 1133 1177 1189 Ctesare'.
1227 1133 1296 1188 At
1341 1133 1545 1190 Paulus
1585 1133 1972 1190 sanctissimus

388 1229 673 1300 apostolus
716 1227 982 1283 instinctu
1016 1226 1344 1296 prophetico
1384 1226 1569 1280 dixit:
1612 1224 1846 1294 Spiritus
1877 1242 1975 1287 au-

334 1332 337 1335 ‘
391 1332 495 1376 tem
530 1319 813 1389 manifeste
845 1318 1017 1371 dicit:
1052 1316 1119 1371 In
1146 1317 1444 1371 novissimis
1474 1315 1659 1372 diebus
1697 1317 1975 1371 instabunt

391 1423 628 1483 tempora
647 1410 886 1481 diﬁicilia
910 1412 958 1476 ³,
982 1420 1088 1466 etc.
1117 1411 1248 1464 Item
1273 1410 1381 1464 alio
1409 1409 1466 1463 in
1496 1409 1620 1464 loco
1645 1427 1659 1463 :
1693 1407 1976 1464 Discedent

388 1504 606 1576 quidam
640 1520 673 1558 a
726 1520 863 1557 sana
915 1502 1056 1571 ﬁde,
1092 1500 1419 1555 attendentes
1454 1499 1734 1569 spiritibus
1775 1501 1975 1554 erroris

388 1606 439 1651 et
459 1595 715 1650 doctrinis
745 1594 1154 1656 daemoniorum,
1177 1590 1342 1663 410
1357 1590 1746 1660 prohibentium
1764 1591 1975 1656 nubere,

389 1688 653 1742 abstinere
682 1703 714 1740 a
740 1687 893 1752 cibis,
921 1702 1052 1756 quos
1084 1684 1225 1738 Deus
1261 1684 1456 1738 creavit
1490 1684 1567 1737 ad
1586 1681 1979 1753 percipiendum

2068 491 2162 545 καὶ
2199 491 2368 562 δήσας
2403 493 2514 555 τοῖς
2561 491 2713 555 ἰδίοις
2753 492 2903 557 ποσὶ,
2934 492 3100 565 φησὶν
3141 492 3348 557 οὕτως·
3410 492 3528 548 Τὸν
3558 495 3679 549 ἄν·

2064 583 2178 650 δρα
2213 576 2286 637 οὗ
2330 581 2502 635 ἐστιν
2530 582 2571 651 ἡ
2608 581 2755 651 ζώνη
2788 583 2963 651 αὕτη,
2992 581 3301 652 δήσουσιν
3324 584 3551 649 αὐτὸν,
3569 585 3678 639 καὶ

2068 673 2443 728 ἀποίσουσιν
2470 676 2559 741 εις
2594 675 3005 745 Ἰερουσαλήμ.
3050 675 3213 730 Ἀλλὰ
3258 675 3353 731 καὶ
3402 677 3569 732 πάλιν
3612 680 3680 731 ἐν

2083 763 2384 836 Ἀντιοχείᾳ
2423 764 2689 836 κατῆλθον
2731 766 3032 837 προφῆται,
3068 768 3163 822 καὶ
3196 768 3569 839 κατήγγελλον
3593 769 3681 822 λι-

2073 853 2174 926 μὸν
2204 853 2427 910 ἔσεσθαι
2454 855 2575 909 καθ’
2605 856 2735 929 ὅλης
2780 856 2884 926 τῆς
2930 858 3274 929 οἰκουμένης.
3321 858 3433 913 Καὶ
3500 860 3562 913 οὐ
3591 860 3680 913 δι-

2074 946 2269 1001 έπεσεν
2300 948 2329 1001 ό
2354 948 2561 1002 τούτων
2591 947 2769 1016 λόγος.
2812 947 2950 1001 Ἀλλ’
2969 950 3055 1002 ἵνα
3088 949 3238 1024 δείξῃ
3262 950 3459 1014 αὐτοὺς
3483 950 3677 1022 ἀληθι-

2072 1042 2199 1106 νοὺς
2241 1043 2549 1113 προφήτας,
2594 1043 2628 1111 ἡ
2657 1041 2850 1112 Γραφὴ
2896 1041 3060 1105 εὐθὺς
3099 1041 3354 1112 ἐπιφέρει
3400 1042 3672 1110 λέγουσα’

2077 1134 2244 1200 ’Ήτις
2271 1131 2509 1203 ἐγένετο
2564 1131 2666 1185 ἐπὶ
2693 1131 2995 1187 Κλαυδίου
3024 1133 3343 1202 Καίσαρος.
3369 1132 3586 1198 Παῦλος
3609 1134 3674 1188 δὲ

2072 1228 2102 1280 ὁ
2139 1223 2441 1294 ἀγιώτατος
2487 1223 2786 1289 ἀπόστολος
2835 1224 3194 1295 προφητεύων
3243 1225 3429 1295 ἐλεγε-
3482 1226 3556 1280 Τὸ
3598 1223 3673 1280 δὲ

2078 1317 2319 1389 Πνεῦμα
2349 1317 2548 1387 ῥητῶς
2578 1316 2759 1388 λέγει·
2805 1318 2910 1371 Ἐν
2940 1316 3229 1386 ἐσχάταις
3276 1318 3525 1387 ἡμέραις
3567 1318 3674 1371 ὲν-

2076 1410 2412 1480 στήσονται
2446 1408 2641 1478 καιροὶ
2673 1408 2948 1478 χαλεποὶ,
2984 1409 3080 1462 καὶ
3127 1409 3195 1462 τὰ
3233 1409 3379 1480 ἑξῆς.
3411 1408 3524 1462 Καὶ
3563 1410 3676 1464 πά-

2077 1502 2162 1555 λιν
2211 1499 2423 1565 ἄλλοτε,
2472 1500 2552 1553 ὅτι
2602 1498 3075 1567 Ἀποστήσονταί
3123 1517 3284 1565 τινες
3332 1498 3440 1569 τῆς
3483 1502 3677 1570 ὑγιαι-

2078 1593 2310 1660 νούσης
2346 1589 2765 1658 διδασκαλίας,
2812 1591 3218 1661 προσέχοντες
3265 1591 3524 1659 πλάνοις
3575 1592 3679 1647 καὶ

2081 1684 2502 1749 διδασκαλίαις
2531 1683 2850 1753 δαιμόνων,
2897 1684 3257 1738 κωλυόντων
3290 1684 3519 1755 ταμεῖν,
3560 1685 3666 1740 ἀπ·

390 1779 540 1833 nobis
581 1780 672 1848 qui
701 1795 817 1831 cum
863 1778 1161 1847 gratiarum
1194 1776 1399 1830 actione
1429 1777 1630 1830 utimur
1653 1775 1707 1829 δε
1744 1775 1796 1830 id
1827 1774 1975 1845 quod

2090 1776 2326 1845 ἔχεσθαι
2367 1775 2717 1845 βρωμάτων,
2746 1774 2785 1829 ἁ
2836 1778 2869 1829 ὁ
2919 1776 3063 1842 Θεὸς
3091 1775 3335 1831 ἔκτισεν
3374 1779 3463 1844 εὶς
3495 1777 3671 1847 μετὰ·

392 1871 449 1924 in
476 1870 639 1925 vobis
671 1886 734 1924 ac
761 1869 932 1924 vestri
962 1867 1240 1923 similibus
1268 1883 1391 1922 esse
1422 1867 1721 1941 perfectum
1744 1883 1832 1923 res
1859 1867 1977 1938 ipsa

276 2005 285 2028 ,
392 1956 654 2011 declarat.
682 1954 893 2009 Etenim
916 1957 1187 2026 pleraque
1215 1956 1433 2010 illarum
1461 1957 1746 2019 luereseon
1773 1958 1979 2028 nuptiis

395 2056 561 2119 atque
604 2064 708 2104 usu
758 2049 1123 2118 quorumdam
1164 2050 1414 2105 ciborum
1473 2051 1834 2117 interdicunt,
1866 2067 1977 2107 non

396 2148 457 2195 ut
501 2122 814 2196 'sanctioris
850 2141 976 2196 vita:
1014 2157 1188 2212 genus
1239 2143 1555 2211 instituant,
1590 2150 1683 2197 aut
1729 2146 1796 2198 ad
1851 2160 1981 2215 pra:-

395 2231 717 2285 stantiorcm
754 2232 1035 2298 virtutem,
1071 2247 1136 2286 ac
1168 2234 1415 2288 coelestia
1462 2236 1707 2304 praemia,
1746 2245 1800 2291 et
1829 2222 1982 2292 coro-

396 2336 496 2376 nas
524 2328 875 2390 comparent;
908 2319 1002 2375 sed
1028 2319 1174 2391 quod
1197 2320 1517 2377 detestanda
1538 2338 1661 2392 quae
1691 2339 1720 2377 a
1753 2323 1981 2379 Domino

395 2412 615 2465 condita
657 2419 790 2464 sunt
821 2411 1159 2465 existiment.

369 2655 376 2663 _
469 2585 562 2641 IX.
606 2588 677 2641 At
706 2587 949 2642 Ecclesia
981 2589 1251 2644 catholica
1302 2598 1356 2645 et
1396 2592 1766 2662 virginitatem
1791 2596 1979 2665 praedi-

398 2687 511 2742 cat,
543 2687 597 2733 et
624 2680 875 2734 caelibem
908 2680 1097 2745 vitam,
1125 2695 1190 2735 ac
1219 2682 1604 2739 castimoniam
1636 2686 1985 2743 viduitatem-

398 2782 507 2836 que
534 2768 843 2835 collaudat;
877 2776 931 2823 et
968 2769 1232 2826 honestas
1260 2772 1484 2841 nuptias
1520 2773 1675 2839 colit,
1704 2782 1760 2829 et
1790 2790 1985 2848 appro-

398 2859 527 2928 bat;
564 2872 751 2930 stupra
795 2877 946 2933 vero,
982 2861 1251 2917 adulteria
1304 2878 1367 2918 ac
1414 2865 1673 2922 libidines
1707 2869 1981 2938 prohibet.

400 2952 478 3007 Ex
529 2968 639 3022 quo
692 2969 879 3008 veram
929 2970 994 3009 ac
1040 2970 1359 3025 germanam
1388 2955 1646 3015 Ecclesiae
1698 2963 1985 3018 catholica!

402 3055 609 3111 notam,
643 3055 696 3100 et
731 3047 1072 3104 adulterinos
1114 3049 1347 3103 aliormn
1400 3049 1541 3107 ritus
1590 3052 1715 3107 licet
1743 3054 1981 3121 intueri;

2081 1871 2276 1936 ληψιν
2319 1867 2498 1936 ἡμῖν,
2550 1867 2675 1933 τοῖς
2716 1871 2847 1937 μετ’
2895 1869 3287 1937 εὐχαριστίας
3309 1885 3324 1900 '
3361 1870 3440 1934 ὡς
3487 1872 3681 1940 σαφῶς

2082 1962 2166 2029 ἐφ’
2196 1961 2324 2031 ὑμῖν
2352 1960 2447 2014 καὶ
2474 1961 2586 2023 τοῖς
2613 1959 2821 2030 ὁμοίοις
2855 1961 2984 2030 ὑμῖν
3018 1960 3374 2032 πεπλήρωται
3402 1961 3464 2027 ἐξ
3495 1963 3685 2018 αὐτῶν

2082 2051 2193 2105 τῶν
2226 2051 2627 2123 προκειμένων.
2655 2052 2720 2104 At
2747 2051 2856 2123 γὰρ
2886 2050 3104 2118 πλείους
3131 2053 3240 2106 τῶν
3272 2054 3685 2125 αἱρέσεωντοὺ-

2081 2161 2190 2199 των
2237 2144 2332 2199 τοῦ
2390 2147 2587 2215 γαμεῖν
2637 2144 2940 2199 κωλύουσιν
2962 2185 2978 2209 ,
3025 2145 3325 2216 ἀπέχεσθαι
3370 2146 3707 2218 βρωμάτων·

2084 2236 2579 2309 παραγγέλλουσιν,
2617 2235 2717 2306 οὐχ
2759 2236 2946 2291 ἕνεκεν
2988 2237 3264 2300 πολιτείας
3293 2240 3687 2311 προτρεπόμε-

2082 2341 2185 2392 νοι,
2219 2328 2317 2399 οὐχ
2348 2326 2536 2382 ἕνεκεν
2571 2328 2775 2399 ἀρετῆς
2818 2324 3082 2399 μείζονος.
3128 2329 3223 2381 καὶ
3264 2328 3558 2401 βραϐείων,
3590 2330 3689 2385 καὶ

2087 2416 2389 2485 στεφάνων,
2421 2416 2555 2470 ἁλλά
2591 2415 2853 2488 βδελυκτά
2893 2418 2960 2472 τὰ
3003 2418 3107 2472 ὑπὸ
3147 2419 3241 2472 τοῦ
3282 2416 3489 2490 Κυρίου
3521 2437 3692 2491 γεγε-

2087 2507 2295 2577 νημένα
2322 2507 2635 2578 ἡγούμενοι.

2170 2598 2234 2651 Ἠ
2272 2598 2331 2652 δὲ
2374 2599 2507 2668 άγία
2548 2598 2844 2670 Ἐκκλησία
2869 2599 2944 2668 (5)
2976 2600 3070 2652 καὶ
3121 2596 3419 2672 παρθενίαν
3444 2596 3686 2669 δοξάζει,

2088 2691 2183 2744 καὶ
2219 2688 2508 2762 μονότητα,
2549 2691 2643 2744 καὶ
2685 2691 2910 2760 ἁγνείαν
2956 2688 3050 2744 καὶ
3093 2691 3400 2764 χηροσύνην
3444 2695 3685 2757 ἐπαινεῖ.

2088 2784 2182 2836 καὶ
2224 2782 2403 2853 γάμον
2454 2781 2651 2852 σεμνὸν
2702 2785 2839 2854 τιμᾷ
2888 2783 2981 2838 καὶ
3029 2784 3243 2855 δέχεται
3315 2785 3585 2856 Πορνείαν
3630 2786 3692 2840 δὲ

2088 2875 2185 2928 καὶ
2222 2872 2488 2946 μοιχείαν,
2520 2873 2615 2929 καὶ
2648 2874 2936 2942 ἀσέλγειαν
2966 2874 3321 2947 ἀπαγορεύει.
3353 2876 3517 2929 Ὅθεν
3557 2878 3695 2931 ἰδεῖν

2089 2966 2204 3020 εστι
2251 2967 2344 3019 τὸν
2382 2967 2708 3038 χαρακτῆρα
2749 2965 2849 3037 τῆς
2901 2965 3063 3036 ἁγίας
3112 2967 3407 3038 καθολικῆς
3453 2968 3691 3042 Ἐκκλη·

2094 3059 2245 3123 σίας,
2288 3060 2382 3113 καὶ
2424 3060 2551 3122 τοὺς
2599 3060 3153 3130 παραπεποιημένους
3197 3058 3304 3114 τῶν
3345 3058 3522 3115 ἄλλων
3558 3062 3692 3132 τρό-

400 3153 466 3194 ac
517 3140 977 3209 quemadmodum
1018 3141 1248 3195 sincera:
1297 3141 1580 3212 religionis
1609 3144 1861 3217 dogmata
1915 3148 1982 3203 ab

2091 3169 2254 3216 πους·
2293 3152 2386 3205 καὶ
2421 3151 2490 3205 τὰ
2529 3151 2926 3222 δοκιμασθέντα
2969 3152 3386 3225 ἀποδιδράσκειν
3429 3152 3542 3209 ἀπὺ
3583 3156 3692 3210 πά-

401 3232 554 3287 omni
583 3247 792 3292 errore,
836 3246 898 3284 ac
942 3230 1204 3286 ﬂexuosis
1244 3233 1591 3304 ambagibus,
1630 3245 1686 3291 et
1734 3239 1983 3310 abruptis

2092 3264 2192 3316 σης
2228 3242 2456 3314 πλάνης,
2501 3244 2596 3298 καὶ
2642 3245 2862 3309 σκολιᾶς
2897 3245 3041 3309 ὀδοῦ,
3072 3245 3167 3299 καὶ
3209 3245 3397 3316 τρίϐου
3429 3246 3638 3319 ἀνάντη
3667 3247 3709 3295 ⁸-

402 3338 470 3379 ac
500 3325 799 3379 salebrosis
826 3323 1116 3378 itineribus
1147 3325 1439 3381 declinent.
1464 3327 1580 3383 Hoc
1598 3330 1743 3384 enim
1768 3340 1822 3387 et
1848 3340 1977 3388 ante

2090 3334 2457 3408 διακειμένης.
2523 3337 2700 3408 Ἔφην
2755 3337 2865 3409 γὰρ
2911 3337 3058 3401 ἅνω,
3107 3337 3182 3400 ὡς
3226 3335 3335 3391 ἀπὺ
3377 3336 3477 3391 τοῦ
3527 3339 3694 3407 ἁγίου

402 3415 593 3469 monui
633 3414 702 3470 ab
730 3413 996 3483 Apostolo
1036 3430 1161 3469 esse
1192 3417 1535 3487 praedictum,
1559 3429 1614 3475 et
1648 3421 1843 3476 iterum
1878 3440 1989 3479 mo-

407 3507 570 3570 nebo,
603 3506 689 3560 uti
720 3521 822 3560 nos
855 3506 1131 3560 cautiores
1168 3506 1439 3573 alliceret,
1473 3525 1537 3566 ac
1571 3525 1985 3570 sacrosanctam

404 3597 707 3653 Ecclesiam
752 3597 988 3669 propriis
1039 3598 1367 3667 quibusdam
1416 3603 1562 3658 notis
1601 3578 1989 3661 ab’haeretico-

405 3706 527 3745 rum
569 3705 759 3746 errore
806 3690 1170 3757 discerneret,
1206 3694 1278 3747 ita
1324 3697 1753 3764 pronuntiasse:
1793 3697 1925 3766 Quae
1958 3720 1985 3754 a

403 3782 514 3839 Deo
545 3792 694 3839 recte
721 3786 1022 3840 constituta
1054 3794 1183 3840 sunt
1212 3787 1519 3843 incredibili
1549 3790 1778 3846 audacia
1811 3795 1989 3864 prohi-

403 3876 597 3932 bentes
622 3876 759 3931 istos
790 3876 1005 3944 privata
1037 3879 1284 3947 quaedam
1317 3879 1534 3935 decreta
1561 3883 1985 3952 sancire.‘Quod

405 3969 473 4023 ad
518 3983 613 4025 eos
656 3969 893 4039 pertinet
923 3970 1017 4036 qui
1059 3971 1280 4040 nuptias
1318 3973 1637 4041 prohibent,
1669 3984 1723 4030 et
1779 3994 1809 4031 a
1849 3980 1989 4035 cibis

406 4060 684 4115 absunere
714 4060 1059 4129 praecipiunt.
1105 4060 1269 4131 Atqui
1304 4061 1446 4118 Deus
1481 4063 1598 4133 ipse
1627 4063 1867 4122 Verbum
1931 4070 1987 4125 in

409 4151 707 4221 Evangelia
739 4150 1171 4206 moderationem
1195 4153 1245 4207 ei
1277 4154 1354 4208 rei
1379 4156 1672 4224 quamdam
1696 4160 1984 4228 apposuit:

414 4244 530 4309 Vis,
570 4243 746 4314 inquit
770 4243 1031 4311 perfectus
1067 4260 1181 4298 esse
1213 4244 1260 4297 l‘?
1303 4246 1357 4299 in
1387 4262 1500 4317 quo
1518 4266 1577 4305 se
1606 4240 1988 4308 adhumanam

407 4335 779 4401 conditionem
812 4343 865 4388 et
892 4335 1319 4392 imbecillitatem
1346 4341 1769 4397 accommodare
1796 4346 1989 4400 voluit.

408 4426 484 4481 lis
513 4426 659 4482 enim
696 4426 999 4481 delectatur
1037 4426 1283 4499 quidem,
1314 4431 1408 4500 qui
1451 4432 1721 4501 ejusmodi
1771 4437 1990 4506 pietatis

2104 3428 2428 3484 ιΑποστόλου
2462 3429 2805 3500 προείρηται,
2850 3430 2944 3483 καὶ
2976 3429 3139 3484 πάλιν
3176 3428 3308 3499 ἐρῶ,
3340 3431 3424 3484 ὅτι
3453 3430 3686 3500 ἀσφαλι-

2091 3520 2317 3592 ζόμενος
2345 3523 2514 3592 ἡμᾶς,
2541 3520 2636 3573 καὶ
2665 3520 2756 3574 τὸν
2783 3521 3105 3595 χαρακτῆρα
3125 3521 3223 3591 τῆς
3254 3521 3421 3589 ἁγίας
3460 3522 3695 3595 Ἐκκλη-

2092 3613 2213 3675 σίας
2247 3612 2468 3683 διαιρῶν
2494 3611 2602 3667 ἀπὸ
2627 3614 2726 3683 τῆς
2752 3612 2862 3665 τῶν
2892 3612 3161 3683 αἱρέσεων
3198 3612 3427 3684 πλάνης,
3457 3614 3590 3687 ἔφη,
3618 3614 3694 3679 ὡς

2092 3704 2394 3777 Τολμηρῶς
2421 3704 2491 3759 τὰ
2525 3706 2589 3757 ὲκ
2620 3703 2711 3757 τοῦ
2744 3703 2883 3783 Θεοῦ
2924 3704 3104 3768 καλῶς
3137 3706 3448 3777 τεταγμένα
3476 3707 3692 3775 ἀπαγο-

2095 3796 2345 3870 ρεύοντες
2376 3795 2752 3867 νομοθετοῦσι,
2787 3798 2966 3867 φήσας
2999 3796 3127 3867 περί
3170 3813 3333 3851 τινων
3373 3797 3693 3852 κωλυόντων

2093 3889 2312 3958 γαμεῖν.
2349 3886 2442 3940 καὶ
2473 3884 2776 3956 ἀπέχεσθαι
2815 3885 3140 3957 βρωμάτων.
3189 3887 3302 3940 Καὶ
3337 3886 3449 3958 γὰρ
3476 3904 3692 3959 συμμε-

2093 3980 2221 4052 τρίᾳ.
2243 3979 2350 4033 τινὶ
2383 3979 2411 4031 ὁ
2436 3979 2568 4043 Θεὸς
2592 3979 2783 4047 Λόγος,
2817 3980 2875 4032 ὲν
2910 3978 2983 4050 et}
3005 3977 3321 4047 Εὐαγγελίῳ
3358 3980 3563 4051 φήσας,
3589 3981 3694 4035 Θέ-

2092 4077 2222 4137 λεις
2263 4072 2495 4136 τέλειος
2540 4070 2866 4141 rarescant;
2922 4071 3321 4143 συγγνωμονῶν
3363 4075 3429 4142 τῇ
3464 4072 3577 4125 τῶν
3601 4073 3697 4127 ἀν-

2095 4163 2329 4235 θρώπων
2382 4165 2578 4218 πλάσει
2628 4164 2724 4218 καὶ
2767 4161 3043 4232 ἀσθενείᾳ,
3095 4163 3278 4234 χαίρει
3327 4162 3425 4215 ἐπὶ
3465 4165 3584 4228 τοίς
3627 4165 3695 4217 τὰ

2093 4253 2316 4324 δοκίμια
2365 4253 2462 4325 τῆς
2515 4252 2827 4316 θεοσεϐείας
2902 4252 3216 4324 δυναμένοις
3280 4252 3691 4318 ἐνδείκνυσθαι,

2097 4342 2395 4413 παρθενίαν
2441 4344 2631 4396 ἀσκεῖν
2674 4341 3042 4413 αἱρουμένοις,
3083 4342 3181 4398 καὶ
3211 4341 3459 4410 ἁγνείαν,
3485 4343 3582 4395 καὶ
3612 4343 3693 4409 ἑγ-

2099 4432 2385 4501 κράτειαν*
2417 4429 2515 4502 τὴν
2552 4431 2611 4484 δὲ
2639 4429 2978 4501 μονογαμίαν
3021 4430 3184 4501 τιμᾷ·
3224 4430 3273 4482 εί
3314 4428 3409 4483 καὶ
3458 4429 3693 4500 μάλιστα

410 4521 693 4592 specimen
732 4526 996 4590 praestare
1030 4523 1328 4590 potuerint,
1369 4532 1426 4577 ut
1469 4524 1861 4613 virginitatem,
1894 4545 1983 4584 ca-

2096 4524 2163 4575 τᾶ
2204 4522 2519 4595 χαρίσματα
2543 4524 2641 4595 τῆς
2698 4521 3020 4594 ἱερωσύνης,
3048 4520 3135 4575 διὰ
3174 4520 3286 4575 τῶν
3309 4521 3421 4575 ἀπὸ
3459 4538 3694 4592 μονογαο

408 4613 720 4672 stimoniam
770 4613 1281 4684 continentiamque
1336 4616 1737 4685 profiteantur;
1805 4619 1993 4691 singu-

407 4708 554 4762 lares
588 4720 752 4776 porro
778 4705 999 4777 nuptias
1037 4707 1421 4764 commendat:
1458 4723 1583 4763 cum
1628 4712 1990 4766 sacerdotalia

408 4810 638 4853 munera
684 4801 740 4850 et
800 4801 1125 4850 ornamenta
1178 4810 1304 4849 cum
1356 4795 1463 4862 iis,
1517 4795 1610 4866 qui
1670 4805 1797 4866 post
1852 4812 1992 4853 unas

407 4887 637 4957 nuptias
658 4885 1060 4940 continentiam
1082 4884 1445 4950 servaverint,
1474 4893 1570 4940 aut
1595 4885 1650 4940 in
1679 4885 1993 4956 virginitate

408 4976 773 5053 perstiterint,
804 4975 1264 5032 communicanda
1303 4992 1429 5033 esse
1470 4979 1617 5033 velut
1659 4978 1713 5033 in
1755 4979 1992 5049 quodam

408 5070 712 5142 exemplari
745 5069 1184 5126 monstraverit:
1223 5068 1278 5124 id
1310 5070 1457 5141 quod
1503 5071 1761 5140 apostoli,
1793 5071 1994 5127 deinde

408 5159 787 5221 ecclesiastica
821 5160 1120 5217 sacerdotii
1148 5161 1341 5233 regula
1377 5162 1610 5217 honeste
1639 5176 1705 5217 ac
1737 5163 1994 5234 religiose

498 5318 513 5349 ¹
544 5314 669 5371 Act.
696 5330 812 5381 κιι,
848 5316 935 5370 11.
1014 5317 1036 5347 ⁸
1071 5314 1205 5371 ibid.
1234 5314 1326 5370 28.
1434 5314 1456 5346 ³
1486 5313 1533 5370 ll
1559 5313 1701 5371 Tim.
1730 5331 1814 5381 Ill,
1846 5315 1897 5371 1.

484 5453 563 5524 ('5)
614 5450 677 5528 ’ἐξ
705 5451 775 5528 δὲ
800 5451 942 5523 ἁγία
981 5455 1335 5528 Ἐκκλησία.
1362 5453 1559 5528 Totum
1588 5455 1695 5512 hoc
1721 5464 1889 5528 caput
1918 5458 1999 5513 in-

414 5523 621 5597 signem
657 5523 1009 5597 habetusum
1040 5524 1106 5597 ad
1137 5524 1696 5597 catholicuquogma
1727 5523 1806 5582 ab'
1828 5528 1999 5584 haere-

413 5592 652 5668 ticorum
691 5592 898 5668 invidia
927 5608 992 5648 ac
1015 5594 1292 5668 calu_mnia
1337 5592 1728 5668 vindicandum
1760 5613 1772 5649 :
1806 5598 1899 5668 qui
1941 5607 2001 5652 ut

416 5659 641 5733 modum
670 5662 904 5727 nullum,
932 5678 997 5717 ac
1024 5663 1452 5733 moderationem
1484 5667 1744 5733 retinent,
1770 5659 1894 5723 cum
1923 5669 1993 5724 ab

416 5727 666 5788 Ecclesia
705 5732 1074 5789 commendari
1115 5732 1334 5803 quidem
1363 5735 1606 5811 nuptias,
1639 5727 1740 5795 sed
1769 5739 1996 5809 virgini-

2003 5316 2027 5350 δ
2061 5317 2084 5369 1
2111 5317 2255 5373 Tim.
2283 5334 2357 5384 ιν,
2389 5319 2496 5373 1-5.

2103 4617 2230 4683 μίας
2265 4615 2809 4685 ὲγκρατευσαμὲνων,
2835 4615 2928 4668 καὶ
2959 4613 3066 4667 τῶν
3102 4615 3161 4666 ὲν
3204 4612 3479 4685 παρθενίᾳ
3514 4613 3691 4667 διατε-

2100 4704 2335 4757 λούντων
2370 4705 2655 4775 κοσμήσας
2681 4704 2988 4774 προετύπου
3007 4720 3020 4733 ·
3056 4703 3131 4768 ὼς
3164 4704 3258 4758 καὶ
3282 4704 3331 4756 οἱ
3361 4703 3535 4757 αὑτοῦ
3560 4703 3693 4758 ἀπό-

2103 4794 2277 4847 στολοι
2302 4794 2394 4847 τὸν
2422 4794 2873 4865 ἐκκλησιαστικὸν
2915 4794 3115 4848 κανόνα
3142 4795 3242 4865 τῆς
3277 4794 3585 4867 ἱερωσύνης
3609 4795 3695 4849 εὐ-

2099 4885 2315 4950 τάκτως
2349 4887 2444 4940 καὶ
2476 4886 2638 4949 ὁσίως
2671 4884 3002 4950 διετάξαντο.
3055 4887 3120 4939 Εἰ
3151 4885 3211 4939 δέ
3249 4903 3334 4951 τις
3360 4888 3509 4942 κατά
3539 4887 3695 4942 ἀσθέ-

2100 4994 2246 5031 νειαν
2288 4977 2619 5049 ὲπιδεηθείη,
2659 4976 2796 5047 μετὰ
2830 4975 2930 5047 τὴν
2963 4976 3217 5048 τελευτὴν
3257 4977 3357 5047 τῆς
3417 4978 3558 5043 ιδίας
3598 4997 3695 5047 γαο

2104 5069 2276 5140 μετῆς
2318 5069 2658 5141 συναφθῆναι
2700 5070 2936 5142 δευτέρῳ
2973 5070 3157 5140 γάμῳ.
3206 5069 3307 5122 οὐκ
3358 5070 3697 5142 ἀπαγορεύει

2100 5162 2258 5218 τοῦτο
2309 5167 2338 5218 ό
2379 5163 2559 5217 κανὼν
2592 5163 2695 5232 τῆς
2724 5162 3002 5234 ἀληθείας,
3030 5161 3271 5215 τουτέστι
3321 5162 3417 5214 τὸν
3463 5162 3543 5232 μὴ
3572 5162 3698 5215 ὄντα

2628 5319 2649 5349 ⁸
2679 5317 2874 5373 Matth.
2900 5333 3028 5380 xnx,
3066 5317 3157 5370 9.1.
3258 5318 3277 5347 ⁵
3312 5313 3375 5371 F.
3414 5317 3694 5379 ἐναντίως.

2106 5468 2275 5542 tatem
2306 5458 3081 5542 continentiamquepraeferri
3127 5458 3349 5542 vident,
3383 5460 3697 5542 egelamant

2108 5532 2279 5593 illico,
2312 5544 2365 5587 et
2398 5534 2453 5587 in
2488 5529 2890 5601 conventiculis
2924 5531 3041 5586 suis
3068 5529 3214 5601 apud
3244 5529 3538 5601 imperitos
3567 5545 3696 5601 per-

2111 5602 2301 5659 ﬁdiose
2353 5618 2418 5657 ac
2468 5603 2663 5659 stolide
2718 5600 3111 5662 vociferantur,
3140 5599 3391 5653 damnari
3427 5614 3459 5653 a
3492 5599 3698 5657 Catho-

2105 5673 2224 5729 licis
2250 5674 2493 5743 nuptias,
2528 5687 2595 5729 ac
2626 5672 2873 5728 ciborum
2907 5686 3009 5728 usu
3041 5669 3260 5741 penitus
3288 5668 3578 5726 interdici.
