3952 6148
478 247 574 302 871
1897 252 1955 306 S.
1995 247 2044 304 El

2154 246 2334 303 mn
2992 238 2997 244 ·
3142 319 3151 322 ν
3628 250 3717 306 ειη

472 382 610 430 suis.
651 370 857 440 quique
888 383 1013 423 rere
1042 369 1287 423 omnium
1336 369 1602 425 Dominus
1639 380 1744 437 est,
1782 370 2037 427 Christus

2165 373 2418 443 φήσαντι,
2458 370 2552 424 καὶ
2586 370 2693 424 ἀπὸ
2736 371 2834 441 τῆς
2881 371 3234 444 ὑπαρχούσης
3270 373 3449 436 αὑτοῖς
3475 372 3622 444 δόξης
3642 382 3717 432 καί

474 461 721 529 inquam,
772 459 933 515 Jesus
970 459 1235 515 Dominus
1282 469 1489 528 noster,
1522 464 1656 519 solis
1704 464 1880 519 instar
1932 465 2044 518 illu«

2165 464 2491 536 παραδείσου
2522 465 2734 535 τρυφῆς
2751 467 3232 536 παρασκευάσαντι
3264 467 3447 530 αὐτοῖς
3469 464 3563 537 τὴν
3587 466 3723 520 ἐκδο-

474 553 732 606 slrandos
767 567 891 605 esse
920 552 1201 620 justorum
1238 554 1425 608 vultus
1457 553 1701 620 definiat,
1729 570 1838 624 qua
1874 555 2044 611 fronte

2164 554 2261 626 λήν
2290 554 2566 623 γενέσθαι,
2599 554 2694 608 καὶ
2729 557 2810 618 εἰς
2836 555 3041 627 φθορὰν
3074 556 3306 611 θανάτου
3331 558 3707 629 κατενεχθῆναι.

470 646 726 715 centuplo
775 646 1038 701 clariores
1093 646 1209 702 fore
1258 646 1553 705 Montanus
1632 648 1923 705 afﬁrmat?
1976 649 2094 704 Nisi
2165 651 2304 706 forte
2349 650 2497 706 illius
2552 667 2613 706 es
2663 651 2883 716 similis,
2938 652 3033 723 qui
3087 653 3140 707 id
3198 655 3387 724 primis
3444 655 3722 713 hominibus

483 741 845 809 pollicebatur
890 760 902 795 :
964 741 1135 797 Erilis
1176 744 1315 797 sicut
1347 744 1503 811 dii‘;
1539 728 1838 815 quiquc‘ut
1890 746 1960 801 ab
1989 762 2049 799 ea
2106 762 2271 817 quam
2324 748 2608 801 consecuti
2644 746 2862 802 fuerant
2930 749 3129 819 gloria,
3186 764 3251 805 ac
3312 752 3565 821 paradiso
3612 753 3724 823 deji.

468 845 749 898 verentur,
775 844 828 890 et
853 836 906 889 in
932 836 1085 890 exitii
1121 839 1493 907 corruptelam
1519 838 1883 903 incurrerent,
1908 838 2211 894 calliditate
2239 855 2339 895 sua
2375 839 2628 910 perfecit.

542 931 628 984 XI.
668 930 772 986 Sed
809 933 923 987 haec
952 930 1179 1001 insuper
1208 933 1502 989 Montanus
1537 935 1758 1004 adjicit:
1797 934 1905 1005 Ego
1937 953 2054 988 sum

470 1019 730 1076 Dominus
768 1021 931 1087 Deus,
961 1024 1051 1093 qui
1079 1025 1131 1076 in
1162 1022 1370 1077 homine
1409 1042 1606 1082 versor.
1632 1024 1902 1081 Praeclare
1934 1027 2058 1096 qui-

471 1114 592 1166 dem
626 1130 723 1168 nos
745 1114 1034 1185 Scriptura
1064 1131 1244 1181 sacra,
1266 1125 1321 1171 et
1347 1127 1716 1173 consentanea
1739 1119 1844 1175 sibi
1875 1118 2057 1174 sancti

473 1208 713 1274 Spritus
767 1208 1022 1262 doctrina
1085 1209 1517 1266 connnonitione
1587 1227 1687 1265 sua
1750 1220 2057 1284 comparat,

2235 938 2338 990 IA’.
2379 938 2499 990 Ἔτι
2538 937 2595 990 δὲ
2633 926 2990 1011 προστίθησίν
3025 941 3054 992 6
3083 941 3244 1003 αὑτὸς
3287 942 3577 1007 Μοντανδς,
3607 943 3724 997 οῦτω

2163 1028 2369 1097 λέγων’
2417 1027 2566 1099 Ἐγὼ
2597 1031 2812 1098 Κύριος
2845 1034 2877 1085 ὀ
2913 1031 3056 1096 Θεός
3087 1035 3119 1084 ὁ
3143 1032 3558 1101 παντοκράτωρ
3579 1050 3724 1087 κίτται

2166 1116 2477 1188 γινόμενος
2523 1116 2594 1170 ἐν
2638 1118 2944 1188 ἀνθρώπῳ.
2980 1120 3123 1191 Ἀρα
3171 1117 3264 1174 οὖν
3308 1122 3490 1186 καλῶς
3530 1125 3661 1193 ἡμᾶς
3696 1127 3722 1194 ἡ

2167 1206 2286 1260 θεία
2333 1207 2526 1277 Γραφὴ
2573 1207 3033 1277 ἐπασφαλίζεται,
3084 1211 3175 1263 καὶ
3233 1213 3267 1283 ἠ
3318 1212 3600 1277 ἀκόλουθος
3646 1213 3721 1266 τοῦ

471 1306 533 1349 ut
584 1314 707 1366 qua:
741 1299 904 1354 alieni
958 1307 1089 1354 sunt
1130 1301 1363 1369 spiritus
1403 1305 1468 1355 ad
1520 1304 1632 1356 veri
1695 1304 2038 1359 imitationen

2161 1299 2317 1367 ἁγίου
2348 1299 2666 1371 Πνεύματος
2708 1300 3050 1364 διδασκαλία,
3096 1302 3427 1358 νουθετοῦσα
3459 1306 3616 1376 ἡμᾶς,
3652 1306 3725 1358 ἵνα

469 1390 705 1442 conficta
758 1391 1040 1461 dogmata,
1086 1408 1149 1445 ac
1188 1394 1406 1447 veritati
1459 1397 1739 1449 contraria
1771 1397 2044 1451 discernal

2159 1389 2514 1462 γινώσκωμεν
2572 1393 2701 1447 ποῖά
2758 1394 2875 1446 ἐστι
2920 1393 2989 1446 τά
3048 1394 3262 1466 μιμηλὰ
3317 1395 3414 1448 τοῦ
3473 1395 3719 1467 ἀλλοτρίου

475 1497 621 1536 inus.
653 1482 851 1536 Statim
881 1484 1027 1538 enim
1062 1502 1127 1538 ac
1157 1484 1454 1542 Montanus
1484 1487 1587 1541 hoc
1617 1487 1776 1551 dixit,
1805 1503 1868 1542 ea
1899 1488 2044 1543 nobis

2163 1483 2497 1554 πνεύματος,
2522 1484 2617 1537 καὶ
2650 1483 3007 1537 τὰ·ἀντίθετα
3046 1485 3185 1557 πρὸς
3213 1484 3309 1557 τὴν
3342 1487 3616 1557 ἀλήθειαν·
3650 1487 3723 1540 ὅτε

469 1574 524 1628 in
564 1576 885 1629 memoriam
919 1578 1203 1631 revocarit
1227 1592 1350 1646 quae
1383 1592 1415 1630 a
1445 1577 1675 1633 Domino
1704 1579 2044 1650 pronuntiat:

2159 1576 2268 1646 γὰρ
2311 1575 2473 1641 εὐθὺς
2507 1575 2664 1629 τοῦτο
2711 1572 2832 1630 εἷπε
2884 1578 3184 1641 Μοντανὸς,
3215 1578 3472 1632 ὑπόνοιαν
3509 1580 3629 1649 ἡμῖν
3651 1578 3723 1631 δέ·

467 1665 745 1733 leguntur.
790 1666 869 1719 lta
911 1667 1058 1720 enim
1093 1668 1149 1720 in
1184 1666 1481 1737 Evangelio
1512 1676 1746 1724 testatus
1768 1676 1908 1730 est:
1946 1667 2044 1738 Egi

2158 1667 2330 1720 δωκεν
2359 1668 2771 1737 ἀναμνησθῆναι
2820 1667 2890 1722 τὰ
2934 1669 3041 1721 ὑπὸ
3084 1667 3180 1722 τοῦ
3226 1670 3433 1742 Κυρίου
3471 1672 3722 1742 εἰρημένα.

464 1758 580 1810 veni
614 1759 667 1810 in
699 1758 911 1812 nomine
950 1757 1157 1821 Patris,
1189 1768 1239 1811 et
1273 1775 1376 1811 non
1416 1761 1720 1827 suscepistis
1755 1776 1870 1824 me;
1912 1759 2055 1814 alius

465 1850 629 1903 veniet
665 1850 719 1902 in
741 1850 956 1902 nomine
979 1865 1097 1915 suo,
1132 1859 1181 1903 et
1209 1851 1368 1904 talem
1398 1852 1680 1919 suscipient
1706 1852 1748 1904 ¹.
1786 1848 2055 1917 Quocirca

465 1938 788 1993 Montanum
824 1954 853 1992 a
884 1940 1061 1995 sacris
1103 1938 1328 1995 Litteris
1373 1942 1672 1997 dissentire
1699 1943 1927 1996 omnino
1961 1942 2058 1997 de-

468 2033 941 2100 monstravimus;
979 2033 1145 2103 idqne
1175 2035 1379 2090 nemini
1426 2050 1534 2088 non
1562 2034 1916 2105 perspicuum
1947 2043 2053 2097 est,

461 2124 559 2193 qui
610 2124 730 2192 ejus
775 2125 983 2195 scripta
1017 2142 1141 2179 eum
1187 2124 1399 2195 judicio
1444 2127 1759 2181 revolverit.
1814 2125 1968 2192 Quod
2006 2127 2052 2181 si

462 2215 536 2267 ita
581 2222 688 2279 est,
727 2223 899 2270 restat
953 2225 1010 2269 ut
1048 2225 1156 2269 tam
1207 2217 1325 2285 ipse
1378 2217 1448 2271 ab
1483 2215 1729 2273 Ecclesia
1778 2217 2052 2271 catholica

460 2307 678 2362 alienus
716 2308 1091 2374 existimetur,
1128 2324 1293 2378 quam
1332 2309 1455 2379 ejus
1495 2310 1742 2372 haeresis,
1779 2324 1901 2380 qua:
1934 2324 2054 2380 pro-

460 2395 657 2464 plietas
691 2412 756 2451 ac
806 2399 1056 2453 cmlestia
1088 2399 1180 2452 illa
1224 2397 1368 2453 dona
1410 2415 1578 2469 penes
1611 2416 1671 2455 se
1705 2415 1831 2455 esse
1861 2399 2055 2469 prazdi-

460 2496 570 2552 eat,
622 2505 745 2558 quae
786 2505 1135 2559 nequaquam
1179 2493 1474 2560 acceperit,
1503 2492 1600 2546 sed
1654 2492 1722 2548 ab
1759 2491 1829 2546 iis
1867 2492 2053 2561 potius

457 2582 779 2636 desciverit.
822 2581 1028 2651 Ecquis
1068 2582 1256 2651 igitur,
1292 2584 1337 2637 si
1393 2583 1676 2652 paululum
1726 2582 1860 2652 quid
1903 2581 2054 2637 dicat

458 2673 752 2743 intelligat,
797 2674 1094 2743 prophetas
1128 2674 1286 2738 istos,
1330 2690 1394 2729 ac
1430 2691 1540 2729 non
1582 2675 1779 2745 planos
1818 2682 1873 2728 et
1903 2682 2053 2730 vete-

457 2774 673 2821 ratores
722 2766 1089 2835 appellandos
1118 2758 1376 2823 censeat?
1425 2766 1683 2822 Christus
1737 2768 2042 2839 enimnos

456 2859 686 2914 docuit:
731 2858 796 2912 Et
847 2858 1143 2928 Spiritum,
1182 2860 1394 2930 inquit,
1446 2859 1786 2916 Paracletum
1840 2861 2050 2915 mittam

2159 1757 2315 1812 Οὑτω
2351 1758 2454 1827 γάρ
2483 1776 2647 1830 φησιν
2688 1761 2716 1812 6
2755 1758 2960 1831 Κύριος
2999 1761 3057 1814 ὲν
3101 1759 3180 1831 τῷ
3216 1761 3569 1832 Εὑαγγελίῳο
3601 1758 3724 1830 Ἐγὼ

2155 1848 2348 1922 ἦλθον
2376 1853 2447 1906 ἐν
2473 1852 2556 1917 τῷ
2589 1853 2834 1922 ὀνόματι
2879 1851 2988 1907 τοῦ
3041 1852 3295 1922 Πατρός,
3344 1854 3444 1907 καί
3483 1857 3587 1907 οὐκ
3620 1853 3724 1905 ἑδέ-

2158 1941 2346 2007 ξασθέ
2372 1959 2469 2013 με.
2502 1944 2718 2009 Ἄλλος
2741 1943 3056 1997 ἐλεύσεται
3081 1943 3180 1997 ἐπὶ
3207 1944 3286 2010 τῷ
3322 1944 3452 2010 ιδίῳ
3478 1945 3713 2013 ὀνόματι,

2155 2034 2254 2087 καὶ
2314 2033 2591 2100 δέξονται
2654 2034 2762 2087 τὸν
2811 2034 3106 2089 τοιοῦτον.
3157 2036 3511 2106 Ἀσύμφωνος
3573 2037 3724 2089 τοίνυν

2154 2123 2503 2179 παντάπασιν
2529 2127 2557 2179 6
2582 2123 2824 2188 τοιοῦτος
2846 2124 2955 2179 τῶν
2983 2124 3142 2178 θείων
3172 2125 3407 2197 Γραφῶν
3442 2127 3642 2199 εὑρέθη,
3661 2126 3724 2188 ὡς

2157 2213 2321 2268 παντί
2349 2232 2426 2286 τῳ
2471 2209 2640 2285 σαφές
2683 2215 2894 2286 ἐστιτῷ
2939 2216 3204 2288 νουνεχῶς
3252 2219 3637 2290 ἐντυγχάνοντι.
3671 2219 3722 2272 Εἰ

2155 2305 2335 2358 τοίνυν
2363 2305 2693 2377 ἀσύμφωνος
2718 2307 2974 2378 ὑπάρχει,
3010 2308 3290 2380 ἀλλότριός
3319 2312 3440 2363 ἐστι
3467 2311 3561 2382 τῆς
3588 2309 3723 2377 ἁγίας

2154 2396 2453 2468 καθολικῆς
2498 2398 2845 2469 Ἐκκλησίας,
2896 2399 2992 2452 καὶ
3041 2401 3075 2471 ἡ
3130 2402 3254 2454 κατ’
3304 2402 3468 2456 αὑτὸν
3513 2399 3722 2472 αὑχοῦσα

2154 2488 2368 2558 αἵρεσις
2410 2490 2696 2561 προφήτας
2728 2490 2872 2561 ἔχειν
2912 2490 3005 2544 καὶ
3041 2491 3382 2563 χαρίσματα,
3420 2492 3457 2547 ἃ
3496 2494 3566 2565 μή
3599 2490 3721 2561 εἰλη-

2156 2596 2275 2649 φεν,
2314 2579 2452 2634 ἀλλά
2492 2582 2558 2634 ὲκ
2596 2581 2801 2635 τούτων
2846 2583 3080 2654 ἀπέστη.
3127 2584 3224 2648 Τίς
3259 2584 3441 2638 τοίνυν
3470 2586 3719 2656 τολμήσειε

2155 2672 2581 2743 παρακολουθῶν
2637 2673 2855 2737 τούτους
2911 2676 3198 2746 προφήτας
3253 2676 3473 2741 καλεῖν,
3522 2676 3609 2729 καὶ
3658 2676 3719 2745 μὴ

2158 2763 2357 2832 μᾶλλον
2401 2762 2633 2827 πλάνους
2676 2757 2816 2818 εἶναι
2860 2765 2987 2827 τοὺς
3018 2763 3330 2830 τοιούτους;
3384 2767 3606 2837 Χριστος
3630 2763 3719 2832 γὰρ

2153 2857 2301 2926 ἡμᾶς
2330 2854 2534 2921 ἐδίδαξε
2555 2855 2753 2923 λέγων,
2775 2857 2856 2908 ὅτι
2892 2856 2961 2909 Τὸ
2987 2856 3232 2925 Πνεῦμα
3266 2856 3331 2909 τὸ
3357 2857 3720 2926 Παρὰκλητον

456 2948 526 3002 ad
562 2966 651 3004 vos
675 2950 716 3005 ³,
782 2948 1011 3004 Necnon
1046 2950 1334 3006 miraculis
1379 2951 1542 3007 editis
1573 2952 1753 3007 aiebat
1786 2972 1799 3007 :
1839 2953 1941 3007 Ille
1972 2971 2044 3008 me

2154 2946 2515 3002 ἀποστέλλω
2557 2947 2721 3018 ὑμῖν.
2770 2947 2881 3000 Καὶ
2932 2946 3003 2999 τὰ
3048 2949 3250 3017 σημεῖα
3301 2947 3480 3011 διδοὺς
3531 2946 3716 3012 ἔλεγεν.

454 3041 775 3114 gloriﬁcabit
801 3042 845 3096 ⁸.
879 3043 1037 3109 Quod
1073 3044 1238 3097 etiam
1286 3044 1470 3114 rcipsa
1527 3044 1831 3116 contigisse
1873 3048 2044 3100 cerni-

2154 3042 2233 3093 ἧτι
2281 3039 2545 3107 Ἐκεῖνος
2593 3038 2698 3108 ἐμὲ
2774 3036 3044 3103 δοξάσει.
3091 3039 3179 3102 Ὠς
3237 3038 3307 3091 τὰ
3365 3038 3540 3110 ἀληθῆ
3593 3036 3716 3089 ἐστιν

457 3150 602 3197 mus,
636 3150 702 3189 eo
738 3136 883 3203 quod
933 3135 1191 3203 apostoli,
1224 3150 1350 3189 cum
1399 3134 1743 3190 Paracletum
1780 3134 2043 3206 Spirilum

2154 3133 2301 3195 ἰδεῖν,
2330 3132 2410 3185 ὃτι
2442 3134 2493 3185 oi
2526 3132 2669 3200 ἅγιοι
2702 3130 3013 3196 ἀπόστολοι,
3041 3131 3102 3183 τὸ
3132 3131 3495 3203 Παράκλητον
3526 3126 3719 3196 Πνεῦμα

454 3225 843 3296 accepissent,
896 3226 1176 3283 Christum
1229 3226 1699 3294 glorificaverunt.
1752 3226 2044 3281 Montanus

2154 3223 2420 3286 λαϐόντες,
2477 3220 2712 3292 Χριστὸν
2751 3219 3029 3299 ἐδόξασαν.
3079 3214 3249 3284 Οὗτος
3292 3221 3354 3273 δὲ
3405 3224 3435 3275 6
3464 3216 3706 3278 Μοντανὺς

456 3332 585 3372 vero
611 3332 768 3372 suam
804 3317 922 3386 ipse
951 3317 1181 3386 gloriam
1216 3318 1478 3371 celebrat.
1521 3317 1787 3373 Dominus
1828 3318 2044 3375 Patren

2154 3314 2339 3365 ἑαυτὸν
2381 3311 2611 3379 δοξάζει.
2657 3312 2713 3363 ὐ
2767 3310 2971 3382 Κύριος
3019 3311 3111 3365 τὸν
3160 3311 3383 3383 Πατέρα
3437 3309 3591 3365 αὑτοῦ
3627 3307 3715 3362 tot?

456 3422 620 3460 suum
648 3398 1000 3475 glorifi‘eavit.
1035 3405 1180 3459 Idem
1214 3405 1306 3459 ille
1338 3404 1604 3475 Spiritum
1640 3424 1861 3477 quoque
1888 3410 2044 3477 glori-

2154 3405 2301 3471 ξασε.
2359 3404 2468 3456 Καὶ
2512 3405 2541 3454 ὀ
2595 3402 2799 3474 Κύριος
2841 3402 3003 3456 πάλιν
3056 3404 3086 3456 6
3132 3403 3373 3474 Χριστὸς
3418 3403 3477 3457 τὸ
3526 3399 3715 3468 Πνεῦμα

455 3498 660 3562 ficavit,
695 3514 820 3552 cum
853 3498 1103 3552 veritatis
1161 3513 1284 3552 esse
1337 3497 1601 3568 Spiritum
1642 3500 1849 3554 docuit.
1899 3500 2049 3555 Mon-

454 3597 621 3645 tanus
650 3606 818 3643 unum
859 3606 918 3644 se
949 3589 1246 3659 glorificat,
1281 3605 1347 3643 ac
1374 3588 1593 3643 Patrem
1621 3606 1746 3645 esse
1769 3590 1904 3645 dicit
1937 3607 2048 3646 om-

455 3683 815 3755 nipotentem,
853 3685 945 3751 qui
991 3682 1045 3734 in
1082 3697 1205 3736 sese
1250 3681 1497 3736 habitet:
1539 3694 1599 3736 ut
1637 3683 1770 3738 illud
1820 3684 2047 3744 omnino

453 3783 705 3839 constet,
760 3775 924 3827 talem
968 3789 1092 3828 eum
1130 3790 1239 3828 non
1295 3790 1454 3839 esse,
1484 3774 1705 3844 qualem
1755 3790 1815 3831 se
1869 3775 2043 3831 videri

452 3867 731 3933 voluerit;
762 3882 865 3920 nec
897 3867 967 3919 ah
1004 3866 1220 3921 caelesti
1254 3867 1347 3920 illo
1390 3865 1549 3921 Patre
1583 3867 1840 3931 missum,
1882 3884 1983 3922 nec
2014 3885 2044 3922 a

450 3958 674 4013 Christo
697 3957 1000 4027 quidquam
1031 3957 1332 4026 accepisse.
1375 3955 1511 4010 Nam
1542 3957 1598 4011 in
1643 3956 1876 4011 Domino
1904 3974 2045 4011 cotu-

455 4051 664 4123 placuit
716 4065 935 4103 onmem
996 4047 1395 4117 plenitudinem
1434 4048 1741 4102 divinitatis
1794 4049 2045 4102 habitare

449 4140 884 4209 corporaliter“;
922 4137 1086 4210 413
1117 4148 1171 4192 ct
1216 4138 1284 4192 de
1329 4139 1673 4207 plenitudine
1708 4140 1865 4209 ejus,
1918 4156 2046 4209 pro-

450 4231 625 4300 pheta:
668 4245 861 4285 omnes
918 4237 1278 4297 acceperunt,
1338 4239 1393 4280 ut
1444 4225 1688 4282 Joannes
1739 4228 2038 4282 aliirmat‘.

454 4320 617 4377 Vides
643 4338 777 4375 sane
803 4321 1272 4389 quemadmodum
1302 4320 1583 4374 Christum
1613 4329 1822 4376 veteres
1846 4338 2037 4375 omnes

452 4413 822 4484 pradicarint,
856 4422 970 4465 tum
1004 4410 1097 4479 qui
1138 4417 1328 4479 postea
1371 4409 1547 4463 secuti
1587 4418 1717 4464 sunt
1746 4411 2025 4466 Christum

449 4504 726 4575 praeconio
758 4518 862 4557 suo
893 4511 947 4556 et
998 4500 1351 4556 confessione
1383 4499 1737 4557 celebrarint.
1778 4501 1848 4555 At
1884 4501 2029 4557 Mon-

450 4610 618 4654 tanus
647 4595 917 4648 violenter
947 4593 1170 4663 irrupit,
1213 4590 1507 4646 mirificum
1537 4593 1828 4662 quemdam
1864 4593 2034 4647 homi-

2150 3496 2388 3561 ἐδόξασε,
2416 3494 2587 3562 λέγων
2621 3494 2751 3546 αὑτδ
2787 3492 3011 3566 Πνεῦμα
3043 3493 3324 3564 ἀληθείας.
3375 3495 3435 3548 '0
3465 3489 3711 3550 Μοντανὸς

2148 3587 2205 3639 δὲ
2255 3587 2444 3641 ἑαυτὸν
2490 3585 2702 3651 δοξάζει
2760 3586 2940 3658 μόνον,
2982 3586 3078 3640 καὶ
3132 3586 3277 3655 λέγει
3324 3581 3470 3641 εἶναι
3517 3582 3710 3652 Πατέρα

2148 3680 2584 3750 παντοκράτορα,
2612 3680 2704 3733 καὶ
2744 3681 2799 3733 ὲν
2830 3678 2980 3749 αὑτῷ
3015 3679 3323 3750 ἐνοικῆσαι·
3361 3680 3449 3732 ἵνα
3479 3673 3713 3744 πανταχᾶ

2148 3772 2237 3825 θεν
2264 3770 2448 3843 δειχθῇ
2485 3772 2586 3824 οὑκ
2621 3769 2783 3832 αὑτὸς
2813 3768 2910 3832 ὢν,
2942 3768 3063 3821 οὐδὲ
3099 3770 3190 3822 ὑπ’
3222 3765 3437 3823 ἐκείνου
3480 3763 3715 3822 ἀπεσταλ-

2151 3864 2329 3935 μένος,
2361 3862 2482 3915 οὑδὲ
2520 3862 2646 3934 παρ’
2677 3858 2843 3913 αὑτοῦ
2883 3859 3196 3931 λαμϐάνων.
3239 3861 3327 3913 Ἐν
3364 3862 3474 3932 γὰρ
3516 3858 3588 3928 τῷ
3621 3857 3712 3907 Κυ-

2149 3956 2249 4026 ρίῳ
2281 3954 2547 4026 ηὑδόκησε
2581 3954 2689 4005 πᾶν
2732 3952 2793 4005 τὸ
2834 3951 3106 4024 πλήρωμα
3137 3953 3239 4022 τῆς
3271 3952 3524 4024 θεότητος
3553 3964 3712 4004 κατοιο

2146 4049 2312 4119 κῆσαι
2348 4045 2704 4116 σωματικῶςο
2738 4044 2833 4098 καὶ
2875 4045 2984 4098 ἀπὸ
3032 4044 3127 4097 τοῦ
3170 4043 3539 4116 πληρώματος
3570 4036 3710 4094 αὑτοῦ

2147 4141 2345 4203 πάντες
2373 4140 2423 4192 οἱ
2458 4138 2735 4208 προφῆται
2772 4135 3047 4208 εἰλήφασι,
3105 4136 3249 4190 κατὰ
3296 4136 3392 4190 τὸν
3438 4135 3530 4189 τοῦ
3579 4130 3711 4198 ἁγίου

2159 4224 2423 4283 Ίωάννοιί
2451 4230 2627 4298 λόγον.
2681 4229 2790 4284 Καὶ
2836 4230 2968 4298 ὁρᾷς
3017 4227 3135 4292 πῶς
3180 4229 3385 4292 πάντες
3430 4228 3479 4279 οἱ
3522 4219 3712 4277 παλαιοὶ

2071 4360 2112 4410 υ
2147 4321 2383 4392 Χριστὸν
2443 4320 2840 4392 κατήγγελλον,
2889 4320 2984 4372 καὶ
3036 4321 3087 4372 οἱ
3150 4320 3451 4390 μετέπειτα
3507 4311 3713 4410 Χριστὸν

2136 4412 2412 4476 ἐδόξασαν·
2434 4412 2528 4466 καὶ
2545 4412 2708 4465 αὑτὸν
2724 4411 2979 4483 ὡμολόγη
2987 4428 3102 4467 σαν.
3122 4412 3402 4472 Μοντανὸς
3414 4411 3469 4463 δὲ
3484 4406 3709 4474 Si“???

2136 4523 2226 4557 σεν
2244 4505 2581 4568 ἐαυτὸν,τινὰ
2599 4504 2792 4573 λέγων,
2805 4503 3166 4574 ὃπωςδειχθῇ,
3184 4503 3265 4587 ὅτι
3289 4502 3413 4556 οῦτε
3431 4491 3708 4564 Rumpitis

2136 4599 2231 4651 ἀπ’
2280 4597 2447 4651 αὑτοῦ
2516 4597 2873 4661 ἀπέσταλται,
2913 4596 3039 4651 οὑτε
3087 4596 3219 4669 παρ’
3273 4594 3442 4649 αὑτοῦ
3490 4592 3704 4660 εἴληφεν-

447 4700 572 4741 nem
597 4700 657 4742 se
678 4700 801 4740 esse
827 4684 1124 4754 jactitans;
1158 4694 1217 4739 ut
1240 4684 1322 4739 vel
1350 4684 1454 4737 hoc
1484 4683 1603 4754 ipso
1627 4700 1732 4739 nec
1758 4686 2029 4755 ejusmodi
2061 4704 2207 4755 esse,
2234 4706 2333 4745 nec
2365 4690 2433 4745 ab
2461 4690 2556 4743 illo
2587 4691 2812 4756 missus,
2844 4704 2946 4745 nec
2997 4690 3067 4745 ab
3100 4705 3167 4745 eo
3226 4690 3529 4761 quidquam
3578 4691 3717 4735 acce-

449 4782 599 4848 pisse
628 4784 987 4832 monstretur.

517 4868 698 4931 Pergit
726 4869 1013 4924 Montanus
1045 4869 1231 4924 infelix
1264 4869 1594 4925 homuncio:
1623 4868 1745 4925 Non
1783 4870 2026 4942 angelus,

448 4959 645 5029 inquit,
681 4977 783 5015 non
830 4964 1034 5031 legatus
1080 4964 1311 5030 aliquis;
1349 4961 1439 5015 scd
1469 4973 1667 5032 egomet
1699 4962 1839 5017 Deus
1872 4962 2036 5016 Pater

446 5055 664 5108 accessi.
702 5054 818 5119 Qua
860 5070 955 5110 sua
995 5069 1127 5110 voce
1162 5055 1376 5110 alienus
1427 5070 1552 5110 esse
1582 5056 2033 5127 deprehenditur,

445 5146 538 5216 qui
565 5146 842 5201 Christum
888 5147 1116 5202 minime
1164 5147 1553 5216 praedicatione
1581 5165 1681 5204 sua
1719 5150 2035 5204 celebrave-

447 5236 539 5301 rit,
567 5251 730 5305 quem
764 5238 989 5292 cmleste
1017 5254 1178 5293 omne
1221 5239 1425 5294 donum
1460 5241 1729 5298 divinitus
1770 5241 2030 5297 Ecclesia:

412 5319 707 5380 ‘eollatum
771 5342 894 5382 vere
948 5343 1164 5397 semper
1219 5344 1284 5383 ac
1342 5331 1628 5403 magnifice
1692 5332 2028 5403 praedicarit.

445 5416 632 5484 Quare
679 5427 834 5473 extra
868 5434 1072 5489 corpus
1124 5418 1407 5487 Ecclesiae,
1446 5425 1725 5496 totiusque
1778 5425 2031 5491 corporis

445 5518 611 5579 caput
654 5524 778 5565 esse
814 5512 1119 5581 reperietur
1151 5529 1165 5565 :
1199 5524 1299 5567 nec
1345 5528 1469 5569 cum
1507 5517 1621 5582 illo,
1655 5516 1898 5584 inquam,
1946 5527 2034 5568 co-

2212 4864 2344 4922 Εἷτα
2370 4867 2530 4921 πάλιν
2557 4867 2688 4937 φησὶ
2712 4867 2772 4920 τὸ
2791 4866 2991 4919 ἐλεινὸν
3010 4865 3397 4939 ἀνθρωπάριον
3429 4862 3701 4924 Μοντανδς.

2141 4963 2221 5017 ὄτι
2248 4963 2397 5016 Οὔτε
2429 4960 2707 5029 ἅγγελος,
2727 4960 2866 5012 οὔτε
2887 4960 3175 5026 πρέσϐυς,
3195 4960 3357 5014 ἀλλὰ
3383 4960 3495 5030 ἐγὼ
3517 4959 3705 5023 Κύριος

2144 5059 2177 5110 ὀ
2203 5056 2347 5122 Θεὸς
2386 5052 2588 5121 Πατὴρ
2617 5048 2830 5121 ἦλθον.
2864 5050 3050 5104 Ταῦτα
3071 5051 3127 5103 δὲ
3155 5050 3702 5123 λέγωνφωραθήσεται

2143 5146 2419 5217 ἀλλότριος
2458 5145 2555 5210 ὢν,
2595 5142 2829 5214 Χριστδν
2863 5143 2938 5214 μὴ
2966 5142 3225 5209 δοξάζων,
3251 5143 3310 5196 ὃν
3351 5144 3459 5196 πᾶν
3486 5142 3703 5212 χάρισμα

2140 5237 2585 5309 ἐκκλησιαστικὸν
2602 5238 2658 5288 ὲν
2682 5234 2977 5305 Ἐκκλησία
2991 5237 3056 5304 τῇ
3074 5234 3205 5305 ἁγίᾳ
3234 5233 3408 5299 δοθὲν,
3424 5236 3480 5285 ὲν
3499 5225 3701 5298 ἀληθείᾳ

2140 5330 2411 5394 ἐδόξασεν.
2470 5326 2841 5398 Εὑρεθήσεται
2885 5324 2994 5396 γὰρ
3056 5325 3214 5388 ἐκτὸς
3287 5320 3424 5377 εἶναι
3477 5322 3699 5389 σώματος

2151 5417 2497 5487 Ἐκκλησίας,
2567 5417 2662 5470 καὶ
2713 5416 2955 5487 κεφαλῆς
2997 5416 3091 5469 τοῦ
3132 5416 3468 5486 σύμπαντος,
3516 5410 3604 5465 καὶ
3633 5405 3697 5476 μὴ

2141 5510 2355 5583 κρατῶν
2370 5509 2467 5580 τὴν
2501 5508 2763 5581 κεφαλὴν,
2799 5507 2870 5573 ἐξ
2900 5503 3100 5578 ἧσπερ
3123 5506 3248 5562 πᾶν
3276 5507 3340 5561 τὸ
3377 5506 3544 5574 σῶμα
3568 5511 3698 5556 συν-

513 5660 535 5695 ²
562 5660 700 5717 Gen.
734 5679 813 5733 Ill,
842 5663 897 5719 5.
973 5667 993 5696 ’
1020 5662 1176 5720 Joan.
1216 5682 1267 5732 ν,
1306 5667 1394 5724 45.
1469 5667 1667 5722 'Joan.
1704 5684 1813 5732 xvr,
1841 5667 1893 5724 7.
1974 5672 1995 5698 ⁵
2028 5666 2042 5721 i

2154 5708 2159 5720 .
2198 5666 2279 5718 lt.
2356 5666 2376 5696 ⁸
2411 5664 2627 5719 Coloss.
2662 5679 2723 5728 ιι,
2751 5661 2804 5717 9.
2887 5661 2907 5691 °
2937 5659 3096 5716 Joan.
3129 5677 3165 5725 ι,
3204 5662 3287 5717 16.
