3918 6162
292 320 390 378 873

911 316 1279 374 ADVERSUS
1316 313 1660 371 IIERESES
1690 312 1821 371 LIB.
1861 314 1877 369 Ι

1991 280 2141 366 ron:
2172 308 2212 365 ι.
2252 339 2322 349 ι-
2355 306 2629 364 ιωιιεε.
2671 288 2900 362 tu.an
3428 301 3533 361 δτι

294 432 807 507 αρμολογρύμενον
838 431 1029 496 αὔξει,
1074 430 1213 484 κατά
1250 430 1309 483 τὸ
1347 428 1752 500 γεγραμμένον.
1803 425 1863 481 Ὀ

1991 439 2172 480 merere
2203 423 2400 494 capite,
2434 437 2499 475 ex.
2526 438 2626 491 quo
2670 430 2835 475 totum
2881 434 3067 489 corpus
3113 427 3533 491 coagmentatum

295 530 394 599 γὰρ
428 525 631 596 Κύριος
681 524 837 595 ἡμῶν
899 522 1106 593 Ἰησοῦς
1156 522 1390 595 Χριστὸς
1428 521 1617 574 ἑαυτὸν
1656 519 1857 584 ἔδειξεν

1992 510 2168 578 rescit,
2218 520 2275 567 ut
2320 511 2604 581 Scriptura
2652 510 2896 580 loquitur
2927 510 2966 565 ⁸.
3005 510 3217 581 Quippe
3266 510 3534 567 Dominus

295 619 456 681 ὅντως
493 615 568 668 ὢν
624 615 753 678 Υἱὸς
789 616 847 667 ὲν
876 613 1123 684 ἀληθείᾳ.
1153 613 1427 676 Μοντανὸς
1455 612 1510 666 δὲ
1547 611 1738 664 ἑαυτὸν
1764 611 1860 664 καὶ

1991 615 2148 661 ιοειον
2185 603 2346 660 Jesus
2388 603 2643 659 Christus
2690 603 2764 656 ita
2812 602 3163 674 semetipsum
3215 603 3530 667 declarari',

297 709 509 779 Πατέρα
532 707 703 774 λέγει.

355 973 460 1029 ω’.
491 972 616 1038 Πῶς
669 974 868 1039 τοίνυν,
898 968 943 1027 ὦ
988 973 1218 1046 Φρύγες,
1259 977 1390 1045 ἡμῖν
1442 974 1601 1028 πάλιν
1658 975 1860 1027 ἐπανα-

297 1069 515 1131 στάντες
549 1066 818 1137 πολέμιοι,
857 1067 951 1119 καὶ
988 1065 1405 1137 μεμορφωμένοι
1445 1069 1523 1129 είς
1548 1065 1864 1137 Χριστιανι-

1958 707 2149 748 revera
2195 700 2254 745 ut
2285 705 2602 761 germanum
2647 704 2770 746 esse
2816 691 3064 749 Parentis
3101 690 3301 748 Filium
3346 702 3537 748 osten~

1961 787 2135 842 deret.
2191 785 2483 841 Montanus
2504 791 2718 851 contra,
2752 785 2836 840 vel
2864 784 3153 841 Parentcm
3184 802 3243 842 se
3271 801 3394 843 esse
3420 789 3539 859 glo-

1962 879 2156 932 riatur.

2035 969 2146 1023 Xll.
2188 968 2319 1037 Quae
2347 984 2471 1025 cum
2500 970 2575 1025 ita
2599 972 2731 1034 sint,
2763 985 2873 1041 qno
2902 970 3117 1025 tandem
3149 979 3328 1042 pacto,
3366 970 3541 1042 Phry—

1966 1077 2080 1132 ges,
2104 1062 2200 1131 qui
2221 1070 2412 1116 contra
2444 1078 2546 1119 nos
2582 1064 2707 1117 novi
2734 1063 2930 1118 iterum
2961 1062 3145 1119 hostes
3185 1063 3536 1134 consurgitis,

296 1158 391 1230 κὴν
409 1158 713 1229 ἐπίκλησιν,
739 1157 1027 1227 βαρϐάρων
1040 1157 1097 1210 δὲ
1113 1158 1517 1231 ἐπανῃρημένοι
1538 1159 1740 1229 μάχην,
1769 1159 1863 1213 καὶ

1991 1164 2019 1209 et
2051 1163 2276 1211 externa
2307 1154 2543 1225 quadam
2578 1156 2766 1226 specie
2813 1156 3187 1212 Christianum
3234 1157 3302 1212 ad
3343 1173 3540 1213 nomen

295 1252 399 1304 τῶν
415 1248 617 1321 Τρώων
644 1249 738 1303 καὶ
758 1249 983 1319 Φρυγῶν
1013 1250 1337 1321 μιμούμενοι
1360 1250 1421 1303 τὸ
1448 1249 1725 1320 πολέμιον,
1751 1249 1868 1314 πῶς

300 1341 602 1412 πεισθῶμεν
660 1342 808 1410 ὑμῖν,
840 1342 1055 1410 λέγουσι
1094 1341 1182 1395 διὰ
1222 1341 1539 1413 χαρίσματα
1569 1341 1863 1411 ἀφεστάναι

298 1435 390 1504 τῆς
423 1433 773 1504 Ἐκκλησίας;
809 1434 1005 1487 Ούκέτι
1034 1433 1144 1505 γὰρ
1174 1433 1489 1504 χαρίσματα
1514 1432 1599 1504 εἴη
1632 1432 1700 1486 τὰ
1726 1433 1852 1487 ἀλλό

297 1541 418 1594 τρια
449 1523 805 1593 χαρισμάτων
832 1524 978 1586 ὄντα,
1007 1525 1100 1578 καὶ
1133 1524 1283 1594 παρὰ
1312 1523 1402 1576 τὸν
1434 1522 1870 1595 χαρακτῆρα”τὸν

300 1615 400 1669 ὕπὸ
416 1614 621 1685 Κυρίου
649 1613 1075 1685 ύπισχνούμενα,
1106 1615 1182 1677 ὡς
1203 1617 1250 1668 oi
1272 1614 1393 1668 καθ’
1429 1616 1573 1686 ὑμᾶς
1601 1615 1873 1686 προφῆται

299 1698 561 1773 λέγουσιν.
619 1704 912 1773 Εἱσάγεται
937 1706 958 1737 ³
1008 1707 1138 1776 ἡμῖν
1171 1705 1334 1759 πάλιν
1368 1706 1464 1759 καὶ⁸
1494 1704 1870 1775 Μαξιμίλλαν·

1969 1245 2347 1316 usurpandum
2385 1247 2650 1311 illuditis;
2696 1262 2761 1302 ac
2790 1249 3154 1319 Trojanorum
3187 1257 3236 1305 et
3266 1248 3542 1321 Phrygum

1970 1337 2167 1393 hostile
2200 1339 2255 1392 in
2298 1353 2399 1392 nos
2430 1339 2614 1393 odium
2654 1340 2977 1396 imitamini:
3008 1343 3102 1411 qui
3138 1356 3260 1407 nos,
3295 1341 3541 1412 inquam,

1972 1428 2172 1483 habere
2230 1427 2388 1483 ﬁdem
2443 1428 2596 1483 vobis
2658 1443 2971 1498 possumus.
3008 1445 3132 1485 cum
3183 1431 3254 1486 ob
3303 1432 3545 1503 coelestia

1972 1513 2114 1567 dona
2132 1530 2229 1569 vos
2256 1515 2324 1569 ab
2354 1514 2596 1571 Ecclesia
2623 1515 2947 1572 discessisse
2972 1517 3196 1587 jactatis
3213 1519 3235 1571 ?
3254 1517 3372 1573 Non
3399 1520 3544 1576 enim

1973 1606 2220 1661 coelestia
2252 1622 2376 1663 esse
2405 1608 2547 1662 dona
2582 1619 2832 1677 possunt,
2862 1626 2981 1679 quae
3007 1619 3291 1682 tantopere
3323 1619 3451 1668 sunt
3478 1613 3549 1667 ab

1975 1698 2246 1769 ejusmodi
2275 1699 2436 1754 donis
2464 1700 2673 1763 aliena;
2705 1716 2935 1771 quaeque
2959 1711 3155 1772 praeter
3176 1704 3484 1759 institutam
3516 1718 3548 1757 a

299 1797 390 1850 καὶ
413 1797 521 1869 γὰρ
549 1798 643 1851 καὶ
668 1797 735 1863 τὰ
755 1797 993 1866 ὀνόματα
1018 1796 1174 1867 ἡμῶν
1193 1795 1561 1868 διηλλαγμένα
1588 1798 1684 1849 καὶ
1711 1795 1869 1864 φοϐε-

1991 1789 2204 1845 Domin‘o
2228 1791 2552 1855 formam,ac
2569 1794 2838 1847 rationem
2860 1795 3170 1859 ostenditis,
3193 1796 3552 1865 quemadmo-

300 1887 533 1958 ρώτατα,
558 1888 652 1941 καὶ
675 1887 798 1941 οὔτε
822 1886 1093 1957 προσηνές
1112 1903 1162 1939 τι
1193 1888 1287 1940 καὶ¹
1308 1885 1644 1955 γλυκύτατον
1664 1885 1875 1956 ἔχοντα,

300 1977 433 2032 ἀλλὰ
449 1978 640 2050 ἄγριον
673 1980 766 2032 καὶ
790 1978 1141 2050 βαρϐαρικόν.
1174 1978 1350 2042 Εὐθὺς
1378 1979 1487 2049 γάρ
1524 1977 1660 2049 αῦτη
1691 1979 1723 2049 ἠ
1763 1979 1880 2031 Μα-

300 2069 566 2141 ξιμίλλαή
603 2070 753 2141 παρά
779 2072 890 2133 τοῖς
910 2068 1168 2132 τοιούτοις
1192 2069 1334 2123 κατά
1369 2069 1588 2140 Φρύγας
1608 2069 1748 2122 οὕτω
1779 2085 1880 2122 κα-

301 2161 598 2233 λουμένοις,
645 2161 934 2228 ἀκούσατε,
975 2156 1020 2214 ὧ
1069 2162 1259 2225 παῖδες
1296 2161 1557 2232 Χριστοῦ,
1596 2162 1650 2214 τί
1686 2159 1874 2228 λέγει·

315 2253 490 2322 Ἐμοῦ
531 2253 619 2323 μὴ
675 2254 996 2321 ἀκούσητε,
1035 2253 1114 2308 ἀλ
1127 2254 1197 2309 λὰ
1253 2253 1509 2321 Χριστοῦ
1553 2254 1875 2309 ἀκούσατε.

303 2344 411 2399 Καὶ
444 2347 501 2399 ὲν
540 2340 622 2409 οἷς
674 2345 819 2413 ἔδοξε
878 2346 1112 2416 Χριστὸν
1150 2344 1393 2412 δοξάζειν
1422 2344 1785 2414 πεπλάνηται.
1813 2343 1878 2398 Ei

235 2428 237 2430 ’
298 2435 408 2507 γὰρ
431 2432 499 2507 ἦν
519 2435 612 2489 τοῦ
634 2435 891 2507 Χριστοῦ,
919 2436 1102 2504 ἔλεγεν
1123 2436 1187 2489 ἂν
1214 2435 1356 2489 κατά
1376 2435 1503 2498 τοὺς
1528 2435 1716 2504 ἁγίους
1742 2433 1880 2488 ἀπυ-

303 2528 539 2593 στόλους,
587 2528 663 2593 ὡς
703 2528 932 2592 ἔκαστος
968 2528 1116 2597 λέγει
1143 2546 1156 2560 ο
1190 2528 1394 2600 Πέτρος
1432 2528 1528 2599 μὲν
1557 2528 1770 2599 πρῶτος
1794 2527 1884 2582 λέ-

303 2634 412 2687 γων
431 2658 446 2683 ,
477 2619 557 2673 ὅτι
582 2618 782 2688 Ἡμεῖς
796 2620 946 2688 παρ’
971 2619 1157 2674 αὑτοῦ
1185 2620 1535 2690 ἠκούσαμεν
1557 2637 1570 2651 ·
1591 2621 1687 2673 καὶ
1714 2618 1883 2675 αὐτοῦ

301 2713 391 2767 τοῦ
459 2713 668 2784 Κυρίου
715 2713 1003 2780 λέγοντος·
1083 2713 1147 2766 '0
1200 2712 1369 2782 ὑμῶν
1421 2714 1676 2777 ἀκούων,
1736 2713 1882 2785 ἐμοῦ

302 2802 546 2858 deterior
579 2804 674 2857 καὶ
713 2802 808 2855 τοῦ
845 2802 1058 2856 Παύλου
1110 2802 1392 2871 λέγοντοςο
1450 2804 1711 2872 Μιμηταί
1763 2820 1883 2872 μου

305 2895 566 2961 γίνεσθε,
626 2894 820 2960 καθὼς
850 2894 1009 2963 κάγὼ
1036 2894 1314 2964 Χριστοῦ.
1357 2894 1506 2966 Αὕτη
1543 2895 1600 2948 δὲ
1618 2888 1884 2967 ίάληθεύει

304 2986 629 3058 ψευδομένη,
685 2987 776 3040 καὶ
835 2986 908 3058 μὴ
938 2985 1256 3057 βουλομένη.
1280 2985 1479 3051 Καλῶς
1502 2988 1559 3041 δὲ
1595 2987 1743 3055 λέγει
1781 2988 1885 3057 φά-

309 3094 530 3145 σκουσα,
558 3077 721 3133 ἀλλὰ
758 3079 1036 3148 Χριστοῦ.
1071 3077 1340 3141 Πολλάκις
1365 3077 1473 3151 γὰρ
1498 3078 1567 3132 τά
1599 3078 1885 3151 ἀκάθαρτα

1977 1881 2108 1935 dum
2140 1882 2416 1951 prophetae
2450 1883 2616 1937 vestri
2650 1883 2994 1954 profitentur.
3056 1883 3162 1939 Sed
3195 1886 3550 1941 Maximillam

1976 1976 2165 2031 nescio
2198 1991 2362 2046 quam
2391 1977 2549 2032 nobis
2585 1978 2879 2033 obtruditis
2922 1979 3162 2050 :quippe
3201 1980 3283 2034 vel
3310 1981 3425 2050 ipsa
3463 1995 3557 2033 no-

1978 2067 2125 2121 mina
2165 2076 2349 2122 vestra
2399 2083 2430 2122 a
2464 2070 2744 2123 communi
2788 2085 2892 2125 usu
2941 2078 3150 2126 remota
3202 2079 3349 2137 sunt,
3385 2079 3437 2125 et
3485 2072 3555 2126 ad

1978 2166 2241 2213 terrorem
2293 2161 2629 2230 composita;
2684 2177 2860 2232 neque
2916 2164 3046 2218 mite
3094 2163 3391 2234 quidquam
3446 2164 3554 2220 illis

1980 2251 2140 2317 inest,
2169 2261 2261 2305 aut
2304 2253 2655 2321 jucundum:
2693 2255 2786 2310 sed
2848 2256 3165 2320 barbarum,
3210 2265 3263 2312 ct
3316 2265 3551 2327 agreste.
3648 2268 3657 2283 κ

1981 2341 2105 2398 llaec
2149 2344 2314 2413 igitur
2362 2343 2677 2409 Maximilla,
2719 2361 2881 2416 quam
2930 2346 3170 2419 Phryges
3223 2349 3312 2403 isti
3356 2348 3554 2418 praedi-

1981 2442 2129 2501 cant,
2154 2435 2357 2497 audite,
2388 2435 2591 2489 Christi
2624 2436 2745 2499 ﬁlii,
2775 2438 3235 2508 quemadmodum
3270 2441 3509 2511 loquitur
3540 2459 3554 2494 :

1982 2522 2072 2580 He
2102 2525 2311 2596 quidem
2338 2543 2440 2580 non
2472 2527 2671 2592 audite,
2700 2529 2790 2583 sed
2818 2527 3089 2584 Christum
3122 2530 3319 2584 audite.
3347 2530 3557 2597 Quibus

1982 2618 2183 2684 verbis,
2213 2617 2337 2672 licet
2376 2618 2597 2674 Christo
2624 2619 2887 2676 honorem
2921 2621 3123 2677 habere
3168 2622 3435 2687 videatur,
3462 2623 3559 2678 iis-

1983 2708 2104 2764 dem
2129 2717 2310 2763 tamen
2336 2708 2468 2778 ipsis
2497 2724 2738 2764 errorem
2767 2727 2925 2766 suum
2953 2712 3315 2767 demonstrat.
3350 2711 3485 2767 Nam
3512 2713 3560 2767 si

1983 2799 2184 2855 Christi
2220 2798 2383 2866 foret,
2412 2800 2657 2855 eamdem
2690 2803 2743 2855 in
2772 2803 3048 2873 loquendo
3085 2804 3370 2859 formulam
3400 2804 3559 2859 adhi-

1986 2891 2158 2957 beret,
2215 2907 2320 2963 qua
2372 2893 2603 2963 apostoli
2663 2907 2853 2949 omnes
2906 2894 3223 2966 singillatim
3270 2898 3354 2952 usi
3412 2908 3558 2954 sunt.

1984 2981 2241 3054 Inprimis
2275 2982 2509 3040 Petrus:
2556 2982 2695 3048 Nos,
2726 2984 2922 3057 inquit,
2952 2989 3016 3040 ab
3058 2987 3152 3041 illo
3188 2989 3485 3044 audivimus
3515 2991 3558 3043 ⁸.

1989 3076 2094 3133 Sed
2126 3085 2178 3133 et
2200 3076 2468 3133 Dominus
2518 3079 2634 3149 ipse
2662 3078 2842 3135 dixit:
2879 3080 2983 3146 Qui
3028 3096 3100 3143 ea,
3172 3080 3320 3146 .udit,
3361 3098 3441 3136 me
3466 3098 3564 3136 au-

306 3166 592 3239 πνεύματα
643 3168 1010 3238 ἀναγκάζεται
1059 3168 1229 3224 ἑαυτᾶ
1268 3170 1571 3242 καθαιρεῖν,
1623 3170 1724 3223 ούκ
1759 3169 1885 3226 ὄντα

1991 3168 2067 3222 dit
2096 3171 2139 3224 ⁸.
2182 3169 2385 3227 Paulus
2412 3172 2538 3226 item
2565 3190 2579 3227 :
2611 3171 2915 3227 Imitatores
2957 3174 3057 3227 mei
3107 3183 3287 3240 estote,
3334 3175 3470 3229 sicut
3513 3184 3565 3229 et

303 3259 403 3328 τῆς
450 3259 728 3332 ἀληθείας,
774 3262 873 3315 καὶ
925 3262 1243 3331 ὑποφαίνειν
1295 3261 1386 3315 τὸν
1437 3262 1642 3332 Κύριον
1681 3260 1881 3326 αὐτῶν,

309 3349 549 3416 θέλοντα,
581 3352 675 3404 καὶ
705 3351 778 3422 μὴ
808 3351 1047 3417 θέλοντα,
1074 3353 1142 3406 δι’
1168 3353 1411 3422 ἀνάγκην
1428 3370 1441 3384 ·
1470 3352 1546 3417 ὥς
1569 3355 1602 3425 ἡ
1626 3353 1882 3426 παιδίσκη

309 3442 343 3511 ὴ
373 3441 568 3513 ἔχουσα
596 3444 813 3514 πνεῦμα
844 3444 1099 3509 Πύθωνος
1130 3446 1313 3514 ἔλεγεν
1336 3461 1352 3478 ·
1381 3441 1555 3501 Οὗτοι
1576 3450 1630 3500 οἱ
1665 3447 1888 3515 ἀνθρω-

310 3544 410 3585 ττοι
455 3533 560 3588 τοῦ
589 3535 735 3588 Θεοῦ
786 3534 992 3590 δοῦλοι
1016 3536 1123 3591 τοῦ
1194 3537 1462 3605 ὑψίστου
1490 3539 1639 3592 εἶσί·
1671 3539 1766 3591 καὶ
1803 3540 1885 3602 τὸ,

312 3624 382 3678 Τί
412 3625 595 3694 ἦλθες
624 3628 734 3695 πρὸ
781 3629 986 3697 καιροῦ
1030 3630 1368 3695 ,βασανίσαι
1388 3630 1586 3700 mide;
1636 3632 1890 3702 Οἵδαμέν

309 3730 385 3770 σε
412 3718 505 3785 τίς
534 3714 607 3783 εἴ,
636 3723 670 3773 ό
696 3719 885 3790 Ἀγιος
912 3721 1018 3776 τοῦ
1046 3722 1195 3777 Θεοῦ
1217 3742 1230 3756 ν
1258 3722 1332 3787 ὡς
1359 3722 1452 3777 καὶ
1481 3722 1616 3795 αὕτη
1652 3725 1889 3793 ἀναγκα-

307 3805 513 3878 ζομένη
540 3808 725 3877 ἔλεγεν
750 3811 918 3881 αὐτῆς
949 3812 1023 3884 μὴ
1058 3811 1296 3879 ἀκούειν,
1327 3813 1462 3866 ἀλλά
1488 3813 1746 3885 Χριστοῦ.

1989 3278 2082 3331 ego
2116 3261 2386 3316 Christi".
2437 3263 2508 3316 At
2556 3263 2647 3320 illa
2683 3266 2994 3321 mentiendo
3025 3266 3109 3321 vel
3158 3266 3328 3322 invita
3375 3283 3565 3323 verum

1991 3351 2164 3405 dicit:
2208 3351 2374 3425 414
2416 3362 2673 3427 recteque
2712 3340 2861 3412 istud
2905 3357 3111 3426 adjicit,
3153 3358 3243 3413 sed
3272 3356 3563 3414 Christum.

1997 3440 2150 3512 Smpe
2196 3444 2340 3497 enim
2392 3443 2591 3515 impuri
2645 3448 2871 3517 spiritus
2917 3450 3241 3520 semetipsos
3296 3459 3570 3522 coguntur

1996 3541 2260 3601 evertere,
2287 3549 2411 3589 cum
2443 3551 2473 3589 a
2503 3538 2729 3592 veritate
2775 3540 3122 3606 abhorreant,
3168 3556 3232 3596 ac
3277 3540 3567 3597 Dominum

1997 3644 2180 3693 suum,
2215 3628 2385 3684 velint
2414 3630 2609 3695 nolint,
2650 3634 2964 3687 necessario
3020 3635 3317 3690 declarant.
3366 3634 3573 3702 Quem-

1997 3720 2286 3773 admodum
2344 3721 2521 3788 puella
2580 3722 2671 3774 illa
2739 3722 3038 3793 Pythonico
3089 3723 3287 3793 Spiritu
3342 3725 3568 3794 praedita

1997 3811 2307 3865 clamabat:
2337 3812 2592 3865 Homines
2636 3812 2726 3863 isti
2765 3810 2859 3864 Dei
2905 3812 3157 3867 altissimi
3189 3816 3324 3870 servi
3355 3825 3477 3870 sunt
3525 3816 3565 3868 ".

312 3896 435 3964 Quo
479 3910 538 3956 et
586 3901 717 3956 illud
758 3903 993 3971 pertinet
1034 3921 1051 3958 :
1089 3903 1199 3957 Cur
1248 3905 1433 3958 venisti
1484 3912 1604 3958 ante
1662 3912 1860 3971 tempus
1913 3910 2151 3970 torquere
2195 3902 2336 3955 nos?
2372 3898 2629 3953 Nouimus
2673 3898 2764 3970 qui
2811 3901 2885 3954 sis
2927 3915 2945 3954 :
2998 3900 3229 3958 Sanctus
3276 3902 3376 3959 Dei
3404 3905 3443 3957 ⁸.
3494 3903 3570 3958 Ita

315 3992 608 4049 Maximilla
659 3994 711 4047 vi
757 3993 992 4062 quadam
1047 3994 1279 4063 impulsa
1331 3994 1504 4047 audiri
1557 4008 1614 4047 se
1668 3992 1890 4045 minime
1916 3991 2052 4055 vult,
2090 3990 2186 4045 sed
2213 3990 2512 4044 Christum.

389 4083 510 4147 Πῶς
531 4078 624 4137 οὖν
651 4082 808 4137 τοῦτο
843 4085 892 4136 οἱ
918 4083 1044 4156 παρ’
1070 4084 1239 4148 αὐτῆς
1276 4084 1592 4153 ἀκηκοότες,
1630 4083 1722 4137 καὶ
1753 4082 1889 4153 αὐτῇ

312 4172 760 4234 πεπιστευκότες,
799 4171 1073 4241 βούλονται
1095 4173 1264 4243 αὐτῆς
1294 4172 1532 4238 ἀκούειν,
1561 4173 1690 4243 παρ’
1724 4171 1893 4242 αὐτῆς

320 4265 583 4336 μαθόντες
617 4265 690 4336 μὴ
726 4265 894 4335 αὐτῆς
927 4263 1168 4329 ἀκούειν,
1211 4264 1346 4318 ἀλλὰ
1384 4265 1587 4336 Κυρίου
1610 4280 1623 4328 ;
1648 4264 1757 4318 Καὶ
1785 4263 1894 4334 γάρ

317 4355 534 4425 ἀληθῶς
561 4355 775 4424 ἐπίγεια
799 4355 1174 4426 φθεγγομένης
1200 4356 1389 4427 αὐτῆς,
1426 4358 1474 4409 εί
1496 4356 1678 4427 παρῆν
1713 4354 1896 4418 αὐτοῖς

324 4448 558 4515 σύνεσις,
583 4450 682 4502 οὐκ
712 4437 824 4502 ἔδει
861 4449 1031 4520 αὐτὴν
1064 4448 1373 4504 ἀκούεσθαι.
1406 4451 1513 4503 Καὶ
1541 4451 1615 4520 μὴ
1644 4449 1790 4518 λέγε,
1814 4450 1895 4501 ὅτι

318 4539 739 4612 παρηκολούθει.
761 4541 832 4593 Οὐ
852 4540 959 4612 γὰρ
982 4539 1510 4609 παρακολουθοῦντός
1532 4542 1647 4595 ἐστι
1674 4541 1735 4594 τὸ
1752 4540 1898 4595 διδά-

323 4649 495 4697 σκειν,
520 4633 612 4686 καὶ
639 4632 828 4686 ἑαυτὸν
849 4633 1195 4705 ἀνατρέπειν.
1231 4633 1293 4685 Ei
1319 4632 1427 4702 γὰρ
1452 4632 1586 4696 ὅλως
1619 4631 1898 4700 λέγει,Μὴ

320 4724 572 4781 ἀκούετέ
590 4742 731 4796 μου,
766 4705 915 4777 ποῗον
939 4720 1004 4796 ἦν
1025 4725 1085 4778 τὺ
1112 4723 1335 4795 Πνεῦμα
1354 4723 1414 4776 τὸ
1431 4722 1623 4777 λαλοῦν
1648 4726 1706 4777 ὲν
1725 4725 1861 4793 αὐτῇ
1885 4740 1899 4789 ;

322 4819 388 4872 Et
423 4817 560 4888 αύτὴ
598 4816 803 4884 ἔλεγεν,
849 4816 881 4887 ἢ
920 4819 938 4847 ¹
969 4815 1275 4887 ἄνθρωπος,
1301 4815 1407 4888 ἀρα
1430 4816 1530 4868 οὐκ
1559 4810 1626 4886 ἦν
1648 4817 1705 4867 ἐν
1732 4814 1902 4867 Πνεύ·

325 4926 460 4979 ματι
479 4909 639 4978 ἁγίῳ.
681 4909 744 4960 ’Π
764 4908 875 4978 γὰρ
900 4907 1154 4976 λέγουσα,
1186 4908 1281 4974 Μὴ
1297 4906 1548 4964 ἀκούετέ
1570 4923 1711 4975 μου,
1745 4904 1904 4974 δῆλον

321 5000 386 5052 τὺ
418 5000 753 5072 ἀνθρώπινον
793 4999 967 5067 ἔλεγε,
996 5000 1089 5052 καὶ
1120 5000 1219 5052 οὐκ
1246 4995 1313 5069 ἦν
1356 5002 1414 5052 ὲν
1437 4997 1713 5067 Πνεύματι
1738 4997 1900 5067 ἁγίῳ.

335 5092 403 5145 Ἦ
430 5093 485 5145 δὲ
505 5093 578 5164 μὴ
599 5089 733 5146 οὖσα
758 5095 815 5146 ὲν
832 5090 1108 5162 Πνεύματι
1143 5091 1279 5161 ἁγίῳ
1305 5089 1533 5154 ἀνωθεν,
1558 5086 1690 5142 οὖσα
1723 5088 1779 5141 δὲ
1805 5088 1899 5141 τοῦ

324 5186 672 5259 ἀνθρωπίνου
723 5187 1088 5259 φρονήματος,
1138 5185 1287 5237 οὐδὲν
1326 5182 1609 5250 ἐγίνωσκε.
1658 5182 1769 5236 Καὶ
1802 5182 1901 5261 οὐκ

326 5277 400 5352 ἦν
430 5282 538 5353 ἄρα
568 5279 791 5350 Πνεῦμα
838 5277 1017 5346 ἅγιον,
1067 5277 1203 5330 ἀλλά
1242 5275 1567 5348 ἀνθρωπίνῳ
1600 5275 1908 5349 φρονήματι

2068 4079 2172 4144 Qui
2220 4080 2382 4149 igitur
2417 4079 2521 4133 hoc
2551 4078 2620 4133 ab
2665 4079 2756 4133 illa
2791 4081 3085 4147 audierint,
3121 4083 3279 4154 eique
3327 4085 3573 4143 credide-

2001 4168 2131 4231 rint,
2182 4183 2282 4222 cur
2330 4184 2447 4222 eam
2497 4168 2705 4224 diutius
2758 4171 3006 4235 audiunt,
3045 4187 3168 4227 cum
3208 4190 3321 4229 non
3370 4175 3569 4246 ipsam,

2004 4261 2098 4315 sed
2121 4260 2398 4315 Christum
2424 4260 2755 4316 audiendum
2783 4263 2852 4317 ab
2877 4263 3079 4320 illamet
3104 4266 3219 4336 ipsa
3242 4266 3579 4323 didicerint?

2004 4352 2068 4406 Et
2099 4368 2229 4409 vero
2274 4368 2395 4409 cum
2436 4353 2656 4409 nonnisi
2707 4362 2925 4411 terrena
2966 4356 3213 4426 quaedam
3246 4358 3478 4423 ell'utiat,
3531 4361 3577 4418 si

2003 4445 2147 4500 ullus
2179 4445 2232 4499 in
2258 4443 2340 4500 eis
2364 4459 2560 4502 sensus
2591 4447 2816 4512 inesset,
2840 4449 3029 4504 audire
3055 4448 3202 4503 illam
3234 4467 3576 4523 nequaquam

2001 4545 2299 4608 oporteret.
2347 4537 2457 4593 Nec
2487 4548 2572 4594 est
2602 4539 2745 4609 quod
2786 4541 3016 4609 objicias
3066 4541 3205 4595 hanc
3248 4543 3582 4599 intellexisse

2003 4629 2134 4698 quid
2194 4630 2420 4683 diceret.
2456 4628 2579 4682 Non
2614 4631 2757 4683 enim
2819 4629 3169 4699 intelligentis
3223 4646 3343 4686 esse
3402 4642 3583 4702 potest

2004 4728 2192 4776 contra
2246 4737 2305 4775 se
2347 4720 2546 4775 docere
2603 4721 2830 4791 aliquid,
2886 4736 2951 4774 ac
2988 4721 3093 4775 sibi
3139 4721 3245 4790 ipsi
3297 4723 3579 4794 refragari.

2002 4813 2137 4869 Nam
2170 4815 2216 4868 si
2249 4814 2473 4868 omnino
2503 4814 2577 4867 ita
2609 4813 2853 4883 loquitur
2886 4833 2899 4867 :
2937 4812 3018 4867 Ne
3053 4831 3132 4867 me
3161 4815 3419 4883 auditote,
3447 4833 3583 4890 qua-

2008 4909 2210 4962 lisnam
2267 4907 2356 4961 hic
2406 4908 2499 4978 qui
2557 4909 2609 4961 in
2657 4922 2719 4963 ea
2780 4908 3104 4978 loquebatur
3163 4909 3390 4987 spiritus
3441 4909 3586 4987 fuit?

2011 4997 2166 5065 Quod
2199 4999 2244 5053 si
2279 5014 2375 5069 per
2406 5014 2529 5054 sese
2552 4999 2670 5068 ipsa
2700 5007 2973 5070 quatenus
3000 4999 3166 5054 homo
3189 4985 3335 5075 erat,
3354 5000 3430 5055 ita
3460 4985 3589 5071 pro-

2009 5089 2305 5153 nuntiavit,
2343 5104 2451 5144 non
2485 5090 2655 5161 igitur
2685 5088 2928 5160 Spiritus
2951 5105 3070 5145 eam
3102 5101 3327 5164 sanctus
3367 5091 3585 5169 aliiach

2011 5192 2115 5240 rat.
2158 5185 2291 5250 Quae
2317 5185 2461 5239 cnim
2487 5184 2666 5238 audiri
2700 5168 2763 5239 sed
2792 5182 3063 5254 prohibet,
3097 5183 3395 5237 humanum
3426 5168 3578 5251 quid-

2009 5278 2134 5332 dam
2170 5278 2359 5348 procul
2422 5276 2589 5332 dubio
2638 5277 2933 5348 signiﬁcat,
2973 5290 3075 5332 nec
3124 5276 3363 5346 impulsu
3412 5273 3586 5330 Sancti

327 5371 511 5426 ἐλάλει
559 5372 653 5425 καὶ
687 5369 1002 5440 ἐφθέγγετο.
1047 5366 1111 5421 El
1138 5367 1195 5421 δὲ
1243 5364 1517 5436 Πνεύματι
1552 5366 1692 5435 ἁγίῳ
1735 5365 1885 5418 ὲλάλε

2014 5365 2254 5436 Spiritus
2311 5369 2510 5439 agitur.
2572 5367 2737 5423 Porro
2798 5383 2920 5439 quae
2968 5368 3187 5423 caelitus
3236 5367 3435 5422 hausto
3497 5365 3588 5418 illo

327 5466 426 5521 καὶ
467 5466 823 5538 προεφήτευε,
865 5465 1017 5516 ποῖον
1051 5459 1159 5533 ἄρα
1185 5455 1252 5532 ἦν
1287 5459 1347 5512 τὸ
1395 5457 1617 5529 Πνεῦμα
1647 5458 1705 5511 τὸ
1735 5457 1911 5527 ἆγιον,

2015 5457 2251 5528 Spiritu.
2274 5461 2501 5514 minime
2549 5459 2877 5524 ducebatur,
2915 5458 3012 5514 sed
3047 5459 3285 5512 humana
3322 5458 3595 5513 duntaxat

414 5644 427 5675 '
461 5641 822 5717 Reienses.
900 5639 1020 5717 [ξ’.
1191 5640 1212 5671 ³
1240 5638 1453 5695 Coloss.
1494 5654 1554 5705 ιι,
1602 5636 1681 5694 l9.
1759 5638 1783 5668 ⁸
1810 5636 1885 5692 Ac

1991 5651 2054 5706 IV,
2094 5639 2185 5694 20.
2263 5639 2284 5670 ⁵
2318 5637 2450 5695 Luc.
2490 5656 2542 5707 x,
2578 5638 2666 5696 16.
2746 5639 2766 5672 ⁸
2801 5637 2820 5692 Ι
2859 5638 2985 5702 ,Cor.
3019 5636 3184 5703 xr,.i.
3263 5635 3284 5666 '
3314 5634 3446 5717 Act.
3475 5648 3597 5700 xvr,

334 5715 430 5769 t6.
519 5714 540 5743 ⁸
565 5712 756 5765 Matth.
784 5726 904 5775 vm,
934 5711 1014 5766 29.

538 5808 812 5870 ΡΑτιιοι.
851 5807 966 5868 Gn.
1013 5805 1175 5868 XLI.

1876 5869 1906 5884 Ι

3203 5792 3283 5856 28
