3952 6146
400 229 516 289 875

1820 226 1878 285 8.
1919 224 2267 282 EPIPHANII

2732 130 2747 159 ι

3543 227 3661 285 δ’ἔΰ

410 340 697 416 sapientia,
716 338 1136 397 'noverat‘nihil.
1167 336 1288 394 Non
1318 349 1437 394 erat
1472 338 1638 410 igitur
1673 338 1730 395 in
1761 353 1827 396 ea
1851 337 1975 410 Spi-

2087 338 2139 392 τὸ
2186 337 2363 406 λέγον,
2424 337 2586 409 Ἑμοῦ
2626 336 2701 410 μὴ
2751 338 3008 406 auctius;
3059 338 3171 393 Kal.
3198 337 3370 407 πολλή
3413 336 3529 392 ἐστι
3572 335 3677 400 τῆς

403 437 545 492 ritus
576 441 822 496 sanctus,
862 431 960 488 sed
1006 432 1266 499 humana,
1313 438 1372 486 ut
1401 430 1540 494 dixi,
1574 430 1842 501 sapientia
1861 430 1983 486 uni-

403 542 575 583 versa.
599 523 1011 595 pronuntiabat.
1052 523 1273 593 Alioqui
1306 523 1355 579 si
1409 522 1587 578 sancti
1638 522 1879 593 Spiritus
1911 523 1985 578 lo-

402 626 663 685 queretur
711 629 775 668 ac
809 613 1206 669 vaticinaretur
1255 614 1545 681 instinctu,
1595 613 1720 682 quis
1755 613 1847 668 ille
1889 611 1984 668 de-

350 738 357 755 ι
400 707 811 775 mam-spiritus
836 706 1071 770 exstitit,
1112 706 1204 775 qui
1243 704 1423 760 audiri
1466 720 1525 760 se
1553 704 1757 761 nollet?
1790 702 1981 773 Magna

388 799 649 871 .profet-to
688 798 959 853 mendacii
996 807 1083 853 est
1130 798 1447 867 errorisque
1476 797 1716 851 caecitas.
1755 794 1984 866 Magnus

402 907 567 962 porro
609 890 703 945 Dei
754 905 954 953 sermo,
987 890 1214 965 quinos
1246 890 1395 961 omni
1421 889 1634 942 ratione
1664 886 1733 941 ad
1773 901 1837 942 ea
1866 886 1983 941 dis-

372 961 672 1037 -cernetida
727 983 985 1043 instituit,
1047 961 1168 1051 quae
1215 980 1389 1035 sancti
1446 978 1684 1049 Spiritus
1740 978 1982 1049 impulsu

380 1080 611 1145 prolata
643 1082 773 1130 sunt
807 1094 819 1128 :
850 1088 972 1144 quae
1006 1072 1203 1142 partim
1245 1088 1310 1128 ex
1346 1087 1582 1143 persona
1619 1071 1824 1136 Patris,
1856 1084 1982 1141 par-

376 1168 495 1219 ‘tim
539 1181 604 1220 ex
651 1180 885 1234 persona
944 1161 1106 1226 Filii,
1157 1162 1356 1233 partim
1404 1178 1471 1218 ex
1525 1162 1763 1233 Spiritus
1805 1160 1981 1217 sancti

322 1326 327 1331 1
397 1272 634 1328 persona
685 1257 961 1311 dicuntur.
999 1255 1164 1325 Atqui
1219 1254 1264 1311 si
1315 1255 1406 1310 ille
1457 1253 1646 1325 quiin
1685 1252 1979 1307 Maximilla

397 1348 507 1402 fuit
560 1345 799 1417 Spiritus
846 1354 1074 1402 sanctus
1123 1345 1463 1410 exstitisset,
1522 1358 1805 1414 nunquam
1863 1342 1981 1398 suis

390 1439 517 1509 ipse
559 1438 743 1493 verbis
778 1436 1205 1493 contradiceret.
1253 1434 1401 1490 Unus
1445 1437 1586 1490 enim
1637 1444 1715 1490 est
1748 1433 1980 1504 Spiritus

395 1539 631 1593 sanctus,
685 1531 774 1600 qui
823 1530 1012 1584 dividit
1052 1527 1277 1599 singulis
1329 1537 1487 1597 prout
1535 1528 1646 1582 vult
1695 1528 1735 1581 ¹.
1790 1528 1895 1594 Qui
1925 1536 1981 1584 et

374 1621 614 1692 .pietatis
642 1629 696 1677 et
725 1621 931 1676 Christi
967 1619 1207 1691 Spiritus
1236 1627 1489 1684 vocatur,
1519 1626 1572 1675 et
1596 1635 1627 1673 a
1651 1618 1816 1675 Patre
1850 1635 1979 1689 pro-

2087 430 2304 500 ἀπάτης
2345 430 2380 501 ἡ
2413 428 2705 501 τύφλωσις,
2740 430 2833 485 καὶ
2864 430 3040 502 μέγας
3074 431 3223 486 ἐστὶν
3251 432 3280 484 6
3304 429 3400 483 τοῦ
3420 427 3559 483 Θεοῦ
3586 428 3679 483 λό-

2086 538 2203 590 γος,
2241 521 2269 573 6
2318 521 2460 575 κατὰ
2512 521 2691 576 πάντα
2727 523 2927 594 τρόπον
2969 523 3120 593 ἡμᾶς
3151 520 3471 586 συνετίζων,
3504 521 3588 582 είς
3618 520 3682 573 ab

2085 614 2282 667 εἰδέναι
2317 617 2443 667 ποῖα
2472 613 2538 668 τὰ
2566 617 2630 668 ἐκ
2654 614 2749 667 τοῦ
2796 614 3111 685 Πνεῦματος
3137 613 3232 667 τοῦ
3261 614 3419 682 ἁγίου
3443 612 3679 682 λελαλη-

2089 705 2245 774 μένα,
2279 704 2353 776 πὴ
2387 704 2485 776 μὲν
2516 706 2582 759 ἐκ
2614 703 2906 775 προσώπου
2936 703 3169 775 Πατρὸς,
3206 702 3371 790 «ne:
3408 703 3476 754 ἐκ
3500 716 3680 771 προσ-

2083 794 2234 849 ώπου
2266 796 2419 860 Υίοῦ,
2449 796 2525 867 πὴ
2545 796 2604 850 δὲ
2642 799 2707 850 ἐκ
2728 795 3018 867 προσώπου
3035 795 3128 848 τοῦ
3153 795 3309 863 ἁγίου
3332 795 3681 863 Πνεδματος.
3760 834 3769 842 .

2084 888 2194 941 Καὶ
2227 887 2359 941 είτὸ
2387 889 2444 942 ἐν
2471 884 2784 959 Μαξιμίλλῃ
2830 885 3053 957 Πνεῦμα
3098 886 3252 954 ἅγιον
3279 880 3370 956 ἦν,
3408 885 3515 937 οὐκ
3574 884 3682 938 ἀπο

2081 980 2315 1051 ηγόρευε
2371 979 2439 1032 τὰ
2490 979 2600 1033 ίδια
2652 980 2897 1050 ῥήματα.
2949 981 3059 1032 Ἕν
3100 977 3212 1048 γάρ
3247 977 3379 1030 ἐστι
3406 977 3474 1030 τὸ
3504 975 3683 1046 ἅγιον

2082 1071 2345 1141 Πνεῦμα,
2365 1071 2432 1125 τό
2454 1071 2725 1140 διαιροῦν
2746 1070 2982 1134 ἑκάστῳ
3005 1071 3086 1134 ὡς
3102 1070 3415 1134 βούλεται.
3444 1069 3682 1136 Λέγεται

2081 1160 2143 1215 δὲ
2175 1161 2400 1231 Πνεῦμα
2437 1160 2854 1227 εὐσεϐείας,-καὶ
2880 1160 3097 1229 λέγεται
3124 1155 3264 1214 εἶναι
3286 1159 3517 1230 Πνεῦμα
3542 1159 3685 1229 Χρι-

2086 1252 2212 1306 στοῦ
2238 1291 2253 1317 ,
2303 1252 2397 1306 καὶ
2449 1251 2676 1321 Πνεῦμα
2731 1252 2882 1324 παρὰ
2932 1252 3143 1323 Πατρὸς
3195 1251 3639 1322 ἐκπορευόμενον
3664 1289 3680 1313 ,

2084 1344 2177 1399 καὶ
2237 1344 2332 1398 τοῦ
2365 1342 2496 1397 Υἱοῦ
2527 1343 2824 1415 λαμϐάνον,
2858 1344 2959 1399 οὐκ
3000 1343 3282 1415 ἀλλότριον
3318 1342 3535 1413 Πατρός
3585 1340 3684 1394 καὶ

2104 1433 2234 1489 Υίοῦ
2287 1435 2364 1489 δν.
2421 1435 2565 1507 Ἀρα
2619 1435 2719 1490 οὐκ
2767 1435 2952 1503 ἔλεγε·
2986 1434 3084 1503 Μὴ
3118 1433 3366 1488 ἀκούετέ
3396 1450 3539 1502 μου.
3600 1432 3686 1485 Τὰ

2072 1527 2197 1598 γὰρ
2218 1526 2454 1598 Χριστοῦ
2486 1525 2546 1580 τὸ
2589 1525 2813 1597 Πνεῦμα
2844 1525 3021 1579 ἐλάλει
3047 1522 3170 1596 ('5'),
3194 1524 3286 1578 καὶ
3305 1525 3334 1576 6
3357 1521 3599 1595 Χριστὸς
3624 1520 3688 1576 τὸ

2089 1620 2313 1691 Πνεῦμα
2352 1618 2692 1682 ἀποστέλλει,
2746 1617 2840 1670 καὶ
2872 1619 2930 1669 ἐν
2969 1615 3249 1686 Πνεύματι
3277 1614 3417 1683 ἁγίῳ
3473 1612 3684 1666 ἐκϐάλ-

394 1710 618 1777 cedcns,
670 1719 791 1766 etra
841 1709 981 1765 Filio
1025 1710 1321 1779 accipiens,
1357 1716 1412 1763 et
1463 1724 1494 1763 a
1542 1708 1707 1766 Patre
1745 1725 1810 1766 ac
1840 1709 1980 1764 Filio

2087 1711 2163 1764 λει
2209 1680 2278 1765 τὰ
2320 1710 2610 1782 δαιμόνια·
2646 1680 2741 1763 καὶ
2783 1710 2814 1761 ὁ
2840 1707 3044 1780 Κύριος
3076 1680 3143 1761 rit
3174 1706 3269 1760 τοῦ
3591 1704 3686 1758 λέ-

397 1803 868 1858 minimealienus
894 1803 1221 1871 appellatur.
1257 1799 1377 1855 Non
1405 1799 1573 1872 igitur
1602 1801 1862 1857 dixisset:
1898 1799 1981 1855 Ne

393 1908 477 1946 me
515 1892 769 1946 nuditate.
823 1890 956 1959 Quae
1004 1891 1150 1948 enim
1183 1892 1387 1946 Christi
1424 1900 1555 1947 sunt
1610 1891 1852 1963 Spiritus
1909 1891 1982 1948 lo-

397 1988 684 2050 queretur.
738 1981 994 2038 Christus
1044 1982 1247 2052 quippe
1302 1979 1571 2054 Spiritum
1608 1983 1797 2049 mittit,
1830 1992 1885 2039 et
1924 1984 1984 2040 iu

397 2072 605 2141 Spiritu
641 2069 833 2128 sancto
864 2073 1143 2129 daemones
1174 2073 1360 2143 ejieit;
1402 2072 1668 2130 Dominus
1706 2089 1837 2129 vcro
1864 2090 1983 2144 qua:

394 2160 575 2219 Patris
603 2172 735 2219 sunt
758 2165 1033 2246 eloquitur
1048 2167 1068 2196 ²
1089 2184 1104 2221 :
1131 2176 1181 2220 et
1200 2162 1403 2219 Filium
1421 2164 1588 2221 Pater
1603 2167 1978 2236 sanctiﬁcavit,

2086 1819 2208 1872 γει·
2255 1800 2353 1856 καὶ
2407 1805 2442 1857 ὁ
2492 1794 2694 1871 Πατὴρ
2745 1801 2852 1856 τὸν
2910 1800 3052 1855 Υἱὸν
3100 1800 3353 1868 ὴτίασε,
3395 1798 3496 1853 καί
3530 1798 3680 1854 ἀπὸ

2081 1897 2327 1949 στειλεν
2353 1896 2442 1960 είς
2477 1892 2586 1947 τὸν
2618 1874 2873 1962 κόσμον,
2904 1894 3005 1946 ἵνα
3043 1892 3425 1962 τινώσκωιν
3460 1890 3684 1955 αὑτὸν,

2084 1983 2183 2037 καὶ
2213 1982 2541 2048 δοξάσωσι,
2575 1983 2768 2049 καθὼς
2802 1980 3121 2047 δοξάζουσι
3146 1982 3254 2036 τόν
3277 1981 3536 2051 Πατέρα.
3568 1979 3686 2036 Καὶ

2085 2075 2304 2129 διέπεσε
2335 2073 2480 2128 κατὰ
2521 2072 2698 2128 πάντα
2722 2073 2923 2144 τρόπον
2954 2074 2988 2143 ἡ
3025 2071 3135 2128 τών
3165 2069 3687 2142 ἀπαλλοτριοόντων

2079 2168 2310 2231 ’ἑαυτοὺς
2338 2166 2546 2220 διάνοια
2576 2166 2684 2220 ἀπὸ
2712 2165 2811 2235 τῆς
2838 2162 2930 2218 τοῦ
2948 2163 3184 2236 Χριστοῦ
3218 2162 3568 2226 ἀκολουθίας.

393 2270 459 2309 ac
510 2256 651 2309 misit
702 2257 757 2310 in
792 2255 955 2328 5.15
1028 2247 1313 2327 mundum,
1375 2267 1433 2312 ut
1493 2267 1805 2330 cognoscant
1855 2261 2027 2329 ipsum
2067 2269 2115 2313 et.
2177 2259 2474 2330 gloriﬁcent
2525 2256 2964 2330 quemadmodum
3015 2256 3319 2326 gloriﬁcant
3372 2253 3605 2309 Patren
3639 2255 3684 2314 '.

397 2343 487 2401 Sic
529 2350 759 2404 istorum
809 2350 1113 2414 hominum,
1166 2352 1260 2421 qui
1317 2365 1377 2407 se
1418 2367 1448 2405 a
1491 2351 1693 2407 Christi
1737 2361 1884 2407 secta
1939 2368 2002 2406 ac
2055 2352 2345 2421 disciplina
2399 2357 2725 2423 segregant,
2768 2348 3013 2404 funditus
3052 2346 3415 2404 labefactatur
3461 2345 3681 2415 opinio-

466 2439 603 2494 Xlll.
638 2441 707 2493 At
733 2441 877 2493 enim
912 2439 1429 2512 Maximillapergit,
1461 2456 1674 2496 summa
1709 2442 1801 2496 illa
1827 2441 1989 2497 intel-

396 2532 631 2603 ligentiae
658 2530 1035 2600 doctrinaeque
1065 2532 1172 2594 vis,
1215 2540 1275 2584 ut
1310 2530 1362 2585 id
1405 2531 1516 2601 ioci
1548 2531 1744 2586 'obitcr
1791 2547 1982 2603 asper-

396 2636 517 2689 gam
553 2639 568 2676 :
599 2619 973 2673 Dominusme
1006 2618 1173 2681 misit,
1206 2617 1404 2688 inquit,
1458 2615 1657 2670 laboris
1697 2616 1875 2686 hujus,
1920 2633 1982 2669 ac

394 2711 760 2782 professionis,
804 2719 853 2764 et
884 2709 1092 2778 foederis
1122 2709 1259 2763 velut
1289 2716 1443 2763 secta:
1475 2708 1792 2770 antistitem,
1824 2724 1981 2761 enar-

397 2811 648 2866 ratorem,
679 2810 728 2855 et
757 2802 1126 2868 interpretem;
1153 2807 1201 2852 et
1247 2797 1456 2869 quidem
1499 2797 1567 2849 ad
1593 2796 1979 2866 percipiendam

2165 2441 2264 2494 ll".
2309 2442 2515 2495 Φάσκει
2550 2439 2608 2493 δὲ
2658 2438 2820 2494 πάλιν
2868 2440 2900 2508 ἡ
2943 2438 3080 2509 αὐτὴ
3110 2436 3447 2508 Μαξιμίλλα,
3489 2439 3525 2509 ἡ
3573 2438 3681 2506 τῆς

2095 2532 2534 2605 παρακολουθίας
2575 2524 2673 2585 καῖ
2713 2528 3060 2592 διδασκαλίας
3107 2526 3327 2597 γνῶσις,
3361 2528 3451 2581 ἵνα
3479 2528 3684 2598 χλευαο

2089 2621 2293 2687 στικῶς
2356 2621 2518 2686 είπω,
2571 2622 2655 2675 ὅτι
2713 2618 3051 2674 Ἀπέστειῑέ
3083 2635 3162 2688 με
3189 2620 3404 2687 Κύριος
3455 2620 3683 2674 τούτου

2085 2714 2192 2770 τοῦ
2223 2715 2436 2779 πόνου,
2483 2713 2581 2768 καὶ
2608 2712 2720 2782 τῆς
2751 2713 3133 2783 ἐπαγγελίας,
3167 2711 3265 2765 καί
3298 2711 3410 2779 τῆς
3439 2711 3683 2780 συνθή-

2088 2824 2201 2874 κης
2228 2806 2598 2876 αἱρετιστὴν,
2632 2804 2934 2875 μηνυτὴν,
2974 2803 3370 2875 ἐρμηνευτὴν,
3405 2804 3685 2872 rip—arrect-

398 2894 496 2949 Dei
530 2895 794 2958 notitiam,
829 2893 1010 2948 vellem
1045 2890 1257 2952 nollem,
1294 2890 1489 2958 majori
1543 2891 1772 2960 quadam
1807 2904 1981 2943 neces-

2089 2899 2339 2968 σμένον,
2368 2898 2641 2962 θέλοντα,
2678 2896 2779 2951 καὶ
2799 2896 2885 2967 μὴ
2910 2896 3186 2959 θέλοντα,
3201 2894 3423 2964 μαθεῖν
3444 2894 3683 2965 γνῶσιν

399 2987 554 3039 sitate
587 2985 934 3055 compulsum.
988 2981 1088 3037 llic
1122 2997 1222 3038 nos
1262 2982 1453 3051 igitur,
1485 2979 1824 3045 charissimi,
1858 2979 1984 3034 vitae.

399 3089 600 3131 nostrae
655 3077 890 3132 solidum
921 3083 975 3130 et
1020 3073 1216 3131 stabile
1268 3075 1689 3137 firmamentum,
1732 3072 1796 3126 a‘c
1839 3072 1983 3127 viam
2014 3071 2027 3077 ’

397 3166 541 3222 lucis
574 3166 1007 3231 consideremus,
1055 3152 1601 3235 ueque‘contrarium
1651 3162 1981 3230 insistentis,

401 3260 505 3313 hoc
536 3267 622 3313 est
652 3258 938 3327 peregrino
969 3258 1165 3327 spiritu
1201 3256 1417 3326 agitatae
1459 3254 1688 3326 pecudis
1714 3253 1983 3325 ejusmodi

407 3350 628 3406 vocibus
664 3350 719 3402 in
754 3363 998 3403 errorem
1027 3348 1391 3402 abducantur.
1425 3345 1568 3411 Quid
1599 3344 1746 3399 enim
1780 3344 1871 3398 ille
1900 3343 1982 3398 di-

400 3446 491 3494 cat
525 3438 919 3494 animadverte.
955 3435 1075 3492 Non
1105 3454 1204 3492 sua
1236 3444 1432 3508 sponte
1473 3451 1553 3502 se,
1603 3435 1699 3492 sed
1729 3443 1983 3490 coactum

404 3530 455 3586 id
469 3531 781 3601 suscepisse
798 3530 1058 3585 declarat.
1084 3529 1246 3600 Atqui
1271 3529 1533 3584 Dominus
1553 3535 1739 3583 noster
1759 3527 1815 3581 in
1838 3522 1985 3583 hunc

406 3623 591 3678 orbem
618 3621 761 3675 haud
781 3620 987 3675 invitus
1016 3619 1322 3685 descendit,
1350 3633 1449 3672 nec
1468 3633 1499 3671 a
1514 3615 1680 3672 Patre
1700 3616 1811 3670 ulla
1827 3615 1986 3671 adhi-

404 3714 517 3768 bita
575 3710 905 3768 necessitate
942 3711 1146 3767 missus
1180 3720 1282 3766 est.
1337 3707 1442 3765 Sed
1476 3724 1602 3764 cum
1636 3722 1981 3764 communem

398 3822 524 3861 cum
551 3806 709 3860 Patre
746 3803 1044 3858 voluntatis
1085 3818 1267 3869 usum,
1298 3808 1353 3857 et
1386 3816 1512 3857 cum
1545 3801 1754 3872 Spiritu
1789 3809 1983 3857 sancto

400 3896 666 3968 largiendi
691 3911 888 3951 munus
910 3895 1128 3959 habeat,
1161 3911 1268 3949 una
1297 3903 1351 3949 et
1375 3902 1435 3948 ut
1460 3894 1590 3949 velit
1619 3894 1669 3950 ei
1688 3890 1985 3950 cumPatre

399 3988 679 4051 conuenit,
714 3995 769 4042 et
803 3995 863 4041 ut
902 3988 1040 4040 citra
1077 3988 1457 4042 necessitatem
1512 3986 1700 4052 ullam,
1738 4000 1840 4055 pro
1884 4000 1984 4040 sua

401 4074 666 4131 duntaxat
698 4074 1006 4129 incredibili
1054 4074 1392 4143 benignitate
1436 4074 1763 4129 beneﬁcium
1795 4074 1899 4129 hoc.
1927 4075 1983 4128 in

404 4169 695 4221 universos
745 4166 1013 4219 conferat.
1060 4165 1152 4219 Sic
1190 4181 1331 4235 quos
1369 4166 1604 4230 vocavit,
1648 4166 1984 4221 voluntarios

2088 2991 2260 3048 Θεοῦ.
2296 2993 2667 3064 Σκοπήσωμεν
2688 2986 2780 3044 οῦν
2810 2990 2908 3059 τῆς
2940 2989 3094 3061 ἡμῶν
3120 2987 3268 3058 ζωῆς
3293 2987 3395 3059 τὴν
3432 2987 3679 3059 εὐσταθῆ

2085 3079 2261 3150 βάσιν,
2294 3080 2388 3135 καὶ
2409 3079 2508 3152 τὴν
2550 3079 2666 3134 ὁδον
2703 3079 2796 3133 τοῦ
2832 3080 3031 3149 φωτὸς,
3069 3072 3437 3149 ὧάγαπητοὶ,
3465 3078 3562 3131 καὶ
3604 3080 3679 3150 μὴ

2087 3171 2377 3242 σφαλῶμεν
2424 3171 2514 3225 διὰ
2560 3170 2668 3225 τῶν
2689 3169 2862 3238 λόγων
2899 3169 3008 3224 τῶν
3039 3168 3134 3224 τοῦ
3172 3166 3248 3223 δι’
3279 3169 3551 3233 ἐναντίας,
3580 3172 3681 3224 καὶ

2083 3261 2178 3316 τοῦ
2210 3261 2557 3333 βοσκήματος
2594 3261 2689 3316 τοῦ
2715 3260 2995 3333 ἀλλοτρίου
3031 3259 3358 3332 πνεύματος.
3395 3260 3541 3332 Ὅρα
3566 3262 3681 3332 γὰρ

2085 3353 2322 3408 ἐνταῦθα
2351 3354 2443 3409 τὸν
2473 3354 2644 3418 οὕτως
2683 3353 3010 3424 λαλήσαντα,
3037 3352 3453 3424 ἠναγκασμένον
3477 3353 3682 3408 ἑαυτὸν

2086 3444 2464 3516 ἀποφήναντα,
2488 3444 2587 3516 οὐχ
2614 3444 2839 3515 ἑκουσίᾳ
2860 3442 3076 3515 γνώμῃ.
3117 3444 3174 3497 '0
3198 3443 3256 3496 δὲ
3284 3443 3491 3515 Κύριος
3513 3443 3680 3515 ἡμῶν

2084 3536 2184 3590 οὐκ
2208 3536 2354 3591 ἄκων
2375 3532 2537 3608 ἦλθεν
2575 3536 2657 3600 είς
2687 3535 2776 3589 τὸν
2823 3537 3046 3606 κόσμον,
3080 3533 3200 3587 οὐδὲ
3241 3533 3376 3605 μετὰ
3421 3536 3680 3606 ἀνάγκης

2086 3627 2194 3683 ἀπὸ
2216 3627 2429 3700 Πατρδς
2458 3627 2737 3699 ἀπεστάλη
2758 3644 2771 3657 ·
2811 3625 2947 3682 ἀλλὰ
2967 3625 3081 3697 ἅμα
3111 3626 3207 3680 σὺν
3228 3627 3405 3698 Πατρὶ
3434 3625 3577 3697 ἔχων
3618 3627 3681 3680 τὸ

2087 3716 2283 3782 θέλειν,
2334 3717 2428 3772 καὶ
2488 3719 2585 3772 σὺν
2642 3717 2783 3787 ἁγίῳ
2829 3714 3108 3787 Πνεῦματι
3152 3714 3214 3768 τὸ
3254 3715 3541 3787 παρέχειν,
3581 3717 3680 3769 καὶ

2086 3808 2346 3874 ὡσαύτως
2377 3808 2496 3881 ἅμα
2548 3810 2644 3863 σὺν
2677 3808 2753 3880 τῷ
2796 3807 2972 3878 Πατρὶ
3005 3806 3066 3860 τό
3089 3806 3267 3861 θέλειν
3307 3807 3445 3878 ἔχει,
3479 3808 3584 3861 καὶ
3616 3809 3679 3862 τὸ

2078 3902 2205 3970 ὀὐχὶ
2249 3901 2386 3972 μετὰ
2420 3900 2666 3969 ἀνάγκης
2714 3898 2918 3970 ταύτην
2970 3900 3072 3970 τὴν
3096 3899 3254 3970 χάριν
3282 3900 3414 3953 πᾶσι
3446 3898 3674 3964 διδόναι,

2087 3991 2229 4046 ἀλλὰ
2250 3991 2318 4044 δι’
2357 3991 2663 4062 ὑπερϐολὴν
2697 3989 3123 4059 φιλανθρωπίας.
3152 3989 3261 4043 Καὶ
3292 3987 3435 4042 οὓτω
3456 3991 3559 4042 καὶ
3583 3989 3677 4054 οὓς

2087 4083 2335 4147 ἐκάλεσε,
2382 4081 2520 4154 μετὰ
2557 4080 2927 4152 προαιρέσεως
2969 4080 3255 4151 κέκληκεν,
3287 4081 3385 4132 οῦκ
3417 4081 3678 4151 ἀνάγκην

2087 4175 2413 4239 ἐπιϐάλλων,
2442 4174 2502 4227 οὐ
2535 4173 2714 4227 κλοιὸν
2759 4171 3152 4243 ἐπιτιθέμενος.
3187 4171 3387 4224 Φάσκει
3419 4172 3554 4241 γὰρ,
3592 4175 3675 4227 ὅτι

403 4259 593 4325 utique
624 4257 854 4319 vocavit,
908 4271 1019 4309 non
1070 4263 1131 4309 ut
1170 4257 1335 4308 ullum
1386 4256 1495 4308 vim
1547 4254 1851 4321 adhiberet,
1886 4263 1980 4309 aut

2087 4263 2397 4334 Διψῶντες,
2419 4264 2621 4319 ἔλθετε
2650 4263 2797 4331 πρὸς
2817 4263 2923 4334 μέε·
2960 4263 3048 4319 καὶ
3082 4262 3270 4316 πάλιν⁸
3295 4261 3369 4314 El
3391 4278 3480 4327 τις
3506 4262 3676 4317 θέλει

404 4348 546 4401 collo
572 4346 851 4399 vinculum
882 4345 1201 4398 innecterct.
1228 4344 1303 4396 Ita
1331 4345 1475 4399 enim
1494 4345 1761 4414 loquitur:
1785 4344 1978 4401 Omnes

403 4439 661 4503 sitientes,
695 4436 857 4489 venite
893 4434 961 4488 ad
995 4451 1074 4488 me
1118 4434 1161 4488 ³.
1202 4435 1375 4488 Item:
1413 4433 1472 4489 Si
1513 4436 1628 4506 quis
1662 4435 1770 4488 vult
1809 4438 1981 4491 uenire

406 4530 476 4584 ad
512 4545 610 4590 me,
643 4526 857 4595 abneget
884 4528 1236 4595 semetipsum,
1270 4540 1320 4580 et
1350 4537 1599 4597 sequatur
1622 4545 1703 4581 me
1735 4526 1777 4583 ⁸.
1811 4527 1979 4594 Quin-

404 4622 567 4676 etiam
599 4635 697 4689 per
724 4619 918 4674 Isaiam
947 4620 1021 4672 ita
1056 4618 1192 4674 dixit
1226 4639 1237 4674 :
1278 4616 1339 4672 Si
1380 4619 1649 4674 volueritis
1675 4628 1723 4674 et
1748 4622 1983 4677 audieri—

406 4712 472 4765 tis
507 4727 587 4765 me
623 4711 666 4765 ⁵.
704 4714 781 4765 Ac
814 4709 1093 4780 deinceps,
1119 4718 1181 4764 ut
1222 4710 1475 4780 quisnam
1508 4710 1824 4781 loqueretur
1863 4728 1985 4783 pro-

404 4799 565 4867 pheta
600 4799 905 4854 declararet
938 4819 953 4854 :
991 4798 1061 4855 Os
1085 4800 1246 4867 enim,
1284 4799 1482 4870 inquit,
1505 4799 1721 4855 Domini
1750 4800 1982 4858 locutum

400 4901 478 4945 est
525 4893 633 4946 ista
686 4892 730 4949 ⁸.
774 4891 967 4947 Jamne
1009 4892 1163 4948 vides
1200 4894 1332 4949 istos
1363 4908 1488 4948 cum
1534 4895 1709 4950 sacris
1754 4893 1980 4952 Litteris

405 4982 555 5036 nulla
585 4997 652 5038 ex
687 4990 846 5053 parte
882 4985 1196 5050 convenire,
1243 4983 1341 5038 sed
1374 4983 1754 5040 abhdrrentem
1789 5000 1821 5039 a
1847 5001 1989 5042 con-

402 5080 672 5129 sentanea
709 5072 909 5129 divinae
933 5073 1054 5130 fidei
1086 5072 1335 5128 doctrina
1358 5075 1689 5130 sententiam
1710 5091 1983 5133 errorem-

404 5178 512 5236 que
549 5163 882 5221 defendere?
924 5165 1136 5221 Etenim
1175 5160 1469 5221 Maximilla
1506 5169 1754 5223 volentes
1795 5168 1982 5224 nolen-

406 5266 490 5310 tes
528 5270 722 5327 cogere
761 5271 822 5311 se
859 5256 1097 5321 dicebat,
1141 5265 1201 5310 ut
1229 5256 1311 5312 vel
1348 5256 1451 5311 hoc
1482 5257 1603 5328 ipso
1641 5258 1789 5313 dicto
1826 5275 1981 5315 men-

410 5345 623 5403 dacium
668 5347 789 5417 ejus
836 5348 1011 5417 possit
1050 5345 1297 5418 agnosci.
1354 5346 1489 5402 Nam
1548 5365 1648 5405 nec
1710 5350 1977 5415 volentes,

2085 4356 2367 4427 ἔρχεσθαι
2404 4352 2666 4425 πρὸςμὲ,
2711 4352 3075 4423 ἀρνησάσθω
3121 4351 3356 4419 ἑαυτὸν,
3396 4353 3497 4406 καί
3525 4354 3663 4408 ἀκο-

2086 4449 2370 4503 λουθείτω
2382 4449 2618 4517 μοι.Καὶ
2630 4446 2716 4501 διὰ
2730 4447 2946 4500 Ἡσαΐου
2964 4445 3120 4499 τοῦτο
3135 4446 3265 4499 αὐτὸ
3276 4445 3671 4517 φθεγγόμενος,

2088 4536 2302 4606 ἔλεγεν·
2343 4536 2485 4592 Ἐὰν
2529 4540 2763 4606 θέλητε,
2797 4536 2896 4591 καὶ
2927 4536 3332 4604 είσακούσητέ
3363 4555 3511 4606 μου.
3563 4540 3675 4592 Καὶ

2092 4627 2336 4701 ὕστερον,
2365 4630 2451 4683 ἵνα
2469 4630 2619 4705 δείξῃ
2643 4633 2672 4685 6
2703 4631 3006 4703 προφήτης,
3025 4629 3213 4692 auiti;
3239 4633 3389 4684 ἐστιν
3413 4631 3444 4681 6
3468 4629 3668 4698 λέγων,

2088 4719 2225 4790 ἔφη·
2273 4721 2341 4775 Τὸ
2380 4720 2494 4790 γὰρ
2538 4721 2733 4792 στόμα
2764 4722 2985 4789 Κυρίου
3009 4719 3279 4787 ἐλάλησε
3312 4720 3518 4775 ταῦτα.
3559 4723 3671 4776 Καὶ

2087 4810 2220 4880 ὁρᾷς
2247 4811 2389 4865 κατὰ
2431 4814 2608 4867 πάντα
2647 4812 2850 4884 τρόπον
2872 4812 2971 4884 τὴν
3006 4811 3140 4882 πρὸς
3166 4809 3226 4864 τὸ
3256 4810 3397 4864 θεῖον
3430 4812 3670 4883 γράμμα

2085 4899 2289 4955 τούτων
2344 4890 2663 4974 διαφωνίαν,
2706 4904 2798 4958 καὶ
2830 4902 2932 4976 τὴν
2964 4901 3183 4958 ἀλλοίαν
3216 4903 3473 4957 ὑπόνοιάν
3496 4920 3557 4957 τε
3577 4904 3669 4957 καὶ

2087 4990 2353 5063 ὑπόληψιν
2384 4995 2534 5067 παρὰ
2558 4995 2659 5067 τὴν
2690 4994 2786 5049 τοῦ
2817 4993 2951 5048 Θεοῦ
2977 4993 3158 5049 πίστιν
3184 4995 3280 5048 καὶ
3309 4993 3664 5056 ἀκολουθίαν;

2086 5082 2200 5135 Καὶ
2230 5082 2339 5156 γὰρ
2368 5087 2463 5139 καὶ
2493 5076 2804 5158 Μαξιμίλλα
2826 5087 2953 5149 τοὺς
2985 5084 3234 5148 θέλοντας
3257 5084 3354 5139 καὶ
3384 5084 3462 5155 μὴ
3485 5084 3668 5137 θέλον-

2084 5186 2185 5235 τας
2220 5172 2404 5244 ἐλεγεν
2457 5176 2789 5246 ἀναγκάζειν
2809 5194 2822 5209 ·
2859 5176 2935 5240 ὡς
2962 5176 3056 5230 καὶ
3078 5174 3139 5241 ἐξ
3177 5174 3344 5229 αὐτοῦ
3371 5174 3467 5228 τοῦ
3498 5172 3666 5246 ῥητοῦ

2084 5259 2344 5331 ψεύσεται
2373 5269 2407 5339 ἡ
2444 5268 2691 5340 τοιαύτη.
2722 5268 2863 5323 Οὔτε
2884 5267 2992 5340 γὰρ
3011 5266 3260 5331 θέλοντας
3287 5264 3492 5330 ἐδίδαξε
3519 5264 3665 5335 γνῶ-

2085 5371 2170 5409 σιν
2196 5356 2352 5424 Θεοῦ,
2378 5362 2444 5430 ἢν
2472 5362 2574 5416 οὐκ
2590 5361 2725 5433 ᾔδει,
2754 5360 2873 5416 οὐδὲ
2901 5361 3026 5425 τοὺς
3049 5358 3124 5432 μὴ
3153 5357 3403 5424 θέλοντας
3422 5362 3662 5431 ἠνάγκα-

478 5460 502 5493 ι
533 5458 557 5514 1
589 5460 715 5517 Cor.
748 5475 848 5530 xu,
878 5461 964 5516 Η.
1040 5463 1061 5493 ’
1088 5456 1245 5516 Joan.
1272 5476 1327 5526 x,
1360 5460 1452 5528 '56;
1474 5478 1528 5530 v,
1555 5463 1645 5520 25.
1722 5447 1742 5496 ⁵
1775 5465 1881 5520 lsa.
1918 5481 1983 5519 ιν

2087 5508 2098 5520 -
2173 5469 2195 5502 ⁸
2225 5470 2412 5533 Matth.
2445 5492 2556 5545 xvi,
2594 5477 2683 5534 24.
2761 5479 2783 5512 ⁸
2810 5475 2986 5551 ιιι),
3012 5473 3098 5531 t9.
3175 5478 3199 5510 ⁸
3224 5472 3328 5531 lsa.
3357 5490 3515 5542 mu,
3544 5474 3634 5533 ﬂ.

475 5573 584 5646 (3°)
620 5574 783 5632 Forte
808 5574 1096 5650 legendum
1123 5575 1192 5632 ἂν
1224 5576 1421 5643 ἐλάλει,
1461 5577 1541 5632 vel
1574 5576 1745 5633 λαλεῖ.
1779 5575 1939 5637 Εοιτ.
1979 5583 1983 5639 ζ

2087 5599 2223 5647 ἰοί..
