3952 6160
360 343 467 401 877

970 336 1339 394 aovensus
1378 304 1724 391 "massas
1764 332 1894 388 LIB.
1939 332 2003 385 u.
2048 331 2214 388 ron.
2253 332 2271 385 ι
2314 364 2382 373 -
2423 332 2701 388 namss.
2743 334 2972 389 XLVIII.

3506 338 3612 390 878

357 470 471 510 σεν.
525 452 730 506 Ᾱῦτίκα
775 452 832 506 οῦ
887 452 1089 516 πάντες
1128 455 1177 506 οί
1228 454 1285 505 ἐν
1312 451 1391 521 τῷ
1427 453 1616 522 κόσμῳ
1640 449 1836 513 οἴδασι,
1884 448 1934 500 τί

2061 445 2161 513 )ei,
2193 462 2356 516 quam
2383 461 2494 502 non
2539 447 2791 509 habebat,
2828 446 3193 517 cognitionem
3225 444 3480 510 edocuit;
3519 463 3614 502 ne-

359 548 505 599 ἑστιν
544 544 714 615 ὄνομα
775 543 1144 615 Μαξιμίλλης,
1175 544 1294 597 οὐδὲ
1322 545 1430 597 τῶν
1468 544 1636 613 αὐτῆς
1679 542 1852 611 λόγων
1875 540 1936 593 τὸ

360 635 755 707 παράφθεγμα.
819 635 929 688 Καὶ
982 634 1123 687 κατὰ
1158 634 1334 688 πάντα
1385 634 1587 706 τρόπον
1627 632 1871 687 διέπεσεν
1900 632 1936 702 ἡ

355 729 561 782 τούτων
597 727 987 799 πεπλανημένη
1015 727 1365 794 ὲπίνοια,οὺκ
1393 723 1530 781 οὖσα
1562 731 1659 798 τῆς
1689 724 1784 779 τοῦ
1800 724 1935 779 Θεοῦ

357 820 637 893 ἀληθείας.

429 997 529 1049 1Δ⁰.
561 995 772 1065 Τιμῶσι
808 995 863 1048 δὲ
920 996 969 1048 οί
1013 995 1241 1050 τοιοῦτοι
1274 997 1367 1050 καὶ
1393 994 1563 1049 τόπον
1583 994 1704 1050 τινὰ
1735 993 1938 1066 ἔρημον

360 1093 418 1144 ὲν
445 1093 508 1160 τῇ
532 1090 763 1161 Φρυγίᾳ,
799 1089 1084 1154 Πέπουζάν
1111 1108 1241 1145 ποτε
1276 1091 1618 1162 καλουμένην
1642 1091 1814 1157 πόλιν,
1844 1090 1941 1144 νῦν

358 1182 417 1236 δὲ
462 1181 855 1252 ἡδαφισμένην.
894 1183 1002 1236 Καί
1033 1200 1195 1251 φασιν
1225 1185 1402 1237 ἐκεῖσε
1442 1183 1684 1239 κατιέναι
1710 1182 1807 1255 τὴν
1828 1184 1942 1238 ἄνω

371 1273 744 1345 Ἰερουσαλήμ.
777 1274 944 1328 Ὅθεν
977 1276 1341 1347 ἀπερχόμενοι
1371 1277 1645 1348 μυστήρια
1673 1293 1793 1330 τινα
1823 1280 1941 1331 ἐπι-

358 1365 604 1419 τελοῦσιν
635 1366 694 1417 ὲν
715 1364 793 1435 τῷ
816 1366 986 1437 τόπῳ,
1029 1367 1125 1419 καὶ
1153 1366 1494 1434 ἀγιάζουσιν,
1515 1367 1591 1431 ὡς
1620 1366 1940 1438 ὑπολαμϐά-

359 1473 559 1512 νουσιν.
604 1457 762 1510 Ἔστι
799 1456 909 1529 γὰρ
942 1457 1038 1510 καὶ
1087 1456 1148 1511 τὸ
1179 1459 1337 1527 γένος
1376 1460 1435 1512 ὲν
1470 1460 1535 1530 τῇ
1574 1457 1942 1530 Καππαδοκίᾳ

362 1549 455 1603 καὶ
498 1547 754 1619 Γαλατίᾳ,
800 1548 894 1602 καὶ
942 1550 999 1601 ὲν
1027 1552 1092 1621 τῇ
1142 1550 1517 1624 προειρημένῃ
1556 1550 1943 1623 Φρυγίᾳδὸθεν

365 1638 517 1693 κατὰ
538 1640 770 1709 Φρύγας
792 1641 825 1711 ἡ
848 1640 1058 1710 αἵρεσις
1073 1640 1335 1694 καλεῖται’
1352 1640 1489 1695 ἀλλὰ
1516 1641 1610 1695 καὶ
1632 1644 1688 1695 ὲν
1704 1639 1941 1713 Κιλικίᾳ,

366 1732 460 1784 καὶ
493 1734 549 1784 ὲν
588 1732 1152 1786 Κωνσταντινουπόλει
1173 1731 1234 1785 τὸ
1261 1726 1529 1787 πλεῖστον.

433 1998 549 2055 Ἵνα
584 1996 642 2049 δὲ
700 1996 863 2068 μηδὲν
897 1995 1313 2066 καταλείψωμεν
1348 1994 1424 2068 (4)
1464 1997 1572 2049 τῶν
1607 1997 1743 2068 πρὸς
1775 1997 1943 2068 ὄνομα

364 2090 600 2159 ἑκάστης
662 2089 927 2160 αἱρέσεως
974 2088 1065 2157 ὑφ’
1115 2088 1274 2159 ἡμῶν
1310 2087 1821 2159 προδεδηλωμένης,
1851 2089 1945 2141 καὶ

362 2180 613 2255 περὶτοῦ
672 2180 1151 2253 Τασκοδρουγιτῶν
1184 2181 1446 2251 ὀνόματος
1491 2176 1645 2243 αὖθις
1693 2180 1943 2252 ἐροῦμεν.

369 2275 525 2327 Ἐστι
568 2273 677 2346 γάρ
706 2273 766 2327 τὸ
788 2273 959 2344 ὄνομα
985 2273 1146 2326 τοῦτο
1184 2273 1216 2342 ἢ
1256 2273 1315 2326 ἐν
1343 2272 1480 2343 αὐτῇ
1509 2272 1703 2344 ταύτῃ,
1736 2272 1770 2341 ἢ
1800 2275 1857 2325 ὲν
1879 2273 1945 2343 τῇ

367 2365 508 2436 μετὰ
526 2365 731 2437 ταύτην
762 2365 873 2418 τῶν
901 2363 1321 2418 Κυϊντιλλιανῶν
1343 2364 1649 2437 καλουμένῃ
1667 2380 1681 2394 ο
1723 2364 1816 2417 ἀπ’
1855 2364 1950 2416 αὐ-

362 2457 473 2512 τῶν
508 2458 618 2529 γὰρ
652 2457 855 2511 τούτων
888 2458 1127 2531 ὁρμᾶται
1166 2456 1262 2509 καὶ
1299 2454 1458 2510 τοῦτο
1491 2455 1553 2508 τὸ
1605 2456 1794 2527 ὄνομα.
1842 2455 1951 2507 Κα-

367 2549 583 2607 λοῦνται
641 2551 699 2604 δὲ
775 2549 865 2603 διὰ
926 2548 1184 2619 τοιαύτην
1239 2548 1419 2602 αἰτίαν
1465 2547 1949 2618 Τασκοδρουγῖται.

369 2645 585 2707 Τασκὸς
613 2643 743 2715 παρ’
784 2642 967 2705 αὐτοῖς
1002 2640 1279 2704 πάσσαλος
1315 2639 1391 2709 (5)
1422 2639 1705 2694 καλεῖται’
1738 2637 1952 2707 δροῦτ-

370 2754 477 2806 τος
505 2735 562 2788 δὲ
598 2720 832 2805 μυκτὴρ,
866 2734 1042 2786 εῐτουν
1066 2731 1266 2803 ῥύγχος
1289 2730 1528 2785 καλεῖται
1550 2746 1565 2761 ’
1602 2730 1697 2783 καὶ
1722 2728 1829 2783 ἀπὺ
1858 2727 1953 2782 τοῦ

367 2827 575 2881 τιθέναι
629 2826 838 2880 ἑαυτῶν
879 2825 970 2878 τὸν
997 2823 1255 2878 δάκτυλον
1287 2821 1381 2875 τὸν
1419 2822 1711 2892 λεγόμενον
1740 2819 1956 2892 λιχανὸν

371 2920 465 2973 ἐπὶ
500 2920 591 2973 τὸν
637 2918 893 2991 μυκτῆρα
925 2919 981 2970 ὲν
1017 2915 1096 2987 τῷ
1137 2913 1413 2986 εὔχεσθαι,
1461 2912 1624 2984 δῆθεν
1652 2911 1956 2983 κατηφείας

371 3011 554 3083 χάριν,
575 3012 669 3064 καὶ
688 3008 1208 3079 ὲθελοδικαιοσύνης,
1234 3006 1542 3077 ἐκλήθησαν
1559 3004 1662 3058 ὑπό
1675 3020 1835 3057 τινων
1849 3003 1957 3056 Τα-

370 3105 770 3175 σκοδρουγῖται,
786 3101 1033 3156 τουτέστι
1065 3099 1657 3168 Πασσαλορυγχῖται.
1679 3095 1768 3148 Ἐν
1783 3093 1963 3166 ταύτῃ

366 3189 429 3245 δὲ
460 3192 527 3261 τῇ
556 3189 786 3261 αἱρέσει.
810 3188 843 3261 ἢ
877 3191 934 3242 ὲν
953 3191 1020 3259 τῇ
1046 3188 1265 3259 συζύγῳ
1291 3185 1495 3257 ταύτης
1527 3185 1625 3255 τῆς
1650 3182 1758 3237 τῶν
1787 3185 1955 3237 Κυϊν-

370 3283 679 3349 τιλλιανῶν,
702 3266 896 3337 ἐῐτουν
938 3278 1390 3353 Πρισκιλλιανῶν,
1430 3278 1525 3331 καὶ
1572 3273 1955 3339 Πεπουζιανῶν

375 3374 705 3446 καλουμένῃ,
754 3372 924 3426 δεινόν
952 3389 1005 3424 τι
1036 3371 1131 3424 καὶ
1179 3368 1435 3439 ἀθέμιτον
1467 3366 1627 3438 ἔργον
1660 3366 1794 3435 φασὶ
1813 3364 1958 3434 γίνε-

376 3467 521 3521 σθαι.
549 3466 724 3521 Παῖδα
749 3465 857 3537 γάρ
898 3463 1092 3535 κομιδῇ
1119 3462 1312 3535 νήπιον
1343 3460 1485 3513 κατὰ
1515 3460 1708 3530 ἑορτήν
1737 3474 1856 3512 τινα
1890 3458 1957 3511 δι’

372 3561 497 3615 ὅλου
530 3558 625 3613 τοῦ
653 3559 903 3631 σώματος
945 3552 1387 3617 κατακεντῶντες
1409 3552 1597 3625 ραφίσι
1624 3549 1871 3619 χαλκαῖς,
1896 3549 1959 3602 τὸ

379 3646 519 3722 αἷμα
551 3648 715 3703 αὑτοῦ
768 3644 1226 3720 προσπορίζονται
1254 3642 1467 3704 ἑαυτοῖς
1500 3640 1580 3702 εἰς
1615 3635 1959 3706 ἐπιτήδευσιν

376 3742 536 3813 δῆθεν
565 3741 777 3804 θυσίας.

452 3829 550 3882 lE'.
597 3827 846 3898 Ἀρκέσει
870 3825 927 3879 δὲ
962 3827 1096 3896 ἡμῖν
1137 3823 1174 3878 ἃ.
1220 3822 1315 3877 καὶ
1344 3821 1473 3892 περὶ
1503 3821 1703 3894 ταύτης
1727 3822 1957 3893 εἰρήκα-

384 3938 507 3990 μεν,
549 3914 594 3973 ὧ
641 3916 982 3988 ἐπιπόθητοι.
1025 3912 1501 3985 Ἐπηγγειλάμεθα
1547 3912 1654 3985 γὰρ
1688 3914 1795 3967 ἀπὸ
1827 3913 1961 3966 ἐκά-

380 4028 511 4081 στης
539 4010 639 4079 τῆς
661 4011 677 4040 ί
710 4009 805 4081 μὲν
827 4009 1093 4079 αἱρέσεως
1111 4006 1186 4077 μὴ
1212 4005 1496 4075 φθονῆσαι,
1521 4004 1659 4058 ἀλλὰ
1688 4006 1961 4077 ὑποφῆναι

379 4103 434 4156 εἴ
467 4118 527 4155 τε
579 4101 645 4155 δι’
701 4101 887 4171 ἀκοῆς,
932 4099 968 4153 ἆ
1010 4116 1067 4151 τε
1099 4098 1203 4152 ὑπὸ
1233 4098 1544 4169 ἐγγράφων,
1588 4098 1681 4151 καὶ
1711 4098 1746 4151 ἆ
1771 4115 1828 4151 τε
1858 4096 1963 4150 ὑπό

379 4211 538 4248 τινων
571 4192 784 4264 άληθῶς
810 4191 1238 4263 πιστωσαμένων
1274 4189 1369 4258 τὴν
1393 4187 1550 4259 ἡμῶν
1585 4188 1792 4242 ἔννοιαν
1825 4206 1962 4242 κατ-

381 4281 680 4354 ειληφαμεν
701 4299 715 4312 ·
750 4281 860 4343 ἵνα,
897 4280 1061 4351 μηδέν
1110 4297 1164 4333 τι
1198 4278 1450 4350 περιττὸν
1480 4271 1553 4332 ὧν
1585 4277 1685 4348 (τε)
1716 4277 1961 4349 ἔγνωμεν

381 4375 761 4445 ποὴσὰμενοι,
793 4373 896 4426 ὑπὸ
934 4371 1237 4443 συνείδησιν
1267 4369 1509 4441 δόξωμεν
1539 4366 1699 4435 εἶναι,
1736 4370 1810 4442 μὴ
1829 4370 1962 4442 ὀρθὰ

383 4470 478 4522 καὶ
533 4468 687 4521 αὐτοὶ
742 4466 1160 4537 ὲφευρίσκοντες
1213 4464 1355 4517 κατὰ
1402 4463 1704 4537 ἀνθρώπων
1746 4462 1957 4531 λέγειν,

2042 556 2149 611 que
2187 541 2294 594 vim
2343 541 2659 595 nolentibus
2690 542 2889 595 attulit.
2931 540 3049 596 Non
3098 539 3243 596 enim
3282 555 3474 597 omnes
3521 542 3619 612 qui

2040 638 2156 686 toto
2196 632 2328 686 orbe
2361 639 2509 691 sunt.
2552 630 2858 686 Maximillae
2896 646 3096 686 nomen
3123 631 3325 695 sciunt,
3369 638 3464 686 aut
3496 632 3617 700 ejus

2040 722 2179 778 falsa
2212 723 2467 794 dogmata
2493 730 2546 777 et
2573 737 2855 779 sermones
2898 724 3206 778 audierunt.
3258 721 3350 778 Sic
3387 725 3616 778 omnino

2040 815 2272 869 conﬁcta
2331 815 2550 869 illorum
2596 815 2807 869 somnia
2871 830 3133 886 nugaeque
3194 816 3512 881 concidunt,
3557 823 3618 869 ut

2039 922 2160 977 quae
2189 906 2326 960 nihil
2370 907 2612 961 habeant
2651 922 2774 961 cum
2803 906 2986 961 divina
3028 907 3257 961 veritate
3299 922 3611 963 commune.

2108 997 2426 1070 416XIV.
2453 998 2721 1054 Caeterum
2743 999 2903 1054 iidem
2932 998 3008 1053 illi
3029 1000 3304 1056 desertum
3323 1002 3612 1071 quemdam

2044 1091 2097 1145 in
2128 1090 2361 1161 Phrygia
2386 1091 2565 1145 locum
2595 1092 2867 1162 prmeipue
2884 1099 3234 1157 venerantur,
3264 1093 3356 1148 ubi
3399 1084 3614 1163 Pepuia

2042 1183 2318 1253 quondam
2352 1184 2612 1254 oppidum
2648 1183 2771 1248 fuit,
2809 1184 2955 1253 quod
2998 1183 3161 1238 hodie
3191 1185 3308 1240 solo
3344 1194 3615 1255 aequatum

2042 1283 2146 1329 est.
2183 1275 2261 1330 Eo
2294 1276 2560 1345 siquidem
2593 1276 2924 1332 descendere
2954 1275 3236 1331 caelestem
3276 1275 3619 1333 Hierusalem

2042 1364 2332 1421 afﬁrmant.
2396 1367 2538 1438 Ergo
2589 1368 2681 1421 illo
2738 1367 3183 1437 proﬁciscuntur,
3236 1382 3303 1424 ac
3361 1370 3619 1440 mysteria

2043 1458 2291 1527 quredam
2348 1458 2578 1523 obeunt,
2638 1461 2921 1530 sacrisque
2980 1461 3321 1517 caeremoniis
3371 1476 3470 1530 pro
3520 1475 3620 1515 sua

2044 1549 2303 1618 opinione
2349 1550 2647 1605 celebrant.
2684 1551 2780 1605 Est
2808 1551 2952 1605 enim
2998 1552 3279 1606 hominum
3314 1552 3405 1606 illa
3442 1551 3621 1607 .l'actio

2045 1656 2144 1711 per
2186 1639 2606 1710 Cappadociam,
2647 1640 2932 1705 Galatiam,
2984 1642 3407 1714 Phrygiamque,
3453 1660 3617 1713 quam

2046 1737 2172 1785 ante
2207 1731 2779 1796 commemoravimus,
2811 1732 3090 1802 dispersa;
3124 1732 3269 1787 unde
3318 1741 3371 1787 et
3421 1750 3612 1786 secun—

2050 1822 2175 1875 dum
2215 1821 2457 1892 Phrygas
2498 1828 2647 1876 secta
2699 1820 2919 1875 dicitur.
2971 1820 3078 1876 Sed
3122 1832 3175 1876 et
3219 1822 3276 1876 in
3307 1823 3519 1886 Cilicia,
3566 1828 3625 1876 et

1977 1899 2018 1954 Β
2047 1910 2521 1979 Constantinopoli
2550 1908 2993 1979 frequentissima
3023 1909 3286 1963 cernitur.

2118 2001 2404 2055 Postremo
2445 2015 2514 2055 ne
2559 2000 2688 2069 quid
2712 2000 2983 2070 .omisisse
3026 1999 3333 2065 videamur,
3375 2001 3520 2071 quod
3559 2000 3626 2054 ad

2049 2094 2387 2163 singularum
2421 2093 2940 2161 eomprehensarum
2979 2107 3007 2145 a
3035 2092 3194 2147 nobis
3227 2092 3504 2148 haereseon
3535 2108 3630 2163 ap—

2049 2185 2401 2256 pellationem
2452 2186 2727 2255 pertinet,
2789 2186 2857 2240 de
2911 2184 3435 2254 Tascodrugitarum
3493 2201 3629 2241 voco

2051 2274 2313 2328 nonnulla
2346 2274 2577 2328 dicenda
2604 2279 2752 2327 sunt.
2787 2271 2902 2326 Hoc
2939 2273 3084 2327 enim
3117 2288 3314 2327 nomen
3342 2274 3425 2328 vel
3460 2289 3627 2343 penes

2053 2363 2190 2418 hanc
2225 2364 2420 2433 ipsam,
2464 2364 2548 2418 vel
2579 2378 2746 2432 penes
2776 2372 3094 2431 sequentem
3142 2363 3626 2430 Quintillianorum

2052 2456 2286 2510 harresin
2350 2454 2571 2511 resedit.
2641 2454 2885 2509 Indidem
2940 2455 3088 2509 enim
3144 2455 3248 2510 hoc
3299 2455 3624 2510 vocabulum

2054 2548 2318 2618 originem
2368 2549 2597 2618 accepit.
2647 2545 2818 2618 Igitur
2843 2546 3261 2618 Tascodrugitae
3296 2546 3500 2602 idcirco
3534 2563 3629 2602 co-

2054 2637 2354 2707 gnominati
2382 2645 2533 2700 sunt,
2572 2636 2718 2703 quod
2752 2636 2954 2699 τασκός
2977 2637 3195 2689 illorum
3226 2637 3409 2707 lingua
3454 2639 3631 2706 paxil-

2057 2726 2165 2780 lum
2181 2727 2480 2799 signiﬁcat;
2502 2727 2768 2799 δροῦγκος
2796 2742 2923 2783 vero
2962 2744 3172 2794 nasum,
3225 2729 3340 2783 sive
3374 2740 3628 2784 rostrum.

2057 2817 2212 2885 Quod
2245 2820 2411 2890 igitur
2441 2820 2583 2874 inter
2615 2820 2880 2874 orandum
2914 2820 3151 2874 indicem
3178 2834 3372 2874 manus
3403 2820 3631 2890 digitum

2059 2926 2196 2967 naso
2244 2912 2553 2981 imponunt,
2584 2918 2645 2965 ut
2693 2911 2861 2965 animi
2897 2911 3204 2975 tristitiam,
3235 2918 3290 2967 et
3323 2910 3632 2967 aﬁ‘ectatam

2058 3002 2349 3072 quamdam
2390 3002 2739 3059 sanctitatem
2786 3016 2899 3073 prae
2941 3017 3001 3059 se
3050 3002 3250 3068 ferant,
3282 3019 3313 3057 a
3352 3004 3634 3059 nonnullis

2060 3093 2181 3149 ideo
2210 3093 2620 3166 Tascodrugitaz
2649 3095 3027 3161 nominantur,
3064 3097 3223 3165 quasi
3257 3095 3634 3152 Paxillonaso-

2060 3202 2150 3241 nes
2182 3185 2408 3242 dixeris.
2452 3187 2558 3242 Sed
2601 3186 2659 3241 in
2702 3187 2805 3242 hac
2838 3186 3106 3253 Montani,
3156 3189 3242 3245 vel
3275 3190 3330 3244 in
3364 3189 3484 3259 ejus
3510 3205 3635 3260 ger-

2060 3294 2222 3334 mana
2259 3279 2765 3346 Quintillianorum,
2801 3288 2896 3335 aut
2943 3289 3093 3336 certe
3141 3279 3633 3343 Priscillianorum,

2058 3380 2113 3427 et
2156 3370 2591 3441 Pepuzianorum
2633 3371 2828 3427 haeresi
2882 3371 3215 3427 horrendum
3272 3372 3530 3444 quiddam
3571 3388 3636 3427 ac

2059 3460 2443 3516 detestandum
2476 3459 2592 3515 ﬁeri
2632 3460 2854 3516 dicitur.
2890 3459 3022 3515 Nam
3057 3461 3386 3517 infantulum
3420 3477 3517 3533 per
3546 3479 3638 3517 so-

2060 3551 2240 3606 lemne
2279 3552 2550 3623 quoddam
2589 3551 2788 3608 festum
2835 3553 3044 3609 acubus
3070 3555 3229 3609 aereis
3258 3561 3375 3609 toto
3411 3569 3638 3623 corpore

2060 3650 2389 3712 pungentes,
2417 3650 2704 3712 exceptum
2732 3641 3057 3711 sanguinem
3084 3642 3370 3699 sacriﬁciis
3394 3646 3511 3700 suis
3537 3644 3636 3697 ad-

2056 3728 2268 3786 bibent.

2132 3821 2249 3877 XV.
2303 3821 2408 3876 Sed
2464 3821 2526 3876 de
2582 3821 2685 3876 hac
2745 3822 2939 3878 haeresi
2993 3823 3127 3879 satis
3179 3824 3462 3880 hactenus.
3523 3824 3640 3880 lloc

2060 3912 2208 3967 enim
2248 3910 2307 3965 in
2351 3927 2678 3981 unaquaque
2709 3912 3088 3983 suscepimus;
3124 3915 3261 3967 nihil
3317 3924 3376 3970 ut
3425 3924 3640 3985 praeter-

2062 4004 2422 4068 mitteremus,
2466 4003 2559 4057 sed
2606 4004 2840 4074 ingenue
2890 4006 3444 4071 communicaremus,
3490 4010 3636 4077 quod
3738 4006 3741 4007 ⁷

2061 4095 2144 4149 vel
2163 4094 2440 4149 auditione
2456 4106 2812 4164 compertum,
2837 4097 2921 4151 vel
2949 4096 3180 4151 aliorum
3212 4098 3433 4166 scriptis
3462 4100 3644 4167 prodi~

2064 4193 2200 4248 tum,
2232 4185 2315 4238 vel
2358 4185 2771 4250 nonnullorum,
2815 4186 2909 4255 qui
2947 4184 3107 4241 ﬁdem
3139 4186 3300 4241 nobis
3352 4185 3635 4249 fecissent,

2065 4276 2448 4333 testiﬁcatione
2498 4277 2781 4348 cognitum
2830 4277 3161 4343 haberemus
3205 4296 3218 4332 :
3269 4294 3338 4333 ne
3384 4279 3430 4334 si
3484 4281 3639 4349 plura

2065 4384 2229 4441 quam
2278 4384 2398 4439 quae
2442 4373 2777 4440 accepimus,
2823 4371 3085 4425 mandare
3124 4370 3345 4440 scriptis
3388 4371 3641 4434 velimus,

2065 4459 2120 4513 iu
2152 4476 2272 4515 eam
2324 4463 2694 4533 suspicionem
2744 4463 2941 4518 merito
2982 4462 3294 4529 veniamus,
3340 4479 3506 4532 prava
3541 4480 3643 4518 nos

382 4558 520 4612 ἀλλὰ
584 4556 982 4618 ὑποπίπτοντες
1028 4553 1208 4618 πάθει,
1255 4546 1300 4620 ᾧ
1331 4553 1426 4606 καὶ
1472 4553 1624 4606 αὐτοὶ
1659 4552 1954 4618 ύπέπεσαν,

2068 4553 2316 4621 quaedam
2365 4561 2418 4608 et
2466 4553 2703 4610 absurda
2760 4569 2825 4609 eo
2868 4554 3203 4610 conﬁnxisse
3250 4556 3450 4618 studio,
3487 4564 3544 4609 ut
3576 4559 3644 4611 ad

383 4649 640 4719 ἀλήθειαν
672 4646 745 4717 μὴ
765 4645 1033 4714 λέγοντες,
1066 4642 1202 4696 ἀλλὰ
1228 4642 1591 4715 κηρύσσοντες
1618 4643 1654 4697 ἃ
1691 4644 1764 4714 μὴ
1794 4644 1969 4715 ὲωρά-
2003 4656 2017 4672 '

386 4755 566 4801 κασιν,
598 4737 718 4792 οὐδὲ
747 4738 1005 4808 ἤκουσαν,
1023 4734 1144 4789 οὐδὲ
1172 4734 1324 4806 παρὰ
1352 4734 1451 4804 τῆς
1471 4734 1684 4805 ἀληθῶς
1710 4736 1966 4791 διδασκα-

387 4835 507 4899 λίας
556 4831 652 4887 τοῦ
693 4832 846 4900 ἁγίου
886 4829 1203 4900 Πνεύματος
1232 4828 1653 4900 παρειλήφασιν.
1699 4829 1965 4901 ’Λκριὸῶς

389 4928 446 4981 δὲ
479 4924 771 4987 πάντα.’ὼς
800 4922 955 4992 ἔφην,
979 4919 1378 4993 διεξερχόμενοι
1412 4916 1540 4989 περὶ
1564 4919 1799 4991 ἑκάστης
1817 4920 1966 4992 αἱρέ-

388 5034 544 5081 σεως,
599 5016 662 5070 τὸ
695 5016 792 5086 μὲν
834 5013 1008 5067 δεινὸν
1059 5010 1535 5073 ἀποκαλύπτοντες
1578 5011 1659 5074 εἰς
1683 5009 1966 5081 διόρθωσιν

383 5109 493 5164 τῶν
520 5104 1093 5179 παρεντυγχανόντων,
1126 5103 1222 5157 καὶ
1255 5101 1344 5156 διὰ
1382 5101 1481 5174 τῆς
1510 5101 1825 5174 ἀνατροπῆς
1855 5103 1966 5158 τῶν

385 5201 494 5255 ἀπὸ
520 5198 677 5254 θείων
701 5197 897 5268 λόγων,
915 5197 1011 5250 καὶ
1040 5193 1100 5262 ἑξ
1130 5192 1307 5265 ὀρθῶν
1334 5191 1608 5262 λογισμῶν
1631 5192 1964 5264 ποιούμενοι,

388 5291 614 5359 ιατικδν,
663 5288 741 5354 ὡς
777 5289 972 5352 εἰπεῖν,
996 5284 1286 5358 φάρμακον
1320 5282 1463 5338 κατὰ
1485 5281 1699 5347 διττοὺς
1732 5284 1966 5357 τρόπους

460 5408 474 5439 ⁸
507 5406 623 5464 Del.
648 5405 771 5478 τῆς,
806 5412 860 5461 et
884 5416 1010 5459 mox
1041 5402 1146 5473 leg.
1171 5400 1267 5456 ἅτε
1293 5397 1361 5454 δι’
1389 5399 1512 5453 ἀκο.

454 5517 537 5590 (4)
556 5519 705 5594 ῙΙνα
738 5515 810 5573 δὲ
844 5513 1042 5594 μηδὲν
1071 5510 1575 5594 gangaridum”;
1587 5506 1963 5594 Theodoretus

390 5577 732 5645 Aseodrutas
750 5630 766 5653 ,
815 5577 1357 5653 v'el'Ascodrupitas',
1382 5577 1504 5653 sive
1530 5577 1962 5653 Tascodrupitas

389 5660 669 5742 appellat;
698 5650 794 5729 qui
819 5657 1036 5713 illorum
1062 5650 1317 5732 dogmata
1344 5650 1592 5722 pluribus
1619 5651 1957 5733 exsequitur.

390 5727 718 5785 Philastnus
764 5741 896 5785 vero
934 5721 1325 5794 Ascodrogitas
1383 5735 1416 5775 ιι
1471 5717 1965 5791 Passalorynchltis

393 5799 649 5857 secernit.

2069 4646 2449 4700 haereticorum
2494 4646 2752 4700 invidiam
2783 4646 2852 4701 iis
2897 4646 3317 4709 ascriberemus,
3342 4645 3644 4715 eodemque

2069 4750 2179 4805 quo
2212 4736 2290 4789 illi
2323 4735 2555 4790 crimine
2590 4746 2893 4800 teneamur,
2929 4736 3023 4805 qui
3056 4735 3167 4789 veri
3202 4735 3338 4789 nihil
3371 4735 3641 4798 afferunt;

2069 4826 2163 4882 sed
2192 4841 2312 4896 qua:
2342 4841 2620 4896 nunquam
2652 4834 2746 4881 aut
2776 4826 3071 4891 audierint,
3105 4834 3199 4880 aut
3243 4827 3503 4894 viderint,
3549 4837 3644 4882 aut

2067 4932 2325 4999 germana
2360 4916 2621 4987 ,Spiritus
2678 4917 2854 4971 sancti
2890 4917 3183 4990 disciplina
3240 4916 3554 4983 didicerint,
3587 4920 3642 4975 in

2068 5008 2306 5064 medium
2352 5008 2653 5064 adducunt.
2691 5007 2827 5062 Cum
2881 5008 3048 5079 igitur
3084 5015 3359 5076 accurate,
3405 5016 3466 5064 ut
3501 5009 3645 5063 dixis

2068 5116 2214 5168 mus,
2247 5103 2430 5157 omnia
2461 5116 2581 5173 quae
2611 5100 2776 5173 417
2814 5100 2884 5155 ad
2925 5115 3367 5171 unamquamque
3394 5107 3644 5170 spectant

2069 5193 2304 5249 haeresin
2353 5193 2905 5265 comprehendamus,
2957 5191 3094 5248 adeo
3135 5200 3195 5246 ut
3237 5192 3385 5264 quod
3432 5192 3488 5248 in
3537 5193 3646 5249 illis

2070 5287 2362 5343 exitiosum
2401 5294 2507 5352 est,
2540 5301 2603 5341 ac
2633 5283 2974 5356 pestiferum,
3008 5284 3074 5341 ad
3102 5285 3365 5341 lectorum
3395 5286 3647 5341 emenda-

2141 5506 2221 5579 (5)
2239 5503 2469 5572 Τασκὸς
2478 5506 2615 5583 παρ’
2626 5503 3184 5583 (semigraecam,
3197 5510 3365 5583 iam.
3387 5509 3648 5583 Drangus

2069 5574 2176 5633 vei
2208 5583 2294 5632 est
2320 5590 2352 5632 a
2384 5575 2785 5648 recentioribus
2807 5574 3014 5648 Graecis
3059 5574 3312 5648 perinde.
3344 5596 3409 5637 ac
3434 5574 3647 5641 Lanius

2068 5653 2356 5720 usurpata,
2400 5660 2563 5720 (ιιι-ειη
2613 5660 2645 5700 a
2679 5642 2873 5720 graeca
2908 5642 3110 5720 ῥύγχος
3157 5649 3428 5720 detortam
3466 5653 3643 5708 innuit

2073 5713 2440 5793 Epiphanius?
2460 5713 2774 5793 Veget._lib.
2811 5731 2871 5771 ιιι
2894 5713 2921 5780 ,’
2946 5713 3002 5770 οξ
3016 5713 3101 5772 ’16
3152 5727 3206 5773 et
3247 5719 3315 5775 i9
3339 5723 3521 5792 globos
3549 5739 3648 5793 ap-

2074 5787 2266 5857 pellat,
2304 5786 2760 5855 quemadmodum
2782 5798 2834 5843 et
2862 5801 3073 5843 cuneos
3090 5798 3248 5859 caput
3274 5786 3568 5861 po'reimm.
