3952 6156
337 256 440 313 εἶθ

1752 251 1811 306 Β.
1855 248 2196 305 ΕΡΙΡΙΙΑΝΗ

3508 241 3628 296 880

337 372 540 431 tionem
569 367 976 437 signiﬁcemus;
1012 366 1177 421 etsad
1218 365 1349 420 illud
1380 365 1559 435 ipsum
1595 366 1921 434 propulsan-

2033 359 2523 424 κατασκευάζοντες
2567 358 2624 410 ὲν
2682 355 2907 427 Κυρίῳ·
2961 356 3073 417 τοῖς
3106 352 3204 423 μὲν
3242 352 3627 421 διερχομένοις

335 460 467 513 dum
500 458 693 529 pantim
725 473 754 512 e
803 455 1129 527 Scripturis,
1164 457 1363 526 partim
1395 471 1463 510 ex
1511 466 1661 510 recta
1708 455 1922 531 ratione

338 555 482 607 velut
541 551 999 605 medicamentum
1069 547 1513 607 confecerimus:
1567 546 1728 615 cujus
1778 555 1925 600 esset

344 641 730 711 opportunitas
771 640 993 709 duplex,
1042 634 1107 693 ut
1147 646 1201 693 et
1249 639 1342 709 qui
1376 653 1437 693 ea
1481 637 1802 707 contagione
1848 636 1925 689 la.

338 735 614 798 horai-ent,
651 733 718 788 iis
747 733 905 787 lectis
935 732 1004 786 ab
1033 731 1181 785 omni
1211 731 1427 800 penitus
1465 729 1674 796 morbo,
1718 743 1781 783 ac
1811 737 1921 782 tam

337 823 666 879 intolerabili
697 824 944 879 cruciatu
995 822 1398 888 relevarentur;
1429 829 1482 875 et
1515 820 1608 891 qui
1648 821 1922 876 immunes

335 915 604 971 hactenus
641 908 893 978 fuissent,
923 929 988 968 eo
1010 914 1075 968 ad
1105 913 1412 968 cautionem
1447 919 1750 966 uterentur.
1784 910 1918 975 Hoc,

337 1005 584 1076 inquam,
618 1005 867 1059 veritatis
899 1005 1358 1059 medicamentum
1394 1002 1523 1056 dum
1556 1001 1919 1072 prudentibus

2021 453 2101 514 είς
2137 450 2198 503 τὸ
2251 445 2561 516 ἁνασφῆλαι
2611 444 2709 514 τῆς
2750 443 2930 505 νόσου,
2961 444 3054 496 καὶ
3090 443 3189 512 τῆς
3228 440 3505 511 τοσαύτης
3535 441 3623 492 ἀλ-

2019 540 2243 612 γηδόνος
2269 554 2282 567 ·
2323 539 2435 600 τοῖς
2465 535 2521 587 δὲ
2557 535 2693 605 μηδὲ
2728 531 3146 604 παρεμπεσοῦσί
3175 547 3309 584 ποτε
3333 547 3626 601 προκατα-

2019 631 2302 704 ληπτικὸν,
2333 629 2411 691 ὡς
2448 630 2645 689 εἰπεῖν,
2678 625 2739 679 τὸ
2777 624 3049 695 βοήθημα,
3086 622 3179 676 τοῦ
3214 621 3314 692 τῆς
3358 621 3627 691 ἀληθείας

2022 721 2318 794 φαρμάκου
2374 716 2746 790 μεταδιδόντες
2786 718 2899 777 τοῖς
2928 716 3191 776 συνετοῖς,
3234 711 3487 782 μαθηταὶ
3522 713 3626 763 καὶ

2021 814 2176 869 αὐτοὶ¹
2204 808 2492 881 κληθῶμεν
2507 806 2617 861 τῶν
2643 804 2736 859 τοῦ
2757 804 2992 876 Χριστοῦ
3019 802 3300 876 μαθητῶν,
3329 802 3427 855 καὶ
3445 801 3624 854 αὑτοῦ

2019 905 2114 959 τοῦ
2174 901 2450 973 Σωτῆρος,
2524 896 2721 969 βοηθοῦ
2786 895 3127 968 ὑπάρχοντος
3194 892 3472 965 σωμάτων
3524 892 3625 945 καὶ

2017 996 2226 1069 ψυχῶν.

337 1108 817 1171 repmsentamus,
848 1099 902 1154 id
937 1098 1172 1169 agimus,
1204 1109 1259 1152 ut
1288 1098 1683 1168 discipulorum
1716 1097 1921 1154 Christi
1948 1095 2207 1166 discipuli
2243 1093 2613 1160 nominemur,
2649 1099 2704 1147 et
2743 1088 2912 1160 hujus
2969 1086 3106 1143 adeo
3140 1086 3337 1158 ipsius,
3385 1085 3483 1157 qui
3537 1091 3624 1140 est

338 1210 526 1262 COI‘pOt
543 1211 631 1248 Ulll
665 1194 1084 1264 animorumque
1126 1204 1394 1248 εοτνειιοτ.

407 1286 565 1342 Nunc
600 1295 952 1358 posteaquam
996 1286 1129 1341 satis
1170 1300 1445 1355 superque
1484 1285 1536 1339 in
1584 1284 1689 1339 hac
1733 1284 1915 1339 confu-

338 1379 506 1437 tanda
537 1378 731 1432 hau-esi
773 1377 974 1430 versati
1009 1374 1235 1437 fuimus,
1264 1373 1573 1444 opitulante
1598 1373 1819 1427 Christo
1855 1371 1925 1425 ad

337 1480 567 1526 caeteras
604 1468 1005 1540 aggrediamur,
1041 1482 1344 1537 earmnque
1377 1466 1551 1530 virus,
1585 1465 1689 1519 hoc
1716 1474 1801 1520 est
1835 1464 1927 1517 ha-

337 1573 515 1618 matos
554 1568 962 1629 venenatosque
1004 1558 1215 1622 dentes,
1277 1557 1545 1621 veritatis,
1582 1571 1702 1626 quae
1739 1564 1825 1611 est
1870 1557 1922 1608 in

335 1670 522 1719 cruce,
572 1654 723 1708 velut
761 1652 999 1723 quodam
1045 1650 1188 1705 iuste
1244 1650 1705 1704 comminuamus.
1746 1648 1919 1714 Quam

335 1746 481 1798 enim
517 1743 875 1812 subjecimus,
914 1740 1293 1794 haemorrhsz
1328 1741 1529 1809 vipera:
1566 1739 1762 1793 similis
1795 1745 1918 1792 est:

2116 1278 2205 1340 Ὠς
2246 1274 2303 1328 δὲ
2350 1273 2446 1326 καὶ
2499 1271 2600 1344 τὴν
2642 1268 2877 1324 ἐνταῦθα
2931 1268 3132 1332 ἱκανῶς
3179 1270 3618 1342 εἰσηγησάμενοι

2029 1369 2157 1440 περὶ
2209 1366 2416 1437 ταύτης
2471 1365 2571 1435 τῆς
2625 1361 2890 1434 αἱρέσεως
2933 1361 3214 1433 ἐργασίαν,
3262 1364 3366 1417 σὺν
3385 1362 3617 1433 δυνάμει

2027 1456 2267 1530 Χριστοῦ
2298 1456 2390 1509 ἐπὶ
2428 1454 2527 1518 τὰς
2560 1454 2687 1525 ἑξῆς
2733 1452 3004 1524 προϐῆναι
3046 1453 3274 1517 ἑαυτοὺς
3304 1453 3615 1525 ἐπιδῶμεν·

2023 1551 2115 1603 τὸν
2159 1550 2257 1621 μὲν
2306 1548 2404 1613 ιδν,
2448 1546 2519 1600 τὰ
2566 1545 2948 1617 άγκιστροειδῆ
2997 1545 3108 1597 τῶν
3159 1545 3393 1600 ὀδόντων
3439 1545 3620 1616 αὐτῆς

2028 1643 2297 1714 φάρμακα
2346 1642 2404 1693 ὲν
2457 1638 2538 1711 τῷ
2590 1639 2691 1711 τῆς
2738 1639 2999 1711 ἀληθείας
3035 1638 3131 1692 τοῦ
3174 1624 3413 1712 σταύροῢ
3468 1638 3617 1707 ξύλῳ

2027 1733 2467 1797 καταθλάσαντες
2491 1735 2531 1800 ί,
2565 1734 2633 1803 τῇ
2689 1731 2979 1803 αἱμορροίᾳ
3015 1730 3198 1804 ὲχίδιῃ
3252 1733 3499 1803 ἐοικυίᾳ,
3548 1729 3617 1803 ἧς

337 1840 500 1907 cujus
540 1837 692 1889 virus
744 1850 809 1887 ea
853 1835 904 1888 vi
944 1833 1229 1902 praeditum
1278 1839 1383 1895 est,
1438 1840 1497 1885 ut
1543 1845 1733 1885 eorum
1782 1844 1922 1899 quos

2033 1828 2062 1898 ἡ
2097 1826 2244 1897 λύμη
2276 1825 2389 1879 τῶν
2423 1825 2768 1896 δεδηγμένων
2793 1826 2813 1855 ²
2854 1824 3057 1889 παντὸς
3094 1824 3189 1878 τοῦ
3225 1824 3483 1897 σώματος
3516 1829 3613 1880 ἐκο

337 1927 716 1993 momorderit,
739 1940 957 1979 onmem
983 1939 1012 1979 e
1034 1922 1362 1993 corporibus
1384 1924 1707 1993 sanguinem
1725 1937 1919 1977 execr-

340 2028 455 2082 nat,
488 2020 677 2087 itaque
708 2016 983 2069 conliciat.
1025 2012 1182 2079 Quod
1226 2013 1404 2083 ipsum
1438 2012 1920 2078 Quintillianorum

339 2118 564 2181 prmstat
592 2110 838 2165 haeresis.
882 2106 1197 2160 innocentis
1231 2104 1374 2159 enim
1403 2104 1618 2174 pueruli
1656 2104 1923 2159 confosso

339 2216 591 2270 corpore,
635 2201 952 2268 sanguinem
993 2212 1210 2251 onmem
1267 2195 1492 2265 excipit,
1529 2211 1639 2266 quo
1686 2196 1739 2251 in
1788 2196 1925 2251 cele-

340 2293 567 2347 brandis
610 2289 1120 2361 participandisque
1176 2287 1452 2358 mysteriis
1483 2287 1569 2342 .ad
1617 2287 1924 2343 circumsc-

339 2385 576 2443 niendos
613 2384 864 2438 homines
896 2382 1106 2437 nefarie
1138 2382 1404 2436 abutitur.

412 2479 700 2533 Postremo
730 2482 1023 2544 antequam
1051 2487 1153 2528 nos
1176 2472 1383 2527 Christi
1416 2473 1661 2541 potentia
1686 2471 1818 2527 freti
1855 2471 1923 2525 ad

339 2571 582 2640 reliquas
626 2567 1000 2634 accingamus,
1037 2564 1187 2617 illius
1219 2563 1505 2618 veritatem
1541 2564 1922 2633 imploremus,

342 2672 403 2716 ut
446 2660 655 2716 erroris
703 2658 976 2728 cujusque
1010 2655 1239 2724 vestigia
1292 2654 1634 2717 subodorati,
1676 2655 1925 2725 ejusdem

338 2758 628 2822 comperta
658 2749 1004 2820 disjectaque
1043 2748 1114 2812 vi,
1146 2746 1257 2803 Deo
1283 2747 1338 2801 iu
1364 2747 1620 2803 omnibus
1646 2731 1744 2817 pro
1773 2762 1839 2804 eo
1864 2760 1927 2802 ac

341 2846 588 2901 solemus
617 2842 847 2915 gratiam
883 2840 1205 2895 habeamus.

645 2968 1019 3026 ADVERSUS
1060 2966 1617 3036 QUINTILLIANOS,

2028 1917 2224 1987 κρίνει,
2263 1918 2356 1971 καὶ
2381 1915 2553 1980 οὕτως
2574 1915 2596 1948 ³
2626 1916 2715 1969 τὸν
2744 1915 2974 1970 θάνατον
3008 1915 3281 1969 ἐκϐάλλει.
3323 1918 3474 1990 Αὕτη
3503 1920 3618 1991 γὰρ

2027 2011 2122 2065 καὶ
2168 2013 2201 2081 ἡ
2250 2009 2358 2064 τῶν
2409 2007 2836 2064 Κυῖντιλλιανῶν
2879 2009 3091 2079 αἵρεσις
3138 2008 3297 2063 τοῦτο
3348 2010 3612 2070 ἐπιτελεῖ.

2041 2101 2305 2175 Ἀφθόρου
2346 2102 2457 2174 γὰρ
2500 2101 2690 2165 παιδὸς
2729 2103 3039 2172 κατακεντᾷ
3076 2101 3144 2156 τὸ
3200 2101 3381 2173 σῶμα,
3413 2103 3509 2156 καὶ
3556 2104 3617 2156 τὸ

2031 2189 2174 2266 αἷμα
2212 2192 2376 2265 δῆθεν
2422 2195 2503 2257 εἰς
2555 2193 2857 2265 μετάληψιν
2894 2193 3263 2265 ἀποφέρεται,
3303 2197 3387 2258 εἰς
3446 2212 3617 2265 μυστ-

2035 2284 2284 2355 αγωγίαν
2316 2285 2581 2356 ὀνόματος
2604 2283 2841 2357 Χριστοῦ
2870 2284 2997 2348 τοὺς
3038 2285 3431 2357 ἠπατημένους
3478 2286 3615 2340 πλα-

2033 2375 2207 2432 νῶσα.

2110 2469 2300 2539 Ἡμεῖς
2326 2469 2382 2522 δὲ
2413 2469 2507 2523 ἐπὶ
2537 2469 2637 2533 τὰς
2660 2470 2787 2541 ἑξῆς
2816 2471 2874 2523 ὲν
2913 2470 3141 2541 δυνάμει
3167 2470 3411 2541 Χριστοῦ
3443 2488 3614 2542 προσ-

2026 2560 2349 2631 ερχόμενοι,
2396 2561 2495 2631 τὴν
2563 2561 2734 2615 αὐτοῦ
2803 2561 3060 2631 ἀλήθειαν
3113 2563 3611 2634 ὲπικαλεσὼμεθα·

2021 2651 2203 2717 ὅπως,
2246 2651 2482 2721 ἑκάστης
2529 2653 2740 2724 πλάνης
2793 2653 3265 2725 ἰχνηλατήσαντες,
3308 2656 3411 2727 τὴν
3456 2657 3614 2710 δύνει-

2025 2762 2119 2817 μιν
2167 2745 2523 2818 φωράσαντες
2563 2765 2623 2801 τε
2659 2750 2754 2801 καὶ
2822 2747 3173 2817 ὲλέγξαντες,
3218 2750 3342 2821 Θεῷ
3373 2753 3433 2804 ὲν
3480 2754 3614 2805 πᾶσι

2026 2835 2273 2908 συνήθως
2313 2838 2822 2909 εύχαριστήσωμεν.

2418 2976 2610 3028 ΚΑΤΑ
2646 2967 3198 3032 ΚΥῘΝΤΙΛΛΙΑΝΩΝ
3213 3018 3228 3043 ,

343 3088 458 3143 Sive
504 3086 856 3161 i’epnzianos,
902 3093 950 3161 et
1009 3082 1402 3161 Priscii'lign'o's,
1444 3077 1922 3161 quiaasaccedum

2033 3087 2143 3143 Elz’
2202 3084 2316 3161 οὖν
2351 3088 2791 3161 Πεπουζῖανῶν,
2834 3091 2940 3161 ,καὶ
2979 3092 3491 3159 Πρισκιλλιανῶν,
3524 3089 3614 3161 οἷς

482 3169 530 3211 et
560 3149 890 3227 Artotgrita’,
923 3154 1135 3208 hwresis
1164 3150 1379 3215 XXIX,
1407 3149 1513 3205 sive
1542 3149 1749 3206 XLIX.

415 3270 454 3325 1.
511 3268 877 3336 Quintilliani,
936 3265 1028 3337 qui
1083 3273 1136 3319 et
1187 3263 1482 3334 Pepuziani
1522 3273 1811 3334 vocantur,
1871 3276 1926 3322 et

343 3363 678 3432 Artotyritae,
715 3374 780 3414 ac
822 3358 1180 3425 Priscilliani,
1226 3358 1371 3414 inter
1416 3358 1661 3431 Phrygas
1694 3374 1926 3416 censen-

346 3469 456 3521 tur,
484 3453 630 3508 etab
661 3452 729 3507 iis
762 3452 940 3507 exorti
979 3458 1129 3516 sunt,
1176 3450 1271 3506 sed
1303 3451 1556 3506 nonnihil
1590 3460 1773 3507 tamen
1805 3453 1920 3509 dis-

345 3550 595 3614 crepant.
652 3541 865 3597 Etenim
922 3540 1163 3613 Phryges
1224 3542 1341 3607 isti,
1400 3542 1517 3601 sive
1565 3541 1921 3608 Priscilliani,

346 3634 691 3703 Quintillam,
733 3640 828 3687 aut
874 3631 1205 3696 Priscillam,
1249 3645 1428 3704 neque
1475 3631 1626 3687 enim
1680 3640 1802 3687 utra
1852 3634 1924 3689 sit

347 3735 497 3783 certo
558 3726 767 3782 scimus
797 3766 812 3791 ,
852 3723 1020 3798 418
1055 3725 1151 3780 sed
1190 3725 1385 3780 harum
1440 3724 1668 3782 alteram
1731 3726 1925 3781 dicunt

345 3818 576 3890 Pepuzaa
598 3816 893 3887 aliquando
923 3830 1118 3871 somno
1158 3827 1491 3888 correptam.
1536 3816 1675 3872 Tum
1704 3817 1774 3873 ad
1802 3833 1921 3874 eam

349 3909 699 3965 descendisse
722 3908 1022 3973 Christum,
1060 3922 1125 3963 ac
1151 3908 1315 3963 simul
1342 3924 1468 3964 cum
1507 3909 1624 3980 ipsa
1655 3910 1923 3980 ejusmodi

349 4002 540 4057 habitu
598 4000 911 4067 dormiisse,
966 4008 1026 4055 ut
1080 4015 1218 4054 vana
1268 4002 1590 4057 muliercula
1631 4002 1919 4072 jactabat:

347 4093 620 4158 Muliebri,
654 4093 851 4163 inquit,
895 4093 1081 4163 specie,
1107 4108 1169 4146 ac
1199 4103 1335 4148 veste
1362 4092 1639 4162 splendida
1680 4095 1817 4149 venit
1854 4095 1923 4149 ad

346 4205 427 4245 me
449 4186 715 4249 Christus,
753 4184 978 4255 mihique
1011 4183 1326 4251 sapientiam
1355 4184 1567 4250 indidit,
1610 4193 1764 4255 atque
1786 4185 1924 4240 Imnc

350 4280 521 4333 locum
549 4284 791 4331 sanctum
820 4291 928 4328 esse
962 4275 1278 4343 signiﬁcavit
1295 4289 1315 4338 ;
1349 4274 1406 4328 in
1447 4289 1663 4346 eumque
1684 4288 1925 4331 sanctam

2164 3159 2530 3214 συνέπονται
2548 3159 2962 3229 Ἀρτοτῳῖται,
2986 3165 3116 3228 ΚΘ,
3146 3164 3183 3232 ἡ
3203 3162 3299 3217 καὶ
3327 3167 3466 3219 ΜΘ¹.

2093 3272 2173 3325 A'.
2215 3271 2618 3328 Κυϊντιλλιανοὶ
2645 3272 2705 3326 δὲ
2723 3272 2904 3339 πάλιν,
2922 3275 2973 3327 οἱ
3002 3275 3094 3329 καὶ
3120 3275 3487 3340 Πεπουζιανοὶ
3516 3296 3618 3334 x1.-

2022 3363 2294 3436 λούμενοι,
2313 3364 2687 3437 Ἀρτοτυρῖταί
2705 3381 2765 3417 τε
2788 3366 2882 3419 καὶ¹
2892 3365 3615 3439 Πρισκιλλιανοὶλεγόμενοε,

2023 3457 2073 3511 οἱ
2100 3455 2252 3509 αὐτοὶ
2283 3456 2381 3527 μὲν
2407 3454 2560 3519 ὄντες
2584 3454 2726 3510 κατὰ
2746 3454 2982 3528 Φρύγας,
3020 3456 3114 3508 καὶ
3142 3457 3200 3523 ἐξ
3225 3455 3406 3511 αὐτῶν
3429 3457 3621 3528 ὁρμῶν

2026 3563 2197 3618 μενον
2221 3546 2506 3619 διῄρηνται
2536 3545 2593 3598 δὲ
2626 3545 2769 3600 κατά
2791 3563 2912 3601 τινα
2928 3545 3148 3618 τρόπον.
3178 3547 3315 3600 Φασὶ
3334 3547 3447 3621 γὰρ
3468 3544 3619 3603 οὗτοι

2021 3640 2069 3692 οἱ
2091 3638 2477 3712 κατὰΦρύγας,
2495 3639 2666 3693 εῖτουν
2686 3638 3109 3712 Πρισκιλλιανοὶ,
3129 3640 3186 3692 ὲν
3208 3641 3275 3710 τῇ
3297 3640 3560 3715 Πεπούζῃ
3582 3642 3615 3713 ἣ

2023 3729 2372 3796 Κυϊντιλλαν,
2401 3731 2435 3803 ἢ
2468 3730 2830 3802 Πρίσκιλλαν,
2864 3732 2967 3785 οὐκ
2993 3730 3101 3801 ἔχω
3122 3729 3369 3803 ἀκριϐῶς
3405 3731 3615 3800 λέγειν,

2025 3818 2155 3891 μίαν
2175 3818 2235 3873 δὲ
2268 3819 2327 3886 ἐξ
2355 3818 2557 3884 αὐτῶν,
2599 3820 2675 3884 ὠς
2716 3822 2996 3892 προεῖπον,
3040 3823 3097 3872 ὲν
3132 3822 3198 3891 τῇ
3228 3820 3485 3893 Πεπούξῃ
3521 3840 3617 3875 κε-

2020 3904 2441 3985 ’καθευδηκέναῃ
2460 3915 2556 3967 καὶ
2573 3913 2665 3966 τὸν
2687 3910 2917 3985 Χριστὸν
2931 3912 3064 3984 πρὸς
3085 3912 3252 3983 αὐτὴν
3268 3912 3613 3984 ἐληλυθέναι,

2024 4003 2432 4058 συνυπνωκέναι
2466 4019 2527 4055 τε
2568 4002 2704 4074 αὐτῇ
2742 4001 2916 4072 τούτῳ
2932 3988 3021 4073 ’τῷ
3057 4002 3272 4074 τρόπῳ,
3309 4001 3387 4065 ὡς
3424 4003 3614 4075 ἐκείνη

2024 4094 2360 4166 ἀπατωμένη
2388 4094 2595 4163 ἔλεγεν*
2629 4095 2731 4148 Ἐν
2765 4092 2911 4161 ἰδέᾳ,
2942 4093 3093 4164 φησὶ,
3126 4094 3412 4163 γυναικὸς
3431 4094 3619 4164 ἐσχη-

2017 4186 2385 4254 ματισμένος
2413 4186 2484 4240 ἐν
2511 4184 2706 4255 στολῇ
2729 4183 2975 4255 λαμπρᾲ
3004 4181 3152 4255 ἦλθε
3183 4184 3334 4253 πρὸς
3362 4184 3445 4253 μὲ
3473 4189 3615 4254 Χρι-

2023 4276 2193 4345 στὸς,
2218 4278 2317 4331 καὶ
2345 4278 2631 4333 ἐνέϐαλεν
2670 4277 2741 4332 ἐν
2763 4277 2892 4347 ἐμοὶ
2918 4276 3030 4344 τὴν
3065 4278 3308 4346 σοφίαν,
3340 4277 3441 4331 καὶ
3460 4279 3615 4333 ἀπε-

351 4366 707 4425 Ilierusalem.
732 4364 925 4419 delabi.
957 4363 1038 4420 Ob
1080 4364 1133 4418 id
1169 4365 1446 4419 nonnullze
1489 4365 1557 4420 ad
1599 4366 1920 4422 hodiernum

2033 4366 2269 4435 κάλυψέ
2284 4387 2385 4438 μοι
2404 4369 2641 4424 τουτονὶ
2666 4367 2773 4423 τὸν
2791 4370 2976 4423 τόπον
2990 4364 3142 4421 εἶναι
3162 4367 3352 4438 ἅγιον,
3367 4369 3467 4422 καὶ
3493 4365 3616 4424 ὧδε

349 4475 527 4531 usque
552 4468 769 4528 tempus
798 4456 1055 4510 mulieres
1078 4469 1141 4510 ac
1172 4455 1275 4510 viri
1312 4456 1503 4512 eodem
1531 4457 1734 4512 initiari
1772 4460 1925 4515 cultu

354 4558 557 4615 solent,
601 4557 662 4605 ut
715 4548 918 4603 ibidem
957 4546 1292 4603 excubantes
1339 4547 1620 4604 Christum
1677 4557 1925 4606 contem-

352 4644 593 4714 plentur.
643 4638 1011 4707 Quamobrem
1060 4639 1177 4694 sive
1232 4639 1377 4709 apud
1427 4639 1589 4711 istos,
1631 4641 1747 4697 sive
1783 4642 1928 4714 apud

348 4735 622 4804 Phrygas,
670 4729 1034 4801 prophetissa:
1082 4729 1301 4786 femina:
1343 4743 1767 4804 nuncupantur,
1827 4752 1928 4792 nec

349 4840 604 4885 utrorum
638 4825 690 4881 id
722 4825 1029 4880 institutum
1053 4824 1125 4879 sit
1155 4825 1290 4881 satis
1321 4827 1561 4896 comperi
1595 4846 1610 4881 :
1638 4835 1924 4898 propterea

352 4921 498 4994 quod
533 4916 898 4974 communiter
931 4918 1156 4990 degunt,
1193 4924 1358 4989 atque
1399 4919 1543 4975 idem
1575 4921 1771 4992 dogma
1801 4936 1928 4993 pro-

352 5017 596 5070 ﬁtentur.

424 5190 487 5243 ll.
530 5186 838 5257 Utrumque
886 5202 1049 5256 porro
1076 5185 1491 5243 Testamentum
1545 5190 1828 5252 adhibent,
1875 5199 1929 5246 et

357 5291 698 5340 mortuorum
748 5280 1204 5334 resurrectionem
1248 5282 1568 5350 approbant.
1602 5282 1921 5347 Quintillam

353 5388 484 5430 vero
518 5385 642 5425 cum
677 5368 929 5424 Priscilla
955 5377 1212 5425 auctores
1246 5384 1376 5426 suas
1409 5371 1727 5440 praedicant,
1754 5387 1919 5442 quam

352 5473 409 5519 et
445 5460 687 5531 Phryges
715 5458 1017 5513 asciscunt.
1064 5456 1261 5515 Multas
1288 5465 1342 5514 et
1378 5461 1706 5516 vanissimas
1734 5471 1921 5516 aucto-

2028 4458 2144 4527 τὴν
2191 4460 2588 4529 Ἰερουσαλὴμ
2615 4461 2683 4513 ἐκ
2720 4460 2827 4515 τοῦ
2867 4458 3127 4528 ούρανοῦ
3172 4458 3457 4516 κατιέναι.
3494 4461 3613 4527 Διὸ,

2028 4550 2160 4620 φησὶ
2184 4549 2227 4615 ⁸,
2278 4552 2370 4605 καὶ
2419 4552 2548 4624 ἄχρι
2592 4553 2690 4622 τῆς
2747 4551 2907 4623 δεῦρο
2955 4548 3219 4621 μυοῦσθαί
3263 4568 3417 4615 τινας
3466 4551 3615 4606 οὕτω

2028 4642 2293 4708 γυναῖκας
2332 4644 2515 4696 ἐκεῖσε
2545 4645 2603 4698 ὲν
2646 4641 2725 4713 τῷ
2774 4643 2924 4714 τόπῳ
2957 4642 3053 4696 καὶ
3102 4640 3321 4713 ἄνδρας,
3362 4642 3503 4714 πρὸς
3550 4645 3615 4697 τὸ

2030 4731 2388 4802 ὲπιμεινάσας
2410 4734 2581 4799 αὐτὰς
2611 4734 2644 4807 ἢ
2673 4734 2868 4799 αὐτοὺς
2896 4734 2987 4788 τὸν
3029 4734 3261 4804 Χριστὸν
3309 4735 3609 4808 θεωρῆσαι.
3650 4796 3656 4815 ³

2034 4825 2293 4890 Γυναῖκες
2319 4821 2411 4880 οὖν
2450 4829 2582 4899 παρ’
2614 4827 2797 4890 αὐτοῖς
2825 4825 3113 4881 καλοῦνται
3152 4826 3499 4901 προφήτιδες.
3534 4831 3611 4883 Οὐ

2036 4917 2177 4970 πάνυ
2199 4916 2254 4971 δὲ
2285 4920 2473 4988 σαφῶς
2492 4917 2625 4988 οἶδα,
2654 4920 2687 4991 ἢ
2718 4920 2845 4990 παρ’
2865 4919 3068 4983 αὐτοῖς,
3093 4917 3126 4988 ἢ
3149 4919 3300 4989 παρὰ
3328 4922 3438 4984 τοῖς
3468 4921 3637 4975 κατά

2028 5009 2267 5079 Φρύγας.
2321 5012 2488 5084 Ὁμοῦ
2538 5013 2645 5084 γάρ
2700 5014 2842 5078 εἰσι,
2899 5011 2992 5065 καὶ
3052 5010 3185 5064 αὐτὸ
3236 5012 3297 5065 τὸ
3352 5013 3611 5085 φρόνημα

2029 5101 2338 5172 κέκτηνται.

2099 5192 2174 5245 B'.
2206 5194 2519 5265 Κέχρηνται
2559 5197 2615 5250 δὲ
2647 5189 2794 5250 οὗτοι
2824 5194 3037 5265 Παλαιᾷ
3070 5194 3163 5248 καὶ
3190 5193 3307 5265 Νέᾳ
3341 5195 3608 5268 Διαθήκῃ,

2031 5282 2124 5335 καὶ
2154 5283 2450 5339 ἀνάστασιν
2475 5286 2684 5360 νεκρῶν
2717 5286 2919 5360 ὁμοίως
2960 5286 3248 5355 φάσκουσι.
3285 5286 3612 5340 Κυΐντιλλαν

2030 5372 2087 5426 δὲ
2110 5373 2321 5444 ἔχουσιν
2343 5377 2584 5449 ἀρχηγὸν
2616 5380 2729 5450 ἅμα
2754 5376 3072 5450 Πρισκίλλῃ,
3102 5378 3168 5447 τῇ
3198 5376 3290 5429 καὶ
3316 5376 3469 5447 παρὰ
3499 5381 3612 5440 τοῖς

2029 5467 2171 5519 κατὰ
2223 5468 2461 5540 Φρύγας.
2516 5473 2747 5545 Φέρουσι
2783 5470 2840 5526 δὲ
2905 5469 3210 5543 μαρτυρίας
3254 5469 3456 5534 πολλὰς
3500 5488 3609 5542 μα-

434 5599 449 5630 ¹
476 5611 732 5669 Nonnihil
762 5609 1123 5667 desideratur.
1202 5612 1222 5643 ³
1251 5610 1411 5667 Deest
1443 5605 1601 5681 αἷμα.
1681 5613 1701 5643 ³
1738 5612 1867 5670 Cor.
1903 5632 1922 5668 ε

2033 5618 2099 5675 ὸν
2128 5619 2317 5682 θάνατ.
2349 5635 2403 5684 ct
2431 5627 2714 5700 ἐμϐάλλει.
2791 5630 2812 5661 ⁸
2839 5628 2902 5685 F.
2935 5630 3088 5700 φασί.
