3918 6150
317 350 416 410 €81
995 346 1364 403 ADVERSUS
1402 344 1755 401 ilrERESES'
1788 344 1917 402 LIB.
1960 343 2020 399 Il.
2066 340 2229 398 TOM.
2267 342 2384 396 l.-—
2422 337 2699 395 lLERES.
2747 334 2808 389 L.
3471 324 3595 381 882'

317 470 497 534 ταίας,
545 468 704 542 χάριν
745 469 975 533 διδόντες
1010 472 1075 540 τῇ
1107 468 1242 539 Εὔα,
1274 470 1354 522 ὅτι
1391 467 1579 540 πρώτη
1608 467 1897 541 ’βέϐρωκεν

2013 465 2191 519 ritates
2226 462 2642 519 circumferunt.
2678 457 3025 529 Singularem
3054 452 3179 508 Eva:
3208 450 3438 522 gratiam
3476 447 3577 502 tri-

319 562 429 616 ἀπδ
455 559 549 615 τοῦ
577 540 735 627 ξύλου
762 562 859 632 τῆς
894 563 1227 631 φρονήσεως.
1268 560 1379 614 Καὶ
1407 562 1503 631 τὴν
1535 559 1766 632 ἀδελφὴν
1803 558 1897 613 τοῦ

2013 560 2199 619 buunt,
2239 555 2384 625 quod
2430 553 2607 624 prima
2639 552 2707 607 de
2746 549 2990 606 scientiae
3029 547 3209 600 fructu
3250 540 3575 598 comederit.

321 652 599 717 Μωῡσέως
620 652 694 717 ὡς
718 653 1024 725 προφήτιδα
1051 652 1320 721 λέγουσιν,
1350 654 1431 716 είς
1456 650 1761 724 μαρτυρίαν
1790 647 1899 702 τῶν

2013 649 2263 706 Sororem
2295 664 2427 706 vero
2473 647 2676 720 Moysis
2706 646 3109 717 prophetissam
3149 640 3439 712 jaetitant;
3481 652 3579 693 eu-

322 748 451 819 παρ⁹
473 746 658 809 αὐτοῖς
680 745 1089 816 καθισταμένων
1111 743 1383 814 γυναικῶν
1410 747 1466 798 ἐν
1490 743 1586 815 κλή
1596 761 1692 814 ρῳ.
1717 741 1896 808 Ἀλλὰ,

323 834 477 907 φησὶ,
507 835 772 905 τέσσαρες
801 835 1096 907 Θυγατέρες
1125 830 1265 907 ἦσαν
1289 833 1367 904 τῷ
1402 833 1651 903 Φιλίππῳ
1683 849 1897 904 προφη-

292 942 298 962 ι
329 927 603 982 τεύουσαι.
641 927 908 992 Πολλάκις
930 927 986 980 δὲ
1025 928 1083 980 ἐν
1120 929 1185 997 τῇ
1218 924 1426 980 ἑαυτῶν
1490 922 1755 995 ἐκκλησίᾳ
1790 925 1899 976 εἰσ-

325 1018 576 1090 έρχονται
625 1018 1150 1091 λαμπαδηφοροῦσαι
1207 1018 1349 1072 ἐπτά
1407 1033 1553 1080 τινες
1601 1014 1895 1087 παρθένοι,

326 1111 689 1184 λευχείμονες,
718 1111 878 1183 δῆθεν
912 1112 1225 1184 ἐρχόμεναι,
1257 1111 1345 1166 ἵνα
1377 1108 1793 1181 προφητεύσωσι
1822 1107 1900 1178 τῷ

325 1204 459 1275 λαῷ.
488 1205 553 1257 At
591 1204 648 1258 δέ
679 1206 880 1275 τρόπον
900 1206 1024 1260 τινὰ
1056 1206 1464 1276 ὲνδεικνύμεναι
1504 1202 1913 1274 ἐνθουσιασμοῦ

327 1300 440 1361 τοῖς
488 1296 723 1370 παροῦσι
765 1300 916 1363 λαοῖς
967 1300 1183 1371 ἀπάτην
1221 1299 1567 1370 ἐργάζονται,
1607 1296 1814 1350 κλαίειν
1840 1313 1900 1349 τε

327 1388 592 1456 ποιοῦσιν,
624 1390 699 1454 ὡς
727 1389 907 1445 οἶκτον
935 1390 1220 1461 μετανοίας
1245 1391 1493 1459 ἄγουσαι,
1533 1390 1743 1461 δάκρυα
1784 1389 1902 1459 χεόο

330 1484 631 1552 μεναι,καὶ
680 1481 918 1553 σχήματί
965 1499 1073 1535 τινι
1116 1481 1509 1552 ἐποδυρόμεναι
1541 1481 1631 1534 τὸν
1660 1479 1769 1533 τῶν
1811 1479 1904 1533 ἁν-

327 1571 561 1645 θρώπων
594 1573 726 1644 βίον.
784 1573 1104 1627 Ἐπίσκοποί
1133 1591 1192 1626 τε
1236 1574 1364 1645 παρ’
1402 1573 1587 1635 αὐτοῖς
1620 1573 1899 1641 γυναῖκες,

327 1665 421 1719 καὶ
447 1664 804 1738 πρεσϐύτεροι
838 1668 1114 1735 γυναῖκες,
1162 1666 1257 1741 καὶ
1301 1665 1367 1719 τὰ
1419 1665 1584 1719 ἄλλα·
1614 1662 1689 1728 ὡς
1736 1662 1900 1734 μηδὲν

325 1754 603 1825 διαφέρειν
651 1758 814 1828 φησίν
844 1760 882 1810 ¹.
938 1760 1034 1811 Ἐν
1077 1758 1189 1828 γὰρ
1233 1756 1464 1826 Χριστῷ
1513 1757 1716 1824 Ἰησοῦ
1762 1757 1901 1810 οὔτε

1995 742 2087 813 jus
2119 742 2373 812 exemplo
2402 756 2503 797 suo
2538 741 2615 795 illi
2643 738 3079 809 cooptandarum
3117 735 3171 789 in
3214 734 3422 789 clerum
3457 744 3578 784 mu-

2000 835 2211 889 lierum-
2244 833 2504 889 instituto
2562 832 2951 903 suffragantur.
3016 827 3159 893 Quin
3203 831 3259 881 et
3312 830 3576 894 quatuor,

2000 925 2271 997 inquiunt,
2290 924 2573 995 Philippus
2604 923 2973 994 prephetissas
3004 920 3141 974 ﬁlias
3172 916 3363 971 habuit
3387 914 3428 967 ³.
3461 910 3577 967 Sa:-

2000 1031 2294 1087 penumero
2322 1016 2378 1070 in
2409 1015 2624 1070 illorum
2655 1014 2941 1071 ecclesiam
2978 1017 3185 1082 septem
3208 1022 3333 1063 cum
3364 1004 3577 1060 facibus

2000 1107 2241 1179 virgines
2298 1105 2702 1178 ingrediuntur,
2744 1102 2980 1161 candida
3032 1110 3226 1162 veste,-
3258 1105 3319 1152 ut
3370 1094 3573 1167 populo

2000 1198 2258 1254 videlicet
2285 1198 2511 1252 oracula
2541 1196 2793 1252 reddant.
2836 1194 2927 1249 liae
2960 1206 3084 1248 eum
3116 1188 3355 1259 speciem
3386 1198 3576 1255 quam.

2001 1289 2124 1344 dam
2159 1289 2362 1345 furoris
2405 1304 2518 1360 prae
2564 1303 2625 1345 se
2672 1282 2921 1348 tulerint,
2973 1281 3285 1339 astantibus
3320 1276 3579 1339 illudunt,

2000 1388 2055 1437 et
2098 1382 2163 1435 ad
2207 1380 2395 1436 ﬂetum
2428 1385 2756 1450 provocant,
2806 1386 2863 1432 ut
2918 1377 2964 1432 is
3016 1371 3359 1445 paenitentiae
3398 1370 3583 1422 luctus

2002 1486 2126 1527 esse
2174 1471 2439 1526 videatur.
2492 1468 2629 1523 Nam
2678 1477 2733 1524 et
2784 1470 3057 1538 laerymas
3114 1460 3475 1534 profundunt.
3528 1464 3583 1510 et

2002 1567 2120 1615 toto
2177 1559 2428 1629 corporis
2477 1568 2634 1631 gestu
2685 1559 2855 1613 vitam
2928 1556 3212 1610 hominum
3268 1550 3579 1620 deplorant.

2002 1649 2159 1719 Apud
2190 1648 2413 1704 eosdem
2445 1647 2703 1701 mulieres
2732 1645 2976 1716 episropi
3019 1651 3148 1698 sunt
3169 1648 3223 1695 et
3247 1635 3595 1710 prcsbyteri,-

2002 1747 2057 1793 et
2090 1739 2158 1793 ad
2199 1745 2427 1793 caeteros
2460 1736 2667 1807 gradus
2703 1737 3035 1805 alleguntur,
3068 1733 3277 1787 nullum
3310 1736 3377 1783 ut.
3416 1741 3589 1784 sexus

543 1816 681 1902 abte
712 1816 909 1918 ’θῆλυ
961 1816 1165 1903 Ταῦτά.
1190 1816 1365 1913 ἐστίν,
1398 1816 1445 1902 ai
1474 1816 1897 1918 κατειλήφαμεν.

2013 1830 2300 1887 discrimen
2328 1836 2597 1884 servetur.
2629 1826 2772 1880 Nam
2798 1827 2850 1879 in
2880 1824 3090 1881 Christo
3119 1824 3436 1891 Iesu-neque
3458 1835 3595 1874 mas'

340 1939 726 2014 Ἀρτοτυρίτας
756 1941 813 1995 δὲ
860 1941 1058 2005 αὐτοὺς
1091 1940 1348 1995 καλοῦσιν
1393 1940 1502 1993 ἀπὸ
1550 1938 1644 1992 τοῦ
1691 1941 1749 1992 ἐν
1790 1940 1901 2001 τοῖς

324 2028 504 2084 αὐτῶν
540 2030 861 2102 μυστηρίοις
885 2030 1235 2096 ἐπιτιθέντας
1266 2030 1431 2103 ἄρτον
1467 2030 1563 2085 καὶ
1600 2029 1784 2100 τυρὸν,
1808 2029 1903 2083 καὶ

323 2121 500 2188 οὕτως
528 2127 701 2178 ποιεῖν
734 2123 802 2178 τὰ
829 2124 1010 2178 αὐτῶν
1045 2125 1334 2196 μυστήρια.

396 2274 470 2327 I".
530 2274 687 2328 Πᾶσα
733 2274 790 2327 δέ
833 2274 1135 2345 ἀνθρώπων
1169 2272 1334 2344 χλεύη
1384 2273 1442 2326 ἐν
1475 2271 1553 2343 τῷ
1597 2271 1901 2344 ἀποστῆναι

325 2366 435 2421 ἀπὸ
481 2366 580 2437 τῆς
634 2366 800 2437 ὀρθῆς
842 2365 1104 2431 πίστεως,
1160 2365 1256 2418 καὶ
1290 2367 1371 2429 είς
1422 2364 1733 2436 ἀμηχανίαν
1774 2366 1902 2436 τρέ-

325 2457 547 2524 πεσθαι,
575 2459 667 2512 καὶ
701 2460 781 2522 εἰς
807 2457 1070 2529 διαφορὰν
1109 2456 1517 2529 ἐνθουσιασμῶν
1548 2475 1606 2511 τε
1635 2459 1729 2511 καὶ
1751 2459 1904 2528 ἐνερο

324 2549 508 2621 γειῶν.
546 2549 1045 2621 Ἐκδακχευόμεναι
1075 2550 1185 2620 γὰρ
1209 2551 1265 2603 αί
1291 2549 1522 2604 διάνοιαι
1548 2551 1636 2604 ἀεὶ
1667 2550 1793 2615 τοὺς
1826 2551 1901 2623 μὴ

325 2641 657 2714 κατέχοντας
683 2641 780 2714 τὴν
820 2640 1069 2712 ἄγκυραν
1117 2642 1215 2713 τῆς
1252 2641 1532 2711 ἀληθείας,
1572 2642 1688 2696 ἀλλ’
1727 2642 1901 2696 ἐπιδι-

324 2733 510 2798 δόντας
531 2734 758 2797 ἑαυτοὺς
789 2732 868 2803 τῷ
892 2733 1108 2806 φέροντι
1128 2733 1269 2787 κατὰ
1293 2726 1472 2787 πᾶσαν
1496 2734 1674 2788 ὁτιοῦν
1700 2734 1900 2791 αἰτίαν.

327 2825 445 2881 Κᾶν
476 2842 537 2879 τε
595 2826 704 2897 γὰρ
736 2828 990 2897 γυναῖκες
1039 2828 1168 2898 παρ’
1217 2826 1401 2891 αὐτοῖς
1443 2828 1523 2891 είς
1596 2828 1902 2901 ἐπισκοπὴν

324 2916 416 2970 καὶ
490 2915 883 2989 πρεσϐυτέριον
973 2916 1327 2971 καθίστανται
1392 2916 1482 2972 διὰ
1546 2918 1647 2991 τὴν
1714 2917 1902 2984 Εὕαν,

326 3005 580 3061 ἀκούουσι
637 3005 730 3062 τοῦ
774 3007 981 3081 Κυρίου
1036 3008 1319 3079 λέγοντος’
1373 3010 1531 3080 Πριῗς
1576 3012 1684 3066 τὸν
1710 3013 1901 3082 ἄνδρα

232 3168 239 3175 λ
326 3115 442 3155 σου
462 3102 499 3169 ἡ
519 3101 880 3171 ἀποστροφή
909 3118 1025 3156 σου
1045 3145 1060 3169 ,
1090 3103 1188 3157 καὶ
1215 3105 1399 3169 αὐτός
1424 3118 1540 3159 σου
1573 3106 1898 3175 κυριεύσει.

326 3192 530 3264 nemo;
574 3194 631 3247 δὲ
688 3194 886 3259 αὐτοὺς
934 3197 1030 3248 καὶ
1080 3196 1109 3248 ὁ
1160 3194 1517 3260 ἀποστολικὸς
1573 3195 1764 3265 λόγος·
1817 3197 1899 3249 ὃτι

327 3285 578 3339 Γυναικὶ
623 3288 735 3340 οὐκ
779 3285 1074 3354 ἐπιτρέπω
1114 3286 1362 3351 λαλεῖν,
1410 3288 1548 3341 οὔτε
1591 3287 1902 3342 αὐθεντεῖν

324 3374 545 3445 ἀνδρός
567 3392 580 3406 ·
622 3378 718 3430 καὶ
746 3377 910 3431 πάλιν
930 3395 945 3409 σ
980 3380 1064 3432 οὐ
1089 3378 1200 3447 γάρ
1226 3378 1398 3433 ἐστιν
1424 3379 1579 3448 ἀνὴρ
1604 3380 1673 3433 ἐκ
1702 3396 1904 3450 γυναι-

327 3466 454 3533 κὸς,
504 3467 665 3522 ἀλλὰ
698 3468 852 3537 γυνὴ
896 3468 964 3534 ἐξ
1006 3469 1221 3538 ἀνδρός
1247 3485 1264 3501 ο
1299 3470 1414 3534 καὶ,
1471 3471 1532 3524 Ὀ
1575 3469 1749 3540 Ἀδὰμ
1790 3474 1903 3526 οὐκ

324 3556 622 3625 Matutae
647 3598 663 3624 ,
714 3559 853 3613 ἀλλ’
898 3560 936 3627 ἡ
991 3561 1119 3615 Εὕα
1169 3559 1369 3631 πρώτη
1418 3558 1791 3630 ἁπατηθεῖσα
1835 3563 1904 3616 ἐν

327 3648 658 3715 παρασὸσει
694 3649 922 3720 γέγονε.
968 3652 1078 3705 Καὶ
1109 3651 1154 3705 ὣ
1199 3652 1302 3723 τῆς
1344 3654 1651 3726 πολυφόρου
1695 3655 1905 3727 πλάνης

327 3735 421 3789 τοῦ
454 3737 660 3809 κόσμου
686 3739 877 3792 τούτου
899 3740 912 3793 !

400 3916 488 3969 Διὸ
526 3916 602 3980 ὡς
630 3917 795 3971 νωδόν
828 3934 880 3970 τι
914 3918 1007 3971 καὶ
1030 3919 1341 3990 ἀφροσύνης
1371 3918 1626 3989 ἔμπλεον,
1662 3922 1905 3975 ἀσκαλα-

329 4006 500 4060 ϐώτου
530 4007 684 4078 δίκην
708 4008 913 4080 ταύτην
935 4010 1242 4084 παρελθὼν,
1266 4012 1359 4065 ἐπὶ
1391 4012 1490 4076 τὰς
1524 4012 1652 4085 ἑξῆς
1691 4013 1906 4085 βαδιοῦ-

333 4116 450 4169 μαι,
479 4093 525 4154 ὦ
563 4101 859 4172 ἀγαπητοὶ,
883 4098 1024 4171 *Θεὸν
1063 4102 1483 4174 ἐπικαλούμενοι
1508 4107 1528 4136 ³
1552 4108 1630 4169 είς
1656 4105 1908 4177 βοήθειαν

328 4191 428 4259 τῆς
455 4192 730 4264 ἡμετέρας
768 4194 1176 4266 ταπεινότητος,
1223 4196 1316 4249 καὶ
1366 4196 1448 4259 είς
1483 4195 1763 4268 πλήρωσιν
1812 4199 1909 4268 τῆς

329 4284 364 4354 ἡ
372 4282 486 4353 μῶν
528 4285 877 4355 ἐπαγγελίας.

491 4395 684 4449 ΚΑΤΑ
720 4397 1594 4455 ΤΕΣΣΑΡΕΣΚΑῙΔΕΚΑΤΙΤΩΝ
1637 4401 1751 4473 (6),

633 4510 985 4579 Τριακοστὴ,
1014 4513 1053 4581 ἡ
1077 4511 1179 4566 καὶ
1208 4514 1611 4582 πεντηκοστὴ.

399 4626 478 4681 A’.
532 4624 664 4678 Ἀπὸ
688 4625 896 4680 τούτων
933 4627 1042 4682 τῶν
1068 4627 1163 4682 δύο
1190 4629 1455 4700 αἱρέσεων
1486 4629 1623 4701 ὁμοῦ
1650 4629 1906 4701 ἀλλήλαις

406 4782 422 4813 ¹
457 4780 582 4855 Cpr.
613 4780 801 4855 φύσιν.
878 4781 982 4855 ξῐῗ.
1018 4783 1466 4855 ἐπικαλούμενος.

328 4850 418 4905 δι.
496 4851 516 4882 ⁷
550 4850 569 4903 Ι
602 4853 730 4906 Cor.
765 4868 842 4917 χι,
875 4853 930 4909 8.
1021 4853 1086 4907 ⁸1
1121 4853 1263 4911 Tim.
1290 4850 1364 4918 ἰι,
1401 4855 1486 4913 14.

401 5005 476 5079 (6)
523 5009 1270 5077 Τεσσαρεσκαιδεκατιτῶν,
1310 5011 1425 5065 sive
1458 5010 1909 5077 Quartadeeima-

331 5094 539 5150 norum
575 5079 799 5135 haeresis
848 5095 910 5134 ea
959 5080 1180 5149 proprie
1231 5082 1461 5146 dicitur,
1509 5097 1631 5150 quae
1676 5080 1907 5136 Judaico

331 5164 484 5204 more
511 5146 719 5222 Pascha
750 5150 874 5222 luna
903 5146 993 5222 xiv
1035 5146 1419 5222 celebrandum
1471 5146 1688 5222 asserit,
1724 5168 1911 5222 quam-

331 5234 549 5288 cunque
596 5219 814 5274 demum
859 5220 913 5273 in
953 5219 1142 5273 feriam
1178 5221 1425 5274 incidat:
1459 5236 1581 5289 quae
1615 5221 1717 5274 fuit
1742 5219 1908 5276 'Asia-

328 5289 564 5362 ticorum
589 5291 796 5359 opinio,
830 5290 922 5362 qui
956 5288 1186 5345 Joannis
1216 5288 1543 5346 auctoritate
1575 5291 1696 5345 l’reti
1737 5293 1907 5362 perti-

333 5360 540 5431 naciter
581 5363 746 5431 ritum
785 5361 957 5424 illum,
981 5362 1542 5431 consuetudinemque
1591 5360 1907 5415 tenuerunt.

331 5427 408 5502 De
434 5445 543 5499 quo
572 5430 909 5502 Eusebiusl.
934 5446 966 5485 ν
1005 5430 1145 5484 Hist.
1186 5429 1348 5502 Addit
1377 5427 1719 5502 Augustinus
1751 5433 1787 5485 l.
1832 5432 1911 5486 De

334 5498 521 5554 hwres.
556 5501 775 5556 eosdem
812 5501 936 5556 illos
974 5516 1060 5555 xxv
1093 5502 1219 5555 luna
1255 5499 1433 5555 Martii
1467 5498 1670 5557 mensis
1698 5501 1909 5557 Pas‘cha

338 5570 543 5625 fixisse.
582 5570 685 5625 Ubi
723 5570 976 5625 Martium
1023 5588 1131 5626 non
1174 5570 1451 5626 Julianqu
1481 5572 1625 5634 ,-sed
1662 5573 1908 5626 lunarem

338 5640 564 5711 intelligi
596 5656 821 5712 necesse
861 5650 963 5705 est,
997 5658 1118 5695 cum
1148 5642 1399 5712 plerique
1434 5642 1720 5712 paschales
1759 5657 1914 5712 men~

339 5725 427 5782 ses
458 5710 621 5764 etiam
649 5710 858 5767 Iudaici
892 5712 946 5767 in
972 5710 1211 5782 Aprilem
1264 5710 1585 5782 inciderent.
1623 5711 1739 5766 Nisi
1773 5711 1915 5766 forte

338 5778 399 5834 in
437 5799 505 5837 ea
537 5782 756 5854 quidam
802 5778 1055 5855 opinione
1110 5782 1348 5850 fuerint,
1387 5789 1445 5837 ut
1488 5781 1683 5842 Martio
1727 5796 1916 5839 mense

1579 4786 1598 4816 ³
1625 4788 1745 4840 Aet.
1784 4802 1896 4851 xxi,
1941 4787 1996 4847 9.

2001 1929 2103 1987 est,
2143 1936 2304 1990 neque
2337 1918 2594 1990 femina‘.
2627 1917 2751 1972 Haec
2795 1924 2925 1972 sunt
2953 1930 3076 1986 qua
3105 1915 3173 1969 de
3221 1913 3329 1967 illis
3366 1924 3587 1980 compe-~

2001 2012 2114 2067 rire
2171 2011 2476 2083 potuimus.
2522 2010 2795 2065 Caeterum
2839 2006 3174 2077 Artotyritas
3224 1994 3448 2059 eosdem
3500 2002 3586 2055 id-

2003 2103 2156 2159 circo
2188 2110 2417 2169 vocant,
2439 2099 2586 2172 quod
2614 2099 2682 2154 ad
2713 2096 3045 2155 celebranda
3081 2094 3342 2167 mysteria
3364 2107 3462 2148 sua
3491 2107 3589 2164 pa-

2003 2207 2128 2249 nem
2157 2200 2214 2247 et
2251 2206 2475 2247 caseum
2515 2188 2799 2245 adhibent.

2072 2280 2162 2336 lli.
2204 2280 2409 2337 Verum
2438 2283 2721 2337 enimvero
2746 2279 2838 2334 ubi
2865 2279 2932 2333 ab
2961 2278 3176 2334 sincera
3208 2275 3471 2346 religione
3499 2290 3585 2329 se-

2004 2374 2113 2429 mel
2140 2374 2457 2429 aberratum
2485 2380 2593 2437 est,
2624 2372 2855 2427 ridicula
2891 2386 2956 2426 ac
2993 2370 3332 2440 perturbata,
3368 2384 3490 2437 qua:
3516 2367 3609 2421 ab.

2004 2465 2324 2521 hominibus
2362 2472 2654 2537 geruntur,
2691 2479 2816 2521 esse
2851 2464 3036 2517 omnia
3078 2476 3306 2515 necesse
3349 2469 3456 2523 est,
3492 2474 3587 2513 va-

2003 2559 2088 2612 ria
2119 2566 2179 2613 ut
2208 2558 2335 2613 inde
2383 2557 2588 2613 furoris
2642 2572 2864 2628 genera,
2900 2555 3325 2624 daamonumque
3367 2556 3422 2606 in
3469 2566 3590 2606 eor-

2002 2664 2139 2720 pora
2163 2649 2558 2720 impressiones
2581 2648 2853 2703 oriantur.
2878 2644 3013 2700 Nam
3037 2645 3130 2717 qui
3160 2646 3405 2700 veritatis
3422 2640 3589 2715 519

2004 2740 2305 2818 anchoram
2363 2740 2589 2796 minime
2619 2739 2890 2803 retinent,
2927 2736 3023 2792 sed
3053 2743 3339 2792 ventorum
3362 2732 3587 2787 ﬂatibus

2004 2846 2337 2903 quacunque
2374 2847 2433 2887 se
2468 2830 2760 2887 occasione
2792 2830 3134 2901 perittunt,
3184 2829 3379 2881 horum
3411 2824 3583 2879 animi

2005 2924 2322 2997 praecipites
2347 2924 2584 2979 amentia
2618 2922 2891 2980 feruntur.
2922 2922 3079 2989 Quod
3114 2921 3257 2976 enim
3298 2918 3590 2973 muliereu~

2005 3015 2088 3071 las
2135 3016 2203 3071 ad
2255 3015 2642 3085 episcoporum
2700 3024 2793 3069 aut
2844 3014 3291 3084 presbyterorum
3335 3007 3586 3064 ordinem

2009 3105 2309 3167 asciscunt,
2346 3106 2511 3176 idque
2539 3106 2610 3161 ob
2646 3104 2810 3160 Evam
2854 3104 3037 3160 facere
3079 3119 3140 3159 se
3180 3101 3458 3167 dictitant,
3494 3115 3588 3156 au-

2008 3196 2169 3252 diunt
2220 3212 2356 3253 sane
2396 3197 2543 3269 quod
2577 3212 2607 3251 a
2635 3195 2869 3252 Domino
2901 3196 3109 3250 dictum
3149 3200 3233 3249 est
3262 3210 3274 3247 :
3305 3191 3387 3246 Ad
3416 3192 3587 3246 virum

2004 3289 2101 3343 erit
2148 3290 2413 3344 conversio
2453 3298 2568 3355 tua,
2601 3297 2649 3344 et
2695 3290 2805 3358 ipse
2839 3285 3203 3344 dominabitur
3252 3283 3347 3337 tibi
3368 3283 3409 3337 '.
3444 3282 3587 3350 Quin

2004 3379 2143 3435 illud
2179 3381 2439 3451 ignorant
2484 3380 2732 3452 Apostoli
2772 3379 3152 3449 pnescriptum
3186 3395 3198 3431 :
3233 3376 3446 3431 Mulieri
3485 3393 3588 3430 non

2003 3472 2249 3540 permitto
2280 3473 2447 3543 loqui,
2479 3489 2640 3543 neque
2670 3474 2722 3526 in
2752 3475 2889 3526 viros
2924 3471 3294 3524 auctoritatem
3331 3467 3521 3521 habere
3539 3467 3585 3530 ⁶;

2005 3562 2134 3616 item
2168 3581 2181 3617 :
2211 3561 2334 3617 Non
2364 3563 2499 3617 enim
2549 3562 2629 3617 vir
2676 3572 2754 3616 est
2807 3578 2839 3615 a
2878 3560 3115 3623 muliere,
3155 3557 3246 3613 sed
3298 3555 3486 3609 mulier
3524 3570 3590 3609 ex

2004 3655 2183 3720 viro";
2231 3662 2284 3710 et
2313 3664 2328 3707 ξ
2358 3654 2532 3708 Adam
2570 3671 2675 3709 non
2710 3663 2788 3708 est
2837 3653 3103 3721 deceptus,
3154 3652 3244 3705 sed
3297 3648 3410 3702 Eva
3444 3648 3589 3716 prior

2004 3747 2220 3817 decepta
2253 3750 2304 3802 in
2347 3749 2768 3820 transgressione
2795 3747 2896 3816 fuit
2917 3749 2960 3803 ⁸.
2997 3748 3041 3802 0
3085 3746 3274 3800 mundi
3304 3744 3470 3812 hujus
3494 3757 3588 3797 va—

2007 3838 2236 3894 nitatem
2268 3855 2625 3909 erroremque
2655 3833 3049 3909 multiplicem!

2077 3927 2185 3985 Sed
2222 3928 2359 3998 jam,
2407 3930 2744 3997 charissimi,
2776 3931 3040 3985 edentula
3074 3930 3195 3995 hac,
3233 3936 3288 3984 et
3336 3928 3588 3982 amentia:

2009 4022 2167 4091 plena
2217 4022 2415 4077 haeresi
2460 4023 2732 4079 stellionis
2785 4024 2961 4078 instar
3009 4023 3302 4093 praeterita,
3346 4021 3588 4090 reliquas

2008 4113 2423 4185 aggrediamur;
2474 4131 2538 4169 ac
2586 4114 2683 4170 Dei
2735 4117 2973 4186 primum
3021 4116 3379 4185 imploremus
3428 4115 3587 4169 auxi-

2008 4206 2165 4269 lium,
2202 4213 2261 4258 ut
2295 4206 2341 4261 is
2372 4206 2630 4261 tenuitati
2653 4214 2858 4261 uestra:
2903 4207 3219 4271 subveniat,
3254 4221 3364 4276 quo
3393 4221 3586 4262 susce-

2008 4303 2157 4365 ptum
2191 4312 2331 4367 opus
2362 4297 2430 4351 ad
2460 4298 2665 4353 exitum
2696 4301 3090 4369 perducamus.

2282 4412 2566 4468 CONTRA
2601 4413 3311 4482 QUARTADECIMANOS,

2479 4523 2712 4582 [heresis
2739 4525 2922 4591 XXX,
2958 4526 3063 4580 sive
3088 4524 3151 4579 L.

2085 4633 2131 4687 l.
2170 4634 2243 4687 Ex
2302 4638 2369 4693 iis
2400 4637 2614 4693 duabus
2656 4638 2799 4693 inter
2828 4620 2907 4694 ‘se
2950 4639 3256 4693 commistis
3289 4637 3585 4707 Phrygum,

2077 4788 2093 4819 ί
2129 4790 2302 4843 (Salat.
2340 4805 2422 4853 ιιι,
2472 4792 2563 4846 28.
2658 4792 2678 4822 ⁵
2710 4791 2844 4847 Gen.
2897 4807 2977 4853 ιιι,
3025 4791 3109 4845 16.
3192 4792 3212 4821 ⁸
3251 4788 3423 4843 lCor.
3473 4807 3585 4855 xlv,

2081 5016 2274 5081 rpetuo
2307 5008 2697 5081 celebrandum
2730 5016 3029 5081 putarent._
3050 5007 3253 5062 Scribit
3277 5008 3438 5081 eniu_i_
3461 5006 3587 5081 Phi-

2031 5076 2234 5136 ast—rius
2292 5076 2819 5146 Quartadecimauos
2877 5078 3085 5135 Pascha
3149 5093 3335 5131 mense
3393 5076 3588 5131 Martio

2008 5152 2399 5207 celebrandum
2447 5166 2715 5205 asserere.
2759 5152 2937 5220 Atque
2983 5149 3096 5202 haec
3136 5146 3589 5220 τῶνέΤεσσαρεσ-

2009 5220 2403 5276 καιδεκατιτῶν
2435 5236 2562 5274 vera
2605 5226 2721 5291 est,
2772 5228 2826 5273 et
2852 5218 3112 5291 germana
3161 5218 3339 5291 notio,
3388 5218 3483 5271 sed
3534 5226 3590 5272 et

2011 5294 2119 5347 alia
2168 5292 2270 5345 fuit
2302 5291 2493 5360 eodem
2530 5290 2800 5345 vocabulo
2838 5287 3233 5360 comprehensa
3267 5287 3588 5360 depravatoe

2011 5378 2133 5417 rum
2176 5362 2406 5416 istorum
2456 5359 2642 5426 factio,
2687 5376 2807 5430 quae
2855 5358 2992 5414 mira
3025 5358 3258 5430 quadam
3297 5359 3583 5430 abusione,

2014 5432 2637 5498 Quartadecimanorum
2672 5427 2871 5485 nomen
2900 5427 3121 5484 meruit.
3147 5427 3401 5498 Nonnulli
3427 5427 3589 5496 quip-

2014 5495 2083 5573 pe
2124 5503 2454 5558 celebrando
2504 5501 2754 5573 Paschati
2805 5509 3012 5573 certum
3065 5500 3117 5552 in
3178 5513 3318 5552 anno
3369 5495 3589 5573 Iuliano

2015 5565 2158 5627 diem
2190 5579 2501 5627 statuerunt
2537 5590 2549 5624 :
2585 5572 2732 5626 velut
2762 5587 2855 5625 vm
2912 5570 3029 5625 Kal.
3062 5576 3153 5621 aut
3187 5583 3274 5629 xv,
3312 5577 3403 5622 aut
3430 5583 3495 5631 x,_
3520 5565 3586 5620 de

2016 5642 2216 5719 quibus
2260 5643 2425 5719 pa_u|_o
2452 5648 2572 5711 post
2595 5641 2885 5719 _ag_endum
2916 5643 3021 5695 erit
3048 5656 3058 5690 :
3095 5654 3232 5719 quos
3257 5653 3445 5719 οριιιοε
3471 5635 3589 5719 Ερὶ-

2020 5706 2345 5783 phanius-ad
2370 5706 2892 5783 Quartadet'fimauos
2919 5706 3248 5783 aggregavit.
3276 5706 3461 5783 Tertia
3486 5706 3588 5783 τῆς

2020 5778 2113 5836 τοῦ
2160 5781 2350 5853 Πάσχα
2382 5782 2709 5854 διαστροφῆς
2755 5782 2892 5836 ratio
2912 5820 2925 5847 ,
2960 5778 3139 5851 atque
3169 5778 3430 5844 haeresis.
3461 5781 3525 5834 ut
3554 5792 3591 5831 θ.
