3952 6198
378 269 486 326 835
1089 266 1465 326 ADVERSUS
1503 266 1847 323 HERESES
1882 265 2013 323 LIB.
2043 265 2108 325 ll.
2154 266 2318 325 ΤΟΜ.
2356 267 2399 327 1.
2439 299 2508 311 -—
2546 268 2823 327 H1ERES.
2870 270 2931 326 L.
3532 263 3659 328 886"

374 387 636 459 ἄγοντες,
685 387 778 441 καὶ
812 386 913 460 τὴν
964 386 1135 460 αὐτὴν
1170 388 1302 460 μίαν
1329 387 1554 461 ἡμέραν
1585 387 1960 459 νηστεύοντες,

2068 388 2299 459 demque
2337 388 2482 444 diem
2535 389 2856 454 observant,
2911 396 2967 444 et
3019 402 3126 444 una
3169 387 3474 458 eademque
3495 386 3640 457 jeju-

375 479 475 533 καὶ
512 476 583 532 τὰ
639 478 917 550 μυστήρια
981 477 1389 544 ἐπιτελοῦντες,
1422 478 1530 533 άπὸ
1576 480 1696 532 ,τῶν
1738 479 1954 533 ΙἈκτων

2068 486 2219 544 nant,
2252 494 2318 535 ac
2351 480 2632 550 mysteriis
2661 487 2980 552 operantur.
3016 478 3152 535 Nam
3183 496 3252 537 cx
3290 480 3447 537 Actis
3475 477 3636 537 Pilati

372 569 538 639 δῆθεν
566 567 799 624 Πιλάτου
835 569 1063 641 αὐχοῦσι
1100 568 1200 641 τὴν
1229 569 1517 643 ἀκρίϐειαν
1551 571 1868 645 εὑρηκέναι,
1896 572 1957 626 ἐν

372 653 457 723 οἷς
497 659 814 730 ἐμφέρεται,
853 662 920 732 τῇ
960 661 1066 732 πρὸ
1091 656 1236 714 ὀκτὼ
1286 659 1583 716 Καλανδῶν
1632 650 1957 733 Ἀπριλλίων

372 751 468 807 τὸν
518 752 747 824 Σωτῆρα
778 751 1126 807 πεπονθέναι.
1178 751 1287 805 Καὶ
1323 753 1380 805 ὲν
1432 752 1616 823 ἐκείνῃ
1667 754 1731 821 τῇ
1773 752 1959 823 ἡμέρᾳ.

378 843 658 915 βούλονται
712 842 865 912 άγειν
909 842 972 897 τὸ
1018 842 1232 913 Πάσχα,
1286 841 1448 914 ὁποίᾳ
1473 842 1518 896 δ’
1553 841 1621 896 ἂν
1660 841 1877 913 ἐμπέσῃ
1919 843 1959 913 ἰι

374 934 940 1005 ⁸τεσσαρεσκαιδεκάτη
989 934 1088 1004 τῆς
1134 933 1384 1004 σελήνης.
1421 934 1488 987 Οἱ
1511 932 1568 985 δὲ
1600 935 1657 986 ὲν
1698 935 1765 1003 τῇ
1797 933 1954 984 Καπο

376 1026 612 1098 παδοκίᾳ
648 1025 747 1097 τὴν
780 1025 949 1096 αὐτὴν
979 1024 1108 1096 μίαν
1138 1024 1349 1096 ἡμέραν
1378 1024 1477 1095 τὴν
1508 1024 1614 1096 πρὸ
1665 1022 1808 1077 ὀκτὼ
1840 1025 1954 1077 Κα-

375 1117 586 1173 λανδῶν
629 1116 956 1189 Ἀπριλλίων
1002 1114 1216 1184 ἄγουσι.
1260 1116 1370 1169 Καὶ
1404 1116 1462 1168 ὲν
1505 1115 1689 1178 αὐτοῖς
1725 1114 1782 1166 δὲ
1827 1113 1954 1168 στά-

379 1221 463 1270 σις
492 1205 571 1276 (9)
600 1206 699 1276 οὐχ
724 1207 757 1276 ἡ
803 1201 1062 1274 τυχοῦσα,
1084 1203 1194 1256 τῶν
1231 1201 1331 1273 μὲν
1360 1201 1629 1272 λεγόντων
1660 1204 1727 1272 τῇ
1763 1218 1956 1255 τεσσα-

378 1298 768 1374 ρεσκαιδεκάτῃ
814 1296 912 1367 τῆς
937 1294 1163 1366 σελήνης
1188 1294 1298 1348 τῶν
1330 1294 1437 1365 πρὸ
1484 1292 1629 1348 ὀκτὼ
1662 1292 1953 1346 Καλανδῶν

390 1387 735 1459 ’Δπριλλίων.
767 1386 886 1439 Ἔτι
915 1385 972 1439 δὲ
1007 1382 1238 1457 εὕρομεν
1266 1384 1579 1457 ἀντίγραφα
1620 1386 1684 1438 ὲκ
1710 1383 1818 1436 τῶν
1859 1385 1956 1436 Πι-

378 1473 565 1539 λάτου,
610 1475 667 1529 ὲν
721 1465 805 1537 οἷς
859 1472 1112 1543 σημαίνει
1163 1474 1269 1545 πρὸ
1322 1473 1617 1528 δεκαπέντε
1659 1472 1954 1527 Καλανδῶν

389 1563 711 1635 Ἀπριλλίων
738 1563 798 1615 τὸ
825 1562 1004 1627 Πάθος
1064 1564 1412 1634 γεγενῆσθαι.
1449 1563 1665 1634 Τάληθῆ
1694 1564 1767 1630 δὲ,
1787 1565 1862 1628 ὡς
1891 1565 1954 1617 ὲκ

378 1652 577 1725 πολλῆς
631 1652 919 1726 ἀκριϐείας
975 1654 1253 1726 ἔγνωμεν,
1307 1656 1365 1709 ὲν
1408 1659 1472 1727 τῇ
1505 1655 1609 1727 πρὸ
1656 1654 1953 1725 δεκατριῶν

2058 579 2376 625 accuratam
2428 583 2488 624 se
2546 569 2711 639 hujus
2769 570 3003 639 instituti
3055 572 3325 627 rationem
3372 570 3638 626 didicisse

2056 660 2389 733 gloriantur,
2430 661 2485 715 in
2516 661 2723 734 quibus
2756 662 3020 733 scriptum
3059 673 3143 718 est
3173 678 3271 717 vm
3304 661 3425 717 Kal.
3474 664 3640 733 Apri-

2057 749 2126 805 lis
2171 749 2510 805 Salvatorem
2540 765 2665 805 esse
2696 765 2940 822 passum.
2977 752 3343 818 Quamobrem
3388 752 3480 807 illa
3516 751 3636 820 ipsa

2055 841 2144 897 die
2170 841 2448 897 celebrare
2472 843 2681 897 Pascha
2704 843 2911 909 volunt,
2927 841 2982 896 in
3011 858 3394 913 quamcunque
3414 844 3635 897 demum

2054 931 2199 985 lunae
2248 947 2340 985 xlv
2391 930 2511 986 dies
2564 932 2882 987 incurrerit.
2936 933 3005 985 At
3053 934 3145 1002 qui
3194 934 3247 986 in
3281 934 3634 1004 Cappadocia

2060 1020 2286 1092 degunt,
2318 1022 2564 1077 eamdem
2604 1023 2773 1088 diem,
2806 1039 2928 1093 qua:
2965 1017 3174 1079 est'vm
3211 1023 3330 1078 Kal.
3364 1026 3498 1094 Apr.
3543 1040 3635 1080 ce-

2057 1112 2295 1168 lebrant.
2325 1113 2567 1169 Tametsi
2602 1130 2711 1170 non
2752 1116 3047 1170 mediocris
3073 1123 3154 1171 est
3185 1115 3329 1171 inter
3363 1118 3484 1172 illos
3514 1117 3634 1171 dis-

2056 1202 2260 1257 sensio.
2310 1200 2570 1257 Nonnulli
2633 1204 2776 1258 enim
2832 1204 3016 1258 lunam
3075 1221 3163 1258 xw
3205 1213 3452 1261 statuunt
3509 1221 3632 1276 quae

2055 1292 2112 1345 in
2155 1308 2250 1345 vm
2279 1290 2399 1346 Kai.
2454 1292 2585 1362 Apr.
2640 1294 2849 1348 incidit.
2906 1294 3018 1349 Nos
3056 1296 3318 1349 Actorum
3364 1296 3647 1366 ejusmodi

2054 1381 2213 1436 Pilati
2270 1384 2604 1453 exemplaria
2660 1385 2907 1455 quaedam
2964 1385 3296 1451 invenimus,
3340 1402 3461 1457 quae
3510 1398 3637 1443 ante

2056 1472 2199 1527 diem
2258 1489 2327 1527 xv
2377 1473 2498 1527 Kal.
2533 1474 2665 1545 Apr.
2708 1474 3025 1531 Passionem
3085 1476 3288 1530 Christi
3326 1478 3637 1548 contigisse

2056 1565 2374 1620 narrabant.
2402 1566 2603 1620 Verum
2633 1576 2786 1622 certo
2830 1576 2885 1623 et
2929 1584 2992 1623 ex
3029 1569 3108 1623 rei
3144 1570 3373 1624 veritate
3413 1584 3636 1639 compe-
3665 1562 3685 1590 ⁸

2057 1654 2251 1718 rimus,
2293 1663 2417 1709 ante
2448 1655 2591 1709 diem
2646 1670 2743 1711 xm
2778 1655 2897 1711 Kal.
2934 1658 3067 1728 Apr.
3103 1672 3324 1726 passum
3360 1674 3482 1713 esse
3513 1659 3635 1713 Sal-

378 1742 679 1798 Καλανδῶν
722 1743 1044 1815 Ἀπριλλίων
1077 1746 1167 1799 τὸν
1213 1746 1443 1816 Σωτῆρα
1476 1744 1801 1798 πεπονθέναι
1831 1762 1959 1797 κατ-

2068 1748 2324 1797 vatorem.
2360 1743 2465 1797 Alii
2508 1742 2576 1797 ad
2612 1760 2643 1796 x
2669 1743 2790 1797 Kal.
2836 1745 2966 1814 Apr.
3014 1746 3290 1814 rejiciunt.
3336 1744 3441 1801 Sed
3474 1747 3564 1802 isti
3603 1762 3635 1800 a

374 1832 698 1905 ειλήφαμεν,
739 1834 894 1896 Τινὲς
918 1834 972 1887 δὲ
1003 1837 1070 1905 τῇ
1097 1834 1201 1906 πρὸ
1227 1835 1360 1890 δέκα
1386 1835 1677 1889 Καλανδῶν
1737 1835 1957 1908 Ἀπριλ-

378 1923 508 1979 λίων
553 1924 822 1994 λέγουσιν.
875 1926 1162 1991 Ἐξέπεσον
1195 1926 1252 1981 δὲ
1298 1928 1393 1981 καὶ
1433 1920 1579 1980 οὗτοι
1611 1926 1705 1979 τοῦ
1745 1944 1960 1998 προκει-

384 2014 566 2085 μένου.
600 2016 757 2070 Δέδια
795 2016 851 2069 δὲ
881 2017 975 2070 καὶ
1023 2018 1154 2088 περὶ
1183 2018 1388 2071 τούτων
1431 2018 1524 2071 ἐπὶ
1572 2017 1820 2072 πλεῖστον
1856 2012 1960 2091 μη-

302 2112 311 2119 “
380 2106 538 2162 κῦναι
569 2108 660 2162 τὸν
691 2108 868 2178 λόγον.
903 2108 1083 2163 Πολλὰ
1111 2110 1218 2183 γὰρ
1245 2109 1442 2181 ἔχομεν
1474 2109 1672 2179 λέγειν.

448 2198 524 2252 B'.
565 2197 869 2270 Πληρώσας
898 2198 1008 2269 γὰρ
1040 2200 1069 2252 ὁ
1107 2200 1405 2272 νομοθέτης
1442 2200 1533 2255 τὸν
1568 2200 1746 2255 πάντα
1796 2202 1959 2272 νόμον

380 2291 602 2361 Μωσῆς,
636 2291 700 2344 ὲκ
744 2290 880 2345 Θεοῦ
909 2290 1089 2345 λαϐὼν
1134 2291 1193 2346 τδ
1226 2294 1460 2363 πρᾶγμα
1489 2294 1506 2324 ι
1550 2295 1609 2345 ὲν
1659 2295 1726 2363 τῇ
1755 2293 1959 2365 ἐσχάτῃ

381 2381 547 2453 βίϐλῳ
592 2381 1013 2454 Δευτερονομίου
1038 2422 1055 2448 ,
1096 2382 1341 2436 τουτέστι
1392 2382 1577 2454 τίθησι
1620 2382 1804 2446 πάσας
1857 2381 1957 2446 τάς

381 2474 662 2543 κατάρας,
704 2473 766 2526 οὐ
829 2473 986 2544 μόνον
1018 2472 1146 2543 περὶ
1201 2471 1453 2543 Πασχῶν,
1497 2471 1635 2526 ἀλλὰ
1685 2472 1780 2525 καὶ
1832 2472 1958 2544 περὶ

382 2560 712 2632 περιτομῆς,
760 2560 853 2614 καὶ
890 2560 1019 2632 περὶ
1054 2560 1434 2625 δεκατώσειδξ,
1470 2561 1565 2615 καὶ¹
1608 2558 1957 2632 προσφορῶν.

384 2648 545 2705 Ὥστε
577 2647 692 2717 οὖν,
725 2652 773 2704 εἰ
804 2651 931 2724 μίαν
971 2653 1217 2724 κατάραν
1239 2650 1594 2721 πεφεύγασιν,
1633 2654 1712 2715 είς
1755 2650 1959 2715 πολλὰς

383 2742 607 2807 ἑαυτοὺς
636 2742 944 2816 ὲνέπειραν.
975 2742 1377 2816 Εὐρεθήσονται
1404 2742 1510 2817 γὰρ
1544 2744 1961 2814 ἐπικατάρατοι,

387 2835 463 2905 μὴ
497 2833 982 2905 περιτεμνόμενοι·
1004 2832 1425 2905 ὲπικατάρατοι,
1461 2834 1537 2905 μὴ
1566 2832 1962 2888 ἁποδεκατοῦν-

382 2941 474 2988 τες
495 2940 510 2957 ο
545 2924 641 2979 καὶ
668 2925 1061 2998 ὲπικατάρατοι
1095 2924 1357 2994 γίνονται,
1390 2925 1466 2996 μὴ
1492 2927 1573 2989 εἰς
1604 2924 1958 2995 Ἰερουσαλὴμ

386 3017 807 3089 προσφέροντες.
868 3016 979 3070 Καὶ
1024 3015 1071 3069 ὢ
1102 3016 1210 3070 τῶν
1253 3015 1462 3069 πολλῶν
1502 3014 1806 3088 ἀνθρώπων
1852 3015 1959 3068 τῶν

2060 1833 2344 1902 proposito
2370 1832 2712 1887 exciderunt.
2742 1831 2944 1887 Verum
2974 1836 3100 1890 nolo
3124 1837 3373 1906 pluribus
3401 1852 3465 1891 ea
3485 1837 3551 1892 de.
3577 1853 3637 1892 re

2059 1924 2366 1992 disputare.
2400 1923 2618 1994 Alioqui
2662 1912 2840 1979 ’multa
2879 1926 3036 1983 nobis
3073 1927 3141 1981 ad
3172 1927 3466 1984 dicendum
3504 1945 3636 1999 sup-

2059 2022 2273 2083 petunt.

2129 2189 2195 2244 ll.
2241 2189 2453 2262 Moyses
2511 2192 2728 2263 quidem
2784 2193 3086 2263 legislator,
3150 2212 3272 2251 cum
3323 2197 3637 2253 universam

2060 2280 2232 2351 legem
2275 2281 2562 2346 edixisset,
2617 2282 2877 2336 mandato
2914 2283 3183 2339 divinitus
3214 2296 3454 2355 recepto,
3489 2295 3551 2340 ut
3580 2286 3635 2341 in

2059 2377 2340 2441 postremo
2366 2371 2771 2426 Deuteronomii
2807 2373 2945 2427 libro
2970 2375 3235 2445 scriptum
3265 2386 3345 2431 est
3363 2381 3403 2441 ',
3433 2377 3636 2448 impre-

2059 2461 2305 2518 cationes
2363 2478 2556 2519 omnes
2602 2464 2925 2534 proposuit;
2984 2480 3095 2521 non
3156 2466 3320 2522 modo
3389 2485 3511 2539 quae
3565 2471 3633 2525 ad

2059 2552 2349 2611 Paschalis
2394 2555 2844 2622 celebrationem,
2898 2558 2991 2612 sed
3033 2558 3196 2613 etiam
3241 2575 3361 2629 quae
3411 2558 3480 2614 ad
3526 2562 3635 2615 cir-

2059 2643 2489 2713 cumcisionem,
2540 2660 2606 2702 ac
2651 2646 2916 2711 decimas,
2968 2656 3023 2702 et
3064 2649 3370 2705 oblationes
3420 2657 3649 2720 specta-

2059 2734 2215 2792 bant.
2249 2734 2432 2802 Quare
2458 2736 2601 2791 dum
2625 2753 2794 2811 unum
2824 2739 3236 2808 imprecatiouis
3275 2755 3447 2810 genus
3487 2739 3643 2795 devi-

2059 2830 2198 2889 tant,
2241 2825 2295 2879 in
2323 2827 2459 2882 alias
2486 2829 2798 2898 complures
2822 2829 3146 2901 semctipsos
3178 2830 3432 2886 induunt.
3465 2830 3652 2888 Exeo--

2059 2915 2294 2971 crabiles
2334 2917 2536 2987 quippe
2579 2932 2677 2973 eos
2725 2925 2940 2989 oportet
2971 2934 3115 2981 esse,
3157 2920 3250 2988 qui
3298 2936 3476 2991 neque
3525 2923 3636 2977 cir-

2060 3006 2446 3062 cumcidantur
2494 3008 2751 3078 amplius,
2806 3025 2985 3079 neque
3033 3009 3276 3065 decimas
3335 3013 3634 3081 pensitent,

386 3102 465 3163 είς
488 3101 686 3165 πολλάς
707 3102 933 3166 ἑαυτοὺς
957 3103 1266 3174 ἐρεσχελίας
1288 3103 1662 3175 ἐμϐαλλόντων
1692 3105 1705 3158 !
1724 3102 1963 3174 Ἀληθῶς

2068 3113 2244 3167 neque
2269 3096 2645 3171 Hierosolyma
2670 3100 2968 3171 quidquam
2998 3100 3263 3156 oﬂ‘ercudi
3299 3105 3473 3170 gratia
3503 3105 3635 3159 sub-

390 3189 499 3261 γάρ
525 3190 671 3245 ἔστιν
701 3194 875 3247 εἰπεῖν
908 3195 1085 3248 έκεῖνο
1112 3192 1175 3247 τὸ
1210 3196 1361 3265 ῥῆμα
1385 3193 1447 3247 τὸ
1472 3193 1686 3248 συνετὸν
1710 3193 1803 3247 τοῦ
1846 3193 1965 3247 Ἐκ-

390 3282 713 3353 κλησιαστοῦ
734 3287 777 3349 ⁸,
811 3285 874 3339 τὸ
907 3289 971 3340 ὲκ
1016 3284 1331 3357 Πνεύματος
1366 3285 1519 3355 ἁγίου
1562 3288 1694 3358 ἡμῖν
1721 3284 1964 3339 διεσταλ-

394 3372 553 3442 μένον
573 3390 587 3405 ο
620 3375 701 3429 ὅτι
732 3375 903 3430 Τοῦτο
935 3375 1076 3445 ἔγνω
1103 3379 1132 3430 ό
1174 3375 1627 3449 Ἐκκλησιαστὴς,
1660 3379 1740 3432 ὅτι
1767 3380 1797 3431 ὁ
1834 3377 1966 3441 Θεὸς

394 3465 611 3518 συνετὸν
633 3465 916 3538 ἄνθρωπον
945 3468 1200 3539 ἐποίησεν
1229 3467 1359 3539 εὐθῆ
1381 3484 1393 3497 ’
1428 3469 1581 3523 αὐτοὶ
1609 3469 1663 3523 δὲ
1693 3468 1968 3541 ἐζήτησαν

394 3553 591 3620 πολλὰς
613 3556 824 3622 ἑαυτοῖς
843 3558 1014 3624 ὁδούς.

466 3819 636 3875 Πόθεν
670 3821 777 3892 γὰρ
806 3823 864 3876 οὐ
901 3823 1181 3876 διαπίπτει
1218 3822 1421 3877 τούτων
1455 3823 1490 3893 ἡ
1525 3822 1768 3889 διάνοια;
1810 3824 1968 3895 Πρῶ-

396 3927 485 3966 τον
518 3911 626 3985 γὰρ
654 3914 711 3967 ὲν
742 3916 807 3985 τῇ
845 3913 1409 3986 τεσσαρεσκαιδεκάτῃ
1437 3913 1499 3967 τὸ
1523 3914 1714 3985 Πάσχα
1751 3914 1966 3983 ἄγουσι,

396 3999 585 4071 χρείαν
622 3999 804 4071 ἔχουσι
838 4001 902 4055 τὸ
930 4002 1198 4074 πρόϐατον
1235 4001 1420 4055 λαϐεῖν
1447 4002 1555 4056 ἀπὸ
1581 4001 1837 4075 δεκάτης,
1873 4003 1970 4058 καὶ

397 4092 583 4162 τηρεῖν
606 4091 737 4145 αὐτὸ
757 4091 864 4156 ἕως
880 4092 1478 4164 τεσσαρεσκαιδεκάτης
1496 4108 1511 4123 ⁶
1535 4094 1632 4147 καὶ
1664 4094 1846 4149 οὐκέτι
1875 4094 1971 4166 μία

404 4181 579 4255 ἡμέρα
595 4181 745 4237 ἔσται
773 4184 872 4255 τῆς
888 4185 1141 4257 νηστείας
1161 4200 1176 4216 '
1196 4183 1330 4239 ἀλλὰ
1361 4184 1543 4251 πέντε,
1562 4185 1596 4257 ἢ
1625 4186 1967 4261 τῇι-δεκάτῃ,

400 4273 496 4327 καὶ
523 4273 800 4348 ἑνδεκάτῃ,
825 4275 921 4329 καὶ
955 4275 1252 4349 δωδεκάτῃ,
1284 4276 1379 4330 καὶ
1407 4276 1850 4351 τρισκαιδεκάτῃ,
1878 4281 1974 4333 xal.

400 4368 980 4441 τεσσαρεσκαιδεκάτῃ.
1018 4367 1144 4422 Ἐὰν
1187 4368 1245 4421 δὲ
1270 4368 1406 4440 πρὸς
1436 4368 1807 4443 ἑσπέρανῌυ)
1838 4371 1979 4445 τυθῇ

2063 3190 2304 3245 mittant.
2353 3189 2398 3246 Ο
2441 3190 2693 3247 homines
2737 3200 2933 3262 sponte
2983 3192 3423 3250 cavillationibus
3472 3196 3638 3250 variis

2065 3295 2130 3335 ac
2162 3280 2419 3338 ludibriis
2468 3286 2839 3353 opportunos!
2884 3283 2999 3340 Hoc
3030 3289 3174 3341 enim
3206 3285 3275 3340 ab
3309 3285 3640 3342 Ecclesiaste

2064 3371 2340 3442 sapienter
2383 3373 2611 3441 dictum,
2644 3375 2733 3431 vel
2771 3375 2951 3446 potius
2998 3390 3026 3429 a
3067 3374 3277 3446 Spiritu
3323 3388 3513 3433 sancto
3547 3395 3641 3434 no-

2065 3470 2181 3520 stra
2231 3479 2400 3520 causa
2448 3467 2886 3536 pronuntiatum,
2940 3467 3015 3523 ad
3068 3468 3191 3524 illos
3236 3469 3636 3524 accommodari

2064 3562 2244 3626 potest
2268 3574 2283 3609 :
2307 3554 2421 3611 Hoc
2453 3558 2605 3612 novit
2630 3556 3013 3624 Ecclesiastes,
3045 3558 3306 3630 quoniam
3338 3557 3481 3614 Deus
3509 3575 3645 3629 pru-

2066 3646 2284 3703 dentem
2330 3648 2608 3704 hominem
2659 3647 2791 3705 fecit
2821 3656 3068 3712 rectum;
3103 3649 3181 3707 illi
3233 3656 3415 3704 autem
3462 3649 3641 3720 inqui-

2067 3738 2280 3794 sierunt
2314 3740 2499 3794 varias
2529 3738 2890 3812 sibimetipsis
2912 3740 3031 3795 vias
3052 3734 3097 3795 ⁸.

2137 3832 2333 3884 Annon
2407 3830 2640 3885 istorum
2702 3829 3042 3900 explodenda
3097 3830 3293 3884 merito
3372 3828 3640 3884 sententia

2067 3918 2189 3975 est?
2240 3917 2487 3973 Primum
2535 3919 2680 3975 enim
2715 3920 2764 3975 si
2807 3919 3019 3975 Pascha
3070 3917 3160 3975 die
3195 3934 3293 3973 xw
3339 3918 3639 3982 celebrant,

2063 4006 2176 4078 jam
2205 4015 2320 4062 tum
2349 4023 2380 4062 a
2409 4008 2498 4064 die
2525 4024 2558 4063 x
2597 4007 2994 4080 praeparandus
3027 4007 3139 4064 illis
3177 4023 3353 4080 agnus
3381 4010 3506 4070 erit,
3536 4023 3641 4063 nec

2070 4100 2308 4171 amplius
2329 4115 2440 4155 una
2467 4102 2573 4157 erit
2596 4110 2921 4158 consecrata
2940 4101 3155 4173 jejunio
3185 4102 3337 4169 dies;
3363 4100 3458 4156 sed
3478 4101 3655 4171 quin-

2070 4206 2197 4262 que,
2226 4192 2490 4247 nimirum
2531 4193 2766 4258 decima,
2810 4193 3120 4257 undecima,
3157 4192 3506 4259 duodecima,
3537 4191 3647 4248 de-

2072 4283 2214 4338 cima
2265 4284 2425 4339 tertia
2463 4294 2518 4339 et
2564 4284 2778 4340 decima
2817 4292 3036 4356 quarta.
3068 4283 3228 4357 421
3262 4281 3420 4350 Quod
3474 4284 3519 4339 si
3574 4284 3641 4336 ad

2072 4390 2357 4445 vesperam
2398 4376 2615 4431 Pascha.
2648 4375 2812 4432 fuerit
2843 4377 3207 4441 immolatum,
3253 4375 3400 4446 quod
3433 4390 3524 4429 xw
3556 4373 3649 4429 die

468 4521 486 4552 ⁸
513 4519 573 4576 F.
606 4520 957 4592 πρόσταγμα.
1032 4521 1052 4551 ⁹
1085 4540 1174 4591 γρ.
1217 4521 1729 4593 Ἑκκλησιαστικοῦ.
1800 4524 1821 4555 ³
1846 4522 1905 4578 F.
1939 4526 1963 4596 ἦ

2068 4546 2124 4581 ιν.
2203 4529 2225 4561 ⁵
2260 4530 2417 4586 Deut.
2444 4548 2617 4597 xxvu,
2655 4532 2720 4587 l8
2760 4548 2883 4604 sqq.
2965 4534 2986 4564 ⁸
3018 4531 3198 4590 Eccle.
3224 4546 3323 4593 vu,
3362 4530 3451 4586 '50.

340 4674 351 4685 .
403 4642 457 4716 et
485 4648 550 4687 eo
583 4633 817 4716 amplius
849 4632 1160 4716 anticipate
1193 4635 1340 4716 sint.
1363 4636 1696 4716 neomeuiae,
1734 4646 1796 4692 ut
1826 4638 1964 4693 nihil
1998 4647 2045 4704 ο
2072 4645 2395 4716 absurdum,
2426 4647 2584 4716 quasi
2611 4646 2679 4700 ad
2703 4661 2839 4716 eum
2867 4645 3023 4716 diem
3043 4646 3302 4716 lun:e__xlv
3332 4642 3449 4716 dies
3474 4646 3647 4712 possit

405 4705 508 4757 hac
559 4703 775 4776 quidem
828 4703 1038 4757 ratione
1085 4703 1342 4776 Scaligeri
1384 4715 1706 4774 argumenta
1740 4723 1961 4776 promo-

406 4780 586 4827 veant.
621 4771 726 4826 Sed
755 4786 819 4826 ea
849 4787 936 4827 res
964 4789 1065 4829 suo
1095 4775 1215 4829 loco
1239 4771 1583 4830 tractabitur.
1622 4771 1811 4833 Neque
1836 4793 1967 4833 vero

2071 4713 2463 4785 adhaerescere.
2492 4715 2634 4785 Quid
2667 4715 2714 4770 si
2736 4715 2843 4785 πρὸ

2869 4714 2977 4767 τῶν
3004 4714 3149 4767 ὀκτώ
3178 4712 3323 4777 Kal.,
3357 4713 3505 4781 legas
3534 4730 3642 4766 non

2071 4783 2183 4837 τῶν
2213 4784 2323 4856 πρδ
2354 4786 2497 4856 όκτῴ
2513 4783 2724 4856 ‘!__Nam
2759 4783 2816 4836 αἱ
2846 4784 2952 4856 πρὸ

2983 4783 3128 4836 ὁκτὼ
3170 4782 3291 4836 Kal.
3340 4782 3479 4835 idem
3521 4793 3649 4836 sunt

408 4842 939 4928 ntinprmllalviniani
988 4844 1214 4928 alterius
1251 4852 1335 4898 est
1362 4842 1739 4928 van_itas,_qui
1765 4846 1989 4928 Epiphz
2073 4862 2236 4928 atque
2257 4842 2327 4906 ἀί
2359 4853 2506 4928 ὀκτώ
2534 4853 2657 4928 Kal.
2688 4854 2821 4919 Quae
2867 4842 3127 4928 loquendi
3168 4851 3405 4928 formula
3422 4866 3463 4928 _a
3501 4849 3649 4906 Lati-

408 4911 745 4984 grcdulitatis
778 4912 1077 4984 insimulat
1119 4929 1185 4968 ex
1224 4928 1290 4968 eo
1334 4915 1479 4984 quod
1516 4911 1681 4969 variis
1727 4916 1784 4970 in
1813 4911 1971 4971 'lo'cis

410 4979 569 5035 Pilati
601 4981 735 5056 Acta
778 4981 962 5056 laudet
985 4998 1210 5056 ,_neque
1239 4979 1422 5056 tamen
1454 4985 1509 5039 in
1540 4984 1663 5040 falsi
1694 4985 1968 5056 suspicio-

410 5066 533 5104 nem
569 5051 825 5106 adducat.
875 5049 1030 5117 Quod
1080 5049 1149 5108 ne
1177 5054 1565 5110 refutationem
1595 5049 1817 5124 quidem
1861 5071 1976 5111 me-

414 5131 581 5176 retur.

486 5190 563 5261 (9)
600 5190 712 5245 Kal
744 5192 815 5245 ἐν
861 5192 1066 5259 αὐτοῖς
1106 5192 1174 5246 δὲ
1210 5192 1448 5259 στάσις.
1501 5192 1627 5250 Hac
1670 5193 1833 5249 verba
1872 5195 1980 5251 τῶν

421 5261 517 5331 μὲν
545 5261 830 5335 λεγόντων,
853 5272 1002 5335 Δεις..
1046 5263 1221 5335 aliena
1250 5263 1319 5317 ab
1365 5262 1468 5317 hoc
1499 5264 1623 5335 loco
1659 5264 1829 5319 videri
1858 5280 1984 5335 pos-

419 5328 567 5402 sunt.
599 5328 733 5385 Nam
783 5333 1029 5402 priorum
1059 5333 1278 5402 illorum
1310 5334 1638 5389 sententiam
1669 5328 1975 5400 continent,

417 5401 511 5468 qui
539 5417 624 5455 xw
648 5401 1190 5458 luna’celebrandum
1225 5401 1436 5456 Pascha
1467 5404 1763 5458 sciverant.
1790 5402 1978 5470 Quan-

420 5486 583 5544 quam
618 5486 760 5541 sarpe
794 5472 1284 5544 otiosafejusnlodi
1322 5473 1589 5544 _repetitio
1637 5473 1780 5544 apud
1830 5474 1975 5530 hunc

422 5539 743 5611 scriptorem
793 5539 1262 5596 animadvertitur.
1308 5539 1420 5611 Sed
1465 5542 1594 5611 quid
1632 5539 1704 5598 ea
1754 5544 1971 5598 tandem

420 5610 525 5683 sibi
560 5611 778 5683 volunt?
809 5612 1094 5683 Statuisse
1142 5612 1264 5683 illos
1280 5610 1515 5683 gPascha
1553 5627 1643 5666 xw
1676 5613 1827 5683 luna,
1852 5629 1972 5683 qua:

423 5680 478 5734 in
514 5697 608 5736 vm
640 5680 757 5737 Kal.
794 5681 925 5752 Apr.
956 5681 1229 5738 incurrat?
1279 5678 1373 5738 Est
1402 5682 1530 5737 illud
1559 5682 1777 5753 quidem
1806 5678 1972 5739 niiuis

2072 4919 2161 4977 nis
2192 4925 2454 4995 manavi_t_,
2486 4926 2700 4995 quibus
2756 4929 2884 4995 ante
2916 4919 3060 4995 diem
3095 4939 3192 4995 vui
3231 4919 3351 4975 Kal.
3385 4920 3658 4995 idem/est

2087 5000 2249 5064 atque
2273 5009 2369 5046 vm
2399 4990 2523 5048 Kal.
2555 4994 2625 5046 At
2658 4993 2846 5064 sinpb
2872 4993 2980 5047 τῶν
3007 4991 3154 5064 ὀκτώ
3182 4993 3350 5064 legas,
3387 4990 3650 5045 hunc’ha-

2087 5062 2176 5116 bet
2203 5078 2448 5127 sensum,
2481 5064 2664 5118 lunam
2693 5062 2818 5118 illos
2856 5079 2946 5117 xlv
2972 5062 3348 5122 constituisse.
3385 5076 3490 5131 qua
3520 5069 3651 5116 ante

2084 5147 2181 5186 vm
2229 5132 2375 5203 Ka|._
2401 5133 2682 5188 incideret.
2728 5131 2844 5187 Nisi
2895 5131 3035 5188 forte
3066 5148 3155 5186 xlv
3185 5133 3366 5186 lunam
3396 5130 3506 5203 τῶν
3541 5132 3650 5203 πρὸ

2083 5203 2228 5256 ὀκτώ
2241 5202 2365 5260 Kal.
2398 5212 2556 5259 vocet
2578 5218 2862 5272 eam,quze
2881 5203 3010 5256 huic
3034 5203 3262 5257 termino
3293 5200 3650 5272 propinquinr

2086 5281 2191 5344 est,
2223 5274 2368 5344 quod
2416 5289 2605 5329 verum
2632 5271 2785 5343 puto.
2818 5272 2875 5327 Si
2907 5272 3127 5343 quidem
3161 5282 3217 5327 et
3244 5272 3357 5325 haec
3385 5271 3646 5344 loquendi

2086 5340 2354 5410 formula,
2403 5359 2566 5414 quam
2618 5340 2988 5414 prodrecep’ta
3035 5354 3347 5414 excusaque
3376 5342 3648 5414 substitui

2087 5426 2247 5496 posse
2273 5410 2516 5496 diximus
2549 5410 2656 5484 πρδ
2685 5412 2805 5496 τῶν.
2836 5410 2979 5466 ὀκτώ
2996 5427 3107 5496 pro
3131 5411 3321 5496 cedem
3340 5479 3353 5496 '
3371 5410 3649 5465 interdum

2089 5479 2223 5537 solet
2258 5484 2534 5553 usurpari,
2567 5479 2730 5553 atque
2757 5483 2926 5553 altera
2955 5479 3063 5553 τῶν
3094 5480 3200 5553 πρὸ
3224 5479 3385 5553 ὀκτώ.

2158 5553 2271 5622 (10)
2489 5549 2655 5622 πρὸς(
2675 5552 2957 5623 ἑσπέραν.
2989 5549 3653 5610 γὶιίεἈιιὶωιιιιιτιοειεειι

2120 5623 2152 5679 d
2191 5623 2320 5679 haer.
2352 5638 2479 5679 ιιι.
2512 5639 2568 5678 n.
2608 5625 2692 5678 ll.

2084 5625 2152 5679 ad
2191 5625 2320 5679 haer.
2352 5638 2479 5690 Lxx,
2512 5639 2568 5678 n.
2608 5625 2692 5678 ll.
